3882 6036
163 336 269 399 29

170 448 585 501 hallucinatus
630 454 728 498 est.
793 442 859 497 Et
912 444 1058 498 addit
1108 444 1162 498 in
1223 446 1510 516 margine:
1552 445 1787 501 Joannes

177 535 249 588 Μ
265 535 515 589 attinens
544 532 892 602 Caryophilus
932 531 1255 601 Prtefatione
1297 536 1351 586 in
1403 533 1575 587 Vitam
1618 536 1791 589 sancti

180 626 333 679 Nili
367 624 623 679 Junioris.
657 622 832 677 Verba
883 623 1187 693 Caryopbili
1214 626 1324 678 haec
1353 633 1502 678 sunt:
1523 622 1588 677 Ut
1616 635 1789 678 autem

151 717 391 783 ΔΝὶιιιδ
424 719 507 770 hic
528 726 703 769 noster
723 714 1112 770 Italo-Gra’cus
1146 715 1512 779 Rossanensis,
1544 709 1787 769 Junioris

183 808 439 861 titulum
473 806 733 869 habuerit,
768 806 1014 874 paralleli
1051 807 1290 874 quardam
1325 806 1426 875 fuit
1451 805 1785 860 admirabilis

180 897 581 952 convenientia
640 913 757 949 cum
815 896 1098 964 antiquiori
1160 895 1309 961 Nilo,
1367 912 1515 963 quem
1574 895 1786 963 pietatis

188 992 539 1045 monastictr
565 989 833 1060 splendor.
859 997 908 1042 et
932 988 1191 1056 prteclara
1214 990 1409 1058 ingenii
1454 996 1787 1041 monumenta

186 1084 271 1137 de
298 1085 432 1137 vita:
461 1084 718 1137 solitaria:
746 1083 993 1136 instituto
1020 1082 1367 1134 immortalem
1422 1082 1781 1134 reddiderunt.

207 1171 377 1227 Vixit
409 1174 455 1227 is
488 1175 772 1240 imperante
816 1171 1092 1235 Mauritio,
1125 1182 1174 1225 et
1203 1180 1481 1241 praetorem
1505 1172 1774 1225 Constan-

195 1264 447 1332 tinopoli
475 1266 599 1333 egit,
628 1263 814 1317 deinde
837 1262 1052 1331 paribus
1071 1278 1211 1317 cum
1233 1278 1398 1316 uxore
1450 1264 1605 1328 votis,
1634 1278 1784 1331 regu-

197 1354 333 1408 lam
350 1356 469 1421 ipse
481 1355 689 1423 quidem
710 1355 1054 1407 monasticam
1079 1354 1344 1421 professus
1371 1362 1448 1406 est
1477 1354 1533 1406 in
1556 1352 1786 1422 zEgypto

196 1460 327 1499 una
359 1462 479 1498 cum
503 1445 613 1509 ﬁlio
651 1444 930 1507 Theodulo,
953 1452 1002 1496 et
1040 1442 1282 1496 sacerdos
1325 1442 1447 1510 fuit,
1481 1458 1615 1495 uxor
1666 1457 1785 1495 vero

199 1553 343 1590 cum
366 1536 487 1605 ﬁlia
534 1537 744 1589 recessit
806 1537 859 1589 in
906 1534 1225 1603 feminarum
1290 1534 1685 1597 monasterium,
1736 1542 1785 1586 et

102 1647 107 1652 ‘
197 1638 441 1698 uterque
510 1629 809 1682 sanctitatis
860 1627 1097 1680 lauream
1146 1626 1361 1693 adeptus
1418 1633 1515 1678 est.
1553 1625 1617 1676 At
1667 1640 1785 1677 vero

207 1716 389 1772 Nilus
413 1716 608 1770 Iunior
637 1717 755 1783 licet
784 1715 1028 1770 sacerdos
1058 1729 1324 1784 nunquam
1376 1712 1559 1781 fuerit,
1615 1720 1783 1763 tamen

204 1809 410 1862 relicta
500 1824 661 1862 uxore
719 1814 894 1860 tantos
973 1807 1028 1859 in
1110 1803 1405 1858 monastica
1462 1801 1787 1870 professione

202 1899 346 1967 fecit
388 1914 718 1968 progressus,
770 1906 827 1950 ut
851 1898 1008 1966 plane
1036 1895 1409 1949 monachorum
1450 1894 1785 1947 eremitarum

205 1992 498 2045 institutor
546 1991 788 2053 evaserit,
854 1998 900 2043 et
959 1988 1149 2042 Basilii
1205 1985 1387 2057 Magni
1439 1985 1691 2039 ordinem
1728 1985 1783 2037 in

211 2081 242 2136 1
251 2084 395 2137 talia
416 2066 953 2152 miriﬁceillnstrarit.
974 2078 1183 2146 Scripta
1208 2094 1326 2132 vero
1351 2076 1487 2144 ejus,
1519 2076 1617 2130 e'tsi
1634 2074 1785 2128 nulla

206 2182 453 2236 exstant,
480 2174 675 2226 multas
705 2187 877 2226 tamen
914 2180 963 2246 et
985 2170 1213 2241 egregias
1243 2168 1306 2221 ab
1331 2183 1389 2222 eo
1414 2168 1576 2233 fuisse
1606 2164 1783 2221 elucu-

211 2263 408 2317 bratas
444 2263 717 2331 epistolas,
757 2260 976 2315 testatur
1016 2260 1106 2325 qui
1164 2257 1477 2327 praeclaram
1497 2254 1630 2308 hanc
1650 2251 1786 2308 Vitae

212 2355 335 2425 ejus
365 2354 643 2409 historiam
667 2352 962 2422 posteritati
991 2350 1279 2403 mandavit.

291 2447 363 2501 Et
390 2445 762 2516 Cbrysostbmi
784 2442 968 2499 tuisse
985 2442 1311 2511 discipulum
1343 2439 1517 2494 habeo
1545 2454 1610 2493 ex
1659 2434 1806 2491 Cal?

214 2537 341 2592 lixti
370 2535 627 2598 Historia,
652 2535 745 2587 lib.
776 2550 891 2597 xw,
947 2548 1066 2601 cap.
1098 2531 1166 2587 50
1194 2531 1420 2594 τΝετλός
1452 2534 1511 2582 τε
1525 2529 1560 2581 ’ὀ
1581 2526 1786 2581 ’θεσπέ-

219 2645 337 2691 σιος
365 2627 628 2697 ἀσκητὴς,
657 2628 685 2679 ὃ
712 2642 771 2677 τε
803 2624 896 2677 τοῦ
934 2622 1231 2693 Πηλουσίου
1266 2620 1554 2701 Ἰσίδωρος,
1584 2619 1702 2701 ’καὶ
1755 2618 1784 2672 ὁ

220 2719 659 2790 πολυθρύλλητος
684 2717 927 2789 ἀσκητὴς
981 2718 1247 2784 Μάρκος
1268 2699 1510 2786 Ἰωάννῃ
1537 2699 1618 2782 τῷ
1643 2711 1785 2766 πάνυ

227 2808 674 2883 μαθητευθέντες.
702 2806 924 2876 Insuper
965 2804 1125 2859 Nilus
1177 2813 1373 2858 asceles
1438 2801 1783 2868 venerandus,

230 2899 478 2956 Isidorus
507 2900 797 2962 Pelusiota,
829 2909 877 2952 et
907 2899 1216 2953 decantatus
1241 2895 1525 2950 monachus
1546 2890 1783 2958 Marcus,

222 2992 462 3048 Joannis
489 2991 670 3061 Magni
700 2986 965 3059 discipuli.
992 2989 1356 3044 Bellarminus
1390 2989 1459 3043 de
1490 2986 1787 3056 Scrip'tori-

226 3084 330 3138 bus
363 3082 459 3139 τε.
495 3081 651 3136 Nilus
674 3068 898 3134 lo'annis
920 3070 1306 3151 'Chrysostomi
1338 3076 1633 3147 discipulus:
1656 3076 1787 3131 vixit

230 3176 455 3243 tempore
484 3165 763 3229 Theodosii
804 3173 1067 3227 Junioris.
1113 3172 1424 3235 Gretserus,
1482 3171 1558 3225 De
1614 3186 1784 3234 cruce,

232 3269 327 3323 lib.
364 3267 406 3329 ι,
443 3283 563 3337 cap.
624 3268 713 3321 35.
776 3266 1038 3320 Labbzeus
1075 3265 1131 3318 in
1187 3279 1287 3319 sua
1342 3262 1689 3329 Bibliotheca,
1733 3268 1788 3317 et

229 3358 465 3414 Joannes
496 3358 741 3412 Andreas
773 3357 1059 3423 Questadt.

302 3447 406 3501 Sed
453 3447 579 3517 quid
612 3446 667 3498 in
720 3445 1021 3513 indaganda
1067 3440 1173 3495 Nili
1236 3448 1395 3496 aetate
1434 3427 1827 3517 externorum:

232 3539 539 3594 testimonia
571 3536 872 3605 conquiro?
892 3534 1012 3604 lpse
1044 3535 1145 3589 sibi
1176 3533 1332 3588 Nilus
1370 3532 1528 3588 testis
1547 3531 1787 3600 locuples

234 3642 337 3695 est,
370 3638 423 3685 et
451 3638 659 3684 aetatem
701 3643 854 3682 suam
888 3626 1195 3680 ﬁrmissime
1253 3634 1550 3685 asseverat,
1585 3630 1640 3678 et
1686 3622 1788 3677 sub

236 3738 342 3791 quo
364 3722 609 3791 spiritum
629 3718 862 3773 ducebat
887 3717 1213 3786 imperatore
1234 3712 1456 3770 iudieat.
1493 3704 1786 3781 Leg'antur,

238 3817 283 3871 si
315 3816 503 3883 volupe
536 3820 639 3875 est,
695 3812 867 3880 ipsius
920 3810 987 3863 ad
1058 3807 1348 3861 Arcadium
1408 3806 1787 3875 imperatorem

238 3908 445 3969 litterae,
470 3920 607 3974 quas
628 3903 715 3956 hic
735 3918 856 3956 cum
874 3890 1011 3955 aliis
1039 3900 1272 3963 edimus,
1300 3897 1578 3966 ediditque
1597 3894 1791 3950 Pessi-

240 4016 360 4065 nns,
387 4000 542 4069 cujus
569 3996 637 4050 de
689 3994 881 4049 exsilio
913 3990 1138 4045 Joannis
1183 3991 1238 4043 in
1292 3989 1408 4056 ipsa
1468 3986 1789 4041 sententiam

242 4090 385 4159 ponit
406 4089 470 4142 in
501 4085 769 4142 crimine:
796 4075 1048 4149 Ἰωάννην
1078 4078 1178 4131 οὐκ
1210 4078 1443 4146 εὐλόγως
1477 4077 1555 4138 είς
1580 4074 1791 4144 ἐξορίαν

242 4179 545 4251 ἐξέπεμψας
591 4181 655 4230 ἐκ
709 4173 905 4243 πολλῆς
940 4171 1198 4240 ἐλαφρίας
1233 4172 1343 4232 τοῖς
1494 4168 1791 4235 ὑγιαίνουσι

241 4276 298 4326 τὸ
326 4274 533 4341 φρονεῖν
582 4268 901 4329 ἐπισκόποις
943 4262 1367 4334 παραπεισθείςο
1395 4259 1652 4313 Joannem
1688 4273 1793 4310 non

242 4378 366 4421 recte
424 4366 474 4417 in
529 4362 772 4417 exsilium
827 4357 1141 4423 amandasti
1180 4369 1289 4422 prce
1361 4352 1530 4405 multa
1587 4352 1792 4405 levitate

246 4467 304 4513 ab
365 4456 565 4512 insanis
618 4450 933 4521 quibusdam
996 4447 1250 4517 episcopis
1298 4448 1438 4498 male
1490 4435 1801 4511 persuasus;

248 4554 309 4606 Et
349 4570 381 4607 :.
408 4549 533 4610 Πῶς
576 4545 860 4614 ἐπιθυμεῖς
921 4541 1018 4612 τὴν
1066 4535 1631 4592 Κωνσταντινούπολιν
1684 4533 1794 4586 τῶν

251 4641 574 4713 συχνοτάτων
608 4634 867 4705 σεισμῶν,
901 4634 996 4685 καὶ
1025 4632 1123 4701 τῆς
1161 4627 1493 4690 ὲπελεύσεως
1523 4625 1617 4679 τοῦ
1648 4618 1796 4678 aliis;

252 4734 357 4806 ρίου
385 4728 549 4799 πυρὸς
574 4722 992 4792 ἀπηλλαγμένην
1028 4719 1175 4781 ἰδεῖν,
1194 4717 1401 4787 μυρίων
1434 4716 1796 4784 ἀτοπημάτων

251 4805 420 4876 αὐτόθι
475 4817 776 4887 γενομένων
804 4855 819 4879 ,
844 4805 956 4866 και
990 4809 1413 4882 νομιτευομένης
1452 4807 1552 4875 τῆς
1601 4807 1797 4869 κακίας

254 4915 341 4967 σὺν
383 4906 664 4981 παρρησίᾳ
714 4904 905 4973 πολλῇ,
932 4899 1302 4972 Ιξορισθέντος
1343 4897 1438 4952 τοῦ
1482 4897 1671 4952 στύλου
1699 4888 1799 4966 τῆς

253 4999 584 5071 Ἐκκλησίας,
608 4994 703 5049 τοῦ
735 4990 1037 5062 φωτὸςτῆς
1066 4990 1343 5061 ἀληθείας,
1367 4989 1467 5059 τῆς
1501 4981 1799 5056 σάλπιγγος

256 5092 336 5145 τοῦ
355 5085 605 5162 Χριστοῦ,
623 5084 885 5138 Ἰωάννου.
905 5080 1174 5148 Quomodo
1191 5079 1335 5147 cupis
1362 5076 1799 5142 Constantinopo-

258 5184 338 5235 lim
373 5177 701 5233 creberrimis
765 5186 917 5229 terra:
956 5172 1200 5236 motibus,
1242 5180 1291 5225 et
1326 5171 1650 5224 immissione
1690 5169 1799 5238 fre-

259 5272 413 5342 quenti
439 5272 779 5324 azthereorum
812 5264 1011 5334 ignium
1066 5264 1344 5318 liberatam
1389 5277 1617 5324 cernere,
1680 5276 1798 5313 cum

261 5362 643 5418 innumerabilia
671 5359 787 5413 istic
812 5355 1022 5427 piacula
1054 5357 1469 5417 committantur,
1541 5363 1589 5406 et
1618 5359 1801 5405 aucto-

265 5458 454 5508 ritatem
476 5453 576 5506 sibi
596 5452 804 5521 plenam
834 5448 1031 5518 ﬁducia
1055 5447 1321 5500 liberrima
1368 5443 1583 5507 invidia,
1621 5452 1667 5495 et
1702 5442 1800 5510 fu-

267 5563 339 5600 ror
374 5554 663 5607 exerceant,
693 5542 1041 5597 exterminata
1074 5537 1324 5591 Ecclesia:
1373 5538 1635 5599 columna,
1690 5535 1802 5587 luce

270 5637 502 5697 veritatis,
526 5646 574 5688 et
602 5633 725 5687 tuba
755 5632 953 5687 Christi
981 5630 1209 5692 Joanne,
1232 5637 1340 5683 etc.
1370 5626 1508 5680 Hinc
1534 5627 1578 5680 si
1611 5624 1804 5678 Mauri-

271 5729 381 5781 tium
406 5725 823 5789 intruderemus,
858 5740 963 5779 non
988 5724 1105 5779 sine
1127 5735 1322 5793 magno
1347 5726 1544 5776 conatu
1576 5730 1799 5788 magnas

1428 339 1737 400 NOTlTlA
1775 342 1857 401 IN
1895 343 1956 403 S.
1996 344 2262 405 NlLUM.

1889 464 2065 518 nugas
2094 449 2415 514 diceremus,
2446 458 2501 504 et
2527 448 2706 503 Nilum
2735 448 2881 504 hunc
2909 458 3187 516 nostrum,
3226 462 3443 508 centum

1891 545 1945 590 et
1999 538 2276 607 octoginta
2329 537 2489 593 annis
2554 538 2812 607 majorem
2864 539 3146 608 pinguiore
3200 540 3443 596 minerva

1887 626 2309 693 allirmaremus,
2371 644 2543 698 eoque
2606 620 2971 699 praecipue,si
3022 638 3133 682 tum
3193 639 3440 685 sanctum

1884 716 2159 770 hominem
2190 718 2511 772 et'adultum
2534 719 2758 783 artibus,
2778 728 2832 774 et
2852 735 2957 773 non
2990 720 3041 772 in
3068 720 3186 789 ipso
3207 721 3289 775 sui
3317 729 3441 775 ortu

1883 808 1983 863 has
2013 810 2245 864 Arcadio
2277 810 2489 866 dedisse
2509 811 2766 880 epistolas
2792 826 2889 881 pro
2951 820 3229 880 comperte
3277 828 3444 882 pone-

1883 915 2086 955 remus.
3080 916 3083 919 λ

1953 991 2261 1061 Caryophili
2309 991 2664 1046 'oscitantiam
2720 992 2934 1046 videtur
2967 1005 3258 1047 extenuare
3313 992 3445 1048 Gul-

1881 1081 2093 1137 lielmus
2121 1082 2352 1138 Sirletus
2400 1083 2453 1136 in
2485 1082 2783 1153 Menologio
2816 1083 3127 1138 Graecorum
3183 1082 3373 1138 Latine
3412 1099 3441 1137 a

1883 1187 1943 1227 se
1975 1174 2215 1231 reddito.
2237 1173 2381 1243 quod
2399 1173 2571 1227 oculis
2589 1188 2805 1242 quoque
2846 1174 3002 1241 sequi
3056 1174 3261 1243 poteris
3299 1192 3313 1228 :
3346 1174 3445 1228 Die

1884 1263 1951 1316 12
1971 1263 2279 1318 Novembris
2311 1280 2330 1318 :
2357 1265 2573 1319 Natalis
2596 1267 2772 1319 sancti
2834 1265 3016 1320 Patris
3076 1268 3246 1320 uestri
3302 1265 3439 1321 Nili.

1888 1357 1989 1409 llic
2012 1357 2115 1424 fuit
2148 1359 2240 1409 sub
2267 1358 2579 1425 imperatore
2598 1357 2876 1423 Mauritio,
2908 1366 3016 1413 etc.
3047 1358 3300 1423 Qu’inimo
3327 1357 3445 1426 ipsc

1881 1447 2243 1517 Caryophilns
2266 1458 2416 1502 extra
2442 1463 2656 1502 omnem
2682 1449 2894 1517 culpam
2924 1464 2980 1503 se
3007 1456 3191 1518 ponet,
3220 1448 3265 1503 si
3289 1448 3444 1503 testi-

1884 1539 2125 1591 monium
2158 1539 2332 1609 ipsius
2381 1539 2487 1593 Nili
2537 1554 2661 1595 cera
2697 1540 2920 1594 miniata
2975 1557 3081 1595 non
3137 1542 3439 1595 'notabitur.

1884 1629 1943 1683 Et
1972 1632 2097 1700 quis
2119 1632 2173 1684 in
2202 1647 2365 1686 causa
2399 1630 2505 1685 Nili
2536 1633 2738 1702 scripta
2773 1632 2946 1700 ipsius
2970 1632 3072 1686 Nili
3100 1633 3443 1703 improbave-

1881 1720 1972 1782 rit,
2002 1721 2081 1774 vel
2121 1721 2445 1775 sententiam
2476 1722 2770 1790 exploserit
2798 1722 2821 1774 ἲ
2877 1722 2958 1776 Sit
2988 1738 3114 1792 ergo
3148 1724 3199 1776 in
3243 1723 3442 1785 medio,

1880 1811 2023 1865 etde
2072 1827 2171 1865 sua
2224 1819 2384 1867 aetate
2436 1812 2583 1866 litem
2636 1812 2925 1881 przeliniat,
2976 1828 3039 1865 ex
3096 1813 3321 1882 epistola
3375 1811 3441 1866 ad

1881 1901 2163 1955 Zosarium
2214 1902 2525 1964 tribunum,
2551 1901 2644 1955 lib.
2685 1900 2726 1963 l,
2759 1902 2917 1971 epist.
2961 1903 3030 1956 55
3066 1919 3079 1954 :
3117 1902 3264 1971 Μηδὲ
3302 1904 3444 1956 ἁπαν

1877 1994 2025 2047 τάτω
2085 1992 2335 2055 Ἰουδαῖος
2381 1992 2553 2059 λέγων
2588 2031 2603 2055 ,
2673 1992 2742 2044 δι’
2794 1993 2981 2062 ἐτέρας
3026 1992 3293 2062 ἁμαρτίας
3336 1994 3442 2046 ἀπ-

1877 2083 2285 2155 ηλλωτριῶσθαι
2329 2083 2426 2151 τῆς
2467 2082 2868 2153 Παλαιστίνηςο
2909 2084 2969 2135 οὐ
3009 2083 3120 2152 γὰρ
3168 2083 3235 2135 δι’
3278 2081 3444 2147 ἄλλας

1879 2171 2174 2242 ἁμαρτίας,
2207 2170 2297 2224 διὰ
2350 2169 2408 2222 δὲ
2453 2170 2550 2239 τὴν
2598 2170 2970 2238 κυριοκτονίαν
3027 2170 3323 2223 πεπόνθασι
3374 2170 3442 2221 τὰ

1878 2264 2175 2334 ἁνήκεστα.’
2230 2261 2423 2332 Πρώην
2472 2261 2568 2332 μὲν
2616 2260 2723 2332 γὰρ
2775 2259 3317 2331 εἰδωλολατροῦντες,
3348 2262 3444 2313 καὶ

1878 2356 2005 2418 τοὺς
2067 2354 2352 2427 προφήτας
2400 2352 2733 2423 φονεύοντες,
2779 2353 2874 2406 καὶ
2924 2355 3036 2415 τοῖς
3084 2352 3299 2421 δαίμοσι
3345 2350 3445 2412 τὰς

1880 2443 2204 2515 θυγατέρας,
2235 2443 2329 2496 καὶ
2368 2443 2494 2505 τοὺς
2527 2443 2677 2504 υἱοὺς
2728 2440 2943 2504 θύοντες
2983 2444 3097 2505 τοῖς
3131 2439 3445 2510 ἀλλοφύλοις

1879 2535 1959 2597 είς
2010 2534 2385 2603 αἰχμαλωσίαν
2419 2532 2522 2585 ὑπὸ
2569 2530 2703 2584 Θεοῦ
2756 2532 3145 2607 παρεδίδοντο,
3174 2532 3267 2585 καὶ
3327 2531 3444 2601 μετ’

1879 2625 2038 2694 ὀλίγα
2064 2626 2160 2696 ἐτη
2195 2625 2271 2697 τῷ
2320 2624 2448 2696 θείῳ
2478 2624 2777 2696 βουλήματι
2818 2624 2980 2677 πάλιν
3004 2626 3336 2695 ἐπανήγοντο
3365 2626 3446 2687 εἰς

1879 2716 1979 2787 τὴν
2016 2716 2120 2787 γῆν
2144 2715 2244 2787 τῆς
2268 2713 2618 2783 ἐπαγγελίας.
2666 2714 2784 2782 Ἀφ’
2818 2707 2876 2767 οὗ
2909 2713 2964 2765 δὲ
2996 2714 3055 2767 τὸ
3096 2714 3312 2767 ἀνίατον
3353 2730 3442 2765 τε-

1880 2807 2182 2879 τολμήκασι
2223 2808 2452 2877 πρᾶγμα
2477 2808 2557 2869 εἰς
2577 2805 2669 2858 τὸν
2692 2806 2805 2858 υἱὸν
2828 2804 2920 2858 τοῦ
2959 2804 3092 2858 Θεοῦ
3127 2805 3226 2866 τὰς
3253 2806 3444 2875 χεῖρας

1881 2900 2155 2955 ἐπιϐαλεῖν
2197 2898 2451 2952 παντελεῖ
2493 2886 2755 2968 πορθήσει
2802 2897 3122 2953 ὲκδέδονται.
3166 2890 3296 2949 Ἰδοὺ
3339 2895 3448 2948 λοι-

1882 2989 1983 3063 πὸν
2022 2988 2472 3053 πεντακοσιοστὺν
2495 2984 2633 3052 ἔτος,
2660 2988 2755 3041 καὶ
2793 2986 3027 3058 οὐδαμοῦ
3064 2986 3184 3040 θεία
3212 3004 3293 3050 τις
3326 2987 3447 3039 ἐπι-

1883 3080 2080 3150 σκοπὴ,
2120 3077 2219 3132 οὐκ
2269 3077 2571 3147 ἀντίληψις,
2598 3077 2658 3131 οὐ
2694 3078 3026 3149 παρηγορία,
3052 3077 3113 3130 οὐ
3157 3079 3447 3149 προφήτης

1881 3167 2169 3233 νουθετῶν,
2194 3168 2290 3221 καὶ
2327 3167 2618 3237 στηρίζων,
2647 3166 2836 3239 ὥσπερ
2874 3170 2932 3221 ὲν
2968 3168 3247 3221 Βαϐυλῶνι
3276 3168 3445 3231 Ἰεζε-

1881 3258 2008 3330 κιήλ
2034 3276 2094 3312 τε
2133 3260 2227 3313 καὶ
2248 3254 2466 3327 Δανιὴλ,
2482 3259 2574 3312 καὶ
2602 3260 2651 3312 oi
2677 3259 2861 3313 ἄλλον
2895 3259 3077 3312 οὐκέτι
3116 3258 3225 3330 γὰρ
3262 3260 3447 3322 αὐτοῖς

1885 3341 2028 3403 θέλει
2076 3350 2427 3421 προσομιλεῖν
2454 3352 2500 3403 ⁷6
2532 3349 2665 3413 Θεὸς
2722 3350 3133 3420 βδελυττόμενος
3190 3350 3444 3413 τούτους·

1885 3437 1968 3492 Ne
1992 3449 2037 3492 te
2075 3439 2289 3492 seducat
2318 3437 2538 3492 Iudaeus
2569 3455 2824 3503 asserens,
2840 3449 3051 3508 propter
3076 3439 3188 3493 alia
3235 3448 3449 3507 peccata

1882 3530 2165 3597 spoliatum
2192 3545 2246 3583 se
2259 3545 2369 3583 esse
2395 3528 2686 3582 Palwstina
2708 3546 2727 3595 ;
2751 3530 3071 3599 nequeenim
3092 3529 3153 3581 ob
3191 3528 3299 3581 alia
3327 3544 3447 3595 pec-

1882 3628 2024 3680 cata,
2045 3619 2149 3687 sed
2170 3628 2379 3687 propter
2412 3617 2625 3671 Domini
2651 3634 2846 3683 necem,
2870 3619 3038 3671 multa
3089 3619 3292 3687 gravia,
3333 3619 3451 3686 qui-

1885 3709 1979 3763 bus
2015 3709 2161 3762 nulla
2224 3708 2481 3762 medicina
2512 3717 2609 3771 est,
2642 3711 2871 3777 perpessi
2902 3719 3043 3764 sunt.
3082 3710 3294 3764 Etenim
3327 3718 3450 3764 ante

1884 3796 1981 3848 illa
2009 3805 2239 3863 tempora
2285 3795 2429 3848 idola
2477 3796 2726 3857 colentes,
2770 3798 3056 3866 prophetas
3109 3799 3445 3863 trucidantrs,

1885 3878 2205 3940 dtemonibus
2229 3887 2372 3954 ﬁlias
2413 3880 3093 3958 filiosque‘vsacriﬁcantes,
3142 3890 3449 3959 alienigenis

1886 3980 1940 4032 in
1973 3979 2387 4046 captivitatem'a
2417 3979 2524 4032 Deo
2578 3980 2941 4044 tradebantur,
2990 3990 3036 4035 et
3087 3998 3282 4050 paucos
3334 3990 3449 4049 post

1888 4054 2077 4131 annos,
2129 4068 2207 4119 ita
2249 4066 2353 4119 Deo
2403 4076 2681 4133 annuente,
2732 4068 2784 4120 in
2844 4076 3037 4120 terram
3091 4069 3447 4135 promissionis

1888 4158 2285 4211 reducebantur.
2324 4156 2406 4209 Ea;
2425 4174 2525 4225 quo
2547 4153 2662 4210 vero
2691 4158 3070 4211 immedicabile
3107 4160 3338 4227 facinus,
3372 4140 3447 4213 bin

1888 4247 2094 4302 Filium
2123 4247 2221 4301 Dei
2252 4263 2439 4300 manus
2470 4252 2798 4314 opponentes,
2828 4257 3214 4316 perpetrarunt.
3270 4262 3447 4318 perpe-

1891 4351 1979 4394 tuo
2008 4339 2210 4394 excidio
2244 4339 2429 4392 traditi
2448 4348 2590 4393 sunt.
2635 4336 2717 4391 En
2767 4339 2942 4406 itaque
2998 4340 3441 4407 qningentesimus

1892 4418 2083 4497 annus,
2113 4440 2163 4485 et
2178 4447 2431 4500 nusquam
2451 4431 2680 4484 divinum
2703 4428 3015 4489 subsidium,
3044 4446 3145 4482 non
3169 4430 3447 4494 auxilium,

1892 4542 1994 4597 non
2023 4522 2331 4588 consolatio,
2353 4537 2453 4575 non
2474 4522 2721 4591 propheta
2746 4523 3028 4584 instruens,
3048 4529 3097 4574 et
3113 4522 3448 4589 conﬁrmans,

1891 4599 2327 4683 quemadmodum
2359 4612 2413 4663 in
2434 4610 2558 4663 urbe
2584 4609 2853 4679 Babylone
2876 4608 3120 4663 Ezechiel
3152 4618 3199 4662 et
3232 4607 3446 4671 Daniel,

1892 4715 1942 4760 et
1976 4704 2113 4761 alii:
2142 4719 2244 4756 non
2267 4702 2405 4757 enim
2431 4718 2547 4755 cum
2571 4702 2701 4763 illis,
2741 4700 2804 4753 ab
2842 4701 2917 4754 eis
2954 4700 3253 4761 abhorrens,
3314 4699 3450 4753 Deus

1895 4795 2120 4866 colloqui
2150 4794 2277 4848 vult.
2310 4791 2582 4862 [ntegrum
2607 4806 2806 4860 corpus
2831 4791 3073 4860 epistolae
3096 4798 3454 4844 sacrosancta:

1898 4886 2202 4957 appositum
2228 4893 2333 4939 est.
2369 4884 2452 4938 Ab
2481 4899 2544 4938 eo
2576 4892 2836 4952 tempore,
2859 4898 2969 4952 quo
2992 4881 3165 4936 διιὼιεὶ
3200 4881 3451 4951 praesenti

1898 4971 2080 5032 animo
2113 4978 2167 5031 in
2196 4975 2291 5030 Dei
2311 4964 2511 5029 Filium
2557 4990 2750 5029 manus
2780 4978 3226 5044 superponentes,
3279 4973 3346 5028 de
3389 4986 3453 5027 eo

1898 5058 2183 5141 capitalem
2218 5070 2416 5124 cedem
2451 5067 2716 5133 fecerunt,
2760 5067 2987 5135 ideoque
3024 5073 3285 5135 perpetuo
3306 5064 3451 5119 excic

1899 5164 1988 5219 dio
2019 5162 2207 5217 traditi
2227 5164 2374 5227 sunt,
2396 5172 2480 5217 est
2508 5176 2684 5214 annus
2709 5159 3168 5228 quingentesimus,
3197 5172 3302 5210 non
3323 5171 3451 5211 con-

1901 5254 2091 5308 tractis
2124 5252 2345 5318 litteris,
2400 5257 2492 5303 aut
2553 5234 2809 5302 brevibus
2874 5259 3228 5299 numerorum
3280 5242 3450 5303 notis,

1901 5344 1999 5399 sed
2052 5342 2292 5398 extensis
2322 5349 2376 5397 et
2434 5341 2615 5395 illazsis
2664 5337 3077 5391 characteribus
3120 5333 3452 5404 designatus,

1903 5451 1971 5489 ne
2019 5433 2304 5502 scriptoris
2352 5430 2656 5487 oscitantiaa
2722 5427 2976 5483 mendum
3028 5427 3317 5481 tribuatur.
3374 5426 3457 5479 Ab

1904 5540 2047 5579 anno
2072 5522 2377 5577 Nativitatis
2405 5520 2615 5575 Domini
2646 5519 3134 5589 quingentesimus,
3173 5522 3257 5570 est
3288 5514 3455 5568 Allia-

1904 5616 2045 5671 nasii
2076 5612 2420 5684 imperatoris
2452 5611 2722 5675 decimus,
2757 5608 3066 5680 Symmachi
3094 5621 3244 5676 papae
3263 5618 3456 5660 secun-

1910 5711 2033 5766 dus.
2066 5710 2255 5764 Annus
2286 5721 2395 5777 quo
2435 5701 2701 5761 exsulavit
2747 5697 2984 5754 Joannes
3036 5696 3456 5767 Cbrysostouius
