3882 6036
389 315 457 380 at
623 271 631 276 ’
846 335 850 341 ι
1568 312 1876 373 NOTITIA
1927 309 2010 370 IN
2057 309 2116 370 s.
2153 309 2402 371 NILUM

392 433 471 478 est
533 420 745 476 Domini
801 417 1370 490 quadringentesimum
1427 426 1676 488 quartus.
1731 415 1951 470 Arcadii

394 513 742 586 nuperatoris
799 511 1089 575 decimus,
1157 509 1450 564 Innocentii
1528 523 1678 579 papa:
1739 507 1954 562 tertius.

393 606 538 678 Ergo
572 606 616 660 si
645 603 922 660 scribebat
962 601 1051 656 hic
1101 599 1258 655 Nilus
1307 599 1515 656 Joanne
1572 601 1958 670 Chrysostomo

395 697 637 752 nondum
670 703 903 759 mortuo,
944 703 1002 748 ut
1025 692 1278 764 superius
1316 691 1573 754 vidimus,
1631 697 1770 756 erat,
1835 704 1957 743 cum

397 787 514 842 haec
544 785 849 856 posteriora
875 785 1141 839 scriberet
1157 797 1424 837 annorum
1453 780 1748 851 nonaginta
1769 779 1958 841 trium.

399 877 599 948 quibus
622 879 667 931 si
698 876 960 946 appingas
989 891 1163 930 annos
1189 875 1473 928 minimum
1496 874 1736 945 triginta,
1767 872 1964 942 quibus

401 969 506 1023 sub
544 969 807 1038 magistro
871 967 1284 1038 Chrysostomo,
1339 982 1518 1022 mores
1572 965 1641 1019 ad
1688 963 1963 1018 mollitiem

401 1057 628 1113 idoneos
651 1057 819 1122 exuit,
851 1065 906 1110 et
933 1056 1140 1110 artibus
1169 1055 1419 1126 ingenuis
1449 1055 1750 1111 instructus
1780 1063 1966 1107 aucto-

404 1148 644 1210 ritatem,
671 1156 725 1201 et
750 1146 966 1202 dicendi
999 1147 1301 1202 libertatem
1333 1154 1686 1211 consecutus,
1730 1146 1966 1215 impera-

406 1248 584 1293 torum
627 1239 772 1293 labes
821 1245 874 1293 et
928 1238 1170 1294 maculas
1205 1253 1309 1293 non
1366 1239 1656 1293 communi
1695 1238 1971 1307 vitupera-

407 1329 584 1394 tione,
615 1329 712 1384 sed
759 1329 1091 1400 ingenuitate
1141 1329 1310 1384 libera
1346 1330 1738 1400 reprehendere
1765 1335 1967 1398 posset.

408 1435 581 1476 annos
613 1431 724 1474 tum
746 1428 964 1475 centum
992 1420 1180 1491 viginti
1237 1429 1352 1476 tres
1386 1422 1740 1476 numerabat:
1787 1420 1967 1473 forsan

410 1512 515 1566 hoc
544 1527 653 1565 non
677 1510 949 1565 videbitur
974 1510 1297 1565 absurdum.
1345 1509 1504 1564 Forte
1535 1510 1678 1565 enim
1727 1509 1799 1561 ita
1847 1507 1972 1560 tulit

410 1610 606 1656 natura
640 1603 908 1668 locorum,
942 1602 1298 1668 continentia,
1326 1611 1380 1656 et
1400 1600 1612 1656 affectio
1640 1597 1826 1666 animi,
1857 1612 1976 1670 qua:

410 1692 630 1747 sanitati
655 1692 902 1761 corporis
933 1704 1278 1760 nequaquam
1319 1694 1534 1742 nocent.

484 1782 594 1852 Ego
618 1796 742 1835 cum
772 1782 825 1834 in
851 1780 994 1834 Bene
1025 1787 1150 1832 nata
1187 1778 1334 1847 regni
1377 1774 1717 1846 Neapolitani
1753 1774 1979 1846 provin-

409 1869 517 1938 cia,
562 1870 851 1925 Basilicata
891 1869 1129 1946 sequiori
1175 1869 1397 1922 nomine
1439 1867 1606 1931 dicta,
1636 1867 1977 1930 immorarer,

409 1962 637 2031 cognovi
665 1962 732 2016 de
762 1960 966 2030 plebeia
993 1960 1140 2023 faace,
1160 1967 1348 2012 auctos
1379 1967 1557 2013 tamen
1583 1956 1789 2012 divitiis
1817 1955 1976 2019 duos,

408 2059 465 2106 ct
497 2067 621 2106 cum
653 2051 721 2107 iis
763 2050 971 2120 pariter
1011 2049 1273 2120 habitavi.
1325 2049 1492 2101 Erant
1535 2047 1609 2103 illi
1657 2047 1980 2100 duramento

409 2138 655 2209 corporis
703 2118 1015 2208 praevalidi,
1069 2118 1370 2205 compactis
1428 2135 1609 2189 nervis
1659 2131 1977 2196 firmissimi,

408 2227 668 2282 dentibus
709 2227 820 2280 fere
847 2225 1103 2279 omnibus
1135 2223 1449 2292 constipati,
1483 2231 1559 2286 et,
1596 2229 1657 2276 ut
1682 2223 1849 2276 verbo
1882 2235 1980 2274 ex-

409 2318 648 2388 pediam,
684 2316 900 2371 athletis
936 2316 1074 2385 ipsis
1103 2315 1464 2370 robustiores.
1493 2314 1557 2369 lli
1591 2321 1719 2368 ante
1748 2311 1982 2383 primam

413 2408 589 2462 lucem
631 2414 743 2462 tres
771 2405 858 2461 vel
902 2413 1138 2476 quatuor
1180 2405 1364 2470 horas,
1404 2404 1632 2458 hiberno
1663 2403 1827 2458 etiam
1857 2410 1986 2456 tem-

413 2511 568 2568 pore,
608 2512 733 2552 cum
765 2504 1046 2551 ventorum
1093 2496 1388 2566 algoribus,
1420 2502 1472 2550 et
1511 2495 1713 2548 nivium
1758 2489 1986 2546 tumulis

413 2589 598 2642 omnia
636 2587 1050 2657 congelascunt.
1084 2587 1409 2656 experrecti,
1458 2586 1641 2640 subito
1685 2584 1854 2638 cubili
1886 2599 1984 2638 ex-

415 2680 685 2735 sultantes
713 2695 826 2750 prae
855 2679 1042 2733 lmtitia
1081 2677 1502 2747 egrediebantur
1533 2695 1548 2731 :
1581 2684 1635 2731 et
1658 2679 1780 2746 post
1814 2675 1987 2746 agita-

418 2779 598 2825 torum
640 2771 995 2826 brachiorum
1032 2770 1274 2825 motibus
1320 2780 1512 2838 pectus
1566 2777 1620 2823 et
1654 2769 1820 2822 latera
1872 2775 1989 2820 tun-

418 2861 620 2916 debant
667 2857 720 2915 in
761 2861 946 2916 orbem
994 2869 1263 2926 contusa;
1313 2867 1367 2914 et
1401 2859 1606 2913 ductim
1651 2858 1705 2912 in
1751 2873 1810 2912 se
1851 2857 1986 2922 vini,

419 2949 566 3020 quod
610 2950 668 3004 in
701 2948 792 3004 illa
836 2950 1059 3021 regione
1103 2957 1160 3006 et
1193 2951 1480 3016 suavitate,
1535 2958 1590 3004 et
1639 2949 1905 3014 lubentia,
1936 2956 1990 3004 et

421 3043 595 3108 gratia
623 3041 854 3096 aliorum
887 3043 1131 3097 omnium
1164 3043 1323 3113 longe
1347 3042 1858 3112 praestantissimum
1883 3051 1988 3109 est,

423 3135 633 3203 liquore
667 3133 907 3196 inverso,
931 3141 1146 3203 arrepta
1188 3134 1380 3204 perula
1421 3150 1482 3189 ea
1519 3149 1712 3204 panem
1747 3135 1988 3198 niveum,

423 3224 747 3294 quandoque
777 3225 944 3279 etiam
985 3225 1286 3290 sordidum,
1321 3225 1408 3280 vel
1445 3225 1725 3290 rubidum,
1770 3235 1831 3280 ut
1868 3242 1991 3282 sors

426 3316 643 3379 tulerat,
668 3329 846 3384 neque
872 3315 1014 3369 enim
1063 3315 1331 3370 lenocinia
1365 3316 1681 3386 quaerebant
1717 3316 1992 3386 cupidita-

424 3414 567 3469 tum,
598 3405 928 3462 inferebant.
979 3406 1222 3462 Tandem
1274 3406 1415 3463 falce
1459 3408 1864 3475 stramentaria,
1906 3409 1992 3463 vel

426 3497 604 3568 ligone
630 3498 873 3552 humeris
900 3500 1267 3570 superposita,
1300 3499 1507 3554 aedibus
1539 3500 1896 3562 facescentes,
1937 3500 1990 3554 in

426 3585 615 3656 agrum
641 3589 968 3643 devolabant
1005 3606 1019 3643 :
1063 3598 1225 3660 atque
1263 3605 1358 3660 per
1403 3597 1575 3644 totum
1605 3591 1714 3646 diei
1748 3592 1986 3661 spatium

425 3676 881 3730 consummabant
909 3677 1136 3731 multum
1168 3692 1364 3748 Operae.
1395 3693 1815 3750 exercentesque
1843 3679 1995 3736 fran-

429 3767 627 3836 gebant
667 3782 726 3823 se
778 3768 1087 3833 laboribus,
1141 3769 1360 3839 dempta
1407 3771 1783 3827 tantummodo
1831 3771 1991 3836 hora,

427 3871 537 3926 qua
574 3857 748 3927 epulis
779 3857 941 3913 domo
984 3857 1236 3913 abductis
1270 3860 1349 3913 uti
1393 3859 1559 3916 lautis
1617 3861 1886 3917 conviviis
1941 3868 1996 3917 et

429 3949 769 4018 sumptuosis
803 3949 1107 4011 vacabant,
1167 3948 1340 4005 donec
1395 3950 1663 4006 inclinato
1718 3952 1834 4007 sole
1893 3953 1996 4007 sub

430 4049 645 4094 noctem
683 4039 905 4094 domum
933 4041 1191 4112 regressi,
1228 4050 1283 4096 et
1311 4042 1533 4105 cmnati,
1562 4053 1615 4097 et
1647 4042 1762 4113 jam
1789 4043 1964 4098 dormi

432 4140 611 4189 tantes
638 4148 803 4203 super
831 4133 1030 4188 lectum
1062 4136 1516 4205 procumbebant,
1556 4137 1624 4192 de
1657 4138 1814 4192 novis
1843 4137 1968 4192 labo

434 4224 584 4280 ribus
613 4225 856 4282 solliciti.
891 4224 957 4278 Et
999 4226 1195 4281 horum
1231 4228 1369 4282 alter
1392 4239 1611 4284 centum
1646 4229 1994 4298 quindecim;

436 4316 573 4373 alter
600 4325 819 4372 centum
850 4326 904 4372 et
930 4318 1123 4388 viginti
1152 4319 1277 4374 vitae
1319 4335 1430 4374 sua:
1471 4335 1643 4376 annos
1691 4321 2001 4390 compleve-

435 4417 579 4462 rant.
630 4408 774 4474 Quot
816 4416 995 4464 autem
1045 4412 1171 4464 anni
1226 4421 1350 4481 post
1408 4427 1585 4467 meum
1634 4427 1665 4466 e
1704 4411 2000 4466 Basilicata

437 4499 753 4556 abscessum
789 4501 911 4556 vitae
944 4501 1052 4558 illis
1101 4503 1318 4558 adaucli
1370 4505 1512 4570 sint,
1559 4503 1802 4558 nondum
1851 4518 2003 4557 com-

438 4590 554 4660 peri
583 4609 597 4646 :
626 4593 776 4646 nulla
806 4592 1054 4662 equidem
1103 4609 1190 4649 me
1219 4594 1383 4664 hujus
1411 4595 1684 4665 cupiditas
1718 4593 1908 4649 tenuit.
1939 4594 2016 4654 Id,

439 4695 588 4744 vero,
615 4682 762 4752 quod
789 4694 1116 4739 narraturus
1143 4700 1288 4752 sum,
1318 4701 1404 4740 me
1438 4686 1567 4740 mihi
1610 4701 1746 4756 pene
1777 4685 2002 4755 eripuit.

440 4770 707 4830 Puerulus
733 4790 801 4830 ex
823 4776 1003 4833 insula
1030 4777 1168 4832 Chio
1191 4777 1416 4833 Romam
1454 4793 1582 4832 cum
1623 4785 1869 4834 materno
1902 4789 2008 4832 avo

440 4861 700 4921 Michaele
730 4865 970 4922 Neurida
997 4867 1356 4935 contendens,
1390 4884 1514 4924 cum
1546 4869 1618 4923 ob
1643 4867 1838 4923 exilem
1872 4877 2007 4923 teta-

440 4961 549 5010 tem
576 4953 764 5013 Romae
797 4957 855 5014 in
883 4958 1176 5029 collegium
1203 4957 1516 5012 Graecorum
1543 4957 1728 5012 aditus
1756 4971 2005 5011 remora-

441 5057 612 5116 retur,
634 5051 1009 5106 sanctionibus
1033 5051 1087 5105 id
1118 5050 1332 5122 collegii
1354 5049 1800 5121 pernegantibus,
1825 5049 2008 5103 Paulae

443 5138 710 5196 Calabria:
747 5141 891 5211 apud
935 5141 1366 5198 illustrissimum
1420 5140 1654 5195 Marium
1709 5139 2008 5210 Spinellum

447 5231 690 5297 constiti,
720 5232 814 5302 qui
843 5249 932 5290 me
973 5233 1170 5290 eximia
1209 5233 1476 5288 charitate
1508 5219 2008 5302 complexus,‘ocu-

386 5381 387 5384 η
447 5321 580 5378 litus
604 5325 830 5390 amavit,
859 5333 913 5380 et
943 5325 1366 5394 przeceptoribus
1411 5324 1830 5379 humanioribus
1874 5323 2009 5377 arti-

450 5412 554 5468 bus
585 5414 792 5480 tinctis,
825 5424 886 5470 ut
933 5415 1141 5471 ferebat
1172 5417 1263 5471 illa
1302 5425 1456 5483 astas,
1492 5415 1874 5472 instruendum
1899 5423 2010 5469 tra-

454 5502 613 5558 didit.
635 5503 773 5560 Dum
803 5508 948 5561 circa
976 5507 1139 5561 trivia
1169 5508 1334 5563 animi
1361 5506 1642 5564 relaxandi
1679 5507 1853 5577 gratia
1887 5519 2009 5559 cum

460 5594 629 5652 sociis
643 5595 872 5652 annexis
893 5611 1140 5667 pererro,
1161 5599 1401 5655 occurrit
1421 5598 1741 5672 properanti
1771 5597 2015 5652 anilitate

461 5700 600 5742 caua
619 5684 894 5759 desipiens
919 5703 1109 5754 senex,
1146 5690 1475 5750 cadaverosa
1521 5691 1726 5758 facies,
1767 5695 1822 5746 et
1852 5687 2013 5759 plane

3569 309 3680 372 32

2064 415 2454 472 morticinium.
2494 413 2646 474 illius
2669 413 2734 468 ad
2760 406 2903 469 latus
2935 413 3111 484 pueri,
3143 428 3301 469 senes
3325 456 3340 480 ,
3368 415 3662 484 juvcuesv

2041 493 2114 559 ἰιι
2144 518 2210 558 ex
2238 504 2332 558 vili
2380 503 2510 558 faece
2553 503 2837 558 hominum
2885 503 3091 571 plures,
3139 506 3234 574 qui
3275 508 3665 576 perridicnlis

2062 595 2208 650 illius
2233 595 2424 666 gestis,
2468 594 2738 664 dictisque
2785 595 3036 650 oblectati
3084 598 3656 672 concomitabantur.

2063 686 2286 757 Inquiro
2314 685 2444 758 quid
2470 686 2576 740 hoc
2619 686 2696 742 rei
2723 694 2888 742 esset.
2931 687 3131 744 Omnes
3156 695 3210 742 et
3234 689 3467 744 maxime
3493 705 3664 760 pru-

2063 780 2338 835 dentiores
2388 775 2718 847 respondent
2766 777 2918 832 illum
2997 779 3417 834 Acheronticum
3497 794 3671 836 esse

2066 882 2273 934 senem,
2300 867 2530 938 ideoque
2557 877 2831 929 truncum,
2855 875 2911 922 et
2931 868 3112 923 album
3137 870 3374 924 colorem
3406 869 3474 924 ab
3503 880 3658 924 atro

2067 975 2174 1014 non
2217 960 2356 1013 ultra
2394 957 2728 1012 discernere.
2757 955 3162 1029 Proptereaque
3193 975 3261 1014 ex
3298 960 3455 1016 malis
3477 961 3657 1016 illius

2069 1057 2309 1104 astantes
2339 1048 2499 1103 ludos
2530 1048 2635 1104 sibi
2675 1047 2904 1104 facere:
2936 1049 3048 1117 jam
3083 1050 3226 1105 enim
3254 1053 3654 1122 compleverat

2069 1156 2241 1196 annos
2269 1149 2484 1196 centum
2527 1147 2582 1194 et
2611 1139 2853 1209 triginta.
2902 1139 3014 1212 Ego
3049 1145 3310 1212 puerulus
3335 1145 3474 1199 nihil
3501 1160 3650 1200 cum

2071 1233 2252 1287 animo
2283 1243 2394 1286 tum
2427 1232 2647 1302 agitavi.
2677 1232 2747 1284 At
2783 1231 3124 1304 subgrandes
3157 1245 3212 1290 et
3249 1242 3428 1292 mente
3467 1251 3656 1292 senes

2071 1323 2316 1385 aderant,
2344 1322 2399 1376 in
2427 1322 2582 1391 jocos
2613 1322 2880 1380 transfusi
2919 1341 2932 1378 :
2971 1323 3115 1382 Bene
3158 1339 3281 1381 sese
3309 1341 3398 1381 res
3439 1326 3650 1390 habet,

2072 1413 2370 1467 clamitant.
2403 1413 2469 1467 Et
2513 1416 2636 1484 quis
2683 1423 2821 1470 teste
2853 1417 3072 1472 oculato
3118 1417 3222 1472 hoc
3255 1417 3328 1471 ita
3367 1433 3496 1474 esse
3523 1435 3651 1474 non

2073 1501 2407 1555 convicerit?
2435 1502 2561 1568 Alii,
2593 1503 2712 1557 Non
2747 1503 2813 1558 ad
2852 1512 3042 1568 testes,
3066 1505 3158 1575 qui
3191 1506 3325 1560 nulli
3351 1514 3506 1570 sunt,
3539 1508 3652 1562 sed

2076 1590 2145 1645 ad
2196 1600 2550 1647 monumenta
2584 1593 2955 1650 ecclesiastica
3001 1610 3381 1664 provocamus.
3435 1597 3658 1652 Arrisit

2084 1681 2283 1736 dictum
2318 1685 2596 1750 omnibus,
2633 1686 3023 1756 .continuoque
3068 1687 3137 1742 ad
3175 1688 3462 1743 ecclesiam
3511 1704 3654 1760 pro-

2077 1774 2268 1844 gressi,
2299 1775 2563 1832 advocato
2590 1779 2852 1847 parocho,
2884 1779 3102 1843 librum,
3134 1779 3188 1834 in
3227 1796 3336 1851 quo
3369 1795 3533 1838 sacro
3559 1782 3652 1835 la-

2076 1881 2240 1922 vacro
2285 1867 2639 1924 intinctorum
2688 1871 2910 1926 nomina
2954 1871 3366 1942 consignantur,
3419 1872 3670 1926 curiose‘

2078 1958 2409 2025 examinant,
2437 1967 2495 2016 et
2529 1974 2672 2015 anno
2706 1961 2846 2017 1462
2884 1976 3080 2017 nomen
3119 1976 3499 2032 agnomenque
3545 1961 3654 2015 ho-

2079 2047 2265 2115 minis,
2294 2049 2363 2106 de
2398 2050 2556 2121 cujus
2589 2058 2750 2107 aetate
2794 2051 3176 2123 ambigebatur
3201 2091 3216 2116 ,
3249 2052 3488 2108 dilucide
3546 2069 3655 2108 ex-

2081 2153 2383 2210 presseque
2441 2142 2742 2212 reperiunt,
2795 2141 3032 2212 indeque
3076 2143 3440 2214 colligebatur
3495 2158 3670 2197 annov

2086 2228 2257 2296 i520,
2322 2229 2409 2284 vel
2461 2231 2646 2296 circa,
2697 2239 2894 2288 sancto
2944 2228 3250 2288 .Francisco
3322 2231 3646 2288 familiaris-

2085 2321 2220 2376 sime
2255 2337 2435 2389 usum,
2482 2323 2795 2394 multasque
2838 2340 2931 2382 res
2978 2325 3326 2382 sermonibus
3358 2341 3466 2381 una
3502 2327 3652 2380 inter

2086 2429 2146 2470 se
2195 2412 2455 2484 agitasse.
2509 2412 2576 2468 Et
2626 2414 2674 2470 is
2727 2415 2944 2471 tandem
2997 2429 3163 2472 senex
3227 2415 3433 2472 delirus
3476 2416 3664 2472 celeri-

2087 2501 2255 2572 gradu
2288 2518 2384 2573 per
2411 2505 2589 2560 scalas
2617 2504 2816 2561 aedium
2846 2521 3166 2576 properans,
3215 2515 3504 2576 antequam
3545 2523 3651 2576 ego

2087 2589 2252 2656 Paula
2276 2592 2646 2657 abscederem.
2687 2611 2927 2665 praeceps
2956 2597 3011 2650 in
3046 2604 3210 2664 caput
3237 2596 3481 2665 dejectus
3522 2598 3649 2650 ani-

2089 2695 2229 2746 mam
2257 2681 2471 2737 effudit.
2498 2682 2564 2736 Et
2595 2684 2710 2738 hmo
2738 2684 2806 2738 de
2836 2683 3135 2739 macrobiis
3162 2700 3263 2738 usu
3294 2700 3416 2740 meo
3457 2685 3650 2755 explo-

2089 2772 2222 2828 ratis
2243 2771 2462 2838 adduxi,
2490 2781 2551 2827 ut
2577 2773 3042 2844 quingentesimum
3069 2786 3427 2830 memoratum
3463 2789 3492 2826 a
3525 2773 3663 2826 Nilo»

2089 2863 2146 2917 in
2173 2863 2276 2919 hac
2298 2865 2531 2934 epistola
2562 2865 2880 2934 conjectura
2920 2866 3058 2921 satis
3089 2866 3382 2936 probabili,
3415 2875 3469 2922 et
3494 2865 3649 2920 dein-

2088 2968 2216 3022 ceps
2238 2953 2402 3008 vitam
2424 2954 2666 3022 ejusdem
2697 2951 3120 3016 diuturniorem,
3152 2952 3219 3008 de
3247 2953 3404 3020 cujus
3435 2952 3651 3019 longin-

2090 3046 2299 3113 quitate
2325 3043 2465 3098 nihil
2501 3053 2708 3099 certum
2756 3041 3016 3106 refertur,
3067 3042 3316 3112 proxime
3344 3041 3412 3095 ad
3461 3055 3647 3093 verum

2091 3137 2350 3193 accedere
2396 3121 2796 3208 colligeremus.
2850 3135 3008 3202 Quod
3054 3138 3105 3200 si
3153 3133 3497 3190 commodum
3539 3148 3647 3186 non

2088 3229 2380 3297 videbitur,
2409 3229 2650 3292 dicamus
2691 3231 2747 3284 in
2786 3244 2851 3284 ea
2881 3228 3112 3300 epistola
3143 3226 3322 3282 Nilum
3358 3241 3645 3281 numerum

2091 3319 2361 3391 integrum
2413 3331 2470 3374 et
2525 3319 2852 3388 completum
2910 3332 3012 3387 pro
3079 3316 3410 3386 incompleto
3477 3322 3639 3386 atque

2091 3420 2344 3466 truncato
2374 3425 2690 3481 usurpasse.
2734 3417 2794 3464 ut
2841 3409 3193 3478 adjunctione
3242 3407 3409 3463 simili
3466 3406 3645 3462 incre-

2093 3511 2334 3557 mentum
2361 3515 2474 3554 suae
2502 3498 2955 3555 demonstrationi
2984 3505 3175 3553 contra
3205 3493 3427 3552 Iudaeos
3457 3498 3649 3551 conci-7

2092 3595 2286 3661 liaret;
2313 3591 2470 3662 cujus
2494 3591 2740 3660 exempla
2762 3590 2818 3644 in
2840 3589 3015 3645 sacris
3045 3604 3262 3661 quoque
3288 3586 3512 3644 Litteris
3541 3587 3646 3644 fre-

2093 3685 2319 3756 quentia
2357 3691 2489 3739 sunt
2528 3701 2543 3738 :
2587 3682 2680 3738 sed
2729 3698 2936 3737 summa
2968 3696 3156 3750 sequor
3194 3680 3412 3751 fastigia
3453 3695 3651 3734 rerum.

2097 3777 2201 3833 Sed
2229 3775 2468 3830 Mauritii
2493 3775 2622 3830 anni
2651 3789 2910 3846 perquam
2931 3773 3247 3844 longissime
3281 3773 3472 3827 remoti
3496 3782 3636 3828 sunt.

2095 3868 2233 3924 Tum
2280 3868 2426 3938 enim
2486 3867 2642 3923 Nilus
2696 3873 3045 3938 prorogasset
3098 3865 3364 3921 terminos
3415 3865 3535 3920 vita:
3569 3865 3631 3918 ad

2095 3977 2299 4018 annum
2332 3960 2454 4015 176.
2496 3958 2609 4030 Ego
2640 3958 2860 4030 quidem
2892 3958 2998 4014 hoc
3049 3955 3285 4012 formido
3325 3956 3562 4022 credere,
3591 3967 3648 4011 et

2095 4051 2255 4122 cujus
2305 4049 2412 4106 fide
2459 4048 2715 4105 credam?
2760 4046 2936 4102 Credo
2966 4046 3134 4102 Deum
3191 4047 3294 4102 hoc
3347 4061 3638 4118 posse:au
3679 4053 3684 4055 ‘

2099 4143 2314 4209 fecerit,
2357 4158 2426 4199 ex
2455 4141 2675 4214 ingenio
2716 4139 2948 4210 quisque
2997 4153 3098 4194 suo
3143 4136 3309 4193 addat
3362 4138 3446 4192 vel
3474 4137 3639 4194 demat

2099 4233 2284 4288 fidem.

2170 4321 2278 4376 Sed
2303 4318 2670 4376 ballucinatus
2699 4325 2781 4373 est
2800 4315 3181 4389 Caryophilus.
3213 4317 3367 4373 Esto.
3403 4313 3509 4372 Sed
3529 4330 3637 4372 cum

2100 4414 2304 4471 Graecis
2330 4413 2387 4467 in
2436 4411 2734 4482 Menologio
2755 4407 3087 4472 Graecorum.
3111 4425 3258 4465 nunc
3281 4423 3494 4480 quoque
3521 4409 3654 4464 adde

2103 4505 2577 4562 accuratissimum
2597 4501 2874 4567 Sirletum,
2900 4501 3017 4573 qui,
3032 4508 3092 4554 ut
3105 4499 3414 4556 vcrosimile
3429 4508 3528 4567 est,
3545 4516 3638 4556 non

2102 4610 2168 4651 ex
2197 4593 2454 4667 propriis,
2491 4592 2586 4648 sed
2615 4608 2682 4647 ex
2707 4591 2985 4647 codicibus
3015 4589 3238 4654 Grecis,
3276 4590 3494 4661 illisque
3519 4591 3638 4645 forte

2105 4686 2522 4758 antiquissimis,
2557 4698 2682 4739 cum
2725 4683 2924 4754 quibus
2975 4681 3300 4736 hallucinari
3363 4681 3548 4735 maluit
3591 4681 3647 4732 in-

2105 4791 2206 4832 sua
2232 4773 2698 4844 lnterpretatione,
2733 4787 2897 4844 quam
2951 4771 3223 4827 demendo
3263 4784 3461 4826 nomen
3510 4769 3637 4824 Mau-

2107 4867 2239 4929 ritii,
2269 4864 2338 4920 de
2367 4865 2508 4920 mala
2541 4863 2646 4920 fide
2677 4879 2790 4919 suae
2837 4861 3304 4944 lntegpretationis
3355 4863 3410 4916 in
3453 4861 3643 4916 crimen

2106 4957 2313 5022 vocari,
2331 4964 2388 5012 et
2415 4957 2713 5013 accersitus
2734 4955 2941 5025 judicio
2963 4953 3030 5010 de
3057 4954 3144 5010 sui
3175 4955 3495 5026 purgatione
3510 4969 3637 5010 com-

2108 5047 2380 5104 mentaria
2405 5033 2667 5104 scribere.
2699 5046 2842 5112 Quid
2874 5045 2921 5102 si
2947 5045 3156 5102 diceret
3180 5046 3346 5100 alium
3370 5059 3490 5100 esse
3511 5044 3634 5100 hunc

2107 5139 2309 5208 Nilum,
2333 5149 2388 5198 et
2410 5157 2520 5197 non
2547 5139 3252 5212 Constantinopolitanum!
3291 5136 3348 5192 Id
3389 5153 3556 5209 neque
3579 5154 3632 5192 ex

2110 5232 2427 5290 Gmcorum
2466 5231 2791 5304 Menologio.
2835 5247 3014 5302 neque
3041 5247 3108 5288 ex
3138 5229 3337 5286 Sirleto
3369 5229 3632 5294 evincitur,

2111 5341 2235 5382 cum
2262 5323 2846 5393 Constantinopolitani
2892 5323 3096 5394 scripta
3127 5329 3181 5378 et
3213 5337 3308 5379 res
3354 5331 3510 5392 gesta.
3539 5337 3634 5376 ma-

2109 5419 2216 5487 jori
2241 5431 2340 5472 sua
2365 5423 2521 5486 parte
2545 5414 2821 5485 descripta
2847 5413 3040 5471 eodem
3061 5413 3150 5470 die
3176 5413 3394 5484 utrique
3414 5415 3633 5468 tribuan-

2115 5514 2224 5560 tur.

2190 5594 2432 5650 Fuerunt
2458 5593 2548 5649 alii
2587 5609 2804 5666 quoque
2841 5594 2896 5649 in
2926 5592 3090 5662 hujus
3119 5591 3221 5650 Nili
3252 5592 3502 5649 laudibus
3527 5591 3626 5646 effu-

2127 5686 2323 5743 siores.
2369 5684 2694 5747 Franciscus
2725 5684 2898 5742 Zinus
2938 5683 3171 5766 epistola
3201 5685 3271 5740 ad
3303 5684 3634 5747 Augustinum
