3882 6036
162 263 242 327 33

168 379 456 435 Valerium
502 378 820 450 episcopum
850 377 1219 436 Veronensem
1258 378 1325 434 de
1367 379 1427 435 S.
1461 379 1731 450 Eplirmm,

166 472 318 538 Nilo,
352 471 537 527 Marco
568 481 621 526 et
660 473 804 528 Isaia
842 490 857 528 :
894 470 1073 542 Neque
1132 472 1237 541 ipsi
1289 473 1614 541 episcopatui
1646 483 1736 525 tuo

167 575 345 620 essent
387 565 676 618 indecores.
712 562 847 619 Sunt
894 566 1033 618 enim
1078 564 1311 618 homines
1355 565 1518 635 frugi,
1561 565 1736 634 exigui

170 666 439 725 sumptus,
477 663 525 708 et
570 670 772 724 magna:
801 654 1077 707 utilitatis.
1106 653 1299 708 Tacere
1322 656 1491 708 sciunt
1518 657 1570 707 in
1600 656 1734 715 loco,

169 760 247 810 et,
285 764 403 800 cum
438 761 565 814 opus
595 755 693 810 est,
730 745 892 816 loqui.
933 745 1116 800 Valent
1150 747 1373 817 ingenio.
1403 746 1597 816 Magno
1616 754 1737 799 sunt

172 853 351 890 rerum
385 852 506 898 usu,
542 835 787 888 doctrina
817 844 865 888 et
900 834 1180 903 prudentia
1214 836 1428 903 prtediti
1456 836 1736 905 singulari,

170 929 313 984 Cum
341 927 641 982 domesticis
669 926 771 980 tuis
798 937 1009 996 propter
1033 936 1243 981 sanctos
1272 943 1736 997 suavesquemores

162 1018 405 1088 jucunde
434 1017 800 1072 versabantur.
838 1016 898 1072 Si
928 1018 1215 1073 invisendaz
1244 1020 1338 1073 tibi
1374 1028 1528 1073 erunt
1564 1017 1741 1072 Eccle-

172 1113 271 1165 sia:
320 1121 444 1171 tute.
496 1110 573 1163 vel
625 1109 680 1162 in
718 1110 948 1173 civitate,
994 1110 1072 1163 vel
1115 1111 1172 1165 in
1214 1119 1326 1165 tota
1375 1110 1605 1175 dioecesi,
1640 1125 1740 1179 quo

171 1203 389 1275 quidem
417 1203 736 1256 uisitationis
788 1218 998 1256 munere
1046 1203 1282 1256 omnium
1326 1203 1655 1273 gravissimo,
1690 1211 1740 1257 et

175 1296 598 1350 laboriosissimo
642 1294 1039 1365 diligentissime
1083 1295 1316 1366 fungeris
1346 1311 1363 1349 :
1399 1295 1446 1349 si
1477 1304 1741 1348 monaste-

175 1389 265 1442 ria
290 1388 550 1457 virginum
579 1396 669 1440 ant
700 1388 1095 1451 monachorum,
1133 1389 1179 1442 si
1209 1388 1495 1443 seminaria
1535 1396 1644 1447 tua.
1663 1384 1740 1440 vel

179 1481 456 1548 antiquum
490 1478 849 1547 acolythorum
871 1478 935 1531 ab
971 1478 1203 1549 Eugenio
1232 1478 1337 1544 IV,
1369 1495 1573 1532 summa
1600 1477 1743 1533 Pon-

182 1568 326 1635 tiﬁce
366 1567 684 1630 institutum,
714 1575 762 1620 et
796 1582 827 1619 a
867 1569 1223 1636 superioribus
1256 1568 1532 1636 episcopis,
1572 1577 1621 1622 et
1653 1584 1743 1621 ca-

178 1658 490 1712 nonicorum
520 1656 750 1726 capitulo
776 1658 898 1711 bene
922 1673 1126 1727 semper
1157 1658 1617 1721 administratum,
1636 1675 1666 1711 a
1696 1665 1745 1712 te

178 1762 303 1799 vero
339 1746 556 1814 miriﬁce
595 1755 828 1813 auctum,
867 1756 1021 1816 atque
1057 1756 1393 1812 exornatum,
1436 1747 1515 1801 vel
1554 1762 1745 1801 novum

179 1835 482 1889 incredibili
536 1836 732 1900 studio,
758 1852 910 1901 cura,
935 1846 985 1891 et
1014 1836 1290 1908 diligentia
1318 1848 1410 1891 tua
1446 1852 1511 1891 ea:
1539 1836 1745 1891 decreto

178 1935 231 1981 et
266 1927 527 1980 institutis
555 1928 725 1980 sancti
755 1926 798 1981 Τ
802 1928 1052 1982 ridentini
1078 1929 1290 1983 concilii
1320 1938 1548 1984 erectum
1582 1938 1633 1983 et
1665 1929 1745 1983 lo-

181 2018 512 2087 cupletatum
551 2032 570 2069 :
605 2019 653 2072 si
688 2018 1079 2085 derelictorum,
1112 2030 1161 2075 et
1198 2021 1571 2076 derelictarum
1607 2021 1746 2088 loca,

186 2109 240 2163 in
267 2126 386 2179 qua:
418 2125 621 2163 summa
658 2126 776 2163 cum
808 2111 906 2167 Dei
950 2112 1170 2176 honore,
1206 2123 1258 2168 et
1306 2114 1471 2168 totius
1516 2114 1748 2167 civitatis

186 2200 484 2261 commodo,
508 2213 552 2254 et
587 2201 775 2255 ttetitia
799 2218 976 2257 omnes
1004 2205 1278 2273 utriusque
1296 2218 1451 2258 sexus
1474 2218 1749 2273 pauperes,

188 2290 391 2358 passim
445 2300 600 2343 antea
659 2300 912 2361 vagantes
962 2293 1040 2345 ita
1090 2294 1416 2364 congessisti,
1472 2302 1528 2345 ut
1572 2292 1750 2346 nullus

190 2382 421 2448 amplius
453 2383 600 2448 inops
630 2390 682 2436 et
714 2385 981 2439 mendicus
1012 2386 1066 2439 in
1089 2385 1217 2440 urbe
1246 2386 1430 2457 vagari
1463 2386 1753 2453 comperia-

192 2483 301 2536 tur;
326 2473 371 2527 si
390 2472 699 2541 hospitalia,
721 2490 943 2544 quorum
970 2478 1291 2546 prmeipuam
1316 2486 1371 2530 tu
1391 2493 1571 2530 curam
1593 2479 1753 2547 geris;

189 2566 238 2619 si
283 2565 424 2626 lites,
464 2565 764 2630 discordite,
817 2568 1116 2623 inimicitia:
1155 2568 1499 2634 dirimendte;
1554 2570 1600 2622 si
1646 2583 1753 2637 pax

193 2659 332 2709 inter
360 2656 492 2713 cives
522 2657 855 2712 concilianda
882 2660 1093 2729 ubique,
1127 2676 1329 2729 semper
1356 2660 1501 2713 dulci
1524 2660 1754 2729 quadam

192 2748 458 2800 suavitate
497 2758 546 2801 et
580 2749 878 2818 eloquentia
927 2750 1027 2805 illa
1060 2750 1385 2818 Christiana,
1419 2768 1578 2822 quam
1613 2761 1667 2803 tu
1700 2752 1756 2804 in

191 2841 456 2906 praeclara
474 2839 570 2892 illa
596 2850 687 2893 tua
704 2840 965 2895 rhetorica
986 2841 1346 2897 ecclesiastica
1365 2851 1473 2896 tam
1494 2843 1757 2911 eleganter

193 2934 441 2999 nocteque
478 2931 667 2996 tradis,
694 2940 801 2987 etc.
831 2932 897 2987 Et
926 2934 1155 3003 epistola
1187 2934 1256 2988 ad
1284 2935 1563 3005 Aloysium
1594 2933 1758 3004 Lipo-

193 3035 418 3073 manum
452 3019 747 3090 Opusculis
774 3020 879 3076 Nili
912 3031 966 3077 et
994 3022 1158 3078 Marci
1182 3022 1402 3094 praeﬁxa
1434 3042 1448 3079 :
1479 3022 1611 3078 Sunt
1638 3039 1759 3094 pro-

192 3109 329 3177 fecto
355 3109 567 3164 abbates
597 3111 689 3165 isti
712 3112 1034 3167 auctoritate
1075 3130 1280 3185 graves,
1309 3114 1540 3184 plurimo
1581 3130 1758 3169 rerum

194 3215 332 3263 usu,
384 3210 433 3254 et
478 3201 735 3257 doctrinis
783 3204 1075 3258 caelestibus
1127 3205 1341 3261 eruditi.
1397 3206 1759 3261 Admiraberis

194 3307 371 3344 acrem
389 3308 570 3347 eorum
584 3294 637 3347 in
653 3296 974 3367 corrigendis
994 3297 1133 3351 vitiis
1158 3299 1489 3368 gravitatem,
1507 3300 1759 3352 eximiam

194 3384 251 3435 in
281 3384 529 3439 docendis
550 3387 858 3451 virtutibus,
890 3396 940 3442 et
970 3390 1116 3443 bonis
1157 3389 1389 3445 moribus
1411 3390 1756 3461 diligentiam,

193 3474 520 3546 singularem
567 3477 623 3531 in
668 3477 990 3547 exponendis
1045 3480 1335 3549 Scripturis
1390 3481 1756 3537 eruditionem.

200 3568 480 3622 Perversas
506 3569 661 3638 hujus
687 3571 861 3625 tetatis
891 3570 946 3625 in
973 3572 1221 3640 religione
1242 3572 1306 3625 de
1338 3573 1462 3642 ﬁde,
1485 3583 1535 3627 et
1563 3574 1758 3643 gratia,

196 3669 247 3713 et
278 3660 517 3728 operibus
539 3662 826 3730 opiniones,
850 3672 1004 3734 atque
1026 3663 1160 3718 alios
1181 3680 1403 3729 errores,
1420 3675 1471 3719 et
1494 3665 1761 3719 hominum

195 3749 410 3818 ﬂagitia
440 3749 518 3802 ita
544 3757 754 3815 norunt,
786 3752 864 3804 sic
890 3752 1235 3820 insectantur,
1268 3764 1425 3825 atque
1469 3764 1762 3825 coarguunt

198 3850 258 3891 ut
290 3855 394 3892 non
423 3839 603 3893 multis
632 3840 841 3906 sarculis
862 3843 1049 3911 procul
1079 3844 1146 3897 ab
1186 3845 1456 3899 hominum
1482 3855 1760 3901 consuetu-

199 3930 324 3981 dine
346 3929 399 3981 in
427 3926 649 3982 tenebris
677 3945 836 3999 prope
860 3930 1053 3996 sepulti
1084 3932 1345 4001 jacuisse,
1374 3934 1465 3989 sed
1492 3934 1764 3988 nobiscum

201 4020 414 4072 assidue
447 4021 641 4073 versati
666 4037 777 4076 esse
818 4023 1118 4078 videantur.
1171 4024 1400 4080 Photius
1446 4025 1502 4080 in
1557 4024 1764 4079 Biblio-

202 4111 375 4176 theca,
399 4110 523 4165 cod.
542 4111 667 4180 201,
695 4122 750 4168 et
782 4114 897 4179 alii,
917 4130 1056 4185 quos
1088 4115 1233 4171 infra
1259 4116 1585 4172 videbimus.
1610 4116 1766 4172 Nunc

200 4218 333 4257 vero
356 4220 463 4258 non
503 4203 602 4258 abs
638 4220 696 4261 re
721 4205 885 4262 fuerit
914 4208 1026 4261 duo
1060 4208 1114 4262 iu
1145 4208 1291 4263 hunc
1318 4217 1571 4264 sanctum
1601 4208 1766 4265 Disti-

201 4295 307 4345 cha
345 4308 413 4346 ex
445 4292 605 4347 codd.
646 4309 750 4350 ms.
786 4298 1138 4366 praemittere.

202 4400 555 4475 Νεῖλος-’μὲν
579 4401 742 4475 ἄρδει
770 4403 881 4475 τῆς
906 4405 1167 4473 ἀνύδρου
1208 4406 1309 4473 τὰς
1334 4406 1552 4475 νάπας,

203 4472 416 4543 Νεῖλος
451 4471 518 4543 δὲ
543 4472 770 4526 πιστῶν
791 4471 1082 4527 ἐκπιαίνέι
1114 4471 1382 4543 καρδίας.

203 4542 423 4612 Νείλου
452 4541 593 4612 μὲν-
614 4543 894 4610 ποταμοῖο
917 4546 1063 4611 ῥόος
1101 4541 1287 4612 χθὸνα
1319 4541 1439 4600 εἶδε
1488 4545 1763 4608 ποτίζειν.

202 4611 424 4664 Νείλου
446 4608 497 4663 δ’
519 4608 595 4665 αὖ
617 4608 903 4681 μονάχοῖο
918 4608 1336 4683 ζλότοξέρρένας
1355 4614 1514 4671 εἶδεν
1536 4619 1764 4672 ὶαίνειν.

203 4720 429 4777 Necnon
459 4731 511 4778 et
544 4723 634 4777 illa
670 4738 735 4779 ex
776 4724 1078 4796 Menologio
1116 4725 1427 4784 Graecorum
1461 4746 1475 4784 :

274 4835 580 4903 Αἴγυπτον
615 4835 777 4903 ἄρδει
808 4837 1043 4903 Νεῖλος,
1073 4838 1234 4892 ἀλλὰ
1269 4839 1367 4893 καί
1393 4841 1594 4895 κτίσιν

278 4905 447 4973 Λόγῳ
478 4905 751 4973 κατάρδει
778 4907 875 4960 καί
906 4908 1102 4961 θανὼν
1146 4908 1357 4975 Νεῖλος
1383 4910 1589 4979 μέγας.

208 5014 606 5085 Interpretatus
635 5025 720 5073 est
760 5016 1114 5075 doctissimus
1151 5019 1457 5077 Pessinus:

280 5107 442 5179 iVilus
478 5108 770 5176 Canopum,
796 5110 968 5175 major
987 5111 1070 5164 hic
1099 5111 1240 5178 fonte
1272 5112 1450 5179 ingens

278 5178 467 5231 Orbem
502 5181 801 5233 universum
834 5190 881 5232 et
915 5192 1152 5234 mortuus
1182 5178 1341 5235 Nilus
1369 5185 1529 5253 rigat.

210 5290 619 5348 Honestissimas
673 5304 935 5348 matrona:
987 5295 1334 5350 matrimonio
1373 5308 1598 5366 junctus
1628 5297 1767 5355 duos

206 5396 275 5436 ex
328 5381 419 5437 illa
459 5384 704 5453 suscepit
752 5385 929 5449 ﬁlios,
988 5399 1194 5439 marem
1224 5394 1279 5441 et
1307 5386 1583 5443 feminam.
1615 5387 1768 5445 Uxor

208 5466 277 5519 ab
303 5469 489 5522 eodem
529 5470 752 5526 inducta
791 5486 895 5524 uua
930 5486 1049 5525 cum
1081 5471 1191 5525 lilia
1233 5472 1290 5527 in
1313 5473 1531 5547 Egypti
1572 5493 1765 5534 mona-

210 5558 379 5611 steria
423 5559 721 5631 immigrat.
763 5561 886 5632 Ipse
906 5575 1032 5617 cum
1067 5561 1351 5618 Tlieodulo
1385 5565 1498 5620 ﬁlio
1528 5565 1763 5623 Sinaeum

210 5659 448 5707 montem
473 5660 739 5723 occupat,
776 5662 835 5710 ut
864 5662 1182 5711 sanctorum
1220 5656 1440 5711 Patrum
1466 5672 1764 5715 CODSllt'lll-

1350 260 1658 324 NOTITIA
1710 260 1793 322 IN
1845 262 1905 322 S.
1939 259 2207 322 NILUM.

3324 263 3396 327 34

1832 378 1963 433 dine
2020 376 2315 432 frueretur.
2372 373 2689 430 Theodulus
2754 390 2784 429 a
2839 375 3092 432 Barbaris
3147 380 3400 448 captiuis

1834 463 2011 519 laenis
2039 472 2162 533 post
2188 464 2356 517 multa
2388 464 2510 517 vita:
2538 463 2779 533 pericula
2806 478 2870 518 ac
2889 464 3147 528 laniatus,
3177 467 3398 521 tandem

1839 554 2200 625 ab'episcopo
2231 554 2536 624 redimitur,
2572 564 2628 610 et
2673 562 2863 610 sancta
2903 562 2957 610 et
2994 556 3247 624 religiosa
3290 560 3401 613 vita

1833 644 2153 716 perfunctus
2184 647 2422 700 animam
2454 646 2568 701 Deo
2600 646 2853 702 reddidit.
2896 645 3052 702 Hunc
3104 646 3273 703 Graeci
3324 649 3404 704 uti

1835 737 2075 807 reliquos
2114 738 2407 793 sanctitate
2458 738 2691 793 eximios
2727 739 2879 794 viros
2903 778 2919 803 ,
2969 746 3305 793 venerantur
3348 746 3405 792 et

1838 828 2027 883 colunt
2057 828 2147 885 die
2202 829 2410 885 decima
2459 838 2653 900 quarta
2698 828 2971 885 Januarii.
3033 829 3403 900 Men010gium

1838 918 2169 975 Basilianum
2196 938 2209 975 :
2244 921 2323 991 Τῇ
2354 921 2492 992 αὐτῇ
2525 922 2707 993 ἡμέρᾳ
2742 923 2929 992 μνήμη
2971 920 3066 974 τοῦ
3095 921 3244 974 ὁσίου
3284 921 3404 972 Πα-

1836 1010 1963 1081 τρὸς
2006 1010 2167 1080 ἡμῶν
2212 1008 2522 1065 Θεοδούλου.
2555 1003 2727 1073 Οὗτος
2768 1011 3014 1081 ὑπῆρχεν
3052 1010 3170 1074 υίὸς
3207 1012 3405 1064 Νείλου

1836 1099 1933 1154 τοῦ
1975 1101 2138 1169 σοφοῦ
2174 1100 2267 1155 τοῦ
2305 1102 2592 1171 γεγονότος
2628 1104 2727 1174 μὲν
2766 1103 3007 1173 ἐπάρχου
3054 1105 3404 1158 Κωνσταντιο

1837 1192 2141 1256 νουπόλεως
2171 1209 2186 1225 ·
2220 1193 2610 1258 καταλιπόντος
2646 1194 2703 1248 δὲ
2726 1193 2825 1266 τὴν
2857 1194 3013 1259 δόξαν
3046 1193 3140 1247 τοῦ
3172 1194 3403 1265 κόσμου,

1838 1282 1935 1337 καὶ⁸
1983 1282 2308 1347 ἀπελθόντος
2351 1285 2410 1337 ὲν
2446 1283 2521 1355 τῷ
2559 1284 2674 1356 ὄρει
2716 1284 2845 1356 Σινᾷ
2869 1326 2884 1351 ,
2927 1284 3022 1338 καὶ
3070 1285 3406 1355 μονάσαντος

1845 1372 1983 1444 μετὰ
2027 1372 2122 1427 τοῦ
2158 1373 2313 1427 υίοῦο
2346 1376 2457 1428 τῶν
2496 1375 2592 1428 δύο
2623 1375 2679 1428 δὲ
2718 1376 3073 1448 ὑπαρχόντων
3110 1378 3227 1429 ἐκεῖ
3250 1420 3264 1443 ,
3313 1380 3409 1433 καὶ

1819 1464 1939 1536 -τὴν
1977 1466 2282 1537 ἀσκητικὴν
2320 1466 2594 1520 πολιτείαν
2623 1468 2965 1533 διανυὸντων,
3007 1468 3269 1538 ἐξαίφνης
3292 1471 3410 1523 ὲπι-

1841 1555 2113 1611 πεσόντων
2169 1557 2276 1610 τῶν
2314 1558 2649 1628 Βαρϐάρων,
2711 1559 2808 1612 καὶ
2863 1560 3187 1631 ἀρξαμένων
3245 1578 3412 1616 κατα-

1843 1645 2067 1723 σφάξειν
2090 1647 2217 1711 τοὺς
2236 1647 2421 1715 ἁγίους
2449 1648 2718 1718 Πατέρας.
2753 1650 2814 1702 '0
2838 1653 2936 1721 μὲν
2954 1650 3145 1713 Νεῖλος
3170 1651 3409 1724 ἠδυνήθη

1843 1740 2057 1806 φυγεῖν,
2082 1738 2111 1790 6
2143 1738 2201 1791 δὲ
2238 1738 2352 1801 υίὸς
2380 1738 2544 1791 αὑτοῦ
2577 1740 2865 1804 Θεόδουλος
2904 1743 3183 1815 ἐκρατήθη
3208 1745 3410 1814 αἰχμά-

1840 1826 2012 1891 λωτος
2047 1827 2184 1898 μετὰ
2223 1826 2381 1881 ἄλλου
2420 1828 2538 1891 ἐνὸς
2566 1830 2711 1895 νέου,
2745 1831 2839 1885 καὶ
2861 1832 3103 1897 δεθέντες
3128 1835 3409 1906 ἐσύροντο.

1855 1917 2237 1990 Ἦπλήκευσαν
2264 1919 2320 1972 δὲ
2359 1920 2408 1972 οἱ
2437 1920 2732 1992 Βάρϐαροι,
2769 1923 2863 1976 καὶ
2890 1923 3171 1978 ἐϐούλοντο
3212 1926 3412 1994 σφάξαι

1842 2009 1971 2074 τοὺς
2010 2010 2165 2072 νέους
2188 2050 2204 2076 ,
2255 2008 2352 2063 καὶ
2396 2008 2555 2063 θῦσαι
2593 2010 2669 2081 τῷ
2707 2011 2814 2082 πρὸ
2853 2011 2946 2066 τοῦ
2994 2012 3147 2086 ἡλίου
3187 2016 3412 2068 ἀνατέλ-

1842 2101 1987 2155 λοντι
2021 2100 2205 2173 ἄστρῳ
2223 2114 2240 2131 ⁸
2275 2099 2369 2155 καὶ
2405 2102 2434 2154 6
2463 2101 2559 2171 μὲν
2587 2095 2669 2164 εἷς
2696 2102 2894 2172 ἔφυγεν
2912 2121 2927 2135 ο
2967 2105 3017 2157 0i
3044 2104 3102 2158 δὲ
3129 2105 3408 2177 Βάρσαροι

1844 2192 2221 2264 κοιμηθέντες,
2247 2192 2340 2246 τοῦ
2365 2192 2519 2264 ἡλίου
2547 2193 2946 2259 ἀνατείλαντος,
2972 2196 3068 2249 καὶ
3092 2196 3186 2250 τοῦ
3214 2196 3413 2267 ἄστρου

1846 2283 2170 2355 κρυὸέντος,
2221 2282 2323 2337 οὐκ
2363 2282 2601 2353 ἔσφαξαν
2626 2284 2719 2337 τὸν
2751 2284 3060 2340 Θεόδουλον.
3092 2286 3415 2357 Βουλόμενοι

1845 2372 1904 2426 δὲ
1934 2372 2218 2444 πωλῆσαι,
2268 2372 2361 2426 δύο
2404 2372 2598 2444 μόνους
2630 2374 2918 2445 χρυσίνους
2949 2374 3285 2445 ἐλάμϐανον,
3321 2376 3417 2428 καὶ

1847 2463 2145 2535 γυμνώσας
2179 2466 2207 2518 6
2236 2460 2317 2527 εἷς
2354 2464 2415 2518 τὸ
2461 2463 2631 2532 ξίφος,
2663 2464 2824 2536 ἤθελε
2856 2467 3055 2534 σφάξαι
3077 2480 3097 2499 ο
3126 2466 3247 2520 τότε
3288 2466 3417 2535 ἠγό-

1854 2572 2018 2628 ρασεν
2051 2556 2213 2610 αὑτὸν
2245 2559 2273 2610 6
2306 2557 2622 2623 ἐπίσκοπος,
2664 2557 2758 2611 καὶ
2790 2558 3052 2625 ἀπέλυσε,
3103 2558 3197 2611 καὶ
3235 2556 3417 2620 καλῶς

1853 2645 2056 2717 βιώσας
2101 2647 2393 2719 ἐκοιμήθη.
2453 2646 2569 2701 Hoc
2616 2646 2794 2703 eodem
2850 2649 2936 2703 die
2989 2650 3416 2705 commemoratio

1852 2736 1913 2793 S.
1951 2735 2134 2791 Patris
2159 2739 2327 2791 nostri
2368 2737 2643 2792 Theoduli.
2669 2739 2769 2793 llic
2811 2750 2925 2793 erat
2974 2740 3117 2809 ﬁlius
3165 2740 3416 2809 sapientis

1855 2828 1973 2883 Nili
2000 2829 2215 2899 eparchi
2245 2829 2839 2900 Constantinopolitani,
2866 2834 2976 2902 qui,
3004 2833 3274 2886 mundana
3299 2832 3418 2903 glo-

1853 2921 1993 2976 riola
2042 2924 2389 2988 renuntiata,
2436 2924 2491 2976 in
2543 2932 2769 2977 montem
2818 2922 3051 2979 Sinmum
3087 2940 3416 2994 progressus,

1853 3028 1962 3067 una
1992 3030 2110 3067 cum
2150 3015 2266 3084 ﬁlio
2296 3014 2613 3069 monachum
2659 3014 2852 3069 induit.
2896 3015 3033 3068 Dum
3060 3017 3130 3070 ibi
3162 3018 3421 3070 immora-

1854 3113 2039 3159 rentur
2066 3106 2119 3159 in
2149 3106 2379 3160 ascetica
2420 3104 2703 3173 disciplina
2738 3105 3092 3170 elaborantes,
3147 3104 3421 3174 derepente

1854 3197 2111 3252 Barbaris
2136 3198 2479 3261 irruentibus,
2512 3205 2564 3251 et
2600 3207 2813 3251 sanctos
2836 3198 2960 3251 illos
2989 3196 3179 3251 Patres
3202 3205 3420 3251 contru-

1855 3290 2180 3355 cidantibus,
2213 3289 2373 3345 Nilus
2416 3291 2472 3345 in
2504 3290 2685 3361 fugam
2720 3307 2776 3344 se
2812 3290 2978 3353 dedit,
3008 3290 3154 3359 ﬁlius
3182 3288 3423 3343 Theodu-

1857 3384 1960 3450 lus,
1990 3393 2039 3439 et
2067 3384 2210 3438 alius
2226 3382 2461 3452 ejusdem
2479 3399 2597 3436 cum
2618 3382 2713 3436 illo
2735 3383 2910 3436 aztatis
2936 3381 3107 3444 ducti,
3133 3380 3422 3449 evinctique

1855 3475 2220 3541 ducebantur;
2268 3474 2358 3529 sed
2386 3491 2505 3529 cum
2544 3483 2743 3528 certum
2796 3473 2851 3526 in
2901 3472 3073 3525 locum
3121 3487 3187 3527 ea:
3234 3472 3423 3526 itinere

1856 3568 2089 3624 Barbari
2144 3567 2513 3632 divertissent,
2560 3574 2857 3620 statuerunt
2916 3565 3130 3635 juvenes
3166 3575 3425 3629 mactare,

1857 3676 2044 3731 eosque
2102 3658 2272 3713 stella:
2317 3668 2438 3713 ante
2473 3658 2637 3712 solem
2679 3658 2935 3712 exorienti
2981 3657 3184 3711 hostias
3235 3659 3425 3711 immo-

1858 3754 2012 3809 lare:
2044 3753 2134 3807 sed
2161 3767 2299 3806 unus
2333 3751 2543 3821 quidem
2586 3767 2651 3806 ex
2681 3752 2764 3805 his
2809 3751 2936 3820 fuga
2976 3751 3202 3806 salutem
3251 3752 3422 3820 petiit.

1860 3845 2092 3901 Barbari
2131 3860 2249 3898 vero
2277 3844 2424 3913 gravi
2474 3860 2659 3913 sopore
2706 3845 2918 3913 sepulti,
2952 3858 3069 3899 cum
3098 3854 3280 3898 exorto
3315 3843 3427 3898 sole

1862 3936 2018 3991 stella
2055 3935 2373 4001 evanuisset,
2402 3934 2465 3987 ab
2495 3935 2774 3989 occidendo
2808 3934 3070 3990 Theodqu
3095 3950 3280 3988 manus
3300 3933 3423 3987 abs-

1865 4031 2171 4091 tinuerunt;
2211 4042 2331 4082 cum
2392 4025 2725 4092 postmodum
2760 4025 2823 4080 de
2850 4043 2909 4080 eo
2943 4026 3163 4094 pecunia
3194 4040 3429 4077 commu-

1867 4119 2026 4173 tanda
2056 4118 2423 4181 decrevissent,
2444 4134 2533 4171 nec
2567 4117 2711 4169 ultra
2737 4116 2841 4169 duo
2873 4117 3072 4185 solique
3090 4116 3236 4169 aurei
3266 4115 3426 4183 o/fer-

1865 4218 2069 4272 rentur,
2113 4223 2249 4261 unus
2290 4222 2354 4262 ea:
2393 4207 2504 4261 illis
2548 4206 2747 4261 nudato
2787 4205 2964 4278 gladio
3000 4222 3118 4260 eum
3170 4207 3428 4275 conﬁcere

1868 4300 2103 4354 tentabat
2127 4316 2146 4355 :
2188 4309 2296 4352 tum
2330 4300 2602 4369 episcopus
2646 4315 2765 4353 eum
2802 4315 2834 4351 a
2870 4298 3115 4352 Barbara
3139 4308 3425 4365 mercatus,

1865 4392 1924 4447 in
1954 4390 2244 4444 libertatem
2271 4390 2481 4452 exemit,
2510 4391 2600 4461 qui
2630 4406 2748 4443 cum
2769 4406 3019 4459 perquam
3051 4390 3243 4459 optime
3268 4391 3429 4444 vitam

1865 4480 2139 4543 duxisset,
2181 4477 2493 4533 obdormivit
2552 4481 2609 4533 in
2651 4480 2898 4534 Domino.
2964 4480 3030 4534 Et
3085 4480 3322 4536 Sirletus
3373 4484 3426 4536 in

1864 4572 2168 4639 Menologio
2243 4571 2557 4626 Graecorum
2619 4587 2633 4623 :
2686 4571 2881 4625 Eodem
2928 4572 3012 4626 die
3063 4572 3129 4626 M
3176 4571 3429 4626 Januarii

1868 4663 1927 4719 S.
1966 4664 2241 4719 Theoduli.
2271 4663 2375 4717 Hic
2419 4663 2520 4732 fuit
2568 4664 2712 4733 ﬁlius
2753 4663 2871 4717 Nili
2903 4664 3002 4719 viri
3034 4665 3306 4733 sapientis,
3342 4667 3432 4735 qni

1867 4755 2050 4809 relicto
2102 4752 2316 4815 swculo,
2368 4754 2422 4806 in
2453 4760 2684 4805 montem
2724 4751 2906 4807 Sinam
2947 4769 3001 4806 se
3049 4753 3293 4816 contulit,
3342 4754 3431 4806 ubi

1869 4863 1988 4900 cum
2049 4845 2162 4915 ﬁlio
2201 4845 2363 4897 vitam
2422 4842 2667 4896 ntonachi
2712 4845 2965 4898 exercuit.
3003 4842 3168 4897 Multa
3229 4844 3430 4914 ingenii

1868 4938 1954 4994 sui
1998 4942 2351 4989 monumenta
2402 4935 2640 5004 posteris
2678 4934 2964 5004 reliquisse
3010 4942 3220 4989 certum
3271 4944 3433 5004 atque

1868 5025 2229 5081 indubitatum
2256 5034 2358 5090 est,
2391 5040 2625 5096 quorum
2658 5039 2786 5093 pars
2818 5040 2929 5078 non
2956 5024 3150 5094 exigua
3179 5033 3429 5095 typorum

1868 5117 2124 5188 prazsidio
2154 5118 2328 5172 lncem
2363 5117 2553 5181 videt,
2603 5131 2730 5186 pars
2768 5115 2822 5169 in
2855 5117 3242 5185 manuscriptis
3289 5116 3431 5187 apud

1868 5209 2341 5265 decantatissimas
2412 5207 2767 5262 bibliothecas
2843 5207 3219 5276 manuscripta
3276 5208 3428 5272 latet,

1868 5315 1997 5370 pars
2024 5300 2187 5355 etiam
2217 5308 2529 5369 temporum
2554 5297 2774 5365 injuriis
2802 5296 3076 5366 deperdita
3107 5306 3212 5353 est.
3243 5295 3432 5365 Nequa

1868 5392 2010 5447 enim
2046 5391 2125 5445 illi
2160 5390 2384 5461 copiose
2425 5390 2652 5459 loquens
2682 5388 2950 5458 sapientia
2972 5430 2986 5455 ,
3028 5403 3205 5458 neque
3245 5402 3428 5443 rerum

1868 5483 1925 5537 in
1959 5480 2260 5550 Scripturis
2290 5482 2644 5537 obscurarum
2685 5481 3019 5550 explanatio,
3055 5494 3231 5549 neque
3259 5479 3430 5533 bonas

1865 5585 2010 5628 artes
2037 5586 2332 5642 moresque
2368 5570 2691 5627 subscrendi
2741 5569 3019 5633 studium.
3056 5569 3297 5639 illudque
3330 5583 3427 5622 su-

1865 5678 2110 5737 premum
2132 5662 2326 5721 defuit.
2349 5661 2688 5732 Nicephorus
2709 5656 2970 5718 Callistus
2991 5660 3090 5715 lib.
3111 5673 3199 5715 τιν
3221 5659 3423 5728 ιΛόγου

3462 609 3493 645 CL
