3882 6036
507 204 576 268 εει
1667 293 1675 298 _
1705 203 2017 280 NOTI'JIIA

2173 203 2528 266 S.NI-LUM.
2757 231 2760 238 λ
2839 179 2865 183 ”
3055 229 3104 244 ~
3168 239 3178 248 -
3677 203 3757 279 36

506 317 564 370 se
601 314 826 384 δυνάμει
853 317 1090 387 κρατῶν,
1120 319 1214 370 καὶ
1238 321 1304 390 τῇ
1347 317 1477 392 Θείᾳ·
1498 320 1854 390 νευρούμενος
1884 320 2064 392 χάριτι

505 386 915 476 συγγράμματα
971 406 1202 478 διάφορα.
1277 386 1607 471 έιαταλέίπει⁷
1650 386 1786 480 πρὸς
1839 386 2070 481 alexim

503 498 903 568 ὑπαλείφονται,
956 498 1098 552 οὕτω
1148 499 1400 570 φράσεως
1445 501 1537 553 καὶ
1605 501 1889 570 νοημάτων
1939 518 2068 572 μετ·

501 593 694 664 έχοντα
717 633 732 657 ,
798 593 873 660 ὡς
919 593 1009 646 τὸν
1070 591 1510 660 ἀναγινώσκοντα
1540 593 1756 663 χάριτος
1787 594 2065 664 ἀφράστου

499 685 720 755 ἕμπλεω
753 684 1088 738 καθιστάναι.
1124 683 1192 736 Ει
1234 701 1350 737 cum
1395 671 1704 754 eloquentia:
1733 685 1782 738 vi
1825 685 2062 754 polleret,

498 777 791 849 divinaeque
820 777 1012 848 gratia:
1045 779 1215 831 nervis
1247 777 1452 831 validus
1472 763 1635 842 esset,
1659 780 1863 856 scripta
1891 782 2061 843 uaria,

495 887 614 940 qua:
649 873 771 925 vita:
815 872 1122 926 monastica:
1157 871 1468 924 exercitium
1498 871 1788 934 instruunt,
1830 871 2060 944 reliquit,

493 961 667 1016 verbis
685 972 734 1015 et
763 962 1033 1015 sententiis
1054 963 1132 1015 ita
1161 948 1474 1029 composita,
1501 970 1556 1014 ut
1586 961 1796 1030 lectoris
1827 961 2062 1020 animum

493 1058 672 1124 gratia
729 1055 1030 1109 incredibili
1087 1065 1340 1109 recreent.
1392 1055 1452 1109 In
1490 1056 1635 1110 omni
1677 1063 1824 1112 recto
1873 1055 2061 1112 studio

493 1148 906 1202 ethumanitate
939 1158 1188 1203 versatus
1219 1146 1505 1218 Philippus
1532 1147 1800 1222 Labbaeus
1826 1149 1881 1203 in
1906 1147 2061 1202 Nova

492 1239 820 1294 Bibliotheca
866 1258 884 1294 :
939 1238 1059 1293 Nili
1109 1239 1688 1310 Constantinopolitani
1735 1241 1794 1296 S.
1827 1239 2058 1313 Ioannis

492 1330 858 1398 Ghrysostomi
913 1332 1162 1401 discipuli
1217 1333 1386 1386 multa
1441 1333 1627 1402 jacent
1689 1335 1950 1402 opuscula
2003 1334 2057 1387 in

491 1419 886 1475 Parisiensibus
943 1423 1166 1491 aliisque
1221 1422 1579 1489 bibliothecis,
1643 1440 1758 1493 quin
1794 1433 1852 1476 ut
1895 1424 2054 1477 audio

486 1522 748 1579 parantur
776 1513 1001 1580 publica:
1041 1514 1264 1566 utilitati
1312 1513 1375 1567 ab
1413 1515 1622 1570 erudito
1651 1516 1952 1582 interprete.
1992 1513 2055 1567 El.

490 1619 615 1674 pag.
649 1603 754 1660 95:
793 1604 910 1659 Nili
931 1605 1254 1675 patriarchae
1286 1605 1866 1675 Constantinopolitani
1895 1623 2053 1676 opera

489 1697 640 1748 uaria
668 1697 719 1750 in
753 1697 905 1750 codd.
939 1698 1114 1767 regiis,
1140 1697 1266 1761 578,
1297 1698 1427 1760 498,
1462 1697 1584 1762 615,
1614 1699 1740 1764 952,
1765 1699 1894 1764 944,
1923 1699 2049 1763 722,

495 1787 653 1842 1067.
681 1788 839 1854 1662,
872 1789 1030 1851 1587,
1067 1787 1222 1852 1588,
1253 1787 1415 1851 2005,
1452 1787 1612 1843 2218.
1645 1789 1823 1844 Multa
1853 1807 2053 1861 quoque

485 1881 718 1948 ejusdem
750 1881 808 1934 S.
845 1879 962 1932 Nili
991 1880 1248 1949 opuscula
1295 1890 1446 1934 erant
1491 1881 1545 1934 in
1587 1881 1897 1949 bibliotheca
1929 1885 2050 1939 Sir-

483 1971 703 2034 letiana,
733 1985 845 2039 qua:
871 1970 993 2022 aliis
1025 1970 1365 2024 memoranda
1397 1970 1652 2042 relinquo.
1683 1972 1766 2042 'Ita
1787 1971 2049 2038 Labbmus

485 2063 571 2115 hic
604 2073 659 2117 ct
697 2061 825 2116 alibi
865 2078 878 2115 :
915 2059 1094 2116 Josias
1149 2060 1415 2116 Simlerus
1449 2062 1504 2116 in
1554 2061 1802 2133 Epitome
1835 2063 2047 2121 Gesne-

481 2155 648 2208 rianae
669 2151 1036 2219 Bibliotheca,
1054 2151 1321 2222 Georgius
1338 2150 1610 2208 Draudius
1631 2153 1684 2207 in
1714 2152 2048 2219 Bibliotheca

479 2245 734 2301 classica.

548 2333 705 2388 Hunc
734 2341 984 2388 sanctum
1015 2331 1196 2387 Nilum
1232 2339 1480 2388 nostrum
1501 2339 1736 2399 ascetam
1765 2332 1860 2387 alii
1885 2341 2047 2404 atque

479 2427 571 2482 alii
606 2431 928 2496 nuncupant
981 2425 1427 2494 archiepiscopum
1474 2434 1533 2480 et
1574 2426 1870 2494 episcopum
1901 2425 2045 2486 Con.-

475 2519 1034 2587 stantinopolitanum,
1065 2516 1368 2587 perinsigni
1417 2517 1915 2588 manuscriptorum
1947 2532 2043 2572 co-

475 2610 662 2664 dicum
698 2608 966 2680 pravitate
999 2608 1238 2678 decepti.
1283 2605 1528 2663 Joannes
1559 2608 1808 2665 Andreas
1833 2649 1836 2652 .
1857 2609 2042 2676 Quen-

475 2703 663 2758 stadt:
709 2700 1170 2770 Constantinopoli
1220 2709 1376 2754 natus
1415 2711 1492 2756 est
1538 2695 1698 2755 Nilus
1734 2702 2039 2768 monac/tus,

469 2791 698 2846 Joannis
728 2791 1098 2861 Chrysostomi
1148 2791 1462 2859 discipulus,
1509 2791 1600 2861 qui
1627 2791 1798 2856 multa
1829 2792 2042 2860 scripsit

471 2884 535 2936 de
566 2883 902 2938 institutione
932 2883 1333 2946 monachorum,
1360 2891 1488 2937 teste
1511 2882 1809 2953 Nicephoro
1833 2883 2036 2940 Histor.

471 2976 564 3031 lib.
588 2993 696 3038 xxv,
726 2992 846 3040 cap.
872 2977 959 3032 55.
992 2975 1251 3042 Quaedam
1271 2975 1384 3044 ejus
1407 2985 1616 3050 exstant
1637 2976 1689 3028 in
1711 2974 2039 3036 Bibliotheca

467 3067 732 3129 Patrum,
766 3076 905 3120 tomo
947 3067 1008 3132 V,
1061 3067 1188 3121 edit.
1245 3067 1300 3122 2.
1341 3051 1642 3136 Separatim
1692 3083 1809 3122 vero
1861 3077 2037 3129 exstat

469 3156 601 3210 liber
628 3155 689 3214 S.
718 3156 837 3211 Nili
865 3156 938 3212 De
967 3157 1278 3213 Christiana
1307 3157 1673 3232 philosophia,
1703 3175 1807 3229 quo
1831 3159 2037 3214 nomine

466 3250 820 3303 monasticam
849 3251 1136 3320 signiﬁcat.
1177 3251 1406 3306 Photius
1435 3252 1490 3305 in
1520 3250 1875 3316 Bibliotheca,
1909 3250 2030 3306 cod.

464 3339 565 3396 201
611 3354 626 3394 :
665 3340 849 3395 Lectus
906 3349 982 3396 est
1039 3341 1153 3396 Nili
1219 3342 1672 3415 monachiliber,
1735 3343 1882 3414 τρισὶ
1941 3344 2034 3396 καὶ

466 3431 803 3500 πεντήκοντα
859 3432 954 3485 καὶ
1006 3432 1200 3486 ἑκατὸν
1247 3433 1563 3503 κεφαλαίοις
1629 3433 2028 3505 διαιρούμενος,

463 3521 555 3574 τὸν
582 3521 681 3591 τῆς
703 3523 1012 3593 προσευχῆς
1065 3522 1124 3576 δὲ
1153 3523 1211 3576 ὲν
1247 3521 1458 3586 τούτοις
1489 3525 1518 3577 ό
1548 3522 1689 3587 θεῖος
1724 3525 1866 3596 ἀνὴρ
1897 3524 2030 3578 ἀνα-

463 3610 692 3664 πτύσσει
725 3613 914 3666 τύπον.
949 3613 1125 3668 Πολλὰ
1155 3614 1213 3668 δὲ
1259 3616 1353 3669 καὶ
1381 3613 1517 3668 ἄλλα
1559 3614 1724 3668 αὑτοῦ
1753 3615 2026 3685 ἀξιόλογα,

461 3702 715 3766 ποικίλας
757 3702 1041 3768 ὑποθέσεις
1070 3705 1486 3777 ὑποϐαλλόμενα
1507 3744 1524 3771 ,
1569 3706 1650 3770 εἷς
1685 3723 1747 3760 τε
1773 3707 1885 3761 τὸν.
1911 3708 2029 3760 ἐπι-

463 3791 770 3864 στολιμαῖον
797 3795 1017 3865 τρόπον,
1043 3797 1138 3851 καὶ
1160 3798 1240 3861 είς
1261 3797 1321 3850 τὸ
1346 3797 1718 3868 συγγραφικὸν
1747 3799 2027 3870 ἁνηγμένα

461 3885 870 3956 συγγράμματα
895 3887 1144 3958 φέρεται,
1175 3890 1274 3960 τήν
1297 3907 1357 3943 τε
1387 3889 1531 3943 κατὰ
1561 3890 1629 3943 τὰ
1657 3889 1795 3960 ἔργα
1825 3890 2026 3944 τελειό-

457 3995 625 4050 τητα,
676 3980 769 4032 καὶ
810 3980 909 4051 τὴν
961 3983 1019 4034 ὲν
1057 3981 1237 4049 λόγοις
1277 3982 1697 4054 μαρτυρούμενα
1747 3982 1976 4054 δύναμιν
2006 4000 2021 4014 ⁸

456 4069 511 4121 in
535 4078 742 4122 centum
773 4079 821 4123 et
858 4055 1245 4142 quinquaginta
1291 4074 1397 4126 tria
1429 4075 1608 4142 capita
1651 4073 1874 4139 divisus,
1905 4077 2021 4145 qui—

413 4157 551 4224 .bus
607 4159 859 4227 precandi
917 4161 1146 4228 formam
1208 4164 1288 4217 vir
1336 4165 1428 4218 ille
1496 4165 1706 4219 divinus
1759 4167 2019 4234 exposuit.

456 4245 725 4302 Feruntur
753 4251 989 4320 ejusdem
1037 4263 1086 4307 et
1123 4253 1233 4307 alia
1263 4259 1420 4323 plura
1455 4255 1591 4310 lectu
1624 4257 1801 4327 .digna
1830 4256 2023 4310 diversi

454 4341 753 4408 argumenti
787 4342 1039 4409 opuscula
1063 4379 1080 4405 ,
1132 4345 1328 4409 partim
1362 4343 1653 4409 Epistolaz,
1684 4346 1879 4412 partim
1918 4347 2023 4398 Ili-

453 4432 638 4484 storia:
669 4433 844 4501 forma
881 4435 1217 4502 conscripta,
1251 4451 1365 4504 quae
1411 4452 1515 4489 non
1555 4451 1768 4505 operum
1817 4445 2020 4490 tantum

453 4523 829 4592 perfectionem
852 4525 1132 4594 insignem,
1165 4526 1256 4578 sed
1267 4578 1269 4581 ,
1289 4527 1341 4578 in
1364 4525 1581 4579 dicendo
1607 4543 1807 4597 quoque
1843 4527 2020 4596 facul-

454 4622 614 4666 tatem
646 4613 760 4682 ejus
796 4623 1087 4668 testantur.
1119 4615 1323 4668 lbidem
1363 4616 1466 4670 alia
1493 4617 1733 4686 ejusdem
1767 4618 1867 4671 Nili
1905 4618 2019 4672 An-

452 4704 613 4760 dreas
656 4706 878 4761 Scottus
916 4715 1167 4761 recenset
1211 4709 1474 4776 opuscula
1503 4749 1520 4774 ,
1570 4725 1686 4778 qua:
1736 4711 1789 4762 in
1828 4709 2016 4775 Italia,

453 4797 766 4853 bibliotheca
800 4798 980 4870 Regia,
1031 4813 1080 4852 et
1131 4803 1442 4869 Augustana
1492 4800 1740 4855 dicuntur
1785 4814 2014 4858 exstare.

452 4889 672 4947 Dubitat
719 4892 1122 4956 nihilominus,
1181 4907 1252 4945 an
1298 4893 1466 4946 unius
1516 4891 1624 4946 Nili
1663 4894 1773 4946 sint
1809 4895 2013 4950 omnia.

450 4982 717 5053 Excerpta
747 5000 815 5038 ex
841 4984 1090 5052 ejusdem
1115 4982 1472 5039 Orationibus
1495 4985 1548 5037 in
1575 4983 1786 5039 Pascha
1817 4986 2013 5056 prima,

448 5085 504 5128 et
529 5076 791 5138 secunda,
813 5077 864 5128 in
879 5076 1251 5130 Ascensionem
1277 5075 1490 5128 Domini
1522 5077 1719 5146 prima,
1772 5080 2014 5134 secunda

452 5174 506 5220 et
536 5167 695 5221 tertia
726 5168 860 5221 satis
891 5168 1101 5236 prolixa
1131 5167 1353 5222 totidem
1379 5169 1561 5225 verbis
1585 5172 1847 5227 cxscribit
1871 5174 2010 5228 idem

448 5260 672 5314 Pbotius
725 5260 778 5313 in
834 5259 1022 5314 eadem
1075 5259 1423 5314 Bibliotheca.
1479 5261 1580 5316 llic
1630 5279 1740 5318 non
1801 5266 2009 5336 absque

445 5350 749 5404 oscitantis:
818 5360 945 5403 nota
988 5350 1383 5420 designandos
1443 5360 1526 5407 est
1556 5355 1787 5424 supinus
1854 5373 2010 5412 error

445 5442 671 5497 Gesneri
718 5450 772 5495 ct
814 5441 1064 5509 Simleri,
1101 5443 1152 5496 in
1193 5442 1559 5510 Bibliotheca,
1600 5448 1695 5515 qui
1743 5453 2010 5519 opuscula

445 5533 778 5605 Thcologica
825 5533 932 5589 Nili
983 5549 1107 5590 cum
1151 5536 1423 5606 capitibus
1465 5537 1724 5594 Diadochi
1777 5544 2023 5617 contum.

444 5625 623 5681 dunt:
661 5628 845 5682 Sancti
887 5627 1002 5682 Nili
1053 5629 1332 5684 Orationes
1386 5632 1696 5688 monastica:
1755 5636 1806 5689 in
1851 5635 2004 5691 Vati-

2176 336 2332 386 cana,
2364 320 2634 390 Opuscula
2661 320 2900 390 qua'dam
2930 319 3264 402 Theologica,
3285 329 3334 376 et
3357 319 3547 390 Capita
3575 339 3753 391 φωτι-

2174 405 2296 483 κῆς.
2332 413 2400 466 Ει
2441 413 2586 483 quod
2624 415 2796 483 magis
2841 421 2948 478 est,
2991 412 3480 500 Magdeburgenses
3511 422 3661 468 cent.
3688 412 3752 475 5,

2145 496 2294 573 'cap.
2337 505 2404 560 10
2440 522 2455 559 z
2489 501 2609 559 Nili
2643 508 2967 561 monasticas
3006 496 3292 560 Orationes
3353 515 3564 561 exstare
3595 505 3749 560 Grae-

2170 596 2260 648 ca’s
2304 595 2482 651 Roma:
2513 597 2568 651 in
2615 597 2896 652 Vaticana.
2948 596 3086 652 Item
3131 597 3399 667 Opuscula
3437 598 3748 667 quindecim

2174 683 2512 757 Theologica,
2560 697 2612 742 et
2661 705 2779 760 cap.
2815 693 3079 762 φωτικῆς.
3116 689 3251 744 Item
3293 688 3487 743 librum
3528 689 3597 743 ad
3636 689 3746 746 Ba—

2144 765 2357 832 'riclem
2396 780 2721 861 episcopum.
2753 781 2830 836 .Et
2861 782 3006 836 infra
3041 800 3055 836 :
3089 781 3300 837 Prtebet
3341 791 3513 836 tamen
3547 797 3744 850 prope-

2169 870 2381 924 modum
2409 871 2786 940 conjecturam,
2817 873 2956 945 quod
2982 877 3235 943 scriptum
3263 874 3528 946 quoddam
3554 876 3743 942 capita

2168 961 2412 1030 φωτικῆς
2463 971 2927 1018 commemoratur.
2985 960 3465 1033 Et‘Nicephorus,
3514 975 3623 1019 etc.
3679 963 3739 1019 Si

2170 1052 2314 1108 ullus
2343 1053 2504 1118 alius,
2540 1055 2704 1128 plane
2733 1056 2963 1123 Photius
3009 1056 3148 1126 ipse,
3197 1071 3266 1111 ne
3303 1055 3395 1112 hic
3433 1057 3737 1112 multorum

2168 1141 2499 1197 testimoniis
2545 1160 2656 1198 rem
2689 1145 3200 1210 traham,_similem
3235 1162 3498 1213 errorem,
3540 1158 3738 1218 aperte

2166 1232 2438 1304 proﬂigat.
2470 1235 2718 1307 Namque
2757 1238 2834 1304 ait
2867 1257 2879 1294 :
2917 1222 3135 1310 Πατέρα
3164 1238 3222 1292 δὲ
3267 1239 3360 1293 τοῦ
3411 1239 3569 1309 λόγου
3603 1241 3735 1293 Διά·

2163 1325 2316 1395 δοχον
2357 1329 2388 1397 ἡ
2418 1329 2700 1400 ἐπιγραφὴ
2733 1330 2901 1399 λέγει,
2940 1332 3188 1403 Φωτικῆς
3211 1332 3312 1403 τῆς
3339 1333 3397 1385 ὲν
3425 1336 3490 1404 τῇ
3522 1333 3734 1403 παλαιᾷ

2176 1417 2414 1490 Ἠπείρῳ
2457 1421 2752 1476 ἐπίσκοπον
2777 1438 2791 1452 ⁶
2835 1423 3117 1478 Auctorem
3148 1425 3260 1494 ejus
3294 1426 3566 1492 inscriptio
3609 1427 3731 1494 ipsa

2162 1507 2294 1576 facit
2322 1499 2657 1565 Diadochum
2702 1511 2944 1570 Photices
2991 1515 3172 1580 illius,
3223 1531 3338 1585 quae
3363 1527 3440 1570 est
3477 1517 3531 1568 in
3562 1526 3730 1570 vetere

2160 1599 2345 1669 Epiro,
2377 1604 2694 1670 episcOpum.
2735 1603 2804 1658 Et
2835 1604 2977 1659 inira
3014 1607 3146 1660 dum
3190 1609 3299 1678 agit
3329 1607 3397 1662 de
3425 1606 3726 1678 Sophronii

2161 1691 2641 1770 llierosolymitani
2665 1696 2993 1770 patriarcha:
3006 1697 3250 1768 Epistola
3282 1701 3544 1771 synodica
3573 1715 3585 1752 :
3615 1701 3729 1752 Καὶ

2157 1784 2188 1836 ὁ
2213 1786 2310 1854 τῆς
2341 1785 2604 1865 Φωτικῆς
2622 1788 2917 1852 ἐπίσκοπος
2946 1788 3117 1860 ὄνομα.
3148 1790 3403 1861 Διάδοχος
3430 1811 3448 1825 ν
3490 1790 3559 1844 Et
3588 1789 3728 1848 Pho-

2160 1875 2278 1930 tica:
2299 1877 2568 1946 episcopus
2607 1878 2820 1955 nomine
2847 1879 3173 1936 Diadochus.

2225 1987 2420 2044 Omnia
2447 1991 2612 2047 istius
2645 1992 2934 2064 opuscula,
2961 2009 3084 2065 quae
3107 1994 3367 2066 pleraque
3392 2003 3544 2062 sunt,
3584 2011 3726 2050 non-

2155 2077 2284 2133 dum
2334 2081 2874 2153 quisquamjustum
2925 2084 2982 2139 in
3020 2085 3275 2141 volumen
3320 2085 3548 2163 redegit.
3581 2085 3724 2140 Sunt

2154 2171 2506 2227 nihilominus
2535 2174 2726 2242 partim
2749 2174 2940 2231 Latine
2964 2175 3200 2242 reddita,
3225 2176 3496 2246 editaque.
3530 2175 3723 2231 Oratio

2153 2261 2221 2316 ad
2261 2262 2428 2318 Deum
2472 2273 2664 2322 contra
2684 2266 3045 2322 Barbarorum
3071 2269 3438 2336 incursiones,
3457 2269 3597 2325 bella
3631 2272 3717 2324 in-

2152 2355 2371 2420 testina,
2399 2367 2630 2426 pestem,
2663 2356 2886 2424 famem,
2929 2368 2986 2414 et
3016 2359 3213 2416 mortis
3239 2360 3347 2414 vim
3390 2369 3720 2430 praesentem

2149 2445 2359 2502 Joanne
2385 2446 2660 2505 Sambuco
2691 2450 2976 2506 Pannonio
3005 2451 3344 2523 interprete:
3373 2449 3435 2508 P.
3461 2452 3719 2524 Omnipo-

2151 2547 2261 2592 tens
2279 2537 2692 2618 pomine.Deus,
2718 2540 2891 2596 Pater
2918 2543 3135 2613 ingeniti
3161 2541 3318 2598 Filii.
3336 2543 3495 2600 Edita
3525 2540 3720 2603 Latine

2150 2636 2362 2684 tantum
2417 2628 2647 2691 Batavii.
2677 2647 2822 2687 anno
2863 2633 3029 2700 1555;
3060 2641 3354 2706 exstatque
3387 2651 3492 2693 ms.
3528 2637 3586 2692 in
3631 2619 3718 2693 bi-

2147 2716 3030 2792 bliotb.ImperatorispViennae..
3098 2772 3100 2774 ,
3175 2769 3178 2772 .
3444 2754 3450 2760 .
3500 2747 3506 2755 -
3575 2741 3578 2746 -

2214 2832 2410 2890 Petrus
2437 2832 2768 2891 Franciscus
2810 2834 2980 2890 Zinus
3007 2834 3340 2893 Veronensis
3373 2835 3427 2890 in
3456 2835 3714 2892 Latinum

2144 2927 2435 2990 convertit,
2469 2933 2523 2981 et
2554 2925 2853 2996 publicavit
2883 2925 3148 2993 Venetiis,
3185 2942 3328 2982 anno
3366 2927 3524 2990 1557,
3566 2928 3711 2983 iii-8.

2211 3034 2436 3092 Librum
2480 3035 2596 3091 Nili
2626 3036 2958 3103 Asceticum,
2989 3039 3095 3092 sive
3137 3038 3200 3092 de
3235 3037 3341 3092 vita
3381 3024 3428 3095 et
3474 3039 3710 3094 moribus

2142 3130 2538 3184 monachorum.
2573 3127 2635 3183 P.
2677 3128 2838 3184 Multi
2879 3144 2944 3183 ex
2991 3128 3214 3192 Graecis,
3265 3141 3312 3184 et
3358 3130 3563 3185 Judtt'is
3605 3150 3709 3197 non

2138 3221 2313 3290 pauci.
2455 3224 2460 3228 ’
2675 3221 2679 3226 ’
2739 3225 2745 3232 ’
2822 3225 2828 3231 ’
3093 3218 3096 3224 “
3413 3285 3418 3292 ,
3484 3203 3492 3216 ’

2209 3312 2292 3366 Ad
2312 3313 2590 3368 monachos
2621 3314 3024 3369 institutionem.
3048 3312 3109 3368 Ρ.
3149 3314 3324 3370 Victus
3349 3317 3705 3387 intemperan-

2139 3405 2270 3459 tiam
2301 3406 2552 3474 jejunium
2592 3406 2752 3460 tollit.

2208 3493 2471 3547 Adversus
2503 3493 2634 3547 uitia
2671 3493 2955 3548 Orationes
2987 3503 3198 3561 septem.

2208 3584 2284 3638 De
2326 3587 2474 3656 gula,
2513 3593 2655 3640 orat.
2699 3587 2748 3639 1.
2793 3584 2853 3640 Ρ.
2898 3584 3234 3656 Principium
3278 3591 3377 3659 ﬂos
3415 3604 3491 3646 est
3532 3599 3700 3664 proﬁ-

2134 3677 2320 3731 ciendi.

2205 3769 2281 3824 De
2318 3771 2557 3835 luxuria,
2596 3778 2738 3824 orat.
2770 3768 2824 3823 2.
2857 3769 2918 3823 Ρ.
2960 3768 3284 3824 Pudicitiam
3323 3778 3466 3844 parit
3507 3788 3700 3849 temps-

2133 3863 2332 3917 rantia.
2799 3860 2801 3862 ’

2200 3955 2278 4010 De
2317 3958 2580 4023 avaritia,
2627 3969 2767 4015 orat.
2811 3962 2863 4017 3.
2908 3961 2968 4020 Ρ.
3016 3966 3262 4022 Avaritia
3309 3970 3571 4023 malorum
3619 3982 3696 4024 est

2130 4051 2362 4104 omnium
2388 4050 2562 4105 radix.

2201 4141 2275 4196 De
2314 4143 2419 4208 ira,
2457 4151 2597 4198 orat.
2633 4145 2687 4198 4.
2738 4143 2836 4199 Ira
2869 4147 3042 4216 furori
3083 4161 3237 4222 atque
3271 4155 3494 4207 insania:
3529 4155 3694 4222 aﬁinis

2126 4244 2224 4286 est.

2198 4323 2276 4378 De
2305 4326 2547 4392 tristitia,
2582 4338 2721 4382 orat.
2754 4330 2807 4383 5.
2834 4329 2891 4384 Ρ.
2936 4330 3168 4397 Spiritus
3203 4336 3513 4402 uoluptatem
3547 4338 3694 4406 igno-

2127 4426 2211 4468 rat
2237 4417 2544 4473 monachus.

2197 4506 2276 4561 De
2294 4508 2501 4574 acedia,
2537 4519 2678 4566 orat.
2715 4511 2768 4566 6.
2799 4511 2860 4565 P.
2891 4511 3068 4568 Animi
3102 4516 3347 4572 debilitas
3381 4529 3456 4572 est
3487 4521 3686 4574 acedia.

2195 4599 2273 4654 De
2298 4603 2442 4654 inani
2469 4603 2663 4672 gloria,
2694 4615 2835 4660 orat.
2876 4607 2930 4663 7.
2961 4607 3020 4662 P.
3054 4607 3240 4664 Inanis
3262 4612 3436 4682 gloria
3465 4625 3539 4666 est
3571 4617 3686 4666 ani-

2125 4693 2198 4745 mi
2233 4695 2558 4760 perturbatio
2600 4697 2799 4752 rationi
2830 4701 3120 4754 contraria.

2194 4803 2269 4857 De
2298 4805 2563 4873 superbia,
2589 4817 2729 4863 orat.
2757 4810 2814 4864 8.
2841 4809 2902 4864 P.
2923 4809 3180 4880 Superbia
3202 4824 3277 4866 est
3302 4815 3464 4867 aninn
3486 4825 3677 4881 Νίκιον,

2121 4897 2267 4950 sanie
2291 4898 2466 4963 plena.

2192 4987 2412 5043 Diversa
2482 4994 2678 5060 capita.
2742 4993 2802 5048 P.
2844 4993 2942 5048 Dei
3005 4998 3243 5052 timorem
3312 5016 3373 5052 ac
3444 5005 3678 5054 studium

2121 5083 2305 5136 retine.

2191 5174 2266 5228 De
2299 5176 2555 5241 oratione,
2584 5192 2705 5248 cap.
2738 5178 2863 5236 155.
2892 5180 2998 5248 Qui
3031 5183 3353 5252 odoriferum
3381 5187 3522 5250 cupit
3561 5187 3677 5254 thy-

2118 5271 2335 5325 miama.
2762 5275 2764 5278 ’

2185 5362 2268 5414 Ad
2299 5361 2540 5430 juniores
2577 5368 2862 5418 monachos
2913 5365 3317 5420 institutionem.
3367 5365 3426 5418 Ρ.
3459 5369 3673 5420 .ruvenis

2116 5452 2256 5507 colat
2282 5453 2503 5522 quietem
2531 5454 2585 5507 in
2615 5471 2850 5524 corpore.

2185 5544 2266 5596 Ad
2295 5547 2639 5600 Anastasium
2673 5550 2971 5618 episcopum
3001 5551 3301 5617 epistolam.
3339 5549 3402 5605 P.
3436 5549 3670 5603 Joannes

2116 5637 2358 5690 sacerdos
2402 5637 2761 5696 admirandus
2780 5641 3028 5697 Ecclesiae
3049 5639 3649 5712 Constantinopolitanw
