3882 6036
113 263 195 325 37
1330 256 1638 322 ΝΟΤῙΤΙΑ
1676 257 1715 316 II

1815 255 1858 316 Ξ.
1897 258 2144 318 NILUM
3127 302 3129 305 .
3286 248 3358 314 38

205 375 280 429 De
310 373 468 428 nimis
489 373 744 425 diuturna
770 369 1085 440 prtefectura
1115 411 1128 425 .
1153 369 1216 426 P.
1253 370 1494 427 Tradunt
1519 385 1692 424 rerum

122 467 463 521 naturalium
492 464 873 519 observatores.

198 559 258 614 In
303 558 637 612 Bibliotheca
675 555 895 609 Patrum
915 552 1197 622 Veterum,
1240 555 1481 609 Colonizv.
1510 555 1690 608 edita:

203 650 282 702 Ex
339 647 573 718 quodam
634 632 964 700 Parmaetiro
1013 645 1144 726 libro
1192 637 1577 717 fragmentum.
1630 641 1693 697 P.

126 738 390 810 Nunquid
423 739 656 808 angelos,
692 738 766 791 vel
795 747 1096 804 potestates,
1122 745 1227 792 etc.
1257 804 1259 806 _

200 831 281 886 De
303 843 418 886 octo
445 832 646 886 vitiosis
660 830 1102 900 wdgitationibus.
1125 899 1127 902 Q

207 924 284 976 De
317 925 460 994 gula.
498 921 559 978 P.
601 921 678 976 'De
719 919 834 975 octo
871 921 1070 974 vitiosis
1111 915 1546 990 cogitationibus,
1603 930 1693 972 seu

125 1017 430 1086 affectibus.

198 1107 282 1162 De
303 1106 663 1177 fornicatione.
681 1085 1141 1157 P.Fornicationis
1159 1083 1376 1171 spiritus
1395 1118 1485 1170 per
1499 1118 1695 1154 carius.

203 1200 284 1254 De
315 1199 575 1253 Avaritia.
609 1195 667 1248 P.
714 1189 1108 1273 Externuntest
1140 1175 1377 1270 avaritia:
1413 1193 1624 1255 bellum.

199 1291 283 1344 De
313 1292 414 1344 ira.
441 1289 500 1343 P.
547 1287 641 1341 Ira
676 1304 793 1340 cum
826 1285 982 1340 semel
1013 1274 1188 1353 pectus
1221 1269 1498 1338 obsederit.

202 1383 286 1437 De
319 1383 553 1435 tristitia.
591 1379 650 1433 P.
685 1379 815 1434 Cum
841 1377 1103 1444 improbus
1135 1377 1362 1453 tristit-ite
1387 1358 1625 1444 spiritus.

204 1476 288 1531 De
318 1475 522 1529 acedia.
558 1472 622 1526 P.
664 1471 869 1526 Acediaz
896 1455 1130 1537 spiritus.
1157 1453 1392 1521 mmi'oris
1431 1470 1696 1534 spiritum.

207 1571 286 1622 De
325 1568 472 1621 inani
501 1566 694 1636 gloria.
721 1563 781 1618 P.
818 1562 1006 1616 Inanis
1040 1563 1224 1632 gloria:
1259 1561 1478 1629 affectus
1517 1561 1700 1612 multi-

127 1659 255 1726 plex
281 1669 380 1712 est.
1466 1703 1470 1708 .

207 1751 285 1805 De
313 1748 577 1813 superbia.
610 1745 672 1800 P.
702 1742 1080 1807 Cravissimus,
1131 1729 1284 1810 atque
1318 1739 1550 1813 omnium
1589 1747 1698 1790 truo

131 1841 556 1896 culentissimus.
852 1834 899 1858 ’λ
986 1835 988 1839 ’
1189 1817 1202 1829 ’
1688 1874 1698 1890 ,

210 1933 285 1985 De
311 1932 550 1984 oratione
581 1928 754 1995 capita
790 1925 908 1990 150,
945 1936 1077 1979 seet.
1114 1909 1237 1978 147.
1267 1921 1456 1976 Latine
1488 1929 1699 1974 tantum

132 2026 438 2094 interprete
470 2022 770 2077 Francisco
799 2019 1090 2076 'l‘urriano,
1131 2018 1223 2086 qui
1268 2032 1390 2069 eum
1443 2014 1700 2068 Diadochi

132 2117 400 2171 Photices
429 2114 670 2186 episcopi
707 2111 978 2184 capitibus
1005 2109 1075 2162 De
1099 2108 1413 2176 perfectione
1436 2105 1703 2174 spirituali

132 2211 346 2266 edenda
388 2209 599 2264 curavit
643 2204 955 2274 Antuerpia:
994 2202 1139 2272 typis
1185 2196 1568 2259 Piautiuianis,
1604 2213 1703 2250 an-

133 2319 210 2358 no
244 2303 404 2364 1575,
441 2300 618 2355 iii-12.
653 2298 806 2355 Unde
848 2299 900 2350 in
934 2290 1286 2348 Bibliothecis
1314 2290 1562 2344 Veterum
1601 2288 1705 2342 Pa-

134 2406 285 2450 trum
312 2413 340 2448 a
371 2394 680 2465 Margarino
712 2392 928 2462 Bignzeo
961 2384 1216 2455 deducta.

211 2490 366 2544 Liber
396 2491 674 2544 asceticus.

213 2582 495 2636 Institutio
531 2580 601 2634 ad
640 2581 944 2636 monachos.
1420 2633 1425 2646 ί

216 2675 500 2729 Orationes
536 2681 654 2727 octo
690 2672 939 2726 adversus
965 2671 1226 2740 primaria
1253 2667 1401 2741 vitia.
1462 2723 1467 2729 ,

211 2764 395 2817 Brevis
423 2762 688 2814 institutio
723 2761 790 2813 ad
807 2761 1048 2831 juniores
1082 2757 1383 2828 monachos.

217 2855 457 2924 Epistola
489 2853 558 2907 ad
590 2853 938 2908 Anastasium
967 2854 1329 2923 presbyterum
1357 2863 1474 2900 eum
1510 2843 1710 2895 duobus

139 2950 478 3020 fragmentis.
1125 3017 1130 3020 _
1377 3004 1386 3016 ,

215 3041 500 3095 Τιασιαιιιε
551 3038 614 3094 de
656 3047 770 3094 octo
810 3039 1014 3093 vitiosis
1053 3017 1479 3106 cogitationibus,
1521 3029 1712 3082 Latine

143 3142 446 3203 tnterprete
494 3130 699 3186 Jacobo
745 3131 900 3184 Billio
935 3128 1169 3182 Prunaeo
1221 3125 1278 3180 S.
1330 3121 1613 3198 Michaelis
1657 3120 1712 3172 in

143 3239 336 3280 eremo
368 3222 776 3286 ccenobiarcha,
800 3221 895 3290 qui
919 3221 1072 3274 illum
1111 3233 1234 3273 cum
1264 3213 1490 3271 Joannis
1516 3211 1712 3263 Dama-

143 3316 299 3371 sceni
323 3315 580 3384 operibus
607 3313 776 3367 edidit
806 3309 1052 3374 Parisiis,
1081 3292 1225 3380 anno
1254 3304 1409 3374 1577.
1441 3301 1717 3372 διιὺῖρρὶιτ

144 3424 256 3480 que
287 3405 514 3478 Eugenii
543 3404 829 3474 opuscula,
867 3401 929 3454 de
955 3384 1134 3454 eodem
1161 3403 1472 3467 argumento
1499 3409 1517 3447 :

218 3501 407 3556 Graece
443 3514 569 3555 vero
589 3505 652 3553 'et
680 3496 871 3550 Latine
917 3495 1063 3549 edita
1111 3500 1260 3547 sunt.
1309 3488 1564 3556 Ejusdem
1607 3487 1718 3539 Κε-

147 3590 449 3662 φάλαια,ῗῆ
497 3589 865 3661 παραινέσεις,
919 3584 1144 3654 Capita,
1197 3572 1291 3637 seu
1336 3579 1717 3646 Prwceptioues

146 3684 509 3747 sententiosce,
580 3679 878 3735 Francisco
934 3674 1212 3730 Turriano
1275 3674 1605 3741 interprete,
1665 3677 1721 3724 et

151 3778 358 3849 prioris
403 3771 873 3844 interpretationis
915 3754 1247 3848 correctore,
1295 3765 1507 3835 collatis
1545 3763 1720 3817 tribus

151 3868 492 3940 pervetustis
551 3842 976 3934 exemplaribus,
1027 3842 1092 3914 et.
1139 3858 1366 3914 seholiis
1431 3855 1718 3926 appositis.

151 3961 446 4015 Florentiae
514 3955 658 4026 apud
732 3953 1189 4007 Bartholomteum
1255 3946 1722 4002 Sermaretellium

156 4055 318 4116 1578,
351 4053 490 4106 in-S.
527 4048 646 4104 Una
670 4062 796 4101 cum
825 4044 1091 4099 Diadochi
1114 4039 1633 4116 ep'iscopi'Photices
1665 4038 1719 4090 in

154 4159 323 4204 vetere
360 4146 518 4213 Epiro
547 4141 752 4211 Illyrici
776 4137 1038 4206 capitibus
1066 4144 1273 4210 centum
1294 4131 1378 4205 'de
1404 4131 1730 4200 perfectione

155 4239 447 4310 spirituali.
479 4235 544 4289 Et
577 4239 690 4288 tunc
719 4232 927 4287 Graece.
962 4228 1157 4282 Latine
1187 4241 1315 4280 vero
1342 4223 1589 4293 Lugduni
1615 4222 1723 4275 Ba-

159 4346 407 4390 tavorum
441 4346 508 4384 ex
542 4327 754 4382 officina
777 4322 1149 4384 Plantiuiana,
1181 4318 1335 4380 1590.
1361 4317 1513 4384 int-8;
1543 4321 1596 4370 et
1618 4315 1725 4369 Ba-

157 4427 306 4482 sileze
339 4422 485 4494 apud
528 4418 822 4485 Robertmn
873 4415 1124 4478 Winter;
1178 4421 1233 4466 et
1277 4409 1518 4466 Colonia:
1584 4405 1730 4477 apud

158 4517 508 4590 Gynmicum.
549 4513 682 4566 Item
716 4509 902 4564 Gnece
940 4515 994 4562 et
1032 4505 1226 4558 Latine
1271 4503 1326 4555 in
1354 4501 1597 4569 linguam
1629 4498 1726 4551 La-

157 4613 328 4666 tinam
385 4607 686 4669 traductm,
726 4612 779 4657 ct
827 4599 1158 4655 testimoniis
1212 4606 1326 4648 tum
1385 4593 1559 4648 sacris
1612 4599 1727 4644 tum

160 4701 407 4774 profanis
441 4699 752 4759 illustratur,
784 4707 946 4762 opera
968 4698 1020 4745 et
1045 4689 1233 4742 labore
1263 4683 1525 4754 Stephani
1556 4683 1731 4736 Scho-

159 4794 387 4861 ningii:
439 4786 769 4841 Fraucherae
829 4781 1137 4838 excutiebat
1193 4776 1441 4847 [Egidius
1497 4775 1729 4828 Radaeus

159 4885 418 4940 ordinum
474 4878 666 4932 Frisia}
722 4874 1096 4947 typographus
1152 4870 1288 4924 1608
1346 4866 1486 4921 ili-8.
1535 4865 1729 4918 Addita

162 4985 291 5032 sunt
322 4972 548 5044 Agapeti
573 4969 762 5036 Capita
783 4967 1122 5035 parrcnetica,
1161 4971 1216 5016 et
1249 4957 1561 5014 Aristotelis
1592 4957 1734 5010 liber

162 5068 238 5121 De
268 5064 551 5120 virtutibus
589 5069 637 5113 et
673 5060 836 5119 vitiis,
887 5055 1078 5110 eodem
1118 5052 1396 5121 Stephano
1435 5050 1751 5117 interprete.

163 5168 218 5214 et
247 5155 584 5226 expositore.
629 5149 841 5203 Eaedem
875 5164 904 5200 a
936 5145 1198 5199 Michaele
1249 5141 1445 5196 Toxita
1491 5140 1736 5193 carmine

163 5248 392 5304 reddita:
416 5257 634 5300 excusre
674 5248 804 5295 sunt
842 5236 1189 5307 Argentorati
1221 5253 1248 5287 a
1275 5233 1515 5287 Cratone
1552 5229 1732 5301 Mylio.

164 5342 508 5410 Epitomator
559 5331 928 5388 Gesnerianus
967 5346 980 5381 :
1030 5328 1122 5396 qui
1170 5334 1353 5379 tamen
1394 5325 1450 5378 in
1503 5321 1738 5392 epitome

166 5429 378 5483 nullam
416 5427 582 5492 hujus
613 5420 885 5476 versionis
908 5419 1242 5471 mentionem
1271 5413 1421 5479 facit,
1445 5411 1610 5467 sicuti
1637 5424 1738 5465 nec

166 5521 446 5574 Gesncrus
479 5517 533 5568 in
567 5515 785 5568 Toxita.
851 5565 855 5572 ,

240 5610 434 5680 Χρυσᾶ
466 5605 660 5659 Νείλου
703 5601 998 5656 ἐπισκόπου
1035 5597 1127 5652 καὶ
1171 5598 1475 5667 μάρτυρσςο
1527 5595 1716 5664 Capita

171 5722 261 5764 seu
296 5701 676 5769 Prwccptiones
709 5697 1053 5752 sententiam).
1096 5690 1437 5761 κεφάλαια,ἢ
1479 5689 1708 5761 παραινέ

1799 386 1914 434 σεις
1948 370 2197 440 Lugduni
2244 369 2575 436 Batavorum
2622 381 2690 446 px
2744 362 2960 418 ollicina
3006 363 3355 420 Planttniaua

1795 466 1937 534 apud
1971 463 2325 521 Franciscum
2347 459 2779 529 Raphelengium
2811 455 2970 521 1590,
2995 457 3133 511 in-8.
3155 457 3355 512 Eadem

1795 554 1898 631 sub
1926 555 2088 608 titulo
2117 571 2131 606 :
2167 553 2341 606 Aurea
2370 549 2494 604 'Nili
2529 548 2755 617 episcopi
2807 557 2856 601 et
2893 547 3142 616 martyris
3171 546 3361 600 Parte-

1796 646 1986 711 netica,
2013 645 2313 714 interprete
2348 640 2572 696 Nicolao
2600 639 2879 702 Glassero,
2928 636 3224 706 Hamburgi
3261 651 3359 691 ex-

1792 735 2028 810 cadebat
2073 735 2273 788 Paulus
2314 732 2573 803 Langius.
2622 715 2779 783 Anim
2821 727 2984 791 usit,
3025 726 3166 780 in-8.
3193 724 3358 796 Ἀρχὴ

1797 818 2116 897 σωτηρ’ίαι,ή
2142 824 2306 877 αὐτοῦ
2325 822 2682 891 κατάγνωσις.
2707 820 2784 874 De
2812 819 2879 873 iis
2902 819 3171 887 interpres
3195 835 3208 870 :
3238 813 3362 870 Cla-

1796 908 1913 992 runt
1938 913 2016 970 est
2047 903 2180 969 illud
2212 914 2546 985 Pltocglidis,
2599 912 2751 986 παῖδ’·
2777 911 2858 963 ἔτι
2894 910 3052 962 ἐόντα
3084 907 3259 980 χρεὼν
3298 907 3361 978 δὴ

1796 1009 1937 1062 καλὰ
1962 1008 2282 1077 διδασκέμεν
2307 1007 2462 1078 ἔργα.
2488 1004 2627 1058 Ilinc
2651 1014 2699 1057 et
2724 1001 3002 1072 Agesilaus
3029 1017 3092 1054 ea
3115 1000 3363 1054 discenda

1796 1119 1908 1182 esse
1938 1102 2119 1182 pueris
2160 1099 2318 1170 dizpit,
2366 1099 2551 1169 quibus
2591 1097 2900 1171 grandiores
2942 1095 3073 1162 facti
3121 1095 3201 1146 uti
3241 1107 3364 1161 pos-

1797 1178 2087 1248 sint.‘Sunt
2147 1191 2308 1261 igitur
2343 1190 2440 1243 illa
2473 1188 2804 1258 potissimum
2863 1185 3126 1256 eligenda,
3177 1184 3364 1254 quibus

1793 1285 2037 1362 juventus
2063 1282 2186 1358 etin
2230 1282 2418 1334 litteris
2455 1281 2683 1348 proﬁcit,
2725 1287 2774 1331 et
2813 1294 2982 1332 mores
3008 1278 3198 1346 pietate
3243 1291 3366 1327 con-

1755 1393 1758 1396 '
1796 1351 2038 1427 diuntur.
2075 1351 2317 1426 De'Nili
2369 1369 2544 1424 libello
2602 1385 2706 1422 non
2733 1376 2809 1422 est
2849 1367 2988 1438 quod
3029 1367 3364 1429 dubitemus,

1799 1483 1955 1538 quam
1977 1465 2045 1519 ad
2083 1465 2262 1522 omnia
2291 1464 2400 1517 hwc
2422 1464 2585 1530 possit
2622 1461 2932 1529 plurimum.
2967 1455 3060 1512 Est
3089 1461 3226 1511 enim
3256 1457 3363 1509 ele-

1798 1559 2009 1630 gantius
2045 1557 2268 1624 politus,
2294 1557 2557 1608 virtutum
2600 1554 2871 1622 praceptis
2906 1549 3370 1621 gravis,,untiqui-

1803 1650 1927 1704 tatis
1966 1648 2282 1718 auctoritate
2325 1647 2444 1715 pius
2471 1687 2486 1711 ,
2532 1661 2850 1715 prorsusque
2887 1659 3100 1696 aureus.
3147 1641 3369 1695 Constat

1801 1758 1920 1796 vero
1953 1757 2098 1812 eum
2155 1741 2210 1792 in
2244 1739 2614 1800 vetustissima
2659 1738 2891 1806 quadam
2946 1735 3256 1788 bibliotheca
3315 1733 3372 1782 in

1799 1830 2083 1886 Walachia
2116 1828 2515 1898 Transglvania:
2560 1828 2789 1896 ﬁnitima
2834 1842 2866 1878 a
2901 1825 3203 1878 doctissimo
3260 1825 3372 1875 viro

1801 1922 2008 1978 Joanne
2033 1919 2275 1999 Homero,
2295 1919 2584 1974 Caronensi
2614 1918 2897 1981 inventum,
2924 1927 2970 1968 et
3021 1914 3087 1968 ad
3124 1912 3371 1966 clarissi-

1804 2031 1946 2068 mum
1997 2011 2286 2065 Nicolaum
2341 2007 2656 2062 Neandrum
2698 2007 2760 2060 de
2799 2005 3132 2075 antiquitatis
3180 2000 3373 2056 studiis

1806 2106 1997 2175 optime
2018 2103 2283 2167 meritum,
2311 2111 2368 2153 ut
2387 2102 2442 2154 in
2465 2101 2630 2152 lucem
2660 2097 2914 2166 prodiret,
2944 2098 3161 2150 missum
3185 2094 3378 2162 fuisse,

1805 2217 1836 2251 a
1871 2214 1970 2268 quo
2016 2195 2322 2258 emendatus
2361 2193 2652 2263 integritati
2684 2201 2732 2244 et
2758 2187 3374 2255 nitorirestitutus,pri-

1808 2304 2050 2359 mumque
2081 2303 2201 2340 cum
2238 2285 2362 2355 aliis
2401 2283 2711 2352 editusfuit
2742 2280 3044 2350 Opusculis.
3082 2277 3213 2343 Quis
3255 2293 3387 2330 vero.

1806 2381 1962 2447 hujus
1990 2378 2154 2447 libelli
2172 2379 2242 2432 sit
2273 2387 2646 2442 auctor,.cum
2674 2373 2910 2444 plurium
2940 2370 3175 2440 ejusdem
3203 2368 3386 2422 nomi-,
3447 2393 3484 2416 ξι

1807 2474 1887 2529 uis
1923 2473 2309 2542 episcoporum,
2345 2480 2664 2539 martyrum,
2709 2465 3056 2533 doctrinaque
3104 2469 3373 2530 prazstau-

1809 2565 1941 2618 tium
1960 2565 2192 2618 virorum
2217 2564 2274 2616 in
2307 2561 2534 2615 historia
2552 2559 2742 2614 mentio
2757 2557 2851 2626 fiat
2871 2554 3251 2615 ecclesiastica,
3273 2567 3393 2604 non.
3451 2590 3476 2596 .-

1807 2658 2011 2730 liquido
2041 2665 2280 2726 apparet.
2323 2655 2436 2708 Duo
2467 2654 2603 2707 enim
2652 2648 2770 2703 Nili
2817 2657 3036 2701 auctore
3077 2643 3390 2712 Nicephoro;

1809 2754 2021 2820 fuerunt
2064 2746 2325 2818 nggptii.
2375 2745 2528 2798 Alius
2569 2737 3086 2801 Thessalonicensis,
3130 2737 3219 2805 qui
3261 2748 3423 2817 post-_-

1811 2811 1993 2898 Caroli
2028 2811 2212 2910 Magni
2247 2838 2376 2892 vixit
2409 2847 2667 2904 tempora.
2695 2831 2828 2885 Fuit
2865 2841 2915 2884 et
2955 2828 3118 2882 Nilus
3161 2826 3377 2897 quidam
3399 2811 3413 2874 ,’
3489 2865 3498 2872 .

1811 2932 2178 2988 scholasticus.
2205 2926 2370 2981 Istius
2393 2941 2531 2986 vero,
2555 2921 2639 2976 cui
2667 2919 2982 2990 opusculum
3007 2918 3104 2969 hoc
3131 2913 3396 2973 Neander,
3468 2927 3476 2952 τ
3520 2945 3522 2948 -

1814 3020 2177 3078 ascribendum
2240 3025 2442 3084 putat,
2514 3013 2825 3068 mentionem
2875 3009 3005 3078 facit
3050 3005 3380 3074 Nicephorus

1813 3119 1905 3173 lib.
1934 3129 2018 3180 -ιν,
2053 3130 2170 3182 cap.
2205 3110 2386 3166 54.151:
2417 3125 2516 3179 quo
2551 3115 2758 3160 constat
2781 3101 3100 3157 admirando
3120 3099 3209 3153 isti
3248 3096 3395 3150 Nilo.
3459 3141 3464 3148 .

1813 3210 2038 3279 patriam
2060 3206 2226 3275 fuisse
2248 3197 2788 3266 Constantinopolim,
2816 3193 2970 3262 cujus
2987 3192 3149 3245 etiam
3173 3199 3383 3258 propter
3416 3222 3418 3224 τ
3472 3228 3476 3237 .

1814 3301 2075 3371 egregiam
2126 3295 2354 3351 nominis
2408 3291 2737 3346 nobilitatem
2776 3286 3059 3356 prwfectus
3102 3283 3223 3351 fuit.
3276 3280 3381 3334 Sed

1817 3395 1998 3449 relicto
2031 3390 2128 3444 tali
2157 3397 2301 3442 statu
2329 3384 2397 3437 ad
2435 3387 2596 3438 vitam
2641 3397 2695 3435 se
2745 3377 2968 3432 contulit
3007 3375 3380 3429 monasticam.
3470 3402 3485 3424 ,’

1819 3485 2038 3542 Dicendi
2100 3496 2302 3554 quoque
2348 3475 2637 3547 facultate,
2691 3469 3066 3540 praetorisque
3132 3464 3402 3518 doctrinm.
3489 3488 3510 3507 .ι

1819 3578 2029 3634 dotibus
2104 3575 2394 3630 instructus
2483 3581 2602 3619 cum
2659 3561 2875 3632 -.fuerit,
2934 3557 3116 3613 variis
3194 3554 3422 3623 ingenii.

1820 3667 2172 3726 monumentis
2215 3660 2460 3717 nominis.
2503 3657 2587 3711 sui
2631 3652 2947 3710 memoriam.
2999 3647 3067 3701 ad
3105 3646 3390 3716 posterita-

1823 3774 1924 3818 tem
1949 3757 2278 3832 propagavit.
2313 3753 2410 3816 llic
2447 3749 2682 3804 observa
2727 3744 2916 3807 verba,
2961 3740 3081 3794 Duo
3131 3737 3246 3791 Nili
3291 3753 3387 3798 au:

1825 3830 1966 3911 ctare
2026 3849 2324 3918 Nicephoro
2385 3844 2596 3914 fuerunt
2641 3835 2907 3908 ngyptii.
2969 3830 3126 3887 Unus
3173 3837 3389 3884 tantum
3483 3870 3490 3880 ..

1825 3945 2132 4016 Nicephoro
2164 3938 2458 4012 IEgyptius
2487 3940 2594 3990 est.

1858 4014 2006 4092 ~llas
2042 4034 2263 4091 easdem
2313 4029 2628 4086 Parteneses
2675 4019 2852 4076 edidit
2892 4015 3080 4072 Graece
3111 4023 3166 4071 et
3198 4014 3396 4069 Latine

1827 4129 2034 4183 Paulus
2061 4123 2304 4183 Minerva
2325 4114 2580 4171 Barensis
2603 4108 3022 4167 Dominicanus,
3058 4120 3182 4158 cum
3218 4104 3390 4157 Scho-

1829 4222 1916 4277 liis
1941 4233 2038 4275 seu
2073 4207 2523 4275 Commentariis;
2548 4200 2778 4271 Neapoli
2804 4195 2947 4268 apud
2975 4193 3392 4249 Constantinum

1829 4310 2062 4366 Vitalem
2097 4303 2259 4367 1604,
2293 4299 2437 4368 insi.
2468 4293 2616 4361 Quid
2649 4293 2706 4346 in
2729 4290 2864 4345 .illis
2897 4285 3244 4342 illustrandis
3270 4299 3392 4354 ege-

1829 4407 1922 4467 rit,
1957 4403 2075 4472 ipse
2117 4400 2341 4453 enarrat
2379 4391 2445 4444 ad
2485 4390 2786 4443 lectorem:
2829 4379 3098 4449 Quidquid
3150 4379 3311 4447 igitur
3338 4378 3412 4429 in.

1832 4495 1940 4549 illis
1962 4470 2210 4559 reperies,
2240 4500 2304 4538 ea:
2334 4489 2641 4537 sanctorum
2681 4475 2910 4530 Patrum
2927 4473 3171 4526 doctrina
3199 4470 3396 4524 exhau-

1832 4598 1971 4642 stum
2015 4597 2125 4638 esse
2165 4578 2408 4648 judises;
2435 4573 2550 4626 ideo
2581 4578 2630 4624 et
2660 4576 2873 4622 cunctos
2897 4566 3171 4619 citavimus
3203 4578 3220 4615 :
3252 4579 3408 4616 ωιτη-η

1831 4695 1928 4750 que
1950 4675 2018 4729 ad
2044 4673 2317 4744 politicam
2348 4677 2395 4720 et
2422 4661 2677 4718 moralem
2711 4661 2872 4713 vitam
2898 4672 3146 4726 perquam
3171 4655 3401 4707 maxime

1834 4749 2258 4827 ordinarentur;
2303 4761 2370 4814 ad
2413 4758 2536 4812 illas
2573 4750 2933 4815 roborandas,
2980 4749 3396 4817 ﬁrmandasquc.

1834 4864 2163 4920 ethnicorum
2223 4870 2424 4927 quoque
2475 4846 2904 4920 philosophorum
2962 4843 3233 4894 axiomata
3284 4854 3399 4906 per-

1835 4949 2173 5006 strinximus.
2211 4954 2267 4996 ut
2302 4943 2496 5003 sciant,
2519 4938 2608 5007 qui
2643 4935 2835 4988 laxatis
2863 4933 2982 4984 vitm
3013 4931 3225 4982 habenis
3250 4927 3398 4979 illam

1835 5041 2164 5115 provinciam
2197 5038 2415 5095 ducunt,
2467 5033 2629 5100 legem
2661 5027 3059 5083 Christianam,
3092 5021 3253 5090 legem
3291 5035 3406 5072 esse

1837 5111 2109 5192 virtutum,
2160 5143 2318 5198 quam
2347 5139 2410 5178 ea:
2455 5119 2944 5186 etltnicisplerique
2985 5113 3223 5168 naturali
3277 5111 3405 5164 illit-

1839 5225 1997 5282 strati
2035 5221 2230 5275 lumine
2271 5215 2556 5286 prosecuti,
2583 5212 2735 5266 miris
2778 5208 3075 5263 extulerunt
3129 5203 3400 5258 encomiis.

1845 5315 1985 5385 Quid
2019 5314 2065 5369 si
2095 5308 2388 5367 Christiani
2412 5306 2523 5360 uati
2562 5303 2824 5371 fuissent?
2863 5297 3156 5353 Sanctitate
3193 5291 3404 5362 quidem

1842 5381 2008 5464 nimia
2053 5403 2326 5474 pollerent.
2380 5398 2478 5451 llic
2522 5405 2703 5449 tamen
2732 5391 2858 5445 talis
2891 5395 3188 5453 tantusque
3225 5384 3307 5435 vir
3338 5381 3407 5434 de

1845 5472 2428 5554 barum—Parteneseon
2462 5495 2688 5541 auctore
2724 5482 3033 5550 disputans,
3078 5475 3189 5528 illis
3223 5472 3402 5526 Nilne.

1848 5599 2087 5646 ascetam
2114 5628 2128 5650 ,
2163 5594 2216 5639 et
2241 5573 2907 5646 Constantinapolitanum
2942 5569 3113 5629 exuit,
3157 5573 3407 5633 acceptas

1849 5682 2023 5740 defert
2047 5678 2169 5736 Nilo
2201 5676 2457 5748 episcopo
2486 5679 2541 5726 et
2565 5665 2809 5736 martyri.
2840 5665 3110 5718 Incertum
3140 5654 3407 5727 siquidem
