3882 6036
471 244 541 306 39
1190 278 1193 281 ι
1647 229 1949 293 NOTITIA
2000 226 2081 285 IN
2126 224 2186 283 S.
2232 222 2497 285 NILUM.

471 363 576 414 est,
612 359 667 403 ut
700 357 923 403 notatur
990 349 1045 405 in
1079 346 1416 403 Bibliotheca:
1466 354 1771 400 sanctorum
1812 341 2034 394 Patrum

473 451 620 496 tumo
651 441 741 502 ill,
766 440 993 496 Basilea:
1018 441 1317 510 impresso,
1353 454 1421 491 an
1453 438 1542 491 hic
1566 434 1719 490 Nilus
1745 434 2040 503 episcopus

472 514 760 598 Egyptius
793 528 975 592 luerit,
1014 528 1177 595 cujus
1203 527 1453 582 meminit
1485 523 1756 578 Eusebius
1791 521 1886 575 lib.
1917 533 2037 581 vut,

473 632 599 688 cap.
631 619 717 672 14.
754 617 821 672 Et
885 634 1009 675 esse
1056 619 1205 673 illum
1260 617 1572 688 Egyptium
1618 623 1763 685 patet
1807 629 1871 667 ex
1922 612 2042 681 ipsa

474 710 876 781 inscriptione:
909 712 1104 764 Νείλου
1141 711 1460 776 ἐπισκόπου,
1497 708 1592 761 καὶ
1636 707 1912 778 μάρτυρος
1950 720 2043 757 κε-

477 801 755 871 φάλαια,ἢ
789 802 1156 871 παραινέσεις·
1194 799 1310 854 Nili
1335 800 1566 869 episcopi
1593 807 1643 854 et
1673 798 1927 868 martyris
1959 811 2044 849 ca-

476 894 625 961 pita,
657 892 764 945 sive
803 891 1135 945 Parwneses.
1179 889 1333 944 Licet
1371 889 1711 959 Margarinus
1768 886 1835 942 de
1867 886 1918 940 la
1950 884 2043 939 Bi-

476 999 580 1052 gue
627 982 809 1037 Nilum
867 984 1183 1053 episcopum
1251 980 1552 1046 abraserit,
1598 979 1781 1034 Nilum
1846 990 2044 1033 mona-

475 1072 708 1127 chorum
765 1079 971 1141 patrem
1022 1069 1410 1140 inscripserit,
1447 1082 1611 1139 quem
1648 1066 2043 1123 sententiarum

478 1164 672 1217 harum
706 1160 984 1218 auctorem
1012 1161 1165 1226 facit,
1194 1161 1311 1217 solo
1338 1160 1630 1229 Nicephori
1657 1159 1868 1215 Callisti
1889 1159 2045 1215 testi-

477 1251 665 1305 monio
692 1251 884 1316 fultus,
924 1252 1030 1306 hoc
1062 1251 1146 1306 vel
1177 1252 1296 1306 solo
1330 1255 1671 1318 argumento.
1709 1248 1912 1303 Scribit
1948 1247 2045 1303 Ni-

477 1343 773 1413 cephorus,
834 1341 1021 1395 Nilum
1048 1340 1365 1395 monachum
1404 1337 1598 1405 Capita
1626 1336 1919 1407 collegisse,
1945 1337 2047 1390 ali-

477 1451 580 1503 qua
646 1434 853 1503 quidem
911 1434 1108 1503 fusius,
1169 1432 1338 1486 multa
1395 1438 1573 1483 autem
1632 1428 2046 1498 compendiosius

476 1532 729 1577 tractata.
789 1524 931 1593 Ergo
975 1523 1069 1592 qui
1117 1523 1233 1577 haec
1281 1520 1474 1590 Capita
1515 1518 1756 1587 scripsit,
1808 1532 1919 1570 non
1946 1516 2050 1570 fuit

477 1614 632 1670 Nilus
664 1615 955 1687 Egyptius
982 1615 1297 1685 episcopus.
1328 1614 1441 1666 Non
1471 1619 1655 1666 tamen
1678 1610 1805 1665 inde
1832 1609 2049 1679 pervin-

476 1707 574 1770 cit,
608 1705 800 1777 Capita
861 1707 977 1760 haec
1034 1722 1143 1762 non
1196 1720 1321 1761 esse
1371 1705 1619 1776 episcopi
1668 1710 1724 1758 et
1768 1700 2047 1771 martyris.

477 1795 625 1851 Fieri
659 1796 806 1852 enim
840 1803 1017 1866 pOtest
1071 1804 1131 1849 ut
1162 1803 1411 1865 uterq-ie»
1438 1796 1633 1866 Capita
1681 1790 2050 1854 concinnarit,

476 1903 652 1958 eaque
683 1887 931 1952 diverse;
967 1886 1111 1955 quod
1150 1892 1204 1939 et
1243 1885 1369 1941 aliis
1398 1886 1535 1940 viris
1580 1880 1972 1944 sanctissimis,
1998 1887 2055 1935 et

477 1979 684 2035 Graecis
713 1978 1077 2048 scriptoribus
1108 1976 1213 2031 luit
1246 1977 1517 2033 solemne.
1551 1976 1618 2030 Et
1641 1974 1913 2029 Antonius
1937 1984 2055 2027 mo—

477 2071 688 2126 nachus
720 2069 777 2124 iu
797 2070 1012 2125 Melissa
1034 2070 1220 2139 plures
1242 2083 1310 2124 ex
1331 2067 1457 2123 Nilo
1479 2068 1688 2138 absque
1715 2065 1822 2120 alio
1855 2079 2055 2135 cogno-
2105 2129 2111 2133 _

478 2163 623 2218 mine
651 2164 973 2224 sententias,
992 2160 1131 2214 alias
1160 2174 1226 2214 ex
1251 2157 1375 2213 Nilo
1408 2159 1667 2228 episcopo
1700 2156 1899 2226 signat.
1914 2151 2056 2222 Ergo

477 2262 643 2307 erunt
676 2253 797 2308 ista:
825 2250 935 2305 Nili
968 2250 1212 2319 episcopi
1250 2257 1304 2304 et
1343 2248 1623 2319 martyris,
1658 2261 1768 2301 non
1792 2242 2053 2299 alterius:

479 2342 918 2414 quandoquidem
985 2339 1093 2395 Nili
1164 2339 1408 2409 episcopi
1448 2337 1733 2394 sententia:
1796 2334 2059 2391 ordinatae

481 2441 803 2497 cernuntur,
823 2440 884 2485 ut
914 2432 971 2485 in
988 2431 1301 2485 earumdem
1330 2428 1744 2499 paraphrastica
1764 2426 1967 2482 Catena
1991 2425 2059 2480 ab

481 2522 670 2577 eodem
694 2520 862 2574 Paulo
880 2519 1091 2590 digesta
1117 2519 1443 2574 ostenditur.
1461 2516 1620 2583 Quod
1643 2523 1824 2570 autem
1855 2514 2062 2584 absque

481 2614 643 2668 titulo
657 2610 775 2667 Nilo
793 2611 1070 2665 attributae
1087 2619 1238 2677 sunt,
1258 2609 1311 2664 id
1333 2624 1522 2665 errore
1544 2617 1831 2663 auctorum
1855 2605 2060 2661 factum

483 2719 626 2768 esse,
652 2702 746 2773 qui
775 2701 881 2756 Nili
905 2716 1014 2756 non
1041 2701 1282 2771 episcopi
1305 2715 1399 2755 eas
1424 2715 1546 2755 esse
1571 2698 1938 2753 crediderunt.
1972 2695 2064 2751 Sic

483 2811 615 2866 ergo
647 2804 701 2849 et
722 2796 881 2849 titulo
906 2796 1148 2864 episcopi
1178 2802 1232 2848 et
1254 2792 1507 2862 martyris
1559 2807 1622 2846 ex
1650 2790 1837 2845 Graeca
1869 2788 2066 2844 inscri-

485 2885 884 2955 ptione,Nilum
923 2885 1179 2956 Capitum
1204 2884 1524 2954 scriptorem
1550 2896 1671 2938 esse
1698 2879 2066 2945 Nilum,eum-

486 2994 594 3049 que
618 2979 937 3047 episcopum
988 2985 1043 3032 et
1076 2984 1393 3046 martyrem.
1432 2974 1620 3044 Neque
1652 2971 1941 3027 dicendum
1980 2978 2067 3025 est

487 3068 904 3137 inscriptionem
935 3081 1057 3121 esse
1095 3066 1387 3121 conlictam
1413 3074 1565 3119 :tum
1594 3063 1741 3118 enim
1770 3061 1906 3116 nulli
1940 3060 2066 3116 libri

490 3159 649 3213 titulo
694 3157 1027 3213 credendum
1077 3166 1243 3214 esset.
1301 3157 1452 3212 Adde
1493 3156 1706 3211 Sixtum
1746 3152 2064 3217 Senensem,

487 3251 581 3321 qui
610 3251 820 3305 nullum
852 3250 919 3306 de
942 3250 1258 3320 huiusmodi
1286 3249 1576 3305 sententiis
1604 3247 1828 3302 verbum
1858 3244 1915 3298 in
1943 3244 2068 3299 Nilo
2111 3293 2114 3296 .

490 3340 702 3406 iecerit,
737 3355 861 3395 cum
902 3341 1048 3395 illius
1076 3342 1133 3396 in
1158 3339 1262 3395 Job
1290 3340 1831 3395 Commentariorum
1874 3336 2068 3391 memi—
2112 3384 2115 3387 η

491 3434 657 3499 nerit;
687 3433 814 3488 licet
837 3434 951 3488 haec
978 3434 1117 3489 ratio
1132 3448 1242 3488 non
1264 3434 1515 3488 videatur
1548 3434 1688 3486 tanti
1717 3430 1997 3496 momenti,
2020 3428 2069 3485 si

491 3527 619 3596 quis
649 3525 993 3596 responderit
1032 3525 1247 3580 Sixtum
1284 3525 1581 3580 Seneusem
1640 3539 1751 3579 non
1800 3537 1921 3579 eam
1955 3519 2062 3578 sibi

493 3617 799 3687 sumpsisse
836 3616 1175 3685 provinciam
1217 3615 1401 3672 omnia
1433 3615 1639 3686 scripta
1668 3611 1778 3668 Nili
1823 3625 2067 3667 comme-

496 3709 769 3773 morandi,
788 3708 884 3763 sed
904 3723 967 3763 ea
992 3706 1391 3771 tantummodo,
1415 3723 1538 3779 qua:
1564 3722 1845 3764 sacrorum
1874 3705 2069 3759 Libro-

498 3815 621 3853 rum
653 3799 1076 3869 explicationem
1104 3798 1471 3854 continerent.
1505 3797 1702 3853 Petrus
1738 3799 1906 3852 etiam
1936 3793 2069 3849 Ric-

498 3888 757 3943 cordatus
784 3888 839 3941 in
871 3903 970 3942 sua
1000 3887 1246 3943 Historia
1272 3887 1593 3941 scholastica
1639 3887 1707 3941 de
1732 3885 1857 3940 Nilo
1884 3895 2068 3942 asceta

500 3988 555 4034 et
571 3980 692 4050 ejus
723 3979 950 4049 scriptis
970 3993 1279 4034 sermonem
1310 3979 1542 4041 habens,
1567 3976 1638 4032 de
1672 3977 1793 4032 istis
1818 3976 2071 4032 Parmae-

501 4071 657 4126 sibus
678 4085 745 4125 ne
770 4070 998 4124 verbum
1025 4069 1267 4138 quidem.
1290 4067 1531 4122 Tandem
1556 4068 1635 4121 uti
1676 4064 2068 4121 validissimam

500 4162 770 4217 rationem
803 4176 871 4215 ex
901 4159 1052 4213 Mutii
1077 4158 1528 4229 Justinopolitaui
1559 4158 1802 4228 episcopi
1832 4157 2073 4212 Historia

502 4253 878 4308 testimonium
910 4252 1150 4317 adducit,
1177 4254 1270 4323 qui
1295 4249 1474 4305 Nilum
1501 4251 1825 4320 episcopum
1851 4258 1909 4303 et
1932 4264 2072 4303 mar-

505 4352 679 4414 tyrem
708 4343 899 4396 harum
927 4341 1285 4398 Paraaneseon
1316 4341 1447 4396 facit
1489 4350 1792 4406 auctorem,
1816 4355 1941 4394 cum
1969 4340 2072 4395 sub

507 4434 728 4489 nomine
755 4432 862 4487 Nili
895 4435 970 4488 uti
1002 4435 1232 4505 legitimi
1276 4432 1521 4487 auctoris
1568 4432 1863 4487 nonnullas
1904 4432 2073 4500 parti-

506 4526 659 4581 culas
684 4540 751 4580 ex
779 4525 883 4579 hoc
904 4540 1069 4595 opere
1095 4525 1448 4594 depromplas
1472 4522 1687 4576 recitat.
1720 4520 1856 4575 Hinc
1872 4519 2075 4574 Paulus

506 4632 681 4672 ovans
704 4615 954 4672 ascendit
987 4617 1037 4670 in
1070 4616 1403 4685 Capitolium
1429 4633 1442 4668 :
1480 4613 1613 4678 Quis
1642 4622 1819 4666 autem
1851 4611 2071 4665 alterius

513 4708 653 4776 Nili,
691 4726 795 4763 non
853 4719 1029 4763 autent
1078 4708 1308 4777 episcopi
1356 4715 1405 4760 et
1456 4706 1709 4774 martyris
1758 4703 2071 4774 aﬂirmabit,

508 4819 629 4857 cum
656 4803 1011 4857 testimonium
1047 4801 1143 4854 hac
1189 4802 1259 4855 sit
1297 4798 1839 4869 prtestantissimum?
1868 4806 1960 4850 aut
1986 4796 2073 4849 di-

511 4912 594 4950 ces
616 4894 844 4949 Matium
882 4894 1177 4947 inconsulto
1212 4893 1523 4962 scripsisse?
1552 4900 1646 4945 aut
1678 4888 1806 4943 Nilo
1833 4889 2073 4958 episcopo

513 4984 838 5047 attribuisse,
868 4981 996 5035 Nilo
1015 4990 1189 5035 autem
1213 4996 1314 5034 non
1344 4984 1587 5049 episcopo
1615 4978 1923 5032 abstulisse?
1953 4976 2077 5031 Nisi

512 5076 649 5129 enim
690 5073 785 5127 sub
852 5073 970 5127 Nili
1018 5072 1248 5142 episcopi
1278 5080 1329 5126 et
1372 5072 1623 5140 martyris
1662 5070 1813 5123 titulo
1845 5070 2073 5139 legisset,

515 5168 693 5236 utique
733 5180 835 5219 non
871 5165 1155 5233 afﬁrmaret
1189 5179 1302 5218 esse
1344 5163 1461 5217 Nili
1490 5163 1739 5231 episcopi.
1771 5159 1909 5226 Quid
1939 5161 2079 5215 enim

513 5268 629 5309 erat
654 5256 711 5308 in
738 5271 923 5317 causa,
966 5264 1022 5307 ut
1061 5248 1264 5307 Matius
1312 5250 1440 5307 Nilo
1475 5253 1713 5322 episcopo
1744 5250 2076 5315 attribueret,

519 5336 647 5401 Nilo
677 5355 853 5399 autem
883 5361 983 5398 non
1004 5346 1241 5413 episcopo
1272 5343 1549 5414 auferret?
1573 5341 1680 5400 Sed
1701 5341 2078 5412 postmodum,

518 5436 806 5491 remissius
846 5436 1129 5499 enuntiat,
1171 5436 1337 5505 objici
1375 5449 1560 5505 posse,
1612 5432 1920 5488 sententias
1967 5447 2079 5486 non

516 5541 640 5579 esse
665 5523 773 5577 Nili
800 5524 1039 5595 episcopi
1070 5535 1125 5579 et
1151 5526 1434 5597 martyris,
1465 5525 1625 5580 sicuti
1657 5524 1761 5578 sibi
1789 5540 1819 5577 a
1843 5523 2082 5577 nonnul-

518 5614 587 5670 lis
644 5614 917 5682 obiectum
974 5614 1145 5670 fuisse
1196 5625 1479 5672 testatur:
1518 5618 1620 5671 sub
1689 5616 2078 5684 persecutione

3670 204 3753 267 (Γ

2148 337 2325 405 posito
2351 348 2610 404 episcopo
2636 339 2853 401 tempus
2885 343 2995 383 non
3034 324 3279 380 adfuisse
3306 321 3504 378 edendi
3547 320 3705 373 libri
3731 337 3750 373 :

2145 426 2196 480 in
2221 426 2342 497 eius
2363 426 2500 480 actis
2530 424 2732 479 nullam
2758 423 2952 476 harum
2980 418 3339 474 Parteneseou
3368 414 3749 469 mentionem

2143 516 2365 573 factam.
2426 515 2739 588 Respondet
2802 511 3123 582 martyrium
3168 516 3223 563 et
3266 504 3748 579 persecutionem

2143 625 2254 665 non
2280 609 2642 679 interpolasse
2691 605 3042 675 scriptionem
3076 601 3340 657 librorum
3365 639 3381 665 ,
3414 594 3748 665 exemplis-

2144 716 2252 772 que
2291 701 2541 772 pluribus
2563 698 2821 754 ostendit.
2846 695 2985 750 iiiuc
3006 693 3289 750 concludit
3334 688 3745 762 Margarinum

2145 793 2215 849 de
2246 794 2297 847 la
2340 792 2508 862 Bigne
2545 805 2655 845 non
2696 799 2848 845 recte
2896 787 3020 843 Nilo
3064 788 3326 858 episc0po
3372 794 3429 841 et
3473 782 3745 853 martyri

2084 895 2089 898 ‘
2146 877 2290 950 quod
2317 892 2474 934 suum
2514 888 2631 933 erat
2659 876 2975 939 abstulisse,
3004 873 3125 930 Nilo
3155 889 3285 930 vero
3309 864 3420 929 non
3447 873 3745 944 episcopo

2083 984 2087 988 ·
2146 968 2429 1023 tribuisse.
2467 965 2621 1033 Quod
2642 966 2689 1021 si
2719 965 2956 1020 attulerit
2987 974 3328 1034 postremum,
3359 978 3546 1032 nempe
3574 960 3741 1032 quod

2146 1059 2375 1130 plerique
2400 1059 2499 1112 uiri
2529 1058 2628 1112 hac
2657 1066 2964 1127 tempestate
2989 1055 3287 1110 doctissimi
3320 1063 3491 1109 tenent
3552 1070 3741 1123 oppo-

2148 1150 2327 1213 situm,
2351 1149 2699 1217 scilicetquod
2721 1166 2825 1203 non
2849 1149 2953 1203 sint
2981 1146 3096 1200 Nili
3118 1147 3346 1217 episcopi
3361 1155 3411 1201 et
3434 1145 3737 1216 martyris,

2148 1241 2238 1295 sed
2276 1240 2495 1295 alterius
2543 1239 2684 1306 Nili,
2721 1240 3096 1307 respondemus
3150 1238 3289 1309 quod
3327 1253 3393 1292 ea:
3424 1237 3538 1291 alia
3566 1246 3741 1307 parte

2150 1330 2346 1384 adsunt
2384 1342 2591 1385 centum
2634 1332 2731 1385 alii
2760 1333 2859 1385 viri
2890 1331 3321 1400 prteslantissimi
3348 1337 3737 1394 autumantes,

2154 1423 2338 1478 Nilum
2379 1426 2675 1493 episcopum
2702 1433 2750 1477 et
2780 1433 3066 1493 martyrem
3094 1423 3283 1477 harum
3328 1422 3735 1476 sententiarum

2154 1515 2604 1570 Parwneticarum
2636 1526 2925 1568 auctorem.

2224 1609 2327 1663 Sed
2358 1617 2415 1661 ut
2448 1608 2590 1662 unde
2618 1605 2820 1662 Paulus
2856 1607 3033 1678 exegit
3071 1605 3409 1677 Apologiam,
3460 1605 3595 1662 inde
3621 1621 3734 1676 ego

2153 1700 2427 1763 exordiar,
2469 1716 2576 1754 non
2609 1714 2730 1755 esse
2767 1698 2875 1753 Nili
2920 1699 3186 1769 episcOpi,
3213 1698 3305 1754 sed
3336 1699 3597 1759 alterius,
3642 1707 3735 1753 te-

2153 1803 2282 1843 nere
2315 1787 2667 1843 doctissimos
2708 1787 2880 1853 viros,
2919 1785 3240 1857 respondet,
3283 1802 3350 1841 ex
3399 1787 3507 1860 alia
3564 1796 3735 1856 parte

2154 1888 2374 1934 centum
2422 1878 2560 1934 alios
2610 1879 3100 1948 praestantissimos
3143 1879 3293 1933 viros
3321 1887 3508 1935 tenere
3534 1877 3731 1934 Nilum

2155 1968 2473 2038 episcopum
2530 1982 2672 2023 esse.
2710 1969 2777 2023 Et
2818 1977 3002 2022 tamen
3055 1983 3165 2023 non
3205 1969 3375 2023 multo
3425 1980 3552 2025 ante
3596 1984 3730 2024 eum

2154 2058 2450 2112 illustrium
2492 2056 2836 2129 Scriptorum
2860 2060 3177 2114 testimonio
3202 2059 3255 2114 id
3294 2061 3461 2115 tutari
3487 2075 3733 2117 conare-

2155 2157 2267 2214 tur,
2304 2165 2412 2203 non
2438 2149 2580 2204 ultra
2617 2159 2728 2205 tres
2755 2150 3035 2221 produxit,
3066 2151 3359 2207 Antonium
3392 2152 3729 2208 monachum

2158 2240 2212 2293 in
2251 2238 2496 2305 Melissa,
2523 2237 2746 2295 Petrum
2783 2239 3196 2308 Riccordatum,
3230 2250 3286 2297 et
3332 2241 3563 2297 Mutium
3627 2241 3730 2298 Ju-

2163 2329 2618 2401 stinopolitanum
2643 2344 2663 2396 ,‘
2695 2333 2787 2403 qui
2854 2332 2923 2389 de
2983 2334 3301 2404 episcopatu
3363 2332 3469 2389 Nili
3527 2335 3727 2390 harum

2160 2417 2519 2475 Paraeueseon
2572 2421 2861 2492 scriptoris
2907 2436 2978 2476 ne
3012 2424 3239 2477 verbum
3289 2422 3507 2492 quidem
3550 2422 3731 2478 obdu-

2163 2520 2313 2567 cunt.
2346 2512 2414 2565 Et
2437 2512 2552 2582 jam
2610 2512 2903 2582 derepente
2942 2514 2998 2568 iu
3037 2517 3377 2569 contrarium
3411 2516 3730 2586 perducun-

2162 2613 2276 2663 tur.
2309 2604 2416 2662 Sed
2457 2614 2594 2670 esto,
2642 2620 2738 2660 cas
2769 2604 2893 2661 Nilo
2925 2609 3182 2677 episcopo
3213 2609 3614 2663 concesserint.
3643 2609 3729 2666 Au

2162 2705 2453 2769 propterea
2483 2696 2609 2753 Nilo
2659 2706 2861 2753 asceta:
2900 2698 2987 2753 vel
3045 2700 3314 2755 monacho
3347 2701 3730 2773 denegarunt?

2165 2789 2309 2844 Nihil
2368 2789 2574 2844 minus.
2619 2790 2817 2845 Asceta
2862 2791 2965 2847 sub
3007 2792 3131 2847 aliis
3174 2800 3340 2863 atque
3376 2794 3497 2849 aliis
3550 2794 3729 2849 titulis

2167 2883 2423 2948 innotuit,
2478 2882 2679 2952 quibus
2719 2884 2788 2937 ab
2834 2884 3267 2955 exscriptoribus
3321 2887 3526 2956 scripta
3579 2888 3729 2943 illius

2167 2979 2521 3030 cohonestata
2547 2986 2695 3029 sunt.
2749 2973 2888 3029 illnc
2918 2975 2971 3029 in
3012 2977 3199 3030 multis
3232 2978 3335 3033 sub
3371 2979 3595 3034 nomine
3622 2978 3728 3035 Nili

2169 3066 2388 3136 praeﬁxo
2412 3067 2736 3138 designatur
2772 3066 2959 3123 nullus
3006 3068 3170 3131 alius.
3205 3084 3368 3138 quam
3416 3068 3731 3126 Constanti-

2169 3160 2522 3229 nopolitanus
2574 3161 2698 3223 iste,
2751 3159 2830 3214 uti
2881 3158 2986 3214 hoc
3025 3161 3246 3216 nomine
3282 3162 3571 3233 insugnior.
3595 3163 3729 3221 Aliis

2168 3249 2475 3304 monachus
2523 3258 2629 3313 est,
2672 3249 2796 3304 aliis
2838 3259 3044 3313 asceta,
3073 3251 3195 3305 aliis
3230 3251 3426 3316 abbas,
3451 3254 3572 3309 aliis
3614 3256 3729 3326 epi-

2171 3353 2389 3408 scopus,
2417 3339 2542 3394 aliis
2576 3339 3052 3410 archiepisCOpus,
3086 3349 3142 3395 et
3175 3341 3322 3412 quod
3356 3343 3727 3400 admirabilius

2168 3439 2274 3494 est,
2314 3430 2980 3502 ConstantinOpolitanus,
3019 3430 3143 3487 aliis
3198 3444 3423 3506 martyr.
3465 3435 3643 3503 Quare
3681 3440 3725 3493 si

2169 3534 2238 3576 ex
2272 3520 2695 3591 inscriptionum
2723 3523 2904 3577 titulis
2945 3521 3029 3577 fas
3062 3531 3147 3578 est
3176 3524 3338 3582 nobis
3368 3527 3545 3583 varios
3593 3544 3726 3599 quo-

2170 3627 2279 3683 que
2323 3620 2578 3669 auctores
2626 3613 2853 3685 ﬁngere,
2895 3624 3031 3686 quot
3056 3615 3215 3672 nobis
3251 3617 3359 3672 Nili
3406 3614 3723 3689 assurgentl

2171 3704 2268 3761 Vel
2307 3705 2363 3761 in
2416 3714 2554 3777 quot
2599 3705 2749 3763 Nilos
2799 3723 2945 3765 unus
2991 3717 3180 3764 noster
3226 3708 3382 3765 Nilus
3419 3711 3612 3769 misere
3639 3714 3725 3769 di-

2174 3802 2425 3866 scerptus
2473 3799 2888 3867 congemiscetl
2929 3798 3007 3853 Ex
3057 3799 3229 3855 variis
3260 3802 3474 3866 oliiciis,
3501 3801 3725 3875 dignita-

2174 3888 2344 3955 tibus,
2392 3888 2854 3960 prol'essionibus,
2899 3891 3072 3956 curis,
3128 3892 3370 3949 sortibus
3398 3894 3564 3949 variat
3591 3911 3725 3966 quo-

2174 3996 2281 4051 que
2307 3997 2556 4052 persona:
2584 3983 2680 4037 uni
2707 3982 2998 4053 eidemque
3032 3984 3241 4038 homini
3274 3985 3642 4056 imponuntur,
3672 3995 3723 4042 et

2174 4073 2344 4127 variis
2389 4073 2637 4130 inductis
2690 4074 3029 4141 rationibus,
3060 4078 3214 4131 varie
3247 4092 3465 4147 quoque
3502 4080 3723 4148 perscri-

2176 4162 2380 4218 buntur
2418 4164 2473 4218 in
2502 4165 2901 4231 monumentis,
2926 4180 3105 4236 neque
3136 4176 3421 4237 propterea
3449 4184 3478 4223 a
3509 4185 3566 4225 se
3598 4171 3721 4240 ipsis

2176 4252 2405 4317 distant,
2434 4258 2516 4309 vel
2547 4256 2833 4309 minimum
2868 4264 3167 4312 mutantur.
3192 4257 3257 4311 Et
3280 4257 3459 4314 Nilum
3489 4269 3718 4318 nostrum

2177 4341 2349 4396 fuisse
2402 4351 2646 4397 ascetam
2701 4360 2795 4399 res
2840 4344 2961 4414 ipsa
3006 4346 3205 4413 docet;
3236 4350 3572 4405 sacerdotem
3604 4367 3717 4406 cum

2177 4428 2458 4483 Theodulo
2488 4428 2621 4495 lilio,
2673 4430 2725 4484 in
2758 4430 2862 4486 hoc
2896 4432 2967 4488 de
3014 4432 3153 4489 Nilis
3203 4437 3494 4491 tractatulo
3542 4439 3721 4508 proba-

2177 4539 2339 4589 mus;
2384 4530 2439 4579 et
2474 4531 2768 4595 martyrem
2817 4542 3056 4596 quoque,
3099 4535 3156 4583 et
3195 4529 3513 4600 episcopum
3544 4530 3717 4597 fuisse,

2176 4624 2230 4670 et
2276 4616 2319 4669 si
2354 4616 2437 4670 vis
2478 4614 2643 4669 etiam
2671 4616 3169 4687 archiepiscopum,
3220 4619 3352 4688 quid
3402 4621 3585 4675 vetat?
3624 4621 3717 4676 Sed

2180 4706 2284 4760 hoc
2326 4721 2435 4760 non
2469 4714 2554 4761 est
2587 4706 2810 4778 scriptis
2835 4696 3092 4764 relaium.
3127 4709 3266 4774 Quid
3297 4712 3456 4765 tum?
3491 4711 3609 4778 Qua:
3640 4713 3717 4766 lit-

2182 4798 2314 4853 teris
2371 4797 2625 4851 mandata
2669 4814 2777 4852 non
2834 4808 2984 4866 sunt,
3030 4812 3083 4855 et
3133 4808 3315 4855 tamen
3358 4803 3638 4866 credimus,
3669 4811 3717 4857 et

2180 4890 2303 4944 sine
2353 4889 2464 4943 ullo
2516 4887 2687 4943 dubio
2736 4901 2985 4946 tenemus
3012 4892 3085 4944 ita
3116 4890 3328 4947 fuisse?
3354 4891 3419 4945 Et
3453 4892 3583 4947 forte
3613 4894 3715 4947 haec

2182 4980 2367 5033 omnia
2415 4981 2467 5034 in
2504 4979 2628 5034 Nilo
2668 4991 2859 5036 nostro
2908 4984 3302 5052 reperiremus,
3344 4985 3389 5039 si
3435 5002 3521 5041 res
3555 4995 3714 5055 gestas

2182 5072 2330 5127 illius
2353 5081 2568 5140 tempus
2598 5070 2737 5126 edax
2769 5072 2931 5127 nobis
2962 5074 3204 5145 reliquas
3241 5074 3482 5131 fecisset.
3517 5075 3571 5129 Et
3594 5068 3730 5133 forte,

2181 5166 2344 5220 etiam
2381 5163 2473 5232 qui
2526 5162 2695 5216 futuri
2748 5172 2877 5218 sunt
2912 5165 3259 5228 obtinebunt.
3307 5181 3432 5221 cum
3461 5168 3713 5223 videamus

2184 5256 2239 5310 in
2269 5256 2386 5309 dies
2410 5253 2658 5325 singulos
2690 5254 2891 5310 similia
2917 5272 2947 5311 e
2967 5256 3192 5312 latebris
3218 5257 3273 5311 in
3299 5258 3477 5313 lucem
3512 5261 3710 5330 suscipi,

2183 5355 2237 5402 et
2260 5347 2491 5417 publica:
2522 5347 2894 5402 commoditati
2926 5347 3432 5419 proerescere.Non
3465 5365 3529 5405 ex
3544 5352 3711 5407 alienis

2186 5437 2465 5492 advocabo
2508 5447 2844 5507 argumenta.
2886 5438 2964 5494 Ex
2999 5439 3121 5495 Vita
3160 5438 3219 5496 S.
3259 5437 3363 5494 Nili
3403 5442 3626 5512 episcopi
3664 5451 3711 5497 ct

2186 5529 2483 5601 martyris,
2523 5544 2687 5601 quam
2733 5546 2798 5585 ex
2836 5530 3065 5587 Joannis
3108 5533 3534 5589 Christolorsoni
3561 5534 3710 5589 inter-

2187 5619 2492 5689 pretatione
2537 5620 2758 5685 recitas,
2792 5614 2859 5677 de
2891 5623 3110 5693 scriptis
3146 5623 3276 5679 dicti
3317 5626 3513 5691 sancti,
3555 5624 3709 5681 minus
