3882 6036
122 282 184 345 41
1332 290 1639 352 NOTITIA
1686 289 1770 351 IN
1809 290 1871 350 s.
1909 290 2176 351 NILUM.
3295 280 3364 342 ta

122 410 293 467 «luam
328 398 465 452 nihil
498 408 604 461 est.
640 405 695 453 et
733 407 918 455 tamen
958 412 1051 455 tua
1097 401 1354 472 largitate
1386 412 1586 457 auctor
1618 409 1705 458 est

122 490 516 545 l‘sratneseon.
567 488 721 546 Unde
756 491 810 546 id
834 492 1155 562 ,expiscaris
1196 507 1323 547 eum
1378 494 1503 547 illas
1553 494 1699 550 scri-

126 580 346 649 psisset
387 578 575 665 Potuit
625 579 892 636 scribere.
955 579 1239 652 Scripsere
1294 582 1387 637 alii
1455 582 1703 651 ejusdem

123 672 309 726 aetatis
342 681 400 727 et
439 671 728 742 dignitatis
770 672 898 728 viri.
928 672 1185 729 Concedo
1227 692 1329 730 nec
1376 676 1603 731 invitus.
1633 678 1705 729 At

125 758 446 826 scripsisse.
495 759 602 813 nisi
647 760 875 815 meliora
918 760 1124 817 indicia
1168 764 1540 833 proferantur,
1589 780 1704 820 non

125 848 329 902 dicam.
355 848 425 902 Et
450 850 613 905 etiam
656 851 705 906 si
743 849 904 909 Nilus
930 854 1222 926 episcopus
1261 856 1548 926 scripserit
1583 873 1599 911 :
1632 872 1704 912 an

123 940 425 1011 episcopus
452 951 508 997 et
534 950 743 1014 martyr
766 943 855 1000 hic
881 952 1009 1002 tuus
1031 947 1121 1002 ille
1146 948 1290 1004 idem
1314 950 1439 1004 est?
1459 948 1612 1005 Nilos
1637 964 1704 1005 eo

122 1037 383 1098 tempore
422 1031 609 1101 plures
654 1032 848 1099 fuisse,
894 1044 949 1091 et
995 1037 1139 1092 inter
1186 1054 1283 1094 eos
1328 1040 1619 1111 episcopos
1648 1048 1704 1095 et

124 1132 426 1193 martyres,
464 1132 521 1179 et
549 1124 843 1195 scripsisse
863 1127 1028 1183 etiam
1053 1130 1119 1183 ad
1148 1132 1527 1199 posteritatem
1548 1147 1703 1186 com-

124 1216 457 1279 mentarios,
506 1232 669 1271 nemo
736 1218 982 1289 prudens
1030 1223 1333 1291 negaverit.
1379 1225 1577 1278 Annon
1617 1223 1703 1278 in-

125 1306 285 1362 sulse
340 1309 466 1377 quis
530 1311 885 1367 concluderet
937 1313 1033 1384 (sit
1092 1329 1193 1384 pro
1242 1317 1494 1385 exemplo
1545 1316 1702 1374 Nilus

123 1395 426 1454 Patrarum
467 1402 765 1473 episcopus
794 1412 849 1459 et
885 1407 1138 1477 martyr).
1167 1407 1308 1462 Huic
1341 1409 1503 1478 Operi
1528 1412 1705 1481 prati-

124 1492 282 1560 gitur
305 1493 499 1549 titulus
532 1514 546 1549 :
580 1495 888 1552 Parteneses
922 1497 1041 1552 Nili
1066 1502 1297 1570 episcopi
1337 1511 1388 1555 et
1428 1505 1701 1573 martyris.

124 1581 282 1655 Ergo
327 1583 482 1642 Nilus
527 1587 614 1643 hic
646 1590 831 1645 nullus
867 1590 1009 1647 alius
1047 1603 1153 1658 est,
1205 1609 1369 1663 quam
1410 1595 1703 1649 Patrarum

124 1678 450 1746 episcopus.
483 1676 622 1731 Nam
648 1680 695 1731 si
719 1677 835 1733 Nili
864 1691 1054 1736 ascetce
1085 1693 1279 1747 essent,
1305 1700 1408 1737 non
1446 1693 1582 1737 esset
1609 1684 1703 1737 ad-

122 1767 290 1831 ditio,
312 1769 673 1837 expressioque
692 1770 1021 1837 episcopatus
1059 1780 1109 1826 et
1134 1775 1407 1844 martyrii.
1434 1773 1494 1827 Si
1522 1773 1706 1828 Grreca

124 1858 501 1925 interpretatio
540 1857 736 1927 absque
778 1860 933 1914 titulo
986 1870 1035 1915 et
1066 1844 1708 1933 agnominationelegere-

126 1949 243 2003 tur,
282 1938 403 1993 Nili
432 1941 609 2010 utique
640 1959 743 1995 non
780 1944 1008 2012 episcopi
1050 1955 1222 1998 essent
1249 1947 1537 2000 sententiw.
1581 1945 1707 2001 Non

125 2034 274 2085 enim
301 2042 378 2086 est
411 2033 763 2103 intelligibile,
802 2046 857 2087 ut
892 2034 1007 2087 Nili
1043 2052 1145 2089 non
1189 2037 1420 2107 episcopi
1483 2037 1702 2106 fuerint,

128 2122 337 2193 Ecquis
390 2121 518 2177 Nilo
543 2126 782 2194 episcopo
805 2136 851 2179 et
878 2128 1103 2197 martyri
1125 2128 1419 2184 attribuat?
1442 2127 1506 2181 Et
1526 2137 1707 2184 tamen

129 2216 345 2270 sunilia
371 2216 427 2270 in
452 2216 557 2271 hoc
579 2217 769 2271 eodem
795 2216 919 2271 Nilo
937 2229 1121 2273 asceta
1147 2230 1273 2274 ‘Jillt‘.
1296 2222 1486 2275 oculos
1509 2222 1704 2276 obver-

129 2317 356 2364 santur.
398 2309 459 2363 lu
504 2310 787 2364 nonnullis
820 2309 1065 2379 ejusdem
1112 2313 1437 2367 tractatibus
1479 2312 1709 2382 praeﬁgi-

132 2413 255 2468 tur,
306 2399 424 2454 Nili
464 2401 841 2470 archiepiscopi
889 2402 1483 2471 Constantinopolitani.
1522 2404 1705 2475 Repu-

130 2491 378 2549 diandus
410 2495 596 2563 itaque
634 2502 718 2549 est
761 2493 914 2549 Nilus
961 2505 1166 2561 asceta,
1212 2504 1268 2552 et
1314 2498 1467 2551 Nilus
1525 2496 1706 2551 archi-

129 2586 433 2656 episcOpus
482 2583 1123 2656 ConstantinOpolitanus
1171 2589 1602 2658 investigandus.
1647 2586 1707 2640 in

132 2676 443 2736 nonnullis,
460 2675 570 2728 Nili
593 2675 827 2741 abbatis,
854 2676 1182 2746 rejiciendus
1202 2679 1385 2748 itaque
1403 2687 1487 2733 est
1502 2689 1704 2743 asceta,

131 2776 191 2822 et
214 2766 374 2822 Nilus
402 2767 569 2821 abbas
601 2768 1047 2836 perscrutandus.
1083 2768 1189 2823 Sed
1219 2767 1374 2823 Nilus
1395 2782 1575 2823 asceta
1598 2783 1705 2821 non

133 2862 245 2916 fuit
303 2876 481 2931 neque
530 2859 860 2929 episcopus,
922 2875 1099 2929 neque
1154 2868 1382 2931 martyr.
1443 2858 1601 2915 Unde
1651 2857 1705 2912 id

134 2953 348 3009 habes?
398 2952 508 3007 Nec
539 2954 704 3008 etiam
738 2954 840 3027 sub
873 2954 1094 3007 nomine
1142 2951 1442 3007 sacerdotis
1491 2949 1705 3005 innote-

135 3044 267 3104 scit.
294 3052 352 3097 et
371 3054 547 3097 tamen
578 3044 884 3099 sacerdotio
913 3044 1198 3114 praeditum
1223 3044 1394 3098 fuisse
1420 3058 1485 3098 ex
1514 3042 1702 3097 eodem

137 3137 419 3208 perdisco.
449 3136 551 3191 Sed
580 3135 767 3191 Sixtus
802 3134 1047 3191 Senensis
1076 3136 1279 3190 nullam
1311 3137 1373 3189 de
1399 3133 1706 3203 Itujusmodi

138 3230 413 3285 sententiis
452 3229 764 3282 mentionem
809 3228 950 3296 fecit.
1002 3229 1151 3291 Esto,
1200 3243 1389 3281 verum
1433 3237 1537 3289 est,
1587 3242 1706 3277 cum

139 3336 233 3374 nec
275 3319 337 3371 de
366 3319 489 3372 aliis
523 3318 838 3373 tractatibus
880 3318 1083 3387 fecerit,
1134 3319 1224 3373 sed
1273 3317 1337 3370 de
1373 3317 1439 3371 iis
1474 3327 1704 3379 tantum,

140 3426 261 3478 qua:
300 3412 357 3463 in
395 3426 666 3463 sacrarunt
705 3404 986 3462 Librorum
1019 3410 1367 3477 explicatione
1408 3417 1705 3463 versantur.

141 3499 327 3566 Quare
362 3500 544 3569 itaque
583 3498 651 3553 de
696 3498 872 3568 ipsius
908 3499 963 3551 in
994 3496 1218 3551 Cantica
1248 3497 1613 3558 canticorum,
1651 3494 1705 3546 in

141 3590 502 3659 Evangelium
547 3588 727 3656 Lucaz,
762 3592 817 3649 in
860 3589 1127 3652 Psalmos,
1156 3597 1210 3643 et
1253 3589 1307 3642 in
1353 3588 1489 3643 alios
1536 3600 1709 3642 sacra:

143 3681 450 3751 Scriptura:
486 3682 654 3735 libros
687 3681 1081 3751 explicationes
1104 3696 1211 3734 non
1239 3679 1708 3740 commemoravit,

143 3788 288 3841 quas
312 3772 377 3825 ad
404 3773 516 3826 haec
542 3782 787 3842 tempora
811 3772 1170 3841 manuscripti
1193 3771 1415 3825 codices
1442 3769 1712 3823 retinent?

142 3864 271 3918 Non
301 3864 409 3918 dici
437 3872 615 3934 potest
671 3862 778 3917 Nili
821 3864 873 3917 in
913 3861 1016 3919 Job
1052 3862 1459 3918 Commentaria
1499 3861 1713 3932 prolixa

144 3956 344 4016 fuisse.
380 3956 433 4009 in
465 3955 585 4009 aliis
618 3955 743 4010 hinc
770 3955 897 4010 inde
929 3970 993 4009 ex
1025 3955 1201 4025 ipsius
1236 3954 1499 4025 operibus
1539 3952 1713 4007 recol-

144 4046 325 4102 lectas
351 4046 723 4117 expositiones
771 4064 783 4099 :
821 4060 945 4099 cum
989 4046 1043 4099 in
1080 4042 1184 4099 Job
1226 4045 1421 4123 eodem~
1452 4043 1613 4097 modo
1654 4056 1713 4096 se

145 4137 369 4203 habeat,
402 4145 457 4191 et
502 4138 555 4191 in
591 4135 878 4192 Canticum
918 4138 1260 4192 canticorum
1313 4136 1385 4190 sit
1432 4149 1714 4189 commen~

145 4230 327 4283 tarius
350 4229 582 4297 integer.

220 4319 329 4374 Nili
363 4320 615 4375 monachi
637 4322 879 4376 eremita:
922 4320 1238 4385 Historiam,
1271 4320 1387 4375 sive
1430 4318 1715 4373 Narratio-

146 4427 263 4474 nes,
312 4412 501 4482 quibus
554 4411 719 4465 credes
774 4411 1152 4466 monachorum
1204 4413 1397 4466 montis
1446 4410 1610 4477 Since,
1665 4421 1716 4466 et

145 4506 431 4574 captivitas
477 4503 723 4557 Theoduli
773 4503 886 4572 ejus
938 4503 1040 4573 ﬁlii
1085 4503 1444 4557 describitur:
1478 4501 1571 4566 Εἰς
1619 4502 1717 4575 τὴν

146 4597 431 4668 ἀναίρεσιν
468 4595 576 4648 τῶν
619 4596 677 4648 ὲν
729 4595 808 4665 τῷ
864 4594 979 4665 ὄρει
1017 4594 1146 4665 Σινᾷ
1179 4592 1462 4664 Μοναχῶν,
1504 4594 1598 4647 καὶ
1638 4596 1718 4657 εἰς

146 4691 251 4761 τὴν
334 4688 708 4759 αἰχμαλωσίαν
778 4685 873 4739 τοῦ
946 4686 1064 4739 υἱοῦ
1133 4685 1295 4739 αὐτοῦ
1377 4686 1664 4739 Θεοδούλου
1699 4726 1715 4748 ,

147 4790 457 4835 extractam
509 4794 574 4833 ex
620 4779 811 4833 codice
843 4777 910 4832 74
958 4793 1061 4833 ms.
1114 4775 1295 4830 Caroli
1349 4777 1416 4831 de
1467 4775 1719 4831 Monchal

150 4871 559 4941 archiepisc0pi
586 4868 866 4934 Tolosani,
899 4877 954 4925 et
991 4870 1166 4925 eidem
1199 4880 1567 4937 nuncupatam
1593 4884 1716 4922 cum

150 4978 295 5016 nova
332 4979 431 5017 sua
459 4962 908 5032 interpretatione
942 4971 997 5016 et
1030 4962 1197 5021 notis.
1232 4962 1337 5016 sub
1365 4960 1525 5013 titulo
1563 4980 1575 5015 :
1603 4959 1721 5014 Nili

150 5069 309 5121 opera
355 5052 597 5122 qucedam
645 5052 876 5105 nondum
932 5052 1095 5116 edita,
1147 5051 1375 5105 Parisiis
1423 5049 1720 5119 publicavit

151 5147 511 5199 doctissimus
569 5142 765 5199 Petrus
822 5144 1084 5199 Possinus
1140 5143 1283 5214 apud
1337 5144 1720 5197 Sebastianum

150 5238 436 5309 Crernoysi
466 5239 861 5309 typograplmm
885 5237 1115 5308 regium,
1150 5235 1290 5291 in-i.
1326 5236 1548 5289 Addidit
1576 5237 1723 5304 ejus-

153 5330 278 5384 dem
309 5330 414 5384 Nili
470 5330 839 5384 laudatiouem
878 5329 930 5383 in
972 5329 1266 5383 Albianum
1306 5328 1491 5383 Graece
1527 5336 1580 5383 et
1619 5329 1722 5383 La-

157 5426 293 5478 tine.
322 5424 395 5478 De
430 5425 533 5477 hac
555 5425 779 5479 historia
808 5423 1168 5493 Menologium
1197 5421 1511 5477 Graecorum
1536 5422 1602 5475 12
1626 5422 1723 5477 Νο-

159 5517 435 5570 vembris:
467 5516 577 5569 Καὶ
614 5517 737 5569 ἐπεὶ
768 5520 795 5570 ὁ
820 5516 1084 5586 μακάριος
1122 5515 1311 5576 Νεῖλος
1339 5516 1397 5567 τὸ
1434 5516 1558 5585 ὅρος
1584 5517 1720 5586 μετὰ

157 5604 255 5657 τοῦ
282 5602 398 5659 ν’ἱοῦ
448 5606 788 5676 κατειληφὼς
822 5605 982 5677 συνῆν
1010 5608 1121 5670 τοῖς
1168 5604 1467 5677 Πατράσιν,
1510 5607 1716 5679 βάρϐα-

160 5694 246 5766 ροί
282 5713 425 5762 τινες
482 5697 741 5768 ἐξαίφνης
774 5697 1112 5761 ἐπελθόντες,
1137 5698 1212 5763 ὡς
1251 5697 1416 5784 θῆρες
1464 5698 1555 5752 τὸν
1606 5700 1718 5755 υἱὸν

480 5790 748 5854 ΡΔἸἬΟῙ..
790 5792 906 5854 Gn.
947 5790 1204 5858 LXXIX.
1230 5789 1237 5796 ’
1264 5828 1269 5849 ι

1804 400 2088 455 Θεόδουλον
2127 403 2224 454 σὺν
2260 400 2437 463 ἄλλοις
2475 399 2747 462 πλείστοις
2775 398 3117 470 αἰχμάλωτον
3145 395 3364 450 ἓλαϐον⁶

1802 488 1862 541 ὃν
1896 489 1973 552 ὼς
2021 489 2363 560 αἰχμάλωτον
2415 489 2603 559 θρηνεῖ
2662 488 2826 541 πλέον
2865 487 2959 540 τοῦ
3008 486 3360 558 καθήκοντος,

1803 579 1986 643 καθὼς
2013 582 2070 634 ὲν
2103 581 2182 653 τῷ
2222 582 2352 651 παρ’
2391 580 2555 633 αὑτοῦ
2605 581 2912 634 συντεθέντι
2979 579 3372 650 συγγράμματι

1802 672 2119 743 ἐμφέρεται·
2164 671 2304 725 Hinc
2355 688 2471 725 cum
2501 672 2681 724 beatus
2715 669 2876 724 Nilus
2916 680 3171 738 occupato
3199 680 3374 723 monte

1802 781 1922 818 cum
1943 766 2057 831 ﬁlio
2078 776 2386 819 sanctorum
2418 764 2643 817 Patrum
2664 762 3044 817 consuetudine
3085 762 3372 831 frueretur.

1801 854 2018 924 quidam
2075 854 2313 923 ferarum
2363 856 2536 908 instar
2588 866 2795 922 repente
2846 856 3104 907 irruentes
3159 853 3377 907 barbari

1801 944 1915 1012 ejus
1956 944 2129 1013 ﬁlium
2181 944 2510 998 Theodulum
2549 961 2669 998 cum
2716 946 2898 998 multis
2948 945 3070 999 aliis
3113 946 3377 1013 captivum

1802 1037 2169 1102 abduxerunt;
2193 1038 2344 1105 cujus
2363 1054 2541 1091 casum
2569 1038 2891 1091 lamentatur
2910 1047 3082 1106 pater,
3099 1036 3377 1107 plusquam

1802 1128 2006 1181 deceret
2036 1129 2196 1183 talem
2218 1131 2407 1195 virum,
2430 1128 2871 1196 quemadmodum
2902 1129 2960 1181 in
2984 1126 3377 1183 Commentario

1801 1222 1901 1274 hac
1934 1221 1996 1274 de
2026 1238 2082 1274 re
2119 1223 2317 1289 scripto
2356 1238 2567 1275 cernere
2611 1232 2708 1275 est.
2746 1219 3088 1290 Nicephorus
3112 1220 3379 1274 Callistus

1803 1311 1951 1367 dicto
1979 1314 2098 1367 loco
2137 1331 2151 1366 :
2184 1314 2319 1367 Μεθ’
2356 1307 2430 1367 ὧν
2459 1314 2554 1367 καὶ
2590 1314 2649 1366 τὸ
2679 1316 2736 1366 ὲν
2773 1312 2851 1383 τῷ
2882 1313 3077 1383 Σιναίῳ
3106 1312 3222 1383 lipsi.
3264 1311 3375 1365 τῶν

1805 1403 1961 1459 θείων
2003 1404 2261 1477 Πατέρων
2305 1405 2603 1476 μαρτύριον
2638 1406 3009 1476 ἀναγράφεται
3061 1404 3205 1459 οὕτω
3236 1405 3380 1474 λαμ-

1803 1507 1957 1577 πρῶς
1983 1525 2041 1560 τε
2074 1508 2191 1578 ἅμα
2213 1508 2305 1562 καὶ
2325 1506 2666 1579 περιπαθῶς,
2696 1506 2771 1570 ὡς
2807 1506 2991 1560 ἱκανὸν
3017 1501 3155 1559 εἶναι
3192 1503 3364 1558 ἐντεῦ-

1817 1598 1909 1653 θεν
1939 1598 2195 1669 θηράσαι,
2230 1593 2341 1662 οἷος
2369 1600 2463 1653 καὶ
2498 1598 2618 1651 κατ’
2647 1599 2813 1668 ἄμφω
2841 1598 3063 1665 γέγονεν
3092 1597 3120 1648 ὁ
3144 1596 3281 1667 ἀνὴρ
3321 1596 3378 1649 ἓν

1809 1708 1870 1744 τε
1899 1690 2073 1759 λόγων
2111 1692 2205 1744 καὶ
2236 1690 2440 1760 ἀρετῆς
2471 1690 2759 1762 περιουσίᾳ
2778 1706 2790 1719 ·
2815 1692 2931 1743 ὲκεῖ
2953 1690 3009 1742 δὲ
3036 1688 3130 1741 καὶ
3154 1688 3223 1741 τὰ
3254 1707 3359 1742 κατ

1809 1783 1970 1836 αὐτὸν
2003 1781 2097 1835 καὶ
2136 1782 2263 1845 τοὺς
2298 1783 2490 1845 παῖδας
2536 1782 2769 1853 μετρίως
2810 1780 3058 1845 διέξεισιν
3102 1781 3379 1852 ἐκτραγῳ-

1805 1872 1912 1927 δῶν
1953 1871 2074 1925 λίαν
2103 1872 2423 1942 περιπαθῶς
2453 1873 2549 1943 τὴν
2584 1872 2957 1942 αἰχμαλωσίαν
2999 1872 3213 1935 αὐτῶν,
3248 1872 3381 1943 βαρ-

1808 1964 1990 2035 ϐάρων
2018 1963 2496 2033 καταδραμόντων,
2532 1962 2581 2015 οἳ
2612 1962 2896 2034 Βλέμμυες
2929 1963 3216 2015 ἐκαλοῦντο
3236 2003 3253 2027 ,
3286 1964 3380 2017 καὶ

1808 2053 1969 2121 φόνον
2011 2054 2110 2107 οὐκ
2141 2052 2419 2123 ἐλάχιστον
2456 2053 2822 2123 δεδρακότων
2855 2053 2884 2104 ὃ
2925 2055 3019 2108 καὶ
3062 2054 3281 2125 ἥδυσμὰ
3328 2072 3381 2107 τι

1809 2146 2170 2215 πνευματικὸν
2200 2148 2312 2208 τοῖς
2350 2144 2668 2214 φιλομαθέσι
2714 2145 3120 2199 καταλέλοιπεν.
3153 2145 3381 2215 Scripsit

1806 2252 2009 2306 quoque
2055 2235 2355 2301 divinorum
2392 2235 2619 2288 Patrum
2646 2236 2699 2288 in
2732 2246 2906 2289 monte
2934 2235 3065 2291 Sina
3095 2236 3295 2289 obitum
3329 2248 3381 2290 et

1808 2330 2123 2399 martyrium
2162 2326 2415 2390 facundia
2448 2336 2495 2381 et
2544 2327 2707 2396 effatu
2760 2336 2928 2390 tanto,
2975 2336 3032 2379 ut
3082 2327 3215 2379 satis
3261 2326 3383 2379 inde

1808 2422 2053 2492 colligere
2087 2424 2263 2487 liceat,
2295 2438 2455 2493 quam
2477 2422 2675 2475 eximia
2713 2421 2959 2473 doctrina
2986 2419 3151 2489 juxta
3187 2429 3237 2473 et
3274 2423 3384 2473 vir-

1811 2526 1919 2570 tute
1962 2518 2041 2570 vir
2098 2518 2143 2571 is
2183 2517 2368 2586 fuerit,
2420 2516 2510 2570 ubi
2556 2517 2717 2570 etiam
2752 2533 2879 2569 suas
2922 2524 2971 2569 et
3017 2515 3252 2585 filiorum
3300 2532 3381 2569 res

1807 2609 1990 2679 paucis
2024 2617 2397 2663 commemorat
2444 2606 2841 2671 miserabiliter,
2896 2607 3054 2661 veluti
3098 2608 3153 2660 in
3191 2617 3384 2676 tragce‘

1809 2702 1922 2767 dia,
1940 2703 2297 2771 captivitatem
2318 2703 2479 2756 etiam
2498 2701 2807 2771 deplorans,
2832 2716 2949 2753 cum
2973 2699 3188 2753 barbari
3210 2699 3383 2754 Blemet

1809 2811 1982 2864 meyes
2008 2793 2318 2847 excursione
2346 2809 2445 2847 sua
2474 2792 2671 2846 ccedem
2704 2795 2963 2862 ingentem
3002 2791 3169 2861 fecere
3203 2791 3381 2861 :quod

1810 2884 2114 2951 opusculum
2146 2892 2399 2954 tanquam
2433 2884 2712 2952 spirituale
2741 2883 3007 2952 quoddam
3027 2883 3382 2936 oblectamen-

1808 2986 1918 3029 tum
1946 2976 2197 3029 studiosis
2229 2974 2461 3044 reliquit.
2488 2974 2626 3029 Cum
2670 2973 2856 3029 Graece
2898 2973 3172 3045 legeretur
3194 2971 3383 3043 διηγή-

1808 3085 1976 3139 ματα,
2009 3068 2360 3123 occasionem
2392 3067 2626 3137 arripuit
2656 3066 3070 3121 eruditissimus
3111 3064 3379 3119 Possinus

1805 3159 2181 3228 distinguendi
2234 3159 2431 3213 librum
2474 3158 2529 3213 in
2583 3168 2788 3229 septem
2833 3156 3208 3221 Narrationes,
3252 3170 3379 3209 cum

1807 3244 1912 3301 hoc
1955 3243 2323 3301 arbitraretur
2366 3247 2553 3316 aliquo
2593 3246 2819 3304 lectoris
2862 3245 3176 3307 commodo,
3219 3247 3374 3300 nullo

1808 3336 2053 3392 auctoris
2086 3344 2181 3390 aut
2210 3337 2393 3407 operis
2412 3336 2740 3393 detrimento
2773 3339 2889 3393 ﬁeri
2914 3354 3121 3408 posse.~

1877 3427 1953 3486 De
1983 3446 2069 3496 ea,
2091 3444 2212 3501 quae
2241 3430 2382 3499 apud
2412 3429 2773 3499 Lipomanum
2805 3431 2951 3483 edita
2973 3438 3079 3493 est,
3109 3430 3381 3499 interpre-

1808 3521 2037 3588 tatione,
2079 3522 2211 3576 illud
2243 3529 2325 3576 est
2353 3522 2797 3591 pratstantissimi
2840 3520 2991 3575 Petri
3026 3521 3240 3577 Possini
3294 3522 3383 3576 in-

1809 3612 2223 3681 terpretationis
2278 3628 2394 3667 sum
2446 3612 2737 3665 arbitrium
2781 3630 2795 3666 :
2847 3611 2963 3665 Hoc
3012 3629 3172 3666 unum
3226 3614 3380 3666 modo

1810 3704 1958 3757 initio
1990 3719 2281 3773 receperam
2311 3721 2329 3758 :
2358 3705 2554 3774 hocque
2583 3703 2687 3767 illi,
2721 3719 2823 3773 quo
2854 3721 3041 3774 magno
3070 3706 3256 3758 nterito
3293 3706 3380 3757 ni-

1810 3796 1887 3849 hil
1908 3813 2009 3849 non
2037 3796 2176 3864 apud
2218 3812 2298 3850 me
2325 3786 2567 3864 possunt,
2608 3812 2807 3849 mecura
2836 3795 3101 3850 duntaxat
3125 3808 3337 3865 egerant
3361 3816 3379 3850 :

1811 3897 1867 3939 ut
1890 3897 2127 3952 veterem,
2151 3904 2267 3958 qua:
2294 3888 2493 3957 pridem
2520 3906 2553 3942 a
2580 3886 2870 3957 Lipomano
2900 3898 2976 3941 est
3017 3890 3183 3952 edita,
3222 3890 3380 3958 hujus

1813 3978 2050 4044 opusculi
2082 3981 2563 4047 interpretationem
2592 3995 2935 4042 recenserem,
2960 3988 3010 4032 et
3045 3996 3163 4032 cum
3192 3978 3379 4034 erca

1814 4086 2193 4136 compararem.
2226 4068 2329 4123 Sed
2363 4086 2482 4123 cum
2531 4070 2735 4138 aliquot
2771 4070 2887 4138 jam
2927 4071 3135 4139 paginis
3181 4073 3384 4139 passim

1815 4160 2211 4228 interpolatum,
2247 4178 2309 4214 ac
2342 4170 2672 4215 recantatam
2708 4179 2739 4213 a
2770 4179 2849 4214 me
2884 4161 3034 4214 illam
3067 4163 3384 4230 interpreta-

1818 4254 2005 4305 tionem
2042 4251 2227 4303 amicis
2255 4253 2311 4304 in
2338 4253 2597 4319 specimen
2616 4252 2947 4319 obtulissem,
2973 4253 3110 4321 quod
3133 4252 3386 4307 scribenti

1815 4344 1959 4414 prius
1988 4343 2137 4408 mihi,
2164 4343 2260 4396 hoc
2289 4343 2577 4412 legentibus
2610 4343 2745 4397 idem
2778 4345 2910 4411 ipsis
2944 4345 3113 4399 visum
3150 4345 3383 4410 fuisset:

1816 4453 1915 4499 me,
1936 4436 1982 4489 si
2002 4451 2263 4504 pergerent
2292 4445 2347 4488 ut
2370 4451 2644 4502 creperum,
2665 4436 3035 4489 exhauriendis
3056 4436 3165 4489 illis
3189 4436 3387 4491 laboris

1816 4526 2219 4580 illiberalissimi
2265 4527 2526 4595 fastidiis,
2576 4544 2765 4596 magno
2806 4544 2918 4581 meo
2973 4528 3128 4580 tcedio
3181 4528 3385 4581 nullam

1820 4628 1992 4671 tamen
2009 4619 2239 4670 alienam
2266 4618 2493 4688 gratiant
2524 4618 2837 4671 relaturum.
2875 4617 2940 4670 Et
2963 4626 3120 4681 certe,
3144 4628 3200 4672 ut
3227 4636 3386 4687 quam

1818 4710 2056 4763 omittere
2090 4727 2193 4763 non
2220 4725 2458 4778 possunt,
2509 4710 2779 4764 celerrime
2821 4710 3033 4773 saltent,
3065 4710 3205 4780 quod
3246 4728 3387 4765 vere-

1820 4797 2025 4851 cundia:
2064 4815 2226 4852 unum
2268 4808 2523 4866 superest,
2579 4801 2871 4869 transigam
2935 4801 3387 4868 reprehensionem

1822 4889 2019 4942 laboris
2049 4886 2232 4952 alieni,
2264 4889 2316 4941 id
2342 4906 2499 4958 qttam
2541 4889 2780 4953 breviter,
2820 4897 2927 4941 tam
2952 4907 3067 4944 vere
3105 4890 3222 4944 licet
3249 4893 3385 4961 affir-

1820 4997 1965 5033 mare
1995 4980 2194 5032 nullum
2221 4981 2430 5033 omnino
2464 4981 2619 5046 labis,
2648 4981 2903 5051 ﬂagitiive
2942 5000 3123 5051 genus,
3150 4986 3290 5052 quod
3328 4987 3382 5037 in

1820 5088 1879 5124 eo
1907 5088 2087 5141 genere
2119 5073 2288 5124 caveri
2328 5070 2533 5131 debeat.
2560 5074 2615 5127 in
2660 5078 2765 5127 ista
2817 5092 2930 5128 esse
2974 5077 3228 5129 versionis
3267 5093 3389 5144 per-

1821 5161 2132 5215 versissima:
2165 5160 2229 5213 de
2272 5150 2631 5229 properatione
2684 5166 3117 5232 prwtermissum.
3166 5164 3307 5217 Nam
3339 5175 3389 5218 et

1821 5249 2099 5304 obscurata
2130 5251 2328 5317 passim
2358 5261 2435 5305 est
2469 5255 2701 5305 auctoris
2734 5256 3014 5318 sententia,
3041 5265 3090 5308 et
3123 5272 3223 5308 non
3264 5272 3389 5308 raro

1824 5340 1893 5395 ad
1945 5340 2211 5396 libidinem
2266 5343 2567 5411 interpretis
2595 5345 2719 5412 ﬁcta
2755 5357 2801 5398 et
2833 5346 3059 5399 detorta.
3097 5345 3221 5397 lam
3272 5364 3387 5399 om-

1823 5428 1974 5482 nibus
2010 5430 2119 5497 'fere
2146 5430 2349 5499 paginis
2383 5431 2732 5483 miserrimum
2769 5433 2822 5484 in
2866 5433 3077 5484 modum
3118 5448 3209 5500 per
3237 5449 3387 5485 sunt-

1823 5537 1965 5573 mam
2038 5522 2298 5573 licentiam
2352 5521 2586 5573 lacerata
2659 5522 2971 5590 fiedissime,
3040 5524 3386 5588 mutilataque

1821 5613 1991 5665 oratio
2022 5613 2293 5681 scriptoris
2326 5627 2343 5665 :
2379 5623 2490 5665 tum
2513 5630 2544 5666 a
2580 5615 2749 5682 capite
2775 5614 2843 5666 ad
2875 5614 3070 5667 calcem
3101 5613 3248 5667 nullo
3282 5627 3387 5665 non

1820 5705 1933 5766 loco
1974 5706 2051 5758 ita
2100 5713 2369 5773 comperta
2411 5706 2872 5764 contaminataaue
2898 5707 3119 5761 maculis
3147 5704 3389 5777 barbara:

3014 5799 3055 5856 2
