3882 6036
498 295 568 358 43
1717 302 2024 363 ΝΟΤΙΤΙΑ
2063 301 2070 358 ἶ

2187 303 2245 361 S.
2270 301 2538 362 NILUM.
3683 301 3758 366 ﬂ

499 404 778 476 cujusdam
814 405 1081 474 infantiic,
1123 418 1179 460 ut
1240 427 1368 479 opus
1421 424 1653 466 ceterum
1691 415 1917 482 judiciis
1949 429 2072 466 arce

497 499 736 570 dignum,
767 515 858 551 rus
889 499 1042 552 hodie
1077 517 1299 566 merum,
1331 519 1552 574 rareque
1585 505 1848 574 inﬁcetius
1895 505 2073 558 videa-

497 605 602 646 tur.
639 593 772 658 Quir
800 594 845 646 si
871 595 988 662 quis
1032 613 1064 648 a
1093 612 1172 648 me
1207 597 1350 650 dicta
1399 599 1740 652 criminosius
1777 600 2068 660 existimet,

497 701 600 738 non
622 701 714 754 ego
745 695 918 738 tamen
946 687 1086 756 apud
1115 705 1232 742 eum
1261 685 1480 758 perdam
1507 707 1701 760 aquam
1729 691 1941 760 prolixa
1973 707 2072 759 ap-

494 777 802 844 probatione
831 795 1006 832 causie
1040 797 1168 834 mea:
1193 783 1349 836 certis
1384 800 1696 854 unaquaque
1732 783 1795 836 de
1834 800 1890 838 re
1925 785 2075 836 testi-

497 865 686 918 maniis
733 865 1079 935 proferendis.
1143 867 1246 923 Sed
1279 873 1326 924 si
1374 873 1510 925 tanti
1573 883 1718 942 putet
1763 890 1872 927 rem
1909 884 2074 928 totam

497 973 840 1026 cognoscere,
893 968 942 1014 et
997 959 1194 1016 Latina
1239 964 1336 1018 illa
1379 967 1565 1019 ceteris
1613 967 1915 1035 interpretis
1953 983 2074 1020 cum

499 1045 684 1102 Graeca
715 1052 950 1103 auctoris
975 1051 1232 1119 conferre,
1258 1066 1316 1106 ut
1341 1055 1410 1108 ad
1435 1055 1548 1109 alia
1585 1057 1880 1119 conniveat,
1907 1071 1990 1110 me
2028 1055 2072 1110 is

498 1153 692 1206 tanten,
733 1142 779 1194 si
807 1158 965 1211 quam
993 1143 1145 1198 liabet
1191 1148 1512 1216 a’quitatem,
1556 1165 1676 1201 cum
1721 1163 1824 1201 non
1863 1157 2073 1201 tantum

495 1244 779 1298 commata,
829 1245 920 1288 aut
957 1239 1438 1306 comprehensiones
1467 1251 1628 1305 totas,
1685 1241 1775 1295 sed
1823 1243 2070 1312 paginas,

496 1333 651 1394 atque
679 1325 810 1378 adeo
836 1331 1180 1386 tractationes
1204 1333 1435 1403 integras
1461 1335 1670 1388 conscio
1697 1334 1907 1388 silentio
1933 1349 2074 1401 pra:-

495 1415 680 1476 teritlas
729 1425 838 1470 toto
884 1421 1089 1487 passim
1123 1423 1176 1475 in
1234 1440 1385 1493 opere
1432 1425 1739 1494 perspiciet,
1799 1436 1846 1479 et
1895 1426 2070 1488 illm".

473 1507 727 1582 quisquis
751 1523 849 1574 est,
881 1514 1215 1582 interpretem
1243 1517 1515 1585 scripsisse
1550 1520 1886 1590 festinanter,
1911 1528 1961 1570 et
1993 1532 2075 1569 nte

493 1618 596 1654 non
629 1605 954 1661 caluinniose
983 1625 1263 1663 accusasse
1289 1611 1577 1679 judicabit.
1605 1616 1772 1681 Atque
1793 1612 1912 1664 hinc
1939 1612 2072 1664 satis

493 1695 766 1767 intelligis,
804 1699 964 1754 lector
1013 1702 1230 1768 optime,
1285 1719 1442 1770 quam
1476 1720 1580 1757 non
1611 1703 1812 1766 leviter,
1857 1713 1948 1755 aut
1983 1718 2075 1755 cu-

491 1789 608 1856 pide
645 1792 926 1845 consilium
967 1795 1425 1862 interpretationis
1481 1795 1751 1851 ordienda:
1783 1812 1952 1858 novw,
1983 1795 2072 1849 sed

493 1882 784 1934 necessario
842 1883 1177 1950 susceperim.
1221 1884 1348 1938 Haec
1400 1900 1526 1940 cum
1587 1885 2074 1940 animadvertisset

494 1971 680 2023 nescio
707 1973 830 2040 quis
866 1974 918 2025 in
956 1973 1108 2028 calce
1140 1975 1351 2031 codicis
1380 1976 1516 2031 editi
1559 1975 1850 2032 Barberini
1882 1976 2074 2047 appin-

493 2063 614 2116 xit:
658 2063 785 2118 Tres
832 2067 924 2118 isti
971 2068 1322 2136 ntanuscripti
1375 2069 1576 2122 codices
1611 2070 1688 2122 ita
1716 2069 2064 2132 concordant,

491 2163 550 2206 ut
581 2169 646 2208 ea:
673 2173 776 2210 uno
810 2159 1101 2226 exemplari
1149 2160 1304 2225 quasi
1355 2158 1606 2228 descripti
1653 2176 1766 2215 esse
1797 2160 2075 2214 videantur

491 2266 692 2312 omnes,
724 2250 961 2320 alioquin
993 2251 1056 2302 ab
1087 2250 1228 2305 edito
1275 2252 1423 2322 longe
1455 2251 1818 2322 discrepantes
1843 2270 1862 2308 :
1901 2253 2072 2306 multa

490 2343 630 2398 enim
664 2351 893 2406 mutant,
921 2344 1176 2396 nonnulla
1217 2344 1442 2405 addunt,
1474 2346 1706 2413 plurima
1729 2345 1989 2412 recidunt,
2017 2347 2074 2399 in

457 2491 464 2498 _
491 2433 680 2502 quibus
715 2432 980 2488 Simeonis
1011 2433 1384 2504 Metaplirastte
1403 2453 1618 2491 manum
1641 2437 1802 2506 facile
1825 2454 2072 2508 agnosces

491 2525 584 2594 qui
621 2527 820 2596 scripta
861 2527 1124 2594 ejusmodi
1179 2528 1241 2582 de
1294 2530 1528 2583 virorum
1579 2541 1886 2585 sanctorum
1919 2531 2070 2586 rebus

491 2609 650 2684 {fastis
681 2619 899 2690 antiqua
935 2629 982 2671 et
1013 2622 1146 2674 satis
1190 2621 1351 2691 longa
1383 2623 1728 2690 interpolare,
1765 2637 1918 2694 atque
1951 2641 2070 2678 mu-

495 2721 608 2764 tare
645 2711 863 2764 amavit.
906 2710 1078 2766 Porro
1112 2714 1270 2766 istaut
1298 2713 1412 2783 ejus
1450 2716 1755 2782 editionem,
1780 2734 1941 2786 quam
1981 2733 2071 2770 co-

491 2801 634 2858 dices
659 2803 741 2857 illi
765 2813 1164 2872 reprazsentant,
1193 2818 1378 2862 secuta
1401 2821 1478 2864 est
1529 2821 1674 2866 cetus
1705 2815 2072 2881 interpretatio

490 2893 681 2950 Latine
716 2913 748 2949 a
787 2894 1081 2965 Lipomano
1129 2900 1362 2966 primum
1407 2903 1672 2973 evulgato,
1715 2921 1872 2976 quam
1912 2904 2074 2960 Pater

491 2985 750 3042 Pessinus
773 2988 830 3042 in
865 2987 1192 3058 Praefatione
1219 2991 1296 3045 ita
1329 2996 1588 3064 exagitat,
1626 2998 1808 3051 mitius
1841 2997 2074 3066 fortasse

491 3077 754 3147 facturus,
784 3079 832 3133 si
873 3079 1285 3150 discrepantias,
1333 3093 1490 3152 atque
1514 3087 1676 3140 etiam
1725 3104 1930 3143 errores
1969 3105 2073 3142 non

491 3167 556 3216 ab
583 3167 884 3235 interprete,
915 3170 1005 3222 sed
1033 3187 1065 3224 α
1093 3168 1336 3226 Simeone
1377 3172 1738 3240 Metapliraste
1773 3177 2072 3247 interpola-

491 3265 603 3309 tore
627 3257 916 3328 proﬁcisci,
942 3260 1020 3312 uti
1059 3259 1264 3329 fectant
1294 3265 1546 3330 oportuit,
1585 3267 2068 3323 animadvertisset.

489 3347 618 3406 llaec
647 3351 702 3404 in
735 3349 1050 3416 Possinum,
1072 3351 1358 3423 Lipomani
1380 3355 1740 3422 additionem,
1773 3370 1827 3415 et
1859 3339 2071 3416 Simeo-

486 3443 576 3496 nis
619 3441 1004 3512 Metaphrastze
1037 3461 1238 3502 nomen
1270 3462 1367 3517 per
1401 3463 1500 3502 ora
1529 3449 1816 3506 hominum
1859 3454 2074 3523 magni-

489 3533 592 3592 tice
641 3536 903 3593 incedens
957 3539 1272 3596 traduntur.
1337 3542 1444 3598 Sed
1501 3545 1935 3602 condonandum
1986 3557 2072 3604 est

487 3628 633 3695 viro,
661 3629 754 3698 qui
777 3637 1048 3699 quantum
1073 3633 1250 3688 valeat
1287 3632 1506 3690 Possini
1541 3637 1838 3706 judicium,
1871 3648 1927 3694 et
1957 3639 2071 3695 Me—

491 3721 789 3792 taphrastae
825 3724 1067 3794 dignitas
1099 3727 1153 3780 in
1193 3727 1361 3783 rebus
1396 3729 1800 3787 ecclesiasticis
1846 3747 2070 3802 promo-

491 3815 684 3871 vendis
715 3831 779 3871 ex
849 3819 1198 3888 publicarum
1244 3823 1699 3892 privatarumque
1739 3841 1924 3880 rerum
1971 3829 2072 3882 ad-

489 3907 935 3973 ministratione,
986 3911 1296 3981 peritiaque
1345 3914 1527 3985 plena,
1575 3927 1631 3970 et
1671 3933 1740 3970 an
1801 3918 1958 3974 albus
1989 3921 2072 3976 vel

411 3997 416 4002 ’
489 4007 607 4053 ater
637 3997 824 4062 fuerit,
858 4001 1098 4068 ignorat.
1129 4003 1267 4068 Quis
1323 4007 1493 4068 enim,
1557 4008 1666 4063 nisi
1715 4026 1889 4080 nugas
1919 4027 2071 4066 som-

487 4089 642 4144 niare
674 4092 930 4158 voluerit,
971 4095 1207 4165 aliisque
1245 4099 1458 4166 garrire
1491 4104 1810 4166 teutaverit,
1855 4103 2071 4160 Simeo-

487 4195 612 4234 nem
627 4179 1048 4253 Sletaphrastem
1069 4187 1238 4248 nobili
1259 4193 1621 4262 equestrique
1637 4211 1839 4264 genere
1857 4207 2066 4264 natum,

485 4273 801 4328 ministrum
833 4275 979 4331 inter
1018 4279 1310 4345 primarios
1343 4284 1554 4339 militiae
1601 4285 2068 4359 Constantinopo—

487 4364 690 4426 litanat.
721 4366 788 4420 ab
820 4367 1073 4436 epistolis
1095 4378 1150 4424 et
1172 4373 1406 4428 secretis
1427 4373 1802 4443 imperatoris,
1821 4379 2070 4434 oratione

487 4459 669 4513 soluta
695 4467 750 4513 et
784 4460 966 4515 vincta
995 4477 1103 4515 non
1130 4463 1338 4533 absque
1367 4465 1708 4536 eloquentia,
1741 4479 1794 4523 et
1827 4469 2069 4524 dexteri-

485 4557 600 4605 tate
621 4551 954 4620 pratcipumu
981 4553 1216 4622 jactahit
1249 4575 1261 4610 :
1313 4573 1534 4613 errores
1567 4568 1623 4613 et
1658 4561 2068 4630 discrepantias

486 4658 518 4695 a
563 4642 654 4696 tali
695 4651 960 4714 tantoque
989 4645 1110 4700 viro
1136 4646 1415 4715 profectas
1445 4649 1639 4716 fuisse,
1665 4659 1722 4705 et
1757 4653 1901 4706 vitas
1924 4654 2069 4706 anti~

483 4749 718 4803 quorum
762 4743 1082 4790 sanctorum
1145 4737 1515 4808 interpolasse
1563 4742 1960 4806 contendenti,
2013 4752 2068 4798 et

487 4837 702 4882 tantum
734 4843 935 4884 nomen
976 4830 1216 4894 laedenti,
1256 4831 1474 4886 veniam
1511 4833 1798 4896 concedet,
1829 4835 1922 4890 sed
1957 4851 2065 4889 non

487 4920 970 4989 prosperandam?
999 4919 1104 4976 Sed
1129 4938 1318 4990 parum
1347 4923 1544 4993 peritis
1579 4939 1703 4988 usu,
1741 4934 1795 4980 et
1827 4926 1894 4980 de
1918 4927 2062 4982 facili

489 5012 980 5082 pronuntiantibus
1005 5013 1190 5066 omnia
1227 5029 1338 5068 non
1379 5013 1566 5068 invitis
1598 5017 1851 5071 manibus
1885 5018 2066 5072 danda

488 5113 619 5158 sunt

559 5194 804 5252 Dicimus
843 5211 998 5266 ergo,
1052 5206 1106 5250 et
1157 5197 1387 5250 ﬁrmiter
1423 5211 1832 5263 asseveramus,
1894 5198 2063 5254 Meta-

479 5271 751 5358 iphrasten
783 5289 934 5342 nullo
957 5288 1120 5342 modo
1153 5289 1292 5343 vitas
1319 5296 1644 5345 sanctorum
1675 5291 2059 5361 interpolasse.

489 5383 594 5444 sic,
623 5392 678 5433 ut
703 5379 873 5433 multa
907 5380 1302 5444 immutaverit,
1336 5382 1572 5450 plurima
1633 5381 1927 5449 addiderit,
1958 5385 2066 5438 alia

490 5471 772 5526 reciderit.
801 5471 908 5526 Sed
939 5471 1250 5526 immutavit
1279 5473 1498 5527 cautior
1537 5473 1741 5538 factus,
1770 5490 1891 5544 qua:
1929 5475 2068 5530 alio-

487 5579 609 5618 rum
646 5563 979 5634 scriptorum
1014 5564 1382 5620 monumentis
1415 5565 1524 5618 alio
1547 5581 1778 5635 prorsus
1819 5567 1980 5623 modo
2005 5585 2064 5624 se

427 5685 432 5689 ς
484 5654 770 5716 habuisse.
819 5666 874 5710 et
917 5667 1112 5712 contra
1163 5657 1257 5726 jus
1309 5655 1502 5728 fasque
1564 5655 1734 5712 fuisse
1790 5657 2057 5730 dignovit.

481 5745 711 5800 Addidit
746 5748 813 5801 ab
845 5747 967 5804 aliis
1007 5749 1236 5806 edoctus
1263 5750 1428 5822 digna
1459 5751 1621 5818 scitu,
1666 5753 1944 5821 prseterita
1979 5762 2060 5808 ta-

2179 427 2301 466 men
2334 413 2403 467 ab
2433 413 2680 481 antiquis
2699 411 2944 466 Vitsrum
2971 413 3362 482 scriptoribus.
3387 413 3600 472 Recidit
3619 415 3758 470 alio-

2181 519 2302 558 rum
2331 505 2557 574 scriptis
2581 505 2777 570 relata,
2823 504 2920 559 sed
2955 505 3148 568 nimia,
3191 507 3288 561 sed
3325 522 3756 577 supervacanea,

2179 596 2277 653 sed
2299 597 2570 660 fabulosa,
2589 597 2686 653 sed
2705 597 2962 661 ridicula,
2982 606 3038 652 et
3060 613 3448 665 perversorum
3467 599 3756 654 hominum

2180 690 2386 744 malitia
2435 690 2848 761 superinducta.
2883 691 2954 746 Et
2986 691 3113 754 hoc,
3156 691 3230 745 mi
3280 693 3386 758 vir,
3419 692 3760 760 interpolare

2186 782 2336 838 Vitas
2377 793 2699 839 sanctorum
2743 784 2867 840 est?
2913 783 2980 837 Et
3011 785 3116 838 hoc
3159 800 3226 839 ne
3269 786 3394 847 erit,
3429 783 3584 841 Vitas
3615 784 3758 838 locis

2181 874 2512 944 quibusdam
2549 876 2900 940 immutasse,
2935 873 3308 937 intercidisse,
3337 874 3554 944 illisque
3585 873 3758 928 addi-

2179 966 2366 1021 disse?
2388 965 2787 1036 Metaphrastes
2811 963 2968 1020 Vitas
3003 974 3152 1020 recte
3177 965 3566 1036 sapienterque
3583 966 3760 1020 dicta-

2183 1067 2287 1122 tas,
2315 1061 2552 1114 intactas
2573 1059 2820 1130 reliquit,
2839 1075 2906 1114 ex
2927 1059 3160 1113 aliorum
3177 1058 3378 1112 studiis
3395 1059 3756 1114 aclaboribus

2181 1151 2386 1204 nullam
2429 1151 2536 1206 sibi
2585 1151 2786 1205 famam
2813 1153 3220 1215 ‘emendicans,
3269 1151 3366 1206 sed
3406 1165 3436 1203 a
3475 1153 3656 1222 capite
3687 1149 3756 1204 ad

2181 1243 2386 1296 calcem
2411 1257 2597 1296 rerum
2619 1253 2919 1314 gestarum,
2951 1243 3030 1296 uti
3063 1252 3231 1314 gestas
3262 1252 3414 1307 sunt,
3455 1242 3758 1312 expositio-

2181 1351 2326 1398 nem,
2352 1336 2579 1405 pr0prio
2621 1336 2760 1407 style
2793 1351 3100 1406 generoque
3127 1335 3351 1389 dicendi
3387 1336 3462 1389 ita
3485 1333 3750 1404 expediit,

2181 1435 2242 1481 ut
2281 1427 2448 1483 nullis
2475 1427 2710 1482 aliorum
2749 1429 3080 1496 scriptormn
3133 1426 3396 1496 periodis,
3449 1426 3590 1481 addo
3635 1425 3754 1480 for-

2183 1519 2347 1574 mulis
2375 1531 2430 1574 et
2470 1521 2638 1584 notis,
2671 1537 2830 1575 usum
2861 1519 3031 1574 fuisse
3053 1520 3124 1574 ab
3155 1531 3270 1574 arte
3293 1520 3756 1574 oratoriainstrn-

2180 1619 2303 1665 ctus
2329 1611 2652 1680 dignoscere
2671 1612 2862 1680 possit.
2897 1609 2974 1665 Ita
3005 1619 3110 1666 est.
3141 1609 3398 1665 Prostant
3431 1620 3752 1666 sanctorum

2182 1703 2538 1772 antiquorum
2563 1704 2690 1757 vitae
2715 1703 2784 1758 ab
2820 1704 2943 1758 aliis
2977 1715 3102 1758 ante
3137 1698 3543 1772 llletapbr’asten
3573 1703 3756 1774 pubii-

2181 1805 2336 1861 catae,
2375 1812 2497 1866 qua:
2529 1797 2872 1867 postmodum
2909 1797 2978 1851 ab
3013 1797 3204 1852 eodem
3238 1795 3502 1853 facultate
3533 1797 3752 1853 dicendi

2181 1889 2446 1958 singulari
2479 1890 2533 1942 in
2574 1889 2857 1944 meliorem
2895 1897 3061 1958 atque
3081 1891 3483 1946 accuratiorem
3505 1897 3752 1946 tenorem

2180 1981 2341 2036 editae
2379 1993 2534 2048 sunt,
2571 1983 2760 2051 quales
2791 1982 2994 2037 multas
3043 1983 3100 2036 in
3135 1997 3254 2036 mea
3285 1981 3354 2038 de
3401 1981 3754 2038 Simeonibus

2179 2073 2424 2128 Diatriba
2485 2073 2796 2128 luculenter
2846 2073 3152 2143 designavi.
3195 2071 3366 2129 Sume
3419 2076 3475 2129 in
3531 2089 3752 2141 manus,

2180 2165 2444 2220 attentius
2473 2165 2680 2226 lectita.
2703 2181 2859 2236 atque
2907 2166 3156 2235 beneque
3193 2167 3498 2236 judicatum
3533 2167 3754 2222 demum

2179 2257 2508 2314 sententiam
2547 2256 2753 2326 profer.
2787 2255 2993 2311 Planus
3029 2255 3224 2323 fueris,
3265 2257 3312 2314 si
3343 2255 3756 2328 Melapbrasten

2179 2352 2421 2405 virorum
2457 2360 2776 2404 sanctorum
2809 2365 2899 2405 res
2950 2358 3134 2420 gestas
3181 2349 3468 2420 antiquas,
3527 2360 3582 2405 et
3619 2352 3756 2407 satis

2179 2445 2372 2514 longas
2403 2444 2786 2513 iuterpolasse,
2815 2452 2980 2508 atque
3003 2444 3326 2499 immutasse
3347 2444 3754 2508 enuntiaveris,

2177 2549 2233 2594 et
2270 2539 2578 2593 doctissimi
2612 2535 2832 2591 Possini
2865 2537 2933 2590 de
2976 2536 3080 2590 hac
3119 2535 3356 2590 historia
3405 2535 3511 2592 Nili
3559 2536 3756 2593 Latine

2179 2629 2319 2700 apud
2353 2628 2718 2699 Lipomanum
2746 2611 2952 2681 rectum
2981 2643 3092 2682 non
3117 2645 3241 2684 esse
3265 2629 3594 2701 intelligens,
3617 2645 3756 2700 pru-

2177 2723 2424 2792 densque
2463 2720 2758 2791 judicium,
2805 2728 2899 2774 aut
2945 2719 3148 2789 injuria
3185 2721 3334 2775 illam
3367 2738 3616 2778 vexasse.
3650 2722 3756 2778 Cui

2179 2813 2454 2884 siquidem
2493 2827 2601 2866 non
2627 2821 2734 2873 est,
2765 2811 2819 2864 in
2848 2811 3230 2866 exscribemlis
3263 2813 3614 2888 antiquorum
3664 2829 3758 2869 vo-

2179 2905 2480 2961 luminibus
2497 2904 2896 2973 exscriptorum
2937 2903 3228 2966 incuriam,
3263 2897 3440 2975 neque
3467 2907 3520 2960 in
3543 2905 3756 2961 doctri-

2179 3013 2272 3062 na,
2304 3011 2481 3066 neque
2507 2995 2558 3048 in
2587 2993 2902 3049 eruditione
2922 2995 3326 3060 excellentiam,
3355 3003 3412 3050 et
3431 2998 3478 3053 si
3507 2998 3753 3068 codices,

2179 3089 2381 3160 quibus
2424 3087 2826 3151 innitebantur,
2879 3086 3161 3156 depravati
3212 3087 3464 3143 distortis
3523 3091 3753 3160 litteris,

2181 3181 2297 3236 sive
2323 3177 2595 3248 ambiguis
2631 3177 2873 3242 confusi,
2909 3179 3073 3234 verba
3104 3179 3472 3234 similitudine
3511 3181 3755 3252 syllaba-

2179 3289 2301 3327 rum
2335 3273 2552 3334 vitiosa,
2599 3271 2767 3324 multa
2803 3269 2970 3324 etiam
3011 3271 3096 3326 vel
3149 3272 3486 3341 malignitate
3541 3273 3754 3340 addita,

2179 3363 2264 3417 vel
2293 3361 2473 3431 spatio
2516 3361 2785 3429 temporis
2818 3361 3104 3428 fugientia,
3142 3361 3474 3416 intrusisse?
3501 3361 3754 3432 Iniquum

2177 3462 2263 3509 est
2312 3453 2510 3508 similia
2555 3451 2936 3520 Metaphrasta:
2974 3453 3295 3507 attribuere.
3339 3451 3401 3506 Et
3435 3469 3504 3508 ne
3537 3455 3752 3512 nimius

2180 3547 2305 3605 sim.
2342 3543 2466 3598 vide
2499 3560 2620 3613 qua:
2647 3539 2714 3598 de
2757 3531 3128 3612 Meta‘phraste
3181 3543 3236 3596 in
3276 3544 3555 3610 dictando,
3587 3555 3756 3616 atque

2177 3639 2360 3692 verbis
2401 3637 2682 3692 struendis
2721 3635 2905 3690 studio
2955 3637 3203 3705 apposite
3249 3636 3304 3690 in
3351 3635 3544 3707 Elogio
3579 3638 3755 3707 ipsius

2177 3732 2452 3786 construit
2497 3729 2729 3792 l’s‘ellus,
2763 3728 3006 3782 Diatriba
3027 3738 3220 3782 nostra
3266 3728 3332 3784 de
3379 3729 3754 3796 Simeonibus,

2178 3831 2232 3877 et
2269 3838 2459 3877 eorum
2493 3821 2740 3890 scriptis,
2793 3821 2846 3874 in
2879 3837 2988 3890 qua
3017 3821 3186 3873 multa
3226 3821 3292 3876 de
3331 3821 3434 3876 hac
3472 3821 3666 3878 eadem
3701 3840 3756 3879 re

2178 3927 2246 3966 ex
2285 3913 2427 3974 aliis,
2473 3919 2642 3979 atque
2687 3909 2809 3964 aliis
2861 3909 3178 3964 auctoribus
3209 3909 3548 3979 collegimus.
3587 3911 3652 3964 Et
3693 3929 3757 3970 ne

2179 4022 2278 4060 nos
2314 4005 2515 4059 similia
2543 4014 2732 4058 nostra
2765 4001 3159 4072 imaginatione
3190 4003 3400 4073 agitare
3441 4001 3634 4058 belluli
3695 4020 3758 4060 ac

2179 4097 2360 4152 festivi
2407 4095 2649 4165 saperdas
2717 4094 3089 4162 suspicentur,
3145 4093 3342 4148 habeto
3393 4093 3517 4162 tibi,
3557 4095 3754 4157 lector,

2179 4203 2300 4256 qua:
2351 4202 2452 4255 pro
2501 4183 2688 4238 eodem
2739 4181 3106 4248 Metaphraste
3139 4179 3479 4249 Lipomanus
3531 4185 3757 4254 scriptis

2177 4277 2452 4332 tuetnoriae
2480 4275 2738 4346 prodidit.
2765 4272 2842 4326 De
2865 4271 3226 4342 Metapliraste
3257 4284 3434 4327 autem
3460 4279 3756 4330 communis

2175 4371 2471 4438 priscorum
2525 4367 2758 4419 virorum
2813 4363 3067 4417 Ecclesia:
3125 4363 3416 4420 Orientalis
3466 4371 3754 4433 sententia,

2189 4461 2335 4515 Vitas
2367 4470 2672 4514 sanctorum
2699 4473 2764 4511 ea:
2794 4458 3015 4511 diversis
3052 4468 3329 4510 auctorum
3371 4459 3521 4513 libris
3548 4477 3670 4514 eum
3703 4463 3756 4514 in

2177 4568 2340 4606 unum
2365 4550 2604 4605 volumen
2635 4550 2911 4617 redegisse,
2951 4559 2999 4602 et
3035 4565 3152 4617 qua:
3196 4551 3425 4618 alicujus
3465 4552 3566 4604 viri
3599 4562 3756 4606 erant

2177 4645 2466 4711 inscriptio,
2489 4641 2584 4696 sub
2617 4641 2713 4694 ltoc
2737 4640 2892 4694 titulo
2923 4641 3230 4711 reliquisse;
3259 4659 3375 4711 qute
3395 4659 3513 4697 vero
3537 4644 3604 4696 ab
3633 4645 3756 4698 aliis

2175 4737 2452 4804 descripta:
2500 4743 2672 4796 erant,
2705 4733 2826 4786 rudi
2867 4743 3061 4796 tamen,
3098 4743 3148 4786 et
3201 4735 3405 4788 insulso
3453 4739 3618 4805 stylo,
3665 4753 3754 4790 eas

2177 4828 2347 4894 ipsum
2380 4825 2563 4879 multis
2605 4824 2899 4886 laboribus,
2937 4833 2988 4878 et
3033 4825 3318 4878 sudoribus
3357 4842 3670 4894 exornasse,
3706 4839 3755 4883 et

2169 4917 2467 4971 eruditione
2483 4933 2582 4970 sua
2597 4918 2922 4983 exposuisse,
2939 4926 3093 4983 prout
3109 4915 3414 4972 Theodorus
3433 4918 3751 4985 Balsamon,

2173 5020 2224 5064 et
2248 5008 2712 5078 Psellus,ideoque
2725 5018 2774 5062 et
2792 5006 3176 5076 ilIetaplirastw
3209 5027 3397 5065 nomen
3427 5013 3598 5081 fuisse
3623 5015 3754 5068 ade-

2175 5114 2354 5173 ptum,
2388 5102 2757 5174 μεταφράζειν
2786 5103 2923 5155 enim
2960 5101 3156 5162 Grazce.
3183 5102 3369 5160 Latine
3391 5115 3491 5172 est,
3522 5108 3756 5176 scriptu-

2175 5213 2292 5250 ram
2325 5195 2560 5265 aliquam
2602 5193 3009 5248 dilucidioribus
3050 5196 3225 5250 uerbis
3247 5239 3262 5264 ,
3297 5214 3456 5252 sensu
3481 5207 3664 5254 tamen
3705 5209 3752 5253 et

2177 5291 2399 5345 materia
2448 5287 2664 5342 retentis
2709 5287 3073 5356 interpretari.
3119 5288 3250 5354 Qua:
3285 5299 3460 5343 autem
3485 5306 3518 5343 a
3543 5291 3754 5344 nemine

2176 5387 2347 5441 adhuc
2402 5383 2611 5451 scriptae
2667 5382 2874 5448 fuerant
2901 5423 2914 5442 ,
2973 5381 3064 5435 sed
3099 5383 3253 5452 quasi
3303 5397 3394 5450 per
3427 5399 3670 5449 manum,
3702 5391 3752 5437 et

2176 5478 2514 5533 traditionem
2549 5493 2581 5528 a
2609 5473 2860 5527 Patribus
2891 5483 3137 5541 acceptis,
3169 5483 3217 5527 et
3241 5489 3336 5541 pro
3366 5474 3500 5528 veris
3525 5467 3748 5540 habitis,

2173 5573 2269 5625 lias
2297 5571 2403 5638 ipse
2423 5567 2647 5637 eleganti
2681 5575 2730 5620 et
2761 5565 2971 5620 condito
3008 5565 3145 5635 style
3170 5567 3464 5635 descripsit,
3489 5576 3539 5621 et
3570 5569 3750 5638 legen-

2172 5665 2270 5717 das
2311 5660 2560 5715 Ecclesia:
2600 5659 2896 5728 proposuit,
2954 5667 3204 5726 tantaque
3253 5659 3573 5714 auctoritate
3615 5659 3752 5714 liber

2173 5755 2255 5810 hic
2278 5753 2333 5811 in
2370 5755 2534 5808 lucem
2559 5749 2777 5832 prodiit,
2815 5749 3044 5830 utapud
3078 5747 3400 5832 Orientalem
3423 5749 3748 5832 Ecclesium,
