3882 6036
129 316 207 381 45

130 427 231 496 qui
259 434 564 481 sanctorum
606 424 755 481 Vitas
786 433 981 495 praster
1013 441 1178 479 unum
1209 422 1506 480 Simeonem
1542 423 1718 478 Meta-

131 518 409 587 phrastem
461 521 751 586 scripserit,
788 535 881 573 nec
914 531 1208 588 quazratur,
1261 534 1352 571 nec
1404 518 1719 586 reperiatur.

134 610 390 676 Quinimo
421 613 475 665 in
502 612 611 664 suis
642 609 887 674 Menteis,
920 622 970 667 et
994 610 1175 665 Sacris
1200 620 1535 674 sanctorum,
1578 610 1723 663 Vitas

137 702 355 762 recitat,
379 720 483 755 non
509 702 647 755 alias
670 718 827 772 quam
857 718 921 755 ex
951 702 1067 754 istis
1086 701 1393 768 desumptas
1419 698 1561 769 legit,
1592 697 1724 750 adeo

138 812 238 863 pro
287 796 472 856 certis,
507 795 643 848 veris
678 803 725 848 et
762 794 1103 856 authenticis,
1137 792 1201 845 ab
1234 792 1499 854 omnibus,
1536 799 1585 843 et
1613 805 1726 841 om-

138 888 291 940 nium
316 890 633 941 auctoritate
653 888 1001 956 confirmatis.
1042 884 1066 939 I
1075 903 1157 940 mo
1178 902 1270 939 nec
1289 884 1526 938 Ecclesia
1539 882 1580 937 ϐ
1590 898 1728 936 νωεα

138 996 344 1046 preces,
394 980 761 1045 orationesque
802 977 1201 1045 Metaphraslw,
1261 987 1380 1047 post
1439 974 1633 1029 Basilii
1676 980 1729 1026 et

141 1069 515 1140 Chrysostomi
544 1071 953 1140 supplicationes
984 1072 1169 1125 statim
1196 1071 1442 1131 locasset,
1466 1070 1513 1124 si
1548 1085 1730 1122 recen-

143 1163 213 1214 tis
253 1163 503 1229 temporis
535 1162 770 1216 auctoris
799 1146 953 1215 esset.
990 1160 1104 1215 Nec
1149 1178 1182 1215 a
1228 1161 1550 1215 Balsamone
1594 1158 1730 1211 alle-

140 1270 388 1324 garetur,
419 1256 510 1325 qui
554 1256 701 1309 ultra
733 1255 840 1309 400
882 1272 1052 1309 annos
1106 1254 1313 1323 ﬂoruit,
1345 1262 1394 1307 et
1427 1252 1607 1307 Psello
1639 1251 1732 1321 qui

145 1346 296 1398 ultra
329 1348 654 1416 quingentos.
689 1346 921 1416 Denique
955 1364 1047 1401 nec
1074 1348 1129 1401 in
1159 1347 1383 1400 concilio
1421 1343 1732 1399 Florentino

146 1436 220 1488 ad
239 1437 667 1506 conﬁrmandum
690 1438 880 1508 dogma
899 1439 1024 1508 ﬁdei
1053 1440 1190 1492 inter
1212 1438 1453 1492 doctores
1480 1436 1734 1491 Ecclesiae

144 1529 424 1582 citaretur.
460 1527 588 1583 lla'c
623 1530 833 1596 fuerant
865 1530 1090 1601 reliqua,
1126 1547 1243 1602 quas
1273 1531 1337 1584 de
1376 1531 1473 1582 ltoc
1502 1530 1614 1582 viro
1642 1545 1735 1582 no-

149 1623 319 1675 tanda
341 1632 515 1677 erant.
548 1623 613 1677 Et
639 1625 693 1678 in
726 1624 1050 1679 Praefatione
1079 1632 1213 1678 tom.
1238 1625 1281 1680 V
1314 1643 1330 1679 :
1359 1623 1504 1678 Illud
1523 1623 1735 1693 quidem

148 1713 382 1781 primum
400 1722 499 1777 est,
518 1731 695 1769 omnes
717 1715 812 1768 has
840 1714 986 1769 Vitas
1000 1715 1063 1768 de
1085 1712 1269 1767 (ἐι-ιεοο
1289 1716 1341 1767 in
1367 1713 1618 1767 Latinum
1636 1730 1734 1767 no-

150 1815 269 1858 stro
298 1805 534 1870 hortatu,
560 1807 857 1877 nostrisque
884 1807 1133 1873 suppetiis
1158 1824 1191 1859 a
1219 1805 1488 1875 Gentiano,
1510 1806 1736 1860 lierveto

152 1897 313 1952 Gallo
365 1899 481 1951 viro
533 1898 689 1953 docto
744 1916 921 1954 recens
957 1900 1123 1968 fuisse
1172 1900 1496 1957 translatas.
1544 1913 1739 1967 easque

152 2006 296 2043 nunc
313 1988 540 2057 primum
567 1990 960 2047 Occidentalem
991 1993 1287 2047 Ecclesium
1306 1994 1590 2060 suscipere,
1622 2007 1741 2060 qua:

155 2082 304 2149 quali
338 2092 637 2152 quantoque
677 2083 924 2138 thesauro
964 2084 1230 2155 hucusque
1265 2084 1328 2139 ob
1366 2100 1551 2138 earum
1592 2084 1742 2153 igno-

155 2174 421 2226 rationem
472 2175 683 2241 privata
725 2174 925 2243 fuerit,
967 2187 1249 2246 postquam
1304 2184 1469 2229 totum
1496 2174 1743 2228 volumen

154 2265 502 2333 percurreris,
546 2276 603 2320 tu
637 2268 746 2336 ipse
777 2268 947 2337 judea:
978 2268 1207 2337 optimus
1238 2284 1351 2322 esse
1379 2268 1598 2337 poteris.

230 2353 301 2409 Et
330 2356 433 2410 hoc
460 2355 681 2426 quidem
704 2356 1065 2429 Lipomanus,
1096 2358 1144 2412 si
1178 2359 1363 2429 priora
1386 2359 1582 2413 alteris
1610 2372 1747 2413 ocu-

158 2446 308 2502 latus
341 2462 371 2501 a
403 2446 584 2504 fronte
626 2451 823 2516 simul,
871 2460 926 2505 et
967 2451 1271 2522 occipitio,
1324 2452 1372 2508 si
1434 2452 1746 2524 posteriora

159 2541 342 2610 quinti
378 2541 535 2606 tomi,
577 2542 700 2613 plus
722 2542 972 2599 cimicem
1006 2542 1316 2613 sanguinis,
1349 2553 1412 2597 ut
1441 2543 1517 2597 ita
1536 2541 1745 2606 dicam,

160 2647 329 2703 quam
366 2633 516 2688 illum
538 2636 769 2713 rationis
801 2635 1064 2691 habuisse
1104 2636 1279 2691 dices.
1305 2635 1450 2703 Quid
1472 2636 1621 2691 enim
1660 2637 1747 2691 in-

164 2724 594 2791 consideratius,
619 2734 715 2781 aut
759 2726 1135 2783 inconsultius
1177 2727 1292 2782 ﬁeri
1325 2728 1526 2797 potuit,
1580 2743 1747 2798 quam

162 2818 322 2874 Vitas
344 2827 665 2874 sanctorum
695 2820 1010 2885 universas,
1048 2835 1175 2890 qua:
1196 2820 1407 2875 nullum
1460 2830 1749 2876 auctorem

163 2911 330 2965 titulo
376 2911 773 2981 praeferebant,
822 2913 973 2967 nulla
1024 2912 1093 2967 ad
1149 2913 1417 2983 liquidum
1462 2913 1749 2983 explorata

165 2998 423 3063 veritate,
480 2999 723 3055 Simeoni
775 2999 1159 3070 Metapbrastze
1201 3001 1540 3072 appingere?
1588 3000 1749 3057 [inde

166 3093 519 3164 postmodum
570 3102 652 3150 tot
704 3093 865 3149 fama:
914 3094 1166 3158 vulnera,
1219 3102 1275 3148 et
1316 3102 1481 3150 notas
1521 3094 1749 3148 innoxio

168 3186 402 3249 homini,
422 3196 480 3241 et
511 3187 579 3241 ab
611 3187 763 3242 omni
795 3188 955 3257 culpa
987 3187 1379 3250 remotissima,
1410 3186 1749 3258 pravissimi,

166 3286 221 3333 et
245 3277 485 3347 pessime
514 3278 780 3333 dill’amati
813 3279 1079 3344 haeretici,
1112 3291 1167 3335 et
1198 3280 1415 3335 fabulas
1466 3278 1753 3334 fabuloso-

166 3386 292 3425 rum
324 3385 628 3441 mangones
659 3372 1255 3451 cuncriminatisunt?
1304 3372 1380 3427 De
1415 3372 1618 3443 quibus
1651 3389 1753 3429 nos

169 3461 301 3516 alibi
348 3461 549 3518 fusius.
602 3461 761 3517 Nunc
813 3470 1026 3517 tantum
1082 3463 1191 3519 illis
1238 3463 1434 3518 addam
1481 3464 1550 3519 de
1603 3464 1755 3522 illius

168 3562 359 3616 aetate,
388 3552 531 3622 quod
565 3552 793 3623 Niceplt.
818 3552 1092 3623 Gregoras
1114 3555 1168 3608 in
1193 3552 1314 3609 Vita
1348 3564 1553 3610 sanctae
1576 3553 1754 3610 Theo-

170 3643 451 3714 phanonis
486 3643 683 3699 Leonis
718 3646 812 3700 lilii
834 3644 1021 3700 Basilii
1052 3645 1369 3702 Macedonis
1403 3647 1756 3718 imperatoris

170 3735 771 3807 Coustantinopolitani
817 3737 1030 3802 uxoris,
1092 3737 1161 3793 de
1225 3738 1426 3795 studiis
1483 3739 1756 3794 restitutis

182 3829 253 3883 ab
319 3828 512 3884 eodem
582 3827 767 3884 Leone
829 3830 884 3884 iu
951 3830 1085 3885 urbe
1160 3831 1465 3902 Byzantina
1532 3847 1752 3901 agens:

174 3924 249 3976 Τό
280 3940 343 3992 γε
369 3922 476 3994 μὴν
510 3923 617 3976 τῶν
649 3924 822 3992 λόγων
851 3923 1073 3995 κράτος,
1098 3924 1256 3995 εἴπερ
1281 3925 1415 3995 δήτι
1442 3923 1551 3976 τῶν
1585 3923 1758 3977 ἁπάν-

170 4030 285 4067 των
323 4013 521 4075 ἄλλων,
571 4015 665 4067 xui.
715 4014 836 4067 τότε
891 4013 1116 4085 μᾶλλον,
1158 3998 1317 4085 εἴπερ
1358 4013 1548 4068 ἀλλοτὲ
1601 4030 1755 4075 ποτε.

176 4104 423 4175 μεγάλην
439 4103 566 4174 ἔσχε
600 4104 698 4176 τὴν
718 4103 922 4175 ἀκμὴν,
958 4106 1162 4175 ἀμφοῖν
1177 4107 1289 4157 τοῖν
1318 4102 1588 4174 βασιλέοιν
1614 4103 1758 4173 μάλα

171 4216 256 4250 τοι
286 4198 545 4266 πλείστην
580 4196 890 4250 δεδωκότων
907 4197 1090 4259 αὐτοῖς
1116 4196 1213 4265 τὴν
1237 4196 1430 4268 ῥοπὴν,
1461 4195 1557 4249 καὶ
1570 4197 1755 4266 τιμήν.

175 4292 288 4344 Καὶ
314 4286 384 4362 ἦν
415 4293 548 4361 ὖρᾷν
573 4292 734 4342 ὁσίων
792 4290 1000 4359 ἀνδρῶν
1036 4289 1398 4357 συναλλαγὰς,
1432 4290 1526 4343 xui.
1580 4290 1761 4357 σοφῶν

177 4385 427 4457 ρητόρων
450 4385 676 4455 θέατρα,
710 4383 805 4437 καὶ
839 4386 1020 4437 πᾶσαν
1040 4383 1216 4451 λόγων
1248 4382 1449 4453 ἀρετῆς
1477 4382 1759 4447 ἐπίδειξιν,

176 4475 583 4548 ἀθροιζομένων
614 4475 988 4546 ἁπανταχόθεν
1030 4474 1262 4537 πολλῶν,
1316 4474 1413 4527 καὶ
1462 4473 1762 4527 ποιούντων

178 4571 353 4640 ἄλλην
393 4570 749 4640 Σωκρατικὴν
786 4585 845 4621 τε
907 4569 1001 4621 καὶ
1052 4566 1406 4635 Πλατωνικὴν
1457 4566 1627 4618 Στοὰν
1668 4567 1764 4621 καὶ

189 4664 531 4735 Ἀκαδημίαν
570 4666 663 4718 xui.
692 4663 924 4718 Λύκειον
952 4664 1022 4716 τὰ
1059 4662 1325 4733 βασίλεια.
1360 4661 1460 4715 Διά
1490 4662 1555 4731 δὴ
1590 4660 1765 4714 ταῦτα

178 4758 277 4809 xui.
298 4756 502 4832 πολλὴν
528 4756 626 4827 τὴν
688 4757 927 4810 ἐπίδοσιν
961 4757 1151 4826 εἴληφε
1201 4756 1322 4809 τότε
1358 4756 1509 4826 καὶὴ
1540 4755 1639 4824 τῆς
1669 4754 1763 4808 τοῦ

177 4848 319 4904 Θεοῦ
362 4848 687 4919 Ἐκκλησίας
715 4849 1037 4919 εὐπρέπεια.
1073 4849 1147 4901 Οὐ
1208 4848 1317 4919 γὰρ
1363 4846 1522 4918 μόνον
1552 4849 1580 4899 ὁ
1613 4845 1768 4916 βασι-

166 4931 308 5003 λεὺς
350 4939 554 5003 πολλὰς
589 4940 701 4992 τῶν
740 4940 971 5008 ἐτησίων
1024 4938 1229 5010 ἑορτῶν
1265 4940 1358 4991 καὶ
1400 4936 1766 5008 πανηγύρεων

177 5032 406 5095 οἰκείοις
439 5032 717 5103 ἐκόσμησε
747 5032 926 5100 λόγοις
976 5034 1071 5085 καὶ
1111 5032 1298 5103 ᾠδαῖς,
1331 5030 1467 5083 ἀλλά
1497 5032 1590 5083 xui
1638 5030 1767 5084 πολ-

178 5127 309 5191 λοὺς
344 5127 454 5179 τῶν
492 5126 614 5179 τότε
660 5125 963 5197 ἐλλογίμων
1016 5124 1085 5178 τά
1137 5125 1301 5193 ὅμοια
1348 5125 1610 5196 πράττειν
1638 5123 1767 5177 ἐκέ-

180 5220 397 5272 λευσεν.
428 5213 529 5271 Ὧν
562 5214 645 5281 εἷς
695 5214 763 5289 ἦν
813 5219 908 5272 xui.
963 5218 1021 5281 ὃς
1067 5218 1186 5270 τότε
1252 5216 1389 5270 ἄλλα
1457 5217 1770 5289 μετέφρασε

181 5314 324 5384 πρὸς
350 5312 412 5365 τὸ
433 5311 865 5383 εύφραδέστερον
882 5353 897 5376 ,
927 5311 1022 5364 καὶ
1056 5312 1183 5373 τοὺς
1217 5310 1433 5373 πλείους
1457 5310 1565 5362 τῶν
1588 5327 1646 5362 τε
1671 5312 1769 5379 τῆς

180 5404 389 5475 ἀρετῆς
429 5402 685 5471 ἀσκητῶν
732 5402 826 5456 xui.
872 5400 1125 5472 ἀθλητῶν
1175 5399 1553 5472 συνεγράψατο
1597 5398 1765 5469 βίους.

184 5497 254 5550 Et
289 5496 539 5550 dictionis
564 5493 773 5564 quidem
804 5494 1075 5548 ’θνατοί-ἕω
1132 5492 1313 5555 robur,
1343 5502 1391 5546 et
1420 5491 1601 5546 eodem
1639 5502 1769 5547 tem-

182 5607 330 5655 pare,
364 5590 411 5643 si
434 5589 725 5658 quidquam
771 5588 933 5651 alias,
960 5597 1071 5641 tum
1107 5587 1275 5656 magis
1303 5602 1365 5637 ac
1392 5586 1558 5654 magis
1587 5585 1771 5654 ingen-

184 5694 294 5737 tem
352 5683 701 5735 accessionem
769 5680 986 5750 fecerat.
1035 5696 1155 5733 cum
1207 5676 1359 5731 ambo
1429 5677 1772 5745 imperatores

184 5777 485 5831 maximum
533 5776 614 5831 illi
668 5777 893 5845 vigorem
956 5774 1307 5833 honoremque
1379 5770 1769 5826 attribuisseut.

1370 315 1683 376 NOTITIA
1720 315 1747 375 Ι

1852 268 1899 373 ς.
1931 314 2203 374 NILUM.
3339 303 3419 371 46·

1830 420 2010 487 Quare
2029 421 2147 491 jam
2170 419 2307 475 obvii
2327 419 2617 490 cuicunque
2630 428 2783 473 erant
2808 428 3114 474 sanctorum
3143 418 3435 477 hominum

1827 528 2173 581 congressus,
2226 511 2699 566 scientissimorum
2751 499 3027 565 ortitorum
3074 510 3305 580 theatra,
3361 522 3438 569 et.

1827 606 1997 658 omnis
2027 606 2260 675 facultas
2308 602 2519 658 dicendi
2556 605 2867 674 singularis,
2910 614 2959 658 et
2990 605 3163 675 copia,
3198 622 3318 660 cum
3349 621 3441 661 ex.

1831 697 1959 751 locis
1983 700 2223 753 omnibus
2257 698 2491 768 plerique
2519 709 2876 763 accurrerent,
2906 708 2956 754 et
2990 715 3177 753 novam
3220 698 3441 761 Socra-‘

1830 790 2008 853 ticam,
2036 800 2190 861 atque
2226 791 2561 844 Platonicam
2589 790 2772 845 Stoam
2797 789 3120 856 exhiberem,
3152 800 3200 845 et
3218 791 3420 861 regiam

1829 883 2003 952 ipsam
2029 901 2215 939 novam
2246 884 2612 948 Academiam,
2654 893 2703 939 et
2732 882 3003 955 Lycwum,
3050 883 3421 938 Prilanteum-

1831 993 1948 1044 que.
1992 975 2125 1031 Inde
2149 993 2269 1031 vero
2333 978 2503 1030 multo
2552 988 2663 1029 tum
2700 985 2980 1044 augmento
3034 985 3158 1029 tunc
3195 976 3425 1030 invaluit

1832 1072 2028 1125 divina:
2063 1069 2316 1125 Ecclesia:
2354 1070 2573 1139 species,
2609 1078 2659 1122 et
2711 1069 2875 1121 nitor.
2917 1065 3100 1137 Neque
3138 1068 3278 1121 enim
3304 1076 3427 1121 tan-

1834 1162 2104 1217 tummodo
2137 1164 2429 1231 imperator
2457 1161 2730 1230 plerosque
2777 1160 2833 1215 in
2862 1176 3029 1213 annos
3050 1159 3287 1231 singulos
3309 1160 3424 1214 dies

1835 1256 1997 1324 festos
2047 1272 2111 1310 ac
2163 1255 2525 1310 solemnitates
2567 1254 2799 1323 propriis
2837 1254 3166 1308 orationibus
3196 1252 3425 1309 cohone-

1834 1348 2013 1414 stavit,
2039 1357 2088 1401 et
2116 1348 2362 1412 canticis,
2412 1348 2502 1401 sed
2562 1355 2612 1400 et
2656 1346 2812 1399 multi
2842 1345 2941 1399 alii
2990 1346 3082 1415 qui
3122 1357 3233 1399 tum
3261 1346 3428 1399 vitam

1837 1441 2058 1510 agebant
2091 1449 2427 1509 praestantes,
2457 1442 2596 1494 viros
2622 1439 2823 1492 similia
2846 1455 3093 1509 peragere
3125 1438 3428 1507 imperavit,

1835 1546 2059 1599 quorum
2086 1546 2220 1583 unus
2286 1539 2422 1595 erat,
2473 1531 2564 1600 qui
2593 1540 2665 1608 et.
2685 1531 2797 1584 alia
2834 1529 3119 1597 facundius
3160 1530 3215 1584 in
3260 1530 3429 1585 aliam

1838 1622 2050 1675 dicendi
2082 1623 2288 1691 copiam
2304 1624 2641 1692 conscripsit,
2667 1633 2717 1676 et
2743 1639 2903 1693 quam
2928 1623 3188 1691 plurimas
3216 1623 3429 1678 virtutis

1841 1724 2139 1768 ascetarum
2189 1724 2239 1768 et
2272 1714 2594 1768 athletarum
2620 1717 2756 1769 vitas
2788 1717 3139 1771 monumentis
3167 1731 3433 1771 commen-

1842 1807 2015 1871 davit,
2038 1808 2178 1862 unde
2210 1818 2259 1862 et
2290 1806 2671 1877 Metaphrasta:
2705 1825 2891 1862 nomen
2926 1810 3175 1862 obtinuit.
3227 1807 3431 1864 Eadem

1842 1898 1910 1952 ad
1947 1898 2179 1954 verbum
2219 1899 2495 1967 expressit
2537 1899 2680 1955 idem
2736 1898 3013 1969 Gregoras
3063 1900 3119 1953 in
3160 1899 3283 1954 Vita
3327 1897 3436 1954 Mi-

1842 1991 2053 2045 chaelis
2119 1990 2345 2045 Sincelli
2400 1991 2676 2059 exposita,
2716 2006 2839 2060 quae
2905 1990 3053 2046 facili
3114 1992 3337 2063 negotio
3375 1991 3436 2047 iu

1844 2095 2009 2135 manu
2040 2078 2246 2135 fuerint
2267 2079 2514 2134 eamdem
2546 2080 2713 2134 vitam
2747 2082 3117 2151 pereurrenti,
3148 2097 3218 2138 ne
3264 2085 3437 2139 semel

1843 2187 1907 2227 ea
1930 2188 2123 2244 parum
2145 2181 2362 2239 cautus,
2398 2181 2453 2227 et
2479 2173 2587 2227 alia
2618 2174 2804 2227 animo
2831 2174 3134 2231 observans
3161 2176 3440 2233 excidisse

1845 2253 2123 2336 malignus
2180 2264 2569 2337 Metaphrasta:
2650 2266 2875 2321 laudum
2936 2267 3322 2335 obtrectator,
3378 2269 3439 2324 in

1846 2357 2223 2426 suspicionem
2260 2358 2467 2413 veniat.
2526 2357 2590 2412 Et
2642 2355 3041 2413 Constantinus
3098 2358 3441 2416 Meliteniota

1847 2458 1991 2503 orat.
2018 2447 2074 2511 2,
2112 2447 2186 2504 De
2207 2448 2564 2518 processioue
2608 2446 2851 2517 Spiritus
2907 2449 3131 2504 sancti:
3176 2449 3441 2522 Ἐπείπερ

1848 2539 1969 2593 κατ’
2011 2540 2164 2594 οὐδὲν
2217 2539 2498 2594 λείπονται
2552 2539 2663 2593 τῶν
2720 2539 2921 2609 λογίων
2972 2541 3220 2612 ἀνδρῶν.
3273 2544 3329 2597 εί
3373 2560 3441 2612 γε

1852 2630 2085 2684 συνιδεῖν
2110 2628 2402 2701 ἠϐούλοντο
2434 2630 2627 2684 τούτου
2655 2632 2755 2702 τὴν
2779 2630 3007 2686 ἔννοιαν.
3044 2632 3157 2687 Καὶ
3178 2631 3355 2697 ἄλλως
3380 2634 3443 2689 δὲ

1851 2723 1957 2777 κᾶν
1991 2718 2209 2786 ῶκλαζέ
2237 2740 2289 2776 τι
2318 2722 2457 2794 πρὸς
2509 2722 2644 2776 αὐτὸ
2690 2722 2903 2787 τούτοις
2923 2725 2952 2777 ὁ
2980 2723 3262 2797 λογισμὸς,
3293 2722 3444 2797 εἶχον

1853 2815 2157 2887 σκέψασθαι
2220 2815 2439 2878 πάντως
2485 2815 2616 2871 καθ’
2639 2817 2867 2879 ἑαυτοὺς
2902 2817 3115 2871 καὶτὸν
3155 2819 3445 2890 συγραψά-

1854 2926 2039 2979 μενον,
2074 2908 2156 2961 ὃτι
2188 2908 2330 2961 κατά
2385 2907 2478 2960 τὸν
2513 2908 2707 2978 καιρὸν
2754 2906 2849 2961 τοῦ
2884 2909 3105 2980 πρώτου
3138 2910 3442 2982 σχίσματος

1854 3000 1954 3065 ὢν,
1990 3002 2085 3055 xui.
2105 3001 2205 3071 τὴν
2243 2999 2553 3068 ἀντιλογίαν
2582 2999 2869 3068 γινώσκων
2904 2999 2999 3054 τοῦ
3034 3002 3443 3073 δόγματος,ούκ

1816 3146 1821 3161 ,
1854 3096 1921 3149 ἂν
1950 3094 2093 3148 οὕτω
2128 3092 2394 3146 συνετίθει
2437 3093 2531 3147 καὶ
2564 3093 2857 3146 συνέταττε
2884 3092 2946 3146 τὸ
2974 3094 3214 3148 τοιοῦτον
3244 3096 3432 3167 ῥητὸν,

1853 3189 1903 3241 sl
1935 3186 2072 3258 πρὸς
2091 3188 2219 3249 τοὺς
2250 3185 2513 3247 Λατίνους
2540 3188 2635 3238 xui.
2662 3186 2824 3249 αὐτὸς
2862 3186 3061 3257 ἐπίσης
3094 3188 3206 3250 τοῖς
3229 3186 3446 3255 πολλοῖς

1854 3280 2136 3352 διεφέρετο
2157 3294 2171 3308 ⁸
2214 3277 2350 3334 Cum
2375 3295 2479 3332 non
2510 3278 2735 3331 nmltum
2777 3279 2926 3350 longe
2948 3279 3013 3333 ab
3044 3281 3274 3337 eruditis
3315 3284 3443 3338 viris

1855 3372 2086 3437 abirent,
2118 3373 2166 3427 si
2195 3373 2354 3427 modo
2385 3372 2533 3426 illius
2564 3373 2876 3427 sententiam
2913 3390 3101 3442 capere
3126 3374 3339 3428 vellent.
3375 3376 3446 3430 Et

1857 3467 1969 3521 alia
1996 3482 2199 3536 quoque
2229 3442 2576 3519 rationelicet
2630 3466 2878 3535 cogitatio
2917 3466 3155 3533 ipsorum
3178 3468 3320 3521 circa
3348 3470 3447 3522 hoc

1857 3560 1935 3614 vel
1963 3560 2244 3613 minimum
2282 3558 2634 3619 claudicaret,
2682 3569 2925 3626 poterunt
2958 3562 3013 3615 in
3044 3579 3099 3616 se
3128 3564 3447 3632 scriptorem

1857 3650 2216 3709 considerare.
2244 3650 2335 3719 qui
2366 3666 2483 3702 cum
2510 3650 2563 3703 in
2593 3651 2707 3718 ipso
2734 3651 2906 3720 primo
2934 3652 3237 3709 schismatis
3256 3666 3449 3710 exortu

1857 3745 2069 3807 viveret,
2114 3751 2166 3796 et
2207 3741 2472 3811 dogmatis
2517 3742 2988 3798 contradictionem
3041 3746 3279 3811 calleret,
3313 3764 3452 3801 nun-

1857 3853 2017 3907 quam
2036 3836 2133 3888 Itoc
2156 3834 2310 3888 modo
2326 3836 2712 3893 concinnasset.
2731 3847 2805 3890 vet
2830 3837 3031 3891 dictum
3046 3841 3448 3907 composuisset,

1859 3931 1906 3983 si
1938 3944 2059 3981 cum
2078 3926 2285 3981 Latinis
2305 3937 2355 3981 et
2383 3928 2491 3995 ipse
2516 3945 2660 3998 a'que
2682 3939 2838 3999 atque
2858 3931 2952 3984 alii
2975 3932 3275 3987 simultates
3300 3949 3453 3989 exer-

1861 4022 2032 4075 cebat.
2076 4020 2142 4074 Et
2182 4021 2270 4075 hic
2291 4020 2415 4075 vita:
2443 4020 2687 4091 Dionysii
2710 4024 3053 4093 Areopagitae
3080 4025 3322 4094 scriptor
3353 4041 3453 4097 per

1861 4114 2120 4171 eumdem
2160 4122 2449 4169 auctorem
2471 4114 2864 4169 Meliteniotam
2893 4124 2978 4169 est
3012 4114 3235 4171 Simeon
3282 4116 3456 4173 Melae

1862 4205 2145 4275 phrastes.
2173 4204 2314 4258 Audi
2347 4221 2360 4256 :
2392 4203 2503 4257 Καὶ
2532 4206 2561 4257 ὁ
2597 4203 2699 4267 τὰς
2724 4203 2832 4257 τῶν
2875 4204 3048 4271 ἁγίων
3081 4204 3138 4259 δὲ
3178 4206 3455 4271 πολιτείας

1864 4294 1960 4349 καὶ.
1977 4294 2078 4357 τὰς
2101 4293 2281 4350 αὐτῶν
2309 4292 2567 4364 ἀθλήσεις
2598 4295 3027 4364 ἀφηγησάμενος
3080 4312 3454 4367 μεταφραστι-

1867 4383 1999 4446 κῶς,
2031 4387 2113 4447 εἰς
2157 4384 2220 4437 τὸ
2260 4384 2355 4437 τοῦ
2392 4384 2783 4454 Ἀρεοπαγίτου
2816 4385 3116 4459 μαρτύριον
3153 4389 3455 4452 Διονυσίου,

1868 4475 2011 4546 φημὶ
2038 4475 2131 4528 τοῦ
2165 4475 2275 4528 τῶν
2300 4474 2635 4545 ἀπορρήτων
2667 4475 3003 4543 ὲκφάντορος
3021 4494 3036 4509 ο
3064 4476 3134 4531 Et
3182 4480 3273 4548 qui
3318 4480 3455 4533 vitas

1865 4576 1916 4620 et
1947 4582 2028 4619 res
2060 4575 2235 4636 gestas
2295 4576 2626 4627 sanctorum,
2680 4556 2969 4636 eorumque
3016 4570 3316 4623 certamina
3365 4586 3459 4623 va-

1867 4660 2009 4712 riato
2043 4658 2181 4727 ston
2198 4659 2465 4711 enarravit
2478 4659 2533 4712 in
2551 4656 2798 4727 Dionysii
2815 4658 2854 4711 Α
2869 4661 3152 4729 reopagitte
3170 4664 3456 4732 martyrio.

1867 4751 1986 4804 dico
2013 4759 2334 4805 secretorum
2371 4751 2698 4806 revelatoris.
2735 4752 2941 4822 Collige
2966 4755 3125 4823 longe
3161 4755 3351 4823 procul
3387 4756 3459 4808 ab

1869 4842 2020 4897 omni
2050 4840 2240 4896 dubio.
2272 4841 2670 4912 Metaphrastes
2696 4859 2761 4899 eo
2780 4851 3031 4914 tempore
3055 4846 3294 4915 vigebat,
3331 4860 3460 4901 cum

1869 4936 2110 5006 primum
2141 4935 2379 4990 schisma
2416 4937 2559 4990 inter
2624 4934 2843 4991 Graecos
2873 4944 2929 4989 et
2977 4934 3203 4991 Latinos
3234 4936 3303 4992 de
3328 4953 3461 5007 pro-

1869 5028 2129 5084 cessione
2188 5026 2431 5098 Spiritus
2476 5029 2650 5083 sancti
2698 5044 2766 5082 ex
2824 5028 2943 5083 solo
2984 5026 3147 5083 Patre
3175 5043 3464 5100 emergens

1870 5120 2185 5177 Graecorum
2219 5135 2346 5174 cmn
2376 5118 2585 5175 Latinis
2602 5120 2967 5175 arctissimam
2997 5120 3462 5177 necessitudinem

1872 5214 2213 5284 perturbavit
2244 5233 2256 5267 :
2290 5213 2428 5267 adeo
2457 5220 2519 5267 ut
2549 5213 2618 5268 de
2644 5212 2836 5269 eadem
2867 5213 3223 5282 processione
3246 5228 3314 5269 es
3342 5215 3465 5270 solo

1872 5307 2034 5362 Patre
2063 5305 2175 5362 Leo
2207 5306 2325 5377 ipse
2357 5306 2679 5376 imperator.
2716 5306 2785 5361 de
2817 5305 3006 5361 schola
3038 5304 3217 5361 Pbotii
3271 5306 3463 5371 homo,

1874 5400 1929 5454 in
1963 5401 2196 5470 gratiam
2238 5398 2323 5453 sui
2348 5398 2529 5452 Photii
2561 5398 2763 5469 stylum
2792 5398 3122 5454 exercuerit.
3156 5398 3219 5452 Et
3242 5406 3461 5455 aztatem

1875 5492 2259 5563 Metaphrasta:
2293 5492 2477 5551 anxie.
2513 5502 2568 5547 et
2611 5492 2850 5563 amplius
2896 5491 3219 5562 quaerimus,
3247 5500 3303 5547 et
3333 5508 3461 5547 eum

1875 5586 2342 5648 recentissimum,
2373 5592 2427 5640 et
2466 5584 2580 5640 ludi
2640 5584 2989 5655 magistrum,
3042 5594 3097 5640 et
3153 5584 3463 5640 fabularum

1878 5680 2107 5733 anilium
2156 5679 2607 5739 eoneinnatorem
2652 5680 2840 5735 verbis
2900 5676 3229 5735 clarissimis
3286 5676 3465 5748 perbi-

1880 5770 2157 5827 bebimus.
2244 5802 2253 5809 ς
