3882 6036
411 313 480 377 47
1612 295 1919 356 ΝΟΤΙΤῙΑ
1972 294 2016 352 Il

2123 292 2145 350 Ξ
2209 280 2477 350 NILUM.
3596 275 3672 338 48

485 420 634 485 Nos,
687 418 763 470 ait
820 412 1162 475 Salmasius.
1207 411 1460 482 διήγησιν
1529 406 1680 462 illam
1751 409 1983 477 (nempe

411 517 482 573 de
513 513 661 571 caede
689 509 974 566 seniorum
1019 503 1282 567 Patrum)
1327 502 1382 555 in
1435 499 1767 554 Prml‘atione
1806 496 1872 550 ad
1917 496 2001 549 le--

411 617 623 667 ctorem
662 604 730 659 ad
758 599 1040 672 Opuscula
1087 595 1195 650 Nili
1231 593 1300 648 de
1338 592 1572 663 primatu
1621 603 1808 659 papas,
1841 585 1992 640 Lati-

413 717 534 756 nam
567 699 764 770 factam
801 694 961 756 brevi,
999 693 1046 745 si
1075 689 1215 743 Deus
1243 686 1471 750 dederit,
1511 684 1704 738 edituri
1733 696 1938 735 sumus.

483 792 562 846 De
607 787 934 852 Albiniano,
973 797 1138 854 quem
1178 779 1440 834 laudibus
1491 775 1849 847 prosequitur
1899 771 1997 826 Ni-

414 887 526 951 lus,
568 882 940 953 suspicionem
983 873 1232 938 Possini,
1280 871 1399 942 lege
1423 870 1564 939 apud
1611 867 1832 939 ipsum:
1881 867 1997 921 sive

414 977 560 1033 enim
611 974 764 1044 legas
815 968 1126 1032 Albianum,
1181 964 1302 1019 sive
1335 961 1607 1026 Albinum,
1656 958 1775 1014 sive
1831 955 2000 1011 Alba-

415 1086 542 1124 num
561 1109 576 1133 ,
605 1079 799 1138 parum
827 1062 1017 1119 refert.

491 1157 740 1212 Historia
767 1154 831 1209 de
876 1151 1206 1221 interemptis
1237 1151 1294 1203 in
1329 1147 1464 1203 Sina
1506 1155 1683 1200 monte
1728 1144 2000 1199 monachis

416 1249 704 1320 legebatur
763 1245 1149 1315 manuscripta
1211 1245 1268 1296 in
1330 1239 1670 1296 bibliotheca
1721 1236 2002 1291 Sirletana

415 1339 545 1396 cod.
575 1337 645 1394 39
689 1353 819 1400 ms.,
874 1345 929 1393 et
984 1350 1135 1390 nunc
1165 1333 1364 1406 legitur
1394 1332 1450 1385 in
1499 1329 1780 1385 Vaticanis
1834 1327 2000 1384 codd.

335 1478 348 1485 Α.
421 1434 546 1497 H7,
580 1430 708 1496 H8,
741 1429 902 1493 i790,
956 1429 1122 1492 1806,
1158 1434 1214 1484 et
1245 1426 1498 1482 Palatino
1527 1425 1656 1479 35!.
1697 1421 2004 1478 Bollandns

421 1531 488 1586 ad
555 1529 701 1585 diem
761 1506 830 1582 l4
877 1503 1126 1582 Januarii
1196 1529 1519 1580 sanctorum
1589 1527 1894 1591 martyrum
1947 1516 2006 1571 in

419 1631 607 1680 monte
640 1621 774 1676 Sina
805 1635 836 1674 a
874 1619 1126 1674 barbaris
1153 1617 1469 1673 occisorum
1512 1622 1794 1669 certamen
1832 1609 2006 1666 refert

419 1731 450 1770 a
497 1716 720 1771 S.-Nilo
772 1713 1147 1784 conscriptum
1205 1709 1428 1773 Graece,
1488 1714 1544 1762 et
1577 1720 1608 1760 a
1645 1721 1726 1772 se,
1781 1704 1866 1759 vel
1896 1702 2008 1757 alio

420 1805 680 1876 quopiam
717 1802 1065 1858 innominato
1093 1799 1288 1853 Latine
1317 1795 1618 1860 redditum,
1655 1805 1709 1848 et
1743 1792 2008 1848 brevibus

419 1911 522 1969 pro
557 1910 710 1951 more
740 1895 888 1950 notis
932 1893 1297 1948 illustratum.

495 1989 750 2060 Ejusdem
781 1987 958 2042 sancti
998 1984 1117 2039 Nili
1155 1981 1409 2052 epistolas
1441 1975 1664 2035 CCCLV
1701 1990 1770 2032 ex
1815 1975 2012 2031 biblio-

424 2082 586 2138 theca
613 2080 870 2136 Medicam
903 2077 1050 2133 idem
1091 2076 1292 2130 Petrus
1321 2071 1593 2129 Possinus
1623 2070 1791 2137 eruit,
1824 2077 1879 2124 et
1907 2067 2014 2122 La-

425 2174 540 2228 tine
567 2185 761 2226 versas
795 2168 988 2225 Graece
1032 2175 1088 2222 et
1115 2165 1310 2220 Latine
1335 2161 1644 2235 publicavit
1674 2175 1802 2215 cum
1838 2159 2010 2225 notis,

423 2263 878 2334 nuncupavitque
939 2258 1380 2315 eminentissimo
1433 2253 1673 2328 principi
1715 2253 2015 2308 Francisco

423 2357 752 2422 Barberino;
781 2362 835 2410 et
866 2353 1083 2424 Didymi
1129 2349 1517 2422 Fragmentum
1563 2345 1774 2402 addidit
1826 2355 2017 2399 contra

426 2449 796 2511 Manichwos,
842 2453 893 2500 et
922 2443 1189 2500 Simeonis
1239 2441 1446 2496 abbatis
1491 2437 1680 2494 Sancti
1717 2433 2014 2489 Mamantis

424 2541 481 2593 in
554 2535 846 2591 Xerocerco
916 2533 1360 2588 Dissertationem
1437 2529 1502 2584 de
1579 2523 2016 2582 altercationibus

428 2629 597 2684 animi
631 2636 682 2682 et
733 2629 972 2694 corporis
1028 2623 1217 2681 Graece
1270 2630 1326 2678 et
1375 2621 1572 2676 Latine
1628 2635 1658 2673 a
1712 2633 1773 2674 se
1821 2632 2015 2682 versa,

429 2723 662 2779 Parisiis
692 2736 757 2777 ex
808 2717 1176 2792 typographia
1227 2715 1397 2786 Regia
1448 2712 1610 2774 1657,
1648 2711 1790 2765 inci.
1820 2708 1895 2764 De
1927 2707 2018 2764 his

429 2814 703 2887 epistolis,
745 2812 923 2882 deque
966 2825 1158 2868 eorum
1198 2808 1498 2877 interprete
1547 2804 1783 2860 Possino
1829 2801 2018 2871 suspi-

430 2924 532 2965 cor
565 2905 984 2977 intelligendum
1037 2917 1164 2958 esse
1219 2898 1540 2961 Lahbaeum,
1588 2911 1714 2952 cum
1771 2894 2016 2949 scribit:

435 3001 554 3055 Nili
585 2997 965 3067 archiepiscopi
997 2990 1575 3060 Constantinopolitani
1606 2988 1789 3044 multa:
1817 2987 2018 3042 haben-

434 3104 522 3148 tur
558 3094 614 3147 in
655 3091 810 3146 codd.
844 3105 972 3153 ηις..
1025 3103 1158 3158 quas
1203 3085 1364 3140 audio
1405 3084 1540 3154 typis
1571 3083 1761 3152 parari
1804 3081 1868 3135 ab
1901 3096 2023 3134 eru-

436 3181 551 3234 dito
581 3179 890 3247 interprete.
941 3174 1066 3245 Ipse
1098 3188 1230 3227 vero
1285 3187 1399 3226 rem
1455 3169 1899 3241 indignissimam
1938 3167 2022 3222 fa-

433 3273 702 3338 cerem,si
743 3278 943 3326 conatu
967 3267 1106 3322 tanti
1131 3264 1404 3338 principis
1450 3263 1742 3318 fecundam
1772 3268 2022 3330 quastu-

436 3383 554 3424 ram
596 3366 978 3429 subsecutam,
1031 3359 1213 3416 ventis
1269 3357 1653 3428 abripiendam
1718 3371 1832 3411 non
1873 3354 2022 3409 invi-

435 3462 512 3516 tis
546 3459 806 3514 manibus
850 3453 1253 3510 concesserim.
1306 3451 1574 3521 Princeps
1621 3451 1669 3504 is
1701 3461 2024 3520 magnarum

437 3553 639 3608 artium
691 3548 1010 3619 disciplinis
1063 3543 1556 3606 instructissimus,
1605 3548 1887 3596 tantorum
1917 3537 2026 3594 Pa-

431 3653 586 3700 trum
613 3643 962 3710 aliorumque
996 3636 1516 3706 antiquissimorum
1552 3630 2024 3696 Commentarios,

440 3736 561 3791 sive
584 3733 661 3789 illi
695 3730 888 3787 Graeca
914 3729 1032 3785 sive
1052 3726 1251 3782 Latina
1281 3725 1440 3794 copia
1472 3721 1690 3778 dicendi
1721 3722 2027 3787 emineant,

436 3842 552 3883 non
585 3824 755 3881 semel
784 3831 951 3892 atque
973 3821 1199 3884 iterum,
1252 3815 1349 3871 sed
1377 3815 1600 3884 saepius,
1634 3814 1763 3867 dum
1800 3826 1900 3882 per
1925 3827 2028 3882 pu-

440 3919 588 3974 blica
617 3924 674 3972 et
693 3911 1073 3972 ecclesiastica
1102 3908 1322 3980 negotia
1362 3907 1518 3968 licet,
1550 3913 1771 3960 maturo
1789 3903 2026 3974 judicio,

442 4029 507 4068 ac
533 4007 888 4066 considerate
928 4020 1041 4076 prie
1082 4002 1342 4058 manibus
1392 4008 1596 4064 terere,
1647 4013 1712 4053 ac
1769 3998 2029 4054 lectitare

398 4143 404 4150 -
441 4103 646 4176 gaudet
677 4120 692 4157 :
721 4098 966 4169 indeque
998 4095 1182 4151 factus
1211 4091 1563 4157 instructior,
1592 4105 1776 4146 mores
1802 4099 1859 4146 et
1889 4106 2028 4146 con-

443 4193 771 4254 suetudines
796 4191 1140 4254 moderatur,
1179 4185 1570 4256 antiquitatem
1595 4184 2028 4240 ecclesiasticam

442 4297 686 4358 reparat,
721 4285 790 4340 de
825 4281 930 4337 fide
975 4280 1269 4352 opiniones
1316 4277 1619 4340 examinat,
1669 4285 1725 4332 et
1748 4293 1874 4347 qua:
1903 4277 2029 4332 novi

446 4379 836 4435 reformatores
870 4374 1015 4430 inter
1054 4373 1315 4428 incautos
1348 4367 1743 4434 disseminant,
1771 4367 2029 4422 oculatus

443 4475 512 4528 ad
545 4471 732 4528 omnia
769 4467 1017 4524 discidit.
1066 4462 1217 4520 Inter
1259 4471 1341 4519 tot
1375 4461 1514 4517 alios
1553 4460 1769 4521 Patres,
1819 4475 2031 4529 eosque

442 4560 838 4620 sanctissimos
889 4572 1038 4614 unus
1084 4555 1134 4610 is
1185 4553 1364 4616 Nilus,
1424 4567 1588 4621 quem
1647 4564 2031 4619 saapenumero

445 4670 545 4727 per
573 4661 813 4711 mentem
838 4655 1186 4710 versaverat,
1223 4645 1426 4714 dignus
1480 4642 1636 4696 visus
1693 4647 1802 4705 est,
1837 4641 1930 4710 qui
1961 4641 2031 4695 ad

444 4742 850 4816 compescenda
880 4739 1275 4806 haereticorum
1311 4749 1430 4799 ora,
1477 4732 1730 4801 maleque
1766 4745 2030 4786 sanorum

447 4839 730 4896 hominum
771 4836 941 4890 vitam
974 4832 1217 4904 pessime
1250 4835 1528 4883 tornatam
1565 4823 1756 4880 incudi
1791 4825 2030 4880 redden-

399 4957 401 4960 ⁴
446 4931 570 4986 dant
603 4944 716 4984 non
751 4927 875 4982 sine
905 4937 1076 4980 succo
1125 4919 1329 4982 Attico,
1383 4925 1439 4972 et
1488 4916 1806 4986 eloquentia
1835 4915 2000 4986 singu

448 5024 550 5078 lari
579 5022 727 5094 typis
771 5019 963 5074 Grmce
1007 5023 1065 5071 et
1099 5013 1294 5068 Latine
1335 5008 1719 5065 mandaretur.
1763 5005 1934 5077 quue
1972 5016 2034 5061 ut

447 5113 797 5171 commodius
841 5111 1016 5174 fieret,
1071 5107 1237 5177 elegit
1272 5104 1450 5158 virum
1494 5102 1870 5156 clarissimum
1922 5101 2032 5156 Lu-

447 5222 570 5262 eam
602 5202 974 5267 Holstenium,
1011 5207 1130 5254 tum
1174 5196 1529 5252 bibliothecae
1577 5192 1860 5249 Vaticana;
1891 5208 2034 5264 prae-

448 5298 678 5364 fectum,
711 5304 769 5352 et
799 5309 888 5350 me
933 5294 1062 5348 licet
1102 5287 1478 5345 Holstenianse
1524 5287 1714 5341 virtuti
1744 5286 2031 5357 imparem,

445 5391 588 5447 tanti
614 5388 823 5445 laboris
851 5386 1136 5446 comitem,
1171 5389 1230 5436 ut
1261 5379 1431 5435 simili
1465 5379 1640 5449 opella
1673 5378 1739 5432 ad
1768 5378 2032 5448 templum

445 5485 678 5542 honoris
715 5481 1022 5545 induceret,
1073 5477 1415 5548 impertitur.
1469 5475 1754 5530 Sententia
1787 5489 2034 5543 pronun-

447 5579 606 5638 tiata.
665 5575 864 5630 sortito
913 5571 1237 5648 Holstenlus
1298 5569 1421 5640 ejus
1470 5567 1735 5638 opuscula
1797 5565 2031 5636 reliqua,

449 5684 553 5738 ego
609 5667 876 5737 epistolas
922 5667 1101 5736 capio.
1151 5652 1349 5742 ,Studia
1404 5660 1675 5716 Holstenii
1709 5673 1976 5714 excessus
2005 5673 2036 5714 e

449 5761 562 5814 vita
589 5758 770 5816 fatalis
797 5757 1115 5829 disrumpit,
1146 5743 1253 5812 ‘uec
1286 5756 1396 5813 vita
1437 5763 1721 5824 superstes
1752 5765 2023 5822 propaga-

2097 402 2197 455 vit.
2228 401 2366 455 Cum
2415 413 2524 452 non
2566 401 2758 450 omnes
2800 393 2852 446 in
2889 405 2999 446 uno
3043 388 3238 444 codice
3270 385 3537 458 epistolae,
3575 386 3683 442 sed

2099 494 2154 547 in
2213 491 2469 560 pluribus
2516 503 2652 558 vage
2695 486 2959 555 dispersae
3014 483 3371 543 haberentur,
3423 480 3686 539 collatis,

2099 591 2224 638 utut
2288 581 2477 652 potui,
2534 577 2802 634 Romanis
2883 573 3298 634 voluminibus,
3361 571 3564 624 fascem
3628 573 3692 622 in

2102 690 2273 731 unum
2295 714 2310 738 ,
2345 670 2576 729 Obviam
2624 670 2801 725 factas
2828 669 2982 739 coegi
3005 707 3020 729 .
3054 665 3330 720 adnotatis
3364 677 3552 717 earum
3589 675 3692 711 va-

2101 769 2201 824 riis
2231 766 2559 822 lectionibus
2591 764 2645 818 in
2673 762 3053 819 studiosorum
3095 759 3354 828 gratiam,
3386 769 3525 824 quas
3552 751 3692 806 mihi

2101 860 2193 914 alii
2247 866 2411 928 atque
2461 856 2556 910 alii
2615 855 2838 911 codices
2895 853 3239 908 obtulerunt.
3291 849 3430 904 Tum
3484 861 3570 902 me
3629 846 3692 898 in
3745 895 3770 908 ,

2103 967 2293 1010 earum
2329 951 2453 1008 dedi
2496 949 2806 1005 versionem
2829 988 2842 1012 ,
2896 946 3060 1016 cujus
3088 959 3240 999 nunc
3291 951 3576 1010 utcunque
3611 937 3698 990 fa-

2104 1055 2208 1100 cta:
2236 1085 2251 1111 ,
2283 1045 2425 1099 idem
2452 1042 2746 1097 munilicus
2767 1042 2822 1093 in
2863 1038 3080 1108 publica
3108 1033 3395 1091 commoda
3429 1033 3696 1102 princeps

2102 1139 2404 1196 editionem
2444 1133 2764 1190 demandat.
2825 1131 2890 1186 Et
2948 1146 3039 1186 res
3100 1131 3214 1184 haec
3272 1142 3372 1199 per
3421 1125 3696 1180 indicium

2104 1231 2392 1285 enuntiata
2421 1226 2643 1284 videtur
2686 1225 2756 1278 ab
2788 1223 3168 1280 eruditissimo
3197 1219 3496 1275 Francisco
3526 1217 3698 1270 (Σοιιι⁵

2105 1324 2254 1379 hesis
2285 1322 2343 1377 in
2371 1319 2670 1377 recensitis
2715 1317 3040 1372 auctoribus
3070 1314 3429 1369 Bibliotheca:
3467 1308 3699 1364 Patrum

2105 1413 2537 1470 concionatoria:
2590 1410 2646 1464 in
2676 1407 2802 1463 Nilo
2836 1426 2851 1463 :
2903 1406 3160 1474 Epistolas
3210 1404 3329 1459 Nili
3361 1403 3485 1457 dari
3514 1410 3704 1470 potue-

2107 1513 2229 1564 rant
2269 1523 2301 1559 a
2339 1503 2647 1559 doctissimo
2701 1501 2877 1556 Leone
2919 1500 3158 1565 Allatio,
3210 1499 3258 1552 si
3311 1497 3514 1566 factum
3560 1494 3700 1547 satis

2106 1607 2242 1654 esset
2262 1597 2399 1652 votis
2424 1595 2832 1651 eminentissimi
2859 1591 3156 1647 cardinalis
3181 1589 3463 1644 Francisci
3499 1588 3704 1641 Barba-

2110 1691 2238 1755 rini,
2275 1688 2404 1744 mihi
2445 1689 2556 1757 ipse
2600 1687 2670 1741 ad
2711 1686 2930 1756 prelum
2988 1685 3279 1755 oﬂ'erentis,
3315 1699 3435 1736 cum
3465 1697 3584 1736 eum
3613 1695 3704 1732 re-

2110 1784 2200 1856 gia
2227 1781 2441 1837 Lutetia
2479 1782 2739 1849 hospitem
2777 1779 2989 1833 haberet
3037 1793 3056 1831 :
3093 1779 3289 1848 [quippe
3320 1777 3470 1846 longe
3497 1772 3701 1842 plures,

2111 1886 2331 1946 excepta
2380 1876 2482 1931 uiri
2520 1889 2697 1944 opera,
2751 1873 3056 1929 Graecarum
3103 1888 3280 1927 rerum
3336 1870 3602 1940 indagine,
3652 1874 3706 1921 et

2113 1969 2307 2040 peritia
2347 1979 2530 2034 nostro
2562 1983 2672 2022 «evo
2700 1966 2859 2036 facile
2891 1967 3168 2036 principis.

2184 2060 2490 2130 Antequam
2541 2062 2606 2114 ad
2664 2060 2768 2113 alia
2814 2057 3174 2128 progrediar,
3234 2054 3368 2108 illud
3435 2050 3703 2108 oblivioni

2117 2154 2249 2210 dare
2275 2160 2703 2208 consentaneum
2733 2150 2884 2205 nullo
2917 2149 3079 2204 modo
3112 2147 3248 2202 mihi
3277 2146 3516 2206 videtur.
3553 2143 3704 2214 quod

2119 2246 2616 2317 praestantissimus
2675 2243 2799 2308 vir,
2852 2251 2906 2297 et
2959 2245 3016 2296 in
3067 2240 3289 2310 scriptis
3341 2239 3701 2307 antiquorum

2117 2338 2439 2396 evolvendis
2478 2339 2876 2410 sagacissimus
2926 2335 3212 2392 Emericus
3252 2333 3500 2406 Bigotius
3557 2348 3705 2401 saepe

2118 2433 2436 2497 admonuit,
2471 2431 2760 2502 epistolam
2797 2428 2856 2485 S.
2899 2427 3009 2484 Nili
3046 2428 3114 2483 ad
3154 2427 3440 2483 Xenonem
3495 2423 3706 2479 Memo-

2118 2526 2337 2580 rialium
2369 2540 2400 2579 a
2420 2524 2653 2579 Possino
2680 2523 2908 2585 editam,
2932 2521 3175 2578 editione
3194 2518 3516 2582 Parisiensi,
3545 2532 3702 2571 num.

2117 2617 2244 2682 260,
2283 2625 2583 2673 extractam
2624 2614 2796 2672 fuisse
2826 2630 2894 2670 ex
2931 2614 2988 2669 S.
3035 2612 3224 2670 Basilii
3256 2611 3600 2681 expositione
3649 2609 3703 2662 in

2121 2712 2319 2782 psalm.
2371 2725 2547 2764 xxxii.
2595 2707 2671 2762 Ea
2716 2709 2773 2762 in
2807 2707 2944 2762 meis
2997 2714 3080 2762 est
3131 2706 3169 2758 Ι.
3214 2719 3251 2768 t,
3304 2703 3464 2774 epist.
3517 2700 3624 2764 56,
3653 2708 3710 2755 et

2125 2806 2365 2875 cinipit:
2431 2793 2680 2866 ’θ’Θεὸς
2735 2801 2890 2873 ἡμῶν
2947 2801 3136 2872 ἀγαπᾷ
3185 2797 3554 2870 ἐλεημοσύνην
3614 2796 3710 2849 καὶ

2123 2899 2326 2971 κρίσιν.
2372 2896 2695 2951 Examinavi
2743 2896 3074 2965 diligenter,
3106 2902 3158 2950 et
3189 2909 3303 2948 rem
3340 2906 3544 2947 meram
3584 2903 3710 2944 esse

2123 2990 2388 3060 comperi.
2424 2987 2708 3043 Sententia
2743 2989 2933 3042 eadem
2977 2995 3106 3052 est,
3158 2987 3322 3042 verba
3377 2999 3596 3056 quoque
3650 2991 3710 3036 ut

2123 3083 2417 3154 plurimum
2472 3080 2688 3138 eadem.
2729 3081 2890 3135 Nilus
2941 3089 3125 3135 tamen
3186 3087 3373 3134 noster
3428 3077 3710 3147 plerisque

2124 3173 2426 3228 immutatis
2465 3182 2520 3228 et
2549 3171 2756 3226 additis
2790 3170 2924 3226 fecit
2955 3184 3133 3225 suam.
3170 3167 3325 3235 Quod
3363 3167 3417 3221 in
3450 3167 3710 3223 Patrihus

2125 3279 2328 3324 novum
2381 3278 2490 3316 non
2545 3271 2650 3318 est.
2701 3261 2930 3332 Semper
2979 3260 3184 3316 etenim
3244 3259 3298 3313 in
3349 3273 3411 3314 ea
3460 3255 3709 3311 Ecclesia

2124 3357 2462 3412 recentiores
2491 3356 2685 3412 Patres
2705 3395 2720 3421 ,
2769 3355 3113 3424 antiquiores
3141 3353 3220 3408 uti
3254 3350 3709 3416 venerabundos,

2127 3455 2182 3502 et
2203 3447 2525 3519 augustiora
2557 3449 2738 3517 capita
2777 3445 3008 3502 assiduo
3047 3445 3138 3500 die
3171 3452 3446 3516 noctuque
3479 3459 3708 3515 percur-

2125 3549 2310 3598 rentes
2330 3581 2345 3606 ,
2393 3540 2666 3612 quidquid
2698 3539 2766 3595 ad
2809 3555 2992 3596 mores
3021 3538 3392 3595 instituendos
3413 3580 3428 3604 ,
3461 3545 3515 3592 et
3551 3552 3709 3593 sacra

2127 3635 2305 3704 elogia
2335 3633 2713 3705 patefacienda
2751 3641 3154 3703 opportunum.
3198 3639 3252 3687 et
3294 3632 3508 3686 obviam
3549 3631 3709 3702 cupi-

2128 3728 2284 3783 ditati
2347 3727 2702 3798 irrepsisset,
2776 3727 3111 3781 adnotabant
3167 3725 3223 3779 in
3276 3724 3533 3787 schedis,
3593 3731 3707 3778 tum

2129 3820 2350 3875 demum
2404 3818 2624 3873 fortuna
2661 3819 2844 3873 ablata
2888 3817 3071 3872 studia
3111 3832 3234 3873 sese
3280 3817 3708 3878 exercitantium

2131 3919 2521 3981 promoventes
2569 3909 2694 3964 aliis
2741 3925 2964 3980 quoque
3019 3909 3518 3964 communicabant.
3552 3908 3709 3975 Quod

2129 4001 2312 4056 Nilum
2364 4001 2566 4059 fecisse
2608 4017 2718 4058 non
2753 4006 2806 4057 in
2839 4003 2942 4056 hac
2974 4003 3206 4071 epistola
3241 4010 3454 4056 tantum
3479 4045 3494 4068 ,
3529 4003 3624 4058 sed
3656 4003 3711 4056 in

2132 4095 2258 4150 aliis
2321 4095 2652 4164 permultis,
2710 4110 2832 4164 qum
2892 4095 3301 4148 curiosioribus
3365 4093 3708 4158 constabant,

2130 4188 2434 4244 verisimile
2464 4195 2568 4243 est.
2611 4186 2683 4242 Ut
2724 4202 2856 4242 vero
2895 4186 3118 4241 modum
3172 4187 3390 4252 discas,
3430 4197 3484 4242 et
3531 4189 3711 4258 possis

2132 4279 2402 4335 imitando
2459 4277 2769 4333 consectari
2825 4285 2948 4347 post
3005 4279 3204 4333 lectam
3257 4279 3363 4334 Nili
3422 4281 3708 4350 epistolam

2133 4371 2335 4427 habeto
2389 4371 2486 4425 tibi
2534 4369 2718 4425 Basilii
2776 4370 2957 4441 ipsius
2992 4372 3196 4433 verba.
3243 4381 3298 4426 et
3339 4389 3464 4427 cum
3500 4373 3710 4431 Nilanis

2133 4476 2391 4533 compara
2431 4479 2445 4515 :
2485 4461 2701 4532 Ἀγαπᾷ
2736 4464 2764 4516 ὁ
2793 4462 2926 4526 Θεὸς
2957 4463 3328 4535 ἐλεημοσύνην
3378 4466 3473 4518 καὶ
3507 4466 3708 4538 κρίσιν,

2132 4553 2296 4606 οἱονεὶ
2348 4553 2624 4625 πάρεδρον
2678 4553 2857 4625 ἐαυτῷ
2909 4554 3007 4625 τὴν
3063 4555 3433 4629 ἐλεημοσύνην
3484 4560 3712 4629 ποιησά-

2134 4651 2298 4714 μενος
2317 4684 2332 4709 ,
2360 4646 2455 4698 καὶ
2487 4645 2885 4716 προϐληθεῖσαν
2913 4647 2991 4719 τῷ
3022 4647 3288 4718 βασιλικῷ
3329 4650 3429 4720 τῆς
3474 4654 3708 4721 κρίσεως

2133 4737 2348 4808 θρόνῳ,
2399 4735 2542 4806 οὖτῳ
2586 4737 2826 4808 παράγει
2871 4740 2952 4801 εἰς
3001 4739 3183 4810 κρίσιν
3235 4740 3485 4795 ἕκαστον.
3529 4761 3549 4794 ‹
3589 4743 3710 4796 Ἐὰν

2134 4829 2364 4900 ἀνομίας
2401 4829 2824 4900 παρατηρήσῃς.
2867 4828 3063 4900 Κύριε,
3099 4829 3294 4901 Κύριε,
3340 4831 3426 4895 τις
3473 4831 3710 4904 ὑποστή-

2137 4937 2326 4987 σεται;
2354 4939 2373 4971 ι
2418 4918 2559 4973 Οὔτε
2587 4922 2622 4990 ἡ
2655 4919 2995 4991 ἐλεημοσύνη
3033 4919 3276 4993 ἄκριτος,
3311 4920 3434 4975 οὔτε
3468 4924 3500 4994 ἠ
3533 4924 3710 4995 κρίσις

2135 5012 2476 5084 ἁνελεήμων.
2511 5011 2626 5084 Πρό
2651 5013 2752 5083 τῆς
2781 5013 3018 5083 κρίσεως
3042 5007 3136 5067 οὖν
3181 5015 3385 5087 ἀγαπᾷ
3411 5016 3708 5087 ἐλεημοσύ-

2135 5125 2258 5179 νην,
2315 5108 2411 5162 ita!
2465 5108 2603 5178 μετὰ
2647 5108 2746 5180 τὴν
2778 5107 3150 5179 ἐλεημοσύνην
3202 5109 3423 5180 ἔρχεται
3474 5111 3568 5164 ἐπὶ
3613 5111 3711 5183 τὴν
3753 5137 3756 5140 λ

2138 5199 2343 5271 κρίσιν.
2385 5197 2574 5252 Ταῦτα
2627 5197 2686 5250 δὲ
2743 5197 2995 5270 ἀλλήλοις
3048 5199 3444 5268 συνέζευκται,
3494 5204 3522 5255 ὁ
3567 5202 3712 5267 ἕλεος

2138 5291 2278 5362 μετὰ
2321 5289 2424 5360 τῆς
2453 5289 2726 5360 κρίσεωςο
2773 5290 2860 5344 ἵνα
2902 5291 3039 5362 μήτε
3067 5291 3094 5343 ὁ
3134 5291 3279 5355 ἔλεος
3317 5291 3477 5364 μόνος
3523 5294 3714 5364 χαυνό-

2135 5399 2277 5455 τητα
2325 5381 2645 5453 ἐμποιήσῃ,
2710 5383 2851 5454 μήτε
2913 5384 3049 5454 μόνη
3100 5385 3350 5457 ἡκρίσις
3403 5385 3713 5456 ἀπόγνωσιν

2154 5472 2540 5544 ἐνεργάσηται.
2579 5472 2837 5528 Βούλεταὶ
2869 5492 2928 5528 σε
2957 5475 3175 5546 ἐλεῆσαι
3195 5518 3209 5541 ,
3249 5477 3343 5529 καὶ
3378 5477 3488 5530 τῶν
3519 5479 3711 5532 ἑαυτοῦ

2152 5564 2456 5634 οἰκτιρμῶν
2502 5565 2825 5634 μεταδοῦναι
2871 5567 2899 5618 ὁ
2927 5569 3122 5637 κριτής
3145 5587 3160 5600 υ
3204 5567 3320 5621 ἀλλ’
3357 5572 3452 5623 ἐὰν
3491 5559 3628 5645 εὕρῃ
3656 5588 3712 5625 σε

2145 5657 2285 5728 μετὰ
2310 5657 2410 5728 τὴν
2437 5658 2717 5729 ἁμαρτίαν
2735 5657 3014 5722 ταπεινὸν,
3040 5665 3523 5732 συντετριμμένον,
3547 5666 3713 5720 πολλὰ

2143 5750 2593 5823 μετακλαύσαντα
2636 5753 2727 5807 ἐπὶ
2771 5755 2884 5816 τοῖς
2929 5756 3186 5826 πονηροῖς
3215 5755 3415 5826 ἔργοις,
3458 5757 3525 5811 τὰ
3565 5761 3710 5828 γενό-
