3882 6036
198 250 225 268 .-
292 206 365 270 ιε)
1474 207 1784 267 NOTITIA
1827 203 1861 259 Ι·

1987 208 2012 263 l.
2053 205 2320 263 N'ILUM.
2422 236 2429 247 ι
3464 202 3538 262 50

292 335 433 389 μενα
448 320 647 390 κρυφῆ,
670 321 1105 389 ἀνεπαισχυντως
1123 317 1577 386 δημοσιεῦσαντα,
1597 316 1862 387 δεηθέντα

290 411 536 477 ἀδελφῶν
566 412 867 479 συγκαμεῖν
899 427 980 462 σοι
1022 408 1160 479 πρὸς
1207 407 1305 478 τὴν
1342 408 1510 471 ἴασιν,
1546 409 1665 463 ὅλον
1699 408 1866 461 ἐλεει-

290 504 382 555 νόν
421 521 479 555 σε
526 504 823 573 γενόμενον
863 503 957 555 ὲάν
999 501 1114 572 ἴδῃ,
1146 499 1374 567 ἄφθονόν
1406 517 1485 551 σοι
1522 499 1620 569 τὴν
1663 494 1866 552 ἑαυτοῦ

289 595 662 663 ἐλεημοσύνην
713 595 1050 665 ἐπιχορηγεῖ.
1105 593 1228 645 Ἐὰν
1282 592 1338 644 δὲ
1381 591 1605 661 καρδίαν
1652 592 1872 660 ἀμεταῆ

294 687 509 756 νάητον,
541 687 795 757 φρόνημα
834 688 1200 757 ὑπερήφανον,
1233 685 1490 737 ἀπιστίαν
1528 682 1620 735 τοῦ
1663 682 1860 744 αἰῶνος

292 777 391 828 τοῦ
430 778 717 846 μέλλοντος
743 821 758 842 ,
787 778 1017 845 ἀφοϐίαν
1062 776 1162 846 τῆς
1210 776 1444 846 κρίσεως
1469 814 1484 837 ,
1515 774 1639 827 τότε
1668 774 1861 843 ἀγαπᾷ

292 867 386 915 ἐπὶ
420 866 503 917 σοὶ
550 867 648 935 τὴν
692 865 895 935 κρίσιν.
941 864 1029 925 Ὠς
1072 863 1181 935 γὰρ
1234 864 1416 933 ἰατρὸς
1466 861 1707 932 ἐμμελὴς
1763 860 1861 914 καὶ

296 955 700 1025 φιλάνθρωπος,
732 957 1003 1025 καταντλή
1013 972 1144 1025 μασι
1174 955 1437 1025 πρότερον
1462 954 1557 1007 καὶ
1583 952 1857 1023 περιπλάο

294 1058 497 1109 σμασιν
544 1042 767 1106 ἁπαλοῖς
814 1046 1065 1113 πειρᾶται
1114 1044 1462 1097 καταστεῖλαι
1505 1043 1567 1096 τὸ
1614 1044 1847 1113 οῐδημα’

293 1133 433 1185 ἐπὰν
468 1134 523 1185 δὲ
572 1135 653 1205 ἴδῃ
701 1135 993 1197 ἀνενδότως
1046 1136 1140 1188 καὶ
1174 1134 1421 1203 σκληρῶς
1464 1135 1859 1187 ἀντιτυποῦντα

292 1225 385 1278 τὸν
406 1226 589 1294 ὄγκον,
622 1226 781 1297 ῥίψας
800 1226 890 1279 τὸν
914 1227 1080 1290 ἔλεον,
1104 1226 1199 1278 καὶ
1218 1227 1314 1295 τὴν
1341 1225 1588 1296 μαλακὴν
1614 1226 1858 1295 ἀγωγὴν,

292 1316 535 1384 αἱρεῖται
585 1316 769 1368 λοιπὸν
820 1314 920 1385 τὴν
968 1314 1062 1367 τοῦ
1115 1315 1334 1384 σιδήρου
1384 1315 1600 1383 χρῆσιν.
1645 1314 1861 1385 Ἀγαπᾷ

291 1402 390 1457 οὖν
430 1406 798 1476 ἐλεημοσύνην
845 1406 1075 1459 ἐπὶτῶν
1120 1404 1544 1476 μετανοούντων,
1579 1408 1770 1478 ἀγαπᾷ
1803 1407 1861 1460 δὲ

300 1498 402 1550 καὶ
435 1499 614 1568 κρίσιν
650 1500 740 1551 ἐπὶ
786 1500 894 1552 τῶν
932 1497 1247 1552 ἀνενδότων.
1281 1496 1533 1550 Τοιοῦτόν
1584 1516 1636 1549 τι
1688 1500 1784 1552 καὶ
1828 1502 1857 1552 6

303 1589 538 1650 Ἰισαῖας
586 1589 733 1656 λέγει
764 1589 840 1660 τῷ
870 1588 1028 1659 Θεῷ,
1077 1588 1159 1641 ὅτι
1193 1607 1210 1638 ι
1259 1584 1324 1640 Ἦ
1366 1588 1706 1659 ἐλεημοσύνη
1763 1606 1861 1643 σου

294 1682 377 1741 είς
409 1680 666 1749 σταθμόν.
710 1701 728 1733 ι
763 1683 871 1735 Καὶ
912 1681 1020 1749 γάρ
1051 1682 1300 1744 κάκεῖνος
1331 1680 1429 1751 τὴν
1461 1679 1596 1749 μετά
1624 1681 1859 1750 κρίσεως

296 1773 675 1842 ἐλεημοσύνην
735 1774 1064 1843 παρίστησι,
1113 1773 1283 1842 ζυγῷ,
1319 1775 1411 1827 καὶ
1449 1773 1669 1845 ἀριθμῷ
1698 1812 1712 1834 ,
1763 1776 1859 1826 καὶ

302 1862 529 1932 σταθμῷ
574 1864 715 1916 κατὰ
762 1866 860 1934 τὴν
912 1864 1141 1917 ἑκάστου
1195 1864 1350 1928 ἀξίαν
1382 1865 1856 1936 ἀντιμετροῦντος.

295 1953 415 2006 Hoc
487 1955 652 2007 etiam
704 1954 1102 2023 antiquissimis
1157 1956 1568 2025 scriptoribus,
1630 1966 1684 2010 et
1735 1965 1861 2009 ante

294 2042 578 2098 Christun
634 2047 781 2100 natis
814 2049 866 2100 in
914 2062 1065 2100 more
1095 2047 1266 2103 fuisse
1303 2050 1582 2118 positum.
1640 2064 1704 2102 ex
1740 2046 1862 2101 Cle-

296 2145 482 2213 tuente
513 2137 904 2201 Alexandrino,
934 2147 988 2194 et
1023 2141 1149 2195 aliis
1190 2141 1327 2195 satis
1363 2140 1484 2196 fuse
1530 2141 1759 2209 probavi
1805 2140 1859 2193 in

296 2235 536 2280 tractatu
576 2244 693 2282 meo
726 2229 799 2283 De
838 2231 1229 2286 conscribendis
1263 2233 1523 2302 epistolis.
1557 2230 1738 2298 Quare
1773 2233 1865 2288 hic

294 2322 453 2387 plura
492 2320 674 2381 dicere
710 2322 1055 2390 supersedeo.

372 2408 624 2474 Ejusdem
651 2417 874 2464 exstant
912 2412 1260 2478 expositiones
1290 2428 1346 2465 τη
1375 2410 1659 2468 Canticum
1687 2416 1862 2469 canti-

293 2515 498 2558 corum,
537 2516 643 2552 una
690 2517 811 2553 cum
848 2499 1085 2571 Nysseni
1136 2501 1404 2572 Gregorii,
1457 2503 1675 2559 Maximi
1711 2522 1861 2561 com-

296 2592 623 2657 mental-iis,
672 2593 1007 2649 carminibus
1074 2594 1315 2663 politicis
1369 2593 1649 2652 Michaelis
1697 2596 1859 2652 Pselli

295 2677 485 2733 Graece
532 2688 586 2734 et
616 2680 806 2735 Latine
845 2683 1033 2737 eodem
1079 2682 1217 2736 Zino
1261 2683 1577 2753 interprete,
1626 2693 1776 2740 tonio
1814 2685 1859 2740 ll

300 2770 549 2823 Actnarii
592 2770 939 2826 Bibliotheca
976 2772 1230 2828 Veterum
1270 2773 1491 2828 Patrum
1534 2774 1860 2831 Graeco-La-

294 2859 436 2920 tini.
476 2874 620 2915 anno
652 2860 791 2913 1624
849 2878 865 2913 :
913 2872 967 2917 et
1018 2871 1154 2919 tom.
1201 2863 1317 2917 Xlll
1367 2864 1697 2922 Morelliana:
1745 2868 1861 2923 edi-

293 2951 481 3003 tionis.

370 3038 424 3092 ln
474 3039 813 3095 bibliothecae
866 3038 1250 3097 Scoriacensis
1308 3041 1529 3108 Indice,
1587 3061 1755 3115 opera
1805 3056 1859 3102 et

294 3130 484 3184 studio
527 3132 816 3185 Alexandri
850 3132 1097 3185 Baruarii
1132 3132 1279 3188 facto
1329 3144 1511 3190 exstat
1565 3136 1768 3191 Catena
1802 3140 1858 3192 in

295 3220 523 3274 Cantica
561 3224 911 3288 canticorum,
942 3234 991 3276 et
1030 3224 1083 3276 in
1120 3240 1236 3277 eam
1270 3224 1650 3283 Enarrationes
1686 3230 1856 3284 Theo-

294 3310 468 3364 doreti
513 3315 828 3379 praesertim.
870 3312 1110 3381 Gregorii
1152 3314 1390 3381 Nisseni,
1436 3318 1573 3386 Nili,
1620 3321 1857 3387 Eusebii,

299 3402 551 3467 Maximi,
593 3414 639 3457 et
676 3403 839 3458 Pselli
872 3406 1103 3460 versibus
1136 3407 1385 3474 politicis,
1418 3410 1681 3468 Labbazns
1713 3414 1815 3467 177
1842 3432 1857 3480 ;

294 3492 467 3557 lJcm,
508 3510 626 3564 pag.
655 3497 779 3549 274.

371 3585 747 3640 Enarrationes
774 3588 824 3641 in
844 3589 1065 3643 Cantica
1095 3595 1419 3648 canticorum
1444 3596 1560 3650 Nili
1594 3597 1645 3651 in
1670 3600 1863 3655 biblio-

295 3676 459 3728 theca
494 3676 681 3745 Regia,
715 3678 837 3733 cod.
869 3680 995 3734 278.
1032 3682 1179 3737 Idem
1220 3701 1343 3756 pag.
1377 3688 1481 3742 506
1515 3706 1528 3741 :
1560 3689 1679 3743 Nili
1736 3709 1859 3747 non-

298 3768 451 3821 nulla
499 3771 751 3837 opuscula
778 3772 1119 3827 Enchiridion
1163 3775 1523 3833 Christianum
1550 3798 1669 3834 cum
1696 3785 1861 3838 inter-

296 3862 589 3928 pretatione
620 3864 671 3916 in
704 3864 894 3919 codice
924 3864 1097 3935 Regio
1122 3866 1286 3922 2218.

370 3950 549 4006 Josias
585 3952 850 4010 Simlerus
890 3957 943 4010 in
979 3957 1228 4026 Epitome
1267 3959 1603 4017 Cesneriana
1669 3968 1861 4021 scribit

296 4039 482 4096 Nilum
550 4033 868 4115 episcopum
924 4040 1594 4121 Constantinopolitanum
1655 4055 1859 4113 librum

298 4136 593 4205 scripsisse
655 4138 921 4192 Adversus
972 4130 1173 4194 Crwcm
1235 4147 1629 4211 superstitionis
1690 4162 1861 4205 secta-

299 4237 457 4279 tores.

369 4315 744 4397 Notantnrque
796 4321 924 4374 alibi
972 4320 1256 4379 Sententia
1304 4323 1537 4380 Morales
1586 4346 1649 4382 ex
1681 4330 1863 4388 Cra'co

298 4411 353 4461 in
378 4408 633 4463 Latinum
665 4428 827 4465 versa:
858 4429 891 4465 a
929 4412 1198 4468 Bilibaldo
1240 4415 1618 4483 Pircheimero,
1658 4423 1863 4492 Argen-

300 4500 449 4563 tinze,
485 4501 643 4554 1416.

370 4588 437 4641 Et
466 4592 686 4647 tandem
719 4593 1007 4659 Labbaeus,
1035 4611 1161 4665 pag.
1196 4596 1319 4661 582,
1361 4600 1450 4652 ubi
1486 4602 1598 4670 agit
1628 4604 1693 4657 de
1736 4608 1865 4659 scri-

298 4680 410 4747 ptis
452 4677 661 4735 Nicolai
692 4682 991 4750 Cabasilm,
1028 4685 1134 4739 Nili
1169 4703 1235 4741 ex
1286 4690 1544 4757 praefecto
1602 4694 1863 4748 Constan-

302 4769 669 4837 tinopolitano
731 4777 1001 4830 monacho
1062 4776 1409 4833 Enchiridion
1463 4785 1859 4852 ptenitentiale.

301 4859 497 4929 Incipit
550 4880 566 4915 :
628 4864 687 4916 '0
752 4866 1017 4930 ἑκουσίως
1075 4871 1342 4937 φονεύσας
1395 4873 1505 4943 ἔχει
1566 4877 1859 4948 ἐπιτίμιον.

303 4951 513 5006 Desinit
546 4972 559 5006 :
600 4955 996 5025 Περιπίπτουσι
1024 4960 1486 5032 πλημμελήματα.
1516 4965 1863 5039 Horologium

304 5047 678 5098 monasticum.
708 5047 900 5118 Incipit
929 5070 941 5103 :
984 5051 1153 5104 Ἐπὰν
1180 5053 1429 5116 παιδείας
1456 5057 1505 5106 oi
1542 5058 1687 5125 ἅγιοι
1716 5064 1867 5129 γεγόα

304 5154 448 5199 νασι.
488 5136 745 5190 Desinit:
790 5140 950 5193 Ἀλλὰ
990 5144 1082 5195 καὶ
1112 5143 1232 5196 λίαν
1270 5146 1625 5215 ἐνοχλεῖσθαι.
1662 5148 1865 5206 Instru-
1904 5158 1909 5163 “

302 5227 410 5279 ctio
445 5230 743 5281 monastica
772 5230 873 5285 hoc
912 5234 1181 5303 principio
1209 5245 1400 5289 exorta
1437 5254 1450 5289 :
1488 5240 1597 5292 Ποῦ
1629 5245 1756 5307 τοὺς
1788 5248 1862 5316 μὴ

305 5319 534 5381 εἰδότας.
573 5320 821 5375 Desinit:
856 5322 972 5374 Κᾶν
1013 5322 1202 5391 ὕμνοις
1241 5328 1333 5379 καὶ
1372 5328 1553 5393 αὐτοῖς
1579 5332 1865 5402 ἀναγκαῖοί

306 5418 432 5467 εἰσι.
466 5414 525 5466 Et
559 5432 678 5484 pag.
720 5416 841 5478 101,
876 5434 995 5479 cap.
1037 5419 1146 5487 53,
1208 5422 1263 5473 in
1312 5423 1433 5477 cod.
1486 5422 1655 5497 Regio
1706 5430 1863 5489 1788.

307 5505 404 5559 Est
437 5506 579 5558 edita
620 5509 761 5561 inter
789 5507 1082 5578 Epistolas.

379 5596 486 5651 Sed
522 5599 678 5662 longe
721 5599 991 5665 longeque
1031 5603 1288 5668 plurima,
1318 5613 1371 5661 ct
1400 5610 1668 5667 permulto
1700 5613 1861 5668 etiam

1972 313 2207 369 clariora
2244 318 2543 383 supersunt
2575 310 2782 365 edenda
2833 310 2998 381 hujus
3048 310 3390 367 sanctissimi
3427 311 3529 364 viri

1970 406 2276 474 Opuscula.
2335 419 2455 474 qua:
2509 402 2640 456 faxit
2707 401 2887 465 Deus,
2942 412 3001 457 ut
3052 403 3270 457 tandem
3328 401 3532 472 aliquo.

1970 509 2091 547 rum
2124 494 2308 548 studio
2351 502 2408 549 et
2452 490 2733 562 diligentia
2782 491 2837 546 in
2885 490 3060 545 lucem
3116 492 3366 557 veniant,
3411 507 3537 560 qua:

1969 585 2073 639 hac
2136 583 2386 653 subjecta
2446 584 2673 637 notione
2727 588 2924 637 testata
2986 581 3043 634 in
3108 596 3272 636 omne
3317 589 3538 651 tempus

1971 677 2212 730 venient.

2044 767 2228 833 Duas,
2282 782 2420 839 quas
2482 777 2793 838 postremas
2860 768 3097 822 vidimus
3146 766 3409 836 epistolas
3462 768 3532 822 ad

1970 859 2351 924 Heliodorum,
2385 868 2439 915 et
2463 859 2938 932 Olympiodorum,
2970 858 3023 912 in
3059 859 3286 928 septima
3322 860 3532 928 synodo

1963 950 2230 1021 generali,
2279 956 2385 1005 act.
2418 951 2471 1016 4,
2503 953 2580 1005 uti
2610 950 2717 1004 Nili
2746 964 3042 1020 germanus
3088 956 3280 1018 partus
3325 948 3532 1018 scripto

1962 1042 2193 1100 redditae
2223 1050 2391 1107 sunt,
2447 1042 2514 1096 ad
2558 1057 2748 1096 eorum
2797 1056 3041 1095 errorem
3095 1040 3547 1109 reprimendum,.

1961 1135 2061 1206 qui
2103 1134 2425 1189 asserebant
2453 1132 2635 1188 Nilum
2666 1142 2861 1189 contra
2909 1132 3174 1202 imagines
3217 1131 3527 1201 scripsisse.

1960 1227 2035 1281 Et
2065 1236 2390 1295 postremam
2432 1226 2497 1280 ad
2545 1224 2996 1296 Olympiodorum
3024 1264 3038 1286 .
3075 1224 3143 1278 ab
3191 1222 3399 1279 eisdem
3438 1224 3531 1278 de-

1960 1324 2252 1387 pravatum
2310 1316 2485 1372 fuisse
2531 1316 2947 1370 corroboratur.
2997 1313 3103 1384 Ipsi
3152 1315 3297 1368 enim
3334 1329 3432 1383 pro
3464 1330 3549 1368 eo»

1960 1408 2111 1480 quod
2151 1408 2288 1462 dixit
2313 1407 2470 1463 Nilus
2501 1424 2515 1461 :
2548 1407 2693 1461 Hinc
2741 1416 2791 1462 et
2841 1406 2962 1461 inde
2995 1408 3169 1477 pinge.
3212 1405 3413 1459 Dealba
3441 1420 3531 1475 po-

1961 1507 2215 1555 suerunt.
2248 1497 2315 1552 Et
2339 1516 2405 1554 ex
2435 1498 2652 1554 duabus
2673 1498 3042 1552 convincitur.
3078 1496 3218 1551 Ecce
3246 1506 3526 1551 ostensum

1961 1600 2045 1646 est
2101 1590 2347 1660 liquido,
2388 1592 2517 1660 quia
2548 1591 2667 1661 ipse
2705 1598 2933 1645 sanctus
2959 1628 2974 1652 ,
3007 1598 3063 1644 et
3096 1588 3350 1658 egregius
3376 1596 3535 1657 pater-

1961 1685 2124 1740 Nilus
2175 1694 2400 1739 sanctas
2456 1684 2648 1738 icones
2704 1682 3039 1753 suscipiebat
3072 1687 3412 1736 :aecusatus
3442 1686 3539 1734 est.

1964 1784 2148 1829 autem
2192 1790 2221 1826 a
2252 1774 2678 1845 pseudosyllogo
2726 1766 2858 1837 illo,
2915 1772 3059 1842 quod
3112 1780 3302 1827 contra
3340 1769 3527 1825 ioones

1962 1864 2183 1919 locutus
2215 1861 2398 1916 fuerit.

2033 1953 2222 2007 Tract.
2266 1954 2389 2006 Ὅτι
2433 1953 2748 2024 διαφέρουσι
2804 1954 2912 2007 τῶν
2964 1954 3025 2007 ἐν
3069 1952 3290 2007 πόλεσιν
3329 1952 3525 2006 ἀσκου-

1966 2045 2139 2115 μένων
2176 2044 2229 2096 οί
2267 2044 2326 2096 ἐν
2356 2043 2548 2113 ἐρήμῳ
2577 2044 2943 2113 ἡσυχάζοντες
2968 2083 2982 2108 ,
3033 2043 3136 2097 κᾶν
3166 2042 3383 2104 πολλοῖς
3409 2041 3521 2095 τῶν

1962 2136 2206 2206 ἀπείρων
2251 2135 2310 2187 τὸ
2352 2134 2592 2187 ἐναντίον
2634 2133 2765 2204 δοκῇ
2795 2150 2810 2163 ·
2852 2134 2955 2199 Qui
2991 2134 3045 2201 in
3092 2134 3278 2187 eremi:
3312 2134 3523 2203 acquie-

1963 2238 2152 2293 scunt,
2193 2227 2359 2281 multo
2402 2226 2517 2281 illis
2565 2243 2678 2280 esse
2715 2228 3113 2290 prastantiores
3136 2265 3152 2291 ,
3193 2226 3283 2295 qui
3314 2226 3367 2279 in
3399 2225 3525 2278 ciri-

1965 2321 2161 2375 tatibus
2192 2320 2514 2384 recoluntur,
2551 2321 2670 2374 licet
2704 2319 2860 2375 multi
2903 2319 3171 2388 inexperti
3197 2318 3524 2372 contrarium

1965 2422 2210 2476 teneant,
2244 2412 2306 2465 P.
2342 2411 2550 2482 Τέχνης
2587 2412 2685 2482 μὲν
2732 2412 2951 2484 ἁπάσης
3000 2411 3069 2465 τά
3119 2411 3353 2481 τεχνητὰ
3404 2405 3525 2481 κρί-

1961 2522 2163 2567 νοντες,
2196 2504 2430 2574 ἄπειροι.

2032 2596 2169 2666 Περὶ
2222 2593 2607 2665 ἀκτημοσύνης
2654 2594 2801 2665 πρὸς
2837 2595 3056 2662 Μάγνον
3106 2593 3355 2648 διάκονον
3397 2594 3523 2660 ’Δγ-

1962 2688 2156 2759 κύρας.
2219 2685 2300 2739 Ita
2360 2687 2549 2757 legunt
2601 2686 2850 2740 nonnulli
2886 2684 3121 2739 codices.
3178 2684 3289 2738 Alii
3340 2684 3526 2753 legunt

1960 2778 2103 2848 Πρὸς
2134 2778 2361 2846 Μάγναν
2386 2794 2401 2807 θ
2439 2777 2529 2831 alii
2564 2778 2700 2847 πρὸς
2746 2776 3100 2845 Μαγνησίλαν
3137 2776 3230 2830 τὸν
3272 2776 3512 2830 διάκονον

1975 2868 2270 2941 Ἀγκύρας.
2303 2867 2448 2932 Alii,
2480 2866 2679 2937 Πρὼην
2712 2867 2810 2937 μὲν
2839 2867 2973 2936 πρὸς
3014 2867 3139 2929 τοὺς
3167 2866 3539 2937 ἀμελέστερον.

1967 2959 2249 3029 μετιόντας
2298 2957 2390 3010 τὸν
2432 2957 2718 3026 μοναδικὸν
2773 2956 2907 3026 βίον.
2941 2956 3017 3011 De
3051 2957 3154 3011 hac
3181 2955 3372 3026 Magna
3419 2957 3531 3010 dia-

1962 3067 2101 3104 cono
2135 3048 2257 3103 vide
2296 3048 2596 3103 Palladium
2632 3049 2686 3103 in
2721 3048 3004 3105 Lansiacis
3034 3066 3049 3103 :
3086 3048 3351 3116 ’Δσκητοῦ
3383 3065 3542 3118 παρ-κ

1963 3141 2189 3203 αίνεσις.
2229 3138 2294 3195 Ρ.
2324 3138 2478 3193 Μάθε
2502 3156 2568 3192 συ
2597 3141 2626 3191 6
2659 3138 2905 3211 μονάζων
2952 3139 3048 3194 καὶ
3090 3138 3282 3204 πιστὸς
3313 3138 3526 3211 ἀνθρω-

1960 3250 2079 3297 πος.

2031 3324 2207 3391 Λόγος
2273 3323 2574 3393 ἀσκητικὸς
2616 3321 2745 3391 περὶ
2788 3322 2886 3390 τῆς
2939 3323 2997 3375 ἐν
3046 3321 3265 3393 Χριστῷ
3314 3321 3525 3389 φιλοσο-

1961 3415 2109 3482 φίας.
2140 3412 2202 3466 P.
2242 3413 2553 3481 Φιλοσοφεῖν
2584 3410 2952 3482 ἐπετήδευσαν
2998 3409 3094 3479 μὲν
3125 3410 3218 3464 καὶ
3259 3408 3526 3480 Ἑλλήνων

1962 3504 2167 3559 πολλοί.

2032 3598 2173 3668 Πρὸς
2210 3596 2504 3665 νεωτέρους
2552 3594 2818 3665 μοναχοὺς
2847 3591 3182 3648 διδασκαλία.
3222 3592 3281 3646 Ρ.
3311 3593 3401 3644 Δεῖ
3437 3589 3531 3643 τὸν

1962 3689 2081 3742 νέον
2109 3690 2296 3742 ἀσκεῖν
2330 3686 2581 3757 σώματος
2608 3688 2858 3757 ἡσυχίαν.

2032 3781 2320 3850 Κεφάλαια
2353 3780 2610 3849 διάφορα.
2655 3778 2715 3832 Ρ.
2761 3779 2900 3833 ’Δλλ’
2944 3780 3120 3849 ὑμᾶς,
3156 3771 3221 3830 ὧν
3247 3775 3532 3848 μακαριώ-

1962 3891 2134 3937 τατοι,
2174 3873 2310 3942 μετά
2348 3871 2459 3924 τῶν
2490 3872 2713 3927 ἀλλων..

2035 3966 2180 4036 Πρὸς
2229 3964 2511 4033 Εὺλόγιον.
2562 3965 2619 4018 Ρ.
2672 3966 2733 4017 Ol
2777 3964 2869 4017 τὸν
2915 3963 3163 4034 οὐράνιον
3197 3963 3370 4036 χῶρον
3417 3965 3526 4027 τοῖς

1964 4057 2146 4119 πὸνοις
2177 4056 2487 4127 νεμόμενοι.

2008 4146 2180 4220 Ἠρὸς
2222 4149 2474 4215 Ἀγάθιον
2528 4146 2850 4217 μονάζοντα.
2892 4146 2953 4203 Ρ.
2992 4148 3156 4211 Ἔθος
3207 4147 3382 4218 ἔχοντί
3431 4166 3523 4217 μοι

1963 4241 2033 4294 τὰ
2070 4240 2240 4293 πολλὰ
2271 4240 2369 4303 τὰς
2401 4240 2662 4309 ἀκαίρους
2687 4239 2794 4292 τῶν
2836 4239 3122 4310 Ἑλλήνων.

2049 4336 2336 4403 Ἐπιστολὴ
2365 4336 2563 4405 ἔχουσα
2594 4334 2886 4403 κεφάλαια.
2913 4331 2974 4388 Ρ.
3020 4334 3147 4386 Ἐὰν
3184 4334 3371 4404 μηδεὶς
3402 4334 3527 4389 διὼο

1966 4444 2051 4483 κει
2092 4446 2152 4482 σε
2176 4428 2436 4498 τύραννος
2470 4427 2691 4495 Ἕλλην.
2731 4427 2873 4481 Sunt
2899 4434 3116 4480 attextae
3150 4428 3215 4481 ad
3253 4427 3391 4482 alias
3413 4430 3527 4498 epi-

1966 4521 2157 4581 stolas,
2189 4535 2326 4588 quas
2354 4519 2464 4587 jam
2494 4518 2663 4571 edidi.

2040 4611 2175 4681 [lsp't
2208 4610 2536 4681 προσευχῆς.
2578 4608 2639 4661 Ρ.
2673 4608 2837 4670 Τέλος
2872 4606 3062 4661 πασῶν
3101 4605 3329 4661 ἐντολῶν
3371 4624 3535 4677 προσι

1966 4706 2122 4775 ευχή.

2037 4793 2261 4863 Γνῶμαι
2308 4791 2619 4856 ἀπάγουσαι
2653 4788 2761 4841 τῶν
2813 4788 3069 4859 φθαρτῶν
3119 4790 3213 4843 καὶ
3264 4790 3530 4858 προσκολ-

1967 4884 2140 4937 λῶσαι
2174 4885 2286 4942 τοῖς
2313 4880 2613 4950 ἀφθάρτοις
2646 4880 2739 4932 τὸν
2763 4880 3065 4951 ἄνθρωπον.
3099 4880 3383 4951 Κεφάλαια
3411 4889 3525 4936 σιε’.

1966 4975 2028 5029 Ρ.
2080 4974 2231 5036 Ὀδὸς
2261 4974 2339 5035 εἰς
2371 4971 2576 5042 ἀρετὴν
2606 4971 2639 5042 ἡ
2669 4969 2765 5024 τοῦ
2795 4971 2912 5039 βίου
2940 4974 3109 5043 φυγή.

2042 5067 2253 5120 Ἀλλαι.
2284 5063 2346 5118 Ρ.
2365 5064 2543 5116 Φόϐον
2569 5062 2660 5131 ἔχε
2697 5062 2833 5115 Θεοῦ
2874 5064 2967 5115 καὶ
2997 5063 3180 5118 πόθον.

2036 5158 2344 5226 κεφάλαια.
2377 5156 2435 5209 Ρ.
2490 5155 2614 5208 Ἐὰν
2652 5154 2943 5227 ᾠφελήσῃς
2970 5156 3111 5210 τινά.

2048 5248 2371 5319 ’Δσκητικά.
2403 5247 2462 5301 Ρ.
2492 5248 2554 5299 Ol
2584 5245 2693 5317 γὰρ
2727 5244 3093 5319 μετριώτερον
3123 5248 3215 5300 ἐπὶ
3247 5249 3365 5311 ταῖς
3394 5265 3529 5318 συμο

1967 5345 2161 5413 φοραῖς
2190 5339 2529 5411 ἀτυχοῦντες.

2038 5434 2326 5503 Κεφάλαια
2351 5431 2606 5501 νηπτικά.
2638 5429 2698 5485 Ρ.
2732 5432 2915 5485 Πάντα
2950 5431 3048 5501 μὲν
3071 5433 3175 5503 ὁρᾷ
3199 5434 3228 5485 6
3251 5432 3401 5494 Θεός.
3551 5468 3556 5475 υ

2037 5524 2177 5593 Περὶ
2209 5521 2470 5593 ἐργασίας
2492 5521 2629 5583 νοός.
2656 5520 2717 5573 Ρ.
2750 5521 2860 5593 Τὴν
2893 5522 3065 5594 ἀρχὴν
3092 5523 3190 5593 τῆς
3220 5523 3359 5577 κατὰ
3398 5524 3555 5580 Θεὸν

1972 5613 2235 5667 ὼιόελείας
2268 5611 2532 5665 ποιεῖσθαι
2560 5612 2763 5667 ἔνοιιενη
