3882 6036
418 216 488 288 51
1594 225 1610 236 ⁷
1664 223 1969 286 ΝΟΤΠῚΑ
2003 224 2014 282 ]

2119 223 2182 285 s.
2223 226 2499 322 NILUM-
3098 315 3108 322 ,
3612 225 3699 291 ss

491 339 557 392 Et
604 339 714 393 alia
761 338 1096 406 minutinra,
1155 341 1382 410 ῥήσεις,
1436 339 1530 392 καὶ
1576 339 1798 409 χρήσεις
1838 335 1981 406 apud

2118 342 2376 392 nteroatto
2397 340 2663 408 ejusmodi
2703 355 2880 393 amore
2907 315 3289 408 corripiuntur,
3325 340 3482 409 facile
3518 342 3712 410 com}:

419 431 604 487 varios
658 438 953 496 auctores,
985 446 1125 500 quas
1155 432 1412 502 colligere
1471 430 1677 501 poteris
1724 445 1789 484 ea:
1835 430 1987 482 rebus
2088 430 2336 497 prehendi
2367 440 2578 498 potest,
2629 447 2750 484 cum
2799 431 2944 485 illico
2992 441 3196 485 tantam
3241 405 3713 487 immutationeml

422 523 592 579 sacris
623 521 875 587 Leontii,
910 529 964 578 et
997 522 1228 578 Joannis
1262 523 1703 594 presbyterorum
1745 536 1811 574 ex
1837 520 1986 575 Ana-
2092 515 2417 576 admittant,
2459 530 2516 571 ut
2545 521 2730 572 statim
2784 519 2839 572 in
2887 518 3074 574 calum
3119 521 3571 588 transvehantur,
3635 531 3698 575 et

421 615 593 670 stasio
621 613 850 676 Sinaita,
883 628 948 668 ex
981 613 1146 666 variis
1187 611 1602 681 quaestionibus,
1634 626 1701 664 ex
1748 609 1986 664 Melissa.
2027 618 2033 625 '

491 705 760 760 Locorum
785 721 957 760 sacra:
983 705 1284 774 Scriptura:
1308 702 1782 773 interpretationes
1809 700 1990 755 varias

421 813 486 852 ex
516 797 734 852 Catenis
769 797 822 850 in
868 795 1203 850 Exaemeron
1225 834 1241 857 ,
1284 794 1336 848 in
1371 793 1847 848 Deuteronomium
1869 830 1886 856 ,
1935 791 1989 844 in

423 887 642 954 Jobum,
679 888 732 941 in
773 886 1042 951 Psalmos,
1096 886 1148 940 in
1181 886 1405 941 Cantica
1455 886 1796 941 canticorum
1845 885 1992 954 apud

423 978 776 1048 Procopium,
819 979 870 1033 in
911 977 1284 1048 Evangelium,
1326 985 1380 1032 et
1417 977 1644 1042 Lucam,
1685 984 1739 1032 et
1767 975 1993 1046 potissi-

424 1085 572 1123 mum
610 1069 664 1122 in
695 1084 758 1123 ea
783 1108 799 1133 ,
843 1083 963 1136 quae
1001 1077 1085 1122 est
1122 1075 1376 1121 contexta
1413 1085 1442 1120 a
1478 1066 1714 1120 Macario
1756 1066 1995 1136 Chryso-

425 1161 656 1230 cephalo
707 1159 965 1230 episcopo
1001 1157 1410 1228 Philadelphia,
1441 1166 1496 1214 et
1533 1157 1722 1213 Niceta
1760 1157 1995 1212 diacono

426 1250 632 1322 Magna:
662 1251 943 1306 Ecclesiae.

501 1342 772 1398 Praeterea
804 1342 962 1413 plura
986 1342 1228 1410 ejusdem
1259 1343 1408 1414 legas
1434 1342 1487 1397 in
1512 1340 1742 1398 Joannis
1765 1340 1995 1396 Climaci

428 1432 615 1499 Scala,
663 1433 716 1489 in
757 1433 956 1505 Esloga
1005 1434 1227 1489 Patrum
1268 1434 1399 1506 περὶ
1435 1434 1648 1507 νήψεως
1681 1434 1778 1488 καὶ
1826 1449 1993 1504 xpos-

427 1523 560 1593 οχῆς
592 1523 736 1577 inter
769 1524 906 1578 alios
960 1532 1298 1578 memoratur
1342 1524 1503 1579 etiam
1551 1523 1704 1578 Nilus
1750 1539 1816 1577 ex
1863 1522 1996 1590 Epi-

429 1609 608 1676 stolis,
649 1609 703 1664 in
749 1609 930 1666 dubiis
959 1619 1014 1666 et
1055 1611 1424 1666 solutionibus
1454 1613 1522 1666 de
1562 1613 1728 1666 variis
1759 1611 1995 1667 Theolo-

429 1698 568 1766 gicis
594 1698 989 1767 quaestionibus
1021 1715 1085 1754 ex
1126 1701 1333 1755 sanctis
1367 1699 1645 1755 Patribus.
1682 1701 1742 1755 In
1778 1700 1994 1770 Eclogis

404 1790 707 1860 -parallelis
729 1789 961 1846 Joannis
992 1790 1341 1853 Damasceni,
1373 1790 1524 1845 addit
1571 1789 1840 1845 Labbaeus
1873 1807 1994 1860 pag.

429 1880 538 1936 285
558 1898 572 1934 :
595 1875 728 1935 Cum
755 1881 897 1934 dicta
926 1877 1153 1933 Patrum
1192 1881 1506 1944 laudantur,
1537 1882 1699 1934 etiam
1729 1880 2000 1933 sententiae

433 1970 555 2027 Nili
574 1988 729 2025 suum
751 1971 926 2027 locum
956 1970 1167 2026 habent.
1201 1971 1264 2025 Et
1296 1973 1678 2026 Bonaventura
1704 1970 2000 2026 Vulcanius

433 2062 502 2118 ad
541 2064 797 2118 lectorem
857 2065 912 2118 in
972 2063 1077 2118 Nili
1133 2062 1645 2120 Thessalonicensis
1707 2073 2000 2119 tractatum

432 2153 512 2210 De
540 2157 776 2224 primatu
821 2170 992 2225 papa.
1021 2185 1089 2196 —
1125 2153 1193 2208 In
1225 2153 1484 2226 Catalogo
1537 2156 1859 2213 bibliotheca:
1895 2155 2005 2213 Pa-

437 2245 690 2302 triarcr'ue
716 2245 1314 2316 Constantinopolitani,
1346 2247 1582 2303 citantur
1615 2248 1734 2305 Nili
1759 2251 2005 2305 monachi

436 2337 707 2392 orationes
737 2337 913 2392 decem
941 2350 1129 2394 contra
1163 2340 1463 2395 Maltomed.

507 2427 569 2483 In
604 2427 840 2500 Philippi
869 2429 1110 2486 Solitarii
1147 2432 1366 2502 Dioptra
1413 2432 1705 2489 Latinitate
1747 2435 1947 2489 donata
1975 2452 2005 2488 a

436 2517 643 2576 Jacobo
665 2520 938 2586 Pontano,
962 2532 1016 2578 et
1035 2522 1343 2596 lngolstadii
1373 2525 1659 2595 impressa,
1677 2541 1821 2580 anno
1844 2526 2003 2590 1604,

439 2611 584 2677 ἱη-ι,
609 2612 752 2667 inter
769 2613 910 2670 alios
931 2613 1120 2672 Patres
1143 2615 1410 2671 adductos
1431 2618 1608 2671 locum
1632 2633 1791 2673 suum
1818 2618 2007 2685 habet,

439 2711 497 2758 et
531 2700 708 2760 Nilus.

511 2793 756 2851 Tandem
783 2794 942 2852 Nilus
980 2797 1097 2866 ipse
1128 2795 1224 2852 lib.
1254 2814 1378 2863 ιιιι,
1417 2799 1577 2866 epist.
1610 2800 1696 2866 ll,
1729 2800 1809 2855 Ad
1839 2800 2008 2873 Poly-

440 2886 722 2942 ebronium
745 2887 1028 2942 diaconum
1075 2888 1242 2943 refert
1267 2906 1348 2953 se,
1383 2889 1779 2961 coelilagitante
1809 2891 2008 2947 librum

442 2979 583 3036 satis
613 2978 851 3051 amplum
882 2979 1017 3047 περὶ
1051 2980 1454 3045 κατανύξεως.
1507 2979 1584 3035 De
1612 2984 2012 3051 compunctione

443 3069 830 3125 concinnasse.
860 3067 981 3124 Non
1008 3069 1214 3125 dolebit
1236 3071 1388 3125 cordi
1411 3085 1533 3125 meo
1561 3071 1804 3142 epistola:
1829 3072 2009 3137 lectio,

427 3159 498 3218 ,οἱ
531 3161 668 3216 bene
703 3162 856 3232 prius
888 3170 1249 3232 expurgatus,
1275 3163 1552 3233 rebusque
1582 3164 1878 3219 mundanis
1918 3181 2013 3220 stt-

446 3252 636 3325 perior
666 3251 845 3308 factus
872 3268 955 3308 es.
991 3253 1172 3320 Quare
1201 3253 1290 3309 hic
1318 3269 1442 3310 eam
1471 3253 1571 3308 tibi
1600 3254 1742 3310 dabo
1771 3272 1785 3307 :
1816 3256 2014 3311 Μακα-

449 3343 586 3417 ρεζω
625 3362 686 3400 σε
717 3347 817 3418 τῆς
849 3345 986 3418 πρὸς
1008 3346 1142 3400 Θεὸν
1171 3345 1378 3416 φιλίας,
1430 3349 1526 3400 καὶ
1556 3346 1652 3400 τοῦ
1689 3345 1889 3417 ἔρωτος
1919 3345 2014 3399 τοῦ

447 3435 730 3508 ἀφθάρτου
769 3439 867 3491 καὶ
901 3438 1193 3508 οὐρανίου,ξ
1223 3437 1414 3492 καθότι
1444 3437 1574 3502 τοὺς
1611 3439 1741 3507 περὶ
1777 3437 2016 3491 κατανύο

451 3526 586 3593 ξιως
609 3527 788 3600 ψυχῆς
824 3529 1073 3591 ἀπαιτεῖς
1102 3530 1251 3600 ἡμᾶς
1283 3529 1494 3598 λόγους.
1539 3529 1774 3598 Σημεῖον
1811 3528 1869 3581 δέ
1904 3528 2019 3582 ἐστι

449 3635 507 3673 τι
543 3620 785 3675 τοιοῦτον
815 3621 1024 3692 αἴτημα
1060 3620 1163 3691 τῆς
1207 3623 1266 3674 ὲν
1312 3621 1460 3692 ψυχῇ
1503 3619 1874 3690 καθαρότητος
1901 3635 1917 3650 ο
1956 3621 2018 3673 οὐ

461 3711 573 3784 γάρ
587 3713 704 3766 ἐστι
718 3712 963 3777 δυνατὸν,
984 3713 1060 3784 μὴ
1083 3711 1351 3783 πρότερον
1379 3709 1791 3781 ὲκκαθαρθέντα
1816 3709 2017 3774 καλῶς,

451 3804 548 3859 καὶ
581 3803 691 3858 τῶν
719 3803 984 3874 βιωτικῶν
1019 3805 1272 3858 ἁπάντων
1298 3802 1566 3874 ἀνώτερον
1590 3801 1902 3872 γενόμενον,
1933 3804 2017 3865 εἰς

452 3895 660 3967 ταύτην
691 3897 800 3950 τῶν
831 3895 1006 3965 λόγων
1037 3897 1136 3967 τὴν
1173 3895 1466 3964 ἐπιθυμίαν
1495 3893 1690 3948 ἐλθεῖν.
1726 3895 1837 3947 Καὶ
1863 3893 2021 3946 τοῦτο

411 3985 422 3994 ’
459 3986 640 4059 ῥᾴδιον
675 3987 907 4041 συνιδεῖν
935 3987 1000 4040 ὲκ
1036 3985 1144 4039 τῶν
1170 3985 1268 4039 καὶ
1298 3985 1433 4056 πρὸς
1467 3983 1645 4051 ὀλίγον
1685 3985 1860 4054 τούτῳ
1898 4001 2025 4036 κατ-

461 4077 736 4149 εχομένων
772 4077 852 4149 τῷ
901 4077 1066 4149 ἔρωτι
1092 4090 1106 4106 ’
1146 4077 1196 4130 οἳ
1246 4076 1516 4146 τοσαύτην
1545 4075 1742 4146 ἀθρόον
1779 4075 2023 4145 δέχονται

455 4169 555 4239 τὴν
585 4167 910 4238 μεταϐολὴν,
939 4167 1016 4232 ὡς
1029 4167 1226 4230 εὐθέως
1261 4165 1397 4236 πρὸς
1419 4165 1645 4239 οὐρανὸν
1670 4168 2024 4236 μεταστῆναι,

458 4261 555 4314 καὶ
598 4261 968 4331 αἱθεροϐατεῖν
1017 4261 1083 4330 τῇ
1129 4258 1380 4329 μακαρίᾳ
1417 4257 1630 4329 γνώμῃ.
1673 4258 1836 4311 Ὅθεν
1889 4274 2024 4327 προ-

460 4352 649 4422 θύμως
687 4351 798 4421 ἐγὼ
825 4353 1114 4422 δεξάμενος
1139 4353 1200 4405 τὸ
1234 4353 1513 4422 ἐπίταγμα
1539 4352 1638 4421 τῆς
1665 4351 1763 4420 σῆς
1801 4350 2027 4420 εἰλικρι-

462 4442 586 4508 νοῦς
630 4444 888 4515 ἀγάπης,
946 4443 1148 4513 βιὸλίον
1183 4443 1478 4513 ὁλόκληρον
1511 4442 1639 4512 περὶ
1678 4439 2026 4504 κατανὺξεως

475 4535 738 4600 συντάξας
788 4535 1106 4589 ἀπέσταλκα
1161 4536 1289 4604 ὑμῖν
1339 4553 1396 4588 τε
1451 4533 1546 4587 καὶ
1596 4535 1707 4594 τοῖς
1754 4533 1850 4584 σὺν
1903 4533 2030 4601 ὑμῖν

463 4628 801 4700 διατρίϐουσι
831 4628 1006 4696 φίλοις
1034 4627 1333 4689 θεοσεϐέσι,
1357 4626 1620 4679 δυσωπῶν
1655 4625 1748 4677 καὶ
1780 4639 2032 4694 παρακα·

465 4722 575 4775 λῶν
605 4722 769 4792 ὑμᾶς,
799 4720 1112 4793 παῤῥησίαν
1152 4719 1288 4790 πρὸς
1324 4719 1414 4770 τὸν
1448 4717 1580 4770 Θεὸν
1625 4716 1872 4786 ἔχοντας,
1908 4717 2028 4777 ταῖς

466 4811 644 4875 ὁσίαις
671 4811 826 4882 ὑμῶν
864 4810 1204 4881 ἀμείψασθαι
1240 4813 1584 4879 προσευχαῖς.
1623 4807 1862 4860 Δύνασθε
1901 4807 2030 4876 γὰρ,

467 4900 529 4957 εὖ
567 4899 705 4969 οῖδα,
733 4903 872 4973 ὑπὲρ
899 4901 1058 4972 ἡμῶν
1089 4901 1426 4966 ἐξιλεοῦσθαι
1463 4899 1524 4952 τὸ
1557 4899 1710 4952 Θεῖον
1739 4913 1755 4930 ⁸
1787 4898 1865 4954 0b
1897 4900 2035 4952 anti-

469 4996 653 5050 citiant
707 5011 830 5066 erga
881 4994 1086 5056 Deum,
1147 5008 1479 5062 amoremque
1527 4990 1664 5043 nulli
1709 4991 2034 5058 corruptioni

473 5090 780 5146 obnoxium.
813 5105 875 5142 ac
898 5088 1178 5152 cwlestent,
1214 5085 1548 5153 fortunatum
1573 5092 1619 5134 tc
1639 5081 1826 5149 judico
1856 5098 1874 5134 .'
1899 5083 2036 5150 quod

472 5199 506 5234 ιι
538 5179 686 5234 nobis
717 5177 782 5232 de
819 5177 1221 5245 compunctione
1265 5174 1430 5227 animi
1474 5171 1728 5225 sermonis
1773 5173 2036 5236 exposcis.

473 5276 602 5329 Hcce
629 5283 806 5324 autent
829 5270 1134 5340 efﬂagitatio
1162 5268 1470 5336 puritatem,
1506 5279 1622 5331 qua:
1653 5264 1704 5315 in
1730 5264 1908 5315 animo
1938 5272 2042 5326 est,

475 5365 700 5418 indicat.
753 5360 934 5432 Neque
977 5360 1116 5413 enint
1173 5357 1289 5426 ﬁeri
1322 5364 1525 5425 potest,
1565 5365 1624 5407 ut
1679 5355 1759 5419 is,
1809 5355 1899 5422 qui
1937 5370 2038 5407 non

475 5457 622 5524 prius
650 5460 972 5524 expurgatus
1005 5449 1158 5516 bene,
1210 5449 1461 5517 rebusque
1489 5445 1730 5500 omnibus
1758 5444 2040 5498 mundanis

479 5547 717 5622 superior
747 5545 918 5613 factus
949 5551 1026 5598 est
1048 5585 1062 5606 ,
1096 5543 1152 5596 in
1199 5555 1499 5595 sermonum
1550 5535 1806 5592 similium
1838 5535 2042 5590 deside-

481 5641 614 5696 rium
641 5639 867 5694 incidat.
910 5635 1071 5706 quue
1103 5649 1166 5688 ex
1191 5634 1279 5700 iis,
1313 5633 1399 5700 qui
1431 5628 1505 5685 uel
1541 5628 1757 5682 minimo
1795 5629 2040 5692 temporis

2092 604 2246 658 beata
2274 618 2444 662 mente
2487 611 2806 678 gradiantur
2848 610 2904 663 in
2947 612 3155 665 cet/tere.
3186 613 3323 666 Hinc
3362 613 3464 678 ipsi
3511 614 3691 667 avide

2093 700 2314 753 sincera:
2345 712 2452 752 tute
2507 700 2754 755 dictionis
2797 701 3073 768 imperium
3124 703 3416 769 arripiens,
3463 702 3686 756 librum

2093 788 2356 859 integrum
2387 790 2450 843 de
2492 790 2890 857 compunctione
2917 791 3289 844 concinnatum
3327 792 3492 854 vobis,
3528 795 3695 846 illis-

2093 895 2212 948 que,
2262 881 2354 948 qui
2402 897 2510 933 una
2562 896 2680 934 cum
2732 879 2874 935 vobis
2912 894 3330 947 commorantur,
3383 883 3450 936 iis
3476 884 3693 936 amicis

2097 973 2391 1037 transmisi,
2429 974 2684 1026 instanter
2715 984 2918 1038 petens,
2949 991 3240 1045 rogansque
3269 991 3377 1036 vos,
3407 976 3498 1045 qui
3527 976 3692 1046 apud

2093 1063 2263 1118 Deum
2309 1065 2364 1119 in
2411 1064 2593 1136 aliqua
2640 1067 2764 1120 estis
2809 1067 3165 1130 auctoritate,
3214 1068 3383 1120 sacris
3425 1067 3688 1134 precibus

2095 1154 2384 1209 mercedem
2424 1161 2723 1223 rependere.
2758 1155 2984 1211 Potestis
3013 1159 3150 1211 enim
3172 1197 3188 1223 ,
3218 1157 3356 1226 quod
3387 1156 3514 1211 bene
3549 1156 3690 1210 noui

2094 1249 2299 1302 Numen
2327 1247 2478 1301 nobis
2518 1248 2803 1316 propitium
2833 1247 3066 1302 reddere.

2167 1336 2232 1389 Et
2264 1336 2333 1390 de
2366 1337 2594 1407 scriptis
2622 1337 2851 1406 hujusce
2879 1338 2980 1392 viri
3014 1346 3274 1404 prieterea
3298 1335 3514 1397 addam,
3549 1349 3690 1402 qua:

2095 1426 2438 1496 Nicephorus
2486 1426 2788 1483 Historiar.
2837 1429 2931 1484 lib.
2968 1445 3078 1488 xw.
3118 1443 3242 1498 cap.
3297 1429 3387 1495 54,
3419 1427 3627 1483 scribit
3666 1444 3684 1479 :

2101 1517 2346 1588 Ἀριστοι
2367 1517 2424 1570 δὲ
2444 1518 2609 1571 αὑτοῦ
2632 1519 2726 1572 καὶ
2751 1519 2928 1590 ἕτεροι
2947 1518 3104 1594 λόγοιν
3126 1518 3471 1589 πεποίηνται,
3504 1535 3688 1571 πνευ-

2101 1610 2337 1680 ματικῆς
2370 1611 2470 1664 οὐκ
2502 1611 2720 1680 ἄμοιροι
2753 1611 3007 1682 χάριτος·
3055 1607 3130 1666 ὧν
3162 1607 3315 1682 οἶμαι
3353 1611 3578 1664 πάντων
3608 1609 3688 1663 τὰ

2098 1700 2292 1770 πρῶτα
2331 1691 2588 1772 φέρεσθαι
2626 1701 2685 1754 ὃν
2731 1704 2868 1773 πρὸς
2895 1702 3163 1771 Ἕλληνας
3200 1703 3494 1773 ἐπιγράφει
3516 1741 3533 1767 ,
3579 1703 3684 1756 καὶ

2103 1791 2172 1843 τὰ
2207 1792 2344 1862 πρὸς
2383 1792 2662 1861 Εὑλόγιον.
2715 1793 3000 1862 Κεφαλαεα
3048 1794 3106 1846 δὲ
3159 1793 3480 1860 συντάττει,
3534 1792 3684 1847 ἄλλα

2101 1884 2201 1954 μὲν
2223 1886 2302 1948 εἰς
2323 1885 2522 1946 πλάτος
2546 1885 2865 1957 ἠπλωμένα,
2886 1886 3055 1941 πολλὰ
3074 1888 3130 1941 δὲ
3149 1884 3451 1955 συντεμὼν,
3475 1885 3684 1939 εὐσύν-

2097 1991 2261 2026 οπτον
2311 1969 2422 2028 οἷον
2473 1975 2568 2028 καὶ
2606 1977 2896 2048 πρόχειρον
2952 1979 3048 2031 τὸν
3099 1977 3471 2048 πνευματικὸν
3529 1993 3675 2046 καρ-

2099 2067 2200 2119 πὸν
2234 2107 2249 2130 ,
2309 2062 2420 2122 οἷόν
2471 2087 2525 2122 τι
2574 2070 2774 2141 νέκταρ
2816 2071 2850 2141 ἢ
2900 2069 3206 2140 ἀμϐροσίαν
3259 2069 3678 2143 προϐάλλεταιο

2099 2157 2253 2215 Alios
2296 2159 2420 2216 item
2458 2159 2622 2217 libros
2653 2161 2900 2232 optimos,
2944 2161 3109 2218 edidit
3150 2161 3448 2232 spiriwalis
3479 2161 3682 2232 gratia:

2102 2267 2208 2306 non
2257 2263 2512 2322 expertes.
2549 2252 2702 2308 Inter
2759 2271 2888 2324 quos
2939 2256 3140 2323 primas
3183 2270 3304 2309 eum
3347 2253 3486 2322 ferre
3519 2261 3679 2321 puto,

2101 2357 2254 2409 quem
2292 2341 2545 2397 adversus
2590 2344 2807 2415 gentiles
2846 2345 3098 2412 scripsit,
3148 2355 3195 2399 et
3231 2361 3445 2399 rursum
3474 2345 3565 2414 qui
3607 2343 3677 2396 ab

2101 2448 2161 2485 eo
2191 2433 2260 2486 ad
2290 2433 2577 2504 Eulogium
2617 2437 2895 2505 compositi
2939 2445 3079 2491 sunt.
3117 2435 3311 2503 Capita
3353 2445 3529 2489 autem
3563 2435 3681 2489 col-

2104 2525 2260 2596 legit,
2306 2528 2490 2599 aliqua
2534 2527 2743 2598 quidem
2796 2527 3004 2598 fusius,
3044 2527 3215 2581 multa
3253 2525 3682 2596 compendiosius

2107 2628 2342 2672 tractata
2375 2634 2394 2672 :
2429 2620 2484 2672 in
2529 2618 2717 2690 quibus
2771 2620 3106 2688 spiritualem
3157 2620 3389 2690 fructum
3413 2660 3428 2684 ,
3461 2618 3686 2689 perinde

2107 2720 2262 2779 atque
2314 2720 2516 2773 nectar,
2564 2720 2657 2764 aut
2687 2711 3009 2765 ambrosiam
3052 2713 3313 2781 aliquam,
3346 2713 3516 2766 oculis
3547 2709 3677 2764 sub-

2098 2804 2318 2873 jectum.
2358 2805 2435 2858 ita
2467 2812 2526 2857 ut
2555 2804 2716 2873 facile
2745 2805 2945 2874 percipi
2984 2806 3183 2875 possit,
3217 2806 3512 2874 proposuit.

2177 2895 2323 2951 Inter
2355 2895 2561 2966 scripta
2637 2898 2810 2952 nostri
2843 2895 2974 2961 Nili,
3021 2897 3244 2967 quidam
3286 2897 3416 2951 illud
3457 2911 3684 2966 quoque

2108 2989 2366 3044 videntur
2422 3003 2728 3048 recensere,
2763 2988 2908 3057 quod
2952 2988 3056 3044 sub
3085 2987 3318 3057 Epicteti
3369 2987 3678 3057 phil030phi

2110 3079 2332 3136 nomine
2358 3079 2556 3148 saepius
2587 3077 2794 3132 editum
2819 3085 2938 3142 est,
2986 3079 3526 3148 pmnominaturque
3565 3077 3680 3132 En-

2113 3171 2393 3234 chiridion,
2423 3179 2478 3222 et
2512 3185 2541 3222 a
2581 3168 2838 3239 plurimis
2889 3169 3229 3224 doctissimis
3271 3170 3428 3231 viris.
3475 3170 3685 3240 Angelo

2111 3263 2408 3321 Politiano.
2456 3258 2666 3314 Thoma
2717 3259 3049 3330 Nogiorgio,
3110 3260 3440 3331 Hieronymo
3482 3259 3681 3317 Wollio

2112 3355 2359 3412 eGraeco
2390 3355 2443 3407 in
2505 3350 2762 3407 Latinum
2815 3366 3139 3407 conversum
3196 3360 3250 3407 et
3305 3353 3506 3422 saepius
3552 3368 3678 3422 pro-

2115 3448 2442 3517 mulgatum,
2477 3455 2532 3500 et
2563 3444 2783 3498 tandem
2816 3458 2942 3498 cum
2985 3443 3187 3498 Cebetis
3219 3443 3447 3510 Tabula,
3481 3454 3532 3499 et
3559 3445 3680 3500 aliis

2115 3553 2224 3590 una
2250 3552 2370 3588 cum
2410 3534 2534 3588 Vita
2578 3533 2919 3605 Pythagorae,
2968 3535 3243 3588 sententiis
3280 3533 3348 3587 ad
3375 3534 3682 3604 intelligibi-

2119 3628 2191 3682 lia
2215 3627 2546 3692 ducentibus,
2581 3635 2632 3680 et
2663 3637 2820 3680 antro
2849 3625 3240 3696 Nympharum,
3265 3625 3403 3696 quod
3431 3627 3484 3678 in
3515 3625 3681 3696 Odys-

2117 3735 2208 3772 sea
2256 3717 2594 3784 describitur,
2642 3717 2859 3778 studio.
2909 3725 2964 3772 et
3027 3717 3308 3786 diligentia
3357 3717 3678 3784 clarissimi,

2119 3811 2592 3880 eruditissimique
2650 3809 2810 3865 Lucae
2852 3809 3159 3876 Holstenii,
3203 3809 3566 3880 Cantabrigia:
3597 3819 3678 3880 ty-

2119 3902 2207 3972 pis
2263 3900 2557 3955 academia:
2616 3900 2882 3969 impensis
2946 3897 3176 3953 Joannis
3241 3898 3496 3962 Morden.
3542 3915 3682 3954 anno

2122 3990 2282 4052 1655,
2324 3989 2462 4043 in-8.
2494 3988 2559 4042 Et
2585 3990 2712 4053 quia
2740 3987 2993 4041 Politiani
3033 3987 3270 4051 codices,
3309 3985 3512 4054 quibus
3543 3985 3676 4038 idem

2125 4082 2398 4150 interpres
2448 4097 2580 4134 usus
2630 4080 2840 4137 fuerat.
2892 4077 3215 4133 videbantur
3251 4093 3373 4132 esse
3411 4077 3678 4146 corrupti,

2127 4182 2187 4227 ut
2219 4189 2361 4228 vera:
2400 4171 2690 4226 sententia:
2737 4169 2826 4222 vir
2871 4169 3006 4223 alias
3069 4168 3122 4222 in
3175 4169 3438 4222 vertendo
3479 4167 3599 4220 felix
3631 4177 3682 4220 et

2127 4263 2509 4323 doctissimus,
2552 4259 2642 4311 vix
2697 4259 2949 4312 umbram
2997 4257 3070 4312 sit
3119 4266 3434 4318 assecutus,
3463 4273 3524 4311 ex
3556 4257 3680 4310 alte-

2127 4355 2244 4409 rius
2294 4351 2748 4421 interpretatione
2802 4363 2976 4418 pauca
3019 4349 3108 4402 illa
3143 4347 3397 4401 Politiani
3447 4348 3679 4416 suppleta

2130 4451 2258 4497 sunt
2297 4441 2528 4496 Genera:
2590 4439 2732 4510 apud
2792 4439 3038 4494 hteredes
3101 4437 3386 4492 Eustachii
3452 4436 3679 4506 Vignon,

2131 4533 2289 4594 1594.
2326 4532 2464 4586 ill-8.

2204 4625 2319 4678 Hoc
2387 4622 2758 4688 Encbiria‘ion,
2829 4621 3066 4692 demptis
3131 4631 3314 4676 tamen
3379 4619 3679 4681 nonnullis,

2133 4734 2254 4786 qua!
2307 4715 2678 4785 gentilismum
2737 4723 3028 4782 saperent,
3079 4713 3302 4766 deorum
3356 4728 3544 4781 nempe
3587 4727 3678 4766 no-

2136 4809 2410 4866 minibus.
2461 4807 2648 4869 Jovis,
2685 4805 2841 4870 Fati,
2877 4804 3166 4868 Fortuna},
3213 4815 3268 4860 et
3302 4805 3530 4857 aliorum
3571 4803 3679 4870 phi-

2135 4900 2487 4968 losophorum
2537 4897 2844 4967 gentilium,
2884 4902 3023 4956 etc.,
3075 4903 3128 4947 et
3176 4891 3459 4948 nmmnllis
3500 4891 3678 4943 innnu-

2138 4992 2268 5044 tatis
2327 4991 2392 5043 ad
2441 4988 2768 5044 sententiam
2820 4976 3215 5048 honestiorem,
3252 4994 3305 5037 at
3353 4984 3676 5052 probiorem,

2139 5091 2192 5133 et
2231 5081 2568 5132 Christianis
2608 5077 2878 5130 institutis
2929 5075 3430 5134 conuenientiorem
3482 5073 3674 5141 legitur.
3759 5069 3762 5072 ’

2140 5174 2241 5225 Sed
2275 5173 2318 5224 si
2351 5171 2549 5224 molem
2602 5169 2725 5222 libri
2777 5168 3029 5222 conferas
3078 5184 3198 5220 cum
3232 5166 3515 5229 alteratis,
3562 5179 3677 5232 pau~

2141 5266 2264 5316 cuia
2317 5263 2652 5323 indicantur,
2709 5259 2818 5312 imo
2862 5259 3103 5312 colorem
3160 5261 3324 5309 etiam
3369 5265 3422 5308 et
3463 5257 3674 5322 speciem

2144 5356 2428 5427 pristinam
2452 5394 2466 5413 .
2504 5369 2666 5423 quam
2707 5354 2817 5407 illis
2846 5353 2995 5406 dedit
3041 5353 3249 5420 primus
3276 5359 3521 5409 auctore,
3561 5346 3673 5398 reti—

2145 5455 2310 5509 nent,
2345 5455 2406 5499 ut
2440 5462 2549 5499 non
2585 5445 2731 5499 aliud
2767 5461 2889 5500 esse
2931 5445 3294 5499 cxistimetur.
3337 5438 3493 5506 Quod
3533 5454 3556 5490 a
3584 5435 3674 5499 Nili

2147 5538 2319 5594 nostri
2381 5537 2635 5606 genuinis
2710 5537 2910 5590 fetibus
2977 5535 3214 5587 alienum
3274 5543 3392 5597 est,
3471 5529 3676 5596 ideoque

2149 5631 2464 5688 ambiguum
2514 5629 2765 5684 habetur.
2821 5614 2890 5684 Ut
2941 5626 3209 5695 siquidem
3243 5637 3354 5678 rem
3405 5621 3591 5686 fatear,
3625 5618 3677 5674 in.
