3882 6036
124 425 449 491 i[mutilatis
478 445 653 499 neque
683 443 931 487 succum,
963 440 1137 492 neque
1161 422 1403 474 colorem
1439 415 1703 471 dictionis

128 527 388 588 Nilanze,
425 539 600 594 neque
648 523 887 592 Speciem
942 519 1243 571 intuemur.
1285 514 1348 565 Et
1390 510 1546 564 Nilus
1573 508 1707 561 alias

1347 308 1650 369 ΝΟΤΙΤῙΛ
1682 303 1761 363 ΙΝ

1893 297 2159 359 NlLUM.
3295 269 3362 335 54

1811 423 1986 470 nempe
2023 399 2275 458 Arianus.
2322 398 2426 455 Sed
2481 397 2672 451 mirum
2698 401 2753 445 ut
2782 392 2836 444 in
2864 385 3128 442 hodiernis
3157 382 3365 438 Disser—

1811 498 2098 552 tationibus
2139 512 2199 549 ea
2224 510 2324 546 non
2361 489 2712 559 reperiantur,
2753 498 2869 553 qua:
2894 480 2957 534 de
2990 479 3097 532 vita
3125 486 3174 530 et
3201 483 3366 528 morte

131 615 668 686 eloquentissimus,
717 620 770 665 et
817 609 1143 664 Christiana:
1182 603 1548 676 phi1050phias
1583 615 1708 671 pro-

135 724 270 764 mus
300 707 521 762 condus
547 746 562 770 ,
600 714 655 757 ut
684 719 750 758 ex
781 703 906 756 aliis
938 702 1053 755 suis
1098 699 1322 765 scriptis
1347 691 1710 760 deprehendi-

139 813 257 865 tur,
289 816 401 854 non
455 799 672 851 videtur
729 793 1038 848 verosimile
1067 807 1097 843 a
1144 790 1326 842 Stoica
1367 783 1711 855 philosophia

139 891 411 962 praesidia
444 890 566 944 vita:
592 886 920 940 Christiana:
957 883 1298 938 emendasse.
1344 880 1407 931 Et
1440 875 1715 944 quomodo

143 984 203 1038 id
264 979 844 1052 agere'sustinuisset
911 976 996 1027 vir
1055 973 1376 1026 Christiana:
1439 965 1717 1035 religionis

147 1073 438 1142 exemplar
499 1069 856 1140 ipsissimum.
917 1065 1113 1118 Annon
1186 1065 1240 1116 in
1301 1062 1481 1113 alieno
1547 1058 1718 1110 choro

150 1166 355 1237 pedem
409 1161 722 1233 posuisset,
783 1161 827 1213 si
862 1172 924 1211 ex
998 1155 1280 1224 gentilium
1338 1149 1611 1209 moribus,
1667 1155 1721 1201 et

155 1257 346 1310 Stoica
381 1253 729 1324 philosophia
761 1250 978 1303 Ascetis
1025 1247 1243 1299 modum
1280 1247 1556 1313 imponere
1587 1255 1721 1295 con-

157 1346 477 1404 stituisset?
517 1344 582 1396 Et
623 1343 895 1410 quomodo
929 1339 1022 1407 qui
1079 1339 1131 1390 in
1189 1338 1292 1390 hoc
1340 1343 1575 1388 tractatu
1628 1346 1724 1385 uo-

160 1437 317 1491 mina
357 1436 708 1502 antiquorum
772 1428 1219 1499 philOSOphorum
1277 1426 1350 1478 ita
1401 1429 1725 1493 aspernatus

161 1537 289 1594 est,
340 1537 505 1597 atque
554 1523 872 1587 abhorruit,
924 1531 985 1574 ut
1036 1535 1098 1574 ea
1144 1520 1269 1572 data
1307 1532 1471 1585 opera
1516 1531 1578 1568 ex
1624 1515 1728 1566 hoc

165 1629 413 1676 tractatu
460 1617 756 1682 deleverit,
811 1615 879 1668 ab
943 1614 1135 1668 iisdem
1189 1621 1452 1680 praecepta
1514 1605 1726 1658 vivendi

164 1713 428 1768 omnibus
457 1711 680 1764 virtutis
712 1707 952 1760 numeris
983 1703 1421 1761 absolutissima,
1454 1708 1507 1753 et
1533 1698 1730 1767 quibus

168 1802 314 1856 nihil
366 1809 612 1871 poterat,
663 1798 746 1852 vel
782 1797 906 1849 addi
935 1835 949 1858 ,
985 1795 1068 1848 vel
1100 1793 1264 1854 demi,
1296 1791 1542 1860 petiisset
1568 1788 1590 1839 ?
1621 1787 1732 1839 An-

167 1909 280 1950 non
336 1895 388 1947 id
447 1894 634 1946 l'uisset
671 1891 966 1954 callidum,
1021 1899 1074 1942 et
1116 1884 1373 1954 frigidum
1427 1897 1493 1934 ex
1544 1877 1733 1932 eodem

169 2000 268 2039 ore
289 1984 516 2038 eﬂlare?
545 1981 663 2035 Vidi
698 1981 815 2050 ipse
843 1976 1274 2044 manuscriptum
1308 1970 1551 2025 Codicem
1587 1965 1739 2021 Grae-

171 2091 334 2140 cum,
367 2075 630 2143 illumque
679 2069 1111 2125 vetustissimum
1175 2063 1276 2117 Nili
1323 2063 1527 2130 scripta
1575 2072 1737 2126 opera

172 2167 556 2222 continentem
589 2184 601 2218 :
640 2164 692 2216 in
723 2178 788 2217 eo
839 2160 1042 2230 singuli
1091 2164 1360 2211 tractatus
1386 2192 1400 2215 ,
1443 2153 1606 2206 etiam
1638 2149 1743 2202 mi-

176 2257 679 2314 nutioresinlix'um
733 2253 933 2306 habent
988 2264 1184 2303 nomen
1234 2245 1376 2309 Nili,
1425 2244 1528 2295 alia
1578 2241 1740 2293 etiam

175 2349 316 2405 etin
353 2349 462 2401 line
515 2345 904 2416 postpositum.
957 2341 1014 2395 In
1052 2337 1378 2395 Enchiridio,
1428 2333 1572 2405 quod
1604 2333 1746 2385 inter

99 2491 103 2495 .
179 2439 310 2492 illos
344 2437 646 2512 legebatur,
699 2447 874 2502 neque
927 2432 980 2484 in
1015 2429 1215 2492 fronte,
1269 2441 1443 2496 neque
1495 2427 1547 2477 in
1597 2423 1748 2476 calce

180 2545 252 2584 eo
278 2530 502 2582 nomine
533 2526 918 2596 obsignatum,
956 2520 1335 2574 tantummodo
1379 2517 1510 2570 illud
1550 2514 1751 2568 refere-

183 2621 318 2686 bat,
361 2619 687 2690 Ἐπικτήτου
727 2607 1096 2684 Ἐγχειρίδιον,
1136 2611 1356 2680 Epicteti
1385 2606 1748 2661 Euchiridion.

184 2711 308 2766 Non
339 2726 461 2765 esse
501 2709 608 2764 Nili
657 2709 950 2767 videlicet,
1006 2706 1099 2760 sed
1149 2703 1411 2772 Epicteti,
1441 2716 1471 2753 a
1505 2714 1754 2769 quocun-

188 2820 302 2876 que
361 2808 435 2860 sit
473 2804 746 2857 vitiatum.
806 2796 958 2851 Adde
1009 2795 1118 2849 bis.
1160 2793 1234 2846 Ita
1271 2795 1375 2846 hoc
1409 2788 1756 2845 Enchiridion

193 2898 444 2969 Epicteti,
482 2911 608 2951 cum
645 2885 731 2958 eo,
782 2891 927 2961 quod
984 2887 1132 2942 Nilo'
1159 2885 1345 2940 nescio
1390 2899 1497 2953 qua
1547 2881 1758 2934 ratione

195 2989 577 3061 adjudicatur,
624 2985 872 3040 eamdem
919 2981 1094 3035 labem
1130 2992 1352 3048 passum
1401 2975 1594 3028 fuisse.
1625 2972 1756 3027 Cum

196 3083 268 3136 de
299 3083 393 3135 illo
439 3061 906 3134 non'inconsulto
961 3081 1222 3127 statutum
1291 3068 1609 3135 dictumque
1657 3065 1762 3125 sit,

94 3185 108 3195 ’
200 3172 437 3242 Epicteti
472 3187 578 3226 non
632 3185 773 3224 esse.
823 3167 953 3221 Mihi
1009 3166 1079 3220 sit
1137 3177 1247 3232 pra:
1291 3161 1549 3214 omnibus
1602 3161 1765 3210 unius

203 3264 476 3333 Simplicii
541 3262 862 3321 auctoritas,
919 3259 1013 3327 qui
1062 3253 1390 3308 Praefatione
1440 3251 1494 3304 in
1557 3251 1764 3304 dictum

205 3355 552 3410 Enchiridion
592 3355 673 3407 sic
739 3352 931 3407 scribit
964 3368 978 3404 :
1016 3349 1248 3400 Arianus
1289 3346 1448 3398 vitam
1491 3353 1540 3396 et
1571 3342 1768 3395 obitum

208 3449 439 3518 Epicteti
475 3447 694 3513 prolixis
733 3445 896 3498 verbis
935 3451 1010 3495 est
1055 3448 1372 3508 persecutus.
1411 3433 1555 3488 Unde
1583 3449 1774 3500 cogno-

209 3543 286 3596 sci
315 3551 516 3610 potest,
549 3541 636 3608 qui
667 3539 742 3590 vir
785 3536 875 3589 ille
908 3534 1086 3602 fuerit.
1124 3529 1272 3584 Idem
1303 3529 1536 3580 Arianus
1561 3537 1610 3578 et
1639 3525 1773 3576 hunc

209 3634 479 3696 libellum,
509 3629 645 3701 quod
705 3627 1045 3682 Enchiridion
1090 3622 1414 3680 inscribitur,
1452 3619 1774 3687 composuit:

211 3725 400 3780 deinde
456 3723 611 3776 lectis
661 3736 724 3774 ea:
779 3717 1001 3786 Epicteti
1049 3715 1373 3768 sermonibus
1435 3709 1779 3780 philosophia:

215 3815 348 3870 locis
392 3814 618 3866 maxime
659 3809 1001 3871 necessariis,
1057 3816 1104 3859 ct
1142 3807 1344 3858 animos
1375 3821 1405 3855 a
1433 3801 1780 3871 permanenti-

217 3905 346 3968 bus,
382 3912 438 3956 ut
482 3904 587 3970 ipse
631 3910 856 3954 testatur
893 3901 948 3952 in
989 3898 1210 3966 epistola
1258 3895 1326 3948 ad
1378 3891 1779 3962 Masgalenum,

217 3997 307 4050 cui
363 4010 492 4062 opus
545 3995 716 4063 ipsum
756 3992 1014 4044 dedicarit
1055 3999 1111 4042 ut
1161 3988 1483 4040 amicissimo
1535 4001 1668 4045 suo,
1735 3992 1782 4034 et

219 4085 452 4139 maximo
510 4085 678 4150 aperis
735 4081 1071 4135 admiratori.
1139 4078 1269 4141 Qum
1325 4076 1486 4144 ferme
1530 4073 1707 4128 eadem
1737 4081 1786 4124 et

221 4175 407 4230 iisdem
442 4172 710 4227 uocabulis
748 4173 975 4240 sparsim
1023 4171 1076 4222 in
1105 4167 1299 4220 Ariani
1335 4165 1546 4232 scriptis
1569 4164 1632 4215 de
1666 4162 1790 4224 Epi-

222 4260 828 4318 ctetiexercitationibus
859 4259 1227 4312 inveniuntur:
1256 4254 1390 4324 Περὶ
1423 4253 1519 4322 μὲν
1547 4252 1640 4303 τοῦ
1674 4251 1789 4320 βίου

221 4353 320 4410 τοῦ
361 4355 689 4423 Ἐπικτήτου
723 4353 818 4406 καὶ
851 4353 950 4420 τῆς
983 4347 1146 4402 αὑτοῦ
1202 4347 1457 4415 τελευτῆς
1510 4342 1792 4414 Ἀρριανὸς

226 4449 486 4521 ἔγραψεν,
510 4451 536 4501 ὁ
561 4447 658 4510 τὰς
701 4445 1024 4514 Ἐπικτήτου
1048 4438 1328 4510 διατριϐὰς
1354 4440 1410 4490 ἐν
1449 4436 1791 4504 πολυστίχοις

228 4542 627 4610 συνταξάμενος
648 4537 890 4607 βιϐλίοις.
911 4535 1018 4587 Καὶ
1047 4532 1139 4586 ἀπ’
1170 4531 1377 4583 ἐκείνου
1411 4528 1600 4598 μαθεῖν
1625 4526 1791 4591 ἐστιν,

229 4635 409 4695 ὁποῖος
434 4632 625 4698 γέγονε
653 4629 742 4681 τὸν
774 4628 885 4698 βίον
918 4628 945 4678 ὁ
979 4626 1138 4694 ἁνήρ.
1187 4622 1260 4673 Τὸ
1292 4621 1347 4673 δὲ
1399 4620 1598 4690 βιϐλίον
1639 4618 1797 4671 τοῦτο

228 4725 293 4778 τὸ
349 4721 698 4786 Ἐπικτήτου
741 4716 1118 4786 Ἐγχειρίδιον
1165 4713 1659 4782 ἐπιγεγραμμένον,
1704 4711 1804 4762 καὶ

231 4815 394 4869 τοῦτο
432 4813 594 4875 αὐτὸς
622 4810 904 4874 συνέταξεν
930 4811 957 4862 ὁ
998 4805 1298 4878 Ἀρριανὸς.
1338 4806 1381 4857 Τ
1386 4805 1419 4857 ὰ
1443 4801 1798 4873 καιριώτατα,

234 4908 332 4961 καὶ
383 4903 783 4972 ἀναγκαιότατα
831 4905 887 4953 ἐν
919 4898 1224 4969 φιλοσοφίᾳ,
1259 4897 1354 4948 καὶ
1395 4891 1803 4962 κινητικώτατα

233 4997 346 5051 τῶν
383 4995 570 5065 ψυχῶν
589 4991 972 5061 ἐπιλεξάμενος
1008 4991 1072 5042 ὲκ
1104 4987 1211 5040 τῶν
1264 4985 1582 5052 Ἐπικτήτου
1606 4984 1803 5049 λόγων,

236 5091 316 5155 ὡς
347 5089 509 5151 αὐτὸς
535 5090 592 5140 ὲν
621 5088 687 5155 τῇ
715 5084 851 5155 πρὸς
885 5079 1243 5149 Μασγαληνδν
1274 5075 1530 5146 ἐπιστολῇ
1569 5074 1806 5144 ἔγραψεν

238 5184 272 5237 ὁ
317 5180 619 5253 Ἀρριανὸς,
655 5172 699 5246 ᾧ
740 5177 799 5230 es
851 5176 1186 5245 σύγγραμμα
1239 5167 1693 5240 προσεφώνησεν,
1732 5166 1808 5228 ὼς

243 5275 422 5345 ἑαυτῷ
456 5273 556 5344 μὲν
587 5269 846 5340 φιλτάτῳ,
882 5266 1114 5336 μάλιστα
1146 5262 1202 5315 δὲ
1245 5262 1336 5314 τὸν
1370 5260 1691 5328 Ἐπίκτητον
1722 5275 1809 5310 τε·

246 5367 551 5438 θαυμακότι
574 5382 586 5397 ο
626 5363 695 5417 τὰ
733 5361 789 5414 δὲ
820 5359 960 5414 αὐτὰ
999 5355 1186 5426 σχεδὸν
1224 5354 1314 5408 καὶ
1358 5355 1446 5405 ἐπ’
1484 5351 1662 5405 αὐτῶν
1703 5351 1811 5404 τῶν

246 5459 529 5530 ὀνομάτων
577 5454 851 5525 σποράδην
908 5452 966 5503 ὲν
1017 5451 1129 5510 τοῖς
1174 5443 1457 5516 Ἀρριανοῦ
1516 5444 1645 5512 περὶ
1705 5443 1814 5497 τῶν

248 5550 577 5620 Ἐπικτήτου
608 5543 896 5615 διατριϐῶν
937 5543 995 5594 ὲν
1038 5541 1147 5600 τοῖς
1175 5536 1534 5607 γραφομένοις
1565 5533 1814 5604 εὑρίσκε-

251 5660 365 5697 ται.
406 5643 548 5694 Hinc
571 5636 872 5694 Salmasius
898 5631 1054 5686 Notis
1087 5630 1141 5682 in
1178 5625 1518 5694 Simplicium
1559 5623 1765 5692 colligit
1799 5642 1812 5676 :

247 5734 401 5806 Ergo
425 5731 578 5802 hujus
603 5726 900 5786 Enchiridii
929 5732 1131 5788 auctor,
1160 5719 1248 5791 qui
1273 5727 1322 5776 et
1345 5716 1814 5787 Dissertationum,

1810 589 2035 655 Epicteti
2087 585 2350 640 memoria:
2395 579 2676 635 mandasse
2718 575 2977 628 Arianum
3009 559 3110 622 hic
3153 564 3369 634 Simpli-

1795 684 1923 736 cius
1947 690 2188 734 testatur.
2211 676 2300 731 Ita
2323 673 2490 728 multa
2506 672 2666 727 etiam
2690 683 2752 722 ex
2783 661 3088 719 Enchiridio
3115 676 3144 712 a
3169 655 3370 711 Stobteo

1813 775 1993 837 citari,
2022 788 2138 841 qua:
2165 779 2257 823 aut
2280 765 2557 821 omninoin
2581 763 2677 815 hoc
2700 756 2934 813 mannuli
2965 770 3067 806 non
3094 749 3372 807 habentur,

1817 875 1907 918 aut
1939 864 2093 918 aliter
2119 862 2314 928 scripta
2352 858 2624 910 habentur.
2659 853 2723 906 Et
2758 848 2944 903 Daniel
2976 843 3232 898 Heinsius
3256 854 3382 893 con-

1819 955 1950 1009 cinit
1977 953 2206 1023 epistola
2232 951 2298 1004 ad
2322 948 2664 1002 Theodorum
2683 936 3184 996 Gresnvinckelium
3212 948 3224 984 :
3248 928 3381 982 Cum

1819 1047 2015 1116 ingenti
2057 1024 2339 1110 voluptate,
2393 1039 2594 1108 pariter
2641 1046 2688 1089 et
2720 1049 2848 1086 cura
2883 1029 2984 1099 legi
3036 1025 3326 1094 Epictetum
3365 1035 3382 1071 :

1823 1111 2162 1191 Enchiridion
2195 1135 2247 1187 in
2284 1133 2494 1201 primis,
2521 1126 2656 1199 quod
2693 1126 2755 1179 ab
2791 1123 2986 1175 Ariano
3036 1133 3100 1172 ea:
3155 1111 3386 1170 oraculis

1821 1230 1984 1283 divini
2011 1228 2109 1281 viri
2153 1227 2524 1280 concinnatum
2574 1220 2655 1272 hic
2693 1231 2826 1270 nunc
2851 1214 3028 1266 habes.
3058 1209 3123 1261 Et
3143 1219 3390 1274 comper-

1823 1322 1962 1374 tiora
1993 1319 2059 1373 de
2082 1317 2309 1386 Epicteti
2335 1311 2640 1368 Enchiridio
2668 1301 3128 1378 quzerintusHloc
3155 1299 3294 1353 idem
3325 1295 3392 1350 de

1825 1412 2022 1467 Nilano
2055 1408 2440 1464 altirmandum
2470 1420 2576 1460 non
2601 1411 2705 1458 est.
2735 1398 3032 1454 Considera
3063 1408 3175 1448 rem
3218 1397 3395 1443 atten-

1831 1507 1937 1560 tius
1961 1523 1973 1557 :
1999 1511 2113 1556 tum
2148 1501 2377 1560 ,demum
2415 1495 2683 1566 judicium
2731 1491 2830 1555 da;
2865 1487 2932 1540 ad
2969 1487 3084 1538 haec
3129 1489 3324 1541 testes,
3345 1476 3394 1530 si

1803 1605 2001 1666 ,potes.
2046 1592 2149 1646 Sed
2178 1592 2317 1644 inter
2334 1589 2456 1656 ejus
2490 1587 2689 1654 scripta
2722 1583 2899 1634 locum
2927 1577 3108 1630 habet.
3130 1573 3198 1626 At
3238 1569 3401 1638 cujus

1832 1700 2027 1740 nomen
2050 1681 2320 1752 praeferat,
2353 1678 2576 1733 edicito.
2603 1676 2683 1726 An
2714 1671 2802 1725 hic
2834 1669 3048 1722 libellus
3077 1670 3288 1717 tantum
3311 1674 3402 1714 ex-

1835 1786 2027 1830 traneo
2057 1773 2267 1826 auctori
2301 1767 2617 1838 suppositus
2643 1759 3032 1834 supposititius
3067 1755 3248 1810 fuerit.

1903 1864 2040 1920 lllud
2072 1878 2290 1934 quoque
2320 1853 2868 1914 animadvertendum
2905 1858 3010 1912 est,
3041 1848 3218 1902 Nilum
3255 1844 3403 1896 hunc

1837 1967 2089 2014 nostrum
2133 1956 2386 2008 Ascetam
2440 1966 2470 2004 a
2521 1947 2801 2018 plerisque
2852 1941 3125 2010 martyris,
3176 1936 3244 1989 ab
3282 1932 3406 1986 aliis

1837 2047 2063 2116 episcopi
2096 2043 2256 2098 titulo
2284 2037 2563 2108 insigniri.
2600 2033 2765 2087 Notat
2791 2029 3052 2083 Nicolaus
3073 2024 3360 2079 Classerus
3390 2036 3402 2071 :

1844 2139 1911 2193 Et
1935 2139 1982 2192 si
2013 2140 2075 2190 de
2105 2135 2220 2188 Nili
2242 2128 2504 2199 martyrio
2535 2143 2636 2179 non
2670 2129 2899 2183 constat,
2930 2134 2993 2172 ex
3030 2115 3208 2169 cadent
3237 2122 3410 2165 tamen

1845 2238 2081 2294 auctore,
2110 2236 2164 2279 ut
2196 2224 2356 2278 etiam
2387 2235 2450 2274 ea:
2477 2215 2730 2272 Osiandri
2760 2209 3051 2265 Annalibus
3076 2203 3412 2272 ntanifestum

1845 2329 1944 2385 est,
1978 2292 2131 2371 illum
2157 2330 2272 2367 cum
2308 2311 2436 2380 ﬁliis
2467 2308 2606 2378 (lege
2639 2318 2761 2356 eum
2796 2298 2928 2365 lilio)
2961 2313 2990 2348 a
3033 2292 3272 2347 barbaris
3301 2303 3415 2356 per-

1848 2422 2060 2480 pessum
2096 2420 2227 2458 esse.
2264 2400 2412 2454 Inter
2449 2404 2709 2464 martyres
2746 2393 2908 2462 igitur
2945 2387 3038 2439 hoc
3070 2383 3276 2454 nomine
3305 2378 3417 2447 for-

1852 2471 2018 2555 lassis
2065 2497 2311 2566 refertur.
2355 2490 2510 2546 Circa
2549 2500 2742 2540 annuat
2790 2479 2989 2537 Christi
3031 2477 3134 2531 509
3174 2471 3418 2541 ﬂoruisse

1851 2591 2210 2646 existimatur.
2264 2579 2763 2649 Interpretationem
2802 2588 2921 2626 vero
2958 2568 3204 2622 Latinam
3249 2560 3420 2630 adjeci

1855 2684 1990 2736 hanc
2025 2679 2459 2750 qualemcunque,
2505 2680 2562 2724 ut
2618 2682 2735 2720 eam
2779 2679 2895 2717 cum
2934 2660 3031 2714 illa
3075 2654 3332 2715 Neandri,
3373 2651 3426 2704 si

1858 2775 1990 2846 forte
2014 2773 2068 2825 in
2098 2768 2338 2823 manibus
2366 2763 2602 2833 conferre
2639 2760 2812 2824 liceat,
2840 2771 2939 2825 quo
2969 2753 3242 2818 utriusque
3262 2744 3427 2799 colla-

1861 2874 2000 2925 tione
2027 2871 2140 2937 plus
2188 2865 2402 2920 luminis
2441 2859 2678 2914 accedat.
2721 2853 3032 2908 Indecurias
3077 2860 3276 2917 quoque
3304 2855 3431 2910 pue-

1860 2967 2036 3020 riliter
2078 2960 2357 3014 distinctas
2401 2953 2614 3007 habebis
2658 2945 2968 3005 sententias,
3001 2956 3118 2995 eum
3156 2937 3212 2990 in
3239 2935 3420 2996 ﬁnem,

1863 3072 1922 3116 ut
1951 3060 2118 3116 versio
2150 3055 2346 3110 Latina
2378 3051 2560 3105 erco
2593 3044 2758 3100 textui
2791 3037 3080 3111 postposita
3109 3028 3447 3087 commodius.

1865 3151 2198 3221 respondeat.
2239 3147 2306 3200 Et
2336 3144 2498 3214 plane
2527 3140 2593 3194 de
2626 3133 2910 3204 martyrio,
2957 3130 3081 3182 licet
3118 3138 3282 3194 opere
3314 3121 3433 3188 ipso

1869 3208 2191 3313 martyrium
2225 3208 2615 3294 non—subierit,
2643 3241 2818 3294 neque
2842 3236 2938 3293 pro
2960 3233 3065 3273 una
3107 3216 3208 3269 [ide
3231 3208 3437 3265 Christi

1871 3335 2194 3401 sanguinem
2225 3326 2497 3388 eliuderit,
2534 3334 2711 3390 neque
2741 3319 2909 3369 vitam
2940 3306 3286 3381 exposuerit;
3315 3315 3438 3356 cer-

1875 3399 2003 3479 tum
2027 3432 2112 3478 est
2154 3429 2359 3480 tamen,
2399 3421 2454 3468 et-
2487 3427 2551 3466 ex
2588 3409 2708 3478 ejus
2737 3403 2961 3472 scripto
2997 3399 3132 3453 satis
3165 3400 3436 3463 apertum,

1876 3531 1999 3572 eum
2043 3513 2093 3567 id
2143 3507 2341 3580 agendi
2391 3517 2607 3572 semper
2644 3494 3077 3566 cupidissimum
3126 3487 3315 3540 fuisse.
3369 3480 3443 3532 De

1877 3571 2206 3680 episcopatu
2250 3603 2366 3672 ipse
2399 3571 2874 3655 existimo,illum
2927 3591 3048 3652 post
3095 3589 3177 3632 tot
3219 3571 3444 3630 calami-

1879 3710 2044 3763 tates,
2089 3695 2387 3751 nonnullos
2438 3689 2728 3758 episcopos
2769 3677 3116 3734 considerata
3156 3668 3297 3723 tanti
3343 3663 3445 3719 viri

1882 3797 2083 3847 virtute
2111 3798 2166 3844 et
2197 3783 2447 3840 doctrina
2475 3754 2673 3834 saltem
2722 3774 2776 3825 in
2821 3767 3036 3839 .lEgypti
3079 3760 3346 3833 partibus,
3392 3754 3446 3806 in

1884 3884 2089 3955 quibus
2139 3877 2402 3935 similium
2449 3870 2732 3925 hominum
2780 3873 2994 3916 summa
3043 3852 3271 3925 penuria
3311 3857 3446 3904 erat.

1885 3944 2119 4032 consilio
2168 3971 2310 4023 inter
2360 3980 2420 4019 se
2466 3963 2605 4014 inito
2654 3959 2708 4010 in
2756 3962 2957 4007 tantam
3007 3946 3347 4015 dignitatem.
3397 3944 3457 3990 et

1889 4066 2105 4127 merito,
2137 4061 2421 4114 extulisse.
2453 4053 2560 4106 Sed
2583 4053 2698 4103 haec
2722 4060 2870 4100 mera
2901 4037 3148 4108 suspicio
3169 4045 3273 4087 est.
3299 4029 3448 4083 Esto.

1889 4159 2052 4212 Certe
2092 4119 2152 4207 id
2189 4149 2375 4219 negari
2406 4160 2511 4199 non
2565 4147 2764 4210 potest,
2809 4131 3028 4200 aliquod
3066 4134 3272 4181 certum
3306 4119 3454 4173 indi-

1892 4251 2038 4304 cium
2081 4242 2344 4298 habuisse
2378 4252 2495 4298 eos,
2537 4232 2632 4302 qui
2676 4227 2834 4299 primi
2871 4231 3022 4277 tanto
3054 4221 3172 4273 viro
3210 4211 3455 4285 episcopi

1894 4342 2116 4400 titulum
2151 4335 2545 4390 attribuerunt.
2573 4325 2690 4379 Non
2722 4317 3008 4377 dissimilis
3035 4319 3186 4368 esset
3215 4305 3459 4376 suspicio

1895 4397 1960 4489 te
1984 4427 2268 4486 Theodulo
2296 4424 2448 4477 illius
2479 4418 2612 4478 lilio,
2640 4413 2732 4483 qui
2768 4410 2932 4464 nullis
2967 4403 3139 4462 sacris
3173 4397 3462 4455 ordinibus

1897 4532 2022 4580 ante
2076 4517 2447 4590 captivitatem
2507 4507 2840 4572 conspicuus
2889 4507 3042 4559 erat,
3107 4493 3153 4546 si
3211 4501 3468 4543 vocarent

1897 4618 2050 4672 illum
2087 4577 2406 4667 diaconum,
2431 4612 2485 4657 et
2519 4609 2697 4652 tamen
2727 4595 2816 4648 ille
2842 4590 2911 4644 de
2941 4604 3001 4642 se
3045 4583 3198 4644 dicit,
3245 4581 3311 4632 ab
3347 4577 3468 4646 epi-

1900 4723 2066 4776 scopo
2087 4709 2335 4758 coactum
2355 4693 2591 4751 similem
2610 4687 2860 4740 ordinem
2891 4675 3196 4734 obtinuisse
3225 4691 3236 4724 :
3267 4679 3321 4723 et
3341 4682 3470 4720 vere
3502 4681 3510 4690 ν

1903 4759 2185 4870 ρτοῖιιοιιιε
2221 4798 2350 4845 est:
2403 4785 2493 4846 Ὠς
2533 4781 2590 4834 δὲ
2619 4779 2686 4831 ἂν
2722 4775 2795 4845 μὴ
2843 4771 2988 4836 δόξαι
3023 4767 3142 4838 βίαν
3175 4759 3473 4860 προσάγειν

1905 4849 2130 4958 ἱπονοίᾳ
2173 4884 2274 4952 τῆς
2325 4877 2466 4946 ὑπὲρ
2525 4870 2619 4925 τοῦ
2679 4865 2870 4926 παιδὸς
2926 4857 3215 4929 δεδομένης
3267 4849 3470 4920 τιμῆς,

1911 4980 2043 5051 μηδὲ
2066 4969 2520 5037 δεσποτικώτερον
2538 4960 2784 5016 ἀπαιτεῖν
2801 4955 2900 5024 τὴν
2919 4946 3265 5021 παραμονὴν,
3293 4941 3470 5012 πρὰτ-
3521 4981 3524 4986 .

1911 5031 2006 5051 την
2030 5031 2035 5032 κ
2432 5031 2443 5037 -

1907 5087 2018 5124 τειν
2053 5065 2317 5134 ἐπέτρεπε
2341 5059 2450 5110 πᾶν
2480 5055 2542 5107 τὸ
2562 5041 2933 5105 δοκοῦν“κατὰ
2960 5039 3206 5110 γνώμην,
3238 5035 3296 5087 ἓν
3314 5031 3478 5084 τοῦτο

1915 5122 2071 5230 μονον
2099 5122 2438 5228 τυραννήσας
2456 5145 2625 5217 ἡμᾶς,
2655 5142 2715 5193 τὸ
2746 5139 2835 5191 τὸν
2871 5133 3035 5202 ζυγὸν
3096 5122 3476 5230 ἐπιθεῖναιοτὸν

1915 5214 2184 5322 ἱερατικὸν
2222 5245 2294 5316 μὴ
2323 5214 2689 5311 βουλομένοις.
2735 5229 2924 5298 Ἡμεῖς
2956 5223 3054 5294 μὲν
3082 5221 3199 5322 γὰρ
3224 5214 3479 5322 τὸοβάιρος

1911 5309 2090 5419 λογιζό
2099 5309 2246 5416 μενοι
2372 5327 2732 5399 λειτουργίας,
2760 5319 3111 5419 ἀσχάλλοντας
3127 5309 3443 5419 cauponae?
3453 5345 3466 5365 ,

1915 5394 2400 5499 εἴχομεν
2449 5394 2678 5491 πρὸς-τὺ
2711 5408 2956 5465 ὲπιτεθὲν
3007 5404 3170 5473 ἄχθος
3229 5394 3469 5455 ἀνεκτῶς

2088 5486 2424 5595 ημᾶςῗὸικαλ.
2451 5486 2601 5584 μδλις
2641 5509 2751 5568 τοῖς
2785 5500 2958 5570 ἁγίοις
2983 5493 3233 5567 ἁρμόζει,
3253 5491 3376 5593 ὅσον
3405 5486 3486 5545 είς

1919 5578 2192 5679 ξτζίζτεὲὲις
2215 5578 2389 5679 λογον.
2405 5578 2692 5662 Κᾶκείνοις
2720 5596 2825 5665 γὰρ
2849 5593 3021 5661 ἐφάνη
3045 5587 3204 5679 βαρὺ,
3230 5578 3488 5679 κΔομιώμορ

1923 5715 2159 5784 λόγησαν
2190 5702 2528 5772 καλούμενοι,
2559 5688 2906 5763 ὑπερϐαίνειν
2942 5681 3134 5740 αὐτοὺς
3159 5677 3218 5728 τὸ
3251 5671 3514 5740 ιίιξίωμα,⁵
