3882 6036
501 295 570 358 55
1679 298 1988 360 ΝΟΤΙΤΙΑ
2022 296 2045 354 Ι

2148 296 2209 355 s.
2253 296 2517 358 NILUM.
3485 374 3487 376 η
3651 294 3735 359 56

496 415 590 469 καὶ
611 415 729 485 Θεῷ
754 414 1036 485 ἀντέλεγον
1066 420 1158 472 ἐπὶ
1186 421 1320 475 πολὺ
1361 422 1786 493 προϐαλλόμενοι
1813 419 1874 474 τὸ
1925 418 2056 473 ἀνά-

496 507 627 571 ξιον,
645 508 738 562 καὶ
750 509 1086 581 παρῃτοῦντο
1107 511 1206 581 τὴν
1229 514 1558 584 χειροτονίαν
1577 514 2052 585 προφασιζόμενοι,

495 601 590 654 καὶ
616 601 675 654 τὸ
698 601 860 654 πλέον
885 601 994 655 τῶν
1023 601 1120 656 νῦν
1148 604 1401 659 ἁπάντων
1421 605 1570 668 ὄντες
1593 605 1885 676 ἐπιτήδειοι
1919 604 2057 676 πρὸς

492 691 555 744 τὸ
583 690 764 762 ἔργον,
795 691 889 745 καὶ
916 691 975 750 ἐξ
1010 693 1295 764 ἀσκήσεως
1346 695 1456 748 τῶν
1501 695 1682 751 καλῶν
1737 699 2055 768 παρρησίαν

492 784 636 852 ἔχειν
655 787 710 835 ἐν
730 787 792 854 τῇ
822 785 1041 855 λατρεία
1069 786 1206 855 npb;
1236 786 1326 840 τὸν
1354 789 1630 860 Δεσπότην
1663 791 1865 860 μᾶλλον
1887 792 2051 848 δυνά-

495 894 662 947 μενοι.
707 878 942 941 Ἐκεῖνος
960 879 1015 932 δὲ
1045 880 1274 949 πρέπειν
1319 881 1470 950 ἔλεγε
1519 886 1631 947 τοῖς
1669 886 1849 949 πόνοις
1869 886 1931 940 τὸ
1959 889 2055 956 γέ-

493 985 613 1033 ρας,
648 967 741 1020 καὶ
789 968 901 1030 τοῖς
933 969 1198 1039 καμάτοις
1251 972 1342 1024 τοῦ
1390 973 1617 1041 ἀγῶνος,
1651 975 1728 1039 ὡς
1778 978 2048 1048 ἐνόμιζεν,

489 1054 661 1115 ἐδίδου
698 1062 884 1130 μισθὸν
926 1063 987 1116 τὸ
1029 1063 1263 1132 ἀξίωμα.
1303 1064 1382 1119 Ex
1421 1069 1678 1124 versione
1725 1068 1870 1126 Petri
1917 1073 2054 1130 Pos-

489 1155 594 1208 sini
633 1174 642 1206 :
683 1153 830 1206 Idem
863 1165 1055 1218 tamen,
1090 1165 1148 1208 ut
1179 1157 1314 1211 nolle
1343 1173 1435 1214 nos
1461 1161 1610 1225 vidit,
1637 1163 1849 1217 modum
1875 1169 2054 1234 posuit

490 1250 653 1318 ofﬁcio
676 1266 694 1313 ;
717 1264 778 1302 ne
809 1249 1079 1301 recordari
1099 1251 1256 1317 pretii
1291 1251 1596 1307 redimendo
1617 1270 1778 1322 puero
1809 1259 2048 1327 impensi,

486 1352 536 1397 et
563 1341 716 1396 herili
739 1343 863 1410 jure
893 1351 1141 1411 tanquam
1172 1347 1485 1416 mancipium
1514 1350 1738 1405 retinere
1759 1353 1886 1406 velle
1908 1355 2052 1413 vide-

486 1446 650 1490 retur.
699 1435 779 1488 Ea
819 1439 994 1505 gratia
1035 1437 1258 1491 arbitrio
1313 1449 1510 1502 nostro,
1556 1451 1734 1496 utrum
1780 1445 2046 1511 vellemus,

483 1529 742 1597 permisit,
761 1547 923 1582 unum
948 1528 1044 1583 hoc
1074 1541 1274 1584 tantum
1307 1534 1472 1586 amice
1497 1550 1829 1600 perseverans
1853 1537 2048 1593 blanda

487 1623 764 1692 tyrannide
807 1625 1053 1684 obtinuit.
1089 1634 1148 1678 ut
1192 1626 1339 1680 nobis
1385 1627 1751 1683 recusantibus
1798 1632 2046 1686 sacerdo-

485 1718 612 1770 talis
655 1717 808 1786 officii
831 1717 1019 1788 jugnm
1058 1721 1366 1786 imponeret.
1403 1718 1518 1774 Nos
1553 1725 1691 1775 enim
1729 1738 1861 1777 onus
1894 1739 2048 1791 repu-

488 1816 660 1861 tantes
701 1811 835 1861 tanti
876 1814 1160 1868 ministerii
1203 1817 1300 1869 hoc
1330 1815 1444 1885 ejus
1475 1815 1699 1868 consilio
1744 1817 2047 1870 contristati

480 1896 822 1965 deﬂebamus,
879 1916 969 1951 nec
1022 1900 1319 1968 ferebamus
1372 1902 1534 1971 facile
1582 1912 1788 1956 tantam
1848 1905 2047 1970 imponi

479 1989 628 2041 nobis
651 1990 837 2044 molem
873 1993 1073 2060 officiis,
1099 1994 1236 2065 quod
1271 2005 1382 2048 tam
1412 2001 1770 2061 emendatam,
1799 2004 1849 2048 et
1890 1994 2050 2048 subli-

479 2094 614 2132 mem
645 2081 867 2137 ctelestis
896 2085 1013 2138 vitta
1042 2087 1297 2139 rationem
1329 2087 1514 2157 exigit,
1533 2087 1740 2158 qualem
1763 2089 1850 2140 vix
1877 2087 2048 2140 sancti

476 2170 579 2236 ipsi
603 2183 865 2240 prtestare
887 2177 950 2229 de
969 2193 1023 2230 se
1047 2177 1303 2232 audeant.
1327 2177 1448 2232 Illis
1480 2180 1667 2248 quippe
1698 2179 1826 2246 ipsis
1846 2192 2047 2248 quoque

473 2279 632 2332 grave
662 2265 758 2319 hoc
789 2283 977 2332 munus
1005 2270 1172 2324 visum
1199 2280 1299 2326 est.
1334 2270 1512 2340 Neque
1544 2271 1597 2323 id
1631 2271 2044 2324 dissimularunt

475 2370 594 2409 cum
625 2374 683 2412 eo
716 2371 840 2412 sunt
873 2366 1063 2427 uocati,
1097 2366 1355 2435 majorem
1383 2383 1496 2426 esse
1526 2367 1837 2438 dignitatem
1867 2362 2042 2427 illam,

476 2462 635 2515 quam
668 2461 722 2502 ut
758 2453 862 2506 sibi
889 2458 1220 2522 conveniret;
1255 2459 1312 2512 id
1354 2461 1526 2528 ipsum
1562 2460 1724 2512 etiam
1760 2456 1852 2510 diu
1880 2471 2042 2508 excu-

473 2557 596 2595 sare
640 2545 761 2598 ausi
818 2547 957 2614 apud
1005 2547 1306 2616 offerentem
1358 2549 1498 2604 hunc
1543 2550 1794 2604 honorem
1856 2545 2040 2608 Deum,

475 2633 809 2702 deprecantes
858 2640 1244 2706 impositionent
1293 2657 1569 2702 manuum.
1623 2640 1953 2709 indignitatis
1992 2649 2041 2693 et

473 2726 854 2784 imbecillitatis
885 2734 1112 2800 propria'
1137 2735 1458 2788 conscientia
1493 2751 1511 2788 :
1546 2735 1755 2792 tametsi
1777 2733 2038 2794 omnibus,

473 2820 564 2887 qui
619 2836 755 2876 nunc
813 2831 958 2888 sunt,
1017 2827 1162 2878 haud
1212 2827 1371 2896 paulo
1431 2836 1599 2882 essent
1648 2827 1808 2880 iidem
1859 2827 1927 2878 ad
1981 2823 2038 2876 id

471 2927 663 2965 manus
693 2915 944 2982 aptiores,
974 2926 1023 2969 et
1061 2929 1272 2986 propter
1310 2920 1619 2972 diuturnam
1657 2918 2033 2986 professionem

471 3002 753 3056 sanctioris
786 3005 926 3069 vitta,
959 3007 1313 3078 virtutumque
1342 3025 1494 3062 usum
1530 3007 1722 3078 majori
1748 3007 1944 3076 ﬁducia
1963 3005 2032 3059 ad

474 3094 842 3149 tractationem
879 3098 1280 3165 mysteriorum,
1320 3107 1369 3152 et
1423 3099 1743 3166 {unctionem
1781 3096 2037 3166 sacriﬁcii

472 3194 680 3252 possent
731 3186 992 3243 accedere.
1037 3189 1237 3255 Quibus
1271 3189 1360 3243 ille
1399 3200 1586 3244 contra
1627 3188 2038 3245 remunerandos

473 3276 574 3329 sibi
609 3278 774 3338 videri
819 3281 991 3334 aiebat
1021 3282 1178 3351 hujus
1219 3284 1497 3352 dignitatis
1538 3283 1694 3338 titulo
1738 3283 1943 3340 labores
1981 3282 2038 3338 in

476 3377 585 3420 tam
616 3368 816 3438 difﬁcili
846 3376 1148 3437 certamine,
1183 3375 1335 3444 cujus
1382 3377 1670 3432 victoribus
1701 3376 1797 3431 hoc
1842 3377 2039 3432 addere

471 3461 681 3524 prtetttii
723 3461 837 3516 loco
881 3465 982 3516 sibi
1027 3466 1250 3532 placere.
1285 3465 1559 3521 Postremo
1607 3484 1726 3521 cum
1771 3468 2040 3522 discedere

473 3551 646 3612 illinc,
675 3561 724 3605 et
753 3553 967 3608 domum
1001 3557 1187 3609 reverti
1209 3556 1613 3611 decrevissemus
1635 3557 1771 3612 idem
1806 3559 1898 3613 ille
1924 3561 2039 3613 uia-

475 3644 579 3698 tico
595 3653 851 3712 quantum
880 3645 936 3698 in
967 3645 1178 3716 longam
1209 3647 1359 3700 illaut
1392 3648 1526 3701 viam
1555 3663 1684 3716 opus
1722 3660 1858 3715 erat,
1902 3651 2036 3703 libe-

473 3732 664 3788 raliter
692 3733 998 3800 instructos,
1041 3736 1175 3791 votis
1226 3738 1439 3806 insuper
1480 3747 1745 3804 oneratos,
1789 3756 1907 3793 cum
1943 3740 2039 3795 Dei

2157 413 2392 479 gratiam
2439 413 2588 466 nobis
2643 410 2846 464 itineris
2895 410 3156 472 comitem,
3209 419 3258 463 et
3310 410 3518 480 longum
3546 407 3731 477 domi,

2155 513 2432 574 postquam
2472 520 2531 556 eo
2575 503 3008 571 peruenissemus,
3042 501 3188 568 pacis
3218 502 3450 568 fructum
3477 517 3734 569 compre-

2157 605 2388 659 caretstr,
2423 595 2500 648 sic
2528 593 2738 646 demum
2765 593 3142 662 ofﬁciosissime
3186 593 3412 647 dimisit.
3445 593 3595 646 Nihil
3622 595 3730 660 jus

2155 694 2426 740 ostentans
2465 701 2644 749 suum,
2687 696 2735 738 et
2776 683 3080 752 beneﬁcium
3125 683 3514 752 redemptionis,
3554 702 3730 753 neque

2153 789 2467 847 potestatem
2500 778 2556 830 in
2588 785 2749 847 caput
2789 778 2954 843 pretio
2981 785 3211 838 emptum
3257 776 3358 830 sibi
3400 779 3727 846 acquisitam

2151 865 2451 934 gloriatus;
2503 864 2644 934 quod
2703 865 2877 918 minus
2937 865 3197 918 humanus
3255 863 3391 932 forte
3448 866 3724 933 quispim

2155 957 2296 1010 alius
2329 957 2524 1025 faceret
2549 970 2568 1007 :
2599 956 2704 1009 imo
2739 956 2889 1009 illam
2931 955 3100 1021 ipsam
3127 955 3403 1010 uidebatur
3431 957 3728 1010 calamita-

2156 1054 2258 1097 tem
2301 1044 2637 1108 venditionis,
2682 1043 3043 1098 consolatione
3075 1045 3244 1098 multa
3282 1045 3482 1098 levans.
3513 1046 3592 1099 En
3627 1045 3726 1102 hic

2153 1134 2198 1189 Τ
2205 1135 2489 1200 lteodulus,
2531 1145 2608 1200 et,
2646 1135 2794 1205 quod
2822 1135 2999 1204 magis
3025 1144 3130 1197 est.
3160 1135 3317 1192 Nilus
3358 1138 3476 1218 ipse
3519 1135 3576 1193 in
3627 1150 3729 1187 sa-

2149 1225 2432 1280 cerdotem
2466 1235 2590 1296 post
2623 1235 2703 1281 tot
2725 1225 2941 1281 labores
2966 1241 3229 1296 operosos
3261 1225 3434 1295 atque"
3454 1227 3726 1282 molestos

2153 1319 2338 1373 laurea
2356 1318 2662 1375 sacerdotis
2693 1319 2763 1374 ab
2787 1320 3068 1389 episcopo,
3097 1329 3152 1375 et
3174 1319 3298 1389 ejus
3323 1328 3439 1376 arte
3465 1327 3518 1374 et
3543 1328 3724 1374 mam:

2147 1409 2520 1474 evinciuntur,
2548 1425 2672 1464 cum
2696 1418 2857 1466 antea
2882 1411 3033 1464 nulla
3059 1410 3327 1480 dignitate
3343 1410 3720 1466 ecclesiastica

2151 1499 2492 1570 cil‘ulgerent.
2543 1499 2726 1567 Quare
2773 1516 2884 1556 non
2932 1511 2990 1557 et
3023 1501 3177 1558 Nilus
3224 1501 3296 1558 ob
3345 1503 3445 1557 has
3495 1503 3720 1560 easdem

2151 1591 2440 1660 speciosas
2476 1592 2644 1646 animi
2692 1592 2875 1658 dotes,
2930 1605 2984 1648 et
3023 1593 3396 1650 doctrinarum
3451 1603 3720 1662 prauitati-

2151 1681 2308 1743 tiam,
2329 1689 2387 1736 et
2403 1690 2690 1736 enavatam
2717 1697 2942 1752 operam
2977 1699 3073 1754 pro
3093 1683 3409 1740 Christiana
3438 1685 3723 1755 republica

2155 1774 2420 1843 consequi
2453 1774 2631 1844 potuit
2678 1777 2960 1843 praemium
3016 1777 3083 1830 ab
3139 1775 3379 1845 antiquae
3420 1777 3715 1847 religionis

2148 1864 2447 1934 exemplari
2483 1865 2788 1937 episcopo?
2819 1865 2930 1938 Ego
2967 1875 3116 1922 certe
3137 1883 3246 1922 non
3273 1868 3487 1928 dubito,
3511 1869 3636 1923 licet
3665 1869 3720 1923 id

2149 1955 2204 2008 in
2238 1955 2460 2024 Scriptis
2499 1955 2732 2011 relatum
2783 1971 2890 2012 non
2932 1957 3025 2021 sit,
3069 1965 3381 2012 assecutum
3423 1957 3612 2014 fuisse.
3647 1956 3722 2012 lJt

2148 2045 2275 2099 hinc
2302 2045 2497 2102 merito
2521 2045 2591 2102 ab
2619 2047 2769 2102 illius
2806 2048 2909 2103 sevi
2934 2048 3324 2117 scriptoribus,
3354 2047 3561 2117 quibus
3585 2063 3717 2118 per-

2149 2140 2487 2209 rulgatiorcs
2533 2154 2590 2197 et
2637 2143 3132 2213 percelebratiores
3179 2151 3335 2198 erant
3380 2143 3556 2199 titulis
3604 2159 3718 2198 non

2146 2233 2406 2302 martyris
2436 2241 2674 2297 tantum,
2707 2235 2802 2291 sed
2833 2243 2888 2291 et
2925 2235 3170 2306 episcopi
3203 2235 3498 2306 insignitus
3531 2244 3719 2304 poste-

2145 2319 2293 2373 ritati
2344 2329 2644 2382 accesserit
2695 2326 2854 2382 :‘etsi
2900 2341 3018 2398 qua!
3071 2326 3140 2381 de
3191 2340 3257 2381 co
3309 2325 3718 2380 Commentaria

2142 2417 2583 2482 pertractnliant,
2615 2418 2986 2482 extabuerint,
3017 2424 3072 2471 et
3105 2414 3171 2470 ad
3202 2415 3432 2470 nihilum
3467 2415 3716 2470 funditus

2145 2500 2433 2560 redierint.
2467 2505 2582 2562 Nisi
2633 2507 2907 2577 quispiam
2946 2507 3324 2576 perborridus,
3358 2515 3413 2561 et
3469 2508 3717 2564 incultus

2145 2591 2199 2646 id
2233 2609 2461 2664 quoque
2508 2599 2691 2653 dicere
2739 2599 2956 2662 audeat,
3005 2601 3409 2669 exscriptnrum
3442 2599 3715 2654 incurias:

2143 2682 2327 2741 Nilum
2379 2689 2532 2743 illum
2581 2689 2896 2760 Egyptium
2933 2691 3255 2760 episcopum
3304 2697 3360 2744 et
3416 2698 3712 2760 martyrem

2144 2789 2274 2832 cum
2327 2779 2438 2834 boc
2484 2789 2676 2835 nostro
2721 2780 3337 2851 ConstantinOpolitano
3369 2780 3712 2835 conludissc.

2142 2863 2468 2938 Defunctum
2510 2871 2720 2924 tandem
2757 2871 2894 2924 hunc
2928 2869 3115 2926 Nilum
3148 2869 3394 2928 Justinus
3439 2869 3718 2925 Posterior

2140 2954 2265 3010 inde
2313 2957 2633 3012 trauslatttm
2666 2962 2720 3013 in
2767 2959 3109 3028 fundamento
3153 2961 3463 3018 sacratioris
3491 2959 3713 3021 Hense.

2146 3056 2338 3100 narrat
2369 3044 2707 3116 Nicephorus
2739 3048 2834 3102 lib.
2873 3063 2986 3115 xlv,
3017 3064 3138 3118 cap.
3163 3049 3256 3114 54,
3285 3049 3340 3102 in
3368 3065 3448 3107 eo.
3479 3049 3617 3118 quod
3641 3049 3713 3102 ab

2143 3137 2259 3205 ipso
2299 3136 2456 3190 Petro
2513 3147 2564 3191 et
2622 3138 2794 3192 Paulo
2845 3139 3204 3207 apostolorum
3253 3140 3575 3208 principibus
3637 3141 3711 3193 ad

2143 3228 2646 3297 orphanotropltium
2698 3241 3060 3289 constructum
3106 3241 3207 3298 est,
3244 3232 3433 3300 templo
3478 3233 3708 3300 reponit.

2150 3320 2246 3372 Ὃν
2279 3319 2423 3384 τέλει
2450 3321 2544 3374 τοῦ
2593 3321 2710 3390 βίου
2741 3323 3085 3393 χρησαμένον
3126 3325 3404 3386 Ἰουστῖνος
3425 3324 3453 3376 ὁ
3477 3322 3708 3394 ὕστερος

2143 3408 2352 3462 ἐκεῖθεν
2369 3411 2724 3480 ἀνακομίσας,
2740 3411 2832 3465 ἐπὶ
2847 3412 2924 3483 τῷ
2946 3412 3128 3484 βάθρῳ
3143 3414 3240 3484 τῆς
3258 3414 3410 3485 ἱερᾶς
3427 3415 3710 3485 τραπέζης

2143 3501 2238 3554 τοῦ
2273 3503 2401 3574 παρ’
2439 3503 2604 3557 αὑτοῦ
2634 3505 2960 3575 δομηοέντος
2985 3507 3134 3562 οἴκου
3172 3506 3363 3577 Πέτρῳ
3395 3509 3485 3560 καὶ
3510 3506 3708 3577 Παύλῳ

2140 3596 2254 3657 τοῖς
2309 3595 2627 3666 κορυφαίοις
2663 3596 2772 3651 τῶν
2834 3598 3145 3654 ἀποστόλων
3177 3601 3235 3652 ἐν
3264 3598 3340 3670 τῷ
3377 3599 3708 3674 ὀρφανοτροη

2141 3702 2207 3754 φε
2217 3686 2278 3755 ίῳ
2315 3687 2594 3740 κατέθετο.
