3882 6036
926 556 1152 642 ΤΟΥ
1224 558 1360 642 ΕΝ
1404 555 1771 643 ΛΓΙΟΙΣ
1847 556 2283 644 ΠΑΤΡΟΣ
2357 557 2683 643 ΙΙΜΩΝ

1369 726 2237 924 ΝΕΙΛΟΥ

739 1014 879 1071 ΤΟΥ
952 1014 1283 1071 ΜΚΗΤΟΥ
1310 1056 1325 1082 ,
1387 1016 1727 1073 ΜᾹΘΗΤΟΥ
1797 1018 2105 1073 ΙΩΑΝΝοΥ
2163 1019 2305 1074 ΤΟΥ
2371 1021 2883 1077 ΧΡΥΣΟΣΤΟΜΟΥ

874 1186 1868 1323 ΕΠΙΣΤΟΛΩΝ
1975 1188 2507 1325 ΒΙΒΑΙΑ
2585 1192 2736 1326 Δ.

1172 1571 1346 1750 S.
1454 1578 1651 1748 P.
1744 1575 1948 1750 N.
2022 1578 2473 1755 NILI

386 1886 902 2015 ASCETJE,
978 1885 2299 1981 DISCIPULI.S.JOANNIS
2371 1890 3225 1983 CHRYSOSTOMI

250 2105 1603 2267 EPISTOLARUM
1746 2111 2267 2264 LIBRI
2422 2108 3390 2292 QUATUOR.

1383 2379 1742 2458 Interprete
1778 2379 1992 2440 Leone
2026 2376 2282 2441 Allatio.

750 2664 1215 2717 SERENISSIMO
1270 2663 1595 2715 PRINCIPI
1640 2664 2003 2716 RAYNALDO
2051 2666 2345 2717 ESTENSI
2394 2665 2515 2716 LEO
2560 2666 2911 2717 ALLATIUS.

282 2796 595 2858 Prwclara
628 2798 798 2876 genii
828 2799 927 2861 tui
971 2796 1235 2872 indoles,
1269 2798 1572 2875 Princeps
1600 2798 2024 2873 Serenissime,
2055 2800 2123 2860 in
2158 2819 2280 2880 qua
2306 2800 2640 2879 utriusque
2665 2798 2893 2876 gentis,
2924 2796 3088 2858 unde
3130 2797 3310 2874 origo
3350 2794 3471 2859 tibi

201 2907 313 2969 est,
343 2895 577 2957 lumina
594 2897 861 2958 ubertim
893 2896 1309 2977 efflorescunt,
1352 2897 1469 2958 etsi
1499 2895 1754 2957 Italiam
1783 2897 2140 2957 universam
2176 2896 2517 2967 exhilarat,
2567 2898 2618 2959 ii
2640 2906 2840 2957 tamen
2873 2896 3107 2974 gaudio
3132 2913 3268 2972 prae
3301 2905 3477 2955 ctete-

200 2998 297 3055 ris
341 2993 709 3074 efferuntur,
746 2994 857 3073 qui
888 2994 1361 3054 eminentissimi
1388 2992 1735 3055 cardinalis
1757 2994 2097 3056 Barberini
2129 2993 2430 3055 avunculi
2454 2995 2551 3055 tui
2581 2995 2647 3054 in
2675 2991 3063 3074 famulitium
3089 2990 3332 3052 ascribi
3364 2992 3473 3051 de-

200 3100 588 3151 meruerunt.
615 3091 699 3150 Et
721 3108 867 3151 sane
894 3091 1083 3151 nimis
1111 3090 1338 3171 injusti
1363 3099 1582 3163 essent,
1627 3092 1686 3151 si
1720 3110 1897 3172 quem
1930 3092 2038 3155 ille
2068 3095 2434 3156 enixissime
2470 3095 2708 3171 diligit,
2753 3103 2809 3153 et
2838 3092 2911 3152 de
2941 3110 3060 3171 quo
3100 3099 3224 3151 tam
3253 3108 3480 3169 magna

204 3189 581 3249 Christiana:
610 3187 974 3266 reipublicae
1011 3188 1235 3249 decora
1253 3190 1404 3267 jure
1435 3188 1670 3265 optimo
1697 3201 2077 3269 auguratur,
2100 3212 2229 3253 non
2250 3192 2544 3265 colerent,
2579 3192 3114 3269 suspicerentque.
3140 3190 3309 3249 Ilinc
3341 3208 3480 3248 cum
3576 3265 3587 3275 .

203 3285 423 3347 nullus
456 3287 564 3358 sit,
588 3287 698 3366 qui
716 3285 1061 3365 majoribus
1093 3287 1224 3365 ejus
1252 3285 1661 3347 Eminentiwb
1696 3290 1989 3367 eneﬁciis.
2006 3309 2188 3369 quam
2206 3308 2337 3369 ego,
2361 3308 2424 3349 se
2442 3289 2812 3350 obstrictum
2830 3287 3230 3365 profiteatur,
3251 3285 3480 3365 majori

204 3402 473 3464 quoque,
504 3402 685 3463 quam
707 3382 843 3455 alii,
875 3379 1181 3459 religione
1208 3381 1407 3442 teneri
1434 3381 1651 3441 videor
1678 3381 2062 3447 observantis
2086 3388 2282 3446 animi
2304 3385 2585 3447 laztitiam
2613 3392 3006 3444 monumento
3039 3381 3251 3461 aliquo
3274 3382 3337 3440 in
3364 3398 3483 3457 po-

204 3489 409 3541 steros
425 3480 731 3541 duraturo
756 3478 1118 3541 attestandi.
1146 3477 1377 3555 Accipe
1395 3478 1619 3555 igitur,
1647 3477 2021 3539 Adolescens
2050 3480 2477 3552 Serenissime,
2499 3478 2741 3550 Nilum,
2764 3495 2845 3555 qu
2858 3490 2947 3537 em
2980 3485 3087 3535 tuo
3113 3476 3355 3535 nomini
3385 3472 3482 3532 dio

207 3594 448 3648 camus,
472 3576 678 3653 egregi
693 3593 797 3635 um
815 3573 1054 3635 scilicet
1080 3573 1714 3647 Ecclesitedoctorem,
1732 3576 1841 3654 qui
1860 3578 2181 3639 nonmodo
2202 3576 2655 3656 Chrysostomi.
2680 3594 2758 3635 ex
2778 3576 2956 3654 cujus
2982 3571 3193 3634 schola
3209 3570 3479 3650 prodiit.

212 3672 565 3733 doctrinam
594 3670 851 3743 redolet,
878 3671 987 3731 sed
1012 3672 1305 3749 pietatem
1318 3670 1977 3750 etiamubiquespirat,
1998 3675 2303 3738 hareticis
2320 3672 2821 3755 formidandam:
2844 3668 3083 3741 Nilum,
3116 3670 3395 3747 inquam,
3414 3675 3481 3725 at

210 3787 344 3828 non
367 3766 607 3848 qualem
636 3768 820 3828 annis
825 3769 1123 3845 proxime
1136 3768 1363 3845 elapsis
1396 3785 1425 3827 e
1451 3767 1741 3839 tenebris,
1768 3770 2069 3849 inquibus
2091 3771 2203 3832 diu
2219 3789 2282 3831 se
2312 3767 2650 3836 occulerat.
2676 3769 2743 3830 in
2774 3766 2969 3827 lucem
2993 3766 3167 3827 exire
3191 3763 3479 3829 vidimus,

212 3865 323 3926 sed
348 3865 769 3943 grandiorem,
810 3875 863 3924 et
886 3862 1033 3926 Nilo
1066 3863 1262 3940 ﬂuvio
1298 3882 1428 3923 non
1457 3882 1486 3923 e
1513 3864 1646 3924 suis
1672 3865 1959 3944 fontibus
1990 3870 2364 3948 erumpenti,
2406 3868 2582 3930 tenui
2610 3865 2871 3938 scilicet,
2936 3873 2993 3926 et
3050 3863 3279 3940 exiguo
3316 3857 3486 3939 (talis

216 3962 369 4023 olim
398 3972 554 4029 erat,
585 3960 802 4022 illimis
842 3979 987 4021 vero
1052 3981 1081 4020 e
1117 3959 1591 4037 nitidissimus),
1622 3959 1728 4020 sed
1755 3960 2288 4022 Mediterraneum
2336 3959 2598 4039 pelagus
2631 3960 2810 4019 ostiis
2841 3954 3334 4034 septemgeminis
3370 3950 3487 4009 im-

214 4058 474 4137 pellenti
502 4076 630 4119 non
659 4056 1020 4120 absimilem.
1048 4058 1171 4119 Sed
1201 4058 1427 4137 quwris
1454 4058 1753 4137 forsitan,
1785 4056 1951 4117 unde
1978 4057 2427 4117 incrementum
2456 4054 2785 4115 accesserit
2810 4075 2829 4121 ;
2865 4062 2919 4112 et
2950 4052 3017 4112 id
3046 4049 3275 4128 quwris
3320 4045 3497 4125 quod

217 4157 389 4233 ipse:
421 4164 475 4214 et
510 4155 566 4215 si
596 4164 668 4215 tu
698 4172 827 4214 non
843 4170 1171 4233 queereres,
1193 4154 1425 4233 quippe
1462 4153 1680 4231 ingens
1714 4171 1843 4212 meo
1865 4154 2113 4214 muneri
2134 4154 2415 4231 pretium
2444 4151 2647 4222 addit,
2671 4149 2845 4209 ultro
2873 4149 3309 4226 patefacerem.
3342 4142 3493 4200 Jam

216 4251 390 4312 vides
417 4268 593 4329 quem
618 4249 899 4328 designat
935 4253 1167 4321 oratio,
1211 4249 1482 4309 eumdem
1504 4267 1717 4327 nempe
1743 4249 2342 4310 Eminentissimum.
2382 4249 2446 4308 Is
2480 4248 2640 4306 enim
2673 4246 2821 4307 dum
2838 4244 3025 4322 hujus
3057 4239 3265 4299 sancti
3312 4237 3483 4296 scri-

219 4349 436 4424 ptoris
460 4365 537 4421 ea:
569 4346 884 4420 Vaticana,
909 4344 1363 4423 Altempsiana,
1405 4354 1461 4405 et
1490 4364 1606 4404 sua
1628 4344 2024 4423 potissimum
2052 4343 2448 4417 bibliotheca,
2472 4348 2867 4402 monumenta
2888 4336 3158 4415 colligit,
3191 4354 3263 4395 ac
3292 4334 3350 4392 si
3387 4340 3484 4392 tot

224 4460 537 4522 aquarum
590 4440 858 4515 rivulos,
926 4444 1107 4520 longe
1138 4440 1213 4501 ab
1259 4439 1433 4500 alveo
1468 4452 1793 4518 evagantes
1831 4442 1898 4501 in
1942 4438 2187 4503 alveum»
2222 4442 2601 4513 reduxisset,
2642 4438 2859 4500 Nilum
2893 4438 3057 4499 hunc
3100 4454 3128 4494 e
3184 4429 3493 4511 popularis

222 4540 468 4618 regium
490 4538 712 4619 effecit.
746 4540 913 4599 Hinc
944 4557 1075 4599 non
1094 4556 1299 4616 parva
1319 4556 1455 4617 spes
1492 4541 1727 4610 oritur,
1766 4537 1842 4599 ab
1884 4539 2092 4601 eodem
2122 4540 2302 4617 longe
2327 4536 2567 4618 lateque
2605 4536 2838 4615 diffuso
2876 4535 2968 4595 ita
2996 4530 3289 4591 Ecclesia:
3319 4547 3491 4589 cam-

222 4654 343 4714 pos
374 4636 713 4715 irrigatum
748 4637 855 4707 iri,
888 4646 962 4697 ut
990 4637 1057 4697 hi
1082 4634 1431 4716 fertiliores
1459 4635 1698 4696 redditi
1732 4633 2254 4697 abundantiorem
2289 4653 2473 4715 quam
2502 4642 2686 4693 antea
2721 4631 2973 4693 Christo
3030 4627 3297 4687 Domino
3334 4642 3490 4683 mes-

224 4755 354 4797 sem
382 4737 726 4815 sufﬁciant,
763 4734 1043 4816 illudque
1062 4737 1366 4798 Davidici
1382 4735 1681 4796 carminis
1704 4732 2029 4794 oraculum
2050 4730 2386 4810 impleatur
2418 4752 2437 4790 :
2472 4752 2500 4785 ‹‹
2547 4727 2861 4789 Fluminis
2904 4726 3169 4804 impetus
3215 4721 3493 4800 laetiﬁcat

229 4840 548 4899 civitatem
586 4839 694 4899 Dei
724 4836 827 4919 (a).
861 4860 890 4895 ιο
927 4838 1228 4916 Impetum
1249 4839 1317 4898 in
1349 4838 1463 4899 hoc
1492 4836 1750 4915 ﬂumine
1774 4833 1985 4910 regius
2004 4840 2172 4889 vates
2209 4828 2515 4890 desiderat
2546 4844 2565 4882 :
2595 4830 2673 4884 at‘
2691 4841 2989 4904 quorsum
3014 4825 3044 4881 ?
3078 4819 3490 4919 Hilaritatem

226 4936 448 5012 potius
466 4954 637 5014 aqum
672 4914 903 4995 leniter
933 4914 1193 5013 ﬂuentes
1223 4914 1600 5002 conciliant,
1633 4949 1817 5012 quam
1863 4946 1995 5007 qute
2028 4924 2427 5004 rapidissime
2474 4920 3156 5014 evolvunturLVerum
3206 4934 3273 4975 ea
3324 4914 3491 4974 Pro-

222 5036 428 5112 pheta:
454 5012 620 5093 mens
646 5044 754 5106 est,
787 5045 856 5096 ut
885 5054 1147 5109 amnem,
1180 5036 1284 5095 cui
1311 5044 1554 5095 tantum
1587 5030 1909 5101 attribuit,
1932 5042 2062 5085 non
2092 5040 2169 5081 ex
2193 5023 2313 5082 hac
2341 5020 2760 5098 lacrymarum
2794 5012 2955 5073 valle
2987 5013 3318 5112 originem-
3349 5019 3489 5067 tra-

233 5107 397 5203 here,
431 5132 537 5192 sed
564 5151 603 5191 a
634 5130 780 5191 cmlo
820 5132 1023 5194 delabi
1054 5107 1500 5209 intelligamus.
1525 5129 1708 5205 Quod
1732 5129 1790 5188 si
1812 5128 1902 5187 ita
1925 5132 2038 5198 est,
2057 5119 2273 5182 Nilum
2306 5119 2469 5179 hunc
2499 5125 2788 5175 nostrum
2816 5107 3495 5209 designasse-audacter

232 5230 590 5301 asserimus,
624 5231 854 5308 quippe
880 5231 991 5309 qui
1010 5205 1523 5297 nonate'rrestri.
1547 5237 1616 5287 ut
1648 5224 2009 5304 Egyptius,
2028 5216 2330 5297 paradiso
2364 5211 2637 5283 desilire,
2672 5210 2783 5313 sed
2810 5209 3023 5313 divino
3063 5205 3493 5313 :Spiritutur-

233 5323 421 5401 gidus
447 5343 486 5383 a
513 5325 941 5402 supracmlesti
961 5326 1321 5387 descendere
1345 5325 1495 5403 jure
1522 5324 1744 5381 merito
1786 5320 2094 5381 videatur.
2128 5316 2317 5378 Nemo
2352 5314 2553 5401 igitur
2587 5308 2971 5403 insipientia:
3012 5303 3283 5383 aliquem
3325 5303 3493 5361 insi-

234 5422 522 5495 mularet,
557 5425 666 5505 qui
695 5423 1138 5485 beatitudinem
1169 5402 1463 5495 crederet,
1497 5421 1555 5481 si
1581 5417 1717 5481 Nili
1739 5416 2133 5496 principium
2194 5411 2405 5481 sciret,
2433 5404 2760 5505 dummodo
2818 5402 3005 5481 hujus
3057 5402 3325 5479 fontem,
3361 5412 3492 5505 non

241 5520 517 5595 Coptici,
552 5501 883 5598 indagaret
908 5542 927 5581 :
955 5519 1260 5599 siquidem
1298 5536 1426 5577 non
1468 5534 1676 5576 rerum
1705 5510 2097 5573 naturalium
2137 5505 2522 5577 causashsed
2540 5502 2896 5563 divinarum
2942 5501 3499 5599 perscrutaretur?

238 5590 542 5677 Adderem
584 5590 776 5696 plura
809 5617 891 5679 ad
924 5590 1108 5697 hujus
1137 5613 1472 5692 scriptoris
1524 5610 1787 5684 laudem,
1823 5609 2151 5685 incaptam
2196 5600 2377 5663 semel
2430 5598 2905 5662 similitudinem
2928 5590 3381 5675 prosequendo,
3432 5590 3488 5646 si

314 5740 390 5804 (τι)
426 5737 564 5795 Psal.
602 5757 725 5805 XLV,
