3882 6036
530 332 598 394 83
2028 359 2091 422 s.
2130 360 2293 420 NILI
2920 414 2927 417 .
3735 365 3802 429 et

530 450 772 504 maxlmo
806 448 1134 524 efilagitans,
1162 465 1459 531 extorques
1497 482 1511 517 :
1555 480 1751 537 neque,
1806 464 1953 524 enim
1992 470 2084 541 ipsi

2208 476 2307 544 τὴν
2337 474 2476 545 ἐμὴν
2502 474 2847 540 ταπείνωσιν,
2876 476 2939 530 οὐ
2978 477 3086 548 γὰρ
3135 477 3199 550 δὴ
3220 477 3332 549 ἐγὼ
3363 477 3501 550 πρὸς
3528 474 3702 531 τοῦτό
3738 493 3799 546 γε

526 540 593 594 ad
624 542 980 601 scribendum
1022 549 1230 620 segnis,
1265 568 1442 624 neque
1478 557 1759 629 negligens
1793 574 1937 615 sum.
1960 540 2104 618 Dixit

522 632 710 702 itaque
787 638 978 692 nescio
1030 642 1156 711 quis
1216 654 1342 700 ante
1387 662 1489 703 nos
1521 648 1574 703 in
1618 653 1878 707 memoria
1923 653 2102 709 homi-

527 738 680 788 num,
725 742 848 795 quaa
876 728 1085 799 scripto
1126 733 1328 789 tradita
1365 752 1475 792 non
1500 749 1605 804 est,
1636 739 1835 795 famam
1868 742 2100 798 similem

518 816 665 885 apud
714 818 1015 876 Ecclesiam
1050 828 1370 882 conservari
1407 848 1421 884 :
1460 829 1703 888 Judaeam
1749 849 1944 906 nempe
1994 839 2105 906 pri-

519 924 663 962 mam
712 922 839 968 ante
893 915 1032 971 alias
1078 917 1147 972 ab
1182 918 1404 977 homine
1452 922 1779 990 ltahitatam,
1812 927 1864 997 2
1894 928 2102 982 Adamn

519 1000 758 1068 primum
792 1004 1041 1059 omnium
1076 1008 1322 1075 condito,
1365 1013 1460 1084 qui
1506 1030 1536 1070 e
1577 1016 1833 1087 paradiso
1866 1017 2098 1087 ejeclus,

520 1106 677 1146 suam
724 1092 777 1148 in
808 1111 870 1150 ea
904 1099 1089 1155 sedem
1142 1102 1374 1171 locavit,
1416 1114 1475 1161 ut
1521 1124 1727 1178 rerum,
1758 1111 1959 1182 quibus
1986 1113 2101 1183 ipse

518 1185 788 1253 spoliatus
829 1187 1031 1255 fuerat,
1083 1195 1367 1254 vicinitate
1409 1202 1817 1260 consolaretur.
1853 1203 2097 1260 Primum

516 1275 706 1347 itaque
753 1277 1046 1339 Palaestina
1107 1287 1461 1347 demortuum
1520 1294 1797 1351 hominem
1845 1298 2094 1367 excepit,

516 1383 644 1422 cum
697 1371 749 1425 in
808 1389 871 1426 ea
922 1375 1171 1434 Adamus
1222 1384 1452 1441 sceleris
1499 1402 1693 1456 poenas
1751 1390 2095 1460 persolverit.

515 1460 650 1516 Cum
681 1479 811 1533 ergo
857 1466 926 1523 iis
958 1484 1054 1539 per
1093 1472 1236 1530 idem
1267 1479 1531 1547 temporis
1564 1481 1733 1536 vitam
1781 1485 2094 1553 agentibus,

516 1567 717 1610 novum
757 1572 823 1613 ac
892 1560 1143 1622 insolens
1171 1566 1482 1635 videretur,
1522 1572 1722 1642 capitis
1762 1590 1926 1631 carne
1960 1593 2093 1647 spo-

515 1646 711 1737 liatam
768 1650 970 1708 intueri
1022 1658 1342 1721 calvariam.
1392 1663 1445 1716 in
1505 1663 1686 1718 locum
1732 1646 2092 1737 deponentes,

513 1735 777 1795 Calvarite
815 1757 1013 1800 nomen
1050 1747 1170 1802 luco
1193 1749 1541 1815 indiderunt,
1576 1763 1631 1809 et
1658 1735 1973 1815 verosimile
2008 1768 2093 1815 est

2211 567 2461 638 ὀκνηρός.
2508 567 2712 639 Εἴρηκε
2764 568 2944 622 τοίνυν
3001 588 3085 634 τις
3132 571 3239 642 πρὸ
3287 572 3463 642 ἡμῶν,
3515 571 3603 624 ὅτι
3638 570 3800 637 λόγος

2210 658 2417 713 τοιόσδε
2445 660 2586 713 κατὰ
2614 660 2713 733 τὴν
2746 660 2996 731 ἄγραφον
3038 664 3257 734 μνήμην
3284 664 3343 716 ἐν
3367 665 3434 735 τῇ
3488 662 3799 734 Ἐκκλησία

2208 749 2550 817 διασώζεται,
2588 750 2663 815 ὡς
2703 751 2814 824 ἄρα
2866 752 3060 825 πρώτη
3103 755 3329 809 Ἰουδαία
3362 755 3437 826 (1)
3498 754 3799 827 ἄνθρωπον

2209 842 2366 914 ἔσχεν
2391 843 2672 919 οίκήτορα,
2719 845 2810 898 τὸν
2849 847 3278 917 πρωτόπλαστον
3333 848 3504 919 Ἀδὰμ
3535 853 3687 918 μετὰ
3741 848 3798 899 τὸ

2209 933 2538 1006 ἐκϐληθῆναι
2564 935 2661 988 τοῦ
2695 936 3028 1008 παραδείσου
3074 939 3133 992 ἐν
3162 938 3335 1011 ταύτῃ
3363 938 3795 1010 καθιδρυνθὲντα

2210 1028 2348 1099 πρὸς
2373 1026 2725 1099 παραμυθίαν
2764 1022 2839 1081 ὧν
2873 1030 3166 1102 ἐστερήθη.
3203 1032 3426 1102 Πρῶτον
3455 1027 3549 1085 οὖν
3583 1031 3793 1084 Παλαι-

2209 1119 2363 1190 στίνη
2404 1120 2498 1173 καὶ
2518 1120 2714 1192 νεκρὸν
2739 1120 2958 1188 ἐδέξατο
2993 1122 3301 1194 ἄνθρωπον,
3335 1124 3453 1176 ἐκεῖ
3474 1122 3571 1176 τοῦ
3617 1120 3790 1192 ’Δδάμ

2204 1213 2304 1285 τὴν
2328 1213 2628 1285 καταδίκην
2675 1214 3087 1286 πληρώσαντος.
3138 1215 3342 1269 Καινδν
3386 1213 3567 1267 τοίνυν
3612 1214 3788 1268 ἐδόκει

2204 1301 2344 1360 εἶναι
2380 1307 2492 1370 τοῖς
2522 1306 2642 1360 τότε
2685 1305 2912 1377 θεωρεῖν
2944 1306 3131 1360 ὀστέον
3170 1305 3409 1375 κεφαλῆς
3436 1306 3537 1376 τῆς
3581 1305 3787 1375 σαρκὸς

2203 1395 2521 1468 περιούσης,
2549 1398 2641 1452 xal.
2660 1397 2985 1470 ἀποθέμενοι
3004 1397 3066 1451 τὸ
3104 1399 3330 1471 κρανίον
3358 1400 3415 1452 ἐν
3441 1400 3615 1470 τόπῳ,
3645 1401 3784 1470 Κραο

2201 1490 2316 1544 νίου
2350 1490 2516 1545 τόπον
2558 1490 2870 1563 ὠνόμασαν’
2902 1491 3047 1556 εἰκὸς
3079 1491 3137 1544 δὲ
3203 1492 3337 1563 μηδὲ
3374 1492 3464 1544 τὸν
3493 1492 3647 1559 Νῶε,
3688 1493 3778 1546 τοῦ

2202 1582 2447 1654 ἀρχηγοῦ
2473 1584 2691 1637 πάντων
2720 1582 3024 1655 ἀνθρώπων
3053 1584 3320 1655 ἀγνοῆσαι
3342 1584 3434 1638 τὸν
3461 1585 3659 1653 τάφον,
3710 1584 3780 1646 ὡς

2202 1674 2345 1742 μετὰ
2378 1676 2473 1728 τὸν
2521 1675 2909 1748 κατακλυσμὸν
2962 1678 3057 1730 ἀπ’
3095 1675 3259 1730 αὑτοῦ
3297 1676 3632 1746 διασωθῆναι
3686 1678 3779 1747 τὴν

2200 1765 2457 1837 ποίμνην.
2504 1768 2703 1840 Διόπερ
2753 1769 2782 1821 ὁ
2815 1770 2897 1832 είς
2926 1768 3026 1832 τὰς
3074 1767 3250 1839 ἀρχὰς
3293 1767 3388 1821 τοῦ
3435 1768 3776 1839 ἀνθρωπείου

512 1830 628 1888 Noe
673 1838 1060 1893 universorum
1114 1841 1397 1899 hominum
1448 1849 1693 1916 parentis
1741 1850 1884 1907 haud
1933 1854 2084 1922 igno-

2194 1830 2425 1913 θανάτου
2456 1830 2770 1932 ἐρευνήσας,
2802 1830 2888 1924 είς
2903 1859 2993 1914 τὸν
3008 1830 3315 1932 λεγόμενον
3344 1830 3586 1930 Κρανίου
3616 1858 3776 1912 τόπον

514 1939 674 1981 rasse
724 1929 1064 1997 sepulcrum,
1120 1944 1177 1988 et
1225 1945 1350 2004 post
1380 1938 1713 1995 alluvionem
1748 1942 1896 1997 illam
1928 1944 1998 1999 ab
2028 1960 2095 2000 eo

509 2029 730 2084 gregem
762 2033 1150 2077 conservatum
1187 2023 1378 2082 fuisse.
1413 2026 1766 2102 Quapropter
1809 2034 1902 2103 qui
1944 2036 2097 2105 prin-

509 2108 653 2199 cipia
700 2112 956 2169 humanm
1012 2119 1208 2174 mortis
1254 2121 1498 2190 penitius
1556 2126 1983 2199 pervestigavit,
2036 2129 2090 2184 in

508 2196 774 2259 Calvariae
828 2206 950 2260 loco
1000 2209 1286 2267 cruciatus
1339 2214 1538 2284 subiit,
1596 2225 1655 2272 ut
1701 2196 1821 2289 quo
1872 2221 1924 2274 in
1970 2221 2092 2277 loco

506 2292 738 2348 exitium
772 2295 1054 2353 hominum
1091 2302 1427 2375 principium
1460 2306 1671 2375 habuit,
1713 2310 1768 2364 in
1800 2312 1991 2367 eodem
2037 2321 2092 2368 et

506 2386 661 2455 regni
713 2390 825 2442 vita
863 2391 1089 2447 exordia
1127 2395 1209 2450 sui
1246 2409 1496 2466 poneret,
1544 2409 1599 2457 et
1624 2404 2085 2472 quemadmodum

502 2478 561 2533 in
612 2476 827 2535 Adamo
872 2498 1024 2540 mors
1078 2487 1334 2552 invaluit.
1380 2494 1462 2547 sic
1486 2500 1539 2548 et
1570 2493 1624 2548 in
1670 2506 1848 2551 morte
1881 2497 2087 2553 Christi

501 2566 906 2639 languesceret.
940 2573 1051 2630 Nec
1087 2576 1251 2633 aliam
1278 2580 1349 2635 ob
1373 2596 1596 2638 causam
1628 2582 1799 2640 Isaias
1825 2588 2087 2658 propheta

500 2660 713 2717 dixerat
756 2682 770 2717 :
841 2684 860 2717 ι
916 2666 971 2722 lu
1028 2684 1225 2735 cornu,
1275 2672 1329 2727 in
1372 2673 1495 2731 loco
1537 2677 1728 2747 pingui
1760 2688 1814 2746 ις
1859 2699 1877 2732 ι
1913 2697 2085 2736 cornu

501 2767 763 2831 tauquam
815 2765 961 2833 quod
1007 2766 1277 2826 adversus
1305 2780 1536 2828 mortem
1580 2777 2076 2847 propugnaculum,
2115 2793 2335 2834 crucem
2380 2777 2595 2834 Domini
2642 2779 2921 2847 habebat;

2189 1949 2250 2002 τὸ
2278 1948 2447 2026 πάθος
2470 1950 2712 2017 ἐδέξατο,
2758 1952 2845 2005 ἵνα
2883 1952 2942 2004 ἐν
2988 1945 3034 2020 ᾧ
3074 1951 3224 2023 τόπῳ
3252 1952 3285 2023 ἠ
3317 1949 3494 2021 φθορὰ
3535 1950 3652 2003 τῶν
3684 1951 3776 2003 άν-

2191 2041 2426 2113 θρώπων
2464 2041 2565 2114 τὴν
2593 2043 2770 2113 ἀρχὴν
2814 2042 3028 2106 ἐλαϐεν,
3070 2042 3340 2114 ἐκεῖθενή
3375 2042 3487 2112 ζωὴ
3536 2042 3642 2110 τῆς
3683 2040 3773 2111 βα-

2191 2132 2396 2195 σιλείας
2424 2132 2678 2205 ἄρξηται.
2709 2134 2821 2187 Καὶ
2874 2132 3063 2203 ὥσπερ
3095 2133 3314 2203 ἴσχυσεν
3343 2134 3400 2185 ἐν
3424 2131 3503 2203 τῷ
3538 2130 3715 2199 Ἀδὰμ
3748 2131 3775 2183 ό

2189 2222 2439 2290 θάνατος,
2498 2224 2672 2288 οὕτως
2704 2225 2979 2298 ἀσθενήσῃ
3024 2227 3082 2278 ἐν
3114 2224 3193 2297 τῷ
3232 2224 3447 2296 θανάτῳ
3499 2221 3598 2275 τοῦ
3646 2223 3775 2292 Χρι-

2191 2316 2340 2372 στοῦ.
2363 2316 2463 2370 Διὰ
2476 2315 2633 2370 τοῦτο
2652 2317 2871 2388 εῐρηκεν
2886 2316 3114 2381 Ἡσαΐας
3135 2319 3163 2370 ὁ
3189 2317 3493 2388 προφήτηςο
3523 2335 3542 2367 ι
3566 2315 3667 2370 Ἐν
3689 2315 3774 2369 κέο

2192 2426 2336 2480 ρατι,
2363 2411 2421 2462 ἐν
2450 2408 2604 2481 τόπῳ
2631 2412 2797 2463 πίονι·
2827 2429 2846 2463 ι
2873 2409 3066 2480 κέρατι
3094 2411 3192 2481 μὲν
3218 2411 3292 2475 ὡς
3313 2409 3453 2464 κατὰ
3480 2407 3576 2463 τοῦ
3609 2408 3773 2462 θανά-

2189 2517 2284 2554 του
2328 2502 2667 2573 άμυντήριος
2708 2500 2887 2572 ἔχοντι
2934 2502 3026 2555 τὸν
3071 2501 3303 2573 σταυρὸν
3339 2501 3433 2555 τοῦ
3467 2502 3769 2555 Δεσπότου·

2191 2590 2334 2645 πίονι
2350 2590 2516 2657 δέ,ὡς
2546 2590 2687 2662 μετά
2716 2591 2810 2646 τὸν
2826 2592 3153 2663 παράδεισον
3167 2592 3276 2647 τῶν
3308 2590 3451 2646 κατὰ
3465 2592 3654 2663 πάσης
3677 2593 3773 2662 τῆς

2190 2682 2280 2750 ὑφ’
2310 2681 2446 2752 ἡλίῳ
2474 2681 2757 2754 πρωτείων
2787 2681 3092 2754 ὴξιωμένῳ.

3010 2777 3203 2850 pingui
3253 2792 3385 2835 vero
3402 2818 3418 2844 ,
3501 2785 3770 2849 tanquam

499 2854 593 2923 qui
655 2861 778 2923 post
819 2858 1139 2927 paradisum
1196 2862 1250 2916 in
1302 2870 1582 2920 terrarum
1624 2867 1761 2924 orbe
1823 2869 2085 2926 universo
2125 2872 2364 2941 primatu
2396 2871 2654 2942 dignatus
2684 2870 2778 2928 sit.

1060 2977 1151 3033 111.
1186 3007 1258 3020 -
1298 2979 1511 3037 Eidem.

571 3063 905 3121 Delictorum
950 3069 1173 3139 quidem
1220 3072 1348 3137 alia,
1380 3082 1593 3130 etsunt
1629 3076 1838 3147 gravia,
1872 3085 1929 3133 et
1959 3077 2078 3133 exi-

497 3153 798 3210 stimantur
824 3171 966 3213 esse.
1006 3156 1210 3214 Gravia
1244 3171 1375 3217 sunt
1420 3163 1806 3237 homicidium,
1840 3176 1896 3223 et
1922 3169 2081 3223 adul-

497 3246 699 3300 terium
732 3264 746 3302 :
772 3264 1013 3319 namque
1042 3260 1172 3307 sunt
1201 3256 1411 3324 gravia,
1435 3267 1489 3312 et
1507 3258 1772 3328 opinione
1796 3261 2079 3315 hominum

496 3339 685 3408 gravia
750 3341 1109 3412 deputantur.
1187 3345 1580 3406 Verumtamen
1651 3352 2077 3422 jusjurandum,

495 3448 663 3501 grave
707 3436 962 3505 equidem
1019 3446 1128 3505 est,
1173 3440 1537 3499 nihilominus
1602 3459 1768 3514 grave
1797 3460 1920 3501 esse
1964 3462 2077 3501 non

493 3525 800 3594 judicatur.
833 3527 961 3585 Ideo
991 3532 1297 3587 cavendum
1355 3535 1518 3591 nobis
1563 3536 1885 3609 diligentius
1914 3540 1983 3596 ab
2012 3556 2079 3596 eo

493 3626 617 3682 est;
650 3622 767 3678 sive
799 3623 932 3679 illud
959 3620 1132 3695 juste,
1180 3628 1296 3683 sive
1342 3629 1550 3697 injuste
1596 3633 1963 3703 concipiatur.
2010 3650 2079 3689 ne

496 3708 553 3762 iu
610 3710 744 3765 illud
791 3714 1101 3784 praecipites
1158 3719 1263 3773 acti
1319 3729 1571 3776 extorres
1600 3723 1936 3793 sempiterna
1968 3725 2077 3779 vita

497 3800 790 3869 pellantur.

711 3912 764 3983 3
795 3912 886 3969 ιν.
915 3946 985 3955 -
1016 3915 1462 3976 MARCELLINO
1504 3921 1861 3981 MONACHO.

564 4020 869 4089 Oratione,
926 4037 982 4083 et
1041 4045 1301 4086 manuum
1355 4036 1685 4093 extensione
1744 4040 2077 4098 Amalecitas

494 4111 712 4186 Moyses
742 4118 909 4172 vertit
958 4120 1014 4175 in
1054 4120 1237 4192 fugam
1268 4125 1311 4179 ’.
1344 4122 1403 4180 Si
1443 4126 1610 4197 igitur
1638 4128 1796 4185 fratri
1828 4132 2077 4192 infensus

493 4216 689 4260 eontra
726 4206 951 4263 fratrem
980 4217 1134 4265 tuum
1168 4228 1277 4268 non
1306 4230 1388 4281 es,
1418 4232 1722 4291 precesque
1754 4237 1854 4292 pro
1886 4225 2075 4293 proxi-

2725 2988 2799 3043 I".
2820 3016 2894 3029 -—
2924 2986 3008 3054 Τῷ
3043 2986 3224 3053 αὐτῷ.

2258 3080 2341 3134 Τά
2371 3080 2469 3151 μὲν
2499 3079 2634 3134 ἄλλα
2656 3080 2766 3132 τῶν
2800 3080 3235 3152 ἁμαρτημάτων,
3262 3079 3357 3134 καὶ
3381 3078 3495 3133 ἔστι
3527 3078 3765 3149 χαλεπὰ.

2188 3171 2283 3226 καὶ
2318 3171 2599 3242 νομίζεται
2630 3167 2789 3227 εἶναι.
2816 3173 3046 3226 Χαλεπὰ
3080 3176 3109 3227 ὁ
3137 3172 3316 3242 φόνος,
3349 3171 3495 3243 καὶὴ
3527 3170 3765 3241 μοιχεία·

2186 3264 2282 3318 καὶ
2314 3263 2424 3335 γάρ
2459 3265 2576 3317 ἐστι
2605 3264 2863 3334 χαλεπὸν,
2896 3265 2992 3318 καὶ
3021 3263 3304 3335 νομίζεται
3331 3259 3471 3317 εἷναι
3500 3262 3763 3333 χαλεπόν.

2198 3355 2257 3408 Ὀ
2286 3355 2342 3407 δὲ
2366 3355 2525 3426 ὅρκος
2555 3355 2671 3409 ἐστὶ
2719 3355 2820 3425 μὲν
2857 3354 3113 3425 χαλεπὸς,
3136 3355 3198 3408 οὐ
3229 3354 3509 3423 νομίζεται
3546 3352 3602 3407 δὲ
3632 3349 3765 3407 εἶναι

2186 3447 2438 3517 χαλεπός.
2470 3448 2668 3519 Διόπερ
2705 3447 2903 3519 μᾶλλον
2942 3447 3102 3501 αὑτὸν
3137 3445 3520 3518 φυλαξώμεθα·
3572 3445 3681 3499 κάν
3708 3461 3761 3498 τε

2185 3539 2427 3602 δικαίως,
2445 3539 2547 3594 κᾶν
2565 3556 2624 3593 τε
2647 3540 2709 3592 οὐ
2726 3538 2951 3602 δικαίως
2972 3536 3257 3610 ὁμνύηταί,
3283 3537 3369 3590 ἵνα
3394 3536 3470 3609 μὴ
3490 3538 3572 3600 είς
3600 3536 3762 3591 αὐτὸν

2186 3632 2641 3703 κρημνισθέντες,
2678 3632 2780 3700 τῆς
2813 3632 3035 3686 αίωνίου
3061 3631 3208 3703 ζωῆς
3233 3630 3625 3703 ἐξορισθῶμεν.

2468 3922 2543 3973 A'.
2574 3950 2643 3960 —
2662 3917 3125 3990 ΜΑΡΚΕΔΛΙΝῼ
3164 3916 3476 3988 ΜΟΝᾹΧῼ.

2253 4032 2332 4103 Τῇ
2381 4032 2514 4104 εὐχῇ
2554 4032 2648 4085 καὶ
2692 4034 2759 4102 τῇ
2814 4030 2924 4085 τῶν
2970 4028 3169 4101 χειρῶν
3216 4029 3436 4083 ἐκτάσει
3496 4028 3757 4099 ἐτρέψατο

2182 4123 2427 4194 Μωῢσῆς
2462 4123 2554 4177 τὸν
2590 4122 2859 4194 Ἀμαλήκ.
2907 4122 3031 4176 Ἐὰν
3059 4121 3238 4176 τοίνυν
3276 4121 3349 4192 μὴ
3394 4120 3538 4191 ἔχεις
3568 4138 3753 4192 μνησι-

2183 4217 2382 4272 κακίαν
2429 4216 2566 4287 πρὸς
2605 4215 2853 4286 ἀδελφὸν,
2901 4215 2997 4268 καὶ
3052 4213 3191 4285 εὔχῃ
3233 4214 3372 4285 ὑπὲρ
3434 4212 3528 4267 τοῦ
3588 4212 3757 4278 πέλας

494 4311 584 4349 mo
619 4306 670 4352 te
724 4297 1018 4355 amictaute
1057 4316 1119 4355 ac
1170 4301 1474 4361 sufl‘ocante
1523 4304 1634 4361 Deo
1670 4308 1927 4376 eﬂ'undis,
1964 4326 2078 4365 ma-

2194 4308 2477 4371 N60v'rog,
2525 4308 2621 4360 καὶ
2667 4306 2960 4369 λυποῦντος
2991 4323 3075 4370 σε,
3100 4304 3369 4377 ’πρόδηλον
3398 4305 3479 4358 ὅτι
3515 4304 3629 4359 ἄνω
3679 4307 3756 4368 είς

493 4387 753 4443 nifestum
786 4400 891 4458 est,
930 4401 1054 4450 tuas
1098 4394 1212 4463 jam
1251 4413 1448 4455 manus
1470 4400 1538 4454 ad
1575 4400 1776 4457 caelum
1817 4412 2075 4459 extensas

2194 4399 2269 4452 τὸν
2289 4398 2516 4470 οὐρανὸν
2546 4399 2602 4451 αί
2636 4398 2815 4468 χεῖρές
2860 4415 2952 4450 σου
2992 4397 3369 4459 ἁνατέτανται,
3415 4396 3509 4449 καὶ
3540 4396 3755 4459 πάντως

492 4495 638 4543 esse,
684 4482 892 4552 tibique
918 4485 1188 4539 auxilium
1232 4502 1338 4543 non
1371 4487 1715 4555 defuturum,
1745 4505 1871 4545 cum
1901 4491 2078 4546 tribu-

494 4572 650 4635 laris,
683 4580 737 4627 et
775 4588 805 4627 a
839 4573 1060 4629 diabolo
1081 4578 1413 4647 opprimeris
1450 4595 1465 4632 :
1496 4580 1541 4636 si
1580 4597 1709 4636 vero
1726 4597 1853 4654 erga
1887 4584 2075 4652 pruxi-

493 4680 642 4718 mum
680 4666 1029 4722 iracundiam
1066 4669 1239 4731 foves,
1283 4687 1521 4743 eiunque
1561 4688 1814 4738 accusas,
1847 4682 1901 4729 et
1928 4675 2076 4728 vitu-

491 4774 690 4828 peras,
734 4759 1118 4832 infamasque,
1183 4765 1414 4818 omnino
1479 4767 1761 4822 interioris
1833 4767 2077 4825 hominis

492 4864 692 4905 manus
742 4852 795 4906 in
842 4852 1068 4907 humum
1126 4857 1497 4925 propendent,
1550 4859 1656 4913 etsi
1706 4857 1946 4913 videaris
2004 4863 2073 4913 ad

494 4940 667 4997 Deum
697 4959 916 5011 manus,
950 4954 1006 5000 et
1037 4957 1321 5015 aspectum
1359 4950 1705 5018 protendere,
1738 4966 1918 5021 neque
1948 4961 2074 5006 vota

492 5035 859 5091 exaudientur
881 5045 1015 5093 tua:
1052 5038 1277 5095 «Manus
1298 5042 1501 5096 etenim
1540 5052 1665 5109 tute,
1699 5044 1877 5114 inquit
1904 5045 2069 5109 Deus,

494 5128 763 5197 sanguine
794 5128 1043 5186 fraterno
1072 5131 1248 5201 plenae
1287 5142 1415 5188 sunt
1443 5133 1482 5188 ³.
1524 5152 1542 5184 ι
1577 5133 1720 5200 Quid
1753 5136 1898 5190 enim
1931 5138 2073 5205 iniu-

493 5217 705 5272 riarum
753 5222 1018 5276 memoria
1073 5221 1407 5277 exitiosius?
1437 5223 1743 5281 Credamus
1782 5235 2069 5296 propterea

493 5310 725 5385 dicenti,
757 5311 1043 5367 Lavamini
1087 5329 1183 5384 per
1216 5314 1623 5383 pmniteutiam,
1652 5327 1707 5373 et
1732 5319 1857 5388 puri
1889 5320 2011 5375 sitis
2041 5336 2070 5372 a

494 5404 721 5459 malitiis
756 5407 957 5461 vestris
988 5421 1085 5475 per
1107 5420 1302 5477 puram
1334 5407 1800 5477 deprecationem.

563 5606 581 5636 ι
611 5604 693 5661 lsa
722 5623 794 5661 .v.
822 5608 875 5661 1.
954 5613 977 5640 λ
1016 5599 1188 5665 Exod.
1225 5625 1357 5675 xvn,
1390 5610 1415 5665 1
1450 5626 1604 5682 scpp.
1678 5612 1700 5642 ³
1728 5612 1834 5667 lsa.
1870 5628 1906 5677 ι,
1945 5613 2033 5677 16,

2182 4489 2435 4561 βοηθείας
2477 4489 2862 4559 ἐπιτυγχάνεις
2905 4490 2965 4543 ἐν
3017 4488 3093 4559 τῷ
3132 4488 3492 4559 πειράζεσθαί
3538 4505 3620 4549 σε,
3664 4487 3755 4540 καίΙ

2180 4582 2607 4637 καταπονεῖσθαι
2646 4582 2752 4637 ὑπὸ
2793 4583 2887 4636 τοῦ
2940 4581 3206 4635 διαϐόλου’
3246 4582 3341 4633 ἐὰν
3389 4580 3569 4651 δὲτὴν
3596 4579 3755 4651 μῆνιν

2181 4674 2458 4747 φυλάττῃς
2497 4674 2634 4746 πρὸς
2667 4675 2760 4729 τὸν
2803 4673 3051 4746 πλησίον,
3097 4674 3190 4727 καὶ
3242 4671 3600 4735 καταϐάλλεις
3657 4672 3753 4724 αὐ-

2178 4766 2294 4834 τοῦ,
2326 4767 2420 4820 καὶ
2443 4766 2652 4837 ψέγεις,
2683 4766 2779 4819 καὶ
2815 4763 3118 4826 διαϐάλλεις
3144 4763 3236 4817 τὸν
3281 4763 3588 4835 ἄνθρωπον,
3620 4762 3754 4816 πάν-

2178 4877 2284 4923 τως
2313 4859 2391 4912 ἕτι
2424 4860 2572 4912 κάτω
2609 4857 2753 4928 ἔχεις
2782 4856 2882 4919 τὰς
2943 4858 3132 4927 χεῖρας
3158 4855 3253 4908 τοῦ
3307 4854 3413 4908 ἔσω
3442 4852 3748 4924 ἀνθρώπου,

2177 4952 2283 5005 κᾶν
2332 4952 2414 5014 είς
2446 4951 2507 5003 τὸ
2540 4950 2867 5019 φαινόμενον
2915 4948 3079 5018 δοκῇς
3114 4948 3250 5019 πρὸς
3304 4947 3435 5001 Θεὸν
3480 4946 3750 5000 ἀναπετάο

2181 5043 2293 5108 ζειν
2319 5043 2415 5107 τὰς
2458 5045 2666 5112 χεῖρας,
2701 5042 2791 5095 xai
2821 5040 2883 5094 τὸ
2936 5041 3115 5111 ὄμμα,
3170 5040 3266 5094 καὶ
3287 5041 3348 5093 οὐ
3408 5039 3481 5109 μὴ
3507 5040 3749 5091 εἰσακουι

2179 5134 2313 5205 σθῇς
2345 5134 2619 5204 δεόμενοςο
2649 5153 2666 5186 ι
2712 5134 2777 5186 Αἱ
2804 5134 2912 5203 γάρ
2952 5132 3131 5204 χεῖρές
3172 5150 3286 5194 σου,
3320 5131 3482 5200 φησὶν
3528 5132 3557 5183 ό
3594 5130 3743 5194 Θεὸς,
3790 5174 3791 5177 η

2179 5227 2411 5297 αἵματος
2441 5224 2729 5294 ἁδελφικοῦ
2775 5225 3003 5294 πλήρεις
3045 5223 3197 5276 εἰσίν.
3243 5242 3261 5274 ι
3302 5222 3366 5274 Τί
3416 5220 3524 5290 γὰρ
3560 5237 3724 5306 μνηὲτ.

2178 5320 2374 5382 κακίας
2436 5317 2828 5387 φονικώτερον;
2878 5312 3195 5385 Πεισθῶμεν
3242 5311 3335 5367 οὖν
3384 5312 3464 5381 τῷ
3516 5311 3747 5379 λέγοντιί

2184 5409 2490 5463 Λούσασθαι
2528 5409 2615 5462 διὰ
2667 5408 3062 5477 μεταμελείας,
3103 5409 3196 5460 καὶ
3241 5404 3471 5472 καθαροὶ
3532 5404 3741 5472 γίνεσθε

2165 5502 2273 5554 ἀπὸ
2319 5501 2430 5556 τῶν
2462 5503 2739 5573 πονηριῶν
2776 5500 2931 5568 ὑμῶν
2970 5501 3058 5553 διὰ
3083 5499 3181 5570 τῆς
3210 5498 3458 5569 καθαρᾶς
3511 5496 3737 5558 ἱκεσίας.

566 5722 641 5803 (_l)
668 5724 805 5803 Quze
842 5738 1156 5803 sequuntur
1186 5729 1352 5798 huius
1391 5730 1835 5803 epistolarlegere
1862 5741 1947 5787 est
1977 5734 2027 5786 in
2057 5733 2455 5791 commentario
2492 5732 2682 5790 Basilii
2719 5730 2898 5803 Magni
2924 5730 2989 5785 ad
3014 5728 3232 5796 Isaiam,
3295 5742 3420 5799 cap.
3492 5744 3545 5791 ι’,
3594 5744 3735 5784 num.

499 5791 632 5846 Nl.
668 5794 799 5850 Vide
830 5791 1157 5868 Pairologiu:
1187 5791 1573 5871 nostrae,'toxu.
1609 5791 1778 5871 XXX,
1820 5805 1927 5859 col.
1961 5804 2063 5859 547
2093 5803 2155 5859 D.
2191 5805 2340 5861 Ean.
