3882 6036
130 270 213 333 δε
1370 267 1663 330 EPISTOI

1877 265 1903 325 Ι
1965 268 2146 330 LIBJ
3334 268 3410 332 86,

717 380 866 438 E’.—-
886 382 972 449 Τῷ
993 381 1172 450 αὐτῷ.
1758 379 1805 436 Α

1758 379 1805 436 Α
2411 381 2476 436 ν.
2511 413 2579 423 -κ
2607 382 2817 439 Eidem.

221 471 351 542 Ἐφ’
381 470 561 543 ὕϐρει,
610 473 705 526 καὶ
759 474 974 543 ἀτιμίᾳ,
1032 474 1128 528 καὶ
1174 471 1438 543 ἐπιϐουλῇ
1474 473 1544 541 τῇ
1603 469 1724 523 καθ’

1894 472 1956 528 In
1988 470 2308 543 opprobrio,
2338 483 2393 527 et
2414 472 2661 534 infamia,
2691 481 2745 527 et
2775 471 3039 526 adversus
3059 485 3161 525 nos
3185 467 3404 523 insidiis

135 566 315 637 ἡμῶν
358 567 448 621 διὰ
480 567 682 630 παντὸς
741 567 989 638 ἱδρῦσθαι
1028 566 1308 638 βούλονται
1356 566 1407 619 οἱ
1450 564 1668 632 δαίμονε

1869 566 1975 619 mni
2013 575 2258 636 tempore
2288 565 2609 620 confirmari
2646 571 2914 636 appetunt
2955 562 3272 626 darmones;
3308 578 3402 615 ve-

135 659 311 725 ἀλλά,
360 657 545 722 καθὼς
585 657 734 726 λέγει
782 658 1151 730 ὁΠροφήτης,
1188 657 1640 728 αίσχυνθήσονται

1868 664 2164 719 umtamen,
2216 663 2278 711 ut
2327 655 2600 726 Propheta
2648 657 2726 709 ait
2773 655 2818 721 ⁸,
2865 654 3266 709 reverebuntur
3308 650 3401 719 qui

109 723 270 804 ικαθ’
297 723 488 822 νήμῶν
516 752 601 819 ἐφ’
646 723 826 821 ύϐρει,
875 723 974 804 καί
1009 723 1194 821 ύψηλῇ
1234 723 1453 821 καρδίᾳ,
1486 748 1581 803 καὶ
1633 766 1642 783 ι

1870 755 2019 803 ontra
2060 764 2163 804 nos
2190 758 2343 812 sunt,
2386 750 2442 804 in
2493 749 2815 820 opprobrio,
2844 758 2899 802 et
2922 747 3108 801 animo
3141 745 3309 806 elato,
3350 753 3403 797 et

134 843 606 915 πεινωθήσονται.
675 842 840 913 Ἦμϊν
901 843 959 896 δὲ
1020 843 1174 896 ἐσται
1226 843 1257 896 ὁ
1312 841 1577 910 στέφανος
1629 845 1667 891 τε

1870 840 2296 897 umiliabuntur.
2323 843 2393 896 At
2423 858 2527 899 nos
2553 850 2608 897 et
2636 843 2786 906 vitae,
2821 851 2877 895 et
2908 840 3116 910 gloriae,
3147 839 3402 894 etincor-

134 937 316 1006 ζωῆς,
353 938 451 991 καὶ
482 935 665 1005 δόξης,
708 937 803 990 καὶ
823 934 1158 1007 ἀφθαρσίας,
1180 936 1210 989 ὁ
1238 934 1467 997 πλακεὶς
1496 936 1610 998 τοῖς
1635 950 1667 987 τ

1866 933 2217 1002 uptihilitatis
2289 950 2527 1000 corona,
2597 932 3050 999 exspectantibus
3109 930 3399 985 Dominum

136 1029 359 1101 Κύριον
394 1029 783 1100 ὑπομένουσιν.

1828 1032 2112 1089 contexta,
2146 1034 2455 1095 exspectat.

454 1123 621 1191 q’.—-
648 1121 939 1194 nouare
965 1122 1427 1194 ΣΧΟΛΑΣΤΙΚῼ.

2041 1114 2130 1169 Vl.
2169 1146 2235 1156 —
2262 1115 2659 1172 HEI’HASSTO
2692 1112 3184 1171 SCHOLASTICO.

213 1215 314 1284 Μὴ
336 1214 739 1286 παῤῥησιάζου,
788 1208 835 1267 ὦ
881 1214 1161 1285 ἄνθρωπε.
1214 1211 1575 1285 Δίσχύνεσθαι
1620 1210 1731 1282 γὰρ

1898 1203 2125 1261 Frustra
2162 1214 2372 1277 turges,
2398 1223 2481 1275 ac
2514 1218 2716 1271 tumes,
2760 1208 2834 1261 mi
2867 1209 3067 1261 homo:
3092 1203 3400 1275 pudendum

139 1308 389 1377 ὀφείλεις
419 1308 562 1363 κατά
586 1308 807 1378 κράτος.
840 1309 962 1363 καθ’
984 1311 1068 1363 ὃτι
1098 1308 1197 1373 τὰς
1230 1308 1475 1379 μοιχείας
1489 1309 1672 1360 ἐπαινε

1867 1301 2014 1357 otius
2065 1301 2214 1356 omni
2261 1301 2318 1374 ἧ,
2361 1312 2561 1358 conatu
2611 1303 2707 1356 tibi
2756 1302 2939 1365 fuerit,
2982 1316 3111 1355 cum
3173 1299 3400 1353 deorum

137 1399 257 1452 τῶν
292 1399 433 1452 θεῶν
462 1417 576 1462 σου,
605 1400 701 1453 καὶ
728 1401 827 1464 τάς
850 1400 1260 1469 παιδοφθορίας,
1294 1401 1387 1453 καὶ
1407 1414 1670 1468 προσκυνε

1877 1411 2053 1449 torum
2088 1394 2386 1459 adulteria,
2416 1404 2472 1449 et
2508 1410 2801 1465 puerorum
2848 1404 3038 1462 stupra
3066 1390 3306 1450 extollis,
3350 1398 3404 1444 et

139 1492 214 1545 τά
262 1492 486 1562 ὀλέθρια
528 1492 675 1564 πάθη
706 1493 806 1563 τῆς
835 1492 1250 1564 αίσχρουργίας,
1292 1492 1389 1544 καὶ
1420 1488 1573 1543 οὐδὲν
1594 1506 1670 1541 πα

1869 1485 2158 1542 tl‘ectiones
2203 1486 2455 1542 libidinis
2505 1488 2642 1542 satis
2688 1485 3030 1556 perniciosas
3078 1481 3358 1538 veneraris
3388 1523 3402 1546 ,

141 1584 320 1649 τελῶς
344 1584 478 1656 δύνῃ
519 1584 661 1655 ὑπὲρ
685 1583 747 1636 τὸ
775 1584 936 1656 σῶμα
965 1583 1313 1637 διανοεῖσθαι.

1872 1592 2011 1646 eque
2048 1577 2333 1647 quidpiam
2378 1577 2476 1632 tibi
2528 1576 2773 1632 occurrit
2818 1576 3067 1640 omnino,
3101 1571 3245 1643 quod
3277 1587 3402 1627 cor-

425 1755 501 1809 Z'.
545 1784 611 1798 --
652 1757 1113 1829 ΜΔΡΚΕΛΛΙΝῼ
1145 1759 1457 1829 ΜΟΝΔΧῼ.
1757 1720 1800 1775 Β
1833 1683 1958 1738 pm

1757 1720 1800 1775 Β
1833 1683 1962 1738 pore
1987 1674 2240 1737 superius
2264 1674 2357 1724 sit.

2077 1756 2193 1813 νη.
2226 1789 2295 1798 —
2327 1756 2769 1813 MARCELLINO
2802 1757 3154 1813 MONACIIO.

217 1848 354 1901 Ὅτε
383 1848 610 1901 ἐπέλιπε
648 1849 718 1902 τὰ
752 1851 1025 1919 ἀναγκαῖα
1068 1853 1129 1906 ἐν
1165 1856 1231 1924 τῇ
1265 1855 1540 1927 Σαμαρίᾳ,
1577 1856 1730 1926 βασι-

1900 1846 2039 1900 Cum
2071 1848 2384 1901 necessaria
2419 1849 2472 1902 in
2506 1848 2754 1903 Samaria
2795 1848 2900 1903 sub
2925 1847 3133 1902 .lorami
3159 1845 3401 1901 Aehaabi

146 1940 405 2005 λεύοντος
445 1941 647 2014 Ἰωρὰμ
686 1941 778 1996 τοῦ
810 1943 928 1997 υἱοῦ
994 1945 1219 2014 ’Ᾱχαά6,
1250 1946 1341 2000 διὰ
1367 1948 1428 2000 τὸ
1470 1949 1679 2020 ἐπιστρ‹

1871 1936 1929 1991 1ἰί
1990 1937 2220 2007 imperio
2251 1937 2294 2004 ⁸,
2327 1954 2455 2008 rege
2496 1938 2844 2009 Assyriorum
2876 1938 3076 1992 bellum
3113 1936 3402 2002 inferente,

144 2033 343 2087 τεῦσαι
369 2032 460 2087 τὸν
489 2034 712 2104 βασιλέα
746 2034 858 2089 τῶν
897 2036 1217 2107 Ἀσσυρίων,
1250 2038 1345 2092 καὶ
1386 2040 1597 2111 ἐπράθη
1638 2058 1677 2093 κ)

1869 2029 2156 2095 eluissent,
2199 2037 2255 2083 et
2291 2037 2456 2097 caput
2505 2030 2648 2084 asini
2692 2030 3089 2099 quinquaginta
3121 2028 3271 2082 sielis
3310 2044 3402 2081 ve-

147 2124 293 2195 φαλὴ
332 2125 459 2185 δνου
482 2126 821 2196 πεντήκοντα
850 2126 1070 2188 σίκλων,
1100 2128 1195 2182 καὶ
1241 2129 1509 2203 τέταρτον
1557 2131 1680 2185 κάϐι

1872 2118 2028 2182 isset,
2084 2128 2139 2174 et
2186 2127 2387 2189 quarta
2443 2132 2570 2189 pars
2612 2119 2732 2175 cabi
2794 2119 3095 2189 palumbini
3145 2118 3404 2173 stercoris

146 2216 359 2285 κόπρου
399 2214 737 2286 περιστερῶν
767 2216 929 2269 πέντε
959 2217 1158 2271 σίκλων
1184 2219 1469 2290 ἀργυρίου,
1502 2222 1679 2292 προσδι

1871 2212 2273 2281 υἰηηυθ-εἰοιίε
2325 2213 2621 2282 argenteis,
2669 2213 2806 2267 adeo
2845 2223 2905 2268 ut
2954 2228 3105 2267 mors
3127 2213 3404 2268 teterrima

149 2304 415 2373 κηθέντος
460 2306 692 2360 θανάτου
730 2307 1026 2371 οίκτίστου,
1063 2308 1298 2381 τοσαύτη
1343 2314 1476 2382 παρ’
1506 2312 1682 2366 ἐλπίδα

1872 2304 2087 2373 pinione
2138 2303 2384 2359 omnium
2434 2304 2771 2374 impenderet
2819 2322 2834 2360 :
2888 2316 3037 2359 tanta
3071 2320 3252 2359 rerum
3288 2320 3405 2357 om-

148 2399 377 2465 γέγονεν
404 2398 646 2493 εὒθγνία,
697 2400 774 2464 ὡς
818 2400 1018 2472 μέτρον
1066 2403 1400 2472 σεμιδάλεως
1448 2406 1681 2478 πραθῆνε

1876 2396 1987 2450 ium
2039 2395 2402 2461 abundantia,
2455 2411 2619 2466 atque
2652 2398 2876 2453 ubertas
2909 2413 3167 2468 agrorum
3212 2406 3406 2467 prreter

148 2489 366 2553 σίκλου,
400 2489 813 2562 καὶδιάμετρον
843 2492 1040 2563 κριθῆς
1068 2494 1269 2562 ὁμοίως
1308 2496 1514 2549 σίκλου·
1556 2517 1576 2548 ι
1613 2500 1681 2552 Κι

1872 2489 2079 2543 mnium
2116 2489 2585 2559 exspectationem
2644 2490 2893 2557 invaluit,
2936 2499 2996 2545 ut
3034 2490 3226 2546 simila:
3253 2505 3405 2543 nien-

145 2598 266 2651 ριος
291 2581 405 2650 γάρ
460 2582 804 2647 διασκεδάζει
849 2583 1047 2653 βουλὰς
1079 2584 1267 2650 ἐθνῶν,
1301 2586 1396 2641 καὶ
1424 2588 1678 2658 ἀρχόντωε

1874 2594 1960 2633 πο
1994 2580 2132 2634 siclo
2167 2578 2444 2635 divendita
2478 2572 2570 2647 sit,
2607 2596 2823 2635 necnon
2858 2589 2913 2636 et
2934 2580 3129 2636 hordei
3154 2580 3407 2637 similiter

142 2673 177 2740 ἡ
208 2671 267 2724 δὲ
298 2670 466 2755 βουλὴ
514 2671 610 2726 τοῦ
654 2674 860 2746 Κυρίου
919 2676 1000 2739 είς
1033 2676 1124 2730 τὸν
1153 2676 1326 2731 αἰῶνα
1371 2678 1540 2749 μένει.
1580 2697 1599 2731 ι
1634 2682 1675 2734 Μ

1880 2673 1967 2725 clo
2030 2686 2302 2726 mensura:
2354 2672 2527 2727 duae:
2582 2693 2601 2725 ι
2638 2672 2904 2728 Dominus
2939 2675 3082 2727 enim
3140 2672 3407 2741 disperdit

141 2766 333 2818 τοίνυν
364 2766 753 2837 ἀθυμήσωμεν.
774 2768 912 2821 ἀλλά
942 2768 1406 2843 προσδοκήσωμεν
1429 2771 1490 2837 ἐξ
1521 2772 1674 2827 ἐνδείι

1872 2764 2061 2819 onsilia
2110 2764 2391 2833 gentium,
2458 2772 2514 2820 et
2562 2765 2918 2837 principum;
2971 2766 3224 2820 voluntas
3276 2780 3405 2820 vero

146 2858 439 2929 εὐπορίαν,
462 2859 558 2913 καὶ
598 2859 665 2913 ἐκ
692 2858 927 2930 θλίψεως
958 2861 1163 2918 ἄνεσιν.

1871 2852 2049 2907 ιοιηίηἱ
2075 2853 2129 2907 in
2155 2862 2422 2909 :eternum
2455 2862 2642 2911 manet
2674 2856 2716 2923 °,
2750 2874 2769 2907 ›
2826 2854 2905 2909 Ne
2950 2856 3134 2927 itaque
3165 2855 3404 2926 despon-

1829 2942 2059 2999 deamus
2084 2942 2357 3007 animum,
2389 2946 2484 3000 sed
2513 2956 2901 3016 exspectemus
2931 2963 3000 3003 ex
3025 2947 3208 3018 inopia
3242 2948 3405 3002 uber-

1752 3052 1801 3116 ο
1831 3045 2020 3100 tatem,
2049 3042 2105 3089 et
2134 3036 2596 3116 extribulatiﬁone
2629 3038 2908 3095 solatium.

368 3131 451 3185 Ην.
478 3160 549 3171 -
589 3131 997 3203 ure/tamin
1045 3131 1512 3202 ΣΥΓΚΛΗΤΙΚῼ.
1757 3102 1801 3116 ’⁸

1757 3102 1801 3116 ’⁸
2048 3124 2186 3179 vut.
2213 3157 2283 3170 -
2313 3102 2710 3185 ΡΤοιῖΕΜιΕο
2734 3128 3182 3187 SYNCLETICO.

218 3222 335 3276 Kal.
365 3223 429 3276 τὸ
458 3223 620 3293 μόνον
655 3223 946 3278 πιστεῦσαι
972 3225 1054 3287 είς
1087 3222 1179 3277 τὸν
1213 3224 1442 3294 Σωτῆρα
1470 3221 1726 3294 Χριστὸν,

1900 3218 1969 3272 Et
2017 3219 2399 3276 tantummodo
2454 3220 2589 3276 ﬁdes
2627 3221 2682 3275 in
2726 3220 3009 3276 Christum
3050 3222 3399 3278 Servatoretn

144 3312 465 3385 δικαιοσύνη
510 3315 650 3381 ἐστὶ,
689 3315 750 3369 τὸ
795 3315 852 3367 δὲ
907 3313 1240 3386 ὁμολογῆσαι
1289 3314 1452 3369 αὐτὸν
1499 3313 1580 3387 τῷ
1610 3332 1677 3369 στι

1869 3311 2149 3367 nstiticatio
2187 3321 2273 3369 est
2325 3332 2340 3368 :
2381 3324 2436 3368 at
2490 3330 2615 3369 eum
2647 3313 2894 3369 conﬁteri
2925 3329 3022 3371 ore
3064 3314 3214 3371 salus
3241 3317 3402 3372 abso-

149 3423 309 3478 ματι,
340 3406 609 3479 παντελὴς
644 3406 909 3477 σωτηρία.

474 3406 609 3479 τελὴς
644 3406 909 3477 σωτηρία.
1827 3406 1941 3462 luta
1964 3407 2007 3460 ".

658 3488 663 3495 ’
689 3498 841 3554 Θ¹.--
883 3495 969 3563 Τῷ
993 3498 1175 3564 αὐτῷ.

2385 3503 2472 3559 lX.
2516 3532 2585 3547 -
2629 3506 2838 3563 Eidem.

220 3591 394 3661 Φησὶν
422 3591 450 3645 ὁ
479 3589 765 3654 θεσπέσιος
808 3590 1058 3652 Ἡσαΐας·
1112 3608 1131 3642 t
1166 3590 1283 3645 ’Ίνα
1327 3589 1577 3645 εἴπωσιν
1612 3592 1729 3646 Οὐκ

1900 3594 2126 3651 Divinus
2181 3596 2359 3667 inquit
2400 3596 2566 3653 lsaias
2614 3616 2629 3654 :
2682 3618 2702 3651 ι
2752 3600 2824 3657 Ut
2868 3598 3101 3655 dicant“.
3145 3595 3269 3653 Non
3318 3603 3403 3653 est

148 3682 302 3735 ἐστιν
351 3680 428 3746 ὡς
462 3681 525 3734 τδ
570 3681 722 3752 ῥῆμα
764 3680 942 3746 τοῦτο,
996 3682 1128 3756 περὶ
1160 3676 1223 3735 οὗ
1259 3683 1361 3735 οὐκ
1392 3681 1509 3735 ἔστι
1545 3681 1681 3735 δοῦνι

1869 3690 1973 3744 icut
2014 3689 2239 3744 verbum
2281 3688 2406 3756 hoc,
2442 3705 2542 3760 pro
2581 3707 2693 3762 quo
2732 3692 2876 3747 dona
2924 3691 3109 3746 oﬂ‘erri
3139 3706 3247 3745 non
3277 3705 3402 3759 pos-

147 3773 319 3845 δῶρα.
359 3792 378 3825 ι
412 3773 577 3826 Οὐδὲν
626 3771 735 3844 γὰρ
788 3772 1042 3839 ἀντάξιον
1096 3773 1450 3845 εὑρεθήσεται
1476 3775 1576 3845 τῆς
1629 3791 1680 3827 τε

1868 3790 1957 3835 unt
1979 3781 2023 3835 ⁸.
2064 3798 2082 3832 ι
2117 3779 2262 3836 Nihil
2307 3782 2453 3837 enim
2498 3783 2767 3839 Dominici
2811 3783 3049 3839 nominis
3100 3782 3401 3854 professio-

148 3864 484 3918 Δεσποτικοῦ
514 3864 774 3935 ὀνόματος
826 3866 1139 3937 ὁμολογίας,
1188 3867 1283 3921 καὶ
1315 3866 1416 3937 τῆς
1449 3883 1681 3937 παρασχι

1870 3874 1937 3939 is,
1992 3881 2048 3928 et
2091 3873 2306 3928 tradita!
2335 3873 2385 3945 5
2419 3875 2579 3931 nobis
2624 3876 2833 3939 beatae,
2872 3883 3185 3945 sanctaque
3214 3875 3403 3945 cogni-

151 3956 341 4025 θείσης
372 3957 505 4026 ἡμῖν
545 3957 844 4027 μακαρίας,
885 3957 983 4011 καὶ
1028 3957 1191 4027 ἀγίας
1211 3957 1487 4026 γνώσεως.
1528 3958 1684 4010 Διόπε

1874 3958 1997 4013 onis
2027 3958 2203 4014 instar
2239 3975 2364 4017 esse
2407 3969 2608 4032 potest.
2640 3962 2822 4030 Quare
2852 3979 2963 4019 non
3022 3965 3120 4019 abs
3152 3981 3210 4019 re
3238 3964 3400 4017 Davi-

151 4050 246 4102 ὲπὶ
270 4048 443 4117 τούτῳ
472 4048 679 4102 δίκαιον
713 4048 895 4117 λέγειν
930 4049 993 4103 τὸ
1038 4050 1322 4104 Δαυῖτικὸν
1365 4049 1566 4119 λόγιον·
1607 4068 1626 4100 ί
1660 4051 1684 4101 'l

1867 4049 2010 4104 icum
2053 4048 2185 4103 illud
2238 4050 2634 4105 enuntiandum
2679 4061 2803 4106 est:
2838 4069 2858 4102 ι
2899 4050 3039 4116 Quid
3098 4051 3398 4105 retribuam

148 4139 513 4195 ἀνταποδώσω
569 4139 647 4211 τῷ
684 4140 875 4211 Κυρίῳ
919 4141 1051 4213 περὶ
1096 4142 1316 4195 πάντων
1366 4134 1441 4195 ὧν
1501 4142 1679 4195 ἀνταπ

1859 4139 2063 4195 Domino
2092 4156 2194 4210 pro
2227 4142 2510 4205 omnibus,
2541 4156 2662 4212 quae
2692 4143 2944 4199 retribuit
2973 4143 3106 4197 mihi
3137 4142 3185 4197 ’?
3220 4162 3238 4194 ι
3269 4156 3392 4197 CIIII]

150 4232 295 4285 δωκέ
333 4249 452 4302 μοις
492 4252 511 4284 ι
553 4232 736 4286 πίστιν
776 4232 977 4298 λαϐὼν,
1032 4233 1127 4286 καὶ
1156 4232 1488 4296 ἀνταποδοὺς
1525 4231 1683 4299 γνῶσι

1867 4233 1990 4288 dem
2039 4234 2337 4303 acceperit,
2387 4241 2445 4289 et
2485 4234 2803 4290 retribuerit
2830 4236 3198 4307 cognitionem
3234 4235 3399 4289 coele-

150 4324 495 4394 ἐπουράνιον.
539 4325 606 4377 Ἦ
652 4325 761 4397 γὰρ
824 4325 956 4390 ἁγία
1004 4325 1207 4395 γνῶσις
1256 4325 1466 4398 μυρίων
1503 4324 1683 4395 ἀγαθιῖ

1864 4321 2211 4380 tem.Sancta
2240 4324 2442 4396 quippe
2470 4326 2714 4397 cognitio
2747 4329 3040 4383 innumera
3080 4328 3224 4382 bona
3250 4328 3304 4381 in
3339 4345 3397 4383 se

150 4420 269 4472 ἐστι
307 4417 650 4490 περιεκτική.

564 4417 650 4490 κή.
1753 4398 1801 4457 ο
1826 4416 2097 4472 continet.

699 4510 743 4565 1.
777 4541 847 4552 -
880 4509 964 4577 Τῷ
995 4509 1176 4575 αὐτῷ.

2404 4508 2472 4563 Χ.
2508 4540 2580 4551 —-
2614 4509 2824 4565 Eidem.

219 4600 379 4664 Τινὲς
404 4600 484 4670 τῷ
513 4600 664 4673 θέρει
706 4604 771 4657 ὲκ
812 4604 1051 4673 λιμένων
1095 4603 1422 4673 ἀναχθέντες
1452 4604 1721 4675 ἐναυάγη-

1895 4598 2159 4656 Nonnulli
2215 4608 2407 4656 aestate
2458 4601 2736 4658 solventes
2777 4616 2809 4657 e
2858 4612 3017 4672 portu
3053 4602 3400 4676 naufragium

147 4710 273 4754 σαν,
324 4692 469 4756 τινὲς
521 4692 581 4745 δὲ
644 4693 705 4746 ἐν
744 4694 974 4764 χειμῶνι
1041 4692 1372 4754 πλεύσαντες
1423 4692 1680 4747 ἀκινδύνω

1866 4701 2108 4759 :cerunt;
2144 4693 2235 4747 alii
2275 4693 2456 4749 hieme
2495 4693 2703 4764 absque
2750 4693 2865 4748 ullo
2894 4694 3213 4751 discrimine
3236 4705 3399 4750 vento

148 4784 451 4854 ἐσώθησαν.
508 4782 672 4837 Πόσοι
734 4784 780 4837 δ’
835 4783 1067 4855 ἀθληταὶ
1119 4784 1493 4839 ἀνενδοίαστον
1564 4784 1681 4856 νίκη

1865 4783 2234 4839 ecundissimo
2283 4799 2407 4840 sese
2459 4783 2720 4840 ﬂuctibus
2778 4787 3194 4842 commiserunt.
3253 4788 3398 4854 Quot

148 4876 618 4947 προσδοκήσαντες
674 4875 1021 4947 ἠττήθησαν;
1056 4878 1106 4930 οί
1157 4877 1213 4931 δὲ
1259 4877 1355 4931 καὶ
1401 4877 1681 4948 δευτερείω

1864 4890 1958 4929 .em
1987 4876 2207 4931 athletze
2226 4876 2597 4931 indubitatam
2628 4877 2916 4933 victoriam
2941 4878 3044 4933 sibi
3073 4881 3397 4948 promitten-

149 4968 533 5037 ἀπεγνωκότες
569 4967 641 5023 τὰ
690 4970 935 5039 πρωτεῖα
965 4968 1512 5038 ἐστεφανηφόρησαν;
1566 4970 1682 5039 Μήτ

1865 4982 1911 5021 es
1949 4968 2199 5038 superati
2250 4970 2420 5023 sunt?
2461 4975 2599 5037 quot
2641 4979 2696 5023 et
2744 4969 2812 5023 de
2858 4968 3121 5024 secundis
3159 4970 3398 5039 prmmiis

150 5054 244 5111 οὖν
297 5058 750 5129 καταφρονῶμεν,
807 5058 949 5128 μήτε
993 5057 1409 5129 ἀπελπίζωμεν,
1466 5059 1583 5113 ἀλλ’
1634 5060 1683 5129 ἐς

1865 5068 2189 5130 esperantes
2213 5061 2449 5131 primam
2471 5062 2718 5117 victoriae
2742 5061 2980 5131 palmam
3011 5062 3397 5118 obtinuerunt?

151 5152 323 5205 ἅπασι
347 5151 640 5224 πράγμασι
673 5154 742 5223 τῇ
792 5151 927 5222 εὑχῇ
962 5150 1335 5222 κολληθῶμεν.

1862 5150 1941 5206 lon
1972 5152 2159 5222 itaque
2186 5155 2549 5225 negligemus,
2586 5170 2764 5224 neque
2793 5163 2974 5208 mente
3017 5156 3395 5219 concidamus,

1822 5243 1918 5299 sed
1949 5243 2119 5301 rebus
2152 5244 2207 5299 in
2235 5246 2497 5303 omnibus
2536 5246 2775 5301 orationi
2816 5246 3201 5303 inhaareamus.

672 5333 852 5386 lA'.——-
895 5329 981 5395 Τῷ
1007 5329 1188 5395 αὐτῷ.

2400 5335 2492 5392 XI.
2523 5368 2594 5377 —
2614 5337 2824 5393 Eidem.

222 5425 355 5480 Εἰπὲ
408 5425 542 5496 πρὸς
578 5425 668 5479 τὸν
704 5425 794 5478 σὺν
844 5425 1081 5494 ἑταῖρον,
1113 5423 1194 5476 ὅτι
1229 5422 1502 5493 θερμότης
1528 5423 1721 5495 ἀχαλί-

1892 5425 2077 5483 Eﬂ'are
2114 5429 2305 5484 amico
2345 5437 2462 5495 tuo,
2503 5430 2718 5499 absque
2746 5429 2978 5486 habenis
3016 5431 3280 5501 impetum
3315 5444 3400 5483 ar-

151 5534 316 5579 υωτος
351 5516 622 5586 μεγίστων
648 5517 834 5571 κακῶν
863 5515 1125 5586 πρόξενος
1162 5516 1274 5578 τοῖς
1298 5514 1605 5586 ἀνθρώποις
1631 5516 1684 5584 γί

1865 5536 2131 5590 oramque
2211 5522 2451 5576 maxima
2514 5524 2844 5579 mortalibus
2914 5522 3113 5578 afferre
3183 5524 3397 5601 incom-

150 5626 318 5663 νεται.
568 5666 573 5667 ν

568 5666 573 5667 ,
1829 5612 2006 5667 moda.

224 5725 247 5755 ⁸
271 5722 415 5779 Psal.
446 5740 634 5794 nux,
670 5724 755 5789 l5,
783 5725 801 5755 ⁵
828 5739 903 5791 tv,
938 5723 1146 5794 chm,
1188 5722 1239 5777 1.
1317 5722 1336 5752 ⁸
1369 5721 1511 5776 Psal.
1537 5738 1729 5789 χχχιιι,

1924 5730 1941 5760 '
1978 5725 2136 5783 Rom.
2178 5745 2234 5795 κ,
2272 5729 2359 5783 10.-
2433 5730 2454 5760 ⁸
2488 5728 2594 5784 Ιεοι
2629 5745 2746 5796 vm,
2787 5727 2877 5785 20.
2953 5731 2976 5761 ’
3013 5727 3159 5785 Psal.
3191 5741 3314 5793 cxv,
3340 5727 3395 5782 5.
