3882 6036
485 255 555 319 87
1986 253 2050 313 S.

2175 252 2255 312 L1

1028 361 1153 417 XII.
1194 392 1263 401 —
1299 352 1507 417 Eidem.
2076 365 2129 425 Α

553 454 658 523 Qui
686 457 896 522 omnia,
935 458 1112 528 inquit
1150 458 1217 523 ¹⁹,
1260 456 1412 523 facit,
1445 464 1501 511 et
1537 455 1717 510 omnia
1758 455 2053 509 immutans

492 549 763 605 convertit
821 549 1051 620 primam
1078 549 1270 613 ,lucem
1319 549 1374 601 in
1434 548 1677 601 umbram
1731 547 1944 611 mortis,
1981 551 2055 611 et

489 652 705 697 noctem
760 641 816 695 in
867 641 1010 695 diem
1063 639 1390 695 obtenebrat
1420 657 1434 693 :
1466 639 1582 708 ipse
1623 636 1769 691 enim
1817 645 1922 698 est,
1957 636 2053 706 qui

489 733 857 797 conditiones,
886 742 942 787 et
973 744 1238 804 tempora,
1291 742 1345 789 et
1392 747 1477 787 res
1527 729 1877 784 transmutat.
1911 728 2056 785 Con-

487 827 652 882 vertit
711 840 843 896 ergo
890 823 1035 880 Deus
1094 826 1344 880 umbram
1400 824 1623 886 mortis,
1684 823 1739 877 in
1797 822 2078 895 virtutem

486 932 704 989 nempe,
735 926 790 972 et
814 915 1277 980 consolationem,
1318 925 1372 972 et
1403 915 1751 987 splendorem
1783 922 2056 986 permutat

486 1010 872 1082 peccatricem,
912 1016 967 1064 et
1022 1009 1383 1080 caliginosam
1425 1007 1817 1064 conditionem.
1858 1007 2057 1062 Facul-

488 1110 657 1157 tatem
692 1116 915 1173 quoque
954 1100 1060 1156 sibi
1096 1100 1339 1155 vindicat
1386 1100 1529 1155 diem
1575 1094 1631 1171 6
1676 1100 1854 1154 noctis
1885 1101 2056 1153 instar

486 1195 907 1260 obtenebrandi,
942 1196 1062 1251 lata
1081 1195 1297 1251 scilicet
1327 1205 1383 1251 et
1405 1195 1691 1265 splendida
1721 1194 1777 1248 in
1810 1193 2054 1248 tristiora

488 1297 651 1357 atque
690 1287 1055 1344 inamaeniora
1087 1287 1504 1343 transvehendi.

1024 1394 1147 1449 XIII
1181 1426 1271 1452 .-—
1303 1394 1512 1449 Eidem.

569 1507 587 1540 ι
629 1489 913 1558 Quisquis,
940 1489 1037 1549 ait,
1074 1499 1268 1543 octavo
1315 1488 1405 1543 die
1451 1503 1562 1542 non
1596 1484 2053 1551 circumciditur,

486 1584 941 1641 exterminabitur
982 1584 1045 1637 “.
1090 1601 1107 1634 ι
1162 1582 1345 1636 Infans
1398 1580 1532 1634 nulli
1578 1580 1712 1633 vitio
1759 1578 2053 1644 obnoxius,

486 1684 543 1730 et
582 1675 917 1745 intelligendi
958 1675 1224 1729 facultate
1276 1672 1429 1726 nullo
1478 1671 1638 1726 modo
1688 1671 1972 1740 praeditus,
2008 1670 2053 1727 si
2085 1704 2129 1759 Β

488 1766 848 1822 circumcisus
882 1779 990 1818 non
1037 1764 1229 1829 fuerit,
1257 1778 1368 1816 non
1407 1762 1654 1832 punitur,
1680 1763 1775 1817 sed
1802 1772 2055 1832 parentes

488 1858 673 1929 potius
729 1858 877 1912 illius
920 1856 1251 1927 castigandi.
1298 1856 1368 1910 At
1406 1856 1520 1921 ille,
1552 1856 1628 1909 mi
1659 1855 1842 1918 homo,
1879 1854 2054 1924 punit,

490 1950 535 2004 si
562 1964 658 2019 per
692 1949 852 2004 fidem
876 1958 931 2003 et
961 1950 1271 2004 orationem
1301 1947 1729 2013 circumcidens,
1754 1963 1818 2001 ex
1844 1957 1897 2003 te
1926 1948 2057 2001 vitia

490 2056 599 2095 non
643 2040 921 2111 depuleris
954 2056 968 2093 :
1009 2040 1252 2096 infantes
1287 2041 1433 2096 enim
1489 2056 1615 2096 esse
1657 2041 1867 2094 malitia
1904 2040 2058 2116 jubet

488 2132 785 2209 Apostolus
833 2134 897 2187 ¹¹.
949 2132 1427 2188 Circumcidamns
1465 2133 1651 2205 itaque
1687 2134 2057 2203 nosmetipsos

490 2225 674 2295 gladio
718 2224 987 2295 Spiritus,
1035 2224 1179 2301 diem
1212 2233 1493 2289 octavam,
1541 2224 1646 2279 hoc
1689 2235 1773 2281 est
1818 2225 2056 2279 futurum

489 2314 751 2368 saeculum
784 2312 1160 2383 respicientes.
1197 2312 1671 2369 Circumcidamus
1693 2328 1820 2369 vero
1841 2306 2061 2368 omnem

492 2403 680 2456 carnis
730 2401 1148 2471 cogitationem,
1190 2411 1243 2457 et
1282 2417 1612 2470 sermonem,
1656 2410 1712 2458 et
1770 2418 1909 2474 opus
1954 2402 2060 2457 ini-

491 2509 685 2563 quum,
736 2509 804 2548 ne
840 2492 1248 2563 disperdamur,
1301 2503 1355 2549 et
1384 2494 1689 2550 alienemur
1721 2511 1752 2550 e
1781 2494 1961 2550 medio
1994 2494 2059 2548 il-

493 2586 600 2639 lius
630 2582 841 2655 populi,
872 2585 966 2655 qui
998 2586 1244 2640 salvatur
1270 2600 1369 2655 per
1398 2583 1703 2643 Christum.

1015 2671 1156 2727 XIV.
1186 2702 1252 2713 —
1283 2672 1490 2730 Eidem.

564 2781 585 2817 ι
626 2763 766 2820 Ecce
797 2764 943 2820 oculi
979 2763 1193 2821 Domini
1221 2778 1388 2836 super
1413 2765 1739 2821 timentibus
1767 2781 1915 2830 eum,
1937 2782 2060 2837 spe-

492 2856 748 2912 rantibus
780 2872 977 2924 nempe
1028 2858 1082 2911 in
1134 2857 1571 2913 misericordiam
1604 2857 1752 2914 illius
1778 2859 1844 2913 “.
1891 2877 1907 2910 ι
1953 2857 2059 2924 Qui

489 2945 759 3015 justitiam
821 2948 1087 3017 consequi
1136 2963 1205 3003 ex
1261 2948 1524 3018 operibus
1580 2964 1690 3003 non
1750 2958 2056 3018 exspectat,

3682 251 3761 312 83

2665 364 2765 417 IB'.
2799 393 2868 406 --
2906 363 2989 430 Τῷ
3016 362 3196 429 αὐτῷ.

2236 455 2294 508 ’0
2320 455 2509 520 ποιῶν,
2549 457 2704 527 φησι,
2758 454 2955 522 πάντα,
3004 456 3100 509 καὶ
3140 455 3602 525 μετασκευάζων,
3652 457 3758 509 καὶ

2154 549 2434 620 ἐκτρέπων
2466 550 2545 611 είς
2572 549 2633 602 τὸ
2670 547 2814 620 πρωῒ
2837 550 2993 601 σκιὰν
3026 547 3277 609 θανάτου,
3313 548 3409 603 καί¹
3437 548 3630 602 νύκτα
3668 551 3758 614 είς

2154 640 2367 711 ἡμέραν
2416 639 2782 704 συσκοτάζων·
2846 640 3007 701 αὐτὸς
3053 640 3163 712 γάρ
3213 642 3364 693 ἐστιν
3410 641 3439 693 6
3491 639 3758 693 ἀλλοιῶν

2154 732 2536 799 καταστάσεις,
2586 734 2680 785 καὶ
2728 731 2975 802 χρόνους,
3018 732 3112 785 καὶ
3156 732 3475 803 πράγματα·
3528 732 3754 802 ἐκτρέ-

2155 841 2244 878 πει
2271 820 2362 878 οὖν
2383 826 2411 879 6
2439 823 2572 888 Θεὸς
2609 823 2707 895 τὴν
2743 827 2900 879 σκιὰν
2934 826 3028 879 τοῦ
3057 826 3307 889 θανάτου,
3338 826 3638 879 τουτέστιν
3666 828 3755 888 εἰς

2154 917 2375 989 ἀρετὴν,
2433 918 2528 971 καὶ
2571 917 2855 989 εὐθυμίαν,
2903 920 2999 973 καὶ
3051 920 3348 991 φαινότητα
3393 917 3751 989 μεταϐάλλει

2153 1010 2251 1081 τὴν
2285 1011 2685 1084 ἁμαρτητικὴν,
2729 1013 2822 1066 καὶ
2876 1012 3155 1082 σκοτεινὴν
3204 1012 3565 1066 κατάστασιν.
3624 1012 3750 1077 Ἐξ-

2153 1099 2341 1153 ουσίαν
2391 1100 2447 1153 δὲ
2475 1099 2586 1171 ἔχει
2619 1103 2713 1155 καὶ
2764 1103 2976 1174 ἡμέραν
3020 1103 3100 1166 είς
3153 1100 3323 1154 νύκτα
3365 1100 3745 1153 συσκοτάσαιο

2152 1191 2427 1245 τουτέστιν
2458 1191 2526 1245 τὰ
2556 1194 2851 1264 περιχαρῆ,
2876 1194 2969 1246 καὶ
2992 1191 3243 1263 λαμπρὰ,
3266 1184 3357 1244 ἐπὶ
3378 1190 3439 1244 τὸ
3470 1190 3745 1261 σκυθρω·

2154 1282 2378 1352 πότερον
2402 1282 2724 1352 μεταθεῖναι.

2668 1392 2857 1445 ΙΓ’.--
2895 1390 2979 1457 Τῷ
3023 1391 3201 1457 αὐτῷ.

2233 1501 2251 1533 ι
2282 1481 2349 1535 Εἴ
2373 1498 2457 1545 τις
2479 1481 2555 1552 μὴ
2580 1482 2908 1554 περιτμηθῇ,
2939 1483 3093 1552 φησὶ,
3124 1485 3189 1553 τῇ
3211 1481 3371 1553 ὀγδόῃ
3405 1480 3625 1552 ἡμέρᾳ,
3657 1479 3743 1546 ἐξ·

2158 1573 2634 1645 ολοθρευθήσεται.
2673 1593 2692 1626 )
2722 1575 2858 1645 Οὐχὶ
2881 1573 2941 1627 τὸ
2969 1575 3173 1629 ἄκακον
3231 1573 3322 1627 καὶ
3362 1573 3601 1642 ἀνόητον
3641 1573 3741 1642 νή-

2158 1682 2279 1719 πιον
2310 1665 2616 1730 κολάζεται,
2671 1668 2745 1738 μὴ
2774 1666 3129 1737 περιτμηθέν·
3166 1665 3367 1736 μᾶλλον
3415 1664 3527 1733 γὰρ
3560 1662 3742 1734 ἐχρῆν

2156 1754 2283 1818 τοὺς
2323 1758 2498 1823 γονεῖς
2544 1756 2922 1827 τιμωρεῖσθαι.
2992 1755 3130 1808 Ἀλλ’
3170 1755 3331 1817 αὐτὸς
3384 1752 3639 1816 κολάζει,
3682 1746 3742 1815 νῶ

2156 1849 2429 1921 ἄνθρωπε,
2464 1847 2558 1900 ἐὰν
2581 1847 2656 1918 μὴ
2689 1847 2776 1901 διὰ
2798 1848 3031 1911 πίστεως
3066 1848 3162 1901 καὶ
3192 1848 3352 1917 εὐχῆς
3382 1844 3741 1915 περιτμηθῇς

2155 1943 2254 2015 τὴν
2269 1943 2485 1997 κακίαν·
2529 1939 2812 2012 νηπιάζειν
2847 1941 2955 2011 γὰρ
2987 1943 3053 2011 τῇ
3085 1941 3252 2009 κακίᾳ
3271 1938 3481 1991 κελεύει
3519 1936 3739 1991 ὁἈπόο

2158 2034 2361 2098 στολος.
2398 2034 2655 2096 Ἑαυτοὺς
2695 2033 2876 2087 τοίνυν
2928 2031 3344 2103 περιτέμνωμεν
3388 2033 3453 2101 τῇ
3484 2030 3743 2101 μαχαίρᾳ

2155 2126 2250 2183 τοῦ
2267 2125 2408 2181 Πνεύ
2416 2144 2605 2198 ματος,
2628 2125 3031 2187 ἀποϐλέποντες
3053 2126 3132 2188 είς
3153 2125 3252 2194 τὴν
3271 2123 3461 2195 ὀγδόην
3492 2123 3739 2193 ἡμέραν,

2156 2219 2433 2273 τουτέστιν
2459 2219 2539 2281 είς
2564 2217 2656 2271 τὸν
2693 2216 2950 2288 μέλλοντα
2974 2215 3166 2270 αἰῶνα.
3192 2213 3666 2284 Περιτεμνώμεθα
3686 2212 3741 2264 δὲ

2159 2312 2266 2365 πᾶν
2294 2308 2552 2380 σαρκικὸν
2600 2308 2874 2379 φρόνημα,
2906 2307 3000 2359 καὶ
3028 2305 3184 2373 λόγον
3226 2304 3319 2357 καὶ
3358 2302 3523 2374 ἔργον
3561 2302 3743 2372 παρά-

2158 2415 2338 2470 νομον,
2375 2397 2465 2453 ἵνα
2498 2398 2574 2470 μὴ
2605 2390 3097 2467 ὲξολοθρευθῶμεν,
3132 2396 3231 2449 καὶ
3276 2392 3742 2464 ἀλλοτριωθῶμεν

2159 2491 2224 2544 ὲκ
2260 2491 2426 2561 μέσου
2462 2488 2556 2544 τοῦ
2586 2489 2718 2544 λαοῦ
2748 2488 2856 2543 τῶν
2885 2487 3207 2559 σωζομένων
3240 2488 3327 2541 διὰ
3362 2485 3632 2556 Χριστοῦ.

2682 2673 2779 2726 ΙΔ’.
2814 2703 2879 2713 -
2918 2669 3000 2736 Τῷ
3023 2668 3201 2735 αὐτῷ.

2235 2786 2252 2817 ι
2296 2766 2423 2819 Ἰδοὺ
2464 2765 2515 2818 oi
2542 2763 2807 2833 ὀφθαλμοὶ
2831 2754 3035 2832 Κυρίου
3077 2763 3169 2813 ἐπὶ
3202 2760 3329 2823 τοὺς
3364 2757 3739 2829 φοϐουμένους

2159 2858 2341 2918 αὑτὸν,
2373 2857 2499 2920 τοὺς
2531 2855 2848 2919 ἐλπίζοντας
2885 2854 2975 2906 ἐπὶ
3005 2853 3066 2907 τὸ
3099 2852 3244 2916 ἔλεος
3267 2850 3451 2906 αὐτοῦ.
3489 2869 3508 2902 ι
3560 2852 3624 2904 '0
3662 2850 3735 2920 μὴ

2161 2947 2475 3019 προσδοκῶν
2505 2946 2566 3011 ἐξ
2588 2944 2766 3015 ἔργων
2785 2944 3162 3015 δικαιωθῆναι,
3199 2945 3367 3015 μόνην
3392 2942 3506 3013 ἔχει
3542 2942 3735 2995 ἐλπίδα

494 3044 703 3092 tantum
744 3053 895 3107 spem
935 3053 1048 3093 suae
1086 3038 1283 3093 salutis
1312 3039 1367 3091 in
1393 3038 1807 3094 misericordias
1833 3038 2051 3094 Domini

2175 3040 2429 3111 ιωτηρίας
2455 3039 2580 3102 τοὺς
2607 3038 2959 3107 οίκτειρμοὺς
2986 3034 3077 3089 τοῦ
3106 3034 3262 3087 Θεοῦ’
3287 3033 3536 3103 ὅτανγὰρ
3565 3031 3733 3085 ἀκού·

492 3128 826 3185 collocavit:
868 3146 997 3185 cum
1031 3130 1175 3185 enim
1215 3130 1471 3195 audierit,
1508 3129 1674 3186 Deum
1702 3146 2064 3203 unumquem-

497 3235 600 3291 que
645 3221 950 3276 secundum
998 3236 1160 3291 opera
1206 3233 1717 3289 remuneraturum,
1770 3224 2064 3293 animoque

498 3322 684 3362 secum
718 3308 836 3377 ipse
873 3324 1005 3364 suas
1029 3311 1263 3365 volverit
1287 3310 1438 3365 labes
1471 3318 1527 3365 et
1552 3304 1907 3365 Conscientia:
1940 3311 2064 3365 vul-

498 3414 651 3461 nera,
684 3415 874 3469 ptenas
902 3402 1077 3463 timet,
1111 3410 1165 3456 et
1198 3402 1367 3457 minis
1402 3402 1734 3459 absterritus
1775 3403 2062 3470 formidat;

498 3503 568 3545 ne
608 3505 740 3544 vero
778 3506 807 3544 a
846 3506 1082 3547 maerore
1141 3491 1477 3559 suﬂ'ocetur,
1539 3493 1597 3547 in
1651 3493 2065 3550 misericordias

498 3579 615 3647 Dei,
666 3581 927 3653 illius'que
957 3574 1353 3640 humanitatem
1405 3600 1555 3656 spem
1586 3599 1742 3641 suam
1771 3586 2063 3641 convertit.

1046 3672 1165 3729 XV.
1197 3704 1268 3714 -—
1302 3673 1513 3730 Eidem.

563 3760 699 3818 Illud
735 3764 983 3835 Apostoli
1019 3780 1034 3817 :
1083 3783 1103 3816 ι
1133 3760 1194 3819 In
1229 3775 1411 3820 atomo
1436 3765 1501 3829 “,
1550 3785 1568 3818 ι
1605 3764 1746 3821 idem
1779 3779 1881 3827 εει.
1923 3781 1988 3822 ac
2021 3768 2066 3831 si

494 3854 620 3925 quis
645 3855 807 3921 alius,
828 3855 1165 3912 indivisibile
1194 3865 1529 3913 momentum
1564 3859 1826 3928 temporis
1843 3856 2067 3915 diceret.

1015 4033 1068 4103 7
1089 4031 1227 4088 xvn.
1254 4032 1546 4088 —Eidem.
2064 4084 2070 4088 _

574 4122 838 4196 Spiritum
857 4126 1151 4195 accepisti,
1168 4127 1263 4197 qui
1287 4135 1571 4183 scrutatur
1591 4126 1684 4184 Dei
1704 4126 1976 4199 profunda
2006 4132 2068 4194 ³⁵,

497 4232 604 4272 non
659 4224 721 4270 ut
776 4215 871 4271 Dei
915 4225 1165 4271 naturam
1227 4218 1688 4288 comprehendas,
1751 4222 1830 4275 uti
1890 4206 2071 4276 mente

496 4316 690 4377 captus
725 4306 1023 4363 Eunomius
1053 4311 1420 4377 asseverabat,
1456 4311 1551 4366 sed
1591 4322 1647 4367 ut
1691 4311 1963 4382 profunde
2019 4324 2072 4368 et

500 4401 782 4468 sapienter
833 4399 1064 4469 gloriam
1110 4400 1341 4457 Domino
1381 4404 1643 4459 exhibeas
1675 4424 1689 4460 :
1724 4421 1960 4475 namque
1993 4406 2068 4461 ait

500 4490 836 4560 Aposmlus:
864 4509 882 4542 ι
906 4491 1129 4561 Egomet
1156 4506 1265 4546 non
1286 4492 1528 4547 arbitror
1559 4495 2063 4563 comprehendisse,

500 4597 701 4652 sequor
744 4589 947 4647 autem,
987 4582 1033 4636 si
1071 4598 1181 4651 quo
1240 4581 1402 4637 modo
1446 4584 1907 4655 comprehendam
1931 4587 1995 4638 ⁸⁸.
2041 4604 2059 4637 ι

1017 4673 1181 4730 XVII.
1227 4703 1303 4717 —
1334 4674 1541 4732 Eidem.

572 4766 714 4832 Quid
734 4766 867 4821 illud
899 4776 1022 4823 est:
1064 4787 1085 4819 ι
1127 4769 1239 4825 Nos
1273 4769 1611 4825 intellectum
1657 4770 1862 4827 Christi
1904 4770 2071 4825 habe-

504 4872 629 4913 mus
676 4859 764 4912 "1'
799 4877 818 4911 ι
880 4856 1170 4930 Purgatam
1236 4863 1447 4918 scilicet
1477 4862 1683 4920 habens
1740 4864 2067 4933 praecipuam

506 4951 673 5004 animi
720 4961 927 5019 partem
989 4968 1157 5023 pure,
1212 4962 1267 5011 et
1322 4955 1631 5011 sublimiter
1676 4955 1974 5021 discurro,
2017 4964 2071 5011 et

507 5041 789 5111 splendide
817 5044 982 5097 vitam
1016 5044 1181 5099 duco.

1018 5134 1207 5190 XVIII.
1240 5165 1310 5176 —
1347 5134 1553 5190 Eidem.

582 5224 848 5294 Spiritum
904 5228 1254 5299 accepimus,
1287 5228 1489 5283 fatetur
1525 5229 1824 5298 Apostolus
1854 5231 1919 5291 ",
1960 5245 2068 5285 non

515 5327 574 5371 ut
631 5318 999 5387 addiscamus,
1061 5335 1310 5391 quanam
1363 5320 1435 5376 sit
1495 5321 1823 5377 adamussim
1890 5323 2071 5377 divina

510 5420 725 5475 natura,
755 5410 851 5467 sed
906 5419 965 5465 ut
1005 5412 1369 5482 intelligamus
1417 5413 1624 5467 intluita
1661 5414 1796 5468 bona
1843 5430 2069 5471 munera

620 5606 664 5639 “
702 5607 866 5661 Alnos
894 5624 949 5669 v,
995 5607 1047 5661 8.
1155 5608 1382 5661 10’(ἶοιι.
1425 5624 1558 5673 xvn,
1624 5610 1710 5665 I4.

443 5697 463 5709 κ
521 5676 566 5710 ¹δ
599 5678 619 5733 l
659 5676 785 5744 Dor,
813 5694 872 5744 ιι,
899 5676 984 5733 l0.
1062 5678 1103 5710 "
1128 5676 1360 5748 Philipp.
1392 5695 1474 5747 ιιι,
1504 5680 1587 5735 12.

1824 5612 1865 5641 ¹¹
1922 5612 1936 5664 I
1965 5612 2091 5665 Cor.
2129 5628 2270 5673 xnn,
2301 5610 2389 5664 9.0'

1669 5679 1895 5738 “lCor.
1925 5698 1985 5746 ιι,
2036 5682 2121 5735 I6.
2163 5683 2206 5713 ”
2238 5680 2371 5739 Ibid.
2408 5682 2491 5737 12.
2578 5762 2593 5779 Ι

2166 3132 2334 3206 σῃὸτι
2359 3132 2387 3182 6
2425 3129 2558 3206 Θεδς
2588 3127 2856 3182 ἀποδώσει
2877 3128 3090 3197 ἑκάστῳ
3121 3125 3259 3180 κατὰ
3289 3126 3358 3179 τὰ
3388 3124 3524 3196 ἔργα
3544 3122 3731 3186 αὑτοῦ,

2163 3204 2258 3276 καὶ
2283 3204 2565 3291 λογίσηται
2593 3219 2785 3273 ἑαυτοῦ
2816 3218 2885 3273 τὰ
2912 3219 3048 3290 ἔργα
3089 3219 3189 3287 τῆς
3224 3217 3520 3288 ἁμαρτίας,
3551 3214 3734 3283 φοϐεῖ-

2162 3331 2251 3367 ται
2285 3313 2382 3383 μὲν
2406 3311 2506 3379 τὴν
2534 3309 2774 3373 κόλασιν,
2818 3309 2913 3362 καὶ
2948 3307 3289 3378 ὑποπτήσσει
3329 3309 3442 3368 τοῖς
3473 3303 3727 3359 ἀπειλου-

2170 3404 2370 3474 μένοις.
2402 3402 2545 3473 Πρὸς
2570 3402 2627 3455 δὲ
2655 3399 2717 3453 τὸ
2768 3398 2843 3470 μὴ
2872 3398 3255 3467 καταποθῆναι
3284 3396 3386 3469 ὑπὸ
3407 3397 3505 3466 τῆς
3533 3394 3724 3465 λύπης,

2169 3494 2388 3557 εὔελπίς
2418 3495 2533 3546 ὲστι
2580 3493 2715 3563 πρὸς
2741 3490 2866 3555 τοὺς
2910 3490 3255 3561 οίκτειρμοὺς
3306 3488 3399 3541 τοῦ
3440 3486 3597 3549 Θεοῦ,
3639 3485 3727 3539 καὶ

2166 3587 2228 3641 τὸ
2250 3586 2625 3657 φιλάνθρωπον
2654 3582 2993 3638 ἀποϐλέπων.

2651 3675 2750 3729 IE'.
2795 3704 2864 3718 --
2886 3673 2971 3740 Τῷ
2991 3670 3171 3737 αὐτῷ.

2239 3770 2312 3823 Τὸ
2340 3768 2624 3840 εἰρημένον
2647 3765 2751 3819 ὑπὸ
2777 3763 2869 3818 τοῦ
2909 3764 3233 3818 Ἀποστόλου
3251 3778 3265 3793 ο
3297 3781 3316 3814 ι
3349 3763 3437 3815 Ἐν
3467 3760 3671 3830 ἀτόμῳ,
3699 3778 3715 3809 ι

2168 3863 2231 3917 τὸ
2267 3858 2527 3932 ἄτμητον,
2587 3860 2662 3923 ὡς
2700 3860 2765 3913 ἄν
2818 3877 2903 3923 τις
2967 3852 3131 3922 εἴποι,
3170 3856 3267 3910 καὶ
3318 3856 3598 3925 ἀκαριαῖον
3635 3850 3721 3905 τοῦ

2171 3955 2366 4027 χρόνου
2399 3952 2567 4024 δηλοῖ.

2302 4066 2303 4073 ‘
2664 4043 2780 4111 ΚΤ.
2807 4075 2879 4089 --
2919 4041 3003 4108 Τῷ
3021 4039 3199 4105 αὐτῷ.

2245 4142 2318 4195 Τὸ
2351 4140 2583 4210 Πνεῦμα
2620 4136 2831 4202 ἔλαϐες,
2858 4135 2919 4188 τὸ
2947 4134 3199 4206 ὲρευνοῦν
3232 4133 3330 4186 καὶ
3356 4127 3423 4183 τὰ
3464 4128 3597 4197 βάθη
3632 4123 3718 4180 τοῦ

2176 4228 2336 4290 Θεοῦ,
2369 4228 2468 4297 οὐχ
2494 4227 2581 4279 ἵνα
2605 4222 2915 4293 καταλάϐῃς
2942 4221 3102 4291 φύσιν
3129 4218 3286 4278 Θεοῦ,
3318 4216 3393 4281 ὡς
3427 4216 3574 4283 λέγει
3618 4213 3717 4266 Εὖ-

2174 4324 2359 4392 νόμιος
2383 4321 2411 4373 6
2437 4314 2751 4389 παραπλὴξ,
2773 4314 2987 4368 ἀλλ’ἵνα
3010 4313 3216 4383 βαθέως
3247 4310 3341 4363 καὶ
3371 4308 3549 4378 σοφῶς
3574 4308 3720 4374 δοξά-

2174 4414 2271 4485 ζῃς
2306 4411 2397 4464 τὸν
2426 4408 2656 4480 Κύριον·
2686 4406 2818 4477 φησὶ
2841 4405 2949 4476 γὰρ
2977 4405 3005 4456 6
3042 4401 3386 4467 Ἀπόστολος,
3430 4401 3511 4454 ὅτι
3537 4419 3556 4452 ι
3589 4398 3721 4467 Ἐγὼ

2174 4503 2328 4557 οὔπω
2363 4500 2647 4570 λογίζομαι
2705 4497 3114 4569 κατειληφέναι,
3151 4493 3331 4547 διώκω
3358 4493 3436 4559 δὲ,
3468 4491 3579 4562 εἴγε
3634 4490 3721 4544 καὶ

2173 4592 2486 4649 καταλάϐω.
2534 4610 2552 4643 ι

2743 4682 2840 4734 ΙΖ’.
2870 4678 2954 4745 Τῷ
3001 4679 3182 4745 αὐτῷ.

2247 4777 2314 4830 Τί
2335 4779 2483 4830 ἐστιν
2512 4792 2526 4805 ·
2569 4794 2587 4826 ι
2620 4774 2807 4843 Ἡμεῖς
2841 4754 3239 4843 νοῦνΧριστοῦ
3296 4772 3521 4842 έχομενς
3551 4789 3567 4821 ι
3598 4770 3719 4821 Του-

2172 4870 2342 4933 τέστι,
2381 4864 2802 4938 Κεκαθαρμένον
2828 4864 2967 4936 έχων
3004 4865 3064 4918 τὸ
3089 4863 3435 4936 ⁴ἡγεμονικὸν,
3484 4861 3717 4930 καθαρῶς

2175 4952 2256 5025 τε,
2291 4959 2388 5013 καὶ
2448 4955 2665 5028 ὑψηλῶς
2722 4953 3058 5024 διανοοῦμαι,
3125 4955 3219 5006 καὶ
3267 4950 3534 5022 λαμπρῶς
3581 4949 3716 5003 πολι-

2173 5050 2421 5121 τεύομαι.

2708 5138 2814 5193 ιη’.
2836 5169 2907 5178 -
2930 5136 3013 5203 Τῷ
3037 5134 3214 5200 αὐτῷ.

2247 5234 2321 5288 Τὸ
2361 5231 2582 5302 Πνεῦμα
2619 5219 2937 5299 εἰλήφαμεν,
2994 5226 3174 5289 καθὼς
3196 5229 3223 5280 6
3269 5224 3598 5286 Ἀπόστολος,
3627 5224 3712 5292 οὐχ

2176 5329 2263 5382 ἴνα
2291 5323 2630 5392 ἐπιστάμεθα
2651 5322 2733 5385 τίς
2765 5322 2881 5373 ἐστι
2906 5322 3045 5374 κατὰ
3073 5320 3171 5390 τὴν
3214 5318 3500 5389 ἀκρίϐειαν
3523 5314 3711 5383 ἡφύσις

2174 5416 2267 5471 τοῦ
2299 5414 2457 5480 Θεοῦ,
2489 5413 2601 5467 ἀλλ’
2635 5412 2721 5466 ἵνα
2748 5412 3026 5484 νοήσωμεν
3055 5409 3122 5463 τὰ
3160 5409 3263 5463 ὑπὸ
3302 5407 3397 5462 τοῦ
3422 5406 3553 5459 Θεοῦ
3575 5421 3713 5477 χαρι-

2506 5611 2546 5640 ¹²
2572 5607 2719 5664 Psal.
2750 5599 2943 5672 ιείιιι,
2972 5605 3058 5665 18.
3169 5606 3213 5637 ⁸³
3253 5605 3272 5659 l
3309 5605 3437 5663 Cor.
3500 5622 3584 5671 xv,
3628 5607 3703 5663 52.
