  <div class='ocr_page' id='page_1' title='image "/cluster/home/n/w/nwhite01/storage/ocr_20150623/79/hvd.32044010610517/052.png"; bbox 0 0 3882 6036; ppageno 0'>
   <div class='ocr_carea' id='block_1_1' title="bbox 139 225 3418 311">
    <p class='ocr_par' dir='ltr' id='par_1_1' title="bbox 139 225 3418 311">
     <span class='ocr_line' id='line_1_1' title="bbox 139 225 3418 311; baseline 0.013 -27"><span class='ocrx_word' id='word_1_1' title='bbox 139 225 221 285; x_wconf 85' lang='lat'><strong>89</strong></span> <span class='ocrx_word' id='word_1_2' title='bbox 1396 238 1934 306; x_wconf 80' lang='lat' dir='ltr'><strong>EPISTOLARUM</strong></span> <span class='ocrx_word' id='word_1_3' title='bbox 1958 248 2104 310; x_wconf 90' lang='lat' dir='ltr'><strong>LIB.</strong></span> <span class='ocrx_word' id='word_1_4' title='bbox 2147 250 2198 310; x_wconf 93' lang='lat' dir='ltr'><strong>I.</strong></span> <span class='ocrx_word' id='word_1_5' title='bbox 3348 246 3418 311; x_wconf 82' lang='lat'><strong>90</strong></span> 
     </span>
    </p>
   </div>
   <div class='ocr_carea' id='block_1_2' title="bbox 145 351 1744 443">
    <p class='ocr_par' dir='ltr' id='par_1_2' title="bbox 145 351 1740 443">
     <span class='ocr_line' id='line_1_2' title="bbox 145 351 1740 443; baseline 0.011 -31"><span class='ocrx_word' id='word_1_6' title='bbox 145 360 371 414; x_wconf 79' lang='grc' dir='ltr'><strong>σθέντα</strong></span> <span class='ocrx_word' id='word_1_7' title='bbox 401 362 534 431; x_wconf 80' lang='grc' dir='ltr'>ὴ⁸μῐν</span> <span class='ocrx_word' id='word_1_8' title='bbox 566 364 734 434; x_wconf 90' lang='grc' dir='ltr'>μυρία</span> <span class='ocrx_word' id='word_1_9' title='bbox 762 351 945 435; x_wconf 83' lang='grc' dir='ltr'>ἀγαθά</span> <span class='ocrx_word' id='word_1_10' title='bbox 967 367 1285 441; x_wconf 83' lang='grc' dir='ltr'><strong>δωρήματα,</strong></span> <span class='ocrx_word' id='word_1_11' title='bbox 1323 371 1469 443; x_wconf 82' lang='grc' dir='ltr'>ἀπερ</span> <span class='ocrx_word' id='word_1_12' title='bbox 1502 376 1597 429; x_wconf 76' lang='grc' dir='ltr'><strong>καὶ</strong></span> <span class='ocrx_word' id='word_1_13' title='bbox 1621 375 1740 430; x_wconf 90' lang='grc' dir='ltr'>δια-</span> 
     </span>
    </p>
   </div>
   <div class='ocr_carea' id='block_1_3' title="bbox 1859 351 3421 443">
    <p class='ocr_par' dir='ltr' id='par_1_3' title="bbox 1859 364 3421 437">
     <span class='ocr_line' id='line_1_3' title="bbox 1859 364 3421 437; baseline 0.004 -22"><span class='ocrx_word' id='word_1_14' title='bbox 1859 365 2003 418; x_wconf 57' lang='grc' dir='ltr'>πιοδὶε</span> <span class='ocrx_word' id='word_1_15' title='bbox 2061 380 2092 418; x_wconf 85' lang='lat' dir='ltr'><strong>a</strong></span> <span class='ocrx_word' id='word_1_16' title='bbox 2143 365 2253 421; x_wconf 85' lang='lat' dir='ltr'><strong>Deo</strong></span> <span class='ocrx_word' id='word_1_17' title='bbox 2308 364 2691 436; x_wconf 76' lang='lat' dir='ltr'><strong>tradita,qu:e</strong></span> <span class='ocrx_word' id='word_1_18' title='bbox 2732 364 3139 422; x_wconf 84' lang='lat' dir='ltr'><strong>addiscentibus</strong></span> <span class='ocrx_word' id='word_1_19' title='bbox 3192 366 3421 437; x_wconf 81' lang='lat' dir='ltr'><strong>exponi-</strong></span> 
     </span>
    </p>
   </div>
   <div class='ocr_carea' id='block_1_4' title="bbox 140 453 1109 530">
    <p class='ocr_par' dir='ltr' id='par_1_4' title="bbox 140 453 1109 530">
     <span class='ocr_line' id='line_1_4' title="bbox 140 453 1109 530; baseline 0.009 -23"><span class='ocrx_word' id='word_1_20' title='bbox 140 453 440 526; x_wconf 81' lang='grc' dir='ltr'>λεγόμεθα</span> <span class='ocrx_word' id='word_1_21' title='bbox 491 458 604 520; x_wconf 80' lang='grc' dir='ltr'>τοῖς</span> <span class='ocrx_word' id='word_1_22' title='bbox 636 458 1109 530; x_wconf 81' lang='grc' dir='ltr'>μαθητευομὲνοις.</span> 
     </span>
    </p>
   </div>
   <div class='ocr_carea' id='block_1_5' title="bbox 701 547 1287 616">
    <p class='ocr_par' dir='ltr' id='par_1_5' title="bbox 701 547 1287 616">
     <span class='ocr_line' id='line_1_5' title="bbox 701 547 1287 616; baseline 0.014 -16"><span class='ocrx_word' id='word_1_23' title='bbox 701 547 802 602; x_wconf 81' lang='grc' dir='ltr'><strong>ΙΘ¹.</strong></span> <span class='ocrx_word' id='word_1_24' title='bbox 833 578 902 589; x_wconf 89' lang='grc'><strong><em>-</em></strong></span> <span class='ocrx_word' id='word_1_25' title='bbox 933 549 1017 615; x_wconf 85' lang='grc' dir='ltr'><strong>Τῷ</strong></span> <span class='ocrx_word' id='word_1_26' title='bbox 1040 551 1220 616; x_wconf 81' lang='grc' dir='ltr'>αὐτῷ.</span> <span class='ocrx_word' id='word_1_27' title='bbox 1282 584 1287 589; x_wconf 91' lang='grc'><strong>-</strong></span> 
     </span>
    </p>
   </div>
   <div class='ocr_carea' id='block_1_6' title="bbox 222 633 1741 719">
    <p class='ocr_par' dir='ltr' id='par_1_6' title="bbox 222 633 1741 719">
     <span class='ocr_line' id='line_1_6' title="bbox 222 633 1741 719; baseline 0.011 -33"><span class='ocrx_word' id='word_1_28' title='bbox 222 633 366 697; x_wconf 85' lang='grc' dir='ltr'><strong>Πῶς</strong></span> <span class='ocrx_word' id='word_1_29' title='bbox 401 635 469 689; x_wconf 82' lang='grc' dir='ltr'>ἂν</span> <span class='ocrx_word' id='word_1_30' title='bbox 505 634 600 691; x_wconf 67' lang='grc' dir='ltr'><strong>καλ⁵</strong></span> <span class='ocrx_word' id='word_1_31' title='bbox 635 636 844 709; x_wconf 77' lang='grc' dir='ltr'><strong>ὑπέστη</strong></span> <span class='ocrx_word' id='word_1_32' title='bbox 893 640 1013 693; x_wconf 87' lang='grc' dir='ltr'>τόδε</span> <span class='ocrx_word' id='word_1_33' title='bbox 1056 641 1118 693; x_wconf 81' lang='grc' dir='ltr'>τὸ</span> <span class='ocrx_word' id='word_1_34' title='bbox 1162 641 1332 713; x_wconf 83' lang='grc' dir='ltr'>πᾶνῆ</span> <span class='ocrx_word' id='word_1_35' title='bbox 1370 643 1621 714; x_wconf 78' lang='grc' dir='ltr'>συνέστη,</span> <span class='ocrx_word' id='word_1_36' title='bbox 1664 646 1741 719; x_wconf 83' lang='grc' dir='ltr'>μὴ</span> 
     </span>
    </p>
   </div>
   <div class='ocr_carea' id='block_1_7' title="bbox 145 725 1739 807">
    <p class='ocr_par' dir='ltr' id='par_1_7' title="bbox 145 725 1739 807">
     <span class='ocr_line' id='line_1_7' title="bbox 145 725 1739 807; baseline 0.009 -29"><span class='ocrx_word' id='word_1_37' title='bbox 145 725 301 779; x_wconf 83' lang='grc' dir='ltr'>Θεοῦ</span> <span class='ocrx_word' id='word_1_38' title='bbox 335 728 408 780; x_wconf 77' lang='grc' dir='ltr'>τὰ</span> <span class='ocrx_word' id='word_1_39' title='bbox 449 729 629 782; x_wconf 80' lang='grc' dir='ltr'>πάντα</span> <span class='ocrx_word' id='word_1_40' title='bbox 674 730 771 784; x_wconf 80' lang='grc' dir='ltr'>καὶ</span> <span class='ocrx_word' id='word_1_41' title='bbox 825 730 1209 799; x_wconf 85' lang='grc' dir='ltr'>οὐσιώσαντος,</span> <span class='ocrx_word' id='word_1_42' title='bbox 1257 735 1355 789; x_wconf 76' lang='grc' dir='ltr'>καὶ</span> <span class='ocrx_word' id='word_1_43' title='bbox 1389 736 1739 807; x_wconf 86' lang='grc' dir='ltr'>συνέχοντος;</span> 
     </span>
    </p>
   </div>
   <div class='ocr_carea' id='block_1_8' title="bbox 148 819 1743 909">
    <p class='ocr_par' dir='ltr' id='par_1_8' title="bbox 148 819 1743 909">
     <span class='ocr_line' id='line_1_8' title="bbox 148 819 1743 909; baseline 0.008 -38"><span class='ocrx_word' id='word_1_44' title='bbox 148 819 299 872; x_wconf 84' lang='grc' dir='ltr'>Οὐδὲ</span> <span class='ocrx_word' id='word_1_45' title='bbox 318 820 431 890; x_wconf 80' lang='grc' dir='ltr'>γὰρ</span> <span class='ocrx_word' id='word_1_46' title='bbox 454 821 697 909; x_wconf 64' lang='grc' dir='ltr'><strong>κιθάραν⁵</strong></span> <span class='ocrx_word' id='word_1_47' title='bbox 712 841 796 887; x_wconf 86' lang='grc' dir='ltr'><strong>τις</strong></span> <span class='ocrx_word' id='word_1_48' title='bbox 823 825 966 896; x_wconf 83' lang='grc' dir='ltr'>ὁρῶν</span> <span class='ocrx_word' id='word_1_49' title='bbox 992 826 1253 881; x_wconf 75' lang='grc' dir='ltr'>κάλλιστα</span> <span class='ocrx_word' id='word_1_50' title='bbox 1277 828 1616 899; x_wconf 79' lang='grc' dir='ltr'>ἠσκημένην,</span> <span class='ocrx_word' id='word_1_51' title='bbox 1646 830 1743 883; x_wconf 71' lang='grc' dir='ltr'><strong>καὶ</strong></span> 
     </span>
    </p>
   </div>
   <div class='ocr_carea' id='block_1_9' title="bbox 147 912 1741 992">
    <p class='ocr_par' dir='ltr' id='par_1_9' title="bbox 147 912 1741 992">
     <span class='ocr_line' id='line_1_9' title="bbox 147 912 1741 992; baseline 0.006 -27"><span class='ocrx_word' id='word_1_52' title='bbox 147 912 258 982; x_wconf 78' lang='grc' dir='ltr'>τὴν</span> <span class='ocrx_word' id='word_1_53' title='bbox 298 912 511 987; x_wconf 78' lang='grc' dir='ltr'><strong>ταύτης</strong></span> <span class='ocrx_word' id='word_1_54' title='bbox 546 916 934 987; x_wconf 79' lang='grc' dir='ltr'><strong>εὐαρμοστίαν,</strong></span> <span class='ocrx_word' id='word_1_55' title='bbox 964 921 1059 972; x_wconf 75' lang='grc' dir='ltr'>καὶ</span> <span class='ocrx_word' id='word_1_56' title='bbox 1078 919 1354 988; x_wconf 79' lang='grc' dir='ltr'><strong>εὐταξίαν,</strong></span> <span class='ocrx_word' id='word_1_57' title='bbox 1383 920 1417 992; x_wconf 80' lang='grc' dir='ltr'>ἢ</span> <span class='ocrx_word' id='word_1_58' title='bbox 1442 923 1542 992; x_wconf 82' lang='grc' dir='ltr'>τῆς</span> <span class='ocrx_word' id='word_1_59' title='bbox 1580 921 1741 975; x_wconf 87' lang='grc' dir='ltr'>κιθα-</span> 
     </span>
    </p>
   </div>
   <div class='ocr_carea' id='block_1_10' title="bbox 152 1002 1742 1083">
    <p class='ocr_par' dir='ltr' id='par_1_10' title="bbox 152 1002 1742 1083">
     <span class='ocr_line' id='line_1_10' title="bbox 152 1002 1742 1083; baseline 0.008 -28"><span class='ocrx_word' id='word_1_60' title='bbox 152 1002 373 1073; x_wconf 84' lang='grc' dir='ltr'>ρῳδίας</span> <span class='ocrx_word' id='word_1_61' title='bbox 427 1005 619 1075; x_wconf 50' lang='grc' dir='ltr'>αὐτῆς.</span> <span class='ocrx_word' id='word_1_62' title='bbox 650 1006 865 1062; x_wconf 83' lang='grc' dir='ltr'>ἀκούων</span> <span class='ocrx_word' id='word_1_63' title='bbox 895 1008 1024 1063; x_wconf 77' lang='grc' dir='ltr'>ἄλλο</span> <span class='ocrx_word' id='word_1_64' title='bbox 1060 1028 1134 1075; x_wconf 89' lang='grc' dir='ltr'><strong>τι,</strong></span> <span class='ocrx_word' id='word_1_65' title='bbox 1165 1011 1198 1082; x_wconf 81' lang='grc' dir='ltr'>ἢ</span> <span class='ocrx_word' id='word_1_66' title='bbox 1228 1011 1327 1065; x_wconf 83' lang='grc' dir='ltr'>τὸν</span> <span class='ocrx_word' id='word_1_67' title='bbox 1361 1013 1461 1083; x_wconf 82' lang='grc' dir='ltr'>τῆς</span> <span class='ocrx_word' id='word_1_68' title='bbox 1508 1012 1742 1082; x_wconf 83' lang='grc' dir='ltr'><strong>κιθάρας</strong></span> 
     </span>
    </p>
   </div>
   <div class='ocr_carea' id='block_1_11' title="bbox 147 1091 1743 1173">
    <p class='ocr_par' dir='ltr' id='par_1_11' title="bbox 147 1091 1743 1173">
     <span class='ocr_line' id='line_1_11' title="bbox 147 1091 1743 1173; baseline 0.008 -28"><span class='ocrx_word' id='word_1_69' title='bbox 147 1091 503 1164; x_wconf 75' lang='grc' dir='ltr'>δημιουργὸν</span> <span class='ocrx_word' id='word_1_70' title='bbox 552 1096 649 1149; x_wconf 77' lang='grc' dir='ltr'>καὶ</span> <span class='ocrx_word' id='word_1_71' title='bbox 690 1096 781 1151; x_wconf 82' lang='grc' dir='ltr'>τὸν</span> <span class='ocrx_word' id='word_1_72' title='bbox 810 1098 1109 1170; x_wconf 79' lang='grc' dir='ltr'>κιθαρῳδὸν</span> <span class='ocrx_word' id='word_1_73' title='bbox 1162 1102 1410 1173; x_wconf 73' lang='grc' dir='ltr'>ὲννοήοῃ,</span> <span class='ocrx_word' id='word_1_74' title='bbox 1459 1102 1554 1156; x_wconf 75' lang='grc' dir='ltr'>καὶ</span> <span class='ocrx_word' id='word_1_75' title='bbox 1604 1101 1743 1173; x_wconf 80' lang='grc' dir='ltr'>πρὸς</span> 
     </span>
    </p>
   </div>
   <div class='ocr_carea' id='block_1_12' title="bbox 152 1183 1743 1265">
    <p class='ocr_par' dir='ltr' id='par_1_12' title="bbox 152 1183 1743 1265">
     <span class='ocr_line' id='line_1_12' title="bbox 152 1183 1743 1265; baseline 0.008 -29"><span class='ocrx_word' id='word_1_76' title='bbox 152 1183 331 1237; x_wconf 81' lang='grc' dir='ltr'>αὐτὸν</span> <span class='ocrx_word' id='word_1_77' title='bbox 384 1186 775 1260; x_wconf 82' lang='grc' dir='ltr'>ἀναδραμείται</span> <span class='ocrx_word' id='word_1_78' title='bbox 807 1192 873 1261; x_wconf 80' lang='grc' dir='ltr'><strong>τῇ</strong></span> <span class='ocrx_word' id='word_1_79' title='bbox 904 1190 1136 1264; x_wconf 78' lang='grc' dir='ltr'><strong>διανοίᾳ,</strong></span> <span class='ocrx_word' id='word_1_80' title='bbox 1185 1192 1292 1247; x_wconf 72' lang='grc' dir='ltr'>κᾶν</span> <span class='ocrx_word' id='word_1_81' title='bbox 1344 1194 1554 1262; x_wconf 83' lang='grc' dir='ltr'><strong>ἀγνοῶν</strong></span> <span class='ocrx_word' id='word_1_82' title='bbox 1603 1191 1743 1265; x_wconf 77' lang='grc' dir='ltr'>τύχῃ</span> 
     </span>
    </p>
   </div>
   <div class='ocr_carea' id='block_1_13' title="bbox 150 1274 1742 1354">
    <p class='ocr_par' dir='ltr' id='par_1_13' title="bbox 150 1274 1742 1354">
     <span class='ocr_line' id='line_1_13' title="bbox 150 1274 1742 1354; baseline 0.008 -29"><span class='ocrx_word' id='word_1_83' title='bbox 150 1276 285 1337; x_wconf 84' lang='grc' dir='ltr'>ταῖς</span> <span class='ocrx_word' id='word_1_84' title='bbox 306 1274 519 1346; x_wconf 75' lang='grc' dir='ltr'>ὄψεσιν.</span> <span class='ocrx_word' id='word_1_85' title='bbox 557 1276 715 1331; x_wconf 73' lang='grc' dir='ltr'>Οὕτω</span> <span class='ocrx_word' id='word_1_86' title='bbox 744 1280 838 1332; x_wconf 72' lang='grc' dir='ltr'>καὶ</span> <span class='ocrx_word' id='word_1_87' title='bbox 863 1280 995 1350; x_wconf 73' lang='grc' dir='ltr'>ἡμῖν</span> <span class='ocrx_word' id='word_1_88' title='bbox 1020 1280 1082 1334; x_wconf 78' lang='grc' dir='ltr'>τὸ</span> <span class='ocrx_word' id='word_1_89' title='bbox 1113 1282 1397 1354; x_wconf 81' lang='grc' dir='ltr'>ποιητικὸν</span> <span class='ocrx_word' id='word_1_90' title='bbox 1421 1283 1602 1354; x_wconf 82' lang='grc' dir='ltr'>δῆλον,</span> <span class='ocrx_word' id='word_1_91' title='bbox 1649 1285 1742 1337; x_wconf 77' lang='grc' dir='ltr'>καὶ</span> 
     </span>
    </p>
   </div>
   <div class='ocr_carea' id='block_1_14' title="bbox 150 1366 1741 1448">
    <p class='ocr_par' dir='ltr' id='par_1_14' title="bbox 150 1366 1741 1448">
     <span class='ocr_line' id='line_1_14' title="bbox 150 1366 1741 1448; baseline 0.011 -31"><span class='ocrx_word' id='word_1_92' title='bbox 150 1366 218 1418; x_wconf 79' lang='grc' dir='ltr'>τὸ</span> <span class='ocrx_word' id='word_1_93' title='bbox 244 1367 458 1431; x_wconf 83' lang='grc' dir='ltr'>κινοῦν,</span> <span class='ocrx_word' id='word_1_94' title='bbox 491 1369 585 1423; x_wconf 72' lang='grc' dir='ltr'>καὶ</span> <span class='ocrx_word' id='word_1_95' title='bbox 639 1371 843 1441; x_wconf 77' lang='grc' dir='ltr'><strong>τηροῦν</strong></span> <span class='ocrx_word' id='word_1_96' title='bbox 886 1372 956 1426; x_wconf 82' lang='grc' dir='ltr'><strong>τὰ</strong></span> <span class='ocrx_word' id='word_1_97' title='bbox 1005 1375 1374 1447; x_wconf 80' lang='grc' dir='ltr'><strong>πεποιημένα,</strong></span> <span class='ocrx_word' id='word_1_98' title='bbox 1429 1373 1536 1429; x_wconf 72' lang='grc' dir='ltr'>κᾶν</span> <span class='ocrx_word' id='word_1_99' title='bbox 1578 1374 1653 1448; x_wconf 79' lang='grc' dir='ltr'>μὴ</span> <span class='ocrx_word' id='word_1_100' title='bbox 1672 1378 1741 1448; x_wconf 79' lang='grc' dir='ltr'>τῇ</span> 
     </span>
    </p>
   </div>
   <div class='ocr_carea' id='block_1_15' title="bbox 152 1459 903 1536">
    <p class='ocr_par' dir='ltr' id='par_1_15' title="bbox 152 1459 903 1536">
     <span class='ocr_line' id='line_1_15' title="bbox 152 1459 903 1536; baseline 0.011 -24"><span class='ocrx_word' id='word_1_101' title='bbox 152 1459 373 1533; x_wconf 73' lang='grc' dir='ltr'>διανοίᾳ</span> <span class='ocrx_word' id='word_1_102' title='bbox 408 1480 477 1515; x_wconf 90' lang='grc' dir='ltr'><strong>πε</strong></span> <span class='ocrx_word' id='word_1_103' title='bbox 486 1463 903 1536; x_wconf 79' lang='grc' dir='ltr'>ριλαμσάνηται.</span> 
     </span>
    </p>
   </div>
   <div class='ocr_carea' id='block_1_16' title="bbox 697 1729 1197 1797">
    <p class='ocr_par' dir='ltr' id='par_1_16' title="bbox 697 1729 1197 1797">
     <span class='ocr_line' id='line_1_16' title="bbox 697 1729 1197 1797; baseline 0.002 -12"><span class='ocrx_word' id='word_1_104' title='bbox 697 1729 783 1786; x_wconf 73' lang='grc' dir='ltr'><strong>ις’.</strong></span> <span class='ocrx_word' id='word_1_105' title='bbox 821 1760 893 1772; x_wconf 92' lang='grc'><strong>-</strong></span> <span class='ocrx_word' id='word_1_106' title='bbox 912 1730 1002 1797; x_wconf 82' lang='grc' dir='ltr'><strong>Τῷ</strong></span> <span class='ocrx_word' id='word_1_107' title='bbox 1018 1730 1197 1797; x_wconf 85' lang='grc' dir='ltr'>αὐτῷ.</span> 
     </span>
    </p>
   </div>
   <div class='ocr_carea' id='block_1_17' title="bbox 230 1819 1739 1898">
    <p class='ocr_par' dir='ltr' id='par_1_17' title="bbox 230 1819 1739 1898">
     <span class='ocr_line' id='line_1_17' title="bbox 230 1819 1739 1898; baseline 0.004 -26"><span class='ocrx_word' id='word_1_108' title='bbox 230 1819 394 1890; x_wconf 84' lang='grc' dir='ltr'><strong>Τάχα</strong></span> <span class='ocrx_word' id='word_1_109' title='bbox 420 1821 484 1875; x_wconf 83' lang='grc' dir='ltr'><strong>οὐ</strong></span> <span class='ocrx_word' id='word_1_110' title='bbox 517 1820 680 1893; x_wconf 87' lang='grc' dir='ltr'>μόνον</span> <span class='ocrx_word' id='word_1_111' title='bbox 709 1824 817 1878; x_wconf 83' lang='grc' dir='ltr'>ἀπὸ</span> <span class='ocrx_word' id='word_1_112' title='bbox 846 1824 940 1877; x_wconf 90' lang='grc' dir='ltr'><strong>τοῦ</strong></span> <span class='ocrx_word' id='word_1_113' title='bbox 968 1825 1290 1895; x_wconf 83' lang='grc' dir='ltr'>νικήσαντος</span> <span class='ocrx_word' id='word_1_114' title='bbox 1323 1823 1611 1898; x_wconf 84' lang='grc' dir='ltr'>ἀνθρώπου</span> <span class='ocrx_word' id='word_1_115' title='bbox 1632 1824 1739 1894; x_wconf 83' lang='grc' dir='ltr'>ἀφ-</span> 
     </span>
    </p>
   </div>
   <div class='ocr_carea' id='block_1_18' title="bbox 162 1909 1743 1988">
    <p class='ocr_par' dir='ltr' id='par_1_18' title="bbox 162 1909 1743 1988">
     <span class='ocr_line' id='line_1_18' title="bbox 162 1909 1743 1988; baseline 0.005 -27"><span class='ocrx_word' id='word_1_116' title='bbox 162 1909 420 1965; x_wconf 86' lang='grc' dir='ltr'>ίστανται</span> <span class='ocrx_word' id='word_1_117' title='bbox 469 1913 609 1985; x_wconf 77' lang='grc' dir='ltr'>πρὸς</span> <span class='ocrx_word' id='word_1_118' title='bbox 653 1915 844 1986; x_wconf 74' lang='grc' dir='ltr'>καιρὸν</span> <span class='ocrx_word' id='word_1_119' title='bbox 874 1915 1239 1985; x_wconf 72' lang='grc' dir='ltr'>οίπειρασταὶ</span> <span class='ocrx_word' id='word_1_120' title='bbox 1294 1916 1565 1988; x_wconf 83' lang='grc' dir='ltr'>δαίμονες,</span> <span class='ocrx_word' id='word_1_121' title='bbox 1603 1914 1743 1969; x_wconf 86' lang='grc' dir='ltr'>ἀλλὰ</span> 
     </span>
    </p>
   </div>
   <div class='ocr_carea' id='block_1_19' title="bbox 160 2001 1742 2077">
    <p class='ocr_par' dir='ltr' id='par_1_19' title="bbox 160 2001 1742 2077">
     <span class='ocr_line' id='line_1_19' title="bbox 160 2001 1742 2077; baseline 0.004 -25"><span class='ocrx_word' id='word_1_122' title='bbox 160 2001 258 2055; x_wconf 77' lang='grc' dir='ltr'><strong>καὶ</strong></span> <span class='ocrx_word' id='word_1_123' title='bbox 289 2002 404 2056; x_wconf 78' lang='grc' dir='ltr'>ἀπὸ</span> <span class='ocrx_word' id='word_1_124' title='bbox 431 2003 525 2056; x_wconf 90' lang='grc' dir='ltr'><strong>τοῦ</strong></span> <span class='ocrx_word' id='word_1_125' title='bbox 567 2004 915 2076; x_wconf 70' lang='grc' dir='ltr'>ἡττηθέντος,</span> <span class='ocrx_word' id='word_1_126' title='bbox 961 2004 1095 2058; x_wconf 84' lang='grc' dir='ltr'>διότι</span> <span class='ocrx_word' id='word_1_127' title='bbox 1120 2002 1160 2059; x_wconf 83' lang='grc' dir='ltr'>δ’</span> <span class='ocrx_word' id='word_1_128' title='bbox 1183 2004 1315 2070; x_wconf 82' lang='grc' dir='ltr'>Θεδς</span> <span class='ocrx_word' id='word_1_129' title='bbox 1343 2005 1742 2077; x_wconf 83' lang='grc' dir='ltr'>προνοούμενος</span> 
     </span>
    </p>
   </div>
   <div class='ocr_carea' id='block_1_20' title="bbox 158 2094 1742 2170">
    <p class='ocr_par' dir='ltr' id='par_1_20' title="bbox 158 2094 1742 2170">
     <span class='ocr_line' id='line_1_20' title="bbox 158 2094 1742 2170; baseline 0.004 -24"><span class='ocrx_word' id='word_1_130' title='bbox 158 2094 256 2147; x_wconf 85' lang='grc' dir='ltr'><strong>τοῦ</strong></span> <span class='ocrx_word' id='word_1_131' title='bbox 289 2094 425 2148; x_wconf 75' lang='grc' dir='ltr'>ἰδίου</span> <span class='ocrx_word' id='word_1_132' title='bbox 469 2096 809 2168; x_wconf 81' lang='grc' dir='ltr'>πλάσματος,</span> <span class='ocrx_word' id='word_1_133' title='bbox 858 2096 1072 2151; x_wconf 82' lang='grc' dir='ltr'>δίδωσιν</span> <span class='ocrx_word' id='word_1_134' title='bbox 1099 2098 1322 2170; x_wconf 83' lang='grc' dir='ltr'>ἀνοχὴν,</span> <span class='ocrx_word' id='word_1_135' title='bbox 1348 2100 1444 2152; x_wconf 78' lang='grc' dir='ltr'>καὶ</span> <span class='ocrx_word' id='word_1_136' title='bbox 1473 2098 1742 2168; x_wconf 77' lang='grc' dir='ltr'>ἀνάψυξιν</span> 
     </span>
    </p>
   </div>
   <div class='ocr_carea' id='block_1_21' title="bbox 158 2185 1743 2262">
    <p class='ocr_par' dir='ltr' id='par_1_21' title="bbox 158 2185 1743 2262">
     <span class='ocr_line' id='line_1_21' title="bbox 158 2185 1743 2262; baseline 0.006 -26"><span class='ocrx_word' id='word_1_137' title='bbox 158 2185 356 2255; x_wconf 82' lang='grc' dir='ltr'>ὀλίγην</span> <span class='ocrx_word' id='word_1_138' title='bbox 390 2186 468 2258; x_wconf 83' lang='grc' dir='ltr'><strong>τῷ</strong></span> <span class='ocrx_word' id='word_1_139' title='bbox 488 2188 851 2259; x_wconf 73' lang='grc' dir='ltr'>νενικημένῳ,</span> <span class='ocrx_word' id='word_1_140' title='bbox 884 2189 973 2243; x_wconf 77' lang='grc' dir='ltr'>ἵνα</span> <span class='ocrx_word' id='word_1_141' title='bbox 1011 2188 1214 2262; x_wconf 77' lang='grc' dir='ltr'>δυνηθῇ</span> <span class='ocrx_word' id='word_1_142' title='bbox 1254 2190 1612 2257; x_wconf 83' lang='grc' dir='ltr'>ἀναπνεῦσαι,</span> <span class='ocrx_word' id='word_1_143' title='bbox 1645 2192 1743 2245; x_wconf 77' lang='grc' dir='ltr'><strong>καὶ</strong></span> 
     </span>
    </p>
   </div>
   <div class='ocr_carea' id='block_1_22' title="bbox 163 2280 1742 2357">
    <p class='ocr_par' dir='ltr' id='par_1_22' title="bbox 163 2280 1742 2357">
     <span class='ocr_line' id='line_1_22' title="bbox 163 2280 1742 2357; baseline 0.004 -25"><span class='ocrx_word' id='word_1_144' title='bbox 163 2280 422 2347; x_wconf 80' lang='grc' dir='ltr'>συλλέξαι</span> <span class='ocrx_word' id='word_1_145' title='bbox 462 2280 561 2345; x_wconf 80' lang='grc' dir='ltr'><strong>τὰς</strong></span> <span class='ocrx_word' id='word_1_146' title='bbox 600 2283 807 2346; x_wconf 73' lang='grc' dir='ltr'>οἰκείας</span> <span class='ocrx_word' id='word_1_147' title='bbox 833 2282 1113 2354; x_wconf 87' lang='grc' dir='ltr'>δυνάμεις,</span> <span class='ocrx_word' id='word_1_148' title='bbox 1156 2284 1255 2339; x_wconf 75' lang='grc' dir='ltr'><strong>καὶ</strong></span> <span class='ocrx_word' id='word_1_149' title='bbox 1296 2285 1458 2340; x_wconf 83' lang='grc' dir='ltr'>πάλιν</span> <span class='ocrx_word' id='word_1_150' title='bbox 1509 2286 1742 2357; x_wconf 84' lang='grc' dir='ltr'>ἀντᾶραι</span> 
     </span>
    </p>
   </div>
   <div class='ocr_carea' id='block_1_23' title="bbox 160 2373 1000 2445">
    <p class='ocr_par' dir='ltr' id='par_1_23' title="bbox 160 2373 1000 2445">
     <span class='ocr_line' id='line_1_23' title="bbox 160 2373 1000 2445; baseline 0.005 -20"><span class='ocrx_word' id='word_1_151' title='bbox 160 2375 357 2445; x_wconf 77' lang='grc' dir='ltr'>χεῖρας</span> <span class='ocrx_word' id='word_1_152' title='bbox 376 2373 517 2429; x_wconf 84' lang='grc' dir='ltr'>κατὰ</span> <span class='ocrx_word' id='word_1_153' title='bbox 540 2374 651 2430; x_wconf 87' lang='grc' dir='ltr'><strong>τῶν</strong></span> <span class='ocrx_word' id='word_1_154' title='bbox 672 2375 1000 2430; x_wconf 79' lang='grc' dir='ltr'>ἀντιπάλων.</span> 
     </span>
    </p>
   </div>
   <div class='ocr_carea' id='block_1_24' title="bbox 699 2468 1210 2536">
    <p class='ocr_par' dir='ltr' id='par_1_24' title="bbox 699 2468 1210 2536">
     <span class='ocr_line' id='line_1_24' title="bbox 699 2468 1210 2536; baseline 0.006 -15"><span class='ocrx_word' id='word_1_155' title='bbox 699 2469 831 2523; x_wconf 77' lang='lat' dir='ltr'><strong>KA&#39;.</strong></span> <span class='ocrx_word' id='word_1_156' title='bbox 853 2498 904 2508; x_wconf 76' lang='lat'><em>-</em></span> <span class='ocrx_word' id='word_1_157' title='bbox 925 2468 1010 2536; x_wconf 84' lang='grc' dir='ltr'><strong>Τῷ</strong></span> <span class='ocrx_word' id='word_1_158' title='bbox 1030 2468 1210 2535; x_wconf 81' lang='grc' dir='ltr'>αὐτῷ.</span> 
     </span>
    </p>
   </div>
   <div class='ocr_carea' id='block_1_25' title="bbox 254 2558 1744 2635">
    <p class='ocr_par' dir='ltr' id='par_1_25' title="bbox 254 2558 1744 2635">
     <span class='ocr_line' id='line_1_25' title="bbox 254 2558 1744 2635; baseline 0.001 -23"><span class='ocrx_word' id='word_1_159' title='bbox 254 2580 275 2612; x_wconf 72' lang='grc' dir='ltr'><strong>ι</strong></span> <span class='ocrx_word' id='word_1_160' title='bbox 315 2560 382 2613; x_wconf 82' lang='grc' dir='ltr'><strong>Ἦ</strong></span> <span class='ocrx_word' id='word_1_161' title='bbox 415 2560 562 2631; x_wconf 80' lang='grc' dir='ltr'>ψυχὴ</span> <span class='ocrx_word' id='word_1_162' title='bbox 604 2561 761 2633; x_wconf 80' lang='grc' dir='ltr'>ἡμῶν</span> <span class='ocrx_word' id='word_1_163' title='bbox 816 2562 1080 2635; x_wconf 81' lang='grc' dir='ltr'>ὑπομενεῖ</span> <span class='ocrx_word' id='word_1_164' title='bbox 1114 2560 1192 2633; x_wconf 83' lang='grc' dir='ltr'>τῷ</span> <span class='ocrx_word' id='word_1_165' title='bbox 1228 2561 1440 2633; x_wconf 81' lang='grc' dir='ltr'>Κυρίῳ,</span> <span class='ocrx_word' id='word_1_166' title='bbox 1489 2561 1573 2615; x_wconf 80' lang='grc' dir='ltr'>ὅτι</span> <span class='ocrx_word' id='word_1_167' title='bbox 1616 2558 1744 2630; x_wconf 86' lang='grc' dir='ltr'>βοη-</span> 
     </span>
    </p>
   </div>
   <div class='ocr_carea' id='block_1_26' title="bbox 164 2652 1739 2725">
    <p class='ocr_par' dir='ltr' id='par_1_26' title="bbox 164 2652 1739 2725">
     <span class='ocr_line' id='line_1_26' title="bbox 164 2652 1739 2725; baseline 0 -21"><span class='ocrx_word' id='word_1_168' title='bbox 164 2652 294 2717; x_wconf 74' lang='grc' dir='ltr'>θὸς,</span> <span class='ocrx_word' id='word_1_169' title='bbox 355 2652 451 2705; x_wconf 76' lang='grc' dir='ltr'><strong>καὶ</strong></span> <span class='ocrx_word' id='word_1_170' title='bbox 496 2652 912 2724; x_wconf 80' lang='grc' dir='ltr'>ὑπερασπιστὴς</span> <span class='ocrx_word' id='word_1_171' title='bbox 948 2654 1109 2725; x_wconf 79' lang='grc' dir='ltr'>ἡμῶν</span> <span class='ocrx_word' id='word_1_172' title='bbox 1131 2656 1268 2708; x_wconf 74' lang='grc' dir='ltr'>ἐστι.</span> <span class='ocrx_word' id='word_1_173' title='bbox 1299 2673 1319 2706; x_wconf 71' lang='grc' dir='ltr'><strong>ι</strong></span> <span class='ocrx_word' id='word_1_174' title='bbox 1379 2652 1739 2725; x_wconf 74' lang='grc' dir='ltr'>Παρακλησιν</span> 
     </span>
    </p>
   </div>
   <div class='ocr_carea' id='block_1_27' title="bbox 163 2741 1740 2815">
    <p class='ocr_par' dir='ltr' id='par_1_27' title="bbox 163 2741 1740 2815">
     <span class='ocr_line' id='line_1_27' title="bbox 163 2741 1740 2815; baseline 0.001 -20"><span class='ocrx_word' id='word_1_175' title='bbox 163 2741 283 2812; x_wconf 70' lang='grc' dir='ltr'>ἔχει</span> <span class='ocrx_word' id='word_1_176' title='bbox 309 2744 449 2814; x_wconf 81' lang='grc' dir='ltr'>πρὸς</span> <span class='ocrx_word' id='word_1_177' title='bbox 487 2745 812 2815; x_wconf 74' lang='grc' dir='ltr'>ὑπομονὴνὸ</span> <span class='ocrx_word' id='word_1_178' title='bbox 839 2746 1018 2815; x_wconf 81' lang='grc' dir='ltr'>λόγος,</span> <span class='ocrx_word' id='word_1_179' title='bbox 1053 2746 1217 2809; x_wconf 86' lang='grc' dir='ltr'>ὥστε,</span> <span class='ocrx_word' id='word_1_180' title='bbox 1250 2746 1353 2800; x_wconf 75' lang='grc' dir='ltr'>κᾶν</span> <span class='ocrx_word' id='word_1_181' title='bbox 1388 2762 1517 2799; x_wconf 88' lang='grc' dir='ltr'>ποτε</span> <span class='ocrx_word' id='word_1_182' title='bbox 1565 2761 1740 2798; x_wconf 89' lang='grc' dir='ltr'>κατα-</span> 
     </span>
    </p>
   </div>
   <div class='ocr_carea' id='block_1_28' title="bbox 163 2832 1735 2908">
    <p class='ocr_par' dir='ltr' id='par_1_28' title="bbox 163 2832 1735 2908">
     <span class='ocr_line' id='line_1_28' title="bbox 163 2832 1735 2908; baseline 0.002 -22"><span class='ocrx_word' id='word_1_183' title='bbox 163 2832 478 2905; x_wconf 79' lang='grc' dir='ltr'>λειφθῶμεν</span> <span class='ocrx_word' id='word_1_184' title='bbox 512 2835 618 2889; x_wconf 88' lang='grc' dir='ltr'><strong>ὐπό</strong></span> <span class='ocrx_word' id='word_1_185' title='bbox 636 2854 780 2897; x_wconf 86' lang='grc' dir='ltr'>τινος</span> <span class='ocrx_word' id='word_1_186' title='bbox 811 2837 921 2892; x_wconf 84' lang='grc' dir='ltr'><strong>τῶν</strong></span> <span class='ocrx_word' id='word_1_187' title='bbox 949 2836 1324 2902; x_wconf 78' lang='grc' dir='ltr'>ὲκθλιὸόντων,</span> <span class='ocrx_word' id='word_1_188' title='bbox 1356 2836 1430 2908; x_wconf 83' lang='grc' dir='ltr'>μὴ</span> <span class='ocrx_word' id='word_1_189' title='bbox 1456 2835 1735 2908; x_wconf 80' lang='grc' dir='ltr'>χωρισθῆ-</span> 
     </span>
    </p>
   </div>
   <div class='ocr_carea' id='block_1_29' title="bbox 165 2927 1742 3001">
    <p class='ocr_par' dir='ltr' id='par_1_29' title="bbox 165 2927 1742 3001">
     <span class='ocr_line' id='line_1_29' title="bbox 165 2927 1742 3001; baseline 0.001 -20"><span class='ocrx_word' id='word_1_190' title='bbox 165 2944 256 2981; x_wconf 83' lang='grc' dir='ltr'>ναι</span> <span class='ocrx_word' id='word_1_191' title='bbox 279 2928 390 2980; x_wconf 85' lang='grc' dir='ltr'><strong>ἀπδ</strong></span> <span class='ocrx_word' id='word_1_192' title='bbox 418 2927 518 2999; x_wconf 82' lang='grc' dir='ltr'>τῆς</span> <span class='ocrx_word' id='word_1_193' title='bbox 540 2927 759 2999; x_wconf 83' lang='grc' dir='ltr'>ἀγάπης</span> <span class='ocrx_word' id='word_1_194' title='bbox 792 2928 883 2982; x_wconf 88' lang='grc' dir='ltr'><strong>τοῦ</strong></span> <span class='ocrx_word' id='word_1_195' title='bbox 928 2928 1086 2997; x_wconf 82' lang='grc' dir='ltr'>Θεοῦ,</span> <span class='ocrx_word' id='word_1_196' title='bbox 1115 2929 1216 3000; x_wconf 83' lang='grc' dir='ltr'>τῆς</span> <span class='ocrx_word' id='word_1_197' title='bbox 1237 2931 1295 2982; x_wconf 79' lang='grc' dir='ltr'>ὲν</span> <span class='ocrx_word' id='word_1_198' title='bbox 1314 2929 1535 3000; x_wconf 83' lang='grc' dir='ltr'>Χριστῷ</span> <span class='ocrx_word' id='word_1_199' title='bbox 1565 2928 1742 3001; x_wconf 78' lang='grc' dir='ltr'>Ἰησοῦ</span> 
     </span>
    </p>
   </div>
   <div class='ocr_carea' id='block_1_30' title="bbox 166 3018 1744 3093">
    <p class='ocr_par' dir='ltr' id='par_1_30' title="bbox 166 3018 1744 3093">
     <span class='ocr_line' id='line_1_30' title="bbox 166 3018 1744 3093; baseline -0.001 -20"><span class='ocrx_word' id='word_1_200' title='bbox 166 3018 250 3089; x_wconf 74' lang='grc' dir='ltr'>τῷ</span> <span class='ocrx_word' id='word_1_201' title='bbox 271 3018 462 3090; x_wconf 84' lang='grc' dir='ltr'>Κυρίῳ</span> <span class='ocrx_word' id='word_1_202' title='bbox 519 3020 552 3090; x_wconf 84' lang='grc' dir='ltr'>ὴ</span> <span class='ocrx_word' id='word_1_203' title='bbox 562 3019 700 3091; x_wconf 85' lang='grc' dir='ltr'>μῶν,</span> <span class='ocrx_word' id='word_1_204' title='bbox 727 3019 841 3074; x_wconf 79' lang='grc' dir='ltr'>ἀλλ’</span> <span class='ocrx_word' id='word_1_205' title='bbox 867 3020 964 3093; x_wconf 83' lang='grc' dir='ltr'><strong>ὅλῃ</strong></span> <span class='ocrx_word' id='word_1_206' title='bbox 1013 3021 1158 3093; x_wconf 80' lang='grc' dir='ltr'>ψυχῇ</span> <span class='ocrx_word' id='word_1_207' title='bbox 1212 3020 1505 3090; x_wconf 78' lang='grc' dir='ltr'>ὑπομένειν</span> <span class='ocrx_word' id='word_1_208' title='bbox 1524 3018 1593 3072; x_wconf 88' lang='grc' dir='ltr'>τὰ</span> <span class='ocrx_word' id='word_1_209' title='bbox 1624 3022 1744 3073; x_wconf 73' lang='grc' dir='ltr'>επί-</span> 
     </span>
    </p>
   </div>
   <div class='ocr_carea' id='block_1_31' title="bbox 168 3110 1556 3184">
    <p class='ocr_par' dir='ltr' id='par_1_31' title="bbox 168 3110 1556 3184">
     <span class='ocr_line' id='line_1_31' title="bbox 168 3110 1556 3184; baseline 0.002 -20"><span class='ocrx_word' id='word_1_210' title='bbox 168 3128 333 3176; x_wconf 89' lang='grc' dir='ltr'>πονα,</span> <span class='ocrx_word' id='word_1_211' title='bbox 386 3110 485 3183; x_wconf 81' lang='grc' dir='ltr'><strong>τὴν</strong></span> <span class='ocrx_word' id='word_1_212' title='bbox 516 3114 667 3184; x_wconf 77' lang='grc' dir='ltr'>παρὰ</span> <span class='ocrx_word' id='word_1_213' title='bbox 711 3112 848 3166; x_wconf 87' lang='grc' dir='ltr'>Θεοῦ</span> <span class='ocrx_word' id='word_1_214' title='bbox 878 3113 1133 3183; x_wconf 84' lang='grc' dir='ltr'>βοήθειαν</span> <span class='ocrx_word' id='word_1_215' title='bbox 1165 3113 1556 3184; x_wconf 84' lang='grc' dir='ltr'>ἀναμένοντας.</span> 
     </span>
    </p>
   </div>
   <div class='ocr_carea' id='block_1_32' title="bbox 624 3204 1267 3277">
    <p class='ocr_par' dir='ltr' id='par_1_32' title="bbox 624 3204 1267 3277">
     <span class='ocr_line' id='line_1_32' title="bbox 624 3204 1267 3277; baseline 0 -18"><span class='ocrx_word' id='word_1_216' title='bbox 624 3204 754 3264; x_wconf 87' lang='lat' dir='ltr'><strong>KB&#39;.</strong></span> <span class='ocrx_word' id='word_1_217' title='bbox 780 3237 849 3249; x_wconf 88' lang='lat'><strong><em>—</em></strong></span> <span class='ocrx_word' id='word_1_218' title='bbox 880 3206 1267 3277; x_wconf 76' lang='grc' dir='ltr'><strong>ΜΑΡΚΙΑΝῼ.</strong></span> 
     </span>
    </p>
   </div>
   <div class='ocr_carea' id='block_1_33' title="bbox 257 3286 1742 3368">
    <p class='ocr_par' dir='ltr' id='par_1_33' title="bbox 257 3286 1742 3368">
     <span class='ocr_line' id='line_1_33' title="bbox 257 3286 1742 3368; baseline -0.002 -17"><span class='ocrx_word' id='word_1_219' title='bbox 257 3297 503 3362; x_wconf 79' lang='grc' dir='ltr'>Ἀνάξιος</span> <span class='ocrx_word' id='word_1_220' title='bbox 539 3296 637 3363; x_wconf 83' lang='grc' dir='ltr'>ὣν,</span> <span class='ocrx_word' id='word_1_221' title='bbox 666 3298 956 3352; x_wconf 85' lang='grc' dir='ltr'>πίστευσον</span> <span class='ocrx_word' id='word_1_222' title='bbox 986 3297 1248 3367; x_wconf 79' lang='grc' dir='ltr'>σωθῆναιο</span> <span class='ocrx_word' id='word_1_223' title='bbox 1285 3298 1609 3368; x_wconf 85' lang='grc' dir='ltr'>ἀναίσθητος</span> <span class='ocrx_word' id='word_1_224' title='bbox 1647 3286 1742 3365; x_wconf 52' lang='grc' dir='ltr'>ὢν,</span> 
     </span>
    </p>
   </div>
   <div class='ocr_carea' id='block_1_34' title="bbox 177 3387 1744 3460">
    <p class='ocr_par' dir='ltr' id='par_1_34' title="bbox 177 3387 1744 3460">
     <span class='ocr_line' id='line_1_34' title="bbox 177 3387 1744 3460; baseline 0.003 -21"><span class='ocrx_word' id='word_1_225' title='bbox 177 3387 254 3457; x_wconf 79' lang='grc' dir='ltr'>μὴ</span> <span class='ocrx_word' id='word_1_226' title='bbox 272 3389 649 3459; x_wconf 79' lang='grc' dir='ltr'>προσδοκήσῃς</span> <span class='ocrx_word' id='word_1_227' title='bbox 666 3389 923 3460; x_wconf 85' lang='grc' dir='ltr'>σωθῆναι.</span> <span class='ocrx_word' id='word_1_228' title='bbox 950 3387 1225 3454; x_wconf 80' lang='grc' dir='ltr'>Ἀναξίους</span> <span class='ocrx_word' id='word_1_229' title='bbox 1240 3389 1744 3459; x_wconf 86' lang='grc' dir='ltr'>εὐγνωμονοῦντας,</span> 
     </span>
    </p>
   </div>
   <div class='ocr_carea' id='block_1_35' title="bbox 172 3480 1747 3553">
    <p class='ocr_par' dir='ltr' id='par_1_35' title="bbox 172 3480 1747 3553">
     <span class='ocr_line' id='line_1_35' title="bbox 172 3480 1747 3553; baseline 0.001 -18"><span class='ocrx_word' id='word_1_230' title='bbox 172 3482 271 3535; x_wconf 66' lang='grc' dir='ltr'><strong>καλ⁸</strong></span> <span class='ocrx_word' id='word_1_231' title='bbox 310 3482 404 3535; x_wconf 69' lang='grc' dir='ltr'><strong>ἐπὶ</strong></span> <span class='ocrx_word' id='word_1_232' title='bbox 433 3482 580 3553; x_wconf 78' lang='grc' dir='ltr'>πάσῃ</span> <span class='ocrx_word' id='word_1_233' title='bbox 612 3480 789 3549; x_wconf 66' lang='grc' dir='ltr'>θλίψει</span> <span class='ocrx_word' id='word_1_234' title='bbox 831 3482 1291 3553; x_wconf 83' lang='grc' dir='ltr'>εὐχαριστοῦντας</span> <span class='ocrx_word' id='word_1_235' title='bbox 1324 3482 1484 3549; x_wconf 71' lang='grc' dir='ltr'>ἐλεεῖ,</span> <span class='ocrx_word' id='word_1_236' title='bbox 1515 3484 1609 3538; x_wconf 64' lang='grc' dir='ltr'><strong>καλ⁵</strong></span> <span class='ocrx_word' id='word_1_237' title='bbox 1640 3486 1747 3537; x_wconf 85' lang='grc' dir='ltr'><strong>σώ-</strong></span> 
     </span>
    </p>
   </div>
   <div class='ocr_carea' id='block_1_36' title="bbox 174 3573 1741 3647">
    <p class='ocr_par' dir='ltr' id='par_1_36' title="bbox 174 3573 1741 3647">
     <span class='ocr_line' id='line_1_36' title="bbox 174 3573 1741 3647; baseline 0.001 -20"><span class='ocrx_word' id='word_1_238' title='bbox 174 3573 260 3638; x_wconf 80' lang='grc' dir='ltr'><strong>ζει</strong></span> <span class='ocrx_word' id='word_1_239' title='bbox 287 3574 317 3626; x_wconf 85' lang='grc' dir='ltr'>ὁ</span> <span class='ocrx_word' id='word_1_240' title='bbox 359 3573 739 3646; x_wconf 80' lang='grc' dir='ltr'>φιλάνθρωπος</span> <span class='ocrx_word' id='word_1_241' title='bbox 784 3573 938 3641; x_wconf 78' lang='grc' dir='ltr'>Θεὸς,</span> <span class='ocrx_word' id='word_1_242' title='bbox 990 3575 1096 3629; x_wconf 78' lang='grc' dir='ltr'>κᾶν</span> <span class='ocrx_word' id='word_1_243' title='bbox 1152 3576 1315 3647; x_wconf 81' lang='grc' dir='ltr'>μέχρι</span> <span class='ocrx_word' id='word_1_244' title='bbox 1354 3576 1577 3647; x_wconf 80' lang='grc' dir='ltr'>βαθείας</span> <span class='ocrx_word' id='word_1_245' title='bbox 1630 3576 1741 3630; x_wconf 86' lang='grc' dir='ltr'><strong>τῶν</strong></span> 
     </span>
    </p>
   </div>
   <div class='ocr_carea' id='block_1_37' title="bbox 176 3665 1749 3739">
    <p class='ocr_par' dir='ltr' id='par_1_37' title="bbox 176 3665 1749 3739">
     <span class='ocr_line' id='line_1_37' title="bbox 176 3665 1749 3739; baseline -0.001 -17"><span class='ocrx_word' id='word_1_246' title='bbox 176 3666 358 3722; x_wconf 85' lang='grc' dir='ltr'>καλῶν</span> <span class='ocrx_word' id='word_1_247' title='bbox 389 3667 668 3736; x_wconf 79' lang='grc' dir='ltr'>φθάσωσιν</span> <span class='ocrx_word' id='word_1_248' title='bbox 715 3665 1099 3735; x_wconf 65' lang='grc' dir='ltr'>ἀπογνώσεως</span> <span class='ocrx_word' id='word_1_249' title='bbox 1150 3669 1277 3733; x_wconf 80' lang='grc' dir='ltr'>τοὺς</span> <span class='ocrx_word' id='word_1_250' title='bbox 1305 3668 1350 3722; x_wconf 86' lang='grc' dir='ltr'>δ’</span> <span class='ocrx_word' id='word_1_251' title='bbox 1389 3668 1749 3739; x_wconf 85' lang='grc' dir='ltr'>ἀναισθήτους</span> 
     </span>
    </p>
   </div>
   <div class='ocr_carea' id='block_1_38' title="bbox 176 3758 1747 3833">
    <p class='ocr_par' dir='ltr' id='par_1_38' title="bbox 176 3758 1747 3833">
     <span class='ocr_line' id='line_1_38' title="bbox 176 3758 1747 3833; baseline 0.001 -20"><span class='ocrx_word' id='word_1_252' title='bbox 176 3760 278 3813; x_wconf 89' lang='grc' dir='ltr'><strong>οὐκ</strong></span> <span class='ocrx_word' id='word_1_253' title='bbox 308 3760 466 3817; x_wconf 71' lang='grc' dir='ltr'>ἐλεεῖ.</span> <span class='ocrx_word' id='word_1_254' title='bbox 497 3758 590 3822; x_wconf 82' lang='grc' dir='ltr'>Τίς</span> <span class='ocrx_word' id='word_1_255' title='bbox 608 3758 665 3811; x_wconf 78' lang='grc' dir='ltr'>δέ</span> <span class='ocrx_word' id='word_1_256' title='bbox 697 3760 844 3812; x_wconf 74' lang='grc' dir='ltr'>ἐστιν</span> <span class='ocrx_word' id='word_1_257' title='bbox 870 3759 900 3812; x_wconf 80' lang='grc'>6</span> <span class='ocrx_word' id='word_1_258' title='bbox 921 3760 1265 3831; x_wconf 87' lang='grc' dir='ltr'>ἀναίσθητος,</span> <span class='ocrx_word' id='word_1_259' title='bbox 1300 3762 1348 3815; x_wconf 82' lang='grc' dir='ltr'><strong>εί</strong></span> <span class='ocrx_word' id='word_1_260' title='bbox 1388 3761 1463 3833; x_wconf 81' lang='grc' dir='ltr'>μὴ</span> <span class='ocrx_word' id='word_1_261' title='bbox 1485 3764 1513 3815; x_wconf 83' lang='grc' dir='ltr'>ὁ</span> <span class='ocrx_word' id='word_1_262' title='bbox 1538 3761 1615 3833; x_wconf 86' lang='grc' dir='ltr'>μὴ</span> <span class='ocrx_word' id='word_1_263' title='bbox 1653 3761 1747 3815; x_wconf 82' lang='grc' dir='ltr'><strong>θέ-</strong></span> 
     </span>
    </p>
   </div>
   <div class='ocr_carea' id='block_1_39' title="bbox 177 3850 1746 3923">
    <p class='ocr_par' dir='ltr' id='par_1_39' title="bbox 177 3850 1746 3923">
     <span class='ocr_line' id='line_1_39' title="bbox 177 3850 1746 3923; baseline 0 -16"><span class='ocrx_word' id='word_1_264' title='bbox 177 3852 287 3907; x_wconf 82' lang='grc' dir='ltr'><strong>λων</strong></span> <span class='ocrx_word' id='word_1_265' title='bbox 321 3850 652 3921; x_wconf 80' lang='grc' dir='ltr'>ὁμολογῆσαι</span> <span class='ocrx_word' id='word_1_266' title='bbox 695 3850 1053 3921; x_wconf 80' lang='grc' dir='ltr'>εὐγνωμόνως</span> <span class='ocrx_word' id='word_1_267' title='bbox 1096 3852 1264 3923; x_wconf 86' lang='grc' dir='ltr'>μυρία</span> <span class='ocrx_word' id='word_1_268' title='bbox 1312 3852 1746 3923; x_wconf 84' lang='grc' dir='ltr'>εὐεργετεῖσθαι,</span> 
     </span>
    </p>
   </div>
   <div class='ocr_carea' id='block_1_40' title="bbox 179 3941 1746 4015">
    <p class='ocr_par' dir='ltr' id='par_1_40' title="bbox 179 3941 1746 4015">
     <span class='ocr_line' id='line_1_40' title="bbox 179 3941 1746 4015; baseline 0.001 -18"><span class='ocrx_word' id='word_1_269' title='bbox 179 3943 275 3997; x_wconf 75' lang='grc' dir='ltr'><strong>καὶ</strong></span> <span class='ocrx_word' id='word_1_270' title='bbox 325 3941 655 4012; x_wconf 81' lang='grc' dir='ltr'>ὠφελεῖσθαι</span> <span class='ocrx_word' id='word_1_271' title='bbox 684 3941 777 3995; x_wconf 78' lang='grc' dir='ltr'>τὸν</span> <span class='ocrx_word' id='word_1_272' title='bbox 823 3944 1027 4015; x_wconf 82' lang='grc' dir='ltr'>κόσμον</span> <span class='ocrx_word' id='word_1_273' title='bbox 1085 3943 1175 3997; x_wconf 83' lang='grc' dir='ltr'>διὰ</span> <span class='ocrx_word' id='word_1_274' title='bbox 1204 3945 1302 4015; x_wconf 79' lang='grc' dir='ltr'>τῆς</span> <span class='ocrx_word' id='word_1_275' title='bbox 1340 3944 1434 3998; x_wconf 87' lang='grc' dir='ltr'><strong>τοῦ</strong></span> <span class='ocrx_word' id='word_1_276' title='bbox 1471 3946 1746 3999; x_wconf 90' lang='grc' dir='ltr'>Δεσπότου</span> 
     </span>
    </p>
   </div>
   <div class='ocr_carea' id='block_1_41' title="bbox 180 4034 767 4107">
    <p class='ocr_par' dir='ltr' id='par_1_41' title="bbox 180 4034 767 4107">
     <span class='ocr_line' id='line_1_41' title="bbox 180 4034 767 4107; baseline -0.007 -16"><span class='ocrx_word' id='word_1_277' title='bbox 180 4035 414 4107; x_wconf 81' lang='grc' dir='ltr'>Χριστοῦ</span> <span class='ocrx_word' id='word_1_278' title='bbox 446 4034 736 4107; x_wconf 83' lang='grc' dir='ltr'>ὁμολογίας</span> <span class='ocrx_word' id='word_1_279' title='bbox 751 4053 767 4102; x_wconf 89' lang='grc'>;</span> 
     </span>
    </p>
   </div>
   <div class='ocr_carea' id='block_1_42' title="bbox 742 4212 1203 4280">
    <p class='ocr_par' dir='ltr' id='par_1_42' title="bbox 742 4212 1203 4280">
     <span class='ocr_line' id='line_1_42' title="bbox 742 4212 1203 4280; baseline 0.004 -12"><span class='ocrx_word' id='word_1_280' title='bbox 742 4215 880 4270; x_wconf 83' lang='lat' dir='ltr'><strong>Kl&quot;.</strong></span> <span class='ocrx_word' id='word_1_281' title='bbox 908 4212 992 4280; x_wconf 71' lang='grc' dir='ltr'>Ἥῷ</span> <span class='ocrx_word' id='word_1_282' title='bbox 1020 4214 1203 4280; x_wconf 83' lang='grc' dir='ltr'>αὐτῷ.</span> 
     </span>
    </p>
   </div>
   <div class='ocr_carea' id='block_1_43' title="bbox 251 4303 1750 4382">
    <p class='ocr_par' dir='ltr' id='par_1_43' title="bbox 251 4303 1750 4382">
     <span class='ocr_line' id='line_1_43' title="bbox 251 4303 1750 4382; baseline 0.003 -23"><span class='ocrx_word' id='word_1_283' title='bbox 251 4306 350 4371; x_wconf 82' lang='grc' dir='ltr'><strong>Τὸ,</strong></span> <span class='ocrx_word' id='word_1_284' title='bbox 386 4322 406 4357; x_wconf 72' lang='grc' dir='ltr'><strong>ι</strong></span> <span class='ocrx_word' id='word_1_285' title='bbox 437 4304 629 4357; x_wconf 84' lang='grc' dir='ltr'>Ἐθετο</span> <span class='ocrx_word' id='word_1_286' title='bbox 658 4303 849 4369; x_wconf 86' lang='grc' dir='ltr'>σκότος</span> <span class='ocrx_word' id='word_1_287' title='bbox 894 4305 1219 4378; x_wconf 83' lang='grc' dir='ltr'>ἀποκρυφὴν</span> <span class='ocrx_word' id='word_1_288' title='bbox 1258 4307 1450 4372; x_wconf 87' lang='grc' dir='ltr'>αὐτοῦ,</span> <span class='ocrx_word' id='word_1_289' title='bbox 1495 4328 1514 4362; x_wconf 78' lang='grc' dir='ltr'><strong>ι</strong></span> <span class='ocrx_word' id='word_1_290' title='bbox 1574 4310 1635 4364; x_wconf 83' lang='grc' dir='ltr'>ὲν</span> <span class='ocrx_word' id='word_1_291' title='bbox 1672 4309 1750 4382; x_wconf 83' lang='grc' dir='ltr'>τῷ</span> 
     </span>
    </p>
   </div>
   <div class='ocr_carea' id='block_1_44' title="bbox 1850 472 1994 512">
    <p class='ocr_par' dir='ltr' id='par_1_44' title="bbox 1850 472 1994 512">
     <span class='ocr_line' id='line_1_44' title="bbox 1850 472 1994 512; baseline 0.021 -3"><span class='ocrx_word' id='word_1_292' title='bbox 1850 472 1994 512; x_wconf 81' lang='lat' dir='ltr'><strong>mus.</strong></span> 
     </span>
    </p>
   </div>
   <div class='ocr_carea' id='block_1_45' title="bbox 2393 545 2865 602">
    <p class='ocr_par' dir='ltr' id='par_1_45' title="bbox 2393 545 2865 602">
     <span class='ocr_line' id='line_1_45' title="bbox 2393 545 2865 602; baseline -0.002 0"><span class='ocrx_word' id='word_1_293' title='bbox 2393 545 2535 602; x_wconf 86' lang='lat' dir='ltr'><strong>XIX.</strong></span> <span class='ocrx_word' id='word_1_294' title='bbox 2559 577 2631 589; x_wconf 96' lang='lat'><strong>—</strong></span> <span class='ocrx_word' id='word_1_295' title='bbox 2656 546 2865 601; x_wconf 81' lang='lat' dir='ltr'><strong>Eidem.</strong></span> 
     </span>
    </p>
   </div>
   <div class='ocr_carea' id='block_1_46' title="bbox 1919 638 3422 706">
    <p class='ocr_par' dir='ltr' id='par_1_46' title="bbox 1919 638 3422 706">
     <span class='ocr_line' id='line_1_46' title="bbox 1919 638 3422 706; baseline 0.001 -13"><span class='ocrx_word' id='word_1_296' title='bbox 1919 639 2170 706; x_wconf 85' lang='lat' dir='ltr'><strong>Quanam</strong></span> <span class='ocrx_word' id='word_1_297' title='bbox 2202 640 2416 694; x_wconf 92' lang='lat' dir='ltr'><strong>ratione</strong></span> <span class='ocrx_word' id='word_1_298' title='bbox 2446 640 2762 695; x_wconf 82' lang='lat' dir='ltr'><strong>universum</strong></span> <span class='ocrx_word' id='word_1_299' title='bbox 2789 639 2892 693; x_wconf 85' lang='lat' dir='ltr'><strong>hoc</strong></span> <span class='ocrx_word' id='word_1_300' title='bbox 2915 646 3007 693; x_wconf 90' lang='lat' dir='ltr'><strong>aut</strong></span> <span class='ocrx_word' id='word_1_301' title='bbox 3032 638 3299 704; x_wconf 90' lang='lat' dir='ltr'><strong>substitit,</strong></span> <span class='ocrx_word' id='word_1_302' title='bbox 3325 646 3422 694; x_wconf 88' lang='lat' dir='ltr'><strong>aut</strong></span> 
     </span>
    </p>
   </div>
   <div class='ocr_carea' id='block_1_47' title="bbox 1847 729 3421 798">
    <p class='ocr_par' dir='ltr' id='par_1_47' title="bbox 1847 729 3421 798">
     <span class='ocr_line' id='line_1_47' title="bbox 1847 729 3421 798; baseline -0.004 -9"><span class='ocrx_word' id='word_1_303' title='bbox 1847 732 2145 789; x_wconf 83' lang='lat' dir='ltr'><strong>conﬂatum</strong></span> <span class='ocrx_word' id='word_1_304' title='bbox 2175 742 2294 798; x_wconf 91' lang='lat' dir='ltr'><strong>est,</strong></span> <span class='ocrx_word' id='word_1_305' title='bbox 2326 733 2372 789; x_wconf 89' lang='lat' dir='ltr'><strong>si</strong></span> <span class='ocrx_word' id='word_1_306' title='bbox 2395 748 2506 787; x_wconf 90' lang='lat' dir='ltr'><strong>non</strong></span> <span class='ocrx_word' id='word_1_307' title='bbox 2534 731 2791 786; x_wconf 87' lang='lat' dir='ltr'><strong>omnibus</strong></span> <span class='ocrx_word' id='word_1_308' title='bbox 2816 730 2983 794; x_wconf 86' lang='lat' dir='ltr'><strong>Deus,</strong></span> <span class='ocrx_word' id='word_1_309' title='bbox 3017 739 3074 784; x_wconf 92' lang='lat' dir='ltr'><strong>ut</strong></span> <span class='ocrx_word' id='word_1_310' title='bbox 3101 730 3231 791; x_wconf 85' lang='lat' dir='ltr'><strong>sint.</strong></span> <span class='ocrx_word' id='word_1_311' title='bbox 3262 729 3421 784; x_wconf 80' lang='lat' dir='ltr'><strong>exhi-</strong></span> 
     </span>
    </p>
   </div>
   <div class='ocr_carea' id='block_1_48' title="bbox 1847 823 3426 896">
    <p class='ocr_par' dir='ltr' id='par_1_48' title="bbox 1847 823 3426 896">
     <span class='ocr_line' id='line_1_48' title="bbox 1847 823 3426 896; baseline -0.003 -14"><span class='ocrx_word' id='word_1_312' title='bbox 1847 825 2080 892; x_wconf 89' lang='lat' dir='ltr'><strong>buisset,</strong></span> <span class='ocrx_word' id='word_1_313' title='bbox 2145 835 2200 881; x_wconf 91' lang='lat' dir='ltr'><strong>et</strong></span> <span class='ocrx_word' id='word_1_314' title='bbox 2265 825 2615 896; x_wconf 85' lang='lat' dir='ltr'><strong>postmodum</strong></span> <span class='ocrx_word' id='word_1_315' title='bbox 2693 825 2962 879; x_wconf 90' lang='lat' dir='ltr'><strong>continuo</strong></span> <span class='ocrx_word' id='word_1_316' title='bbox 3021 823 3426 879; x_wconf 72' lang='lat' dir='ltr'><strong>conservaret!</strong></span> 
     </span>
    </p>
   </div>
   <div class='ocr_carea' id='block_1_49' title="bbox 1844 915 3426 987">
    <p class='ocr_par' dir='ltr' id='par_1_49' title="bbox 1844 915 3426 987">
     <span class='ocr_line' id='line_1_49' title="bbox 1844 915 3426 987; baseline -0.003 -15"><span class='ocrx_word' id='word_1_317' title='bbox 1844 917 2034 987; x_wconf 85' lang='lat' dir='ltr'><strong>Neque</strong></span> <span class='ocrx_word' id='word_1_318' title='bbox 2076 919 2220 972; x_wconf 89' lang='lat' dir='ltr'><strong>enim</strong></span> <span class='ocrx_word' id='word_1_319' title='bbox 2278 917 2545 987; x_wconf 85' lang='lat' dir='ltr'><strong>quispiam</strong></span> <span class='ocrx_word' id='word_1_320' title='bbox 2602 917 2869 971; x_wconf 85' lang='lat' dir='ltr'><strong>citharam</strong></span> <span class='ocrx_word' id='word_1_321' title='bbox 2921 918 3125 985; x_wconf 88' lang='lat' dir='ltr'><strong>optime</strong></span> <span class='ocrx_word' id='word_1_322' title='bbox 3171 915 3426 969; x_wconf 86' lang='lat' dir='ltr'><strong>substru-</strong></span> 
     </span>
    </p>
   </div>
   <div class='ocr_carea' id='block_1_50' title="bbox 1846 1008 3426 1080">
    <p class='ocr_par' dir='ltr' id='par_1_50' title="bbox 1846 1008 3426 1080">
     <span class='ocr_line' id='line_1_50' title="bbox 1846 1008 3426 1080; baseline -0.003 -15"><span class='ocrx_word' id='word_1_323' title='bbox 1846 1019 1992 1065; x_wconf 87' lang='lat' dir='ltr'><strong>ctam</strong></span> <span class='ocrx_word' id='word_1_324' title='bbox 2023 1008 2393 1080; x_wconf 83' lang='lat' dir='ltr'><strong>conspiciens,</strong></span> <span class='ocrx_word' id='word_1_325' title='bbox 2423 1017 2477 1065; x_wconf 91' lang='lat' dir='ltr'><strong>et</strong></span> <span class='ocrx_word' id='word_1_326' title='bbox 2501 1009 2649 1065; x_wconf 87' lang='lat' dir='ltr'><strong>illius</strong></span> <span class='ocrx_word' id='word_1_327' title='bbox 2671 1015 2995 1063; x_wconf 84' lang='lat' dir='ltr'><strong>concentum</strong></span> <span class='ocrx_word' id='word_1_328' title='bbox 3019 1016 3069 1061; x_wconf 89' lang='lat' dir='ltr'><strong>et</strong></span> <span class='ocrx_word' id='word_1_329' title='bbox 3094 1009 3426 1061; x_wconf 85' lang='lat' dir='ltr'><strong>concinnum</strong></span> 
     </span>
    </p>
   </div>
   <div class='ocr_carea' id='block_1_51' title="bbox 1847 1098 3428 1169">
    <p class='ocr_par' dir='ltr' id='par_1_51' title="bbox 1847 1098 3428 1169">
     <span class='ocr_line' id='line_1_51' title="bbox 1847 1098 3428 1169; baseline -0.005 -11"><span class='ocrx_word' id='word_1_330' title='bbox 1847 1100 2117 1169; x_wconf 87' lang='lat' dir='ltr'><strong>ordinem,</strong></span> <span class='ocrx_word' id='word_1_331' title='bbox 2167 1108 2223 1157; x_wconf 87' lang='lat' dir='ltr'><strong>et</strong></span> <span class='ocrx_word' id='word_1_332' title='bbox 2257 1102 2495 1157; x_wconf 89' lang='lat' dir='ltr'><strong>musicas</strong></span> <span class='ocrx_word' id='word_1_333' title='bbox 2528 1108 2687 1154; x_wconf 81' lang='lat' dir='ltr'><strong>notas</strong></span> <span class='ocrx_word' id='word_1_334' title='bbox 2729 1100 2956 1154; x_wconf 85' lang='lat' dir='ltr'><strong>auribus</strong></span> <span class='ocrx_word' id='word_1_335' title='bbox 2997 1098 3055 1168; x_wconf 77' lang='lat'><strong>8</strong></span> <span class='ocrx_word' id='word_1_336' title='bbox 3113 1111 3428 1166; x_wconf 80' lang='lat' dir='ltr'><strong>usurpans,</strong></span> 
     </span>
    </p>
   </div>
   <div class='ocr_carea' id='block_1_52' title="bbox 1847 1189 3429 1263">
    <p class='ocr_par' dir='ltr' id='par_1_52' title="bbox 1847 1189 3429 1263">
     <span class='ocr_line' id='line_1_52' title="bbox 1847 1189 3429 1263; baseline -0.004 -15"><span class='ocrx_word' id='word_1_337' title='bbox 1847 1193 2016 1248; x_wconf 90' lang='lat' dir='ltr'><strong>alium</strong></span> <span class='ocrx_word' id='word_1_338' title='bbox 2061 1193 2370 1263; x_wconf 86' lang='lat' dir='ltr'><strong>quempiam</strong></span> <span class='ocrx_word' id='word_1_339' title='bbox 2397 1231 2414 1256; x_wconf 91' lang='lat'><strong>,</strong></span> <span class='ocrx_word' id='word_1_340' title='bbox 2459 1206 2622 1261; x_wconf 90' lang='lat' dir='ltr'><strong>quam</strong></span> <span class='ocrx_word' id='word_1_341' title='bbox 2665 1191 2892 1246; x_wconf 71' lang='lat' dir='ltr'><strong>citharas</strong></span> <span class='ocrx_word' id='word_1_342' title='bbox 2935 1192 3207 1259; x_wconf 80' lang='lat' dir='ltr'><strong>opiﬁcem,</strong></span> <span class='ocrx_word' id='word_1_343' title='bbox 3239 1196 3294 1243; x_wconf 92' lang='lat' dir='ltr'><strong>et</strong></span> <span class='ocrx_word' id='word_1_344' title='bbox 3344 1189 3429 1243; x_wconf 82' lang='lat' dir='ltr'><strong>ci-</strong></span> 
     </span>
    </p>
   </div>
   <div class='ocr_carea' id='block_1_53' title="bbox 1847 1280 3428 1354">
    <p class='ocr_par' dir='ltr' id='par_1_53' title="bbox 1847 1280 3428 1354">
     <span class='ocr_line' id='line_1_53' title="bbox 1847 1280 3428 1354; baseline -0.003 -15"><span class='ocrx_word' id='word_1_345' title='bbox 1847 1285 2133 1339; x_wconf 86' lang='lat' dir='ltr'><strong>tharistam</strong></span> <span class='ocrx_word' id='word_1_346' title='bbox 2163 1284 2343 1354; x_wconf 88' lang='lat' dir='ltr'><strong>ipsum</strong></span> <span class='ocrx_word' id='word_1_347' title='bbox 2380 1283 2485 1338; x_wconf 84' lang='lat' dir='ltr'><strong>sibi</strong></span> <span class='ocrx_word' id='word_1_348' title='bbox 2527 1283 2957 1354; x_wconf 71' lang='lat' dir='ltr'><strong>repraesentabit,</strong></span> <span class='ocrx_word' id='word_1_349' title='bbox 2991 1290 3047 1336; x_wconf 91' lang='lat' dir='ltr'><strong>et</strong></span> <span class='ocrx_word' id='word_1_350' title='bbox 3095 1280 3428 1351; x_wconf 78' lang='lat' dir='ltr'><strong>cogitatione</strong></span> 
     </span>
    </p>
   </div>
   <div class='ocr_carea' id='block_1_54' title="bbox 1848 1368 3428 1440">
    <p class='ocr_par' dir='ltr' id='par_1_54' title="bbox 1848 1368 3428 1440">
     <span class='ocr_line' id='line_1_54' title="bbox 1848 1368 3428 1440; baseline -0.004 -11"><span class='ocrx_word' id='word_1_351' title='bbox 1848 1374 1916 1429; x_wconf 90' lang='lat' dir='ltr'><strong>ad</strong></span> <span class='ocrx_word' id='word_1_352' title='bbox 1967 1389 2113 1440; x_wconf 89' lang='lat' dir='ltr'><strong>eum,</strong></span> <span class='ocrx_word' id='word_1_353' title='bbox 2171 1375 2298 1429; x_wconf 89' lang='lat' dir='ltr'><strong>licet</strong></span> <span class='ocrx_word' id='word_1_354' title='bbox 2341 1373 2517 1428; x_wconf 89' lang='lat' dir='ltr'><strong>oculis</strong></span> <span class='ocrx_word' id='word_1_355' title='bbox 2558 1372 2816 1438; x_wconf 85' lang='lat' dir='ltr'><strong>invisum,</strong></span> <span class='ocrx_word' id='word_1_356' title='bbox 2867 1371 3109 1426; x_wconf 84' lang='lat' dir='ltr'><strong>accedet.</strong></span> <span class='ocrx_word' id='word_1_357' title='bbox 3153 1369 3269 1424; x_wconf 80' lang='lat' dir='ltr'><strong>Non</strong></span> <span class='ocrx_word' id='word_1_358' title='bbox 3321 1368 3428 1423; x_wconf 88' lang='lat' dir='ltr'><strong>alia</strong></span> 
     </span>
    </p>
   </div>
   <div class='ocr_carea' id='block_1_55' title="bbox 1848 1448 3426 1529">
    <p class='ocr_par' dir='ltr' id='par_1_55' title="bbox 1848 1448 3426 1529">
     <span class='ocr_line' id='line_1_55' title="bbox 1848 1448 3426 1529; baseline -0.004 -10"><span class='ocrx_word' id='word_1_359' title='bbox 1848 1466 2062 1520; x_wconf 83' lang='lat' dir='ltr'><strong>ratione</strong></span> <span class='ocrx_word' id='word_1_360' title='bbox 2103 1466 2266 1521; x_wconf 90' lang='lat' dir='ltr'><strong>nobis</strong></span> <span class='ocrx_word' id='word_1_361' title='bbox 2308 1464 2570 1529; x_wconf 78' lang='lat' dir='ltr'><strong>creatrix,</strong></span> <span class='ocrx_word' id='word_1_362' title='bbox 2603 1477 2848 1528; x_wconf 89' lang='lat' dir='ltr'><strong>movens,</strong></span> <span class='ocrx_word' id='word_1_363' title='bbox 2873 1470 2928 1517; x_wconf 89' lang='lat' dir='ltr'><strong>et</strong></span> <span class='ocrx_word' id='word_1_364' title='bbox 2956 1476 3137 1516; x_wconf 86' lang='lat' dir='ltr'><strong>rerum</strong></span> <span class='ocrx_word' id='word_1_365' title='bbox 3168 1448 3426 1515; x_wconf 71' lang='lat' dir='ltr'><strong>condita~</strong></span> 
     </span>
    </p>
   </div>
   <div class='ocr_carea' id='block_1_56' title="bbox 1847 1550 3431 1618">
    <p class='ocr_par' dir='ltr' id='par_1_56' title="bbox 1847 1550 3431 1618">
     <span class='ocr_line' id='line_1_56' title="bbox 1847 1550 3431 1618; baseline -0.004 -7"><span class='ocrx_word' id='word_1_366' title='bbox 1847 1572 1971 1611; x_wconf 87' lang='lat' dir='ltr'><strong>rum</strong></span> <span class='ocrx_word' id='word_1_367' title='bbox 2002 1556 2377 1612; x_wconf 79' lang='lat' dir='ltr'><strong>conservatrix</strong></span> <span class='ocrx_word' id='word_1_368' title='bbox 2405 1570 2572 1609; x_wconf 85' lang='lat' dir='ltr'><strong>causa</strong></span> <span class='ocrx_word' id='word_1_369' title='bbox 2604 1554 2921 1618; x_wconf 88' lang='lat' dir='ltr'><strong>innotescit,</strong></span> <span class='ocrx_word' id='word_1_370' title='bbox 2969 1553 3096 1608; x_wconf 86' lang='lat' dir='ltr'><strong>licet</strong></span> <span class='ocrx_word' id='word_1_371' title='bbox 3124 1566 3241 1606; x_wconf 88' lang='lat' dir='ltr'><strong>eam</strong></span> <span class='ocrx_word' id='word_1_372' title='bbox 3269 1550 3431 1606; x_wconf 79' lang='lat' dir='ltr'><strong>intel-</strong></span> 
     </span>
    </p>
   </div>
   <div class='ocr_carea' id='block_1_57' title="bbox 1850 1647 2787 1721">
    <p class='ocr_par' dir='ltr' id='par_1_57' title="bbox 1850 1647 2787 1721">
     <span class='ocr_line' id='line_1_57' title="bbox 1850 1647 2787 1721; baseline -0.002 -18"><span class='ocrx_word' id='word_1_373' title='bbox 1850 1650 2070 1721; x_wconf 89' lang='lat' dir='ltr'><strong>ligentia</strong></span> <span class='ocrx_word' id='word_1_374' title='bbox 2096 1663 2207 1703; x_wconf 90' lang='lat' dir='ltr'><strong>non</strong></span> <span class='ocrx_word' id='word_1_375' title='bbox 2238 1647 2787 1717; x_wconf 88' lang='lat' dir='ltr'><strong>comprehendamus.</strong></span> 
     </span>
    </p>
   </div>
   <div class='ocr_carea' id='block_1_58' title="bbox 2405 1738 2872 1794">
    <p class='ocr_par' dir='ltr' id='par_1_58' title="bbox 2405 1738 2872 1794">
     <span class='ocr_line' id='line_1_58' title="bbox 2405 1738 2872 1794; baseline 0.002 -2"><span class='ocrx_word' id='word_1_376' title='bbox 2405 1739 2526 1794; x_wconf 82' lang='lat' dir='ltr'><strong>XX.</strong></span> <span class='ocrx_word' id='word_1_377' title='bbox 2560 1768 2632 1781; x_wconf 89' lang='lat'><strong>—</strong></span> <span class='ocrx_word' id='word_1_378' title='bbox 2664 1738 2872 1793; x_wconf 80' lang='lat' dir='ltr'><strong>Eidem.</strong></span> 
     </span>
    </p>
   </div>
   <div class='ocr_carea' id='block_1_59' title="bbox 1923 1830 3430 1899">
    <p class='ocr_par' dir='ltr' id='par_1_59' title="bbox 1923 1830 3430 1899">
     <span class='ocr_line' id='line_1_59' title="bbox 1923 1830 3430 1899; baseline -0.006 -9"><span class='ocrx_word' id='word_1_379' title='bbox 1923 1834 2085 1890; x_wconf 85' lang='lat' dir='ltr'><strong>Forte</strong></span> <span class='ocrx_word' id='word_1_380' title='bbox 2116 1848 2226 1888; x_wconf 93' lang='lat' dir='ltr'><strong>non</strong></span> <span class='ocrx_word' id='word_1_381' title='bbox 2260 1840 2476 1886; x_wconf 88' lang='lat' dir='ltr'><strong>tantum</strong></span> <span class='ocrx_word' id='word_1_382' title='bbox 2513 1831 2584 1886; x_wconf 87' lang='lat' dir='ltr'><strong>ab</strong></span> <span class='ocrx_word' id='word_1_383' title='bbox 2626 1831 2869 1890; x_wconf 77' lang='lat' dir='ltr'><strong>ItOIlline.</strong></span> <span class='ocrx_word' id='word_1_384' title='bbox 2917 1830 3008 1899; x_wconf 88' lang='lat' dir='ltr'><strong>qui</strong></span> <span class='ocrx_word' id='word_1_385' title='bbox 3044 1843 3145 1897; x_wconf 88' lang='lat' dir='ltr'><strong>pro</strong></span> <span class='ocrx_word' id='word_1_386' title='bbox 3186 1835 3430 1896; x_wconf 87' lang='lat' dir='ltr'><strong>tempore</strong></span> 
     </span>
    </p>
   </div>
   <div class='ocr_carea' id='block_1_60' title="bbox 1846 1923 3432 1989">
    <p class='ocr_par' dir='ltr' id='par_1_60' title="bbox 1846 1923 3432 1989">
     <span class='ocr_line' id='line_1_60' title="bbox 1846 1923 3432 1989; baseline -0.008 -7"><span class='ocrx_word' id='word_1_387' title='bbox 1846 1927 2140 1982; x_wconf 78' lang='lat' dir='ltr'><strong>victoriam</strong></span> <span class='ocrx_word' id='word_1_388' title='bbox 2168 1926 2504 1980; x_wconf 86' lang='lat' dir='ltr'><strong>consecutus</strong></span> <span class='ocrx_word' id='word_1_389' title='bbox 2530 1930 2652 1989; x_wconf 90' lang='lat' dir='ltr'><strong>est,</strong></span> <span class='ocrx_word' id='word_1_390' title='bbox 2691 1923 2969 1977; x_wconf 70' lang='lat' dir='ltr'><strong>daemones</strong></span> <span class='ocrx_word' id='word_1_391' title='bbox 3002 1926 3277 1975; x_wconf 85' lang='lat' dir='ltr'><strong>tentantes</strong></span> <span class='ocrx_word' id='word_1_392' title='bbox 3305 1932 3432 1987; x_wconf 87' lang='lat' dir='ltr'><strong>pro-</strong></span> 
     </span>
    </p>
   </div>
   <div class='ocr_carea' id='block_1_61' title="bbox 1846 2007 3431 2091">
    <p class='ocr_par' dir='ltr' id='par_1_61' title="bbox 1846 2007 3431 2091">
     <span class='ocr_line' id='line_1_61' title="bbox 1846 2007 3431 2091; baseline -0.009 -16"><span class='ocrx_word' id='word_1_393' title='bbox 1846 2020 2163 2090; x_wconf 86' lang='lat' dir='ltr'><strong>ripiuutur,</strong></span> <span class='ocrx_word' id='word_1_394' title='bbox 2226 2016 2323 2072; x_wconf 86' lang='lat' dir='ltr'><strong>sed</strong></span> <span class='ocrx_word' id='word_1_395' title='bbox 2377 2017 2543 2069; x_wconf 84' lang='lat' dir='ltr'><strong>etiam</strong></span> <span class='ocrx_word' id='word_1_396' title='bbox 2577 2030 2621 2091; x_wconf 1' lang='lat' dir='ltr'><strong>pa</strong></span> <span class='ocrx_word' id='word_1_397' title='bbox 2676 2016 2819 2069; x_wconf 81' lang='lat' dir='ltr'><strong>victo</strong></span> <span class='ocrx_word' id='word_1_398' title='bbox 2867 2020 2922 2067; x_wconf 93' lang='lat' dir='ltr'><strong>et</strong></span> <span class='ocrx_word' id='word_1_399' title='bbox 2976 2012 3228 2065; x_wconf 88' lang='lat' dir='ltr'><strong>subacto.</strong></span> <span class='ocrx_word' id='word_1_400' title='bbox 3283 2007 3431 2062; x_wconf 83' lang='lat' dir='ltr'><strong>Deus</strong></span> 
     </span>
    </p>
   </div>
   <div class='ocr_carea' id='block_1_62' title="bbox 1847 2100 3427 2180">
    <p class='ocr_par' dir='ltr' id='par_1_62' title="bbox 1847 2100 3427 2180">
     <span class='ocr_line' id='line_1_62' title="bbox 1847 2100 3427 2180; baseline -0.008 -13"><span class='ocrx_word' id='word_1_401' title='bbox 1847 2111 2020 2178; x_wconf 90' lang='lat' dir='ltr'><strong>enim,</strong></span> <span class='ocrx_word' id='word_1_402' title='bbox 2050 2110 2137 2165; x_wconf 88' lang='lat' dir='ltr'><strong>sui</strong></span> <span class='ocrx_word' id='word_1_403' title='bbox 2175 2108 2361 2180; x_wconf 88' lang='lat' dir='ltr'><strong>operis</strong></span> <span class='ocrx_word' id='word_1_404' title='bbox 2392 2121 2579 2162; x_wconf 90' lang='lat' dir='ltr'><strong>curam</strong></span> <span class='ocrx_word' id='word_1_405' title='bbox 2612 2112 2830 2175; x_wconf 83' lang='lat' dir='ltr'><strong>gerens,</strong></span> <span class='ocrx_word' id='word_1_406' title='bbox 2858 2102 3111 2157; x_wconf 86' lang='lat' dir='ltr'><strong>concedit</strong></span> <span class='ocrx_word' id='word_1_407' title='bbox 3156 2100 3427 2163; x_wconf 87' lang='lat' dir='ltr'><strong>inducias.</strong></span> 
     </span>
    </p>
   </div>
   <div class='ocr_carea' id='block_1_63' title="bbox 1847 2194 3423 2273">
    <p class='ocr_par' dir='ltr' id='par_1_63' title="bbox 1847 2194 3423 2273">
     <span class='ocr_line' id='line_1_63' title="bbox 1847 2194 3423 2273; baseline -0.01 -13"><span class='ocrx_word' id='word_1_408' title='bbox 1847 2203 2232 2273; x_wconf 89' lang='lat' dir='ltr'><strong>modicamque</strong></span> <span class='ocrx_word' id='word_1_409' title='bbox 2265 2201 2407 2254; x_wconf 82' lang='lat' dir='ltr'><strong>victo</strong></span> <span class='ocrx_word' id='word_1_410' title='bbox 2434 2197 2961 2268; x_wconf 81' lang='lat' dir='ltr'><strong>interspirationem,</strong></span> <span class='ocrx_word' id='word_1_411' title='bbox 2994 2203 3073 2256; x_wconf 84' lang='lat' dir='ltr'><strong>ut,</strong></span> <span class='ocrx_word' id='word_1_412' title='bbox 3101 2194 3299 2247; x_wconf 85' lang='lat' dir='ltr'><strong>animis</strong></span> <span class='ocrx_word' id='word_1_413' title='bbox 3331 2207 3423 2246; x_wconf 84' lang='lat' dir='ltr'><strong>re-</strong></span> 
     </span>
    </p>
   </div>
   <div class='ocr_carea' id='block_1_64' title="bbox 1849 2285 3431 2368">
    <p class='ocr_par' dir='ltr' id='par_1_64' title="bbox 1849 2285 3431 2368">
     <span class='ocr_line' id='line_1_64' title="bbox 1849 2285 3431 2368; baseline -0.011 -13"><span class='ocrx_word' id='word_1_414' title='bbox 1849 2296 2107 2368; x_wconf 88' lang='lat' dir='ltr'><strong>sumptis,</strong></span> <span class='ocrx_word' id='word_1_415' title='bbox 2145 2304 2199 2351; x_wconf 93' lang='lat' dir='ltr'><strong>et</strong></span> <span class='ocrx_word' id='word_1_416' title='bbox 2250 2292 2492 2364; x_wconf 88' lang='lat' dir='ltr'><strong>propriis</strong></span> <span class='ocrx_word' id='word_1_417' title='bbox 2541 2289 2754 2344; x_wconf 85' lang='lat' dir='ltr'><strong>viribus</strong></span> <span class='ocrx_word' id='word_1_418' title='bbox 2803 2286 3114 2344; x_wconf 87' lang='lat' dir='ltr'><strong>recollectis</strong></span> <span class='ocrx_word' id='word_1_419' title='bbox 3164 2285 3431 2340; x_wconf 73' lang='lat' dir='ltr'><strong>adversus</strong></span> 
     </span>
    </p>
   </div>
   <div class='ocr_carea' id='block_1_65' title="bbox 1849 2382 2845 2461">
    <p class='ocr_par' dir='ltr' id='par_1_65' title="bbox 1849 2382 2845 2461">
     <span class='ocr_line' id='line_1_65' title="bbox 1849 2382 2845 2461; baseline -0.012 -14"><span class='ocrx_word' id='word_1_420' title='bbox 1849 2392 2038 2448; x_wconf 84' lang='lat' dir='ltr'><strong>hostes</strong></span> <span class='ocrx_word' id='word_1_421' title='bbox 2066 2401 2308 2461; x_wconf 88' lang='lat' dir='ltr'><strong>pugnam</strong></span> <span class='ocrx_word' id='word_1_422' title='bbox 2346 2399 2614 2441; x_wconf 83' lang='lat' dir='ltr'><strong>renovare</strong></span> <span class='ocrx_word' id='word_1_423' title='bbox 2652 2382 2845 2454; x_wconf 89' lang='lat' dir='ltr'><strong>possit.</strong></span> 
     </span>
    </p>
   </div>
   <div class='ocr_carea' id='block_1_66' title="bbox 2398 2474 2877 2535">
    <p class='ocr_par' dir='ltr' id='par_1_66' title="bbox 2398 2474 2877 2535">
     <span class='ocr_line' id='line_1_66' title="bbox 2398 2474 2877 2535; baseline -0.006 -1"><span class='ocrx_word' id='word_1_424' title='bbox 2398 2478 2540 2535; x_wconf 78' lang='lat' dir='ltr'><strong>XXI.</strong></span> <span class='ocrx_word' id='word_1_425' title='bbox 2570 2508 2641 2519; x_wconf 91' lang='lat'><strong>-—</strong></span> <span class='ocrx_word' id='word_1_426' title='bbox 2671 2474 2877 2531; x_wconf 77' lang='lat' dir='ltr'><strong>Eidem.</strong></span> 
     </span>
    </p>
   </div>
   <div class='ocr_carea' id='block_1_67' title="bbox 1925 2565 3429 2641">
    <p class='ocr_par' dir='ltr' id='par_1_67' title="bbox 1925 2565 3429 2641">
     <span class='ocr_line' id='line_1_67' title="bbox 1925 2565 3429 2641; baseline -0.01 -10"><span class='ocrx_word' id='word_1_427' title='bbox 1925 2595 1945 2631; x_wconf 75' lang='grc' dir='ltr'><strong>ι</strong></span> <span class='ocrx_word' id='word_1_428' title='bbox 1986 2576 2184 2631; x_wconf 79' lang='lat' dir='ltr'><strong>Anima</strong></span> <span class='ocrx_word' id='word_1_429' title='bbox 2242 2580 2433 2630; x_wconf 88' lang='lat' dir='ltr'><strong>nostra</strong></span> <span class='ocrx_word' id='word_1_430' title='bbox 2496 2568 2838 2641; x_wconf 78' lang='lat' dir='ltr'><strong>exspectabit</strong></span> <span class='ocrx_word' id='word_1_431' title='bbox 2894 2565 3221 2627; x_wconf 87' lang='lat' dir='ltr'><strong>Dominum,</strong></span> <span class='ocrx_word' id='word_1_432' title='bbox 3288 2576 3429 2630; x_wconf 90' lang='lat' dir='ltr'><strong>quo-</strong></span> 
     </span>
    </p>
   </div>
   <div class='ocr_carea' id='block_1_68' title="bbox 1849 2652 3431 2738">
    <p class='ocr_par' dir='ltr' id='par_1_68' title="bbox 1849 2652 3431 2738">
     <span class='ocr_line' id='line_1_68' title="bbox 1849 2652 3431 2738; baseline -0.014 -12"><span class='ocrx_word' id='word_1_433' title='bbox 1849 2671 1994 2726; x_wconf 87' lang='lat' dir='ltr'><strong>niam</strong></span> <span class='ocrx_word' id='word_1_434' title='bbox 2037 2669 2257 2738; x_wconf 83' lang='lat' dir='ltr'><strong>adjutor</strong></span> <span class='ocrx_word' id='word_1_435' title='bbox 2281 2675 2335 2721; x_wconf 89' lang='lat' dir='ltr'><strong>et</strong></span> <span class='ocrx_word' id='word_1_436' title='bbox 2361 2672 2636 2735; x_wconf 88' lang='lat' dir='ltr'><strong>protector</strong></span> <span class='ocrx_word' id='word_1_437' title='bbox 2673 2669 2863 2717; x_wconf 89' lang='lat' dir='ltr'><strong>noster</strong></span> <span class='ocrx_word' id='word_1_438' title='bbox 2890 2668 2975 2713; x_wconf 90' lang='lat' dir='ltr'><strong>est</strong></span> <span class='ocrx_word' id='word_1_439' title='bbox 3001 2656 3065 2709; x_wconf 75' lang='lat'><strong>“.</strong></span> <span class='ocrx_word' id='word_1_440' title='bbox 3105 2674 3124 2708; x_wconf 74' lang='grc' dir='ltr'><strong>ι</strong></span> <span class='ocrx_word' id='word_1_441' title='bbox 3171 2652 3431 2708; x_wconf 85' lang='lat' dir='ltr'><strong>Ilortatur</strong></span> 
     </span>
    </p>
   </div>
   <div class='ocr_carea' id='block_1_69' title="bbox 1847 2741 3430 2819">
    <p class='ocr_par' dir='ltr' id='par_1_69' title="bbox 1847 2741 3430 2819">
     <span class='ocr_line' id='line_1_69' title="bbox 1847 2741 3430 2819; baseline -0.015 0"><span class='ocrx_word' id='word_1_442' title='bbox 1847 2777 1953 2819; x_wconf 87' lang='lat' dir='ltr'><strong>nos</strong></span> <span class='ocrx_word' id='word_1_443' title='bbox 1980 2760 2050 2815; x_wconf 90' lang='lat' dir='ltr'><strong>ad</strong></span> <span class='ocrx_word' id='word_1_444' title='bbox 2078 2758 2429 2816; x_wconf 87' lang='lat' dir='ltr'><strong>tolerantiam</strong></span> <span class='ocrx_word' id='word_1_445' title='bbox 2464 2768 2680 2819; x_wconf 88' lang='lat' dir='ltr'><strong>sermo,</strong></span> <span class='ocrx_word' id='word_1_446' title='bbox 2713 2752 2788 2807; x_wconf 88' lang='lat' dir='ltr'><strong>ita</strong></span> <span class='ocrx_word' id='word_1_447' title='bbox 2839 2759 2919 2816; x_wconf 91' lang='lat' dir='ltr'><strong>ut,</strong></span> <span class='ocrx_word' id='word_1_448' title='bbox 2972 2748 3019 2803; x_wconf 92' lang='lat' dir='ltr'><strong>si</strong></span> <span class='ocrx_word' id='word_1_449' title='bbox 3081 2744 3306 2817; x_wconf 85' lang='lat' dir='ltr'><strong>quando</strong></span> <span class='ocrx_word' id='word_1_450' title='bbox 3359 2741 3430 2795; x_wconf 88' lang='lat' dir='ltr'><strong>ab</strong></span> 
     </span>
    </p>
   </div>
   <div class='ocr_carea' id='block_1_70' title="bbox 1850 2833 3426 2924">
    <p class='ocr_par' dir='ltr' id='par_1_70' title="bbox 1850 2833 3426 2924">
     <span class='ocr_line' id='line_1_70' title="bbox 1850 2833 3426 2924; baseline -0.015 -15"><span class='ocrx_word' id='word_1_451' title='bbox 1850 2854 2036 2924; x_wconf 91' lang='lat' dir='ltr'><strong>aliquo</strong></span> <span class='ocrx_word' id='word_1_452' title='bbox 2090 2866 2159 2907; x_wconf 80' lang='lat' dir='ltr'><strong>ex</strong></span> <span class='ocrx_word' id='word_1_453' title='bbox 2207 2847 2579 2920; x_wconf 82' lang='lat' dir='ltr'><strong>afﬂigentihus</strong></span> <span class='ocrx_word' id='word_1_454' title='bbox 2628 2858 2729 2899; x_wconf 89' lang='lat' dir='ltr'><strong>nos</strong></span> <span class='ocrx_word' id='word_1_455' title='bbox 2778 2841 3166 2903; x_wconf 89' lang='lat' dir='ltr'><strong>destituamur,</strong></span> <span class='ocrx_word' id='word_1_456' title='bbox 3232 2850 3301 2889; x_wconf 91' lang='lat' dir='ltr'><strong>ne</strong></span> <span class='ocrx_word' id='word_1_457' title='bbox 3354 2833 3426 2887; x_wconf 90' lang='lat' dir='ltr'><strong>ab</strong></span> 
     </span>
    </p>
   </div>
   <div class='ocr_carea' id='block_1_71' title="bbox 1851 2930 3425 3012">
    <p class='ocr_par' dir='ltr' id='par_1_71' title="bbox 1851 2930 3425 3012">
     <span class='ocr_line' id='line_1_71' title="bbox 1851 2930 3425 3012; baseline -0.013 -12"><span class='ocrx_word' id='word_1_458' title='bbox 1851 2959 2042 2999; x_wconf 88' lang='lat' dir='ltr'><strong>amore</strong></span> <span class='ocrx_word' id='word_1_459' title='bbox 2069 2942 2186 3009; x_wconf 89' lang='lat' dir='ltr'><strong>Dei,</strong></span> <span class='ocrx_word' id='word_1_460' title='bbox 2219 2941 2314 3012; x_wconf 91' lang='lat' dir='ltr'><strong>qui</strong></span> <span class='ocrx_word' id='word_1_461' title='bbox 2341 2940 2504 2995; x_wconf 88' lang='lat' dir='ltr'><strong>estin</strong></span> <span class='ocrx_word' id='word_1_462' title='bbox 2536 2936 2758 2991; x_wconf 88' lang='lat' dir='ltr'><strong>Christo</strong></span> <span class='ocrx_word' id='word_1_463' title='bbox 2782 2931 2911 2987; x_wconf 80' lang='lat' dir='ltr'><strong>Jesu</strong></span> <span class='ocrx_word' id='word_1_464' title='bbox 2947 2930 3177 2984; x_wconf 87' lang='lat' dir='ltr'><strong>Domino</strong></span> <span class='ocrx_word' id='word_1_465' title='bbox 3212 2935 3425 2986; x_wconf 88' lang='lat' dir='ltr'><strong>nostro.</strong></span> 
     </span>
    </p>
   </div>
   <div class='ocr_carea' id='block_1_72' title="bbox 1850 3013 3423 3104">
    <p class='ocr_par' dir='ltr' id='par_1_72' title="bbox 1850 3013 3423 3104">
     <span class='ocr_line' id='line_1_72' title="bbox 1850 3013 3423 3104; baseline -0.014 -15"><span class='ocrx_word' id='word_1_466' title='bbox 1850 3046 2204 3104; x_wconf 89' lang='lat' dir='ltr'><strong>separemur;</strong></span> <span class='ocrx_word' id='word_1_467' title='bbox 2235 3027 2333 3085; x_wconf 88' lang='lat' dir='ltr'><strong>sed</strong></span> <span class='ocrx_word' id='word_1_468' title='bbox 2374 3035 2489 3081; x_wconf 89' lang='lat' dir='ltr'><strong>toto</strong></span> <span class='ocrx_word' id='word_1_469' title='bbox 2518 3024 2689 3079; x_wconf 91' lang='lat' dir='ltr'><strong>corde</strong></span> <span class='ocrx_word' id='word_1_470' title='bbox 2723 3019 2996 3076; x_wconf 86' lang='lat' dir='ltr'><strong>laboriosa</strong></span> <span class='ocrx_word' id='word_1_471' title='bbox 3050 3013 3379 3073; x_wconf 75' lang='lat' dir='ltr'><strong>suﬁ‘eramus</strong></span> <span class='ocrx_word' id='word_1_472' title='bbox 3406 3051 3423 3077; x_wconf 87' lang='lat'><strong>,</strong></span> 
     </span>
    </p>
   </div>
   <div class='ocr_carea' id='block_1_73' title="bbox 1791 3121 2828 3187">
    <p class='ocr_par' dir='ltr' id='par_1_73' title="bbox 1791 3121 2828 3187">
     <span class='ocr_line' id='line_1_73' title="bbox 1791 3121 2828 3187; baseline -0.015 -4"><span class='ocrx_word' id='word_1_473' title='bbox 1791 3124 1817 3146; x_wconf 81' lang='grc'><em>⁴</em></span> <span class='ocrx_word' id='word_1_474' title='bbox 1845 3125 2093 3182; x_wconf 89' lang='lat' dir='ltr'><strong>divinum</strong></span> <span class='ocrx_word' id='word_1_475' title='bbox 2125 3121 2390 3177; x_wconf 80' lang='lat' dir='ltr'><strong>auxilium</strong></span> <span class='ocrx_word' id='word_1_476' title='bbox 2422 3122 2828 3187; x_wconf 80' lang='lat' dir='ltr'><strong>exspectantes.</strong></span> 
     </span>
    </p>
   </div>
   <div class='ocr_carea' id='block_1_74' title="bbox 2285 3195 2954 3262">
    <p class='ocr_par' dir='ltr' id='par_1_74' title="bbox 2285 3195 2954 3262">
     <span class='ocr_line' id='line_1_74' title="bbox 2285 3195 2954 3262; baseline -0.015 0"><span class='ocrx_word' id='word_1_477' title='bbox 2285 3206 2450 3262; x_wconf 87' lang='lat' dir='ltr'><strong>XXII.</strong></span> <span class='ocrx_word' id='word_1_478' title='bbox 2476 3234 2547 3246; x_wconf 90' lang='lat'><strong><em>—</em></strong></span> <span class='ocrx_word' id='word_1_479' title='bbox 2574 3195 2954 3257; x_wconf 81' lang='lat' dir='ltr'><strong>MARCIANO.</strong></span> 
     </span>
    </p>
   </div>
   <div class='ocr_carea' id='block_1_75' title="bbox 1917 3283 3424 3375">
    <p class='ocr_par' dir='ltr' id='par_1_75' title="bbox 1917 3283 3424 3375">
     <span class='ocr_line' id='line_1_75' title="bbox 1917 3283 3424 3375; baseline -0.015 -17"><span class='ocrx_word' id='word_1_480' title='bbox 1917 3303 2174 3375; x_wconf 87' lang='lat' dir='ltr'><strong>Indignus</strong></span> <span class='ocrx_word' id='word_1_481' title='bbox 2200 3301 2298 3358; x_wconf 79' lang='lat' dir='ltr'><strong>es?</strong></span> <span class='ocrx_word' id='word_1_482' title='bbox 2348 3298 2511 3356; x_wconf 90' lang='lat' dir='ltr'><strong>crede</strong></span> <span class='ocrx_word' id='word_1_483' title='bbox 2550 3305 2605 3352; x_wconf 93' lang='lat' dir='ltr'><strong>te</strong></span> <span class='ocrx_word' id='word_1_484' title='bbox 2636 3303 2913 3350; x_wconf 87' lang='lat' dir='ltr'><strong>servatum</strong></span> <span class='ocrx_word' id='word_1_485' title='bbox 2942 3288 3032 3344; x_wconf 86' lang='lat' dir='ltr'><strong>iri.</strong></span> <span class='ocrx_word' id='word_1_486' title='bbox 3064 3283 3228 3340; x_wconf 82' lang='lat' dir='ltr'><strong>Nullo</strong></span> <span class='ocrx_word' id='word_1_487' title='bbox 3256 3296 3424 3338; x_wconf 88' lang='lat' dir='ltr'><strong>sensu</strong></span> 
     </span>
    </p>
   </div>
   <div class='ocr_carea' id='block_1_76' title="bbox 1846 3376 3424 3462">
    <p class='ocr_par' dir='ltr' id='par_1_76' title="bbox 1846 3376 3424 3462">
     <span class='ocr_line' id='line_1_76' title="bbox 1846 3376 3424 3462; baseline -0.015 -13"><span class='ocrx_word' id='word_1_488' title='bbox 1846 3394 1949 3449; x_wconf 78' lang='lat' dir='ltr'><strong>es?</strong></span> <span class='ocrx_word' id='word_1_489' title='bbox 1986 3406 2136 3462; x_wconf 89' lang='lat' dir='ltr'><strong>spem</strong></span> <span class='ocrx_word' id='word_1_490' title='bbox 2186 3404 2402 3444; x_wconf 86' lang='lat' dir='ltr'><strong>omnem</strong></span> <span class='ocrx_word' id='word_1_491' title='bbox 2435 3386 2632 3443; x_wconf 87' lang='lat' dir='ltr'><strong>salutis</strong></span> <span class='ocrx_word' id='word_1_492' title='bbox 2664 3383 2858 3451; x_wconf 86' lang='lat' dir='ltr'><strong>abjice.</strong></span> <span class='ocrx_word' id='word_1_493' title='bbox 2887 3378 3167 3450; x_wconf 83' lang='lat' dir='ltr'><strong>Indignus,</strong></span> <span class='ocrx_word' id='word_1_494' title='bbox 3197 3376 3245 3428; x_wconf 90' lang='lat' dir='ltr'><strong>si</strong></span> <span class='ocrx_word' id='word_1_495' title='bbox 3275 3382 3424 3427; x_wconf 89' lang='lat' dir='ltr'><strong>recta</strong></span> 
     </span>
    </p>
   </div>
   <div class='ocr_carea' id='block_1_77' title="bbox 1848 3467 3423 3550">
    <p class='ocr_par' dir='ltr' id='par_1_77' title="bbox 1848 3467 3423 3550">
     <span class='ocr_line' id='line_1_77' title="bbox 1848 3467 3423 3550; baseline -0.015 -7"><span class='ocrx_word' id='word_1_496' title='bbox 1848 3496 2027 3543; x_wconf 90' lang='lat' dir='ltr'><strong>mente</strong></span> <span class='ocrx_word' id='word_1_497' title='bbox 2054 3487 2182 3550; x_wconf 89' lang='lat' dir='ltr'><strong>sint,</strong></span> <span class='ocrx_word' id='word_1_498' title='bbox 2207 3490 2262 3541; x_wconf 90' lang='lat' dir='ltr'><strong>et</strong></span> <span class='ocrx_word' id='word_1_499' title='bbox 2294 3485 2349 3538; x_wconf 91' lang='lat' dir='ltr'><strong>in</strong></span> <span class='ocrx_word' id='word_1_500' title='bbox 2386 3483 2534 3538; x_wconf 91' lang='lat' dir='ltr'><strong>omni</strong></span> <span class='ocrx_word' id='word_1_501' title='bbox 2571 3478 2869 3533; x_wconf 81' lang='lat' dir='ltr'><strong>afﬂictione</strong></span> <span class='ocrx_word' id='word_1_502' title='bbox 2912 3473 3122 3545; x_wconf 80' lang='lat' dir='ltr'><strong>gratias</strong></span> <span class='ocrx_word' id='word_1_503' title='bbox 3170 3467 3423 3531; x_wconf 87' lang='lat' dir='ltr'><strong>reddant,</strong></span> 
     </span>
    </p>
   </div>
   <div class='ocr_carea' id='block_1_78' title="bbox 1849 3559 3425 3646">
    <p class='ocr_par' dir='ltr' id='par_1_78' title="bbox 1849 3559 3425 3646">
     <span class='ocr_line' id='line_1_78' title="bbox 1849 3559 3425 3646; baseline -0.014 -10"><span class='ocrx_word' id='word_1_504' title='bbox 1849 3580 2166 3641; x_wconf 88' lang='lat' dir='ltr'><strong>miseretur,</strong></span> <span class='ocrx_word' id='word_1_505' title='bbox 2200 3590 2406 3646; x_wconf 90' lang='lat' dir='ltr'><strong>eosque</strong></span> <span class='ocrx_word' id='word_1_506' title='bbox 2440 3581 2624 3630; x_wconf 83' lang='lat' dir='ltr'><strong>servat</strong></span> <span class='ocrx_word' id='word_1_507' title='bbox 2672 3569 3044 3643; x_wconf 85' lang='lat' dir='ltr'><strong>perhumanus</strong></span> <span class='ocrx_word' id='word_1_508' title='bbox 3080 3562 3252 3626; x_wconf 86' lang='lat' dir='ltr'><strong>Deus,</strong></span> <span class='ocrx_word' id='word_1_509' title='bbox 3296 3559 3425 3614; x_wconf 87' lang='lat' dir='ltr'><strong>licet</strong></span> 
     </span>
    </p>
   </div>
   <div class='ocr_carea' id='block_1_79' title="bbox 1849 3661 3417 3738">
    <p class='ocr_par' dir='ltr' id='par_1_79' title="bbox 1849 3661 3417 3738">
     <span class='ocr_line' id='line_1_79' title="bbox 1849 3661 3417 3738; baseline -0.014 -10"><span class='ocrx_word' id='word_1_510' title='bbox 1849 3671 1999 3728; x_wconf 90' lang='lat' dir='ltr'><strong>nulla</strong></span> <span class='ocrx_word' id='word_1_511' title='bbox 2027 3684 2211 3726; x_wconf 88' lang='lat' dir='ltr'><strong>rerum</strong></span> <span class='ocrx_word' id='word_1_512' title='bbox 2257 3668 2669 3738; x_wconf 81' lang='lat' dir='ltr'><strong>exspectatione</strong></span> <span class='ocrx_word' id='word_1_513' title='bbox 2719 3662 3005 3718; x_wconf 88' lang='lat' dir='ltr'><strong>meliorum</strong></span> <span class='ocrx_word' id='word_1_514' title='bbox 3058 3661 3417 3724; x_wconf 85' lang='lat' dir='ltr'><strong>occupentur.</strong></span> 
     </span>
    </p>
   </div>
   <div class='ocr_carea' id='block_1_80' title="bbox 1818 3746 3425 3835">
    <p class='ocr_par' dir='ltr' id='par_1_80' title="bbox 1818 3746 3425 3835">
     <span class='ocr_line' id='line_1_80' title="bbox 1818 3746 3425 3835; baseline -0.016 -14"><span class='ocrx_word' id='word_1_515' title='bbox 1818 3763 1905 3835; x_wconf 47' lang='lat'><strong>,9</strong></span> <span class='ocrx_word' id='word_1_516' title='bbox 1955 3764 2158 3819; x_wconf 85' lang='lat' dir='ltr'><strong>Eorum</strong></span> <span class='ocrx_word' id='word_1_517' title='bbox 2214 3775 2347 3817; x_wconf 82' lang='lat' dir='ltr'><strong>vero</strong></span> <span class='ocrx_word' id='word_1_518' title='bbox 2394 3758 2489 3830; x_wconf 85' lang='lat' dir='ltr'><strong>qui</strong></span> <span class='ocrx_word' id='word_1_519' title='bbox 2523 3756 2730 3826; x_wconf 85' lang='lat' dir='ltr'><strong>absque</strong></span> <span class='ocrx_word' id='word_1_520' title='bbox 2757 3767 2926 3809; x_wconf 90' lang='lat' dir='ltr'><strong>sensu</strong></span> <span class='ocrx_word' id='word_1_521' title='bbox 2952 3757 3082 3804; x_wconf 90' lang='lat' dir='ltr'><strong>sunt</strong></span> <span class='ocrx_word' id='word_1_522' title='bbox 3110 3746 3425 3801; x_wconf 87' lang='lat' dir='ltr'><strong>miseretur.</strong></span> 
     </span>
    </p>
   </div>
   <div class='ocr_carea' id='block_1_81' title="bbox 1850 3832 3426 3922">
    <p class='ocr_par' dir='ltr' id='par_1_81' title="bbox 1850 3832 3426 3922">
     <span class='ocr_line' id='line_1_81' title="bbox 1850 3832 3426 3922; baseline -0.015 -13"><span class='ocrx_word' id='word_1_523' title='bbox 1850 3832 2024 3922; x_wconf 61' lang='lat' dir='ltr'><strong>Quem</strong></span> <span class='ocrx_word' id='word_1_524' title='bbox 2070 3860 2253 3909; x_wconf 90' lang='lat' dir='ltr'><strong>autem</strong></span> <span class='ocrx_word' id='word_1_525' title='bbox 2287 3864 2485 3906; x_wconf 90' lang='lat' dir='ltr'><strong>sensus</strong></span> <span class='ocrx_word' id='word_1_526' title='bbox 2524 3843 2783 3916; x_wconf 73' lang='lat' dir='ltr'><strong>sutl‘ugit?</strong></span> <span class='ocrx_word' id='word_1_527' title='bbox 2830 3854 2954 3899; x_wconf 90' lang='lat' dir='ltr'><strong>eum</strong></span> <span class='ocrx_word' id='word_1_528' title='bbox 3005 3838 3269 3901; x_wconf 87' lang='lat' dir='ltr'><strong>omnino,</strong></span> <span class='ocrx_word' id='word_1_529' title='bbox 3328 3832 3426 3903; x_wconf 87' lang='lat' dir='ltr'><strong>qui</strong></span> 
     </span>
    </p>
   </div>
   <div class='ocr_carea' id='block_1_82' title="bbox 1848 3930 3424 4017">
    <p class='ocr_par' dir='ltr' id='par_1_82' title="bbox 1848 3930 3424 4017">
     <span class='ocr_line' id='line_1_82' title="bbox 1848 3930 3424 4017; baseline -0.015 -17"><span class='ocrx_word' id='word_1_530' title='bbox 1848 3953 2037 4017; x_wconf 85' lang='lat' dir='ltr'><strong>gratus</strong></span> <span class='ocrx_word' id='word_1_531' title='bbox 2080 3958 2144 3999; x_wconf 85' lang='lat' dir='ltr'><strong>ac</strong></span> <span class='ocrx_word' id='word_1_532' title='bbox 2169 3956 2379 3997; x_wconf 89' lang='lat' dir='ltr'><strong>memor</strong></span> <span class='ocrx_word' id='word_1_533' title='bbox 2412 3941 2827 3994; x_wconf 90' lang='lat' dir='ltr'><strong>innumerorum</strong></span> <span class='ocrx_word' id='word_1_534' title='bbox 2872 3930 3264 3987; x_wconf 82' lang='lat' dir='ltr'><strong>beneﬁciorum</strong></span> <span class='ocrx_word' id='word_1_535' title='bbox 3314 3938 3424 3978; x_wconf 81' lang='lat' dir='ltr'><strong>non</strong></span> 
     </span>
    </p>
   </div>
   <div class='ocr_carea' id='block_1_83' title="bbox 1847 4015 3425 4102">
    <p class='ocr_par' dir='ltr' id='par_1_83' title="bbox 1847 4015 3425 4102">
     <span class='ocr_line' id='line_1_83' title="bbox 1847 4015 3425 4102; baseline -0.015 -10"><span class='ocrx_word' id='word_1_536' title='bbox 1847 4015 1953 4102; x_wconf 79' lang='lat' dir='ltr'><strong>est,</strong></span> <span class='ocrx_word' id='word_1_537' title='bbox 2005 4048 2107 4090; x_wconf 90' lang='lat' dir='ltr'><strong>nec</strong></span> <span class='ocrx_word' id='word_1_538' title='bbox 2161 4033 2456 4089; x_wconf 77' lang='lat' dir='ltr'><strong>conﬁtetur</strong></span> <span class='ocrx_word' id='word_1_539' title='bbox 2517 4042 2735 4084; x_wconf 88' lang='lat' dir='ltr'><strong>summa</strong></span> <span class='ocrx_word' id='word_1_540' title='bbox 2798 4023 3089 4079; x_wconf 83' lang='lat' dir='ltr'><strong>commoda</strong></span> <span class='ocrx_word' id='word_1_541' title='bbox 3156 4015 3425 4071; x_wconf 88' lang='lat' dir='ltr'><strong>mundum</strong></span> 
     </span>
    </p>
   </div>
   <div class='ocr_carea' id='block_1_84' title="bbox 1850 4112 3210 4199">
    <p class='ocr_par' dir='ltr' id='par_1_84' title="bbox 1850 4112 3210 4199">
     <span class='ocr_line' id='line_1_84' title="bbox 1850 4112 3210 4199; baseline -0.013 -16"><span class='ocrx_word' id='word_1_542' title='bbox 1850 4128 2131 4199; x_wconf 86' lang='lat' dir='ltr'><strong>accepisse</strong></span> <span class='ocrx_word' id='word_1_543' title='bbox 2161 4139 2261 4196; x_wconf 89' lang='lat' dir='ltr'><strong>per</strong></span> <span class='ocrx_word' id='word_1_544' title='bbox 2286 4121 2493 4179; x_wconf 87' lang='lat' dir='ltr'><strong>Christi</strong></span> <span class='ocrx_word' id='word_1_545' title='bbox 2523 4118 2737 4173; x_wconf 88' lang='lat' dir='ltr'><strong>Domini</strong></span> <span class='ocrx_word' id='word_1_546' title='bbox 2771 4112 3210 4171; x_wconf 89' lang='lat' dir='ltr'><strong>concessionem.</strong></span> 
     </span>
    </p>
   </div>
   <div class='ocr_carea' id='block_1_85' title="bbox 2367 4208 2897 4267">
    <p class='ocr_par' dir='ltr' id='par_1_85' title="bbox 2367 4208 2897 4267">
     <span class='ocr_line' id='line_1_85' title="bbox 2367 4208 2897 4267; baseline -0.008 0"><span class='ocrx_word' id='word_1_547' title='bbox 2367 4210 2560 4267; x_wconf 80' lang='lat' dir='ltr'><strong>XXIII.</strong></span> <span class='ocrx_word' id='word_1_548' title='bbox 2586 4240 2656 4251; x_wconf 89' lang='lat'><strong>—-—</strong></span> <span class='ocrx_word' id='word_1_549' title='bbox 2689 4208 2897 4263; x_wconf 86' lang='lat' dir='ltr'><strong>Eidem.</strong></span> 
     </span>
    </p>
   </div>
   <div class='ocr_carea' id='block_1_86' title="bbox 1926 4289 3426 4366">
    <p class='ocr_par' dir='ltr' id='par_1_86' title="bbox 1926 4289 3426 4366">
     <span class='ocr_line' id='line_1_86' title="bbox 1926 4289 3426 4366; baseline -0.013 -3"><span class='ocrx_word' id='word_1_550' title='bbox 1926 4324 1947 4363; x_wconf 67' lang='grc' dir='ltr'><strong>ι</strong></span> <span class='ocrx_word' id='word_1_551' title='bbox 1992 4308 2185 4365; x_wconf 89' lang='lat' dir='ltr'><strong>Posuit</strong></span> <span class='ocrx_word' id='word_1_552' title='bbox 2212 4306 2471 4363; x_wconf 85' lang='lat' dir='ltr'><strong>tenebras</strong></span> <span class='ocrx_word' id='word_1_553' title='bbox 2495 4303 2788 4358; x_wconf 89' lang='lat' dir='ltr'><strong>latibulum</strong></span> <span class='ocrx_word' id='word_1_554' title='bbox 2825 4313 2985 4356; x_wconf 89' lang='lat' dir='ltr'><strong>suum</strong></span> <span class='ocrx_word' id='word_1_555' title='bbox 3019 4296 3085 4361; x_wconf 74' lang='grc' dir='ltr'><strong>ι’,</strong></span> <span class='ocrx_word' id='word_1_556' title='bbox 3128 4314 3147 4347; x_wconf 76' lang='grc' dir='ltr'><strong><em>ι</em></strong></span> <span class='ocrx_word' id='word_1_557' title='bbox 3196 4289 3426 4366; x_wconf 83' lang='lat' dir='ltr'><strong>quodin</strong></span> 
     </span>
    </p>
   </div>
   <div class='ocr_carea' id='block_1_87' title="bbox 184 4382 1744 4483">
    <p class='ocr_par' dir='ltr' id='par_1_87' title="bbox 184 4395 1744 4474">
     <span class='ocr_line' id='line_1_87' title="bbox 184 4395 1744 4474; baseline 0.003 -22"><span class='ocrx_word' id='word_1_558' title='bbox 184 4397 625 4468; x_wconf 82' lang='grc' dir='ltr'>ἑπτακαιδεκάτῳ</span> <span class='ocrx_word' id='word_1_559' title='bbox 674 4395 876 4468; x_wconf 79' lang='grc' dir='ltr'>ψαλμῷ</span> <span class='ocrx_word' id='word_1_560' title='bbox 929 4399 1258 4470; x_wconf 74' lang='grc' dir='ltr'>εἰρημένον,</span> <span class='ocrx_word' id='word_1_561' title='bbox 1300 4401 1361 4455; x_wconf 82' lang='grc' dir='ltr'>τὸ</span> <span class='ocrx_word' id='word_1_562' title='bbox 1404 4401 1744 4474; x_wconf 85' lang='grc' dir='ltr'>δυσκατάλη-</span> 
     </span>
    </p>
   </div>
   <div class='ocr_carea' id='block_1_88' title="bbox 1859 4382 3426 4483">
    <p class='ocr_par' dir='ltr' id='par_1_88' title="bbox 1859 4382 3426 4483">
     <span class='ocr_line' id='line_1_88' title="bbox 1859 4382 3426 4483; baseline -0.015 -22"><span class='ocrx_word' id='word_1_563' title='bbox 1859 4405 2066 4461; x_wconf 85' lang='lat' dir='ltr'><strong>decimo</strong></span> <span class='ocrx_word' id='word_1_564' title='bbox 2091 4402 2328 4474; x_wconf 88' lang='lat' dir='ltr'><strong>septimo</strong></span> <span class='ocrx_word' id='word_1_565' title='bbox 2353 4400 2567 4471; x_wconf 90' lang='lat' dir='ltr'><strong>psalmo</strong></span> <span class='ocrx_word' id='word_1_566' title='bbox 2602 4396 2821 4466; x_wconf 79' lang='lat' dir='ltr'><strong>legitur,</strong></span> <span class='ocrx_word' id='word_1_567' title='bbox 2871 4394 3100 4483; x_wconf 85' lang='lat' dir='ltr'><strong>abyssos</strong></span> <span class='ocrx_word' id='word_1_568' title='bbox 3145 4387 3241 4442; x_wconf 90' lang='lat' dir='ltr'><strong>Dei</strong></span> <span class='ocrx_word' id='word_1_569' title='bbox 3275 4382 3426 4483; x_wconf 76' lang='lat' dir='ltr'><strong>judi-</strong></span> 
     </span>
    </p>
   </div>
   <div class='ocr_carea' id='block_1_89' title="bbox 184 4488 1749 4563">
    <p class='ocr_par' dir='ltr' id='par_1_89' title="bbox 184 4488 1749 4563">
     <span class='ocr_line' id='line_1_89' title="bbox 184 4488 1749 4563; baseline 0.003 -20"><span class='ocrx_word' id='word_1_570' title='bbox 184 4507 332 4552; x_wconf 87' lang='grc' dir='ltr'>πτον,</span> <span class='ocrx_word' id='word_1_571' title='bbox 368 4488 461 4542; x_wconf 77' lang='grc' dir='ltr'>καὶ</span> <span class='ocrx_word' id='word_1_572' title='bbox 488 4489 719 4556; x_wconf 82' lang='grc' dir='ltr'>ἀσαφὲς,</span> <span class='ocrx_word' id='word_1_573' title='bbox 757 4490 850 4542; x_wconf 73' lang='grc' dir='ltr'>καὶ</span> <span class='ocrx_word' id='word_1_574' title='bbox 884 4490 1299 4563; x_wconf 82' lang='grc' dir='ltr'>ἀνεξερεύνητον</span> <span class='ocrx_word' id='word_1_575' title='bbox 1345 4494 1455 4549; x_wconf 85' lang='grc' dir='ltr'><strong>τῶν</strong></span> <span class='ocrx_word' id='word_1_576' title='bbox 1498 4493 1749 4549; x_wconf 77' lang='grc' dir='ltr'>ἀϐύσσων</span> 
     </span>
    </p>
   </div>
   <div class='ocr_carea' id='block_1_90' title="bbox 182 4579 1114 4652">
    <p class='ocr_par' dir='ltr' id='par_1_90' title="bbox 182 4579 1114 4652">
     <span class='ocr_line' id='line_1_90' title="bbox 182 4579 1114 4652; baseline 0.003 -17"><span class='ocrx_word' id='word_1_577' title='bbox 182 4579 417 4635; x_wconf 81' lang='grc' dir='ltr'>τοῦΘεοῦ</span> <span class='ocrx_word' id='word_1_578' title='bbox 442 4581 727 4651; x_wconf 76' lang='grc' dir='ltr'>χριμάτων</span> <span class='ocrx_word' id='word_1_579' title='bbox 764 4582 1114 4652; x_wconf 85' lang='grc' dir='ltr'>ὐπεμφαίνει.</span> 
     </span>
    </p>
   </div>
   <div class='ocr_carea' id='block_1_91' title="bbox 696 4672 1245 4738">
    <p class='ocr_par' dir='ltr' id='par_1_91' title="bbox 696 4672 1245 4738">
     <span class='ocr_line' id='line_1_91' title="bbox 696 4672 1245 4738; baseline 0.007 -14"><span class='ocrx_word' id='word_1_580' title='bbox 696 4673 823 4727; x_wconf 76' lang='lat' dir='ltr'><strong>KA&#39;.</strong></span> <span class='ocrx_word' id='word_1_581' title='bbox 859 4702 929 4713; x_wconf 93' lang='lat'><strong><em>—</em></strong></span> <span class='ocrx_word' id='word_1_582' title='bbox 957 4672 1041 4737; x_wconf 81' lang='grc' dir='ltr'><strong>Τῷ</strong></span> <span class='ocrx_word' id='word_1_583' title='bbox 1061 4673 1245 4738; x_wconf 84' lang='grc' dir='ltr'>αὐτῷ.</span> 
     </span>
    </p>
   </div>
   <div class='ocr_carea' id='block_1_92' title="bbox 266 4759 1750 4837">
    <p class='ocr_par' dir='ltr' id='par_1_92' title="bbox 266 4759 1750 4837">
     <span class='ocr_line' id='line_1_92' title="bbox 266 4759 1750 4837; baseline 0.003 -24"><span class='ocrx_word' id='word_1_584' title='bbox 266 4759 579 4830; x_wconf 81' lang='grc' dir='ltr'>Ἦρώτησάς</span> <span class='ocrx_word' id='word_1_585' title='bbox 640 4777 713 4831; x_wconf 84' lang='grc' dir='ltr'><strong>με</strong></span> <span class='ocrx_word' id='word_1_586' title='bbox 738 4800 752 4823; x_wconf 94' lang='grc'><strong>,</strong></span> <span class='ocrx_word' id='word_1_587' title='bbox 788 4759 933 4813; x_wconf 87' lang='grc' dir='ltr'>διατί</span> <span class='ocrx_word' id='word_1_588' title='bbox 992 4761 1209 4832; x_wconf 84' lang='grc' dir='ltr'>πρῶτον</span> <span class='ocrx_word' id='word_1_589' title='bbox 1252 4760 1359 4828; x_wconf 76' lang='grc' dir='ltr'><strong>ἔξω</strong></span> <span class='ocrx_word' id='word_1_590' title='bbox 1405 4763 1505 4827; x_wconf 81' lang='grc' dir='ltr'><strong>τὰς</strong></span> <span class='ocrx_word' id='word_1_591' title='bbox 1562 4766 1750 4837; x_wconf 82' lang='grc' dir='ltr'>χεῖρας</span> 
     </span>
    </p>
   </div>
   <div class='ocr_carea' id='block_1_93' title="bbox 187 4848 1749 4928">
    <p class='ocr_par' dir='ltr' id='par_1_93' title="bbox 187 4848 1749 4928">
     <span class='ocr_line' id='line_1_93' title="bbox 187 4848 1749 4928; baseline 0.003 -23"><span class='ocrx_word' id='word_1_592' title='bbox 187 4853 512 4921; x_wconf 84' lang='grc' dir='ltr'>νιπτόμενοι,</span> <span class='ocrx_word' id='word_1_593' title='bbox 562 4850 736 4915; x_wconf 75' lang='grc' dir='ltr'>οὕτως</span> <span class='ocrx_word' id='word_1_594' title='bbox 792 4853 1152 4924; x_wconf 86' lang='grc' dir='ltr'>εἰσερχόμεθα</span> <span class='ocrx_word' id='word_1_595' title='bbox 1222 4855 1303 4918; x_wconf 77' lang='grc' dir='ltr'><strong>εἰς</strong></span> <span class='ocrx_word' id='word_1_596' title='bbox 1348 4848 1497 4909; x_wconf 69' lang='grc' dir='ltr'>οἷκον</span> <span class='ocrx_word' id='word_1_597' title='bbox 1544 4857 1749 4928; x_wconf 81' lang='grc' dir='ltr'>Κυρίου</span> 
     </span>
    </p>
   </div>
   <div class='ocr_carea' id='block_1_94' title="bbox 189 4943 1752 5018">
    <p class='ocr_par' dir='ltr' id='par_1_94' title="bbox 189 4943 1752 5018">
     <span class='ocr_line' id='line_1_94' title="bbox 189 4943 1752 5018; baseline 0.004 -23"><span class='ocrx_word' id='word_1_598' title='bbox 189 4943 607 5015; x_wconf 78' lang='grc' dir='ltr'>προσεύξασθαι.</span> <span class='ocrx_word' id='word_1_599' title='bbox 647 4944 762 5016; x_wconf 80' lang='grc' dir='ltr'><strong>Πρὸ</strong></span> <span class='ocrx_word' id='word_1_600' title='bbox 813 4944 907 4998; x_wconf 89' lang='grc' dir='ltr'><strong>τοῦ</strong></span> <span class='ocrx_word' id='word_1_601' title='bbox 963 4944 1224 5017; x_wconf 79' lang='grc' dir='ltr'>αἰσθητοῦ</span> <span class='ocrx_word' id='word_1_602' title='bbox 1266 4946 1328 4999; x_wconf 82' lang='grc' dir='ltr'>τὸ</span> <span class='ocrx_word' id='word_1_603' title='bbox 1373 4946 1560 5018; x_wconf 82' lang='grc' dir='ltr'>νοητὸν</span> <span class='ocrx_word' id='word_1_604' title='bbox 1604 4948 1752 5002; x_wconf 81' lang='grc' dir='ltr'>διδά-</span> 
     </span>
    </p>
   </div>
   <div class='ocr_carea' id='block_1_95' title="bbox 193 5035 1752 5109">
    <p class='ocr_par' dir='ltr' id='par_1_95' title="bbox 193 5035 1752 5109">
     <span class='ocr_line' id='line_1_95' title="bbox 193 5035 1752 5109; baseline 0.004 -21"><span class='ocrx_word' id='word_1_605' title='bbox 193 5052 338 5089; x_wconf 87' lang='grc' dir='ltr'>σκου.</span> <span class='ocrx_word' id='word_1_606' title='bbox 358 5035 567 5106; x_wconf 84' lang='grc' dir='ltr'>Ὥσπερ</span> <span class='ocrx_word' id='word_1_607' title='bbox 596 5035 704 5107; x_wconf 82' lang='grc' dir='ltr'><strong>γὰρ</strong></span> <span class='ocrx_word' id='word_1_608' title='bbox 728 5035 807 5106; x_wconf 85' lang='grc' dir='ltr'>τῷ</span> <span class='ocrx_word' id='word_1_609' title='bbox 828 5036 978 5091; x_wconf 76' lang='grc' dir='ltr'>ὕδατι</span> <span class='ocrx_word' id='word_1_610' title='bbox 1009 5037 1314 5093; x_wconf 80' lang='grc' dir='ltr'>ἀποπλύνει</span> <span class='ocrx_word' id='word_1_611' title='bbox 1336 5040 1463 5102; x_wconf 79' lang='grc' dir='ltr'>τοὺς</span> <span class='ocrx_word' id='word_1_612' title='bbox 1514 5056 1752 5109; x_wconf 78' lang='grc' dir='ltr'>σωματιο</span> 
     </span>
    </p>
   </div>
   <div class='ocr_carea' id='block_1_96' title="bbox 192 5125 1751 5205">
    <p class='ocr_par' dir='ltr' id='par_1_96' title="bbox 192 5125 1751 5205">
     <span class='ocr_line' id='line_1_96' title="bbox 192 5125 1751 5205; baseline 0.006 -26"><span class='ocrx_word' id='word_1_613' title='bbox 192 5128 317 5189; x_wconf 82' lang='grc' dir='ltr'><strong>κούς</strong></span> <span class='ocrx_word' id='word_1_614' title='bbox 341 5125 561 5195; x_wconf 77' lang='grc' dir='ltr'>ῥύπους,</span> <span class='ocrx_word' id='word_1_615' title='bbox 598 5126 741 5180; x_wconf 77' lang='grc' dir='ltr'>οὕτω</span> <span class='ocrx_word' id='word_1_616' title='bbox 765 5127 854 5181; x_wconf 85' lang='grc' dir='ltr'><strong>διὰ</strong></span> <span class='ocrx_word' id='word_1_617' title='bbox 876 5131 975 5200; x_wconf 87' lang='grc' dir='ltr'>τῆς</span> <span class='ocrx_word' id='word_1_618' title='bbox 994 5129 1162 5200; x_wconf 81' lang='grc' dir='ltr'>εὐχῆς</span> <span class='ocrx_word' id='word_1_619' title='bbox 1186 5131 1284 5202; x_wconf 81' lang='grc' dir='ltr'>τὴν</span> <span class='ocrx_word' id='word_1_620' title='bbox 1307 5130 1486 5204; x_wconf 78' lang='grc' dir='ltr'>ψυχὴν</span> <span class='ocrx_word' id='word_1_621' title='bbox 1540 5133 1751 5205; x_wconf 81' lang='grc' dir='ltr'>ἐκλαμ-</span> 
     </span>
    </p>
   </div>
   <div class='ocr_carea' id='block_1_97' title="bbox 193 5218 1753 5297">
    <p class='ocr_par' dir='ltr' id='par_1_97' title="bbox 193 5218 1753 5297">
     <span class='ocr_line' id='line_1_97' title="bbox 193 5218 1753 5297; baseline 0.006 -26"><span class='ocrx_word' id='word_1_622' title='bbox 193 5218 400 5291; x_wconf 83' lang='grc' dir='ltr'>πρύνει.</span> <span class='ocrx_word' id='word_1_623' title='bbox 454 5219 643 5284; x_wconf 81' lang='grc' dir='ltr'>Οὐδεὶς</span> <span class='ocrx_word' id='word_1_624' title='bbox 705 5219 815 5291; x_wconf 82' lang='grc' dir='ltr'><strong>γὰρ</strong></span> <span class='ocrx_word' id='word_1_625' title='bbox 880 5221 1163 5293; x_wconf 78' lang='grc' dir='ltr'>ἄνθρωπος</span> <span class='ocrx_word' id='word_1_626' title='bbox 1225 5223 1464 5296; x_wconf 79' lang='grc' dir='ltr'>καθαρὸς</span> <span class='ocrx_word' id='word_1_627' title='bbox 1518 5226 1753 5297; x_wconf 75' lang='grc' dir='ltr'>ὐπὰρχει</span> 
     </span>
    </p>
   </div>
   <div class='ocr_carea' id='block_1_98' title="bbox 194 5310 1755 5388">
    <p class='ocr_par' dir='ltr' id='par_1_98' title="bbox 194 5310 1755 5388">
     <span class='ocr_line' id='line_1_98' title="bbox 194 5310 1755 5388; baseline 0.006 -26"><span class='ocrx_word' id='word_1_628' title='bbox 194 5310 587 5381; x_wconf 81' lang='grc' dir='ltr'>πλημμελείας,</span> <span class='ocrx_word' id='word_1_629' title='bbox 630 5312 733 5365; x_wconf 79' lang='grc' dir='ltr'>κᾶν</span> <span class='ocrx_word' id='word_1_630' title='bbox 771 5313 976 5384; x_wconf 83' lang='grc' dir='ltr'>Μωῦσῇ</span> <span class='ocrx_word' id='word_1_631' title='bbox 1025 5314 1215 5384; x_wconf 76' lang='grc' dir='ltr'>ἐκείνῳ</span> <span class='ocrx_word' id='word_1_632' title='bbox 1239 5315 1314 5385; x_wconf 87' lang='grc' dir='ltr'>τῷ</span> <span class='ocrx_word' id='word_1_633' title='bbox 1340 5317 1558 5388; x_wconf 82' lang='grc' dir='ltr'>μεγάλῳ</span> <span class='ocrx_word' id='word_1_634' title='bbox 1601 5335 1755 5388; x_wconf 90' lang='grc' dir='ltr'>νομο-</span> 
     </span>
    </p>
   </div>
   <div class='ocr_carea' id='block_1_99' title="bbox 197 5402 1753 5477">
    <p class='ocr_par' dir='ltr' id='par_1_99' title="bbox 197 5402 1753 5477">
     <span class='ocr_line' id='line_1_99' title="bbox 197 5402 1753 5477; baseline 0.004 -20"><span class='ocrx_word' id='word_1_635' title='bbox 197 5402 321 5475; x_wconf 74' lang='grc' dir='ltr'>θέτῃ</span> <span class='ocrx_word' id='word_1_636' title='bbox 340 5403 608 5475; x_wconf 79' lang='grc' dir='ltr'>ἁμιλληθῇ</span> <span class='ocrx_word' id='word_1_637' title='bbox 629 5420 716 5466; x_wconf 86' lang='grc' dir='ltr'><strong>τις</strong></span> <span class='ocrx_word' id='word_1_638' title='bbox 732 5403 811 5475; x_wconf 82' lang='grc' dir='ltr'><strong>τῷ</strong></span> <span class='ocrx_word' id='word_1_639' title='bbox 832 5402 952 5473; x_wconf 87' lang='grc' dir='ltr'>βίῳ.</span> <span class='ocrx_word' id='word_1_640' title='bbox 984 5406 1187 5468; x_wconf 79' lang='grc' dir='ltr'>Πάντες</span> <span class='ocrx_word' id='word_1_641' title='bbox 1210 5402 1303 5459; x_wconf 84' lang='grc' dir='ltr'>οὖν</span> <span class='ocrx_word' id='word_1_642' title='bbox 1330 5406 1605 5477; x_wconf 78' lang='grc' dir='ltr'>ἄνθρωποι</span> <span class='ocrx_word' id='word_1_643' title='bbox 1630 5408 1753 5463; x_wconf 80' lang='grc' dir='ltr'>καθ’</span> 
     </span>
    </p>
   </div>
   <div class='ocr_carea' id='block_1_100' title="bbox 196 5494 1751 5574">
    <p class='ocr_par' dir='ltr' id='par_1_100' title="bbox 196 5494 1751 5574">
     <span class='ocr_line' id='line_1_100' title="bbox 196 5494 1751 5574; baseline 0.005 -25"><span class='ocrx_word' id='word_1_644' title='bbox 196 5496 425 5564; x_wconf 78' lang='grc' dir='ltr'>ἑκάστην</span> <span class='ocrx_word' id='word_1_645' title='bbox 458 5494 733 5566; x_wconf 79' lang='grc' dir='ltr'>χρῄζομεν</span> <span class='ocrx_word' id='word_1_646' title='bbox 758 5497 869 5550; x_wconf 85' lang='grc' dir='ltr'>τῶν</span> <span class='ocrx_word' id='word_1_647' title='bbox 902 5496 968 5549; x_wconf 88' lang='grc' dir='ltr'><strong>δι’</strong></span> <span class='ocrx_word' id='word_1_648' title='bbox 1002 5496 1167 5567; x_wconf 82' lang='grc' dir='ltr'>εὐχῆς</span> <span class='ocrx_word' id='word_1_649' title='bbox 1195 5498 1508 5570; x_wconf 88' lang='grc' dir='ltr'>καθαρσίων</span> <span class='ocrx_word' id='word_1_650' title='bbox 1530 5516 1547 5534; x_wconf 86' lang='grc'><strong>·</strong></span> <span class='ocrx_word' id='word_1_651' title='bbox 1580 5502 1614 5573; x_wconf 78' lang='grc' dir='ltr'>ἡ</span> <span class='ocrx_word' id='word_1_652' title='bbox 1644 5501 1751 5574; x_wconf 85' lang='grc' dir='ltr'><strong>γὰρ</strong></span> 
     </span>
    </p>
   </div>
   <div class='ocr_carea' id='block_1_101' title="bbox 273 5672 1389 5748">
    <p class='ocr_par' dir='ltr' id='par_1_101' title="bbox 273 5672 1389 5748">
     <span class='ocr_line' id='line_1_101' title="bbox 273 5672 1389 5748; baseline 0.006 -19"><span class='ocrx_word' id='word_1_653' title='bbox 273 5672 467 5729; x_wconf 73' lang='lat' dir='ltr'><strong>“Psal.</strong></span> <span class='ocrx_word' id='word_1_654' title='bbox 510 5690 680 5742; x_wconf 66' lang='grc' dir='ltr'>χχιιι,</span> <span class='ocrx_word' id='word_1_655' title='bbox 719 5674 807 5730; x_wconf 76' lang='grc'><strong>20.</strong></span> <span class='ocrx_word' id='word_1_656' title='bbox 886 5675 928 5707; x_wconf 82' lang='grc'><strong>¹⁹</strong></span> <span class='ocrx_word' id='word_1_657' title='bbox 966 5674 1109 5734; x_wconf 81' lang='lat' dir='ltr'><strong>Psal.</strong></span> <span class='ocrx_word' id='word_1_658' title='bbox 1138 5690 1269 5748; x_wconf 78' lang='lat' dir='ltr'><strong>xvn,</strong></span> <span class='ocrx_word' id='word_1_659' title='bbox 1302 5678 1389 5736; x_wconf 75' lang='lat' dir='ltr'><strong>I2.</strong></span> 
     </span>
    </p>
   </div>
   <div class='ocr_carea' id='block_1_102' title="bbox 1854 4476 3426 4559">
    <p class='ocr_par' dir='ltr' id='par_1_102' title="bbox 1854 4476 3426 4559">
     <span class='ocr_line' id='line_1_102' title="bbox 1854 4476 3426 4559; baseline -0.017 -2"><span class='ocrx_word' id='word_1_660' title='bbox 1854 4503 2068 4557; x_wconf 89' lang='lat' dir='ltr'><strong>ciorum</strong></span> <span class='ocrx_word' id='word_1_661' title='bbox 2127 4494 2443 4552; x_wconf 85' lang='lat' dir='ltr'><strong>reconditas</strong></span> <span class='ocrx_word' id='word_1_662' title='bbox 2475 4506 2654 4559; x_wconf 80' lang='lat' dir='ltr'><strong>neque</strong></span> <span class='ocrx_word' id='word_1_663' title='bbox 2685 4482 3077 4557; x_wconf 83' lang='lat' dir='ltr'><strong>comprehendi</strong></span> <span class='ocrx_word' id='word_1_664' title='bbox 3123 4492 3303 4550; x_wconf 87' lang='lat' dir='ltr'><strong>neque</strong></span> <span class='ocrx_word' id='word_1_665' title='bbox 3335 4476 3426 4531; x_wconf 84' lang='lat' dir='ltr'><strong>in-</strong></span> 
     </span>
    </p>
   </div>
   <div class='ocr_carea' id='block_1_103' title="bbox 1855 4581 2620 4662">
    <p class='ocr_par' dir='ltr' id='par_1_103' title="bbox 1855 4581 2620 4662">
     <span class='ocr_line' id='line_1_103' title="bbox 1855 4581 2620 4662; baseline -0.016 -13"><span class='ocrx_word' id='word_1_666' title='bbox 1855 4589 2112 4662; x_wconf 76' lang='lat' dir='ltr'><strong>vestigari</strong></span> <span class='ocrx_word' id='word_1_667' title='bbox 2141 4600 2308 4660; x_wconf 90' lang='lat' dir='ltr'><strong>posse</strong></span> <span class='ocrx_word' id='word_1_668' title='bbox 2329 4581 2620 4654; x_wconf 80' lang='lat' dir='ltr'><strong>signiﬁcat.</strong></span> 
     </span>
    </p>
   </div>
   <div class='ocr_carea' id='block_1_104' title="bbox 2370 4667 2901 4727">
    <p class='ocr_par' dir='ltr' id='par_1_104' title="bbox 2370 4667 2901 4727">
     <span class='ocr_line' id='line_1_104' title="bbox 2370 4667 2901 4727; baseline -0.008 -1"><span class='ocrx_word' id='word_1_669' title='bbox 2370 4670 2564 4727; x_wconf 80' lang='lat' dir='ltr'><strong>XXIV.</strong></span> <span class='ocrx_word' id='word_1_670' title='bbox 2595 4700 2663 4712; x_wconf 87' lang='lat'><strong>-—-</strong></span> <span class='ocrx_word' id='word_1_671' title='bbox 2693 4667 2901 4723; x_wconf 75' lang='lat' dir='ltr'><strong>Eidem.</strong></span> 
     </span>
    </p>
   </div>
   <div class='ocr_carea' id='block_1_105' title="bbox 1924 4752 3431 4833">
    <p class='ocr_par' dir='ltr' id='par_1_105' title="bbox 1924 4752 3431 4833">
     <span class='ocr_line' id='line_1_105' title="bbox 1924 4752 3431 4833; baseline -0.013 -11"><span class='ocrx_word' id='word_1_672' title='bbox 1924 4765 2139 4823; x_wconf 87' lang='lat' dir='ltr'><strong>Petiisti</strong></span> <span class='ocrx_word' id='word_1_673' title='bbox 2171 4780 2203 4819; x_wconf 91' lang='lat' dir='ltr'><strong>a</strong></span> <span class='ocrx_word' id='word_1_674' title='bbox 2244 4779 2332 4819; x_wconf 91' lang='lat' dir='ltr'><strong>me</strong></span> <span class='ocrx_word' id='word_1_675' title='bbox 2352 4804 2367 4828; x_wconf 90' lang='lat'><strong>,</strong></span> <span class='ocrx_word' id='word_1_676' title='bbox 2418 4774 2717 4833; x_wconf 84' lang='lat' dir='ltr'><strong>quamnam</strong></span> <span class='ocrx_word' id='word_1_677' title='bbox 2749 4757 2821 4812; x_wconf 90' lang='lat' dir='ltr'><strong>ob</strong></span> <span class='ocrx_word' id='word_1_678' title='bbox 2874 4769 3097 4811; x_wconf 89' lang='lat' dir='ltr'><strong>causam</strong></span> <span class='ocrx_word' id='word_1_679' title='bbox 3128 4752 3279 4807; x_wconf 77' lang='lat' dir='ltr'><strong>foras</strong></span> <span class='ocrx_word' id='word_1_680' title='bbox 3310 4764 3431 4805; x_wconf 84' lang='lat' dir='ltr'><strong>ma-</strong></span> 
     </span>
    </p>
   </div>
   <div class='ocr_carea' id='block_1_106' title="bbox 1855 4843 3427 4926">
    <p class='ocr_par' dir='ltr' id='par_1_106' title="bbox 1855 4843 3427 4926">
     <span class='ocr_line' id='line_1_106' title="bbox 1855 4843 3427 4926; baseline -0.013 -10"><span class='ocrx_word' id='word_1_681' title='bbox 1855 4876 1962 4916; x_wconf 86' lang='lat' dir='ltr'><strong>nus</strong></span> <span class='ocrx_word' id='word_1_682' title='bbox 1990 4858 2303 4919; x_wconf 87' lang='lat' dir='ltr'><strong>abluimns,</strong></span> <span class='ocrx_word' id='word_1_683' title='bbox 2334 4854 2684 4926; x_wconf 86' lang='lat' dir='ltr'><strong>postmodum</strong></span> <span class='ocrx_word' id='word_1_684' title='bbox 2732 4852 2790 4905; x_wconf 90' lang='lat' dir='ltr'><strong>in</strong></span> <span class='ocrx_word' id='word_1_685' title='bbox 2816 4850 3037 4905; x_wconf 90' lang='lat' dir='ltr'><strong>domum</strong></span> <span class='ocrx_word' id='word_1_686' title='bbox 3069 4845 3163 4899; x_wconf 91' lang='lat' dir='ltr'><strong>Dei</strong></span> <span class='ocrx_word' id='word_1_687' title='bbox 3186 4843 3427 4899; x_wconf 87' lang='lat' dir='ltr'><strong>adoran-</strong></span> 
     </span>
    </p>
   </div>
   <div class='ocr_carea' id='block_1_107' title="bbox 1855 4934 3431 5016">
    <p class='ocr_par' dir='ltr' id='par_1_107' title="bbox 1855 4934 3431 5016">
     <span class='ocr_line' id='line_1_107' title="bbox 1855 4934 3431 5016; baseline -0.014 -7"><span class='ocrx_word' id='word_1_688' title='bbox 1855 4954 1986 5009; x_wconf 89' lang='lat' dir='ltr'><strong>dum</strong></span> <span class='ocrx_word' id='word_1_689' title='bbox 2026 4950 2348 5006; x_wconf 88' lang='lat' dir='ltr'><strong>introimus.</strong></span> <span class='ocrx_word' id='word_1_690' title='bbox 2384 4945 2592 5003; x_wconf 87' lang='lat' dir='ltr'><strong>Discito</strong></span> <span class='ocrx_word' id='word_1_691' title='bbox 2620 4961 2718 5016; x_wconf 91' lang='lat' dir='ltr'><strong>per</strong></span> <span class='ocrx_word' id='word_1_692' title='bbox 2752 4943 2805 4998; x_wconf 92' lang='lat' dir='ltr'><strong>id</strong></span> <span class='ocrx_word' id='word_1_693' title='bbox 2840 4940 2985 5012; x_wconf 90' lang='lat' dir='ltr'><strong>quod</strong></span> <span class='ocrx_word' id='word_1_694' title='bbox 3029 4952 3196 4994; x_wconf 88' lang='lat' dir='ltr'><strong>sensu</strong></span> <span class='ocrx_word' id='word_1_695' title='bbox 3249 4934 3431 5005; x_wconf 86' lang='lat' dir='ltr'><strong>perci-</strong></span> 
     </span>
    </p>
   </div>
   <div class='ocr_carea' id='block_1_108' title="bbox 1855 5028 3433 5117">
    <p class='ocr_par' dir='ltr' id='par_1_108' title="bbox 1855 5028 3433 5117">
     <span class='ocr_line' id='line_1_108' title="bbox 1855 5028 3433 5117; baseline -0.013 -17"><span class='ocrx_word' id='word_1_696' title='bbox 1855 5048 2024 5117; x_wconf 90' lang='lat' dir='ltr'><strong>pitur,</strong></span> <span class='ocrx_word' id='word_1_697' title='bbox 2058 5045 2111 5100; x_wconf 91' lang='lat' dir='ltr'><strong>id</strong></span> <span class='ocrx_word' id='word_1_698' title='bbox 2141 5042 2288 5114; x_wconf 89' lang='lat' dir='ltr'><strong>quod</strong></span> <span class='ocrx_word' id='word_1_699' title='bbox 2314 5043 2368 5096; x_wconf 90' lang='lat' dir='ltr'><strong>in</strong></span> <span class='ocrx_word' id='word_1_700' title='bbox 2399 5040 2739 5095; x_wconf 86' lang='lat' dir='ltr'><strong>intellectum</strong></span> <span class='ocrx_word' id='word_1_701' title='bbox 2765 5034 2913 5090; x_wconf 85' lang='lat' dir='ltr'><strong>cadit</strong></span> <span class='ocrx_word' id='word_1_702' title='bbox 2940 5031 3195 5087; x_wconf 87' lang='lat' dir='ltr'><strong>indicari.</strong></span> <span class='ocrx_word' id='word_1_703' title='bbox 3231 5028 3433 5095; x_wconf 65' lang='lat' dir='ltr'><strong>Quem-</strong></span> 
     </span>
    </p>
   </div>
   <div class='ocr_carea' id='block_1_109' title="bbox 1858 5125 3430 5201">
    <p class='ocr_par' dir='ltr' id='par_1_109' title="bbox 1858 5125 3430 5201">
     <span class='ocr_line' id='line_1_109' title="bbox 1858 5125 3430 5201; baseline -0.013 -9"><span class='ocrx_word' id='word_1_704' title='bbox 1858 5136 2150 5192; x_wconf 86' lang='lat' dir='ltr'><strong>admodum</strong></span> <span class='ocrx_word' id='word_1_705' title='bbox 2204 5135 2351 5190; x_wconf 91' lang='lat' dir='ltr'><strong>enim</strong></span> <span class='ocrx_word' id='word_1_706' title='bbox 2406 5147 2550 5200; x_wconf 84' lang='lat' dir='ltr'><strong>aqua</strong></span> <span class='ocrx_word' id='word_1_707' title='bbox 2578 5143 2857 5201; x_wconf 72' lang='lat' dir='ltr'><strong>corporeae</strong></span> <span class='ocrx_word' id='word_1_708' title='bbox 2898 5125 3089 5180; x_wconf 89' lang='lat' dir='ltr'><strong>sordes</strong></span> <span class='ocrx_word' id='word_1_709' title='bbox 3115 5135 3430 5193; x_wconf 82' lang='lat' dir='ltr'><strong>expurgan-</strong></span> 
     </span>
    </p>
   </div>
   <div class='ocr_carea' id='block_1_110' title="bbox 1859 5213 3427 5298">
    <p class='ocr_par' dir='ltr' id='par_1_110' title="bbox 1859 5213 3427 5298">
     <span class='ocr_line' id='line_1_110' title="bbox 1859 5213 3427 5298; baseline -0.011 -16"><span class='ocrx_word' id='word_1_710' title='bbox 1859 5237 1972 5291; x_wconf 89' lang='lat' dir='ltr'><strong>tur,</strong></span> <span class='ocrx_word' id='word_1_711' title='bbox 2003 5228 2076 5282; x_wconf 91' lang='lat' dir='ltr'><strong>ita</strong></span> <span class='ocrx_word' id='word_1_712' title='bbox 2105 5242 2204 5298; x_wconf 91' lang='lat' dir='ltr'><strong>per</strong></span> <span class='ocrx_word' id='word_1_713' title='bbox 2226 5226 2532 5281; x_wconf 85' lang='lat' dir='ltr'><strong>orationem</strong></span> <span class='ocrx_word' id='word_1_714' title='bbox 2552 5222 2771 5278; x_wconf 90' lang='lat' dir='ltr'><strong>animus</strong></span> <span class='ocrx_word' id='word_1_715' title='bbox 2795 5217 3131 5290; x_wconf 88' lang='lat' dir='ltr'><strong>splendidior</strong></span> <span class='ocrx_word' id='word_1_716' title='bbox 3158 5213 3427 5269; x_wconf 86' lang='lat' dir='ltr'><strong>redditur.</strong></span> 
     </span>
    </p>
   </div>
   <div class='ocr_carea' id='block_1_111' title="bbox 1857 5306 3431 5385">
    <p class='ocr_par' dir='ltr' id='par_1_111' title="bbox 1857 5306 3431 5385">
     <span class='ocr_line' id='line_1_111' title="bbox 1857 5306 3431 5385; baseline -0.011 -11"><span class='ocrx_word' id='word_1_717' title='bbox 1857 5318 2032 5374; x_wconf 88' lang='lat' dir='ltr'><strong>Nemo</strong></span> <span class='ocrx_word' id='word_1_718' title='bbox 2079 5318 2225 5373; x_wconf 91' lang='lat' dir='ltr'><strong>enim</strong></span> <span class='ocrx_word' id='word_1_719' title='bbox 2282 5316 2566 5371; x_wconf 88' lang='lat' dir='ltr'><strong>hominum</strong></span> <span class='ocrx_word' id='word_1_720' title='bbox 2618 5327 2792 5385; x_wconf 90' lang='lat' dir='ltr'><strong>purus</strong></span> <span class='ocrx_word' id='word_1_721' title='bbox 2834 5321 2922 5368; x_wconf 92' lang='lat' dir='ltr'><strong>est</strong></span> <span class='ocrx_word' id='word_1_722' title='bbox 2969 5325 3003 5364; x_wconf 88' lang='lat' dir='ltr'><strong>a</strong></span> <span class='ocrx_word' id='word_1_723' title='bbox 3063 5324 3245 5372; x_wconf 82' lang='lat' dir='ltr'><strong>noxa,</strong></span> <span class='ocrx_word' id='word_1_724' title='bbox 3298 5306 3431 5359; x_wconf 89' lang='lat' dir='ltr'><strong>licet</strong></span> 
     </span>
    </p>
   </div>
   <div class='ocr_carea' id='block_1_112' title="bbox 1858 5398 3429 5483">
    <p class='ocr_par' dir='ltr' id='par_1_112' title="bbox 1858 5398 3429 5483">
     <span class='ocr_line' id='line_1_112' title="bbox 1858 5398 3429 5483; baseline -0.01 -18"><span class='ocrx_word' id='word_1_725' title='bbox 1858 5426 2116 5483; x_wconf 87' lang='lat' dir='ltr'><strong>magnum</strong></span> <span class='ocrx_word' id='word_1_726' title='bbox 2142 5409 2295 5463; x_wconf 85' lang='lat' dir='ltr'><strong>illum</strong></span> <span class='ocrx_word' id='word_1_727' title='bbox 2327 5409 2504 5479; x_wconf 83' lang='lat' dir='ltr'><strong>legum</strong></span> <span class='ocrx_word' id='word_1_728' title='bbox 2532 5408 2760 5463; x_wconf 91' lang='lat' dir='ltr'><strong>latorem</strong></span> <span class='ocrx_word' id='word_1_729' title='bbox 2791 5405 3029 5477; x_wconf 80' lang='lat' dir='ltr'><strong>Moysem</strong></span> <span class='ocrx_word' id='word_1_730' title='bbox 3060 5404 3187 5456; x_wconf 63' lang='lat' dir='ltr'><strong>vitae</strong></span> <span class='ocrx_word' id='word_1_731' title='bbox 3214 5398 3429 5454; x_wconf 88' lang='lat' dir='ltr'><strong>ratione</strong></span> 
     </span>
    </p>
   </div>
   <div class='ocr_carea' id='block_1_113' title="bbox 1854 5486 3424 5572">
    <p class='ocr_par' dir='ltr' id='par_1_113' title="bbox 1854 5486 3424 5572">
     <span class='ocr_line' id='line_1_113' title="bbox 1854 5486 3424 5572; baseline -0.01 -12"><span class='ocrx_word' id='word_1_732' title='bbox 1854 5505 2163 5560; x_wconf 71' lang='lat' dir='ltr'><strong>aemuletur.</strong></span> <span class='ocrx_word' id='word_1_733' title='bbox 2191 5498 2398 5558; x_wconf 88' lang='lat' dir='ltr'><strong>Omnes</strong></span> <span class='ocrx_word' id='word_1_734' title='bbox 2427 5501 2615 5572; x_wconf 85' lang='lat' dir='ltr'><strong>itaque</strong></span> <span class='ocrx_word' id='word_1_735' title='bbox 2657 5497 2911 5556; x_wconf 89' lang='lat' dir='ltr'><strong>homines</strong></span> <span class='ocrx_word' id='word_1_736' title='bbox 2955 5494 3151 5552; x_wconf 87' lang='lat' dir='ltr'><strong>diebus</strong></span> <span class='ocrx_word' id='word_1_737' title='bbox 3188 5486 3424 5561; x_wconf 83' lang='lat' dir='ltr'><strong>singulis</strong></span> 
     </span>
    </p>
   </div>
  </div>
