  <div class='ocr_page' id='page_1' title='image "/cluster/home/n/w/nwhite01/storage/ocr_20150623/79/hvd.32044010610517/053.png"; bbox 0 0 3882 6036; ppageno 0'>
   <div class='ocr_carea' id='block_1_1' title="bbox 490 228 2252 295">
    <p class='ocr_par' dir='ltr' id='par_1_1' title="bbox 490 228 2252 295">
     <span class='ocr_line' id='line_1_1' title="bbox 490 228 2252 295; baseline 0 -3"><span class='ocrx_word' id='word_1_1' title='bbox 490 228 554 292; x_wconf 84' lang='lat'><strong>91</strong></span> <span class='ocrx_word' id='word_1_2' title='bbox 1986 234 2049 295; x_wconf 91' lang='lat' dir='ltr'><strong>S.</strong></span> <span class='ocrx_word' id='word_1_3' title='bbox 2089 233 2252 293; x_wconf 84' lang='lat' dir='ltr'><strong>NlLI</strong></span> 
     </span>
    </p>
   </div>
   <div class='ocr_carea' id='block_1_2' title="bbox 487 343 1771 417">
    <p class='ocr_par' dir='ltr' id='par_1_2' title="bbox 487 343 1771 417">
     <span class='ocr_line' id='line_1_2' title="bbox 487 343 1771 417; baseline 0.004 -20"><span class='ocrx_word' id='word_1_4' title='bbox 487 343 762 404; x_wconf 90' lang='lat' dir='ltr'><strong>oratione.</strong></span> <span class='ocrx_word' id='word_1_5' title='bbox 812 359 935 414; x_wconf 81' lang='lat' dir='ltr'><strong>qua:</strong></span> <span class='ocrx_word' id='word_1_6' title='bbox 990 343 1142 400; x_wconf 85' lang='lat' dir='ltr'><strong>labes</strong></span> <span class='ocrx_word' id='word_1_7' title='bbox 1185 344 1396 415; x_wconf 70' lang='lat' dir='ltr'><strong>expiet,</strong></span> <span class='ocrx_word' id='word_1_8' title='bbox 1459 344 1771 417; x_wconf 80' lang='lat' dir='ltr'><strong>indigemus</strong></span> 
     </span>
    </p>
   </div>
   <div class='ocr_carea' id='block_1_3' title="bbox 489 435 2076 505">
    <p class='ocr_par' dir='ltr' id='par_1_3' title="bbox 489 435 2076 505">
     <span class='ocr_line' id='line_1_3' title="bbox 489 435 2076 505; baseline 0.002 -17"><span class='ocrx_word' id='word_1_9' title='bbox 489 435 691 505; x_wconf 86' lang='lat' dir='ltr'><strong>quippe</strong></span> <span class='ocrx_word' id='word_1_10' title='bbox 738 435 1266 505; x_wconf 87' lang='lat' dir='ltr'><strong>superadvenientes</strong></span> <span class='ocrx_word' id='word_1_11' title='bbox 1329 436 1493 492; x_wconf 88' lang='lat' dir='ltr'><strong>nobis</strong></span> <span class='ocrx_word' id='word_1_12' title='bbox 1550 438 1742 493; x_wconf 86' lang='lat' dir='ltr'><strong>sordes</strong></span> <span class='ocrx_word' id='word_1_13' title='bbox 1788 437 2076 492; x_wconf 87' lang='lat' dir='ltr'><strong>universas</strong></span> 
     </span>
    </p>
   </div>
   <div class='ocr_carea' id='block_1_4' title="bbox 490 529 2075 600">
    <p class='ocr_par' dir='ltr' id='par_1_4' title="bbox 490 529 2075 600">
     <span class='ocr_line' id='line_1_4' title="bbox 490 529 2075 600; baseline 0.001 -17"><span class='ocrx_word' id='word_1_14' title='bbox 490 530 725 600; x_wconf 83' lang='lat' dir='ltr'><strong>extergit</strong></span> <span class='ocrx_word' id='word_1_15' title='bbox 763 548 776 585; x_wconf 90' lang='lat'><strong>:</strong></span> <span class='ocrx_word' id='word_1_16' title='bbox 807 538 861 584; x_wconf 93' lang='lat' dir='ltr'><strong>et</strong></span> <span class='ocrx_word' id='word_1_17' title='bbox 900 530 1148 600; x_wconf 87' lang='lat' dir='ltr'><strong>primum</strong></span> <span class='ocrx_word' id='word_1_18' title='bbox 1180 530 1398 600; x_wconf 82' lang='lat' dir='ltr'><strong>quidem</strong></span> <span class='ocrx_word' id='word_1_19' title='bbox 1432 530 1486 584; x_wconf 91' lang='lat' dir='ltr'><strong>in</strong></span> <span class='ocrx_word' id='word_1_20' title='bbox 1508 531 1735 586; x_wconf 87' lang='lat' dir='ltr'><strong>exordio</strong></span> <span class='ocrx_word' id='word_1_21' title='bbox 1760 530 1882 586; x_wconf 87' lang='lat' dir='ltr'><strong>lidei</strong></span> <span class='ocrx_word' id='word_1_22' title='bbox 1907 529 2075 586; x_wconf 89' lang='lat' dir='ltr'><strong>semel</strong></span> 
     </span>
    </p>
   </div>
   <div class='ocr_carea' id='block_1_5' title="bbox 490 618 2077 693">
    <p class='ocr_par' dir='ltr' id='par_1_5' title="bbox 490 618 2077 693">
     <span class='ocr_line' id='line_1_5' title="bbox 490 618 2077 693; baseline 0.001 -22"><span class='ocrx_word' id='word_1_23' title='bbox 490 618 675 673; x_wconf 88' lang='lat' dir='ltr'><strong>divino</strong></span> <span class='ocrx_word' id='word_1_24' title='bbox 695 619 1019 689; x_wconf 72' lang='lat' dir='ltr'><strong>baptismate</strong></span> <span class='ocrx_word' id='word_1_25' title='bbox 1034 620 1204 675; x_wconf 88' lang='lat' dir='ltr'><strong>abluti</strong></span> <span class='ocrx_word' id='word_1_26' title='bbox 1222 635 1435 688; x_wconf 87' lang='lat' dir='ltr'><strong>sumus;</strong></span> <span class='ocrx_word' id='word_1_27' title='bbox 1452 636 1628 693; x_wconf 90' lang='lat' dir='ltr'><strong>neque</strong></span> <span class='ocrx_word' id='word_1_28' title='bbox 1649 620 1731 677; x_wconf 85' lang='lat' dir='ltr'><strong>fas</strong></span> <span class='ocrx_word' id='word_1_29' title='bbox 1752 630 1835 677; x_wconf 91' lang='lat' dir='ltr'><strong>est</strong></span> <span class='ocrx_word' id='word_1_30' title='bbox 1852 619 1979 676; x_wconf 83' lang='lat' dir='ltr'><strong>ﬁdei</strong></span> <span class='ocrx_word' id='word_1_31' title='bbox 2010 634 2077 673; x_wconf 89' lang='lat' dir='ltr'><strong>ac</strong></span> 
     </span>
    </p>
   </div>
   <div class='ocr_carea' id='block_1_6' title="bbox 494 709 2076 782">
    <p class='ocr_par' dir='ltr' id='par_1_6' title="bbox 494 709 2076 782">
     <span class='ocr_line' id='line_1_6' title="bbox 494 709 2076 782; baseline 0.001 -20"><span class='ocrx_word' id='word_1_32' title='bbox 494 716 652 762; x_wconf 67' lang='lat' dir='ltr'><strong>rectae</strong></span> <span class='ocrx_word' id='word_1_33' title='bbox 686 710 935 779; x_wconf 82' lang='lat' dir='ltr'><strong>religioni</strong></span> <span class='ocrx_word' id='word_1_34' title='bbox 978 710 1255 765; x_wconf 91' lang='lat' dir='ltr'><strong>addictum</strong></span> <span class='ocrx_word' id='word_1_35' title='bbox 1276 726 1469 767; x_wconf 83' lang='lat' dir='ltr'><strong>rursus</strong></span> <span class='ocrx_word' id='word_1_36' title='bbox 1491 711 1822 782; x_wconf 78' lang='lat' dir='ltr'><strong>baptismum</strong></span> <span class='ocrx_word' id='word_1_37' title='bbox 1850 709 2076 780; x_wconf 90' lang='lat' dir='ltr'><strong>ingemi-</strong></span> 
     </span>
    </p>
   </div>
   <div class='ocr_carea' id='block_1_7' title="bbox 495 800 2078 875">
    <p class='ocr_par' dir='ltr' id='par_1_7' title="bbox 495 800 2078 875">
     <span class='ocr_line' id='line_1_7' title="bbox 495 800 2078 875; baseline 0.001 -20"><span class='ocrx_word' id='word_1_38' title='bbox 495 800 1030 874; x_wconf 36' lang='lat' dir='ltr'><strong>nare..Verumtamen</strong></span> <span class='ocrx_word' id='word_1_39' title='bbox 1052 818 1174 858; x_wconf 92' lang='lat' dir='ltr'><strong>cum</strong></span> <span class='ocrx_word' id='word_1_40' title='bbox 1192 820 1428 875; x_wconf 88' lang='lat' dir='ltr'><strong>semper,</strong></span> <span class='ocrx_word' id='word_1_41' title='bbox 1448 820 1570 875; x_wconf 71' lang='lat' dir='ltr'><strong>qua:</strong></span> <span class='ocrx_word' id='word_1_42' title='bbox 1592 808 1645 859; x_wconf 92' lang='lat' dir='ltr'><strong>in</strong></span> <span class='ocrx_word' id='word_1_43' title='bbox 1668 804 1828 860; x_wconf 86' lang='lat' dir='ltr'><strong>nobis</strong></span> <span class='ocrx_word' id='word_1_44' title='bbox 1843 819 1909 859; x_wconf 83' lang='lat' dir='ltr'><strong>ex</strong></span> <span class='ocrx_word' id='word_1_45' title='bbox 1932 804 2078 858; x_wconf 86' lang='lat' dir='ltr'><strong>incu-</strong></span> 
     </span>
    </p>
   </div>
   <div class='ocr_carea' id='block_1_8' title="bbox 493 896 2071 967">
    <p class='ocr_par' dir='ltr' id='par_1_8' title="bbox 493 896 2071 967">
     <span class='ocr_line' id='line_1_8' title="bbox 493 896 2071 967; baseline 0.003 -19"><span class='ocrx_word' id='word_1_46' title='bbox 493 896 573 950; x_wconf 87' lang='lat' dir='ltr'><strong>ria</strong></span> <span class='ocrx_word' id='word_1_47' title='bbox 602 903 658 950; x_wconf 91' lang='lat' dir='ltr'><strong>et</strong></span> <span class='ocrx_word' id='word_1_48' title='bbox 687 896 1011 967; x_wconf 73' lang='lat' dir='ltr'><strong>negligentia</strong></span> <span class='ocrx_word' id='word_1_49' title='bbox 1061 897 1253 954; x_wconf 87' lang='lat' dir='ltr'><strong>sordes</strong></span> <span class='ocrx_word' id='word_1_50' title='bbox 1279 898 1663 961; x_wconf 88' lang='lat' dir='ltr'><strong>innascuntur,</strong></span> <span class='ocrx_word' id='word_1_51' title='bbox 1692 896 2071 967; x_wconf 65' lang='lat' dir='ltr'><strong>abstergendat</strong></span> 
     </span>
    </p>
   </div>
   <div class='ocr_carea' id='block_1_9' title="bbox 493 988 2073 1063">
    <p class='ocr_par' dir='ltr' id='par_1_9' title="bbox 493 988 2073 1063">
     <span class='ocr_line' id='line_1_9' title="bbox 493 988 2073 1063; baseline 0.003 -21"><span class='ocrx_word' id='word_1_52' title='bbox 493 988 605 1042; x_wconf 89' lang='lat' dir='ltr'><strong>sint</strong></span> <span class='ocrx_word' id='word_1_53' title='bbox 638 996 692 1043; x_wconf 93' lang='lat' dir='ltr'><strong>et</strong></span> <span class='ocrx_word' id='word_1_54' title='bbox 724 989 1056 1045; x_wconf 66' lang='lat' dir='ltr'><strong>abradendae</strong></span> <span class='ocrx_word' id='word_1_55' title='bbox 1076 1029 1091 1053; x_wconf 88' lang='lat'><strong>,</strong></span> <span class='ocrx_word' id='word_1_56' title='bbox 1124 999 1179 1046; x_wconf 92' lang='lat' dir='ltr'><strong>et</strong></span> <span class='ocrx_word' id='word_1_57' title='bbox 1210 990 1361 1046; x_wconf 84' lang='lat' dir='ltr'><strong>foras</strong></span> <span class='ocrx_word' id='word_1_58' title='bbox 1388 1006 1553 1062; x_wconf 90' lang='lat' dir='ltr'><strong>quam</strong></span> <span class='ocrx_word' id='word_1_59' title='bbox 1596 991 1926 1063; x_wconf 84' lang='lat' dir='ltr'><strong>longissime</strong></span> <span class='ocrx_word' id='word_1_60' title='bbox 1952 991 2073 1046; x_wconf 88' lang='lat' dir='ltr'><strong>sin-</strong></span> 
     </span>
    </p>
   </div>
   <div class='ocr_carea' id='block_1_10' title="bbox 504 1076 2079 1151">
    <p class='ocr_par' dir='ltr' id='par_1_10' title="bbox 504 1076 2079 1151">
     <span class='ocr_line' id='line_1_10' title="bbox 504 1076 2079 1151; baseline 0.004 -22"><span class='ocrx_word' id='word_1_61' title='bbox 504 1076 650 1147; x_wconf 87' lang='lat' dir='ltr'><strong>gulis</strong></span> <span class='ocrx_word' id='word_1_62' title='bbox 707 1077 825 1133; x_wconf 82' lang='lat' dir='ltr'><strong>fere</strong></span> <span class='ocrx_word' id='word_1_63' title='bbox 858 1078 1009 1136; x_wconf 91' lang='lat' dir='ltr'><strong>horis</strong></span> <span class='ocrx_word' id='word_1_64' title='bbox 1049 1080 1427 1150; x_wconf 67' lang='lat' dir='ltr'><strong>projiciendaa,</strong></span> <span class='ocrx_word' id='word_1_65' title='bbox 1455 1081 1561 1137; x_wconf 85' lang='lat' dir='ltr'><strong>hoc</strong></span> <span class='ocrx_word' id='word_1_66' title='bbox 1590 1081 1899 1151; x_wconf 73' lang='lat' dir='ltr'><strong>indigemus</strong></span> <span class='ocrx_word' id='word_1_67' title='bbox 1930 1081 2079 1135; x_wconf 84' lang='lat' dir='ltr'><strong>lava-</strong></span> 
     </span>
    </p>
   </div>
   <div class='ocr_carea' id='block_1_11' title="bbox 506 1169 2079 1239">
    <p class='ocr_par' dir='ltr' id='par_1_11' title="bbox 506 1169 2079 1239">
     <span class='ocr_line' id='line_1_11' title="bbox 506 1169 2079 1239; baseline 0.004 -19"><span class='ocrx_word' id='word_1_68' title='bbox 506 1183 625 1233; x_wconf 92' lang='lat' dir='ltr'><strong>cro,</strong></span> <span class='ocrx_word' id='word_1_69' title='bbox 663 1169 1040 1239; x_wconf 90' lang='lat' dir='ltr'><strong>iutelligibilia</strong></span> <span class='ocrx_word' id='word_1_70' title='bbox 1081 1186 1145 1227; x_wconf 90' lang='lat' dir='ltr'><strong>ac</strong></span> <span class='ocrx_word' id='word_1_71' title='bbox 1175 1173 1462 1229; x_wconf 88' lang='lat' dir='ltr'><strong>sensibilia</strong></span> <span class='ocrx_word' id='word_1_72' title='bbox 1503 1183 1710 1238; x_wconf 87' lang='lat' dir='ltr'><strong>errata,</strong></span> <span class='ocrx_word' id='word_1_73' title='bbox 1767 1172 2079 1227; x_wconf 86' lang='lat' dir='ltr'><strong>voluntaria</strong></span> 
     </span>
    </p>
   </div>
   <div class='ocr_carea' id='block_1_12' title="bbox 497 1260 2082 1334">
    <p class='ocr_par' dir='ltr' id='par_1_12' title="bbox 497 1260 2082 1334">
     <span class='ocr_line' id='line_1_12' title="bbox 497 1260 2082 1334; baseline 0.004 -23"><span class='ocrx_word' id='word_1_74' title='bbox 497 1267 665 1329; x_wconf 85' lang='lat' dir='ltr'><strong>atque</strong></span> <span class='ocrx_word' id='word_1_75' title='bbox 705 1260 1081 1318; x_wconf 80' lang='lat' dir='ltr'><strong>involuntaria</strong></span> <span class='ocrx_word' id='word_1_76' title='bbox 1108 1279 1218 1318; x_wconf 91' lang='lat' dir='ltr'><strong>una</strong></span> <span class='ocrx_word' id='word_1_77' title='bbox 1257 1265 1546 1321; x_wconf 89' lang='lat' dir='ltr'><strong>nobiscum</strong></span> <span class='ocrx_word' id='word_1_78' title='bbox 1576 1265 1761 1321; x_wconf 88' lang='lat' dir='ltr'><strong>animo</strong></span> <span class='ocrx_word' id='word_1_79' title='bbox 1792 1264 2082 1334; x_wconf 88' lang='lat' dir='ltr'><strong>supervol-</strong></span> 
     </span>
    </p>
   </div>
   <div class='ocr_carea' id='block_1_13' title="bbox 492 1352 2072 1423">
    <p class='ocr_par' dir='ltr' id='par_1_13' title="bbox 492 1352 2072 1423">
     <span class='ocr_line' id='line_1_13' title="bbox 492 1352 2072 1423; baseline 0.002 -18"><span class='ocrx_word' id='word_1_80' title='bbox 492 1353 703 1407; x_wconf 84' lang='lat' dir='ltr'><strong>veu&#39;tes.</strong></span> <span class='ocrx_word' id='word_1_81' title='bbox 743 1353 847 1423; x_wconf 83' lang='grc' dir='ltr'><strong>ιο</strong></span> <span class='ocrx_word' id='word_1_82' title='bbox 877 1352 1146 1409; x_wconf 81' lang='lat' dir='ltr'><strong>Existimo</strong></span> <span class='ocrx_word' id='word_1_83' title='bbox 1181 1355 1328 1410; x_wconf 90' lang='lat' dir='ltr'><strong>enim</strong></span> <span class='ocrx_word' id='word_1_84' title='bbox 1364 1355 1484 1411; x_wconf 86' lang='lat' dir='ltr'><strong>vice</strong></span> <span class='ocrx_word' id='word_1_85' title='bbox 1516 1366 1703 1411; x_wconf 89' lang='lat' dir='ltr'><strong>nostra</strong></span> <span class='ocrx_word' id='word_1_86' title='bbox 1732 1353 1931 1410; x_wconf 83' lang='lat' dir='ltr'><strong>Jobum</strong></span> <span class='ocrx_word' id='word_1_87' title='bbox 1984 1370 2072 1409; x_wconf 84' lang='lat' dir='ltr'><strong>ex-</strong></span> 
     </span>
    </p>
   </div>
   <div class='ocr_carea' id='block_1_14' title="bbox 494 1442 2080 1515">
    <p class='ocr_par' dir='ltr' id='par_1_14' title="bbox 494 1442 2080 1515">
     <span class='ocr_line' id='line_1_14' title="bbox 494 1442 2080 1515; baseline 0.002 -21"><span class='ocrx_word' id='word_1_88' title='bbox 494 1442 710 1507; x_wconf 87' lang='lat' dir='ltr'><strong>tulisse,</strong></span> <span class='ocrx_word' id='word_1_89' title='bbox 748 1462 768 1495; x_wconf 80' lang='grc' dir='ltr'><strong>ι</strong></span> <span class='ocrx_word' id='word_1_90' title='bbox 811 1443 869 1496; x_wconf 85' lang='lat' dir='ltr'><strong>Si</strong></span> <span class='ocrx_word' id='word_1_91' title='bbox 904 1443 1132 1499; x_wconf 81' lang='lat' dir='ltr'><strong>abluero</strong></span> <span class='ocrx_word' id='word_1_92' title='bbox 1162 1460 1250 1500; x_wconf 92' lang='lat' dir='ltr'><strong>me</strong></span> <span class='ocrx_word' id='word_1_93' title='bbox 1273 1446 1419 1510; x_wconf 91' lang='lat' dir='ltr'><strong>nive,</strong></span> <span class='ocrx_word' id='word_1_94' title='bbox 1451 1452 1508 1500; x_wconf 89' lang='lat' dir='ltr'><strong>et</strong></span> <span class='ocrx_word' id='word_1_95' title='bbox 1554 1458 1936 1515; x_wconf 82' lang='lat' dir='ltr'><strong>expurgavero</strong></span> <span class='ocrx_word' id='word_1_96' title='bbox 1964 1458 2080 1497; x_wconf 88' lang='lat' dir='ltr'><strong>ma-</strong></span> 
     </span>
    </p>
   </div>
   <div class='ocr_carea' id='block_1_15' title="bbox 494 1534 2073 1606">
    <p class='ocr_par' dir='ltr' id='par_1_15' title="bbox 494 1534 2073 1606">
     <span class='ocr_line' id='line_1_15' title="bbox 494 1534 2073 1606; baseline 0.001 -19"><span class='ocrx_word' id='word_1_97' title='bbox 494 1535 662 1591; x_wconf 87' lang='lat' dir='ltr'><strong>nibus</strong></span> <span class='ocrx_word' id='word_1_98' title='bbox 730 1536 924 1606; x_wconf 88' lang='lat' dir='ltr'><strong>puris,</strong></span> <span class='ocrx_word' id='word_1_99' title='bbox 972 1537 1109 1592; x_wconf 86' lang='lat' dir='ltr'><strong>satis</strong></span> <span class='ocrx_word' id='word_1_100' title='bbox 1164 1536 1220 1591; x_wconf 94' lang='lat' dir='ltr'><strong>in</strong></span> <span class='ocrx_word' id='word_1_101' title='bbox 1280 1538 1398 1592; x_wconf 82' lang='lat' dir='ltr'><strong>luto</strong></span> <span class='ocrx_word' id='word_1_102' title='bbox 1469 1551 1555 1591; x_wconf 93' lang='lat' dir='ltr'><strong>me</strong></span> <span class='ocrx_word' id='word_1_103' title='bbox 1603 1534 1880 1592; x_wconf 88' lang='lat' dir='ltr'><strong>intinxisti</strong></span> <span class='ocrx_word' id='word_1_104' title='bbox 1931 1536 1998 1590; x_wconf 82' lang='lat'><strong>’°.</strong></span> <span class='ocrx_word' id='word_1_105' title='bbox 2052 1552 2073 1587; x_wconf 75' lang='grc' dir='ltr'><strong>ι</strong></span> 
     </span>
    </p>
   </div>
   <div class='ocr_carea' id='block_1_16' title="bbox 494 1625 2070 1697">
    <p class='ocr_par' dir='ltr' id='par_1_16' title="bbox 494 1625 2070 1697">
     <span class='ocr_line' id='line_1_16' title="bbox 494 1625 2070 1697; baseline 0.001 -17"><span class='ocrx_word' id='word_1_106' title='bbox 494 1625 963 1693; x_wconf 87' lang='lat' dir='ltr'><strong>Quemadmodum</strong></span> <span class='ocrx_word' id='word_1_107' title='bbox 1005 1628 1169 1697; x_wconf 79' lang='lat' dir='ltr'><strong>igitur</strong></span> <span class='ocrx_word' id='word_1_108' title='bbox 1199 1634 1314 1682; x_wconf 92' lang='lat' dir='ltr'><strong>toto</strong></span> <span class='ocrx_word' id='word_1_109' title='bbox 1349 1627 1472 1681; x_wconf 68' lang='lat' dir='ltr'><strong>vitae</strong></span> <span class='ocrx_word' id='word_1_110' title='bbox 1522 1626 1801 1682; x_wconf 90' lang='lat' dir='ltr'><strong>curriculo</strong></span> <span class='ocrx_word' id='word_1_111' title='bbox 1849 1626 2070 1682; x_wconf 90' lang='lat' dir='ltr'><strong>edimus</strong></span> 
     </span>
    </p>
   </div>
   <div class='ocr_carea' id='block_1_17' title="bbox 495 1719 2059 1790">
    <p class='ocr_par' dir='ltr' id='par_1_17' title="bbox 495 1719 2059 1790">
     <span class='ocr_line' id='line_1_17' title="bbox 495 1719 2059 1790; baseline 0.002 -17"><span class='ocrx_word' id='word_1_112' title='bbox 495 1728 551 1773; x_wconf 86' lang='lat' dir='ltr'><strong>et</strong></span> <span class='ocrx_word' id='word_1_113' title='bbox 602 1719 871 1784; x_wconf 87' lang='lat' dir='ltr'><strong>bibimus,</strong></span> <span class='ocrx_word' id='word_1_114' title='bbox 918 1722 999 1776; x_wconf 93' lang='lat' dir='ltr'><strong>sic</strong></span> <span class='ocrx_word' id='word_1_115' title='bbox 1044 1729 1099 1775; x_wconf 91' lang='lat' dir='ltr'><strong>et</strong></span> <span class='ocrx_word' id='word_1_116' title='bbox 1134 1719 1341 1790; x_wconf 91' lang='lat' dir='ltr'><strong>detergi</strong></span> <span class='ocrx_word' id='word_1_117' title='bbox 1382 1719 1728 1777; x_wconf 87' lang='lat' dir='ltr'><strong>incessanter</strong></span> <span class='ocrx_word' id='word_1_118' title='bbox 1771 1720 2059 1785; x_wconf 87' lang='lat' dir='ltr'><strong>debemus,</strong></span> 
     </span>
    </p>
   </div>
   <div class='ocr_carea' id='block_1_18' title="bbox 496 1811 2076 1884">
    <p class='ocr_par' dir='ltr' id='par_1_18' title="bbox 496 1811 2076 1884">
     <span class='ocr_line' id='line_1_18' title="bbox 496 1811 2076 1884; baseline 0.003 -21"><span class='ocrx_word' id='word_1_119' title='bbox 496 1811 715 1880; x_wconf 88' lang='lat' dir='ltr'><strong>quando</strong></span> <span class='ocrx_word' id='word_1_120' title='bbox 738 1812 852 1866; x_wconf 74' lang='lat' dir='ltr'><strong>fieri</strong></span> <span class='ocrx_word' id='word_1_121' title='bbox 881 1828 988 1868; x_wconf 92' lang='lat' dir='ltr'><strong>non</strong></span> <span class='ocrx_word' id='word_1_122' title='bbox 1030 1819 1235 1883; x_wconf 87' lang='lat' dir='ltr'><strong>potest,</strong></span> <span class='ocrx_word' id='word_1_123' title='bbox 1289 1820 1352 1867; x_wconf 92' lang='lat' dir='ltr'><strong>ut</strong></span> <span class='ocrx_word' id='word_1_124' title='bbox 1376 1812 1543 1869; x_wconf 88' lang='lat' dir='ltr'><strong>homo</strong></span> <span class='ocrx_word' id='word_1_125' title='bbox 1577 1812 1781 1884; x_wconf 89' lang='lat' dir='ltr'><strong>aliquis</strong></span> <span class='ocrx_word' id='word_1_126' title='bbox 1810 1812 2076 1869; x_wconf 90' lang='lat' dir='ltr'><strong>continuo</strong></span> 
     </span>
    </p>
   </div>
   <div class='ocr_carea' id='block_1_19' title="bbox 496 1903 2068 1971">
    <p class='ocr_par' dir='ltr' id='par_1_19' title="bbox 496 1903 2068 1971">
     <span class='ocr_line' id='line_1_19' title="bbox 496 1903 2068 1971; baseline 0.003 -15"><span class='ocrx_word' id='word_1_127' title='bbox 496 1903 933 1971; x_wconf 89' lang='lat' dir='ltr'><strong>irreprehensus,</strong></span> <span class='ocrx_word' id='word_1_128' title='bbox 958 1911 1012 1957; x_wconf 90' lang='lat' dir='ltr'><strong>et</strong></span> <span class='ocrx_word' id='word_1_129' title='bbox 1047 1906 1518 1961; x_wconf 90' lang='lat' dir='ltr'><strong>incontaminatus</strong></span> <span class='ocrx_word' id='word_1_130' title='bbox 1557 1906 1897 1961; x_wconf 76' lang='lat' dir='ltr'><strong>inveniatur.</strong></span> <span class='ocrx_word' id='word_1_131' title='bbox 1930 1904 2068 1961; x_wconf 84' lang='lat' dir='ltr'><strong>Pro—</strong></span> 
     </span>
    </p>
   </div>
   <div class='ocr_carea' id='block_1_20' title="bbox 494 1994 2076 2066">
    <p class='ocr_par' dir='ltr' id='par_1_20' title="bbox 494 1994 2076 2066">
     <span class='ocr_line' id='line_1_20' title="bbox 494 1994 2076 2066; baseline 0.003 -20"><span class='ocrx_word' id='word_1_132' title='bbox 494 2002 677 2064; x_wconf 86' lang='lat' dir='ltr'><strong>pterea</strong></span> <span class='ocrx_word' id='word_1_133' title='bbox 712 1994 870 2049; x_wconf 72' lang='lat' dir='ltr'><strong>fidem</strong></span> <span class='ocrx_word' id='word_1_134' title='bbox 895 1994 1091 2051; x_wconf 88' lang='lat' dir='ltr'><strong>adhibe</strong></span> <span class='ocrx_word' id='word_1_135' title='bbox 1122 1996 1403 2066; x_wconf 71' lang='lat' dir='ltr'><strong>Propheta:</strong></span> <span class='ocrx_word' id='word_1_136' title='bbox 1428 1996 1653 2064; x_wconf 89' lang='lat' dir='ltr'><strong>dicenti,</strong></span> <span class='ocrx_word' id='word_1_137' title='bbox 1689 1995 1949 2052; x_wconf 72' lang='lat' dir='ltr'><strong>«Lavabis</strong></span> <span class='ocrx_word' id='word_1_138' title='bbox 1970 2012 2076 2057; x_wconf 89' lang='lat' dir='ltr'><strong>me.</strong></span> 
     </span>
    </p>
   </div>
   <div class='ocr_carea' id='block_1_21' title="bbox 494 2085 2077 2153">
    <p class='ocr_par' dir='ltr' id='par_1_21' title="bbox 494 2085 2077 2153">
     <span class='ocr_line' id='line_1_21' title="bbox 494 2085 2077 2153; baseline 0.001 -14"><span class='ocrx_word' id='word_1_139' title='bbox 494 2092 551 2139; x_wconf 84' lang='lat' dir='ltr'><strong>et</strong></span> <span class='ocrx_word' id='word_1_140' title='bbox 581 2100 747 2153; x_wconf 88' lang='lat' dir='ltr'><strong>super</strong></span> <span class='ocrx_word' id='word_1_141' title='bbox 782 2085 962 2141; x_wconf 82' lang='lat' dir='ltr'><strong>nivem</strong></span> <span class='ocrx_word' id='word_1_142' title='bbox 993 2085 1292 2141; x_wconf 90' lang='lat' dir='ltr'><strong>dealbabor</strong></span> <span class='ocrx_word' id='word_1_143' title='bbox 1313 2087 1359 2119; x_wconf 79' lang='lat'>“</span> <span class='ocrx_word' id='word_1_144' title='bbox 1393 2105 1409 2153; x_wconf 89' lang='lat'><strong>;</strong></span> <span class='ocrx_word' id='word_1_145' title='bbox 1452 2106 1471 2141; x_wconf 74' lang='grc' dir='ltr'><strong>ι</strong></span> <span class='ocrx_word' id='word_1_146' title='bbox 1508 2097 1563 2143; x_wconf 89' lang='lat' dir='ltr'><strong>et</strong></span> <span class='ocrx_word' id='word_1_147' title='bbox 1588 2088 1761 2144; x_wconf 87' lang='lat' dir='ltr'><strong>Paulo</strong></span> <span class='ocrx_word' id='word_1_148' title='bbox 1791 2088 2077 2153; x_wconf 87' lang='lat' dir='ltr'><strong>scribenti,</strong></span> 
     </span>
    </p>
   </div>
   <div class='ocr_carea' id='block_1_22' title="bbox 508 2177 2077 2253">
    <p class='ocr_par' dir='ltr' id='par_1_22' title="bbox 508 2177 2077 2253">
     <span class='ocr_line' id='line_1_22' title="bbox 508 2177 2077 2253; baseline 0.006 -26"><span class='ocrx_word' id='word_1_149' title='bbox 508 2196 527 2227; x_wconf 79' lang='grc' dir='ltr'><strong>ι</strong></span> <span class='ocrx_word' id='word_1_150' title='bbox 569 2177 912 2232; x_wconf 69' lang='lat' dir='ltr'><strong>Acr-edamus</strong></span> <span class='ocrx_word' id='word_1_151' title='bbox 941 2177 1008 2231; x_wconf 91' lang='lat' dir='ltr'><strong>ad</strong></span> <span class='ocrx_word' id='word_1_152' title='bbox 1058 2177 1227 2233; x_wconf 89' lang='lat' dir='ltr'><strong>Deum</strong></span> <span class='ocrx_word' id='word_1_153' title='bbox 1278 2196 1404 2234; x_wconf 86' lang='lat' dir='ltr'><strong>cum</strong></span> <span class='ocrx_word' id='word_1_154' title='bbox 1438 2196 1568 2236; x_wconf 89' lang='lat' dir='ltr'><strong>vero</strong></span> <span class='ocrx_word' id='word_1_155' title='bbox 1608 2180 1813 2248; x_wconf 72' lang='lat' dir='ltr'><strong>corde,</strong></span> <span class='ocrx_word' id='word_1_156' title='bbox 1866 2183 2077 2253; x_wconf 84' lang='lat' dir='ltr'><strong>aspersi</strong></span> 
     </span>
    </p>
   </div>
   <div class='ocr_carea' id='block_1_23' title="bbox 496 2270 1592 2339">
    <p class='ocr_par' dir='ltr' id='par_1_23' title="bbox 496 2270 1592 2339">
     <span class='ocr_line' id='line_1_23' title="bbox 496 2270 1592 2339; baseline 0.004 -17"><span class='ocrx_word' id='word_1_157' title='bbox 496 2275 681 2324; x_wconf 83' lang='lat' dir='ltr'><strong>mente</strong></span> <span class='ocrx_word' id='word_1_158' title='bbox 708 2283 737 2320; x_wconf 91' lang='lat' dir='ltr'><strong>a</strong></span> <span class='ocrx_word' id='word_1_159' title='bbox 773 2270 1109 2324; x_wconf 84' lang='lat' dir='ltr'><strong>conscientia</strong></span> <span class='ocrx_word' id='word_1_160' title='bbox 1141 2286 1301 2339; x_wconf 86' lang='lat' dir='ltr'><strong>prava</strong></span> <span class='ocrx_word' id='word_1_161' title='bbox 1342 2273 1384 2302; x_wconf 84' lang='lat'>“</span> <span class='ocrx_word' id='word_1_162' title='bbox 1428 2290 1447 2321; x_wconf 76' lang='grc' dir='ltr'><strong>ι</strong></span> <span class='ocrx_word' id='word_1_163' title='bbox 1485 2282 1592 2326; x_wconf 82' lang='lat' dir='ltr'><strong>etc.</strong></span> 
     </span>
    </p>
   </div>
   <div class='ocr_carea' id='block_1_24' title="bbox 707 2357 1850 2417">
    <p class='ocr_par' dir='ltr' id='par_1_24' title="bbox 707 2357 1850 2417">
     <span class='ocr_line' id='line_1_24' title="bbox 707 2357 1850 2417; baseline 0.004 -5"><span class='ocrx_word' id='word_1_164' title='bbox 707 2357 877 2415; x_wconf 79' lang='lat' dir='ltr'><strong>XXV.</strong></span> <span class='ocrx_word' id='word_1_165' title='bbox 918 2392 987 2402; x_wconf 91' lang='lat'><strong>-—</strong></span> <span class='ocrx_word' id='word_1_166' title='bbox 1015 2360 1329 2416; x_wconf 77' lang='lat' dir='ltr'><strong>ABRAMIO</strong></span> <span class='ocrx_word' id='word_1_167' title='bbox 1374 2360 1850 2417; x_wconf 80' lang='lat' dir='ltr'><strong>PRESBYTEliO.</strong></span> 
     </span>
    </p>
   </div>
   <div class='ocr_carea' id='block_1_25' title="bbox 563 2449 2075 2526">
    <p class='ocr_par' dir='ltr' id='par_1_25' title="bbox 563 2449 2075 2526">
     <span class='ocr_line' id='line_1_25' title="bbox 563 2449 2075 2526; baseline 0.003 -22"><span class='ocrx_word' id='word_1_168' title='bbox 563 2449 842 2516; x_wconf 87' lang='lat' dir='ltr'><strong>Quosdam</strong></span> <span class='ocrx_word' id='word_1_169' title='bbox 876 2451 1125 2508; x_wconf 84' lang='lat' dir='ltr'><strong>homines</strong></span> <span class='ocrx_word' id='word_1_170' title='bbox 1154 2454 1220 2507; x_wconf 87' lang='lat' dir='ltr'><strong>ad</strong></span> <span class='ocrx_word' id='word_1_171' title='bbox 1259 2453 1427 2508; x_wconf 86' lang='lat' dir='ltr'><strong>breve</strong></span> <span class='ocrx_word' id='word_1_172' title='bbox 1460 2464 1677 2523; x_wconf 82' lang='lat' dir='ltr'><strong>tempus</strong></span> <span class='ocrx_word' id='word_1_173' title='bbox 1707 2453 1951 2526; x_wconf 77' lang='lat' dir='ltr'><strong>aggredi,</strong></span> <span class='ocrx_word' id='word_1_174' title='bbox 1988 2453 2075 2508; x_wconf 86' lang='lat' dir='ltr'><strong>in-</strong></span> 
     </span>
    </p>
   </div>
   <div class='ocr_carea' id='block_1_26' title="bbox 495 2542 2073 2615">
    <p class='ocr_par' dir='ltr' id='par_1_26' title="bbox 495 2542 2073 2615">
     <span class='ocr_line' id='line_1_26' title="bbox 495 2542 2073 2615; baseline -0.001 -17"><span class='ocrx_word' id='word_1_175' title='bbox 495 2542 674 2613; x_wconf 89' lang='lat' dir='ltr'><strong>deque</strong></span> <span class='ocrx_word' id='word_1_176' title='bbox 699 2542 925 2613; x_wconf 82' lang='lat' dir='ltr'><strong>jamjam</strong></span> <span class='ocrx_word' id='word_1_177' title='bbox 958 2542 1210 2611; x_wconf 88' lang='lat' dir='ltr'><strong>volitare,</strong></span> <span class='ocrx_word' id='word_1_178' title='bbox 1242 2544 1586 2599; x_wconf 62' lang='lat' dir='ltr'><strong>daemonibus</strong></span> <span class='ocrx_word' id='word_1_179' title='bbox 1610 2545 1939 2615; x_wconf 86' lang='lat' dir='ltr'><strong>permissum</strong></span> <span class='ocrx_word' id='word_1_180' title='bbox 1956 2553 2073 2611; x_wconf 89' lang='lat' dir='ltr'><strong>est;</strong></span> 
     </span>
    </p>
   </div>
   <div class='ocr_carea' id='block_1_27' title="bbox 497 2633 2076 2708">
    <p class='ocr_par' dir='ltr' id='par_1_27' title="bbox 497 2633 2076 2708">
     <span class='ocr_line' id='line_1_27' title="bbox 497 2633 2076 2708; baseline 0.002 -22"><span class='ocrx_word' id='word_1_181' title='bbox 497 2635 642 2688; x_wconf 84' lang='lat' dir='ltr'><strong>alios</strong></span> <span class='ocrx_word' id='word_1_182' title='bbox 671 2648 768 2703; x_wconf 90' lang='lat' dir='ltr'><strong>per</strong></span> <span class='ocrx_word' id='word_1_183' title='bbox 802 2633 1035 2688; x_wconf 89' lang='lat' dir='ltr'><strong>multum</strong></span> <span class='ocrx_word' id='word_1_184' title='bbox 1075 2642 1293 2704; x_wconf 90' lang='lat' dir='ltr'><strong>tempus</strong></span> <span class='ocrx_word' id='word_1_185' title='bbox 1336 2650 1538 2691; x_wconf 77' lang='lat' dir='ltr'><strong>vexare</strong></span> <span class='ocrx_word' id='word_1_186' title='bbox 1562 2677 1578 2701; x_wconf 97' lang='lat'><strong>,</strong></span> <span class='ocrx_word' id='word_1_187' title='bbox 1628 2636 1696 2691; x_wconf 90' lang='lat' dir='ltr'><strong>ab</strong></span> <span class='ocrx_word' id='word_1_188' title='bbox 1744 2639 2076 2708; x_wconf 84' lang='lat' dir='ltr'><strong>agonotheta</strong></span> 
     </span>
    </p>
   </div>
   <div class='ocr_carea' id='block_1_28' title="bbox 501 2724 2077 2800">
    <p class='ocr_par' dir='ltr' id='par_1_28' title="bbox 501 2724 2077 2800">
     <span class='ocr_line' id='line_1_28' title="bbox 501 2724 2077 2800; baseline 0.003 -23"><span class='ocrx_word' id='word_1_189' title='bbox 501 2724 639 2790; x_wconf 87' lang='lat' dir='ltr'><strong>Deo,</strong></span> <span class='ocrx_word' id='word_1_190' title='bbox 672 2734 864 2780; x_wconf 87' lang='lat' dir='ltr'><strong>nostro</strong></span> <span class='ocrx_word' id='word_1_191' title='bbox 899 2734 1177 2792; x_wconf 84' lang='lat' dir='ltr'><strong>curatore,</strong></span> <span class='ocrx_word' id='word_1_192' title='bbox 1209 2737 1264 2783; x_wconf 91' lang='lat' dir='ltr'><strong>et</strong></span> <span class='ocrx_word' id='word_1_193' title='bbox 1294 2728 1485 2797; x_wconf 87' lang='lat' dir='ltr'><strong>judice</strong></span> <span class='ocrx_word' id='word_1_194' title='bbox 1533 2728 1810 2793; x_wconf 90' lang='lat' dir='ltr'><strong>similiter,</strong></span> <span class='ocrx_word' id='word_1_195' title='bbox 1838 2729 2077 2800; x_wconf 87' lang='lat' dir='ltr'><strong>impera-</strong></span> 
     </span>
    </p>
   </div>
   <div class='ocr_carea' id='block_1_29' title="bbox 497 2817 2073 2891">
    <p class='ocr_par' dir='ltr' id='par_1_29' title="bbox 497 2817 2073 2891">
     <span class='ocr_line' id='line_1_29' title="bbox 497 2817 2073 2891; baseline 0.003 -23"><span class='ocrx_word' id='word_1_196' title='bbox 497 2824 613 2871; x_wconf 91' lang='lat' dir='ltr'><strong>tum</strong></span> <span class='ocrx_word' id='word_1_197' title='bbox 662 2835 675 2871; x_wconf 90' lang='lat'>:</span> <span class='ocrx_word' id='word_1_198' title='bbox 724 2818 848 2873; x_wconf 90' lang='lat' dir='ltr'><strong>aliis</strong></span> <span class='ocrx_word' id='word_1_199' title='bbox 898 2817 1063 2873; x_wconf 89' lang='lat' dir='ltr'><strong>etiam</strong></span> <span class='ocrx_word' id='word_1_200' title='bbox 1109 2820 1176 2874; x_wconf 90' lang='lat' dir='ltr'><strong>ad</strong></span> <span class='ocrx_word' id='word_1_201' title='bbox 1232 2829 1540 2876; x_wconf 83' lang='lat' dir='ltr'><strong>extremum</strong></span> <span class='ocrx_word' id='word_1_202' title='bbox 1595 2836 1769 2890; x_wconf 84' lang='lat' dir='ltr'><strong>usque</strong></span> <span class='ocrx_word' id='word_1_203' title='bbox 1821 2821 2073 2891; x_wconf 80' lang='lat' dir='ltr'><strong>Spiritum</strong></span> 
     </span>
    </p>
   </div>
   <div class='ocr_carea' id='block_1_30' title="bbox 496 2909 2077 2986">
    <p class='ocr_par' dir='ltr' id='par_1_30' title="bbox 496 2909 2077 2986">
     <span class='ocr_line' id='line_1_30' title="bbox 496 2909 2077 2986; baseline 0.005 -24"><span class='ocrx_word' id='word_1_204' title='bbox 496 2909 730 2974; x_wconf 85' lang='lat' dir='ltr'><strong>adoriri,</strong></span> <span class='ocrx_word' id='word_1_205' title='bbox 761 2919 815 2966; x_wconf 93' lang='lat' dir='ltr'><strong>et</strong></span> <span class='ocrx_word' id='word_1_206' title='bbox 843 2920 1077 2977; x_wconf 88' lang='lat' dir='ltr'><strong>tentare,</strong></span> <span class='ocrx_word' id='word_1_207' title='bbox 1118 2920 1172 2966; x_wconf 89' lang='lat' dir='ltr'><strong>et</strong></span> <span class='ocrx_word' id='word_1_208' title='bbox 1221 2922 1622 2968; x_wconf 87' lang='lat' dir='ltr'><strong>tormentorum</strong></span> <span class='ocrx_word' id='word_1_209' title='bbox 1668 2916 1821 2969; x_wconf 81' lang='lat' dir='ltr'><strong>vario</strong></span> <span class='ocrx_word' id='word_1_210' title='bbox 1878 2930 2077 2986; x_wconf 82' lang='lat' dir='ltr'><strong>genere</strong></span> 
     </span>
    </p>
   </div>
   <div class='ocr_carea' id='block_1_31' title="bbox 497 2996 1955 3070">
    <p class='ocr_par' dir='ltr' id='par_1_31' title="bbox 497 2996 1955 3070">
     <span class='ocr_line' id='line_1_31' title="bbox 497 2996 1955 3070; baseline 0.008 -22"><span class='ocrx_word' id='word_1_211' title='bbox 497 2996 764 3069; x_wconf 71' lang='lat' dir='ltr'><strong>afﬂigere,</strong></span> <span class='ocrx_word' id='word_1_212' title='bbox 798 2998 1211 3070; x_wconf 89' lang='lat' dir='ltr'><strong>impudentibus</strong></span> <span class='ocrx_word' id='word_1_213' title='bbox 1235 3002 1576 3056; x_wconf 66' lang='lat' dir='ltr'><strong>decurionibus</strong></span> <span class='ocrx_word' id='word_1_214' title='bbox 1610 3004 1955 3060; x_wconf 88' lang='lat' dir='ltr'><strong>conceditur.</strong></span> 
     </span>
    </p>
   </div>
   <div class='ocr_carea' id='block_1_32' title="bbox 684 3088 1890 3159">
    <p class='ocr_par' dir='ltr' id='par_1_32' title="bbox 684 3088 1890 3159">
     <span class='ocr_line' id='line_1_32' title="bbox 684 3088 1890 3159; baseline 0.007 -15"><span class='ocrx_word' id='word_1_215' title='bbox 684 3088 879 3159; x_wconf 77' lang='lat' dir='ltr'><strong>XXVI.</strong></span> <span class='ocrx_word' id='word_1_216' title='bbox 916 3122 986 3132; x_wconf 90' lang='lat'><strong><em>—</em></strong></span> <span class='ocrx_word' id='word_1_217' title='bbox 1018 3090 1373 3149; x_wconf 79' lang='grc' dir='ltr'><strong>ΤΙΜΟῚῚΙΕΟ</strong></span> <span class='ocrx_word' id='word_1_218' title='bbox 1435 3092 1890 3153; x_wconf 76' lang='lat' dir='ltr'><strong>SUBDIACONO.</strong></span> 
     </span>
    </p>
   </div>
   <div class='ocr_carea' id='block_1_33' title="bbox 572 3176 2077 3255">
    <p class='ocr_par' dir='ltr' id='par_1_33' title="bbox 572 3176 2077 3255">
     <span class='ocr_line' id='line_1_33' title="bbox 572 3176 2077 3255; baseline 0.007 -24"><span class='ocrx_word' id='word_1_219' title='bbox 572 3176 798 3234; x_wconf 88' lang='lat' dir='ltr'><strong>Litteris</strong></span> <span class='ocrx_word' id='word_1_220' title='bbox 822 3179 930 3234; x_wconf 91' lang='lat' dir='ltr'><strong>tuis</strong></span> <span class='ocrx_word' id='word_1_221' title='bbox 955 3194 986 3233; x_wconf 91' lang='lat' dir='ltr'><strong>a</strong></span> <span class='ocrx_word' id='word_1_222' title='bbox 1014 3196 1101 3235; x_wconf 89' lang='lat' dir='ltr'><strong>me</strong></span> <span class='ocrx_word' id='word_1_223' title='bbox 1127 3183 1453 3246; x_wconf 88' lang='lat' dir='ltr'><strong>sciscitaris,</strong></span> <span class='ocrx_word' id='word_1_224' title='bbox 1485 3184 1700 3241; x_wconf 87' lang='lat' dir='ltr'><strong>discere</strong></span> <span class='ocrx_word' id='word_1_225' title='bbox 1719 3186 1966 3255; x_wconf 84' lang='lat' dir='ltr'><strong>cupiens,</strong></span> <span class='ocrx_word' id='word_1_226' title='bbox 1989 3187 2077 3242; x_wconf 91' lang='lat' dir='ltr'><strong>cui</strong></span> 
     </span>
    </p>
   </div>
   <div class='ocr_carea' id='block_1_34' title="bbox 498 3271 2079 3349">
    <p class='ocr_par' dir='ltr' id='par_1_34' title="bbox 498 3271 2079 3349">
     <span class='ocr_line' id='line_1_34' title="bbox 498 3271 2079 3349; baseline 0.007 -24"><span class='ocrx_word' id='word_1_227' title='bbox 498 3272 624 3327; x_wconf 89' lang='lat' dir='ltr'><strong>usui</strong></span> <span class='ocrx_word' id='word_1_228' title='bbox 657 3278 742 3326; x_wconf 88' lang='lat' dir='ltr'><strong>est</strong></span> <span class='ocrx_word' id='word_1_229' title='bbox 767 3271 973 3326; x_wconf 89' lang='lat' dir='ltr'><strong>homini</strong></span> <span class='ocrx_word' id='word_1_230' title='bbox 998 3273 1367 3344; x_wconf 83' lang='lat' dir='ltr'><strong>pervigilium,</strong></span> <span class='ocrx_word' id='word_1_231' title='bbox 1409 3290 1538 3329; x_wconf 93' lang='lat' dir='ltr'><strong>cum</strong></span> <span class='ocrx_word' id='word_1_232' title='bbox 1570 3277 1863 3349; x_wconf 91' lang='lat' dir='ltr'><strong>plerosque</strong></span> <span class='ocrx_word' id='word_1_233' title='bbox 1890 3279 2079 3336; x_wconf 88' lang='lat' dir='ltr'><strong>videas</strong></span> 
     </span>
    </p>
   </div>
   <div class='ocr_carea' id='block_1_35' title="bbox 497 3362 2079 3439">
    <p class='ocr_par' dir='ltr' id='par_1_35' title="bbox 497 3362 2079 3439">
     <span class='ocr_line' id='line_1_35' title="bbox 497 3362 2079 3439; baseline 0.005 -21"><span class='ocrx_word' id='word_1_234' title='bbox 497 3363 551 3418; x_wconf 78' lang='lat' dir='ltr'><strong>in</strong></span> <span class='ocrx_word' id='word_1_235' title='bbox 576 3362 707 3417; x_wconf 91' lang='lat' dir='ltr'><strong>illud</strong></span> <span class='ocrx_word' id='word_1_236' title='bbox 731 3378 1058 3433; x_wconf 87' lang='lat' dir='ltr'><strong>propensos,</strong></span> <span class='ocrx_word' id='word_1_237' title='bbox 1087 3366 1294 3435; x_wconf 86' lang='lat' dir='ltr'><strong>agitare</strong></span> <span class='ocrx_word' id='word_1_238' title='bbox 1320 3365 1559 3436; x_wconf 85' lang='lat' dir='ltr'><strong>vigilias,</strong></span> <span class='ocrx_word' id='word_1_239' title='bbox 1590 3378 1645 3422; x_wconf 90' lang='lat' dir='ltr'><strong>et</strong></span> <span class='ocrx_word' id='word_1_240' title='bbox 1692 3370 1914 3439; x_wconf 90' lang='lat' dir='ltr'><strong>quidem</strong></span> <span class='ocrx_word' id='word_1_241' title='bbox 1964 3371 2079 3426; x_wconf 81' lang='lat' dir='ltr'><strong>fru-</strong></span> 
     </span>
    </p>
   </div>
   <div class='ocr_carea' id='block_1_36' title="bbox 498 3455 2079 3528">
    <p class='ocr_par' dir='ltr' id='par_1_36' title="bbox 498 3455 2079 3528">
     <span class='ocr_line' id='line_1_36' title="bbox 498 3455 2079 3528; baseline 0.005 -18"><span class='ocrx_word' id='word_1_242' title='bbox 498 3464 613 3510; x_wconf 87' lang='lat' dir='ltr'><strong>stra</strong></span> <span class='ocrx_word' id='word_1_243' title='bbox 635 3456 916 3511; x_wconf 91' lang='lat' dir='ltr'><strong>insomnes</strong></span> <span class='ocrx_word' id='word_1_244' title='bbox 941 3455 1105 3512; x_wconf 80' lang='lat' dir='ltr'><strong>horas</strong></span> <span class='ocrx_word' id='word_1_245' title='bbox 1135 3472 1293 3528; x_wconf 89' lang='lat' dir='ltr'><strong>agere</strong></span> <span class='ocrx_word' id='word_1_246' title='bbox 1321 3458 1638 3525; x_wconf 84' lang='lat' dir='ltr'><strong>existimas,</strong></span> <span class='ocrx_word' id='word_1_247' title='bbox 1672 3476 1797 3516; x_wconf 92' lang='lat' dir='ltr'><strong>cum</strong></span> <span class='ocrx_word' id='word_1_248' title='bbox 1827 3478 2079 3518; x_wconf 88' lang='lat' dir='ltr'><strong>somnum</strong></span> 
     </span>
    </p>
   </div>
   <div class='ocr_carea' id='block_1_37' title="bbox 500 3548 2081 3613">
    <p class='ocr_par' dir='ltr' id='par_1_37' title="bbox 500 3548 2081 3613">
     <span class='ocr_line' id='line_1_37' title="bbox 500 3548 2081 3613; baseline 0.005 -12"><span class='ocrx_word' id='word_1_249' title='bbox 500 3549 647 3604; x_wconf 80' lang='lat' dir='ltr'><strong>De‘us</strong></span> <span class='ocrx_word' id='word_1_250' title='bbox 672 3549 881 3603; x_wconf 86' lang='lat' dir='ltr'><strong>Adamo</strong></span> <span class='ocrx_word' id='word_1_251' title='bbox 911 3548 1226 3613; x_wconf 82' lang='lat' dir='ltr'><strong>immiserit,</strong></span> <span class='ocrx_word' id='word_1_252' title='bbox 1248 3558 1303 3604; x_wconf 93' lang='lat' dir='ltr'><strong>et</strong></span> <span class='ocrx_word' id='word_1_253' title='bbox 1326 3551 1587 3608; x_wconf 87' lang='lat' dir='ltr'><strong>omnibus</strong></span> <span class='ocrx_word' id='word_1_254' title='bbox 1609 3553 1789 3609; x_wconf 85' lang='lat' dir='ltr'><strong>modis</strong></span> <span class='ocrx_word' id='word_1_255' title='bbox 1808 3552 2081 3610; x_wconf 90' lang='lat' dir='ltr'><strong>dormien-</strong></span> 
     </span>
    </p>
   </div>
   <div class='ocr_carea' id='block_1_38' title="bbox 502 3639 2083 3711">
    <p class='ocr_par' dir='ltr' id='par_1_38' title="bbox 502 3639 2083 3711">
     <span class='ocr_line' id='line_1_38' title="bbox 502 3639 2083 3711; baseline 0.005 -17"><span class='ocrx_word' id='word_1_256' title='bbox 502 3642 633 3695; x_wconf 90' lang='lat' dir='ltr'><strong>dum</strong></span> <span class='ocrx_word' id='word_1_257' title='bbox 668 3641 759 3695; x_wconf 89' lang='lat' dir='ltr'><strong>sit.</strong></span> <span class='ocrx_word' id='word_1_258' title='bbox 787 3639 975 3711; x_wconf 84' lang='lat' dir='ltr'><strong>Neque</strong></span> <span class='ocrx_word' id='word_1_259' title='bbox 1013 3642 1160 3696; x_wconf 89' lang='lat' dir='ltr'><strong>enim</strong></span> <span class='ocrx_word' id='word_1_260' title='bbox 1194 3643 1468 3697; x_wconf 85' lang='lat' dir='ltr'><strong>bonorum</strong></span> <span class='ocrx_word' id='word_1_261' title='bbox 1499 3659 1744 3700; x_wconf 87' lang='lat' dir='ltr'><strong>meorum</strong></span> <span class='ocrx_word' id='word_1_262' title='bbox 1767 3645 1912 3703; x_wconf 89' lang='lat' dir='ltr'><strong>Deus</strong></span> <span class='ocrx_word' id='word_1_263' title='bbox 1940 3647 2083 3702; x_wconf 92' lang='lat' dir='ltr'><strong>indi-</strong></span> 
     </span>
    </p>
   </div>
   <div class='ocr_carea' id='block_1_39' title="bbox 501 3730 2083 3803">
    <p class='ocr_par' dir='ltr' id='par_1_39' title="bbox 501 3730 2083 3803">
     <span class='ocr_line' id='line_1_39' title="bbox 501 3730 2083 3803; baseline 0.003 -16"><span class='ocrx_word' id='word_1_264' title='bbox 501 3741 590 3802; x_wconf 85' lang='lat' dir='ltr'><strong>get</strong></span> <span class='ocrx_word' id='word_1_265' title='bbox 620 3730 688 3787; x_wconf 83' lang='grc'><strong>³³.</strong></span> <span class='ocrx_word' id='word_1_266' title='bbox 726 3731 885 3798; x_wconf 86' lang='lat' dir='ltr'><strong>Quod</strong></span> <span class='ocrx_word' id='word_1_267' title='bbox 938 3732 1212 3803; x_wconf 90' lang='lat' dir='ltr'><strong>principio</strong></span> <span class='ocrx_word' id='word_1_268' title='bbox 1255 3733 1310 3787; x_wconf 92' lang='lat' dir='ltr'><strong>in</strong></span> <span class='ocrx_word' id='word_1_269' title='bbox 1358 3734 1567 3789; x_wconf 86' lang='lat' dir='ltr'><strong>Adamo</strong></span> <span class='ocrx_word' id='word_1_270' title='bbox 1601 3736 1906 3791; x_wconf 87' lang='lat' dir='ltr'><strong>secundum</strong></span> <span class='ocrx_word' id='word_1_271' title='bbox 1955 3752 2083 3792; x_wconf 85' lang='lat' dir='ltr'><strong>sen-</strong></span> 
     </span>
    </p>
   </div>
   <div class='ocr_carea' id='block_1_40' title="bbox 502 3825 2077 3901">
    <p class='ocr_par' dir='ltr' id='par_1_40' title="bbox 502 3825 2077 3901">
     <span class='ocr_line' id='line_1_40' title="bbox 502 3825 2077 3901; baseline 0.003 -21"><span class='ocrx_word' id='word_1_272' title='bbox 502 3840 624 3880; x_wconf 82' lang='lat' dir='ltr'><strong>sum</strong></span> <span class='ocrx_word' id='word_1_273' title='bbox 664 3826 846 3881; x_wconf 83' lang='lat' dir='ltr'><strong>locum</strong></span> <span class='ocrx_word' id='word_1_274' title='bbox 885 3826 1106 3888; x_wconf 88' lang='lat' dir='ltr'><strong>habuit,</strong></span> <span class='ocrx_word' id='word_1_275' title='bbox 1157 3825 1211 3881; x_wconf 91' lang='lat' dir='ltr'><strong>id</strong></span> <span class='ocrx_word' id='word_1_276' title='bbox 1248 3842 1513 3883; x_wconf 89' lang='lat' dir='ltr'><strong>arcanum</strong></span> <span class='ocrx_word' id='word_1_277' title='bbox 1567 3827 1941 3884; x_wconf 90' lang='lat' dir='ltr'><strong>intellectuale</strong></span> <span class='ocrx_word' id='word_1_278' title='bbox 1976 3832 2077 3901; x_wconf 79' lang='grc' dir='ltr'><strong>ιι</strong></span> 
     </span>
    </p>
   </div>
   <div class='ocr_carea' id='block_1_41' title="bbox 502 3916 2080 3992">
    <p class='ocr_par' dir='ltr' id='par_1_41' title="bbox 502 3916 2080 3992">
     <span class='ocr_line' id='line_1_41' title="bbox 502 3916 2080 3992; baseline 0.006 -22"><span class='ocrx_word' id='word_1_279' title='bbox 502 3916 783 3972; x_wconf 71' lang='lat' dir='ltr'><strong>innuerint.</strong></span> <span class='ocrx_word' id='word_1_280' title='bbox 806 3917 1268 3989; x_wconf 72' lang='lat' dir='ltr'><strong>Praesignilicabat</strong></span> <span class='ocrx_word' id='word_1_281' title='bbox 1290 3920 1437 3973; x_wconf 90' lang='lat' dir='ltr'><strong>enim</strong></span> <span class='ocrx_word' id='word_1_282' title='bbox 1458 3919 1763 3975; x_wconf 82' lang='lat' dir='ltr'><strong>secundum</strong></span> <span class='ocrx_word' id='word_1_283' title='bbox 1785 3922 2080 3992; x_wconf 86' lang='lat' dir='ltr'><strong>Adamum,</strong></span> 
     </span>
    </p>
   </div>
   <div class='ocr_carea' id='block_1_42' title="bbox 502 4007 2081 4081">
    <p class='ocr_par' dir='ltr' id='par_1_42' title="bbox 502 4007 2081 4081">
     <span class='ocr_line' id='line_1_42' title="bbox 502 4007 2081 4081; baseline 0.006 -20"><span class='ocrx_word' id='word_1_284' title='bbox 502 4007 796 4064; x_wconf 85' lang='lat' dir='ltr'><strong>Dominum</strong></span> <span class='ocrx_word' id='word_1_285' title='bbox 834 4025 1030 4081; x_wconf 91' lang='lat' dir='ltr'><strong>nempe</strong></span> <span class='ocrx_word' id='word_1_286' title='bbox 1060 4021 1307 4066; x_wconf 88' lang='lat' dir='ltr'><strong>nostrum</strong></span> <span class='ocrx_word' id='word_1_287' title='bbox 1332 4010 1520 4066; x_wconf 83' lang='lat' dir='ltr'><strong>Jesum</strong></span> <span class='ocrx_word' id='word_1_288' title='bbox 1542 4011 1846 4079; x_wconf 78' lang='lat' dir='ltr'><strong>Christum,</strong></span> <span class='ocrx_word' id='word_1_289' title='bbox 1868 4017 2081 4072; x_wconf 88' lang='lat' dir='ltr'><strong>dormi-</strong></span> 
     </span>
    </p>
   </div>
   <div class='ocr_carea' id='block_1_43' title="bbox 503 4102 2082 4171">
    <p class='ocr_par' dir='ltr' id='par_1_43' title="bbox 503 4102 2082 4171">
     <span class='ocr_line' id='line_1_43' title="bbox 503 4102 2082 4171; baseline 0.007 -18"><span class='ocrx_word' id='word_1_290' title='bbox 503 4108 688 4155; x_wconf 86' lang='lat' dir='ltr'><strong>turum</strong></span> <span class='ocrx_word' id='word_1_291' title='bbox 723 4102 1028 4156; x_wconf 87' lang='lat' dir='ltr'><strong>humanam</strong></span> <span class='ocrx_word' id='word_1_292' title='bbox 1080 4113 1311 4157; x_wconf 87' lang='lat' dir='ltr'><strong>mortem</strong></span> <span class='ocrx_word' id='word_1_293' title='bbox 1358 4102 1413 4158; x_wconf 90' lang='lat' dir='ltr'><strong>in</strong></span> <span class='ocrx_word' id='word_1_294' title='bbox 1463 4120 1661 4171; x_wconf 79' lang='lat' dir='ltr'><strong>cruce,</strong></span> <span class='ocrx_word' id='word_1_295' title='bbox 1718 4115 1777 4161; x_wconf 90' lang='lat' dir='ltr'><strong>ut</strong></span> <span class='ocrx_word' id='word_1_296' title='bbox 1811 4123 1880 4163; x_wconf 82' lang='lat' dir='ltr'><strong>ex</strong></span> <span class='ocrx_word' id='word_1_297' title='bbox 1932 4109 2082 4165; x_wconf 90' lang='lat' dir='ltr'><strong>illius</strong></span> 
     </span>
    </p>
   </div>
   <div class='ocr_carea' id='block_1_44' title="bbox 503 4195 2082 4272">
    <p class='ocr_par' dir='ltr' id='par_1_44' title="bbox 503 4195 2082 4272">
     <span class='ocr_line' id='line_1_44' title="bbox 503 4195 2082 4272; baseline 0.007 -25"><span class='ocrx_word' id='word_1_298' title='bbox 503 4205 859 4249; x_wconf 84' lang='lat' dir='ltr'><strong>sacrosancto</strong></span> <span class='ocrx_word' id='word_1_299' title='bbox 906 4195 1075 4251; x_wconf 87' lang='lat' dir='ltr'><strong>latere</strong></span> <span class='ocrx_word' id='word_1_300' title='bbox 1135 4196 1324 4251; x_wconf 89' lang='lat' dir='ltr'><strong>lancea</strong></span> <span class='ocrx_word' id='word_1_301' title='bbox 1370 4197 1666 4267; x_wconf 87' lang='lat' dir='ltr'><strong>adaperto,</strong></span> <span class='ocrx_word' id='word_1_302' title='bbox 1706 4210 1762 4254; x_wconf 86' lang='lat' dir='ltr'><strong>et</strong></span> <span class='ocrx_word' id='word_1_303' title='bbox 1813 4204 2082 4272; x_wconf 88' lang='lat' dir='ltr'><strong>sanguine</strong></span> 
     </span>
    </p>
   </div>
   <div class='ocr_carea' id='block_1_45' title="bbox 504 4286 2082 4357">
    <p class='ocr_par' dir='ltr' id='par_1_45' title="bbox 504 4286 2082 4357">
     <span class='ocr_line' id='line_1_45' title="bbox 504 4286 2082 4357; baseline 0.007 -17"><span class='ocrx_word' id='word_1_304' title='bbox 504 4302 569 4341; x_wconf 85' lang='lat' dir='ltr'><strong>ac</strong></span> <span class='ocrx_word' id='word_1_305' title='bbox 622 4301 767 4357; x_wconf 88' lang='lat' dir='ltr'><strong>aqua</strong></span> <span class='ocrx_word' id='word_1_306' title='bbox 814 4286 1163 4342; x_wconf 78' lang='lat' dir='ltr'><strong>efﬂuentibus</strong></span> <span class='ocrx_word' id='word_1_307' title='bbox 1191 4326 1206 4350; x_wconf 93' lang='lat'><strong>,</strong></span> <span class='ocrx_word' id='word_1_308' title='bbox 1293 4288 1660 4346; x_wconf 76' lang='lat' dir='ltr'><strong>aediﬁcaretur</strong></span> <span class='ocrx_word' id='word_1_309' title='bbox 1694 4292 2082 4351; x_wconf 86' lang='lat' dir='ltr'><strong>intellectualis</strong></span> 
     </span>
    </p>
   </div>
   <div class='ocr_carea' id='block_1_46' title="bbox 3699 224 3791 290">
    <p class='ocr_par' dir='ltr' id='par_1_46' title="bbox 3699 224 3791 290">
     <span class='ocr_line' id='line_1_46' title="bbox 3699 224 3791 290; baseline 0 -3"><span class='ocrx_word' id='word_1_310' title='bbox 3699 224 3791 290; x_wconf 75' lang='lat'><strong>92</strong></span> 
     </span>
    </p>
   </div>
   <div class='ocr_carea' id='block_1_47' title="bbox 1826 336 3781 417">
    <p class='ocr_par' dir='ltr' id='par_1_47' title="bbox 1826 336 3781 417">
     <span class='ocr_line' id='line_1_47' title="bbox 1826 336 3781 417; baseline -0.005 -17"><span class='ocrx_word' id='word_1_311' title='bbox 1826 365 1839 400; x_wconf 87' lang='lat'>:</span> <span class='ocrx_word' id='word_1_312' title='bbox 1867 336 2068 401; x_wconf 86' lang='lat' dir='ltr'><strong>oratio</strong></span> <span class='ocrx_word' id='word_1_313' title='bbox 2099 348 2146 406; x_wconf 79' lang='grc' dir='ltr'><strong>Α</strong></span> <span class='ocrx_word' id='word_1_314' title='bbox 2172 342 2307 416; x_wconf 79' lang='grc' dir='ltr'>εὐχὴ</span> <span class='ocrx_word' id='word_1_315' title='bbox 2340 344 2523 400; x_wconf 81' lang='grc' dir='ltr'>πᾶσαν</span> <span class='ocrx_word' id='word_1_316' title='bbox 2552 343 2653 417; x_wconf 83' lang='grc' dir='ltr'>τὴν</span> <span class='ocrx_word' id='word_1_317' title='bbox 2686 341 3075 417; x_wconf 75' lang='grc' dir='ltr'>ἐπιγινομένην</span> <span class='ocrx_word' id='word_1_318' title='bbox 3101 342 3237 414; x_wconf 79' lang='grc' dir='ltr'>ἡμῖν</span> <span class='ocrx_word' id='word_1_319' title='bbox 3278 338 3632 412; x_wconf 72' lang='grc' dir='ltr'><strong>ἀκαθαρσίαν</strong></span> <span class='ocrx_word' id='word_1_320' title='bbox 3669 340 3781 391; x_wconf 77' lang='grc' dir='ltr'><strong>ἑκ-</strong></span> 
     </span>
    </p>
   </div>
   <div class='ocr_carea' id='block_1_48' title="bbox 2124 414 3784 527">
    <p class='ocr_par' dir='ltr' id='par_1_48' title="bbox 2124 414 3784 527">
     <span class='ocr_line' id='line_1_48' title="bbox 2124 414 3784 527; baseline 0.014 -66"><span class='ocrx_word' id='word_1_321' title='bbox 2124 414 2384 515; x_wconf 49' lang='grc' dir='ltr'>ἓπλύνει.</span> <span class='ocrx_word' id='word_1_322' title='bbox 2415 436 2573 491; x_wconf 84' lang='grc' dir='ltr'>Κατά</span> <span class='ocrx_word' id='word_1_323' title='bbox 2599 414 2702 507; x_wconf 77' lang='grc' dir='ltr'>μὲν</span> <span class='ocrx_word' id='word_1_324' title='bbox 2732 436 2845 505; x_wconf 84' lang='grc' dir='ltr'>γὰρ</span> <span class='ocrx_word' id='word_1_325' title='bbox 2867 435 2929 527; x_wconf 72' lang='lat' dir='ltr'><strong>rb</strong></span> <span class='ocrx_word' id='word_1_326' title='bbox 2948 414 3121 527; x_wconf 50' lang='grc' dir='ltr'>βείνον</span> <span class='ocrx_word' id='word_1_327' title='bbox 3172 434 3456 506; x_wconf 83' lang='grc' dir='ltr'><strong>βάπτισμα</strong></span> <span class='ocrx_word' id='word_1_328' title='bbox 3506 433 3676 499; x_wconf 73' lang='grc' dir='ltr'>ἅπαξ</span> <span class='ocrx_word' id='word_1_329' title='bbox 3710 435 3784 527; x_wconf 51' lang='lat' dir='ltr'><strong>sv</strong></span> 
     </span>
    </p>
   </div>
   <div class='ocr_carea' id='block_1_49' title="bbox 2176 525 3785 598">
    <p class='ocr_par' dir='ltr' id='par_1_49' title="bbox 2176 525 3785 598">
     <span class='ocr_line' id='line_1_49' title="bbox 2176 525 3785 598; baseline -0.001 -18"><span class='ocrx_word' id='word_1_330' title='bbox 2176 527 2318 597; x_wconf 81' lang='grc' dir='ltr'>ἀρχῇ</span> <span class='ocrx_word' id='word_1_331' title='bbox 2347 526 2446 595; x_wconf 87' lang='grc' dir='ltr'><strong>τῆς</strong></span> <span class='ocrx_word' id='word_1_332' title='bbox 2473 526 2709 590; x_wconf 85' lang='grc' dir='ltr'>πίστεως</span> <span class='ocrx_word' id='word_1_333' title='bbox 2730 525 3092 597; x_wconf 78' lang='grc' dir='ltr'>ὲλουσάμεθα,</span> <span class='ocrx_word' id='word_1_334' title='bbox 3124 527 3222 580; x_wconf 80' lang='grc' dir='ltr'>καὶ</span> <span class='ocrx_word' id='word_1_335' title='bbox 3245 526 3344 579; x_wconf 82' lang='grc' dir='ltr'><strong>οὐκ</strong></span> <span class='ocrx_word' id='word_1_336' title='bbox 3377 527 3620 598; x_wconf 77' lang='grc' dir='ltr'><strong>ἐγχωρεῖ</strong></span> <span class='ocrx_word' id='word_1_337' title='bbox 3675 525 3785 579; x_wconf 77' lang='grc' dir='ltr'>τὸν</span> 
     </span>
    </p>
   </div>
   <div class='ocr_carea' id='block_1_50' title="bbox 2177 617 3790 690">
    <p class='ocr_par' dir='ltr' id='par_1_50' title="bbox 2177 617 3790 690">
     <span class='ocr_line' id='line_1_50' title="bbox 2177 617 3790 690; baseline -0.001 -17"><span class='ocrx_word' id='word_1_338' title='bbox 2177 619 2367 673; x_wconf 84' lang='grc' dir='ltr'>πιστὸν</span> <span class='ocrx_word' id='word_1_339' title='bbox 2403 618 2804 690; x_wconf 66' lang='grc' dir='ltr'>κατόρθόδοξον</span> <span class='ocrx_word' id='word_1_340' title='bbox 2841 618 3094 689; x_wconf 87' lang='grc' dir='ltr'>δεύτερον</span> <span class='ocrx_word' id='word_1_341' title='bbox 3144 617 3506 688; x_wconf 77' lang='grc' dir='ltr'><strong>βαπτισθῆναι</strong></span> <span class='ocrx_word' id='word_1_342' title='bbox 3537 635 3552 648; x_wconf 89' lang='grc'><strong>·</strong></span> <span class='ocrx_word' id='word_1_343' title='bbox 3612 618 3790 673; x_wconf 80' lang='grc' dir='ltr'><strong>κατά</strong></span> 
     </span>
    </p>
   </div>
   <div class='ocr_carea' id='block_1_51' title="bbox 2177 709 3789 783">
    <p class='ocr_par' dir='ltr' id='par_1_51' title="bbox 2177 709 3789 783">
     <span class='ocr_line' id='line_1_51' title="bbox 2177 709 3789 783; baseline -0.002 -18"><span class='ocrx_word' id='word_1_344' title='bbox 2177 712 2236 765; x_wconf 82' lang='grc' dir='ltr'>δὲ</span> <span class='ocrx_word' id='word_1_345' title='bbox 2265 710 2326 764; x_wconf 84' lang='grc' dir='ltr'>τὸ</span> <span class='ocrx_word' id='word_1_346' title='bbox 2355 710 2443 764; x_wconf 77' lang='grc' dir='ltr'>ἀεὶ</span> <span class='ocrx_word' id='word_1_347' title='bbox 2459 710 2683 782; x_wconf 78' lang='grc' dir='ltr'><strong>χρῄζειν</strong></span> <span class='ocrx_word' id='word_1_348' title='bbox 2700 712 2734 783; x_wconf 78' lang='grc' dir='ltr'>ἠ</span> <span class='ocrx_word' id='word_1_349' title='bbox 2744 712 2850 782; x_wconf 81' lang='grc' dir='ltr'><strong>μᾶς</strong></span> <span class='ocrx_word' id='word_1_350' title='bbox 2878 711 3222 781; x_wconf 77' lang='grc' dir='ltr'>ἀποσμήχειν</span> <span class='ocrx_word' id='word_1_351' title='bbox 3247 710 3348 773; x_wconf 81' lang='grc' dir='ltr'>τὰς</span> <span class='ocrx_word' id='word_1_352' title='bbox 3375 709 3789 781; x_wconf 75' lang='grc' dir='ltr'><strong>πλαττομένας</strong></span> 
     </span>
    </p>
   </div>
   <div class='ocr_carea' id='block_1_52' title="bbox 2179 801 3791 875">
    <p class='ocr_par' dir='ltr' id='par_1_52' title="bbox 2179 801 3791 875">
     <span class='ocr_line' id='line_1_52' title="bbox 2179 801 3791 875; baseline 0.024 -57"><span class='ocrx_word' id='word_1_353' title='bbox 2179 805 2310 875; x_wconf 66' lang='grc' dir='ltr'><strong>ἡμῖν</strong></span> <span class='ocrx_word' id='word_1_354' title='bbox 2357 803 2581 874; x_wconf 68' lang='grc' dir='ltr'><strong>κηλῖδας</strong></span> <span class='ocrx_word' id='word_1_355' title='bbox 2605 804 2671 857; x_wconf 62' lang='grc' dir='ltr'><strong>ἐκ</strong></span> <span class='ocrx_word' id='word_1_356' title='bbox 2707 805 2810 874; x_wconf 73' lang='grc' dir='ltr'>τῆς</span> <span class='ocrx_word' id='word_1_357' title='bbox 2844 802 3176 873; x_wconf 78' lang='grc' dir='ltr'>ἀπροσεξίας</span> <span class='ocrx_word' id='word_1_358' title='bbox 3203 803 3300 855; x_wconf 82' lang='grc' dir='ltr'>καὶ</span> <span class='ocrx_word' id='word_1_359' title='bbox 3330 801 3616 873; x_wconf 73' lang='grc' dir='ltr'><strong>ἀμελείας,</strong></span> <span class='ocrx_word' id='word_1_360' title='bbox 3673 802 3791 855; x_wconf 75' lang='grc' dir='ltr'>καὶ</span> 
     </span>
    </p>
   </div>
   <div class='ocr_carea' id='block_1_53' title="bbox 2178 891 3781 967">
    <p class='ocr_par' dir='ltr' id='par_1_53' title="bbox 2178 891 3781 967">
     <span class='ocr_line' id='line_1_53' title="bbox 2178 891 3781 967; baseline -0.003 -18"><span class='ocrx_word' id='word_1_361' title='bbox 2178 895 2468 964; x_wconf 80' lang='grc' dir='ltr'>ἀποξέειν,</span> <span class='ocrx_word' id='word_1_362' title='bbox 2504 895 2600 950; x_wconf 82' lang='grc' dir='ltr'>καὶ</span> <span class='ocrx_word' id='word_1_363' title='bbox 2642 895 2854 967; x_wconf 80' lang='grc' dir='ltr'>ῥίπτειν</span> <span class='ocrx_word' id='word_1_364' title='bbox 2902 894 3007 960; x_wconf 76' lang='grc' dir='ltr'><strong>ἔξω</strong></span> <span class='ocrx_word' id='word_1_365' title='bbox 3058 892 3276 965; x_wconf 89' lang='grc' dir='ltr'>μακράν</span> <span class='ocrx_word' id='word_1_366' title='bbox 3319 892 3411 963; x_wconf 84' lang='grc' dir='ltr'>ἀφ’</span> <span class='ocrx_word' id='word_1_367' title='bbox 3458 891 3625 964; x_wconf 76' lang='grc' dir='ltr'>ἡμῶν</span> <span class='ocrx_word' id='word_1_368' title='bbox 3682 893 3781 961; x_wconf 72' lang='grc' dir='ltr'><strong>ἐφ’</strong></span> 
     </span>
    </p>
   </div>
   <div class='ocr_carea' id='block_1_54' title="bbox 2179 981 3781 1056">
    <p class='ocr_par' dir='ltr' id='par_1_54' title="bbox 2179 981 3781 1056">
     <span class='ocr_line' id='line_1_54' title="bbox 2179 981 3781 1056; baseline -0.002 -18"><span class='ocrx_word' id='word_1_369' title='bbox 2179 986 2414 1056; x_wconf 80' lang='grc' dir='ltr'><strong>ἑκάστης</strong></span> <span class='ocrx_word' id='word_1_370' title='bbox 2436 983 2621 1056; x_wconf 84' lang='grc' dir='ltr'>σχεδὸν</span> <span class='ocrx_word' id='word_1_371' title='bbox 2658 983 2831 1055; x_wconf 82' lang='grc' dir='ltr'>ὥρας,</span> <span class='ocrx_word' id='word_1_372' title='bbox 2867 983 3056 1037; x_wconf 87' lang='grc' dir='ltr'>τούτου</span> <span class='ocrx_word' id='word_1_373' title='bbox 3084 981 3461 1054; x_wconf 78' lang='grc' dir='ltr'>προσδεόμεθα</span> <span class='ocrx_word' id='word_1_374' title='bbox 3486 981 3587 1036; x_wconf 72' lang='grc' dir='ltr'><strong>τοῦ</strong></span> <span class='ocrx_word' id='word_1_375' title='bbox 3634 981 3781 1035; x_wconf 79' lang='grc' dir='ltr'>λου-</span> 
     </span>
    </p>
   </div>
   <div class='ocr_carea' id='block_1_55' title="bbox 2178 1074 3782 1150">
    <p class='ocr_par' dir='ltr' id='par_1_55' title="bbox 2178 1074 3782 1150">
     <span class='ocr_line' id='line_1_55' title="bbox 2178 1074 3782 1150; baseline -0.002 -20"><span class='ocrx_word' id='word_1_376' title='bbox 2178 1075 2333 1150; x_wconf 85' lang='grc' dir='ltr'>τροῦ,</span> <span class='ocrx_word' id='word_1_377' title='bbox 2377 1078 2590 1149; x_wconf 84' lang='grc' dir='ltr'><strong>νοητοῖς</strong></span> <span class='ocrx_word' id='word_1_378' title='bbox 2637 1077 2733 1131; x_wconf 81' lang='grc' dir='ltr'>καὶ</span> <span class='ocrx_word' id='word_1_379' title='bbox 2792 1074 3071 1147; x_wconf 78' lang='grc' dir='ltr'><strong>αἰσθητοῖς</strong></span> <span class='ocrx_word' id='word_1_380' title='bbox 3116 1075 3453 1145; x_wconf 71' lang='grc' dir='ltr'><strong>πταίσμασιν</strong></span> <span class='ocrx_word' id='word_1_381' title='bbox 3484 1090 3782 1145; x_wconf 75' lang='grc' dir='ltr'>προσομιο</span> 
     </span>
    </p>
   </div>
   <div class='ocr_carea' id='block_1_56' title="bbox 2177 1162 3771 1237">
    <p class='ocr_par' dir='ltr' id='par_1_56' title="bbox 2177 1162 3771 1237">
     <span class='ocr_line' id='line_1_56' title="bbox 2177 1162 3771 1237; baseline -0.003 -14"><span class='ocrx_word' id='word_1_382' title='bbox 2177 1169 2415 1233; x_wconf 79' lang='grc' dir='ltr'>λοῦντες,</span> <span class='ocrx_word' id='word_1_383' title='bbox 2469 1168 2738 1233; x_wconf 78' lang='grc' dir='ltr'><strong>ἑκουσίοις</strong></span> <span class='ocrx_word' id='word_1_384' title='bbox 2794 1167 2892 1222; x_wconf 74' lang='grc' dir='ltr'>καὶ</span> <span class='ocrx_word' id='word_1_385' title='bbox 2944 1167 3238 1230; x_wconf 81' lang='grc' dir='ltr'>ἀκουσίοις.</span> <span class='ocrx_word' id='word_1_386' title='bbox 3277 1162 3447 1237; x_wconf 77' lang='grc' dir='ltr'>οἶμαι</span> <span class='ocrx_word' id='word_1_387' title='bbox 3475 1166 3590 1237; x_wconf 77' lang='grc' dir='ltr'><strong>γὰρ</strong></span> <span class='ocrx_word' id='word_1_388' title='bbox 3638 1164 3771 1219; x_wconf 81' lang='grc' dir='ltr'>ἀνθ’</span> 
     </span>
    </p>
   </div>
   <div class='ocr_carea' id='block_1_57' title="bbox 2179 1256 3777 1333">
    <p class='ocr_par' dir='ltr' id='par_1_57' title="bbox 2179 1256 3777 1333">
     <span class='ocr_line' id='line_1_57' title="bbox 2179 1256 3777 1333; baseline -0.003 -19"><span class='ocrx_word' id='word_1_389' title='bbox 2179 1260 2337 1333; x_wconf 81' lang='grc' dir='ltr'>ἡμῶν</span> <span class='ocrx_word' id='word_1_390' title='bbox 2383 1260 2667 1332; x_wconf 75' lang='grc' dir='ltr'><strong>εἰρηκέναι</strong></span> <span class='ocrx_word' id='word_1_391' title='bbox 2711 1260 2803 1314; x_wconf 80' lang='grc' dir='ltr'><strong>τὸν</strong></span> <span class='ocrx_word' id='word_1_392' title='bbox 2850 1258 2990 1321; x_wconf 73' lang='grc' dir='ltr'><strong>Ἰὼϐ,</strong></span> <span class='ocrx_word' id='word_1_393' title='bbox 3016 1259 3100 1312; x_wconf 85' lang='grc' dir='ltr'>ὅτι</span> <span class='ocrx_word' id='word_1_394' title='bbox 3131 1277 3150 1310; x_wconf 77' lang='grc' dir='ltr'><strong>ι</strong></span> <span class='ocrx_word' id='word_1_395' title='bbox 3191 1257 3319 1312; x_wconf 80' lang='grc' dir='ltr'><strong>Ἐὰν</strong></span> <span class='ocrx_word' id='word_1_396' title='bbox 3361 1256 3777 1326; x_wconf 88' lang='grc' dir='ltr'>ἀπολούσωμαι</span> 
     </span>
    </p>
   </div>
   <div class='ocr_carea' id='block_1_58' title="bbox 2179 1348 3783 1425">
    <p class='ocr_par' dir='ltr' id='par_1_58' title="bbox 2179 1348 3783 1425">
     <span class='ocr_line' id='line_1_58' title="bbox 2179 1348 3783 1425; baseline -0.004 -18"><span class='ocrx_word' id='word_1_397' title='bbox 2179 1355 2339 1424; x_wconf 87' lang='grc' dir='ltr'>χιόνι,</span> <span class='ocrx_word' id='word_1_398' title='bbox 2365 1355 2463 1408; x_wconf 75' lang='grc' dir='ltr'>καὶ</span> <span class='ocrx_word' id='word_1_399' title='bbox 2483 1353 2927 1425; x_wconf 83' lang='grc' dir='ltr'>ἀποκαθάρωμαι</span> <span class='ocrx_word' id='word_1_400' title='bbox 2957 1350 3437 1425; x_wconf 80' lang='grc' dir='ltr'>χερσὶ.καθαραίς,</span> <span class='ocrx_word' id='word_1_401' title='bbox 3474 1348 3688 1412; x_wconf 75' lang='grc' dir='ltr'>ἱκανῶς</span> <span class='ocrx_word' id='word_1_402' title='bbox 3710 1349 3783 1401; x_wconf 62' lang='grc' dir='ltr'>ὲν</span> 
     </span>
    </p>
   </div>
   <div class='ocr_carea' id='block_1_59' title="bbox 2186 1440 3773 1516">
    <p class='ocr_par' dir='ltr' id='par_1_59' title="bbox 2186 1440 3773 1516">
     <span class='ocr_line' id='line_1_59' title="bbox 2186 1440 3773 1516; baseline -0.003 -19"><span class='ocrx_word' id='word_1_403' title='bbox 2186 1443 2344 1516; x_wconf 78' lang='grc' dir='ltr'>ῥύπῳ</span> <span class='ocrx_word' id='word_1_404' title='bbox 2374 1461 2440 1515; x_wconf 89' lang='grc' dir='ltr'><strong>με</strong></span> <span class='ocrx_word' id='word_1_405' title='bbox 2469 1444 2693 1515; x_wconf 76' lang='grc' dir='ltr'>ἔδαψας.</span> <span class='ocrx_word' id='word_1_406' title='bbox 2720 1463 2739 1496; x_wconf 73' lang='grc' dir='ltr'><strong>ι</strong></span> <span class='ocrx_word' id='word_1_407' title='bbox 2773 1444 2987 1516; x_wconf 82' lang='grc' dir='ltr'>Ὠσπερ</span> <span class='ocrx_word' id='word_1_408' title='bbox 3020 1442 3198 1497; x_wconf 77' lang='grc' dir='ltr'>τοίνυν</span> <span class='ocrx_word' id='word_1_409' title='bbox 3230 1442 3320 1496; x_wconf 81' lang='grc' dir='ltr'><strong>διὰ</strong></span> <span class='ocrx_word' id='word_1_410' title='bbox 3349 1442 3532 1513; x_wconf 82' lang='grc' dir='ltr'><strong>πάσης</strong></span> <span class='ocrx_word' id='word_1_411' title='bbox 3575 1440 3773 1494; x_wconf 79' lang='grc' dir='ltr'>ὲσθίο-</span> 
     </span>
    </p>
   </div>
   <div class='ocr_carea' id='block_1_60' title="bbox 2181 1530 3769 1607">
    <p class='ocr_par' dir='ltr' id='par_1_60' title="bbox 2181 1530 3769 1607">
     <span class='ocr_line' id='line_1_60' title="bbox 2181 1530 3769 1607; baseline -0.004 -18"><span class='ocrx_word' id='word_1_412' title='bbox 2181 1552 2283 1607; x_wconf 91' lang='grc' dir='ltr'><strong>μεν</strong></span> <span class='ocrx_word' id='word_1_413' title='bbox 2319 1536 2416 1607; x_wconf 86' lang='grc' dir='ltr'><strong>τῆς</strong></span> <span class='ocrx_word' id='word_1_414' title='bbox 2461 1535 2628 1607; x_wconf 81' lang='grc' dir='ltr'>ζωῆς,</span> <span class='ocrx_word' id='word_1_415' title='bbox 2670 1535 2769 1588; x_wconf 77' lang='grc' dir='ltr'>καὶ</span> <span class='ocrx_word' id='word_1_416' title='bbox 2809 1534 3059 1605; x_wconf 79' lang='grc' dir='ltr'><strong>πίνομεν,</strong></span> <span class='ocrx_word' id='word_1_417' title='bbox 3101 1532 3244 1586; x_wconf 81' lang='grc' dir='ltr'>οὓτω</span> <span class='ocrx_word' id='word_1_418' title='bbox 3298 1532 3395 1586; x_wconf 74' lang='grc' dir='ltr'>καὶ</span> <span class='ocrx_word' id='word_1_419' title='bbox 3425 1531 3486 1583; x_wconf 83' lang='grc' dir='ltr'>τὸ</span> <span class='ocrx_word' id='word_1_420' title='bbox 3515 1530 3769 1599; x_wconf 73' lang='grc' dir='ltr'>διασμη-</span> 
     </span>
    </p>
   </div>
   <div class='ocr_carea' id='block_1_61' title="bbox 2179 1620 3773 1697">
    <p class='ocr_par' dir='ltr' id='par_1_61' title="bbox 2179 1620 3773 1697">
     <span class='ocr_line' id='line_1_61' title="bbox 2179 1620 3773 1697; baseline -0.004 -18"><span class='ocrx_word' id='word_1_421' title='bbox 2179 1626 2371 1697; x_wconf 88' lang='grc' dir='ltr'>χεσθαι</span> <span class='ocrx_word' id='word_1_422' title='bbox 2422 1626 2785 1689; x_wconf 76' lang='grc' dir='ltr'><strong>ἀδιαλείπτως</strong></span> <span class='ocrx_word' id='word_1_423' title='bbox 2827 1625 2979 1696; x_wconf 81' lang='grc' dir='ltr'>ἡμῖν,</span> <span class='ocrx_word' id='word_1_424' title='bbox 3014 1624 3139 1679; x_wconf 78' lang='grc' dir='ltr'>ἐπεὶ</span> <span class='ocrx_word' id='word_1_425' title='bbox 3174 1622 3249 1695; x_wconf 83' lang='grc' dir='ltr'>μὴ</span> <span class='ocrx_word' id='word_1_426' title='bbox 3281 1620 3509 1676; x_wconf 80' lang='grc' dir='ltr'>δυνατὸν</span> <span class='ocrx_word' id='word_1_427' title='bbox 3574 1620 3773 1690; x_wconf 79' lang='grc' dir='ltr'>ἀμεμ-</span> 
     </span>
    </p>
   </div>
   <div class='ocr_carea' id='block_1_62' title="bbox 2176 1711 3777 1787">
    <p class='ocr_par' dir='ltr' id='par_1_62' title="bbox 2176 1711 3777 1787">
     <span class='ocr_line' id='line_1_62' title="bbox 2176 1711 3777 1787; baseline -0.006 -14"><span class='ocrx_word' id='word_1_428' title='bbox 2176 1717 2312 1773; x_wconf 61' lang='grc' dir='ltr'>ςπτόν</span> <span class='ocrx_word' id='word_1_429' title='bbox 2374 1736 2496 1772; x_wconf 92' lang='grc' dir='ltr'>τινα</span> <span class='ocrx_word' id='word_1_430' title='bbox 2547 1717 2643 1770; x_wconf 77' lang='grc' dir='ltr'>καὶ</span> <span class='ocrx_word' id='word_1_431' title='bbox 2688 1715 2988 1787; x_wconf 89' lang='grc' dir='ltr'>ἀμόλυντον</span> <span class='ocrx_word' id='word_1_432' title='bbox 3049 1714 3111 1767; x_wconf 79' lang='grc' dir='ltr'>τὸ</span> <span class='ocrx_word' id='word_1_433' title='bbox 3175 1713 3406 1769; x_wconf 78' lang='grc' dir='ltr'>καθόλου</span> <span class='ocrx_word' id='word_1_434' title='bbox 3468 1711 3777 1782; x_wconf 76' lang='grc' dir='ltr'>ἄνθρωπον</span> 
     </span>
    </p>
   </div>
   <div class='ocr_carea' id='block_1_63' title="bbox 2177 1804 3762 1883">
    <p class='ocr_par' dir='ltr' id='par_1_63' title="bbox 2177 1804 3762 1883">
     <span class='ocr_line' id='line_1_63' title="bbox 2177 1804 3762 1883; baseline -0.006 -17"><span class='ocrx_word' id='word_1_435' title='bbox 2177 1810 2485 1883; x_wconf 81' lang='grc' dir='ltr'>εὑρεθῆναι.</span> <span class='ocrx_word' id='word_1_436' title='bbox 2510 1809 2708 1883; x_wconf 81' lang='grc' dir='ltr'>Διόπερ</span> <span class='ocrx_word' id='word_1_437' title='bbox 2755 1809 3047 1863; x_wconf 77' lang='grc' dir='ltr'>πίστευσον</span> <span class='ocrx_word' id='word_1_438' title='bbox 3068 1807 3147 1878; x_wconf 83' lang='grc' dir='ltr'>τῷ</span> <span class='ocrx_word' id='word_1_439' title='bbox 3179 1808 3442 1879; x_wconf 77' lang='grc' dir='ltr'>Προφήτῃ</span> <span class='ocrx_word' id='word_1_440' title='bbox 3467 1804 3762 1875; x_wconf 68' lang='grc' dir='ltr'>κράζοντν</span> 
     </span>
    </p>
   </div>
   <div class='ocr_carea' id='block_1_64' title="bbox 2182 1897 3771 1974">
    <p class='ocr_par' dir='ltr' id='par_1_64' title="bbox 2182 1897 3771 1974">
     <span class='ocr_line' id='line_1_64' title="bbox 2182 1897 3771 1974; baseline -0.006 -17"><span class='ocrx_word' id='word_1_441' title='bbox 2182 1923 2202 1957; x_wconf 82' lang='grc' dir='ltr'><strong>ι</strong></span> <span class='ocrx_word' id='word_1_442' title='bbox 2233 1904 2458 1967; x_wconf 83' lang='grc' dir='ltr'>Πλυνείς</span> <span class='ocrx_word' id='word_1_443' title='bbox 2483 1920 2572 1973; x_wconf 85' lang='grc' dir='ltr'><strong>με,</strong></span> <span class='ocrx_word' id='word_1_444' title='bbox 2604 1903 2699 1956; x_wconf 57' lang='grc' dir='ltr'><strong>καὶ⁸</strong></span> <span class='ocrx_word' id='word_1_445' title='bbox 2739 1902 2880 1974; x_wconf 80' lang='grc' dir='ltr'>ὑπὲρ</span> <span class='ocrx_word' id='word_1_446' title='bbox 2912 1901 3067 1973; x_wconf 87' lang='grc' dir='ltr'>χιόνα</span> <span class='ocrx_word' id='word_1_447' title='bbox 3095 1898 3560 1969; x_wconf 87' lang='grc' dir='ltr'>λευκανθήσομαι,</span> <span class='ocrx_word' id='word_1_448' title='bbox 3583 1915 3603 1948; x_wconf 75' lang='grc' dir='ltr'><strong>ι</strong></span> <span class='ocrx_word' id='word_1_449' title='bbox 3658 1897 3771 1949; x_wconf 73' lang='grc' dir='ltr'>καὶ</span> 
     </span>
    </p>
   </div>
   <div class='ocr_carea' id='block_1_65' title="bbox 2175 1982 3771 2067">
    <p class='ocr_par' dir='ltr' id='par_1_65' title="bbox 2175 1982 3771 2067">
     <span class='ocr_line' id='line_1_65' title="bbox 2175 1982 3771 2067; baseline -0.006 -17"><span class='ocrx_word' id='word_1_450' title='bbox 2175 1996 2253 2066; x_wconf 82' lang='grc' dir='ltr'>τῷ</span> <span class='ocrx_word' id='word_1_451' title='bbox 2280 1994 2479 2066; x_wconf 84' lang='grc' dir='ltr'>Παύλῳ</span> <span class='ocrx_word' id='word_1_452' title='bbox 2509 1982 2811 2067; x_wconf 73' lang='grc' dir='ltr'>γράφοντι·</span> <span class='ocrx_word' id='word_1_453' title='bbox 2857 2011 2875 2044; x_wconf 79' lang='grc' dir='ltr'><strong>ι</strong></span> <span class='ocrx_word' id='word_1_454' title='bbox 2904 1991 3299 2064; x_wconf 74' lang='grc' dir='ltr'>Προσελθωμεν</span> <span class='ocrx_word' id='word_1_455' title='bbox 3342 1989 3421 2063; x_wconf 79' lang='grc' dir='ltr'>τῷ</span> <span class='ocrx_word' id='word_1_456' title='bbox 3457 1989 3582 2061; x_wconf 83' lang='grc' dir='ltr'><strong>Θεῷ</strong></span> <span class='ocrx_word' id='word_1_457' title='bbox 3617 1986 3771 2060; x_wconf 82' lang='grc' dir='ltr'><strong>μετά</strong></span> 
     </span>
    </p>
   </div>
   <div class='ocr_carea' id='block_1_66' title="bbox 2176 2080 3771 2160">
    <p class='ocr_par' dir='ltr' id='par_1_66' title="bbox 2176 2080 3771 2160">
     <span class='ocr_line' id='line_1_66' title="bbox 2176 2080 3771 2160; baseline -0.006 -17"><span class='ocrx_word' id='word_1_458' title='bbox 2176 2088 2436 2159; x_wconf 84' lang='grc' dir='ltr'>ἀληθινῆς</span> <span class='ocrx_word' id='word_1_459' title='bbox 2483 2087 2731 2160; x_wconf 84' lang='grc' dir='ltr'>καρδίας,</span> <span class='ocrx_word' id='word_1_460' title='bbox 2775 2085 3186 2159; x_wconf 77' lang='grc' dir='ltr'>ὲρῤαντισμένοι</span> <span class='ocrx_word' id='word_1_461' title='bbox 3226 2084 3326 2156; x_wconf 80' lang='grc' dir='ltr'>τὴν</span> <span class='ocrx_word' id='word_1_462' title='bbox 3369 2082 3619 2139; x_wconf 76' lang='grc' dir='ltr'>διάνοιαν</span> <span class='ocrx_word' id='word_1_463' title='bbox 3643 2080 3771 2136; x_wconf 66' lang='grc' dir='ltr'>ἀπὸ</span> 
     </span>
    </p>
   </div>
   <div class='ocr_carea' id='block_1_67' title="bbox 2178 2176 3259 2252">
    <p class='ocr_par' dir='ltr' id='par_1_67' title="bbox 2178 2176 3259 2252">
     <span class='ocr_line' id='line_1_67' title="bbox 2178 2176 3259 2252; baseline -0.003 -17"><span class='ocrx_word' id='word_1_464' title='bbox 2178 2180 2537 2252; x_wconf 86' lang='grc' dir='ltr'>συνειδήσεως</span> <span class='ocrx_word' id='word_1_465' title='bbox 2564 2179 2826 2250; x_wconf 80' lang='grc' dir='ltr'>πονηρᾶς,</span> <span class='ocrx_word' id='word_1_466' title='bbox 2861 2196 2881 2230; x_wconf 72' lang='grc' dir='ltr'><strong>ι</strong></span> <span class='ocrx_word' id='word_1_467' title='bbox 2903 2177 2997 2232; x_wconf 83' lang='grc' dir='ltr'>καὶ</span> <span class='ocrx_word' id='word_1_468' title='bbox 3018 2176 3087 2231; x_wconf 82' lang='grc' dir='ltr'>τὰ</span> <span class='ocrx_word' id='word_1_469' title='bbox 3111 2176 3259 2248; x_wconf 78' lang='grc' dir='ltr'><strong>ἑξῆς.</strong></span> 
     </span>
    </p>
   </div>
   <div class='ocr_carea' id='block_1_68' title="bbox 2438 2354 3471 2427">
    <p class='ocr_par' dir='ltr' id='par_1_68' title="bbox 2438 2354 3471 2427">
     <span class='ocr_line' id='line_1_68' title="bbox 2438 2354 3471 2427; baseline -0.002 -16"><span class='ocrx_word' id='word_1_470' title='bbox 2438 2358 2629 2411; x_wconf 82' lang='grc' dir='ltr'><strong>ΚΕ.-</strong></span> <span class='ocrx_word' id='word_1_471' title='bbox 2658 2356 2966 2427; x_wconf 83' lang='grc' dir='ltr'><strong>ΑΒΡΑΜΙῼ</strong></span> <span class='ocrx_word' id='word_1_472' title='bbox 2998 2354 3471 2426; x_wconf 83' lang='grc' dir='ltr'><strong>ΠΡΕΣΒΥΤΕΡῼ.</strong></span> 
     </span>
    </p>
   </div>
   <div class='ocr_carea' id='block_1_69' title="bbox 2245 2446 3766 2521">
    <p class='ocr_par' dir='ltr' id='par_1_69' title="bbox 2245 2446 3766 2521">
     <span class='ocr_line' id='line_1_69' title="bbox 2245 2446 3766 2521; baseline -0.003 -18"><span class='ocrx_word' id='word_1_473' title='bbox 2245 2450 2368 2504; x_wconf 82' lang='grc' dir='ltr'><strong>Τισὶ</strong></span> <span class='ocrx_word' id='word_1_474' title='bbox 2393 2449 2492 2521; x_wconf 84' lang='grc' dir='ltr'>μὲν</span> <span class='ocrx_word' id='word_1_475' title='bbox 2520 2449 2629 2503; x_wconf 81' lang='grc' dir='ltr'><strong>τῶν</strong></span> <span class='ocrx_word' id='word_1_476' title='bbox 2658 2447 2961 2519; x_wconf 86' lang='grc' dir='ltr'>ἀνθρώπων</span> <span class='ocrx_word' id='word_1_477' title='bbox 2991 2447 3128 2520; x_wconf 78' lang='grc' dir='ltr'>πρὸς</span> <span class='ocrx_word' id='word_1_478' title='bbox 3156 2448 3339 2517; x_wconf 79' lang='grc' dir='ltr'>ὀλίγον</span> <span class='ocrx_word' id='word_1_479' title='bbox 3388 2446 3766 2518; x_wconf 77' lang='grc' dir='ltr'>προσϐάλλειν</span> 
     </span>
    </p>
   </div>
   <div class='ocr_carea' id='block_1_70' title="bbox 2174 2540 3763 2613">
    <p class='ocr_par' dir='ltr' id='par_1_70' title="bbox 2174 2540 3763 2613">
     <span class='ocr_line' id='line_1_70' title="bbox 2174 2540 3763 2613; baseline -0.003 -15"><span class='ocrx_word' id='word_1_480' title='bbox 2174 2544 2270 2598; x_wconf 80' lang='grc' dir='ltr'>καὶ</span> <span class='ocrx_word' id='word_1_481' title='bbox 2293 2544 2484 2598; x_wconf 79' lang='grc' dir='ltr'>θᾶττον</span> <span class='ocrx_word' id='word_1_482' title='bbox 2511 2542 2869 2613; x_wconf 81' lang='grc' dir='ltr'>ἀφίπτασθαι,</span> <span class='ocrx_word' id='word_1_483' title='bbox 2894 2541 3287 2613; x_wconf 77' lang='grc' dir='ltr'>ἐπετράπησαν</span> <span class='ocrx_word' id='word_1_484' title='bbox 3328 2540 3604 2613; x_wconf 70' lang='grc' dir='ltr'>δαίμονες*</span> <span class='ocrx_word' id='word_1_485' title='bbox 3644 2540 3763 2593; x_wconf 79' lang='grc' dir='ltr'>τισὶ</span> 
     </span>
    </p>
   </div>
   <div class='ocr_carea' id='block_1_71' title="bbox 2174 2631 3764 2705">
    <p class='ocr_par' dir='ltr' id='par_1_71' title="bbox 2174 2631 3764 2705">
     <span class='ocr_line' id='line_1_71' title="bbox 2174 2631 3764 2705; baseline -0.003 -17"><span class='ocrx_word' id='word_1_486' title='bbox 2174 2634 2231 2688; x_wconf 80' lang='grc' dir='ltr'>δὲ</span> <span class='ocrx_word' id='word_1_487' title='bbox 2260 2634 2354 2687; x_wconf 73' lang='grc' dir='ltr'><strong>ἐπὶ</strong></span> <span class='ocrx_word' id='word_1_488' title='bbox 2385 2634 2520 2688; x_wconf 80' lang='grc' dir='ltr'>πολὺ</span> <span class='ocrx_word' id='word_1_489' title='bbox 2560 2632 2795 2705; x_wconf 86' lang='grc' dir='ltr'>διοχλεῖν</span> <span class='ocrx_word' id='word_1_490' title='bbox 2821 2632 2927 2685; x_wconf 83' lang='grc' dir='ltr'><strong>ὑπὸ</strong></span> <span class='ocrx_word' id='word_1_491' title='bbox 2965 2631 3059 2685; x_wconf 81' lang='grc' dir='ltr'><strong>τοῦ</strong></span> <span class='ocrx_word' id='word_1_492' title='bbox 3094 2632 3436 2700; x_wconf 81' lang='grc' dir='ltr'>ἀγωνοθέτου</span> <span class='ocrx_word' id='word_1_493' title='bbox 3484 2631 3626 2685; x_wconf 83' lang='grc' dir='ltr'>Θεοῦ</span> <span class='ocrx_word' id='word_1_494' title='bbox 3661 2631 3764 2686; x_wconf 83' lang='grc' dir='ltr'>τοῦ</span> 
     </span>
    </p>
   </div>
   <div class='ocr_carea' id='block_1_72' title="bbox 2173 2722 3758 2797">
    <p class='ocr_par' dir='ltr' id='par_1_72' title="bbox 2173 2722 3758 2797">
     <span class='ocr_line' id='line_1_72' title="bbox 2173 2722 3758 2797; baseline -0.002 -19"><span class='ocrx_word' id='word_1_495' title='bbox 2173 2725 2444 2796; x_wconf 81' lang='grc' dir='ltr'>ἡμετέρου</span> <span class='ocrx_word' id='word_1_496' title='bbox 2462 2723 2782 2797; x_wconf 80' lang='grc' dir='ltr'>προνοητοῦ,</span> <span class='ocrx_word' id='word_1_497' title='bbox 2807 2724 2900 2778; x_wconf 76' lang='grc' dir='ltr'>καὶ</span> <span class='ocrx_word' id='word_1_498' title='bbox 2919 2723 3135 2794; x_wconf 79' lang='grc' dir='ltr'>κριτοῦ,</span> <span class='ocrx_word' id='word_1_499' title='bbox 3162 2723 3364 2794; x_wconf 78' lang='grc' dir='ltr'>ὁμοίως</span> <span class='ocrx_word' id='word_1_500' title='bbox 3384 2722 3758 2795; x_wconf 83' lang='grc' dir='ltr'>προσετάχθη·</span> 
     </span>
    </p>
   </div>
   <div class='ocr_carea' id='block_1_73' title="bbox 2178 2814 3759 2887">
    <p class='ocr_par' dir='ltr' id='par_1_73' title="bbox 2178 2814 3759 2887">
     <span class='ocr_line' id='line_1_73' title="bbox 2178 2814 3759 2887; baseline 0 -18"><span class='ocrx_word' id='word_1_501' title='bbox 2178 2816 2355 2886; x_wconf 73' lang='grc' dir='ltr'>ἕτεροι</span> <span class='ocrx_word' id='word_1_502' title='bbox 2384 2816 2441 2869; x_wconf 86' lang='grc' dir='ltr'>δὲ</span> <span class='ocrx_word' id='word_1_503' title='bbox 2470 2815 2744 2887; x_wconf 75' lang='grc' dir='ltr'>καὶμέχρι</span> <span class='ocrx_word' id='word_1_504' title='bbox 2777 2814 3095 2877; x_wconf 82' lang='grc' dir='ltr'>τελευταίας</span> <span class='ocrx_word' id='word_1_505' title='bbox 3119 2814 3395 2885; x_wconf 80' lang='grc' dir='ltr'>ἀναπνοῆς</span> <span class='ocrx_word' id='word_1_506' title='bbox 3425 2831 3759 2887; x_wconf 86' lang='grc' dir='ltr'>προσπαρα-</span> 
     </span>
    </p>
   </div>
   <div class='ocr_carea' id='block_1_74' title="bbox 2177 2905 3761 2983">
    <p class='ocr_par' dir='ltr' id='par_1_74' title="bbox 2177 2905 3761 2983">
     <span class='ocr_line' id='line_1_74' title="bbox 2177 2905 3761 2983; baseline -0.001 -22"><span class='ocrx_word' id='word_1_507' title='bbox 2177 2908 2362 2978; x_wconf 85' lang='grc' dir='ltr'>6ῆναι,</span> <span class='ocrx_word' id='word_1_508' title='bbox 2400 2907 2496 2961; x_wconf 74' lang='grc' dir='ltr'>καὶ</span> <span class='ocrx_word' id='word_1_509' title='bbox 2520 2907 2842 2983; x_wconf 77' lang='grc' dir='ltr'>πειράζειν,</span> <span class='ocrx_word' id='word_1_510' title='bbox 2870 2906 2965 2959; x_wconf 75' lang='grc' dir='ltr'>καὶ</span> <span class='ocrx_word' id='word_1_511' title='bbox 3005 2905 3274 2960; x_wconf 72' lang='grc' dir='ltr'>ἐκθλίϐειν</span> <span class='ocrx_word' id='word_1_512' title='bbox 3311 2906 3574 2961; x_wconf 80' lang='grc' dir='ltr'>ἑκάστοτε</span> <span class='ocrx_word' id='word_1_513' title='bbox 3624 2923 3761 2976; x_wconf 87' lang='grc' dir='ltr'>συγ-</span> 
     </span>
    </p>
   </div>
   <div class='ocr_carea' id='block_1_75' title="bbox 2104 2999 3149 3102">
    <p class='ocr_par' dir='ltr' id='par_1_75' title="bbox 2104 2999 3149 3102">
     <span class='ocr_line' id='line_1_75' title="bbox 2104 2999 3149 3102; baseline 0.001 -48"><span class='ocrx_word' id='word_1_514' title='bbox 2104 3043 2149 3102; x_wconf 72' lang='lat' dir='ltr'><strong><em>C</em></strong></span> <span class='ocrx_word' id='word_1_515' title='bbox 2180 3000 2479 3073; x_wconf 79' lang='grc' dir='ltr'>χωροῦνται</span> <span class='ocrx_word' id='word_1_516' title='bbox 2503 3000 2851 3070; x_wconf 88' lang='grc' dir='ltr'>ἀναίσχυντοι</span> <span class='ocrx_word' id='word_1_517' title='bbox 2872 2999 3149 3071; x_wconf 86' lang='grc' dir='ltr'>δαίμονες.</span> 
     </span>
    </p>
   </div>
   <div class='ocr_carea' id='block_1_76' title="bbox 2496 3092 3464 3165">
    <p class='ocr_par' dir='ltr' id='par_1_76' title="bbox 2496 3092 3464 3165">
     <span class='ocr_line' id='line_1_76' title="bbox 2496 3092 3464 3165; baseline 0 -19"><span class='ocrx_word' id='word_1_518' title='bbox 2496 3093 2642 3159; x_wconf 66' lang='lat' dir='ltr'><strong>KG&quot;.</strong></span> <span class='ocrx_word' id='word_1_519' title='bbox 2669 3092 2973 3163; x_wconf 81' lang='grc' dir='ltr'><strong>ΤΙΜΟΘΕῼ</strong></span> <span class='ocrx_word' id='word_1_520' title='bbox 2994 3093 3464 3165; x_wconf 73' lang='grc' dir='ltr'><strong>ΥΠΟΔΙΑΚΟΝῼ.</strong></span> 
     </span>
    </p>
   </div>
   <div class='ocr_carea' id='block_1_77' title="bbox 2249 3183 3756 3257">
    <p class='ocr_par' dir='ltr' id='par_1_77' title="bbox 2249 3183 3756 3257">
     <span class='ocr_line' id='line_1_77' title="bbox 2249 3183 3756 3257; baseline 0 -18"><span class='ocrx_word' id='word_1_521' title='bbox 2249 3185 2614 3257; x_wconf 74' lang='grc' dir='ltr'>Γεγράφηκάς</span> <span class='ocrx_word' id='word_1_522' title='bbox 2668 3202 2759 3255; x_wconf 85' lang='grc' dir='ltr'><strong>μοι</strong></span> <span class='ocrx_word' id='word_1_523' title='bbox 2816 3184 3011 3254; x_wconf 57' lang='grc' dir='ltr'>λέγων,</span> <span class='ocrx_word' id='word_1_524' title='bbox 3050 3185 3133 3238; x_wconf 83' lang='grc' dir='ltr'>ὅτι</span> <span class='ocrx_word' id='word_1_525' title='bbox 3181 3183 3375 3256; x_wconf 66' lang='grc' dir='ltr'>ἰἰθελον</span> <span class='ocrx_word' id='word_1_526' title='bbox 3436 3183 3663 3255; x_wconf 85' lang='grc' dir='ltr'>μαθεῖν,</span> <span class='ocrx_word' id='word_1_527' title='bbox 3701 3185 3756 3239; x_wconf 88' lang='grc' dir='ltr'><strong>τί</strong></span> 
     </span>
    </p>
   </div>
   <div class='ocr_carea' id='block_1_78' title="bbox 2178 3276 3758 3349">
    <p class='ocr_par' dir='ltr' id='par_1_78' title="bbox 2178 3276 3758 3349">
     <span class='ocr_line' id='line_1_78' title="bbox 2178 3276 3758 3349; baseline 0 -18"><span class='ocrx_word' id='word_1_528' title='bbox 2178 3277 2378 3348; x_wconf 79' lang='grc' dir='ltr'>ὠφελεῖ</span> <span class='ocrx_word' id='word_1_529' title='bbox 2402 3280 2435 3348; x_wconf 84' lang='grc' dir='ltr'>ἡ</span> <span class='ocrx_word' id='word_1_530' title='bbox 2474 3276 2754 3349; x_wconf 85' lang='grc' dir='ltr'>ἀγρυπνία</span> <span class='ocrx_word' id='word_1_531' title='bbox 2795 3276 2888 3331; x_wconf 80' lang='grc' dir='ltr'>τὸν</span> <span class='ocrx_word' id='word_1_532' title='bbox 2929 3276 3240 3347; x_wconf 76' lang='grc' dir='ltr'>ἄνθρωπον,</span> <span class='ocrx_word' id='word_1_533' title='bbox 3260 3278 3345 3330; x_wconf 83' lang='grc' dir='ltr'>ὅτι</span> <span class='ocrx_word' id='word_1_534' title='bbox 3391 3276 3621 3341; x_wconf 80' lang='grc' dir='ltr'>πολλοὺς</span> <span class='ocrx_word' id='word_1_535' title='bbox 3657 3277 3758 3347; x_wconf 84' lang='grc' dir='ltr'>μὲν</span> 
     </span>
    </p>
   </div>
   <div class='ocr_carea' id='block_1_79' title="bbox 2182 3369 3756 3443">
    <p class='ocr_par' dir='ltr' id='par_1_79' title="bbox 2182 3369 3756 3443">
     <span class='ocr_line' id='line_1_79' title="bbox 2182 3369 3756 3443; baseline -0.002 -18"><span class='ocrx_word' id='word_1_536' title='bbox 2182 3372 2363 3442; x_wconf 79' lang='grc' dir='ltr'>βλέπω</span> <span class='ocrx_word' id='word_1_537' title='bbox 2380 3370 2811 3443; x_wconf 83' lang='grc' dir='ltr'>γοργευομένους</span> <span class='ocrx_word' id='word_1_538' title='bbox 2827 3369 2966 3441; x_wconf 72' lang='grc' dir='ltr'>πρὸς</span> <span class='ocrx_word' id='word_1_539' title='bbox 2982 3369 3154 3440; x_wconf 78' lang='grc' dir='ltr'>αὐτήν</span> <span class='ocrx_word' id='word_1_540' title='bbox 3178 3386 3193 3402; x_wconf 79' lang='grc'><em>’</em></span> <span class='ocrx_word' id='word_1_541' title='bbox 3232 3371 3488 3443; x_wconf 77' lang='grc' dir='ltr'>περιττὸν</span> <span class='ocrx_word' id='word_1_542' title='bbox 3509 3371 3567 3425; x_wconf 83' lang='grc' dir='ltr'>δὲ</span> <span class='ocrx_word' id='word_1_543' title='bbox 3592 3370 3756 3441; x_wconf 78' lang='grc' dir='ltr'><strong>ἡγοῦ-</strong></span> 
     </span>
    </p>
   </div>
   <div class='ocr_carea' id='block_1_80' title="bbox 2183 3462 3756 3536">
    <p class='ocr_par' dir='ltr' id='par_1_80' title="bbox 2183 3462 3756 3536">
     <span class='ocr_line' id='line_1_80' title="bbox 2183 3462 3756 3536; baseline -0.001 -19"><span class='ocrx_word' id='word_1_544' title='bbox 2183 3483 2281 3536; x_wconf 88' lang='grc' dir='ltr'><strong>μαι</strong></span> <span class='ocrx_word' id='word_1_545' title='bbox 2308 3463 2371 3519; x_wconf 76' lang='grc' dir='ltr'>τὸ</span> <span class='ocrx_word' id='word_1_546' title='bbox 2404 3465 2723 3536; x_wconf 82' lang='grc' dir='ltr'>ἀγρυπνεῖν,</span> <span class='ocrx_word' id='word_1_547' title='bbox 2750 3462 2937 3534; x_wconf 76' lang='grc' dir='ltr'>ἐπειδὴ</span> <span class='ocrx_word' id='word_1_548' title='bbox 2952 3463 3042 3517; x_wconf 74' lang='grc' dir='ltr'>’τὸν</span> <span class='ocrx_word' id='word_1_549' title='bbox 3075 3462 3246 3517; x_wconf 76' lang='grc' dir='ltr'>ὕπνον</span> <span class='ocrx_word' id='word_1_550' title='bbox 3272 3462 3351 3533; x_wconf 85' lang='grc' dir='ltr'><strong>τῷ</strong></span> <span class='ocrx_word' id='word_1_551' title='bbox 3384 3462 3559 3532; x_wconf 72' lang='grc' dir='ltr'>Ἀδὰμ</span> <span class='ocrx_word' id='word_1_552' title='bbox 3582 3462 3756 3526; x_wconf 73' lang='grc' dir='ltr'>όΘεὺς</span> 
     </span>
    </p>
   </div>
   <div class='ocr_carea' id='block_1_81' title="bbox 2182 3555 3754 3627">
    <p class='ocr_par' dir='ltr' id='par_1_81' title="bbox 2182 3555 3754 3627">
     <span class='ocr_line' id='line_1_81' title="bbox 2182 3555 3754 3627; baseline -0.001 -17"><span class='ocrx_word' id='word_1_553' title='bbox 2182 3556 2467 3620; x_wconf 75' lang='grc' dir='ltr'>ἐπέϐαλεν,</span> <span class='ocrx_word' id='word_1_554' title='bbox 2523 3555 2618 3609; x_wconf 75' lang='grc' dir='ltr'>καὶ</span> <span class='ocrx_word' id='word_1_555' title='bbox 2674 3555 2781 3627; x_wconf 87' lang='grc' dir='ltr'>χρὴ</span> <span class='ocrx_word' id='word_1_556' title='bbox 2831 3555 3051 3621; x_wconf 80' lang='grc' dir='ltr'>πάντως</span> <span class='ocrx_word' id='word_1_557' title='bbox 3120 3555 3440 3627; x_wconf 82' lang='grc' dir='ltr'>κοιμᾶσθαι.</span> <span class='ocrx_word' id='word_1_558' title='bbox 3481 3555 3604 3609; x_wconf 88' lang='grc' dir='ltr'>Τῶν</span> <span class='ocrx_word' id='word_1_559' title='bbox 3648 3559 3754 3627; x_wconf 82' lang='grc' dir='ltr'>γὰρ</span> 
     </span>
    </p>
   </div>
   <div class='ocr_carea' id='block_1_82' title="bbox 2180 3646 3754 3720">
    <p class='ocr_par' dir='ltr' id='par_1_82' title="bbox 2180 3646 3754 3720">
     <span class='ocr_line' id='line_1_82' title="bbox 2180 3646 3754 3720; baseline 0.001 -19"><span class='ocrx_word' id='word_1_560' title='bbox 2180 3646 2398 3717; x_wconf 84' lang='grc' dir='ltr'>ἀγαθῶν</span> <span class='ocrx_word' id='word_1_561' title='bbox 2429 3665 2530 3718; x_wconf 84' lang='grc' dir='ltr'><strong>μου</strong></span> <span class='ocrx_word' id='word_1_562' title='bbox 2566 3647 2755 3718; x_wconf 85' lang='grc' dir='ltr'>χρείαν</span> <span class='ocrx_word' id='word_1_563' title='bbox 2775 3646 2875 3701; x_wconf 84' lang='grc' dir='ltr'><strong>οὐκ</strong></span> <span class='ocrx_word' id='word_1_564' title='bbox 2898 3646 3010 3718; x_wconf 78' lang='grc' dir='ltr'>ἔχει</span> <span class='ocrx_word' id='word_1_565' title='bbox 3031 3648 3060 3701; x_wconf 89' lang='grc' dir='ltr'><strong>ό</strong></span> <span class='ocrx_word' id='word_1_566' title='bbox 3082 3647 3236 3713; x_wconf 84' lang='grc' dir='ltr'>Θεός.</span> <span class='ocrx_word' id='word_1_567' title='bbox 3260 3649 3334 3702; x_wconf 86' lang='grc' dir='ltr'><strong>Τὸ</strong></span> <span class='ocrx_word' id='word_1_568' title='bbox 3361 3648 3463 3719; x_wconf 78' lang='grc' dir='ltr'>μὲν</span> <span class='ocrx_word' id='word_1_569' title='bbox 3483 3648 3563 3720; x_wconf 81' lang='grc' dir='ltr'>τῷ</span> <span class='ocrx_word' id='word_1_570' title='bbox 3588 3649 3754 3719; x_wconf 79' lang='grc' dir='ltr'>Ἀδάμ</span> 
     </span>
    </p>
   </div>
   <div class='ocr_carea' id='block_1_83' title="bbox 2180 3737 3749 3813">
    <p class='ocr_par' dir='ltr' id='par_1_83' title="bbox 2180 3737 3749 3813">
     <span class='ocr_line' id='line_1_83' title="bbox 2180 3737 3749 3813; baseline 0.003 -22"><span class='ocrx_word' id='word_1_571' title='bbox 2180 3737 2302 3791; x_wconf 87' lang='grc' dir='ltr'>κατ’</span> <span class='ocrx_word' id='word_1_572' title='bbox 2355 3739 2529 3810; x_wconf 85' lang='grc' dir='ltr'>ἀρχὰς</span> <span class='ocrx_word' id='word_1_573' title='bbox 2566 3737 2860 3810; x_wconf 87' lang='grc' dir='ltr'>γενόμενον</span> <span class='ocrx_word' id='word_1_574' title='bbox 2888 3737 3186 3809; x_wconf 84' lang='grc' dir='ltr'>αἰσθητῶς,</span> <span class='ocrx_word' id='word_1_575' title='bbox 3232 3741 3536 3812; x_wconf 88' lang='grc' dir='ltr'>μυστήριον</span> <span class='ocrx_word' id='word_1_576' title='bbox 3562 3740 3749 3813; x_wconf 70' lang='grc' dir='ltr'>νοητὸν</span> 
     </span>
    </p>
   </div>
   <div class='ocr_carea' id='block_1_84' title="bbox 2180 3831 3746 3905">
    <p class='ocr_par' dir='ltr' id='par_1_84' title="bbox 2180 3831 3746 3905">
     <span class='ocr_line' id='line_1_84' title="bbox 2180 3831 3746 3905; baseline 0.003 -21"><span class='ocrx_word' id='word_1_577' title='bbox 2180 3831 2518 3902; x_wconf 78' lang='grc' dir='ltr'>ὑπῃνίττετο,</span> <span class='ocrx_word' id='word_1_578' title='bbox 2554 3832 2795 3903; x_wconf 81' lang='grc' dir='ltr'>ὲσήμανε</span> <span class='ocrx_word' id='word_1_579' title='bbox 2829 3832 2939 3905; x_wconf 83' lang='grc' dir='ltr'><strong>γὰρ</strong></span> <span class='ocrx_word' id='word_1_580' title='bbox 2964 3833 3056 3887; x_wconf 81' lang='grc' dir='ltr'>τὸν</span> <span class='ocrx_word' id='word_1_581' title='bbox 3089 3833 3341 3904; x_wconf 87' lang='grc' dir='ltr'>δεύτερον</span> <span class='ocrx_word' id='word_1_582' title='bbox 3355 3834 3548 3905; x_wconf 74' lang='grc' dir='ltr'>Ἀδὰμ,</span> <span class='ocrx_word' id='word_1_583' title='bbox 3578 3852 3746 3889; x_wconf 81' lang='grc' dir='ltr'>τουτ-</span> 
     </span>
    </p>
   </div>
   <div class='ocr_carea' id='block_1_85' title="bbox 2182 3924 3753 3998">
    <p class='ocr_par' dir='ltr' id='par_1_85' title="bbox 2182 3924 3753 3998">
     <span class='ocr_line' id='line_1_85' title="bbox 2182 3924 3753 3998; baseline 0.003 -20"><span class='ocrx_word' id='word_1_584' title='bbox 2182 3924 2328 3978; x_wconf 78' lang='grc' dir='ltr'>έστιν</span> <span class='ocrx_word' id='word_1_585' title='bbox 2378 3925 2468 3977; x_wconf 79' lang='grc' dir='ltr'>τὸν</span> <span class='ocrx_word' id='word_1_586' title='bbox 2521 3924 2722 3996; x_wconf 77' lang='grc' dir='ltr'>Κύριον</span> <span class='ocrx_word' id='word_1_587' title='bbox 2770 3925 2927 3996; x_wconf 78' lang='grc' dir='ltr'>ἡμῶν</span> <span class='ocrx_word' id='word_1_588' title='bbox 2954 3925 3161 3994; x_wconf 79' lang='grc' dir='ltr'>Ἰησοῦν</span> <span class='ocrx_word' id='word_1_589' title='bbox 3182 3926 3435 3998; x_wconf 69' lang='grc' dir='ltr'>Χριστὸν</span> <span class='ocrx_word' id='word_1_590' title='bbox 3468 3967 3484 3991; x_wconf 85' lang='grc'><strong>,</strong></span> <span class='ocrx_word' id='word_1_591' title='bbox 3544 3928 3753 3997; x_wconf 83' lang='grc' dir='ltr'>μέλλειν</span> 
     </span>
    </p>
   </div>
   <div class='ocr_carea' id='block_1_86' title="bbox 2181 4011 3750 4085">
    <p class='ocr_par' dir='ltr' id='par_1_86' title="bbox 2181 4011 3750 4085">
     <span class='ocr_line' id='line_1_86' title="bbox 2181 4011 3750 4085; baseline 0.003 -20"><span class='ocrx_word' id='word_1_592' title='bbox 2181 4011 2381 4065; x_wconf 84' lang='grc' dir='ltr'>ὑπνοῦν</span> <span class='ocrx_word' id='word_1_593' title='bbox 2409 4011 2499 4064; x_wconf 86' lang='grc' dir='ltr'>τὸν</span> <span class='ocrx_word' id='word_1_594' title='bbox 2531 4011 2870 4083; x_wconf 86' lang='grc' dir='ltr'>ἀνθρώπινον</span> <span class='ocrx_word' id='word_1_595' title='bbox 2895 4013 3124 4067; x_wconf 84' lang='grc' dir='ltr'>θάνατον</span> <span class='ocrx_word' id='word_1_596' title='bbox 3148 4012 3207 4066; x_wconf 80' lang='grc' dir='ltr'>ὲν</span> <span class='ocrx_word' id='word_1_597' title='bbox 3232 4012 3312 4084; x_wconf 85' lang='grc' dir='ltr'>τῷ</span> <span class='ocrx_word' id='word_1_598' title='bbox 3338 4014 3581 4085; x_wconf 81' lang='grc' dir='ltr'>σταυρῷ,</span> <span class='ocrx_word' id='word_1_599' title='bbox 3608 4016 3750 4078; x_wconf 77' lang='grc' dir='ltr'>ὅπως</span> 
     </span>
    </p>
   </div>
   <div class='ocr_carea' id='block_1_87' title="bbox 2183 4104 3750 4178">
    <p class='ocr_par' dir='ltr' id='par_1_87' title="bbox 2183 4104 3750 4178">
     <span class='ocr_line' id='line_1_87' title="bbox 2183 4104 3750 4178; baseline 0.001 -19"><span class='ocrx_word' id='word_1_600' title='bbox 2183 4108 2247 4159; x_wconf 84' lang='grc' dir='ltr'>ὲκ</span> <span class='ocrx_word' id='word_1_601' title='bbox 2276 4106 2378 4176; x_wconf 89' lang='grc' dir='ltr'><strong>τῆς</strong></span> <span class='ocrx_word' id='word_1_602' title='bbox 2412 4105 2573 4174; x_wconf 87' lang='grc' dir='ltr'>ἁγίας</span> <span class='ocrx_word' id='word_1_603' title='bbox 2610 4106 2775 4159; x_wconf 79' lang='grc' dir='ltr'>αὐτοῦ</span> <span class='ocrx_word' id='word_1_604' title='bbox 2820 4104 3063 4176; x_wconf 76' lang='grc' dir='ltr'>πλευρᾶς</span> <span class='ocrx_word' id='word_1_605' title='bbox 3112 4105 3280 4177; x_wconf 80' lang='grc' dir='ltr'>λόγχῃ</span> <span class='ocrx_word' id='word_1_606' title='bbox 3329 4107 3607 4178; x_wconf 86' lang='grc' dir='ltr'>νυγείσης,</span> <span class='ocrx_word' id='word_1_607' title='bbox 3660 4109 3750 4162; x_wconf 83' lang='grc' dir='ltr'>καὶ</span> 
     </span>
    </p>
   </div>
   <div class='ocr_carea' id='block_1_88' title="bbox 2185 4190 3747 4271">
    <p class='ocr_par' dir='ltr' id='par_1_88' title="bbox 2185 4190 3747 4271">
     <span class='ocr_line' id='line_1_88' title="bbox 2185 4190 3747 4271; baseline 0.001 -20"><span class='ocrx_word' id='word_1_608' title='bbox 2185 4198 2455 4270; x_wconf 77' lang='grc' dir='ltr'>ρευσάσης</span> <span class='ocrx_word' id='word_1_609' title='bbox 2476 4190 2616 4268; x_wconf 76' lang='grc' dir='ltr'>αἷμα</span> <span class='ocrx_word' id='word_1_610' title='bbox 2666 4198 2760 4251; x_wconf 77' lang='grc' dir='ltr'>καὶ</span> <span class='ocrx_word' id='word_1_611' title='bbox 2790 4196 2934 4269; x_wconf 80' lang='grc' dir='ltr'>ὕδωρ</span> <span class='ocrx_word' id='word_1_612' title='bbox 2955 4197 3284 4269; x_wconf 80' lang='grc' dir='ltr'>οἱκοδομηθῇ</span> <span class='ocrx_word' id='word_1_613' title='bbox 3304 4200 3338 4270; x_wconf 75' lang='grc' dir='ltr'>ἡ</span> <span class='ocrx_word' id='word_1_614' title='bbox 3375 4200 3540 4269; x_wconf 81' lang='grc' dir='ltr'>νοητὴ</span> <span class='ocrx_word' id='word_1_615' title='bbox 3571 4200 3747 4271; x_wconf 80' lang='grc' dir='ltr'>νύμφη</span> 
     </span>
    </p>
   </div>
   <div class='ocr_carea' id='block_1_89' title="bbox 2182 4288 3746 4362">
    <p class='ocr_par' dir='ltr' id='par_1_89' title="bbox 2182 4288 3746 4362">
     <span class='ocr_line' id='line_1_89' title="bbox 2182 4288 3746 4362; baseline 0.001 -18"><span class='ocrx_word' id='word_1_616' title='bbox 2182 4288 2370 4354; x_wconf 79' lang='grc' dir='ltr'>αὑτοῦ,</span> <span class='ocrx_word' id='word_1_617' title='bbox 2405 4289 2683 4343; x_wconf 82' lang='grc' dir='ltr'>τουτέστιν</span> <span class='ocrx_word' id='word_1_618' title='bbox 2713 4291 2746 4360; x_wconf 81' lang='grc' dir='ltr'><strong>ἡ</strong></span> <span class='ocrx_word' id='word_1_619' title='bbox 2786 4289 3050 4361; x_wconf 81' lang='grc' dir='ltr'>καθολικὴ</span> <span class='ocrx_word' id='word_1_620' title='bbox 3084 4291 3401 4362; x_wconf 85' lang='grc' dir='ltr'>Ἐκκλησία.</span> <span class='ocrx_word' id='word_1_621' title='bbox 3456 4291 3532 4345; x_wconf 85' lang='lat' dir='ltr'><strong>Tb</strong></span> <span class='ocrx_word' id='word_1_622' title='bbox 3572 4293 3628 4346; x_wconf 79' lang='grc' dir='ltr'>δὲ</span> <span class='ocrx_word' id='word_1_623' title='bbox 3665 4294 3746 4346; x_wconf 76' lang='grc' dir='ltr'><strong>λέο</strong></span> 
     </span>
    </p>
   </div>
   <div class='ocr_carea' id='block_1_90' title="bbox 503 4379 2075 4456">
    <p class='ocr_par' dir='ltr' id='par_1_90' title="bbox 503 4379 2075 4454">
     <span class='ocr_line' id='line_1_90' title="bbox 503 4379 2075 4454; baseline 0.006 -21"><span class='ocrx_word' id='word_1_624' title='bbox 503 4394 715 4448; x_wconf 82' lang='lat' dir='ltr'><strong>sponsa</strong></span> <span class='ocrx_word' id='word_1_625' title='bbox 758 4380 929 4445; x_wconf 88' lang='lat' dir='ltr'><strong>illius,</strong></span> <span class='ocrx_word' id='word_1_626' title='bbox 961 4379 1233 4434; x_wconf 84' lang='lat' dir='ltr'><strong>catholica</strong></span> <span class='ocrx_word' id='word_1_627' title='bbox 1290 4381 1563 4438; x_wconf 83' lang='lat' dir='ltr'><strong>Ecclesia.</strong></span> <span class='ocrx_word' id='word_1_628' title='bbox 1594 4384 1752 4451; x_wconf 87' lang='lat' dir='ltr'><strong>Quod</strong></span> <span class='ocrx_word' id='word_1_629' title='bbox 1806 4400 1939 4440; x_wconf 91' lang='lat' dir='ltr'><strong>vero</strong></span> <span class='ocrx_word' id='word_1_630' title='bbox 1970 4386 2075 4454; x_wconf 81' lang='lat' dir='ltr'><strong>ais,</strong></span> 
     </span>
    </p>
   </div>
   <div class='ocr_carea' id='block_1_91' title="bbox 2183 4379 3747 4456">
    <p class='ocr_par' dir='ltr' id='par_1_91' title="bbox 2185 4382 3747 4456">
     <span class='ocr_line' id='line_1_91' title="bbox 2185 4382 3747 4456; baseline 0.001 -19"><span class='ocrx_word' id='word_1_631' title='bbox 2185 4400 2302 4452; x_wconf 88' lang='grc' dir='ltr'>γειν</span> <span class='ocrx_word' id='word_1_632' title='bbox 2333 4399 2415 4444; x_wconf 88' lang='grc' dir='ltr'><strong>σε,</strong></span> <span class='ocrx_word' id='word_1_633' title='bbox 2454 4383 2537 4436; x_wconf 86' lang='grc' dir='ltr'>ὃτι</span> <span class='ocrx_word' id='word_1_634' title='bbox 2570 4382 2677 4455; x_wconf 82' lang='grc' dir='ltr'>χρὴ</span> <span class='ocrx_word' id='word_1_635' title='bbox 2708 4382 3027 4453; x_wconf 82' lang='grc' dir='ltr'>κοιμᾶσθαι,</span> <span class='ocrx_word' id='word_1_636' title='bbox 3067 4382 3259 4455; x_wconf 74' lang='grc' dir='ltr'>ἐπειδὴ</span> <span class='ocrx_word' id='word_1_637' title='bbox 3305 4383 3493 4456; x_wconf 84' lang='grc' dir='ltr'>ὥσπερ</span> <span class='ocrx_word' id='word_1_638' title='bbox 3536 4386 3747 4455; x_wconf 81' lang='grc' dir='ltr'>νομοθε-</span> 
     </span>
    </p>
   </div>
   <div class='ocr_carea' id='block_1_92' title="bbox 505 4471 2085 4545">
    <p class='ocr_par' dir='ltr' id='par_1_92' title="bbox 505 4471 2085 4545">
     <span class='ocr_line' id='line_1_92' title="bbox 505 4471 2085 4545; baseline 0.005 -18"><span class='ocrx_word' id='word_1_639' title='bbox 505 4471 894 4527; x_wconf 91' lang='lat' dir='ltr'><strong>dormiendum</strong></span> <span class='ocrx_word' id='word_1_640' title='bbox 926 4487 1073 4537; x_wconf 90' lang='lat' dir='ltr'><strong>esse,</strong></span> <span class='ocrx_word' id='word_1_641' title='bbox 1106 4472 1268 4543; x_wconf 89' lang='lat' dir='ltr'><strong>quasi</strong></span> <span class='ocrx_word' id='word_1_642' title='bbox 1304 4473 1473 4528; x_wconf 90' lang='lat' dir='ltr'><strong>veluti</strong></span> <span class='ocrx_word' id='word_1_643' title='bbox 1514 4474 1632 4545; x_wconf 87' lang='lat' dir='ltr'><strong>lege</strong></span> <span class='ocrx_word' id='word_1_644' title='bbox 1661 4477 1934 4545; x_wconf 84' lang='lat' dir='ltr'><strong>quadam,</strong></span> <span class='ocrx_word' id='word_1_645' title='bbox 1985 4479 2085 4535; x_wconf 90' lang='lat' dir='ltr'><strong>tibi</strong></span> 
     </span>
    </p>
   </div>
   <div class='ocr_carea' id='block_1_93' title="bbox 505 4567 2083 4639">
    <p class='ocr_par' dir='ltr' id='par_1_93' title="bbox 505 4567 2083 4639">
     <span class='ocr_line' id='line_1_93' title="bbox 505 4567 2083 4639; baseline 0.004 -16"><span class='ocrx_word' id='word_1_646' title='bbox 505 4567 796 4639; x_wconf 85' lang='lat' dir='ltr'><strong>segnitiem</strong></span> <span class='ocrx_word' id='word_1_647' title='bbox 841 4576 895 4623; x_wconf 91' lang='lat' dir='ltr'><strong>et</strong></span> <span class='ocrx_word' id='word_1_648' title='bbox 953 4569 1267 4624; x_wconf 86' lang='lat' dir='ltr'><strong>socordiam</strong></span> <span class='ocrx_word' id='word_1_649' title='bbox 1315 4567 1571 4625; x_wconf 90' lang='lat' dir='ltr'><strong>sanciens</strong></span> <span class='ocrx_word' id='word_1_650' title='bbox 1636 4571 1783 4626; x_wconf 90' lang='lat' dir='ltr'><strong>Deus</strong></span> <span class='ocrx_word' id='word_1_651' title='bbox 1830 4588 2083 4629; x_wconf 84' lang='lat' dir='ltr'><strong>somnum</strong></span> 
     </span>
    </p>
   </div>
   <div class='ocr_carea' id='block_1_94' title="bbox 506 4656 2085 4733">
    <p class='ocr_par' dir='ltr' id='par_1_94' title="bbox 506 4656 2085 4733">
     <span class='ocr_line' id='line_1_94' title="bbox 506 4656 2085 4733; baseline 0.004 -21"><span class='ocrx_word' id='word_1_652' title='bbox 506 4656 826 4723; x_wconf 87' lang='lat' dir='ltr'><strong>immiserit,</strong></span> <span class='ocrx_word' id='word_1_653' title='bbox 857 4656 1098 4712; x_wconf 78' lang='lat' dir='ltr'><strong>maxime</strong></span> <span class='ocrx_word' id='word_1_654' title='bbox 1130 4658 1435 4714; x_wconf 89' lang='lat' dir='ltr'><strong>belluinum</strong></span> <span class='ocrx_word' id='word_1_655' title='bbox 1471 4659 1655 4727; x_wconf 81' lang='lat' dir='ltr'><strong>fuerit,</strong></span> <span class='ocrx_word' id='word_1_656' title='bbox 1692 4676 1792 4716; x_wconf 87' lang='lat' dir='ltr'><strong>nec</strong></span> <span class='ocrx_word' id='word_1_657' title='bbox 1822 4661 2085 4733; x_wconf 91' lang='lat' dir='ltr'><strong>hominis,</strong></span> 
     </span>
    </p>
   </div>
   <div class='ocr_carea' id='block_1_95' title="bbox 506 4748 2086 4821">
    <p class='ocr_par' dir='ltr' id='par_1_95' title="bbox 506 4748 2086 4821">
     <span class='ocr_line' id='line_1_95' title="bbox 506 4748 2086 4821; baseline 0.004 -18"><span class='ocrx_word' id='word_1_658' title='bbox 506 4748 601 4821; x_wconf 86' lang='lat' dir='ltr'><strong>qui</strong></span> <span class='ocrx_word' id='word_1_659' title='bbox 630 4749 951 4810; x_wconf 84' lang='lat' dir='ltr'><strong>humanum.</strong></span> <span class='ocrx_word' id='word_1_660' title='bbox 991 4756 1049 4803; x_wconf 89' lang='lat' dir='ltr'><strong>et</strong></span> <span class='ocrx_word' id='word_1_661' title='bbox 1078 4749 1313 4806; x_wconf 88' lang='lat' dir='ltr'><strong>rationis</strong></span> <span class='ocrx_word' id='word_1_662' title='bbox 1346 4761 1659 4821; x_wconf 87' lang='lat' dir='ltr'><strong>compotem</strong></span> <span class='ocrx_word' id='word_1_663' title='bbox 1701 4753 1948 4809; x_wconf 92' lang='lat' dir='ltr'><strong>animum</strong></span> <span class='ocrx_word' id='word_1_664' title='bbox 1978 4754 2086 4811; x_wconf 89' lang='lat' dir='ltr'><strong>sibi</strong></span> 
     </span>
    </p>
   </div>
   <div class='ocr_carea' id='block_1_96' title="bbox 506 4841 2086 4913">
    <p class='ocr_par' dir='ltr' id='par_1_96' title="bbox 506 4841 2086 4913">
     <span class='ocr_line' id='line_1_96' title="bbox 506 4841 2086 4913; baseline 0.004 -16"><span class='ocrx_word' id='word_1_665' title='bbox 506 4841 881 4897; x_wconf 82' lang='lat' dir='ltr'><strong>concreditum</strong></span> <span class='ocrx_word' id='word_1_666' title='bbox 914 4841 1100 4898; x_wconf 86' lang='lat' dir='ltr'><strong>habet.</strong></span> <span class='ocrx_word' id='word_1_667' title='bbox 1121 4843 1191 4897; x_wconf 79' lang='lat' dir='ltr'><strong>At</strong></span> <span class='ocrx_word' id='word_1_668' title='bbox 1218 4841 1351 4913; x_wconf 93' lang='lat' dir='ltr'><strong>quid</strong></span> <span class='ocrx_word' id='word_1_669' title='bbox 1378 4843 1475 4898; x_wconf 89' lang='lat' dir='ltr'><strong>tibi</strong></span> <span class='ocrx_word' id='word_1_670' title='bbox 1502 4844 1644 4898; x_wconf 90' lang='lat' dir='ltr'><strong>ultra</strong></span> <span class='ocrx_word' id='word_1_671' title='bbox 1671 4843 1930 4911; x_wconf 81' lang='lat' dir='ltr'><strong>defuerit,</strong></span> <span class='ocrx_word' id='word_1_672' title='bbox 1961 4861 2086 4902; x_wconf 86' lang='lat' dir='ltr'><strong>cum</strong></span> 
     </span>
    </p>
   </div>
   <div class='ocr_carea' id='block_1_97' title="bbox 504 4933 2083 5009">
    <p class='ocr_par' dir='ltr' id='par_1_97' title="bbox 504 4933 2083 5009">
     <span class='ocr_line' id='line_1_97' title="bbox 504 4933 2083 5009; baseline 0.004 -20"><span class='ocrx_word' id='word_1_673' title='bbox 504 4933 616 5003; x_wconf 79' lang='lat' dir='ltr'><strong>iam</strong></span> <span class='ocrx_word' id='word_1_674' title='bbox 650 4933 971 4998; x_wconf 90' lang='lat' dir='ltr'><strong>belluinum,</strong></span> <span class='ocrx_word' id='word_1_675' title='bbox 995 4942 1049 4989; x_wconf 89' lang='lat' dir='ltr'><strong>et</strong></span> <span class='ocrx_word' id='word_1_676' title='bbox 1069 4934 1294 4989; x_wconf 88' lang='lat' dir='ltr'><strong>omnino</strong></span> <span class='ocrx_word' id='word_1_677' title='bbox 1328 4934 1799 4992; x_wconf 82' lang='lat' dir='ltr'><strong>inconsideratum</strong></span> <span class='ocrx_word' id='word_1_678' title='bbox 1826 4941 2083 5009; x_wconf 88' lang='lat' dir='ltr'><strong>proposi-</strong></span> 
     </span>
    </p>
   </div>
   <div class='ocr_carea' id='block_1_98' title="bbox 508 5025 2086 5096">
    <p class='ocr_par' dir='ltr' id='par_1_98' title="bbox 508 5025 2086 5096">
     <span class='ocr_line' id='line_1_98' title="bbox 508 5025 2086 5096; baseline 0.005 -16"><span class='ocrx_word' id='word_1_679' title='bbox 508 5037 624 5080; x_wconf 90' lang='lat' dir='ltr'><strong>tum</strong></span> <span class='ocrx_word' id='word_1_680' title='bbox 644 5025 1042 5096; x_wconf 89' lang='lat' dir='ltr'><strong>babeas,quam</strong></span> <span class='ocrx_word' id='word_1_681' title='bbox 1060 5027 1245 5081; x_wconf 89' lang='lat' dir='ltr'><strong>ovium</strong></span> <span class='ocrx_word' id='word_1_682' title='bbox 1269 5026 1323 5080; x_wconf 91' lang='lat' dir='ltr'><strong>in</strong></span> <span class='ocrx_word' id='word_1_683' title='bbox 1342 5028 1483 5083; x_wconf 86' lang='lat' dir='ltr'><strong>lecto</strong></span> <span class='ocrx_word' id='word_1_684' title='bbox 1498 5028 1849 5083; x_wconf 89' lang='lat' dir='ltr'><strong>decumbenti</strong></span> <span class='ocrx_word' id='word_1_685' title='bbox 1872 5031 2086 5088; x_wconf 86' lang='lat' dir='ltr'><strong>balatus</strong></span> 
     </span>
    </p>
   </div>
   <div class='ocr_carea' id='block_1_99' title="bbox 509 5115 2083 5189">
    <p class='ocr_par' dir='ltr' id='par_1_99' title="bbox 509 5115 2083 5189">
     <span class='ocr_line' id='line_1_99' title="bbox 509 5115 2083 5189; baseline 0.006 -20"><span class='ocrx_word' id='word_1_686' title='bbox 509 5117 593 5171; x_wconf 86' lang='lat' dir='ltr'><strong>vel</strong></span> <span class='ocrx_word' id='word_1_687' title='bbox 617 5115 780 5171; x_wconf 89' lang='lat' dir='ltr'><strong>boum</strong></span> <span class='ocrx_word' id='word_1_688' title='bbox 816 5122 1078 5188; x_wconf 87' lang='lat' dir='ltr'><strong>mugitus,</strong></span> <span class='ocrx_word' id='word_1_689' title='bbox 1099 5121 1183 5174; x_wconf 87' lang='lat' dir='ltr'><strong>vel</strong></span> <span class='ocrx_word' id='word_1_690' title='bbox 1206 5120 1488 5175; x_wconf 89' lang='lat' dir='ltr'><strong>asinorum</strong></span> <span class='ocrx_word' id='word_1_691' title='bbox 1517 5136 1668 5176; x_wconf 84' lang='lat' dir='ltr'><strong>more</strong></span> <span class='ocrx_word' id='word_1_692' title='bbox 1691 5121 1925 5189; x_wconf 87' lang='lat' dir='ltr'><strong>rudere;</strong></span> <span class='ocrx_word' id='word_1_693' title='bbox 1958 5139 2083 5179; x_wconf 88' lang='lat' dir='ltr'><strong>cum</strong></span> 
     </span>
    </p>
   </div>
   <div class='ocr_carea' id='block_1_100' title="bbox 509 5207 2081 5274">
    <p class='ocr_par' dir='ltr' id='par_1_100' title="bbox 509 5207 2081 5274">
     <span class='ocr_line' id='line_1_100' title="bbox 509 5207 2081 5274; baseline 0.006 -12"><span class='ocrx_word' id='word_1_694' title='bbox 509 5207 603 5262; x_wconf 76' lang='lat' dir='ltr'><strong>alii</strong></span> <span class='ocrx_word' id='word_1_695' title='bbox 636 5208 903 5272; x_wconf 85' lang='lat' dir='ltr'><strong>homines,</strong></span> <span class='ocrx_word' id='word_1_696' title='bbox 939 5217 1001 5263; x_wconf 93' lang='lat' dir='ltr'><strong>ut</strong></span> <span class='ocrx_word' id='word_1_697' title='bbox 1048 5218 1108 5265; x_wconf 92' lang='lat' dir='ltr'><strong>tu</strong></span> <span class='ocrx_word' id='word_1_698' title='bbox 1139 5211 1364 5274; x_wconf 82' lang='lat' dir='ltr'><strong>dixisti.</strong></span> <span class='ocrx_word' id='word_1_699' title='bbox 1400 5210 1466 5265; x_wconf 88' lang='lat' dir='ltr'><strong>ad</strong></span> <span class='ocrx_word' id='word_1_700' title='bbox 1524 5213 1858 5270; x_wconf 89' lang='lat' dir='ltr'><strong>laudandum</strong></span> <span class='ocrx_word' id='word_1_701' title='bbox 1913 5215 2081 5271; x_wconf 87' lang='lat' dir='ltr'><strong>Deum</strong></span> 
     </span>
    </p>
   </div>
   <div class='ocr_carea' id='block_1_101' title="bbox 515 5298 2081 5378">
    <p class='ocr_par' dir='ltr' id='par_1_101' title="bbox 515 5298 2081 5378">
     <span class='ocr_line' id='line_1_101' title="bbox 515 5298 2081 5378; baseline 0.008 -27"><span class='ocrx_word' id='word_1_702' title='bbox 515 5298 808 5369; x_wconf 88' lang='lat' dir='ltr'><strong>vigilantes</strong></span> <span class='ocrx_word' id='word_1_703' title='bbox 834 5300 1081 5369; x_wconf 89' lang='lat' dir='ltr'><strong>impense</strong></span> <span class='ocrx_word' id='word_1_704' title='bbox 1110 5301 1364 5357; x_wconf 75' lang='lat' dir='ltr'><strong>feruntur</strong></span> <span class='ocrx_word' id='word_1_705' title='bbox 1385 5342 1401 5365; x_wconf 94' lang='lat'><strong>,</strong></span> <span class='ocrx_word' id='word_1_706' title='bbox 1438 5311 1494 5358; x_wconf 91' lang='lat' dir='ltr'><strong>et</strong></span> <span class='ocrx_word' id='word_1_707' title='bbox 1528 5309 1704 5360; x_wconf 90' lang='lat' dir='ltr'><strong>somni</strong></span> <span class='ocrx_word' id='word_1_708' title='bbox 1733 5308 2081 5378; x_wconf 79' lang='lat' dir='ltr'><strong>tyrannidem</strong></span> 
     </span>
    </p>
   </div>
   <div class='ocr_carea' id='block_1_102' title="bbox 510 5392 2082 5469">
    <p class='ocr_par' dir='ltr' id='par_1_102' title="bbox 510 5392 2082 5469">
     <span class='ocr_line' id='line_1_102' title="bbox 510 5392 2082 5469; baseline 0.005 -22"><span class='ocrx_word' id='word_1_709' title='bbox 510 5392 857 5460; x_wconf 84' lang='lat' dir='ltr'><strong>reprimunt,</strong></span> <span class='ocrx_word' id='word_1_710' title='bbox 916 5402 1083 5464; x_wconf 87' lang='lat' dir='ltr'><strong>atque</strong></span> <span class='ocrx_word' id='word_1_711' title='bbox 1134 5397 1465 5450; x_wconf 76' lang='lat' dir='ltr'><strong>excutiunt?</strong></span> <span class='ocrx_word' id='word_1_712' title='bbox 1513 5396 1579 5451; x_wconf 87' lang='lat' dir='ltr'><strong>Et</strong></span> <span class='ocrx_word' id='word_1_713' title='bbox 1623 5409 1937 5469; x_wconf 89' lang='lat' dir='ltr'><strong>promptum</strong></span> <span class='ocrx_word' id='word_1_714' title='bbox 1984 5400 2082 5456; x_wconf 88' lang='lat' dir='ltr'><strong>tibi</strong></span> 
     </span>
    </p>
   </div>
   <div class='ocr_carea' id='block_1_103' title="bbox 514 5483 2084 5563">
    <p class='ocr_par' dir='ltr' id='par_1_103' title="bbox 514 5483 2084 5563">
     <span class='ocr_line' id='line_1_103' title="bbox 514 5483 2084 5563; baseline 0.006 -25"><span class='ocrx_word' id='word_1_715' title='bbox 514 5483 710 5547; x_wconf 73' lang='lat' dir='ltr'><strong>fuerit,</strong></span> <span class='ocrx_word' id='word_1_716' title='bbox 744 5500 867 5539; x_wconf 90' lang='lat' dir='ltr'><strong>cum</strong></span> <span class='ocrx_word' id='word_1_717' title='bbox 901 5484 1238 5543; x_wconf 82' lang='lat' dir='ltr'><strong>intellectum</strong></span> <span class='ocrx_word' id='word_1_718' title='bbox 1276 5488 1485 5558; x_wconf 86' lang='lat' dir='ltr'><strong>absque</strong></span> <span class='ocrx_word' id='word_1_719' title='bbox 1522 5490 1880 5562; x_wconf 90' lang='lat' dir='ltr'><strong>intelligentia</strong></span> <span class='ocrx_word' id='word_1_720' title='bbox 1911 5492 2084 5563; x_wconf 87' lang='lat' dir='ltr'><strong>possi-</strong></span> 
     </span>
    </p>
   </div>
   <div class='ocr_carea' id='block_1_104' title="bbox 2187 4472 3746 4543">
    <p class='ocr_par' dir='ltr' id='par_1_104' title="bbox 2187 4472 3746 4543">
     <span class='ocr_line' id='line_1_104' title="bbox 2187 4472 3746 4543; baseline 0.003 -18"><span class='ocrx_word' id='word_1_721' title='bbox 2187 4474 2308 4526; x_wconf 85' lang='grc' dir='ltr'>σίαν</span> <span class='ocrx_word' id='word_1_722' title='bbox 2356 4488 2437 4525; x_wconf 93' lang='grc' dir='ltr'>σοι</span> <span class='ocrx_word' id='word_1_723' title='bbox 2494 4472 2632 4543; x_wconf 83' lang='grc' dir='ltr'>πρὸς</span> <span class='ocrx_word' id='word_1_724' title='bbox 2686 4472 2936 4536; x_wconf 86' lang='grc' dir='ltr'>νωθείαν,</span> <span class='ocrx_word' id='word_1_725' title='bbox 2987 4475 3081 4526; x_wconf 72' lang='grc' dir='ltr'>καὶ</span> <span class='ocrx_word' id='word_1_726' title='bbox 3126 4474 3444 4543; x_wconf 81' lang='grc' dir='ltr'>χαύνωσινό</span> <span class='ocrx_word' id='word_1_727' title='bbox 3479 4475 3610 4540; x_wconf 83' lang='grc' dir='ltr'><strong>Θεὸς</strong></span> <span class='ocrx_word' id='word_1_728' title='bbox 3660 4476 3746 4531; x_wconf 73' lang='grc' dir='ltr'>τὸν</span> 
     </span>
    </p>
   </div>
   <div class='ocr_carea' id='block_1_105' title="bbox 2185 4565 3747 4638">
    <p class='ocr_par' dir='ltr' id='par_1_105' title="bbox 2185 4565 3747 4638">
     <span class='ocr_line' id='line_1_105' title="bbox 2185 4565 3747 4638; baseline 0.003 -19"><span class='ocrx_word' id='word_1_729' title='bbox 2185 4565 2352 4619; x_wconf 81' lang='grc' dir='ltr'>ὕπνον</span> <span class='ocrx_word' id='word_1_730' title='bbox 2381 4566 2645 4620; x_wconf 77' lang='grc' dir='ltr'>ἐπέϐαλεν</span> <span class='ocrx_word' id='word_1_731' title='bbox 2674 4567 2948 4637; x_wconf 87' lang='grc' dir='ltr'>κτηνῶδες</span> <span class='ocrx_word' id='word_1_732' title='bbox 2971 4567 3087 4620; x_wconf 81' lang='grc' dir='ltr'>λίαν</span> <span class='ocrx_word' id='word_1_733' title='bbox 3114 4567 3374 4638; x_wconf 83' lang='grc' dir='ltr'>ὑπάρχει,</span> <span class='ocrx_word' id='word_1_734' title='bbox 3401 4569 3616 4623; x_wconf 69' lang='grc' dir='ltr'>καὶούκ</span> <span class='ocrx_word' id='word_1_735' title='bbox 3660 4571 3747 4623; x_wconf 86' lang='grc' dir='ltr'>ἀν-</span> 
     </span>
    </p>
   </div>
   <div class='ocr_carea' id='block_1_106' title="bbox 2184 4657 3745 4731">
    <p class='ocr_par' dir='ltr' id='par_1_106' title="bbox 2184 4657 3745 4731">
     <span class='ocr_line' id='line_1_106' title="bbox 2184 4657 3745 4731; baseline 0.003 -19"><span class='ocrx_word' id='word_1_736' title='bbox 2184 4657 2482 4731; x_wconf 86' lang='grc' dir='ltr'>θρωπείαν,</span> <span class='ocrx_word' id='word_1_737' title='bbox 2512 4657 2608 4712; x_wconf 71' lang='grc' dir='ltr'>καὶ</span> <span class='ocrx_word' id='word_1_738' title='bbox 2649 4657 2872 4729; x_wconf 82' lang='grc' dir='ltr'>λογικὴν</span> <span class='ocrx_word' id='word_1_739' title='bbox 2909 4659 3346 4731; x_wconf 83' lang='grc' dir='ltr'>πεπιστευμένου</span> <span class='ocrx_word' id='word_1_740' title='bbox 3391 4658 3592 4731; x_wconf 82' lang='grc' dir='ltr'>ψυχήν.</span> <span class='ocrx_word' id='word_1_741' title='bbox 3644 4662 3745 4716; x_wconf 73' lang='grc' dir='ltr'><strong>Καὶ</strong></span> 
     </span>
    </p>
   </div>
   <div class='ocr_carea' id='block_1_107' title="bbox 2182 4749 3743 4824">
    <p class='ocr_par' dir='ltr' id='par_1_107' title="bbox 2182 4749 3743 4824">
     <span class='ocr_line' id='line_1_107' title="bbox 2182 4749 3743 4824; baseline 0.001 -20"><span class='ocrx_word' id='word_1_742' title='bbox 2182 4751 2235 4805; x_wconf 91' lang='grc' dir='ltr'><strong>τί</strong></span> <span class='ocrx_word' id='word_1_743' title='bbox 2263 4750 2448 4805; x_wconf 85' lang='grc' dir='ltr'>λοιπὸν</span> <span class='ocrx_word' id='word_1_744' title='bbox 2482 4749 2546 4803; x_wconf 81' lang='grc' dir='ltr'>τὸ</span> <span class='ocrx_word' id='word_1_745' title='bbox 2568 4749 2752 4804; x_wconf 78' lang='grc' dir='ltr'>λείπόν</span> <span class='ocrx_word' id='word_1_746' title='bbox 2783 4768 2888 4818; x_wconf 77' lang='grc' dir='ltr'>σοι,</span> <span class='ocrx_word' id='word_1_747' title='bbox 2911 4751 3179 4823; x_wconf 84' lang='grc' dir='ltr'>κτηνώδη,</span> <span class='ocrx_word' id='word_1_748' title='bbox 3215 4752 3309 4806; x_wconf 75' lang='grc' dir='ltr'>καὶ</span> <span class='ocrx_word' id='word_1_749' title='bbox 3335 4751 3619 4820; x_wconf 88' lang='grc' dir='ltr'>ἀλόγιστον</span> <span class='ocrx_word' id='word_1_750' title='bbox 3652 4756 3743 4824; x_wconf 77' lang='grc' dir='ltr'>τὴν</span> 
     </span>
    </p>
   </div>
   <div class='ocr_carea' id='block_1_108' title="bbox 2183 4842 3744 4916">
    <p class='ocr_par' dir='ltr' id='par_1_108' title="bbox 2183 4842 3744 4916">
     <span class='ocr_line' id='line_1_108' title="bbox 2183 4842 3744 4916; baseline 0.001 -19"><span class='ocrx_word' id='word_1_751' title='bbox 2183 4842 2440 4915; x_wconf 85' lang='grc' dir='ltr'>πρόθεσιν</span> <span class='ocrx_word' id='word_1_752' title='bbox 2467 4842 2663 4914; x_wconf 79' lang='grc' dir='ltr'>ἔχοντι.</span> <span class='ocrx_word' id='word_1_753' title='bbox 2691 4845 2724 4915; x_wconf 86' lang='grc' dir='ltr'>ἢ</span> <span class='ocrx_word' id='word_1_754' title='bbox 2752 4842 3052 4915; x_wconf 83' lang='grc' dir='ltr'>βληχᾶσθαι</span> <span class='ocrx_word' id='word_1_755' title='bbox 3098 4845 3335 4916; x_wconf 83' lang='grc' dir='ltr'>κειμένῳ</span> <span class='ocrx_word' id='word_1_756' title='bbox 3383 4844 3478 4897; x_wconf 75' lang='grc' dir='ltr'><strong>ἐπὶ</strong></span> <span class='ocrx_word' id='word_1_757' title='bbox 3519 4846 3615 4916; x_wconf 89' lang='grc' dir='ltr'><strong>τῆς</strong></span> <span class='ocrx_word' id='word_1_758' title='bbox 3641 4848 3744 4899; x_wconf 69' lang='grc' dir='ltr'>κοί·-</span> 
     </span>
    </p>
   </div>
   <div class='ocr_carea' id='block_1_109' title="bbox 2182 4934 3743 5009">
    <p class='ocr_par' dir='ltr' id='par_1_109' title="bbox 2182 4934 3743 5009">
     <span class='ocr_line' id='line_1_109' title="bbox 2182 4934 3743 5009; baseline 0.002 -20"><span class='ocrx_word' id='word_1_759' title='bbox 2182 4952 2303 5007; x_wconf 85' lang='grc' dir='ltr'>της,</span> <span class='ocrx_word' id='word_1_760' title='bbox 2334 4935 2368 5008; x_wconf 80' lang='grc' dir='ltr'><strong>ἢ</strong></span> <span class='ocrx_word' id='word_1_761' title='bbox 2403 4934 2681 5007; x_wconf 84' lang='grc' dir='ltr'>μυκηθμῷ</span> <span class='ocrx_word' id='word_1_762' title='bbox 2705 4936 3033 5008; x_wconf 86' lang='grc' dir='ltr'>κεχρῆσθαι,</span> <span class='ocrx_word' id='word_1_763' title='bbox 3071 4938 3103 5009; x_wconf 78' lang='grc' dir='ltr'>ἢ</span> <span class='ocrx_word' id='word_1_764' title='bbox 3137 4937 3426 5008; x_wconf 80' lang='grc' dir='ltr'>όγκηθμῷ,</span> <span class='ocrx_word' id='word_1_765' title='bbox 3463 4937 3633 4991; x_wconf 79' lang='grc' dir='ltr'>ἀλλων</span> <span class='ocrx_word' id='word_1_766' title='bbox 3658 4941 3743 4993; x_wconf 83' lang='grc' dir='ltr'>ἀν-</span> 
     </span>
    </p>
   </div>
   <div class='ocr_carea' id='block_1_110' title="bbox 2184 5028 3815 5101">
    <p class='ocr_par' dir='ltr' id='par_1_110' title="bbox 2184 5028 3815 5101">
     <span class='ocr_line' id='line_1_110' title="bbox 2184 5028 3815 5101; baseline 0.001 -17"><span class='ocrx_word' id='word_1_767' title='bbox 2184 5029 2438 5101; x_wconf 85' lang='grc' dir='ltr'>θρώπων,</span> <span class='ocrx_word' id='word_1_768' title='bbox 2460 5028 2537 5093; x_wconf 85' lang='grc' dir='ltr'><strong>ὡς</strong></span> <span class='ocrx_word' id='word_1_769' title='bbox 2565 5033 2630 5083; x_wconf 77' lang='grc' dir='ltr'><strong>σὺ</strong></span> <span class='ocrx_word' id='word_1_770' title='bbox 2661 5028 2912 5100; x_wconf 83' lang='grc' dir='ltr'>εἴρηκας,</span> <span class='ocrx_word' id='word_1_771' title='bbox 2960 5030 3097 5101; x_wconf 81' lang='grc' dir='ltr'>πρὸς</span> <span class='ocrx_word' id='word_1_772' title='bbox 3144 5031 3420 5101; x_wconf 84' lang='grc' dir='ltr'>ὑμνῳδίαν</span> <span class='ocrx_word' id='word_1_773' title='bbox 3447 5029 3582 5084; x_wconf 78' lang='grc' dir='ltr'><strong>Θεοῦ</strong></span> <span class='ocrx_word' id='word_1_774' title='bbox 3612 5032 3741 5084; x_wconf 82' lang='grc' dir='ltr'><strong>κατά</strong></span> <span class='ocrx_word' id='word_1_775' title='bbox 3814 5082 3815 5085; x_wconf 45' lang='grc' dir='ltr'>η</span> 
     </span>
    </p>
   </div>
   <div class='ocr_carea' id='block_1_111' title="bbox 2180 5122 3738 5194">
    <p class='ocr_par' dir='ltr' id='par_1_111' title="bbox 2180 5122 3738 5194">
     <span class='ocr_line' id='line_1_111' title="bbox 2180 5122 3738 5194; baseline 0 -18"><span class='ocrx_word' id='word_1_776' title='bbox 2180 5125 2281 5187; x_wconf 76' lang='grc' dir='ltr'><strong>τὰς</strong></span> <span class='ocrx_word' id='word_1_777' title='bbox 2304 5122 2609 5194; x_wconf 84' lang='grc' dir='ltr'>ἀγρυπνίας</span> <span class='ocrx_word' id='word_1_778' title='bbox 2630 5123 3069 5193; x_wconf 81' lang='grc' dir='ltr'>γοργευομένων,</span> <span class='ocrx_word' id='word_1_779' title='bbox 3104 5123 3200 5177; x_wconf 75' lang='grc' dir='ltr'><strong>καὶ</strong></span> <span class='ocrx_word' id='word_1_780' title='bbox 3214 5122 3313 5194; x_wconf 83' lang='grc' dir='ltr'><strong>τὴν</strong></span> <span class='ocrx_word' id='word_1_781' title='bbox 3336 5123 3621 5190; x_wconf 83' lang='grc' dir='ltr'>τυραννίδα</span> <span class='ocrx_word' id='word_1_782' title='bbox 3654 5123 3738 5176; x_wconf 77' lang='grc' dir='ltr'><strong>τοῦ</strong></span> 
     </span>
    </p>
   </div>
   <div class='ocr_carea' id='block_1_112' title="bbox 2188 5214 3735 5286">
    <p class='ocr_par' dir='ltr' id='par_1_112' title="bbox 2188 5214 3735 5286">
     <span class='ocr_line' id='line_1_112' title="bbox 2188 5214 3735 5286; baseline 0.001 -17"><span class='ocrx_word' id='word_1_783' title='bbox 2188 5216 2355 5270; x_wconf 77' lang='grc' dir='ltr'>ὕπνου</span> <span class='ocrx_word' id='word_1_784' title='bbox 2386 5215 2965 5269; x_wconf 79' lang='grc' dir='ltr'>καταδυναστευόντων</span> <span class='ocrx_word' id='word_1_785' title='bbox 2990 5232 3073 5280; x_wconf 90' lang='grc' dir='ltr'><strong>τε,</strong></span> <span class='ocrx_word' id='word_1_786' title='bbox 3095 5214 3191 5268; x_wconf 79' lang='grc' dir='ltr'><strong>καὶ</strong></span> <span class='ocrx_word' id='word_1_787' title='bbox 3222 5215 3735 5286; x_wconf 77' lang='grc' dir='ltr'>ὑποτινασσομὲνων.</span> 
     </span>
    </p>
   </div>
   <div class='ocr_carea' id='block_1_113' title="bbox 2188 5306 3735 5378">
    <p class='ocr_par' dir='ltr' id='par_1_113' title="bbox 2188 5306 3735 5378">
     <span class='ocr_line' id='line_1_113' title="bbox 2188 5306 3735 5378; baseline -0.001 -18"><span class='ocrx_word' id='word_1_788' title='bbox 2188 5307 2393 5377; x_wconf 83' lang='grc' dir='ltr'>Καιρὺς</span> <span class='ocrx_word' id='word_1_789' title='bbox 2423 5307 2530 5378; x_wconf 85' lang='grc' dir='ltr'>γάρ</span> <span class='ocrx_word' id='word_1_790' title='bbox 2574 5324 2657 5360; x_wconf 91' lang='grc' dir='ltr'>σοι</span> <span class='ocrx_word' id='word_1_791' title='bbox 2716 5307 2941 5378; x_wconf 81' lang='grc' dir='ltr'>ἀνόητον</span> <span class='ocrx_word' id='word_1_792' title='bbox 2997 5307 3323 5377; x_wconf 79' lang='grc' dir='ltr'>κεκτημένῳ</span> <span class='ocrx_word' id='word_1_793' title='bbox 3360 5306 3461 5377; x_wconf 83' lang='grc' dir='ltr'>τὴν</span> <span class='ocrx_word' id='word_1_794' title='bbox 3508 5307 3735 5377; x_wconf 83' lang='grc' dir='ltr'>γνώμην,</span> 
     </span>
    </p>
   </div>
   <div class='ocr_carea' id='block_1_114' title="bbox 2191 5398 3737 5470">
    <p class='ocr_par' dir='ltr' id='par_1_114' title="bbox 2191 5398 3737 5470">
     <span class='ocr_line' id='line_1_114' title="bbox 2191 5398 3737 5470; baseline 0 -17"><span class='ocrx_word' id='word_1_795' title='bbox 2191 5399 2367 5453; x_wconf 86' lang='grc' dir='ltr'>πάντα</span> <span class='ocrx_word' id='word_1_796' title='bbox 2386 5400 2478 5451; x_wconf 86' lang='grc' dir='ltr'>τὸν</span> <span class='ocrx_word' id='word_1_797' title='bbox 2506 5398 2695 5470; x_wconf 82' lang='grc' dir='ltr'>χρόνον</span> <span class='ocrx_word' id='word_1_798' title='bbox 2723 5400 2822 5469; x_wconf 90' lang='grc' dir='ltr'><strong>τῆς</strong></span> <span class='ocrx_word' id='word_1_799' title='bbox 2842 5400 2986 5470; x_wconf 82' lang='grc' dir='ltr'>ζωῆς</span> <span class='ocrx_word' id='word_1_800' title='bbox 3003 5401 3062 5453; x_wconf 83' lang='grc' dir='ltr'>ὲν</span> <span class='ocrx_word' id='word_1_801' title='bbox 3090 5398 3328 5469; x_wconf 76' lang='grc' dir='ltr'>ὑπνηλίᾳ</span> <span class='ocrx_word' id='word_1_802' title='bbox 3354 5398 3615 5470; x_wconf 83' lang='grc' dir='ltr'>δαπανᾷν,</span> <span class='ocrx_word' id='word_1_803' title='bbox 3651 5399 3737 5453; x_wconf 79' lang='grc' dir='ltr'>καὶ</span> 
     </span>
    </p>
   </div>
   <div class='ocr_carea' id='block_1_115' title="bbox 2194 5489 3731 5563">
    <p class='ocr_par' dir='ltr' id='par_1_115' title="bbox 2194 5489 3731 5563">
     <span class='ocr_line' id='line_1_115' title="bbox 2194 5489 3731 5563; baseline 0.001 -20"><span class='ocrx_word' id='word_1_804' title='bbox 2194 5491 2389 5562; x_wconf 82' lang='grc' dir='ltr'>μηκέτι</span> <span class='ocrx_word' id='word_1_805' title='bbox 2410 5489 2689 5545; x_wconf 85' lang='grc' dir='ltr'>καλεῖσθαι</span> <span class='ocrx_word' id='word_1_806' title='bbox 2703 5490 2986 5563; x_wconf 75' lang='grc' dir='ltr'>ἄνθρωπον</span> <span class='ocrx_word' id='word_1_807' title='bbox 3004 5490 3202 5558; x_wconf 83' lang='grc' dir='ltr'>ζῶντα,</span> <span class='ocrx_word' id='word_1_808' title='bbox 3220 5489 3357 5546; x_wconf 88' lang='grc' dir='ltr'><strong>ἀλλά</strong></span> <span class='ocrx_word' id='word_1_809' title='bbox 3375 5491 3731 5563; x_wconf 79' lang='grc' dir='ltr'>νεκροτάφιον,</span> 
     </span>
    </p>
   </div>
   <div class='ocr_carea' id='block_1_116' title="bbox 594 5657 2566 5734">
    <p class='ocr_par' dir='ltr' id='par_1_116' title="bbox 594 5657 2566 5734">
     <span class='ocr_line' id='line_1_116' title="bbox 594 5657 2566 5734; baseline 0.005 -24"><span class='ocrx_word' id='word_1_810' title='bbox 594 5659 640 5689; x_wconf 85' lang='grc'><strong>²⁰</strong></span> <span class='ocrx_word' id='word_1_811' title='bbox 674 5657 796 5713; x_wconf 83' lang='lat' dir='ltr'><strong>Job.</strong></span> <span class='ocrx_word' id='word_1_812' title='bbox 829 5661 1021 5728; x_wconf 77' lang='lat' dir='ltr'><strong>tx,30,</strong></span> <span class='ocrx_word' id='word_1_813' title='bbox 1096 5661 1138 5692; x_wconf 83' lang='lat'>“</span> <span class='ocrx_word' id='word_1_814' title='bbox 1181 5659 1323 5717; x_wconf 81' lang='lat' dir='ltr'><strong>Psal.</strong></span> <span class='ocrx_word' id='word_1_815' title='bbox 1370 5678 1419 5729; x_wconf 83' lang='lat' dir='ltr'><strong>L,</strong></span> <span class='ocrx_word' id='word_1_816' title='bbox 1449 5665 1499 5719; x_wconf 88' lang='lat'><strong>8.</strong></span> <span class='ocrx_word' id='word_1_817' title='bbox 1574 5666 1617 5697; x_wconf 82' lang='lat'><strong>&quot;</strong></span> <span class='ocrx_word' id='word_1_818' title='bbox 1656 5663 1821 5722; x_wconf 85' lang='lat' dir='ltr'><strong>llebr.</strong></span> <span class='ocrx_word' id='word_1_819' title='bbox 1856 5682 1912 5734; x_wconf 73' lang='grc' dir='ltr'>ι,</span> <span class='ocrx_word' id='word_1_820' title='bbox 1969 5665 2059 5721; x_wconf 69' lang='lat'><strong>22.</strong></span> <span class='ocrx_word' id='word_1_821' title='bbox 2135 5662 2346 5721; x_wconf 80' lang='lat' dir='ltr'><strong>&quot;Psal.</strong></span> <span class='ocrx_word' id='word_1_822' title='bbox 2392 5680 2479 5732; x_wconf 80' lang='lat' dir='ltr'><strong>xv,</strong></span> <span class='ocrx_word' id='word_1_823' title='bbox 2511 5665 2566 5721; x_wconf 72' lang='grc'><strong>2.</strong></span> 
     </span>
    </p>
   </div>
  </div>
