3882 6036
142 246 233 353 93

1408 293 1945 358 EPISTOLARUM
1978 300 2125 361 LIB.
2165 302 2194 360 Ι

3363 304 3434 369 94

138 384 360 467 ψυχὴν
384 396 588 469 νεκρὰν
615 398 674 453 ὲν
697 397 779 470 τῷ
820 398 985 464 ζῶντι
1020 398 1235 471 σώματι
1283 400 1644 473 πανολεθρίας
1669 402 1742 453 ἐν·

1858 401 2011 469 deas,
2046 404 2173 459 vita:
2203 405 2440 476 spatium
2472 407 2789 464 universum
2821 408 2876 463 in
2898 408 3266 467 somnolentia
3290 427 3430 467 cou-

140 490 451 562 θάψαντα,
485 492 580 546 καὶ
605 497 800 569 μηκέτι
837 493 1055 564 βλέπειν
1082 494 1144 549 τὸ
1164 494 1281 566 φῶς
1304 495 1412 550 τῶν
1428 495 1759 568 ἀνθρώπων,

139 584 314 637 ἀλλά
367 584 525 654 δίκην
572 584 924 656 ὲκτρώματος
976 586 1084 641 ἀπὸ
1135 587 1365 651 σκότους
1425 590 1507 651 εἰς
1567 589 1761 652 σκότος

1860 504 2083 551 sumere
2105 537 2123 565 ,
2153 511 2256 552 nec
2281 499 2424 552 ultra
2480 499 2758 555 hominem
2786 500 3082 569 viventem,
3111 504 3207 558 sed
3236 504 3436 560 defun-

1858 595 2074 640 ctorum
2124 588 2461 657 sepulturam
2512 590 2851 661 nuncupari,
2884 592 3121 645 animam
3159 603 3431 648 mortuam

139 674 536 746 πορεύεσθαι*
580 679 673 731 καὶ
709 678 926 749 ἀληθῶς
969 682 1112 735 κατά
1140 682 1200 735 τὺ
1225 680 1636 753 γεγραμμένον,
1667 681 1742 736 ἄν

1857 676 1915 731 in
1946 676 2163 733 vivente
2190 677 2509 749 perditionis
2538 694 2769 750 corpore
2816 684 3180 737 tumulantem
3212 699 3227 736 :
3256 700 3434 753 neque

141 769 178 821 θ
187 786 401 838 ρωπος
426 770 789 841 τετιμημένος
803 773 873 842 τῇ
889 771 983 825 τοῦ
1005 772 1138 826 Θεοῦ
1157 772 1324 826 εἰκόνι
1344 789 1363 823 ι
1390 772 1465 825 Ού
1500 772 1755 842 συνῆκεν,

141 859 632 931 παρεσυνεϐλήθη
645 864 756 924 τοῖς
776 863 999 931 κτήνεσι
1013 866 1126 926 τοῖς
1140 863 1409 935 ἀνοήτοις,
1433 864 1527 917 καὶ
1543 863 1759 935 ὡμοιώ-

143 949 230 1021 θη
272 952 489 1017 αὐτοῖς.
512 973 530 1005 ι
568 952 729 1018 Ἀλλ’,
754 955 803 1005 εί
837 952 1003 1029 βούλῃ
1036 955 1097 1009 τὸ
1130 955 1405 1026 ὠφέλιμον
1427 955 1630 1025 γνῶναι
1658 955 1757 1027 τῆς

144 1042 513 1113 ἀγρυπνίας,
542 1045 1094 1118 πολυπραγμόνησον,
1119 1048 1173 1100 τί
1203 1046 1388 1116 ἔλεγεν
1412 1050 1441 1101 ό
1461 1047 1583 1102 καθ’
1628 1047 1757 1102 ἑκά·

150 1147 311 1200 στην
342 1132 516 1185 νύκτα
561 1133 659 1205 τὴν
718 1134 911 1207 κλίνην
954 1135 1134 1207 ἄρδων
1156 1138 1271 1201 τοῖς
1317 1136 1549 1208 δάκρυσι
1575 1153 1589 1166 ο
1615 1138 1756 1208 Προ-

147 1224 395 1292 έφθασα
423 1228 482 1279 ὲν
508 1226 695 1298 ’ἀωρία
740 1228 836 1281 καὶ
901 1229 1178 1301 ἐκέκραξα
1235 1228 1749 1301 ἐξομολογούμενος,

148 1315 266 1367 καὶ
305 1315 496 1385 ὑμνῶν
535 1333 630 1369 σε’
680 1318 1035 1388 μεσονύκτιον
1090 1320 1471 1394 ὲξεγειρόμην,
1522 1323 1621 1393 ούχ
1662 1323 1754 1392 ὑφ’

1856 765 2041 823 lumen
2072 769 2356 827 hominum
2389 774 2733 844 conspicere,
2766 775 2860 831 sed
2898 776 3126 831 abortus
3158 777 3335 831 instar
3365 794 3433 834 cx

1857 861 2104 918 tenebris
2145 864 2203 919 in
2250 865 2509 922 tenebras
2559 867 2789 938 gradum
2839 867 3023 924 facere
3054 887 3070 924 :
3102 876 3156 923 et
3189 884 3338 935 vere,
3372 880 3433 923 ut

1855 954 2127 1024 scriptum
2155 944 2261 1023 est,
2292 957 2456 1013 homo
2486 958 2724 1029 imagine
2752 957 2845 1015 Dei
2880 960 3201 1016 honestatus
3233 980 3251 1013 ι
3296 961 3418 1017 Non

1854 1046 2165 1112 intellexit,
2194 1049 2537 1107 assimilatus
2586 1060 2673 1107 est
2716 1052 2985 1121 jumentis
3014 1053 3429 1125 insipientibus,

1855 1145 1910 1193 ct
1955 1138 2155 1195 similis
2199 1139 2380 1197 factus
2417 1147 2504 1197 est
2561 1140 2670 1198 illis
2696 1140 2765 1197 ".
2802 1161 2821 1194 ι
2849 1141 3335 1200 Verumenimvero
3381 1144 3431 1200 si

1856 1230 2123 1301 pervigilii
2158 1230 2372 1288 fructus
2396 1230 2681 1289 addiscere
2714 1234 2894 1305 cupis,
2926 1237 3144 1292 curiose
3178 1252 3433 1307 perscru-

1855 1329 1992 1387 tare,
2023 1322 2158 1393 quid
2194 1323 2427 1396 singulis
2465 1326 2724 1382 noctibus
2760 1327 2962 1382 lectum
3007 1330 3268 1396 lacrymis
3299 1330 3430 1383 irri-

151 1407 376 1479 ὲτέρου
411 1410 754 1480 νυττόμενος,
786 1412 883 1466 καὶ
911 1413 1004 1486 βίᾳ
1038 1414 1332 1487 ἑλκόμενος
1355 1416 1493 1487 πρὸς
1532 1415 1742 1470 ἐκτινα-

1854 1427 1993 1482 gans
2045 1413 2322 1471 fatebatur
2352 1418 2439 1474 ”:
2468 1418 2780 1490 Anticipavi
2828 1421 2885 1475 in
2932 1421 3340 1492 intempestate,
3375 1430 3431 1477 et

149 1500 315 1570 γμὺν
341 1499 534 1567 ὕπνου,
560 1502 675 1556 ἀλλ’
700 1504 864 1568 αὐτὸς
891 1507 1125 1576 ἐμαυτὸν
1150 1507 1451 1579 προθύμως
1467 1508 1742 1572 διανιστάς

1854 1504 2091 1561 clamavi
2126 1507 2419 1577 conﬁtens,
2456 1521 2511 1565 et
2543 1510 2779 1567 laudans
2820 1519 2893 1567 te.
2930 1510 3107 1566 Media
3147 1520 3308 1567 nocte
3339 1528 3432 1567 as-

150 1591 316 1662 πρὸς
369 1593 469 1665 τὴν
503 1593 813 1665 δοξολογίαν
864 1598 960 1652 τοῦ
1006 1600 1310 1665 κτίσαντος.
1344 1602 1590 1673 Γλυκερά
1643 1602 1742 1672 γὰρ

1853 1596 2171 1668 surgebam,
2201 1615 2314 1655 non
2339 1601 2409 1655 ab
2429 1600 2537 1656 alio
2564 1603 2975 1667 exstimulatus,
3006 1614 3059 1658 et
3080 1603 3131 1657 vi
3157 1610 3429 1659 attractus

153 1683 313 1755 αὕτη
363 1703 453 1756 μοι
487 1687 581 1741 τοῦ
606 1686 778 1743 ὕπνου
817 1689 1066 1765 [μᾶλλον]
1094 1693 1422 1763 λελόγισται,
1450 1696 1742 1767 ἐπειδήπερ

1855 1689 1921 1744 ad
1952 1691 2337 1748 excutiendum
2374 1708 2664 1759 somnum,
2712 1695 2808 1750 sed
2862 1696 2979 1765 ipse
3030 1696 3425 1767 memetipsum

153 1777 347 1849 πολλὴ
386 1781 419 1849 ἡ
468 1780 533 1833 ὲκ
564 1780 769 1854 ταύτης
823 1784 1091 1853 ὠφέλεια,
1132 1788 1228 1841 καὶ
1268 1787 1480 1842 πολλῶν
1529 1790 1742 1859 ἀγαθῶν

1859 1780 1962 1849 12
1979 1781 2232 1839 alacriter
2258 1785 2505 1841 excitans
2532 1786 2600 1841 ad
2627 1786 2874 1843 Factoris
2903 1787 3106 1858 glorias
3131 1788 3430 1843 decantan-

153 1870 412 1922 αἰωνίων
442 1871 701 1943 πρόξενος
721 1877 834 1939 τοῖς
858 1876 1197 1946 ἀγρυπνοῦσι
1221 1878 1565 1935 καθίσταται.
1593 1881 1742 1953 Πρῶ-

1853 1870 1976 1927 das.
2006 1870 2098 1926 Eae
2122 1874 2269 1930 enim
2320 1875 2456 1931 mihi
2509 1892 2703 1934 somno
2756 1879 2875 1949 ipso
2915 1880 3197 1935 suaviores
3250 1887 3423 1946 sunt,

151 1977 258 2013 τον
286 1963 391 2030 μὲν
424 1963 534 2031 γὰρ
564 1965 634 2018 τά
658 1966 800 2020 κατὰ
826 1967 929 2039 ,τὴν
961 1970 1343 2041 προλαϐοῦσαν
1377 1973 1589 2045 ἡμέραν
1620 1975 1742 2044 ἡμῖν

1852 1962 2299 2036 quandoquidem
2330 1967 2564 2025 afﬂuens
2612 1986 2677 2025 ex
2718 1972 2826 2026 illis
2860 1971 3157 2043 percipitur
3192 1974 3426 2039 utilitas,

156 2053 563 2124 συμϐεϐηκότα
624 2057 943 2127 πταίσματα
992 2059 1231 2132 ἔργοιςῆ
1258 2062 1438 2131 λόγοις
1500 2060 1578 2131 τῷ
1631 2063 1742 2135 Θεῷ

1850 2061 1907 2109 et
1937 2055 2232 2111 multarum
2259 2057 2550 2126 honorum,
2598 2077 2897 2132 eorumque
2941 2065 3425 2134 sempiternorum,

154 2144 630 2213 ἐπικαλύπτοντες,
670 2149 1039 2220 κουφιζόμεθα
1072 2153 1172 2223 τῆς
1215 2153 1511 2225 ἀχθηδόνος
1550 2154 1749 2220 αὐτῶν,

155 2232 244 2297 ὡς
270 2235 496 2305 φορτίου
528 2235 738 2309 βαρέως
768 2244 881 2304 τοῖς
930 2241 1102 2313 ῶμοις
1133 2245 1232 2315 τῆς
1259 2244 1438 2316 ψυχῆς
1477 2245 1753 2317 ἐπικειμέ-

156 2343 287 2389 νου,
317 2328 414 2381 καὶ
447 2329 527 2401 τῷ
551 2332 686 2400 πυρὶ
717 2333 819 2403 τῆς
848 2335 1157 2406 ἀγρυπνίας
1200 2338 1531 2409 τεφροῦμεν,
1559 2337 1749 2411 ὥσπερ

158 2418 417 2485 ἀκάνθας
461 2423 893 2493 καταφλέξαντες
936 2426 1031 2480 τοῦ
1074 2420 1322 2482 διαϐόλου
1359 2429 1451 2484 τὸν
1494 2430 1745 2487 πλοῦτον.

158 2511 405 2566 Πλουτεῖ
430 2514 538 2586 γὰρ
575 2516 699 2570 καθ’
726 2518 941 2590 ἡμέραν
967 2521 1177 2584 ἐκεῖνος
1218 2524 1333 2586 τοῖς
1361 2523 1519 2593 ἡμῶν
1562 2539 1748 2595 παρα-

157 2599 451 2672 πτώματι.
496 2604 695 2678 Διόπερ
735 2607 993 2680 δυσφορεῖ
1027 2608 1213 2664 λοιπὸν
1250 2612 1279 2664 ό
1336 2611 1631 2689 διάϐολος,
1654 2614 1749 2668 καὶ

161 2694 469 2765 καθ’ήμῶν
507 2695 792 2769 βρυχᾶται,
815 2700 946 2754 ὅταν
976 2700 1166 2772 βλέπει
1198 2704 1345 2775 ἡμᾶς
1367 2706 1434 2776 τῇ
1467 2704 1749 2778 ἀγρυπνίᾳ

160 2785 550 2857 σχολάζοντας,
582 2790 675 2842 καὶ
712 2789 884 2863 ταύτῃ
938 2792 1222 2860 ποθεινῶς,
1284 2796 1380 2850 καὶ
1429 2797 1738 2866 φιλοπόνως

160 2877 572 2947 προσέχονταςο
598 2880 680 2943 είς
733 2881 983 2953 μεγάλην
1017 2883 1127 2955 γὰρ
1168 2885 1333 2939 αὐτὸν
1377 2885 1599 2958 ζημίαν,
1652 2889 1746 2942 καὶ

160 2968 375 3040 τύρϐην
391 2970 729 3043 ἐμϐάλλομεν
744 2972 822 3042 τῷ
846 2972 966 3027 καθ’
988 2976 1227 3049 ἑκάστην
1246 2976 1335 3031 διά
1358 2977 1469 3032 τῶν
1492 2980 1745 3051 ἁμαρτη-

1852 2143 2209 2214 vigilantibus
2236 2162 2403 2204 causa
2448 2157 2596 2205 sunt.
2627 2150 2876 2206 Primum
2905 2154 3107 2208 etenim
3138 2156 3231 2223 qui
3274 2164 3429 2210 ante-

1853 2245 1981 2293 acto
2008 2238 2098 2295 die
2122 2240 2310 2310 lapsus
2340 2236 2483 2296 inter
2501 2257 2818 2307 sermones,
2854 2252 2950 2298 aut
2984 2260 3149 2315 opera
3181 2247 3427 2316 contige-

1857 2338 2012 2396 runt,
2045 2330 2157 2387 Deo
2184 2333 2514 2403 aperientes,
2543 2335 2611 2388 ab
2654 2349 2845 2389 eorum
2894 2335 3135 2405 pondere
3169 2336 3428 2390 subleva—

1849 2436 2023 2489 mur,
2104 2423 2306 2493 quippe
2367 2425 2461 2494 qui
2516 2424 2679 2479 veluti
2753 2426 2936 2495 gravis
2993 2426 3211 2479 sarcina
3263 2441 3430 2497 super

1848 2512 2107 2569 humeros
2157 2515 2352 2570 animae
2394 2516 2759 2582 incumbunt,
2815 2526 2870 2572 et
2922 2518 3129 2587 vigiliae
3192 2518 3319 2589 igne
3367 2518 3427 2574 in

1848 2604 2063 2662 cineres
2084 2607 2473 2674 convertimus,
2497 2608 2574 2662 uti
2597 2609 2783 2680 spinas
2813 2608 3014 2665 diaboli
3046 2610 3263 2665 divitias
3297 2626 3427 2665 suc-

1847 2697 2159 2754 cendentes.
2178 2697 2271 2753 ille
2286 2700 2431 2753 enim
2451 2699 2693 2769 quotidie
2715 2700 2917 2755 nostris
2943 2700 3187 2770 lapsibus
3204 2703 3270 2755 ad
3288 2716 3423 2772 opes

1845 2788 2432 2861 emergit.Quapropter
2453 2790 2543 2843 ille
2569 2790 2729 2844 anxie
2745 2790 2866 2854 fert,
2892 2789 3199 2860 indoletque
3216 2790 3427 2846 fremit-

1844 2894 1952 2949 que
1982 2878 2244 2935 adversus
2280 2894 2400 2947 nos,
2428 2894 2553 2934 cum
2581 2893 2682 2933 nos
2727 2878 2875 2933 videt
2906 2879 3120 2949 vigilias
3151 2895 3329 2950 agere,
3360 2880 3428 2935 il-

1845 2970 2022 3041 lisque
2046 2979 2314 3041 prompte,
2342 2978 2506 3040 atque
2526 2969 2793 3024 industrie
2826 2970 3067 3024 animum
3098 2971 3420 3033 advertere:

167 3062 358 3131 μάτων
377 3060 557 3133 ἡμῶν,
588 3066 1025 3137 προσγενομένου
1057 3068 1223 3123 αὐτοῦ
1252 3071 1524 3143 πορισμοῦ
1544 3072 1742 3144 γυμνὸν

1852 3062 1907 3117 in
1946 3063 2181 3117 maxima
2209 3078 2443 3133 namque
2468 3062 2668 3118 damna
2705 3078 2854 3128 eum,
2889 3071 2945 3118 et
2997 3063 3192 3120 turbas
3243 3062 3425 3133 conji-

161 3152 611 3220 ἀποδεικνύντες,
655 3157 747 3209 καὶ
784 3156 1012 3230 ἔρημον.
1058 3158 1320 3232 Δεύτερον
1353 3162 1411 3215 δὲ
1444 3161 1605 3217 αὑτὸν
1654 3162 1750 3219 τὸν

174 3243 575 3315 πολυκέφαλον,
642 3250 737 3301 καὶ
782 3250 1144 3322 παμπόνηρον
1192 3253 1336 3325 θῆρα
1387 3253 1749 3324 ὲφαλλόμενον

163 3338 303 3407 ἡμῖν
334 3338 602 3409 ἀοράτως,
639 3342 734 3395 καὶ
756 3342 1032 3414 σπαράξαι
1054 3343 1749 3417 βουλόμενον,ἢκαταπιεῖν

166 3429 338 3499 ἡμᾶς,
370 3431 403 3499 ἡ
429 3430 707 3501 ἄγρυπνος
737 3433 951 3503 χαλινοῖ
977 3436 1071 3488 καὶ
1100 3436 1426 3505 συμποδίζει
1460 3436 1617 3508 εὐχὴ,
1648 3439 1745 3492 καὶ

167 3522 351 3575 ὲκλύει
372 3522 441 3576 τὰ
474 3521 639 3597 νεῦρα
669 3525 771 3594 τῆς
828 3526 1095 3598 πονηρίας
1134 3526 1324 3592 αὑτοῦ,
1362 3528 1514 3599 ἡμᾶς
1541 3529 1599 3582 δὲ
1634 3529 1738 3599 τῆς

166 3615 420 3686 οὐρανίου
475 3616 787 3687 φιλοτιμίας
828 3619 1109 3689 ἐπιτυχεῖν
1142 3618 1410 3690 προξενεῖ,
1469 3619 1612 3692 ὑπὲρ
1645 3621 1746 3684 τὰς

168 3707 353 3777 πηγὰς
386 3710 520 3779 ἡμῖν
549 3709 965 3782 ἀναὸλυζούσης
992 3713 1094 3782 τῆς
1124 3712 1369 3783 χάριτος,
1402 3714 1496 3766 καὶ
1515 3712 1657 3783 ὑπὲρ
1683 3712 1746 3767 τὸ

168 3801 402 3869 πέλαγος
425 3802 694 3873 χεομένης
725 3804 808 3868 είς
836 3804 1114 3876 ἡμετέραν
1143 3804 1482 3876 εὐεργεσίαν.
1511 3805 1745 3859 Ἔπειτα

169 3891 225 3945 δὲ
249 3892 341 3945 καὶ
376 3895 542 3963 ἡμεῖς
567 3892 915 3965 όκνηρότεροι
936 3894 1030 3948 τοῦ
1062 3894 1254 3948 λοιποῦ
1277 3895 1409 3966 περὶ
1438 3895 1501 3948 τὺ
1529 3896 1744 3949 πταίειν

167 3984 444 4054 γινόμεθα,
477 3984 579 4055 τῆς
607 3986 920 4057 ἀγρυπνίας
970 3989 1105 4058 ἡμῖν
1144 3988 1440 4058 λογισμοὺς
1469 3987 1742 4057 φιλοθεϊας

169 4075 704 4148 έναπαλασσομένης,
729 4080 824 4132 καὶ⁵
849 4080 1059 4150 κόσμου
1096 4081 1455 4150 ματαιότητος
1476 4082 1742 4154 ἀποστρο-

172 4169 274 4239 φὴν
318 4168 676 4241 ἐμποιούσης,
742 4171 840 4225 καὶ
860 4171 1171 4227 διωθεῖσθαι
1198 4174 1268 4228 τὰ
1303 4173 1613 4245 βλάπτοντα
1656 4176 1737 4230 δι-

172 4258 493 4329 δασκούσης.
511 4261 577 4314 ’Ιί
602 4260 710 4333 γὰρ
732 4263 874 4318 κατὰ
887 4263 1019 4318 Θεὸν
1041 4266 1319 4337 ἀγρυπνία
1335 4267 1580 4338 ἐρήμους
1593 4267 1741 4338 ἡμᾶς

172 4348 380 4420 νύκτωρ
394 4370 470 4405 πα
476 4352 810 4424 ραλαϐοὖσα,
829 4356 924 4409 καὶ
939 4356 1217 4428 ἀπεστερη
1226 4358 1533 4430 μένουςπῆς
1545 4376 1607 4412 τε
1626 4357 1736 4412 τῶν

172 4442 333 4512 ὄχλων
407 4444 719 4515 συγχύσεως
740 4485 758 4512 ,
822 4447 913 4501 καὶ
955 4448 1056 4519 τῆς
1108 4448 1217 4502 τῶν
1269 4450 1735 4522 συναλλαγμάτων

176 4532 417 4602 σπουδῆς,
449 4534 545 4587 καὶ
571 4534 674 4604 τῆς
729 4534 838 4589 τῶν
865 4535 1032 4615 φίλων
1053 4538 1363 4610 συντυχίας,
1411 4542 1603 4613 καιρὸν
1641 4543 1735 4596 εὑ-

179 4620 354 4691 ροῦσα,
381 4621 455 4685 ὡς
485 4624 668 4694 μήτηρ
691 4624 1061 4698 φιλόστοργος,
1081 4627 1139 4681 έν
1163 4628 1586 4702 ἀπερικτυπήτῳ
1609 4633 1735 4703 τινὶ,

176 4711 266 4765 καὶ
291 4713 533 4784 ἡσυχίας,
568 4716 666 4769 καὶ
693 4716 927 4787 νήψεως,
961 4720 1055 4773 καὶ
1080 4720 1343 4792 γαλήνης,
1387 4722 1482 4776 καὶ
1530 4724 1736 4794 μεστῆς

176 4802 386 4873 εἰρήνης
411 4808 822 4885 μεμεστωμένῳ
846 4810 1053 4882 χωρίῳ,
1080 4812 1174 4865 καὶ
1199 4813 1565 4884 παραθήσασα
1586 4816 1736 4886 ἡμᾶς

178 4892 352 4963 ἑαυτῇ,
382 4894 661 4963 ἀνοίγνυσι
686 4897 814 4961 τοὺς
844 4900 1044 4971 ἑαυτῆς
1067 4900 1374 4972 θησαυροὺς
1396 4903 1497 4974 τῆς
1524 4905 1737 4972 σοφίας,

178 4985 388 5037 καὶτῶν
419 4986 630 5039 σεπτῶν
650 4994 1047 5059 παραινέσεων,
1077 4993 1305 5047 καὶτῶν
1341 4994 1499 5049 θείων
1528 4996 1734 5068 ἐλλάμ-

182 5072 335 5143 ψεων.
385 5076 498 5129 Καὶ
553 5076 857 5149 λεληθότως
910 5081 1111 5152 πληροῖ
1144 5084 1270 5148 τοὺς
1312 5085 1549 5150 κόλπους
1584 5087 1739 5157 ἡμῶν

183 5168 272 5236 τῆς
290 5165 460 5237 ψυχῆς
485 5185 499 5200 ο
538 5169 642 5223 κᾶν
678 5169 778 5239 μὲν
807 5169 986 5227 πάντα
1032 5174 1101 5226 τά
1129 5173 1351 5229 δοθέντα
1382 5178 1516 5248 ἡμῖν
1546 5178 1740 5248 νηφόν⁴

182 5272 279 5320 τως
301 5256 639 5330 φυλάξωμεν,
683 5262 944 5334 μακάριοι
976 5266 1159 5335 ἡμεῖς,
1183 5266 1278 5319 καὶ
1319 5269 1732 5340 τρισμακάριοι.

186 5345 286 5399 Καὶ
342 5350 600 5419 μυριάκις
653 5352 857 5408 οἴδασιν
890 5356 1029 5424 ὅπερ
1062 5357 1225 5425 λέγω,
1275 5360 1322 5411 oi
1375 5359 1595 5428 μύσται,
1641 5361 1736 5414 καὶ

186 5437 421 5508 τρόφιμοι
452 5441 554 5511 τῆς
582 5444 753 5513 καλῆς
788 5447 1118 5514 ἀγρυπνίας,
1151 5449 1200 5500 οἱ
1232 5448 1329 5519 τὴν
1360 5449 1591 5523 κιθάραν
1635 5451 1731 5504 τοῦ

188 5530 333 5583 Δαϐὶδ
384 5532 462 5603 τῷ
510 5534 611 5605 τῆς
652 5535 895 5609 γλώττης
951 5538 1158 5592 ἑαυτῶν
1204 5539 1468 5613 πλήκτρῳ
1513 5541 1732 5614 κρούειν

260 5702 299 5735 ³⁸
324 5702 462 5765 Psal.
492 5724 755 5777 xxxxvm,
788 5709 876 5767 l2.
906 5711 952 5744 ”
982 5708 1128 5769 l’sal.
1156 5728 1337 5781 nam,
1379 5714 1433 5770 4.

1851 3155 2050 3220 cimus,
2098 3169 2222 3208 cum
2262 3170 2385 3209 eum
2420 3154 2669 3225 quotidie
2717 3164 3036 3227 nostrorum
3089 3154 3422 3209 delictorum

1850 3244 2298 3311 substractione,
2356 3245 2561 3316 quibus
2641 3246 2759 3316 ipse
2818 3245 3134 3316 opulentior
3196 3244 3419 3311 evadit,

1848 3339 2055 3396 nudum
2157 3340 2545 3410 desertumque
2621 3338 3092 3394 demonstramus.
3183 3336 3424 3393 Posthac

1846 3431 2099 3488 eumdem
2147 3430 2515 3502 multicipem,
2551 3446 2616 3487 ac
2649 3430 3126 3501 perversissimam
3178 3428 3420 3484 helluam

1846 3521 2200 3579 invisibiliter
2237 3522 2293 3577 in
2340 3537 2444 3578 nos
2476 3522 2906 3593 irrumpentem,
2946 3529 3003 3577 et
3050 3520 3367 3590 discerpere
3400 3558 3419 3585 ,

1846 3624 1941 3669 aut
1987 3613 2260 3686 deglutire
2313 3613 2571 3671 ardenter
2624 3620 2989 3683 appetentem,
3049 3612 3181 3683 vigil
3239 3613 3421 3667 oratio

1844 3705 2045 3771 frenat,
2077 3714 2131 3762 et
2161 3704 2457 3776 compedit,
2489 3712 2543 3759 et
2573 3720 2775 3761 nervos
2801 3705 3019 3759 astutia:
3040 3703 3193 3758 illius
3221 3702 3422 3757 dissol-

1841 3798 1954 3867 vit;
1979 3812 2081 3852 nos
2114 3812 2244 3852 vero
2272 3795 2578 3853 caelestium
2608 3796 2877 3850 honorum
2910 3794 3205 3866 participes
3245 3792 3418 3857 facit,

1842 3893 2019 3965 gratia
2058 3892 2218 3947 nobis
2250 3890 2384 3962 ipsis
2409 3889 2659 3945 fontibus
2694 3888 2919 3943 uberius
2948 3886 3315 3951 scaturiente,
3360 3897 3419 3941 et

1842 3984 1981 4038 mari
2005 3985 2126 4055 ipso
2157 3982 2532 4038 abundantius
2562 3982 2616 4035 in
2636 3990 2826 4035 nostra
2848 3977 3113 4033 beneficia
3134 3977 3414 4034 effluente.

1842 4073 1999 4129 Tunc
2028 4074 2245 4128 demum
2276 4081 2331 4127 et
2370 4088 2470 4127 nos
2502 4071 2556 4125 in
2586 4079 2861 4138 posterum
2892 4070 2958 4123 ad
2987 4068 3415 4137 delinquendum

1842 4163 2129 4234 segniores
2163 4162 2470 4225 evadimus,
2508 4160 2693 4229 vigilia
2734 4159 2900 4213 nobis
2933 4158 3295 4229 cogitationes
3325 4157 3415 4212 di-

1839 4255 1955 4312 vini
1983 4255 2188 4311 amoris
2208 4254 2525 4324 efﬁngente,
2551 4263 2605 4307 et
2628 4250 2923 4307 mundanae
2942 4251 3200 4306 vanitatis
3226 4250 3412 4322 fugam

1840 4348 2179 4411 insinuante,
2226 4358 2279 4402 et
2320 4349 2611 4402 noxiorum
2656 4345 3076 4401 insectationem
3126 4344 3408 4400 edocente.

1839 4440 2035 4510 Vigilia
2067 4438 2338 4510 siquidem
2371 4438 2673 4494 secundum
2703 4436 2872 4492 Deum
2906 4448 3072 4492 noctu
3114 4451 3218 4492 nos
3262 4436 3412 4493 solos

1836 4531 2295 4602 apprehendens,
2366 4538 2517 4584 extra
2596 4529 2878 4583 turbarum
2982 4528 3227 4583 turbines
3261 4567 3277 4593 ,
3356 4534 3413 4583 et

1835 4623 2174 4695 negotiorum
2210 4621 2310 4692 13
2332 4620 2530 4684 studia,
2557 4627 2612 4674 et
2647 4619 2944 4675 amicorum
2965 4617 3408 4682 consuetudines,

1835 4724 2049 4783 arrepta
2082 4713 2394 4777 occasione,
2435 4710 2601 4766 veluti
2642 4718 2815 4765 mater
2840 4710 3139 4774 benevola,
3179 4709 3233 4765 in
3286 4708 3410 4763 loco

1836 4805 1957 4860 sine
1981 4804 2236 4873 strepitu,
2263 4817 2477 4858 necnon
2502 4802 2730 4872 quietis,
2760 4796 3080 4854 sobrietatis
3104 4839 3119 4863 ,
3148 4806 3203 4854 et
3238 4814 3408 4869 paca-

1836 4895 2063 4951 tissimaa
2117 4894 2266 4965 pacis
2310 4894 2513 4964 pleno,
2558 4892 2719 4947 nobis
2761 4890 3089 4960 sibimetipsi
3144 4890 3406 4952 adnexis,

1834 4985 2116 5056 sapientia:
2170 4999 2284 5040 sum
2331 4981 2769 5038 venerandarum
2832 4969 3301 5042 adhortationum,
3352 4986 3409 5033 et

1833 5077 2294 5133 illuminationum
2325 5074 2637 5129 divinarum
2670 5075 2964 5129 thesauros
2986 5079 3219 5133 reserat,
3245 5081 3299 5124 et
3328 5071 3409 5123 la-

1835 5182 2015 5228 tenter
2046 5172 2242 5226 animaa
2278 5178 2476 5226 nostra:
2502 5170 2660 5225 sinus
2689 5167 2875 5237 implet
2906 5185 2919 5222 :
2946 5176 2999 5221 et
3034 5165 3080 5222 si
3111 5165 3260 5219 illius
3285 5179 3406 5218 mu-

1842 5280 1973 5320 nera
2007 5264 2188 5320 sobrie
2242 5263 2402 5318 nobis
2451 5259 2914 5317 reservaverimus
2938 5297 2953 5323 ,
3011 5257 3159 5312 beati
3185 5272 3321 5319 nos,
3349 5264 3405 5311 et

1840 5367 1943 5423 ter,
1984 5366 2038 5411 et
2067 5355 2276 5411 infinite
2305 5352 2592 5409 fortunati.
2628 5352 3088 5421 Compertumque
3122 5349 3258 5403 satis
3290 5355 3396 5411 est,

1837 5450 1981 5522 quod
2008 5449 2131 5505 dico
2156 5489 2172 5510 .
2199 5448 2393 5521 mystis
2420 5487 2435 5513 ,
2469 5455 2524 5503 et
2562 5444 2747 5517 proba:
2774 5442 2975 5512 vigilia!
3001 5440 3241 5496 alumnis
3259 5480 3274 5503 ,
3304 5438 3401 5507 qui

1837 5542 2108 5598 citharam
2152 5538 2465 5596 Davidicam
2504 5536 2706 5608 lingua:
2770 5548 2883 5589 sua:
2924 5531 3132 5603 plectro
3178 5528 3403 5601 pulsare
