3882 6036
465 242 537 305 95

1964 245 2025 307 S.
2061 244 2224 307 NILI

3674 234 3754 297 ξὶὸ

465 360 802 423 appetentes,
867 363 923 410 et
979 355 1035 411 in
1095 357 1318 427 proprio
1367 365 1623 428 gutture,
1659 365 1719 413 ut
1755 356 2028 427 Propheta

2153 356 2591 429 προθυμούμενοι,
2644 356 2737 410 καὶ
2789 355 2850 409 ὲν
2890 352 2967 425 τῷ
3006 350 3192 425 οἰκείῳ
3220 329 3482 423 λάρυγγι,
3540 347 3754 410 καθὼς

464 446 544 499 ai't
572 447 638 510 “,
670 447 1029 504 excelsitates
1054 447 1147 503 Dei
1177 450 1558 506 concinentes.
1607 451 1802 504 Annon
1846 456 2035 518 guttur

466 553 649 592 meum
686 539 981 595 meditatur
1007 541 1357 611 prudentiam
1388 543 1461 596 ‘7?
1490 549 1547 597 et
1578 538 2035 611 quemadmodum

468 627 759 693 tenebras,
806 629 883 682 ita
926 637 977 683 et
1016 631 1199 686 lumen
1239 632 1511 695 ostendo,
1560 630 1788 701 psalmis
1833 628 2037 683 illumi-

467 735 640 784 nans,
673 729 729 776 et
757 723 941 778 noctis
970 724 1254 779 tristitiam
1300 725 1355 779 in
1400 725 1752 795 splendorem
1803 736 2037 776 conver-

468 820 609 879 tens,
639 821 693 868 et
731 816 1030 885 anticipant
1063 817 1206 871 oculi
1242 818 1346 872 mei
1379 817 1432 870 in
1468 817 1734 871 matutino
1766 815 1835 870 ad
1874 815 2042 869 medio

469 904 630 958 tanda
666 905 880 975 eloquia
917 906 1162 969 Domini.
1194 917 1249 963 et
1276 923 1441 964 cocco
1465 908 1761 978 ignitarum
1818 907 2029 975 cogita-

467 996 681 1048 tionum
716 1005 946 1051 ornatus
978 1012 1270 1066 supernam
1296 996 1633 1068 .sapientiam
1658 1036 1676 1062 ,
1725 1003 1786 1048 ut
1835 993 1904 1048 ad
1950 1010 2037 1049 me

467 1086 689 1151 veniat,
751 1089 1044 1143 exstimulo
1090 1106 1104 1142 :
1166 1089 1234 1143 ad
1292 1105 1391 1145 nos
1454 1090 1640 1153 enim,
1697 1087 1790 1158 qui
1844 1088 2038 1158 vigiles

470 1183 660 1231 noctes
691 1177 965 1241 ducimus,
1001 1178 1182 1234 divina
1213 1182 1385 1250 gratia
1430 1180 1778 1237 ineﬂabiliter
1810 1180 2035 1250 irrepit,

468 1276 522 1321 et
549 1279 828 1339 comparet
856 1271 1212 1327 indicibiliter
1235 1313 1250 1337 ,
1279 1280 1333 1329 et
1371 1273 1437 1327 ad
1466 1288 1608 1336 eam,
1642 1288 1763 1342 quae
1790 1286 2040 1343 compre-

482 1360 643 1415 hendi
679 1371 877 1431 potest,
900 1364 1045 1419 illius
1078 1366 1492 1436 spectationem,
1522 1376 1578 1421 et
1594 1364 2037 1428 similitudinem,

470 1469 660 1509 sacras
692 1465 900 1512 mentes
929 1458 1189 1521 extendit,
1227 1474 1347 1528 quae
1375 1466 1433 1512 ut
1458 1458 1575 1514 ﬁeri
1620 1463 1796 1527 potest
1824 1463 1878 1510 et
1914 1471 2041 1512 san-

468 1556 589 1601 ctos
615 1546 863 1604 homines
890 1548 1073 1613 decet,
1107 1548 1180 1602 illi
1215 1564 1336 1603 sese
1363 1548 1658 1617 applicant.

970 1639 1184 1695 XXVII.
1214 1672 1281 1682 —
1305 1641 1517 1695 Eidem.

2134 450 2281 519 λέγει
2325 450 2354 503 6
2407 449 2718 521 Προφήτης,
2762 447 2860 511 τὰς
2912 446 3147 517 ύψώσεις
3182 444 3274 498 τοῦ
3308 443 3445 497 Θεοῦ
3488 440 3756 509 ἀναμέλ·

2137 559 2349 605 ποντες.
2380 542 2451 594 Ἢ
2473 540 2593 611 οὐχὶ
2634 540 2664 593 6
2685 538 2893 610 λάρυγξ
2934 556 3037 609 μου
3078 536 3278 608 μελετᾷ
3307 535 3565 596 σύνεσιν;
3623 531 3753 584 Καὶ

2136 632 2324 704 ὥσπερ
2347 633 2410 687 τὸ
2439 632 2656 697 σκότος,
2700 631 2874 695 οῦτως
2899 632 2992 684 καὶ
3016 631 3077 684 τὸ
3103 630 3217 699 φῶς
3245 628 3515 697 δείκνυμι,
3549 640 3751 678 κατα-

2138 725 2369 794 φωτίζον
2418 727 2531 788 τοῖς
2566 724 2824 796 ψαλμοῖς,
2852 723 2947 793 καὶ¹
2992 720 3338 790 καταυγάζον
3380 719 3480 788 τῆς
3526 717 3749 779 νυκτὸς

2137 813 2237 884 τὴν
2270 815 2621 885 στυγνότητα,
2648 814 2744 869 καὶ
2781 813 3183 886 προφθάνουσιν
3224 813 3273 865 οἱ
3304 807 3586 880 ὀφθαλμοί
3625 825 3747 878 μου

2140 902 2277 974 πρὸς
2299 902 2495 974 ὄρθρον
2524 903 2617 957 τοῦ
2648 904 2880 975 μελετᾷν
2907 902 2978 957 τὰ
3014 903 3167 971 λόγια
3206 900 3440 972 Κυρίου,
3495 897 3600 951 καὶ
3654 895 3747 965 τῷ

2140 995 2324 1065 κόκκῳ
2351 994 2722 1066 κοσμούμενος
2742 994 2850 1050 τῶν
2868 993 3145 1064 διαπύρων
3175 993 3433 1064 νοήσεων,
3455 990 3559 1061 τὴν
3584 988 3741 1042 ἄνω-

2142 1083 2235 1139 θεν
2277 1086 2470 1155 σοφίαν
2520 1085 2769 1140 ἐπελθεῖν
2817 1103 2909 1156 μοι
2954 1083 3283 1155 προτρέπω·
3318 1081 3580 1151 ἐπιφοιτᾷ
3619 1078 3743 1148 γὰρ

2141 1178 2399 1248 ἀρρήτως
2429 1178 2560 1248 ἡμῖν
2589 1179 2622 1250 ἡ
2648 1179 2809 1249 χάρις
2837 1177 2929 1231 τοῦ
2957 1177 3163 1247 Κυρίου
3190 1177 3301 1237 τοῖς
3325 1170 3737 1245 ἀγρυπνοῦσιν,

2142 1270 2237 1323 καὶ
2267 1269 2613 1338 ἐπιφαίνεται
2652 1270 2794 1340 ὑπὲρ
2823 1269 3004 1338 λόγον,
3049 1269 3144 1322 καὶ
3177 1267 3313 1338 πρὸς
3346 1266 3445 1336 τὴν
3487 1266 3737 1334 ὲφικτὴν

2142 1360 2313 1430 αὐτῆς
2342 1360 2595 1432 Θεωρίαν,
2644 1362 2741 1415 καὶ
2785 1361 3043 1429 ὁμοίωσιν
3077 1357 3349 1413 ἀνατείνει
3376 1358 3501 1419 τοὺς
3541 1357 3735 1427 ἱεροὺς

2154 1452 2301 1517 νόας,
2320 1452 2470 1519 τοὺς,
2491 1452 2566 1517 ὡς
2583 1452 2821 1525 θεμιτὸν,
2844 1454 2939 1506 καὶ
2972 1449 3312 1524 ἱεροπρεπῶς
3331 1447 3738 1511 ὲπιόἀλλοντας

2145 1544 2304 1615 αὐτῇ.

2664 1639 2792 1693 ΚΖ’.
2812 1669 2881 1679 -
2904 1637 2988 1704 Τῷ
3018 1636 3198 1703 αὐτῷ.

538 1727 943 1786 Perbeatissimi
976 1746 1186 1797 sumus,
1227 1732 1274 1786 si
1303 1747 1424 1802 quae
1460 1748 1528 1788 ex
1556 1733 1839 1805 pervigilio
1888 1735 2034 1791 ulnis

2214 1730 2731 1803 Μυρισμακάριστοι
2797 1731 2894 1802 μὲν
2956 1699 3303 1801 ύπάρχομεν,
3358 1728 3489 1782 ὃταν
3544 1726 3735 1781 πάντα

466 1822 804 1891 excepimus,
822 1822 1004 1876 omnia
1038 1828 1463 1878 servaverimus.
1499 1824 1707 1891 Quodsi
1738 1835 1945 1898 partem
1972 1843 2037 1882 ex

468 1912 537 1966 iis
566 1912 814 1982 exiguam
846 1923 942 1967 aut
972 1914 1244 1985 ingentem
1286 1916 1538 1972 amittere
1580 1920 1890 1988 contigerit,
1919 1936 2041 1989 quae

466 2002 674 2070 reliqua
708 2002 953 2068 fuerunt,
990 2007 1335 2062 abundanter
1358 2008 1425 2063 ad
1457 2010 1687 2065 salutem
1718 2011 1825 2083 14
1844 2014 2042 2069 mentis

466 2092 769 2149 infantibus
827 2097 1115 2165 sulIicient.
1164 2099 1410 2170 Namque
1461 2116 1665 2172 auceps
1722 2104 2036 2173 frequenter

466 2193 687 2238 centum
719 2193 951 2239 venatus
984 2195 1227 2243 turtures
1259 2189 1313 2243 in
1344 2205 1509 2261 agro,
1536 2192 1585 2248 si
1638 2192 1744 2248 sibi
1797 2194 2043 2265 gaudens

467 2290 564 2328 eas
592 2276 913 2341 occluserlt,
945 2282 1635 2353 postmodum-negligens,
1676 2284 1912 2349 tertiam,
1945 2295 2043 2340 ant

469 2364 693 2434 duplam
735 2375 944 2437 partem
975 2369 1245 2438 amiserit,
1287 2373 1434 2440 quod
1467 2374 1721 2430 volucres
1761 2375 1869 2430 illae
1904 2367 2044 2432 clam

467 2466 818 2527 erumpentes
846 2461 902 2515 in
954 2460 1135 2532 fugam
1171 2480 1231 2519 se
1254 2463 1541 2530 dederint,
1570 2466 1627 2521 in
1660 2468 1885 2538 reliquis
1911 2485 2048 2524 mo:-

470 2562 648 2603 rorem
685 2550 987 2617 imminuit,
1027 2553 1375 2624 animumque
1418 2569 1578 2610 suum
1619 2558 1850 2625 solatur,
1899 2559 2045 2630 quod

468 2656 581 2697 non
616 2645 804 2699 vacuis
837 2645 1090 2703 manibus
1116 2646 1449 2702 domicilium
1481 2656 1725 2720 repetat,
1751 2661 1807 2707 et
1835 2653 2049 2722 copiam

470 2734 598 2788 licet
627 2750 733 2788 non
760 2736 1023 2809 integram
1055 2747 1168 2791 tum
1213 2748 1479 2809 reportat,
1512 2750 1568 2795 et
1612 2758 1810 2800 rursus
1859 2742 2048 2800 futuro

468 2834 715 2895 tempore
772 2827 999 2891 utiliter,
1051 2845 1173 2899 qua:
1231 2830 1288 2884 in
1343 2833 1629 2889 venatione
1677 2843 1836 2906 capta
1885 2845 2046 2902 suat,

467 2919 685 2974 cautius
717 2919 996 2975 custodire
1024 2922 1303 2991 perdiscit.

965 3011 1206 3068 XXVIII.
1236 3044 1308 3055 ——
1333 3014 1541 3072 Eidem.

543 3095 753 3152 Bonum
783 3098 1029 3171 illudque
1051 3104 1558 3172 auspicatissimum
1585 3114 1672 3163 est
1704 3108 2073 3179 pervigilium-

469 3190 561 3259 iis,
597 3192 693 3262 qui
729 3207 981 3248 somnum
1023 3196 1219 3251 mortis
1260 3196 1504 3251 vicinum
1554 3198 1831 3256 discutere
1865 3201 2050 3257 animo

470 3292 717 3346 versant,
750 3291 1015 3355 tantoque
1035 3287 1235 3357 maius,
1265 3297 1533 3357 quantum
1565 3299 1621 3344 et
1642 3288 1910 3347 Dominus
1932 3293 2050 3363 ipse

473 3372 530 3428 id
557 3376 827 3441 exercuit,
863 3377 1083 3448 sibique
1110 3378 1386 3434 familiare
1410 3378 1561 3446 fecit,
1589 3380 1645 3436 in
1690 3382 2052 3453 dispositione

485 3467 791 3521 secundum
822 3483 1072 3534 carnem,
1114 3478 1175 3524 ut
1219 3471 1393 3524 tradit
1429 3470 1610 3526 Lucas
1647 3490 1661 3527 :
1718 3489 1738 3524 ι
1780 3472 1912 3529 Erat
1957 3472 2052 3530 Je-

472 3573 571 3613 stts
616 3568 952 3631 pernoctans
1006 3562 1061 3616 in
1104 3563 1355 3617 oratione
1390 3561 1484 3619 Dei
1514 3563 1582 3628 ",
1626 3582 1645 3615 ι
1709 3579 1877 3635 Opere
1931 3566 2051 3636 ipso

474 3660 577 3701 nos
609 3646 916 3725 instruens,
950 3648 1199 3721 Magistri
1245 3651 1404 3721 sequi
1446 3653 1698 3722 vestigia.
1729 3651 2053 3723 Propterea-

475 3756 585 3808 que
612 3739 853 3804 dicebat,
889 3759 908 3794 ι
967 3741 1227 3813 Vigilate,
1279 3754 1338 3801 et
1387 3753 1561 3810 orate,
1602 3762 1673 3802 ne
1726 3747 1946 3803 intretis
1998 3749 2052 3802 in

477 3831 837 3887 tentationem
860 3834 929 3889 ”.
971 3852 991 3887 ι
1029 3833 1133 3901 Qui
1162 3853 1293 3891 vero
1324 3846 1482 3893 erant
1506 3854 1538 3894 e
1573 3839 1837 3895 comitatu
1862 3839 2053 3907 Pauli,

473 3930 534 3978 et
562 3922 710 3989 Silet,
736 3925 1161 3982 emolumentum
1193 3929 1392 4000 vigilia:
1444 3931 1837 4001 percallentes,
1873 3932 2056 3988 media

474 4022 638 4070 nocte
668 4016 965 4073 laudabant
997 4018 1165 4075 Deum
1190 4021 1257 4076 ”.
1290 4021 1355 4077 Et
1389 4022 1560 4077 David
1592 4023 1669 4081 ait
1696 4042 1709 4078 :
1738 4043 1757 4075 ι
1798 4024 2054 4097 Vigilavi,

474 4111 531 4160 et
570 4104 749 4162 lactus
784 4122 908 4162 sum
955 4108 1099 4163 sicut
1126 4124 1318 4179 passer
1348 4108 1629 4168 solitarius
1667 4114 1722 4168 in
1753 4122 1896 4170 tecto
1929 4116 1997 4182 ³¹,
2028 4135 2047 4169 ι

477 4194 674 4264 pennis
707 4210 907 4265 nempe
949 4198 1288 4265 praevalens,
1325 4214 1432 4253 non
1472 4215 1567 4269 per
1598 4210 1799 4256 terrain
1834 4219 2053 4273 repens,

478 4284 573 4335 sed
601 4281 658 4336 in
691 4289 855 4347 tecto,
887 4291 941 4336 et
980 4283 1033 4337 in
1068 4287 1386 4340 summitate
1432 4288 1651 4344 virtutis
1680 4303 2052 4346 commorans.

2140 1823 2489 1893 φυλάξωμεν,
2554 1824 2698 1895 ἆπερ
2744 1824 2809 1877 ὲκ
2856 1823 2956 1893 τῆς
3007 1820 3315 1892 ἀγρυπνίας
3368 1819 3733 1873 ἐνεκολπισά-

2145 1913 2301 1982 μεθα.
2361 1913 2426 1967 Εί
2461 1913 2519 1967 δὲ
2570 1915 2666 1968 καὶ
2714 1913 2975 1967 ἀπολέσαι
3033 1911 3319 1983 συμϐαίνει
3364 1910 3528 1981 μέρος
3578 1910 3733 1980 ἡμᾶς

2140 2004 2318 2073 ὀλίγον
2355 2004 2389 2076 ἢ
2434 2004 2745 2067 πολλοστὸν,
2803 2004 2960 2058 ἱκανά
2999 2003 3094 2057 καὶ⁸
3159 2002 3228 2056 τά
3276 1999 3731 2073 παραλειφθέντα

2142 2098 2441 2169 ἐπαρκέσαι
2491 2098 2628 2168 πρὸς
2670 2097 2943 2168 σωτηρίαν
2976 2096 3086 2157 τοῖς
3130 2092 3346 2163 νηπίοις
3377 2092 3477 2163 τὴν
3525 2091 3728 2173 φρένα.

2143 2187 2262 2242 Κᾶν
2312 2187 2420 2259 γάρ
2476 2186 2686 2257 ίξευτὴς
2720 2186 2982 2249 πολλάκις
3012 2184 3207 2240 ἑκατὸν
3233 2181 3556 2254 τεθηρακὼς
3594 2198 3732 2251 τρυ-

2144 2279 2305 2347 γόνας
2332 2282 2390 2333 ὲν
2417 2278 2496 2350 τῷ
2527 2277 2702 2350 ἀγρῷ,
2732 2279 2829 2331 καὶ
2854 2277 3059 2348 χαίρων
3092 2274 3481 2336 ὲναποκλείσας
3530 2271 3730 2336 αύτάς,

2146 2370 2243 2434 εἴτ’
2271 2370 2330 2436 ἐξ
2356 2368 2687 2440 ἀπροσεξίας
2711 2367 2771 2421 τὸ
2789 2367 2994 2439 τρίτον,
3017 2366 3052 2439 ἢ
3074 2365 3135 2418 τὸ
3156 2364 3399 2437 δίμοιρον
3427 2362 3726 2425 ἀπολέσας,

2144 2461 2223 2532 τῷ
2258 2459 2654 2516 ύπεκδεδυκότα
2705 2458 3036 2528 πεφευγέναι
3088 2455 3158 2510 τά
3207 2453 3385 2525 πτηνά
3418 2495 3431 2518 ,
3491 2454 3550 2506 ἐν
3614 2454 3729 2515 τοῖς

2148 2549 2522 2620 ὑπολειφθεῖσι
2558 2551 2658 2621 τὴν
2690 2550 2928 2620 ἀθυμίαν
2957 2548 3208 2611 ἀνέλυσε,
3256 2547 3348 2600 καὶ
3400 2543 3727 2617 παρεμυθή-

2149 2660 2282 2696 σατο
2317 2642 2415 2715 τὴν
2447 2643 2640 2696 ἑαυτοῦ
2672 2643 2926 2715 καρδίαν,
2968 2643 3029 2696 ού
3060 2642 3246 2704 κεναῖς
3275 2633 3463 2711 χερσὶν
3492 2640 3728 2707 ἐπανερ-

2152 2734 2383 2805 χόμενος
2411 2736 2489 2799 εἰς
2512 2733 2602 2787 τὸν
2632 2733 2760 2788 ῐδιον
2788 2730 2956 2798 οἷκον,
2993 2733 3129 2787 ἀλλά
3179 2732 3411 2804 μερικὴν
3460 2728 3726 2798 εὐπορίαν

2149 2828 2562 2899 ἐπιφερόμενος,
2595 2824 2692 2881 νῦν
2716 2827 2875 2892 τέως,
2900 2828 2992 2880 καὶ
3016 2825 3179 2880 πάλιν
3208 2826 3285 2888 εἰς
3307 2823 3367 2877 τὸ
3397 2822 3521 2899 ἑξῆς
3554 2821 3726 2889 ἀσφα·

2148 2919 2391 2986 λίζεσθαι
2406 2919 2692 2990 χρησίμως
2716 2918 2786 2973 τά
2814 2916 3112 2992 θηρώμενα
3141 2914 3475 2979 παιδευθείς.

2665 3011 2800 3063 KH’.
2823 3038 2893 3049 -
2918 3008 3001 3073 Τῷ
3027 3007 3209 3072 αὐτῷ.

2221 3101 2492 3170 Μέγιστον
2531 3098 2736 3169 ἀγαθόν
2765 3101 2912 3153 ἐστιν
2943 3098 2977 3170 ὴ
3007 3098 3284 3171 ἀγρυπνία
3318 3098 3434 3175 τοζς
3464 3094 3719 3169 ἀποσείε-

2151 3193 2274 3247 σθαι
2299 3194 2393 3247 τδν
2418 3193 2636 3263 γείτονα
2673 3191 2904 3245 θανάτου
2934 3189 3101 3243 ῦπνον
3129 3188 3606 3261 προαιρουμένοις,
3631 3188 3721 3239 καὶ

2147 3286 2388 3355 τοσούτῳ
2439 3284 2606 3355 μέγα,
2660 3284 2772 3354 ὅσῳ
2826 3283 2921 3336 καὶ
2953 3284 2982 3335 6
3009 3281 3289 3351 Δεσπότης
3331 3279 3494 3341 αὐτὸς
3559 3276 3717 3331 τοῦτο

2155 3374 2613 3448 μετελήλυθε,καὶ
2644 3372 2962 3445 ᾠκειώσατο
2993 3374 3052 3425 ὲν
3079 3373 3146 3444 τῇ
3176 3368 3461 3440 οἰκονομία
3484 3370 3552 3439 τῇ
3582 3368 3718 3421 κατὰ

2153 3470 2351 3541 σάρκα,
2393 3467 2467 3531 ὣς
2512 3484 2645 3539 φησι
2686 3466 2782 3522 καὶ
2807 3468 2838 3520 δ
2872 3466 3108 3530 Λουκᾶς,
3164 3464 3247 3519 ὅτι
3303 3480 3322 3513 ι
3352 3457 3462 3515 Ἦν
3517 3460 3717 3531 Ἰησοῦς

2151 3560 2576 3631 διανυκτερεύων
2612 3562 2670 3614 ὲν
2697 3562 2763 3631 τῇ
2791 3561 3068 3630 προσευχῇ
3094 3558 3188 3611 τοῦ
3215 3555 3374 3619 Θεοῦ,
3395 3574 3414 3605 ι
3456 3554 3716 3607 διδάσκων

2153 3652 2300 3722 ἡμᾶς
2325 3651 2392 3704 δι’
2423 3650 2586 3704 αὐτοῦ
2617 3649 2711 3703 τοῦ
2740 3650 2903 3721 ἔργου
2924 3647 3238 3704 ἀκολουθεῖν
3259 3649 3373 3711 τοῖς
3403 3646 3603 3715 ἴχνεσιν
3626 3642 3716 3696 τοῦ

2154 3740 2505 3795 Διδασκάλου.
2559 3741 2759 3811 Διόπερ
2807 3744 2903 3793 καὶ
2952 3738 3169 3807 ἐλεγενο
3218 3738 3585 3809 (Γρηγορεῖτε
3629 3735 3717 3789 καὶ

2154 3832 2547 3904 προσεύχεσθε,
2584 3832 2671 3886 ἵνα
2707 3833 2782 3903 μὴ
2809 3830 3087 3900 εἰσέλθητε
3117 3831 3198 3894 είς
3229 3829 3553 3901 πειρασμόν,
3580 3847 3599 3879 ι
3656 3829 3715 3881 Οί

2153 3924 2211 3979 δέ
2229 3942 2294 3995 γε
2316 3926 2445 3995 περὶ
2460 3922 2671 3978 Παῦλον
2695 3925 2791 3977 καὶ
2806 3923 2987 3988 Σίλαν,
3002 3922 3063 3976 τὸ
3074 3922 3263 3992 κέρδος
3279 3921 3378 3974 οὐκ
3403 3918 3717 3988 ἀγνοοῦντες

2156 4016 2255 4087 τῆς
2298 4014 2625 4087 ἀγρυπνίας,
2667 4016 2796 4085 περὶ
2828 4014 2888 4068 τὸ
2922 4012 3273 4085 μεσονύκτιον
3330 4009 3579 4077 ἐδόξαζον
3630 4012 3714 4064 τὸν

2157 4108 2309 4161 Θεόν.
2350 4108 2459 4161 Καὶ
2489 4106 2655 4162 Δαυὶδ
2695 4104 2892 4176 φησίν·
2935 4124 2953 4156 ι
2991 4104 3367 4175 Ἦγρύπνησα,
3426 4104 3519 4157 καὶ
3544 4104 3715 4173 ἐγενό-

2160 4217 2268 4271 μην
2318 4198 2393 4263 ώς
2438 4196 2718 4269 στρουθίον
2773 4195 3005 4267 μονάζον
3045 4196 3138 4249 ἐπὶ
3193 4195 3464 4265 δώματος,
3490 4213 3509 4246 ι
3557 4195 3714 4266 ἧγουν

2157 4289 2441 4360 εῦπτερον,
2463 4289 2563 4341 οὐκ
2588 4287 2682 4341 ἐπὶ
2714 4287 2812 4358 τῆς
2848 4287 2953 4358 γῆς
2995 4286 3314 4358 συρόμενον,
3360 4284 3478 4338 ἀλλ’
3510 4286 3598 4338 ἐπὶ
3624 4282 3711 4338 τοῦ

478 4370 688 4444 Lingua
715 4388 949 4443 namque
1001 4377 1251 4446 supplice
1280 4379 1403 4433 vice
1463 4395 1723 4435 manuum
1786 4397 2047 4447 mearum,

2157 4381 2426 4448 δώματος,
2468 4379 2561 4433 καὶ
2608 4377 2701 4432 τοῦ
2749 4378 2915 4448 ὕψους
2957 4378 3056 4449 τῆς
3113 4378 3313 4448 ἀρετῆς
3351 4376 3709 4447 διαιτώμενον.

479 4464 626 4518 circa
685 4464 1070 4521 humanissimi
1118 4468 1210 4524 Dei
1270 4470 1435 4539 pedes
1489 4472 1883 4542 complicabam
1944 4490 2052 4539 me,

480 4557 795 4630 lacrymans
822 4577 838 4626 ;
863 4568 917 4615 et
938 4560 1142 4616 luteum
1175 4578 1272 4617 cor
1306 4578 1487 4617 meum
1521 4564 1810 4619 donarium
1846 4565 2052 4622 factum

481 4660 570 4704 est
603 4661 945 4721 argenteum,
981 4654 1068 4707 vel
1097 4670 1326 4710 aureum
1355 4674 1368 4711 :
1409 4664 1464 4711 et
1494 4657 1666 4713 altare
1716 4672 1908 4715 rursus
1942 4658 2052 4714 Do-

482 4740 616 4795 mini
649 4740 825 4796 factus
857 4758 979 4798 sum
1027 4743 1252 4801 humilis
1284 4745 1468 4808 homo,
1517 4746 1575 4801 in
1605 4762 1692 4809 me
1722 4748 1898 4818 gratia
1929 4764 2053 4803 car-

483 4837 657 4895 bones
699 4840 1031 4910 cognitionls
1077 4841 1179 4911 15
1232 4841 1556 4909 eﬁ'odiente,
1610 4850 1667 4899 et
1721 4844 2054 4901 sacriﬁcium

485 4929 736 5004 fragrans
770 4931 880 4989 Deo
908 4942 1183 5005 portante.

904 5084 909 5090 ’
1010 5113 1202 5169 XXIX.
1236 5144 1307 5156 -.
1340 5114 1543 5171 Eidem.

556 5203 802 5271 lntueor,
845 5205 1013 5261 frater
1064 5206 1172 5270 mi,
1214 5215 1265 5260 te
1307 5207 1476 5261 multa
1505 5208 1691 5265 scabie
1748 5213 2049 5267 secundum

490 5298 767 5353 internum
795 5299 1069 5353 hominem
1101 5297 1338 5353 obsitum
1370 5312 1399 5352 a
1426 5300 1608 5369 capite
1651 5317 1825 5375 usque
1863 5304 1931 5358 ad
1962 5320 2055 5375 pe-
2090 5298 2093 5317 ‘

489 5392 609 5458 des,
640 5407 705 5446 ex
733 5406 841 5461 qua
878 5404 1157 5459 nunquam
1186 5389 1440 5445 mundari
1471 5392 1698 5461 poteris,
1748 5394 1855 5451 nisi
1885 5407 2051 5451 noctu

490 5483 678 5554 vigilet
701 5482 932 5552 spiritus
958 5489 1086 5537 tuus
1113 5480 1179 5536 ad
1199 5479 1388 5551 Deum,
1415 5499 1516 5540 nos
1544 5484 1745 5541 divinis
1771 5489 2056 5561 praeceptis

600 5618 648 5647 ’θ
679 5616 821 5674 Psal.
869 5633 1128 5686 cuuis,
1163 5619 1216 5675 6.

1328 5621 1371 5654 ’⁷
1398 5619 1541 5679 Psal.
1582 5638 1844 5691 xxxxvm,
1880 5626 1933 5680 4.

568 5691 610 5723 ³⁸
635 5689 775 5747 l'sal.
816 5707 890 5760 cr,
921 5695 976 5746 8.

2002 5668 2009 5676 .
2041 5624 2085 5656 ³⁸
2124 5623 2253 5681 Luc.
2281 5623 2467 5690 v1,12.

2155 4472 2376 4544 Γλώττῃ
2408 4470 2516 4541 γὰρ
2542 4468 2802 4541 ίκετηρίῳ
2833 4467 2955 4522 ἀντὶ
2980 4467 3089 4522 τῶν
3121 4467 3322 4538 χειρῶν
3359 4484 3460 4537 μου
3490 4470 3596 4530 τοῖς
3624 4466 3709 4519 τοῦ

2156 4561 2538 4635 φιλανθρώπου
2591 4561 2727 4614 Θεοῦ
2789 4559 3039 4632 ἀοράτοις
3105 4559 3233 4613 ποσὶ
3284 4558 3709 4630 περιεπλεκόμην

2152 4656 2374 4721 κλαίων,
2401 4656 2493 4709 καὶ
2513 4656 2546 4725 ἠ
2570 4653 2821 4725 πηλώδης
2840 4671 2940 4725 μου
2971 4652 3165 4725 καρδία
3202 4650 3483 4723 κειμήλιον
3504 4651 3710 4721 γέγονεν

2153 4748 2444 4821 ἀργυροῦν,
2474 4748 2507 4820 ἢ
2530 4746 2784 4819 χρυσοῦν,
2810 4745 3305 4816 καὶθυσιαστήριον
3322 4743 3486 4796 πάλιν
3519 4742 3707 4814 Κυρίου

2156 4841 2531 4913 ἀπειργάσθην
2568 4843 2597 4894 ὁ
2628 4838 2882 4902 ταπεινὸς
2906 4838 3210 4909 ἄνθρωπος,
3251 4834 3708 4903 ἀνασκαλευούσης

2157 4937 2254 5005 τῆς
2292 4934 2513 5005 χάριτος
2555 4933 2614 4987 ὲν
2665 4930 2791 5001 ἐμοὶ
2823 4930 2948 4994 τοὺς
2991 4928 3244 4999 γνώσεως
3283 4927 3578 4999 ἄνθρακας,
3622 4927 3706 4981 καὶ

2155 5026 2347 5081 θυσίαν
2377 5023 2550 5096 εύώδη
2573 5022 2692 5094 Θεῷ
2724 5021 3121 5094 ἀναφερούσης.

2668 5115 2796 5169 ΚΘ’.
2814 5145 2883 5154 —
2904 5113 2987 5180 Τῷ
3015 5111 3195 5178 αὐτῷ.

2227 5207 2418 5261 Βλέπω
2464 5223 2547 5268 σε,
2599 5203 2813 5273 ἀδελφὲ,
2840 5205 2921 5257 ὅτι
2952 5203 3141 5273 ψώρας
3190 5200 3390 5272 πολλῆς
3447 5199 3705 5271 ἐμπεπλη-

2165 5304 2358 5373 σμένος
2383 5300 2650 5370 ὑπάρχεις
2680 5296 2820 5351 κατά
2849 5296 2940 5350 τὸν
2970 5297 3077 5349 ἔσω
3107 5294 3392 5365 ἄνθρωπον
3420 5293 3528 5348 ἀπὸ
3550 5309 3701 5362 κεφα·

2160 5396 2261 5465 λῆς
2284 5395 2390 5457 ἓως
2413 5391 2606 5457 ποδῶν,
2634 5385 2699 5461 ἧς
2731 5392 2830 5443 ούκ
2858 5389 2923 5443 ἂν
2949 5388 3132 5442 δύναιο
3169 5386 3532 5459 καθαρθῆναι,
3565 5387 3607 5438 εί
3634 5387 3699 5454 μὴ

2159 5487 2223 5539 ὲκ
2248 5484 2440 5548 νυκτὸς
2455 5482 2698 5556 ὀρθρίζει
2728 5482 2791 5535 τὸ
2822 5479 3040 5551 πνεῦμά
3067 5497 3159 5532 σου
3188 5479 3321 5550 πρὸς
3349 5478 3439 5532 τὸν
3478 5477 3602 5531 Θεὸν
3622 5478 3699 5530 τὸν

2580 5621 2623 5651 "
2664 5602 2849 5674 Mattli.
2891 5632 3039 5681 xm,
3069 5615 3157 5681 Μ,
3268 5616 3311 5646 ³ο
3344 5612 3463 5669 Act.
3498 5611 3693 5675 xvr,25.
