3882 6036
165 193 240 255 97
1402 197 1932 259 EPISTOLARUM
1972 203 2135 273 LIB,
2160 207 2207 266 ῐ.
2806 174 2807 181 Ν
3350 212 3425 276 ss

163 304 489 374 φωτίζοντα
510 307 658 376 ἡμᾶς
680 309 795 370 τοῖς
821 307 988 371 θείοις
1033 306 1441 380 προστάγμασι,
1495 311 1591 365 καὶ
1622 312 1751 376 ζωο-

1859 311 2281 381 illuminantem,
2315 324 2369 371 et
2405 318 2768 374 viviﬁcantem
2808 320 2863 375 in
2913 322 3166 378 socordia
3202 325 3421 382 demor-

161 393 445 449 ποιοῦντα
460 398 586 457 τοὺς
612 397 671 448 έν
697 399 763 467 τῇ
792 398 1021 468 ἀμελείᾳ
1042 398 1496 469 νενεκρωμένους,
1536 400 1629 453 καὶ
1653 401 1751 470 τῆς

162 484 233 549 ἐξ
290 484 464 555 ὕψους
511 487 701 556 σοφίας
744 486 844 559 τὴν
888 487 1079 559 δρόσον
1137 490 1465 559 παρέχοντα,
1515 490 1751 561 ίωμένην

160 579 366 630 πᾶσαν
398 578 551 631 νόσον
576 578 776 650 ψυχῆς,
802 581 895 633 καὶ⁸
930 582 1113 633 πᾶσαν
1155 581 1457 650 μαλακίαν·
1495 598 1518 636 ι
1549 582 1615 635 Ἦ
1643 582 1750 652 γὰρ

159 668 373 739 δρόσος
401 671 553 742 παρά
570 670 685 735 σοῦ,
714 673 879 742 φησιν
906 673 939 743 ἡ
967 671 1180 744 Γραφὴ,
1212 673 1350 743 ίαμα
1369 674 1551 739 αὐτοῖς
1566 676 1703 728 ἐστι.
1725 693 1744 726 ι

162 760 292 812 Καὶ
332 760 497 814 πάλιν
543 760 691 830 λέγει
735 763 764 815 6
812 762 980 826 Θεόςο
1044 764 1199 819 «Καὶ
1252 764 1445 836 ἔσομαι
1499 765 1647 835 αύτῷ
1675 766 1751 829 ὡς

155 850 393 919 δρόσος,
437 852 531 906 καὶ
588 853 810 923 ἀνθήσει
854 854 931 919 ώς
991 855 1192 928 κρίνον.
1219 873 1239 907 ι
1290 857 1437 929 Αὕτη
1490 857 1669 928 τοίνυν
1714 857 1752 928 ἡ

159 941 396 1012 δρόσος,
428 942 732 999 ἐπελθοῦσα
762 944 856 998 καὶ
882 944 979 998 νῦν
1001 948 1069 1017 τῇ
1103 947 1168 1001 ἐκ
1215 947 1525 1018 φιληδονίας
1559 949 1752 1019 φλεγο-

163 1034 324 1107 μὲν-ῃ
354 1034 556 1106 καρδίᾳ
600 1052 715 1099 σου,
751 1036 845 1089 καὶ
876 1036 1232 1109 διασυρίσασα
1266 1039 1536 1110 πνεύματι
1578 1040 1752 1110 γαλη-

160 1126 363 1197 νιαίῳ,
399 1128 496 1180 καὶ
535 1127 679 1199 αὖρα
703 1129 807 1182 τινὶ
835 1129 1106 1202 εἰρηνικῇ,
1138 1131 1235 1185 καὶ
1260 1132 1451 1204 λεπτῇ,
1485 1132 1750 1198 ὲκτινάξει

162 1234 274 1271 σου
296 1220 403 1289 τὴν
430 1219 601 1287 φλόγα
633 1219 822 1291 ὥσπερ
844 1222 944 1291 τῆς
974 1222 1320 1285 Βαϐυλωνίας
1341 1226 1471 1278 ποτὲ
1499 1224 1749 1294 καμίνου,

162 1312 275 1363 καὶ
295 1310 585 1380 ἀναψύξει,
612 1312 705 1365 καὶ
736 1312 900 1365 σώσει
923 1330 981 1366 σε
997 1314 1173 1385 ἀληθῆ
1192 1314 1479 1384 φιλόσοφον
1507 1317 1751 1386 ἀπεργα-

163 1397 413 1470 ζομένη,
438 1402 535 1455 καὶ
564 1400 827 1456 πείθουσα
884 1405 1081 1474 μηκέτι
1119 1406 1289 1460 πολλὰ
1313 1405 1613 1472 καθεύδειν,
1638 1407 1753 1461 ἀλλ’

165 1493 488 1564 ἀγρυπνεῖν
517 1493 788 1565 ἐκθύμως.

734 1585 810 1641 Λ’.
833 1617 902 1627 —-
920 1586 1004 1653 Τῷ
1032 1587 1212 1655 αὐτῷ.

243 1678 467 1750 Ὥσπερ
490 1678 595 1750 χρὴ
620 1678 710 1732 τδν
746 1678 923 1744 ζῶντα
949 1680 1038 1735 διὰ
1070 1682 1272 1747 παντὸς
1300 1683 1577 1749 ἀναπνεῖν,
1612 1682 1754 1737 οὓτω

169 1765 287 1836 χρὴ
318 1766 588 1836 διηνεκῶς
624 1768 969 1838 ἐπιτηδεύειν
1010 1770 1103 1823 καὶ
1148 1773 1623 1845 μεταχειρίζεσθαι
1654 1774 1754 1843 τὴν

171 1858 356 1929 καλὴν
388 1858 717 1930 ἀγρυπνίαν,
754 1861 849 1913 καὶ
902 1863 1186 1931 μιμεῖσθαι
1247 1868 1359 1928 τοῖς
1385 1866 1621 1935 ψαλμοῖς
1662 1866 1755 1919 καὶ

170 1952 292 2012 τοῖς
336 1948 529 2019 ὕμνοις
564 1949 625 2003 τὸ
650 1949 750 2019 τῆς
796 1950 1159 2022 μελιφθόγγου
1187 1955 1408 2026 ἀηδόνος
1452 1957 1749 2028 ἄγρυπνον,

168 2044 346 2113 ἡνίκα
370 2044 435 2097 ἂν
473 2043 697 2108 ἑπυάζει
732 2044 801 2098 δι’
828 2046 956 2116 ὅλης
978 2047 1171 2111 νυκτὸς
1203 2049 1305 2103 οὐκ
1332 2050 1755 2121 ἀποπαυομένης

170 2134 275 2187 τοῦ
302 2134 581 2205 μελῳδεῖν.
604 2134 775 2188 Τοῦτο
802 2135 911 2206 γάρ
934 2153 1029 2190 σου
1062 2139 1357 2204 ποιοῦντος,
1376 2141 1476 2195 οὐκ
1509 2141 1754 2207 ἀνέξεται

169 2229 202 2278 ὁ
234 2226 437 2298 ἐχθρὸς
464 2225 829 2298 πολυχρονίως
856 2228 1213 2305 παρεδρεύειν
1243 2247 1347 2294 σοι,
1380 2230 1527 2302 ὁρῶν
1564 2230 1754 2285 ἑαυτὸν

170 2317 606 2390 ὑποθλιϐόμενόν
639 2335 698 2372 τε
738 2319 832 2373 καὶ
867 2321 1316 2392 ὲξουθενούμενον
1353 2322 1457 2374 ὐπὸ
1501 2320 1617 2385 σοῦ,
1658 2322 1753 2376 καὶ⁸

171 2410 293 2471 τοῖς
335 2408 438 2478 τῆς
467 2410 746 2481 ἀγρύπνου
786 2413 953 2485 εὐχῆς
989 2413 1367 2485 κεντητηρίοις
1406 2414 1752 2485 ηθεκάστην

172 2494 618 2573 τιτρωσκόμενον
646 2504 838 2560 νύκτα.

708 2599 833 2653 AA'.
850 2628 920 2639 —
936 2596 1021 2662 Τῷ
1048 2596 1227 2663 αὐτῷ.

253 2684 441 2739 Καλὸν
473 2685 573 2755 μὲν
619 2688 679 2741 τὸ
702 2680 1091 2762 ἀρεμϐάστως,
1135 2692 1228 2742 καὶ
1250 2688 1663 2759 ἀμετεωρίστως
1682 2690 1750 2759 τῇ

172 2781 450 2852 νυκτερίῳ
506 2779 638 2851 εὐχῇ
691 2783 1199 2854 προσπαραμένειν.
1248 2782 1311 2834 El
1356 2781 1413 2834 δὲ
1454 2779 1597 2835 κατά
1628 2796 1751 2832 τινα

178 2875 491 2946 πειρασμὸν
540 2874 804 2946 συμϐαίη,
867 2875 963 2929 καὶ
1014 2874 1261 2944 αίσχροῖς
1315 2888 1425 2925 τισι
1473 2870 1752 2941 λογισμοῖς

1850 407 1998 466 tuos,
2026 411 2082 459 et
2112 420 2179 460 ex
2202 408 2423 463 excelso
2457 424 2638 463 rorem
2683 411 2991 481 sapientiae,
3024 417 3115 483 qui
3149 431 3422 486 quemque

1852 494 2019 549 animi
2058 497 2332 563 morbum,
2362 508 2417 554 et
2448 508 2700 556 cunctam
2733 502 3019 559 mollitiem
3062 515 3242 571 sanat,
3281 524 3417 578 pra:-

1857 587 2099 644 bentem.
2140 610 2158 642 ι
2186 589 2299 647 Bos
2329 593 2499 659 enim,
2563 594 2639 649 ait
2670 594 2978 665 Scriptura,
3013 613 3081 651 cx
3107 607 3159 653 te
3187 600 3427 654 medica-

1852 689 2096 735 mentum
2127 683 2236 739 illis
2263 692 2368 740 est.
2427 702 2445 736 ι
2484 685 2837 756 Rursumque
2884 687 3020 743 dicit
3054 687 3237 744 Deus:
3278 709 3298 741 ι
3361 690 3425 744 Iit

1850 786 1947 825 ero
1976 772 2077 842 ipsi
2110 782 2169 827 ut
2204 790 2315 843 ros,
2347 785 2402 831 et
2426 776 2638 833 ﬂorebit
2669 787 2726 834 ut
2759 780 2930 834 lilium
2965 781 3031 834 ".
3064 798 3083 832 ›
3108 780 3208 835 Hic
3241 782 3425 853 itaque

1852 877 1945 919 ros
1975 865 2273 922 adveniens
2296 869 2360 922 ad
2402 885 2499 925 cor
2526 878 2704 936 tuum,
2742 873 2891 942 quod
2938 874 3303 945 intemperiis,
3359 891 3425 929 ac

1850 956 2225 1028 voluptatibus
2254 963 2499 1029 exardet,
2532 973 2585 1020 et
2616 967 2815 1035 spiritu
2857 968 3179 1037 tranquillo,
3210 980 3264 1023 et
3293 984 3425 1023 aura

1852 1056 2063 1116 pacata,
2091 1058 2146 1103 et
2176 1049 2281 1105 leni
2308 1052 2562 1118 inﬂuens,
2613 1058 2925 1112 exturbahit
2960 1058 3209 1113 ﬂammas
3276 1069 3422 1124 tuas,

1852 1149 1913 1195 ut
1942 1139 2287 1213 Babylonica;
2302 1147 2579 1214 quondam
2610 1147 2875 1215 fornacis,
2906 1160 2962 1206 et
2990 1152 3337 1216 refocillabit,
3367 1164 3427 1208 et

1852 1230 2081 1285 salvabit
2115 1241 2200 1297 te,
2231 1251 2419 1291 verum
2448 1238 2688 1292 elliciens
2722 1240 3125 1311 philosophum.
3161 1243 3428 1299 suadens-

1852 1335 1959 1390 que
2001 1324 2056 1376 in
2101 1332 2377 1392 posterum
2421 1342 2529 1381 non
2566 1328 2730 1383 nimis
2755 1345 2949 1386 somno
2977 1331 3290 1404 indulgere,
3326 1333 3424 1389 sed

1852 1415 1997 1471 bono
2026 1417 2209 1471 animo
2241 1418 2456 1490 vigilem
2487 1429 2829 1489 pernoctare.

2377 1596 2544 1653 XXX.
2588 1629 2655 1640 -—
2694 1600 2901 1655 Eidem.

1786 1652 1829 1707 Β
1929 1684 2399 1749 Quemadmodum
2429 1703 2568 1757 opus
2600 1697 2687 1743 est
2723 1706 2870 1755 eum,
2904 1691 2996 1760 qui
3044 1692 3196 1757 vivit,
3245 1694 3427 1748 conti-

1857 1790 1969 1830 nuo
1994 1776 2288 1845 respirare,
2320 1778 2402 1831 sic
2433 1793 2661 1833 necesse
2680 1787 2766 1833 est
2793 1781 3059 1835 continuo
3090 1780 3263 1837 bonas
3290 1784 3427 1852 vigi-

1856 1867 1961 1922 lias
1997 1866 2281 1937 suscipere
2304 1907 2318 1931 ,
2354 1876 2409 1922 et
2447 1870 2694 1939 agitare,
2725 1871 3081 1941 aemularique
3110 1882 3165 1927 et
3199 1874 3426 1942 psalmis

1853 1967 1908 2015 et
1938 1959 2157 2030 hymnis
2206 1958 2467 2014 melliﬂuo
2498 1968 2667 2015 cantu
2730 1962 3047 2033 praeditam,
3087 1978 3153 2017 ac
3210 1964 3425 2034 vigilem

1854 2050 2165 2118 lusciniam,
2196 2065 2321 2105 cum
2346 2052 2437 2104 illa
2467 2051 2588 2107 ovis
2612 2054 2880 2108 incubans
2900 2069 2998 2123 per
3020 2062 3188 2108 totam
3213 2067 3425 2110 noctem

1852 2151 2075 2209 cantus,
2104 2157 2245 2213 quos
2273 2158 2556 2213 nunquam
2588 2144 2943 2199 remissiores
2994 2144 3149 2223 facit,
3201 2146 3334 2200 edit.
3368 2147 3427 2200 Id

1853 2238 1946 2292 ubi
1976 2238 2275 2309 peregeris,
2310 2238 2455 2292 haud
2498 2237 2797 2293 sustinebit
2837 2236 3190 2293 adversarius
3218 2238 3428 2294 diutius

1850 2330 1907 2385 in
1941 2338 1994 2383 te
2020 2329 2329 2392 immorari,
2373 2330 2567 2385 videns
2596 2344 2657 2384 se
2681 2329 2779 2384 abs
2826 2336 2878 2383 te
2909 2343 3183 2398 pressum,
3238 2331 3422 2396 negle-

1850 2429 2133 2491 ctumque,
2164 2428 2219 2474 et
2249 2420 2519 2475 orationis
2547 2418 2730 2490 vigilis
2765 2419 3159 2489 punctionibus
3176 2421 3426 2492 qualibet

1851 2521 2016 2569 nocte
2050 2513 2419 2568 vulneratum.

2312 2603 2417 2673 ιε
2444 2600 2637 2656 XXXI.
2657 2631 2728 2643 -
2751 2599 2960 2657 Eidem.

1920 2693 2133 2748 Bonum
2166 2694 2426 2764 equidem
2463 2702 2569 2758 est,
2598 2702 2923 2749 constanter
2950 2699 3114 2761 atque
3142 2692 3420 2748 submisse

1849 2784 1905 2839 in
1936 2794 2207 2840 nocturna
2261 2779 2515 2839 oratione
2561 2784 2901 2854 persistere:
2946 2784 2992 2838 si
3041 2797 3172 2837 vero
3202 2783 3273 2836 ob
3321 2782 3424 2835 ali-

1850 2893 2013 2948 quam
2063 2877 2418 2932 tentationem
2462 2876 2788 2945 contigerit,
2822 2883 2877 2931 et
2922 2876 3191 2931 obscenas
3220 2874 3428 2943 cogita-

179 2968 689 3039 παρακρουσθῆναι,
732 2967 998 3038 μηδαμῶς
1043 2965 1227 3039 παύσῃ
1250 2963 1346 3018 τοῦ
1374 2961 1541 3017 καλοῦ
1569 2961 1751 3057 ἐγχει-

1859 2958 2037 3026 tiones
2083 2970 2434 3039 interrumpi,
2489 2983 2520 3022 a
2568 2969 2742 3038 probo
2785 2967 2902 3037 ipse
2955 2974 3179 3031 conatu,
3238 2965 3425 3035 vigilia

181 3061 253 3131 ρή
264 3077 431 3130 ματος
458 3059 558 3129 τῆς
574 3058 897 3129 ἀγρυπνίας,
923 3058 1037 3112 ἀλλ’
1061 3057 1358 3127 ἐπίμεινον,
1389 3056 1482 3109 καὶ
1513 3052 1754 3108 παλαιώ-

180 3154 308 3225 θητι
336 3154 394 3205 ὲν
416 3152 492 3223 τῷ
513 3151 741 3222 τοιούτῳ
765 3150 931 3222 ἔργῳ,
970 3150 1062 3204 καὶ
1086 3150 1300 3212 πάντως
1334 3152 1393 3202 έν
1424 3146 1503 3219 τῷ
1546 3147 1755 3219 προσή-

180 3263 335 3299 κοντι
368 3243 545 3315 καιρῷ
571 3244 864 3315 τρυγήσεις
880 3243 1006 3307 τοὺς
1042 3241 1288 3312 καρποὺς
1316 3240 1413 3311 τῆς
1451 3239 1663 3309 σοφίας.
1691 3241 1754 3293 Εἰ

178 3336 242 3392 δέ
277 3353 362 3400 τις
391 3334 630 3406 βούλοιτο
651 3335 837 3405 ἀργῶν
855 3334 1089 3405 τρυφᾷν,
1114 3333 1205 3386 καὶ
1239 3331 1632 3402 μεθύσκεσθαι,
1660 3332 1755 3384 καὶ

183 3426 500 3482 κολακεύειν
536 3428 635 3498 τὴν
658 3427 847 3497 κοίτην
871 3424 1063 3479 ἑαυτοῦ
1094 3424 1449 3495 χαριζόμενος
1477 3422 1630 3494 ὕπνῳ
1661 3424 1756 3476 καὶ¹

181 3521 244 3572 οὐ
268 3519 408 3591 Θεῷ,
446 3520 686 3592 βλεπέτω
712 3518 842 3581 τοὺς
880 3519 944 3571 ὲκ
986 3516 1088 3587 τῆς
1122 3514 1431 3586 παχύτητος
1460 3514 1756 3569 ἐπανατέλ-

183 3612 377 3677 λοντας
424 3616 491 3683 τῇ
543 3611 743 3685 καρδίᾳ
784 3607 1006 3681 λοιμούς
1051 3625 1111 3662 τε
1157 3609 1252 3662 καὶ
1298 3609 1573 3679 μυσαροὺς
1610 3607 1758 3676 λογι-

188 3702 376 3769 σμοὺς,
409 3703 503 3755 καὶ
527 3701 933 3774 όνειροπολείτω
950 3700 1155 3764 λοιπὸν,
1174 3700 1267 3754 καὶ
1290 3699 1641 3771 προσδοκάτω
1655 3702 1755 3770 τὴν

184 3792 391 3846 οἰκείαν
419 3793 628 3847 πτῶσιν
660 3811 721 3847 τε
760 3794 856 3848 καὶ
884 3790 1181 3846 ἀπώλειαν.
1238 3791 1379 3860 Ἐγὼ
1410 3790 1519 3861 γὰρ
1548 3791 1676 3845 ἀλλο
1701 3809 1754 3846 τι

185 3880 281 3934 νῦν
324 3883 497 3936 εἰπεῖν
545 3884 646 3937 οὐκ
677 3883 868 3949 ἀνέξω,
912 3882 1230 3944 ὅτιιπάντες
1269 3883 1319 3934 οἱ
1365 3882 1623 3954 σαρκικοὶ
1662 3881 1754 3935 τὸν

185 3971 385 4046 τρόπον
406 3974 512 4041 ἔξω
535 3974 632 4045 τῆς
664 3973 941 4045 βασιλείας
981 3974 1327 4044 ριφήσονται.

520 4066 729 4119 AB'.--
748 4066 998 4136 zoxuuo
1032 4063 1413 4134 ΟΙΚΟΝΟΜῼ.

266 4156 325 4210 '0
353 4156 454 4227 μὲν
465 4157 667 4226 φαῦλος
697 4161 925 4228 τάχιστα
953 4156 1017 4209 ἂν
1046 4153 1344 4224 καταγνοίη
1373 4153 1585 4208 καὶτοῦ
1612 4155 1751 4223 ἀγα-

188 4247 317 4302 θοῦ·
365 4251 395 4302 6
422 4249 479 4303 δὲ
505 4249 709 4317 ἀγαθὸς
778 4248 899 4301 οὐδὲ
939 4246 1033 4302 τοῦ
1079 4245 1250 4300 κακοῦ
1288 4245 1507 4317 ῥᾳδίως.
1538 4246 1611 4300 Τὸ
1643 4247 1750 4317 γὰρ

186 4342 266 4405 είς
286 4340 484 4395 κακίαν
507 4340 606 4410 ούχ
637 4340 874 4411 ἕτοιμον,
902 4339 1023 4392 οὐδὲ
1051 4339 1131 4401 είς
1151 4338 1404 4392 ὑπόνοιαν
1435 4338 1678 4409 εὐχερὲς.
1783 4357 1827 4413 ι)

699 4524 822 4577 AI".
841 4554 909 4565 —-
932 4521 1016 4588 Τῷ
1062 4524 1242 4589 αὐτῷ.

266 4618 325 4671 '0
395 4614 579 4688 μοιχὸς
627 4614 831 4678 πάντας
887 4613 1205 4683 ἀνθρώπους
1256 4617 1464 4687 νομίζει
1535 4620 1754 4689 μοιχοὺς

190 4707 346 4775 εἶναι,
379 4708 474 4760 καὶ
505 4708 534 4760 6
558 4705 794 4775 κλέπτης
825 4704 1030 4768 πάντας
1068 4706 1268 4775 ὁμοίως
1308 4707 1542 4771 κλέπτας
1575 4710 1752 4779 ύπάρ-

189 4819 300 4874 χειν
347 4799 514 4853 οἴεται
539 4814 552 4828 ⁸
593 4801 627 4852 6‘
652 4798 711 4851 δὲ
744 4796 996 4867 σώφρων,
1031 4797 1125 4869 καὶ
1167 4797 1342 4866 ἅγιος,
1372 4800 1469 4853 καὶ
1501 4800 1754 4870 θεοφιλὴς

190 4892 323 4964 ἀνὴρ
362 4892 570 4954 πάντας
595 4888 914 4961 ἀνθρώπους
939 4887 1214 4959 λογίζεται
1248 4891 1427 4954 ὁσίους
1468 4892 1752 4962 τυγχάνειν

191 4984 281 5038 καὶ
304 4981 561 5044 δικαίους.
610 4981 682 5034 Σὺ
730 4980 776 5034 δ’
828 4979 919 5033 ἐπὶ
958 4980 1220 5051 πονηρίαν
1268 4982 1332 5034 ἐκ
1386 4983 1610 5053 μακρῶν
1645 4983 1753 5037 τῶν

191 5071 391 5140 χρόνων
425 5068 747 5133 ἐξάκουστος
774 5068 1056 5139 ὑπάρχων,
1084 5072 1294 5132 πάντας
1322 5072 1561 5141 νομίζεις
1582 5090 1749 5145 πονηο

197 5163 316 5235 ρούς
346 5165 532 5216 τεκαὶ
570 5161 940 5233 φαυλοτάτους
980 5157 1140 5226 εἶναι,
1177 5163 1271 5218 καὶ
1305 5167 1417 5228 τοῖς
1447 5167 1579 5220 πᾶσι
1623 5168 1749 5231 τοὺς

195 5255 391 5317 πάντας
422 5254 728 5318 διαδάλλεις
767 5255 1132 5326 καθεκάστην,
1168 5255 1243 5319 ὡς
1281 5256 1607 5328 μοχθηροὺς,
1653 5260 1749 5314 καὶ

196 5343 427 5405 σκαιοὺς.
461 5343 555 5396 καὶ
585 5344 725 5413 ἀγαν
754 5344 1085 5415 ἀλιτηρίους.

500 5434 620 5489 ΛΔ’.
644 5464 714 5476 .-
756 5436 1087 5505 merome
1128 5436 1432 5509 ΜοΝΑΧο.

262 5526 350 5597 Μὴ
371 5526 491 5580 θέλε
514 5527 603 5581 τδν
629 5529 930 5602 ἡγούμενόν
980 5546 1074 5583 σου
1113 5523 1251 5583 εἶναι
1283 5530 1445 5599 σοφὸν
1464 5530 1542 5602 τῷ
1569 5531 1729 5603 λόγῳ·

264 5641 305 5673 ³¹
335 5638 494 5697 Osee.
517 5658 627 5698 xrv.
659 5643 713 5698 6.

1856 3078 2051 3133 nempe
2075 3103 2090 3126 ,
2128 3078 2200 3117 ne
2230 3063 2497 3124 desistas,
2548 3060 2643 3116 sed
2692 3075 3014 3131 persevera,
3067 3070 3122 3114 et
3161 3060 3217 3113 in
3257 3058 3424 3114 simili

1855 3156 2208 3229 aggressione
2263 3155 2646 3219 inveterasce,
2697 3155 2779 3208 sic
2833 3154 3062 3208 omnino
3118 3162 3425 3222 opportuno

1854 3258 2101 3319 tempore
2136 3247 2420 3318 sapientiai
2452 3246 2667 3302 fructus
2695 3246 2960 3301 demetes.
2993 3245 3150 3313 Quod
3197 3245 3244 3300 si
3268 3245 3424 3315 quis-

1857 3340 2002 3407 piam
2031 3338 2269 3392 voluerit
2311 3337 2365 3391 in
2407 3336 2522 3391 otio
2566 3336 2834 3400 deliciari,
2866 3345 2920 3390 et
2951 3335 3231 3403 inebriari,
3283 3344 3338 3391 et
3367 3336 3422 3390 iu
3462 3404 3467 3415 .

1853 3429 2054 3484 lectulo
2080 3428 2312 3496 obsequi
2342 3441 2444 3481 suo
2471 3439 2689 3486 somno,
2717 3432 2773 3479 et
2800 3439 2908 3478 non
2946 3424 3053 3479 Deo
3088 3439 3296 3481 morem
3329 3438 3423 3494 ge-

1854 3535 2009 3584 rere,
2059 3518 2369 3575 consideret
2401 3519 2472 3572 oh
2510 3516 2893 3587 pinguedinem
2931 3518 2986 3571 in
3033 3515 3218 3570 animo
3257 3530 3424 3571 exor-

1853 3620 1975 3675 tas,
2018 3609 2308 3681 pestiferas
2345 3617 2400 3663 et
2425 3608 2796 3664 exsecrandas
2847 3608 3239 3679 cogitationes,
3270 3617 3322 3661 et
3365 3608 3422 3663 in

1854 3716 2133 3776 posterum
2182 3700 2503 3772 praevideat,
2570 3708 2960 3771 exspectetque
3013 3701 3292 3771 proprium
3344 3700 3424 3753 Ia-

1853 3812 2009 3867 psum
2051 3802 2107 3850 et
2134 3794 2435 3849 interitum.
2472 3793 2591 3863 Ipse
2617 3794 2762 3848 enim
2795 3792 2943 3847 aliud
2991 3792 3273 3863 quidpiam
3306 3806 3416 3846 non

1852 3888 2055 3951 dicam,
2104 3885 2214 3940 nisi
2268 3885 2582 3947 veritatem,
2636 3898 2827 3939 omnes
2884 3898 3116 3939 carneos
3172 3884 3421 3938 moribus

1851 3985 2006 4031 extra
2039 3991 2267 4046 regnum
2292 3973 2440 4044 ejici.

2129 4064 2347 4119 XXXII.
2377 4094 2448 4106 —
2476 4061 2731 4119 ZOSIMO
2757 4062 3141 4120 (ECONOMO.

1923 4155 2206 4226 Improbus
2235 4154 2521 4210 celerrime
2573 4154 2840 4211 adversus
2889 4156 3120 4226 probum
3147 4156 3417 4227 judicium

1852 4248 2074 4303 dixerit.
2099 4246 2312 4303 Probus
2344 4260 2522 4316 neque
2574 4246 2841 4303 adversus
2884 4247 3085 4301 malum
3133 4262 3199 4304 ex
3248 4249 3417 4305 facili.

1850 4340 2005 4407 Quod
2029 4340 2174 4395 enim
2203 4339 2258 4394 in
2295 4338 2557 4395 malitiam
2602 4353 2836 4408 pronum
2864 4353 2972 4393 non
3001 4345 3106 4404 est,
3135 4355 3312 4411 neque
3352 4357 3419 4397 ex

1856 4431 2005 4486 facili
2040 4431 2095 4484 in
2125 4429 2491 4501 suspicionem
2524 4428 2689 4483 cadit.
2832 4470 2835 4473 .

2343 4516 2581 4572 XXXIII.
2613 4548 2684 4559 -—
2716 4517 2922 4573 Eidem.

1932 4610 2157 4666 Adulter
2194 4610 2459 4664 mortales
2491 4625 2683 4665 omnes
2703 4608 2986 4665 adulteros
3020 4626 3147 4667 esse
3171 4614 3420 4687 suspica-

1856 4712 1967 4768 tur,
1995 4710 2050 4757 et
2088 4701 2176 4756 fur
2216 4700 2468 4757 similiter
2497 4716 2692 4756 omnes
2742 4699 2892 4755 fures
2924 4717 3046 4758 esse
3094 4704 3413 4760 existimat:

1852 4802 1907 4848 et
1935 4792 2205 4863 prudens,
2239 4802 2464 4847 sanctus
2486 4831 2500 4854 ,
2558 4801 2613 4846 et
2660 4794 2781 4863 pius
2816 4792 2898 4846 vir
2949 4807 3139 4849 omnes
3169 4795 3417 4852 homines

1853 4893 2076 4939 sanctos
2108 4898 2232 4938 esse
2279 4897 2344 4937 ac
2381 4883 2563 4953 justos
2593 4884 2786 4939 credit.
2820 4886 2903 4939 Tu
2941 4900 3107 4955 porro
3136 4886 3190 4941 in
3224 4891 3416 4958 nequi-

1854 4980 1926 5033 tia
1957 4977 2159 5031 muitos
2185 4976 2387 5031 abhinc
2409 4992 2582 5031 annos
2605 4975 2921 5031 diﬂ‘amatus
2952 4992 3075 5032 cum
3103 4979 3201 5045 sis,
3226 4994 3416 5037 omnes

1856 5070 2029 5123 malos
2079 5083 2143 5121 ac
2188 5067 2559 5137 nequissimos
2601 5082 2724 5123 esse
2772 5069 3057 5138 Opinaris;
3113 5085 3416 5142 omnesque

1856 5159 1997 5230 apud
2032 5159 2318 5213 universos
2348 5158 2617 5229 quotidie,
2647 5168 2908 5230 tanquam
2949 5161 3052 5231 17
3082 5162 3331 5231 stolidos,
3360 5172 3417 5222 et

1856 5252 2092 5323 incptos,
2123 5258 2177 5306 et
2211 5265 2374 5321 quam
2399 5252 2637 5307 maxime
2663 5253 2959 5309 sceleratos
2988 5268 3239 5310 accusas.

2069 5445 2309 5505 XXXIV.
2334 5479 2401 5492 -—
2429 5446 2818 5505 SOPHRONIO
2855 5448 3205 5507 MONAC‘HO.

1920 5536 2280 5608 Praepositum
2325 5546 2479 5596 tuum
2528 5540 2832 5613 sapientem
2883 5558 3007 5599 esse
3060 5544 3115 5598 in
3161 5557 3413 5599 sermone
