3882 6036
497 206 575 271 99
1993 205 2055 265 S.
2091 204 2255 265 NILI

3645 202 3766 266 100

496 327 568 367 ne
606 309 837 382 cupito:
883 326 1062 383 neque
1092 312 1240 368 enim
1280 312 1377 385 qui
1428 313 1575 370 docti
1626 323 1756 369 sunt
1809 327 2055 371 sermone

2167 313 2226 365 οὐ
2249 312 2355 381 γὰρ
2385 312 2602 375 πάντως
2657 312 2708 365 oi
2763 312 2917 382 σοφοὶ
2954 312 3033 382 τῷ
3068 298 3613 385 λόγῳέὑαρεστοῦσι
3674 316 3768 385 τῷ

496 401 610 456 Deo
632 401 874 470 placent,
903 402 1001 456 sed
1031 400 1165 455 illud
1195 416 1418 468 conare,
1467 410 1528 457 ut
1572 402 1641 458 ad
1684 403 1847 456 linem
1886 414 2063 470 usque

495 490 777 559 ignoranti
805 490 1118 559 subjaceas,
1153 492 1244 561 qui
1270 493 1529 562 opinione
1562 492 1848 546 hominum
1874 488 2063 544 mundi

495 581 766 651 sapientia
791 582 1039 648 excellis;
1060 583 1141 638 sic
1156 584 1301 638 enim
1328 584 1672 647 humilitatis,
1691 590 1745 639 et
1767 596 1909 637 verte
1930 580 2061 637 sub-

496 673 781 731 missionis
821 673 1116 729 admodum
1140 674 1379 745 pretiosa
1442 690 1645 730 corona
1683 672 2063 731 exornaberis.

1000 763 1223 819 XXXV.
1250 795 1322 808 ——
1349 765 1561 821 Eidem.

561 853 709 910 Nihil
738 855 965 910 omnino
1019 864 1128 911 tua!
1164 856 1525 913 submissioni
1555 864 1611 913 et
1639 865 1848 928 pacatae
1872 857 2064 923 menti,

492 948 667 1001 multa
706 948 787 1002 tui
820 948 1038 1004 abbatis
1069 949 1127 1003 in
1165 964 1444 1017 sermone,
1487 949 1583 1022 qui
1628 965 1730 1007 ore
1760 949 2062 1024 profertur,

493 1036 829 1108 ignorantia,
872 1038 1208 1095 detrimento
1241 1040 1369 1095 erit.

990 1130 1231 1188 XXXVI.
1262 1162 1336 1174 —
1366 1132 1573 1188 Eidem.

568 1237 588 1272 ι
628 1219 772 1276 Deus
802 1229 993 1279 noster
1037 1223 1477 1280 misericordiam
1531 1232 1586 1281 et
1631 1224 1904 1295 judicium
1928 1223 2060 1280 dili-

489 1311 569 1383 git
590 1312 635 1342 ³³
666 1350 682 1376 ,
709 1331 728 1364 ι
766 1320 825 1367 ιιι
848 1313 990 1369 dixit
1017 1313 1187 1371 David
1220 1333 1235 1371 :
1266 1324 1325 1371 ut
1352 1333 1528 1388 neque
1559 1319 1931 1373 misericordia
1962 1333 2064 1374 nos

488 1402 776 1471 segniores
804 1405 1019 1470 reddat,
1052 1423 1232 1479 neque
1258 1408 1530 1478 judicium
1571 1410 1746 1466 solum
1777 1410 1833 1465 in
1862 1409 2061 1480 despe-

489 1492 760 1547 rationem
792 1493 1037 1550 inducat.
1071 1496 1321 1568 Namque
1352 1499 1466 1553 ait:
1498 1517 1518 1550 ‹
1544 1499 1599 1553 Si
1635 1499 1778 1555 Deus
1801 1500 2064 1556 observa-

2163 403 2300 475 Θεῷ,
2327 404 2443 458 ἀλλ’
2460 407 2637 459 ἐκεῖνο
2660 405 2914 478 ζήτησον,
2934 406 3083 471 ὅπως
3117 408 3183 461 ἂν
3204 408 3365 478 μέχρι
3391 408 3575 470 τέλους
3611 408 3766 460 ὑπιο-

2162 498 2333 567 ταγῇς
2356 495 2434 567 τῷ
2466 495 2652 570 ἰδιώτῃ
2683 499 2747 551 σὺ
2780 501 2808 552 6
2831 498 2909 569 τῷ
2936 498 3112 554 δοκεῖν
3148 499 3534 569 σεσοφισμένος
3553 502 3628 570 τῇ
3656 499 3761 551 τοῦ

2162 591 2370 661 κόσμου
2402 590 2586 662 σοφίᾳ,
2608 592 2706 660 τῆς
2720 591 3237 662 ταπεινοφροσύνης,
3268 592 3363 645 καὶ
3390 592 3488 661 τῆς
3507 608 3762 659 γνησιω-

2161 685 2332 757 τάτης
2363 684 2643 755 ὑποταγῆς
2672 683 2765 737 τὸν
2786 683 3156 756 πολυτίμητον
3190 683 3451 753 στέφανον
3476 684 3758 756 ἀναδήσῃ.

2688 777 2815 831 AE'.
2842 804 2911 816 --
2938 773 3024 841 Τῷ
3041 775 3223 842 αὐτῷ.

2234 871 2399 925 Οὐδὲν
2436 870 2497 923 τὸ
2543 870 2761 924 σύνολον
2793 869 3138 942 παραὸλάψει
3163 868 3263 941 τὴν
3309 867 3410 940 σὴν
3444 868 3758 939 ὑποταγὴν,

2164 962 2259 1017 καὶ
2289 961 2778 1033 μετριοφροσύνην,
2820 962 2855 1033 ἡ
2908 960 3081 1033 πολλὴ
3133 959 3275 1015 κατὰ
3298 960 3391 1015 τὸν
3412 961 3763 1033 προφορικὸν

2163 1052 2323 1124 λόγον
2341 1054 2548 1108 ίδιωτία
2572 1053 2667 1107 τοῦ
2705 1053 2799 1108 σοῦ
2826 1052 2991 1109 ἀὸὁᾶ.
3796 1070 3801 1071 ⁷

2680 1146 2821 1213 Δεῖν.
2849 1174 2916 1189 --
2938 1142 3212 1200 ΞεΝοΝι.

2239 1258 2260 1289 ‹
2307 1237 2366 1291 ’0
2393 1238 2526 1302 Θεὸς
2549 1236 2704 1309 ἡμῶν
2737 1238 2930 1309 ἀγαπᾷ
2951 1235 3322 1307 ἐλεημοσύνην
3367 1234 3462 1289 καὶ
3487 1235 3698 1307 κρίσιν,
3728 1252 3749 1286 ι

2163 1329 2345 1393 καθὼς
2376 1329 2564 1402 εἴρηκε
2589 1328 2753 1383 Δαυίδ
2772 1346 2787 1362 ·
2811 1329 2899 1382 ἵνα
2916 1330 3052 1400 μήτε
3069 1331 3097 1382 6
3122 1328 3270 1392 ἔλεος
3290 1327 3545 1399 χαυνώσῃ
3575 1329 3753 1397 ἡμᾶς.

2165 1422 2303 1492 μήτε
2339 1422 2473 1492 μόνη
2509 1423 2543 1493 ἠ
2573 1421 2753 1493 κρίσις
2785 1421 3097 1490 ἀπόγνωσιν
3122 1420 3507 1491 ἐνεργάσηται.
3545 1441 3563 1471 ι
3615 1422 3751 1474 Ἐὰν

2163 1514 2293 1585 γὰρ,
2315 1515 2470 1586 φησὶ,
2502 1514 2871 1586 παρατηρήσῃ
2908 1514 3137 1584 ἀνομίας
3161 1516 3189 1567 6
3209 1513 3362 1577 Θεὸς,
3401 1514 3483 1577 τίς
3504 1516 3754 1585 ὑποστή-

486 1582 631 1637 verit
660 1595 911 1654 peccata,
962 1588 1088 1657 quis
1129 1590 1424 1644 sustinebit
1451 1590 1531 1643 ³⁸2
1568 1609 1587 1642 ι
1625 1588 1755 1646 Vult
1788 1591 1958 1661 judex
1984 1594 2055 1649 tui

2168 1582 2419 1674 carata»
2451 1582 3061 1678 ﬂouleraiicsvmxptrijq
3086 1606 3328 1677 ἐλεῆσαι,
3360 1608 3455 1662 καὶ
3488 1608 3582 1662 τὸν
3621 1582 3755 1661 ἑαυ·

489 1676 782 1742 misereri,
841 1695 1108 1750 suamque
1152 1682 1592 1738 misericordiam
1646 1685 1951 1756 impertiri,
2014 1689 2055 1743 si

2167 1698 2258 1751 τοῦ
2291 1667 2605 1769 οἰκτείρμὸν
2651 1667 2997 1769 μεταδοῦναι,
3016 1667 3125 1751 ’έὰν
3176 1667 3323 1769 ε’ὖρῃν
3350 1713 3408 1749 σε
3458 1698 3598 1768 μετὰ
3650 1699 3752 1768 τὴν

488 1779 616 1840 post
644 1778 918 1840 patratum
947 1770 1207 1827 delictum
1248 1782 1303 1829 te
1330 1775 1677 1831 humiliatum
1710 1782 2058 1850 compererit,

485 1864 793 1936 videritque
833 1874 885 1919 te
924 1864 1190 1919 Dominus
1234 1864 1311 1919 ita
1355 1863 1632 1934 affectum,
1674 1875 1733 1921 ut
1770 1869 1914 1924 servi
1963 1868 2061 1926 Dei

485 1956 869 2011 misericordia
912 1963 1007 2011 tua
1038 1956 1215 2021 ducti,
1248 1964 1432 2013 tecum
1478 1974 1587 2013 una
1618 1959 1781 2016 simul
1815 1962 2059 2018 laborem

484 2047 744 2109 subeant,
777 2062 877 2117 pro
910 2047 1236 2119 peccatricis
1281 2048 1480 2104 animae
1518 2057 1626 2104 tua:
1660 2051 1860 2115 salute,
1892 2054 2061 2109 mise-
2114 2078 2117 2081 <

484 2138 783 2193 ricordiam
809 2153 967 2195 suam
1014 2139 1234 2195 abunde
1268 2139 1364 2193 tibi
1409 2141 1804 2217 suppeditabit.
1844 2142 1903 2199 Si
1930 2160 2062 2201 vero

480 2243 582 2285 cor
630 2239 851 2285 tumens
904 2230 1160 2301 superbia
1186 2271 1202 2299 ,
1245 2231 1515 2299 infidum,
1558 2244 1613 2289 et
1655 2234 1925 2304 ptenitere
1962 2253 2061 2293 ne—

484 2319 665 2376 scium
691 2321 1064 2392 conspexerit,
1109 2330 1164 2376 et
1196 2322 1349 2378 nullo
1378 2323 1546 2379 modo
1576 2322 1821 2380 futurum
1861 2328 2061 2384 timens

480 2411 775 2483 judicium,
829 2420 960 2467 tunc
1023 2413 1131 2483 18
1180 2429 1343 2480 sane,
1387 2424 1519 2469 tunc
1558 2414 1703 2473 Deus
1725 2426 1873 2473 amat
1911 2420 2063 2491 judi-

486 2502 660 2569 cium,
712 2504 1179 2575 quemadmodum
1220 2505 1467 2564 medicus
1493 2507 1719 2579 liquidis
1776 2510 2059 2579 fomentis,

484 2610 553 2650 ac
589 2596 841 2652 uncturis
869 2595 1086 2652 lenibus
1133 2603 1403 2652 tumorem
1444 2599 1747 2669 compescit
1779 2619 1794 2656 :
1833 2602 1930 2658 sed
1969 2605 2059 2660 ubi

481 2685 846 2756 pertinacem,
877 2693 933 2741 et
965 2684 1383 2742 medicamentis
1406 2688 1767 2757 pervicaciter
1786 2692 2058 2749 resisten-

484 2786 592 2833 tem
627 2786 898 2833 tumorem
931 2776 1154 2842 viderit,
1191 2778 1702 2845 commiseratione,
1732 2788 1788 2838 et
1822 2784 2061 2841 molliter

480 2870 676 2941 agendi
723 2870 941 2930 ratione
983 2869 1219 2939 abjecta,
1264 2869 1321 2925 in
1370 2880 1654 2941 posterum
1712 2889 1873 2930 usum
1925 2876 2057 2934 ferri

488 2962 595 3017 sibi
627 2961 872 3017 asciscit.
908 2962 1070 3016 Amat
1101 2961 1269 3033 igitur
1308 2962 1768 3031 misericordiam,
1809 2976 1866 3024 et
1900 2968 2053 3039 judi-

478 3052 626 3107 cium
671 3050 960 3118 Dominus,
1005 3052 1435 3109 misericordiam
1478 3054 1535 3109 in
1569 3071 1688 3122 eos,
1740 3060 1834 3130 qui
1872 3065 2048 3132 pag-ni-

480 3140 710 3194 tentiam
739 3150 928 3211 agunt,
953 3140 1224 3210 judicium
1268 3142 1325 3197 in
1356 3142 1679 3212 renitentes,
1711 3164 1775 3205 ac
1814 3157 2059 3221 pervica-

476 3246 594 3287 ccs.
1208 3264 1215 3271 -
1530 3236 1551 3271 ¹

590 3320 860 3377 XXXVII.
903 3353 975 3364 —
1023 3323 1419 3382 EUSTATHIO
1449 3327 1939 3393 CUBICULARIO.

550 3412 690 3468 Tota
722 3414 811 3469 die
836 3416 959 3471 vitae
1008 3417 1237 3486 hujusce
1273 3418 1463 3488 justus
1488 3425 1760 3492 angustiis
1812 3437 1868 3483 et
1901 3431 2058 3489 dolo-

476 3506 655 3570 ribus,
678 3522 891 3563 necnon
918 3510 1233 3579 opprobriis
1262 3510 1640 3582 conﬂictatur,
1672 3518 1864 3575 multis
1891 3523 2055 3578 etiam

476 3599 762 3657 laboribus
797 3611 1056 3673 tanquam
1097 3604 1304 3660 ictibus
1334 3615 1735 3676 praegravatur.
1767 3610 1845 3667 Ne
1870 3613 2057 3685 itaque

477 3698 740 3759 tauquam
790 3706 850 3745 re
899 3707 1041 3747 nova
1080 3692 1137 3747 in
1180 3693 1607 3751 admirationem
1635 3699 1896 3765 traharis,
1928 3720 2053 3759 cum

476 3781 683 3837 videris
720 3782 952 3852 probum
982 3784 1164 3840 virum
1193 3788 1364 3843 variis
1418 3803 1482 3843 ac
1519 3789 1756 3848 diversis
1787 3795 2055 3853 molestiis

473 3870 897 3935 colluctantem,
926 3879 981 3926 et
1009 3870 1198 3929 labore
1226 3873 1339 3943 jam
1384 3874 1732 3934 fatiscentem
1767 3896 1783 3936 :
1827 3900 1845 3933 ‹
1876 3882 2050 3949 Quem

471 3960 620 4014 enim
678 3960 818 4017 Deus
871 3970 1038 4028 amat,
1087 3965 1344 4037 corrigit,
1373 3965 1617 4038 ﬂagellat
1650 3985 1781 4026 vero
1828 3988 2050 4031 omnem

471 4051 670 4117 filium,
703 4070 865 4126 quem
898 4053 1141 4110 admittit
1174 4057 1244 4112 ³⁸.
1283 4075 1302 4108 ι
1340 4056 1428 4123 Ει,
1473 4076 1493 4110 ι
1526 4056 1864 4131 Flagellatus
1903 4083 2047 4134 sum,

476 4144 576 4211 ait,
604 4152 718 4199 tota
752 4146 857 4211 die,
887 4156 941 4200 et
968 4149 1324 4217 reprehensio
1353 4166 1471 4205 mea
1505 4151 1559 4207 in
1593 4156 1878 4215 matutinis
1909 4159 1975 4217 ³⁸.
2020 4180 2039 4213 ι

468 4236 656 4307 Neque
686 4238 833 4293 enim
870 4239 1230 4310 reprehensio
1263 4242 1436 4297 solem
1488 4245 1667 4315 ipsum
1700 4262 1805 4304 suo
1849 4251 2049 4310 robore

2161 1788 2438 1861 ἁμαρτίαν
2459 1790 2954 1859 τεταπεινωμένον,
2986 1789 3080 1842 καὶ
3116 1788 3226 1842 τῶν
3261 1788 3625 1843 δουλεύοντων
3671 1788 3751 1857 τῷ

2160 1880 2281 1953 Θεῷ
2320 1881 2457 1953 πρὸς
2482 1880 2544 1934 τὸ
2576 1882 2879 1951 συγκαμεῖν
2907 1879 3001 1934 τοῦ
3035 1880 3253 1950 ἰαθῆναι
3280 1880 3380 1951 τὴν
3411 1880 3749 1951 ἁμαρτωλὸν

2158 1977 2340 2048 ψυχήν
2363 1992 2483 2043 σου,
2516 1973 2613 2028 ἐὰν
2641 1973 2903 2044 θεάσηται
2942 1990 3001 2026 σε
3025 1974 3054 2026 6
3100 1971 3304 2044 Κύριος
3326 1972 3560 2026 ἐλεεινὸν
3586 1972 3749 2039 γενό-

2164 2086 2347 2140 μενον,
2398 2066 2808 2138 ἐπιχωρηγήσει
2829 2082 2911 2119 σοι
2939 2063 3169 2134 ἄφθονον
3184 2063 3282 2134 τὴν
3306 2062 3500 2118 ἑαυτοῦ
3517 2063 3749 2133 ἐλεημο-

2161 2164 2348 2232 σύνην.
2378 2161 2505 2216 Ἐὰν
2530 2160 2590 2215 δὲ
2618 2159 2843 2232 καρδίαν
2862 2158 3232 2230 ὑπερήφανον,
3251 2159 3344 2211 καὶ
3369 2154 3621 2221 ἄπιστον,
3653 2156 3752 2213 καὶ

2159 2254 2545 2325 ἀμετανόητον
2605 2251 2881 2324 θεωρήσῃ,
2936 2249 3030 2305 καὶ
3108 2248 3371 2321 μηδαμῶς
3402 2248 3749 2320 φοϐουμένην

2159 2346 2220 2399 τὸ
2255 2344 2446 2416 μέλλον
2482 2344 2785 2416 κριτήριον,
2836 2342 2959 2396 τότε
3008 2341 3097 2413 δὴ,
3147 2340 3268 2394 τότε
3306 2341 3500 2412 ἀγαπᾷ
3549 2343 3578 2395 6
3608 2341 3747 2405 Θεὸς

2159 2437 2258 2509 τὴν
2285 2438 2488 2509 κρίσιν,
2522 2434 2711 2506 ὥσπερ
2755 2433 2943 2507 ἰατρὸς
2986 2432 3419 2504 καταντλήμασι,
3448 2434 3544 2486 καί⁵
3581 2449 3747 2503 περι-ι

2161 2528 2477 2599 πλάσμασιν
2504 2527 2732 2590 ἁπαλοῖς
2764 2526 3013 2597 βούλεται
3042 2526 3396 2579 καταστεῖλαι
3422 2525 3482 2578 τὸ
3516 2526 3743 2596 οῐδημα.

2175 2620 2344 2675 Ἐπὰν
2378 2620 2435 2673 δὲ
2468 2619 2553 2693 ἴδῃ
2583 2618 2896 2682 ἀνενδότως.
2936 2618 3030 2672 καὶ
3058 2617 3309 2690 σκληρῶς
3347 2617 3747 2672 ἀντιτυποῦντα

2159 2711 2250 2765 τὸν
2276 2711 2459 2780 ὄγκον,
2488 2710 2650 2782 ῥίψας
2670 2708 2729 2763 τὸ
2759 2710 2960 2776 ἔλαιον,
2984 2708 3079 2764 καὶ
3107 2708 3206 2780 τὴν
3229 2708 3477 2779 μαλακὴν
3491 2708 3740 2779 ἀγωγὴν,

2157 2806 2391 2876 αἱρεῖται
2436 2803 2625 2857 λοιπὸν
2664 2802 2763 2873 τὴν
2811 2802 2906 2857 τοῦ
2964 2802 3188 2873 σιδήρου
3237 2802 3455 2874 χρῆσιν.
3523 2801 3745 2872 ’Δγαπᾷ

2155 2898 2335 2950 τοίνυν
2373 2893 2743 2966 ἐλεημοσύνην
2786 2894 2881 2949 ναὶ
2916 2894 3101 2966 κρίσιν
3127 2892 3156 2945 ὁ
3187 2893 3407 2966 Κύριος·
3439 2892 3742 2963 ἐλεημοσύ-

2156 3005 2256 3058 νην
2291 2986 2392 3057 μὲν
2436 2986 2531 3039 ἐπὶ
2565 2986 2675 3039 τῶν
2709 2986 3133 3056 μετανοούντων,
3156 2985 3337 3056 κρίσιν
3364 2985 3421 3039 δὲ
3475 2984 3571 3039 ιπὶ
3630 2984 3743 3038 τῶν

2155 3078 2405 3151 σκληρῶν
2428 3079 2523 3133 καὶ
2546 3077 2862 3134 ἁνενδότων.

2323 3344 2442 3399 AZ'.
2480 3372 2553 3385 --
2596 3342 2936 3415 ΕΥΣΤΑΘΙῼ
2975 3341 3561 3414 ΚΟΥΒῙΚΟΥΛΑΡΙῼ.

2230 3436 2397 3505 Ὅλην
2418 3433 2516 3506 τὴν
2538 3435 2753 3507 ἡμέραν
2788 3434 2883 3487 τοῦ
2931 3434 3050 3504 βίου
3093 3435 3286 3488 τούτου
3320 3437 3349 3488 6
3384 3435 3592 3498 δίκαιος
3630 3453 3737 3507 μα-

2157 3527 2436 3596 στιγοῦται
2490 3528 2547 3580 ὲν
2591 3526 2810 3592 λύπαις,
2858 3526 2918 3579 ὲν
2944 3525 3180 3591 ὀδύναις,
3207 3528 3266 3581 ὲν
3294 3527 3643 3598 ὀνειδισμοῖς,
3682 3532 3737 3583 ὲν

2156 3619 2371 3683 πολλοῖς
2403 3618 2624 3689 μόχθοις
2649 3617 2891 3672 θλίϐεται
2923 3618 3376 3689 μαστιγούμενος.
3424 3620 3517 3690 Μὴ
3554 3621 3735 3673 τοίνυν

2156 3707 2387 3776 ξενίζον,
2448 3708 2578 3761 ὅταν
2610 3707 2814 3780 βλέπῃς
2860 3706 2952 3761 τὸν
2985 3708 3192 3777 ἀγαθὸν
3244 3710 3416 3780 ἄνδρα
3453 3710 3735 3764 ταλαιπω-

2156 3796 2353 3870 ροῦντα
2391 3797 2664 3869 διαφόρως
2716 3796 2812 3849 καὶ
2858 3796 3357 3869 καταπονούμενον.
3391 3816 3410 3850 ι
3451 3801 3549 3853 Ὃν
3626 3805 3733 3870 γὰρ

2152 3890 2348 3961 ἀγαπᾷ
2378 3888 2581 3959 Κύριος
2607 3887 2871 3953 παιδεύει,
2914 3891 3170 3958 μαστιγοῖ
3197 3888 3255 3942 δὲ
3303 3890 3481 3943 πάντα
3512 3891 3628 3944 υἱὸν
3677 3892 3732 3944 ὃν

2154 3981 2538 4055 παραδέχεται.
2578 3999 2598 4032 ι
2631 3979 2778 4034 Καί·
2816 3999 2837 4033 ι
2881 3980 3202 4053 Ἐγενόμην,
3256 3983 3411 4052 φησὶ,
3465 4000 3729 4054 μεμαστι-

2152 4075 2397 4147 γωμένος
2416 4074 2544 4145 ὅλην
2562 4072 2661 4143 τὴν
2689 4073 2925 4144 ἡμέραν,
2953 4077 3049 4127 καὶ
3072 4075 3101 4127 6
3122 4072 3342 4144 ἔλεγχός
3368 4091 3469 4145 μου
3516 4077 3597 4138 εἰς
3633 4076 3730 4137 τὰς

2153 4166 2389 4239 πρωῒας.
2445 4183 2464 4216 ι
2520 4165 2595 4219 Οὐ
2640 4166 2748 4235 γὰρ
2794 4166 3142 4236 περιέμεινεν
3200 4166 3229 4218 6
3284 4165 3504 4237 ἐλεγχος
3544 4168 3729 4241 μέχρις

2153 4257 2381 4328 ἀκμάσῃ
2439 4256 2531 4309 τὸν
2571 4256 2745 4327 ἥλιον.
2784 4255 3053 4327 Ἔλεγχον
3102 4258 3338 4329 ἐμαυτὸν
3379 4257 3731 4329 ἐξομολογού-

469 4330 715 4385 vividum
752 4333 1115 4400 exspectavit.
1155 4332 1643 4405 Reprehendebam
1663 4344 2044 4413 memetipsnm

2167 4366 2335 4417 μενος,
2373 4348 2430 4401 εἴ
2481 4366 2536 4401 τι
2597 4347 2854 4413 ἐπταισα,
2887 4351 2983 4403 καὶ⁸
3030 4351 3199 4422 χωρὶς
3234 4353 3531 4425 μαρτύρων
3567 4354 3747 4425 δημοε

468 4423 764 4485 confitens,
791 4424 837 4478 si
870 4423 1002 4493 quid
1031 4424 1261 4497 deliqui,
1310 4434 1365 4484 et
1391 4428 1617 4500 ,absque
1647 4433 1887 4491 testibus
1914 4451 2047 4507 pec-

468 4524 593 4568 cata
625 4527 745 4567 mea
774 4515 1093 4584 propalans.

663 4603 956 4660 xxxvm.
1001 4636 1074 4645 —
1106 4606 1507 4665 XENAconzz
1537 4611 1858 4671 sucoso.
1908 4591 1916 4599 ’

544 4695 819 4762 Praesens,
850 4712 972 4768 qua:
1004 4713 1107 4755 nos
1139 4710 1322 4767 vexat,
1366 4707 1807 4761 necessariorum
1836 4707 2045 4777 inopia,

470 4803 777 4858 eorumque
813 4805 922 4845 non
957 4790 1033 4844 ita
1074 4790 1279 4855 facilis,
1316 4808 1492 4865 neque
1540 4805 1652 4850 tam
1698 4799 1809 4853 cita
1852 4801 2046 4870 acqui-

470 4876 624 4943 sitio,
686 4877 1111 4950 ignorantiaque
1149 4882 1395 4952 quando,
1432 4893 1790 4955 autquanam
1833 4892 2050 4948 ratione

471 4977 598 5023 vota
630 4979 820 5026 nostra
855 4971 1015 5027 linem
1053 4974 1371 5041 habebunt;
1406 4976 1523 5033 haec
1546 4980 1729 5033 omnia
1758 4983 1872 5052 spei
1896 4998 2052 5040 exer-

2152 4439 2345 4492 σιεύων
2378 4456 2482 4510 μου
2507 4439 2605 4503 τὰς
2634 4440 2929 4511 ἁμαρτίας.

2438 4614 2571 4669 AH'.
2605 4645 2676 4656 —-
2707 4615 3070 4689 ΞΕΝΑΓΟΡᾼ
3096 4619 3424 4689 ΔΙΑΚΟΝῼ.

2230 4706 2295 4760 Ἦ
2321 4706 2575 4778 παροῦσα
2602 4706 2698 4761 νῦν
2729 4708 2909 4762 ἔνδεια
2951 4709 3060 4763 τῶν
3090 4712 3398 4783 χρησίμων,
3430 4712 3526 4765 καὶ
3561 4712 3622 4766 τὸ
3652 4713 3724 4783 μὴ

2153 4798 2373 4871 ῥᾳδίως,
2402 4799 2537 4870 μηδὲ
2575 4799 2785 4870 ταχέως
2811 4801 2990 4855 αὐτῶν
3019 4802 3400 4874 ἐπιτυγχάνειν
3432 4805 3602 4875 ἡμᾶς,
3633 4806 3724 4859 καὶ

2152 4890 2213 4943 τὸ
2241 4889 2316 4961 μὴ
2344 4889 2517 4959 ,δῆλον
2545 4883 2682 4943 εἷναί
2714 4883 2866 4958 ποτε,
2898 4894 2990 4945 καὶ
3022 4893 3140 4957 πῶς
3181 4895 3599 4966 ὲπιτευξὼμεθα
3618 4896 3724 4948 τῶν

2152 4982 2470 5051 αἰτημάτων
2516 4981 2695 5051 ἡμῶν,
2725 4983 2904 5036 πάντα
2951 4984 3123 5037 ταῦτα
3148 4987 3428 5056 γυμνάσια
3446 4988 3545 5057 τῆς
3576 4988 3723 5040 ἐλπί-

473 5059 767 5117 citationes
825 5073 1001 5119 sunt:
1044 5080 1171 5135 spes
1224 5068 1371 5122 enim
1425 5068 1532 5140 19
1577 5070 1635 5125 in
1694 5070 1885 5141 Deum,
1953 5077 2047 5147 qui

2167 5078 2237 5136 io;
2266 5072 2523 5143 ὑπάρχειο
2577 5072 2684 5144 χρὴ
2733 5072 2841 5145 γὰρ
2896 5074 3113 5129 ἐλπίσαι
3168 5079 3261 5131 ἐπὶ
3306 5078 3398 5132 τὸν
3437 5078 3571 5131 Θεὸν
3630 5081 3719 5133 τὸν
3764 5124 3765 5127 η

471 5161 655 5224 potest
694 5154 859 5220 bona,
898 5170 1023 5211 cum
1054 5157 1125 5213 iis
1157 5158 1531 5226 destituimur,
1569 5172 1623 5218 et
1656 5177 1847 5219 eorum
1880 5169 2040 5238 copia

472 5256 584 5298 non
614 5248 722 5308 est,
751 5243 1033 5306 exhibere,
1062 5245 1272 5315 figenda
1300 5256 1409 5301 est.

965 5336 1205 5393 XXXIX.
1241 5367 1307 5381 --
1336 5336 1542 5396 Eidem.

543 5423 841 5499 Speremus
884 5430 941 5485 in
990 5428 1183 5497 Deum,
1222 5429 1411 5497 frater,
1447 5449 1752 5503 speremus.
1788 5436 1912 5495 hcet
1942 5456 2039 5497 ne-

542 5604 591 5639 ”
626 5603 773 5664 Psal.
809 5624 981 5678 xxxn,
1021 5609 1075 5666 5.

2149 5163 2375 5216 δυνατὸν
2423 5162 2605 5217 δοῦναι
2654 5163 2725 5217 τά
2781 5165 2980 5235 ἀγαθὰ,
3024 5168 3151 5222 ὅταν
3210 5169 3587 5241 ὑστερώμεθα,
3629 5173 3721 5226 καὶ

2151 5256 2542 5329 σπανιξώμεθα
2574 5257 2799 5313 τούτων.

2640 5350 2765 5407 ΛΘ.
2800 5380 2869 5391 -—
2912 5351 2995 5418 Τῷ
3048 5355 3226 5422 αὐτῷ.

2236 5440 2575 5514 Ἐλπίσωμεν
2598 5441 2692 5496 ἐπὶ
2707 5443 2799 5497 τὸν
2823 5443 2975 5512 Θεὸν,
3004 5446 3219 5519 ἁδελφὲ,
3258 5451 3593 5524 ἐλπίσωμεν,
3618 5452 3719 5509 κᾶν

1160 5611 1205 5645 ³⁸
1244 5609 1388 5668 Psal.
1423 5628 1607 5701 casu,
1645 5618 1697 5672 5.
1776 5620 1818 5652 ³⁵
1849 5618 2006 5677 Prov.
2061 5638 2141 5694 Ill,
2177 5622 2262 5681 12.
2341 5626 2385 5658 ³⁸
2418 5624 2562 5681 Psal.
2607 5638 2774 5695 ωιτη,
2821 5628 2901 5683 M.
