3882 6036
119 266 224 332 ιηι

1379 267 1910 328 EPISTOLARUM
1945 268 2088 329 LIB.
2132 269 2181 328 I.
2249 252 2258 259 ’

3274 263 3377 328 102

115 379 200 451 μὴ
229 378 522 450 πρόχειρον
569 377 806 450 δρῶμεν,
847 379 982 451 μηδὲ
1043 381 1224 452 ῥᾴδιον
1262 381 1324 433 τὸ
1355 381 1542 435 λαϐεῖν
1601 381 1702 452 τὴν

1811 396 1912 450 que
1941 381 1995 433 in
2023 385 2494 450 promptu,neqne
2522 393 2588 433 ex
2623 377 2769 432 facili
2796 385 2922 432 vota
2951 387 3140 433 nostra
3167 380 3374 450 suscipi

109 473 362 542 αἴτησιν.
391 471 524 541 μηδὲ
554 470 911 542 γινώσκωμεν
939 474 1124 525 ὁποῖον
1158 473 1312 526 ἔσται
1331 474 1391 526 τὸ
1417 474 1698 545 συμϐησό-

115 580 286 631 μενον
317 565 469 633 ἡμῖν.
493 563 749 617 Βούλεται
775 565 885 635 γὰρ
941 566 1088 635 ἡμᾶς
1114 566 1143 617 6
1170 565 1300 630 Θεὸς
1339 566 1427 619 ἀεὶ
1460 565 1700 632 ἐλπίζειν

112 655 209 706 ἐπ’
243 655 429 720 αὐτὸν,
453 655 512 718 ὃς
539 655 632 707 καὶ
673 655 745 708 τά
770 656 1076 726 πράγματα
1103 657 1276 722 οὕτως
1307 661 1696 729 κατεστήσατο,

112 745 263 800 ῶστε
309 745 700 816 πρυελπίσασιν
776 745 953 799 ἐλθεῖν
1029 748 1161 820 ἡμῖν
1232 750 1332 820 τὴν
1399 750 1699 804 ἀπόλαυσιν

114 837 232 889 τῶν
304 839 638 910 αίτηθέντων
700 839 1051 912 προσκαίρων
1126 857 1208 906 τε,
1289 842 1385 897 καὶ
1463 842 1698 896 αίωνίων

115 931 365 998 ἀγαθῶν.

637 1025 728 1078 Μ’.
762 1055 834 1066 ——
868 1026 953 1092 Τῷ
999 1025 1178 1093 αὐτῷ.

199 1116 264 1168 '0
293 1118 354 1169 ἐν
383 1118 496 1179 τοῖς
525 1117 759 1186 παροῦσι
812 1118 922 1173 τῶν
971 1120 1121 1190 παρὰ
1173 1119 1267 1173 τοῦ
1292 1119 1430 1174 Θεοῦ
1462 1121 1692 1192 δεηθεὶς,

114 1206 216 1257 καὶ
243 1206 492 1270 ἐλπίσας,
529 1209 622 1261 καὶ
651 1207 846 1279 τυχὼν,
884 1208 1191 1265 διδάσκεται
1235 1211 1365 1282 περὶ
1404 1211 1510 1264 τῶν
1566 1212 1696 1282 μελ-

115 1297 340 1356 λόντων.
377 1291 451 1351 ὧν
476 1298 649 1351 δεῖται
678 1300 712 1369 ἡ
766 1300 1080 1372 ἀνθρωπίνη
1109 1302 1296 1372 φύσις,
1332 1303 1570 1368 ἐλπίζειν
1603 1303 1696 1356 ἐπὶ

113 1390 212 1441 τὸν
232 1389 388 1452 Θεὸν,
416 1390 508 1442 τὸν
537 1393 764 1444 κάκεῖνα
814 1391 1009 1446 δώσειν
1038 1393 1428 1464 ὑποσχόμενον.
1462 1395 1555 1448 Διὸ
1601 1397 1697 1449 καὶ

116 1480 218 1533 νῦν
253 1482 647 1551 ἐπαγγέλλεται
671 1483 776 1556 πρὸ
805 1484 914 1536 τῶν
957 1486 1316 1555 πραγμάτων,
1358 1485 1453 1538 καὶ
1482 1485 1696 1550 πολλοῖς

113 1575 434 1645 ἔμπροσθεν
465 1575 696 1646 χρόνοις,
722 1578 813 1629 καὶ
861 1577 1060 1647 πληροῖ
1105 1577 1203 1640 τὰς
1236 1578 1575 1646 ὑποσχέσεις,
1603 1578 1697 1632 καὶ

115 1668 279 1719 τοῦτο
308 1667 617 1730 πλεονάκις.
641 1667 800 1723 Οὕτω
835 1667 940 1739 γάρ
959 1668 1115 1739 καὶὴ
1145 1652 1403 1732 πολλάκις
1430 1669 1693 1741 γινομένη

1803 488 2115 536 cernamus,
2171 488 2348 542 neque
2390 471 2892 540 deprehendamus,
2945 473 3104 540 cujus
3159 473 3376 542 generis

1799 567 1926 630 erit,
1965 565 2110 635 quod
2143 565 2305 620 nobis
2335 564 2637 634 continget.
2687 561 2934 632 Namque
2958 564 3072 616 vult
3107 562 3246 618 Deus
3275 580 3376 619 nos

1802 660 1856 712 in
1893 673 2016 712 eum
2049 660 2316 712 continuo
2348 671 2499 727 spem
2533 655 2759 719 habere,
2785 655 2878 726 qui
2911 670 2999 708 res
3032 654 3131 707 hac
3163 656 3376 712 ratione

1799 749 2099 820 disposuit,
2126 757 2186 802 ut
2217 749 2414 818 praevia
2439 762 2534 818 spe
2567 748 2710 802 bona
2744 763 2772 800 a
2798 747 2956 801 nobis
2979 746 3235 816 expetita,
3261 748 3377 802 sive

1795 858 1861 898 ea
1917 842 2290 912 temporaria,
2341 842 2458 896 sive
2500 841 2832 910 sempiterna
2876 841 3008 904 sint,
3059 838 3377 910 possidean-

1793 943 1908 991 tur.

2359 1023 2474 1081 XL.
2500 1054 2569 1065 —-
2608 1023 2814 1078 Eidem.

1866 1116 1970 1183 Qui
1998 1116 2049 1171 vi
2085 1130 2152 1171 ac
2183 1117 2514 1172 necessitate
2545 1125 2791 1179 coactus,
2838 1132 2958 1186 qua:
2997 1132 3025 1170 a
3064 1114 3172 1170 Deo
3202 1132 3377 1187 popo—

1795 1221 2018 1276 scerat,
2072 1225 2304 1280 sperans
2350 1210 2620 1273 obtinuit,
2683 1209 2992 1264 instituitur
3044 1225 3268 1279 suoque
3307 1210 3378 1264 de
3417 1239 3427 1251 -

1794 1303 2015 1365 luturis,
2062 1318 2297 1372 quorum
2334 1310 2526 1355 natura
2577 1303 2812 1356 humana
2847 1302 3074 1372 indiget,
3124 1302 3177 1356 in
3210 1304 3376 1357 Deum

1793 1411 1943 1464 spem
1979 1411 2200 1463 ponere,
2226 1394 2321 1465 qui
2351 1410 2414 1450 ea
2447 1411 2505 1449 se
2532 1395 2786 1448 daturum
2813 1397 3086 1464 promisit.
3117 1393 3376 1465 Propter-

1794 1503 1858 1543 ea
1898 1497 1952 1542 et
1992 1503 2139 1542 nunc
2172 1495 2463 1558 antequam
2507 1502 2592 1543 res
2633 1489 2908 1551 eveniant,
2957 1489 3160 1542 multos
3209 1487 3376 1542 etiam

1798 1588 1926 1634 ante
1972 1594 2147 1634 annos
2188 1580 2494 1648 promittit,
2541 1579 2917 1650 promissaque
2966 1581 3130 1650 idque
3178 1582 3378 1650 saepius

1802 1667 2039 1736 perlicit.
2066 1666 2158 1722 Sic
2183 1669 2332 1722 enim
2366 1683 2488 1737 quae
2517 1668 2586 1722 de
2620 1669 2805 1722 divina
2835 1671 3064 1724 veritate
3094 1673 3379 1741 experien-

117 1762 290 1828 πεῖρα
329 1760 426 1828 τῆς
479 1759 629 1824 Θείας
668 1759 946 1831 ἀληθείας,
977 1762 1076 1831 τὴν
1130 1762 1210 1824 είς
1257 1762 1315 1814 τὸ
1344 1762 1538 1832 μέλλον
1566 1766 1697 1835 ἡμῖν

1811 1757 1876 1809 tia
1928 1757 2129 1826 swpius
2174 1757 2358 1810 habita
2389 1767 2496 1822 est,
2553 1774 2704 1826 spem
2760 1769 3003 1814 nostram
3045 1761 3114 1814 de
3156 1765 3376 1826 l'nturis,

115 1850 318 1904 ἐλπίδα
353 1850 462 1904 τῶν
499 1851 713 1923 ἀληθῶς
751 1853 1174 1925 ἐπηγγελμένων
1208 1853 1432 1925 βεϐαιοῖ.
1488 1857 1698 1928 Ὠσπερ

116 1940 216 1996 οὖν
255 1945 544 2009 πλεονάκις
610 1946 840 2016 αἰτήσας
894 1945 1104 2017 ἔτυχες,
1152 1949 1245 2000 καὶ
1295 1950 1491 2019 πεῖραν
1536 1948 1701 2014 ἐδέξω

118 2039 222 2106 τῆς
255 2037 409 2100 θείας
457 2037 880 2108 εὐσπλαγχνίας,
937 2040 1030 2092 καὶ
1073 2039 1555 2108 συγκαταϐἀσεως,
1607 2041 1701 2094 καὶ

120 2129 572 2200 μεγαλοδωρεᾶς,
614 2130 756 2182 οὕτω
812 2131 914 2185 κᾶν
973 2131 1046 2201 μὴ
1088 2132 1298 2203 ταχέως
1332 2133 1699 2204 ἐπακουσθῇς,

113 2221 219 2272 νῦν
259 2219 499 2291 ρῶσθητι
528 2223 596 2292 τῇ
635 2221 775 2293 καλῇ
831 2224 1150 2296 προσδοκία,
1186 2227 1282 2278 καὶ
1333 2225 1698 2296 καρτερικῶς,

116 2313 220 2364 καὶ
275 2312 643 2384 μακροθύμως
691 2313 934 2378 ἐλπισον,
978 2317 1070 2369 καὶ
1126 2316 1440 2386 ὑπόμεινον,
1489 2318 1704 2388 κρούων

117 2404 212 2457 διὰ
252 2405 354 2474 τῆς
377 2404 637 2474 δεήσεως,
675 2406 868 2478 μέχρις
902 2406 969 2460 ἂν
1007 2411 1035 2461 ό
1080 2407 1209 2472 Θεὸς
1245 2408 1446 2481 θελήσῃ
1469 2410 1704 2480 ἀναστῆ-

117 2513 234 2559 ναι,
259 2495 354 2548 καὶ
376 2495 561 2550 δοῦναί
588 2514 694 2562 σοι,
754 2499 879 2552 ὅσον
937 2499 1182 2570 χρῄζεις,
1222 2501 1256 2572 ἢ
1293 2503 1388 2554 καὶ
1431 2502 1570 2573 ὑπὲρ
1602 2504 1702 2574 τὴν

118 2584 340 2654 χρείαν.
383 2585 476 2638 Ἐκ
507 2585 763 2658 περιττοῦ
792 2586 901 2657 γάρ
921 2581 995 2642 ὧν
1025 2589 1346 2660 αἰτούμεθα,
1395 2590 1700 2664 ἢνοοῦμεν,

121 2675 349 2730 δύναται
373 2676 573 2744 όΘεὸς,
607 2679 701 2732 καὶ
736 2678 983 2750 βούλεται
1013 2681 1238 2752 ποιῆσαι
1269 2684 1426 2754 ἡμῖν.

599 2851 734 2906 MA'.
765 2882 834 2892 —
863 2854 1218 2928 nitrosum.

211 2943 470 3015 Ἰωάννης
508 2947 538 2999 6
590 2945 922 3019 Βαπτιστὴς,
958 2949 1288 3020 φοϐούμενος
1318 2953 1468 3022 μήτι
1508 2951 1585 3017 ὡς
1610 2954 1706 3008 ἀν-

123 3037 352 3107 θρωπος
383 3037 628 3109 βλαϐείη,
656 3039 755 3103 τὰς
777 3040 961 3104 πόλεις
1001 3041 1221 3112 ἔφευγε,
1248 3045 1341 3098 καὶ
1363 3044 1461 3116 τὴν
1501 3045 1705 3118 ἔρημον

122 3127 286 3197 ᾤκει.
321 3128 527 3200 Ἰησοῦς
563 3129 622 3183 δὲ
674 3132 703 3184 6
728 3131 860 3196 Θεὸς
915 3133 1010 3186 καὶ
1044 3135 1248 3206 Κύριος
1285 3137 1398 3189 τῶν
1426 3137 1564 3191 ὅλων
1585 3142 1706 3203 ταῖς

125 3219 321 3272 πόλεσι
344 3221 711 3292 παραϐάλλων
744 3225 1086 3296 ἁμαρτωλοῖς
1126 3228 1477 3292 συνεδείπνει,
1518 3230 1707 3300 ἐπειδὴ

124 3311 284 3381 ἥλιός
332 3314 448 3365 ἐστι
505 3313 871 3387 δικαιοσύνης..
937 3316 1117 3370 Ἡλίου
1163 3319 1330 3388 αὐγαὶ
1377 3322 1470 3374 καὶ
1511 3321 1708 3386 παντὸς

127 3403 400 3474 βορϐόρου
425 3405 755 3474 ἐφάπτονται
781 3423 794 3438 ο
818 3408 913 3462 καὶ
929 3409 989 3462 τὸ
1023 3409 1122 3480 μὲν
1146 3411 1240 3465 τοῦ
1258 3413 1516 3485 βορϐόρου
1545 3416 1710 3470 δυσῶ-

123 3497 220 3559 δες
274 3495 644 3567 ξηραίνουσιν,
698 3499 861 3553 αὐταὶ
901 3501 956 3554 δὲ
991 3501 1232 3574 καθαραὶ
1268 3505 1580 3594 διαμένουσι
1613 3509 1709 3561 καὶ

128 3588 446 3660 ἁμόλυντοι.
503 3589 665 3644 Ἀλλά
734 3591 1054 3660 φθονοῦντες
1108 3588 1388 3665 Φαρισαῖοί
1451 3597 1704 3668 λέγουσι’

136 3695 157 3726 ι
191 3678 347 3730 Διατί
369 3677 398 3729 6
430 3677 637 3746 Ἰησοῦς
658 3681 796 3750 μετά
822 3683 931 3734 τῶν
963 3683 1302 3756 ἁμαρτωλῶν
1329 3687 1423 3741 καὶ
1460 3689 1707 3743 τελωνῶν

126 3767 340 3833 ἐσθίει;
385 3787 404 3820 ›
432 3763 504 3822 Ὠ
537 3769 818 3840 βάσκανοι,
853 3774 950 3827 καὶ
979 3775 1218 3844 ἀνόητοι,
1263 3778 1354 3831 καὶ
1395 3779 1583 3849 τυφλοὶ
1610 3779 1706 3851 τὴν

126 3860 402 3930 καρδίανί
436 3861 680 3928 ἀγνοεῖτε
715 3863 823 3935 γὰρ
853 3864 935 3915 ὃτι
964 3864 1064 3917 ούκ
1098 3864 1357 3937 ἀλλαχόσε
1409 3861 1540 3934 που,
1569 3869 1708 3924 ἀλλά

127 3955 363 4023 πλησίον
412 3955 524 4008 τῶν
576 3955 874 4011 νοσούντων
923 3957 1128 4027 ὀφείλει
1175 3959 1384 4028 διάγειν
1427 3965 1456 4016 6
1488 3964 1704 4033 ίατρός;

127 4049 311 4102 Ὅπου
381 4049 431 4101 οί
495 4049 832 4122 ἁμαρτωλοὶ,
877 4051 995 4105 ἐκεῖ
1018 4051 1236 4116 πάντως
1272 4053 1476 4108 τίθεται
1524 4061 1619 4109 καὶ
1647 4057 1708 4110 τὸ

129 4142 474 4212 ἱλαστήριον.
503 4143 887 4214 Ἀμαρτωλοὺς
919 4145 1028 4217 γὰρ
1065 4141 1228 4218 ἦλθεν
1251 4149 1280 4200 6
1307 4147 1560 4218 Χριστὸς,
1587 4148 1708 4218 οὐχὶ

126 4233 372 4296 δικαίους
422 4234 648 4287 καλέσαι
718 4235 796 4297 είς
864 4237 1172 4304 μετάνοιαν.
1232 4237 1439 4308 Ἰησοῦς
1475 4238 1707 4311 Χριστὸς

127 4325 478 4395 ἁμαρτωλοῖς
505 4326 870 4398 συνδιατρίϐει
889 4326 1270 4396 οἰκονομικῶς,
1296 4329 1386 4382 ἴνα
1410 4329 1506 4382 καὶ
1531 4329 1709 4400 ἀμάρ-

1801 1864 1922 1918 qua:
1944 1863 2070 1903 vere
2092 1850 2359 1918 promissa
2390 1858 2540 1914 sunt,
2565 1849 2872 1904 conﬁrmat.
2906 1851 3378 1914 Quemadmodum

1802 1936 1990 2004 itaque
2036 1937 2236 2004 saepius
2277 1953 2508 2006 poscens
2544 1939 2856 2006 ohlinuisti,
2902 1951 2956 1996 et
2983 1943 3182 1996 divina:
3212 1943 3378 1998 misc-

1807 2027 2084 2094 ricordize,
2115 2029 2489 2094 demissionis,
2527 2032 2938 2101 muniﬁcentiae,
2972 2052 3036 2092 ac
3077 2037 3379 2093 liberalita-

1801 2121 1874 2175 tis
1902 2123 2294 2191 experientiam
2329 2123 2656 2192 suscepisti;
2682 2125 2778 2187 ita,
2812 2127 2939 2180 licet
2979 2144 3088 2182 non
3135 2129 3208 2182 ita
3244 2131 3380 2184 cele-

1803 2215 1938 2268 riter
1978 2214 2314 2278 exaudiaris,
2365 2216 2505 2268 bona
2559 2219 2967 2287 exspectatione
3005 2221 3268 2275 conﬁrma
3302 2229 3376 2287 te,

1803 2307 2102 2362 etlortiter
2162 2307 2571 2377 toleranterque
2599 2325 2780 2379 spera,
2814 2320 2868 2366 et
2893 2312 3126 2376 sustine,
3155 2313 3380 2381 pulsans

1803 2414 1903 2469 per
1947 2399 2272 2464 orationem,
2310 2414 2596 2469 quousque
2652 2399 2794 2460 Deus
2846 2403 3082 2456 voluerit
3129 2403 3380 2468 excitari,

1804 2491 2151 2561 pmbereque
2185 2492 2282 2546 tibi
2319 2505 2584 2562 quantum
2632 2493 2868 2561 indiges,
2911 2495 2994 2548 vel
3029 2495 3193 2548 etiam
3256 2496 3381 2566 plus

1804 2597 1969 2652 quam
2037 2583 2270 2653 indiges.
2348 2582 2425 2637 Ex
2494 2583 2795 2637 abundanti
2847 2584 3031 2649 enim,
3097 2600 3218 2654 quae
3278 2587 3383 2654 ipsi

1804 2676 2106 2746 poscimus,
2145 2678 2228 2732 vel
2278 2678 2465 2730 animo
2512 2676 2883 2745 concipimus,
2925 2685 3106 2748 potest
3134 2677 3297 2743 Deus,
3328 2688 3384 2734 et

1805 2768 1925 2820 vult
1955 2767 2118 2822 nobis
2144 2782 2308 2837 opere
2334 2769 2450 2835 ipso
2477 2766 2719 2835 elargiri.

2181 2857 2292 2926 20
2327 2855 2462 2910 xu.
2497 2885 2566 2895 —
2587 2853 3006 2910 nsuooono.

1876 2947 2116 3003 Joannes
2142 2947 2407 3018 Baptista,
2467 2948 2666 3003 timens
2701 2962 2770 3001 ne
2800 2946 2932 3017 quid
2977 2947 3081 3001 sibi
3121 2947 3292 3014 noxii,
3326 2957 3385 3001 ut

1810 3038 2017 3094 homini
2068 3039 2376 3105 accideret,
2428 3039 2594 3093 urbes
2649 3038 2957 3108 negligens,
3008 3037 3125 3092 loca
3169 3039 3384 3093 deserta

1812 3131 2082 3185 incolebat
2103 3132 2168 3185 ³⁷.
2199 3129 2358 3186 Jesus
2389 3147 2517 3186 vero
2563 3129 2728 3194 Deus,
2787 3139 2842 3185 et
2903 3131 3150 3184 omnium
3192 3132 3381 3186 Domi-

1809 3241 1917 3280 nus
1953 3225 2007 3279 in
2044 3225 2210 3280 urbes
2237 3239 2360 3280 sese
2405 3222 2670 3286 inferens,
2703 3238 2827 3277 cum
2862 3225 3245 3293 peccatoribus
3275 3241 3385 3280 una

1808 3318 2094 3383 caenabat;
2134 3316 2578 3387 quandoquidem
2618 3310 2709 3370 ille
2735 3315 2816 3369 sol
2843 3316 3069 3383 justitia:
3103 3327 3205 3372 est.
3241 3316 3385 3373 Solis

1809 3408 1951 3463 radii
1981 3407 2035 3462 in
2062 3408 2236 3461 lutum
2271 3417 2470 3470 totum,
2508 3416 2564 3462 et
2593 3415 2780 3477 partes
2828 3406 3074 3463 immersi
3119 3407 3385 3479 quidquid

1807 3501 1862 3555 in
1892 3515 1958 3555 eo
2005 3507 2090 3554 est
2122 3499 2262 3553 male
2290 3499 2468 3561 olens,
2502 3499 2805 3562 exsiccant,
2844 3513 2966 3551 cum
3006 3499 3081 3552 illi
3121 3500 3245 3569 puri
3298 3500 3386 3552 in-

1808 3590 2280 3660 contaminatique
2332 3599 2752 3645 conserventur.
2807 3589 3194 3646 Verumtamen
3249 3590 3387 3644 invi-

1807 3682 1992 3737 dentia
2031 3683 2226 3752 perciti
2256 3681 2535 3747 Pharisazi,
2567 3683 2780 3752 dicunt,
2820 3705 2837 3737 ι
2863 3688 3044 3751 Quare
3072 3682 3232 3738 Jesus
3259 3698 3384 3736 cum

1809 3774 2193 3844 peccatoribus
2245 3783 2298 3828 el
2358 3775 2670 3844 publicanis
2713 3779 2949 3832 comedit
2977 3777 3020 3808 ³⁸
3041 3776 3064 3828 ?
3088 3795 3105 3827 ι
3137 3776 3181 3830 0
3214 3773 3386 3828 invidi

1807 3875 1864 3922 ct
1914 3876 2094 3921 mente
2144 3869 2315 3937 capti,
2356 3876 2411 3922 et
2471 3872 2637 3924 corde
2681 3872 2855 3925 caeci!
2902 3870 3238 3940 ignoratisne
3275 3884 3385 3921 non

1809 3960 1965 4019 alibi,
2003 3957 2099 4013 sed
2147 3974 2320 4029 prope
2365 3969 2600 4030 aegrotos
2645 3963 2795 4031 ipsos
2838 3961 3051 4016 medico
3080 3959 3385 4029 degendum

1807 4051 1977 4105 esse?
2007 4049 2332 4119 Ubicunque
2384 4060 2709 4120 peccatores
2759 4062 2910 4112 sunt.
2957 4052 3029 4106 ibi
3059 4051 3285 4104 omnino
3332 4060 3386 4103 et

1809 4156 1901 4194 ara
1928 4141 2163 4210 propitia
2193 4141 2419 4210 ponitur
2455 4159 2467 4194 :
2505 4157 2630 4194 nam
2672 4153 3008 4211 peccatores,
3058 4157 3165 4193 non
3203 4139 3386 4207 justos

1808 4232 1956 4285 venit
2003 4231 2255 4288 Christus
2320 4233 2388 4286 ad
2437 4233 2813 4302 paenitentiam
2867 4226 3388 4289 vocarc”°‘°;Jesus

1808 4323 2067 4378 Christus
2125 4339 2251 4379 cum
2303 4326 2690 4395 peccatoribus
2747 4326 2819 4377 ita
2880 4324 3217 4393 disponens,
3271 4335 3380 4373 una

125 4416 293 4470 τωλοὶ
343 4419 802 4488 μετανοήσαντες,
854 4418 1084 4484 δικαίοις
1133 4421 1568 4486 συναυλισθῶσι,
1611 4423 1703 4475 καὶ

1811 4415 1980 4487 degit,
2038 4424 2098 4470 ut
2163 4426 2484 4487 peccatores
2530 4417 2710 4471 media
2751 4417 3078 4486 pmnitentia
3113 4429 3220 4466 una
3259 4429 3386 4466 eum

128 4510 617 4582 συνευφρανθῶσιν
651 4513 709 4565 ἐν
742 4513 808 4583 τῇ
849 4511 1100 4585 βασιλείᾳ
1128 4513 1235 4568 τῶν
1255 4513 1524 4586 οὐρανῶν.

379 4689 514 4746 ΜΒ.
542 4719 617 4732 -
660 4692 953 4747 ΜΑΡΙΩΝΙ
981 4695 1463 4771 ΑΡΓΥΡΟΚΟΠῼ.

201 4781 470 4848 Πλείονας
512 4783 624 4836 τῶν
654 4784 830 4852 λόγων
876 4787 1003 4850 τοὺς
1044 4788 1242 4859 ὅρκους
1280 4790 1568 4863 τολμηρῶς
1619 4793 1713 4846 ἐπὶ

129 4877 408 4947 στόματος
441 4875 600 4947 ἔχων,
628 4877 927 4949 ὲντρέποιο.

591 4971 723 5023 Ml".
750 5001 818 5010 —
846 4972 1256 5046 ΦΑΥΣΊἸΑΝῼ.

213 5061 603 5134 Ἦλλοτρίωται
655 5062 746 5116 τοῦ
805 5063 994 5136 Θεοῦή
1031 5065 1177 5138 ψυχή
1213 5086 1325 5133 σου,
1362 5070 1455 5124 καὶ
1489 5070 1608 5135 πῶς
1643 5087 1710 5140 με

128 5154 479 5224 προέτρεψας
511 5155 725 5226 πέμψαι
789 5175 870 5211 σοι
927 5159 1085 5228 λόγον
1113 5162 1235 5214 τινὰ
1280 5163 1576 5234 ὠφέλιμον,
1618 5166 1711 5218 ἀν-

131 5245 338 5316 θρώπῳ
363 5246 573 5302 είωθότι
604 5248 820 5312 παίζειν
845 5250 912 5303 τὰ
940 5251 1078 5318 θεῖα,
1109 5253 1359 5326 καθάπερ
1389 5255 1456 5308 τά
1473 5255 1706 5327 βέϐηλα;

131 5338 261 5400 Πῶς
281 5338 390 5406 γάρ
431 5340 497 5392 ἂν
544 5341 637 5393 καὶ
664 5341 882 5414 λαλήσω
905 5344 982 5406 είς
1007 5347 1430 5416 νενεκρωμένον,
1455 5351 1550 5404 καὶ
1577 5351 1713 5420 ἀνή-

130 5446 259 5481 κοον
307 5427 439 5495 οὖςς
475 5450 494 5483 ι
536 5432 660 5497 Πῶς
707 5434 910 5506 ᾄσομαι
948 5436 1048 5506 τὴν
1086 5437 1226 5510 ᾠδὴν
1258 5440 1463 5512 Κυρίου
1494 5443 1585 5496 ἐπὶ
1607 5443 1712 5513 γῆς

127 5521 441 5594 ἀλλοτρίας,
476 5543 494 5576 ι
523 5525 649 5580 ἔνθα
685 5529 871 5599 ἐχῖνοι,
899 5531 994 5583 καὶ
1027 5530 1183 5597 ἴϐεις,
1207 5534 1299 5588 καὶ
1323 5536 1712 5608 νυκτικόρακες

211 5696 260 5730 η
302 5697 492 5756 Matth.
529 5716 604 5769 Ix,
641 5702 728 5759 10.
831 5703 877 5736 ³⁸
910 5705 1101 5763 Matth.
1139 5710 1334 5775 tx,1l.

1805 4509 1971 4578 justis
2002 4509 2186 4564 sedem
2221 4510 2481 4586 habeant,
2512 4509 2786 4581 simulque
2829 4510 2884 4563 in
2922 4522 3090 4577 regno
3121 4505 3386 4560 cmlorum

1806 4601 2101 4671 gaudeant.

2039 4713 2203 4770 XLII.
2231 4746 2303 4756 —
2332 4715 2622 4770 MARIONI
2676 4715 3148 4772 ARGENTARIO.

1880 4806 2016 4859 Cum
2036 4809 2221 4863 verbis
2247 4809 2382 4878 ipsis
2409 4808 2806 4878 jusjurandum
2845 4810 2939 4862 tibi
2963 4809 3017 4863 in
3037 4825 3133 4865 ore
3163 4808 3388 4865 aﬂluen-

1810 4900 1926 4955 tius
1958 4900 2221 4955 audacter
2255 4901 2518 4965 abundet,
2550 4902 2948 4956 vereeundare.

2239 4993 2430 5047 XLIII.
2459 5024 2528 5033 -
2557 4993 2967 5048 FAUSTIANO.

1884 5083 2155 5154 Perquam
2212 5085 2528 5154 longissime
2586 5097 2794 5141 remota
2859 5095 2943 5140 est
2999 5085 3181 5139 anima
3237 5095 3389 5139 tuaa

1812 5177 1921 5232 Deo
1946 5197 1959 5232 :
1980 5193 2214 5247 quanam
2249 5178 2414 5248 igitur
2431 5195 2515 5234 me
2535 5181 2768 5246 ratione,
2798 5188 2858 5234 ut
2877 5181 2996 5239 tibi,
3014 5179 3104 5250 qui
3126 5180 3388 5249 quemad-

1813 5269 2032 5323 modum
2064 5269 2318 5339 profana,
2371 5270 2447 5324 ita
2492 5280 2546 5324 et
2574 5270 2758 5324 divina
2784 5271 2941 5340 jocos
2985 5271 3144 5334 facis,
3177 5271 3385 5323 oratio-

1820 5373 1944 5412 nem
1977 5359 2164 5414 utilem
2200 5375 2265 5415 ac
2313 5360 2662 5416 commodam
2692 5362 2985 5425 mitterem,
3038 5361 3394 5416 adhontaris?

1820 5450 2110 5517 Quomodo
2127 5455 2272 5509 enim
2299 5454 2415 5524 ipse
2439 5455 2495 5509 in
2527 5470 2716 5510 aurem
2748 5455 3385 5521 demortuam,etexeor-

1820 5542 1942 5598 dem
1977 5560 2285 5603 sermonem
2315 5547 2549 5619 dirigam
2578 5548 2601 5601 ?
2631 5566 2650 5600 ι
2697 5548 2983 5615 Quomodo
3009 5548 3115 5617 ει
3151 5547 3387 5603 cantabo

1427 5709 1541 5741 '9'”
1577 5708 1706 5762 Luc.
1737 5723 1786 5768 v,
1827 5707 1911 5761 δὲ.
