3882 6036
526 198 627 267 103

2013 206 2075 267 S.
2103 207 2267 269 NILl

3653 206 3767 272 10$

522 312 801 368 canticum
820 309 1035 367 Domini
1068 312 1125 367 in
1156 322 1301 369 terra
1339 316 1519 371 aliena
1550 317 1649 384 ",i
1683 317 1777 371 ubi
1809 319 2075 381 erinacei,

2194 319 2289 372 τῶν
2309 320 2564 393 πονηρῶν
2616 322 2942 391 πνευμάτων
2984 318 3381 381 ὲννοσσεύουσι,
3405 319 3547 373 κατά
3562 318 3637 372 τὸ
3665 336 3768 387 γε-

521 412 577 457 et
600 402 795 466 ib‘ides,
832 412 887 457 ct
912 404 1282 474 nycticoraces
1303 407 1761 477 nequissimorum
1791 410 2082 479 spirituum

523 494 707 547 sedem
754 509 910 548 suam
965 507 1289 565 posuerunt,
1342 507 1402 552 ut
1436 500 1699 569 scriptum
1739 509 1823 555 est
1855 499 1900 531 "
1928 500 1951 554 ?
1981 497 2084 556 Ubi

524 585 908 648 ouocentauri,
930 594 984 639 et
1012 586 1286 642 daemones
1316 589 1575 644 continuo
1606 590 1828 654 saltant,
1850 597 1906 645 et
1934 591 2086 646 corvi

525 678 825 732 crocitant.

715 766 897 822 XLIV.
929 796 997 806 —
1030 767 1345 827 PHILIPPO
1402 770 1901 830 SCHOLASTICO.

598 858 674 913 Ex
704 875 931 931 papyro,
963 869 1017 914 et
1051 864 1191 916 colla
1219 864 1408 917 charta
1431 865 1703 934 confecta,
1728 867 1921 921 charta
1953 867 2089 922 sim-

524 949 649 1018 plex
677 957 1049 1020 nuncupatur,
1079 952 1133 1007 in
1158 968 1287 1023 qua,
1310 970 1434 1008 cum
1466 956 1817 1026 postmodum
1846 957 2091 1013 subscri-

525 1042 698 1111 pserit
751 1042 1069 1111 imperator,
1124 1045 1327 1099 nemini
1388 1061 1492 1101 non
1546 1054 1737 1117 notum
1787 1058 1911 1112 est,
1968 1063 2086 1103 eam

528 1130 754 1186 Sacram
810 1134 1019 1188 vocari.
1083 1134 1286 1191 Eodem
1345 1138 1507 1192 modo
1552 1148 1607 1193 et
1667 1138 1849 1193 divina
1902 1147 2089 1193 nostra

527 1227 787 1296 mysteria
824 1228 1226 1297 comprehende
1260 1246 1273 1282 τ
1303 1240 1426 1284 ante
1464 1230 1767 1285 sacerdotis
1820 1229 2003 1287 verba.
2035 1236 2091 1283 et

529 1314 773 1385 Spiritus
804 1320 979 1373 sancti
1007 1318 1350 1383 descensum,
1390 1320 1568 1376 nudus
1608 1322 1788 1391 panis,
1816 1328 1871 1376 et
1900 1322 2087 1375 vinum

528 1424 840 1473 commune,
890 1426 1010 1478 qua:
1053 1421 1456 1481 proponuntur,
1502 1413 1772 1468 exsistunt
1822 1432 1836 1468 :
1878 1420 1937 1485 at
1967 1421 2090 1482 post

527 1500 845 1554 tremendas
886 1501 1009 1555 illas
1035 1500 1433 1563 invocationes,
1464 1511 1518 1556 et
1541 1501 1828 1567 adorandi,
1863 1511 1916 1556 et
1953 1504 2090 1558 vivi-

529 1585 640 1650 fici,
670 1596 724 1641 et
764 1588 891 1642 boni
926 1588 1167 1657 Spiritus
1198 1589 1509 1653 adventum,
1549 1605 1659 1645 non
1697 1597 1827 1645 sunt
1854 1591 2091 1662 amplius

2184 411 2529 482 γραμμένον;
2582 411 2708 465 ἔνθα
2767 412 3143 479 ὀνοκένταυροι
3204 410 3300 462 καὶ
3344 408 3599 478 δαίμονες
3663 409 3770 475 όρο

2185 499 2403 570 χοῦνται
2434 502 2523 556 διὰ
2550 500 2769 568 παντὸς,
2792 501 2887 555 καὶ
2912 500 3147 571 κόρακες
3176 498 3459 569 κράζουσι.

2462 763 2676 818 ΜΔ’.--
2700 763 2984 832 ΦΙΛΙΠΠῼ
3013 760 3467 830 ΣΧΟΛΑΣΤΙΚῼ.

2269 857 2363 909 Ἕκ
2384 855 2659 926 παπύρου,
2686 857 2782 935 καὶ
2812 854 3007 925 κόλλης
3044 855 3249 925 χάρτης
3266 850 3763 912 κατασκευασθεὶς,

2188 947 2393 1018 χάρτης
2413 948 2566 1017 ψιλὸς
2608 947 2876 1010 καλεῖται,
2907 947 3044 999 ἐπὰν
3086 947 3143 999 δὲ
3182 942 3503 1015 ὑπογραφὴν
3533 942 3767 1010 δέξηται

2190 1037 2471 1108 βασιλέως,
2516 1037 2673 1107 δῆλον
2698 1037 2774 1101 ὡς
2825 1038 3010 1110 Σάκρα
3056 1037 3401 1107 ὀνομάζεται.
3438 1033 3628 1096 Οὕτως
3670 1048 3765 1101 μοι

2187 1127 2297 1181 νόει
2318 1128 2414 1179 καὶ
2437 1127 2504 1179 τὰ
2531 1128 2651 1181 θεῖα
2700 1130 2994 1198 μυστήρια,
3041 1126 3149 1197 πρὸ
3179 1126 3277 1198 μὲν
3320 1125 3418 1193 τῆς
3463 1119 3765 1183 ἐντεύξεως

2188 1219 2283 1273 τοῦ
2319 1219 2531 1290 ἱερέως,
2575 1220 2670 1273 καὶ
2691 1222 2786 1290 τῆς
2842 1221 3063 1275 καθόδου
3085 1219 3179 1273 τοῦ
3217 1219 3374 1285 ἁγίου
3410 1215 3764 1291 Πνεύματος,

2187 1310 2339 1379 ψιλὸν
2373 1311 2534 1382 ἄρτον
2583 1312 2868 1382 ὑπάρχειν,
2923 1311 3018 1365 καὶ
3058 1305 3199 1363 οἶνον
3225 1307 3400 1361 κοινὸν
3422 1305 3494 1358 τὰ
3531 1303 3763 1374 προκεί-

2193 1418 2353 1473 μεναο
2380 1403 2520 1473 μετά
2544 1403 2601 1456 δὲ
2626 1404 2725 1467 τάς
2755 1403 2990 1474 φοϐεράς
3035 1402 3249 1465 ὲκείνας
3288 1399 3628 1469 ἐπικλήσεις,
3665 1394 3763 1448 καὶ

2189 1494 2287 1564 τὴν
2316 1494 2656 1566 ἑπιφοίτησιν
2682 1494 2774 1548 τοῦ
2796 1492 3193 1564 προσκυνητοῦ,
3226 1493 3320 1546 καὶ
3343 1486 3634 1554 ζωοποιοῦ,
3666 1488 3762 1539 καί⁸

2190 1584 2395 1651 ἀγαθοῦ
2425 1584 2762 1656 Πνεύματος,
2816 1585 2915 1637 οὐκ
2950 1585 3030 1638 ἔτι
3058 1583 3211 1653 ψιλὸν
3235 1584 3396 1652 ἀρτον
3451 1579 3548 1633 καὶ
3575 1577 3762 1632 κοινὸν

526 1680 708 1733 nudus
759 1679 938 1748 panis,
975 1688 1029 1733 et
1084 1693 1376 1733 commune
1432 1680 1640 1743 vinum,
1684 1696 1809 1751 quae
1839 1683 2080 1752 apposita

2194 1673 2328 1729 οἶνον
2365 1677 2433 1729 τὰ
2453 1676 2834 1747 ὲπιτεθειμένα
2858 1678 2923 1747 τῇ
2950 1676 3081 1746 ἀγίᾳ
3109 1674 3377 1746 τραπέζῃ,
3410 1669 3545 1725 ἀλλά
3571 1669 3759 1738 σῶμα,

525 1772 734 1825 suntin
775 1786 937 1825 sacro
981 1771 1164 1834 altari,
1218 1770 1311 1826 sed
1356 1785 1579 1842 corpus,
1624 1782 1679 1827 et
1712 1774 1939 1843 sanguis
1965 1789 2090 1843 pre-

526 1862 721 1927 tiosus,
773 1870 826 1917 et
865 1862 1249 1918 immaculatus
1284 1861 1491 1920 Christi
1539 1865 1928 1922 universorum
1968 1867 2088 1931 Dei,

524 1951 594 2004 ab
652 1951 908 2006 omnibus
965 1952 1223 2007 sordibus
1274 1967 1371 2007 eos
1427 1953 1772 2025 mundantia,
1814 1958 1906 2025 qui
1961 1971 2086 2010 cum

522 2041 738 2107 timore,
795 2050 851 2097 et
910 2041 1183 2098 desiderio
1240 2044 1481 2100 maximo
1542 2045 1761 2102 illorum
1792 2047 2088 2118 participes

523 2130 682 2187 ﬂunL

845 2221 1003 2277 XLV.
1036 2253 1107 2268 -
1144 2223 1446 2281 LICINNIO
1470 2223 1769 2281 IUNIORI.

591 2311 864 2367 Juvenum
943 2315 1316 2383 voluptatibus
1388 2316 1697 2371 deditorum
1770 2295 2082 2388 pestiferam

522 2404 976 2458 consuetudinem
1032 2405 1175 2474 fuge,
1223 2417 1279 2461 et
1344 2417 1542 2460 conatu
1603 2408 1892 2479 studioque
1935 2411 2083 2465 omni

522 2496 747 2551 devita:
790 2498 992 2553 etenim
1037 2506 1091 2551 et
1137 2514 1322 2567 opere,
1376 2507 1432 2553 et
1478 2499 1781 2570 inquinatis
1830 2501 2084 2573 alloquiis

522 2589 826 2643 amantiqu
858 2589 1081 2643 animos
1111 2592 1433 2660 corrumpit.

872 2680 978 2749 22
1018 2678 1203 2736 XLVI.
1244 2711 1313 2722 —
1357 2680 1767 2737 SOPHRONIO.

594 2770 861 2827 Subtlitus
883 2771 1254 2835 comitatui,et
1284 2776 1597 2843 preposito,
1618 2774 1888 2828 neminem
1917 2775 2082 2831 alium

523 2863 577 2917 in
605 2863 839 2917 fratrum
864 2864 989 2916 albo
1018 2864 1309 2934 scripsisse
1344 2879 1616 2929 asserens,
1644 2865 1882 2920 ludibrio
1911 2868 2083 2936 magis

438 2978 441 2983 ν
520 2953 772 3020 habetur,
801 2953 1141 3022 multumque
1169 2953 1430 3008 irridetur
1458 2969 1487 3007 a
1510 2953 1905 3021 diabolo.Quid
1933 2956 2078 3011 enim

520 3044 622 3099 tibi
652 3044 839 3099 damni
895 3044 1093 3100 inferet
1144 3046 1436 3101 comitatus
1471 3050 1707 3113 auctior,
1738 3056 1793 3101 et
1817 3047 2080 3118 quemad-

520 3134 743 3188 modum
790 3135 1085 3204 Apostolus
1133 3134 1273 3190 dixit
1312 3131 1389 3203 v“,
1434 3136 1815 3206 multiplicata,
1850 3148 1903 3192 et
1931 3139 2083 3194 locu-

520 3226 723 3296 pletata
772 3226 828 3281 in
875 3228 1170 3281 multorum
1201 3226 1436 3281 fratrum
1478 3243 1714 3299 persona
1750 3231 1924 3300 gratia
1961 3231 2084 3301 Spi-

522 3317 665 3372 ritus
696 3317 875 3371 Sancti
903 3316 947 3385 ?,

938 3405 1148 3461 XLVII.
1183 3439 1252 3448 —
1292 3406 1657 3465 DOSITHEO.

529 3492 535 3499 ’
592 3497 664 3553 Ut
718 3496 861 3554 Deus
911 3500 984 3555 sit
1026 3502 1207 3554 omnia
1253 3501 1310 3555 in
1337 3502 1617 3568 omnibus,
1658 3503 1840 3557 lumen
1876 3502 2083 3560 lumine

519 3586 729 3657 dignis,
788 3588 931 3659 ignis
980 3602 1113 3642 vero
1188 3588 1464 3660 castigans
1528 3591 1857 3660 sempiterna
1916 3606 2079 3662 pana

519 3679 735 3749 dignos.

987 3768 1232 3824 XLVIII.
1269 3801 1338 3815 -—-
1372 3770 1578 3825 Eidem.

590 3862 745 3928 Quod
770 3862 956 3918 labore
986 3866 1305 3935 acquiritur,
1337 3864 1580 3919 tenacius
1618 3865 1914 3935 detinetur;
1934 3870 2079 3940 quod

520 3966 650 4006 vero
688 3951 867 4018 facile,
919 3953 1207 4017 citissime,
1260 3962 1522 4023 tanquam
1571 3955 1717 4024 quod
1750 3955 1946 4011 iterum
1987 3973 2081 4012 ac-

518 4042 662 4111 quiri
713 4042 911 4107 valeat,
993 4043 1337 4113 projicitur:
1392 4058 1563 4113 quare
1624 4046 1680 4099 in
1742 4047 1936 4115 majori
2012 4062 2079 4103 ac

518 4134 744 4189 ﬁruiiori
776 4134 1041 4190 beneficio
1075 4134 1457 4190 collocandum
1498 4144 1581 4191 est
1626 4151 1736 4191 non
1792 4138 1866 4193 ita
1891 4153 2076 4208 prom-

516 4235 668 4294 ptum
697 4224 1040 4279 beneficium.

1026 4314 1212 4371 XLIX.
1238 4346 1307 4356 -—
1341 4316 1549 4375 Eidem.

583 4405 854 4476 Quidquid
894 4408 1065 4462 multo
1099 4410 1310 4476 labore,
1361 4422 1416 4467 et
1458 4427 1568 4466 non
1600 4411 1722 4468 sine
1753 4412 2073 4469 discrimine

513 4501 912 4568 conquirimus,
966 4503 1321 4570 pertinaciter
1369 4519 1574 4567 amare,
1607 4515 1661 4558 et
1696 4505 2075 4561 indesinenter

513 4591 759 4660 diligere,
787 4599 840 4645 et
879 4594 1008 4647 totis
1040 4592 1250 4647 viribus
1278 4595 1559 4649 custodire
1588 4595 1888 4651 suevimus.

931 4682 994 4739 L.
1044 4711 1117 4727 -
1146 4683 1654 4743 THEODORIANO.

582 4774 768 4830 liudcs
817 4777 1088 4843 nonnulli,
1136 4786 1194 4833 et
1241 4779 1430 4834 mundi
1483 4790 1731 4835 amantes
1782 4780 1908 4846 viri,
1962 4792 2070 4835 tua:

511 4868 748 4922 miseriae
796 4882 903 4921 non
958 4870 1276 4935 dissimiles,
1324 4871 1559 4941 pmpriis
1582 4871 1867 4927 affectibus
1896 4872 2070 4939 ducti,

513 4959 827 5017 sanitatem,
875 4964 929 5009 et
969 4956 1210 5024 divitias,
1257 4966 1312 5012 et
1342 4958 1552 5023 luxum,
1581 4965 1637 5012 et
1668 4958 1908 5012 hostium
1934 4960 2077 5013 exci-

512 5046 663 5101 dium
693 5047 948 5116 precibus
983 5063 1012 5100 a
1060 5047 1289 5102 Domino
1321 5057 1579 5118 poscunt,
1618 5048 1817 5103 deinde
1854 5048 1959 5119 23
1986 5065 2075 5121 ge-

513 5140 661 5195 neris
692 5140 961 5209 ejusmodi
990 5141 1249 5210 petitioue
1278 5141 1548 5209 frustrati,
1584 5142 1741 5198 fidem
1774 5142 2061 5211 abjiciunt,

514 5231 599 5286 vel
626 5240 1040 5302 conquerantur
1067 5233 1134 5288 de
1158 5231 1287 5288 Deo.
1320 5234 1424 5288 Alii
1452 5249 1672 5290 rursum
1715 5234 1861 5290 aliud
1900 5235 2063 5305 quid-

514 5322 658 5393 piam
686 5323 1042 5393 postulantes,
1089 5337 1189 5378 nec
1238 5323 1370 5378 illud
1436 5326 1642 5380 utiliter
1697 5333 2060 5394 reportantes,

514 5428 692 5482 neque
732 5413 877 5468 enim
916 5411 1164 5480 omnino,
1203 5429 1324 5482 qua:
1364 5415 1667 5487 diligimus,
1714 5416 1867 5469 utilia
1920 5426 2068 5484 sunt,

590 5584 632 5615 δι
668 5582 813 5639 Psal.
849 5599 1073 5652 cum,
1108 5586 1163 5641 4.

2190 1769 2284 1821 καὶ
2312 1762 2453 1839 αἷμα
2482 1768 2662 1839 τίμιον
2724 1769 2818 1822 καὶ
2860 1768 3126 1838 ἄχραντον
3177 1765 3412 1835 Χριστοῦ
3457 1762 3553 1814 τοῦ
3621 1759 3761 1813 Θεοῦ

2188 1856 2295 1910 τῶν
2324 1857 2598 1919 ἁπάντων,
2625 1855 2921 1927 καθαρίζον
2961 1856 3067 1909 ἀπὸ
3104 1854 3298 1917 παντὸς
3330 1850 3607 1923 μολυσμοῦ
3632 1850 3762 1911 τούς

2191 1950 2706 2021 μεταλαμϐάνοντας
2728 1950 2895 2021 φόϐῳ,
2919 1951 3011 2003 καὶ
3046 1949 3194 2019 πόθῳ
3227 1945 3428 2017 πολλῷ.

2501 2214 2634 2269 ME'.
2665 2245 2731 2253 —
2754 2212 3069 2281 AIKINNio
3100 2207 3431 2277 ΝΕΩΤΕΡῼ.

2256 2304 2369 2377 Τὴν
2416 2304 2669 2374 λοιμικὴν
2716 2300 3090 2373 συνδιαγωγὴν
3140 2298 3250 2352 τῶν
3309 2296 3609 2367 φιληδόνων
3662 2309 3756 2345 σου

2184 2397 2462 2468 νεωτέρων
2481 2393 2848 2465 ἀποστρέφου,
2889 2393 2983 2446 καὶ
3010 2390 3178 2459 φεῦγε
3209 2387 3357 2461 πάσῃ
3384 2385 3635 2456 δυνάμει·
3664 2384 3757 2435 καὶ

2183 2488 2293 2559 γὰρ
2318 2486 2411 2540 καὶ
2426 2484 2502 2556 τῷ
2526 2485 2690 2557 ἔργῳ,
2719 2485 2812 2538 καὶ
2835 2485 2955 2546 ταῖς
2988 2478 3430 2552 μεμολυσμέναις
3489 2474 3755 2545 ὁμιλίαις,

2183 2579 2282 2643 τάς
2307 2577 2482 2648 ψυχὰς
2502 2575 2807 2647 διαφθείρει
2836 2574 2945 2627 τῶν
2977 2569 3316 2640 ἀγαπώντων
3336 2565 3557 2626 αὐτούς.

2640 2667 2793 2735 Mc,".
2836 2697 2907 2707 -
2934 2664 3288 2733 mamma.

2266 2760 2657 2822 ’Υποτακτικδς
2673 2758 2848 2826 λέγων
2870 2760 2936 2828 τῇ
2955 2756 3190 2826 συνοδίᾳ,
3214 2756 3308 2809 καὶ
3331 2752 3407 2823 τῷ
3435 2747 3752 2821 κρατοῦντι,

2188 2852 2393 2925 μηδένα
2410 2852 2566 2906 ἄλλον
2592 2847 2951 2915 ὐποδέξασθαι
2989 2847 3233 2916 ἀδελφὸν,
3267 2844 3587 2915 χλευάζεται
3619 2840 3756 2911 μᾶλ-

2184 2948 2275 3002 λον
2296 2991 2310 3014 ,
2344 2948 2437 3002 καὶ
2477 2947 2615 3015 ἄγαν
2649 2942 2974 3016 ὲμπαίζεται
3007 2942 3111 2999 ὐπὸ
3143 2940 3236 2996 τοῦ
3256 2937 3521 2992 διαϐόλου.
3551 2935 3618 2987 Τί
3646 2935 3755 3003 γάρ

2184 3059 2242 3095 σε
2257 3040 2532 3111 ἐζημίωσε
2550 3039 2611 3092 τὸ
2630 3036 2996 3108 πληθυνθῆναι
3018 3034 3116 3104 τὴν
3140 3031 3433 3094 συνοδείαν,
3451 3029 3545 3082 καὶ
3568 3026 3754 3089 καθὼς

2178 3133 2208 3185 ὀ
2274 3130 2591 3194 Ἀπὸστολος
2638 3128 2850 3200 εἴρηκε,
2896 3123 3304 3179 πλεονάσαικαὶ
3355 3120 3657 3190 αὐξηθῆναι
3697 3120 3752 3171 ἐν

2180 3216 2465 3295 προσώπῳ
2476 3222 2685 3275 πολλῶν
2720 3219 2963 3290 ἀδελφῶν
2978 3219 3077 3289 τὴν
3102 3218 3263 3289 χάριν
3284 3215 3378 3270 τοῦ
3395 3215 3550 3283 ἁγίου
3580 3212 3752 3267 Πνεύ-

2184 3334 2349 3385 ματος
2365 3331 2379 3380 ;
3084 3345 3087 3348 ‹

2668 3406 2797 3459 ΜΖ’.
2846 3432 2919 3444 -
2954 3402 3254 3472 ΔΟΣῘΘΕῼ.

2253 3498 2371 3550 Ἵνα
2458 3497 2486 3549 ὁ
2505 3494 2641 3557 Θεὸς
2678 3492 2858 3547 πάντα
2880 3494 2939 3546 ὲν
2982 3493 3137 3555 πᾶσι,
3162 3492 3276 3559 φῶς
3308 3489 3407 3560 μὲν
3444 3491 3556 3552 τοῖς
3577 3487 3748 3555 ἀξίοις

2178 3590 2270 3645 τοῦ
2303 3589 2499 3658 φωτὸς,
2536 3586 2647 3656 πῦρ
2672 3586 2728 3638 δὲ
2754 3584 3113 3655 κολαστήριον
3159 3584 3272 3645 τοῖς
3293 3582 3466 3648 ἀξίοις
3492 3580 3594 3651 τῆς
3616 3581 3747 3634 αἰω-

2180 3681 2305 3733 νίου»
2320 3678 2616 3739 κολάσεως.

2680 3767 2824 3821 MH'.
2849 3796 2917 3807 -—
2940 3763 3024 3830 Τῷ
3057 3765 3237 3830 αὐτῷ.

2248 3862 2322 3914 Τὸ
2352 3860 2449 3931 μὲν
2464 3859 2611 3929 πόνῳ
2642 3857 2862 3927 κτηθὲν,
2893 3856 3093 3923 μᾶλλον
3134 3855 3450 3928 κρατεῖσθαι
3479 3857 3742 3924 πέφυκεν,

2176 3953 2240 4006 τὸ
2268 3953 2323 4006 δὲ
2354 3951 2552 4023 ῥᾳδίως
2583 3949 2799 4022 κτηθὲν,
2857 3949 2955 4002 καὶ
2978 3946 3349 4001 ἁποπτύεσθαι
3373 3947 3623 4017 τάχιστα,
3671 3947 3744 4010 ὡς

2178 4045 2339 4097 πάλιν
2392 4042 2662 4114 ληφθῆναι
2699 4039 3016 4111 δυνάμενον,
3053 4039 3197 4093 ὥστε
3231 4039 3430 4109 μᾶλλον
3456 4039 3744 4110 εὐεργεσίᾳ

2177 4130 2467 4201 κρατίστῃ,
2495 4129 2587 4183 καὶ
2609 4127 2800 4200 βεϐαίᾳ
2846 4128 3168 4187 καθίσταται
3214 4129 3275 4181 τὸ
3326 4128 3401 4200 μὴ
3453 4129 3742 4203 πρόχειρον

2174 4219 2276 4289 τῆς
2302 4219 2638 4291 εὐεργεσίας.

2677 4312 2811 4366 MG'.
2840 4342 2910 4352 —
2934 4312 3024 4379 Τῷ
3041 4314 3217 4379 αὐτῷ.

2240 4404 2355 4457 ΙΙᾶν
2387 4402 2447 4455 τδ
2471 4402 2649 4473 πολλῷ
2678 4404 2882 4475 μόχθῳ,
2908 4405 2999 4458 καὶ
3024 4405 3195 4474 ἀγῶνι
3229 4404 3507 4476 πορισθὲν,
3554 4407 3739 4458 ποθεῖν

2171 4493 2458 4556 συντόνως,
2491 4495 2583 4546 καὶ
2612 4494 2861 4565 στέργειν
2890 4497 3204 4562 ἀνενδότως,
3237 4498 3332 4551 καὶ
3364 4497 3528 4551 παντὶ
3563 4497 3738 4551 σθένει

2170 4586 2457 4655 φυλάττειν
2484 4585 2649 4639 είώθα
2657 4601 2777 4655 μεν.

2484 4730 2489 4733 ,
2625 4678 2708 4730 N'.
2730 4706 2799 4717 -
2840 4676 3286 4747 ΘΕΟΔΩΡΙΑΝῼ.

2236 4767 2489 4836 Ἀμαθεῖς
2499 4784 2663 4831 τινες,
2689 4768 2784 4821 καὶ
2806 4767 3124 4838 φιλόκοσμοι
3144 4769 3336 4837 ἀνδρες
3356 4771 3739 4840 προσεοικότες

2167 4861 2234 4928 τῇ
2278 4861 2343 4929 σῇ
2381 4858 2659 4928 ἀθλιότητι
2705 4857 2971 4928 ἐμπαθῶς
3007 4858 3324 4928 φερόμενοι,
3375 4860 3611 4928 ὑγίειαν,
3644 4864 3737 4915 καὶ

2171 4951 2418 5017 πλοῦτον,
2453 4952 2544 5004 καὶ
2567 4950 2865 5018 σπατὰλην,
2889 4950 2983 5004 καὶ
3017 4950 3225 5021 ἐχθρῶν
3254 4950 3556 5023 ἀνθρώπων
3584 4953 3736 5005 ἀπώ-

2169 5044 2321 5098 λειαν
2354 5045 2422 5098 δι’
2456 5044 2622 5115 εὐχῆς
2650 5044 2743 5098 τὸν
2780 5044 2986 5116 Κύριον
3011 5044 3275 5098 αίτοῦσιψ
3305 5042 3421 5098 εἶτα
3436 5046 3538 5115 τῆς
3558 5045 3735 5097 τοιαύ-

2171 5153 2270 5207 της
2307 5135 2573 5206 βλαϐερᾶς
2619 5136 2980 5205 ἀποτυχόντες
3032 5136 3299 5207 αίτήσεως
3345 5138 3425 5199 είς
3483 5126 3769 5190 ἀπιστίαν

2171 5229 2514 5302 χωροῦσιν,ἢ
2551 5229 2856 5300 μέμφονται
2880 5230 2971 5282 τὸν
2996 5228 3150 5284 Θεόν.
3184 5229 3365 5282 ’Ἄλλοι
3416 5230 3581 5283 πάλιν
3611 5230 3733 5284 ἀλλο

2167 5342 2220 5377 τι
2243 5321 2598 5388 ἐξαιτοῦντες,
2621 5322 2715 5375 καὶ
2750 5320 2824 5393 μὴ
2857 5320 3207 5391 κομιζόμενοι
3236 5323 3626 5391 συμφερόντως
3650 5322 3729 5389 (οὐ

2175 5416 2284 5485 γὰρ
2316 5414 2531 5478 πάντως
2552 5415 2693 5487 άπερ
2724 5410 2985 5485 φιλοῦμεν
3037 5412 3130 5467 καὶ
3150 5412 3349 5483 ὠφελεῖ
3368 5413 3410 5484 )°
3443 5414 3504 5467 τὸ
3548 5412 3655 5485 γὰρ
3682 5412 3731 5464 τί

1262 5589 1307 5622 δ’
1368 5591 1479 5648 lsa.
1530 5608 1748 5659 xxxuu,
1786 5593 1876 5647 Il.
1962 5590 2247 5648 "l'l‘hes.
2281 5604 2363 5657 ιιι,
2397 5591 2483 5645 12.
