3882 6036
90 300 202 364 105

1312 304 1842 366 EPISTOLARUM
1883 304 2024 362 LIB.
2073 304 2119 362 ῐ.

3248 301 3345 369 106

88 412 525 485 προσευξόμεθα,
560 414 712 484 φησὶ,
738 413 858 467 καθ’
882 413 911 465 ὃ
940 412 1039 477 δεῖ,
1060 415 1160 467 οὐκ
1189 414 1435 485 οἴδαμεν,
1458 415 1662 483 γογγύ-

1778 430 2218 485 gnoramusque,
2258 420 2313 465 ut
2354 412 2442 466 ille
2476 412 2665 475 ait,mi
2697 413 2904 477 decuit,
2938 428 3127 482 preces
3164 414 3344 470 effun-

87 507 278 570 ζουσιν
316 506 473 568 εὐθὺς
514 506 952 575 χαλεπαίνοντες,
996 507 1088 557 καὶ
1138 506 1667 575 δυσανασχετοῦντες

83 600 183 650 ἐπὶ
233 602 300 668 τῇ
331 597 654 663 ἀποτεύξει,
706 598 883 649 καίτοι
919 596 1176 659 πολλάκις
1229 598 1665 667 κατεγνωσμένοι

85 690 182 742 τὸν
208 689 324 760 βίον
345 689 698 757 ὑπάρχοντες,
724 688 957 758 ἑτοίμως
980 686 1258 757 βούλονται
1276 690 1662 742 ὲπακούεσθαι·

80 780 198 848 ἄρα
225 780 335 850 γὰρ
367 780 467 832 οὐκ
504 778 738 847 ὀφείλεις
781 781 1141 850 εὐχαριστεῖν,
1171 782 1251 834 ὅτι
1283 780 1629 851 κατηξιώθης
1650 819 1665 842 ,

80 872 181 923 καί
206 870 371 940 μόνον
401 869 651 939 ὀρθρίσαι
701 869 835 939 πρὸς
880 870 972 923 τὸν
1022 871 1298 925 κτίσαντα
1342 873 1539 933 πάντα.
1573 873 1669 943 καὶ

82 962 455 1032 συπμιλῆσαι
490 962 639 1032 αὐτῷ
685 962 771 1014 διὰ
818 962 917 1031 τῆς
968 962 1171 1033 εὐχῆς;
1238 964 1377 1017 ἀλλὰ
1418 966 1511 1018 καὶ
1545 966 1667 1036 μηδ’

79 1053 483 1122 εὐχαριστῆσαι
506 1052 695 1118 θέλων,
717 1051 998 1115 ὀνειδίζεις
1032 1056 1116 1119 σὺ,
1139 1057 1166 1107 ὁ
1191 1054 1379 1126 πηλὸς,
1402 1056 1492 1108 τὸν
1525 1057 1671 1111 Πλάοο

81 1159 221 1211 στην
247 1159 344 1195 σου
366 1159 380 1206 ;
400 1142 559 1195 Ἀλλὰ
579 1143 671 1195 νῦν
694 1143 824 1212 γοῦν
846 1145 1369 1217 σαυτὸνδοκιμάσας,
1393 1147 1667 1217 ἄνθρωπε,

80 1231 327 1299 γνώριζέ
356 1252 449 1287 σου
478 1236 545 1287 τὰ
571 1236 764 1305 μέτρα.

397 1324 523 1379 Νιισ.
551 1355 620 1366 ——
647 1328 1000 1400 ΠΛΟΥΤΙΝῼ
1035 1330 1365 1401 ΥΠΑἸἸΚῼ.

154 1415 223 1468 Οί
258 1418 436 1487 πέραν
462 1416 556 1471 τοῦ
604 1418 866 1488 Ἰορδάνου
902 1421 1531 1493 κατακληροδοτηθέντες
1566 1424 1670 1475 ὐπδ

78 1511 370 1574 Μωῦσέως
393 1510 486 1563 τοῦ
520 1512 758 1581 μεγάλου
780 1512 1091 1583 νομοθέτου,
1138 1515 1403 1584 Ῥουϐὴμ,
1436 1516 1527 1569 καὶ
1562 1514 1670 1569 Γὰδ

78 1603 356 1673 ὑπῆρχον,
392 1604 485 1656 καὶ
520 1604 619 1674 τῆς
653 1604 823 1674 φυλῆς
851 1605 1116 1675 Μανασσῆ
1148 1606 1207 1659 τὸ
1250 1606 1441 1677 ἥμισυ.
1492 1609 1669 1679 Πρόσ-

76 1710 237 1749 ωπον
264 1694 312 1747 δ’
331 1690 473 1749 οὗτοι
489 1694 683 1766 ἔφερον
702 1696 809 1750 τῶν
825 1694 913 1749 διὰ
938 1697 1031 1749 τοῦ
1056 1698 1221 1765 νόμου
1250 1699 1669 1753 δικαιωθέντων’

1769 506 1921 569 dere,
1953 506 2139 560 statim
2175 505 2602 559 obmurmurant
2628 518 2772 574 aegre
2804 503 3063 569 ferentes,
3096 506 3338 561 indolen-

1772 607 1961 666 tesque
2006 596 2073 652 de
2124 596 2343 666 repulsa
2376 614 2389 651 :
2422 605 2476 650 et
2508 596 2627 649 licet
2700 608 3077 664 saepenumero
3123 598 3343 653 exitiosi

1769 704 1834 741 ac
1858 687 2055 741 nefarii
2092 688 2226 752 sint,
2254 687 2618 741 nihilominus
2648 675 2797 740 illico
2816 687 3065 741 exaudiri
3089 689 3344 757 cupiunt.

1772 782 1972 832 Annon
2024 778 2317 832 reddendae
2376 778 2471 832 tibi
2517 777 2708 846 gratia:
2751 786 2905 843 sunt,
2951 779 3097 848 quod
3143 780 3346 850 dignus

1773 869 1953 928 faetus
1983 870 2081 937 sis,
2127 886 2285 926 mane
2322 887 2554 941 surgens
2615 870 2684 924 ad
2733 871 3054 927 Creatorem
3101 874 3346 929 omnium

1772 962 2058 1030 accedere,
2093 980 2311 1035 unaque
2342 981 2466 1019 cum
2491 980 2559 1019 eo
2577 964 2791 1020 orando
2818 966 3102 1035 colloqui?
3132 964 3200 1020 Et
3222 967 3352 1021 licet

1772 1056 1979 1122 gratias
2032 1053 2241 1109 referre
2276 1056 2441 1122 nolis,
2492 1056 2797 1126 exprobras
2821 1066 2875 1109 tu
2905 1056 3079 1112 lutum
3100 1056 3352 1113 Creatori

1772 1146 1913 1200 tuo?
1958 1144 2354 1202 Verumtamen
2405 1162 2574 1212 nunc,
2635 1162 2763 1201 cum
2823 1150 3079 1217 teipsum,
3134 1152 3208 1203 mi
3245 1149 3350 1213 vir,

1771 1238 2197 1301 exaniinaveris,
2232 1255 2546 1294 mensuram
2580 1255 2818 1311 agnosce
2849 1249 3018 1295 tuam.

2082 1331 2167 1388 LI.
2211 1366 2279 1374 —
2310 1332 2614 1387 PLUTINO
2655 1330 3074 1388 CONSULARl.

1844 1424 1947 1489 Qui
1984 1434 2137 1481 trans
2165 1425 2458 1481 Iordanem
2484 1441 2513 1476 a
2535 1426 2717 1496 Moyse
2747 1441 2946 1496 magno
2975 1427 3151 1495 legum
3182 1425 3357 1478 latore

1774 1527 1975 1572 sortem
2008 1527 2368 1587 acceperunt,
2393 1515 2585 1571 Ruben
2605 1527 2761 1571 erant
2782 1557 2797 1581 ,
2829 1524 2883 1571 et
2910 1515 3024 1569 Gad
3047 1557 3061 1581 ,
3091 1529 3145 1571 et
3178 1518 3355 1571 tribus

1775 1608 2033 1665 Manasse
2072 1610 2357 1664 dimidium
2378 1609 2443 1663 “.
2488 1609 2550 1662 Hi
2585 1624 2781 1678 porro,
2817 1625 2914 1679 per
2948 1609 3119 1678 legem
3152 1609 3354 1678 justiti-

1775 1714 1929 1760 catos
1961 1706 2461 1777 repraesentabant;
2503 1716 2556 1757 at
2591 1703 2814 1775 reliqua:
2848 1720 3077 1766 novent,
3111 1719 3233 1757 cum
3271 1703 3355 1755 di-

76 1790 139 1840 αί
175 1788 234 1840 δὲ
267 1787 427 1841 ἄλλαι
452 1764 607 1841 ἐννέα
639 1790 733 1842 καὶ
763 1789 935 1859 ἥμισυ
966 1764 1151 1858 φυλαί,
1184 1790 1387 1853 αἵτινες
1415 1791 1553 1860 μετὰ
1580 1792 1667 1846 τὸν

1778 1796 1940 1850 midia
1971 1764 2129 1867 parte
2161 1798 2243 1851 cis
2276 1796 2571 1851 Jordanem
2616 1764 2962 1859 subsortitaa,
2994 1811 3056 1849 ex
3098 1795 3355 1864 gentibus

91 1879 373 1950 Ἰορδάνην
414 1879 841 1950 κληρονομοῦσι.
883 1880 1150 1952 σύμϐολον
1187 1882 1516 1952 τυγχάνουσι
1560 1884 1669 1936 τῶν

77 1972 142 2036 ἐξ
171 1972 348 2025 ἐθνῶν
381 1972 821 2026 πεπιστευκότων
849 1974 1089 2043 Χριστῷ,
1133 1973 1225 2026 καὶ
1252 1974 1338 2026 διὰ
1375 1975 1474 2043 τῆς
1506 1974 1667 2045 χάρι-

76 2080 169 2126 τος
196 2064 298 2116 τοῦ
338 2064 495 2131 ἁγίου
531 2064 844 2135 Πνεύματος
872 2065 1285 2123 τελειωθέντων.
1329 2068 1670 2138 Σημειωτέον

72 2155 159 2218 δὲ,
190 2156 275 2209 ὅτι
320 2155 426 2224 πρὸ
456 2155 551 2209 τοῦ
588 2156 857 2226 ποταμοῦ,
894 2158 1138 2211 τουτέστι
1162 2144 1254 2211 τοῦ
1287 2158 1668 2229 Χριστιανικοῦ

76 2246 489 2317 βαπτίσματος,
539 2247 736 2319 ἀτελής
786 2266 904 2312 πως
933 2249 1027 2302 καὶ
1080 2249 1359 2318 νηπιὼδης
1397 2249 1669 2303 δείκνυται

76 2340 292 2407 γνῶσις
350 2341 443 2393 καὶ
489 2341 766 2394 πολιτεία·
796 2341 987 2393 παιδία
1031 2341 1141 2413 γὰρ
1187 2344 1320 2404 ἐκεῖ,
1353 2343 1448 2395 καὶ
1495 2343 1665 2412 κτήνη

76 2431 282 2494 πολλὰ,
312 2432 405 2484 καὶ
434 2434 697 2498 γυναῖκας
728 2432 993 2502 ὑπάρχειν
1016 2431 1444 2503 μεμαρτύρηκεν
1473 2434 1504 2501 ἡ
1532 2448 1668 2501 γρα-

76 2524 156 2594 φὴ
182 2524 489 2587 Μωῦσέως.

433 2680 443 2694 ι
589 2613 717 2666 NB'.
761 2643 830 2653 ——-
860 2613 943 2679 Τῷ
990 2614 1171 2679 αὐτῷ.
1257 2654 1271 2664 .

150 2703 623 2773 Συναγωνίζονται
656 2709 775 2769 ταῖς
806 2708 965 2759 ἐννέα
990 2707 1164 2776 ἥμισυ
1189 2706 1379 2771 φυλαῖς
1406 2724 1539 2777 προς
1573 2724 1672 2777 την

75 2800 453 2870 κληρονομίαν
484 2799 536 2851 αἱ
566 2798 657 2849 δύο
684 2799 853 2868 ἥμισυ
919 2799 1005 2860 Ὠς
1032 2800 1138 2869 γὰρ
1181 2801 1340 2869 ἡμεῖς
1376 2799 1668 2867 στρατευό-

78 2891 226 2961 μεθα
249 2892 313 2943 ὲν
334 2891 537 2955 πίστει,
565 2892 656 2943 καὶ
684 2892 890 2961 εὐχαῖς,
927 2892 1017 2943 καὶ
1040 2890 1329 2960 θειοτέροις
1374 2891 1559 2959 ἔργοις
1582 2890 1672 2961 (τὰ

77 2985 190 3054 γὰρ
218 2982 364 3036 ὅπλα
393 2984 490 3054 τῆς
522 2984 807 3054 στρατείας
842 2983 1021 3053 ήμῶν,
1061 2983 1271 3052 φησὶνδ
1324 2983 1666 3047 Ἀπόστολος.

1771 1885 1996 1941 Christo
2036 1887 2320 1942 credentes
2345 1930 2359 1952 ,
2417 1896 2469 1941 et
2506 1903 2601 1956 per
2632 1888 2862 1957 gratiam
2896 1885 3132 1956 Spiritus
3174 1886 3355 1942 sancti

1774 1973 2168 2042 perfectionem
2195 1977 2422 2046 adeptos
2443 1975 2777 2030 referebant.
2806 1974 3193 2031 Adnotandum
3222 1992 3357 2030 vero

1771 2073 1887 2131 est,
1926 2077 2051 2121 ante
2070 2066 2326 2131 ﬂuvium,
2362 2068 2465 2121 hoc
2488 2075 2570 2122 est
2592 2066 2964 2122 Christianam
2993 2068 3356 2131 ablutionem,

1773 2156 2154 2228 imperfectam
2194 2160 2638 2230 quodammodo,
2676 2171 2729 2215 et
2782 2163 3047 2231 puerilem
3084 2162 3356 2232 cognitio-

1772 2266 1932 2316 nem,
1962 2266 2028 2305 ac
2059 2252 2182 2306 vita:
2213 2252 2616 2306 institutionem
2650 2252 2918 2307 indicari:
2946 2253 3184 2307 infantes
3210 2255 3353 2307 enim

1775 2341 1850 2397 ibi
1873 2382 1888 2404 ,
1919 2353 1972 2397 et
2002 2343 2159 2397 bruta
2196 2345 2485 2414 pleraque,
2519 2352 2572 2397 et
2605 2343 2871 2399 mulieres
2887 2343 3126 2398 adfuisse
3146 2343 3357 2415 Moyses

1777 2433 1998 2502 scriptis
2034 2435 2243 2488 tradito
2278 2426 2595 2489 testimonio
2627 2453 2729 2491 suo
2759 2437 3163 2506 comprobavit.

2278 2616 2386 2688 24
2423 2616 2527 2669 ιιι.
2565 2648 2633 2657 -
2664 2616 2869 2671 Eidem.

1847 2710 1981 2762 Cum
2017 2725 2210 2764 novent
2240 2720 2295 2764 et
2320 2711 2549 2764 dimidia
2590 2711 2848 2766 tribubus
2881 2710 2949 2765 ad
2982 2710 3357 2765 hmreditatem

1776 2814 1883 2854 una
1915 2815 2080 2870 opera
2116 2801 2238 2855 dua:
2266 2806 2319 2855 et
2351 2800 2576 2855 dimidia
2608 2808 2857 2855 certant:
2895 2800 3355 2868 quemadmodum

1775 2894 1923 2948 enim
1969 2909 2072 2949 nos
2122 2895 2177 2947 in
2228 2893 2333 2947 fide
2359 2931 2377 2958 ,
2424 2901 2478 2948 et
2507 2893 2777 2955 oratione,
2815 2910 2879 2948 ac
2910 2894 3069 2948 bonis
3100 2893 3355 2963 operibus

1777 2982 2080 3036 militamus
2152 2991 2411 3052 (namque
2456 2992 2643 3038 nostra
2704 2998 2899 3045 arma,
2953 2990 3011 3037 ut
3058 2982 3355 3053 Apostolus

74 3075 137 3126 οὐ
177 3075 445 3142 σαρκικὰ,
479 3074 614 3126 ἀλλὰ
649 3075 992 3144 πνευματικά
1015 3090 1072 3125 τε
1117 3077 1210 3127 καὶ
1258 3075 1497 3141 δυνατὰ),
1529 3075 1667 3128 οὕτω

1778 3073 1938 3139 ait”,
1980 3090 2089 3128 non
2119 3083 2249 3129 sunt
2283 3074 2551 3139 carnalia,
2595 3073 2691 3129 sed
2727 3074 3019 3143 spiritalia,
3061 3086 3115 3129 et
3146 3075 3353 3141 fortia),

77 3167 498 3237 στρατεύονται,
528 3169 622 3221 καὶ
657 3168 1113 3234 συναγωνίζονται
1149 3169 1279 3238 ἡμῖν
1313 3171 1433 3231 ταῖς
1464 3169 1668 3239 προθυο

77 3261 259 3329 μίαις,
303 3262 397 3313 καὶ
433 3263 550 3323 ταῖς
586 3260 900 3322 καλλίσταις
930 3259 1140 3313 ἐλπίσιν
1163 3264 1211 3314 οί
1249 3261 1439 3332 πρώην
1471 3262 1669 3332 εὑηρε-

78 3352 356 3419 στηκότες
404 3350 479 3421 τῷ
522 3350 640 3420 Θεῷ
675 3352 761 3404 διὰ
787 3350 882 3402 τοῦ
925 3351 1111 3421 νόμου.
1158 3352 1238 3405 Τὰ
1285 3352 1391 3424 γὰρ
1430 3353 1669 3423 μυστικὰ

74 3442 412 3512 πράγματα,
442 3442 533 3493 καὶ
555 3442 605 3492 οί
632 3441 778 3508 λόγοι
806 3442 1067 3506 Μωσέως,
1100 3443 1194 3495 καὶ
1222 3444 1514 3514 προφητῶν
1544 3460 1668 3495 συν-

73 3538 341 3605 τρέχουσι
396 3534 475 3603 τῷ
530 3535 673 3588 κατὰ
726 3534 785 3588 τὸ
819 3536 1158 3608 εύαγγελικῷ
1198 3538 1538 3608 κηρύγματι,
1574 3539 1670 3591 καὶ

74 3629 295 3693 γίνεται
329 3626 507 3679 κοινὸν
530 3626 591 3679 τὸ
623 3627 971 3698 κατόρθωμα.
1023 3628 1112 3681 Διό
1142 3646 1305 3697 φασιν
1341 3629 1669 3699 Ἰσραηλῖται

88 3719 275 3791 Ἰησοῦ
307 3719 385 3789 τῷ
416 3717 518 3790 υἱῷ
572 3718 666 3771 τοῦ
725 3717 883 3789 Ναυὴ
940 3720 1183 3789 μέλλοντι
1236 3720 1530 3773 διαϐαίνειν
1579 3722 1670 3773 τὸν

94 3812 379 3884 Ἰορδάνην
401 3812 763 3882 πανστρατιᾷ,
796 3811 878 3864 δτι
901 3830 918 3861 ι
949 3810 1145 3875 Καθὼς
1173 3812 1483 3881 ἠκούσαμεν
1505 3814 1670 3867 Μωῦ-

76 3904 222 3967 σέως
249 3943 265 3966 ,
301 3900 477 3965 οὕτως
508 3901 851 3969 ἀκουσόμεθα
882 3902 976 3955 καὶ
1005 3903 1121 3956 σοῦ.
1155 3922 1174 3953 ι
1196 3903 1403 3973 Ἰησοῦς
1435 3903 1491 3956 δὲ
1518 3906 1545 3957 ὁ
1574 3904 1666 3957 τοῦ

75 3990 241 4061 Ναυὴ
272 3990 445 4043 τύπον
490 3990 715 4060 ἐφέρετο
760 3990 937 4060 Ἰησοῦ
994 3991 1229 4061 Χριστοῦ
1258 3991 1353 4043 τοῦ
1398 3994 1668 4048 Δεσπότου

74 4083 190 4136 τῶν
216 4082 378 4135 ὅλων.
413 4082 578 4134 Ὅθεν
600 4081 762 4135 αὑτὸν
790 4083 958 4135 Αὺσὶν
985 4084 1042 4134 τὸ
1071 4085 1286 4153 πρῶτον
1315 4084 1667 4156 καλούμενον,

73 4176 105 4226 ὁ
152 4175 435 4243 πάνσοφος
464 4174 705 4243 Μωῦσῆς
750 4172 1073 4245 προόλέπων
1125 4176 1191 4228 τὰ
1248 4176 1507 4244 μέλλοντα
1558 4180 1669 4241 τοῖς

71 4263 387 4333 ὀφθαλμοῖς
416 4264 513 4335 τῆς
534 4264 714 4335 ψυχῆς
756 4263 964 4333 Ἰησοῦν
988 4266 1364 4336 ἐπωνόμασεν,
1397 4267 1544 4330 ὅπως
1572 4284 1669 4339 ση-

77 4358 255 4429 μαίνῃ
277 4356 371 4408 τὸν
396 4355 648 4427 ἀληθινὸν
684 4356 890 4427 Ἰησοῦν
927 4358 1019 4410 τὸν
1050 4358 1177 4411 Υἱὶν
1206 4357 1299 4411 τοῦ
1323 4358 1480 4423 Θεοῦ,
1506 4359 1669 4429 ἀρχό-

1775 3163 1893 3232 pari
1931 3162 2094 3215 modo
2138 3163 2417 3223 militant,
2453 3178 2507 3215 et
2536 3162 2825 3216 nobiscum
2855 3174 3137 3218 certamen
3166 3163 3354 3217 ineunt

1770 3253 2093 3313 desideriis,
2147 3262 2201 3307 et
2234 3255 2433 3308 fiducia
2466 3257 2671 3323 optima
2693 3294 2707 3317 ,
2740 3256 2833 3324 qui
2868 3264 2996 3310 ante
3020 3255 3127 3312 Deo
3155 3272 3251 3327 per
3280 3258 3353 3310 lc-

1771 3357 1890 3409 geiu
1927 3344 2399 3411 complacuerunt.
2440 3342 2656 3398 Etenim
2688 3360 2778 3399 res
2812 3346 3092 3415 mysticae,
3116 3355 3171 3400 et
3192 3348 3354 3401 verba

1773 3432 1977 3504 Moysis
1998 3474 2013 3497 ,
2041 3445 2097 3487 et
2136 3435 2529 3504 prophetarum
2561 3452 2666 3490 una
2692 3453 2817 3491 cum
2858 3439 3171 3508 evangelica
3215 3454 3354 3509 pra?-

1771 3525 2049 3577 dicatione
2094 3524 2411 3588 conﬂuunt,
2468 3536 2521 3579 et
2558 3535 2709 3581 recte
2764 3528 2969 3581 factum
3000 3528 3355 3583 subsecutum

1771 3631 2063 3671 commune
2113 3620 2361 3688 utrisque
2407 3628 2511 3673 est.
2573 3618 2811 3689 ldquue
2859 3619 3052 3673 dicunt
3099 3619 3353 3675 Israelita!

1769 3708 1897 3765 Jcsu
1933 3710 2043 3763 filio
2080 3710 2247 3774 Nave,
2288 3728 2413 3766 cum
2450 3714 2597 3765 omni
2633 3716 2878 3768 exercitu
2901 3712 3198 3768 Jordanem
3239 3725 3352 3768 tra-

1766 3801 2019 3868 jecturo:
2061 3822 2077 3854 ι
2117 3802 2593 3867 Quemadmodum
2630 3804 2945 3858 audivimus
2975 3804 3228 3875 Moysen,
3277 3806 3352 3858 ita

1771 3892 2063 3947 audiemus
2109 3901 2165 3945 et
2198 3902 2250 3947 te
2270 3892 2335 3945 ⁸⁸⁵.
2378 3913 2394 3944 ι
2424 3892 2589 3950 Jcsus
2622 3910 2786 3963 porro
2841 3896 2983 3950 filius
3027 3894 3175 3950 Nave
3219 3912 3352 3965 pra:-

1773 3984 2049 4054 ﬁgurabat
2078 3986 2361 4039 Christum
2384 3985 2577 4041 Jesum
2609 3988 2853 4040 omnium
2885 3986 3351 4041 Dominum.llinc

1770 4093 1894 4131 eum
1940 4079 2096 4146 prius
2127 4079 2304 4132 Ansin
2350 4072 2603 4133 vocatum
2655 4077 3105 4146 sapientissimus
3140 4078 3351 4148 Moyses

1772 4173 1971 4226 mentis
2029 4173 2208 4225 oculis
2269 4172 2453 4225 futura
2494 4171 2799 4242 praavidens
2828 4171 3017 4227 Jesum
3071 4189 3344 4244 nuncupa-

1772 4264 1847 4317 vit
1878 4264 1945 4327 ",
1985 4271 2043 4317 ut
2073 4279 2263 4317 verum
2299 4263 2487 4319 Jcsum
2514 4305 2529 4326 ,
2568 4263 2663 4317 Dei
2721 4263 2917 4318 Filium
2963 4279 2993 4317 a
3025 4264 3349 4335 baptismate

1774 4371 1999 4425 regnum
2032 4354 2297 4408 ccclorum
2338 4355 2637 4424 praedicare
2664 4354 3041 4409 exordientem
3063 4396 3079 4419 ,
3119 4365 3176 4410 et
3206 4358 3347 4411 elar-

77 4466 247 4517 μενον
276 4450 387 4501 ἀπὸ
406 4450 498 4502 τοῦ
530 4449 904 4520 βαπτίσματος
932 4452 1234 4522 κηρύσσειν
1262 4451 1359 4523 τὴν
1391 4450 1667 4520 βασιλείαν

1778 4449 2008 4517 gienteui
2048 4448 2207 4501 nobis
2250 4462 2547 4517 supernam
2603 4448 2979 4502 hmrcditatcm
3033 4449 3169 4502 nulli
3214 4464 3347 4503 ma:-

72 4540 189 4594 τῶν
215 4540 489 4611 οὐρανῶν,
526 4544 619 4595 καὶ
648 4542 989 4612 δωρούμενον
1024 4546 1155 4613 ἡμῖν
1187 4544 1283 4613 τὴν
1320 4545 1433 4596 ἂνω
1465 4543 1665 4613 κληρο-

74 4634 279 4703 νομίαν
304 4632 637 4703 ἁπὰνθητον,
663 4636 756 4686 καὶ
794 4634 1029 4687 αἰώνιον.

594 4728 720 4779 NI".
757 4757 825 4767 ——
862 4726 944 4790 Τῷ
970 4726 1148 4791 αὐτῷ.

160 4818 337 4871 Ῥαὰϐ
381 4819 736 4887 πλατυσμὸς
759 4817 1142 4889 ἑρμηνεύεται,
1174 4816 1330 4888 ἡγὰρ
1360 4816 1420 4869 τὸ
1451 4817 1667 4886 πρῶτον

76 4911 282 4981 πόρνη,
310 4909 407 4962 νῦν
455 4910 511 4962 δὲ
557 4908 787 4979 σώφρων
844 4909 1140 4978 Ἐκκλησία
1180 4907 1269 4961 διὰ
1301 4909 1397 4977 τῆς
1428 4910 1666 4973 πίστεως

75 5003 416 5057 πλατύνεται
448 5005 567 5065 ταῖς
594 5002 870 5071 θεωρίαις,
904 5004 993 5055 καὶ
1028 5005 1138 5065 τοῖς
1170 5002 1335 5066 θείοις
1373 5003 1663 5073 νοήμασιν.

75 5096 178 5148 Διὰ
228 5096 391 5149 τοῦτο
435 5096 741 5166 Κορινθίοις
778 5096 978 5165 γράφει
1027 5097 1055 5148 ὁ
1093 5095 1265 5166 μέγας
1302 5095 1624 5157 ’Ᾱπόστολος
1650 5111 1663 5125 ·

82 5210 102 5237 ι
144 5186 243 5258 Μὴ
266 5187 686 5258 στενοχωρεῖσθε
708 5204 719 5215 ’
790 5187 990 5257 μᾶλλον
1016 5188 1071 5239 δὲ
1102 5185 1460 5256 πλατύνθητε,
1492 5185 1666 5239 καθά-

75 5297 190 5349 περ
233 5275 330 5332 οὖν
356 5280 391 5350 ἡ
417 5281 524 5351 ὲμη
556 5280 753 5349 καρδία
778 5279 1135 5332 πεπλάτυται.
1174 5298 1193 5330 ι
1272 5280 1276 5284 ’

186 5369 315 5424 NA'.
364 5401 433 5411 —
477 5370 880 5441 ΑΥΡΗΛΙΑΝῼ
937 5370 1350 5442 ΙΑΧΛΠΥΣΤΡῘῼ
1416 5370 1555 5422 ΑῐΙΟ

701 5462 1053 5515 ΕΛΛΗΝΩΝ.

150 5560 269 5612 Οὐκ
296 5556 455 5624 ἀξίαν
472 5557 569 5627 τῆς
599 5553 691 5610 τοῦ
718 5554 1045 5625 Εὐαγγελίου
1069 5555 1400 5625 εὐπρεπείας
1429 5555 1661 5625 βαδίζεις

151 5674 200 5706 ⁸⁸
236 5670 404 5728 Josue
447 5685 568 5726 xm.
616 5671 669 5723 8.
770 5670 814 5702 ⁸⁸
849 5668 890 5722 ll
923 5667 1052 5723 Cor.
1096 5686 1152 5733 x,
1190 5670 1241 5721 4.

80 5746 279 5812 ιι,51.
355 5741 402 5772 ⁸³
469 5741 507 5795 ll
534 5742 661 5795 Cor.
723 5740 911 5803 v1.11.

371 5838 641 5898 ΡΑτιιοι..
680 5836 797 5898 Gn.
865 5836 1156 5900 LXXIX.
1233 5813 1239 5825 I

1339 5667 1599 5723 “Josuet
1635 5668 1717 5721 l7.

1766 4542 1875 4592 rori
1899 4580 1913 4603 ,
1948 4540 2081 4593 nulli
2121 4540 2212 4593 fini
2246 4540 2543 4593 obnoxiam
2568 4581 2582 4602 ,
2619 4542 2895 4593 iunucrct.

2316 4720 2450 4775 LIII.
2488 4751 2553 4761 —
2584 4721 2795 4775 Eidem.

1834 4802 2005 4877 Raab,
2059 4813 2397 4867 latitudinem
2445 4820 2633 4875 notat,
2678 4829 2801 4883 qua:
2846 4813 2991 4867 enim
3038 4813 3195 4882 prius
3232 4824 3346 4869 erat

1764 4907 2028 4962 meretrix
2053 4901 2186 4961 ⁸⁸⁸⁸⁵).
2213 4920 2356 4957 nunc
2384 4912 2531 4959 casta
2561 4918 2624 4957 ac
2659 4904 2857 4973 pudica
2934 4903 3175 4958 Ecclesia
3255 4918 3346 4971 per

1765 4998 1924 5052 fidem
1976 4994 2486 5066 speculationibus.
2535 4999 2589 5046 et
2630 4992 2834 5045 divinis
2874 4990 3347 5045 intellectionibus

1764 5092 2052 5144 dilatatur.
2086 5087 2383 5156 Propterea
2440 5100 2675 5153 magnus
2715 5080 3014 5152 Apostolus
3042 5081 3347 5136 Corinthiis

1765 5182 1962 5238 scribit
1991 5199 2003 5234 :
2045 5198 2063 5230 ι
2105 5177 2183 5232 Ne
2211 5176 2429 5245 angusti
2459 5156 2587 5229 sitis
2610 5215 2624 5236 ,
2664 5175 2773 5227 imo
2796 5173 2979 5242 potius
3000 5171 3343 5235 dilatamini.

1769 5270 2231 5345 quemadmodum
2260 5278 2316 5324 et
2338 5282 2434 5321 cor
2463 5280 2645 5319 meum
2676 5264 2965 5318 dilatatum
2992 5270 3077 5315 est
3101 5261 3168 5315 ”.
3211 5283 3230 5314 ι

1946 5363 2053 5434 25
2103 5361 2235 5415 LIV.
2280 5389 2351 5405 -
2387 5352 2784 5413 AVRELIANO
2842 5350 3168 5409 iLLUSTnt

2312 5450 2399 5505 EX
2440 5447 2810 5506 GENTIBUS.

1842 5549 2070 5619 indigno
2132 5544 2448 5615 evangelica
2496 5542 2764 5614 elegantia
2812 5552 2974 5596 moao
3028 5540 3166 5595 riam
3223 5537 3347 5595 vita»

1821 5663 2048 5717 “Num.
2100 5676 2219 5722 xm,
2256 5658 2340 5714 l7.
2452 5650 2566 5689 ⁷⁸⁸⁸⁸⁸
2593 5649 2754 5705 Josue
2784 5665 2843 5711 ιι,
2876 5648 2896 5701 ι
2931 5659 3081 5712 seqq.
3173 5649 3286 5705 lleb

2988 5816 3024 5877 Ε
