3882 6036
523 286 624 358 107

2027 285 2088 353 S.
2125 291 2290 353 NILI

3695 279 3800 350 ιιι

519 403 876 476 sempiterna:
915 400 1245 457 obambulas
1270 440 1286 464 ,
1337 399 1486 456 haud
1527 409 1713 457 mente
1749 400 2108 472 comprehen-

2217 401 2310 473 τὴν
2333 399 2454 454 όδδν
2481 401 2578 470 τῆς
2607 395 2828 454 αίωνίου
2849 395 3016 466 ζωῆς,
3041 395 3115 468 μὴ
3142 394 3436 465 λαμϐάνων
3465 394 3610 449 κατά
3645 395 3796 448 νοῦν·

517 498 688 561 deus,
726 513 836 552 non
868 496 1042 551 multo
1070 502 1196 566 post
1225 493 1497 564 judicium
1521 495 1764 549 omnium
1791 534 1808 558 ,
1840 509 1962 564 qua:
1983 493 2106 564 qui-

521 589 690 654 libet,
727 588 858 642 dum
895 587 1136 651 viveret,
1177 587 1446 656 patravit,
1501 584 1819 640 adfuturum
1847 624 1862 649 ,
1910 585 2102 639 condi-

519 695 659 749 gnas
709 694 896 734 secum
937 677 1196 732 deferens
1243 678 1502 731 submoto
1547 677 1700 732 omni
1743 676 2105 748 deprecatore

519 785 736 841 poenas.
771 768 1062 823 Contraria
1095 769 1312 839 itaque,
1361 785 1539 840 neque
1568 769 1714 824 dicta
1742 784 1886 840 aegre
1919 768 2066 823 feras
2086 808 2102 834 ,

519 863 620 918 tibi
673 863 760 916 via
801 862 1042 917 ineunda
1081 869 1203 927 est,
1260 875 1420 916 sacra
1460 863 1648 931 potius
1703 877 1804 932 pro
1859 860 2104 930 prol'anis

519 953 742 1025 eligenti
766 995 780 1017 ,
825 953 1180 1024 abigentique
1215 968 1339 1024 qua:
1385 969 1450 1008 ex
1488 971 1590 1010 usu
1621 968 1796 1021 prava
1833 954 2104 1010 desideria

519 1045 866 1102 contraxisti.

867 1155 974 1212 LV.
999 1188 1071 1199 -——
1096 1155 1396 1214 ZOSARIO
1429 1155 1754 1213 TRIBUNO.

597 1291 614 1322 ι
651 1269 826 1326 Omne
855 1279 1018 1340 caput
1047 1271 1100 1324 in
1139 1270 1420 1336 dolorem,
1477 1271 1556 1324 ait
1588 1271 1795 1337 Isaias,
1847 1280 1902 1326 et
1940 1285 2106 1326 omne

519 1379 618 1417 cor
650 1364 706 1416 in
739 1366 1036 1418 nidarorem
1073 1377 1103 1414 a
1141 1361 1372 1432 pedibus
1424 1377 1601 1432 usque
1656 1363 1725 1417 ad
1759 1374 1927 1432 caput
1957 1364 2025 1417 ".
2078 1381 2097 1414 ι

521 1451 587 1508 Et
637 1455 831 1525 paucis
883 1454 1192 1524 interjertis
1247 1472 1316 1508 ει
1379 1453 1552 1509 Terra
1603 1465 1784 1510 vestra
1843 1455 2098 1521 deserta,

519 1550 800 1616 regionem
837 1555 1072 1602 vestram
1111 1547 1165 1600 in
1197 1556 1498 1617 conspectu
1529 1555 1715 1602 vestro
1739 1549 1916 1604 exteri
1951 1563 2101 1604 com-

519 1641 692 1694 edunt
716 1639 785 1695 ⁸⁸.
827 1658 845 1690 ι
875 1636 978 1693 Per
1007 1637 1174 1708 pedes
1211 1631 1432 1707 quidem
1468 1637 1724 1692 subditos
1760 1660 1771 1692 ε
1813 1653 1909 1708 per
1937 1647 2103 1708 caput

2209 492 2286 557 ὡς
2316 493 2494 561 ὀλίγον
2533 491 2756 562 ὕστερον
2785 491 2968 562 κρίσις
2995 488 3147 542 ἔσται
3180 488 3290 542 τῶν
3341 487 3558 559 ἑόιάστῳ
3593 487 3794 558 βεϐιωι

2207 587 2411 657 μένων,
2441 585 2847 654 ἀπαραιτήτους
2875 581 3073 652 ἔχουσα
3102 581 3201 645 τάς
3247 581 3385 651 πρὺς
3413 581 3574 646 ἀξίαν
3615 581 3797 632 ἐπιτι-

2214 680 2432 750 μήσεις.
2463 679 2555 729 Δεῖ
2583 676 2782 742 τοίνυν,
2816 675 2911 730 καὶ
2948 673 3214 745 μηδαμῶς
3259 672 3570 743 ἀπεχθάνου
3617 671 3798 724 ταῦτα

2209 769 2446 833 ἀκούων,
2493 769 2592 838 τὴν
2633 767 2881 820 ἐναντίαν
2935 763 3134 828 ἐλθεῖν,
3169 763 3536 834 ἐκλεξάμενον
3591 761 3798 831 μᾶλλον

2209 861 2332 915 ἀντὶ
2359 859 2466 912 τῶν
2512 859 2610 928 οὐχ
2654 857 2818 930 ὁσίων
2845 856 2912 909 τὰ
2939 858 3080 919 ὅσια,
3109 856 3204 909 καὶ
3249 854 3490 928 ἐξορίσαι
3514 855 3620 916 τὰς
3657 859 3800 907 κατὰ

2212 951 2500 1022 συνήθειαν
2533 948 2776 1018 πονηρὰς
2806 948 3138 1018 προθυμίας.

2527 1167 2656 1222 NE’.
2682 1198 2752 1210 —
2777 1167 3061 1239 ΖΩΣΑΡΙῼ
3101 1166 3463 1238 TPIaoan.

2286 1303 2306 1337 ι
2335 1285 2494 1339 Πᾶσα
2521 1283 2732 1354 κεφαλὴ
2775 1285 2855 1347 είς
2895 1283 3077 1346 πόνον,
3120 1281 3287 1353 φησὶν
3329 1283 3358 1334 ό
3395 1280 3667 1341 Ἡσαΐας,
3707 1280 3795 1331 καὶ

2209 1381 2360 1434 πᾶσα
2409 1377 2607 1449 καρδία
2655 1377 2734 1439 είς
2781 1375 2956 1446 λύπην
2990 1374 3098 1427 ἀπὸ
3129 1373 3302 1426 ποδῶν
3331 1373 3436 1436 ἕως
3467 1370 3744 1440 κεφαλῆς.
3773 1389 3790 1420 ι

2207 1471 2319 1524 Καὶ
2352 1471 2471 1539 μετ’
2497 1468 2684 1536 ὀλίγαν
2718 1484 2738 1518 ι
2786 1467 2850 1520 'II
2877 1466 2948 1536 γῆ
2981 1466 3076 1519 καὶ
3109 1464 3264 1535 ὑμῶν
3299 1463 3524 1533 ἔρημος,
3563 1463 3670 1532 τὴν
3693 1461 3794 1530 χὼο

2209 1582 2312 1635 ραν
2354 1563 2508 1634 ὑμῶν
2541 1561 2772 1616 ἐνώπιον
2814 1559 2970 1630 ὑμῶν
3019 1557 3289 1626 ἀλλότριοι
3323 1553 3734 1607 κατεσθίουσιν.
3775 1571 3788 1602 ι

2208 1661 2306 1714 Διὰ
2338 1659 2437 1729 μὲν
2470 1657 2580 1710 τῶν
2609 1655 2786 1709 ποδῶν
2811 1654 2939 1716 τοὺς
2969 1649 3462 1719 ὑποτεταγμένους,
3491 1646 3584 1699 διὰ
3615 1645 3678 1697 δὲ
3701 1645 3793 1712 τῆς

518 1729 808 1802 ρτωίθριοε
835 1729 1070 1784 innuens
1095 1769 1110 1793 ,
1156 1729 1402 1798 nequitia
1427 1728 1578 1782 omni
1615 1727 1910 1798 oppletos;
1941 1745 2104 1784 omne

2217 1727 2448 1820 κεφαλῆς
2477 1751 2602 1812 τοὺς
2626 1745 3067 1816 καθηγουμένους
3097 1741 3488 1811 αἰνιττόμενος,
3518 1737 3788 1806 πονηρίας

516 1825 726 1892 quippe
771 1827 935 1890 caput
965 1820 1021 1872 in
1058 1819 1307 1874 dolorem
1341 1839 1354 1874 :
1387 1819 1658 1888 siquidem
1691 1829 1746 1874 et
1795 1819 1961 1888 pedes
2006 1835 2104 1874 eo-

519 1931 643 1970 rum
679 1917 730 1968 in
753 1913 1161 1984 improbitatem
1193 1928 1364 1968 cursu
1392 1914 1583 1983 rapide
1611 1913 1888 1977 feruntur,
1921 1929 2107 1983 quem-

519 2009 817 2063 admodum
871 2008 922 2060 in
986 2007 1098 2061 alio
1141 2021 1362 2076 quoque
1400 2009 1523 2062 loco
1547 2007 1688 2062 dixit
1736 2006 2002 2076 propheta
2034 2006 2101 2060 ⁵³.

519 2097 792 2155 Laborem
848 2098 1036 2167 itaque
1087 2097 1499 2167 improbitatem
1550 2112 1678 2153 esse
1730 2097 2010 2167 intellige,
2050 2107 2110 2152 ut

519 2196 588 2248 de
629 2191 860 2264 profana
893 2189 1078 2244 anima
1114 2188 1287 2245 David
1333 2189 1501 2245 dicit:
1543 2208 1561 2240 ι
1599 2189 1924 2260 Concepisti
1949 2191 2107 2244 dolo-

521 2301 680 2348 rem,
739 2290 800 2336 et
852 2279 1115 2350 peperisti
1170 2279 1516 2350 iniquitatem
1559 2279 1636 2344 l‘5;
1703 2298 1721 2332 ι
1783 2279 2108 2349 improbitas

520 2375 669 2430 enim
716 2383 911 2443 suapte
950 2381 1142 2427 natura
1177 2371 1521 2442 iniquitatem
1549 2371 1709 2441 parit.
1743 2371 1880 2425 Cum
1924 2373 2108 2439 itaque

465 2501 468 2504 λ
525 2469 578 2522 in
629 2467 934 2536 despectu,
1009 2475 1064 2520 et
1134 2479 1322 2519 amore
1365 2463 1674 2538 malorum,
1729 2477 2110 2532 saepenumero

520 2559 730 2629 judicio
789 2557 880 2611 Dei
931 2566 1123 2611 mmsta
1189 2571 1254 2610 ac
1315 2554 1494 2609 tristia
1553 2563 1988 2622 consequantur,
2040 2551 2108 2604 ad

523 2649 965 2704 emendationem
1029 2654 1351 2715 peccatores
1411 2645 1782 2714 impellentia,
1859 2650 2110 2712 propter-

523 2757 588 2795 ea
628 2741 770 2795 dixit
803 2757 817 2795 :
863 2759 880 2791 ι
925 2738 989 2792 Ει
1015 2753 1175 2793 omne
1207 2753 1304 2792 cor
1333 2739 1388 2792 in
1425 2753 1717 2792 mon-orem
1769 2737 1836 2792 ³⁵.
1875 2754 1894 2788 ι
1935 2734 1990 2788 ln
2021 2736 2108 2788 lu-

524 2847 672 2887 ctnm
691 2834 894 2887 etenim
931 2830 1109 2886 Judaei
1157 2845 1188 2884 a
1238 2827 1349 2883 Deo
1391 2830 1789 2899 conjiciuntur,
1825 2829 1934 2900 26
1977 2828 2109 2882 dum

527 2925 761 2978 humana
793 2939 956 2977 manu
985 2921 1330 2993 castigantur
1355 2927 1409 2975 et
1439 2920 1856 2990 deprimuntur.

1085 3043 1220 3098 LVI.
1247 3071 1316 3083 ——
1347 3041 1536 3097 Eidem

601 3161 660 3213 Si
714 3175 820 3214 non
869 3169 1095 3230 prepter
1135 3157 1342 3212 Christi
1373 3172 1562 3209 necem
1594 3154 1838 3208 tlesolata
1869 3159 1954 3207 est
1987 3151 2109 3206 uni-
2135 3133 2178 3188 (ἶ

525 3267 686 3306 versa
711 3249 898 3304 Iudaea
923 3263 953 3303 a
980 3249 1268 3313 Romanis,
1295 3257 1352 3301 et
1377 3245 1733 3302 Hebrazorum
1761 3245 1933 3300 exteri
1959 3260 2109 3298 com-

525 3344 732 3406 edunt,
767 3341 1029 3410 illiusque
1066 3340 1284 3394 fructus
1311 3338 1616 3400 devorant,
1655 3337 1956 3407 abjiciatur
1986 3344 2108 3388 tan-

525 3448 690 3506 quam
743 3430 973 3486 mendax
1011 3431 1280 3500 propheta
1308 3430 1376 3494 δθ,
1427 3430 1523 3499 qui
1569 3436 1700 3482 ante
1749 3427 1901 3483 mille
1931 3441 2109 3482 annos

523 3525 659 3580 illud
693 3523 1044 3596 praedixerat.

1073 3633 1233 3691 LVII.
1265 3665 1333 3675 —
1361 3633 1574 3692 Eidem.

599 3739 679 3796 Ne
723 3751 776 3794 te
806 3738 1036 3793 seducat
1087 3735 1306 3792 Jutlaaus
1364 3751 1660 3796 asserens,
1723 3741 1948 3804 propter
1999 3733 2108 3786 alia

528 3834 739 3888 scelera
815 3829 1112 3900 spoliatum
1177 3844 1236 3883 se
1292 3843 1415 3883 esse
1490 3825 1783 3881 Palaestina
1844 3847 1857 3882 :
1931 3841 2110 3895 neque.

527 3923 673 3976 enim
711 3921 782 3975 ob
823 3921 963 3975 alias
1009 3918 1192 3982 labes,
1220 3926 1275 3973 et
1310 3918 1666 3972 conscientiae
1711 3916 1971 3980 vulnera,
2011 3915 2108 3969 sed

531 4025 755 4084 propter
784 4009 998 4064 Domini
1032 4025 1222 4065 necem
1263 4009 1438 4062 multa
1483 4009 1667 4077 gravia
1691 4045 1708 4069 ,
1752 4007 1954 4077 quibus
1989 4008 2111 4061 nul-

529 4109 638 4161 lmn
695 4103 997 4158 remedium
1034 4101 1214 4156 εποιϊί
1263 4108 1473 4170 potest,
1533 4099 1779 4168 perpessi
1813 4110 1962 4153 sunt.
2017 4097 2110 4152 Et-

526 4201 672 4255 enim
705 4205 831 4250 aute
879 4195 974 4249 illa
1011 4203 1256 4262 tempora
1295 4193 1442 4246 idola
1487 4192 1734 4246 colentes
1766 4231 1778 4253 .
1812 4193 2109 4261 prophetas

527 4291 868 4346 trucidanles
894 4327 909 4352 ,
957 4286 1300 4342 daemonibus
1327 4285 1466 4340 lilias
1487 4324 1503 4349 ,
1537 4285 1790 4354 ﬁliosque
1819 4285 2110 4338 immolan-

525 4393 632 4446 tes,
668 4379 996 4449 alienigenis
1025 4379 1080 4432 in
1106 4377 1482 4446 captivitatem
1516 4391 1546 4429 a
1579 4375 1686 4430 Deo
1719 4374 2106 4438 tradebantur,

2209 1844 2426 1913 ἀπάσης
2451 1839 2976 1911 ὲμπεπλησμένους’
3013 1835 3163 1888 πᾶσα
3201 1833 3310 1903 γὰρ
3345 1831 3558 1900 κεφαλὴ
3595 1831 3680 1892 είς
3701 1829 3793 1880 πό-

2208 1955 2316 2002 νον,
2348 1935 2484 1990 ἀλλά
2507 1934 2600 1988 καί⁸
2631 1933 2681 1985 οἱ
2710 1931 2868 1990 πόδες
2892 1927 3072 1982 αὐτῶν
3125 1927 3206 1988 εἰς
3257 1923 3522 1994 πονηρίαν
3569 1919 3792 1990 τρέχου·

2210 2047 2318 2096 σιν,
2360 2028 2436 2088 ὡς
2467 2027 2524 2080 ὲν
2561 2025 2731 2094 ἑτέρῳ
2762 2021 2914 2090 τόπῳ
2945 2019 3170 2089 εἴρηκεν
3201 2018 3228 2069 ὁ
3261 2015 3579 2084 Προφήτης.
3627 2011 3790 2064 Πόνον

2207 2122 2486 2192 τοιγάρτοι
2542 2118 2640 2187 τὴν
2672 2113 2966 2185 πονήρείαν
2994 2111 3125 2166 νόει.
3174 2106 3358 2186 καθὼς
3401 2104 3551 2172 λέγει
3579 2105 3610 2154 ὁ
3635 2100 3790 2153 Δαυίό

2211 2215 2338 2285 περὶ
2365 2213 2543 2284 ψυχῆς
2575 2209 2824 2280 βεϐήλου,
2851 2207 2932 2259 ὅτι
2971 2225 2987 2255 ι
3023 2199 3322 2262 Συνέλαόες
3350 2199 3532 2256 πόνον,
3561 2198 3660 2248 καὶ
3687 2193 3788 2244 ἕτε-

2209 2325 2306 2370 κες
2335 2305 2589 2374 ἀνομίαν.
2631 2319 2649 2353 ι
2697 2301 2761 2352 'II
2793 2297 2902 2368 γὰρ
2933 2295 3198 2366 πονηρεία
3226 2295 3325 2362 τὴν
3355 2290 3592 2361 ἀνομίαν
3627 2287 3790 2354 πέφυ-

2209 2417 2306 2454 κεν
2341 2394 2678 2450 ἀποτίκτειν.
2721 2391 2940 2458 Ἐπειδὴ
2981 2389 3164 2440 τοίνυν
3209 2388 3265 2438 ὲν
3295 2384 3374 2454 τῷ
3406 2381 3788 2451 καταφρονεῐν,

2211 2491 2307 2544 καὶ
2327 2488 2546 2557 ἀγαπᾷν
2568 2485 2639 2537 τὰ
2659 2481 2866 2551 φαῦλα,
2902 2480 3161 2540 πολλάκις
3195 2476 3374 2549 κρίσει
3399 2474 3536 2527 Θεοῦ
3565 2473 3637 2525 τὸ
3661 2487 3786 2524 σκυ-

2212 2585 2406 2658 θρωπὰ
2461 2581 2554 2634 καὶ
2609 2577 2829 2648 λυπηρά
2862 2575 3076 2634 ἕπεται,
3135 2572 3270 2642 πρὸς
3299 2569 3590 2639 διόρθωσιν
3633 2569 3788 2618 ἐκκα-

2211 2679 2450 2749 λούμενα
2497 2676 2624 2736 τοὺς
2681 2669 3177 2739 ἐξαμαρτάνοντας,
3220 2665 3308 2718 διά
3355 2663 3516 2717 τοῦτο
3563 2662 3784 2731 εἴρηκε·

2216 2784 2236 2817 ι
2268 2748 2380 2818 κω.
2409 2763 2555 2816 πᾶσα
2578 2759 2772 2829 καρδία
2801 2759 2879 2818 εἰς
2902 2755 3098 2824 λύπην.
3133 2773 3151 2804 ι
3191 2752 3499 2806 Λυποῦνται
3525 2753 3638 2820 γὰρ
3659 2748 3785 2802 Ἰου-

2211 2857 2348 2911 δαῖοι
2372 2856 2478 2908 ύπδ
2505 2852 2664 2914 Θεοῦ,
2682 2853 2747 2904 δι’
2777 2848 3128 2919 ἀνθρωπίνης
3155 2846 3338 2916 χειρὸς
3383 2843 3782 2912 τιμωρούμενοι

2213 2951 2308 3004 καὶ
2339 2945 2812 3014 καταθλιϐόμενοι.

2707 3053 2850 3120 NQ".
2887 3081 2958 3092 —
2992 3051 3076 3116 τῷ
3115 3047 3296 3113 αὐτῷ.

2283 3174 2344 3224 Εἰ
2374 3171 2447 3241 μὴ
2477 3169 2564 3222 διὰ
2598 3169 2697 3239 τὴν
2727 3166 3150 3238 Χριστοκτονίαν
3169 3166 3458 3234 ἠρήμωται
3485 3162 3636 3213 πᾶσα
3661 3160 3779 3210 Ίου-

2210 3261 2336 3316 δαία
2395 3259 2499 3312 ὑπὸ
2555 3255 2864 3323 Ῥωμαίων,
2913 3256 3006 3306 καὶ
3053 3252 3321 3323 ἀλλότριοι
3352 3249 3622 3320 Ἐϐραίων
3661 3265 3779 3300 κατ-

2211 3353 2480 3408 εσθίουσιν
2521 3349 2616 3403 καὶ
2665 3345 3026 3419 καρπίζονται
3053 3344 3278 3414 ταύτην,
3315 3341 3562 3412 ἐψεύσθω
3587 3343 3614 3393 ὁ
3658 3343 3780 3410 Προ-

2211 3449 2388 3518 φήτης
2421 3441 2526 3514 πρὸ
2558 3439 2742 3512 χιλίων
2771 3437 2929 3492 τοῦτο
2965 3435 3309 3507 ἀνακηρύξας
3349 3432 3508 3486 ἐτῶν.

2723 3633 2848 3688 ΝΖ’.
2887 3665 2958 3675 -
2989 3629 3072 3697 τῷ
3102 3629 3282 3696 αὐτῷ.

2281 3735 2374 3804 Μή
2407 3749 2464 3786 σε
2489 3729 2797 3784 ἀπατάτωὸ
2829 3726 3080 3784 Ἰουδαῖος
3107 3723 3282 3791 λέγων
3309 3721 3377 3776 δι’
3399 3722 3598 3792 ἑτέρας
3615 3721 3780 3790 ἁμαρ⁸

2210 3827 2332 3889 τίας
2369 3818 2848 3894 ἀπηλλοτριῶσθαι
2893 3817 2990 3887 τῆς
3031 3814 3415 3882 Παλαιστίνης.
3467 3814 3544 3866 Οὐ
3586 3813 3696 3884 γάρ
3723 3811 3780 3864 δι’

2211 3917 2375 3977 ἄλλας
2407 3913 2705 3985 ἁμαρτίας,
2732 3909 2819 3962 διὰ
2845 3908 2901 3961 δὲ
2930 3909 3029 3978 τὴν
3059 3904 3452 3978 Κυριοκτονίαν
3489 3903 3777 3958 πεπόνθασι

2211 4009 2280 4062 τά
2312 4007 2609 4079 ἀνήκεστα.
2641 4003 2840 4074 Πρώην
2873 4001 2973 4070 μὲν
2999 4000 3109 4072 γὰρ
3134 3996 3672 4065 είδωλολατροῦντες,
3699 3995 3780 4047 καὶ

2210 4101 2339 4164 τοὺς
2372 4097 2657 4172 προφήτας
2685 4093 3020 4163 φονεύοντες,
3059 4091 3152 4144 καὶ
3181 4093 3294 4154 τοῖς
3323 4089 3544 4158 δαίμοσι
3575 4089 3672 4152 τὰς
3700 4087 3780 4140 Θυ-

2211 4191 2448 4263 γατὲρας
2480 4187 2574 4242 καὶ
2605 4187 2730 4248 τοὺς
2760 4183 2911 4246 υἱοὺς
2945 4181 3184 4245 θύοντες,
3216 4182 3329 4243 τοῖς
3367 4177 3686 4248 ἀλλοφύλοις
3713 4177 3780 4238 εἰς

2211 4279 2592 4354 αἰχμαλωσίαν
2640 4273 2744 4328 ὑπὸ
2783 4270 2921 4326 Θεοῦ
2966 4270 3334 4342 παρεδίδοντο,
3365 4269 3458 4323 καὶ
3489 4269 3610 4339 μετ’
3637 4268 3780 4336 ὀλίγα

2213 4373 2309 4436 ἔτη
2332 4369 2412 4440 τῷ
2433 4367 2562 4438 θείῳ
2587 4363 2885 4436 βουλήματι
2917 4362 3080 4416 πάλιν
3111 4363 3450 4432 ἐπανήγοντο
3469 4362 3550 4423 εἰς
3571 4359 3670 4431 τὴν
3689 4359 3780 4427 γῆν

525 4487 578 4534 et
625 4489 830 4546 paucos
863 4481 989 4544 post
1035 4485 1249 4534 annos,
1289 4469 1363 4524 ita
1397 4467 1507 4522 Deo
1544 4474 1852 4528 annuente,
1893 4465 1947 4518 in
1995 4473 2108 4518 ter—

2217 4463 2312 4532 τῆς
2351 4457 2704 4527 ἐπαγγελίας.
2755 4449 2871 4521 Ἀφ’
2911 4443 2972 4504 οῦ
3006 4451 3147 4505 δὲτὸ
3185 4451 3402 4504 ἀνίατον
3421 4449 3778 4519 τετολμήκασι

527 4584 644 4626 ratu
693 4563 1082 4638 promissionis
1124 4561 1551 4617 reducebantur.
1587 4557 1666 4612 Ex
1699 4574 1810 4627 quo
1841 4571 1970 4610 vero
1999 4556 2102 4608 im-

2204 4555 2461 4623 πρᾶγμα,
2488 4552 2567 4614 εἰς
2586 4549 2678 4604 τὸν
2711 4549 2836 4602 Υίδν
2864 4547 2960 4602 τοῦ
2981 4546 3116 4600 Θεοῦ
3147 4543 3246 4607 τὰς
3264 4546 3453 4615 χεῖρας
3484 4541 3770 4602 ἐπιϐαλεῖν,

529 4633 851 4715 medicabile
903 4657 1008 4710 hoc
1065 4653 1365 4724 ﬂagitium,
1413 4653 1468 4708 in
1520 4649 1721 4706 Filium
1763 4649 1858 4704 Dei
1911 4663 2107 4702 manus

2217 4645 2464 4700 παντελεῖ
2493 4643 2755 4715 πορθήσει
2785 4641 3100 4694 ὲνδέδονται.
3145 4635 3280 4690 Ἰδοὺ
3313 4633 3499 4688 λοιπὸν
3529 4649 3776 4687 πεντακοο

528 4759 903 4822 apponentes,
971 4748 1238 4804 audacter
1285 4752 1705 4816 perpetrat-unt,
1757 4749 2023 4812 perpetuo
2054 4748 2111 4792 et

527 4852 778 4897 extremo
818 4839 1040 4895 excidio
1085 4835 1272 4892 traditi
1326 4843 1457 4890 sunt
1509 4835 1585 4888 En
1624 4835 1808 4904 itaque
1840 4833 2112 4903 quingen-

525 4937 760 4992 tesimus
804 4948 1020 4998 annus;
1064 4942 1119 4987 et
1150 4945 1421 4999 nusquam
1453 4928 1701 4982 divinum
1757 4925 2105 4986 subsidium,

528 5040 639 5082 non
669 5023 932 5076 auxilium
958 5060 978 5086 ,_
1033 5036 1142 5074 non
1179 5017 1484 5072 consolatio
1510 5057 1525 5081 ,
1569 5032 1676 5069 non
1709 5015 1972 5086 prepheta
2017 5015 2105 5066 in-

529 5129 756 5174 struens
783 5155 800 5181 ,
847 5125 900 5170 et
930 5113 1302 5176 conﬁrmans,
1359 5109 1826 5180 quemadmodum
1863 5109 1919 5162 in
1973 5107 2108 5160 urbe

2208 4736 2420 4790 σιοστδν
2458 4734 2598 4798 ἔτος,
2651 4735 2748 4788 καὶ
2791 4729 3025 4802 οὐδαμοῦ
3062 4729 3182 4781 θεία
3213 4744 3299 4791 τις
3349 4725 3651 4794 ὲπισκοπὴ,
3689 4725 3774 4776 οὐκ

2209 4824 2515 4893 ἀντίληψις,
2549 4823 2610 4876 ού
2636 4819 2969 4893 παρηγορία,
2998 4819 3058 4872 ού
3086 4818 3374 4888 προφήτης
3407 4813 3672 4868 νουθετῶν
3693 4811 3774 4864 καὶ

2214 4912 2508 4984 στηρίζων,
2539 4911 2729 4981 ὥσπερ
2758 4913 2815 4963 ὲν
2847 4908 3126 4963 Βαϐυλῶνι
3164 4907 3426 4976 Ίεζεκιήλ
3463 4921 3524 4958 τε
3566 4905 3660 4957 καὶ
3685 4906 3774 4956 Δα-

2213 5007 2357 5076 νιὴλ,
2381 5005 2475 5057 καὶ
2504 5005 2552 5055 οἱ
2578 5003 2746 5056 ἄλλοι.
2777 5001 2890 5053 υύκ
2921 4999 2999 5052 ἔτι
3025 5000 3132 5070 γὰρ
3156 4999 3337 5060 αὐτοῖς
3359 4995 3500 5050 θέλει
3524 5011 3750 5066 προσομι

2213 5099 2324 5152 λεῖν
2351 5099 2378 5150 ὀ
2404 5095 2536 5158 Θεὸς
2563 5093 2980 5164 βδελυττόμενος
3008 5091 3254 5156 τούτους.

527 5179 805 5282 Babylone
861 5205 1152 5268 Ezechiel,
1219 5211 1273 5257 et
1328 5179 1557 5268 Daniel,
1613 5201 1928 5270 ceterique.
1992 5199 2112 5252 Non
2150 5194 2299 5251 enim
2343 5205 2466 5244 cum
2497 5187 2602 5241 illis
2635 5185 2780 5241 Deus
2817 5185 3024 5242 abillis
3085 5184 3389 5240 abhorrens
3451 5179 3770 5238 confabulari

527 5301 663 5356 vult.

1059 5385 1242 5442 LVIII.
1272 5416 1342 5425 —
1373 5385 1584 5441 Eidem.

604 5483 660 5540 Si
713 5492 836 5552 post
888 5480 1081 5548 ingens
1141 5479 1617 5548 gauditmt-tristia
1677 5478 1833 5533 vobis
1865 5477 2110 5546 Contige-

529 5585 682 5639 runt.
723 5573 935 5628 conlide
967 5572 1197 5626 omnin
1229 5612 1242 5634 ,
1270 5579 1324 5624 et
1357 5571 1635 5640 ingentem
1663 5572 1805 5625 hanc
1825 5569 2108 5622 tristitiam

616 5759 660 5790 ³·
690 5757 794 5812 Isa.
829 5771 866 5820 ι,
891 5755 944 5812 5.
1021 5755 1066 5784 "
1103 5753 1238 5808 ibid.
1281 5753 1335 5806 7.
1377 5753 1422 5784 ⁵³
1449 5751 1554 5809 Isa.
1607 5769 1716 5820 ιιι,
1752 5752 1805 5804 7.
1879 5751 1924 5782 "
1953 5747 2098 5804 Psal.

2217 5763 2247 5802 ι.
2293 5747 2378 5802 15.
2455 5744 2628 5800 l"Isa.
2663 5759 2698 5807 ι,
2747 5742 2801 5796 5.

2719 5379 2852 5434 NII’.
2878 5409 2946 5421 -—
2985 5377 3069 5443 Τῷ
3088 5396 3266 5443 ante).

2280 5473 2343 5526 Εἰ
2376 5473 2440 5524 ἐκ
2498 5470 2700 5540 πολλῆς
2751 5469 3032 5542 χαρμονῆς
3074 5467 3295 5539 λυπηρά
3343 5469 3473 5539 ὑμῖν
3535 5468 3766 5538 ἐπῆλθεν,

2211 5564 2584 5637 προσδόκησον
2621 5562 2862 5625 πάντως,
2891 5562 2973 5616 ὅτι
3004 5560 3101 5631 τὴν
3135 5559 3336 5632 πολλὴν
3362 5559 3542 5631 λύπην
3567 5559 3648 5625 είς
3669 5557 3770 5632 μιίο

2876 5741 2922 5772 ⁵⁶
2950 5739 3080 5796 ibid.
3108 5742 3159 5794 τ.
