3882 6036
239 265 342 333 109

1422 272 1775 334 EPISTOLA
1786 273 1952 334 RUM
1992 273 2137 334 LIB.
2178 274 2226 334 I.

3383 275 3488 341 110

238 386 370 450 ζονα
395 383 496 454 τῆς
523 380 742 455 πρώτης
766 382 1031 455 εὐθυμίας
1058 381 1434 456 παρακληθεὶς
1467 384 1765 455 μεταϐαλεῖ
1782 386 1810 438 ό

1935 383 2020 453 ζ’]
2065 384 2119 438 in
2154 382 2439 453 majorem,
2474 397 2640 454 quam
2683 383 2861 453 prima
2909 384 3002 438 illa
3040 383 3244 448 fuerat,
3288 399 3491 442 conso-

237 475 389 540 Θεός.

470 656 596 710 ΝΘ.
625 686 696 696 -
723 655 1028 726 ΜΕΛΕΤΙῼ
1063 655 1574 728 ΚΑΓΚΕΛΛΛΡΙῼ.

303 747 370 800 Oi
398 746 502 800 ὑπὸ
536 747 812 810 Μωῦσέως
835 747 928 801 τοῦ
956 747 1099 801 θείου
1123 748 1440 819 ίεροφᾲντου
1471 747 1809 817 πεμφθέντες

237 840 317 901 εἰς
343 838 704 909 Παλαιστίνην
741 838 1098 901 κατάσκοποι,
1146 839 1431 910 σημαίνειν
1471 856 1562 910 μοι
1590 838 1808 893 δοκοῦσι

241 930 362 992 τοὺς
389 929 671 1001 οὐρανίους
719 929 986 999 ἀγγέλους
1017 930 1415 994 ὲποπτεύοντας
1443 930 1530 984 τὸν
1556 931 1674 984 ὅλον
1715 931 1810 984 κό-

236 1037 396 1089 σμον,
437 1022 530 1084 καὶ
577 1019 686 1074 τῶν
737 1023 861 1092 τῇδε
918 1022 1599 1093 πρόνοιανποιουμένους.
1641 1023 1812 1076 Οὐδὲν

235 1110 348 1182 γὰρ
367 1113 702 1183 ἀπρονόητον
735 1114 793 1166 ὲν
817 1113 1144 1185 ἀνθρώποις.
1178 1115 1288 1168 Καὶ
1318 1114 1550 1168 πειθέτω
1583 1133 1641 1169 σε
1667 1117 1811 1170 ἐκεῖ·

237 1221 327 1267 νος
353 1205 382 1256 ό
410 1205 660 1272 ἄγγελος,
695 1207 724 1258 ὁ
757 1207 815 1259 ὲν
859 1207 1096 1278 σχήματι
1138 1204 1235 1260 τοῦ
1267 1206 1574 1271 Μακεδόνος
1617 1207 1811 1279 ἀνδρὸς

236 1295 374 1367 πρὸς
421 1295 735 1364 συμμαχίαν
788 1297 973 1350 ἕνεκεν
1039 1297 1310 1367 σωτηρίας
1365 1297 1666 1369 ἀνθρώπων
1718 1299 1812 1352 τὸν

234 1385 534 1440 ἀπόστολον
569 1387 1011 1458 προτρεπόμενος
1037 1387 1248 1442 Παῦλον
1272 1389 1329 1440 ὲν
1357 1387 1434 1458 τῷ
1465 1389 1644 1456 λέγειν
1677 1389 1813 1460 πρὸς

234 1477 400 1530 αὐτόν
421 1491 435 1505 ο
475 1495 494 1529 ι
530 1478 754 1548 Διάὗηθι
782 1481 860 1544 εὶς
889 1480 986 1551 τὴν
1017 1479 1378 1543 Μακεδονίαν,
1418 1480 1511 1533 καὶ
1545 1480 1813 1553 βοήθησον

235 1569 392 1638 ἡμῖν.
427 1588 445 1620 ι

764 1660 838 1714 Ξ’.
869 1691 931 1702 --
972 1660 1057 1725 Τῷ
1095 1661 1274 1730 αὐτῷ.

1917 474 2173 528 lationem
2204 488 2235 527 a
2270 471 2379 528 Deo
2403 515 2418 539 ,
2473 473 2520 528 si
2569 487 2693 528 eum
2720 473 3110 543 deprecaberis
3135 514 3149 538 ,
3189 476 3490 532 immutan-

1913 565 2037 621 dam
2071 566 2207 620 fore.

2141 656 2277 711 LIX.
2317 688 2386 696 —
2419 657 2721 712 MELETIO
2761 657 3268 715 CANCELLARIO.

1985 747 2149 814 Quia
2201 748 2387 820 Moyse
2447 750 2637 804 divino
2679 765 2968 804 sacrormn
3013 751 3267 806 antistite
3292 753 3346 805 in
3388 751 3492 804 I’a-

1915 841 2182 894 larstinam
2221 842 2373 895 missi
2412 850 2543 896 situt
2573 847 2962 911 exploratores
2994 841 3061 907 ⁸⁷,
3115 852 3310 896 notare
3358 844 3494 898 mihi

1912 930 2170 986 videntur
2196 931 2452 988 coalesles
2478 933 2732 1002 angelos.
2781 941 2952 985 totum
2995 941 3266 987 terrarum
3305 933 3495 987 orbem

1912 1022 2288 1092 inspectanles
2316 1061 2331 1086 .
2375 1031 2429 1077 et
2456 1031 2802 1078 terrenarum
2840 1039 3024 1078 rerum
3069 1039 3260 1079 curant
3305 1040 3498 1094 geren-

1913 1119 2021 1168 tes.
2061 1110 2210 1167 Nihil
2240 1114 2384 1169 enim
2420 1112 2561 1168 inter
2591 1112 2844 1168 homines
2877 1123 2990 1179 cst,
3029 1113 3175 1183 quod
3203 1113 3500 1169 Prowdeno

1914 1204 2004 1259 tiae
2049 1220 2160 1260 non
2213 1205 2521 1275 subiaceat.
2568 1203 2794 1275 Hocque
2848 1206 2948 1260 tibi
3007 1206 3238 1261 suadeat
3272 1207 3499 1276 angelus

1913 1297 2048 1366 ille,
2106 1297 2200 1368 qui
2248 1299 2312 1351 'in
2367 1297 2683 1353 Macedonis
2717 1299 2891 1369 ﬁgura
2951 1298 3007 1351 in
3041 1299 3348 1364 auxilium,
3400 1315 3500 1368 pro

1916 1393 2094 1445 salute
2155 1391 2436 1445 hominum
2491 1391 2797 1460 apostolum
2856 1387 3089 1444 Paulqu
3148 1389 3332 1445 verbis
3391 1389 3500 1446 illis

1915 1480 2359 1534 adhortabatur:
2412 1498 2430 1532 ι
2464 1478 2708 1534 Procede
2750 1481 2804 1534 in
2845 1478 3256 1546 Macedoniam,
3295 1491 3352 1536 et
3382 1497 3502 1551 οριο

1918 1573 2100 1626 tnlare
2129 1571 2290 1627 nobis
2318 1572 2391 1625 ⁸⁸.
2445 1591 2464 1623 ι

2483 1662 2596 1718 LX.
2628 1694 2698 1702 —
2730 1662 2938 1718 Eidem.

321 1750 538 1821 Ἐπειδὴ
569 1751 831 1816 ποθεινῶς
860 1753 958 1816 τὰς
988 1754 1190 1817 σεπτὰς
1234 1755 1627 1824 ἀναγινώσκεις
1671 1757 1709 1810 Γ
1717 1775 1812 1828 ρα-

1993 1755 2228 1823 Quando
2268 1756 2426 1811 avide
2451 1757 2618 1809 nimis
2648 1757 2993 1812 venerandas
3017 1758 3297 1826 percnrris
3349 1755 3506 1810 Scriv

235 1841 367 1912 φὰς,
399 1837 557 1896 οἶσθα
588 1861 690 1897 που
741 1845 838 1916 τὴν
860 1847 1310 1916 ’προστάττουσαν
1357 1849 1452 1903 καὶ
1498 1850 1811 1906 διακελευο-

239 1936 411 2008 μένην
435 1937 548 2000 τοῖς
581 1938 746 1991 πᾶσιν
783 1938 1130 2007 νομοθεσίαν,
1175 1939 1284 1993 δεῖν
1336 1943 1607 2012 στεφάνην
1645 1960 1814 1996 κατα-

237 2027 527 2093 σκευάζειν
558 2032 649 2083 ὲπὶ
678 2031 772 2084 τοῦ
803 2031 1047 2102 δώματος
1081 2034 1181 2103 τῆς
1222 2035 1418 2105 νοητῆς
1459 2035 1658 2101 οἰκίας,
1722 2037 1816 2106 δη-

235 2119 373 2189 λαδὴ
398 2120 492 2174 τοῦ
519 2121 660 2174 κατὰ
681 2122 812 2174 Θεὸν
841 2122 1254 2194 πολιτεύματος.
1275 2125 1394 2195 Χρὴ
1423 2126 1531 2198 γὰρ
1551 2127 1625 2197 μὴ
1656 2127 1817 2197 μόνον

237 2212 569 2284 ἐνάρξασθαι
591 2215 689 2285 τῆς
717 2217 938 2288 ἀρετῆς.
964 2217 1102 2270 ἀλλὰ
1125 2219 1218 2272 καὶ
1240 2219 1506 2290 κορωνίδα
1533 2221 1625 2274 καὶ
1665 2219 1817 2283 τέλος

237 2305 565 2369 ἐπιτιθέναι,
599 2307 684 2360 ἴνα
717 2309 791 2378 μὴ
820 2310 1316 2381 καταγνωσθῶμεν,
1349 2311 1540 2384 ὥσπερ
1571 2315 1600 2366 ό
1627 2316 1684 2368 ἐν
1704 2315 1816 2376 τοῖς

237 2395 597 2466 Εὐαγγελίοις
631 2399 720 2453 τὸν
749 2401 956 2473 πύργον
984 2402 1148 2474 ἀτελῆ
1180 2404 1528 2476 καταλείψας.

753 2585 875 2638 ΞΑἏ
897 2614 969 2628 —-
1006 2585 1089 2652 Τῷ
1116 2586 1296 2654 αὐτῷ.

325 2675 452 2730 Ἐὰν
481 2675 580 2748 τὴν
609 2679 877 2748 στεφάνην
915 2679 1192 2751 ἐπιθῶμεν
1220 2681 1302 2754 τῷ
1343 2680 1553 2752 δώματι
1590 2683 1688 2753 τῆς
1713 2701 1815 2737 κα-

236 2765 339 2835 λῆς
362 2766 656 2831 πολιτείας,
683 2767 1020 2840 δυνησόμεθα
1051 2771 1266 2835 πάντως
1295 2771 1414 2825 καθ’
1442 2773 1697 2842 ὁμοίωσιν
1721 2776 1818 2843 τῆς

239 2857 574 2926 πιστοτάτης
606 2858 794 2921 Ῥαὰϐ,
822 2859 942 2928 οὐχὶ
977 2861 1124 2914 κάτω
1148 2878 1270 2926 που,
1304 2861 1437 2921 ἀλλὰ
1475 2861 1586 2914 ἄνω
1617 2863 1818 2932 μᾶλλον

238 2948 608 3015 ὑποδέξασθαι
640 2952 733 3004 καὶ
783 2951 987 3015 ξενίσαι
1019 2954 1147 3017 τοὺς
1178 2954 1445 3023 ἀγγέλους
1479 2956 1570 3009 τοῦ
1618 2956 1814 3026 Ἰησοῦ,

238 3040 608 3112 ἀληθέστερον
627 3042 681 3095 δὲ
710 3042 864 3108 λέξω,
892 3045 1052 3098 αὐτὸν
1073 3045 1417 3119 ξενώοχῆσαι
1458 3048 1665 3117 Ἰησοῦν
1686 3049 1820 3120 Χρι-

241 3132 372 3186 στὸν
399 3132 489 3185 τὸν
519 3133 624 3186 τῶν
653 3134 901 3202 ἀγγέλων
930 3136 1228 3207 Δεσπότην.

690 3221 806 3276 ΞΒἏ
841 3256 907 3266 —-
940 3225 1382 3282 KAAANAIQNJ.

326 3331 345 3364 ι
380 3311 542 3382 Λόγοι
585 3316 889 3384 κερκώπων
931 3315 1162 3385 μαλακοὶ
1188 3357 1204 3379 .
1251 3319 1510 3372 πίπτουσι
1551 3319 1607 3372 δὲ
1644 3321 1724 3382 εἰς
1755 3322 1824 3372 τὰ

239 3404 473 3474 ταμιεῖα
521 3404 750 3466 κοιλίας.
799 3405 1174 3482 »Κέρκωπας
1221 3409 1475 3478 ὀνομάζει
1513 3412 1540 3462 ὁ
1574 3409 1823 3480 Σολομῶν

242 3494 377 3557 τοὺς
417 3495 853 3562 ἀλωπεκίζοντας
888 3496 982 3552 καὶ
1011 3499 1435 3570 δολιευομένους.
1467 3501 1558 3554 Διό
1601 3518 1766 3571 φησιν
1796 3503 1826 3556 ό

243 3584 444 3640 Δαυῖδ·
473 3605 491 3637 ι
521 3587 611 3657 Μή
651 3603 716 3658 με
745 3586 1149 3652 συναπολὲσεις,
1185 3590 1213 3642 ὁ
1237 3588 1388 3653 Θεὸς.
1428 3591 1566 3658 μετὰ
1591 3591 1700 3644 τῶν
1728 3591 1824 3645 λα-

243 3675 486 3730 λούντων
509 3679 734 3751 εἰρήνην
778 3681 914 3751 πρὸς
948 3680 1039 3734 τὸν
1070 3680 1316 3751 πλησίον,
1353 3683 1497 3734 κακὰ
1530 3682 1588 3735 δὲ
1619 3685 1676 3735 ὲν
1706 3686 1824 3747 ταῖς

245 3770 505 3843 καρδίαις
560 3771 757 3825 αὐτῶν.
798 3791 817 3823 ι
867 3802 936 3812 -—
977 3793 996 3823 ι
1045 3772 1466 3844 Ἠτταλύνθησαν
1513 3776 1622 3844 γὰρ
1678 3774 1824 3844 λόγοι

246 3861 396 3934 ὑπὲρ
419 3861 612 3925 ἔλαιον,
637 3865 728 3917 καί
754 3865 907 3916 αὐτοὶ
937 3862 1139 3934 βολίδες
1159 3864 1460 3936 ὑπάρχουσι
1490 3865 1770 3936 τιτρῶσαι.
1801 3886 1837 3922 ι.

707 4044 822 4099 EI".
855 4076 924 4085 —
942 4047 1372 4101 ΘΕΟΔΟΤΙΩΝΙ.

323 4135 566 4198 Εἰκότως
592 4135 948 4206 τεθαύμακας
986 4137 1282 4207 διαπορῶν,
1316 4137 1432 4200 πῶς
1466 4137 1532 4191 ἂν
1570 4138 1826 4209 ἐδυνήθη-

244 4243 354 4281 σαν
374 4226 512 4282 λίθοι
543 4227 788 4299 αἰσθητοὶ
817 4229 936 4281 ὅλον
961 4229 1172 4298 γραφὲν
1204 4230 1453 4302 χωρῆσαι
1487 4231 1548 4284 τὸ
1569 4233 1828 4302 Δευτεροο

245 4318 455 4388 νόμιον.
486 4319 787 4390 Νοήσωμεν
825 4319 1117 4391 τοιγαροῦν
1143 4320 1204 4373 τὸ
1242 4319 1336 4374 τοῦ
1381 4321 1620 4392 Χριστοῦ
1651 4322 1828 4389 Εὐαγ-

1921 1858 2132 1916 pturas,
2185 1847 2337 1902 disce
2377 1856 2702 1917 prazceptum
2745 1846 2897 1901 illum
2934 1847 3248 1917 imperans,
3301 1857 3356 1901 et
3389 1863 3507 1916 om-

1923 1953 2021 1993 nes
2060 1937 2395 1999 cohortans,
2449 1947 2509 1990 ut
2554 1953 2813 1992 coronam
2844 1939 2948 1992 sibi
2983 1947 3294 2009 pra-parent
3342 1954 3508 2010 super

1923 2038 2068 2084 tecto
2106 2030 2500 2084 intellectualis
2532 2028 2728 2084 domus
2751 2069 2765 2090 .
2827 2031 3067 2090 instituti
3109 2046 3306 2101 nempe
3340 2032 3464 2084 vita:
3488 2070 3506 2096 ,

1923 2137 2045 2190 qua:
2080 2121 2382 2175 secundum
2439 2119 2607 2174 Deum
2651 2128 2758 2172 est.
2797 2119 3010 2174 Etenim
3048 2135 3154 2173 non
3200 2129 3412 2176 tantum
3450 2123 3508 2176 in

1925 2215 2131 2267 virtute
2162 2214 2318 2266 initia
2377 2212 2627 2283 ponenda
2664 2224 2830 2279 sunt,
2875 2215 2970 2267 sed
3023 2215 3088 2267 ad
3139 2215 3507 2280 umbilicum,

1922 2317 1977 2361 et
2021 2305 2180 2360 linem
2239 2305 2703 2373 perveniendum,
2754 2313 3110 2374 extremaque
3175 2305 3506 2362 lineamenta

1925 2396 2174 2452 addenda
2201 2438 2215 2461 ,
2271 2413 2340 2451 ne
2381 2396 2835 2456 condemnemur,
2873 2397 3337 2466 quemadmodum
3375 2400 3465 2453 ille
3492 2437 3506 2462 ,

1923 2491 2017 2560 qui
2053 2492 2107 2543 in
2138 2490 2433 2560 Evangelio
2475 2491 2680 2542 turrim
2715 2489 3014 2560 perfectam
3047 2491 3361 2560 reliquit”.

2481 2580 2617 2635 LXI.
2645 2611 2715 2619 —
2744 2581 2954 2638 Eidem.

1998 2674 2053 2728 Si
2086 2683 2230 2728 tccto
2267 2673 2449 2742 proba:
2491 2673 2708 2727 vivendi
2745 2675 2978 2728 ratioois
3019 2689 3284 2729 coronam
3332 2679 3511 2746 impo-

1927 2783 2165 2829 namus,
2209 2767 2438 2818 omnino
2487 2767 2552 2820 ad
2604 2767 2882 2835 exemplar
2927 2767 3081 2820 llaab
3133 2765 3508 2832 ﬁdissima“,

1927 2875 2036 2914 non
2075 2861 2129 2913 in
2163 2858 2411 2914 inferiori
2447 2859 2708 2929 quopiam
2744 2860 2865 2912 loco
2893 2903 2908 2924 ,
2949 2861 3060 2931 23
3101 2862 3196 2916 sed
3237 2863 3510 2934 superiori

1929 2951 2214 3019 recipere,
2249 2960 2303 3006 et
2335 2951 2578 3021 li0$pitio
2623 2954 2848 3022 angelos
2874 2951 3003 3007 Jesu
3031 2993 3048 3018 ,
3098 2961 3153 3008 et
3179 2993 3196 3018 ,
3242 2965 3300 3009 ut
3328 2957 3510 3010 verius

1927 3042 2107 3095 dicam
2137 3080 2153 3104 ,
2203 3041 2382 3110 ipsum
2417 3041 2606 3096 Jesum
2652 3043 2935 3098 Christum
2969 3047 3291 3116 angelorum
3329 3046 3513 3102 Dami-

1928 3148 2057 3187 num
2086 3133 2346 3202 excipere
2382 3133 2707 3202 poterimus.

2347 3223 2505 3278 LXII.
2542 3256 2611 3265 -—
2641 3225 3080 3282 CALANDIONI.

2000 3335 2018 3366 ι
2057 3317 2363 3385 Cercopum
2403 3319 2568 3372 verba
2595 3321 2895 3388 praemollia
2919 3361 2934 3386 ,
2969 3321 3264 3390 procidunt
3297 3337 3425 3378 vero
3456 3325 3510 3377 in

1926 3411 2126 3465 aeraria
2163 3413 2372 3464 ventris
2397 3412 2463 3464 δι.
2517 3431 2536 3462 ι
2571 3414 2846 3481 Cercopcs
2877 3422 3037 3468 vocat
3072 3413 3331 3468 Salomon
3370 3430 3466 3470 eos
3493 3456 3508 3479 .

1926 3503 2019 3572 qtti
2055 3503 2284 3572 vulpino
2319 3503 2540 3574 ingenio
2571 3513 2701 3559 sunt
2727 3545 2741 3567 ,
2778 3505 3052 3576 dolosque
3085 3507 3215 3560 aliis
3252 3516 3506 3562 nectunt.

1927 3594 2223 3666 Propterea
2252 3596 2388 3648 dicit
2417 3595 2586 3651 David
2625 3615 2638 3651 :
2676 3615 2695 3649 ι
2732 3596 2809 3652 Ne
2842 3613 2928 3653 me
2957 3600 3175 3668 perdas,
3200 3600 3364 3664 Deus,
3403 3616 3510 3653 una

1926 3703 2052 3742 cum
2103 3687 2462 3754 loquentibus
2495 3703 2682 3756 pacem
2715 3688 2784 3743 ad
2820 3690 3126 3758 proximum
3155 3730 3170 3754 ,
3212 3691 3352 3744 mala
3381 3708 3512 3744 vero

1929 3780 1981 3833 in
2001 3779 2260 3834 cordibus
2287 3780 2404 3834 suis
2429 3780 2510 3845 ⁶²;
2552 3799 2674 3831 ι-ι
2709 3780 2938 3834 emolliti
2971 3783 3117 3836 enim
3137 3791 3267 3837 sunt
3309 3799 3512 3838 sermo.

1929 3888 2026 3926 nes
2053 3887 2243 3924 eorum
2281 3888 2448 3941 super
2472 3873 2655 3926 oleum
2677 3913 2692 3935 ,
2727 3883 2781 3928 et
2813 3874 2920 3944 ipsi
2949 3874 3129 3944 jacula
3165 3885 3292 3931 sunt
3331 3876 3511 3930 vulni-

1929 3963 2030 4020 ﬁca
2053 3964 2120 4019 ⁵³.
2165 3983 2184 4014 ι

2326 4054 2505 4110 LXIII.
2533 4085 2604 4096 σκ-
2623 4054 3112 4110 TIIEODOTIONI.

1999 4145 2118 4201 Non
2156 4147 2362 4215 absque
2393 4151 2608 4202 ratione
2649 4149 2871 4202 miraris
2893 4187 2907 4212 ,
2941 4149 3157 4203 haerens
3183 4187 3198 4210 .
3230 4150 3511 4218 quomodo

1932 4239 2216 4310 potuerint
2242 4239 2450 4308 lapides
2481 4239 2715 4294 sensiles
2747 4248 2920 4292 tolum
2942 4239 3282 4309 descriptum
3312 4255 3512 4309 capere

1935 4332 2445 4385 Deuteronomium.
2489 4333 2860 4402 Intelligamus
2904 4331 3070 4401 igitur
3096 4331 3300 4386 Christi
3331 4330 3513 4386 Evan-

245 4410 430 4480 γὲλιον
483 4413 902 4482 Δευτερονόμιον
936 4412 1213 4483 μυστικῶς
1268 4413 1644 4484 προειρῆσθαι,
1690 4413 1820 4469 διότι

1935 4421 2135 4492 gelium
2174 4420 2640 4476 Deuteronomion
2684 4426 2918 4492 mystice
2951 4422 3273 4490 praedictum
3310 4422 3511 4484 fuisse,

249 4506 397 4576 μετὰ
427 4504 517 4558 τὸν
553 4505 718 4574 νόμον
748 4505 1026 4568 Μωῡσέως
1071 4505 1133 4558 τὸ
1177 4506 1318 4558 θεῖον
1364 4506 1694 4574 Εὑαγγέλιον
1735 4507 1828 4575 γέο

244 4613 528 4668 γραπταιο
561 4595 739 4657 λίθους
770 4596 825 4649 δὲ
879 4597 1004 4660 τοὺς
1047 4597 1236 4666 πρώην
1265 4597 1470 4668 λιθίνην
1524 4599 1828 4670 ἐσχηκότας

245 4689 498 4758 καρδίαν,
551 4687 857 4757 ὕστερονδὲ
913 4692 976 4760 τῇ
1022 4690 1202 4742 πίστει
1254 4689 1679 4758 ἁπαλυνθέντας,
1736 4692 1828 4745 καὶ

245 4777 579 4843 ὐπείξαντας
609 4782 676 4848 τῇ
716 4779 905 4850 Γραφῇ
936 4779 1027 4832 τοῦ
1064 4779 1395 4850 Πνεὺματος.

286 4916 318 4932 ,
763 4869 879 4926 ΞΔἏ
906 4902 972 4912 --
1011 4871 1094 4938 Tr};
1122 4871 1302 4940 αὐτῷ.

325 4962 442 5014 Οὐκ
497 4963 712 5032 ἀγνοεῖς
747 4964 807 5018 τὸ
859 4965 917 5017 ὲν
948 4965 1026 5036 τῷ
1076 4966 1337 5038 Ἰεζεκιὴλ
1385 4968 1694 5042 εἰρημένον,
1743 4977 1828 5029 ὅτι

252 5072 275 5106 ι
316 5052 611 5109 Ἐκσπὰσω
633 5055 727 5125 ἀφ’
759 5056 911 5126 ὑμῶν
937 5060 1034 5128 τὴν
1055 5058 1264 5130 λιθίνην
1293 5062 1542 5133 καρδίαν,
1565 5067 1657 5120 καὶ
1674 5066 1830 5122 δώσω

247 5145 382 5215 ὑμῖν
445 5146 672 5218 καρδίαν
705 5148 986 5220 σαρκίνην,
1044 5150 1286 5206 εὓεικτον
1326 5154 1404 5226 τῷ
1450 5155 1568 5227 Θεῷ
1630 5159 1709 5222 εἰς
1771 5159 1832 5213 τὸ

249 5237 450 5308 μηνὲτι
481 5237 805 5292 πλανᾶσθαι.
842 5258 860 5290 ι

763 5331 882 5388 EE'.
912 5363 982 5374 -
1014 5334 1100 5400 Τῷ
1126 5336 1306 5402 αὐτῷ.

336 5420 660 5490 Ἀνάγνωθι,
704 5425 759 5478 τί
794 5426 1101 5496 Κορινθίοις
1142 5430 1446 5488 ἐπιστέλλει
1487 5435 1516 5486 ὁ
1557 5437 1828 5509 μακάριος

251 5511 495 5578 Παῦλος·
530 5535 548 5566 ι
602 5516 666 5569 'H
697 5517 952 5589 ἐπιστολὴ
996 5519 1152 5589 ἡμῶν
1195 5523 1352 5591 ὑμεῖς
1385 5527 1527 5592 ἐστε,
1554 5531 1647 5582 καὶ
1667 5532 1826 5599 ἐγγε-

1930 4515 2374 4584 quandoquidem
2408 4515 2538 4569 illud
2563 4524 2688 4584 post
2715 4518 2886 4584 legem
2917 4514 3214 4569 Mosaicmn
3244 4516 3509 4585 scriptum

1929 4615 2014 4661 est
2042 4623 2057 4672 ;
2094 4607 2306 4676 lapides
2334 4622 2464 4660 vero
2488 4623 2615 4669 eos,
2651 4607 2744 4676 qui
2780 4615 2940 4659 antea
2969 4621 3065 4660 cor
3092 4606 3370 4676 lapideum
3423 4626 3504 4676 ge-

1930 4699 2181 4761 stabant,
2203 4701 2548 4769 postmodum
2581 4701 2683 4756 lide
2712 4701 2902 4755 molliti
2933 4716 3058 4755 sese
3089 4699 3384 4770 Scriptura:
3409 4704 3510 4770 spi-

1929 4790 2074 4846 ritus
2099 4800 2366 4862 tanquam
2399 4795 2674 4860 magistra:
2708 4792 2999 4846 aliixernnt

2479 4881 2663 4935 LXIV.
2692 4912 2760 4922 --
2791 4879 3000 4934 Eidem.

2005 4971 2123 5028 Non
2161 4973 2384 5044 ignoras
2410 5014 2424 5036 ,
2459 4974 2604 5043 quod
2640 4975 2692 5027 in
2724 4972 3014 5028 Ezechiele
3041 4970 3285 5024 dicitur:
3329 4990 3347 5021 ‹
3383 4969 3508 5024 Era-

1934 5063 2133 5119 dicabo
2164 5081 2193 5119 a
2232 5066 2389 5120 vobis
2438 5081 2535 5119 cor
2589 5082 2856 5126 samum,
2913 5075 2968 5118 et
3021 5065 3164 5118 dabo
3216 5065 3371 5118 vobis
3418 5079 3510 5119 cor

1935 5152 2221 5224 carneum,
2255 5158 2520 5213 obediens
2546 5158 2674 5220 Deo,
2700 5174 2765 5212 ne
2800 5159 2938 5212 ultra
2966 5157 3184 5210 aberret
3208 5157 3273 5210 “.
3313 5176 3332 5208 ι

2474 5353 2630 5407 LXV.
2659 5385 2726 5394 —-
2755 5353 2960 5408 Eidem.

2006 5443 2230 5516 Perlege
2255 5485 2272 5507 .
2309 5447 2438 5514 quid
2469 5446 2782 5501 Corinthiis
2818 5448 3013 5502 beatus
3045 5447 3247 5504 Paulus
3276 5447 3512 5504 scribat‘

1935 5553 1955 5584 ¢
2004 5533 2198 5589 Nostra
2230 5536 2340 5607 29
2371 5540 2604 5608 cpistola
2663 5557 2760 5593 vos
2797 5541 2932 5593 estis
2961 5583 2974 5606 ,
3034 5543 3240 5611 scripta
3298 5557 3406 5596 non
3460 5541 3506 5597 ir

275 5647 859 5741 #18.“
889 5651 1086 5741 Ι’ξὶίδ-Αιξι.
1126 5657 1318 5741 χνιιξξ.
1397 5659 1440 5690 ⁶⁹
1479 5659 1606 5716 Luc.
1639 5679 1748 5732 xw,
1784 5666 1820 5720 5‘

1935 5666 1957 5697 κο
1987 5663 2153 5722 Josue
2181 5683 2240 5734 ιι,
2272 5670 2324 5724 6.
2384 5670 2426 5702 θ’
2466 5667 2627 5726 Prov.
2660 5687 2803 5738 sui,
2835 5671 2925 5727 92.
3003 5674 3046 5704 θ’
3079 5671 3220 5729 Psal.
3265 5689 3433 5741 xxvn,
3461 5677 3508 5737 5.

254 5718 304 5756 ⁸³
331 5716 477 5776 Psal.
511 5736 621 5790 ιιν,
645 5720 735 5776 29..
815 5720 860 5751 ⁸⁵
889 5720 1082 5778 Ezech.
1123 5741 1199 5797 ιιι,
1226 5716 1320 5783 l9.
