3882 6036
408 260 504 325 11-1

1890 271 1948 330 S.
1994 268 2157 329 ΝΙΙᾸ

3506 206 3647 332 χ112

406 372 610 428 tabulis
634 372 886 443 lapideis,
913 374 1007 428 sed
1042 374 1097 429 in
1136 374 1344 431 tabulis
1367 376 1552 433 cordis
1578 378 1821 441 carneis,
1862 393 1963 433 non

2076 384 2368 454 γραμμένη
2395 384 2495 437 οὐκ
2525 384 2584 437 ὲν
2616 382 2776 449 πλαξὶ
2815 381 3064 444 λιθίναις,
3096 378 3209 433 ἀλλ’
3233 380 3288 433 ὲν
3322 378 3487 445 πλαξὶ
3508 397 3651 452 καρ-

407 471 732 525 atramento,
766 464 859 518 sed
890 463 1096 535 Spiritu
1133 465 1223 521 Dei
1254 467 1384 521 vivi.
1414 466 1524 522 Vos
1547 469 1690 522 enim
1723 469 1971 523 Ostendi-

406 558 475 611 tis
503 571 640 626 opus
670 557 802 627 legis
830 558 887 610 in
920 558 1184 613 cordibus
1220 560 1421 614 vestris
1451 560 1517 611 ‘5.
1562 580 1579 611 ι

928 752 1112 808 LXVI.
1142 784 1208 793 —
1240 755 1446 809 Eidem.

466 842 586 897 Non
621 845 794 899 ιιιιιιιο
825 845 1028 916 indiget
1062 854 1307 915 tempore
1337 863 1497 901 verus
1540 845 1701 903 Iesus
1735 846 1802 899 ad
1835 846 1969 901 scri-

398 933 633 987 bendutn
661 934 1141 989 Dcuteronomium
1179 938 1231 989 in
1271 953 1365 991 cor
1397 939 1595 1007 pietate
1636 939 1970 1006 integrorum

400 1021 665 1093 lapidum.
726 1022 925 1078 Statim
966 1025 1114 1078 enim
1166 1037 1331 1095 alque
1369 1028 1682 1096 praedicatio
1721 1038 1971 1098 suscepta

396 1122 480 1169 est
502 1155 517 1178 ,
549 1113 689 1168 nihil
722 1115 873 1169 aliud
898 1115 1191 1170 dicendum
1224 1130 1308 1172 est
1331 1158 1345 1181 ,
1377 1134 1541 1187 quam
1574 1127 1626 1172 te
1659 1127 1974 1187 asportasse

396 1207 455 1261 in
505 1207 773 1262 interiora
814 1208 1106 1278 pugillaria
1140 1209 1312 1278 legem
1348 1210 1541 1280 gratiae
1587 1212 1809 1265 minime
1848 1227 1972 1281 gra-

395 1315 552 1361 vem,
591 1310 646 1354 et
671 1300 1028 1370 concupitatn
1078 1302 1131 1353 in
1164 1309 1464 1370 conspectu
1500 1303 1734 1355 filiorum
1771 1303 1969 1368 Israel,

394 1392 706 1446 divinarum
736 1407 931 1461 nempe
962 1401 1016 1447 et
1067 1388 1517 1464 incorporearum
1539 1403 1891 1463 potestatum,
1917 1396 1969 1448 in

396 1486 608 1557 lapides
639 1500 746 1541 non
781 1487 926 1539 ultra
968 1486 1288 1541 inlidelitate
1323 1487 1677 1551 mutilandos,
1712 1495 1805 1539 aut
1838 1502 1971 1539 con-

392 1577 712 1647 I'ringendos
736 1619 750 1643 ,
783 1577 876 1633 sed
904 1578 1137 1632 auribus
1162 1619 1176 1641 ,
1209 1587 1262 1631 et
1292 1579 1476 1630 animo
1505 1578 1770 1646 integros.
1808 1596 1825 1626 ι
1864 1575 1970 1641 Qui

396 1670 542 1725 enim
568 1710 583 1736 ,
625 1673 700 1724 ait
730 1708 745 1733 ,
778 1669 942 1722 habet
965 1684 1127 1722 aures
1158 1668 1415 1723 audiendi
1435 1668 1480 1699 ⁸⁸
1533 1670 1661 1735 (lide
1708 1677 1763 1723 et
1805 1669 1965 1723 indu-

392 1762 492 1818 stri
531 1760 816 1827 solertia),
848 1761 1052 1814 audiat.
1100 1779 1119 1811 ι

411 1852 621 1908 LXVII.
664 1880 722 1892 —
752 1850 1096 1906 IIQRACLIO
1136 1848 1568 1906 SUBDIACONO
1608 1849 1938 1907 AURIFICI.

461 1945 938 2012 Quemadmodum
991 1961 1298 2015 generosus
1344 1947 1503 2001 miles
1552 1961 1653 2016 pro
1704 1962 1832 2017 rege
1872 1962 1973 2018 pu-

389 2053 553 2109 gnam
608 2038 809 2103 iniens,
848 2037 894 2091 si
942 2038 1066 2092 telis
1095 2038 1239 2091 ictus
1270 2039 1338 2091 ab
1376 2037 1710 2093 adversariis
1749 2039 1970 2094 dolores

388 2129 754 2192 sustinuerit,
811 2145 914 2184 nec
965 2128 1323 2199 desponderit
1376 2130 1656 2193 animum,
1707 2140 1968 2192 curatus,

387 2229 729 2290 sanetusque
790 2219 1082 2275 cicatrices
1137 2219 1425 2274 vulnerum
1498 2219 1553 2273 in
1628 2218 1971 2274 fortitudinis

383 2313 711 2384 jactantiam
744 2310 967 2365 habebit
996 2327 1011 2362 :
1053 2324 1121 2365 eo
1153 2320 1310 2380 pacto
1342 2319 1397 2366 et
1426 2312 1518 2379 qui
1552 2310 1623 2364 ab
1652 2311 1811 2367 hoste
1850 2310 1969 2365 vul-

389 2420 495 2460 nus
525 2411 898 2473 acceperunt,
927 2402 973 2457 si
999 2402 1215 2456 labores
1250 2403 1587 2472 pcenitentia:
1614 2418 1721 2457 non
1784 2405 1969 2473 negle-

389 2497 597 2558 xerint,
627 2494 841 2563 absque
861 2493 1029 2547 dubio
1053 2492 1284 2547 salutem
1314 2494 1596 2548 consecuti
1628 2494 1681 2547 in
1703 2493 1789 2549 die
1819 2495 1969 2566 judi-

385 2588 459 2642 cii
481 2587 886 2658 gloriabuntur;
914 2600 1149 2657 namque
1200 2585 1357 2642 fortis
1388 2598 1440 2643 et
1466 2601 1694 2658 magnus
1724 2589 1964 2651 animus.

386 2683 514 2737 licet
543 2679 862 2735 vulneribus
894 2679 1149 2749 oppletus
1173 2718 1189 2742 ,
1217 2695 1474 2750 pugnans
1506 2695 1738 2750 corpore
1760 2681 1968 2735 violato

385 2774 709 2829 vulneribus
746 2786 976 2841 prorsus
1004 2771 1145 2826 alios
1172 2770 1493 2825 debellabit.

545 2863 654 2934 3o
690 2861 922 2918 LXVIII.
953 2892 1024 2903 -
1054 2861 1454 2918 APHTHONIO
1503 2861 1822 2919 DIACONO.

454 2956 783 3026 Quicunque
813 2954 907 3010 Dei
956 2970 1144 3010 amore
1170 2997 1185 3023 ,
1240 2964 1294 3010 et
1335 2956 1795 3012 benedictionum
1836 2973 1964 3029 pro~

2073 476 2189 539 δίας
2214 475 2527 546 σαρκίναις,
2566 476 2625 528 οὺ
2663 476 2872 544 μέλανι,
2906 472 3040 526 ἀλλὰ
3069 471 3347 541 Πνεύματι
3388 470 3481 524 τοῦ
3507 471 3650 524 Θεοῦ

2076 567 2276 630 ζῶντος
2296 584 2309 597 ·
2341 568 2496 636 ὑμεῖς
2543 567 2651 636 γὰρ
2690 563 3029 618 ἐνδείκνυσθε
3057 563 3120 616 τὸ
3149 563 3310 633 ἔργον
3357 563 3452 618 τοῦ
3478 565 3647 636 νόμου

2074 661 2132 713 ὲν
2154 663 2273 724 ταῖς
2296 659 2545 731 καρδίαις
2575 658 2746 728 ὑμῶν.
2782 678 2800 709 ι

2578 748 2711 815 EQ".
2747 777 2814 787 -—
2855 745 2936 811 Τῷ
2978 746 3156 811 αὐτῷ.

2146 844 2220 895 υὺ
2253 842 2421 895 δεῖται
2457 842 2647 913 χρόνου
2676 839 2917 902 πλείονος
2945 840 2973 891 6
3012 837 3212 909 ἀληθὴς
3256 836 3463 908 Ἰησοῦς
3510 836 3651 908 πρὸς
3686 890 3699 898 ,

2072 929 2134 983 τὸ
2158 930 2362 1001 γράψαι
2417 930 2477 982 τὸ
2525 928 2940 998 Δευτερονόμιον
2996 928 3075 990 είς
3112 928 3211 998 τὴν
3267 927 3495 998 καρδίαν
3537 927 3651 980 τῶν

2072 1022 2380 1092 ὁλοκλήρων
2427 1024 2492 1092 τῇ
2537 1020 2786 1090 εὐσεϐείᾳ
2810 1020 2991 1072 λίθων.
3025 1020 3177 1090 Ἀμα
3212 1019 3323 1089 γὰρ
3360 1019 3438 1090 τῷ
3471 1036 3624 1092 παρα

2073 1114 2323 1179 δέξασθαί
2359 1131 2418 1166 σε
2447 1114 2509 1167 τὸ
2538 1115 2820 1185 κήρυγμα,
2851 1113 3003 1165 οὐδὲν
3049 1112 3237 1185 ἓτερον
3265 1113 3371 1184 χρὴ
3389 1113 3590 1182 λέγειν.
3613 1113 3648 1184 ἢ

2072 1209 2154 1261 ὅτι
2197 1206 2440 1277 ἐκομίσω
2485 1208 2542 1260 ὲν
2574 1209 2686 1270 τοῖς
2737 1206 2881 1259 ἔνδον
2938 1205 3183 1275 πτυχίοις
3237 1205 3329 1258 τὸν
3361 1205 3525 1275 νόμον
3549 1204 3651 1275 τῆς

2073 1302 2291 1372 χάριτος
2338 1300 2427 1354 τὸν
2457 1301 2637 1372 ἀδαρῆ
2667 1300 2760 1353 καί
2806 1300 3066 1370 ἐράσμιον
3109 1297 3340 1351 ἐνώπιον
3369 1297 3480 1351 τῶν
3516 1297 3651 1351 υίῶν

2086 1390 2322 1461 Ἰσραὴλ,
2347 1390 2546 1461 δηλαδὴ
2570 1390 2676 1443 τῶν
2692 1388 2851 1441 θείων
2892 1390 2985 1443 καὶ
3010 1389 3316 1459 ἀσωμάτων
3341 1388 3648 1459 δυνάμεων,

2074 1484 2155 1546 είς
2197 1483 2377 1547 λίθους
2407 1483 2605 1554 μηκέτι
2658 1481 3086 1551 κολοϐουμένους
3135 1480 3221 1534 διά
3260 1481 3362 1551 τῆς
3390 1479 3652 1542 ἀπιστίας

2047 1575 2168 1628 καὶ
2227 1573 2575 1645 κλωμένους,
2635 1572 2748 1625 ἀλλ’
2807 1572 3133 1642 ὁλοκλήρους
3185 1571 3329 1643 ψυχῇ
3383 1572 3478 1624 καὶ
3530 1572 3651 1632 ταῖς

2073 1667 2299 1729 ἀκοαῖςο
2333 1684 2352 1717 ι
2421 1664 2479 1717 '0
2524 1663 2663 1734 ἔχων
2714 1662 2823 1734 γὰρ
2871 1657 3005 1725 ὦτα,
3050 1663 3247 1732 φησίν,
3301 1661 3520 1715 ἀκούειν
3562 1661 3650 1731 (τῇ

2074 1759 2279 1822 πίστει,
2315 1757 2408 1811 καὶ
2430 1758 2494 1828 τῇ
2528 1756 2820 1827 ἀγχινοίᾳ),
2849 1755 3109 1809 ἀκουέτω.

2072 1849 2190 1903 ΞΖν.
2234 1880 2306 1890 -
2348 1849 2701 1919 ΗΡΑΚΛΕΙῼ
2760 1847 3199 1917 ΥΠΟΔΙΛΚΟΝῼ
3260 1846 3644 1913 ΧΡΥΣΟΧΟῼ.

2146 1942 2356 2013 Ὠσπερ
2400 1939 2735 2011 στρατιώτης
2764 1941 3011 2008 γενναῖος
3061 1940 3198 2009 ὑπὲρ
3245 1940 3336 1992 τοῦ
3384 1940 3648 2009 βασιλέως

2076 2033 2401 2105 μαχόμενος,
2433 2033 2527 2087 ἐὰν
2565 2033 2739 2103 βέλεσι
2783 2032 3196 2099 κατατοξευθεὶς
3224 2033 3327 2086 ὑπὸ
3360 2033 3470 2086 τῶν
3498 2035 3647 2085 ἐναν-

2070 2125 2201 2176 τίων
2232 2124 2500 2197 ὑπομείνῃ
2544 2124 2641 2187 τάς
2666 2124 2985 2193 ἀλγηδόνας,
3025 2126 3117 2178 καὶ
3153 2126 3225 2195 μὴ
3270 2126 3651 2195 παραχωρήσῃ

2070 2219 2135 2286 τῇ
2183 2216 2534 2286 ὀλιγοψυχίᾳ,
2566 2216 2881 2285 ἐπιμελείας
2928 2216 3126 2287 τυχὼν,
3175 2218 3266 2270 καὶ
3325 2216 3645 2287 ίατρευθεὶς,

2070 2308 2181 2372 ἕξει
2204 2309 2303 2372 τὰς
2327 2308 2488 2371 οὐλάς
2503 2308 2609 2360 τῶν
2630 2310 2959 2381 τραυμάτων
2989 2312 3066 2373 είς
3091 2290 3356 2379 καύχησιν
3374 2308 3645 2379 ἀνδρείας·

2071 2402 2243 2464 οὕτως
2290 2402 2383 2455 καί
2426 2402 2473 2453 οί
2505 2401 2803 2472 τρωθέντες
2856 2402 3007 2473 παρὰ
3063 2403 3157 2456 τοῦ
3191 2402 3383 2473 ἐχθροῦ
3426 2404 3521 2456 ἐὰν
3571 2402 3644 2472 μὴ

2070 2496 2406 2565 ἁκηδιάσωσι
2425 2497 2550 2558 τοὺς
2579 2496 2774 2559 πόνους
2794 2497 2893 2565 τῆς
2925 2497 3226 2564 μετανοίας,
3258 2494 3643 2564 ἀναμφιϐόλως

2072 2588 2335 2650 σωθέντες
2365 2588 2731 2657 καυχήσονται
2751 2590 2807 2640 έν
2836 2587 3017 2660 ἡμέρᾳ
3047 2588 3283 2659 κρίσεως
3302 2606 3315 2619 ο
3345 2590 3372 2640 6
3402 2588 3511 2657 γὰρ
3548 2588 3642 2639 ἀν-

2069 2682 2264 2752 δρεῖος,
2305 2679 2408 2733 κᾶν
2440 2682 2497 2732 ὲν
2539 2679 2818 2750 τραύμασι
2872 2681 3139 2751 γένηται,
3172 2680 3388 2744 πάντως
3433 2683 3641 2750 νικήσει

2071 2771 2166 2823 καὶ
2191 2768 2532 2840 τραυματίας
2564 2771 2887 2839 μαχόμενος.

2390 2860 2515 2913 EH’.
2557 2888 2623 2899 —
2657 2860 2954 2931 ΑΦΘΟΝΙῼ
3006 2861 3325 2930 ΔΙᾹΚΟΝῼ.

2098 3006 2105 3013 ,
2144 2953 2296 3006 Ὅσοι
2338 2952 2526 3024 ἀγάπῃ
2580 2951 2715 3005 Θεοῦ
2762 2953 2856 3005 καὶ
2898 2951 3150 3023 προθέσει
3202 2952 3460 3019 εὐλογιῶν
3494 2952 3641 3005 πολιο

382 3052 566 3121 posito
614 3051 784 3104 vitam
832 3048 1152 3114 traducunt,
1195 3049 1249 3102 hi
1290 3047 1552 3103 dicuntur
1585 3065 1755 3120 prope
1806 3065 1963 3103 mon-

2076 3046 2333 3108 τεύονται,
2366 3043 2509 3101 οὗτοι
2553 3047 2796 3116 λέγονται
2831 3047 3081 3101 ἵστασθαι
3113 3048 3338 3117 πλησίον
3362 3046 3456 3101 τοῦ
3485 3048 3640 3118 ὅρους

384 3153 494 3196 tem
522 3140 763 3195 Garizim
796 3139 1127 3208 appellatum
1155 3147 1303 3193 stare
1327 3139 1370 3169 ⁸⁷
1401 3157 1415 3193 :
1450 3147 1507 3191 at
1551 3140 1643 3209 qui
1696 3153 1806 3193 non
1839 3154 1967 3207 pro-

383 3242 501 3303 pter
520 3230 972 3296 benedictionem,
995 3242 1049 3285 et
1067 3231 1386 3295 amicitiam,
1406 3238 1459 3284 et
1482 3230 1715 3283 laudetn'
1730 3229 1841 3294 Dei,
1872 3230 1965 3284 sed

382 3332 602 3394 propter
614 3336 899 3391 prenarum
914 3320 1256 3375 decretarum
1274 3328 1476 3375 metum
1495 3321 1635 3374 bona
1651 3334 1816 3389 Opera
1834 3334 1965 3373 con-

382 3419 602 3479 Iiciunt,
646 3416 700 3468 lii
754 3415 1018 3469 dicuntur
1050 3428 1274 3468 manere
1306 3428 1476 3483 prope
1507 3424 1744 3466 montem
1771 3411 1962 3474 Ilebal,

382 3508 438 3562 in
469 3523 581 3579 quo
613 3509 749 3562 dirae
798 3507 984 3561 ellusa:
1034 3516 1206 3573 sunt,
1243 3520 1350 3560 non
1396 3514 1456 3559 ut
1509 3505 1647 3559 diris
1679 3504 1966 3574 subjaceat

380 3599 474 3669 qui
528 3600 583 3653 in
630 3599 799 3654 Hebal
828 3601 1009 3661 stetit,
1053 3599 1149 3652 sed
1196 3608 1253 3651 ιιι
1304 3596 1609 3651 horrendas
1657 3596 1778 3650 illas
1813 3596 1964 3651 diras

380 3691 737 3760 conspiciens
786 3690 935 3742 omni
982 3697 1183 3742 conatu
1221 3688 1326 3743 sibi
1370 3695 1607 3750 caveat,
1661 3703 1728 3741 ne
1773 3688 1828 3740 in
1867 3702 1963 3741 eas

378 3781 659 3835 clincidat.
1888 3782 1895 3789 ’

786 3869 971 3925 LXIX.
1012 3901 1081 3911 —
1118 3869 1542 3924 AI’IITIIONIO.

449 3964 524 4018 Ne
556 3975 712 4033 putes
733 3968 1013 4034 propheta:
1045 3964 1199 4018 Isaiae
1222 3977 1534 4019 sermonem
1566 3964 1620 4016 in
1647 3962 1961 4018 Sodomitas

376 4057 537 4127 dirigi
569 4074 582 4110 :
607 4076 624 4107 ι
652 4056 849 4110 Audite
870 4058 1097 4111 verbum
1131 4055 1369 4119 Domini,
1396 4056 1670 4127 principes
1695 4056 1962 4110 Sodomo-

377 4165 499 4203 rum
523 4148 622 4203 ⁸⁸.»
653 4150 932 4219 Principes
956 4150 1101 4204 enim
1125 4147 1464 4211 Judaeorum,
1488 4150 1579 4216 qui
1601 4164 1764 4217 opere
1787 4149 1960 4203 Sodo-

378 4254 591 4293 morum
621 4239 873 4293 libidines
895 4278 908 4302 ,
932 4247 989 4293 et
1016 4240 1125 4294 illis
1169 4238 1467 4306 subjectos,
1494 4240 1956 4305 obsecuntlantes,

375 4332 793 4392 aemulabantur,
813 4345 997 4384 sermo
1023 4330 1247 4399 respicit
1268 4349 1281 4385 :
1302 4331 1484 4384 statim
1502 4346 1735 4399 namque
1757 4332 1958 4385 subne-

2068 3134 2162 3189 τοῦ
2217 3135 2469 3206 Γαρίζειν
2515 3137 3057 3208 προσαγορευομένου
3090 3154 3104 3169 ο
3146 3138 3258 3191 ὅσοι
3308 3140 3363 3193 δὲ
3408 3140 3528 3209 οὐχὶ
3576 3139 3641 3193 δι’

2068 3229 2339 3297 εὐλογίαν,
2375 3230 2469 3282 καὶ
2517 3229 2734 3298 φιλίαν,
2766 3230 2860 3283 καὶ
2908 3230 3125 3285 ἔπαινον
3179 3232 3273 3284 τοῦ
3322 3232 3479 3295 Θεοῦ,
3510 3233 3641 3286 ἀλλό

2067 3318 2156 3371 διὰ
2189 3317 2281 3371 τὸν
2326 3318 2489 3387 φόϐον
2516 3317 2625 3371 τῶν
2674 3317 3071 3388 ἀπειληθεισῶν
3099 3320 3372 3374 κολάσεων
3403 3322 3473 3374 τά
3506 3324 3639 3375 καλά

2068 3408 2403 3463 ἐπιτελοῦσιν
2442 3409 2601 3481 ἔργα,
2653 3403 2801 3463 οὗτοι
2854 3409 3102 3479 λέγονται
3142 3406 3279 3466 εἶναι
3330 3414 3495 3481 ἐγγὺς
3550 3414 3637 3466 τοί

2066 3501 2224 3571 ὅρους
2250 3501 2473 3563 Γαιϐὰλ,
2506 3504 2639 3555 ὅπου
2668 3504 2721 3555 al
2755 3502 2989 3574 κατάραι
3023 3502 3302 3574 ἐδόθησαν,
3328 3505 3424 3575 οὐχ
3464 3505 3548 3557 ἵνα
3587 3507 3640 3557 ἐν

2065 3593 2283 3664 κατάρᾳ
2319 3593 2546 3663 γένηται
2576 3594 2604 3645 ὁ
2644 3594 2794 3664 παρὰ
2813 3592 2888 3662 τῷ
2925 3593 3127 3647 Γαιὸἀλ
3151 3596 3387 3660 σταθεὶς,
3417 3596 3534 3649 ἀλλ’
3557 3597 3641 3649 ἵνα

2065 3689 2396 3758 θεασάμενος
2425 3688 2523 3751 τάς
2554 3686 2793 3757 φοϐερὰς
2831 3686 3076 3758 κατάρας
3113 3689 3276 3742 παντὶ
3316 3691 3491 3743 σθένει
3542 3708 3642 3760 φυ-

2062 3778 2289 3849 λάξηται
2324 3778 2416 3831 τοῦ
2449 3780 2523 3848 μὴ
2560 3779 2877 3848 περιπεσεῖν
2902 3778 3113 3842 αὐταῖς.

2570 3867 2687 3924 εον.
2719 3899 2790 3911 -
2820 3871 3135 3941 ΑψθωΝιῼ.

2134 3963 2225 4035 Μὴ
2247 3961 2453 4033 νόμιζε,
2479 3962 2560 4015 ὅτι
2603 3961 2740 4033 πρὸς
2772 3962 2898 4025 τοὺς
2926 3961 3216 4032 Σοδομίτας
3240 3962 3582 4018 ἀποτείνεται
3614 3968 3643 4019 6

2064 4055 2348 4125 προφήτης
2389 4053 2619 4115 Ἡσαΐας
2667 4052 2876 4120 λέγων’
2915 4071 2933 4103 ι
2987 4052 3278 4106 Ἀκούσατε
3319 4052 3476 4122 λόγον
3526 4057 3641 4108 Κυ-
3706 4080 3709 4081 ν

2065 4147 2201 4216 ρίου,
2231 4148 2491 4216 ἄρχοντες
2516 4144 2783 4214 Σοδόμων.
2826 4164 2845 4195 ι
2879 4144 3021 4214 Πρὸς
3070 4145 3177 4215 γάρ
3207 4146 3335 4209 τοὺς
3372 4148 3641 4219 ἄρχοντας

2058 4241 2166 4293 τῶν
2211 4240 2478 4292 Ἰουδαίων
2522 4241 2550 4291 6
2579 4237 2736 4306 λόγος
2773 4237 2954 4300 αὐτὸς,
2995 4238 3364 4308 μιμουμένους
3405 4243 3470 4311 τῇ
3502 4244 3640 4311 πρά-

2062 4333 2140 4397 ξει
2172 4333 2270 4395 τὰς
2299 4332 2406 4384 τῶν
2436 4329 2737 4401 Σοδομιτῶν
2769 4332 3207 4401 αἰσχροπραγίας
3246 4334 3341 4385 σὺν
3368 4336 3480 4396 τοῖς
3508 4335 3639 4387 67:0-

373 4424 491 4477 ctit:
521 4421 825 4475 «Attendite
841 4422 942 4491 legi
962 4421 1051 4475 Dei
1070 4422 1300 4491 populus
1318 4407 1652 4477 Gomtirrhae.
1671 4423 1809 4489 Quid
1826 4424 1956 4477 mihi

2076 4425 2414 4493 τεταγμένοις
2434 4440 2447 4453 ·
2473 4422 2632 4484 εὐθὺς
2656 4422 2765 4491 γὰρ
2786 4421 3033 4493 ἐπιφέρει
3066 4439 3078 4451 ·
3108 4441 3126 4473 ι
3166 4424 3464 4493 Προσέχετε
3488 4426 3638 4494 νόμῳ

375 4517 536 4584 copia
570 4515 973 4569 sacriﬁciorum
993 4524 1304 4569 vestrorum
1325 4517 1348 4568 ’ί
1371 4514 1509 4569 dicit
1537 4516 1803 4572 Dominus
1835 4516 1902 4571 ⁶⁹.
1935 4534 1954 4567 ι

376 4607 443 4661 Et
471 4618 652 4662 tamen
681 4608 1033 4660 manifestum
1064 4615 1147 4660 est
1197 4622 1303 4660 non
1348 4605 1662 4664 Sodomitas
1683 4651 1696 4671 .
1755 4611 1961 4663 multo-

375 4716 486 4768 que
524 4714 706 4753 mmus
755 4696 1168 4752 Gomorrlienos
1205 4713 1488 4768 unquam,
1534 4700 1627 4754 sed
1680 4700 1960 4756 Israelitas

375 4792 561 4863 potius
596 4790 702 4845 Deo
732 4789 1005 4844 sacriﬁcia
1049 4790 1343 4843 obtulisse.

521 4881 687 4936 LXX.
719 4878 1046 4935 —GAlN/E
1087 4879 1441 4934 COPIAIIUM
1485 4879 1810 4935 DUCTORI.

449 4972 634 5029 Multis
694 4973 1012 5026 inanimatis
1053 4987 1343 5041 personam
1376 4972 1644 5025 divinitus
1686 4973 1955 5047 inspirata

2059 4513 2194 4568 Θεοῦ
2246 4514 2371 4576 λαὸς
2426 4512 2729 4583 Γομόρρας.
2760 4512 2823 4564 Τί
2877 4530 2966 4583 μοι
3026 4513 3228 4583 πλῆθος
3282 4515 3387 4567 τῶν
3436 4516 3639 4569 θυσιῶν

2060 4606 2247 4676 ὑμῶνς
2283 4605 2430 4673 λέγει
2464 4605 2684 4675 Κύριος.
2720 4623 2736 4655 ι
2778 4604 2942 4673 Δῆλον
2970 4603 3048 4665 δὲ,
3078 4604 3158 4657 ὅτι
3188 4606 3307 4675 οὐχὶ
3329 4608 3634 4678 Σοδνλμίται,

2055 4700 2115 4753 οὐ
2140 4700 2197 4752 δὲ
2230 4699 2335 4768 μὴν
2380 4698 2717 4769 Γομορρηνοὶ
2752 4696 2992 4759 πώποτε,
3032 4696 3357 4768 Ἰσραηλῖται
3408 4699 3464 4753 δὲ
3495 4704 3635 4771 μᾶλα

2056 4792 2146 4846 λον
2172 4791 2250 4862 τῷ
2271 4789 2389 4860 Θεῷ
2417 4792 2513 4852 τὰς
2553 4788 2740 4851 θυσίας
2776 4788 3135 4858 προσέφερον.

2372 4887 2445 4935 0'.
2482 4912 2550 4921 ——
2573 4881 2781 4951 ΓΑΙΝᾼ
2830 4882 3314 4954 ΣἸῬΑΊῊΛΑΤῌ.

2124 4974 2303 5028 Πολλά
2350 4975 2442 5027 καὶ
2490 4973 2599 5026 τῶν
2650 4973 2870 5042 ἀψύχων
2925 4978 3364 5043 προσωποποιεῖν
3412 4972 3557 5030 οἶδεν
3596 4980 3629 5048 ἡ

375 5064 661 5133 Scriptura
697 5062 905 5125 tradit,
952 5071 1011 5116 ιιι
1042 5062 1176 5115 illud
1211 5081 1222 5114 :
1257 5079 1275 5111 ι
1327 5060 1478 5114 Mare
1521 5060 1662 5115 dixit
1706 5063 1855 5126 haec,
1903 5075 1959 5117 et

2076 5067 2403 5127 ιεόπνευστος
2451 5062 2639 5134 Γραφὴ
2665 5103 2679 5126 ,
2708 5062 2782 5125 ὡς
2815 5065 2906 5117 τόο
2935 5082 2953 5114 ι
2996 5066 3059 5118 Ἦ
3090 5066 3333 5121 θάλασσα
3357 5063 3479 5122 εἷπε
3508 5070 3633 5123 τάδε

375 5159 525 5222 Ilaec;
556 5164 614 5209 et
640 5153 1085 5225 abyssus'dixit:
1120 5151 1160 5204 N
1181 5168 1249 5205 on
1276 5160 1360 5206 est
1386 5153 1441 5205 in
1474 5169 1558 5207 me
1582 5153 1648 5208 ⁷⁰.
1693 5173 1713 5207 ι
1748 5155 1810 5208 Ει
1837 5172 1956 5209 rur-

2054 5157 2147 5209 xal
2174 5156 2319 5221 τάδε,
2345 5156 2439 5208 καὶ
2471 5158 2503 5226 ἡ
2545 5155 2776 5216 ἄϐυσσος
2808 5149 2960 5208 εἶπεν
2990 5174 3002 5186 ·
3027 5156 3140 5210 υύκ
3179 5146 3322 5211 ἔστιν
3356 5160 3416 5211 ἐν
3452 5161 3628 5230 ἐμοὶ.»
3714 5166 3720 5170 ’
3765 5151 3768 5154 ’

374 5265 470 5303 sus
503 5266 557 5301 ει
582 5247 716 5302 (Σωίὶ
748 5247 1128 5317 enarrant31
1149 5248 1378 5316 gloriam
1413 5245 1502 5298 Dei
1534 5246 1613 5311 “;
1654 5266 1671 5298 ι
1693 5254 1746 5301 et
1769 5250 1952 5317 gladio

2076 5249 2167 5301 (αἰ
2200 5246 2362 5300 πάλιν
2385 5263 2399 5276 ·
2438 5263 2456 5295 ι
2485 5246 2715 5315 Οὑρανοὶ
2760 5245 3071 5313 διηγοῦνται
3100 5249 3257 5315 δόξαν
3281 5250 3437 5304 Θεοῦ.
3474 5269 3493 5301 ι
3524 5255 3627 5306 Καὶ

375 5338 621 5407 praecipit
661 5336 925 5392 Dominus
955 5378 969 5397 .
1006 5348 1064 5388 ut
1099 5351 1220 5390 sese
1247 5344 1302 5388 et
1333 5349 1536 5396 carne,
1572 5348 1627 5390 et
1677 5345 1951 5408 sanguine

2076 5342 2124 5410 ςῇ
2156 5338 2397 5409 ῥομφαίᾳ
2422 5336 2794 5390 διακελεύεται
2808 5338 3004 5409 Κύριος
3024 5342 3379 5412 ἐμφορεῖσθαι
3402 5343 3625 5414 κρέατός

378 5424 659 5494 impleret,
708 5433 762 5478 et
818 5439 847 5478 a
888 5426 1169 5479 montibus
1218 5431 1274 5478 et
1328 5425 1566 5481 collibus
1626 5430 1953 5485 saltationes

2076 5449 2120 5485 ιε
2153 5432 2245 5484 καὶ
2288 5430 2549 5501 αἳματος·
2576 5429 2667 5483 καὶ
2696 5430 2796 5501 ὅρη
2824 5432 2917 5483 καί
2952 5430 3127 5500 βουνοί
3176 5432 3302 5495 τοὺς
3349 5433 3445 5503 τῆς
3483 5451 3619 5504 σκιρ

446 5601 491 5673 ξ⁸
528 5599 567 5654 ll
598 5602 725 5655 Cor.
753 5618 833 5666 ιιι,
858 5600 912 5652 2.
990 5604 1035 5633 ⁸⁸
1064 5603 1247 5659 Matth.
1292 5622 1362 5663 xl.
1401 5606 1485 5661 15.
1563 5609 1603 5639 ⁸⁷
1639 5608 1810 5665 Josuc
1842 5627 1957 5666 vm.

2076 5654 2087 5666 .
2166 5608 2209 5642 ⁶⁸
2239 5609 2342 5663 Isa.
2376 5627 2414 5673 ι,
2452 5610 2538 5663 10.
2641 5607 2685 5638 ⁶⁹
2721 5607 2855 5671 ibid.
2893 5607 2979 5661 Η.

373 5672 418 5704 ’ί
450 5670 789 5734 Psal.-xun,
825 5678 874 5725 1.

3081 5611 3126 5642 ⁷⁸
3152 5608 3258 5666 Job
3282 5628 3467 5678 uvm,
3525 5614 3593 5668 N

1358 5872 1423 5947 (,5
