3882 6036
212 320 326 386 113

1434 325 1971 395 EPISTOLARUM
2008 330 2155 390 LIB.
2200 331 2248 390 Ι.

3370 314 3474 382 114

208 437 423 502 τήσεως
470 436 852 507 ὲπερωτῶνται
892 439 1084 509 λόγους
1110 459 1122 471 ·
1155 444 1283 497 καίσ
1328 462 1346 497 ι
1389 445 1454 498 Τί
1494 443 1788 505 πέπονθας,

1920 441 2267 508 ieposcuntur
2317 438 2385 490 τ’.
2446 436 2547 500 Ει,
2588 454 2607 486 ‹
2661 434 2791 505 quid
2830 433 3136 504 pertulisti,
3169 446 3354 492 mare.
3414 439 3475 482 ut

205 522 477 589 θάλασσα,
501 527 582 579 ὃτι
614 527 831 597 ἔφυγες,
863 534 955 585 καὶ
987 535 1072 597 σὺ,
1109 535 1371 606 Ἰορδάνη,
1395 538 1476 590 ὃτι
1509 536 1787 606 ὲστράφης

208 619 292 681 εἰς
320 620 387 672 τά
418 620 623 686 ὀπίσω;
658 642 674 672 ι
715 622 775 675 Ei
815 624 996 678 τοίνυν
1048 626 1201 680 ταῦθ’
1244 628 1415 692 οὕτως
1444 628 1575 699 ἔχοι,
1600 629 1653 681 τί
1696 646 1786 698 μοι

208 710 521 779 προτείνεις
568 713 630 766 τὸ
676 715 731 767 ὲν
790 719 907 779 ταῖς
964 719 1290 790 Παροιμίαις
1351 720 1787 792 είρημένον,ὄτι

214 819 238 852 ι
281 802 486 876 Κύριος
518 804 699 858 ἔκτισέ
734 825 800 877 με
829 809 1002 880 ἀρχὴν
1029 810 1162 862 ὁδῶν
1199 811 1363 865 αὐτοῦ
1394 813 1476 875 είς
1524 812 1660 884 ἔργα
1692 814 1789 867 αύ-

209 893 307 946 τοῦ
336 909 352 957 ;
387 912 406 944 ι
445 894 694 966 Σολομὼν
725 899 1039 969 παραϐολάς
1091 901 1185 953 καὶ
1213 901 1485 955 σκοτεινὸν
1506 901 1662 971 λόγον
1690 902 1790 974 τὴν

213 983 474 1052 σύνταξιν
505 986 741 1058 κέκληκε
782 988 876 1042 τοῦ
910 990 1039 1044 ἰδίου
1073 989 1296 1060 βιϐλίου.
1328 991 1491 1045 Ἀλλο
1512 992 1789 1062 τοιγάρτοι

212 1077 337 1128 ἐστὶ
361 1076 423 1129 τὸ
446 1079 827 1149 παραϐολικῶς
855 1083 1018 1154 ῥηθὲν
1050 1086 1147 1138 καὶ
1186 1085 1663 1155 συνεσκιασμένον,
1699 1085 1794 1138 καὶ

214 1168 423 1233 πολλάς
460 1172 712 1237 ὑπονοίας
738 1175 1045 1247 δεχόμενον,
1070 1178 1160 1230 καὶ
1191 1177 1320 1232 ἄλλο
1345 1177 1406 1230 τὸ
1438 1177 1668 1240 λευκῶς,
1692 1176 1794 1230 καὶ

213 1260 673 1329 ἀσυγκαλύπτως,
694 1266 879 1335 σαφῶς
902 1285 959 1320 τε
977 1269 1070 1322 καὶ
1095 1270 1390 1342 διαρρήδην
1411 1269 1793 1339 δογματισθέν.

214 1352 293 1405 Σὺ
323 1352 381 1407 δὲ
400 1354 497 1425 τὴν
529 1358 796 1429 φωτεινὴν
820 1359 914 1413 τού
943 1360 1264 1416 Ἀποστόλου
1291 1362 1641 1419 διδασκαλίαν
1663 1363 1799 1415 ἀπο-

216 1443 486 1511 στραφεὶς
516 1445 596 1515 τῷ
638 1446 938 1519 βεϐλάφθαι
982 1450 1083 1523 τὴν
1114 1454 1212 1523 τῆς
1243 1453 1418 1523 ψυχῆς
1441 1455 1653 1524 ὅρασιν,
1686 1455 1800 1518 τοῖς

219 1538 524 1599 σκοτεινοῖς
588 1540 878 1611 προσέχεις
930 1544 1265 1614 αἰνίγμασιν.
1319 1545 1428 1598 Καὶ
1485 1544 1644 1599 ποίαν
1694 1548 1803 1616 ἄρα

220 1626 413 1697 σχοίης
440 1629 770 1699 ἀπολογίαν;
816 1634 1149 1708 Ἐϐουλόμην
1183 1637 1282 1706 μὲν
1316 1632 1410 1691 οὖν
1442 1636 1696 1691 ὲτιιλῦσαί
1719 1654 1802 1691 σοι

217 1719 323 1788 τὴν
354 1719 615 1789 πρότασιν
646 1724 746 1794 τῆς
784 1727 1083 1797 παροιμίας
1108 1767 1125 1792 ,
1157 1728 1272 1781 ἀλλ’
1308 1729 1497 1799 ἐπειδὴ
1524 1731 1590 1800 τῇ
1616 1729 1801 1800 ἀλόγῳ

220 1807 495 1883 προλήψει
516 1813 827 1885 κεκάρωσαι
856 1820 952 1888 τῆς
964 1817 1072 1871 τῶν
1104 1819 1527 1890 Ἀρειομανιτῶν
1545 1820 1796 1882 ίοϐολίας,

220 1898 460 1969 ἐπέσχον
516 1902 612 1957 τοῦ
670 1906 919 1978 καλάμου
979 1912 1079 1979 τὴν
1139 1912 1376 1983 κίνησιν,
1429 1912 1589 1984 μόνον
1644 1912 1802 1966 τοῦτο

221 1990 530 2058 παραινῶν,
563 1994 678 2063 εῐγε
716 1997 809 2051 καὶ
848 2000 1099 2070 ἀνάσχοιο
1118 2017 1133 2032 ·
1152 2002 1180 2056 ὅ
1218 2004 1313 2057 νὺν
1339 2003 1489 2074 γοῦν,
1513 2006 1626 2067 τοῖς
1650 2005 1804 2071 εύαγ·

222 2080 505 2148 γελισταίς
535 2087 626 2137 καὶ
664 2086 983 2153 ἀποστόλοις
1013 2091 1212 2161 μᾶλλον
1268 2093 1597 2163 κηρύττουσι
1630 2092 1804 2145 πείθεο

226 2170 379 2235 σθαι,
410 2172 444 2242 ἢ
483 2176 599 2239 τοῖς
636 2177 745 2230 τῶν
768 2178 987 2233 ἰοϐόλων
1018 2181 1331 2253 δρακόντων
1366 2182 1802 2254 χαλαιπωτέροις

242 2261 566 2333 Ἀρειανοῑς.
596 2267 745 2347 Πλὴν
770 2270 1284 2345 πεπληῳφὸρημαι,
1313 2274 1388 2339 ὡς
1417 2274 1569 2329 οὐδὲν
1595 2276 1809 2347 ὠφελή-

232 2371 317 2407 σει
347 2358 373 2409 ό
402 2344 782 2430 διαλεγόμενος
810 2365 891 2428 είς
922 2358 1037 2420 ὦτα
1059 2344 1460 2439 νενεκρωμένα.

368 2625 491 2677 OA'.
522 2654 591 2664 ——
618 2628 1067 2702 ΦΡΟΥΜΕΝΤῙῼ
1104 2631 1694 2707 ΕΚΚΑΗΣΙΕΚΔΙΚῼ.

308 2717 520 2773 Ναυται
553 2719 651 2790 μὲν
678 2723 769 2774 καὶ
807 2724 1131 2796 κυϐερνῆται
1167 2729 1341 2781 πάντα
1374 2730 1809 2795 ποιοῦσιν,ὅπως

235 2809 309 2863 ἂν
334 2809 394 2863 τὸ
439 2812 670 2881 πέλαγος
718 2815 1061 2888 διαδράμοιεν
1080 2862 1094 2881 ,
1127 2821 1222 2874 καὶ
1256 2821 1393 2893 πρὸς
1420 2822 1613 2894 λιμένα
1640 2841 1810 2876 κατα-

236 2901 553 2970 πλεύσαιεν,
584 2907 649 2960 σὺ
692 2907 748 2961 δὲ
793 2909 883 2963 διὰ
926 2912 1126 2977 παντὸς
1171 2914 1452 2983 πελαγίοις
1475 2914 1811 2982 ’φιλονεικείς

238 2992 477 3053 ἁλιεύειν
505 2997 562 3053 ὲν
604 3001 724 3065 ταῖς
750 3002 1067 3075 τρικυμίαις
1104 3005 1213 3060 τῶν
1248 3006 1519 3077 βιωτικῶν
1550 3008 1814 3078 πραγμά-

1890 529 2127 599 fugeres,
2159 540 2209 585 ct
2244 539 2323 593 tu,
2353 527 2634 591 Jordanis,
2654 535 2714 580 ut
2741 534 2891 581 retro
2915 525 3142 579 cederes
3160 524 3244 576 "‘I
3270 521 3325 575 Si
3361 522 3476 575 haec

1888 620 2075 690 itaque
2115 622 2188 675 ita
2236 636 2295 675 se
2336 621 2577 685 habent,
2615 617 2751 689 quid
2805 615 2940 670 mihi
2979 614 3279 685 proponis,
3332 611 3476 683 quod

1891 715 1947 768 in
2000 713 2320 768 Proverbiis
2367 712 2579 768 dictum
2628 719 2715 766 est
2750 729 2764 764 :
2804 728 2823 760 ι
2863 706 3133 762 Dominus
3184 704 3481 759 fabricavit

1890 819 1978 860 me
2010 805 2340 876 principium
2372 804 2589 857 viarum
2620 815 2847 856 suarum
2873 838 2888 863 ,
2923 801 2979 854 in
3012 813 3179 869 upera
3213 811 3314 851 sua
3342 795 3433 849 "1’
3459 814 3478 848 ι

1892 892 2151 951 Salomon
2179 894 2483 950 Parabolas
2504 933 2521 955 ,
2568 891 2981 960 obscurumque
3010 902 3323 945 sermonem
3354 901 3484 941 cou-

1893 987 2253 1043 Structionem
2280 986 2491 1057 proprii
2521 984 2645 1039 libri
2676 980 3114 1053 nuncupavit".
3142 978 3306 1032 Aliud
3337 978 3485 1033 enim

1893 1089 1980 1137 est
2030 1080 2178 1150 quod
2224 1078 2506 1149 parabolis
2542 1074 2894 1147 exprimitur,
2934 1071 3288 1141 tenebrisque
3315 1068 3490 1123 invol-

1899 1177 2045 1232 vitur
2076 1210 2093 1237 ,
2146 1172 2465 1241 multosque
2492 1169 2841 1236 significatus
2871 1165 3118 1221 admittit
3142 1202 3157 1227 ,
3203 1172 3258 1219 et
3299 1162 3487 1224 aliud,

1899 1263 2049 1335 quod
2077 1264 2230 1318 clare
2253 1302 2269 1327 ,
2321 1271 2379 1317 et
2410 1270 2632 1332 aperte,
2666 1260 2942 1331 planeque
2968 1297 2983 1321 ,
3016 1270 3070 1315 et
3101 1256 3224 1313 sine
3258 1255 3373 1309 ullo
3404 1254 3488 1306 iu-

1899 1357 2126 1413 volucro
2156 1356 2500 1411 enuntiatur.
2531 1352 2617 1407 'l‘u
2648 1367 2781 1407 vero
2814 1349 3055 1407 lucidam
3109 1345 3359 1418 Apostoli
3390 1344 3491 1398 do-

1900 1449 2137 1505 ctrinam
2189 1446 2459 1516 abjiciens
2486 1486 2500 1511 ,
2534 1443 2683 1515 quod
2722 1443 2847 1498 visu
2904 1443 3103 1497 animae
3156 1440 3320 1494 lassus
3369 1436 3492 1501 sis,

1901 1541 2159 1596 obscuris
2188 1538 2578 1608 aanigmatibus
2608 1545 2846 1591 mentem
2889 1535 3136 1605 applicas
3165 1550 3180 1587 :
3210 1541 3266 1586 et
3299 1543 3495 1599 quam-

1903 1645 2031 1684 nam
2074 1627 2144 1683 de
2172 1628 2281 1682 hoc
2328 1625 2742 1682 excusationem
2784 1622 3077 1694 proferes?
3125 1620 3254 1674 Erat
3308 1620 3495 1686 itaque

1906 1724 2038 1777 mihi
2075 1723 2130 1777 in
2158 1724 2347 1777 animo
2369 1761 2385 1789 ,
2420 1721 2706 1791 proposito
2739 1736 2803 1774 ex
2834 1716 3156 1771 Proverbiis
3180 1712 3351 1767 dubio
3413 1725 3497 1763 re-

1906 1814 2222 1883 spondere,
2267 1821 2796 1866 verumtamcncum
2848 1818 2906 1862 tu
2958 1807 3189 1874 inepta,
3259 1817 3324 1857 ac
3373 1800 3497 1854 sine

1904 1906 2123 1959 ratione
2179 1903 2558 1975 praeceptione
2613 1902 2955 1957 Arianorum
3020 1898 3259 1956 ictibus,
3325 1890 3496 1947 veluti

1906 2006 2131 2051 veterno
2161 1996 2413 2051 conﬁxus
2438 1997 2516 2050 sis
2545 2034 2562 2061 ,
2608 2001 2815 2048 motum
2857 1991 3056 2046 calami
3104 1986 3383 2059 repressi,
3427 1983 3499 2037 ad

1906 2089 2042 2144 illud
2104 2088 2284 2143 solum
2322 2088 2624 2143 cohortans
2649 2125 2666 2151 ,
2704 2086 2754 2140 si
2786 2084 2841 2139 id
2897 2085 3167 2153 patienter
3208 2078 3499 2135 sustinue-

1908 2182 2030 2249 ris,
2078 2189 2139 2234 ut
2187 2180 2380 2235 saltem
2432 2194 2581 2233 nunc
2613 2176 3081 2242 evangelistarum
3136 2184 3189 2226 et
3228 2168 3505 2240 apostolo-

1909 2290 2030 2328 rum
2071 2274 2519 2344 praadicationem
2547 2270 2808 2325 admittas
2833 2309 2848 2331 ,
2900 2281 3065 2336 quam
3099 2270 3497 2318 venenatorum

1910 2367 2252 2435 serpentium
2307 2362 2755 2433 pestilentiorum
2828 2359 3190 2412 Arianorum.
3243 2352 3498 2409 Attamen

1910 2469 2064 2514 certo
2115 2458 2234 2513 scio
2278 2457 2415 2511 nulli
2467 2454 2716 2508 futurum
2766 2449 3039 2511 utilitati,
3091 2445 3185 2517 qui
3242 2445 3298 2498 in
3343 2455 3503 2495 aures

1910 2557 2234 2607 demortuas
2266 2553 2432 2604 verba
2460 2542 2769 2617 profundit.

1910 2647 2100 2702 LXXI.
2131 2675 2199 2686 -—
2240 2638 2647 2696 FlthlENTlO
2684 2633 3043 2693 ECCLESUE
3082 2626 3497 2685 DEFENSORI.

1984 2739 2171 2792 Nauta}
2198 2735 2417 2806 quidem
2443 2771 2459 2797 ,
2493 2738 2659 2803 atque
2687 2733 3089 2801 gubernatores
3114 2731 3349 2779 conatus
3387 2733 3513 2773 on.-

1912 2848 2013 2887 nes
2043 2845 2175 2886 suos
2226 2828 2512 2891 referunt,
2574 2831 2635 2877 ut
2686 2821 2919 2891 trajectu
2949 2834 3142 2884 mare,
3176 2818 3230 2869 in
3285 2822 3502 2883 portum

1915 2940 2037 2980 sese
2064 2923 2365 2977 deducant.
2389 2919 2469 2974 Tu
2498 2932 2632 2973 vero
2661 2929 2877 2984 semper
2902 2916 2956 2967 in
2982 2913 3093 2965 alto
3120 2908 3258 2964 mari
3290 2920 3505 2961 summa

1914 3016 2272 3073 contentione
2300 3013 2409 3083 32
2444 3008 2737 3082 piscationi
2769 3005 3047 3061 incumbis
3085 3006 3137 3057 iu
3171 3014 3353 3055 rerum
3399 2997 3506 3051 bu-

238 3108 351 3145 των
384 3094 640 3165 συνεχῶς,
674 3098 769 3149 καί
798 3100 855 3151 ὲν
878 3101 1000 3162 ταῖς
1025 3099 1271 3170 ἀγοραῖς,
1303 3100 1529 3163 καὶτοῖς
1555 3100 1807 3169 δικαστη-

1920 3123 2205 3165 manarum
2240 3106 2441 3160 fluctus
2484 3117 2629 3170 saepe
2658 3110 2712 3154 et
2745 3099 2800 3153 in
2848 3097 3001 3158 foro.
3036 3104 3090 3150 et
3125 3096 3179 3148 in
3210 3087 3515 3146 tribunali-

239 3183 381 3253 ρίοις
428 3188 809 3258 στρεφόμενος,
846 3191 1119 3260 προφάσει
1156 3190 1254 3262 μὲν
1306 3192 1408 3263 τῆς
1460 3192 1571 3245 τῶν
1618 3193 1815 3261 ἐκκλη-

242 3276 540 3329 σιαπικῶν
593 3280 932 3349 πραγμάτων
985 3281 1362 3353 προμηθείας,
1393 3286 1459 3354 τῇ
1510 3284 1555 3337 δ’
1588 3283 1818 3354 ἀληθείᾳ

238 3367 405 3438 χάριν
461 3368 775 3436 πλεονεξίας
838 3372 1134 3444 ἀκορέστου
1201 3376 1293 3428 καὶ
1363 3375 1624 3447 συλλογῆς
1704 3378 1817 3431 ἁδί-

241 3477 344 3513 κου
351 3500 365 3515 ο

565 3554 682 3608 08'.
715 3587 783 3596 —
812 3557 1127 3631 ΠΟΜΠΗΙῼ
1176 3562 1495 3631 ΔΙΑΚΟΝῼ.

318 3645 544 3717 Χεϐρὼν
571 3646 803 3719 συζυγὴ
857 3652 1235 3722 ἑρμηνεύεται.
1284 3654 1380 3708 Διά
1421 3656 1475 3708 τί
1516 3656 1574 3709 δὲ
1613 3656 1816 3726 συζυγὴ

243 3740 667 3810 προσηγορεύθη
696 3744 724 3795 ὁ
746 3743 909 3807 τόπος
930 3762 944 3809 ;
972 3744 1092 3798 ’Ότι
1109 3748 1220 3799 ἐκεῖ
1238 3747 1376 3800 κατά
1398 3748 1657 3816 συζυγίαν
1676 3752 1817 3801 κεῖνο

242 3846 339 3883 ται
405 3831 658 3903 ’Δϐραἀμ
711 3835 808 3887 καὶ
864 3836 1090 3907 Σάρῤα,
1157 3838 1337 3891 Ἰσαὰκ
1398 3842 1491 3893 καὶ
1533 3840 1815 3904 Ῥεϐέκκα,

259 3923 456 3978 Ἰακὼϐ
507 3927 601 3978 καὶ
641 3927 764 3983 Δία.
810 3928 1006 3993 Καλῶς
1048 3930 1227 3983 τοίνυν
1270 3934 1299 3983 ὁ
1342 3931 1592 4003 Θεοφιλὴς
1638 3932 1821 3986 Χαλὲϐ

244 4018 420 4089 πολλῇ
458 4019 683 4092 σπουδῇ,
713 4021 807 4075 καὶ
834 4022 998 4092 πόνῳ,
1031 4025 1124 4076 καὶ
1158 4024 1339 4094 ἱδρῶτι
1373 4025 1530 4077 ἔλαϐε
1561 4025 1662 4097 τὴν
1687 4027 1823 4095 μνή-

248 4128 363 4182 μην
412 4112 522 4166 τῶν
571 4113 830 4185 ἀοιδίμων
892 4119 1245 4188 πατριάρχῶν
1273 4159 1287 4183 ,
1316 4120 1436 4189 ἥτις
1492 4120 1824 4191 μητρόπολις

250 4203 466 4275 ὑπῆρχε
497 4204 607 4257 τῶν
642 4206 891 4276 Ἐνακὶμ,
921 4208 1332 4278 καταφονεύσας
1368 4227 1493 4273 τους
1520 4210 1627 4263 τῶν
1658 4211 1822 4282 ὑπερ-

249 4296 475 4365 ηφάνων
507 4297 781 4365 γιγάντων
810 4299 1049 4364 ἀσεσεῖς,
1086 4302 1181 4354 καὶ
1222 4301 1459 4371 φαύλους
1487 4303 1784 4371 ἀπογόνους
1807 4322 1820 4335 ο

251 4389 584 4458 καὶγίνεται
637 4389 840 4460 κλῆρος
887 4391 982 4444 τοῦ
1024 4393 1205 4447 Χαλὲϐ
1240 4397 1389 4448 πᾶσα
1411 4397 1444 4465 ἡ
1473 4395 1568 4465 γῆ,
1592 4397 1650 4449 ἐν
1681 4390 1827 4469 ᾗπερ

251 4479 549 4549 ἐτύγχανον
580 4482 632 4534 oi.
671 4480 832 4549 τάφοι
860 4482 969 4535 τῶν
999 4485 1285 4554 μακαρίων
1304 4487 1549 4540 ἐκείνων.

775 4573 891 4627 Ol".
927 4604 995 4615 --
1028 4574 1109 4641 Τῷ
1136 4574 1317 4641 αὐτῷ.

328 4663 419 4733 Μὴ
458 4663 763 4735 ἀθυμήσῃς·
806 4666 901 4720 καὶ
940 4666 1049 4737 γὰρ
1076 4668 1171 4720 καὶ
1224 4669 1307 4720 σοὶ
1356 4668 1564 4722 δέδοται
1613 4669 1832 4723 πιστεύο

254 4753 511 4825 σαντιτῷ
547 4758 613 4808 ὲκ
653 4758 966 4827 σπέρματος
1013 4759 1263 4830 Ἀϐραὰμ
1292 4763 1672 4833 γεγεννημένῳ
1699 4764 1831 4834 Χριο

256 4846 393 4917 στῷ,
430 4847 629 4917 κλῆρος
683 4849 891 4918 νοητὸς.
923 4851 1055 4912 Θεὸς
1094 4852 1203 4924 γάρ
1240 4870 1333 4905 σου
1382 4854 1602 4922 γέγονεν
1634 4857 1663 4908 ὁ
1703 4855 1836 4920 Θεὸς

252 4938 368 4992 τῶν
395 4940 738 5011 ἀειμνήστων
773 4941 1149 5012 πατριαρχῶν.

777 5036 895 5089 ΟΔ’.
920 5065 990 5076 --
1025 5035 1108 5100 Τῷ
1134 5037 1313 5102 αὐτῷ.

333 5123 401 5177 Τί
451 5125 633 5197 ξενίζῃ
682 5125 901 5195 βλέπων
931 5130 1297 5197 πονηρότατόν
1324 5146 1381 5182 τε
1422 5130 1514 5182 καὶ
1542 5131 1838 5185 ἀνοσιώτα-

258 5232 353 5268 τον
405 5216 1000 5287 ύπερευφημούμενον,
1053 5220 1146 5271 καὶ
1203 5219 1614 5289 ὲνδοξαζόμενον
1665 5238 1842 5293 παρα-

259 5308 463 5377 νόμως,
491 5309 584 5361 καὶ
640 5309 855 5376 μεγάλα
886 5310 1139 5379 ἰσχύοντα
1170 5311 1319 5382 παρά
1347 5315 1454 5376 τοῖς
1483 5313 1840 5366 δυναστεύου-

260 5416 385 5465 σιν;
415 5400 697 5470 Μνήσθητι
734 5401 834 5471 τῆς
872 5403 1097 5474 Γραφῆς
1148 5404 1451 5476 ἐμϐοώσης,
1480 5407 1559 5460 ὅτι
1587 5425 1606 5458 ι
1653 5408 1840 5479 Ἐδόθη

258 5494 292 5545 ό
317 5490 519 5561 ἀσεϐὴς
549 5494 608 5545 ὲν
634 5492 791 5563 ὕψεσι
821 5495 1073 5566 μεγάλοις
1095 5512 1109 5526 ·
1145 5516 1163 5547 ι
1203 5498 1465 5564 τουτέστι,
1491 5503 1839 5572 συνεχωρήθη

261 5585 551 5655 ὑψωθῆναι
581 5590 721 5642 κατὰ
753 5589 844 5641 τον
869 5589 1075 5658 κόσμον
1107 5588 1312 5643 τοῦτον.
1342 5590 1761 5663 Συγκεχώρηται
1785 5593 1842 5645 δὲ

336 5763 383 5793 ”
420 5763 561 5817 Psal.
591 5778 747 5831 cxiu,
774 5767 825 5821 ι.

1921 3204 2023 3258 bus
2056 3213 2350 3269 pererrans
2375 3238 2390 3261 ,
2424 3211 2490 3252 eo
2520 3195 2779 3253 nomine.
2827 3202 2886 3245 ut
2917 3190 3082 3245 rebus
3110 3181 3507 3242 ecclesiasticis

1920 3291 2209 3364 provideas
2231 3330 2247 3355 ,
2278 3306 2338 3344 re
2371 3298 2553 3343 tamen
2582 3286 2738 3357 plura
2784 3282 3014 3338 habendi
3050 3278 3357 3341 nviditntis,
3386 3287 3513 3345 qua)

1921 3399 2208 3453 nunquam
2273 3380 2609 3442 exsatiatur,
2692 3385 2857 3445 atque
2919 3374 3137 3441 injusue
3201 3365 3510 3426 exactjouis

1923 3480 2121 3549 gratia.

2206 3567 2417 3622 LXXII.
2448 3596 2518 3605 —
2547 3557 2850 3617 POMPEIO
2890 3551 3219 3610 DlACONO.

1994 3663 2252 3717 Chebron
2326 3668 2480 3714 nutat
2562 3655 3012 3723 coniunctionem
3067 3648 3133 3700 ³³⁸.
3205 3648 3509 3710 Quamnam

1922 3770 2053 3808 vero
2105 3754 2176 3807 ob
2242 3765 2468 3806 causam
2530 3748 2686 3802 locus
2745 3744 2836 3797 ille
2900 3753 3102 3794 nomen
3160 3735 3212 3788 id
3278 3732 3513 3786 habuit?

1922 3844 2069 3916 quod
2105 3845 2179 3898 ibi
2215 3839 2703 3911 conjugatijacent
2725 3832 3000 3887 Abraham
3036 3839 3091 3883 et
3113 3830 3279 3881 Sarra
3303 3863 3317 3886 ,
3360 3824 3517 3876 Isaac

1922 3914 1977 3991 et
2006 3934 2253 3989 Rebecca
2277 3971 2292 3993 .
2327 3929 2498 3983 Jacob
2535 3935 2591 3981 et
2618 3924 2735 3978 Lia.
2764 3921 2943 3976 Probe
2974 3918 3137 3988 igitur
3168 3914 3279 3967 Deo
3311 3918 3507 3981 gratus

1924 4026 2130 4082 Chaleb
2172 4024 2347 4077 multo
2381 4020 2602 4081 studio,
2665 4026 2720 4071 et
2774 4016 3000 4076 labore,
3051 4022 3269 4063 necnon
3311 4002 3516 4057 sudore

1926 4115 2242 4173 memoriam
2272 4112 2760 4167 celeberrimorum
2802 4102 3245 4175 patriarcharum
3270 4093 3525 4163 excepit,»

1927 4223 2047 4278 quae
2085 4214 2204 4260 erat
2243 4194 2567 4274 meterolis
2593 4198 2819 4253 Enacint
2845 4236 2861 4260 ,
2918 4190 3295 4259 arrogantium
3326 4186 3519 4256 gigan-

1927 4310 2042 4354 tum
2074 4298 2278 4367 impiis,
2312 4311 2373 4348 ac
2411 4306 2645 4362 nequam
2677 4285 3096 4345 successoribus
3126 4276 3470 4333 obtruncatis
3497 4292 3534 4329 :.

1929 4404 1983 4449 et
2016 4395 2071 4447 fit
2096 4406 2220 4447 sors
2250 4388 2458 4444 Cltaleb
2483 4426 2498 4447 .
2530 4386 2786 4440 universa
2817 4382 2909 4434 illa
2936 4388 3118 4441 terra,
3152 4376 3206 4428 in
3240 4387 3349 4443 qua
3384 4370 3518 4426 beav

1933 4497 2115 4541 torum
2149 4484 2364 4537 illorum
2401 4480 2653 4548 sepulcra
2679 4475 2995 4531 exstabant.

2438 4568 2673 4626 LXXIII.
2701 4597 2771 4607 —-
2799 4564 3007 4618 Eidem.

2000 4669 2078 4725 Ne
2108 4666 2458 4737 despondeas
2490 4665 2734 4717 animum
2756 4700 2773 4724 ,
2805 4657 2911 4730 tibi
2934 4652 3160 4714 etenim,
3181 4650 3274 4720 qui
3297 4647 3531 4704 Christo:

1931 4780 2000 4816 ex
2037 4762 2249 4819 semine
2294 4757 2528 4812 Abrahae
2567 4763 2692 4808 orto
2736 4747 3055 4808 credidisti,
3108 4745 3235 4798 data
3268 4750 3354 4796 est
3388 4754 3523 4797 sors

1935 4855 2349 4913 intellectualis.
2378 4852 2523 4904 Deus
2545 4848 2694 4903 enim
2724 4843 2827 4898 tibi
2857 4841 3039 4896 factus
3061 4846 3146 4892 est
3181 4835 3326 4890 Deus
3357 4848 3517 4889 setu-.

1936 4961 2033 5016 per
2059 4940 2676 4999 commemorandorum
2710 4929 3176 5005 patriarcharum.

2400 5061 2405 5070 ι
2444 5025 2681 5082 LXXIV.
2706 5055 2778 5064 —
2805 5022 3016 5079 Eidem.

2009 5123 2151 5190 Quid
2183 5131 2406 5192 stupes,
2439 5132 2494 5175 et
2517 5128 2782 5189 tanquam
2803 5114 2869 5170 de
2901 5128 2962 5168 re
2981 5125 3123 5167 nova
3145 5117 3200 5165 et
3228 5106 3533 5179 peregrina»

1940 5218 2236 5274 admiraris
2275 5214 2686 5284 iniquissimum
2730 5209 2925 5264 videns
2963 5213 3129 5275 atque
3169 5199 3519 5282 improbissi—

1942 5329 2091 5367 mum
2128 5309 2386 5365 laudibus
2415 5304 2629 5361 nefarie
2658 5303 2957 5357 exaltatum
2981 5336 3001 5363 ,
3062 5303 3119 5350 et
3150 5293 3326 5365 gloria
3382 5277 3517 5361 pra:-

1954 5406 2207 5467 divitem,
2229 5408 2284 5455 et
2310 5399 2455 5471 apud
2492 5399 2830 5468 imperantes
2870 5391 3086 5447 infinito
3127 5387 3342 5443 caeteris
3386 5401 3519 5456 pne-

1944 5496 2207 5553 stantem?
2232 5492 2548 5548 Recordare
2570 5490 2874 5559 Scriptura:
2899 5483 3253 5541 inclamantis
3278 5500 3291 5536 :
3322 5500 3340 5530 ι
3356 5482 3527 5533 Datus

1945 5589 2051 5661 33
2078 5596 2164 5643 est
2204 5586 2409 5657 impius
2445 5584 2502 5638 in
2537 5581 2926 5637 altitudinibus
2963 5577 3179 5646 magnis
3217 5574 3285 5640 "’,
3333 5590 3352 5625 ι
3398 5587 3495 5640 per

932 5766 978 5797 "
1010 5767 1143 5825 ibid.
1196 5765 1247 5821 5.
1324 5767 1367 5799 ‘“
1396 5765 1556 5823 Prov.
1582 5783 1701 5833 vm,
1730 5769 1812 5824 23.

1922 5770 1943 5801 ⁵
1982 5767 2145 5823 Prov.
2188 5782 2225 5832 t,
2257 5765 2309 5820 Ι.
2388 5764 2434 5797 ⁷⁸
2487 5760 2654 5818 Iosue
2712 5776 2824 5825 xiv,
2857 5760 2944 5814 14.
3020 5758 3062 5788 ’⁷
3098 5754 3279 5809 Eccle.
3316 5752 3458 5817 3,6.
