3882 6036
395 326 498 398 115
605 341 608 345 ’

1859 344 1918 407 S.
1959 343 2122 409 NILI

3536 354 3652 426 116

388 446 619 498 missum
654 443 872 499 scilicet
907 442 985 498 illi
1017 453 1102 501 est
1124 485 1139 510 ,
1174 457 1230 502 ut
1261 448 1562 503 secundum
1611 451 1757 507 hunc
1791 467 1957 507 mun-

2067 459 2162 512 ούκ
2209 459 2471 533 ἀκρίτως,
2508 463 2625 518 ἀλλ’
2673 466 2762 520 ἵνα
2792 465 2912 520 λίαν
2966 467 3256 539 μετάρσιος
3306 469 3652 540 ἐκφανθεὶς,

386 537 514 589 dum
565 533 862 589 exaltetur.
899 536 1084 606 Neque
1138 537 1252 593 haec
1310 539 1545 597 facultas
1579 543 1699 599 sine
1746 544 1960 612 judicio

383 629 510 680 data
547 637 664 692 est,
701 629 797 683 sed
840 637 899 681 ut
928 631 1016 686 ille
1049 632 1103 686 in
1145 633 1385 687 sublime
1431 643 1690 702 evectus,
1724 637 1963 707 indeque

385 736 627 789 praeceps
653 730 810 774 aetus
835 763 851 784 ,
885 723 1006 776 sine
1036 724 1144 776 ullo
1171 725 1413 779 remedio
1437 729 1712 783 excidium
1743 731 1957 788 subeat.

591 811 799 866 LXXV.
829 843 898 856 —-
926 814 1384 870 APOLLODOBO
1424 818 1755 877 RIIETORI.

458 905 796 959 Assrverasti
825 945 840 970 ,
877 917 1164 976 propterea
1201 908 1401 978 saepius
1420 909 1784 966 barbarorum
1815 914 1955 967 mul-

379 996 668 1050 titudinem
729 1000 780 1050 in
853 997 1229 1054 Romanorum
1290 1003 1544 1074 regiones
1619 1007 1957 1076 irrumpere,

375 1089 522 1157 quol
558 1105 668 1142 non
716 1103 911 1144 omnes
945 1091 1115 1144 velint
1139 1129 1155 1152 ,
1188 1108 1366 1162 neque
1394 1104 1690 1163 procurent
1731 1097 1957 1152 numina

377 1183 624 1250 gentium
675 1183 965 1238 sacriﬁciis
1001 1183 1106 1238 sibi
1137 1186 1458 1240 conciliare.
1498 1187 1577 1241 Tu
1609 1199 1787 1245 tamen
1821 1189 1958 1245 illud

377 1275 582 1327 habeto
607 1276 956 1342 expressius,
993 1286 1047 1331 et
1091 1278 1212 1332 sine
1248 1278 1362 1332 ullo
1427 1290 1776 1351 legumento,
1814 1284 1958 1337 irru-

381 1368 601 1436 ptiones
631 1367 993 1423 barbarorum
1012 1411 1027 1436 ,
1061 1380 1218 1424 terra:
1247 1380 1461 1439 motus,
1493 1374 1770 1439 incendia,
1799 1375 1986 1431 caste?

375 1475 547 1527 raque
587 1461 767 1514 tristia
799 1463 871 1515 ob
916 1463 1122 1516 trullam
1172 1463 1335 1518 aliam
1374 1480 1633 1532 causam,
1668 1482 1832 1536 quam
1884 1467 1956 1522 ob

375 1554 643 1606 malitiam
668 1594 682 1617 ,
715 1566 768 1609 et
814 1567 1093 1625 stuporem
1135 1572 1325 1610 eorum
1353 1597 1368 1620 ,
1403 1560 1495 1626 qui
1529 1568 1584 1611 ut
1619 1567 1677 1612 tu
1699 1597 1716 1622 ,
1746 1559 1954 1613 daemo-

376 1647 542 1699 nibus
582 1646 755 1701 nimio
786 1649 960 1702 multo
1001 1648 1348 1713 addicuntur,
1381 1659 1438 1704 et
1474 1651 1741 1704 malorum
1773 1650 1955 1704 homi-

373 1752 505 1789 num
559 1736 900 1806 impietatem
930 1775 945 1798 ,
993 1740 1088 1807 qui
1135 1753 1242 1791 non
1297 1747 1516 1793 cessant
1563 1741 1632 1795 ab
1681 1740 1950 1794 idolorqu

374 1828 528 1880 cultu
554 1868 567 1890 ,
604 1829 698 1882 sed
725 1829 975 1896 quotidie
1006 1829 1339 1897 perniciosis
1364 1830 1708 1886 damonibus
1739 1833 1792 1886 in
1821 1833 1952 1888 sub-
1985 1815 2026 1869 Β

376 1919 554 1972 urhiis
580 1919 927 1982 sacriﬁcant,
960 1929 1014 1974 et
1041 1930 1161 1986 post
1193 1921 1488 1975 salutarent
1525 1922 1726 1978 Christi
1753 1924 1954 1978 adven-

373 2018 530 2073 tum,
585 2018 639 2063 et
675 2010 1094 2066 illustrationem
1146 2014 1202 2065 in
1252 2012 1498 2067 tenebris
1529 2014 1850 2079 ambulant,
1901 2024 1957 2068 et

372 2114 564 2154 muros
622 2099 678 2153 in
729 2101 999 2162 meridie,
1049 2117 1204 2171 aeque
1250 2117 1314 2157 ac
1343 2103 1513 2168 caeci,
1565 2094 1952 2170 contractam,

371 2191 620 2246 evenire.
686 2191 793 2247 Sed
829 2195 1038 2247 utinam
1094 2194 1310 2248 tandem
1357 2195 1658 2265 aliquando
1690 2212 1954 2267 saperes,

371 2293 426 2338 et
463 2299 796 2354 agnosceres
826 2285 1078 2339 divinum
1120 2285 1338 2357 Moysen
1381 2289 1448 2342 ⁷⁸.
1492 2290 1585 2357 qui
1632 2299 1755 2357 post
1805 2307 1959 2344 men-

372 2382 532 2427 strua
569 2384 814 2445 tempora
856 2391 1054 2430 rursus
1089 2378 1294 2429 iluxun":
1332 2379 1622 2447 sanguinis
1657 2381 1954 2449 patientem

373 2466 616 2519 animam
670 2472 926 2538 relegat:
973 2483 1212 2538 namque
1247 2485 1372 2521 cum
1422 2480 1549 2524 ante
1601 2487 1808 2540 paucos
1841 2474 1959 2528 dies

371 2556 584 2612 Christi
641 2559 1040 2626 przedicatione
1089 2559 1378 2613 ernuudari
1443 2562 1598 2616 visus
1654 2564 1767 2625 sis,
1808 2580 1958 2618 nunc

374 2661 570 2700 rursus
619 2655 828 2700 mutata
863 2649 1140 2703 sententia
1169 2688 1183 2712 ,
1237 2651 1598 2707 exsecrandis
1647 2662 1957 2708 statuarum

373 2739 670 2792 sacriﬁciis
705 2743 1045 2796 cruentaris.

551 2831 786 2886 LXXVI.
827 2863 898 2872 —-
925 2833 1226 2890 RUFFINO
1269 2835 1774 2893 SCIIOLASTICO.

445 2925 680 2988 Quando
731 2941 855 2980 eum
909 2927 1122 2996 legibus
1185 2929 1463 2997 publicis,
1516 2932 1684 2983 etiam
1743 2944 1959 2985 sacram

375 3025 684 3086 pet-tractas
711 3018 820 3090 34
849 3019 1222 3089 Scriptorum,
1263 3023 1408 3090 quod
1436 3023 1768 3076 eruditionis
1796 3024 1961 3077 variae

2069 553 2324 607 κάκεῖθεν
2352 557 2676 610 καταπεσὼν
2723 558 2939 612 ἀνίατον
2971 560 3259 631 συντριϐὴν
3279 561 3564 634 ὑπομείνῃ.

2355 820 2470 874 OE'.
2502 849 2569 858 -
2604 819 3054 891 ΑΠΟΛΛΟΔΩΡῼ
3081 820 3353 874 PHTOPI.

2138 913 2377 983 Εἷρηκας
2441 911 2527 964 διὰ
2579 910 2736 996 τοῦτο
2788 911 3046 976 πολλάκις
3098 910 3279 983 πλήθη
3340 912 3643 985 βαρϐάρων

2065 1003 2356 1076 ἐμϐάλλειν
2388 1005 2454 1074 τῆ
2497 1001 2794 1072 Ῥωμανία,
2825 1001 2958 1056 διότι
2986 1003 3060 1074 μὴ
3101 1001 3380 1073 βούλονται
3408 1004 3640 1069 πάντες,

2067 1097 2206 1167 μήτε
2272 1094 2380 1166 μὴν
2426 1090 2829 1162 προθυμοῦνται
2863 1090 3206 1162 θεραπεύειν
3249 1091 3459 1155 θυσίαις
3506 1093 3642 1157 τοὺς

2065 1191 2221 1253 θεοὺς
2253 1189 2362 1241 τῶν
2403 1185 2689 1256 Ἑλλήνων.
2742 1185 2916 1238 Γνῶθι
2947 1184 3126 1239 τοίνυν
3167 1185 3507 1257 τρανότερον,
3537 1187 3643 1240 καὶ

2063 1283 2189 1336 ἄνευ
2205 1281 2350 1344 τινὸς
2381 1277 2718 1350 καλύπτρας,
2747 1277 2829 1330 ὅτι
2856 1277 2950 1331 καὶ
2995 1276 3288 1350 βαρϐάρων
3319 1277 3636 1348 ἐπιδρομαὶ,

2063 1375 2157 1429 καὶ
2210 1372 2444 1442 σεισμοὶ,
2477 1371 2572 1425 καὶ
2622 1367 2962 1440 ὲμπρησμοὶ,
3013 1369 3107 1423 καὶ
3158 1368 3224 1422 τὰ
3271 1367 3405 1422 ἄλλα
3453 1369 3638 1422 πάντα

2060 1463 2279 1534 ἀνιαρὰ,
2312 1463 2380 1516 δι’
2407 1462 2560 1516 οὐδὲν
2588 1461 2716 1516 ἄλλο
2761 1461 3046 1533 γίνεται,ἢ
3085 1459 3175 1514 διὰ
3213 1464 3312 1532 τὴν
3368 1460 3642 1532 πονηρίαν

2061 1559 2156 1612 καὶ
2177 1557 2494 1628 ἠλιθιότητα
2522 1555 2630 1609 τῶν
2661 1554 2804 1611 κατὰ
2829 1555 2887 1609 σὲ
2916 1541 3327 1623 δεισιδαιμόνων
3361 1553 3456 1607 καὶ
3509 1553 3641 1606 δυσ-

2062 1648 2234 1701 σεϐῶν
2254 1646 2574 1720 ἀνθρώπων,
2606 1647 2680 1718 μὴ
2728 1646 3049 1715 παυομένων
3077 1644 3179 1715 τῆς
3197 1643 3636 1717 εἰδωλολατρίας,

2060 1739 2196 1794 ἀλλὰ
2224 1737 2458 1792 θυόντων
2484 1735 2625 1790 κατὰ
2661 1735 2730 1789 τὰ
2762 1736 3058 1806 προάστεια
3085 1738 3195 1797 τοῖς
3231 1735 3493 1805 ὀλεθρίοις
3526 1731 3639 1786 δαί-

2059 1849 2185 1905 μοσι
2205 1831 2545 1900 καθεκάστην
2563 1829 2798 1900 ἡμέραν,
2827 1828 2920 1880 καὶ
2957 1827 3093 1898 μετὰ
3123 1827 3220 1897 τὴν
3264 1825 3358 1878 τοῦ
3395 1823 3638 1896 Χριστοῦ

2059 1927 2326 1998 σωτήριον
2368 1923 2660 1994 ἐπιδημίαν
2709 1923 2804 1975 καὶ
2869 1919 3138 1990 ἔκλαμψιν
3187 1917 3640 1989 περιπατούντων

2057 2021 2121 2073 ὲκ
2155 2019 2357 2079 σκότει,
2376 2017 2472 2070 καὶ
2511 2013 2903 2086 ψηλαφούντων
2931 2014 3056 2076 τοὺς
3087 2011 3297 2082 τοίχους
3331 2012 3389 2063 ὲν
3418 2026 3640 2080 μεσημ-

2056 2112 2188 2184 ϐρία
2239 2109 2427 2180 ὥσπερ
2459 2105 2696 2177 τυφλῶν.
2741 2104 2881 2158 Ἀλλ’
2922 2105 3034 2158 εἴθε
3072 2103 3274 2173 γνῶναί
3323 2119 3459 2155 ποτε
3497 2101 3638 2170 γοῦν

2058 2203 2283 2274 ὕστερον
2315 2198 2601 2271 δυνηθείης
2633 2197 2724 2250 τὸν
2765 2196 2909 2250 θεῖον
2943 2196 3181 2251 Μωῦσέα
3213 2192 3638 2258 ὲκπομπεύοντα

2057 2296 2154 2367 τὴν
2185 2293 2324 2365 μετὰ
2361 2293 2459 2363 τὴν
2502 2290 2730 2362 ἄφεδρον
2771 2289 2934 2342 πάλιν
2977 2287 3380 2359 αἱμορῤοοῦσαν
3413 2284 3633 2354 ψυχήνο

2059 2387 2250 2460 πρώην
2283 2385 2391 2458 γὰρ
2433 2384 2588 2449 δόξας
2619 2383 2754 2454 πρὸς
2786 2382 2970 2450 ὀλίγας
3015 2381 3231 2452 ἡμέρας
3264 2379 3343 2446 τῷ
3394 2376 3635 2450 Χριστοῦ

2059 2477 2375 2552 κηρύγματι
2404 2475 2738 2546 καθαρθῆναι
2773 2473 2874 2543 τῆς
2907 2471 3317 2542 εἱδωλομανίας,
3340 2468 3435 2522 νῦν
3469 2468 3636 2522 πάλιν

2061 2570 2378 2646 μεταϐαλὼν
2407 2569 2591 2632 κακῶς
2622 2567 2864 2639 φοινίττη
2892 2568 3009 2630 ταῖς
3053 2564 3332 2635 βδελυραῖς
3365 2562 3474 2615 τῶν
3505 2559 3636 2629 ξοά-

2059 2685 2164 2722 νων
2191 2665 2423 2728 θυσίαις.

2311 2842 2441 2910 Ος’.
2485 2870 2552 2880 -—-
2584 2835 2882 2905 ΡΟΥΦΙΝῼ
2930 2829 3378 2898 ΣΧΟΛΑΣΤΙΚῼ.

2143 2934 2359 3004 Ἐπειδὴ
2411 2934 2506 2985 σὺν
2535 2932 2648 2999 τοῖς
2695 2928 2881 2995 νόμοις
2915 2925 3028 2985 τοῖς
3068 2920 3352 2990 δημοσίοις
3396 2916 3488 2970 καὶ
3534 2932 3638 2983 την

2061 3031 2210 3084 θείαν
2267 3021 2617 3096 μεταχειρίζῃ
2690 3017 2936 3090 Γραφὴν,
2970 3015 3107 3084 ὅπερ
3152 3007 3246 3064 οὖν
3289 3005 3640 3078 πολυμαθίας

377 3105 644 3161 iud’cium
687 3118 808 3171 est,
847 3120 901 3162 et
942 3113 1189 3165 omnium
1234 3114 1500 3166 virtutum
1535 3129 1824 3183 possessor
1861 3130 1957 3167 cx-

2067 3109 2299 3189 ύπάρχει
2329 3115 2649 3185 τεκμήριον,
2687 3110 2783 3163 καὶ
2811 3105 3032 3177 κτήτωρ
3082 3103 3340 3164 παντοίας
3369 3099 3635 3167 καθέστη-

381 3199 580 3254 szstis:
633 3205 778 3270 quod
847 3205 1182 3272 postulasti,
1239 3206 1562 3275 perdiscito.
1605 3205 1915 3260 Brachialia
1942 3248 1958 3270 ,

374 3306 500 3360 qua
531 3289 795 3348 Rebeccae
823 3296 1123 3350 Abrahami
1161 3299 1306 3352 ﬁlius
1332 3299 1533 3352 obtulit
1562 3298 1627 3363 ⁷³,
1665 3299 1962 3353 continen-

379 3387 490 3449 tite,
520 3383 899 3451 fortitudinis,
935 3389 1242 3457 prudentiae
1278 3406 1342 3443 ac
1389 3391 1623 3459 justitia:
1649 3391 1959 3460 symbolum

375 3477 550 3530 fuere.

1044 3568 1300 3622 LXXVII.

463 3659 552 3713 Vw
579 3699 593 3722 ,
629 3660 969 3728 deplorantis
1003 3676 1103 3714 \‘ox
1139 3673 1223 3715 est
1248 3703 1264 3724 .
1315 3666 1601 3718 innumera
1642 3664 1850 3726 tristia,
1906 3672 1961 3717 et

383 3751 639 3805 niun'oris
669 3753 828 3822 plena
861 3753 1184 3821 designans.
1218 3754 1513 3824 Propterea
1554 3757 1743 3825 itaque
1784 3754 1961 3810 Domi-

383 3861 492 3900 nus
546 3861 645 3916 per
700 3843 897 3899 Isaiam
949 3845 1090 3898 dixit
1133 3862 1147 3898 :
1190 3865 1209 3899 ι
1256 3846 1348 3901 Vae
1387 3849 1498 3904 illis
1547 3849 1640 3918 qui
1677 3849 1962 3902 attrahunt

381 3945 606 4009 peccata
657 3951 791 3999 sua,
825 3940 899 3992 uti
944 3942 1072 3996 fune
1102 3937 1258 4010 longe
1285 3936 1370 4002 '°,
1412 3961 1431 3994 ι
1471 3938 1563 4008 qui
1609 3949 1731 4008 post
1773 3941 1960 4010 priora

383 4031 586 4085 delicta
643 4029 1071 4082 subsecutorum
1120 4027 1406 4084 additione
1453 4033 1719 4086 continuo
1765 4041 1957 4086 exten-

379 4125 550 4178 ditur.
1938 4113 1941 4117 ’

863 4217 946 4270 Lx
961 4214 1143 4269 xvm.
1168 4243 1236 4253 -
1262 4213 1484 4288 Eidem,

452 4311 664 4376 Quietis
695 4311 828 4379 quid
884 4313 1163 4371 iimuunt,
1219 4307 1606 4375 pincernarum
1656 4305 1956 4363 Pharaonis

379 4405 729 4474 princeps“,
769 4404 862 4472 qui
917 4412 1135 4457 eastern
1188 4398 1491 4468 .Ioseplium
1542 4399 1841 4469 diligebat,
1902 4409 1956 4453 et

2066 3228 2167 3275 κας
2187 3209 2420 3280 ἀρετῆς,
2460 3205 2694 3278 μάνθανε
2741 3199 2837 3255 καὶ
2883 3199 3019 3266 ὅπερ
3051 3194 3360 3266 ἡρώπισας.
3409 3191 3489 3244 Τὰ
3520 3189 3637 3260 γὰρ

2061 3306 2126 3376 δὴ
2159 3291 2388 3374 ψέλλια,
2422 3298 2564 3369 ἅπερ
2628 3297 2990 3368 προσενήνοχε
3052 3293 3118 3362 τῇ
3181 3281 3448 3356 Ῥεϐέκκα
3477 3285 3505 3336 ὁ
3532 3283 3632 3336 τοῦ

2077 3394 2328 3467 ’Δόραὰμ
2374 3393 2524 3456 παῖς,
2569 3386 2924 3458 σωφροσύνης
2961 3384 3055 3438 καὶ
3102 3381 3384 3452 ἀνδρείας,
3432 3376 3635 3447 φρονή-

2064 3490 2201 3553 σεώς
2223 3506 2280 3540 τε
2321 3485 2414 3540 καὶ
2441 3484 2539 3553 τῆς
2576 3479 2920 3547 δικαιοσύνης
2945 3477 3236 3546 ἐτύγχανον
3261 3469 3519 3542 σύμϐολα.

2795 3572 2909 3625 OZ'.

2133 3675 2208 3726 Τὸ
2244 3669 2380 3725 οὐαὶ
2430 3665 2705 3738 θρηνῶδες
2756 3661 2989 3733 ὑπάρχει
3048 3654 3360 3725 ἐπίφθεγμα
3389 3691 3403 3714 ,
3458 3651 3631 3722 μυρία

2063 3759 2586 3835 προμαρτυρόμενον
2635 3752 2934 3825 σκυθρωπὰ
2982 3751 3077 3803 καλ⁸
3113 3742 3448 3817 ἁνιαρά.Διὰ
3470 3741 3632 3835 soften

2059 3831 2308 3910 trs-{vitro
2345 3850 2548 3921 Κύριος
2600 3847 2789 3912 εἴρηκε
2843 3843 2932 3896 διὰ
2985 3840 3077 3894 τοῦ
3153 3837 3404 3892 Ἡσαΐου·
3436 3851 3456 3884 ι
3493 3831 3636 3885 υὺαὶ

2058 3951 2110 4002 οἱ
2139 3942 2511 4014 ἐπισπώμενοι
2537 3940 2634 4003 τὰς
2665 3936 2941 4010 ἁμαρτίας
2969 3932 3149 3987 αὐτῶν
3167 3971 3183 3996 ,
3227 3948 3246 3982 ι
3265 3928 3458 3995 ῶσπερ
3484 3940 3632 3994 σχοι-

2060 4042 2157 4111 νίῳ
2201 4035 2416 4110 μακρῷ,
2450 4037 2514 4087 ὲκ
2553 4030 2647 4086 τοῦ
2689 4027 3036 4102 προστιθέναι
3064 4025 3190 4086 ταῖς
3226 4016 3631 4089 προλαϐούσαις

2060 4131 2353 4204 ἁμαρτίαις
2390 4127 2487 4190 τὰς
2521 4120 2982 4195 μεταγενεστέρας
3016 4114 3374 4188 μηκυνομένῳ
3400 4111 3509 4165 ἀεί.

2573 4218 2698 4270 OH'.
2725 4244 2795 4254 —
2838 4210 2920 4277 Τῷ
2956 4207 3134 4274 αὐτῷ.

2128 4315 2378 4385 Πυνθάνῃ
2417 4313 2470 4364 τί
2519 4309 2586 4363 ἂν
2639 4305 2952 4376 σημαίνοιεν
2983 4301 3011 4355 ὅ
3035 4317 3094 4353 τε
3136 4291 3626 4385 ἀρχιοινοχόοςτοῦ

2058 4404 2258 4479 Φαραὼ
2276 4384 2372 4457 τού
2401 4399 2752 4471 ὴγαπηκότος
2794 4395 2888 4449 τδν
2926 4392 3178 4462 σώφρονα
3212 4386 3409 4458 Ἰωσὴφ
3428 4384 3568 4451 ,καὶ
3596 4385 3629 4436 ὁ

382 4496 643 4566 princeps
699 4493 993 4564 pistorum?
1021 4492 1139 4560 Ipse
1186 4493 1370 4559 itaque
1407 4491 1666 4546 existimo
1697 4507 1789 4561 per
1836 4493 1954 4561 piti-

2067 4493 2479 4567 ᾰρχισιτοποιός.
2516 4488 2782 4558 Ἥγοῦμαι
2830 4484 3010 4538 τοίνυν
3063 4481 3150 4535 διὰ
3208 4479 3304 4533 τοῦ
3345 4479 3628 4550 ἀρχιοινο-

379 4603 669 4644 eeruarum
701 4587 1006 4656 principem
1031 4585 1473 4639 Christianorum
1491 4586 1750 4653 populum
1772 4583 1958 4637 vinum

381 4681 507 4737 Iidei
551 4679 665 4736 Deo
696 4679 1013 4734 offerentem
1049 4677 1323 4739 indicari;
1375 4691 1471 4746 per
1522 4676 1788 4745 pistorum
1831 4688 1962 4728 vero

383 4774 688 4844 principem
724 4770 905 4825 notari
935 4770 1149 4824 turbam
1183 4767 1586 4838 parricidarum
1615 4807 1630 4830 ,
1677 4773 1733 4821 et
1765 4766 1961 4820 inlide-

384 4866 518 4919 lium
573 4863 973 4925 Hebraeorum,
1022 4860 1113 4914 cui
1160 4871 1384 4929 propter
1435 4859 1711 4928 ingentem
1769 4858 1957 4913 cordis

381 4956 677 5018 duritiam,
709 4963 765 5010 et
791 4952 1169 5022 stupiditatem
1199 4959 1367 5019 caput
1389 4950 1632 5003 ablatum
1653 4955 1758 5002 est.
1783 4947 1959 5016 Caput

382 5047 530 5103 enim
555 5045 819 5101 Ecclesia
853 5043 1111 5099 Christus
1138 5050 1225 5095 est
1246 5041 1316 5103 ⁸³,
1344 5039 1644 5093 inlidelium
1688 5051 1818 5091 vero
1850 5052 1958 5091 non

383 5151 490 5194 est.
525 5137 630 5204 Qui
683 5139 871 5208 itaque
920 5136 1122 5190 divinae
1167 5132 1546 5203 praedicationi
1582 5146 1692 5184 non
1741 5128 1958 5193 credit,

383 5231 536 5283 illius
587 5236 755 5298 caput
799 5225 1137 5297 pratciditur,
1175 5225 1295 5293 ipse
1335 5237 1464 5276 vero
1513 5221 1636 5290 palo
1666 5221 1960 5291 sulligitur.

386 5323 493 5376 Sed
529 5321 714 5377 ﬁdeles
735 5320 1070 5390 cogitatione
1118 5328 1173 5370 et
1193 5314 1510 5383 cognitione
1530 5313 1779 5368 volatiles
1803 5315 1953 5378 facti,

385 5415 453 5470 ad
495 5415 877 5470 iunnaculatos
935 5411 1319 5478 salutaresque
1383 5406 1570 5460 discos
1607 5406 1866 5470 avolant,
1902 5414 1956 5461 et

385 5525 583 5577 panem
615 5507 913 5564 comedunt
939 5544 956 5568 ,
993 5501 1090 5572 qui
1121 5500 1190 5555 de
1218 5501 1362 5554 cmlo
1395 5499 1699 5563 descendit,
1729 5507 1784 5554 et
1814 5514 1958 5555 sem—

387 5604 652 5672 piternam
691 5604 858 5654 vitam
891 5598 1053 5654 nobis
1088 5595 1376 5665 elargitur.

460 5800 505 5831 "
539 5800 708 5854 Levit.
749 5801 949 5858 “.25.

1027 5797 1068 5832 ’θ
1093 5797 1230 5854 Gen.
1261 5814 1406 5861 xxw,
1443 5797 1534 5854 22.
1608 5800 1654 5832 ⁸⁸
1689 5801 1792 5858 Isa.
1829 5819 1862 5858 ν
1915 5804 2002 5860 18.
2076 5800 2122 5834 ⁸³
2145 5797 2406 5862 ϐειιιχι,
2443 5796 2466 5850 ι
2503 5810 2656 5866 seqq,

2060 4589 2186 4659 χόου
2226 4584 2513 4656 δηλοῦσθαι
2561 4581 2667 4634 τῶν
2693 4576 3030 4648 Χριστιανῶν
3071 4574 3217 4638 λαὸν,
3249 4570 3626 4643 προσφέροντα

2057 4679 2136 4750 τῷ
2157 4676 2278 4748 Θεῷ
2311 4674 2403 4729 τὸν
2430 4669 2569 4727 οἶνον
2597 4672 2694 4742 τῆς
2721 4669 2954 4732 πίστεως
2977 4681 2991 4696 ·
3030 4666 3118 4719 διὰ
3150 4664 3204 4717 δὲ
3230 4662 3326 4716 τού
3353 4663 3628 4732 ἀρχισιτοο

2062 4767 2218 4822 ποιοῦ
2269 4763 2566 4838 μηνύεσθαι
2599 4762 2691 4815 τὸν
2748 4759 2917 4830 δῆμον
2948 4755 3055 4810 τῶν
3103 4754 3480 4825 Κυριοκτόνων
3533 4751 3629 4804 καὶ

2057 4860 2302 4916 ἀπίστων
2336 4855 2622 4928 Ἑϐραίων,
2663 4847 2867 4914 οὗτινος
2893 4849 2982 4902 διὰ
3010 4847 3124 4919 ,τὴν
3168 4846 3365 4916 πολλὴν
3397 4844 3628 4915 σκληρο-

2058 4951 2284 5023 καρδίαν
2314 4950 2408 5002 καὶ
2462 4947 2561 5018 τὴν
2589 4944 2842 5013 ἀνοητίαν
2888 4939 3139 5013 ἀφῃρέθη
3179 4941 3212 5010 ὴ
3247 4937 3479 5008 κεφαλή.
3509 4935 3624 5006 Τῆς

2062 5044 2162 5114 μὲν
2193 5042 2303 5113 γὰρ
2343 5037 2668 5107 Ἐκκλησίας
2712 5034 2923 5105 κεφαλὴ
2945 5035 2974 5087 6
3005 5031 3239 5104 Χριστὸς
3272 5028 3622 5102 χρηματίζει,

2057 5138 2167 5191 τῶν
2195 5135 2252 5189 δὲ
2292 5134 2368 5205 μὴ
2414 5131 2777 5184 πιστευόντων
2805 5128 2905 5181 οὐκ
2943 5127 3079 5179 ἔστι.
3141 5121 3626 5192 Ἀποκεφαλίξεται

2058 5228 2240 5282 τοίνυν
2265 5227 2293 5278 ὁ
2323 5227 2397 5296 μὴ
2433 5221 2727 5283 πιστεύσας
2749 5220 2826 5290 τῷ
2847 5217 2977 5288 θείῳ
3010 5216 3343 5288 κηρύγματι,
3373 5215 3468 5270 καὶ
3501 5216 3625 5269 ἁνα-

2063 5315 2539 5383 σκολοπίζεταιοοὶ
2573 5313 2629 5366 δὲ
2670 5310 2870 5366 πιστοὶ.
2905 5308 3171 5380 πτερωτοὶ
3197 5311 3262 5378 τῇ
3289 5307 3497 5378 διανοίᾳ
3531 5307 3624 5361 καὶ

2062 5417 2130 5486 τῇ
2171 5411 2369 5481 γνώσει
2403 5408 2687 5478 γενόμενοι
2712 5445 2728 5472 ,
2761 5404 3088 5474 ἐφίπτανται
3157 5404 3271 5464 τοῖς
3338 5400 3624 5471 ἀκράντοις

2063 5503 2160 5559 καὶ⁵
2195 5499 2482 5571 σωτηρίοις
2519 5499 2748 5564 δίσκοις,
2779 5495 2877 5550 καλ⁵
2922 5495 3013 5548 τὸν
3063 5496 3225 5564 ἄρτον
3265 5492 3504 5546 ἐσθίουσι
3535 5490 3624 5544 τὸν

2065 5592 2482 5662 καταϐεϐηκότα
2531 5589 2590 5656 ἐξ
2641 5587 2868 5661 ούρανοῦ
2891 5629 2907 5656 ,
2937 5587 3032 5641 καὶ
3068 5583 3211 5656 ζωὴν
3249 5584 3468 5638 αἰώνιον
3493 5583 3623 5656 ἡμῖν

2064 5684 2445 5757 χαριζόμενον.

2756 5794 2801 5825 ⁸²
2838 5791 3038 5866 Ephcs.
3077 5808 3132 5858 γ,
3158 5792 3246 5847 25.
