3882 6036
109 207 247 269 11"
1387 230 1742 294 EPISTULA

1850 234 1923 293 [Μ
1963 234 2108 293 LIB.
2149 234 2177 292 Ι

403 311 521 372 oe.
549 351 616 360 —
649 323 735 394 To
774 324 1236 404 mnu/tam
1276 336 1499 410 ΓΔΙΝᾼ.

204 403 349 502 96::
391 410 484 479 ἀφ’
508 412 701 467 ἑαυτοῦ
733 419 1070 490 κινούμενος,
1099 403 1216 478 an"
1237 403 1548 500 ὕφ’ἐτέρων
1572 432 1742 502 ἀναγ-

107 497 469 570 καζόμενος
512 507 872 578 γεγράφηκάς
926 531 1047 584 μοι’
1096 517 1221 581 Πῶς
1263 497 1496 576 δύναται·
1537 525 1566 577 6
1615 497 1744 590 Υίδς

105 591 215 659 τῷ
251 595 446 666 Πατρὶ
471 599 756 668 ὀμοούσιός
793 621 852 657 τε
911 607 1008 660 καὶ
1080 610 1397 684 ἰσοδύναμος
1455 615 1742 688 ὑπάρχειν,

107 683 420 756 δεόμενος
444 692 536 744 τοῦ
571 693 801 765 [ἰατρὸς.
825 699 972 762 ὅπως
999 702 1252 768 ὑποτάξει
1277 683 1427 776 αὐτῷ
1452 707 1522 760 τὰ
1545 683 1743 773 πάντα,

3323 226 3425 295 118

1767 341 1947 412 A85
1989 339 2225 395 LXXIX.
2279 372 2345 382 —
2396 339 2630 397 GAle
2677 337 3035 396 COPIARUM
3092 337 3422 398 DUCTORI.

1919 432 2036 487 Non
2066 449 2133 489 ex
2157 441 2209 488 te
2237 433 2356 502 ipso
2381 441 2586 491 motus.
2609 433 2702 487 sed
2734 431 2802 485 ab
2826 431 2950 483 aliis
2977 440 3200 486 coactus
3228 432 3423 487 litteris

1849 525 1963 580 tuis
1992 539 2022 578 a
2053 540 2139 580 me
2177 520 2464 595 postulasti
2502 543 2515 579 :
2549 527 2826 590 quomodo
2856 515 3051 592 potest
3073 522 3245 578 Filius
3275 526 3424 590 ejus-

1848 619 1972 674 dem
2003 633 2128 672 cum
2163 618 2323 673 Patre
2352 619 2609 672 essentize
2642 626 2695 670 et
2735 616 3024 686 potestatis
3056 630 3200 679 esse.
3237 631 3362 668 cum
3395 631 3426 669 a

1851 708 2012 762 Patre
2057 717 2224 778 petat,
2260 717 2321 762 ut
2358 708 2461 763 sibi
2500 708 2683 761 omnia
2725 707 3010 775 subjiciat;
3055 705 3425 776 postmodum,

383 797 430 866 ζα
460 799 636 846 τουτου
690 797 874 853 καθὼς
923 797 952 844 ὁ
975 797 1296 862 Ἀπὸστολος
1340 799 1576 868 γράφει,
1612 803 1746 854 ὑπο-ο
1851 807 1911 854 ιιι
1941 800 2238 868 Apostolus
2273 801 2472 856 scribit
2500 801 2565 863 ⁸³,
2601 799 2747 853 Patri
2782 815 2841 853 se
2869 798 3192 866 subiiciens,
3223 797 3316 868 qui
3350 797 3424 850 iiii

113 870 504 941 τασσόμενος
533 873 610 946 τῷ
655 878 828 948 Πατρὶ
868 880 1198 951 ὑποτάξαντι
1232 888 1378 958 αὐτῷ
1431 894 1611 945 πᾶσαν
1647 893 1742 964 τὴν

1850 907 2070 947 omnem
2111 904 2422 949 creaturam
2472 894 2822 962 subjecerat?
2855 890 2997 958 Quid
3049 893 3150 955 ais,
3182 891 3254 944 mi
3310 891 3429 944 vir?

115 961 379 1057 itfcw;
413 967 478 1019 Τί
525 968 725 1038 λέγεις,
765 967 810 1026 ὦ
860 976 1146 1048 ἄνθρωπε;
1188 983 1368 1037 Δεῖται
1401 985 1510 1055 γὰρ
1551 961 1742 1052 ὅλως-ὁ

1850 984 2131 1054 lndigetne
2153 986 2434 1050 Christus,
2469 987 2561 1057 qui
2605 985 2750 1040 Dens
2783 993 2886 1046 est.
2925 984 3038 1038 Deo
3061 983 3257 1038 subdi?
3288 981 3428 1036 Num

116 1052 402 1151 Χριστος
436 1059 778 1151 ὑποταγῆναι
809 1066 928 1138 Θεῷ
969 1070 1100 1136 Θεὸς
1133 1071 1244 1140 div;
1275 1074 1369 1146 Μὴ
1403 1052 1510 1148 γὰρ
1543 1077 1742 1151 λῃστής

1850 1076 1942 1130 ille
1975 1052 2165 1146 praedo
2203 1052 2630 1146 quispiam-est,
2664 1085 2718 1129 et
2753 1075 2957 1131 nimius
3001 1074 3194 1135 animi.
3241 1083 3296 1128 et
3335 1072 3428 1126 Dei

119 1147 382 1240 τις-οιαὶ
421 1150 726 1240 αγέρωχος,
777 1157 812 1228 ἢ
858 1158 1100 1226 ἀντίθεός
1152 1165 1323 1228 ἐστιν,
1358 1147 1505 1232 ὅπως
1535 1147 1606 1224 ἂν
1650 1147 1742 1225 καὶ

1852 1170 2049 1235 hostis,
2090 1169 2324 1240 ideoque
2355 1170 2433 1224 illi
2453 1185 2595 1240 opus
2621 1178 2704 1224 est
2729 1168 3024 1234 aliquando
3055 1166 3258 1222 subdi?
3280 1165 3430 1232 Quo-

123 1235 362 1328 χρῄζοι
409 1239 753 1313 ὑποταγῆναί
782 1263 948 1315 ποτε;
978 1251 1100 1315 Πῶς
1125 1249 1218 1308 οὖν
1267 1256 1506 1328 εἴρηται,
1543 1259 1626 1313 ὅτι
1655 1261 1748 1315 καὶ

124 1327 329 1392 αὐτὸς
361 1332 390 1384 6
419 1332 547 1396 Υίὺς
574 1337 714 1405 μετὰ
741 1339 841 1410 τὴν
881 1341 1162 1415 ὑποταγὴν
1209 1327 1327 1401 τῶν
1363 1351 1572 1422 ἐχθρῶν
1607 1354 1745 1408 ὑπο.

128 1427 467 1495 ταγήσεται
489 1430 568 1500 τῷ
605 1433 933 1502 ὑποτάξαντι
982 1441 1130 1511 αὐτῷ
1170 1443 1242 1496 τὰ
1285 1445 1465 1500 πάντα
1490 1464 1505 1514 ;
1534 1447 1746 1522 Ὠσπερ

129 1519 382 1614 ica-ran
439 1523 639 1592 ἤκουσε
686 1526 753 1580 δι’
783 1529 884 1600 ἐμὲ
915 1533 945 1585 6
997 1534 1098 1606 τὴν
1132 1537 1273 1608 ἐμὴν
1311 1538 1454 1594 λύων
1501 1519 1748 1614 κατάραν

130 1607 236 1662 διὰ
268 1611 379 1680 τῆς
409 1615 676 1686 ὲνσάρκου
707 1620 1040 1694 οἰκονομίας,
1080 1629 1174 1681 καὶ
1219 1607 1464 1702 αμαρτία
1498 1607 1747 1690 λέλεκται

1852 1260 2016 1315 modo
2059 1262 2243 1330 itaque
2277 1260 2481 1315 dictum
2521 1267 2628 1321 est,
2667 1257 2866 1312 Filium
2911 1259 3088 1326 ipsum
3132 1261 3258 1325 post
3295 1255 3430 1309 sub-

1852 1360 2010 1405 actos
2029 1351 2376 1407 adversarios
2399 1352 2745 1405 subdendum
2763 1351 2876 1406 fore
2893 1350 2991 1411 illi.
3013 1349 3103 1418 qui
3124 1349 3226 1416 ipsi
3246 1347 3430 1401 omnia

1853 1442 2212 1498 subdiderat?
2255 1442 2328 1498 Ea
2360 1444 2598 1505 ratione.
2637 1459 2743 1508 qua
2790 1441 3106 1497 maledictio
3135 1439 3318 1493 dictus
3345 1447 3431 1492 est

1852 1544 2078 1605 propter
2120 1551 2225 1596 me.
2270 1537 2362 1605 qui
2411 1551 2585 1591 meam
2624 1535 3065 1590 maledictionem
3097 1548 3210 1588 sua:
3247 1533 3432 1587 incar-

1853 1627 2098 1682 nationis
2129 1642 2334 1681 arcano
2361 1625 2650 1691 dissolvit;
2686 1635 2739 1680 et
2777 1635 3061 1694 peccatum
3086 1629 3435 1692 nuncupatus

131 1702 178 1796 ἦ
244 1703 420 1796 μόνος
472 1709 856 1783 ἀναμάρτητος
912 1717 1007 1771 καὶ
1051 1720 1356 1793 ἀμώμητος
1403 1727 1572 1796 ἀμνὸς
1648 1729 1742 1783 τοῦ

1850 1730 1952 1786 est,
1995 1720 2087 1790 qui
2127 1719 2282 1774 solus
2331 1720 2452 1773 sine
2505 1728 2732 1787 peccato
2785 1725 2890 1780 est,
2940 1726 2992 1771 et
3042 1716 3434 1770 immaculatns

136 1792 323 1890 Θεοῦ,
344 1798 373 1849 ὁ
402 1800 579 1871 αἴρων
612 1803 714 1875 τὴν
745 1807 1020 1878 ἁμαρτίαν
1058 1813 1152 1865 τοῦ
1185 1792 1415 1886 κόσμου,
1445 1792 1546 1871 καὶ
1574 1819 1747 1890 Ἀδὰμ

137 1886 388 1953 γέγονεν
415 1892 537 1945 ἀντὶ
564 1894 659 1947 τοῦ
691 1897 920 1953 παλαιοῦ
957 1901 1074 1964 νέος
1094 1919 1110 1933 °
1155 1903 1299 1958 οῦτω
1327 1907 1390 1977 δὴ
1414 1894 1519 1962 ’καὶ
1548 1910 1609 1962 τὸ
1636 1886 1747 1965 τῶν

140 1978 470 2049 ἀνθρώπιον
499 1985 891 2052 ἀνυπότακτον,
929 1994 1122 2048 ἑαυτοῦ
1155 2001 1410 2065 ποιεῖται,
1445 2001 1517 2062 ὡς
1535 1995 1747 2071 κεφαλὴ

139 2084 248 2122 του
282 2074 509 2136 παντός.
537 2077 682 2142 Ἕως
712 2083 810 2150 μὲν
835 2080 928 2138 οὖν
961 2086 1336 2152 ἀνυπότακτος
1359 2093 1469 2161 ἐγὼ
1503 2097 1598 2148 καὶ
1619 2114 1747 2150 στα-

145 2162 366 2234 σιώδης
392 2170 457 2238 τῇ
502 2186 562 2221 τε
592 2171 818 2243 ἀρνήσει
865 2176 960 2230 τοῦ
1010 2179 1145 2234 Θεοῦ
1197 2185 1290 2237 καὶ
1331 2187 1444 2250 τοῖς
1493 2188 1743 2252 πάθεσιν,

146 2256 543 2324 ἀνυπότακτος
589 2263 656 2316 δι’
687 2267 785 2335 ἐμὲ
832 2271 862 2322 6
904 2272 1142 2342 Χριστὸς
1195 2275 1452 2344 λέγεται·
1509 2281 1639 2334 ὅταν
1689 2281 1747 2336 δὲ

148 2350 417 2458 ῦποταγῇ
449 2355 599 2426 αὐτῷ
632 2358 701 2411 τὰ
731 2360 931 2427 πάντα,
961 2366 1084 2418 τότε
1112 2368 1205 2420 καὶ¹
1231 2369 1394 2433 αὐτὸς
1423 2370 1623 2442 πληροῖ
1647 2374 1747 2444 τὴν

149 2442 447 2513 ὑποταγὴν
482 2448 774 2515 προσάγων
802 2451 880 2520 τῷ
908 2453 1082 2524 Πατρὶ
1121 2455 1222 2523 ἐμὲ
1255 2458 1347 2510 τὸν
1380 2442 1743 2531 σεσωσμένον.

149 2532 288 2596 Πῶς
322 2533 382 2586 δὲ
433 2535 718 2606 ὁμοούσιος
772 2543 801 2595 6
845 2545 1078 2614 Χριστὸς
1140 2548 1218 2617 τῷ
1276 2550 1454 2619 Πατρὶ
1507 2554 1744 2624 ὑπάρχει

153 2626 310 2679 κατὰ
326 2627 426 2700 τὴν
450 2630 700 2702 θεότητα,
725 2635 1003 2707 ἰσοσθενής
1053 2657 1110 2691 τε
1143 2641 1236 2694 καὶ
1260 2643 1464 2711 ὅμοιος,
1496 2648 1748 2716 περιττὸν

152 2717 412 2792 ἠγοῦμαι
437 2724 669 2793 γράφειν
698 2726 776 2798 τῷ
806 2727 882 2799 μὴ
913 2732 1358 2805 παραδεχομένῳ.

663 2985 744 3039 Πι.
778 3016 848 3027 --
879 2990 1250 3064 ΦΛΔΥΙΑΝῼ.

1848 1829 2024 1884 agnus
2071 1813 2188 1875 Dei,
2236 1812 2330 1882 qui
2372 1810 2517 1864 tollit
2565 1819 2850 1878 peccaturo
2901 1807 3114 1868 mundi.
3163 1815 3219 1862 et
3262 1807 3439 1863 Adam.

1849 1905 2029 1960 factus
2050 1915 2133 1958 est
2163 1919 2262 1972 pro
2295 1912 2515 1956 vetusto
2541 1904 2635 1956 illo
2663 1903 2852 1971 junior
2878 1919 2890 1956 :
2927 1901 3114 1956 eadem
3145 1908 3198 1954 et.
3231 1898 3437 1960 ell'reno

1849 1993 2135 2047 hominum
2159 1993 2464 2060 ingenium.
2485 1992 2628 2061 quod
2656 1993 2815 2046 subdi
2844 1992 3038 2051 nescit.
3059 1991 3161 2045 sibi
3187 1991 3431 2048 asciscit.

1846 2096 2112 2155 tanquam
2141 2085 2384 2138 omnium
2409 2092 2598 2153 caput.
2635 2083 2818 2138 Donec
2851 2085 3036 2151 itaque
3069 2084 3188 2151 ipse
3243 2082 3436 2150 subje-

1847 2179 2087 2232 ctionem
2137 2192 2345 2239 renuo,
2403 2186 2454 2229 et
2485 2176 2811 2236 discordiis.
2861 2173 2952 2229 Dei
3001 2174 3331 2240 ejuratione.
3381 2183 3437 2227 et

1848 2268 2136 2322 aﬂ'ectibus
2188 2266 2420 2337 gaudeo,
2475 2266 2876 2330 subiectionem
2931 2281 3162 2318 renuere
3214 2274 3438 2334 propter

1850 2374 1938 2413 me
1989 2358 2254 2414 Christus
2299 2357 2504 2411 dicitur
2540 2375 2553 2410 :
2592 2364 2886 2426 postquam
2933 2371 3063 2406 vero
3099 2355 3201 2423 ipsi
3249 2353 3434 2408 omnia

1850 2450 2097 2518 subjecta
2142 2448 2366 2511 fuerint,
2399 2456 2532 2512 tunc
2579 2454 2634 2497 et
2681 2445 2771 2499 ille
2817 2443 3218 2510 subjectionem
3262 2442 3434 2501 subit.

1850 2559 1955 2605 me.
1989 2542 2084 2611 qui
2115 2542 2370 2607 salvatus
2403 2556 2549 2600 sum,
2581 2538 2731 2591 Patri
2763 2536 3020 2591 otl'erens.
3055 2535 3300 2600 Quanam
3333 2550 3434 2587 au-

1849 2645 1958 2692 tem
1996 2636 2208 2690 ratione
2233 2633 2490 2688 Christus
2538 2632 2784 2697 ejusdem
2818 2646 2942 2684 cum
2977 2629 3138 2682 Patre
3178 2631 3438 2682 essentne

1849 2736 1934 2782 est
1959 2725 2263 2780 secundum
2291 2723 2661 2780 divinitatem.
2689 2721 3048 2788 ejusdemque
3079 2719 3356 2788 potentiae.
3383 2726 3440 2770 et

1852 2819 2076 2882 similis,
2133 2816 2347 2872 frustra
2391 2815 2446 2869 id
2507 2815 2826 2884 scripserim
2879 2814 3044 2868 verba
3083 2829 3190 2866 non
3237 2810 3439 2865 admit-

1852 2921 2016 2968 tam.
2204 3002 2314 3073 36
2351 2998 2566 3055 Lxxx.
2603 3027 2673 3040 ν-
2715 2995 3078 3053 ισιΑνιΑΝο.

234 3072 392 3126 Διατί
411 3075 538 3138 τοὺς
569 3075 734 3141 πόδας
760 3080 939 3148 μόνον,
970 3083 1065 3137 καὶ
1093 3086 1212 3156 οὐχὶ
1230 3086 1418 3158 ἓτερον
1446 3090 1607 3160 μέλος
1639 3092 1742 3148 τῶν

1924 3094 2292 3162 Quamobrem
2341 3093 2507 3163 pedes
2546 3099 2788 3154 tantum,
2841 3104 2944 3144 nec
2979 3089 3142 3142 aliam
3188 3088 3437 3155 corporis

163 3166 428 3235 μαθητῶν
456 3170 484 3220 6
535 3170 739 3241 Κύριος
797 3175 1016 3245 ἔνιψεν;
1062 3179 1184 3232 Ὅτι
1229 3182 1289 3234 οὐ
1325 3183 1496 3254 ῥύπον
1533 3186 1743 3254 ἁπλῶς,

163 3259 422 3330 καθάπερ
455 3261 766 3332 νενόμικας,
795 3267 1102 3332 ὰπέκλυζεν
1131 3272 1159 3323 6
1186 3273 1398 3344 Σωτὴρ,
1430 3275 1566 3331 ἀλλὰ
1595 3279 1746 3332 Θείαν

163 3350 288 3402 τινὰ
311 3350 541 3421 δύναμιν
573 3356 692 3418 ταῖς
734 3359 994 3428 πτέρναις
1034 3361 1142 3414 τῶν
1175 3364 1491 3420 ἀποστόλων
1527 3370 1747 3424 ἐνέϐαλ-

163 3442 279 3494 λεν.
319 3444 537 3514 Ἐπειδὴ
566 3447 675 3519 γὰρ
703 3449 916 3520 εἴρηται
947 3453 1024 3522 τῷ
1055 3453 1197 3522 ὄφει.
1218 3457 1300 3509 ὅτι
1337 3477 1356 3508 ι
1384 3459 1457 3512 Σὺ
1486 3463 1744 3532 τηρήσεις

166 3533 264 3586 τοῦ
309 3535 594 3605 ἀνθρώπου
623 3540 724 3610 τὴν
757 3543 1019 3614 πτέρναν,
1059 3565 1076 3597 ι
1129 3550 1376 3603 τουτέστι
1423 3552 1522 3624 τὴν
1565 3555 1746 3608 πᾶσαν

166 3623 265 3677 τοῦ
297 3625 410 3694 βίου
436 3628 736 3701 διαγωγὴν,
772 3633 862 3686 διὰ
886 3635 1111 3688 τοῦτοοὶ
1146 3639 1306 3702 πόδες
1337 3642 1445 3696 τῶν
1483 3646 1744 3716 μαθητῶν

172 3717 491 3784 πέπλυνται,
506 3722 562 3773 ὲν
583 3723 663 3793 τῷ
689 3741 751 3777 συ
759 3727 942 3798 μὸόλῳ
964 3728 1250 3800 δηλοῦντες
1271 3736 1398 3798 τοὺς
1421 3754 1542 3790 νοου
1550 3739 1745 3808 μένους

174 3811 372 3874 πόδας·
412 3831 431 3864 ι
461 3814 678 3869 Δέδοικα
701 3819 880 3872 τοίνυν
909 3819 1154 3886 ἐξουσίαν
1181 3826 1310 3896 ὑμῖν
1339 3833 1527 3882 πατεῖν
1557 3833 1742 3886 ἐπάνω

172 3902 365 3970 ὄφεων,
403 3905 498 3959 καὶ
549 3911 846 3980 σκορπίων,
888 3913 983 3966 καὶ
1024 3917 1118 3969 ἐπὶ
1153 3920 1333 3972 πᾶσαν
1382 3923 1480 3992 τὴν
1514 3922 1744 3994 δύναμιν

173 3994 269 4047 τοῦ
327 3998 581 4068 ἀοράτου⁸
607 4000 828 4071 ἐχθροῦ.
863 4022 881 4054 ι
935 4007 1042 4060 Καὶ
1085 4009 1313 4073 Ἡσαΐας
1380 4013 1563 4080 λέγει’
1602 4036 1620 4066 ι
1654 4017 1744 4080 Ὠς

173 4087 361 4158 ὡραῖοι
411 4091 463 4143 οἱ
508 4092 666 4156 πόδες
718 4095 826 4148 τῶν
854 4098 1357 4172 εὐαγγελιζομένων
1399 4107 1620 4178 εἰρήνην
1650 4111 1743 4162 καὶ

176 4181 350 4248 ἀγαθὰ
376 4183 388 4235 l
429 4202 446 4234 ι
482 4185 544 4236 Oi
573 4185 680 4256 γὰρ
710 4186 774 4257 δὴ
799 4189 894 4242 τοῦ
915 4192 1152 4259 Χριστοῦ
1191 4195 1478 4250 ἀπόστολοι
1513 4200 1740 4252 κατέλυ-

177 4291 275 4329 σαν
326 4275 423 4345 μὲν
477 4278 571 4330 τοῦ
607 4279 851 4335 διαϐόλου
901 4283 993 4337 τὸν
1045 4286 1313 4357 πόλεμον,
1357 4293 1536 4344 πᾶσαν
1587 4310 1743 4364 περι-

176 4365 465 4436 δραμόντες
511 4369 609 4441 τὴν
640 4373 1002 4446 οἰκουμένην,
1048 4379 1272 4450 είρήνην
1327 4382 1382 4434 δὲ
1417 4387 1529 4448 τοῖς
1574 4387 1740 4439 πᾶσιν

181 4457 547 4528 ὲϐράδευσαν,
597 4465 691 4518 καὶ
738 4467 1163 4539 εὐηγγελίσαντο
1218 4475 1351 4543 ἡμῖν
1386 4475 1454 4529 τὰ
1511 4477 1745 4542 οὐράνια

180 4551 371 4619 ἀγαθά.

662 4649 788 4701 UA'.
817 4681 886 4692 --
933 4649 1016 4716 Τῷ
1063 4653 1244 4720 αὐτῷ,

249 4733 456 4802 Ἥψατο
485 4735 594 4789 τῶν
623 4739 800 4793 ποδῶν
838 4744 867 4795 6
897 4743 1120 4814 Κύριος,
1160 4748 1249 4802 ἴνα
1277 4751 1534 4825 ἐνισχύσῃ
1571 4757 1740 4819 πόδας

181 4827 384 4896 γηῖνους
414 4829 508 4882 καὶ
551 4829 820 4896 ἀσθενεῖς,
876 4836 1168 4904 μέλλοντας
1211 4841 1514 4914 διατρέχειν
1555 4849 1739 4902 πᾶσαν

125 4967 130 4971 .
183 4918 274 4987 τὴν
298 4917 382 5007 ὑφ’
405 4919 571 4990 ὴλίῳ’
609 4921 945 4994 λαμϐάνεται
979 4927 1073 4980 τοῦ
1117 4930 1316 5001 μέρους
1345 4935 1442 5004 τῆς
1473 4937 1735 5007 πτέρνης,

185 5009 296 5063 καθ’
318 5006 381 5082 ἦς
425 5014 458 5082 ἡ
491 5013 766 5082 ἀπόφασις
805 5022 1085 5090 καταρχὰς
1136 5022 1475 5095 ἐξενήνεκτο,
1519 5028 1606 5081 ἴνα
1643 5006 1742 5084 τοῦ

188 5104 408 5173 μεγάλου
446 5106 630 5176 ίατροῦ
663 5109 762 5180 τὴν
805 5113 961 5180 χεῖρα
1003 5114 1298 5180 ἐπιθέντος,
1334 5121 1532 5188 μηκέτι
1582 5123 1737 5194 ἐνερ-

185 5197 316 5270 γήτη
345 5198 372 5249 6
410 5197 487 5262 ἰὸς
512 5199 604 5254 τοῦ
643 5202 836 5274 νοητοῦ
867 5204 1065 5274 ὄφεως.
1105 5207 1578 5280 Ἑνδυναμωθείσα
1621 5216 1734 5268 τοί-

183 5313 272 5349 νυν
302 5296 332 5365 ἡ
362 5295 563 5366 πτέρνα
603 5294 709 5347 ὑπὸ
735 5295 836 5365 τῆς
867 5296 1050 5366 χειρὸς
1075 5297 1170 5351 τοῦ
1211 5299 1493 5372 ἁψαμένου
1525 5304 1735 5357 Δεσπό-

187 5407 274 5442 του
299 5388 526 5458 ἐπάτησε
550 5387 644 5440 τὸν
670 5387 916 5440 Σατανᾶν
949 5387 1044 5440 τὸν
1080 5389 1495 5463 ἐξαπατήσαντα
1541 5395 1734 5466 πρώην

186 5483 300 5542 τοὺς
324 5478 796 5550 πρωτοπλάστους,
826 5477 924 5531 καὶ
955 5476 1097 5533 οὕτω
1139 5482 1495 5557 πεπλήρωται
1527 5485 1592 5540 τὸ
1627 5487 1736 5540 ὑπὸ

251 5659 482 5720 στιιξοτ.
516 5680 604 5730 ιν,
660 5663 750 5721 27.
825 5665 869 5698 ⁸⁵
896 5663 1055 5721 Ioan.
1087 5679 1205 5731 aut,
1275 5664 1433 5725 4-17.
1510 5665 1555 5698 "
1587 5665 1725 5724 Gen.
1756 5682 1838 5734 tu.
1873 5666 1957 5722 15.

1772 4429 1820 4487 D

1855 3188 2255 3257 discipulorum
2293 3191 2507 3255 partem
2554 3182 2822 3237 Dominus
2856 3182 2991 3235 lavit
3035 3181 3119 3234 “'9
3147 3179 3291 3250 quod
3326 3193 3436 3232 non

1856 3281 2050 3338 sordes
2101 3293 2305 3339 meras,
2354 3283 2416 3330 ut.
2468 3285 2525 3328 tu
2573 3275 2881 3337 existimas.
2933 3273 3201 3335 Servator
3235 3286 3438 3342 expur-

1852 3374 2035 3442 gatiat,
2071 3370 2164 3424 sed
2199 3369 2442 3423 divinant
2479 3367 2771 3435 quamdam
2811 3366 3119 3420 ﬁrmitatem
3160 3364 3442 3418 calcaneis

1855 3468 2227 3536 apostolorum
2257 3465 2583 3518 coaddebat.
2609 3464 2743 3517 Cum
2775 3462 2922 3516 enim
2954 3460 3193 3530 serpenti
3227 3459 3432 3515 dictum

1853 3560 1971 3614 sit:
2015 3557 2136 3611 «Tu
2163 3556 2747 3612 observabishominis
2789 3553 3107 3608 calcaneum
3148 3552 3218 3614 ".
3268 3571 3287 3604 ι
3332 3551 3443 3606 hoc

1852 3661 1938 3706 est
1965 3657 2241 3705 universa:
2273 3651 2399 3705 vitae
2439 3649 2711 3702 rationem
2751 3664 2766 3700 :
2803 3654 3096 3716 propterea
3131 3644 3436 3715 discipulo-

1851 3765 1972 3803 rum
2005 3748 2170 3817 pedes
2201 3746 2371 3800 abluti
2405 3753 2556 3807 sunt,
2591 3753 2650 3796 ut
2679 3743 3126 3812 designarentur,
3157 3743 3250 3812 qui
3275 3743 3439 3798 intel-

1852 3843 1998 3895 lectu
2053 3840 2474 3906 concipiuntur,
2534 3837 2700 3905 pedes
2751 3855 2764 3889 ε
2821 3855 2840 3886 ι
2905 3835 3039 3890 Dedi
3094 3851 3225 3905 ergo
3277 3835 3438 3890 vobis

1854 3942 2174 4002 potestatem
2204 3931 2453 3983 calcandi
2479 3941 2648 3996 super
2677 3937 2982 3996 serpentes.
3005 3935 3059 3982 et
3083 3928 3432 3995 scorpiones.

1850 4033 1904 4076 et
1935 4038 2151 4075 omnem
2190 4021 2507 4074 facultatem
2546 4019 2839 4074 invisibilis
2874 4019 3176 4074 adversarii
3206 4020 3272 4073 ⁸⁸.
3315 4039 3334 4072 ι
3366 4017 3435 4071 Et

1853 4115 2022 4169 Isaias
2052 4113 2222 4167 dicit:
2263 4132 2280 4162 ι
2319 4113 2492 4179 Quam
2527 4111 2742 4181 pulchri
2775 4120 2906 4165 sunt
2951 4111 3115 4179 pedes
3156 4111 3438 4178 evangeli~

1851 4206 2090 4258 zantium
2155 4218 2367 4274 pacem,
2426 4210 2481 4255 et
2537 4204 2677 4256 bona
2733 4200 2797 4253 ⁸⁷.
2857 4218 2876 4250 ι
2930 4200 3179 4271 Apostoli
3229 4201 3431 4255 etenim

1848 4297 2087 4361 Christi,
2145 4304 2262 4350 toto
2322 4303 2600 4349 terrarum
2656 4292 2791 4347 orbe
2847 4301 3168 4362 peragrato,
3221 4293 3431 4348 diaboli

1852 4388 2074 4444 bellicos
2130 4403 2328 4443 nervos
2390 4395 2862 4454 compresserunt,
2922 4399 3112 4454 pacem
3168 4386 3433 4441 omnibus

1845 4479 2274 4543 distribuerunt,
2316 4487 2372 4534 et
2426 4480 2592 4534 nobis
2640 4479 2889 4534 etelestia
2939 4480 3082 4533 bona
3133 4481 3431 4532 annuntia-

1843 4581 1994 4626 ιἰηιι.

2318 4661 2404 4716 LX
2416 4660 2557 4716 XXI.
2595 4689 2666 4702 --
2701 4660 2910 4714 Eidem.

1908 4755 2113 4822 Tetigit
2158 4754 2323 4822 pedes
2372 4752 2658 4810 Dominus.
2713 4761 2773 4804 ut
2828 4749 2993 4818 pedes
3029 4759 3304 4806 terrenos.
3363 4763 3430 4806 ac

1839 4844 2163 4907 imbecilles,
2207 4850 2382 4896 totum
2447 4850 2725 4894 terrarum
2783 4841 2974 4893 orbem
3034 4846 3428 4906 peragraturos

1837 4937 2226 4991 corroboraret
2290 4954 2303 4989 :
2368 4941 2582 5004 partem
2637 4931 2880 4986 calcanei
2944 4931 3171 4999 arripit.
3233 4940 3445 4986 contra.-

1834 5045 1998 5098 quem
2046 5027 2324 5081 sententia
2372 5026 2428 5078 in
2486 5023 2760 5094 principio
2811 5022 2918 5076 lata
2959 5033 3070 5086 est,
3117 5034 3176 5076 ut
3227 5037 3444 5090 magno.

1834 5120 2047 5173 medim
2081 5133 2306 5171 manum
2337 5115 2848 5184 superimponente,
2882 5113 3272 5169 intellectualis
3302 5129 3424 5166 scr-

1835 5215 2013 5281 pentis
2051 5224 2320 5264 venenum
2359 5209 2504 5261 vires
2546 5206 2845 5280 amitteret.
2891 5203 3199 5259 Calcaneus
3240 5205 3431 5272 itaque

1832 5319 2000 5358 manu
2034 5301 2312 5373 tangentis
2359 5299 2578 5354 Domini
2610 5297 3015 5353 corroboratus
3044 5297 3286 5353 calcavit
3315 5295 3423 5350 Sa-

1833 5405 2040 5459 tanam,
2082 5395 2175 5463 qui
2221 5392 2460 5463 primum
2507 5391 2746 5446 conditis
2787 5390 3116 5446 hominibus
3142 5389 3338 5451 illusit,
3369 5395 3438 5442 ιιι-

1830 5487 1912 5543 sic
1935 5487 2268 5555 completum
2307 5492 2412 5549 est,
2445 5484 2592 5553 quod
2625 5499 2654 5536 a
2694 5492 2817 5536 vate
2849 5481 3065 5537 Debora
3100 5481 3153 5535 in
3181 5478 3440 5535 canticis:

2033 5665 2080 5697 "
2113 5663 2250 5720 Luc.
2290 5679 2342 5731 τ,
2389 5661 2473 5719 19.
2550 5663 2594 5694 "
2627 5661 2731 5717 lsa.
2771 5676 2866 5728 ιιι,
2897 5660 2952 5715 7.
