3882 6036
354 233 359 239 λ
461 199 566 272 119

1922 219 1983 280 S.
2025 220 2185 282 NILI

3611 220 3730 284 120

457 329 788 387 personatur
823 338 836 374 :
873 339 890 371 ι
935 320 1170 380 Pedibus
1215 325 1456 380 calcabit
1493 329 1841 386 adversarios
1876 347 2024 389 meos

2136 337 2228 408 τῆς
2275 340 2604 408 προφήτιοος
2637 338 2908 410 Δεὸόῤῥας
2943 337 3272 409 βεδοημένον
3314 349 3374 388 εν
3417 352 3680 407 ᾳσμασιν
3703 355 3722 369 ·

457 411 640 465 anima
678 427 794 466 mea
828 416 1188 469 corroborata
1219 417 1284 471 ⁸⁸.
1334 438 1352 471 ι
1387 419 1554 474 David
1585 438 1806 492 quoque
1839 424 2025 478 excla-

457 511 569 556 mat
603 505 926 572 palmarium
947 506 1054 577 37
1091 509 1350 565 accinens
1387 529 1400 561 :
1444 531 1464 563 ι
1500 513 1710 567 Cadent
1738 515 1842 569 sub
1873 514 2028 584 pedi-

459 591 563 646 bus
598 595 753 657 meis,
787 595 880 664 qui
913 596 1205 667 insurgunt
1234 598 1503 656 adversus
1535 618 1641 662 me,
1673 613 1726 657 et
1768 615 2027 674 tanquam

457 681 632 738 lutum
690 687 990 755 platearum
1039 698 1323 743 conteram
1373 692 1629 747 inimicus
1683 709 1834 749 meos
1875 694 1942 746 ”.
2002 711 2023 746 ι

455 798 526 812 --
562 793 580 825 ι
625 773 766 831 Ecce
785 777 930 832 enim
985 778 1108 832 dedi
1159 781 1320 836 vobis
1364 792 1710 851 potestatem,
1763 783 2028 839 Dominus

456 865 616 929 dixit,
653 869 980 930 utcalcetis,
1021 881 1075 925 et
1112 886 1224 926 non
1255 881 1316 927 ut
1344 873 1660 941 calceminl,
1693 890 1874 945 neque
1900 875 2029 931 illu-

457 959 657 1015 damiui
694 977 724 1014 a
750 963 1022 1031 perditore
1045 964 1110 1017 ".
1151 983 1170 1015 ι

702 1051 958 1108 LXXXII.
996 1085 1067 1096 —
1106 1054 1322 1112 FIRMO
1365 1056 1778 1117 SCRINIARIO.

532 1138 608 1193 Ne
663 1146 882 1200 coneris
943 1147 1089 1201 illius
1138 1148 1379 1203 hominis
1423 1149 1688 1206 subsidiis
1733 1151 2028 1220 provincia;

457 1237 721 1303 consequi
764 1237 1158 1307 principatum,
1197 1257 1264 1294 ne
1304 1243 1423 1311 ipse
1459 1241 1517 1297 in
1557 1243 1792 1296 aliorum
1846 1243 2026 1298 domi-

457 1325 610 1377 nium
653 1329 966 1395 pervenias,
1010 1339 1064 1384 et
1104 1331 1292 1395 cadas,
1341 1342 1394 1386 et
1419 1334 1646 1388 nimium
1681 1335 1932 1398 vilescas.
1973 1342 2027 1390 et

458 1428 654 1482 praeter
679 1433 830 1486 spem
871 1435 1089 1474 omnem
1120 1421 1175 1474 in
1216 1423 1575 1490 perditionem
1608 1425 1789 1479 abeas.

695 1509 980 1566 LXXXIII.
1014 1542 1085 1553 —
1123 1512 1427 1568 EUGENIO
1468 1514 1779 1571 DIACONO.

529 1597 765 1654 Nimium
793 1603 848 1656 in
889 1604 1300 1673 Scripturarutn
1337 1605 1572 1660 lectione
1603 1606 1921 1673 insolescis,
1963 1619 2025 1661 ac

456 1693 822 1747 elato-animo
854 1696 1140 1762 magnifice
1173 1705 1224 1750 te
1253 1696 1453 1765 jactas,
1486 1706 1653 1766 atque
1691 1707 1936 1754 ostentas
1971 1698 2026 1752 in

456 1785 948 1851 speculationibus,
990 1802 1087 1855 pro
1129 1788 1420 1853 fructibus,
1470 1788 1634 1844 nudis
1689 1790 1836 1843 foliis
1887 1805 2026 1860 gan-

456 1877 630 1934 dens,
695 1875 1002 1947 jocansquc
1055 1881 1366 1936 contemnis
1427 1896 1556 1944 cos,
1613 1884 1706 1950 qui
1759 1883 2025 1937 similium

454 1967 774 2033 cognitione
825 1970 1224 2024 destituuntur.
1274 1969 1330 2023 Id
1373 1971 1466 2042 qui
1517 1974 1571 2026 in
1624 1986 1788 2026 scena
1837 1982 2026 2043 gestus

455 2068 655 2125 agunt.
720 2077 1100 2130 saepenumero
1154 2063 1368 2118 efﬁcere
1422 2073 1700 2133 poterunt.
1756 2062 1837 2118 Tu
1896 2080 2026 2119 vero

452 2152 716 2218 operibus
765 2155 949 2221 potius
997 2154 1134 2208 bene
1187 2155 1296 2209 Deo
1353 2156 1523 2224 gratis
1577 2157 1822 2209 animum
1871 2166 2022 2211 tuum

451 2242 815 2297 cohonestare
861 2259 1248 2313 exornareque
1302 2246 1590 2300 contende.
1647 2265 1666 2298 ι
1711 2245 1805 2300 Vae
1849 2247 2019 2311 enim,

453 2334 548 2394 ait,
592 2333 824 2399 Scribis,
864 2343 919 2388 et
960 2335 1277 2402 Pharisaeis,
1317 2339 1760 2404 qui’doctrinam
1806 2340 2022 2394 divino-

453 2439 574 2477 rutu
611 2427 903 2481 verborum
950 2431 1290 2484 mentiuntur
1327 2450 1340 2484 :
1375 2432 1562 2486 dicunt
1601 2432 1744 2486 enim
1773 2431 1938 2496 bona,
1969 2443 2023 2487 et

452 2533 559 2572 nou
617 2519 824 2575 faciunt
871 2521 938 2576 ".
994 2541 1012 2574 ι
1063 2522 1224 2577 Prius
1281 2524 1463 2594 itaque
1513 2523 1622 2585 Iac,
1673 2526 2019 2594 postmodum

451 2612 607 2667 doce.

583 2703 863 2762 LXXXIV.
900 2739 968 2748 —
1003 2707 1374 2763 PIIILAGRIO
1412 2705 1891 2765 PRESBYTERO.

516 2797 710 2851 Justus
743 2797 854 2851 Noe
880 2799 1158 2853 Christum
1191 2815 1301 2868 pra:
1338 2815 1397 2854 se
1434 2799 1560 2863 fert,
1613 2801 1705 2870 qui
1741 2805 1796 2854 in
1836 2801 2039 2854 Evan-‘

2135 447 2154 479 ‹
2185 431 2573 501 Καταπατήσει
2600 434 2725 494 τοὺς
2749 430 2974 501 ἐχθρούς
3000 448 3099 502 μου
3123 431 3157 500 ἡ
3186 430 3293 500 ἐμὴ
3319 429 3724 494 δυναμωθεῖσα

2129 519 2294 592 ψυχή.
2336 538 2354 572 ι
2401 523 2511 576 Καὶ
2555 525 2584 576 ὁ
2630 521 2791 574 Δαυῒδ
2842 527 3079 592 κέκραγε
3131 521 3348 590 ψάλλων
3393 523 3717 574 ἐπινίκιονο

2134 631 2154 664 ι
2183 613 2483 666 Πεσοῦνται
2515 614 2621 667 ὑπὸ
2663 613 2790 677 τοὺς
2819 613 2988 676 πόδας
3037 631 3138 685 μου
3180 614 3230 666 οἱ
3274 612 3722 679 ὲπανιστάμενοί

2136 722 2246 775 μοι,
2267 708 2362 759 καὶ
2393 705 2584 777 ῶσπερ
2614 706 2783 778 πηλὸν
2813 705 3085 760 πλατειῶν
3107 706 3282 760 λεανῶ
3312 708 3440 770 τοὺς
3471 707 3718 778 ἐχθρούς

2132 815 2256 869 μου.
2293 818 2310 850 ι
2347 827 2417 838 --
2444 817 2463 849 ι
2506 798 2635 852 Ἰδοὺ
2664 798 2772 869 γὰρ
2809 797 3011 851 δέδωκα
3049 797 3176 867 ὑμῖν
3215 797 3500 862 ἐξουσίαν,
3524 799 3552 849 ὁ
3591 795 3719 848 Κύ-

2131 905 2246 960 ριος
2277 889 2486 961 εἴρηκε,
2518 893 2730 954 πατεῖν,
2753 890 2940 960 καὶμὴ
2967 889 3416 955 καταπατεῖσθαι,
3448 889 3594 960 μηδὲ
3629 888 3720 954 ἐξ·

2129 979 2439 1034 αωτᾶσθαι
2466 979 2570 1032 ὑπὸ
2602 978 2695 1032 τοῦ
2719 978 3012 1048 λυμεῶνυς.
3039 997 3058 1030 ι

2445 1071 2570 1124 IIB'.
2600 1099 2669 1110 —
2704 1070 2918 1139 ΦΙΡΜῼ
2957 1067 3373 1140 ΣΚΡΙΝΙΑΡῙῼ.

2200 1163 2291 1232 Μὴ
2321 1161 2516 1216 σπεῦδε
2541 1161 2796 1231 γενέσθαι
2827 1160 3010 1232 ἄρχων
3046 1160 3145 1232 τῆς
3179 1159 3445 1230 ἐπαρχίας
3481 1158 3575 1212 διὰ
3608 1156 3716 1226 τῆς

2129 1255 2465 1325 προστασίας
2491 1253 2586 1308 τοῦ
2627 1253 2920 1324 προσώπου
2961 1253 3191 1318 ἐκείνου,
3221 1253 3307 1306 ἳνα
3361 1251 3436 1323 μὴ
3465 1251 3712 1320 άρχθῇς.

2128 1348 2221 1402 καὶ
2267 1346 2462 1418 πέσῃς.
2511 1345 2606 1399 καὶ
2650 1344 2789 1412 ἄγαν
2837 1342 3203 1414 ταπεινωθῇς,
3247 1343 3345 1396 καὶ
3391 1339 3714 1411 ἀφανισθῇς

2129 1436 2279 1509 παρὰ
2310 1437 2487 1489 πᾶσαν
2517 1433 2725 1488 ἐλπίδα.

2444 1528 2566 1580 nrv.
2611 1557 2680 1567 —
2725 1525 3020 1596 ΕΥΓΕΝΙῼ
3054 1524 3374 1594 ΔΙΑΚΟΝῼ.

2197 1622 2446 1694 Φρυάττῃ
2474 1621 2565 1672 ἐπὶ
2597 1621 2662 1690 τῇ
2688 1617 2991 1686 ἀναγνώσει
3021 1616 3131 1669 τῶν
3171 1614 3424 1686 Γραφῶν,
3459 1613 3562 1666 καὶ
3605 1629 3713 1682 με·-

2128 1714 2419 1784 γαλαυχεῖς
2447 1710 2766 1781 φυσώμενος
2810 1711 2903 1763 ἐπὶ
2941 1712 3061 1773 ταῖς
3099 1707 3374 1779 Θεωρίαις,
3407 1708 3532 1760 ἀντὶ
3563 1721 3710 1775 καρ·

2128 1806 2246 1860 πῶν
2287 1805 2418 1873 ψιλὰ
2460 1805 2529 1857 τὰ
2567 1802 2740 1873 φύλλα
2780 1801 3039 1872 κατέχεινκ
3059 1801 3408 1870 τερπόμενος,
3456 1800 3556 1852 καὶ
3601 1815 3710 1868 μυ-

2127 1894 2404 1967 κτηρίζεις
2432 1895 2560 1955 τοὺς
2594 1891 2794 1961 γνῶσιν
2827 1891 2902 1962 μὴ
2935 1890 3175 1961 ἔχοντας.
3212 1888 3381 1940 Τοῦτο
3414 1887 3458 1940 δ’
3493 1886 3563 1940 ἂν
3609 1886 3710 1937 καὶ

2128 1988 2376 2057 σκηνικοὶ
2405 1985 2666 2046 πολλάκις
2694 1984 2914 2053 ποιῆσαι
2943 1983 3282 2052 δυνήσονται.
3337 1979 3477 2032 Ἀλλ’
3513 1977 3709 2048 ἔργοις

2129 2080 2328 2145 μᾶλλον
2349 2078 2660 2149 εὑαρέστοις
2689 2075 2768 2145 τῷ
2806 2073 2925 2143 Θεῷ
2967 2073 3066 2144 τὴν
3095 2069 3293 2126 σαυτοῦ
3326 2071 3503 2140 ψυχὴν
3528 2070 3706 2140 ὡραῖ-

2127 2190 2214 2227 σαι
2245 2175 2339 2227 καὶ
2385 2171 2660 2241 κοσμῆσαι
2685 2167 2938 2238 θέλησονο
2971 2185 2990 2217 t
3016 2168 3152 2220 Οὐαὶ
3179 2165 3309 2236 γὰρ,
3333 2165 3487 2236 φησὶ,
3510 2180 3706 2234 γραμ-

2127 2265 2353 2335 ματεῦσι
2409 2265 2502 2318 καὶ
2541 2261 2860 2332 Φαρισαίοις
2897 2260 3344 2330 ὑποκρινομένοις
3376 2258 3474 2327 τὴν
3518 2256 3705 2326 μάθη-

2124 2373 2208 2409 σιν
2259 2355 2368 2407 τῶν
2417 2351 2701 2424 μακαρίων
2747 2350 2941 2419 λόγων,
2972 2349 3056 2402 ὅτι
3102 2348 3318 2416 λέγουσι
3362 2346 3430 2399 τὰ
3457 2345 3699 2416 χρηστὰ,

2122 2446 2219 2499 καὶ
2251 2445 2311 2497 οὐ
2367 2442 2611 2496 ποιοῦσιν
2651 2439 2810 2494 αὑτά.
2856 2457 2876 2491 ι
2915 2439 3187 2509 Πρότερον
3235 2437 3414 2489 τοίνυν
3466 2433 3700 2505 πράξαν,

2122 2538 2216 2590 καὶ
2252 2535 2388 2605 μετὰ
2409 2533 2565 2587 τοῦτο
2589 2533 2828 2587 δίδασκε.

2369 2714 2486 2764 n...
2514 2741 2584 2750 —
2613 2709 2929 2779 ΦΙΛΑΓΡΙῼ
2968 2671 3439 2775 ΠΡΕέΒΥΤΕΡῼ.

2205 2806 2260 2858 Ὀ
2305 2805 2510 2866 δίκαιος
2544 2803 2667 2854 Νῶε
2707 2800 2795 2852 τὸν
2848 2798 3080 2869 Χριστὸν
3129 2796 3556 2866 χαρακτηρίζει,
3606 2796 3698 2848 τὸν

450 2891 608 2954 μοιίίς
650 2890 784 2944 dicit
827 2909 841 2942 :
891 2909 907 2938 ι
958 2890 1150 2945 Venite
1181 2892 1247 2945 ad
1284 2907 1391 2954 me,
1441 2907 1632 2945 onmcs
1682 2894 1775 2960 qui
1831 2894 2018 2974 multis

2136 2901 2344 2966 λέγοντα
2383 2899 2440 2949 ὲν
2468 2897 2581 2956 τοῖς
2613 2889 3016 2960 Εὐαγγελίοις·’
3036 2909 3054 2942 ι
3093 2889 3257 2942 Δεῦτε
3291 2889 3427 2959 πρός
3455 2906 3521 2957 με
3563 2889 3696 2941 πάν-

451 2984 695 3051 lapsiluts
723 2984 1049 3050 gravamini,
1081 2993 1136 3038 ct
1173 3000 1274 3054 ego
1309 2987 1657 3054 requiescere
1684 2986 1795 3056 38
1823 2986 2016 3041 faciam

2136 3009 2212 3052 τες
2245 2991 2293 3042 οἱ
2349 2987 2767 3056 πεφορτισμένοι
2819 2987 2933 3046 τοῖς
2970 2983 3186 3044 πολλοῖς
3229 2980 3691 3049 παραπτώμασιν,

448 3091 546 3132 vos
575 3080 619 3109 9’
666 3097 684 3128 ι
720 3079 772 3130 in
808 3093 932 3131 arca
959 3077 1237 3140 Ecclesiae,
1265 3095 1292 3131 a
1317 3080 1552 3144 pessimo
1575 3081 2022 3150 exsecrandoque

2136 3079 2281 3146 »ιάγὼ
2312 3075 2614 3132 ἀναπαύσω
2636 3077 2780 3146 ὑμᾶς
2819 3094 2838 3125 ι
2876 3074 2933 3126 ὲν
2953 3076 3019 3143 τῇ
3066 3070 3284 3141 κιϐωτῷ
3312 3073 3412 3141 τῆς
3467 3071 3690 3139 Ἐκκλη-

449 3171 714 3224 exercitio
744 3169 1029 3226 liberatos.
1072 3170 1320 3240 Namque
1361 3187 1485 3225 cum
1535 3180 1697 3228 natus
1725 3173 2018 3236 essetNoe,

451 3263 507 3312 in
535 3260 705 3327 ﬁgura
761 3271 815 3314 et
843 3262 1104 3314 vaticiuio
1143 3261 1353 3315 dictum
1383 3270 1467 3316 est
1498 3279 1510 3315 :
1549 3282 1567 3313 ι
1611 3263 1730 3331 Ipse
1767 3262 2022 3318 consola-

453 3351 597 3405 hitur
627 3368 730 3406 nos
754 3353 821 3407 ab
861 3353 1123 3422 operibus
1157 3353 1388 3415 nostris,
1420 3362 1474 3406 et
1500 3368 1529 3406 a
1565 3364 1722 3409 terta
1776 3355 1864 3408 cui
1906 3370 2021 3408 ma-

452 3441 646 3498 ledixit
685 3443 953 3500 Dominus
989 3445 1133 3500 Deus
1164 3457 1354 3499 noster
1391 3445 1460 3499 ³³.
1503 3464 1522 3496 ι

933 3618 1195 3673 LXXXV.
1235 3648 1304 3658 —
1343 3617 1549 3672 Eidem.

524 3710 716 3779 Populi
786 3710 1088 3764 inﬁdelium
1148 3709 1463 3764 Judteorum
1531 3724 1821 3778 personam
1887 3711 2026 3780 gerit

451 3801 728 3856 Chanaam
751 3802 817 3862 “.
839 3802 931 3872 qui
954 3802 1292 3856 denudatum
1315 3802 1594 3858 Christum
1625 3802 1818 3864 irrisit,
1844 3801 2026 3870 ﬂagel-

455 3893 696 3963 lavitque
718 3909 814 3963 per
845 3893 1104 3956 Pilatum,
1137 3902 1193 3948 et
1221 3895 1577 3948 contumeliis
1607 3896 1787 3950 atl‘ecit
1811 3897 1878 3958 ⁸⁸,
1910 3903 2020 3950 etc.

451 3984 578 4040 Sem
620 4001 752 4040 vero
795 3995 850 4040 et
894 3985 1088 4056 Japhet
1125 3994 1337 4039 tantum
1373 4002 1481 4039 non
1511 3988 1682 4054 digito
1718 3997 2027 4041 monstrant

451 4070 675 4144 Iosephi
704 4076 955 4139 comites,
991 4075 1085 4145 qui
1110 4089 1315 4143 corpus
1346 4071 1660 4130 Servatoris
1687 4075 1940 4138 involvit,
1973 4084 2027 4143 et

450 4167 702 4234 reposuit
723 4167 780 4220 in
802 4182 946 4220 novo
972 4175 1353 4220 monumento.
1379 4165 1572 4220 Adhuc
1600 4168 1762 4220 etiam
1792 4167 2028 4219 iuuuunt

451 4255 810 4311 Nicodemutn
855 4258 1072 4314 lsraelis
1123 4258 1475 4326 magistrum,
1523 4266 1886 4325 caeterosque.
1931 4260 2022 4326 qui

2123 3173 2265 3230 σίας,
2296 3167 2734 3236 λελυτρωμένους
2777 3163 3040 3235 ἐργασίας
3067 3162 3409 3231 φαυλοτάτης
3461 3162 3556 3214 καὶ
3585 3161 3697 3213 ἑπι-

2125 3261 2458 3330 καταράτου.
2483 3258 2778 3328 Τεχθέντος
2808 3257 2916 3326 γάρ
2953 3272 3084 3308 ποτε
3113 3253 3208 3307 τοῦ
3250 3253 3520 3323 μακαρίου
3548 3252 3692 3318 Νῶε,

2122 3351 2364 3414 τυπικῶς
2417 3351 2509 3403 καὶ
2536 3348 2885 3420 προφητικῶς
2917 3347 3151 3418 εἴρηται,
3176 3347 3257 3400 ὃτι
3287 3364 3305 3397 t
3328 3341 3495 3406 Οὗτος
3509 3344 3691 3397 διανα-

2124 3441 2324 3495 παύσει
2353 3441 2501 3511 ἡμᾶς
2547 3439 2656 3492 ἀπὸ
2698 3438 2805 3491 τῶν
2852 3437 3029 3508 ἔργων
3082 3437 3261 3506 ἡμῶν,
3297 3437 3392 3488 καὶ
3440 3435 3549 3488 ἀπὸ
3593 3434 3691 3503 τῆς

2137 3533 2249 3601 (ἧς.
2279 3527 2348 3602 ἧς
2377 3531 2726 3602 κατηράσατο
2755 3528 2958 3599 Κύριος
2983 3529 3012 3580 ὁ
3041 3526 3175 3589 Θεὸς
3205 3525 3385 3598 ἡμῶν.
3413 3545 3430 3577 ι

2619 3621 2746 3674 ΠΕ’.
2787 3650 2857 3658 -
2898 3619 2981 3683 Τῷ
3018 3616 3200 3683 αὐτῷ.

2197 3715 2302 3767 Τοῦ
2332 3713 2462 3766 λαοῦ
2493 3711 2600 3764 τῶν
2636 3710 2884 3763 ἀπίστων
2917 3707 3186 3760 Ἰουδαίων
3217 3707 3508 3777 πρόσωπον
3539 3704 3688 3775 φέρει

2125 3809 2152 3858 ὁ
2183 3805 2436 3872 Χαναὰμ,
2465 3803 2612 3864 ὅστις
2653 3801 2747 3854 καὶ
2769 3797 3146 3868 γυμνωθέντος
3163 3797 3258 3850 τοῦ
3287 3794 3520 3868 Χριστοῦ
3557 3813 3686 3848 κατι

2126 3897 2403 3965 εγέλασεν,
2441 3892 2821 3963 ὲφραγέλλωσέ
2853 3908 2911 3944 τε
2943 3890 3030 3944 διὰ
3060 3888 3153 3942 τοῦ
3196 3888 3428 3942 Πιλάτου
3461 3887 3554 3940 καὶ
3574 3886 3686 3956 ἠτί-

2131 4006 2300 4059 μωσε,
2329 3988 2517 4040 καὶτὰ
2561 3983 2705 4053 ἑξῆς.
2738 3984 2857 4051 Σὴμ
2887 3982 2942 4033 δὲ
3002 3982 3096 4033 καὶ
3139 3981 3311 4048 ’ῐαφὲτ
3349 3978 3683 4032 δακτυλοδει-

2128 4081 2316 4134 κτοῦσι
2346 4081 2470 4140 τοὺς
2502 4076 2632 4148 περὶ
2679 4077 2771 4127 τὸν
2812 4075 3007 4141 Ἰωσὴφ
3042 4071 3394 4136 ἐντυλίξαντα
3433 4071 3493 4123 τὸ
3536 4071 3686 4140 σῶμα

2124 4172 2220 4224 τοῦ
2256 4171 2528 4239 Σωτῆρος,
2560 4168 2656 4220 καὶ
2688 4165 2917 4220 ἐναποθέ
2928 4181 3086 4232 μενον
3115 4163 3192 4234 τῷ
3224 4163 3404 4233 νεαρῷ
3431 4164 3682 4234 μνήματι.

2133 4265 2256 4316 Ἔτι
2289 4281 2350 4314 τε
2393 4261 2718 4314 αἰνίττονται
2748 4261 2842 4310 καὶ
2891 4258 3200 4327 Νικόδημον
3228 4256 3320 4309 τὸν
3351 4255 3445 4308 τοῦ
3483 4255 3683 4327 Ἰσραὴλ

452 4348 863 4402 sanctissimum
886 4363 1089 4418 corpus
1114 4345 1419 4412 custodire,
1440 4355 1494 4400 et
1515 4349 1567 4401 in
1593 4349 1799 4403 honore
1823 4350 2024 4404 habere

2136 4351 2462 4412 διδάσκαλον,
2495 4349 2586 4403 καὶ
2618 4350 2742 4410 τοὺς
2770 4347 2978 4412 ἄλλους,
3009 4349 3122 4399 ὅσοι
3145 4347 3427 4417 περιέπειν
3461 4346 3522 4397 τὸ
3553 4363 3682 4398 παν-

450 4439 801 4493 conahantur
831 4439 900 4492 ³⁸.

651 4529 938 4585 LXXXVI.
978 4561 1050 4573 —
1087 4532 1337 4587 ACACIO
1375 4530 1828 4587 MEMORIALIO.

524 4621 825 4680 Sacrorum
863 4633 1040 4695 mysta
1072 4624 1289 4694 Moyses
1326 4625 1608 4697 obliquum
1657 4625 1872 4678 duobus
1915 4639 2015 4674 ma-

452 4713 621 4768 nibus
653 4716 937 4772 sustinens
976 4716 1233 4771 baculum
1278 4717 1582 4772 imitatione
1619 4715 1899 4770 Christum
1931 4729 2027 4766 ex-

451 4789 724 4875 primens,
774 4808 869 4875 qui
926 4823 1095 4878 supra
1153 4824 1378 4864 crucem
1435 4824 1632 4862 manus
1683 4805 2024 4864 extenderat,

449 4897 769 4952 Amalecum
793 4898 848 4952 in
876 4897 1061 4967 fugam
1093 4902 1255 4956 vertit
1277 4903 1344 4955 ⁸⁷.
1368 4900 1659 4969 Propterea
1687 4913 1786 4952 nos
1811 4910 2028 4965 quoque

451 4988 506 5042 in
535 4990 785 5044 oratione
833 5007 1028 5048 manus
1057 4993 1420 5049 extendentes
1469 4994 1734 5047 Satanam
1783 4989 2025 5044 debella-

449 5095 598 5136 mus.
648 5081 705 5135 Si
749 5091 987 5146 rectum,
1034 5101 1144 5140 non
1179 5085 1465 5154 obliquum
1507 5083 1762 5136 baculum
1801 5090 2025 5134 sanctus

451 5171 668 5244 Moyses
695 5174 1031 5241 sustinebat,
1062 5190 1170 5243 qua
1215 5175 1430 5228 ratione
1468 5187 1664 5226 manus
1696 5186 1838 5224 onus
1863 5185 2021 5239 urge-

450 5265 564 5328 hat,
587 5245 976 5334 indigebatque
1005 5266 1327 5335 adiumento
1356 5262 1616 5327 Aaronis,
1646 5273 1698 5315 et
1727 5259 1886 5324 IIuri,
1927 5261 2019 5329 qui

449 5362 581 5417 hinc
605 5369 772 5432 atque
795 5361 950 5415 illinc
980 5377 1176 5416 manus
1208 5361 1357 5415 illius
1389 5359 1646 5414 fulcirent
1675 5358 1760 5409 ⁸⁸2

519 5552 565 5582 ³·
591 5549 772 5606 ludia.
803 5568 857 5611 ν,
881 5551 970 5606 21.
1049 5551 1096 5583 "
1141 5549 1280 5607 Psal.
1319 5567 1455 5617 xm,
1487 5547 1575 5608 36,
1607 5547 1696 5601 I5.

453 5633 528 5680 ιι,
569 5621 654 5676 9.8.
735 5620 939 5677 "Gen.
979 5621 1142 5687 v,‘29.
1220 5623 1263 5654 ’δ
1290 5623 1425 5678 Gen.
1466 5618 1658 5684 “.22.

1772 5548 1817 5576 ⁹⁰
1853 5545 1980 5598 Luc.
2018 5561 2072 5601 ι.
2135 5541 2221 5593 19.
2297 5541 2340 5572 ν’
2375 5541 2505 5594 Luc.
2530 5553 2606 5594 τι.
2642 5541 2707 5590 46
2741 5541 2834 5609 ;__l_

1747 5618 1792 5648 ⁹³
1823 5615 1982 5670 .Ioau.
2021 5630 2131 5677 11v,
2165 5614 2216 5666 1.
2292 5611 2338 5644 ⁸⁸
2369 5610 2498 5665 ibid.
2534 5611 2618 5662 58.
2696 5609 2738 5637 ⁹⁷
2775 5605 2945 5659 Idiod.
2985 5623 3110 5666 un,
3139 5605 3189 5659 9.

2127 4443 2280 4510 ἅγιον
2314 4440 2473 4509 σῶμα
2518 4438 2610 4490 καὶ
2648 4441 2706 4489 ὲν
2735 4439 2868 4506 τιμῇ
2904 4437 3175 4489 ποιεῖσθαι
3197 4435 3552 4498 ἐσπούδαζον.

2408 4533 2548 4596 HG’.
2569 4561 2636 4570 —
2661 4530 2922 4598 ΑΚΛΚῘῼ
2961 4529 3413 4600 ΜΕΜΟΡΙΑΛΙῼ.

2197 4623 2398 4691 Μωσῆς
2420 4624 2448 4674 ὁ
2491 4620 2810 4688 ἱεροφάντης
2841 4619 3075 4685 πλαγίαν
3109 4620 3202 4672 ἐπὶ
3232 4619 3340 4672 τῶν
3378 4619 3472 4672 δύο
3497 4621 3682 4690 χειρῶν

2127 4716 2343 4785 κρατῶν
2376 4715 2472 4784 τὴν
2493 4713 2706 4784 ῥάϐδον,
2753 4712 2894 4764 κατὰ
2931 4711 3161 4782 μίμησιν
3196 4711 3290 4764 τοῦ
3338 4713 3432 4764 ἐπὶ
3462 4717 3681 4784 σταυροῦ

2126 4807 2226 4869 τὰς
2276 4809 2463 4875 χεῖρας
2521 4803 2943 4864 διαπετάσαντος
2993 4803 3257 4872 Χριστοῦ,
3301 4803 3393 4857 τὸν
3451 4805 3679 4874 Ἀμαλὴκ

2127 4893 2497 4964 ὲτροπώσατο.
2531 4892 2620 4944 Διὸ
2644 4892 2736 4944 καὶ
2763 4892 2922 4960 ἡμεῖς
2954 4891 3052 4953 τὰς
3089 4893 3277 4960 χεῖρας
3301 4893 3380 4954 εἰς
3406 4892 3568 4964 εὐχὴν
3598 4895 3678 4946 ἐκ·

2122 4989 2387 5049 τείνοντες
2427 4985 2668 5054 νικῶμεν
2722 4983 2814 5036 τὸν
2864 4983 3128 5037 Σατανᾶν.
3179 4985 3240 5036 Εἰ
3281 4983 3448 5053 ὀρθὴν
3487 4987 3578 5038 καὶ
3612 4986 3677 5054 μὴ

2122 5077 2358 5147 πλαγίαν
2397 5077 2496 5144 τὴν
2531 5074 2724 5145 ῥάϐδον
2771 5075 3017 5142 κατεῖχεν
3057 5074 3086 5124 ὁ
3117 5073 3270 5141 άγιος
3297 5075 3675 5144 Mutis-ﬁgam;

2120 5167 2369 5236 ὲὸαρεῖτο
2421 5163 2520 5226 τὰς
2553 5166 2770 5233 χεῖρας,
2813 5160 2904 5213 καὶ
2947 5161 3133 5231 χρείαν
3180 5161 3290 5230 εἶχε
3335 5160 3430 5213 τοῦ
3483 5163 3674 5232 Ἀαρὼν

2129 5259 2220 5313 καὶ
2279 5255 2374 5309 τοῦ
2436 5255 2540 5324 Ὦρ
2599 5251 3072 5322 ῦποστηριζόντων
3147 5250 3296 5303 ἔνθεν
3347 5253 3446 5314 τὰς
3506 5257 3673 5324 χεῖρας

2128 5365 2292 5405 αυτου
2321 5365 2337 5410 ς

3274 5558 3321 5584 .›.
3403 5536 3445 5566 θ’
3480 5533 3652 5589 Matth.

3268 5607 3311 5635 θ’
3340 5605 3470 5659 ibid.
3505 5607 3580 5659 ιε.

2297 5541 2340 5572 ν’
2375 5538 2505 5594 Luc.
2530 5553 2606 5594 τι.
2642 5537 2707 5590 £6
2741 5553 2754 5596 ;
2820 5534 3011 5588 Mattn.
3055 5551 3208 5597 mu,
