3882 6036
107 232 206 299 I21

634 352 775 405 VIIZ'.
798 382 868 392 -—
900 352 985 418 Τῷ
1007 352 1187 419 αὐτῷ.

194 442 523 514 Ὲπωφελὲς
567 444 635 497 ἂν
666 444 752 514 εἴη
796 444 873 508 ὡς
912 446 1005 498 ἐπὶ
1037 445 1098 498 τὸ
1148 445 1398 498 πλεῖστον
1432 445 1495 498 τὸ
1542 463 1704 497 σταυ-

106 534 355 603 ροειδῶς
383 533 669 604 εὖχεσθαι’
706 535 848 588 οὕτω
883 536 993 607 γὰρ
1022 536 1393 607 εὐλογούμεθα
1427 537 1576 606 παρὰ
1610 535 1702 589 τοῦ

106 623 277 691 θεοῦ,
319 629 421 679 καὶ
449 626 641 690 ἄλλους
676 627 840 680 πάλιν
878 630 1038 698 ἡμεῖς
1072 627 1421 698 εὐλογοῦμεν.
1451 627 1560 681 Kal
1594 627 1705 697 γὰρ

108 720 133 769 6
161 717 465 781 Θεσπέσιος
490 719 692 789 Μωσῆς
735 719 832 790 τὴν
864 720 1069 790 σκηνὴν
1103 718 1454 788 ὲγκαινίζων,
1494 720 1588 772 καὶ
1620 720 1705 772 ὲν-

108 806 392 872 θρονιζων
438 809 589 877 ἱερέα
640 808 732 861 τὸν
782 810 979 862 οἰκεῖον
1029 810 1295 879 ἀδελφὸν,
1344 809 1705 880 σταυροειδῷς

110 902 211 961 τὰς
274 902 475 969 χεῖρας
525 903 607 965 εἰς
654 901 884 971 οὐρανὸν
934 904 1212 969 ἐκτείνας,
1264 903 1569 973 ηὑλόγησεν
1612 901 1704 954 τὸν

111 991 267 1042 λαόν.
302 991 455 1061 Πλὴν
489 993 671 1062 μέντοι
700 993 989 1047 καὶταῦτα
1017 994 1319 1065 εἰρηκότες,
1355 995 1455 1065 τὴν
1506 994 1703 1064 εὐσεϐῆ

110 1083 211 1134 καὶ
260 1084 521 1154 εὐπρεπῆ
590 1085 937 1153 γονυκλισίαν
996 1084 1247 1156 οὐδαμῶς
1313 1085 1703 1156 ἀναιρήσομεν.

110 1175 227 1225 Kal
254 1173 374 1244 γάρ
399 1174 597 1244 Δανιὴλ
618 1178 647 1229 6
673 1178 957 1247 προφήτης
978 1177 1166 1248 τρίτην
1190 1176 1366 1247 ὥραν,
1393 1176 1487 1228 καὶ
1516 1175 1704 1246 ἕκτην,

112 1265 207 1316 καὶ
235 1266 474 1337 ὲννάτην
504 1268 771 1337 κάμπτων
799 1269 893 1321 ἐπὶ
920 1268 1019 1331 τῆς
1054 1270 1158 1332 γῆς
1202 1269 1270 1322 τὰ
1302 1269 1527 1337 γόνατα,
1560 1285 1705 1339 παρ-

113 1356 315 1412 εκάλει
350 1360 446 1412 τὸν
474 1359 627 1414 Θεόν.
829 1421 832 1424 ,

641 1451 775 1506 UH'.
800 1482 868 1491 —
906 1452 990 1517 Τῷ
1017 1452 1197 1518 αὐτῷ.

187 1541 403 1611 Δανιὴλ
443 1542 543 1612 μὲν
571 1544 648 1607 ῶς
676 1545 893 1615 οἰκέτης
926 1547 1148 1616 γνήσιος
1188 1546 1274 1599 διὰ
1304 1548 1610 1619 προσευχῆς
1634 1547 1704 1599 τὰ

116 1632 229 1689 τῶν
255 1631 496 1687 λεόντων
529 1634 587 1687 ἑν
616 1635 695 1705 τῷ
723 1636 912 1706 λάκκῳ
961 1638 1225 1707 ἐνέφραξε
1276 1640 1538 1709 στόματα.
1569 1639 1703 1707 Χρι-

1344 242 1879 304 EPISTOLARUM
1921 247 2066 307 LIB.
2106 248 2156 307 Ι.

3274 244 3380 309 122

2248 356 2556 413 LXXXVII.
2595 390 2664 398 ——
2704 358 2911 413 Eidem.

1877 449 2335 507 Perconiu‘iodum
2365 451 2535 505 fuerit
2555 462 2614 505 ut
2653 452 2949 520 plurimum
2981 452 3163 505 crucis
3196 454 3378 521 ﬁgurae

1804 556 1907 596 nos
1934 541 2043 611 39
2086 543 2341 597 manibus
2380 542 2815 607 conl'ormantes,
2854 558 3043 611 preces
3077 544 3373 598 eﬂiindere.

1806 633 1899 688 Sic
1929 635 2077 688 enim
2102 634 2245 690 Deus
2272 637 2432 689 nobis
2461 635 2759 700 benedicit,
2790 651 3093 704 rursusque
3124 652 3226 690 nus
3256 635 3378 690 aliis

1804 726 2184 782 benedicimus
2212 729 2278 781 ”.
2313 727 2543 783 Divinus
2569 729 2772 783 etenim
2800 727 3018 798 Moyses
3050 729 3379 783 tabernacu-

1803 814 1915 868 lum
1951 831 2308 880 consecrans,
2336 826 2390 871 et
2434 818 2658 871 fratrem
2700 832 2861 871 suum
2892 818 2945 870 in
2982 816 3163 871 sedem
3196 832 3374 873 sacer-

1802 906 1990 960 dotum
2046 906 2346 971 collocans,
2396 907 2463 960 ad
2519 908 2741 961 modum
2796 909 2980 963 crucis
3019 909 3279 963 manibus
3322 909 3379 961 in

1802 1000 2001 1054 emlum
2048 1001 2311 1070 expansis
2358 1000 2641 1056 benedixit
2681 1002 2882 1071 popqu
2916 1004 2954 1055 ³.
3004 1000 3068 1055 Et
3107 1002 3232 1055 licet
3265 1002 3380 1054 bene

1803 1092 2073 1159 dicamus,
2123 1109 2396 1163 nusquam
2454 1102 2635 1147 tamen
2683 1094 2829 1163 piam
2894 1103 2949 1149 et
2988 1095 3243 1149 decoram
3286 1108 3381 1163 ge-

1804 1184 2302 1239 nnum‘ﬂexionem
2341 1185 2408 1239 de
2440 1186 2626 1239 medio
2673 1185 2937 1241 tollimus.
2981 1184 3249 1254 Propheta
3299 1184 3381 1237 si-

1803 1279 2024 1348 quidem
2061 1277 2247 1331 Daniel
2299 1277 2433 1331 hora
2479 1279 2660 1342 tertia,
2717 1287 2869 1331 sexta
2930 1286 2985 1331 et
3033 1292 3178 1331 nona
3216 1290 3383 1345 super

1806 1378 2010 1424 terram
2046 1384 2222 1437 genua
2250 1367 2495 1432 ﬂectens,
2530 1368 2696 1420 Deum
2734 1371 2997 1420 exorabat
3029 1370 3073 1422 ³.

2238 1458 2574 1514 LXXXVIII.
2610 1488 2679 1498 —
2721 1458 2925 1514 Eidem.

1878 1552 2069 1607 Daniel
2120 1552 2344 1622 quidem
2400 1551 2479 1605 uti
2526 1568 2721 1607 servus
2769 1565 3068 1621 germanus
3114 1548 3171 1602 in
3226 1548 3381 1602 fovea

1804 1646 2057 1698 oratione
2109 1643 2328 1697 leonum
2377 1657 2475 1695 ora
2531 1643 2815 1696 obturavit
2860 1642 2901 1694 ⁸.
2951 1638 3208 1694 Christus
3252 1653 3383 1690 vero

119 1725 246 1788 στδς
265 1725 329 1777 δὲ
354 1728 384 1778 ό
398 1725 586 1780 τούτου
610 1728 887 1798 Δεσπότης
919 1730 1025 1800 ἰδίᾳ
1051 1731 1287 1802 ἐξουσίᾳ,
1309 1732 1419 1784 τῶν
1437 1729 1704 1801 πυλωρῶν

1816 1736 1957 1790 illius
1981 1735 2244 1789 Dominus
2270 1734 2489 1804 propria
2516 1734 2846 1789 auctoritate
2864 1730 3164 1800 ianitorum
3194 1727 3381 1789 inferi.

120 1813 214 1868 τοῦ
246 1813 380 1886 ᾇδου
416 1817 511 1869 καὶ
550 1817 660 1871 τῶν
718 1818 956 1888 ἀμειδῶν
997 1821 1247 1890 φρουρῶν
1272 1822 1368 1889 τῆς
1406 1822 1585 1873 ἐκεῖσε
1615 1819 1705 1883 ζο-

123 1909 452 1977 φερωτάτης
475 1910 700 1980 εἱρκτῆς
726 1912 853 1975 τοὺς
882 1912 1168 1983 φάρυγγας
1185 1913 1445 1966 ἔκλεισεν.
1465 1913 1572 1964 Kal
1596 1911 1706 1982 γὰρ

124 2000 313 2069 εἴρητο
352 2003 708 2072 προφητικῶς
746 2004 805 2056 ὲν
847 2007 913 2074 τῇ
960 2004 1127 2077 βίϐλῳ
1167 2006 1262 2059 τοῦ
1303 2005 1451 2059 Ἰώδ·
1484 2025 1501 2055 ι
1540 2003 1707 2057 Ἀνοί-

127 2093 315 2160 γονταί
374 2112 459 2148 σοι
489 2096 640 2167 φόὸῳ
672 2097 838 2151 πύλαι
871 2100 1123 2163 Θανάτου,
1183 2101 1427 2173 πυλωροὶ
1480 2103 1536 2156 δὲ
1576 2103 1704 2174 ᾅδου

124 2186 325 2250 ἰδόντες
362 2204 426 2239 σε
476 2187 738 2257 ἔπτηξαν.
785 2209 804 2242 ›
848 2191 1059 2255 Ζῶντες
1104 2190 1352 2260 λέγονται
1399 2196 1446 2246 οἱ
1486 2194 1706 2247 πιστεύ-

124 2292 311 2341 σαντες
347 2276 429 2347 τῷ
468 2277 707 2348 Χριστῷ,
739 2280 924 2350 νεκροὶ
959 2280 1016 2333 δὲ
1062 2281 1174 2334 ὅσοι
1226 2282 1298 2351 μὴ
1346 2282 1701 2341 ἐπίστευσαν·

121 2364 311 2434 διόπερ
359 2366 708 2436 γέγραπται·
748 2387 764 2418 ι
791 2369 899 2422 Kal
942 2369 1145 2439 ἐστάθη
1198 2369 1407 2442 Ἀαρὼν
1443 2375 1471 2425 ό
1529 2374 1705 2443 ἱερεὺς

122 2460 393 2529 ἀνάμεσον
427 2459 533 2513 τῶν
555 2461 770 2524 ζώντων
794 2463 885 2515 καὶ
908 2462 1016 2516 τῶν
1038 2464 1429 2519 ἀποθανόντων
1464 2486 1481 2516 ι
1517 2468 1703 2520 Maca-

124 2553 182 2616 ξὺ
216 2550 328 2620 γάρ
402 2552 553 2604 ἐστιν
595 2555 623 2606 6
667 2555 946 2623 Δεσπότης
978 2556 1235 2626 Χριστὸς,
1269 2556 1377 2609 τῶν
1420 2575 1480 2609 τε
1523 2575 1704 2628 παρα-

125 2642 436 2711 δεξαμένων
462 2646 646 2708 αὑτδν,
687 2648 782 2700 καὶ
834 2648 940 2700 τῶν
991 2650 1068 2717 μὴ
1114 2649 1480 2720 βουληθέντων
1524 2671 1704 2723 παρα·

127 2736 402 2801 δέξασθαι.
433 2738 545 2791 Καὶ
585 2745 851 2810 μαρτυρεῖ
895 2742 1157 2812 Ἰωάννης
1193 2745 1222 2796 6
1266 2744 1576 2815 Βαπτιστὴς
1621 2745 1706 2798 λέ-

130 2847 234 2893 γων
260 2830 339 2901 τῷ
368 2830 484 2900 λαῷ
532 2832 624 2884 ἐπὶ
671 2832 764 2886 τοῦ
806 2835 1067 2903 Ἰορδάνου
1089 2874 1104 2899 ,
1132 2836 1215 2889 ὅτι
1269 2852 1292 2889 ‹
1324 2837 1506 2901 Μέσος
1551 2837 1707 2908 ὑμῶν

130 2924 378 2986 ἔστηκεν,
408 2925 577 2996 ὅνπερ
610 2925 765 2995 ὑμεῖς
795 2927 1058 2994 ἀγνοεῖτε.
1109 2948 1127 2980 ι

633 3018 758 3073 ΠΘ¹.
793 3050 863 3059 —
910 3020 993 3086 Τῷ
1034 3022 1213 3087 αὐτῷ.

203 3108 476 3179 Βλαδερὸν
517 3112 657 3180 ἄγαν
702 3111 764 3164 τὸ
810 3113 969 3179 λόγον
1029 3115 1196 3183 ἀργόν
1240 3131 1299 3167 τε
1342 3115 1438 3168 καὶ
1481 3115 1708 3184 ἁκερδῆ.

138 3199 225 3250 καὶ
254 3199 327 3271 μὴ
359 3200 804 3272 συμϐαλλόμενον
828 3206 895 3273 τῇ
924 3208 1270 3274 πνευματικῇ
1302 3205 1554 3276 οἰκοδομῇ
1578 3223 1711 3277 προ-

139 3289 315 3356 φέρειν
343 3292 444 3344 ὲκ.
468 3292 752 3362 στόματος,
798 3294 996 3364 ὁμοίως
1036 3296 1129 3347 καὶ
1180 3296 1240 3347 τὸ
1291 3296 1513 3365 τρέφειν
1545 3299 1601 3349 ὲν
1642 3300 1708 3369 τῇ

140 3376 325 3450 καρδίᾳ
360 3379 491 3442 τοὺς
528 3380 679 3449 ὄφεις
727 3383 823 3436 καὶ
872 3384 1003 3444 τοὺς
1064 3386 1359 3455 σκορπίους
1390 3386 1499 3439 τῶν
1544 3405 1707 3457 πονη-

147 3467 245 3535 ρῶν
269 3467 569 3539 λογισμῶν.

664 3566 734 3629 Lf.
763 3594 832 3603 ——
875 3561 960 3628 Τῷ
1000 3563 1180 3629 αὐτῷ.

207 3651 396 3717 Ποθείς
439 3654 643 3722 γνῶναι
692 3654 790 3718 τὰς
822 3655 931 3708 τῶν
976 3655 1387 3726 πατριαρχικῶν
1430 3657 1709 3726 ὀνομάτων

144 3744 445 3814 ἑρμηνείας.
483 3748 593 3800 Kal
636 3747 699 3818 δὴ
734 3748 870 3812 λέξω
904 3766 985 3801 σοι
1007 3749 1228 3812 ταύτας.
1266 3751 1491 3820 Ῥουϐὴν
1533 3753 1707 3820 ἑρμη-

144 3835 368 3901 νεύεται,
420 3836 575 3905 ὀρῶν
621 3840 783 3904 υἱός·
842 3840 1067 3910 Συμεὼν
1115 3841 1192 3904 δὲ,
1230 3842 1467 3907 ὑπακοὴ
1518 3842 1702 3894 Θεοῦ·

146 3929 285 3995 Astii,
334 3930 674 3997 κολλητύς.
727 3933 973 3986 τουτέστι
1028 3934 1148 4001 Θεῷ
1198 3932 1703 4002 προσκολλὼμενος,

147 4022 231 4073 καὶ
256 4021 681 4093 προσχρωτίζων
700 4039 714 4051 ·
751 4023 973 4086 Ἰούδας,
1020 4023 1459 4092 ἐξομολόγησις
1484 4043 1498 4054 ·
1537 4023 1708 4076 Ἰσσά-

148 4130 262 4183 χαρ,
290 4114 509 4181 μισθὸς
531 4114 750 4183 ἁγίωνσ
780 4115 1086 4179 Ζαϐουλὼν,
1127 4118 1300 4183 ῥύσις
1354 4118 1703 4183 νυκτερίας·

160 4206 361 4277 Ἰωσὴφ,
386 4208 606 4275 Κυρίου
626 4207 942 4275 προσθήκη
967 4226 979 4237 ·
1013 4210 1290 4277 Βενιαμὶν,
1322 4211 1452 4275 υἱὸς
1475 4209 1701 4274 δεξιᾶς·

148 4299 260 4363 Δάν,
285 4301 503 4369 κρίσιςν
536 4300 845 4368 Νεφθαλὶμ,
880 4302 1194 4369 ἀνειμένον
1230 4302 1541 4371 στέλεχος,
1586 4304 1704 4372 ἦτοι

1808 1837 1862 1881 et
1892 1826 2383 1882 tenebricosissimi
2419 1827 2620 1881 ibidem
2652 1819 2896 1878 carceris
2926 1820 3217 1876 custodum
3253 1836 3382 1873 cru-

1807 1920 2009 1973 delium
2037 1920 2227 1972 fauces
2254 1918 2489 1972 occlusit
2521 1935 2535 1972 :
2568 1916 2716 1986 quod
2748 1914 3220 1986 pracvaticinatum
3263 1910 3382 1965 fue-

1808 2021 1894 2065 rat
1926 2012 1977 2064 in
2015 1992 2154 2065 libro
2182 2011 2284 2065 Job
2321 2030 2334 2065 :
2383 2029 2401 2062 ι
2445 2010 2777 2079 Aperientur
2828 2007 2927 2060 tibi
2976 2006 3174 2059 timore
3213 2013 3382 2073 porta:

1808 2103 2005 2158 mortis
2041 2120 2055 2156 :
2084 2102 2358 2171 janitores
2393 2118 2525 2155 vero
2556 2101 2859 2155 inferorum
2888 2102 3137 2155 videntes
3170 2109 3221 2154 te
3250 2115 3383 2153 con-

1809 2203 2153 2249 tremuerunt
2206 2194 2248 2248 ’⁵.
2311 2214 2330 2247 ι
2383 2196 2488 2261 Qui
2544 2195 2768 2249 Christo
2827 2195 3221 2256 crediderunt,
3271 2193 3379 2245 vivi

1808 2292 2238 2353 nuncupantur;
2271 2283 2496 2345 mortui,
2530 2286 2620 2352 qui
2658 2301 2765 2338 non
2789 2285 3147 2339 crediderunt
3172 2303 3185 2338 :
3211 2299 3384 2353 quare

1809 2375 2075 2441 scriptum
2113 2382 2233 2429 est:
2271 2391 2291 2423 ε
2332 2372 2396 2426 Ει
2425 2374 2575 2427 stetit
2604 2376 2786 2427 Aaron
2818 2374 3080 2428 sacerdos
3115 2375 3169 2427 in
3202 2373 3384 2426 medio

1805 2465 2054 2518 vivorum
2130 2471 2186 2518 et
2239 2463 2627 2517 defunctorum
2686 2466 2727 2517 ⁵.
2799 2484 2817 2516 ι
2880 2464 3092 2541 Medius
3179 2468 3381 2518 etenim

1806 2557 2060 2612 Christus
2103 2555 2365 2611 Dominus
2407 2566 2493 2611 est
2541 2557 2681 2609 inter
2708 2572 2826 2620 eos,
2867 2556 2961 2625 qui
2991 2572 3113 2609 eum
3146 2570 3382 2624 excepe-

1810 2654 1956 2709 runt,
1985 2655 2041 2701 et
2065 2661 2182 2710 eos,
2209 2647 2302 2716 qui
2328 2647 2619 2700 noluerunt
2648 2663 2772 2701 eum
2798 2647 3074 2715 excipere.
3113 2645 3384 2700 Testimo-

1807 2739 2014 2807 nioque
2054 2754 2158 2793 suo
2199 2739 2251 2793 id
2283 2739 2479 2810 probat
2511 2738 2755 2793 Joannes
2807 2738 3051 2807 Baptista
3098 2738 3385 2807 alloquens

1806 2833 2070 2904 populum
2132 2833 2188 2887 in
2248 2830 2491 2886 Jordane
2548 2850 2560 2884 ε
2618 2851 2637 2883 ι
2694 2824 2907 2887 Medius
2956 2842 3201 2887 vestrum
3251 2840 3384 2895 stat,

1807 2939 1972 2994 quem
1994 2938 2092 2979 vos
2118 2923 2387 2995 ignoratis
2416 2924 2455 2976 °.
2502 2941 2519 2973 ι

2304 3014 2593 3069 LXXXIX.
2631 3046 2700 3055 —
2738 3013 2944 3068 Eidem.

1882 3108 2056 3174 Quam
2088 3108 2627 3179 perniciosissimum
2673 3118 2780 3169 est,
2812 3120 3121 3160 sermonem
3162 3121 3383 3167 vanum,

1813 3212 1867 3257 et
1904 3203 2180 3263 inutilem,
2210 3211 2264 3255 ct
2297 3200 2532 3269 spiritali
2580 3198 2811 3253 mdiﬁcio
2843 3200 2953 3271 ἀο
3000 3200 3223 3253 minime
3258 3214 3381 3253 con-

1814 3296 2105 3349 ducentem
2165 3311 2228 3347 ex
2285 3310 2380 3347 ore
2430 3292 2676 3361 proferre
2731 3311 2745 3346 :
2801 3292 3060 3345 similiter
3108 3292 3159 3344 in
3218 3290 3382 3345 corde

1811 3386 2024 3439 nutrire
2073 3392 2380 3455 serpentes,
2417 3391 2471 3436 et
2503 3383 2829 3451 scorpiones
2865 3381 3132 3435 malarum
3176 3381 3381 3451 cogita-

1810 3478 2043 3531 tionum.
2814 3520 2817 3523 .

2368 3566 2475 3621 XC.
2517 3594 2588 3607 --
2628 3564 2834 3618 Eidem.

1880 3659 2049 3728 Cupis
2087 3659 2524 3727 patriarcharum
2569 3660 2848 3713 nominum
2890 3657 3383 3726 interpretationes

1808 3752 2094 3806 addiscere
2128 3752 2170 3803 ".
2220 3750 2422 3804 Morem
2470 3751 2568 3804 tibi
2608 3766 2813 3819 geram.
2864 3748 3056 3801 Ruben
3103 3749 3373 3809 redditur,

1817 3842 2007 3896 Videns
2034 3841 2221 3909 ﬁlius;
2254 3841 2496 3898 Siuieon.
2549 3840 2856 3894 Obedienlia
2900 3842 3024 3901 Dei;
3060 3839 3209 3903 Levi,
3247 3855 3379 3892 con-

1806 3934 2121 4003 glutinatus,
2168 3932 2274 3986 Deo
2301 3948 2495 4000 nempe
2526 3933 2795 3993 adnexus,
2842 3942 2895 3985 et
2933 3931 3151 3998 corpori
3195 3931 3377 3983 conti-

1807 4041 1979 4093 guus;
2025 4023 2220 4083 Judas,
2257 4022 2577 4091 Confessio;
2610 4023 2886 4082 Issachar,
2925 4021 3126 4074 Men-es
3170 4032 3381 4074 sancto-

1807 4134 1962 4181 rum;
1998 4116 2270 4176 Zabnlon,
2303 4114 2577 4168 Nocturna
2611 4116 2889 4175 liberalia;
2914 4112 3142 4179 Ioseph,
3172 4112 3379 4165 Domini

1806 4208 2256 4269 additamentum;
2308 4206 2625 4273 Benjamiu,
2684 4205 2863 4258 Filius
2914 4206 3173 4266 demtum;
3226 4204 3379 4267 Dan,

1805 4300 2115 4355 Judicium:
2164 4297 2547 4365 Nephthalim,
2621 4296 2891 4349 Demissus
2947 4306 3194 4359 truncus,
3254 4296 3372 4349 sive

148 4390 440 4458 προσευχὴ
462 4407 475 4418 ·
510 4390 636 4453 Γὰδ,
689 4392 1126 4456 εὐεπίτευκτος.
1169 4392 1335 4460 ἤγουν
1368 4391 1700 4461 τυγχάνων-ο

1816 4390 2037 4453 Oratio;
2078 4388 2217 4453 Gad,
2259 4390 2341 4441 Ad
2390 4388 2704 4456 loquendum
2747 4387 2948 4455 facilis,
2994 4403 3089 4440 seu
3142 4388 3210 4439 ad
3253 4403 3375 4439 con-

158 4481 330 4553 Ἀσήρ,
373 4481 657 4547 πλοῦτος,
687 4483 719 4549 ἢ
747 4484 1142 4551 μακαρισμός.

624 4574 741 4638 AA’.
776 4603 845 4611 —
896 4572 984 4637 Τῷ
1021 4572 1201 4639 αὐτῷ.

219 4664 537 4730 Ἐναλλάξας
564 4664 664 4726 τάς
703 4666 886 4734 χεῖρας
924 4666 952 4717 ό
995 4664 1146 4732 ἅγιος
1182 4664 1396 4731 Ἰακὼϐ,
1426 4667 1551 4729 τοὺς
1577 4668 1705 4737 περὶ

148 4753 243 4806 τῶν
285 4756 525 4828 Ἐφραὶμ
588 4757 682 4810 καὶ
727 4756 816 4808 τὸν
868 4758 1170 4825 Μανασσὴν
1228 4756 1553 4827 ηὑλόγησεν.
1594 4761 1704 4811 Kal

154 4846 300 4914 βλέπε
329 4849 390 4901 τὸ
419 4848 759 4918 θαυμαστόν·
787 4850 852 4918 τῇ
889 4848 999 4917 γὰρ
1046 4849 1313 4920 ἐναλλαγῇ
1353 4850 1462 4903 τῶν
1504 4850 1703 4920 χειρῶν

154 4936 453 5003 ὲκτυπώσας
480 4940 573 4993 τὸν
622 4940 856 5010 σταυρὸν
900 4939 995 4993 τοῦ
1038 4941 1268 5011 Κυρίου.
1314 4942 1554 5012 παρέσχε
1592 4945 1705 5006 τοῖς

153 5031 372 5097 ἐγγόνοις
402 5032 498 5095 τὰς
525 5031 676 5094 θείας
701 5032 969 5099 εὐλογίας,
1002 5033 1095 5085 καὶ
1128 5033 1309 5103 τίθησι
1352 5033 1444 5087 τὸν
1490 5034 1703 5105 πρῶτον

156 5120 385 5195 δεύτερον
439 5125 532 5177 καὶ
563 5123 653 5176 τὸν
690 5122 941 5193 δεύτερον
971 5124 1210 5193 πρῶτον.

624 5214 738 5281 HB’.
781 5245 851 5254 -—
903 5214 986 5280 Τῷ
1023 5212 1202 5279 αὐτῷ.

228 5304 281 5359 '0
305 5305 535 5377 σταυρὸς
582 5305 823 5377 Χριστοῦ
868 5304 963 5358 τοῦ
1010 5304 1521 5374 φιλανθρωποτάτου
1574 5307 1701 5372 τοὺς

161 5393 380 5459 πρώτους
431 5395 715 5465 δευτέρους
757 5394 1006 5461 ἀπέδειξε
1035 5394 1123 5447 διὰ
1174 5395 1271 5465 τὴν
1324 5394 1472 5463 σφῶν
1514 5395 1704 5460 ἀλαζο-

222 5595 259 5666 ?”
289 5599 451 5653 Exod.
486 5617 673 5666 χχχιιι,
706 5602 794 5654 45.
875 5602 888 5630 ¹
927 5598 1099 5653 chil.
1157 5615 1228 5654 ix.
1264 5597 1354 5651 9‘3.

1458 5602 1478 5629 ²
1511 5598 1645 5653 Dan.
1700 5616 1773 5663 vr,
1810 5599 1895 5656 15.

1802 4483 2181 4545 suescendum;
2206 4482 2392 4543 Asser,
2421 4481 2660 4542 Divitiw,
2686 4482 2802 4535 sive
2825 4480 3131 4534 Beatitudo.

2348 4573 2485 4627 XCI.
2526 4604 2597 4613 ——
2637 4572 2847 4627 Eidem.

1873 4668 2235 4722 Commutatis
2288 4667 2545 4720 manibus
2599 4676 2825 4720 sanctus
2875 4664 3046 4717 Jacob
3105 4665 3231 4724 illis,
3285 4664 3376 4730 qui

1804 4761 1949 4816 circa
1983 4759 2240 4828 Ephraim
2281 4770 2459 4822 erant,
2496 4766 2550 4810 et
2577 4756 2884 4808 Manassem
2924 4753 3202 4807 benedixit
3233 4754 3276 4806 ⁸,
3317 4753 3375 4804 ΕΙ

1802 4860 1933 4906 nota
1977 4852 2214 4915 mirum;
2265 4851 2394 4903 dum
2444 4849 2592 4903 enim
2646 4863 2708 4902 ea
2760 4862 3020 4900 manuum
3082 4853 3358 4898 commuta

1802 4945 1977 5007 tione,
2004 4959 2170 4998 cruce
2202 4942 2416 4997 Domini
2452 4944 2707 5012 ﬁgurata,
2740 4942 2857 4995 suis
2880 4939 3118 5008 posteris
3161 4938 3374 4991 divinas

1805 5034 2223 5089 benedictiones
2281 5033 2584 5102 elargitur,
2646 5030 2697 5083 id
2758 5038 2979 5099 pI‘iliSlill
3046 5040 3104 5082 ut
3168 5027 3375 5098 primus

1804 5126 2101 5191 secundus,
2156 5133 2211 5180 ct
2244 5125 2524 5180 secundus
2552 5124 2763 5193 primus
2791 5122 2902 5174 Iial.

2325 5211 2485 5266 XCII.
2535 5237 2608 5251 —
2648 5209 2855 5263 Eidem.

1878 5303 2025 5358 Crux
2052 5303 2259 5358 Christi
2285 5303 2677 5357 humanissimi
2699 5302 2904 5371 primos
2934 5309 3152 5369 propter
3184 5313 3371 5353 eorum

1811 5397 2128 5467 superbiant
2172 5405 2228 5451 et
2275 5396 2647 5467 arrogantiam
2698 5393 2969 5450 secundos
2997 5392 3195 5445 «Ill-cit.
3238 5393 3371 5447 Hinc

2002 5598 2192 5651 'Dan.
2256 5614 2366 5662 xvi,
2431 5600 2452 5652 I
2515 5614 2669 5668 seqq.
2787 5596 2951 5653 ‘Job.
3010 5610 3232 5663 axxvut,
3283 5590 3369 5649 17.

167 5660 340 5725 'Num.
380 5688 490 5736 xvn,
518 5671 601 5726 48.
661 5660 700 5702 ’⁸
727 5669 883 5727 Joan.
918 5686 955 5733 ι,
984 5670 1073 5724 :26.
1151 5671 1167 5702 ⁷
1193 5668 1326 5725 Gen.
1362 5684 1505 5739 uix,
1532 5671 1566 5725 5
1640 5685 1700 5728 sc

1877 5669 2048 5726 “Gen.
2083 5685 2266 5734 vani,
2302 5660 2363 5724 ti
2407 5685 2562 5739 seqq.
