  <div class='ocr_page' id='page_1' title='image "/cluster/home/n/w/nwhite01/storage/ocr_20150623/79/hvd.32044010610517/070.png"; bbox 0 0 3882 6036; ppageno 0'>
   <div class='ocr_carea' id='block_1_1' title="bbox 9 294 35 309">
    <p class='ocr_par' dir='ltr' id='par_1_1' title="bbox 9 294 35 309">
     <span class='ocr_line' id='line_1_1' title="bbox 9 294 35 309; baseline 0 0"><span class='ocrx_word' id='word_1_1' title='bbox 9 294 35 309; x_wconf 72' lang='grc' dir='ltr'><strong>ιν</strong></span> 
     </span>
    </p>
   </div>
   <div class='ocr_carea' id='block_1_2' title="bbox 7 303 1621 376">
    <p class='ocr_par' dir='ltr' id='par_1_2' title="bbox 7 303 1621 366">
     <span class='ocr_line' id='line_1_2' title="bbox 7 303 1621 366; baseline 0.007 -12"><span class='ocrx_word' id='word_1_2' title='bbox 7 303 43 354; x_wconf 77' lang='grc'>5</span> <span class='ocrx_word' id='word_1_3' title='bbox 1244 303 1621 366; x_wconf 81' lang='lat' dir='ltr'><strong>EPISTOLA]</strong></span> 
     </span>
    </p>
   </div>
   <div class='ocr_carea' id='block_1_3' title="bbox 1725 303 2039 376">
    <p class='ocr_par' dir='ltr' id='par_1_3' title="bbox 1725 303 2039 376">
     <span class='ocr_line' id='line_1_3' title="bbox 1725 303 2039 376; baseline 0.019 -7"><span class='ocrx_word' id='word_1_4' title='bbox 1725 310 1779 369; x_wconf 89' lang='lat' dir='ltr'><strong>M</strong></span> <span class='ocrx_word' id='word_1_5' title='bbox 1810 303 1948 371; x_wconf 68' lang='lat' dir='ltr'><strong>LIB&#39;</strong></span> <span class='ocrx_word' id='word_1_6' title='bbox 1990 311 2039 376; x_wconf 91' lang='grc' dir='ltr'><strong>Ῑ.</strong></span> 
     </span>
    </p>
   </div>
   <div class='ocr_carea' id='block_1_4' title="bbox 3184 320 3283 384">
    <p class='ocr_par' dir='ltr' id='par_1_4' title="bbox 3184 320 3283 384">
     <span class='ocr_line' id='line_1_4' title="bbox 3184 320 3283 384; baseline 0 -1"><span class='ocrx_word' id='word_1_7' title='bbox 3184 320 3283 384; x_wconf 69' lang='grc'><strong>126</strong></span> 
     </span>
    </p>
   </div>
   <div class='ocr_carea' id='block_1_5' title="bbox 5 408 1621 507">
    <p class='ocr_par' dir='ltr' id='par_1_5' title="bbox 5 408 1604 490">
     <span class='ocr_line' id='line_1_5' title="bbox 5 408 1604 490; baseline 0.008 -32"><span class='ocrx_word' id='word_1_8' title='bbox 5 422 44 477; x_wconf 87' lang='grc' dir='ltr'>ρ</span> <span class='ocrx_word' id='word_1_9' title='bbox 99 408 227 462; x_wconf 68' lang='grc' dir='ltr'><strong>καὶ</strong></span> <span class='ocrx_word' id='word_1_10' title='bbox 280 414 500 483; x_wconf 78' lang='grc' dir='ltr'>κρεῶν</span> <span class='ocrx_word' id='word_1_11' title='bbox 546 414 920 482; x_wconf 80' lang='grc' dir='ltr'>ὲπιτεύξονται</span> <span class='ocrx_word' id='word_1_12' title='bbox 951 433 965 447; x_wconf 86' lang='grc'><strong>·</strong></span> <span class='ocrx_word' id='word_1_13' title='bbox 996 414 1199 470; x_wconf 85' lang='grc' dir='ltr'>τέλειον</span> <span class='ocrx_word' id='word_1_14' title='bbox 1239 418 1349 490; x_wconf 89' lang='grc' dir='ltr'><strong>γάρ</strong></span> <span class='ocrx_word' id='word_1_15' title='bbox 1396 419 1604 489; x_wconf 79' lang='grc' dir='ltr'>ἐστινὴ</span> 
     </span>
    </p>
   </div>
   <div class='ocr_carea' id='block_1_6' title="bbox 1725 408 3284 507">
    <p class='ocr_par' dir='ltr' id='par_1_6' title="bbox 1725 427 3284 507">
     <span class='ocr_line' id='line_1_6' title="bbox 1725 427 3284 507; baseline 0.008 -27"><span class='ocrx_word' id='word_1_16' title='bbox 1725 428 1871 480; x_wconf 68' lang='lat' dir='ltr'><strong>etiam</strong></span> <span class='ocrx_word' id='word_1_17' title='bbox 1898 429 2195 482; x_wconf 86' lang='lat' dir='ltr'><strong>habebunt.</strong></span> <span class='ocrx_word' id='word_1_18' title='bbox 2217 427 2435 482; x_wconf 81' lang='lat' dir='ltr'><strong>Solidus</strong></span> <span class='ocrx_word' id='word_1_19' title='bbox 2465 445 2701 501; x_wconf 80' lang='lat' dir='ltr'><strong>namque</strong></span> <span class='ocrx_word' id='word_1_20' title='bbox 2728 432 2904 495; x_wconf 84' lang='lat' dir='ltr'><strong>cibus.</strong></span> <span class='ocrx_word' id='word_1_21' title='bbox 2939 444 2997 488; x_wconf 90' lang='lat' dir='ltr'><strong>ut</strong></span> <span class='ocrx_word' id='word_1_22' title='bbox 3032 435 3107 489; x_wconf 88' lang='lat' dir='ltr'><strong>ait</strong></span> <span class='ocrx_word' id='word_1_23' title='bbox 3136 438 3284 507; x_wconf 28' lang='lat' dir='ltr'><strong>Apes</strong></span> 
     </span>
    </p>
   </div>
   <div class='ocr_carea' id='block_1_7' title="bbox 5 499 1611 579">
    <p class='ocr_par' dir='ltr' id='par_1_7' title="bbox 5 499 1611 579">
     <span class='ocr_line' id='line_1_7' title="bbox 5 499 1611 579; baseline 0.006 -29"><span class='ocrx_word' id='word_1_24' title='bbox 5 499 173 568; x_wconf 73' lang='grc' dir='ltr'>ερεὰ</span> <span class='ocrx_word' id='word_1_25' title='bbox 230 506 485 575; x_wconf 75' lang='grc' dir='ltr'>τροφὴ,</span> <span class='ocrx_word' id='word_1_26' title='bbox 514 504 589 569; x_wconf 84' lang='grc' dir='ltr'><strong>ῶς</strong></span> <span class='ocrx_word' id='word_1_27' title='bbox 636 523 799 575; x_wconf 84' lang='grc' dir='ltr'>φησιν</span> <span class='ocrx_word' id='word_1_28' title='bbox 844 510 871 560; x_wconf 88' lang='lat'><strong>6</strong></span> <span class='ocrx_word' id='word_1_29' title='bbox 935 507 1254 570; x_wconf 81' lang='grc' dir='ltr'>Ἀπόστολος</span> <span class='ocrx_word' id='word_1_30' title='bbox 1281 525 1295 540; x_wconf 76' lang='grc' dir='ltr'><strong><em>ο</em></strong></span> <span class='ocrx_word' id='word_1_31' title='bbox 1342 510 1435 561; x_wconf 75' lang='grc' dir='ltr'>καὶ</span> <span class='ocrx_word' id='word_1_32' title='bbox 1479 525 1611 579; x_wconf 85' lang='grc' dir='ltr'>προ-</span> 
     </span>
    </p>
   </div>
   <div class='ocr_carea' id='block_1_8' title="bbox 1 596 1613 668">
    <p class='ocr_par' dir='ltr' id='par_1_8' title="bbox 1 596 1613 668">
     <span class='ocr_line' id='line_1_8' title="bbox 1 596 1613 668; baseline 0.007 -26"><span class='ocrx_word' id='word_1_33' title='bbox 1 596 270 657; x_wconf 77' lang='grc' dir='ltr'>αφωνεῖ</span> <span class='ocrx_word' id='word_1_34' title='bbox 288 597 565 668; x_wconf 80' lang='grc' dir='ltr'><strong>Μωῦσῆς</strong></span> <span class='ocrx_word' id='word_1_35' title='bbox 584 598 660 667; x_wconf 84' lang='grc' dir='ltr'>τῷ</span> <span class='ocrx_word' id='word_1_36' title='bbox 677 598 788 668; x_wconf 84' lang='grc' dir='ltr'><strong>λαῷ</strong></span> <span class='ocrx_word' id='word_1_37' title='bbox 825 598 1015 666; x_wconf 87' lang='grc' dir='ltr'>λέγων·</span> <span class='ocrx_word' id='word_1_38' title='bbox 1045 618 1063 651; x_wconf 73' lang='grc' dir='ltr'><strong>ι</strong></span> <span class='ocrx_word' id='word_1_39' title='bbox 1086 599 1400 667; x_wconf 81' lang='grc' dir='ltr'>Ἀγνίσασθε</span> <span class='ocrx_word' id='word_1_40' title='bbox 1414 600 1491 662; x_wconf 86' lang='grc' dir='ltr'><strong>είς</strong></span> <span class='ocrx_word' id='word_1_41' title='bbox 1512 601 1613 668; x_wconf 79' lang='grc' dir='ltr'><strong>τὴν</strong></span> 
     </span>
    </p>
   </div>
   <div class='ocr_carea' id='block_1_9' title="bbox 13 689 1613 762">
    <p class='ocr_par' dir='ltr' id='par_1_9' title="bbox 13 689 1613 762">
     <span class='ocr_line' id='line_1_9' title="bbox 13 689 1613 762; baseline 0.003 -26"><span class='ocrx_word' id='word_1_42' title='bbox 13 702 188 755; x_wconf 79' lang='grc' dir='ltr'>ριον,</span> <span class='ocrx_word' id='word_1_43' title='bbox 232 689 369 741; x_wconf 67' lang='grc' dir='ltr'>καὶ</span> <span class='ocrx_word' id='word_1_44' title='bbox 390 690 631 760; x_wconf 70' lang='grc' dir='ltr'>φάγεσθε</span> <span class='ocrx_word' id='word_1_45' title='bbox 652 691 787 761; x_wconf 84' lang='grc' dir='ltr'>κρέα</span> <span class='ocrx_word' id='word_1_46' title='bbox 807 707 854 743; x_wconf 78' lang='grc'><strong>⁸)</strong></span> <span class='ocrx_word' id='word_1_47' title='bbox 890 692 1027 762; x_wconf 83' lang='grc' dir='ltr'>κρέα</span> <span class='ocrx_word' id='word_1_48' title='bbox 1058 693 1253 762; x_wconf 75' lang='grc' dir='ltr'>νοήσας</span> <span class='ocrx_word' id='word_1_49' title='bbox 1282 692 1343 744; x_wconf 84' lang='grc' dir='ltr'>τό</span> <span class='ocrx_word' id='word_1_50' title='bbox 1367 709 1425 744; x_wconf 84' lang='grc' dir='ltr'><strong>τε</strong></span> <span class='ocrx_word' id='word_1_51' title='bbox 1472 690 1613 743; x_wconf 83' lang='grc' dir='ltr'>θεῖον</span> 
     </span>
    </p>
   </div>
   <div class='ocr_carea' id='block_1_10' title="bbox 0 776 1610 853">
    <p class='ocr_par' dir='ltr' id='par_1_10' title="bbox 0 776 1610 853">
     <span class='ocr_line' id='line_1_10' title="bbox 0 776 1610 853; baseline 0.001 -22"><span class='ocrx_word' id='word_1_52' title='bbox 0 776 153 843; x_wconf 58' lang='lat' dir='ltr'><strong>ipa,</strong></span> <span class='ocrx_word' id='word_1_53' title='bbox 204 778 451 852; x_wconf 83' lang='grc' dir='ltr'>ὥσπερ</span> <span class='ocrx_word' id='word_1_54' title='bbox 476 777 568 835; x_wconf 80' lang='grc' dir='ltr'><strong>οὖν</strong></span> <span class='ocrx_word' id='word_1_55' title='bbox 619 781 889 835; x_wconf 77' lang='grc' dir='ltr'>ἐσθίουσιν</span> <span class='ocrx_word' id='word_1_56' title='bbox 933 783 983 836; x_wconf 73' lang='lat' dir='ltr'><strong>oi</strong></span> <span class='ocrx_word' id='word_1_57' title='bbox 1023 782 1203 835; x_wconf 76' lang='grc' dir='ltr'>πιστοὶ</span> <span class='ocrx_word' id='word_1_58' title='bbox 1233 783 1325 835; x_wconf 72' lang='grc' dir='ltr'><strong>ἐπὶ</strong></span> <span class='ocrx_word' id='word_1_59' title='bbox 1364 783 1462 853; x_wconf 73' lang='grc' dir='ltr'><strong>τῆς</strong></span> <span class='ocrx_word' id='word_1_60' title='bbox 1516 782 1610 833; x_wconf 81' lang='grc' dir='ltr'><strong>ἐκ-</strong></span> 
     </span>
    </p>
   </div>
   <div class='ocr_carea' id='block_1_11' title="bbox 2 867 1615 947">
    <p class='ocr_par' dir='ltr' id='par_1_11' title="bbox 2 867 1615 947">
     <span class='ocr_line' id='line_1_11' title="bbox 2 867 1615 947; baseline 0.005 -28"><span class='ocrx_word' id='word_1_61' title='bbox 2 867 240 939; x_wconf 61' lang='grc' dir='ltr'>ησίας,</span> <span class='ocrx_word' id='word_1_62' title='bbox 300 876 427 926; x_wconf 72' lang='grc' dir='ltr'>καὶ</span> <span class='ocrx_word' id='word_1_63' title='bbox 452 875 549 944; x_wconf 84' lang='grc' dir='ltr'>τὴν</span> <span class='ocrx_word' id='word_1_64' title='bbox 580 874 780 944; x_wconf 89' lang='grc' dir='ltr'>γνῶσιν</span> <span class='ocrx_word' id='word_1_65' title='bbox 812 876 1155 947; x_wconf 78' lang='grc' dir='ltr'><strong>Χριστιανῶν</strong></span> <span class='ocrx_word' id='word_1_66' title='bbox 1197 876 1297 946; x_wconf 82' lang='grc' dir='ltr'>τὴν</span> <span class='ocrx_word' id='word_1_67' title='bbox 1337 891 1615 946; x_wconf 83' lang='grc' dir='ltr'>μακαριω-</span> 
     </span>
    </p>
   </div>
   <div class='ocr_carea' id='block_1_12' title="bbox 0 967 1393 1039">
    <p class='ocr_par' dir='ltr' id='par_1_12' title="bbox 0 967 1393 1039">
     <span class='ocr_line' id='line_1_12' title="bbox 0 967 1393 1039; baseline 0.006 -27"><span class='ocrx_word' id='word_1_68' title='bbox 0 979 160 1031; x_wconf 71' lang='grc' dir='ltr'>ετην,</span> <span class='ocrx_word' id='word_1_69' title='bbox 226 968 362 1018; x_wconf 77' lang='grc' dir='ltr'><strong>καὶ</strong></span> <span class='ocrx_word' id='word_1_70' title='bbox 402 967 588 1020; x_wconf 80' lang='grc' dir='ltr'>πασῶν</span> <span class='ocrx_word' id='word_1_71' title='bbox 619 968 926 1039; x_wconf 83' lang='grc' dir='ltr'>ὑπερτέραν</span> <span class='ocrx_word' id='word_1_72' title='bbox 954 968 1064 1021; x_wconf 77' lang='grc' dir='ltr'><strong>τῶν</strong></span> <span class='ocrx_word' id='word_1_73' title='bbox 1115 967 1393 1036; x_wconf 84' lang='grc' dir='ltr'>γνώσεων.</span> 
     </span>
    </p>
   </div>
   <div class='ocr_carea' id='block_1_13' title="bbox 546 1060 1080 1126">
    <p class='ocr_par' dir='ltr' id='par_1_13' title="bbox 546 1060 1080 1126">
     <span class='ocr_line' id='line_1_13' title="bbox 546 1060 1080 1126; baseline 0 -12"><span class='ocrx_word' id='word_1_74' title='bbox 546 1060 623 1115; x_wconf 85' lang='grc' dir='ltr'><strong>Ρ’.</strong></span> <span class='ocrx_word' id='word_1_75' title='bbox 654 1094 723 1102; x_wconf 93' lang='lat'><em>—</em></span> <span class='ocrx_word' id='word_1_76' title='bbox 760 1060 843 1125; x_wconf 87' lang='grc' dir='ltr'><strong><em>Τῷ</em></strong></span> <span class='ocrx_word' id='word_1_77' title='bbox 900 1061 1080 1126; x_wconf 85' lang='grc' dir='ltr'>αὐτῷ.</span> 
     </span>
    </p>
   </div>
   <div class='ocr_carea' id='block_1_14' title="bbox 19 1143 1614 1224">
    <p class='ocr_par' dir='ltr' id='par_1_14' title="bbox 19 1143 1614 1224">
     <span class='ocr_line' id='line_1_14' title="bbox 19 1143 1614 1224; baseline 0.005 -24"><span class='ocrx_word' id='word_1_78' title='bbox 19 1143 109 1201; x_wconf 77' lang='grc' dir='ltr'><strong>Εὖ</strong></span> <span class='ocrx_word' id='word_1_79' title='bbox 183 1151 314 1205; x_wconf 70' lang='grc' dir='ltr'>καὶ</span> <span class='ocrx_word' id='word_1_80' title='bbox 352 1153 522 1207; x_wconf 85' lang='grc' dir='ltr'>τοῦτο</span> <span class='ocrx_word' id='word_1_81' title='bbox 556 1155 721 1224; x_wconf 84' lang='grc' dir='ltr'><strong>φάναι</strong></span> <span class='ocrx_word' id='word_1_82' title='bbox 765 1153 856 1207; x_wconf 83' lang='grc' dir='ltr'><strong>τὸν</strong></span> <span class='ocrx_word' id='word_1_83' title='bbox 881 1154 1058 1223; x_wconf 84' lang='grc' dir='ltr'>μέγαν</span> <span class='ocrx_word' id='word_1_84' title='bbox 1089 1155 1329 1208; x_wconf 81' lang='grc' dir='ltr'>Μωῦσέα</span> <span class='ocrx_word' id='word_1_85' title='bbox 1354 1170 1366 1182; x_wconf 91' lang='grc'><strong>·</strong></span> <span class='ocrx_word' id='word_1_86' title='bbox 1411 1173 1428 1205; x_wconf 86' lang='grc' dir='ltr'><strong>ι</strong></span> <span class='ocrx_word' id='word_1_87' title='bbox 1477 1153 1614 1223; x_wconf 75' lang='grc' dir='ltr'><strong>Οὐχὶ</strong></span> 
     </span>
    </p>
   </div>
   <div class='ocr_carea' id='block_1_15' title="bbox 0 1243 1613 1318">
    <p class='ocr_par' dir='ltr' id='par_1_15' title="bbox 0 1243 1613 1318">
     <span class='ocr_line' id='line_1_15' title="bbox 0 1243 1613 1318; baseline 0.001 -23"><span class='ocrx_word' id='word_1_88' title='bbox 0 1243 238 1314; x_wconf 58' lang='lat' dir='ltr'><strong>iunpo»</strong></span> <span class='ocrx_word' id='word_1_89' title='bbox 256 1287 275 1306; x_wconf 87' lang='grc'><strong>,</strong></span> <span class='ocrx_word' id='word_1_90' title='bbox 306 1246 644 1318; x_wconf 79' lang='grc' dir='ltr'>ἁλλάὖριον</span> <span class='ocrx_word' id='word_1_91' title='bbox 664 1246 938 1317; x_wconf 77' lang='grc' dir='ltr'>βρώσεσθε</span> <span class='ocrx_word' id='word_1_92' title='bbox 976 1247 1117 1313; x_wconf 80' lang='grc' dir='ltr'>κρέα</span> <span class='ocrx_word' id='word_1_93' title='bbox 1143 1263 1157 1277; x_wconf 88' lang='grc'><strong>·</strong></span> <span class='ocrx_word' id='word_1_94' title='bbox 1193 1265 1211 1298; x_wconf 82' lang='grc' dir='ltr'><strong>ι</strong></span> <span class='ocrx_word' id='word_1_95' title='bbox 1232 1246 1322 1300; x_wconf 79' lang='grc' dir='ltr'><strong>ἴνα</strong></span> <span class='ocrx_word' id='word_1_96' title='bbox 1347 1245 1497 1315; x_wconf 78' lang='grc' dir='ltr'>δείξῃ</span> <span class='ocrx_word' id='word_1_97' title='bbox 1521 1246 1613 1297; x_wconf 76' lang='grc' dir='ltr'>τὸν</span> 
     </span>
    </p>
   </div>
   <div class='ocr_carea' id='block_1_16' title="bbox 0 1334 1611 1409">
    <p class='ocr_par' dir='ltr' id='par_1_16' title="bbox 0 1334 1611 1409">
     <span class='ocr_line' id='line_1_16' title="bbox 0 1334 1611 1409; baseline 0.001 -22"><span class='ocrx_word' id='word_1_98' title='bbox 0 1334 175 1403; x_wconf 66' lang='grc' dir='ltr'>σάγον</span> <span class='ocrx_word' id='word_1_99' title='bbox 213 1337 338 1390; x_wconf 82' lang='grc' dir='ltr'><strong>τὸν</strong></span> <span class='ocrx_word' id='word_1_100' title='bbox 401 1338 537 1408; x_wconf 81' lang='grc' dir='ltr'>μετὰ</span> <span class='ocrx_word' id='word_1_101' title='bbox 556 1338 654 1408; x_wconf 85' lang='grc' dir='ltr'>τὴν</span> <span class='ocrx_word' id='word_1_102' title='bbox 699 1338 992 1408; x_wconf 74' lang='grc' dir='ltr'>ἐπιδημίαν</span> <span class='ocrx_word' id='word_1_103' title='bbox 1035 1336 1273 1409; x_wconf 80' lang='grc' dir='ltr'>Χριστοῦ</span> <span class='ocrx_word' id='word_1_104' title='bbox 1318 1336 1410 1390; x_wconf 88' lang='grc' dir='ltr'><strong>τοῦ</strong></span> <span class='ocrx_word' id='word_1_105' title='bbox 1452 1335 1611 1400; x_wconf 88' lang='grc' dir='ltr'>Θεοῦ,</span> 
     </span>
    </p>
   </div>
   <div class='ocr_carea' id='block_1_17' title="bbox 2 1427 1612 1500">
    <p class='ocr_par' dir='ltr' id='par_1_17' title="bbox 2 1427 1612 1500">
     <span class='ocr_line' id='line_1_17' title="bbox 2 1427 1612 1500; baseline 0.001 -20"><span class='ocrx_word' id='word_1_106' title='bbox 2 1427 65 1480; x_wconf 66' lang='grc' dir='ltr'><strong>αἱ</strong></span> <span class='ocrx_word' id='word_1_107' title='bbox 120 1429 456 1484; x_wconf 60' lang='lat' dir='ltr'><strong>Aecus/nou</strong></span> <span class='ocrx_word' id='word_1_108' title='bbox 500 1430 609 1484; x_wconf 87' lang='grc' dir='ltr'><strong>τῶν</strong></span> <span class='ocrx_word' id='word_1_109' title='bbox 650 1431 807 1484; x_wconf 77' lang='grc' dir='ltr'>ὅλων.</span> <span class='ocrx_word' id='word_1_110' title='bbox 846 1432 1061 1485; x_wconf 80' lang='grc' dir='ltr'>Ἐκεῖνα</span> <span class='ocrx_word' id='word_1_111' title='bbox 1094 1431 1194 1500; x_wconf 87' lang='grc' dir='ltr'><strong>μὲν</strong></span> <span class='ocrx_word' id='word_1_112' title='bbox 1238 1429 1347 1500; x_wconf 85' lang='grc' dir='ltr'>γὰρ</span> <span class='ocrx_word' id='word_1_113' title='bbox 1374 1430 1443 1482; x_wconf 74' lang='grc' dir='ltr'>τὰ</span> <span class='ocrx_word' id='word_1_114' title='bbox 1476 1428 1612 1500; x_wconf 82' lang='grc' dir='ltr'>κρέα</span> 
     </span>
    </p>
   </div>
   <div class='ocr_carea' id='block_1_18' title="bbox 0 1519 1615 1593">
    <p class='ocr_par' dir='ltr' id='par_1_18' title="bbox 0 1519 1615 1593">
     <span class='ocr_line' id='line_1_18' title="bbox 0 1519 1615 1593; baseline -0.007 -8"><span class='ocrx_word' id='word_1_115' title='bbox 0 1519 68 1586; x_wconf 76' lang='grc' dir='ltr'><strong>ἧς</strong></span> <span class='ocrx_word' id='word_1_116' title='bbox 128 1520 627 1593; x_wconf 75' lang='grc' dir='ltr'>ὀρτυγομήτρας,</span> <span class='ocrx_word' id='word_1_117' title='bbox 674 1524 754 1586; x_wconf 84' lang='grc' dir='ltr'><strong>είς</strong></span> <span class='ocrx_word' id='word_1_118' title='bbox 794 1522 982 1593; x_wconf 85' lang='grc' dir='ltr'>ὀργὴν,</span> <span class='ocrx_word' id='word_1_119' title='bbox 1033 1524 1127 1576; x_wconf 77' lang='grc' dir='ltr'>καὶ</span> <span class='ocrx_word' id='word_1_120' title='bbox 1183 1524 1467 1593; x_wconf 76' lang='grc' dir='ltr'><strong>στρόφους,</strong></span> <span class='ocrx_word' id='word_1_121' title='bbox 1522 1522 1615 1574; x_wconf 75' lang='grc' dir='ltr'>καὶ</span> 
     </span>
    </p>
   </div>
   <div class='ocr_carea' id='block_1_19' title="bbox 2 1612 1613 1687">
    <p class='ocr_par' dir='ltr' id='par_1_19' title="bbox 2 1612 1613 1687">
     <span class='ocr_line' id='line_1_19' title="bbox 2 1612 1613 1687; baseline 0.001 -21"><span class='ocrx_word' id='word_1_122' title='bbox 2 1612 230 1683; x_wconf 75' lang='grc' dir='ltr'>ιθορὰν,</span> <span class='ocrx_word' id='word_1_123' title='bbox 315 1616 429 1669; x_wconf 76' lang='grc' dir='ltr'>καὶ</span> <span class='ocrx_word' id='word_1_124' title='bbox 496 1615 725 1686; x_wconf 78' lang='grc' dir='ltr'>χολέραν</span> <span class='ocrx_word' id='word_1_125' title='bbox 786 1619 897 1679; x_wconf 86' lang='grc' dir='ltr'>τοῖς</span> <span class='ocrx_word' id='word_1_126' title='bbox 975 1615 1245 1684; x_wconf 76' lang='grc' dir='ltr'>Ἑϐραίοις</span> <span class='ocrx_word' id='word_1_127' title='bbox 1307 1614 1465 1687; x_wconf 77' lang='grc' dir='ltr'>ἐξέϐη</span> <span class='ocrx_word' id='word_1_128' title='bbox 1494 1631 1507 1644; x_wconf 73' lang='grc' dir='ltr'><strong>ο</strong></span> <span class='ocrx_word' id='word_1_129' title='bbox 1546 1615 1613 1667; x_wconf 79' lang='grc' dir='ltr'><strong>τά</strong></span> 
     </span>
    </p>
   </div>
   <div class='ocr_carea' id='block_1_20' title="bbox 2 1705 1611 1779">
    <p class='ocr_par' dir='ltr' id='par_1_20' title="bbox 2 1705 1611 1779">
     <span class='ocr_line' id='line_1_20' title="bbox 2 1705 1611 1779; baseline -0.001 -20"><span class='ocrx_word' id='word_1_130' title='bbox 2 1707 15 1725; x_wconf 87' lang='grc'><em>’</em></span> <span class='ocrx_word' id='word_1_131' title='bbox 48 1705 351 1776; x_wconf 81' lang='grc' dir='ltr'>ἡμέτερα.</span> <span class='ocrx_word' id='word_1_132' title='bbox 393 1708 827 1779; x_wconf 80' lang='grc' dir='ltr'>παμμακάριστα</span> <span class='ocrx_word' id='word_1_133' title='bbox 854 1708 991 1777; x_wconf 80' lang='grc' dir='ltr'>κρέα</span> <span class='ocrx_word' id='word_1_134' title='bbox 1023 1708 1208 1776; x_wconf 79' lang='grc' dir='ltr'>ρῶσιν,</span> <span class='ocrx_word' id='word_1_135' title='bbox 1246 1708 1339 1761; x_wconf 79' lang='grc' dir='ltr'><strong>καὶ</strong></span> <span class='ocrx_word' id='word_1_136' title='bbox 1364 1707 1611 1777; x_wconf 88' lang='grc' dir='ltr'>δύναμιν,</span> 
     </span>
    </p>
   </div>
   <div class='ocr_carea' id='block_1_21' title="bbox 0 1794 1614 1868">
    <p class='ocr_par' dir='ltr' id='par_1_21' title="bbox 0 1794 1614 1868">
     <span class='ocr_line' id='line_1_21' title="bbox 0 1794 1614 1868; baseline 0.004 -22"><span class='ocrx_word' id='word_1_137' title='bbox 0 1795 77 1847; x_wconf 66' lang='lat' dir='ltr'><strong>Lai.</strong></span> <span class='ocrx_word' id='word_1_138' title='bbox 107 1794 373 1861; x_wconf 81' lang='grc' dir='ltr'>αὑξίαν,</span> <span class='ocrx_word' id='word_1_139' title='bbox 406 1797 672 1867; x_wconf 82' lang='grc' dir='ltr'>εὐθυμίαν</span> <span class='ocrx_word' id='word_1_140' title='bbox 704 1816 763 1851; x_wconf 84' lang='grc' dir='ltr'><strong>τε</strong></span> <span class='ocrx_word' id='word_1_141' title='bbox 791 1799 883 1853; x_wconf 72' lang='grc' dir='ltr'>καὶ</span> <span class='ocrx_word' id='word_1_142' title='bbox 913 1797 1058 1868; x_wconf 79' lang='grc' dir='ltr'>ζωὴν</span> <span class='ocrx_word' id='word_1_143' title='bbox 1087 1797 1302 1852; x_wconf 79' lang='grc' dir='ltr'>αἰώνιον</span> <span class='ocrx_word' id='word_1_144' title='bbox 1330 1800 1614 1868; x_wconf 78' lang='grc' dir='ltr'>χαρίζεται</span> 
     </span>
    </p>
   </div>
   <div class='ocr_carea' id='block_1_22' title="bbox 1 1888 1402 1960">
    <p class='ocr_par' dir='ltr' id='par_1_22' title="bbox 1 1888 1402 1960">
     <span class='ocr_line' id='line_1_22' title="bbox 1 1888 1402 1960; baseline 0.005 -23"><span class='ocrx_word' id='word_1_145' title='bbox 1 1888 128 1938; x_wconf 61' lang='lat' dir='ltr'><strong>eis;</strong></span> <span class='ocrx_word' id='word_1_146' title='bbox 146 1888 284 1950; x_wconf 81' lang='grc' dir='ltr'>τοῖς</span> <span class='ocrx_word' id='word_1_147' title='bbox 314 1889 714 1954; x_wconf 82' lang='grc' dir='ltr'>καταξιωθεῖσι</span> <span class='ocrx_word' id='word_1_148' title='bbox 748 1890 1182 1960; x_wconf 78' lang='grc' dir='ltr'>μεταλαμϐάνειν</span> <span class='ocrx_word' id='word_1_149' title='bbox 1202 1890 1402 1944; x_wconf 81' lang='grc' dir='ltr'>αὐτῶν.</span> 
     </span>
    </p>
   </div>
   <div class='ocr_carea' id='block_1_23' title="bbox 538 1979 1045 2046">
    <p class='ocr_par' dir='ltr' id='par_1_23' title="bbox 538 1979 1045 2046">
     <span class='ocr_line' id='line_1_23' title="bbox 538 1979 1045 2046; baseline 0.006 -14"><span class='ocrx_word' id='word_1_150' title='bbox 538 1980 661 2033; x_wconf 79' lang='lat' dir='ltr'><strong>PA&#39;.</strong></span> <span class='ocrx_word' id='word_1_151' title='bbox 678 2011 749 2019; x_wconf 95' lang='lat'><strong><em>—</em></strong></span> <span class='ocrx_word' id='word_1_152' title='bbox 768 1979 853 2046; x_wconf 83' lang='grc' dir='ltr'><strong>Τῷ</strong></span> <span class='ocrx_word' id='word_1_153' title='bbox 866 1979 1045 2045; x_wconf 84' lang='grc' dir='ltr'>αὐτῷ.</span> 
     </span>
    </p>
   </div>
   <div class='ocr_carea' id='block_1_24' title="bbox 61 2067 1620 2144">
    <p class='ocr_par' dir='ltr' id='par_1_24' title="bbox 61 2067 1620 2144">
     <span class='ocr_line' id='line_1_24' title="bbox 61 2067 1620 2144; baseline 0.006 -24"><span class='ocrx_word' id='word_1_154' title='bbox 61 2067 136 2121; x_wconf 88' lang='grc' dir='ltr'>Τί</span> <span class='ocrx_word' id='word_1_155' title='bbox 170 2068 530 2141; x_wconf 77' lang='grc' dir='ltr'>θαυμάζεις,</span> <span class='ocrx_word' id='word_1_156' title='bbox 571 2074 620 2125; x_wconf 88' lang='grc' dir='ltr'><strong>εί</strong></span> <span class='ocrx_word' id='word_1_157' title='bbox 660 2073 837 2144; x_wconf 88' lang='grc' dir='ltr'>κρεῶν</span> <span class='ocrx_word' id='word_1_158' title='bbox 874 2076 1232 2142; x_wconf 73' lang='grc' dir='ltr'>τυγχάνουσιν</span> <span class='ocrx_word' id='word_1_159' title='bbox 1273 2076 1480 2143; x_wconf 76' lang='grc' dir='ltr'>ἀϊδίων,</span> <span class='ocrx_word' id='word_1_160' title='bbox 1524 2076 1620 2130; x_wconf 71' lang='grc' dir='ltr'><strong>καὶ</strong></span> 
     </span>
    </p>
   </div>
   <div class='ocr_carea' id='block_1_25' title="bbox 0 2158 1617 2238">
    <p class='ocr_par' dir='ltr' id='par_1_25' title="bbox 0 2158 1617 2238">
     <span class='ocr_line' id='line_1_25' title="bbox 0 2158 1617 2238; baseline 0.006 -26"><span class='ocrx_word' id='word_1_161' title='bbox 0 2159 293 2231; x_wconf 83' lang='grc' dir='ltr'>μηδαμῶς</span> <span class='ocrx_word' id='word_1_162' title='bbox 333 2164 717 2236; x_wconf 79' lang='grc' dir='ltr'>φθειρομένων</span> <span class='ocrx_word' id='word_1_163' title='bbox 745 2166 795 2219; x_wconf 79' lang='grc' dir='ltr'>οἱ</span> <span class='ocrx_word' id='word_1_164' title='bbox 825 2165 921 2219; x_wconf 88' lang='grc' dir='ltr'><strong>τοῦ</strong></span> <span class='ocrx_word' id='word_1_165' title='bbox 954 2167 1191 2238; x_wconf 83' lang='grc' dir='ltr'>Χριστοῦ</span> <span class='ocrx_word' id='word_1_166' title='bbox 1209 2169 1414 2222; x_wconf 85' lang='grc' dir='ltr'>οἰκέται</span> <span class='ocrx_word' id='word_1_167' title='bbox 1432 2158 1617 2221; x_wconf 65' lang='grc' dir='ltr'>ἐὐνοϊ-</span> 
     </span>
    </p>
   </div>
   <div class='ocr_carea' id='block_1_26' title="bbox 2 2254 1620 2331">
    <p class='ocr_par' dir='ltr' id='par_1_26' title="bbox 2 2254 1620 2331">
     <span class='ocr_line' id='line_1_26' title="bbox 2 2254 1620 2331; baseline 0.005 -27"><span class='ocrx_word' id='word_1_168' title='bbox 2 2254 111 2316; x_wconf 71' lang='grc' dir='ltr'>κοὶ,</span> <span class='ocrx_word' id='word_1_169' title='bbox 145 2254 494 2323; x_wconf 77' lang='grc' dir='ltr'>ἁγνίξοντες</span> <span class='ocrx_word' id='word_1_170' title='bbox 520 2258 749 2323; x_wconf 76' lang='grc' dir='ltr'>ἑαυτοὺς</span> <span class='ocrx_word' id='word_1_171' title='bbox 798 2259 876 2330; x_wconf 89' lang='grc' dir='ltr'>τῷ</span> <span class='ocrx_word' id='word_1_172' title='bbox 902 2259 1051 2329; x_wconf 78' lang='grc' dir='ltr'><strong>φόϐῳ</strong></span> <span class='ocrx_word' id='word_1_173' title='bbox 1087 2258 1243 2325; x_wconf 89' lang='grc' dir='ltr'>Θεοῦ,</span> <span class='ocrx_word' id='word_1_174' title='bbox 1280 2261 1373 2313; x_wconf 79' lang='grc' dir='ltr'>καὶ</span> <span class='ocrx_word' id='word_1_175' title='bbox 1414 2264 1478 2331; x_wconf 86' lang='grc' dir='ltr'>τῇ</span> <span class='ocrx_word' id='word_1_176' title='bbox 1533 2261 1620 2314; x_wconf 86' lang='grc' dir='ltr'>πί-</span> 
     </span>
    </p>
   </div>
   <div class='ocr_carea' id='block_1_27' title="bbox 6 2349 1617 2421">
    <p class='ocr_par' dir='ltr' id='par_1_27' title="bbox 6 2349 1617 2421">
     <span class='ocr_line' id='line_1_27' title="bbox 6 2349 1617 2421; baseline 0.005 -23"><span class='ocrx_word' id='word_1_177' title='bbox 6 2364 151 2411; x_wconf 86' lang='grc' dir='ltr'>στει,</span> <span class='ocrx_word' id='word_1_178' title='bbox 181 2350 297 2401; x_wconf 77' lang='grc' dir='ltr'>καὶ</span> <span class='ocrx_word' id='word_1_179' title='bbox 340 2352 457 2413; x_wconf 86' lang='grc' dir='ltr'>τοῖς</span> <span class='ocrx_word' id='word_1_180' title='bbox 508 2349 937 2421; x_wconf 77' lang='grc' dir='ltr'>κατορθώμασις</span> <span class='ocrx_word' id='word_1_181' title='bbox 981 2351 1093 2405; x_wconf 74' lang='grc' dir='ltr'><strong>Καὶ</strong></span> <span class='ocrx_word' id='word_1_182' title='bbox 1117 2352 1263 2406; x_wconf 82' lang='grc' dir='ltr'>οἴνου</span> <span class='ocrx_word' id='word_1_183' title='bbox 1311 2354 1420 2421; x_wconf 79' lang='grc' dir='ltr'><strong>γὰρ</strong></span> <span class='ocrx_word' id='word_1_184' title='bbox 1453 2355 1617 2407; x_wconf 82' lang='grc' dir='ltr'>εὐπο-</span> 
     </span>
    </p>
   </div>
   <div class='ocr_carea' id='block_1_28' title="bbox 7 2441 1620 2515">
    <p class='ocr_par' dir='ltr' id='par_1_28' title="bbox 7 2441 1620 2515">
     <span class='ocr_line' id='line_1_28' title="bbox 7 2441 1620 2515; baseline 0.003 -23"><span class='ocrx_word' id='word_1_185' title='bbox 7 2442 250 2512; x_wconf 76' lang='grc' dir='ltr'>ρῆσουσι</span> <span class='ocrx_word' id='word_1_186' title='bbox 312 2441 491 2506; x_wconf 84' lang='grc' dir='ltr'>θείου,</span> <span class='ocrx_word' id='word_1_187' title='bbox 550 2442 804 2514; x_wconf 87' lang='grc' dir='ltr'>καθάπερ</span> <span class='ocrx_word' id='word_1_188' title='bbox 854 2444 884 2495; x_wconf 88' lang='grc' dir='ltr'>ὁ</span> <span class='ocrx_word' id='word_1_189' title='bbox 963 2442 1172 2507; x_wconf 85' lang='grc' dir='ltr'>δίκαιος</span> <span class='ocrx_word' id='word_1_190' title='bbox 1212 2444 1336 2497; x_wconf 90' lang='grc' dir='ltr'>Νῶε</span> <span class='ocrx_word' id='word_1_191' title='bbox 1375 2445 1620 2515; x_wconf 80' lang='grc' dir='ltr'>γεωργὸς</span> 
     </span>
    </p>
   </div>
   <div class='ocr_carea' id='block_1_29' title="bbox 6 2534 1617 2606">
    <p class='ocr_par' dir='ltr' id='par_1_29' title="bbox 6 2534 1617 2606">
     <span class='ocr_line' id='line_1_29' title="bbox 6 2534 1617 2606; baseline 0.002 -21"><span class='ocrx_word' id='word_1_192' title='bbox 6 2534 233 2599; x_wconf 81' lang='grc' dir='ltr'>γέγονε,</span> <span class='ocrx_word' id='word_1_193' title='bbox 294 2535 404 2587; x_wconf 73' lang='grc' dir='ltr'><strong>καὶ</strong></span> <span class='ocrx_word' id='word_1_194' title='bbox 464 2534 849 2604; x_wconf 77' lang='grc' dir='ltr'>ὲφιλοκάλησε,</span> <span class='ocrx_word' id='word_1_195' title='bbox 885 2535 1161 2604; x_wconf 78' lang='grc' dir='ltr'>φυτεύσας</span> <span class='ocrx_word' id='word_1_196' title='bbox 1211 2536 1310 2606; x_wconf 77' lang='grc' dir='ltr'><strong>τὴν</strong></span> <span class='ocrx_word' id='word_1_197' title='bbox 1355 2536 1617 2605; x_wconf 84' lang='grc' dir='ltr'>ἄμπελον.</span> 
     </span>
    </p>
   </div>
   <div class='ocr_carea' id='block_1_30' title="bbox 24 2623 1618 2697">
    <p class='ocr_par' dir='ltr' id='par_1_30' title="bbox 24 2623 1618 2697">
     <span class='ocr_line' id='line_1_30' title="bbox 24 2623 1618 2697; baseline 0.003 -21"><span class='ocrx_word' id='word_1_198' title='bbox 24 2623 430 2694; x_wconf 79' lang='grc' dir='ltr'>Ὑπερβάντες</span> <span class='ocrx_word' id='word_1_199' title='bbox 468 2627 575 2697; x_wconf 89' lang='grc' dir='ltr'><strong>γάρ</strong></span> <span class='ocrx_word' id='word_1_200' title='bbox 624 2626 715 2679; x_wconf 78' lang='grc' dir='ltr'>τὸν</span> <span class='ocrx_word' id='word_1_201' title='bbox 775 2626 1158 2697; x_wconf 75' lang='grc' dir='ltr'>κατακλυσμὸν</span> <span class='ocrx_word' id='word_1_202' title='bbox 1200 2628 1297 2697; x_wconf 82' lang='grc' dir='ltr'><strong>τῆς</strong></span> <span class='ocrx_word' id='word_1_203' title='bbox 1336 2628 1618 2692; x_wconf 81' lang='grc' dir='ltr'>ἀπιστίας,</span> 
     </span>
    </p>
   </div>
   <div class='ocr_carea' id='block_1_31' title="bbox 15 2715 1618 2789">
    <p class='ocr_par' dir='ltr' id='par_1_31' title="bbox 15 2715 1618 2789">
     <span class='ocr_line' id='line_1_31' title="bbox 15 2715 1618 2789; baseline 0.003 -23"><span class='ocrx_word' id='word_1_204' title='bbox 15 2715 333 2769; x_wconf 72' lang='grc' dir='ltr'>πεπώκασι</span> <span class='ocrx_word' id='word_1_205' title='bbox 398 2716 489 2770; x_wconf 77' lang='grc' dir='ltr'><strong>τὸν</strong></span> <span class='ocrx_word' id='word_1_206' title='bbox 537 2718 793 2787; x_wconf 82' lang='grc' dir='ltr'>νηφάλιον</span> <span class='ocrx_word' id='word_1_207' title='bbox 844 2716 1026 2781; x_wconf 78' lang='grc' dir='ltr'>οἶνον,</span> <span class='ocrx_word' id='word_1_208' title='bbox 1077 2720 1171 2772; x_wconf 74' lang='grc' dir='ltr'>καὶ</span> <span class='ocrx_word' id='word_1_209' title='bbox 1218 2718 1618 2789; x_wconf 76' lang='grc' dir='ltr'>ἐμεθύσθησαν,</span> 
     </span>
    </p>
   </div>
   <div class='ocr_carea' id='block_1_32' title="bbox 25 2806 1620 2882">
    <p class='ocr_par' dir='ltr' id='par_1_32' title="bbox 25 2806 1620 2882">
     <span class='ocr_line' id='line_1_32' title="bbox 25 2806 1620 2882; baseline 0.003 -24"><span class='ocrx_word' id='word_1_210' title='bbox 25 2806 209 2870; x_wconf 80' lang='grc' dir='ltr'>καθὼς</span> <span class='ocrx_word' id='word_1_211' title='bbox 239 2808 271 2860; x_wconf 87' lang='grc' dir='ltr'>ὁ</span> <span class='ocrx_word' id='word_1_212' title='bbox 311 2808 484 2862; x_wconf 83' lang='grc' dir='ltr'>Δαυῒδ</span> <span class='ocrx_word' id='word_1_213' title='bbox 516 2808 663 2877; x_wconf 84' lang='grc' dir='ltr'>λέγει</span> <span class='ocrx_word' id='word_1_214' title='bbox 690 2827 707 2842; x_wconf 77' lang='grc' dir='ltr'><strong>ο</strong></span> <span class='ocrx_word' id='word_1_215' title='bbox 742 2829 760 2861; x_wconf 80' lang='grc' dir='ltr'><strong>ι</strong></span> <span class='ocrx_word' id='word_1_216' title='bbox 798 2810 871 2863; x_wconf 81' lang='grc' dir='ltr'>Τὸ</span> <span class='ocrx_word' id='word_1_217' title='bbox 914 2811 1171 2881; x_wconf 87' lang='grc' dir='ltr'>ποτήριον</span> <span class='ocrx_word' id='word_1_218' title='bbox 1208 2811 1302 2863; x_wconf 89' lang='grc' dir='ltr'><strong>τοῦ</strong></span> <span class='ocrx_word' id='word_1_219' title='bbox 1354 2810 1487 2863; x_wconf 82' lang='grc' dir='ltr'>Θεοῦ</span> <span class='ocrx_word' id='word_1_220' title='bbox 1521 2829 1620 2882; x_wconf 89' lang='grc' dir='ltr'>με-</span> 
     </span>
    </p>
   </div>
   <div class='ocr_carea' id='block_1_33' title="bbox 24 2895 1621 2970">
    <p class='ocr_par' dir='ltr' id='par_1_33' title="bbox 24 2895 1621 2970">
     <span class='ocr_line' id='line_1_33' title="bbox 24 2895 1621 2970; baseline 0.005 -23"><span class='ocrx_word' id='word_1_221' title='bbox 24 2895 221 2949; x_wconf 80' lang='grc' dir='ltr'>θύσκει</span> <span class='ocrx_word' id='word_1_222' title='bbox 256 2913 335 2966; x_wconf 81' lang='grc' dir='ltr'><strong>με</strong></span> <span class='ocrx_word' id='word_1_223' title='bbox 367 2898 666 2965; x_wconf 78' lang='grc' dir='ltr'>κράτιστα⁶</span> <span class='ocrx_word' id='word_1_224' title='bbox 703 2917 721 2950; x_wconf 81' lang='grc' dir='ltr'><strong>ι</strong></span> <span class='ocrx_word' id='word_1_225' title='bbox 742 2900 835 2952; x_wconf 74' lang='grc' dir='ltr'>καὶ</span> <span class='ocrx_word' id='word_1_226' title='bbox 858 2899 1219 2970; x_wconf 74' lang='grc' dir='ltr'>μεθυσθέντες</span> <span class='ocrx_word' id='word_1_227' title='bbox 1235 2899 1621 2968; x_wconf 85' lang='grc' dir='ltr'>γεγύμνωνται</span> 
     </span>
    </p>
   </div>
   <div class='ocr_carea' id='block_1_34' title="bbox 30 2988 1613 3064">
    <p class='ocr_par' dir='ltr' id='par_1_34' title="bbox 30 2988 1613 3064">
     <span class='ocr_line' id='line_1_34' title="bbox 30 2988 1613 3064; baseline 0.003 -22"><span class='ocrx_word' id='word_1_228' title='bbox 30 2988 469 3060; x_wconf 72' lang='grc' dir='ltr'>ἀνεπαίσχυντον</span> <span class='ocrx_word' id='word_1_229' title='bbox 506 2991 783 3061; x_wconf 77' lang='grc' dir='ltr'>γύμνωσιν</span> <span class='ocrx_word' id='word_1_230' title='bbox 808 3009 819 3021; x_wconf 91' lang='grc'><strong>·</strong></span> <span class='ocrx_word' id='word_1_231' title='bbox 843 2992 1005 3046; x_wconf 83' lang='grc' dir='ltr'>καλὸν</span> <span class='ocrx_word' id='word_1_232' title='bbox 1028 2995 1138 3064; x_wconf 79' lang='grc' dir='ltr'>γὰρ</span> <span class='ocrx_word' id='word_1_233' title='bbox 1154 2991 1489 3063; x_wconf 76' lang='grc' dir='ltr'>γυμνοῦσθαι</span> <span class='ocrx_word' id='word_1_234' title='bbox 1510 2992 1613 3062; x_wconf 75' lang='grc' dir='ltr'><strong>τῆς</strong></span> 
     </span>
    </p>
   </div>
   <div class='ocr_carea' id='block_1_35' title="bbox 31 3080 875 3153">
    <p class='ocr_par' dir='ltr' id='par_1_35' title="bbox 31 3080 875 3153">
     <span class='ocr_line' id='line_1_35' title="bbox 31 3080 875 3153; baseline 0.007 -22"><span class='ocrx_word' id='word_1_235' title='bbox 31 3080 304 3151; x_wconf 82' lang='grc' dir='ltr'>πονηρίας</span> <span class='ocrx_word' id='word_1_236' title='bbox 342 3081 565 3151; x_wconf 77' lang='grc' dir='ltr'>καὶτῆς</span> <span class='ocrx_word' id='word_1_237' title='bbox 600 3083 875 3153; x_wconf 87' lang='grc' dir='ltr'>ἀνοησίας.</span> 
     </span>
    </p>
   </div>
   <div class='ocr_carea' id='block_1_36' title="bbox 570 3172 1091 3240">
    <p class='ocr_par' dir='ltr' id='par_1_36' title="bbox 570 3172 1091 3240">
     <span class='ocr_line' id='line_1_36' title="bbox 570 3172 1091 3240; baseline 0.008 -15"><span class='ocrx_word' id='word_1_238' title='bbox 570 3174 689 3229; x_wconf 89' lang='lat' dir='ltr'><strong>PB’.</strong></span> <span class='ocrx_word' id='word_1_239' title='bbox 715 3205 783 3214; x_wconf 94' lang='lat'><em>—</em></span> <span class='ocrx_word' id='word_1_240' title='bbox 806 3175 888 3240; x_wconf 84' lang='grc' dir='ltr'><strong>Τῷ</strong></span> <span class='ocrx_word' id='word_1_241' title='bbox 909 3172 1091 3239; x_wconf 83' lang='grc' dir='ltr'>αὐτῷ.</span> 
     </span>
    </p>
   </div>
   <div class='ocr_carea' id='block_1_37' title="bbox 110 3262 1620 3337">
    <p class='ocr_par' dir='ltr' id='par_1_37' title="bbox 110 3262 1620 3337">
     <span class='ocr_line' id='line_1_37' title="bbox 110 3262 1620 3337; baseline 0.004 -22"><span class='ocrx_word' id='word_1_242' title='bbox 110 3279 129 3313; x_wconf 83' lang='grc' dir='ltr'><strong>ι</strong></span> <span class='ocrx_word' id='word_1_243' title='bbox 151 3262 210 3317; x_wconf 90' lang='grc' dir='ltr'><strong>Ὀ</strong></span> <span class='ocrx_word' id='word_1_244' title='bbox 233 3262 397 3327; x_wconf 82' lang='grc' dir='ltr'>Θεὸς,</span> <span class='ocrx_word' id='word_1_245' title='bbox 430 3264 459 3317; x_wconf 88' lang='lat'><strong>6</strong></span> <span class='ocrx_word' id='word_1_246' title='bbox 491 3263 625 3327; x_wconf 84' lang='grc' dir='ltr'>Θεός</span> <span class='ocrx_word' id='word_1_247' title='bbox 661 3282 783 3335; x_wconf 88' lang='grc' dir='ltr'>μου,</span> <span class='ocrx_word' id='word_1_248' title='bbox 811 3266 1044 3337; x_wconf 75' lang='grc' dir='ltr'>πρόσχες</span> <span class='ocrx_word' id='word_1_249' title='bbox 1075 3283 1162 3336; x_wconf 91' lang='grc' dir='ltr'><strong>μοι</strong></span> <span class='ocrx_word' id='word_1_250' title='bbox 1190 3283 1203 3297; x_wconf 88' lang='grc'>·</span> <span class='ocrx_word' id='word_1_251' title='bbox 1236 3266 1322 3319; x_wconf 81' lang='grc' dir='ltr'><strong>ἵνα</strong></span> <span class='ocrx_word' id='word_1_252' title='bbox 1344 3284 1395 3320; x_wconf 88' lang='grc' dir='ltr'>τ.</span> <span class='ocrx_word' id='word_1_253' title='bbox 1422 3268 1620 3335; x_wconf 78' lang='grc' dir='ltr'>ἐγκατ-</span> 
     </span>
    </p>
   </div>
   <div class='ocr_carea' id='block_1_38' title="bbox 40 3350 1622 3428">
    <p class='ocr_par' dir='ltr' id='par_1_38' title="bbox 40 3350 1622 3428">
     <span class='ocr_line' id='line_1_38' title="bbox 40 3350 1622 3428; baseline 0.005 -23"><span class='ocrx_word' id='word_1_254' title='bbox 40 3350 220 3417; x_wconf 83' lang='grc' dir='ltr'>έλιπές</span> <span class='ocrx_word' id='word_1_255' title='bbox 262 3371 336 3425; x_wconf 90' lang='grc' dir='ltr'><strong>με</strong></span> <span class='ocrx_word' id='word_1_256' title='bbox 375 3372 391 3420; x_wconf 91' lang='grc'><strong>;</strong></span> <span class='ocrx_word' id='word_1_257' title='bbox 430 3372 449 3405; x_wconf 78' lang='grc' dir='ltr'><strong>ι</strong></span> <span class='ocrx_word' id='word_1_258' title='bbox 500 3355 563 3408; x_wconf 83' lang='grc' dir='ltr'><strong>ὲκ</strong></span> <span class='ocrx_word' id='word_1_259' title='bbox 585 3353 878 3426; x_wconf 82' lang='grc' dir='ltr'>προσώπου</span> <span class='ocrx_word' id='word_1_260' title='bbox 918 3356 1011 3409; x_wconf 88' lang='grc' dir='ltr'><strong>τοῦ</strong></span> <span class='ocrx_word' id='word_1_261' title='bbox 1048 3359 1103 3410; x_wconf 82' lang='grc' dir='ltr'><strong>ὲν</strong></span> <span class='ocrx_word' id='word_1_262' title='bbox 1139 3357 1216 3428; x_wconf 84' lang='grc' dir='ltr'><strong>τῷ</strong></span> <span class='ocrx_word' id='word_1_263' title='bbox 1242 3359 1470 3428; x_wconf 80' lang='grc' dir='ltr'>εἰκοστῷ</span> <span class='ocrx_word' id='word_1_264' title='bbox 1527 3360 1622 3413; x_wconf 76' lang='grc' dir='ltr'><strong>καὶ</strong></span> 
     </span>
    </p>
   </div>
   <div class='ocr_carea' id='block_1_39' title="bbox 43 3442 1623 3517">
    <p class='ocr_par' dir='ltr' id='par_1_39' title="bbox 43 3442 1623 3517">
     <span class='ocr_line' id='line_1_39' title="bbox 43 3442 1623 3517; baseline 0.004 -22"><span class='ocrx_word' id='word_1_265' title='bbox 43 3442 242 3515; x_wconf 82' lang='grc' dir='ltr'>πρώτῳ</span> <span class='ocrx_word' id='word_1_266' title='bbox 292 3446 511 3516; x_wconf 76' lang='grc' dir='ltr'>εἴρηται</span> <span class='ocrx_word' id='word_1_267' title='bbox 562 3444 762 3517; x_wconf 82' lang='grc' dir='ltr'>ψαλμῷ</span> <span class='ocrx_word' id='word_1_268' title='bbox 785 3463 798 3478; x_wconf 79' lang='grc' dir='ltr'><strong>ο</strong></span> <span class='ocrx_word' id='word_1_269' title='bbox 831 3446 944 3500; x_wconf 83' lang='grc' dir='ltr'>ἀλλ’</span> <span class='ocrx_word' id='word_1_270' title='bbox 991 3448 1092 3501; x_wconf 81' lang='grc' dir='ltr'><strong>οὐκ</strong></span> <span class='ocrx_word' id='word_1_271' title='bbox 1140 3449 1299 3512; x_wconf 78' lang='grc' dir='ltr'>αὐτὸς</span> <span class='ocrx_word' id='word_1_272' title='bbox 1328 3449 1623 3517; x_wconf 77' lang='grc' dir='ltr'>ἐγκαταλέ-</span> 
     </span>
    </p>
   </div>
   <div class='ocr_carea' id='block_1_40' title="bbox 44 3534 1623 3610">
    <p class='ocr_par' dir='ltr' id='par_1_40' title="bbox 44 3534 1623 3610">
     <span class='ocr_line' id='line_1_40' title="bbox 44 3534 1623 3610; baseline 0.003 -23"><span class='ocrx_word' id='word_1_273' title='bbox 44 3534 287 3597; x_wconf 84' lang='grc' dir='ltr'>λειπται,</span> <span class='ocrx_word' id='word_1_274' title='bbox 322 3538 359 3609; x_wconf 83' lang='grc' dir='ltr'>ἦ</span> <span class='ocrx_word' id='word_1_275' title='bbox 385 3538 489 3591; x_wconf 82' lang='grc' dir='ltr'><strong>ὑπὸ</strong></span> <span class='ocrx_word' id='word_1_276' title='bbox 521 3538 617 3592; x_wconf 85' lang='grc' dir='ltr'><strong>τοῦ</strong></span> <span class='ocrx_word' id='word_1_277' title='bbox 661 3539 892 3610; x_wconf 82' lang='grc' dir='ltr'>Πατρὸς,</span> <span class='ocrx_word' id='word_1_278' title='bbox 926 3539 958 3610; x_wconf 83' lang='grc' dir='ltr'><strong>ἦ</strong></span> <span class='ocrx_word' id='word_1_279' title='bbox 992 3539 1096 3593; x_wconf 79' lang='grc' dir='ltr'>ὑπὸ</span> <span class='ocrx_word' id='word_1_280' title='bbox 1126 3540 1226 3609; x_wconf 72' lang='grc' dir='ltr'><strong>τῆς</strong></span> <span class='ocrx_word' id='word_1_281' title='bbox 1272 3540 1464 3594; x_wconf 80' lang='grc' dir='ltr'>ἑαυτοῦ</span> <span class='ocrx_word' id='word_1_282' title='bbox 1505 3541 1623 3593; x_wconf 77' lang='grc' dir='ltr'>θεό-</span> 
     </span>
    </p>
   </div>
   <div class='ocr_carea' id='block_1_41' title="bbox 48 3629 1624 3702">
    <p class='ocr_par' dir='ltr' id='par_1_41' title="bbox 48 3629 1624 3702">
     <span class='ocr_line' id='line_1_41' title="bbox 48 3629 1624 3702; baseline 0.004 -25"><span class='ocrx_word' id='word_1_283' title='bbox 48 3642 222 3695; x_wconf 78' lang='grc' dir='ltr'>τητος,</span> <span class='ocrx_word' id='word_1_284' title='bbox 241 3629 321 3693; x_wconf 84' lang='grc' dir='ltr'><strong>ῶς</strong></span> <span class='ocrx_word' id='word_1_285' title='bbox 356 3629 502 3683; x_wconf 81' lang='grc' dir='ltr'>δοκεῖ</span> <span class='ocrx_word' id='word_1_286' title='bbox 527 3632 843 3702; x_wconf 78' lang='grc' dir='ltr'>Ἀρειανοῖς,</span> <span class='ocrx_word' id='word_1_287' title='bbox 876 3631 1096 3693; x_wconf 79' lang='grc' dir='ltr'>καὶτοῖς</span> <span class='ocrx_word' id='word_1_288' title='bbox 1124 3632 1491 3701; x_wconf 80' lang='grc' dir='ltr'>Εὑνομιανοῖς,</span> <span class='ocrx_word' id='word_1_289' title='bbox 1523 3632 1624 3684; x_wconf 82' lang='grc' dir='ltr'>ῶσ-</span> 
     </span>
    </p>
   </div>
   <div class='ocr_carea' id='block_1_42' title="bbox 51 3720 1620 3791">
    <p class='ocr_par' dir='ltr' id='par_1_42' title="bbox 51 3720 1620 3791">
     <span class='ocr_line' id='line_1_42' title="bbox 51 3720 1620 3791; baseline 0.006 -23"><span class='ocrx_word' id='word_1_290' title='bbox 51 3734 151 3787; x_wconf 80' lang='grc' dir='ltr'><strong>περ</strong></span> <span class='ocrx_word' id='word_1_291' title='bbox 203 3720 567 3791; x_wconf 78' lang='grc' dir='ltr'>φοβουμένοις</span> <span class='ocrx_word' id='word_1_292' title='bbox 602 3721 662 3775; x_wconf 82' lang='grc' dir='ltr'><strong>τὸ</strong></span> <span class='ocrx_word' id='word_1_293' title='bbox 690 3723 883 3788; x_wconf 84' lang='grc' dir='ltr'>πάθος,</span> <span class='ocrx_word' id='word_1_294' title='bbox 942 3723 1033 3776; x_wconf 75' lang='grc' dir='ltr'>καὶ</span> <span class='ocrx_word' id='word_1_295' title='bbox 1065 3724 1153 3777; x_wconf 81' lang='grc' dir='ltr'><strong>διὰ</strong></span> <span class='ocrx_word' id='word_1_296' title='bbox 1195 3724 1352 3777; x_wconf 88' lang='grc' dir='ltr'>τοῦτο</span> <span class='ocrx_word' id='word_1_297' title='bbox 1401 3725 1620 3778; x_wconf 82' lang='grc' dir='ltr'>συστελ-</span> 
     </span>
    </p>
   </div>
   <div class='ocr_carea' id='block_1_43' title="bbox 55 3807 1621 3887">
    <p class='ocr_par' dir='ltr' id='par_1_43' title="bbox 55 3807 1621 3887">
     <span class='ocr_line' id='line_1_43' title="bbox 55 3807 1621 3887; baseline 0.004 -24"><span class='ocrx_word' id='word_1_298' title='bbox 55 3807 291 3879; x_wconf 78' lang='grc' dir='ltr'>λομένοις</span> <span class='ocrx_word' id='word_1_299' title='bbox 341 3813 450 3866; x_wconf 77' lang='grc' dir='ltr'>ἀπὸ</span> <span class='ocrx_word' id='word_1_300' title='bbox 501 3813 595 3867; x_wconf 84' lang='grc' dir='ltr'><strong>τοῦ</strong></span> <span class='ocrx_word' id='word_1_301' title='bbox 641 3814 962 3885; x_wconf 84' lang='grc' dir='ltr'>πάσχοντος.</span> <span class='ocrx_word' id='word_1_302' title='bbox 1005 3815 1102 3879; x_wconf 87' lang='grc' dir='ltr'><strong>Τίς</strong></span> <span class='ocrx_word' id='word_1_303' title='bbox 1133 3816 1242 3886; x_wconf 76' lang='grc' dir='ltr'>γὰρ</span> <span class='ocrx_word' id='word_1_304' title='bbox 1271 3817 1362 3867; x_wconf 67' lang='grc' dir='ltr'>τὸν</span> <span class='ocrx_word' id='word_1_305' title='bbox 1395 3817 1621 3887; x_wconf 81' lang='grc' dir='ltr'>Σωτῆρα</span> 
     </span>
    </p>
   </div>
   <div class='ocr_carea' id='block_1_44' title="bbox 56 3902 1621 3980">
    <p class='ocr_par' dir='ltr' id='par_1_44' title="bbox 56 3902 1621 3980">
     <span class='ocr_line' id='line_1_44' title="bbox 56 3902 1621 3980; baseline -0.001 -20"><span class='ocrx_word' id='word_1_306' title='bbox 56 3902 89 3969; x_wconf 80' lang='grc' dir='ltr'><strong>ἢ</strong></span> <span class='ocrx_word' id='word_1_307' title='bbox 118 3904 443 3976; x_wconf 79' lang='grc' dir='ltr'>γεννηθῆναι</span> <span class='ocrx_word' id='word_1_308' title='bbox 489 3906 637 3961; x_wconf 84' lang='grc' dir='ltr'>κάτω</span> <span class='ocrx_word' id='word_1_309' title='bbox 681 3907 779 3980; x_wconf 79' lang='grc' dir='ltr'><strong>τὴν</strong></span> <span class='ocrx_word' id='word_1_310' title='bbox 829 3907 1024 3979; x_wconf 78' lang='grc' dir='ltr'>ἀρχὴν,</span> <span class='ocrx_word' id='word_1_311' title='bbox 1071 3909 1104 3978; x_wconf 81' lang='grc' dir='ltr'>ἢ</span> <span class='ocrx_word' id='word_1_312' title='bbox 1147 3908 1239 3960; x_wconf 79' lang='grc' dir='ltr'><strong>ἐπὶ</strong></span> <span class='ocrx_word' id='word_1_313' title='bbox 1259 3909 1351 3960; x_wconf 76' lang='grc' dir='ltr'>τὸν</span> <span class='ocrx_word' id='word_1_314' title='bbox 1385 3907 1621 3976; x_wconf 85' lang='grc' dir='ltr'>σταυρὸν</span> 
     </span>
    </p>
   </div>
   <div class='ocr_carea' id='block_1_45' title="bbox 62 3993 1624 4069">
    <p class='ocr_par' dir='ltr' id='par_1_45' title="bbox 62 3993 1624 4069">
     <span class='ocr_line' id='line_1_45' title="bbox 62 3993 1624 4069; baseline 0.004 -25"><span class='ocrx_word' id='word_1_315' title='bbox 62 3993 294 4048; x_wconf 82' lang='grc' dir='ltr'>ἀνελθεῖν</span> <span class='ocrx_word' id='word_1_316' title='bbox 325 3997 776 4069; x_wconf 85' lang='grc' dir='ltr'>κατηνάγκασεν;</span> <span class='ocrx_word' id='word_1_317' title='bbox 814 3998 887 4051; x_wconf 78' lang='grc' dir='ltr'><strong>Οὐ</strong></span> <span class='ocrx_word' id='word_1_318' title='bbox 927 3998 1036 4069; x_wconf 84' lang='grc' dir='ltr'>γὰρ</span> <span class='ocrx_word' id='word_1_319' title='bbox 1065 3998 1273 4061; x_wconf 76' lang='grc' dir='ltr'>ἀκοντὶ,</span> <span class='ocrx_word' id='word_1_320' title='bbox 1310 3998 1426 4050; x_wconf 81' lang='grc' dir='ltr'>ἀλλ’</span> <span class='ocrx_word' id='word_1_321' title='bbox 1470 4000 1624 4051; x_wconf 81' lang='grc' dir='ltr'>ἐκου-</span> 
     </span>
    </p>
   </div>
   <div class='ocr_carea' id='block_1_46' title="bbox 65 4083 1613 4161">
    <p class='ocr_par' dir='ltr' id='par_1_46' title="bbox 65 4083 1613 4161">
     <span class='ocr_line' id='line_1_46' title="bbox 65 4083 1613 4161; baseline 0.005 -26"><span class='ocrx_word' id='word_1_322' title='bbox 65 4083 183 4149; x_wconf 91' lang='grc' dir='ltr'>σίως</span> <span class='ocrx_word' id='word_1_323' title='bbox 219 4088 315 4140; x_wconf 70' lang='grc' dir='ltr'><strong>ἐπὶ</strong></span> <span class='ocrx_word' id='word_1_324' title='bbox 365 4088 455 4142; x_wconf 81' lang='grc' dir='ltr'><strong>τὸν</strong></span> <span class='ocrx_word' id='word_1_325' title='bbox 490 4090 719 4160; x_wconf 80' lang='grc' dir='ltr'>σταυρὸν</span> <span class='ocrx_word' id='word_1_326' title='bbox 749 4085 878 4159; x_wconf 77' lang='grc' dir='ltr'>ἦλθε</span> <span class='ocrx_word' id='word_1_327' title='bbox 918 4091 1014 4143; x_wconf 81' lang='grc' dir='ltr'><strong>σὺν</strong></span> <span class='ocrx_word' id='word_1_328' title='bbox 1045 4090 1211 4161; x_wconf 82' lang='grc' dir='ltr'>πολλῇ</span> <span class='ocrx_word' id='word_1_329' title='bbox 1247 4089 1563 4158; x_wconf 80' lang='grc' dir='ltr'>ἀγαλλιάσει</span> <span class='ocrx_word' id='word_1_330' title='bbox 1598 4106 1613 4120; x_wconf 91' lang='grc'><strong>·</strong></span> 
     </span>
    </p>
   </div>
   <div class='ocr_carea' id='block_1_47' title="bbox 68 4175 1619 4249">
    <p class='ocr_par' dir='ltr' id='par_1_47' title="bbox 68 4175 1619 4249">
     <span class='ocr_line' id='line_1_47' title="bbox 68 4175 1619 4249; baseline 0.001 -19"><span class='ocrx_word' id='word_1_331' title='bbox 68 4175 164 4244; x_wconf 76' lang='grc' dir='ltr'>πρὸ</span> <span class='ocrx_word' id='word_1_332' title='bbox 205 4178 315 4249; x_wconf 84' lang='grc' dir='ltr'>γὰρ</span> <span class='ocrx_word' id='word_1_333' title='bbox 368 4178 579 4232; x_wconf 87' lang='grc' dir='ltr'>πολλῶν</span> <span class='ocrx_word' id='word_1_334' title='bbox 628 4178 852 4249; x_wconf 78' lang='grc' dir='ltr'>ἡμερῶν</span> <span class='ocrx_word' id='word_1_335' title='bbox 896 4183 1009 4243; x_wconf 85' lang='grc' dir='ltr'>τοῖς</span> <span class='ocrx_word' id='word_1_336' title='bbox 1070 4180 1338 4249; x_wconf 86' lang='grc' dir='ltr'>μαθηταῖς</span> <span class='ocrx_word' id='word_1_337' title='bbox 1389 4180 1572 4249; x_wconf 78' lang='grc' dir='ltr'>ἔλεγεν</span> <span class='ocrx_word' id='word_1_338' title='bbox 1605 4193 1619 4208; x_wconf 83' lang='grc'>⁶</span> 
     </span>
    </p>
   </div>
   <div class='ocr_carea' id='block_1_48' title="bbox 73 4261 1614 4340">
    <p class='ocr_par' dir='ltr' id='par_1_48' title="bbox 73 4261 1614 4340">
     <span class='ocr_line' id='line_1_48' title="bbox 73 4261 1614 4340; baseline 0.005 -24"><span class='ocrx_word' id='word_1_339' title='bbox 73 4279 89 4311; x_wconf 77' lang='grc' dir='ltr'><strong>ι</strong></span> <span class='ocrx_word' id='word_1_340' title='bbox 113 4261 233 4317; x_wconf 78' lang='grc' dir='ltr'>’ἰδοὺ</span> <span class='ocrx_word' id='word_1_341' title='bbox 263 4265 625 4337; x_wconf 78' lang='grc' dir='ltr'>ἀναϐαίνομεν</span> <span class='ocrx_word' id='word_1_342' title='bbox 654 4270 733 4331; x_wconf 84' lang='grc' dir='ltr'><strong>είς</strong></span> <span class='ocrx_word' id='word_1_343' title='bbox 776 4268 1143 4340; x_wconf 85' lang='grc' dir='ltr'>Ἰερεσόλυμα,</span> <span class='ocrx_word' id='word_1_344' title='bbox 1174 4271 1316 4323; x_wconf 82' lang='grc' dir='ltr'><strong>καὶὸ</strong></span> <span class='ocrx_word' id='word_1_345' title='bbox 1364 4271 1492 4335; x_wconf 87' lang='grc' dir='ltr'>Υίὸς</span> <span class='ocrx_word' id='word_1_346' title='bbox 1519 4269 1614 4323; x_wconf 88' lang='grc' dir='ltr'><strong>τοῦ</strong></span> 
     </span>
    </p>
   </div>
   <div class='ocr_carea' id='block_1_49' title="bbox 72 4354 1653 4433">
    <p class='ocr_par' dir='ltr' id='par_1_49' title="bbox 72 4354 1653 4433">
     <span class='ocr_line' id='line_1_49' title="bbox 72 4354 1653 4433; baseline 0.005 -27"><span class='ocrx_word' id='word_1_347' title='bbox 72 4354 343 4425; x_wconf 83' lang='grc' dir='ltr'>ἀνθρώπου</span> <span class='ocrx_word' id='word_1_348' title='bbox 396 4359 831 4430; x_wconf 83' lang='grc' dir='ltr'>παραδοθήσεται</span> <span class='ocrx_word' id='word_1_349' title='bbox 881 4363 960 4424; x_wconf 79' lang='grc' dir='ltr'><strong>είς</strong></span> <span class='ocrx_word' id='word_1_350' title='bbox 997 4362 1058 4414; x_wconf 82' lang='grc' dir='ltr'><strong>τὸ</strong></span> <span class='ocrx_word' id='word_1_351' title='bbox 1099 4361 1485 4433; x_wconf 78' lang='grc' dir='ltr'>ἐμπαιχθῆναι,</span> <span class='ocrx_word' id='word_1_352' title='bbox 1528 4361 1653 4415; x_wconf 61' lang='grc' dir='ltr'>καὶ</span> 
     </span>
    </p>
   </div>
   <div class='ocr_carea' id='block_1_50' title="bbox 1716 519 3282 596">
    <p class='ocr_par' dir='ltr' id='par_1_50' title="bbox 1716 519 3282 596">
     <span class='ocr_line' id='line_1_50' title="bbox 1716 519 3282 596; baseline 0.006 -23"><span class='ocrx_word' id='word_1_353' title='bbox 1716 521 1890 573; x_wconf 90' lang='lat' dir='ltr'><strong>stolus</strong></span> <span class='ocrx_word' id='word_1_354' title='bbox 1922 520 1987 583; x_wconf 67' lang='grc' dir='ltr'>η,</span> <span class='ocrx_word' id='word_1_355' title='bbox 2030 519 2328 587; x_wconf 80' lang='lat' dir='ltr'><strong>perfectum</strong></span> <span class='ocrx_word' id='word_1_356' title='bbox 2370 519 2499 588; x_wconf 90' lang='lat' dir='ltr'><strong>quid</strong></span> <span class='ocrx_word' id='word_1_357' title='bbox 2546 531 2652 585; x_wconf 88' lang='lat' dir='ltr'><strong>est,</strong></span> <span class='ocrx_word' id='word_1_358' title='bbox 2694 530 2749 576; x_wconf 89' lang='lat' dir='ltr'><strong>et</strong></span> <span class='ocrx_word' id='word_1_359' title='bbox 2782 523 3025 591; x_wconf 62' lang='lat' dir='ltr'><strong>prtedicit</strong></span> <span class='ocrx_word' id='word_1_360' title='bbox 3068 526 3282 596; x_wconf 83' lang='lat' dir='ltr'><strong>Moyses</strong></span> 
     </span>
    </p>
   </div>
   <div class='ocr_carea' id='block_1_51' title="bbox 1716 605 3282 674">
    <p class='ocr_par' dir='ltr' id='par_1_51' title="bbox 1716 605 3282 674">
     <span class='ocr_line' id='line_1_51' title="bbox 1716 605 3282 674; baseline 0.008 -17"><span class='ocrx_word' id='word_1_361' title='bbox 1716 606 1958 673; x_wconf 89' lang='lat' dir='ltr'><strong>populo:</strong></span> <span class='ocrx_word' id='word_1_362' title='bbox 1998 627 2017 655; x_wconf 86' lang='grc'><strong><em>‹</em></strong></span> <span class='ocrx_word' id='word_1_363' title='bbox 2057 605 2407 661; x_wconf 86' lang='lat' dir='ltr'><strong>Sauctiticate</strong></span> <span class='ocrx_word' id='word_1_364' title='bbox 2436 622 2533 662; x_wconf 90' lang='lat' dir='ltr'><strong>vos</strong></span> <span class='ocrx_word' id='word_1_365' title='bbox 2560 609 2615 663; x_wconf 92' lang='lat' dir='ltr'><strong>in</strong></span> <span class='ocrx_word' id='word_1_366' title='bbox 2658 612 3058 674; x_wconf 88' lang='lat' dir='ltr'><strong>crastinum,et</strong></span> <span class='ocrx_word' id='word_1_367' title='bbox 3123 630 3282 668; x_wconf 80' lang='lat' dir='ltr'><strong>com-</strong></span> 
     </span>
    </p>
   </div>
   <div class='ocr_carea' id='block_1_52' title="bbox 1713 695 3283 771">
    <p class='ocr_par' dir='ltr' id='par_1_52' title="bbox 1713 695 3283 771">
     <span class='ocr_line' id='line_1_52' title="bbox 1713 695 3283 771; baseline 0.008 -23"><span class='ocrx_word' id='word_1_368' title='bbox 1713 695 1887 749; x_wconf 86' lang='lat' dir='ltr'><strong>edatis</strong></span> <span class='ocrx_word' id='word_1_369' title='bbox 1908 709 2101 752; x_wconf 85' lang='lat' dir='ltr'><strong>carnes</strong></span> <span class='ocrx_word' id='word_1_370' title='bbox 2126 698 2203 763; x_wconf 73' lang='lat'><strong>&#39;7;</strong></span> <span class='ocrx_word' id='word_1_371' title='bbox 2243 716 2261 748; x_wconf 82' lang='grc' dir='ltr'><strong>ι</strong></span> <span class='ocrx_word' id='word_1_372' title='bbox 2293 713 2486 754; x_wconf 87' lang='lat' dir='ltr'><strong>carnes</strong></span> <span class='ocrx_word' id='word_1_373' title='bbox 2527 700 2835 771; x_wconf 77' lang='lat' dir='ltr'><strong>intelligens</strong></span> <span class='ocrx_word' id='word_1_374' title='bbox 2878 702 3126 757; x_wconf 79' lang='lat' dir='ltr'><strong>divinum</strong></span> <span class='ocrx_word' id='word_1_375' title='bbox 3157 721 3283 760; x_wconf 86' lang='lat' dir='ltr'><strong>cor-</strong></span> 
     </span>
    </p>
   </div>
   <div class='ocr_carea' id='block_1_53' title="bbox 1714 788 3287 861">
    <p class='ocr_par' dir='ltr' id='par_1_53' title="bbox 1714 788 3287 861">
     <span class='ocr_line' id='line_1_53' title="bbox 1714 788 3287 861; baseline 0.01 -25"><span class='ocrx_word' id='word_1_376' title='bbox 1714 799 1839 854; x_wconf 88' lang='lat' dir='ltr'><strong>pus,</strong></span> <span class='ocrx_word' id='word_1_377' title='bbox 1886 788 2032 855; x_wconf 84' lang='lat' dir='ltr'><strong>quod</strong></span> <span class='ocrx_word' id='word_1_378' title='bbox 2088 788 2275 844; x_wconf 75' lang='lat' dir='ltr'><strong>ﬁdeles</strong></span> <span class='ocrx_word' id='word_1_379' title='bbox 2323 791 2376 843; x_wconf 92' lang='lat' dir='ltr'><strong>in</strong></span> <span class='ocrx_word' id='word_1_380' title='bbox 2427 790 2533 861; x_wconf 65' lang='grc'><strong>43</strong></span> <span class='ocrx_word' id='word_1_381' title='bbox 2589 791 2832 847; x_wconf 84' lang='lat' dir='ltr'><strong>Ecclesia</strong></span> <span class='ocrx_word' id='word_1_382' title='bbox 2878 795 3195 859; x_wconf 83' lang='lat' dir='ltr'><strong>cemedunt,</strong></span> <span class='ocrx_word' id='word_1_383' title='bbox 3231 805 3287 851; x_wconf 88' lang='lat' dir='ltr'><strong>et</strong></span> 
     </span>
    </p>
   </div>
   <div class='ocr_carea' id='block_1_54' title="bbox 1715 880 3286 957">
    <p class='ocr_par' dir='ltr' id='par_1_54' title="bbox 1715 880 3286 957">
     <span class='ocr_line' id='line_1_54' title="bbox 1715 880 3286 957; baseline 0.006 -24"><span class='ocrx_word' id='word_1_384' title='bbox 1715 880 2084 933; x_wconf 84' lang='lat' dir='ltr'><strong>beatissimam</strong></span> <span class='ocrx_word' id='word_1_385' title='bbox 2110 881 2546 937; x_wconf 89' lang='lat' dir='ltr'><strong>Christianorum</strong></span> <span class='ocrx_word' id='word_1_386' title='bbox 2581 886 2976 957; x_wconf 72' lang='lat' dir='ltr'><strong>cognitionem,</strong></span> <span class='ocrx_word' id='word_1_387' title='bbox 3012 888 3286 956; x_wconf 79' lang='lat' dir='ltr'><strong>COgnitio-</strong></span> 
     </span>
    </p>
   </div>
   <div class='ocr_carea' id='block_1_55' title="bbox 1714 970 2573 1027">
    <p class='ocr_par' dir='ltr' id='par_1_55' title="bbox 1714 970 2573 1027">
     <span class='ocr_line' id='line_1_55' title="bbox 1714 970 2573 1027; baseline 0.005 -4"><span class='ocrx_word' id='word_1_388' title='bbox 1714 970 1875 1026; x_wconf 90' lang='lat' dir='ltr'><strong>nibus</strong></span> <span class='ocrx_word' id='word_1_389' title='bbox 1904 971 2162 1027; x_wconf 87' lang='lat' dir='ltr'><strong>omnibus</strong></span> <span class='ocrx_word' id='word_1_390' title='bbox 2189 974 2573 1027; x_wconf 84' lang='lat' dir='ltr'><strong>excelsiorem.</strong></span> 
     </span>
    </p>
   </div>
   <div class='ocr_carea' id='block_1_56' title="bbox 2292 1064 2695 1119">
    <p class='ocr_par' dir='ltr' id='par_1_56' title="bbox 2292 1064 2695 1119">
     <span class='ocr_line' id='line_1_56' title="bbox 2292 1064 2695 1119; baseline 0 0"><span class='ocrx_word' id='word_1_391' title='bbox 2292 1065 2357 1119; x_wconf 86' lang='lat' dir='ltr'><strong>C.</strong></span> <span class='ocrx_word' id='word_1_392' title='bbox 2387 1095 2457 1105; x_wconf 89' lang='lat'><strong>-—</strong></span> <span class='ocrx_word' id='word_1_393' title='bbox 2487 1064 2695 1119; x_wconf 78' lang='lat' dir='ltr'><strong>Eidem.</strong></span> 
     </span>
    </p>
   </div>
   <div class='ocr_carea' id='block_1_57' title="bbox 1786 1156 3283 1231">
    <p class='ocr_par' dir='ltr' id='par_1_57' title="bbox 1786 1156 3283 1231">
     <span class='ocr_line' id='line_1_57' title="bbox 1786 1156 3283 1231; baseline 0.004 -20"><span class='ocrx_word' id='word_1_394' title='bbox 1786 1156 1953 1213; x_wconf 81' lang='lat' dir='ltr'><strong>Recte</strong></span> <span class='ocrx_word' id='word_1_395' title='bbox 1984 1165 2037 1213; x_wconf 89' lang='lat' dir='ltr'><strong>et</strong></span> <span class='ocrx_word' id='word_1_396' title='bbox 2058 1158 2164 1213; x_wconf 89' lang='lat' dir='ltr'><strong>hoc</strong></span> <span class='ocrx_word' id='word_1_397' title='bbox 2187 1158 2433 1213; x_wconf 91' lang='lat' dir='ltr'><strong>divinum</strong></span> <span class='ocrx_word' id='word_1_398' title='bbox 2476 1159 2696 1231; x_wconf 83' lang='lat' dir='ltr'><strong>Moysen</strong></span> <span class='ocrx_word' id='word_1_399' title='bbox 2742 1162 2955 1218; x_wconf 83' lang='lat' dir='ltr'><strong>dixisse</strong></span> <span class='ocrx_word' id='word_1_400' title='bbox 2995 1162 3283 1217; x_wconf 84' lang='lat' dir='ltr'><strong>novimus:</strong></span> 
     </span>
    </p>
   </div>
   <div class='ocr_carea' id='block_1_58' title="bbox 1719 1248 3287 1324">
    <p class='ocr_par' dir='ltr' id='par_1_58' title="bbox 1719 1248 3287 1324">
     <span class='ocr_line' id='line_1_58' title="bbox 1719 1248 3287 1324; baseline 0.005 -24"><span class='ocrx_word' id='word_1_401' title='bbox 1719 1267 1738 1300; x_wconf 81' lang='grc' dir='ltr'><strong>ι</strong></span> <span class='ocrx_word' id='word_1_402' title='bbox 1769 1248 1885 1304; x_wconf 85' lang='grc' dir='ltr'>Νοιι</span> <span class='ocrx_word' id='word_1_403' title='bbox 1911 1251 2090 1313; x_wconf 82' lang='lat' dir='ltr'><strong>hodie,</strong></span> <span class='ocrx_word' id='word_1_404' title='bbox 2115 1251 2210 1305; x_wconf 90' lang='lat' dir='ltr'><strong>sed</strong></span> <span class='ocrx_word' id='word_1_405' title='bbox 2247 1267 2372 1306; x_wconf 89' lang='lat' dir='ltr'><strong>cras</strong></span> <span class='ocrx_word' id='word_1_406' title='bbox 2394 1267 2590 1306; x_wconf 88' lang='lat' dir='ltr'><strong>carnes</strong></span> <span class='ocrx_word' id='word_1_407' title='bbox 2618 1254 2972 1319; x_wconf 61' lang='lat' dir='ltr'><strong>comedetisu</strong></span> <span class='ocrx_word' id='word_1_408' title='bbox 2995 1262 3048 1309; x_wconf 89' lang='lat' dir='ltr'><strong>ut</strong></span> <span class='ocrx_word' id='word_1_409' title='bbox 3072 1266 3287 1324; x_wconf 80' lang='lat' dir='ltr'><strong>tempus</strong></span> 
     </span>
    </p>
   </div>
   <div class='ocr_carea' id='block_1_59' title="bbox 1714 1340 3286 1411">
    <p class='ocr_par' dir='ltr' id='par_1_59' title="bbox 1714 1340 3286 1411">
     <span class='ocr_line' id='line_1_59' title="bbox 1714 1340 3286 1411; baseline 0.003 -18"><span class='ocrx_word' id='word_1_410' title='bbox 1714 1351 1837 1411; x_wconf 88' lang='lat' dir='ltr'><strong>post</strong></span> <span class='ocrx_word' id='word_1_411' title='bbox 1864 1340 2067 1395; x_wconf 87' lang='lat' dir='ltr'><strong>Christi</strong></span> <span class='ocrx_word' id='word_1_412' title='bbox 2111 1342 2228 1407; x_wconf 87' lang='lat' dir='ltr'><strong>Dei,</strong></span> <span class='ocrx_word' id='word_1_413' title='bbox 2251 1352 2304 1397; x_wconf 84' lang='lat' dir='ltr'><strong>et</strong></span> <span class='ocrx_word' id='word_1_414' title='bbox 2332 1358 2516 1397; x_wconf 87' lang='lat' dir='ltr'><strong>rerum</strong></span> <span class='ocrx_word' id='word_1_415' title='bbox 2547 1344 2794 1398; x_wconf 89' lang='lat' dir='ltr'><strong>omnium</strong></span> <span class='ocrx_word' id='word_1_416' title='bbox 2831 1345 3044 1399; x_wconf 90' lang='lat' dir='ltr'><strong>Domini</strong></span> <span class='ocrx_word' id='word_1_417' title='bbox 3077 1346 3286 1399; x_wconf 88' lang='lat' dir='ltr'><strong>adven-</strong></span> 
     </span>
    </p>
   </div>
   <div class='ocr_carea' id='block_1_60' title="bbox 1716 1433 3284 1508">
    <p class='ocr_par' dir='ltr' id='par_1_60' title="bbox 1716 1433 3284 1508">
     <span class='ocr_line' id='line_1_60' title="bbox 1716 1433 3284 1508; baseline 0.004 -23"><span class='ocrx_word' id='word_1_418' title='bbox 1716 1442 1829 1486; x_wconf 89' lang='lat' dir='ltr'><strong>tum</strong></span> <span class='ocrx_word' id='word_1_419' title='bbox 1864 1442 2340 1489; x_wconf 84' lang='lat' dir='ltr'><strong>commonstraret.</strong></span> <span class='ocrx_word' id='word_1_420' title='bbox 2382 1433 2592 1489; x_wconf 89' lang='lat' dir='ltr'><strong>Carnes</strong></span> <span class='ocrx_word' id='word_1_421' title='bbox 2636 1437 2834 1491; x_wconf 88' lang='lat' dir='ltr'><strong>etenim</strong></span> <span class='ocrx_word' id='word_1_422' title='bbox 2876 1445 3284 1508; x_wconf 73' lang='lat' dir='ltr'><strong>ortygometrte,</strong></span> 
     </span>
    </p>
   </div>
   <div class='ocr_carea' id='block_1_61' title="bbox 1717 1524 3289 1598">
    <p class='ocr_par' dir='ltr' id='par_1_61' title="bbox 1717 1524 3289 1598">
     <span class='ocr_line' id='line_1_61' title="bbox 1717 1524 3289 1598; baseline 0.002 -21"><span class='ocrx_word' id='word_1_423' title='bbox 1717 1524 1771 1577; x_wconf 92' lang='lat' dir='ltr'><strong>in</strong></span> <span class='ocrx_word' id='word_1_424' title='bbox 1805 1524 2258 1594; x_wconf 78' lang='lat' dir='ltr'><strong>indignationem,</strong></span> <span class='ocrx_word' id='word_1_425' title='bbox 2300 1533 2355 1578; x_wconf 89' lang='lat' dir='ltr'><strong>et</strong></span> <span class='ocrx_word' id='word_1_426' title='bbox 2384 1526 2656 1589; x_wconf 81' lang='lat' dir='ltr'><strong>volvulos,</strong></span> <span class='ocrx_word' id='word_1_427' title='bbox 2683 1535 2736 1581; x_wconf 85' lang='lat' dir='ltr'><strong>et</strong></span> <span class='ocrx_word' id='word_1_428' title='bbox 2766 1528 3201 1598; x_wconf 86' lang='lat' dir='ltr'><strong>corruptionem,</strong></span> <span class='ocrx_word' id='word_1_429' title='bbox 3232 1536 3289 1581; x_wconf 88' lang='lat' dir='ltr'><strong>et</strong></span> 
     </span>
    </p>
   </div>
   <div class='ocr_carea' id='block_1_62' title="bbox 1715 1615 3288 1689">
    <p class='ocr_par' dir='ltr' id='par_1_62' title="bbox 1715 1615 3288 1689">
     <span class='ocr_line' id='line_1_62' title="bbox 1715 1615 3288 1689; baseline 0.001 -20"><span class='ocrx_word' id='word_1_430' title='bbox 1715 1616 1995 1669; x_wconf 87' lang='lat' dir='ltr'><strong>choleram</strong></span> <span class='ocrx_word' id='word_1_431' title='bbox 2035 1615 2278 1671; x_wconf 65' lang='lat' dir='ltr'><strong>Hebraeis</strong></span> <span class='ocrx_word' id='word_1_432' title='bbox 2313 1618 2585 1673; x_wconf 88' lang='lat' dir='ltr'><strong>cecidere.</strong></span> <span class='ocrx_word' id='word_1_433' title='bbox 2631 1619 2698 1671; x_wconf 85' lang='lat' dir='ltr'><strong>At</strong></span> <span class='ocrx_word' id='word_1_434' title='bbox 2727 1628 2928 1673; x_wconf 79' lang='lat' dir='ltr'><strong>nostrae</strong></span> <span class='ocrx_word' id='word_1_435' title='bbox 2955 1634 3121 1689; x_wconf 88' lang='lat' dir='ltr'><strong>quam</strong></span> <span class='ocrx_word' id='word_1_436' title='bbox 3158 1619 3288 1673; x_wconf 87' lang='lat' dir='ltr'><strong>hea-</strong></span> 
     </span>
    </p>
   </div>
   <div class='ocr_carea' id='block_1_63' title="bbox 1718 1707 3281 1773">
    <p class='ocr_par' dir='ltr' id='par_1_63' title="bbox 1718 1707 3281 1773">
     <span class='ocr_line' id='line_1_63' title="bbox 1718 1707 3281 1773; baseline 0.003 -14"><span class='ocrx_word' id='word_1_437' title='bbox 1718 1707 1943 1761; x_wconf 59' lang='lat' dir='ltr'><strong>tissima‘.</strong></span> <span class='ocrx_word' id='word_1_438' title='bbox 1982 1723 2179 1763; x_wconf 86' lang='lat' dir='ltr'><strong>carnes</strong></span> <span class='ocrx_word' id='word_1_439' title='bbox 2222 1708 2558 1773; x_wconf 78' lang='lat' dir='ltr'><strong>ﬁrmitatem,</strong></span> <span class='ocrx_word' id='word_1_440' title='bbox 2604 1711 2793 1773; x_wconf 87' lang='lat' dir='ltr'><strong>robur,</strong></span> <span class='ocrx_word' id='word_1_441' title='bbox 2843 1711 3040 1764; x_wconf 90' lang='lat' dir='ltr'><strong>bonam</strong></span> <span class='ocrx_word' id='word_1_442' title='bbox 3070 1711 3281 1764; x_wconf 88' lang='lat' dir='ltr'><strong>valetu-</strong></span> 
     </span>
    </p>
   </div>
   <div class='ocr_carea' id='block_1_64' title="bbox 1718 1796 3289 1863">
    <p class='ocr_par' dir='ltr' id='par_1_64' title="bbox 1718 1796 3289 1863">
     <span class='ocr_line' id='line_1_64' title="bbox 1718 1796 3289 1863; baseline 0.003 -14"><span class='ocrx_word' id='word_1_443' title='bbox 1718 1796 1922 1860; x_wconf 87' lang='lat' dir='ltr'><strong>dinem,</strong></span> <span class='ocrx_word' id='word_1_444' title='bbox 1957 1798 2409 1863; x_wconf 85' lang='lat' dir='ltr'><strong>consolationem,</strong></span> <span class='ocrx_word' id='word_1_445' title='bbox 2473 1808 2528 1855; x_wconf 84' lang='lat' dir='ltr'><strong>et</strong></span> <span class='ocrx_word' id='word_1_446' title='bbox 2584 1802 2750 1855; x_wconf 87' lang='lat' dir='ltr'><strong>vitam</strong></span> <span class='ocrx_word' id='word_1_447' title='bbox 2785 1810 3045 1855; x_wconf 63' lang='lat' dir='ltr'><strong>mlernam</strong></span> <span class='ocrx_word' id='word_1_448' title='bbox 3098 1801 3289 1855; x_wconf 88' lang='lat' dir='ltr'><strong>conci-</strong></span> 
     </span>
    </p>
   </div>
   <div class='ocr_carea' id='block_1_65' title="bbox 1720 1888 3215 1962">
    <p class='ocr_par' dir='ltr' id='par_1_65' title="bbox 1720 1888 3215 1962">
     <span class='ocr_line' id='line_1_65' title="bbox 1720 1888 3215 1962; baseline 0.003 -21"><span class='ocrx_word' id='word_1_449' title='bbox 1720 1889 1877 1953; x_wconf 89' lang='lat' dir='ltr'><strong>liant,</strong></span> <span class='ocrx_word' id='word_1_450' title='bbox 1904 1889 1992 1953; x_wconf 90' lang='lat' dir='ltr'><strong>iis,</strong></span> <span class='ocrx_word' id='word_1_451' title='bbox 2028 1888 2118 1960; x_wconf 85' lang='lat' dir='ltr'><strong>qui</strong></span> <span class='ocrx_word' id='word_1_452' title='bbox 2151 1891 2312 1962; x_wconf 79' lang='lat' dir='ltr'><strong>digne</strong></span> <span class='ocrx_word' id='word_1_453' title='bbox 2337 1906 2527 1945; x_wconf 88' lang='lat' dir='ltr'><strong>earum</strong></span> <span class='ocrx_word' id='word_1_454' title='bbox 2562 1892 2860 1961; x_wconf 85' lang='lat' dir='ltr'><strong>participes</strong></span> <span class='ocrx_word' id='word_1_455' title='bbox 2882 1892 3215 1947; x_wconf 70' lang='lat' dir='ltr'><strong>efﬁciuntur.</strong></span> 
     </span>
    </p>
   </div>
   <div class='ocr_carea' id='block_1_66' title="bbox 2299 1981 2723 2038">
    <p class='ocr_par' dir='ltr' id='par_1_66' title="bbox 2299 1981 2723 2038">
     <span class='ocr_line' id='line_1_66' title="bbox 2299 1981 2723 2038; baseline 0.007 -3"><span class='ocrx_word' id='word_1_456' title='bbox 2299 1981 2387 2036; x_wconf 82' lang='lat' dir='ltr'><strong>Cl.</strong></span> <span class='ocrx_word' id='word_1_457' title='bbox 2416 2013 2488 2023; x_wconf 86' lang='lat'><strong>--</strong></span> <span class='ocrx_word' id='word_1_458' title='bbox 2520 1982 2723 2038; x_wconf 78' lang='lat' dir='ltr'><strong>Eidem.</strong></span> 
     </span>
    </p>
   </div>
   <div class='ocr_carea' id='block_1_67' title="bbox 1787 2073 3290 2145">
    <p class='ocr_par' dir='ltr' id='par_1_67' title="bbox 1787 2073 3290 2145">
     <span class='ocr_line' id='line_1_67' title="bbox 1787 2073 3290 2145; baseline -0.002 -17"><span class='ocrx_word' id='word_1_459' title='bbox 1787 2074 1928 2142; x_wconf 84' lang='lat' dir='ltr'><strong>Quid</strong></span> <span class='ocrx_word' id='word_1_460' title='bbox 1957 2076 2325 2145; x_wconf 88' lang='lat' dir='ltr'><strong>obstupescis,</strong></span> <span class='ocrx_word' id='word_1_461' title='bbox 2360 2077 2403 2128; x_wconf 85' lang='lat' dir='ltr'><strong>si</strong></span> <span class='ocrx_word' id='word_1_462' title='bbox 2447 2078 2696 2131; x_wconf 85' lang='lat' dir='ltr'><strong>carnium</strong></span> <span class='ocrx_word' id='word_1_463' title='bbox 2730 2088 3079 2140; x_wconf 60' lang='lat' dir='ltr'><strong>aaternarum,</strong></span> <span class='ocrx_word' id='word_1_464' title='bbox 3125 2073 3290 2129; x_wconf 85' lang='lat' dir='ltr'><strong>nulli-</strong></span> 
     </span>
    </p>
   </div>
   <div class='ocr_carea' id='block_1_68' title="bbox 1718 2162 3290 2237">
    <p class='ocr_par' dir='ltr' id='par_1_68' title="bbox 1718 2162 3290 2237">
     <span class='ocr_line' id='line_1_68' title="bbox 1718 2162 3290 2237; baseline -0.002 -18"><span class='ocrx_word' id='word_1_465' title='bbox 1718 2182 1824 2237; x_wconf 88' lang='lat' dir='ltr'><strong>que</strong></span> <span class='ocrx_word' id='word_1_466' title='bbox 1847 2168 2187 2237; x_wconf 87' lang='lat' dir='ltr'><strong>corruptioni</strong></span> <span class='ocrx_word' id='word_1_467' title='bbox 2215 2168 2576 2221; x_wconf 80' lang='lat' dir='ltr'><strong>obnoxiarum</strong></span> <span class='ocrx_word' id='word_1_468' title='bbox 2612 2167 2905 2236; x_wconf 85' lang='lat' dir='ltr'><strong>participes</strong></span> <span class='ocrx_word' id='word_1_469' title='bbox 2925 2166 3061 2219; x_wconf 83' lang='lat' dir='ltr'><strong>ﬁunt</strong></span> <span class='ocrx_word' id='word_1_470' title='bbox 3085 2162 3290 2218; x_wconf 85' lang='lat' dir='ltr'><strong>Christi</strong></span> 
     </span>
    </p>
   </div>
   <div class='ocr_carea' id='block_1_69' title="bbox 1718 2254 3291 2329">
    <p class='ocr_par' dir='ltr' id='par_1_69' title="bbox 1718 2254 3291 2329">
     <span class='ocr_line' id='line_1_69' title="bbox 1718 2254 3291 2329; baseline -0.004 -16"><span class='ocrx_word' id='word_1_471' title='bbox 1718 2260 1903 2313; x_wconf 80' lang='lat' dir='ltr'><strong>dilecti</strong></span> <span class='ocrx_word' id='word_1_472' title='bbox 1953 2261 2126 2325; x_wconf 83' lang='lat' dir='ltr'><strong>servi,</strong></span> <span class='ocrx_word' id='word_1_473' title='bbox 2161 2261 2251 2329; x_wconf 89' lang='lat' dir='ltr'><strong>qui</strong></span> <span class='ocrx_word' id='word_1_474' title='bbox 2299 2261 2509 2329; x_wconf 86' lang='lat' dir='ltr'><strong>scipsos</strong></span> <span class='ocrx_word' id='word_1_475' title='bbox 2545 2260 2742 2311; x_wconf 88' lang='lat' dir='ltr'><strong>timore</strong></span> <span class='ocrx_word' id='word_1_476' title='bbox 2776 2256 2909 2322; x_wconf 90' lang='lat' dir='ltr'><strong>Dei,</strong></span> <span class='ocrx_word' id='word_1_477' title='bbox 2947 2263 3000 2309; x_wconf 90' lang='lat' dir='ltr'><strong>et</strong></span> <span class='ocrx_word' id='word_1_478' title='bbox 3054 2254 3177 2318; x_wconf 78' lang='lat' dir='ltr'><strong>nde,</strong></span> <span class='ocrx_word' id='word_1_479' title='bbox 3235 2263 3291 2307; x_wconf 84' lang='lat' dir='ltr'><strong>et</strong></span> 
     </span>
    </p>
   </div>
   <div class='ocr_carea' id='block_1_70' title="bbox 1724 2344 3289 2421">
    <p class='ocr_par' dir='ltr' id='par_1_70' title="bbox 1724 2344 3289 2421">
     <span class='ocr_line' id='line_1_70' title="bbox 1724 2344 3289 2421; baseline -0.006 -16"><span class='ocrx_word' id='word_1_480' title='bbox 1724 2354 1997 2421; x_wconf 64' lang='lat' dir='ltr'><strong>praeclaris</strong></span> <span class='ocrx_word' id='word_1_481' title='bbox 2048 2352 2387 2406; x_wconf 82' lang='lat' dir='ltr'><strong>facinoribus</strong></span> <span class='ocrx_word' id='word_1_482' title='bbox 2435 2350 2700 2420; x_wconf 75' lang='lat' dir='ltr'><strong>purgant?</strong></span> <span class='ocrx_word' id='word_1_483' title='bbox 2746 2349 2857 2402; x_wconf 90' lang='lat' dir='ltr'><strong>imo</strong></span> <span class='ocrx_word' id='word_1_484' title='bbox 2896 2346 3083 2399; x_wconf 86' lang='lat' dir='ltr'><strong>divino</strong></span> <span class='ocrx_word' id='word_1_485' title='bbox 3125 2344 3289 2397; x_wconf 85' lang='lat' dir='ltr'><strong>etiam</strong></span> 
     </span>
    </p>
   </div>
   <div class='ocr_carea' id='block_1_71' title="bbox 1721 2433 3296 2513">
    <p class='ocr_par' dir='ltr' id='par_1_71' title="bbox 1721 2433 3296 2513">
     <span class='ocr_line' id='line_1_71' title="bbox 1721 2433 3296 2513; baseline -0.008 -16"><span class='ocrx_word' id='word_1_486' title='bbox 1721 2445 1845 2497; x_wconf 86' lang='lat' dir='ltr'><strong>vino</strong></span> <span class='ocrx_word' id='word_1_487' title='bbox 1876 2443 2261 2511; x_wconf 83' lang='lat' dir='ltr'><strong>abundabunt;</strong></span> <span class='ocrx_word' id='word_1_488' title='bbox 2302 2442 2762 2513; x_wconf 78' lang='lat' dir='ltr'><strong>quemadmodum</strong></span> <span class='ocrx_word' id='word_1_489' title='bbox 2792 2439 2978 2509; x_wconf 88' lang='lat' dir='ltr'><strong>justus</strong></span> <span class='ocrx_word' id='word_1_490' title='bbox 3008 2435 3123 2489; x_wconf 84' lang='lat' dir='ltr'><strong>Noe</strong></span> <span class='ocrx_word' id='word_1_491' title='bbox 3150 2433 3296 2503; x_wconf 81' lang='lat' dir='ltr'><strong>agri-</strong></span> 
     </span>
    </p>
   </div>
   <div class='ocr_carea' id='block_1_72' title="bbox 1720 2526 3295 2604">
    <p class='ocr_par' dir='ltr' id='par_1_72' title="bbox 1720 2526 3295 2604">
     <span class='ocr_line' id='line_1_72' title="bbox 1720 2526 3295 2604; baseline -0.005 -15"><span class='ocrx_word' id='word_1_492' title='bbox 1720 2537 1840 2589; x_wconf 85' lang='lat' dir='ltr'><strong>cola</strong></span> <span class='ocrx_word' id='word_1_493' title='bbox 1878 2536 2056 2591; x_wconf 78' lang='lat' dir='ltr'><strong>factus</strong></span> <span class='ocrx_word' id='word_1_494' title='bbox 2099 2545 2205 2597; x_wconf 83' lang='lat' dir='ltr'><strong>est.</strong></span> <span class='ocrx_word' id='word_1_495' title='bbox 2242 2543 2296 2590; x_wconf 87' lang='lat' dir='ltr'><strong>et</strong></span> <span class='ocrx_word' id='word_1_496' title='bbox 2339 2536 2638 2604; x_wconf 86' lang='lat' dir='ltr'><strong>plantatam</strong></span> <span class='ocrx_word' id='word_1_497' title='bbox 2665 2548 2691 2582; x_wconf 75' lang='grc' dir='ltr'><strong>ιι</strong></span> <span class='ocrx_word' id='word_1_498' title='bbox 2717 2546 2773 2583; x_wconf 90' lang='lat' dir='ltr'><strong>se</strong></span> <span class='ocrx_word' id='word_1_499' title='bbox 2800 2526 3008 2579; x_wconf 76' lang='lat' dir='ltr'><strong>vincant</strong></span> <span class='ocrx_word' id='word_1_500' title='bbox 3046 2527 3295 2581; x_wconf 82' lang='lat' dir='ltr'><strong>studiose</strong></span> 
     </span>
    </p>
   </div>
   <div class='ocr_carea' id='block_1_73' title="bbox 1717 2617 3294 2697">
    <p class='ocr_par' dir='ltr' id='par_1_73' title="bbox 1717 2617 3294 2697">
     <span class='ocr_line' id='line_1_73' title="bbox 1717 2617 3294 2697; baseline -0.006 -16"><span class='ocrx_word' id='word_1_501' title='bbox 1717 2630 2103 2697; x_wconf 78' lang='lat' dir='ltr'><strong>eleganterque</strong></span> <span class='ocrx_word' id='word_1_502' title='bbox 2129 2627 2297 2681; x_wconf 89' lang='lat' dir='ltr'><strong>coluit</strong></span> <span class='ocrx_word' id='word_1_503' title='bbox 2316 2627 2380 2681; x_wconf 80' lang='grc'><strong>¹⁸.</strong></span> <span class='ocrx_word' id='word_1_504' title='bbox 2409 2625 2623 2679; x_wconf 88' lang='lat' dir='ltr'><strong>Emensi</strong></span> <span class='ocrx_word' id='word_1_505' title='bbox 2654 2621 2920 2692; x_wconf 88' lang='lat' dir='ltr'><strong>siquidem</strong></span> <span class='ocrx_word' id='word_1_506' title='bbox 2952 2617 3294 2674; x_wconf 82' lang='lat' dir='ltr'><strong>inﬁdelitatis</strong></span> 
     </span>
    </p>
   </div>
   <div class='ocr_carea' id='block_1_74' title="bbox 1721 2709 3293 2778">
    <p class='ocr_par' dir='ltr' id='par_1_74' title="bbox 1721 2709 3293 2778">
     <span class='ocr_line' id='line_1_74' title="bbox 1721 2709 3293 2778; baseline -0.007 -8"><span class='ocrx_word' id='word_1_507' title='bbox 1721 2717 1958 2771; x_wconf 75' lang='lat' dir='ltr'><strong>illuviem</strong></span> <span class='ocrx_word' id='word_1_508' title='bbox 1984 2716 2164 2771; x_wconf 87' lang='lat' dir='ltr'><strong>vinum</strong></span> <span class='ocrx_word' id='word_1_509' title='bbox 2193 2717 2439 2771; x_wconf 89' lang='lat' dir='ltr'><strong>sobrium</strong></span> <span class='ocrx_word' id='word_1_510' title='bbox 2463 2716 2740 2778; x_wconf 89' lang='lat' dir='ltr'><strong>biberunt,</strong></span> <span class='ocrx_word' id='word_1_511' title='bbox 2760 2722 2813 2766; x_wconf 85' lang='lat' dir='ltr'><strong>et</strong></span> <span class='ocrx_word' id='word_1_512' title='bbox 2845 2709 3102 2765; x_wconf 85' lang='lat' dir='ltr'><strong>inebriati</strong></span> <span class='ocrx_word' id='word_1_513' title='bbox 3132 2716 3293 2769; x_wconf 87' lang='lat' dir='ltr'><strong>sunt;</strong></span> 
     </span>
    </p>
   </div>
   <div class='ocr_carea' id='block_1_75' title="bbox 1723 2796 3295 2876">
    <p class='ocr_par' dir='ltr' id='par_1_75' title="bbox 1723 2796 3295 2876">
     <span class='ocr_line' id='line_1_75' title="bbox 1723 2796 3295 2876; baseline -0.01 -14"><span class='ocrx_word' id='word_1_514' title='bbox 1723 2818 1782 2862; x_wconf 90' lang='lat' dir='ltr'><strong>ut</strong></span> <span class='ocrx_word' id='word_1_515' title='bbox 1804 2806 1971 2861; x_wconf 82' lang='lat' dir='ltr'><strong>David</strong></span> <span class='ocrx_word' id='word_1_516' title='bbox 2005 2807 2214 2876; x_wconf 87' lang='lat' dir='ltr'><strong>inquit:</strong></span> <span class='ocrx_word' id='word_1_517' title='bbox 2240 2826 2258 2857; x_wconf 84' lang='grc' dir='ltr'><strong>ι</strong></span> <span class='ocrx_word' id='word_1_518' title='bbox 2280 2806 2431 2860; x_wconf 86' lang='lat' dir='ltr'><strong>Calix</strong></span> <span class='ocrx_word' id='word_1_519' title='bbox 2456 2805 2546 2859; x_wconf 89' lang='lat' dir='ltr'><strong>Dei</strong></span> <span class='ocrx_word' id='word_1_520' title='bbox 2574 2804 2856 2857; x_wconf 89' lang='lat' dir='ltr'><strong>inebrians</strong></span> <span class='ocrx_word' id='word_1_521' title='bbox 2883 2816 2966 2856; x_wconf 88' lang='lat' dir='ltr'><strong>me</strong></span> <span class='ocrx_word' id='word_1_522' title='bbox 2985 2796 3295 2852; x_wconf 82' lang='lat' dir='ltr'><strong>valentissi-</strong></span> 
     </span>
    </p>
   </div>
   <div class='ocr_carea' id='block_1_76' title="bbox 1721 2889 3298 2965">
    <p class='ocr_par' dir='ltr' id='par_1_76' title="bbox 1721 2889 3298 2965">
     <span class='ocr_line' id='line_1_76' title="bbox 1721 2889 3298 2965; baseline -0.008 -12"><span class='ocrx_word' id='word_1_523' title='bbox 1721 2914 1807 2953; x_wconf 89' lang='lat' dir='ltr'><strong>me</strong></span> <span class='ocrx_word' id='word_1_524' title='bbox 1830 2900 1902 2965; x_wconf 78' lang='grc'><strong>¹¹⁹;</strong></span> <span class='ocrx_word' id='word_1_525' title='bbox 1928 2917 1948 2952; x_wconf 79' lang='grc' dir='ltr'><strong>ι</strong></span> <span class='ocrx_word' id='word_1_526' title='bbox 1982 2906 2036 2953; x_wconf 90' lang='lat' dir='ltr'><strong>et</strong></span> <span class='ocrx_word' id='word_1_527' title='bbox 2067 2898 2265 2952; x_wconf 84' lang='lat' dir='ltr'><strong>madidi</strong></span> <span class='ocrx_word' id='word_1_528' title='bbox 2294 2894 2929 2964; x_wconf 45' lang='lat' dir='ltr'><strong>denudatione‘quadam</strong></span> <span class='ocrx_word' id='word_1_529' title='bbox 2960 2889 3298 2946; x_wconf 47' lang='lat' dir='ltr'><strong>verecundae</strong></span> 
     </span>
    </p>
   </div>
   <div class='ocr_carea' id='block_1_77' title="bbox 1722 2982 3293 3058">
    <p class='ocr_par' dir='ltr' id='par_1_77' title="bbox 1722 2982 3293 3058">
     <span class='ocr_line' id='line_1_77' title="bbox 1722 2982 3293 3058; baseline -0.008 -12"><span class='ocrx_word' id='word_1_530' title='bbox 1722 2992 1909 3046; x_wconf 88' lang='lat' dir='ltr'><strong>nescia</strong></span> <span class='ocrx_word' id='word_1_531' title='bbox 1942 2991 2378 3046; x_wconf 73' lang='lat' dir='ltr'><strong>denudantur’&quot;.</strong></span> <span class='ocrx_word' id='word_1_532' title='bbox 2418 2991 2626 3044; x_wconf 87' lang='lat' dir='ltr'><strong>Bonum</strong></span> <span class='ocrx_word' id='word_1_533' title='bbox 2672 2989 2873 3058; x_wconf 86' lang='lat' dir='ltr'><strong>quippe</strong></span> <span class='ocrx_word' id='word_1_534' title='bbox 2902 2995 2988 3041; x_wconf 78' lang='lat' dir='ltr'><strong>est.</strong></span> <span class='ocrx_word' id='word_1_535' title='bbox 3025 2982 3293 3052; x_wconf 87' lang='lat' dir='ltr'><strong>improbi-</strong></span> 
     </span>
    </p>
   </div>
   <div class='ocr_carea' id='block_1_78' title="bbox 1644 3082 2764 3179">
    <p class='ocr_par' dir='ltr' id='par_1_78' title="bbox 1644 3082 2764 3179">
     <span class='ocr_line' id='line_1_78' title="bbox 1644 3082 2764 3179; baseline -0.004 -39"><span class='ocrx_word' id='word_1_536' title='bbox 1644 3118 1690 3179; x_wconf 76' lang='lat' dir='ltr'><strong><em>C</em></strong></span> <span class='ocrx_word' id='word_1_537' title='bbox 1720 3093 1849 3146; x_wconf 83' lang='lat' dir='ltr'><strong>tate,</strong></span> <span class='ocrx_word' id='word_1_538' title='bbox 1886 3097 2048 3155; x_wconf 85' lang='lat' dir='ltr'><strong>atque</strong></span> <span class='ocrx_word' id='word_1_539' title='bbox 2082 3085 2445 3154; x_wconf 75' lang='lat' dir='ltr'><strong>imprudentia</strong></span> <span class='ocrx_word' id='word_1_540' title='bbox 2477 3082 2764 3138; x_wconf 89' lang='lat' dir='ltr'><strong>denudari.</strong></span> 
     </span>
    </p>
   </div>
   <div class='ocr_carea' id='block_1_79' title="bbox 2275 3173 2737 3230">
    <p class='ocr_par' dir='ltr' id='par_1_79' title="bbox 2275 3173 2737 3230">
     <span class='ocr_line' id='line_1_79' title="bbox 2275 3173 2737 3230; baseline -0.006 0"><span class='ocrx_word' id='word_1_541' title='bbox 2275 3174 2387 3230; x_wconf 79' lang='lat' dir='ltr'><strong>CIL</strong></span> <span class='ocrx_word' id='word_1_542' title='bbox 2423 3206 2491 3215; x_wconf 93' lang='lat'><strong>——</strong></span> <span class='ocrx_word' id='word_1_543' title='bbox 2532 3173 2737 3228; x_wconf 78' lang='lat' dir='ltr'><strong>Eidem.</strong></span> 
     </span>
    </p>
   </div>
   <div class='ocr_carea' id='block_1_80' title="bbox 1799 3263 3299 3334">
    <p class='ocr_par' dir='ltr' id='par_1_80' title="bbox 1799 3263 3299 3334">
     <span class='ocr_line' id='line_1_80' title="bbox 1799 3263 3299 3334; baseline -0.002 -15"><span class='ocrx_word' id='word_1_544' title='bbox 1799 3288 1817 3319; x_wconf 83' lang='grc' dir='ltr'><strong>ι</strong></span> <span class='ocrx_word' id='word_1_545' title='bbox 1854 3266 2016 3328; x_wconf 88' lang='lat' dir='ltr'><strong>Deus,</strong></span> <span class='ocrx_word' id='word_1_546' title='bbox 2048 3266 2188 3322; x_wconf 84' lang='lat' dir='ltr'><strong>Deus</strong></span> <span class='ocrx_word' id='word_1_547' title='bbox 2217 3283 2395 3331; x_wconf 90' lang='lat' dir='ltr'><strong>meus,</strong></span> <span class='ocrx_word' id='word_1_548' title='bbox 2431 3266 2647 3320; x_wconf 87' lang='lat' dir='ltr'><strong>intende</strong></span> <span class='ocrx_word' id='word_1_549' title='bbox 2682 3265 2836 3329; x_wconf 83' lang='lat' dir='ltr'><strong>mihi,</strong></span> <span class='ocrx_word' id='word_1_550' title='bbox 2872 3265 3073 3334; x_wconf 85' lang='lat' dir='ltr'><strong>utquid</strong></span> <span class='ocrx_word' id='word_1_551' title='bbox 3102 3263 3299 3318; x_wconf 83' lang='lat' dir='ltr'><strong>dereli-</strong></span> 
     </span>
    </p>
   </div>
   <div class='ocr_carea' id='block_1_81' title="bbox 1721 3356 3298 3431">
    <p class='ocr_par' dir='ltr' id='par_1_81' title="bbox 1721 3356 3298 3431">
     <span class='ocr_line' id='line_1_81' title="bbox 1721 3356 3298 3431; baseline -0.003 -19"><span class='ocrx_word' id='word_1_552' title='bbox 1721 3360 1890 3428; x_wconf 88' lang='lat' dir='ltr'><strong>quisti</strong></span> <span class='ocrx_word' id='word_1_553' title='bbox 1911 3361 2046 3412; x_wconf 77' lang='lat' dir='ltr'><strong>me&quot;</strong></span> <span class='ocrx_word' id='word_1_554' title='bbox 2064 3358 2117 3411; x_wconf 67' lang='grc' dir='ltr'><strong>ἲ»</strong></span> <span class='ocrx_word' id='word_1_555' title='bbox 2140 3358 2323 3431; x_wconf 60' lang='lat' dir='ltr'><strong>“ex</strong></span> <span class='ocrx_word' id='word_1_556' title='bbox 2349 3373 2578 3427; x_wconf 87' lang='lat' dir='ltr'><strong>persona</strong></span> <span class='ocrx_word' id='word_1_557' title='bbox 2596 3357 2793 3411; x_wconf 80' lang='lat' dir='ltr'><strong>Christi</strong></span> <span class='ocrx_word' id='word_1_558' title='bbox 2817 3358 3026 3425; x_wconf 87' lang='lat' dir='ltr'><strong>psalmo</strong></span> <span class='ocrx_word' id='word_1_559' title='bbox 3040 3356 3298 3410; x_wconf 82' lang='lat' dir='ltr'><strong>vicesimo</strong></span> 
     </span>
    </p>
   </div>
   <div class='ocr_carea' id='block_1_82' title="bbox 1722 3445 3296 3516">
    <p class='ocr_par' dir='ltr' id='par_1_82' title="bbox 1722 3445 3296 3516">
     <span class='ocr_line' id='line_1_82' title="bbox 1722 3445 3296 3516; baseline -0.002 -17"><span class='ocrx_word' id='word_1_560' title='bbox 1722 3448 1897 3516; x_wconf 88' lang='lat' dir='ltr'><strong>primo</strong></span> <span class='ocrx_word' id='word_1_561' title='bbox 1913 3447 2135 3501; x_wconf 87' lang='lat' dir='ltr'><strong>dicitur.</strong></span> <span class='ocrx_word' id='word_1_562' title='bbox 2152 3448 2257 3501; x_wconf 79' lang='lat' dir='ltr'><strong>Sed</strong></span> <span class='ocrx_word' id='word_1_563' title='bbox 2275 3464 2381 3501; x_wconf 89' lang='lat' dir='ltr'><strong>non</strong></span> <span class='ocrx_word' id='word_1_564' title='bbox 2404 3450 2521 3516; x_wconf 86' lang='lat' dir='ltr'><strong>ipse</strong></span> <span class='ocrx_word' id='word_1_565' title='bbox 2537 3446 2832 3501; x_wconf 85' lang='lat' dir='ltr'><strong>derelictus</strong></span> <span class='ocrx_word' id='word_1_566' title='bbox 2850 3456 2933 3500; x_wconf 80' lang='lat' dir='ltr'><strong>est</strong></span> <span class='ocrx_word' id='word_1_567' title='bbox 2955 3448 3037 3499; x_wconf 87' lang='lat' dir='ltr'><strong>vel</strong></span> <span class='ocrx_word' id='word_1_568' title='bbox 3063 3462 3091 3499; x_wconf 89' lang='lat' dir='ltr'><strong>a</strong></span> <span class='ocrx_word' id='word_1_569' title='bbox 3114 3445 3296 3503; x_wconf 75' lang='lat' dir='ltr'><strong>Patre.</strong></span> 
     </span>
    </p>
   </div>
   <div class='ocr_carea' id='block_1_83' title="bbox 1721 3538 3297 3607">
    <p class='ocr_par' dir='ltr' id='par_1_83' title="bbox 1721 3538 3297 3607">
     <span class='ocr_line' id='line_1_83' title="bbox 1721 3538 3297 3607; baseline -0.003 -15"><span class='ocrx_word' id='word_1_570' title='bbox 1721 3540 1851 3593; x_wconf 90' lang='lat' dir='ltr'><strong>vela</strong></span> <span class='ocrx_word' id='word_1_571' title='bbox 1868 3555 1964 3594; x_wconf 87' lang='lat' dir='ltr'><strong>sua</strong></span> <span class='ocrx_word' id='word_1_572' title='bbox 1979 3540 2197 3601; x_wconf 84' lang='lat' dir='ltr'><strong>deitate,</strong></span> <span class='ocrx_word' id='word_1_573' title='bbox 2218 3540 2493 3605; x_wconf 87' lang='lat' dir='ltr'><strong>utAriani,</strong></span> <span class='ocrx_word' id='word_1_574' title='bbox 2512 3538 2942 3607; x_wconf 84' lang='lat' dir='ltr'><strong>Ennomianique</strong></span> <span class='ocrx_word' id='word_1_575' title='bbox 2954 3538 3297 3599; x_wconf 68' lang='lat' dir='ltr'><strong>existimant,</strong></span> 
     </span>
    </p>
   </div>
   <div class='ocr_carea' id='block_1_84' title="bbox 1708 3628 3299 3709">
    <p class='ocr_par' dir='ltr' id='par_1_84' title="bbox 1708 3628 3299 3709">
     <span class='ocr_line' id='line_1_84' title="bbox 1708 3628 3299 3709; baseline -0.002 -27"><span class='ocrx_word' id='word_1_576' title='bbox 1708 3638 1977 3709; x_wconf 36' lang='lat' dir='ltr'><strong>.tanqnam</strong></span> <span class='ocrx_word' id='word_1_577' title='bbox 1996 3631 2030 3683; x_wconf 89' lang='lat' dir='ltr'><strong>ii</strong></span> <span class='ocrx_word' id='word_1_578' title='bbox 2050 3630 2139 3699; x_wconf 89' lang='lat' dir='ltr'><strong>qui</strong></span> <span class='ocrx_word' id='word_1_579' title='bbox 2160 3630 2469 3699; x_wconf 86' lang='lat' dir='ltr'><strong>passionem</strong></span> <span class='ocrx_word' id='word_1_580' title='bbox 2487 3638 2753 3695; x_wconf 88' lang='lat' dir='ltr'><strong>metuunt,</strong></span> <span class='ocrx_word' id='word_1_581' title='bbox 2777 3628 3003 3699; x_wconf 85' lang='lat' dir='ltr'><strong>ideoque</strong></span> <span class='ocrx_word' id='word_1_582' title='bbox 3015 3643 3135 3682; x_wconf 91' lang='lat' dir='ltr'><strong>eam</strong></span> <span class='ocrx_word' id='word_1_583' title='bbox 3158 3644 3187 3679; x_wconf 88' lang='lat' dir='ltr'><strong>a</strong></span> <span class='ocrx_word' id='word_1_584' title='bbox 3205 3643 3299 3696; x_wconf 81' lang='lat' dir='ltr'><strong>pa-</strong></span> 
     </span>
    </p>
   </div>
   <div class='ocr_carea' id='block_1_85' title="bbox 1723 3722 3297 3791">
    <p class='ocr_par' dir='ltr' id='par_1_85' title="bbox 1723 3722 3297 3791">
     <span class='ocr_line' id='line_1_85' title="bbox 1723 3722 3297 3791; baseline -0.001 -16"><span class='ocrx_word' id='word_1_585' title='bbox 1723 3723 1891 3777; x_wconf 88' lang='lat' dir='ltr'><strong>tiente</strong></span> <span class='ocrx_word' id='word_1_586' title='bbox 1915 3724 2222 3777; x_wconf 86' lang='lat' dir='ltr'><strong>retrahunt.</strong></span> <span class='ocrx_word' id='word_1_587' title='bbox 2246 3722 2382 3787; x_wconf 88' lang='lat' dir='ltr'><strong>Quis</strong></span> <span class='ocrx_word' id='word_1_588' title='bbox 2399 3723 2541 3777; x_wconf 89' lang='lat' dir='ltr'><strong>enim</strong></span> <span class='ocrx_word' id='word_1_589' title='bbox 2564 3722 2932 3785; x_wconf 82' lang='lat' dir='ltr'><strong>Servatorem,</strong></span> <span class='ocrx_word' id='word_1_590' title='bbox 2951 3732 3040 3774; x_wconf 89' lang='lat' dir='ltr'><strong>aut</strong></span> <span class='ocrx_word' id='word_1_591' title='bbox 3063 3722 3297 3791; x_wconf 81' lang='lat' dir='ltr'><strong>primunt</strong></span> 
     </span>
    </p>
   </div>
   <div class='ocr_carea' id='block_1_86' title="bbox 1722 3809 3300 3880">
    <p class='ocr_par' dir='ltr' id='par_1_86' title="bbox 1722 3809 3300 3880">
     <span class='ocr_line' id='line_1_86' title="bbox 1722 3809 3300 3880; baseline -0.004 -11"><span class='ocrx_word' id='word_1_592' title='bbox 1722 3814 1776 3869; x_wconf 88' lang='lat' dir='ltr'><strong>in</strong></span> <span class='ocrx_word' id='word_1_593' title='bbox 1797 3815 2002 3867; x_wconf 92' lang='lat' dir='ltr'><strong>mundo</strong></span> <span class='ocrx_word' id='word_1_594' title='bbox 2019 3817 2194 3878; x_wconf 89' lang='lat' dir='ltr'><strong>nasci,</strong></span> <span class='ocrx_word' id='word_1_595' title='bbox 2217 3814 2386 3867; x_wconf 90' lang='lat' dir='ltr'><strong>autin</strong></span> <span class='ocrx_word' id='word_1_596' title='bbox 2413 3829 2630 3867; x_wconf 90' lang='lat' dir='ltr'><strong>crucem</strong></span> <span class='ocrx_word' id='word_1_597' title='bbox 2654 3815 2951 3868; x_wconf 84' lang='lat' dir='ltr'><strong>ascendere</strong></span> <span class='ocrx_word' id='word_1_598' title='bbox 2974 3811 3176 3880; x_wconf 78' lang='lat' dir='ltr'><strong>coegit?</strong></span> <span class='ocrx_word' id='word_1_599' title='bbox 3194 3809 3300 3864; x_wconf 75' lang='lat' dir='ltr'><strong>Nc-</strong></span> 
     </span>
    </p>
   </div>
   <div class='ocr_carea' id='block_1_87' title="bbox 1722 3905 3295 3979">
    <p class='ocr_par' dir='ltr' id='par_1_87' title="bbox 1722 3905 3295 3979">
     <span class='ocr_line' id='line_1_87' title="bbox 1722 3905 3295 3979; baseline -0.003 -18"><span class='ocrx_word' id='word_1_600' title='bbox 1722 3924 1831 3979; x_wconf 89' lang='lat' dir='ltr'><strong>que</strong></span> <span class='ocrx_word' id='word_1_601' title='bbox 1863 3907 2005 3961; x_wconf 87' lang='lat' dir='ltr'><strong>enim</strong></span> <span class='ocrx_word' id='word_1_602' title='bbox 2042 3907 2271 3972; x_wconf 87' lang='lat' dir='ltr'><strong>invitus,</strong></span> <span class='ocrx_word' id='word_1_603' title='bbox 2307 3905 2402 3960; x_wconf 87' lang='lat' dir='ltr'><strong>sed</strong></span> <span class='ocrx_word' id='word_1_604' title='bbox 2431 3905 2620 3959; x_wconf 82' lang='lat' dir='ltr'><strong>volens</strong></span> <span class='ocrx_word' id='word_1_605' title='bbox 2646 3921 2709 3959; x_wconf 90' lang='lat' dir='ltr'><strong>ac</strong></span> <span class='ocrx_word' id='word_1_606' title='bbox 2738 3906 2914 3959; x_wconf 88' lang='lat' dir='ltr'><strong>libens</strong></span> <span class='ocrx_word' id='word_1_607' title='bbox 2967 3905 3137 3957; x_wconf 89' lang='lat' dir='ltr'><strong>multa</strong></span> <span class='ocrx_word' id='word_1_608' title='bbox 3170 3918 3295 3956; x_wconf 90' lang='lat' dir='ltr'><strong>cum</strong></span> 
     </span>
    </p>
   </div>
   <div class='ocr_carea' id='block_1_88' title="bbox 1724 3994 3295 4066">
    <p class='ocr_par' dir='ltr' id='par_1_88' title="bbox 1724 3994 3295 4066">
     <span class='ocr_line' id='line_1_88' title="bbox 1724 3994 3295 4066; baseline -0.005 -13"><span class='ocrx_word' id='word_1_609' title='bbox 1724 4000 2005 4053; x_wconf 86' lang='lat' dir='ltr'><strong>alacritate</strong></span> <span class='ocrx_word' id='word_1_610' title='bbox 2038 3997 2093 4051; x_wconf 92' lang='lat' dir='ltr'><strong>in</strong></span> <span class='ocrx_word' id='word_1_611' title='bbox 2127 4012 2345 4051; x_wconf 90' lang='lat' dir='ltr'><strong>crucem</strong></span> <span class='ocrx_word' id='word_1_612' title='bbox 2402 4012 2728 4066; x_wconf 78' lang='lat' dir='ltr'><strong>progressus</strong></span> <span class='ocrx_word' id='word_1_613' title='bbox 2784 4006 2915 4050; x_wconf 84' lang='lat' dir='ltr'><strong>est:</strong></span> <span class='ocrx_word' id='word_1_614' title='bbox 2971 4004 3096 4049; x_wconf 85' lang='lat' dir='ltr'><strong>ante</strong></span> <span class='ocrx_word' id='word_1_615' title='bbox 3147 3994 3295 4049; x_wconf 90' lang='lat' dir='ltr'><strong>enim</strong></span> 
     </span>
    </p>
   </div>
   <div class='ocr_carea' id='block_1_89' title="bbox 1727 4085 3298 4156">
    <p class='ocr_par' dir='ltr' id='par_1_89' title="bbox 1727 4085 3298 4156">
     <span class='ocr_line' id='line_1_89' title="bbox 1727 4085 3298 4156; baseline -0.004 -12"><span class='ocrx_word' id='word_1_616' title='bbox 1727 4091 1929 4144; x_wconf 89' lang='lat' dir='ltr'><strong>multos</strong></span> <span class='ocrx_word' id='word_1_617' title='bbox 1954 4090 2072 4144; x_wconf 88' lang='lat' dir='ltr'><strong>dies</strong></span> <span class='ocrx_word' id='word_1_618' title='bbox 2104 4089 2390 4156; x_wconf 87' lang='lat' dir='ltr'><strong>discipulis</strong></span> <span class='ocrx_word' id='word_1_619' title='bbox 2419 4087 2636 4140; x_wconf 85' lang='lat' dir='ltr'><strong>diccbat</strong></span> <span class='ocrx_word' id='word_1_620' title='bbox 2666 4104 2679 4138; x_wconf 91' lang='lat'><strong>:</strong></span> <span class='ocrx_word' id='word_1_621' title='bbox 2715 4104 2731 4136; x_wconf 85' lang='grc' dir='ltr'><strong>ι</strong></span> <span class='ocrx_word' id='word_1_622' title='bbox 2782 4085 2922 4138; x_wconf 83' lang='lat' dir='ltr'><strong>Ecce</strong></span> <span class='ocrx_word' id='word_1_623' title='bbox 2955 4085 3298 4138; x_wconf 85' lang='lat' dir='ltr'><strong>ascendimus</strong></span> 
     </span>
    </p>
   </div>
   <div class='ocr_carea' id='block_1_90' title="bbox 1728 4173 3296 4251">
    <p class='ocr_par' dir='ltr' id='par_1_90' title="bbox 1728 4173 3296 4251">
     <span class='ocr_line' id='line_1_90' title="bbox 1728 4173 3296 4251; baseline -0.006 -17"><span class='ocrx_word' id='word_1_624' title='bbox 1728 4181 2134 4251; x_wconf 83' lang='lat' dir='ltr'><strong>Hierosolyma,</strong></span> <span class='ocrx_word' id='word_1_625' title='bbox 2179 4188 2231 4233; x_wconf 87' lang='lat' dir='ltr'><strong>ct</strong></span> <span class='ocrx_word' id='word_1_626' title='bbox 2286 4178 2457 4233; x_wconf 87' lang='lat' dir='ltr'><strong>Filius</strong></span> <span class='ocrx_word' id='word_1_627' title='bbox 2496 4177 2736 4231; x_wconf 90' lang='lat' dir='ltr'><strong>hominis</strong></span> <span class='ocrx_word' id='word_1_628' title='bbox 2785 4176 3031 4228; x_wconf 84' lang='lat' dir='ltr'><strong>tradetur</strong></span> <span class='ocrx_word' id='word_1_629' title='bbox 3063 4175 3128 4227; x_wconf 84' lang='lat' dir='ltr'><strong>ad</strong></span> <span class='ocrx_word' id='word_1_630' title='bbox 3168 4173 3296 4226; x_wconf 77' lang='lat' dir='ltr'><strong>iilu-</strong></span> 
     </span>
    </p>
   </div>
   <div class='ocr_carea' id='block_1_91' title="bbox 1724 4264 3297 4340">
    <p class='ocr_par' dir='ltr' id='par_1_91' title="bbox 1724 4264 3297 4340">
     <span class='ocr_line' id='line_1_91' title="bbox 1724 4264 3297 4340; baseline -0.006 -12"><span class='ocrx_word' id='word_1_631' title='bbox 1724 4273 1983 4335; x_wconf 88' lang='lat' dir='ltr'><strong>dendum,</strong></span> <span class='ocrx_word' id='word_1_632' title='bbox 2029 4281 2083 4326; x_wconf 91' lang='lat' dir='ltr'><strong>et</strong></span> <span class='ocrx_word' id='word_1_633' title='bbox 2121 4270 2578 4340; x_wconf 79' lang='lat' dir='ltr'><strong>cruciﬁgendum,</strong></span> <span class='ocrx_word' id='word_1_634' title='bbox 2612 4288 2631 4320; x_wconf 79' lang='grc' dir='ltr'><strong>ι</strong></span> <span class='ocrx_word' id='word_1_635' title='bbox 2666 4278 2720 4322; x_wconf 85' lang='lat' dir='ltr'><strong>et</strong></span> <span class='ocrx_word' id='word_1_636' title='bbox 2756 4279 2950 4321; x_wconf 78' lang='lat' dir='ltr'><strong>czetera</strong></span> <span class='ocrx_word' id='word_1_637' title='bbox 2979 4269 3047 4321; x_wconf 82' lang='lat'><strong>“.</strong></span> <span class='ocrx_word' id='word_1_638' title='bbox 3092 4265 3197 4320; x_wconf 92' lang='lat' dir='ltr'><strong>Sed</strong></span> <span class='ocrx_word' id='word_1_639' title='bbox 3242 4264 3297 4319; x_wconf 91' lang='lat' dir='ltr'><strong>in</strong></span> 
     </span>
    </p>
   </div>
   <div class='ocr_carea' id='block_1_92' title="bbox 1725 4354 3299 4432">
    <p class='ocr_par' dir='ltr' id='par_1_92' title="bbox 1725 4354 3299 4432">
     <span class='ocr_line' id='line_1_92' title="bbox 1725 4354 3299 4432; baseline -0.008 -13"><span class='ocrx_word' id='word_1_640' title='bbox 1725 4364 1908 4432; x_wconf 88' lang='lat' dir='ltr'><strong>seipso</strong></span> <span class='ocrx_word' id='word_1_641' title='bbox 1939 4377 2052 4416; x_wconf 86' lang='lat' dir='ltr'><strong>rem</strong></span> <span class='ocrx_word' id='word_1_642' title='bbox 2088 4369 2333 4415; x_wconf 81' lang='lat' dir='ltr'><strong>nostram</strong></span> <span class='ocrx_word' id='word_1_643' title='bbox 2369 4359 2635 4428; x_wconf 76' lang='lat' dir='ltr'><strong>contingit</strong></span> <span class='ocrx_word' id='word_1_644' title='bbox 2679 4373 2693 4409; x_wconf 89' lang='lat'><strong>:</strong></span> <span class='ocrx_word' id='word_1_645' title='bbox 2739 4372 2973 4425; x_wconf 84' lang='lat' dir='ltr'><strong>namque</strong></span> <span class='ocrx_word' id='word_1_646' title='bbox 3022 4357 3185 4410; x_wconf 88' lang='lat' dir='ltr'><strong>homo</strong></span> <span class='ocrx_word' id='word_1_647' title='bbox 3226 4354 3299 4408; x_wconf 82' lang='lat' dir='ltr'><strong>fa-</strong></span> 
     </span>
    </p>
   </div>
   <div class='ocr_carea' id='block_1_93' title="bbox 75 4447 1621 4522">
    <p class='ocr_par' dir='ltr' id='par_1_93' title="bbox 75 4447 1621 4521">
     <span class='ocr_line' id='line_1_93' title="bbox 75 4447 1621 4521; baseline 0.005 -24"><span class='ocrx_word' id='word_1_648' title='bbox 75 4447 459 4517; x_wconf 82' lang='grc' dir='ltr'>σταυρωθῆναι,</span> <span class='ocrx_word' id='word_1_649' title='bbox 499 4468 517 4501; x_wconf 76' lang='grc' dir='ltr'><strong>ι</strong></span> <span class='ocrx_word' id='word_1_650' title='bbox 561 4451 655 4502; x_wconf 74' lang='grc' dir='ltr'>καὶ</span> <span class='ocrx_word' id='word_1_651' title='bbox 682 4450 750 4503; x_wconf 71' lang='grc' dir='ltr'><strong>τὰ</strong></span> <span class='ocrx_word' id='word_1_652' title='bbox 800 4451 945 4520; x_wconf 80' lang='grc' dir='ltr'>ἑξῆς.</span> <span class='ocrx_word' id='word_1_653' title='bbox 986 4451 1125 4503; x_wconf 83' lang='grc' dir='ltr'>Ἀλλ’</span> <span class='ocrx_word' id='word_1_654' title='bbox 1156 4451 1212 4504; x_wconf 80' lang='grc' dir='ltr'>ὲν</span> <span class='ocrx_word' id='word_1_655' title='bbox 1260 4451 1436 4521; x_wconf 80' lang='grc' dir='ltr'>ἑαυτῷ</span> <span class='ocrx_word' id='word_1_656' title='bbox 1464 4454 1621 4505; x_wconf 84' lang='grc' dir='ltr'>τυποῖ</span> 
     </span>
    </p>
   </div>
   <div class='ocr_carea' id='block_1_94' title="bbox 1725 4447 3299 4522">
    <p class='ocr_par' dir='ltr' id='par_1_94' title="bbox 1726 4448 3299 4520">
     <span class='ocr_line' id='line_1_94' title="bbox 1726 4448 3299 4520; baseline -0.004 -11"><span class='ocrx_word' id='word_1_657' title='bbox 1726 4466 1882 4519; x_wconf 88' lang='lat' dir='ltr'><strong>ctus,</strong></span> <span class='ocrx_word' id='word_1_658' title='bbox 1937 4452 2113 4508; x_wconf 91' lang='lat' dir='ltr'><strong>modis</strong></span> <span class='ocrx_word' id='word_1_659' title='bbox 2167 4453 2422 4505; x_wconf 86' lang='lat' dir='ltr'><strong>omnibus</strong></span> <span class='ocrx_word' id='word_1_660' title='bbox 2470 4465 2778 4506; x_wconf 89' lang='lat' dir='ltr'><strong>sermonem</strong></span> <span class='ocrx_word' id='word_1_661' title='bbox 2832 4465 2931 4520; x_wconf 90' lang='lat' dir='ltr'><strong>pro</strong></span> <span class='ocrx_word' id='word_1_662' title='bbox 2984 4448 3299 4503; x_wconf 89' lang='lat' dir='ltr'><strong>hominibus</strong></span> 
     </span>
    </p>
   </div>
   <div class='ocr_carea' id='block_1_95' title="bbox 76 4534 1629 4614">
    <p class='ocr_par' dir='ltr' id='par_1_95' title="bbox 76 4534 1629 4614">
     <span class='ocr_line' id='line_1_95' title="bbox 76 4534 1629 4614; baseline 0.009 -27"><span class='ocrx_word' id='word_1_663' title='bbox 76 4534 129 4588; x_wconf 66' lang='grc' dir='ltr'>τὺ</span> <span class='ocrx_word' id='word_1_664' title='bbox 148 4538 424 4610; x_wconf 82' lang='grc' dir='ltr'>ἡμέτερον·</span> <span class='ocrx_word' id='word_1_665' title='bbox 456 4541 740 4612; x_wconf 76' lang='grc' dir='ltr'>ἄνθρωπος</span> <span class='ocrx_word' id='word_1_666' title='bbox 764 4543 870 4612; x_wconf 77' lang='grc' dir='ltr'><strong>γὰρ</strong></span> <span class='ocrx_word' id='word_1_667' title='bbox 912 4545 1221 4614; x_wconf 80' lang='grc' dir='ltr'>γενόμενος,</span> <span class='ocrx_word' id='word_1_668' title='bbox 1256 4546 1472 4605; x_wconf 83' lang='grc' dir='ltr'>πάντως</span> <span class='ocrx_word' id='word_1_669' title='bbox 1502 4547 1629 4610; x_wconf 84' lang='grc' dir='ltr'>τοὺς</span> 
     </span>
    </p>
   </div>
   <div class='ocr_carea' id='block_1_96' title="bbox 77 4625 1628 4707">
    <p class='ocr_par' dir='ltr' id='par_1_96' title="bbox 77 4625 1628 4707">
     <span class='ocr_line' id='line_1_96' title="bbox 77 4625 1628 4707; baseline 0.009 -28"><span class='ocrx_word' id='word_1_670' title='bbox 77 4625 246 4695; x_wconf 81' lang='grc' dir='ltr'>λόγους</span> <span class='ocrx_word' id='word_1_671' title='bbox 287 4632 427 4703; x_wconf 83' lang='grc' dir='ltr'>ὑπὲρ</span> <span class='ocrx_word' id='word_1_672' title='bbox 462 4632 764 4703; x_wconf 82' lang='grc' dir='ltr'>ἀνθρώπων</span> <span class='ocrx_word' id='word_1_673' title='bbox 794 4638 1049 4689; x_wconf 83' lang='grc' dir='ltr'>ποιεῖται·</span> <span class='ocrx_word' id='word_1_674' title='bbox 1081 4635 1197 4689; x_wconf 81' lang='grc' dir='ltr'>ἀλλ’</span> <span class='ocrx_word' id='word_1_675' title='bbox 1225 4637 1508 4707; x_wconf 81' lang='grc' dir='ltr'>ἄνθρωπος</span> <span class='ocrx_word' id='word_1_676' title='bbox 1538 4654 1628 4705; x_wconf 82' lang='grc' dir='ltr'>γε·</span> 
     </span>
    </p>
   </div>
   <div class='ocr_carea' id='block_1_97' title="bbox 81 4719 1629 4799">
    <p class='ocr_par' dir='ltr' id='par_1_97' title="bbox 81 4719 1629 4799">
     <span class='ocr_line' id='line_1_97' title="bbox 81 4719 1629 4799; baseline 0.003 -23"><span class='ocrx_word' id='word_1_677' title='bbox 81 4719 252 4786; x_wconf 79' lang='grc' dir='ltr'>γονὼς,</span> <span class='ocrx_word' id='word_1_678' title='bbox 283 4723 385 4776; x_wconf 77' lang='grc' dir='ltr'>οὐκ</span> <span class='ocrx_word' id='word_1_679' title='bbox 428 4723 764 4797; x_wconf 69' lang='grc' dir='ltr'>ἡλλοτριὼθη</span> <span class='ocrx_word' id='word_1_680' title='bbox 806 4727 900 4781; x_wconf 84' lang='grc' dir='ltr'><strong>τοῦ</strong></span> <span class='ocrx_word' id='word_1_681' title='bbox 928 4728 1195 4799; x_wconf 77' lang='grc' dir='ltr'>ὑπάρχειν</span> <span class='ocrx_word' id='word_1_682' title='bbox 1228 4728 1360 4791; x_wconf 75' lang='grc' dir='ltr'>Θεὸς</span> <span class='ocrx_word' id='word_1_683' title='bbox 1390 4730 1484 4782; x_wconf 78' lang='grc' dir='ltr'><strong>καὶ</strong></span> <span class='ocrx_word' id='word_1_684' title='bbox 1513 4728 1629 4783; x_wconf 86' lang='grc' dir='ltr'><strong>Κύ-</strong></span> 
     </span>
    </p>
   </div>
   <div class='ocr_carea' id='block_1_98' title="bbox 83 4812 1619 4891">
    <p class='ocr_par' dir='ltr' id='par_1_98' title="bbox 83 4812 1619 4891">
     <span class='ocr_line' id='line_1_98' title="bbox 83 4812 1619 4891; baseline 0.005 -25"><span class='ocrx_word' id='word_1_685' title='bbox 83 4827 183 4882; x_wconf 85' lang='grc' dir='ltr'>ριος</span> <span class='ocrx_word' id='word_1_686' title='bbox 205 4812 311 4868; x_wconf 89' lang='grc' dir='ltr'><strong>τῶν</strong></span> <span class='ocrx_word' id='word_1_687' title='bbox 332 4815 489 4871; x_wconf 86' lang='grc' dir='ltr'>ὅλων.</span> <span class='ocrx_word' id='word_1_688' title='bbox 515 4817 851 4887; x_wconf 76' lang='grc' dir='ltr'>Σημειωτέον</span> <span class='ocrx_word' id='word_1_689' title='bbox 883 4819 990 4890; x_wconf 75' lang='grc' dir='ltr'><strong>γὰρ</strong></span> <span class='ocrx_word' id='word_1_690' title='bbox 1021 4821 1215 4873; x_wconf 81' lang='grc' dir='ltr'>ταῦτα.</span> <span class='ocrx_word' id='word_1_691' title='bbox 1256 4820 1472 4891; x_wconf 82' lang='grc' dir='ltr'>Ἐπειδὴ</span> <span class='ocrx_word' id='word_1_692' title='bbox 1497 4817 1619 4885; x_wconf 79' lang='grc' dir='ltr'>οῦν,</span> 
     </span>
    </p>
   </div>
   <div class='ocr_carea' id='block_1_99' title="bbox 86 4903 1627 4983">
    <p class='ocr_par' dir='ltr' id='par_1_99' title="bbox 86 4903 1627 4983">
     <span class='ocr_line' id='line_1_99' title="bbox 86 4903 1627 4983; baseline 0.005 -26"><span class='ocrx_word' id='word_1_693' title='bbox 86 4903 243 4970; x_wconf 75' lang='grc' dir='ltr'>καθὼς</span> <span class='ocrx_word' id='word_1_694' title='bbox 282 4907 312 4959; x_wconf 88' lang='lat'><strong>6</strong></span> <span class='ocrx_word' id='word_1_695' title='bbox 337 4907 658 4973; x_wconf 84' lang='grc' dir='ltr'>Ἀπόστολος</span> <span class='ocrx_word' id='word_1_696' title='bbox 703 4908 870 4977; x_wconf 87' lang='grc' dir='ltr'>λέγει,</span> <span class='ocrx_word' id='word_1_697' title='bbox 905 4912 1118 4982; x_wconf 84' lang='grc' dir='ltr'>μορφὴν</span> <span class='ocrx_word' id='word_1_698' title='bbox 1149 4911 1333 4965; x_wconf 86' lang='grc' dir='ltr'>δούλου</span> <span class='ocrx_word' id='word_1_699' title='bbox 1368 4912 1627 4983; x_wconf 81' lang='grc' dir='ltr'>ὲφόρεσεν</span> 
     </span>
    </p>
   </div>
   <div class='ocr_carea' id='block_1_100' title="bbox 86 4992 1627 5075">
    <p class='ocr_par' dir='ltr' id='par_1_100' title="bbox 86 4992 1627 5075">
     <span class='ocr_line' id='line_1_100' title="bbox 86 4992 1627 5075; baseline 0.005 -26"><span class='ocrx_word' id='word_1_700' title='bbox 86 4992 111 5043; x_wconf 80' lang='grc' dir='ltr'><strong>ὁ</strong></span> <span class='ocrx_word' id='word_1_701' title='bbox 136 4994 323 5075; x_wconf 67' lang='grc' dir='ltr'>Κύριος</span> <span class='ocrx_word' id='word_1_702' title='bbox 346 4992 454 5053; x_wconf 56' lang='grc' dir='ltr'><strong>τῶν</strong></span> <span class='ocrx_word' id='word_1_703' title='bbox 482 5000 641 5064; x_wconf 82' lang='grc' dir='ltr'>ὅλων,</span> <span class='ocrx_word' id='word_1_704' title='bbox 673 5004 730 5054; x_wconf 83' lang='grc' dir='ltr'>ὲν</span> <span class='ocrx_word' id='word_1_705' title='bbox 756 5002 932 5073; x_wconf 80' lang='grc' dir='ltr'>ἑαυτῷ</span> <span class='ocrx_word' id='word_1_706' title='bbox 960 5005 1121 5056; x_wconf 80' lang='grc' dir='ltr'>τυποῖ</span> <span class='ocrx_word' id='word_1_707' title='bbox 1153 5003 1213 5057; x_wconf 79' lang='grc' dir='ltr'>τὸ</span> <span class='ocrx_word' id='word_1_708' title='bbox 1236 5005 1525 5075; x_wconf 75' lang='grc' dir='ltr'>ἡμέτερον,</span> <span class='ocrx_word' id='word_1_709' title='bbox 1552 5003 1627 5068; x_wconf 80' lang='grc' dir='ltr'>ὡς</span> 
     </span>
    </p>
   </div>
   <div class='ocr_carea' id='block_1_101' title="bbox 90 5082 1625 5166">
    <p class='ocr_par' dir='ltr' id='par_1_101' title="bbox 90 5082 1625 5166">
     <span class='ocr_line' id='line_1_101' title="bbox 90 5082 1625 5166; baseline 0.008 -30"><span class='ocrx_word' id='word_1_710' title='bbox 90 5082 335 5157; x_wconf 56' lang='lat' dir='ltr'><strong>Gracia-(oc;</strong></span> <span class='ocrx_word' id='word_1_711' title='bbox 368 5091 533 5162; x_wconf 81' lang='grc' dir='ltr'>μηδὲν</span> <span class='ocrx_word' id='word_1_712' title='bbox 550 5092 977 5163; x_wconf 82' lang='grc' dir='ltr'>διηρπαγμένος,</span> <span class='ocrx_word' id='word_1_713' title='bbox 1002 5093 1201 5165; x_wconf 78' lang='grc' dir='ltr'>μᾶλλον</span> <span class='ocrx_word' id='word_1_714' title='bbox 1219 5093 1276 5147; x_wconf 81' lang='grc' dir='ltr'>δὲ</span> <span class='ocrx_word' id='word_1_715' title='bbox 1302 5094 1625 5166; x_wconf 80' lang='grc' dir='ltr'>συνήγορος,</span> 
     </span>
    </p>
   </div>
   <div class='ocr_carea' id='block_1_102' title="bbox 100 5176 1631 5257">
    <p class='ocr_par' dir='ltr' id='par_1_102' title="bbox 100 5176 1631 5257">
     <span class='ocr_line' id='line_1_102' title="bbox 100 5176 1631 5257; baseline 0.02 -29"><span class='ocrx_word' id='word_1_716' title='bbox 100 5176 250 5246; x_wconf 78' lang='grc' dir='ltr'>λέγων</span> <span class='ocrx_word' id='word_1_717' title='bbox 279 5181 418 5254; x_wconf 82' lang='grc' dir='ltr'>ὑπὲρ</span> <span class='ocrx_word' id='word_1_718' title='bbox 447 5182 543 5237; x_wconf 88' lang='grc' dir='ltr'><strong>τοῦ</strong></span> <span class='ocrx_word' id='word_1_719' title='bbox 576 5184 998 5256; x_wconf 86' lang='grc' dir='ltr'>τυραννηθέντος</span> <span class='ocrx_word' id='word_1_720' title='bbox 1018 5184 1154 5256; x_wconf 82' lang='grc' dir='ltr'>πρὸς</span> <span class='ocrx_word' id='word_1_721' title='bbox 1174 5185 1266 5239; x_wconf 79' lang='grc' dir='ltr'>τὸν</span> <span class='ocrx_word' id='word_1_722' title='bbox 1292 5185 1631 5257; x_wconf 77' lang='grc' dir='ltr'>καθηγούμε-</span> 
     </span>
    </p>
   </div>
   <div class='ocr_carea' id='block_1_103' title="bbox 93 5272 1626 5349">
    <p class='ocr_par' dir='ltr' id='par_1_103' title="bbox 93 5272 1626 5349">
     <span class='ocr_line' id='line_1_103' title="bbox 93 5272 1626 5349; baseline 0.004 -23"><span class='ocrx_word' id='word_1_723' title='bbox 93 5284 167 5321; x_wconf 73' lang='grc' dir='ltr'>νην</span> <span class='ocrx_word' id='word_1_724' title='bbox 204 5272 295 5343; x_wconf 81' lang='grc' dir='ltr'>τῆς</span> <span class='ocrx_word' id='word_1_725' title='bbox 334 5276 631 5345; x_wconf 82' lang='grc' dir='ltr'>ὲπαρχίας”</span> <span class='ocrx_word' id='word_1_726' title='bbox 694 5276 1063 5347; x_wconf 81' lang='grc' dir='ltr'>Τεθλίμμεθα,</span> <span class='ocrx_word' id='word_1_727' title='bbox 1095 5279 1626 5349; x_wconf 85' lang='grc' dir='ltr'>καταπεπονήμεθα,</span> 
     </span>
    </p>
   </div>
   <div class='ocr_carea' id='block_1_104' title="bbox 98 5357 1631 5442">
    <p class='ocr_par' dir='ltr' id='par_1_104' title="bbox 98 5357 1631 5442">
     <span class='ocr_line' id='line_1_104' title="bbox 98 5357 1631 5442; baseline 0.008 -31"><span class='ocrx_word' id='word_1_728' title='bbox 98 5357 498 5435; x_wconf 81' lang='grc' dir='ltr'>διηρπάχθημεν,</span> <span class='ocrx_word' id='word_1_729' title='bbox 527 5367 825 5421; x_wconf 83' lang='grc' dir='ltr'>δικαιότατε</span> <span class='ocrx_word' id='word_1_730' title='bbox 846 5368 954 5423; x_wconf 90' lang='grc' dir='ltr'><strong>τῶν</strong></span> <span class='ocrx_word' id='word_1_731' title='bbox 969 5369 1256 5423; x_wconf 83' lang='grc' dir='ltr'>δικαστῶν.</span> <span class='ocrx_word' id='word_1_732' title='bbox 1274 5369 1445 5441; x_wconf 81' lang='grc' dir='ltr'>’Υπὲρ</span> <span class='ocrx_word' id='word_1_733' title='bbox 1472 5372 1506 5442; x_wconf 77' lang='grc' dir='ltr'>ἡ</span> <span class='ocrx_word' id='word_1_734' title='bbox 1515 5371 1631 5440; x_wconf 89' lang='grc' dir='ltr'><strong>μῶν</strong></span> 
     </span>
    </p>
   </div>
   <div class='ocr_carea' id='block_1_105' title="bbox 98 5450 1629 5533">
    <p class='ocr_par' dir='ltr' id='par_1_105' title="bbox 98 5450 1629 5533">
     <span class='ocr_line' id='line_1_105' title="bbox 98 5450 1629 5533; baseline 0.011 -35"><span class='ocrx_word' id='word_1_735' title='bbox 98 5450 247 5505; x_wconf 83' lang='grc' dir='ltr'>τοίνυν</span> <span class='ocrx_word' id='word_1_736' title='bbox 279 5457 307 5509; x_wconf 89' lang='lat'><strong>6</strong></span> <span class='ocrx_word' id='word_1_737' title='bbox 351 5457 583 5526; x_wconf 82' lang='grc' dir='ltr'>Χριστός</span> <span class='ocrx_word' id='word_1_738' title='bbox 627 5476 791 5529; x_wconf 83' lang='grc' dir='ltr'>φησιν</span> <span class='ocrx_word' id='word_1_739' title='bbox 820 5475 834 5488; x_wconf 80' lang='grc'><em>’</em></span> <span class='ocrx_word' id='word_1_740' title='bbox 882 5477 902 5510; x_wconf 79' lang='grc' dir='ltr'><strong>ι</strong></span> <span class='ocrx_word' id='word_1_741' title='bbox 952 5458 1010 5512; x_wconf 89' lang='lat'><strong>&#39;0</strong></span> <span class='ocrx_word' id='word_1_742' title='bbox 1056 5459 1210 5525; x_wconf 81' lang='grc' dir='ltr'>Θεὸς,</span> <span class='ocrx_word' id='word_1_743' title='bbox 1250 5462 1278 5514; x_wconf 87' lang='lat'><strong>6</strong></span> <span class='ocrx_word' id='word_1_744' title='bbox 1308 5460 1439 5524; x_wconf 84' lang='grc' dir='ltr'>Θεός</span> <span class='ocrx_word' id='word_1_745' title='bbox 1505 5480 1629 5533; x_wconf 90' lang='grc' dir='ltr'>μου,</span> 
     </span>
    </p>
   </div>
   <div class='ocr_carea' id='block_1_106' title="bbox 105 5540 1629 5624">
    <p class='ocr_par' dir='ltr' id='par_1_106' title="bbox 105 5540 1629 5624">
     <span class='ocr_line' id='line_1_106' title="bbox 105 5540 1629 5624; baseline 0.01 -33"><span class='ocrx_word' id='word_1_746' title='bbox 105 5540 303 5611; x_wconf 78' lang='grc' dir='ltr'>πρόσχες</span> <span class='ocrx_word' id='word_1_747' title='bbox 331 5563 440 5614; x_wconf 92' lang='grc' dir='ltr'>μοι.</span> <span class='ocrx_word' id='word_1_748' title='bbox 479 5567 497 5598; x_wconf 75' lang='grc' dir='ltr'><strong>ι</strong></span> <span class='ocrx_word' id='word_1_749' title='bbox 545 5547 678 5611; x_wconf 78' lang='grc' dir='ltr'>Θεὸς</span> <span class='ocrx_word' id='word_1_750' title='bbox 709 5549 808 5618; x_wconf 83' lang='grc' dir='ltr'>μὲν</span> <span class='ocrx_word' id='word_1_751' title='bbox 839 5547 947 5602; x_wconf 90' lang='grc' dir='ltr'><strong>τῶν</strong></span> <span class='ocrx_word' id='word_1_752' title='bbox 975 5548 1113 5602; x_wconf 80' lang='grc' dir='ltr'>ὅλων</span> <span class='ocrx_word' id='word_1_753' title='bbox 1147 5552 1175 5603; x_wconf 89' lang='lat'><strong>6</strong></span> <span class='ocrx_word' id='word_1_754' title='bbox 1209 5551 1399 5620; x_wconf 85' lang='grc' dir='ltr'>Πατὴρ</span> <span class='ocrx_word' id='word_1_755' title='bbox 1430 5553 1526 5608; x_wconf 80' lang='grc' dir='ltr'><strong>σὺν</strong></span> <span class='ocrx_word' id='word_1_756' title='bbox 1552 5552 1629 5624; x_wconf 91' lang='grc' dir='ltr'>τῷ</span> 
     </span>
    </p>
   </div>
   <div class='ocr_carea' id='block_1_107' title="bbox 164 5674 612 5742">
    <p class='ocr_par' dir='ltr' id='par_1_107' title="bbox 164 5674 612 5742">
     <span class='ocr_line' id='line_1_107' title="bbox 164 5674 612 5742; baseline 0.02 -12"><span class='ocrx_word' id='word_1_757' title='bbox 164 5674 199 5705; x_wconf 67' lang='grc' dir='ltr'>η</span> <span class='ocrx_word' id='word_1_758' title='bbox 224 5677 377 5735; x_wconf 86' lang='lat' dir='ltr'><strong>Hebr.</strong></span> <span class='ocrx_word' id='word_1_759' title='bbox 410 5698 485 5742; x_wconf 80' lang='grc' dir='ltr'><strong>νι,</strong></span> <span class='ocrx_word' id='word_1_760' title='bbox 527 5682 612 5739; x_wconf 75' lang='grc' dir='ltr'><strong>Η.</strong></span> 
     </span>
    </p>
   </div>
   <div class='ocr_carea' id='block_1_108' title="bbox 112 5749 1389 5828">
    <p class='ocr_par' dir='ltr' id='par_1_108' title="bbox 112 5749 1389 5828">
     <span class='ocr_line' id='line_1_108' title="bbox 112 5749 1389 5828; baseline 0.018 -35"><span class='ocrx_word' id='word_1_761' title='bbox 112 5756 200 5808; x_wconf 73' lang='lat' dir='ltr'><strong>nt,</strong></span> <span class='ocrx_word' id='word_1_762' title='bbox 227 5749 268 5804; x_wconf 83' lang='lat' dir='ltr'><strong>i.</strong></span> <span class='ocrx_word' id='word_1_763' title='bbox 340 5752 384 5782; x_wconf 82' lang='lat'>&quot;</span> <span class='ocrx_word' id='word_1_764' title='bbox 408 5751 597 5808; x_wconf 83' lang='lat' dir='ltr'><strong>Matth.</strong></span> <span class='ocrx_word' id='word_1_765' title='bbox 624 5770 715 5822; x_wconf 75' lang='lat' dir='ltr'><strong>xx,</strong></span> <span class='ocrx_word' id='word_1_766' title='bbox 750 5757 832 5813; x_wconf 79' lang='grc'><strong>18.</strong></span> <span class='ocrx_word' id='word_1_767' title='bbox 912 5757 957 5789; x_wconf 80' lang='grc'><strong>’³</strong></span> <span class='ocrx_word' id='word_1_768' title='bbox 984 5755 1216 5828; x_wconf 87' lang='lat' dir='ltr'><strong>Philipp.</strong></span> <span class='ocrx_word' id='word_1_769' title='bbox 1247 5772 1304 5825; x_wconf 85' lang='lat' dir='ltr'><strong>I:,</strong></span> <span class='ocrx_word' id='word_1_770' title='bbox 1340 5759 1389 5813; x_wconf 77' lang='lat'><strong>7.</strong></span> 
     </span>
    </p>
   </div>
   <div class='ocr_carea' id='block_1_109' title="bbox 713 5682 1939 5759">
    <p class='ocr_par' dir='ltr' id='par_1_109' title="bbox 713 5682 1939 5759">
     <span class='ocr_line' id='line_1_109' title="bbox 713 5682 1939 5759; baseline 0.001 -17"><span class='ocrx_word' id='word_1_771' title='bbox 713 5685 953 5759; x_wconf 16' lang='lat' dir='ltr'><strong>&quot;,Num.</strong></span> <span class='ocrx_word' id='word_1_772' title='bbox 984 5685 1196 5759; x_wconf 34' lang='lat' dir='ltr'><strong>_x_t,ul8,</strong></span> <span class='ocrx_word' id='word_1_773' title='bbox 1278 5682 1318 5715; x_wconf 82' lang='grc'>¹⁸</span> <span class='ocrx_word' id='word_1_774' title='bbox 1352 5687 1485 5745; x_wconf 87' lang='lat' dir='ltr'><strong>Gen.</strong></span> <span class='ocrx_word' id='word_1_775' title='bbox 1545 5706 1622 5754; x_wconf 74' lang='grc' dir='ltr'><strong>ιι,</strong></span> <span class='ocrx_word' id='word_1_776' title='bbox 1667 5689 1738 5743; x_wconf 73' lang='lat'><strong>20</strong></span> <span class='ocrx_word' id='word_1_777' title='bbox 1788 5704 1939 5759; x_wconf 86' lang='lat' dir='ltr'><strong>seqq.</strong></span> 
     </span>
    </p>
   </div>
   <div class='ocr_carea' id='block_1_110' title="bbox 1726 4540 3299 4612">
    <p class='ocr_par' dir='ltr' id='par_1_110' title="bbox 1726 4540 3299 4612">
     <span class='ocr_line' id='line_1_110' title="bbox 1726 4540 3299 4612; baseline -0.006 -11"><span class='ocrx_word' id='word_1_778' title='bbox 1726 4546 1906 4612; x_wconf 88' lang='lat' dir='ltr'><strong>habet,</strong></span> <span class='ocrx_word' id='word_1_779' title='bbox 1934 4556 1987 4600; x_wconf 91' lang='lat' dir='ltr'><strong>et</strong></span> <span class='ocrx_word' id='word_1_780' title='bbox 2022 4546 2184 4598; x_wconf 91' lang='lat' dir='ltr'><strong>homo</strong></span> <span class='ocrx_word' id='word_1_781' title='bbox 2217 4543 2395 4598; x_wconf 80' lang='lat' dir='ltr'><strong>factus</strong></span> <span class='ocrx_word' id='word_1_782' title='bbox 2430 4557 2535 4595; x_wconf 91' lang='lat' dir='ltr'><strong>non</strong></span> <span class='ocrx_word' id='word_1_783' title='bbox 2569 4541 2753 4596; x_wconf 89' lang='lat' dir='ltr'><strong>amisit</strong></span> <span class='ocrx_word' id='word_1_784' title='bbox 2792 4552 2855 4595; x_wconf 84' lang='lat' dir='ltr'><strong>ut</strong></span> <span class='ocrx_word' id='word_1_785' title='bbox 2911 4540 3055 4595; x_wconf 83' lang='lat' dir='ltr'><strong>Deus</strong></span> <span class='ocrx_word' id='word_1_786' title='bbox 3098 4540 3191 4604; x_wconf 88' lang='lat' dir='ltr'><strong>sit,</strong></span> <span class='ocrx_word' id='word_1_787' title='bbox 3244 4547 3299 4593; x_wconf 83' lang='lat' dir='ltr'><strong>et</strong></span> 
     </span>
    </p>
   </div>
   <div class='ocr_carea' id='block_1_111' title="bbox 1724 4630 3299 4699">
    <p class='ocr_par' dir='ltr' id='par_1_111' title="bbox 1724 4630 3299 4699">
     <span class='ocr_line' id='line_1_111' title="bbox 1724 4630 3299 4699; baseline -0.006 -6"><span class='ocrx_word' id='word_1_788' title='bbox 1724 4638 1965 4693; x_wconf 91' lang='lat' dir='ltr'><strong>omnium</strong></span> <span class='ocrx_word' id='word_1_789' title='bbox 2014 4635 2300 4690; x_wconf 89' lang='lat' dir='ltr'><strong>Dominus.</strong></span> <span class='ocrx_word' id='word_1_790' title='bbox 2333 4633 2467 4699; x_wconf 73' lang='lat' dir='ltr'><strong>Quae</strong></span> <span class='ocrx_word' id='word_1_791' title='bbox 2518 4631 2829 4687; x_wconf 88' lang='lat' dir='ltr'><strong>adnotanda</strong></span> <span class='ocrx_word' id='word_1_792' title='bbox 2874 4639 3024 4686; x_wconf 90' lang='lat' dir='ltr'><strong>sunt.</strong></span> <span class='ocrx_word' id='word_1_793' title='bbox 3069 4630 3299 4696; x_wconf 86' lang='lat' dir='ltr'><strong>Quando</strong></span> 
     </span>
    </p>
   </div>
   <div class='ocr_carea' id='block_1_112' title="bbox 1725 4720 3300 4800">
    <p class='ocr_par' dir='ltr' id='par_1_112' title="bbox 1725 4720 3300 4800">
     <span class='ocr_line' id='line_1_112' title="bbox 1725 4720 3300 4800; baseline -0.007 -17"><span class='ocrx_word' id='word_1_794' title='bbox 1725 4730 1909 4800; x_wconf 77' lang='lat' dir='ltr'><strong>igitur,</strong></span> <span class='ocrx_word' id='word_1_795' title='bbox 1965 4737 2023 4781; x_wconf 89' lang='lat' dir='ltr'><strong>ut</strong></span> <span class='ocrx_word' id='word_1_796' title='bbox 2072 4726 2365 4796; x_wconf 82' lang='lat' dir='ltr'><strong>Apostolus</strong></span> <span class='ocrx_word' id='word_1_797' title='bbox 2398 4725 2474 4778; x_wconf 85' lang='lat' dir='ltr'><strong>ait</strong></span> <span class='ocrx_word' id='word_1_798' title='bbox 2504 4725 2572 4789; x_wconf 72' lang='grc'><strong>’³,</strong></span> <span class='ocrx_word' id='word_1_799' title='bbox 2631 4722 2861 4778; x_wconf 79' lang='lat' dir='ltr'><strong>formam</strong></span> <span class='ocrx_word' id='word_1_800' title='bbox 2921 4721 3066 4776; x_wconf 90' lang='lat' dir='ltr'><strong>servi</strong></span> <span class='ocrx_word' id='word_1_801' title='bbox 3123 4720 3300 4774; x_wconf 86' lang='lat' dir='ltr'><strong>induit</strong></span> 
     </span>
    </p>
   </div>
   <div class='ocr_carea' id='block_1_113' title="bbox 1723 4811 3300 4886">
    <p class='ocr_par' dir='ltr' id='par_1_113' title="bbox 1723 4811 3300 4886">
     <span class='ocr_line' id='line_1_113' title="bbox 1723 4811 3300 4886; baseline -0.008 -9"><span class='ocrx_word' id='word_1_802' title='bbox 1723 4821 1965 4877; x_wconf 82' lang='lat' dir='ltr'><strong>omnium</strong></span> <span class='ocrx_word' id='word_1_803' title='bbox 1999 4818 2294 4882; x_wconf 91' lang='lat' dir='ltr'><strong>Dominus,</strong></span> <span class='ocrx_word' id='word_1_804' title='bbox 2350 4818 2404 4871; x_wconf 91' lang='lat' dir='ltr'><strong>in</strong></span> <span class='ocrx_word' id='word_1_805' title='bbox 2449 4817 2634 4886; x_wconf 88' lang='lat' dir='ltr'><strong>seipso</strong></span> <span class='ocrx_word' id='word_1_806' title='bbox 2679 4830 2792 4871; x_wconf 89' lang='lat' dir='ltr'><strong>rem</strong></span> <span class='ocrx_word' id='word_1_807' title='bbox 2842 4823 3090 4869; x_wconf 89' lang='lat' dir='ltr'><strong>nostram</strong></span> <span class='ocrx_word' id='word_1_808' title='bbox 3138 4811 3300 4867; x_wconf 67' lang='lat' dir='ltr'><strong>clior-</strong></span> 
     </span>
    </p>
   </div>
   <div class='ocr_carea' id='block_1_114' title="bbox 1725 4902 3299 4983">
    <p class='ocr_par' dir='ltr' id='par_1_114' title="bbox 1725 4902 3299 4983">
     <span class='ocr_line' id='line_1_114' title="bbox 1725 4902 3299 4983; baseline -0.004 -16"><span class='ocrx_word' id='word_1_809' title='bbox 1725 4922 1853 4979; x_wconf 51' lang='lat' dir='ltr'><strong>mat,</strong></span> <span class='ocrx_word' id='word_1_810' title='bbox 1909 4922 2169 4983; x_wconf 86' lang='lat' dir='ltr'><strong>tanquam</strong></span> <span class='ocrx_word' id='word_1_811' title='bbox 2227 4922 2413 4966; x_wconf 87' lang='lat' dir='ltr'><strong>orator</strong></span> <span class='ocrx_word' id='word_1_812' title='bbox 2470 4910 2622 4964; x_wconf 90' lang='lat' dir='ltr'><strong>nullo</strong></span> <span class='ocrx_word' id='word_1_813' title='bbox 2670 4907 2834 4962; x_wconf 89' lang='lat' dir='ltr'><strong>modo</strong></span> <span class='ocrx_word' id='word_1_814' title='bbox 2871 4908 3165 4967; x_wconf 88' lang='lat' dir='ltr'><strong>seductus,</strong></span> <span class='ocrx_word' id='word_1_815' title='bbox 3202 4902 3299 4960; x_wconf 88' lang='lat' dir='ltr'><strong>sed</strong></span> 
     </span>
    </p>
   </div>
   <div class='ocr_carea' id='block_1_115' title="bbox 1726 5000 3298 5076">
    <p class='ocr_par' dir='ltr' id='par_1_115' title="bbox 1726 5000 3298 5076">
     <span class='ocr_line' id='line_1_115' title="bbox 1726 5000 3298 5076; baseline -0.008 -17"><span class='ocrx_word' id='word_1_816' title='bbox 1726 5015 2011 5076; x_wconf 85' lang='lat' dir='ltr'><strong>patronus.</strong></span> <span class='ocrx_word' id='word_1_817' title='bbox 2049 5016 2104 5060; x_wconf 90' lang='lat' dir='ltr'><strong>et</strong></span> <span class='ocrx_word' id='word_1_818' title='bbox 2136 5005 2458 5065; x_wconf 81' lang='lat' dir='ltr'><strong>advocatus,</strong></span> <span class='ocrx_word' id='word_1_819' title='bbox 2487 5016 2713 5055; x_wconf 88' lang='lat' dir='ltr'><strong>causam</strong></span> <span class='ocrx_word' id='word_1_820' title='bbox 2743 5000 2934 5053; x_wconf 91' lang='lat' dir='ltr'><strong>dicens</strong></span> <span class='ocrx_word' id='word_1_821' title='bbox 2970 5012 3069 5068; x_wconf 91' lang='lat' dir='ltr'><strong>pro</strong></span> <span class='ocrx_word' id='word_1_822' title='bbox 3108 5004 3298 5066; x_wconf 87' lang='lat' dir='ltr'><strong>tyran-</strong></span> 
     </span>
    </p>
   </div>
   <div class='ocr_carea' id='block_1_116' title="bbox 1726 5086 3300 5168">
    <p class='ocr_par' dir='ltr' id='par_1_116' title="bbox 1726 5086 3300 5168">
     <span class='ocr_line' id='line_1_116' title="bbox 1726 5086 3300 5168; baseline -0.009 -15"><span class='ocrx_word' id='word_1_823' title='bbox 1726 5098 1853 5153; x_wconf 89' lang='lat' dir='ltr'><strong>nide</strong></span> <span class='ocrx_word' id='word_1_824' title='bbox 1898 5094 2293 5168; x_wconf 85' lang='lat' dir='ltr'><strong>oppresso,ad</strong></span> <span class='ocrx_word' id='word_1_825' title='bbox 2347 5094 2642 5165; x_wconf 74' lang='lat' dir='ltr'><strong>provinciae</strong></span> <span class='ocrx_word' id='word_1_826' title='bbox 2687 5091 3001 5161; x_wconf 66' lang='lat' dir='ltr'><strong>pra-fectum</strong></span> <span class='ocrx_word' id='word_1_827' title='bbox 3043 5107 3058 5143; x_wconf 89' lang='lat'><strong>:</strong></span> <span class='ocrx_word' id='word_1_828' title='bbox 3101 5086 3300 5141; x_wconf 79' lang='lat' dir='ltr'><strong>Amicti</strong></span> 
     </span>
    </p>
   </div>
   <div class='ocr_carea' id='block_1_117' title="bbox 1726 5178 3300 5256">
    <p class='ocr_par' dir='ltr' id='par_1_117' title="bbox 1726 5178 3300 5256">
     <span class='ocr_line' id='line_1_117' title="bbox 1726 5178 3300 5256; baseline -0.006 -14"><span class='ocrx_word' id='word_1_829' title='bbox 1726 5203 1942 5250; x_wconf 88' lang='lat' dir='ltr'><strong>sumus,</strong></span> <span class='ocrx_word' id='word_1_830' title='bbox 1969 5186 2217 5256; x_wconf 85' lang='lat' dir='ltr'><strong>depressi</strong></span> <span class='ocrx_word' id='word_1_831' title='bbox 2251 5201 2467 5249; x_wconf 76' lang='lat' dir='ltr'><strong>sumus,</strong></span> <span class='ocrx_word' id='word_1_832' title='bbox 2491 5183 2689 5253; x_wconf 88' lang='lat' dir='ltr'><strong>direpti</strong></span> <span class='ocrx_word' id='word_1_833' title='bbox 2730 5196 2946 5244; x_wconf 90' lang='lat' dir='ltr'><strong>sumus,</strong></span> <span class='ocrx_word' id='word_1_834' title='bbox 2989 5178 3300 5249; x_wconf 87' lang='lat' dir='ltr'><strong>justissime</strong></span> 
     </span>
    </p>
   </div>
   <div class='ocr_carea' id='block_1_118' title="bbox 1723 5268 3295 5348">
    <p class='ocr_par' dir='ltr' id='par_1_118' title="bbox 1723 5268 3295 5348">
     <span class='ocr_line' id='line_1_118' title="bbox 1723 5268 3295 5348; baseline -0.009 -14"><span class='ocrx_word' id='word_1_835' title='bbox 1723 5280 1994 5348; x_wconf 79' lang='lat' dir='ltr'><strong>iudicum.</strong></span> <span class='ocrx_word' id='word_1_836' title='bbox 2029 5278 2131 5331; x_wconf 90' lang='lat' dir='ltr'><strong>Pro</strong></span> <span class='ocrx_word' id='word_1_837' title='bbox 2178 5277 2337 5332; x_wconf 88' lang='lat' dir='ltr'><strong>nobis</strong></span> <span class='ocrx_word' id='word_1_838' title='bbox 2380 5277 2563 5344; x_wconf 90' lang='lat' dir='ltr'><strong>itaque</strong></span> <span class='ocrx_word' id='word_1_839' title='bbox 2604 5273 2860 5328; x_wconf 90' lang='lat' dir='ltr'><strong>Christus</strong></span> <span class='ocrx_word' id='word_1_840' title='bbox 2885 5272 2962 5326; x_wconf 85' lang='lat' dir='ltr'><strong>ait</strong></span> <span class='ocrx_word' id='word_1_841' title='bbox 3001 5288 3015 5325; x_wconf 89' lang='lat'>:</span> <span class='ocrx_word' id='word_1_842' title='bbox 3066 5288 3085 5321; x_wconf 79' lang='grc' dir='ltr'><strong>ι</strong></span> <span class='ocrx_word' id='word_1_843' title='bbox 3128 5268 3295 5327; x_wconf 83' lang='lat' dir='ltr'><strong>Deus.</strong></span> 
     </span>
    </p>
   </div>
   <div class='ocr_carea' id='block_1_119' title="bbox 1730 5357 3299 5432">
    <p class='ocr_par' dir='ltr' id='par_1_119' title="bbox 1730 5357 3299 5432">
     <span class='ocr_line' id='line_1_119' title="bbox 1730 5357 3299 5432; baseline -0.008 -11"><span class='ocrx_word' id='word_1_844' title='bbox 1730 5369 1871 5423; x_wconf 88' lang='lat' dir='ltr'><strong>Deus</strong></span> <span class='ocrx_word' id='word_1_845' title='bbox 1904 5382 2079 5432; x_wconf 82' lang='lat' dir='ltr'><strong>meus,</strong></span> <span class='ocrx_word' id='word_1_846' title='bbox 2114 5367 2336 5421; x_wconf 86' lang='lat' dir='ltr'><strong>intende</strong></span> <span class='ocrx_word' id='word_1_847' title='bbox 2368 5367 2558 5418; x_wconf 63' lang='lat' dir='ltr'><strong>mihi.»</strong></span> <span class='ocrx_word' id='word_1_848' title='bbox 2601 5363 2742 5419; x_wconf 91' lang='lat' dir='ltr'><strong>Deus</strong></span> <span class='ocrx_word' id='word_1_849' title='bbox 2766 5360 3018 5432; x_wconf 88' lang='lat' dir='ltr'><strong>equidem</strong></span> <span class='ocrx_word' id='word_1_850' title='bbox 3052 5357 3299 5413; x_wconf 87' lang='lat' dir='ltr'><strong>omnium</strong></span> 
     </span>
    </p>
   </div>
   <div class='ocr_carea' id='block_1_120' title="bbox 1732 5451 3301 5519">
    <p class='ocr_par' dir='ltr' id='par_1_120' title="bbox 1732 5451 3301 5519">
     <span class='ocr_line' id='line_1_120' title="bbox 1732 5451 3301 5519; baseline -0.006 -6"><span class='ocrx_word' id='word_1_851' title='bbox 1732 5459 1891 5514; x_wconf 86' lang='lat' dir='ltr'><strong>Pater</strong></span> <span class='ocrx_word' id='word_1_852' title='bbox 1928 5474 2053 5513; x_wconf 86' lang='lat' dir='ltr'><strong>cum</strong></span> <span class='ocrx_word' id='word_1_853' title='bbox 2103 5457 2244 5513; x_wconf 87' lang='lat' dir='ltr'><strong>Filio</strong></span> <span class='ocrx_word' id='word_1_854' title='bbox 2277 5458 2331 5511; x_wconf 92' lang='lat' dir='ltr'><strong>in</strong></span> <span class='ocrx_word' id='word_1_855' title='bbox 2363 5456 2646 5513; x_wconf 66' lang='lat' dir='ltr'><strong>creatione</strong></span> <span class='ocrx_word' id='word_1_856' title='bbox 2678 5454 2963 5519; x_wconf 90' lang='lat' dir='ltr'><strong>omnium;</strong></span> <span class='ocrx_word' id='word_1_857' title='bbox 2996 5451 3137 5506; x_wconf 88' lang='lat' dir='ltr'><strong>Deus</strong></span> <span class='ocrx_word' id='word_1_858' title='bbox 3170 5461 3301 5504; x_wconf 86' lang='lat' dir='ltr'><strong>vero</strong></span> 
     </span>
    </p>
   </div>
   <div class='ocr_carea' id='block_1_121' title="bbox 1736 5543 3298 5609">
    <p class='ocr_par' dir='ltr' id='par_1_121' title="bbox 1736 5543 3298 5609">
     <span class='ocr_line' id='line_1_121' title="bbox 1736 5543 3298 5609; baseline -0.008 -2"><span class='ocrx_word' id='word_1_859' title='bbox 1736 5552 1856 5609; x_wconf 85' lang='lat' dir='ltr'><strong>Filii</strong></span> <span class='ocrx_word' id='word_1_860' title='bbox 1887 5551 2048 5608; x_wconf 86' lang='lat' dir='ltr'><strong>Pater</strong></span> <span class='ocrx_word' id='word_1_861' title='bbox 2086 5550 2290 5607; x_wconf 89' lang='lat' dir='ltr'><strong>dicitur</strong></span> <span class='ocrx_word' id='word_1_862' title='bbox 2320 5550 2622 5606; x_wconf 87' lang='lat' dir='ltr'><strong>secundum</strong></span> <span class='ocrx_word' id='word_1_863' title='bbox 2673 5543 3068 5602; x_wconf 88' lang='lat' dir='ltr'><strong>incarnationis</strong></span> <span class='ocrx_word' id='word_1_864' title='bbox 3096 5548 3298 5598; x_wconf 85' lang='lat' dir='ltr'><strong>mvste-</strong></span> 
     </span>
    </p>
   </div>
   <div class='ocr_carea' id='block_1_122' title="bbox 2019 5678 3296 5753">
    <p class='ocr_par' dir='ltr' id='par_1_122' title="bbox 2019 5678 3296 5753">
     <span class='ocr_line' id='line_1_122' title="bbox 2019 5678 3296 5753; baseline -0.005 -9"><span class='ocrx_word' id='word_1_865' title='bbox 2019 5689 2061 5720; x_wconf 69' lang='grc'><strong>³⁸</strong></span> <span class='ocrx_word' id='word_1_866' title='bbox 2087 5686 2229 5744; x_wconf 79' lang='lat' dir='ltr'><strong>Psal.</strong></span> <span class='ocrx_word' id='word_1_867' title='bbox 2260 5698 2389 5753; x_wconf 58' lang='grc' dir='ltr'>χχιι,</span> <span class='ocrx_word' id='word_1_868' title='bbox 2420 5685 2471 5741; x_wconf 88' lang='lat'><strong>7.</strong></span> <span class='ocrx_word' id='word_1_869' title='bbox 2564 5686 2610 5718; x_wconf 79' lang='lat'><strong>’°</strong></span> <span class='ocrx_word' id='word_1_870' title='bbox 2639 5686 2771 5745; x_wconf 84' lang='lat' dir='ltr'><strong>Gen.</strong></span> <span class='ocrx_word' id='word_1_871' title='bbox 2812 5700 2886 5739; x_wconf 79' lang='lat' dir='ltr'><strong>ix.</strong></span> <span class='ocrx_word' id='word_1_872' title='bbox 2918 5683 3007 5737; x_wconf 72' lang='lat'><strong>2|.</strong></span> <span class='ocrx_word' id='word_1_873' title='bbox 3083 5683 3124 5714; x_wconf 80' lang='grc' dir='ltr'><strong>ἰ</strong></span> <span class='ocrx_word' id='word_1_874' title='bbox 3149 5678 3296 5737; x_wconf 81' lang='lat' dir='ltr'><strong>Psal.</strong></span> 
     </span>
    </p>
   </div>
  </div>
