3788 6020
607 285 710 352 127

605 493 864 548 Christus
901 493 1128 562 ellingit.
1167 493 1416 565 Namque
1442 511 1546 552 nos
1573 497 1810 566 primum
1839 513 2061 552 eramus
2090 499 2183 552 de-

2067 293 2128 354 S.
2169 293 2331 355 NILI

609 405 776 458 rium.
808 402 866 455 lu
897 417 957 457 se
984 401 1104 472 ipso
1129 401 1333 472 itaque,
1355 411 1415 458 ut
1443 419 1611 475 supra
1632 405 1768 469 dixi,
1791 422 1904 461 rem
1935 416 2178 461 nostram
2209 461 2211 466 ,

2313 406 2398 478 έίῷ
2443 407 2502 462 ὲν
2541 403 2619 476 τῷ
2662 405 2845 460 κτίσαι
2902 402 2972 457 τὰ
3013 403 3190 457 πάντα
3216 442 3231 466 ,
3259 399 3391 463 Θεδς
3447 396 3509 451 δὲ

605 585 809 651 relicti,
844 600 991 638 nunc
1021 587 1233 655 accepti
1264 597 1318 642 et
1343 587 1544 642 servati
1576 565 1714 642 nulli
1745 589 1988 658 passioni
2012 589 2211 647 obno—t

2313 606 2394 661 ιερ
2425 565 2617 642 ’τοίνυν
2655 565 3070 658 προείρηκα,ὲν
3105 582 3282 653 ἑαυτῷ
3328 585 3358 636 6
3406 565 3666 661 Χριστὸς

609 677 683 730 xii
701 677 902 732 Christi
933 679 1208 746 passione.
1233 677 1706 744 Quemadmodum
1728 689 1783 734 et
1815 681 2184 750 insipientiam

2313 681 2346 734 τὺ
2379 679 2664 750 ἡμέτερον.
2681 678 2869 746 Ἡμεῖς
2887 678 2995 746 γάρ
3025 679 3190 746 ἐσμεν
3219 675 3269 728 οἱ
3295 669 3668 750 ὲγκαταλελεη

609 775 877 827 nostram.
899 778 953 822 et
981 771 1167 838 lapsus
1188 770 1294 824 sibi
1322 771 1623 835 ascisceus,
1655 771 1768 826 btec
1787 787 1882 840 per
1915 772 2183 841 psalmum

606 858 860 912 etitmtiat
886 875 906 911 :
943 858 1294 914 mauifesmm
1330 863 1477 915 enim
1517 871 1603 916 est
1677 864 1950 932 psalmum
1993 861 2188 916 vicesi-

613 964 761 1002 mum
803 948 910 1020 45
943 949 1178 1020 primmn
1219 950 1286 1004 ad
1321 950 1605 1007 Christum
1653 951 1872 1006 referri.
1927 950 2188 1020 Ejusdem

607 1041 1009 1108 speculationis
1036 1050 1142 1105 est,
1184 1041 1459 1108 eumdem,
1492 1059 1559 1099 ex
1595 1044 1798 1113 quibus
1836 1059 2030 1114 passus
2081 1051 2186 1108 est,

610 1132 978 1189 obedientiam
1010 1135 1295 1200 didicisse,
1339 1147 1398 1192 ut
1435 1136 1512 1191 ait
1543 1137 1842 1207 Apostolus
1866 1138 1950 1203 ἰς
1981 1137 2191 1190 clamor

607 1223 798 1289 etiam,
829 1236 883 1282 et
913 1227 1190 1298 lacrymae,
1215 1238 1268 1282 et
1301 1242 1516 1296 preces,
1536 1238 1588 1282 et
1617 1227 1926 1289 exauditio,
1952 1237 2004 1282 et
2035 1242 2190 1283 reve-

612 1321 809 1385 rentia,
843 1335 964 1389 quae
992 1321 1141 1375 velut
1173 1319 1368 1375 alienat
1417 1317 1614 1374 fabulae
1665 1328 1822 1373 actor
1853 1320 2028 1374 aliena
2069 1335 2192 1389 per-

613 1425 753 1465 sona
794 1419 1011 1479 sumpta
1051 1410 1240 1474 refert,
1275 1419 1332 1464 et
1376 1425 1474 1480 pro
1503 1411 1665 1466 nobis
1696 1410 1833 1466 mire
1875 1410 2090 1466 intexit.
2125 1411 2195 1467 Ut

613 1504 760 1555 enim
793 1504 1022 1557 verbum
1053 1518 1230 1572 neque
1263 1503 1682 1572 subjiciebatur,
1716 1518 1893 1572 neque
1939 1518 2047 1556 non
2097 1518 2194 1556 au-

614 1589 912 1645 diebatur:
945 1592 1058 1647 haec
1080 1594 1224 1646 enim
1251 1595 1472 1662 pr0pria
1503 1601 1634 1648 sunt
1661 1597 1874 1656 eorum,
1899 1593 1992 1662 qui
2016 1593 2195 1648 alieno

615 1681 865 1736 dominio
912 1693 1258 1752 premuntur,
1310 1693 1366 1738 et
1412 1685 1684 1741 secundas
1723 1697 1906 1756 partes
1959 1685 2192 1751 habent;
2229 1744 2268 1798 Β

619 1773 751 1798 211...]
778 1774 864 1798 .-ηε
889 1775 990 1798 1-...
1037 1776 1269 1798 _-_:-_:_
1302 1777 1579 1798 I_A_-_!__-__
1640 1778 1837 1798 ___-_.2-
1923 1777 2021 1798 L,_-
2066 1793 2190 1798 _--_-

619 1773 754 1828 illud
774 1774 993 1844 quidem
1035 1776 1273 1831 sanioris
1302 1777 1583 1832 hominum
1639 1778 1874 1840 mentis,
1923 1777 2025 1831 hoc
2065 1793 2195 1832 vero

617 1880 834 1927 eorum,
865 1866 959 1934 qui
987 1866 1138 1936 digni
1181 1868 1465 1936 punitione
1497 1878 1647 1924 sunt.
1697 1868 1873 1924 Porro
1921 1881 1977 1921 ut
2023 1868 2197 1924 forma

620 1958 764 2012 servi
799 1957 1041 2027 seipsum
1074 1973 1180 2013 una
1202 1975 1328 2013 cum
1352 1962 1636 2016 conservis
1656 1970 1710 2016 et
1736 1963 1913 2016 servis
1933 1963 2196 2028 demittit,

618 2055 676 2100 et
709 2046 854 2116 quod
883 2047 1117 2100 aliorum
1157 2055 1263 2112 est,
1309 2048 1363 2100 iu
1410 2063 1470 2101 se
1501 2046 1775 2109 eﬂ'ormat.
1812 2059 1982 2103 totum
2019 2066 2103 2104 me
2143 2051 2196 2104 in

621 2137 804 2203 seipso
837 2135 1017 2192 ferens
1049 2152 1174 2191 cum
1215 2139 1374 2202 meis,
1415 2148 1472 2191 ut
1505 2140 1558 2193 in
1601 2140 1785 2210 seipso
1836 2142 1979 2196 sicut
2018 2156 2198 2196 ceram

625 2224 813 2295 ignis,
865 2232 958 2278 aut
1004 2232 1164 2280 terra:
1215 2241 1472 2295 vaporem
1527 2228 1629 2292 sol,
1673 2229 1819 2297 quod
1885 2229 2040 2298 pejus
2092 2242 2198 2291 εει,

625 2317 902 2382 absmnat,
938 2317 1162 2386 ipseque
1189 2333 1403 2382 eorum,
1423 2335 1545 2388 quat
1577 2320 1723 2374 illius
1747 2331 1893 2385 sunt,
1929 2322 2202 2391 particeps

629 2415 852 2476 propter
881 2409 1319 2462 commistionem
1363 2410 1511 2464 tiam.
1555 2409 1848 2482 Propterea
1878 2427 2044 2480 opere
2082 2411 2203 2480 ipso

625 2499 997 2555 obedientiam
1023 2500 1298 2567 honestat,
1325 2502 1583 2572 illiusque
1612 2503 1867 2570 passione
1891 2503 2010 2573 ipsa
2033 2517 2205 2570 expe-

628 2593 921 2647 rimentum
958 2594 1125 2662 capit.
1159 2585 1344 2664 Neque
1382 2594 1527 2648 enim
1560 2597 1695 2650 satis
1726 2603 1812 2650 est
1839 2593 2201 2664 propOsitum.

626 2683 1089 2753 quemadmodum
1117 2699 1293 2754 neque
1325 2685 1508 2747 nobis,
1540 2686 1646 2740 nisi
1675 2701 1771 2756 per
1793 2701 1959 2756 opera
1982 2683 2206 2754 gradia-

631 2787 774 2829 mur.
804 2772 954 2844 Opus
982 2774 1128 2829 enim
1169 2783 1251 2829 est
1286 2777 1552 2846 propositi
1582 2778 2058 2830 commmstratio.

911 2865 1045 2920 CIII.
1083 2894 1144 2906 --
1167 2865 1426 2921 EUTHIO
1462 2866 1923 2922 PROVINCIALI.

701 2955 807 3022 Qui
840 2963 894 3012 te
933 2973 1138 3012 maeror
1176 2959 1412 3026 invasit;
1454 2959 1715 3026 gaudium
1757 2960 1948 3028 ingens
1979 2957 2074 3012 tibi
2110 2957 2206 3013 de-

2289 770 2502 845 πρώην,
2543 769 2639 824 νῦν
2672 770 2730 824 δὲ
2752 767 3229 839 προσειλημμένοι,
3263 767 3358 822 καὶ
3386 778 3618 829 σεσωσμ

2288 865 2384 919 τοῦ
2406 862 2652 928 ἀπαθοῦς
2679 862 2916 935 Χριστοῦ
2948 860 3198 915 πάθεσιν.
3229 859 3442 928 Ὠσπερ
3462 854 3565 909 καὶ
3585 853 3635 906 τί

2293 958 2458 1029 σύνην
2490 957 2666 1027 ἡμῶν,
2706 931 2802 1009 διαὶ
2843 953 2902 1008 τὸ
2932 951 3250 1022 πλημμελὲς
3301 931 3689 1036 οίκειούμενοέ

2289 1051 2378 1106 διὰ
2410 1049 2504 1104 τοῦ
2526 1048 2740 1119 ψαλμοῦ
2773 1063 2906 1118 φησι
2932 1063 2947 1078 ·
2984 1043 3172 1114 ἐπειδὴ
3207 1041 3474 1113 πρόδηλος
3503 1039 3588 1099 είς

2290 1142 2320 1194 6
2357 1137 2601 1202 είκοστὺς
2648 1137 2864 1210 πρῶτος
2910 1132 3122 1205 ψαλμὸς
3155 1130 3507 1202 ἀναφέρεται.
3545 1126 3660 1194 Τῆς

2291 1229 2390 1300 τῆς
2431 1220 2614 1300 ἔχεται
2652 1228 2882 1298 θεωρίας
2911 1225 3005 1279 καὶ
3043 1223 3103 1277 τὸ
3148 1222 3338 1294 μαθεῖν
3389 1219 3562 1272 αὑτὸν
3623 1249 3640 1269 .
3681 1291 3686 1296 ι

2303 1321 2474 1394 ακοὴν
2528 1319 2588 1385 ἐξ
2626 1313 2701 1374 ὧν
2738 1318 2963 1380 ἔπαθεν,
3015 1315 3203 1384 ὥσπερ
3245 1313 3410 1383 φησὶν
3453 1309 3485 1362 6
3526 1307 3668 1362 ’Δπό

2292 1416 2326 1466 ἥ
2372 1432 2433 1466 τε
2474 1411 2714 1466 κραυγὴ.
2763 1412 2858 1466 καὶ
2885 1411 2955 1465 τὰ
3003 1408 3237 1466 δάκρυα,
3296 1406 3386 1459 καὶ
3439 1401 3504 1456 τὸ
3570 1401 3654 1454 ίκε

2289 497 2476 570 Πατὴρ
2505 497 2747 565 λέγεται,
2776 494 2920 550 κατά
2943 494 3040 566 τὴν
3077 493 3342 564 ενσαρκον
3367 487 3622 556 οίκονομί
3651 545 3666 574 ι

2289 606 2394 661 περ
2437 587 2617 642 τοίνυν
2655 587 2981 658 προείρηκα,
3013 588 3070 638 ὲν
3105 582 3282 653 ἑαυτῷ
3328 585 3358 636 6
3406 578 3654 650 Χριστό⁴

2289 681 2346 734 τὺ
2379 678 2869 750 {iusserim/ﬂuet;
2887 678 2995 746 γάρ
3025 679 3190 746 ἐσμεν
3219 675 3269 728 οἱ
3295 669 3630 741 ὲγκαταλελε
3665 747 3668 750 ”

2289 770 2502 845 πρώην,
2543 769 2639 824 νῦν
2672 770 2730 824 δὲ
2752 767 3229 839 προσειλημμένοι,
3263 767 3358 822 καὶ
3386 778 3618 829 σεσωσμ

2289 865 2384 919 τοῦ
2406 862 2652 928 ἀπαθοῦς
2679 862 2916 930 Χριστοῦ
2948 860 3198 915 πάθεσιν.
3229 859 3442 928 Ὠσπερ
3462 854 3565 909 καὶ
3622 853 3635 870 '

2290 1142 2320 1194 6
2357 1137 2601 1202 είκοστὺς
2648 1137 2864 1210 πρῶτος
2910 1132 3122 1205 ψαλμὸς
3155 1130 3507 1202 ἀναφέρεται.
3545 1126 3660 1194 Τῆς

2291 1229 2390 1300 τῆς
2431 1220 2614 1300 ἔχεται
2652 1228 2882 1298 θεωρίας
2911 1225 3005 1279 καὶ
3043 1223 3103 1277 τὸ
3148 1222 3338 1294 μαθεῖν
3389 1219 3562 1272 αὑτὸν

2303 1321 2474 1394 ακοὴν
2528 1319 2588 1385 ἐξ
2626 1313 2701 1374 ὧν
2738 1318 2963 1380 ἔπαθεν,
3015 1315 3203 1384 ὥσπερ
3245 1313 3410 1383 φησὶν
3453 1309 3485 1362 6
3526 1307 3668 1362 ’Δπό

2292 1416 2327 1485 ἦ
2372 1432 2433 1468 τε
2474 1411 2714 1484 κραυγὴ,
2763 1412 2858 1468 καὶ
2885 1411 2955 1465 τὰ
3003 1408 3237 1478 δάκρυα,
3296 1406 3386 1459 καὶ
3439 1401 3504 1456 τὸ
3570 1401 3700 1492 ίκετξ

2295 1506 2478 1563 καὶτὸ
2509 1504 2951 1575 είσακουσθῆναι,
2997 1501 3092 1555 καὶ
3139 1498 3201 1552 τὸ
3267 1495 3516 1559 εὐλαϐὲς,
3577 1486 3707 1566 ausi

2297 1601 2694 1673 ματουργείται
2721 1638 2736 1663 ,
2803 1597 2898 1653 καὶ
2989 1594 3246 1648 πλέκεται
3338 1586 3709 1664 θαυμασίως

2297 1693 2476 1766 ἡμῶν.
2511 1693 2602 1757 Ὠς
2645 1691 2764 1762 μὲν⁴
2793 1689 2903 1761 γὰρ
2933 1687 3110 1756 λόγος,
3159 1682 3284 1738 οὔτε
3332 1682 3579 1752 ὑπήκοος
3625 1674 3696 1749 ﬁt

2298 1786 2531 1857 ἀνήκοος
2553 1800 2570 1816 ο
2618 1784 2728 1838 τῶν
2755 1782 2864 1853 γὰρ
2907 1782 3014 1836 ὑπὸ
3036 1784 3190 1853 χεῖρα
3216 1777 3389 1833 ταῦτα
3415 1775 3515 1829 καὶ
3553 1773 3710 1852 τῶνζ

2299 1894 2429 1949 ρων,
2467 1875 2528 1928 τὸ
2557 1874 2655 1945 μὲν
2682 1873 2790 1929 τῶν
2822 1871 3360 1945 εύγνωμονεστέρων,
3389 1867 3450 1922 τὸ
3477 1865 3541 1920 δὲ
3571 1864 3706 1930 τῶνι

2299 1968 2590 2031 κολάσεως.
2647 1965 2736 2031 Ὦς
2763 1966 2819 2022 δὲ
2854 1965 3043 2020 δούλου
3081 1963 3282 2036 μορφὴ,
3312 1957 3661 2029 συγκαταβαί

2297 2059 2626 2132 ὁμοδούλοις,
2656 2059 2752 2114 καὶ
2778 2056 3003 2122 δούλοις,
3045 2055 3138 2111 ιιαὶ
3164 2052 3460 2126 μορφοῦται
3485 2050 3551 2104 τὸ
3570 2047 3672 2102 ἀλλ

2301 2152 2419 2207 ὅλον
2475 2152 2535 2205 ὲν
2567 2151 2746 2221 ἑαυτῷ
2792 2149 2894 2220 ἐμὲ
2940 2147 3124 2217 φέρων
3159 2144 3296 2216 μετά
3324 2143 3430 2197 τῶν
3472 2139 3655 2212 ἐμῶν.

2302 2239 2480 2312 ἑαυτῷ
2524 2239 2810 2310 δαπανήσῃ
2842 2237 2904 2291 τὸ
2925 2238 3128 2307 χεῖρον,
3161 2234 3236 2297 ὡς
3264 2232 3431 2302 κηρὸν
3459 2228 3601 2301 πῦρ,
3627 2227 3662 2296 ἢ

2305 2285 2770 2402 mgf-{7;
2783 2285 3388 2397 ἒάγὼκμὲταλάύωτιῦν
3417 2285 3637 2376 ἐκείνου
3650 2285 3734 2394 ’διλ

2304 2424 2626 2494 σύγκρασιν.
2674 2420 2773 2474 Διά
2829 2419 2988 2473 τοῦτο
3033 2415 3182 2490 ἔργῳ
3237 2416 3373 2486 τιμᾷ
3443 2413 3549 2484 τὴν
3600 2410 3736 2494 {rimi1

2303 2472 2398 2572 καί
2425 2472 2683 2584 ⁸ιιζειρᾶται
2713 2511 2919 2580 ταύτης
2948 2512 3013 2564 ἐκ
3044 2472 3138 2564 τοῦ
3153 2472 3368 2562 ἶιιαθείνὶ
3404 2508 3478 2559 υὺ
3496 2472 3610 2574 γὰρ
3640 2472 3740 2594 διαῆ

2301 2609 2560 2672 διάθεσις,
2603 2607 2790 2676 ὥσπερ
2831 2603 2952 2657 οὐδὲ
2981 2605 3134 2673 ἡμῖν,
3158 2603 3208 2654 εί
3245 2601 3318 2671 μὴ
3361 2599 3448 2652 διὰ
3472 2596 3586 2651 τῶν
3617 2596 3744 2668 πραγ

2303 2700 2412 2755 τῶν
2459 2698 2818 2771 χωρήσωμεν.
2846 2693 3056 2775 ,Ἔργον
3095 2692 3205 2762 γὰρ
3249 2687 3524 2753 ἀπόδειξις
3563 2685 3745 2741 διαθέσ

2655 2867 2775 2921 PI".
2809 2896 2878 2906 —
2900 2865 3102 2937 ΕΥΘῘῼ
3149 2862 3519 2933 ΕΠΑΡΧῘΚῼ.

2388 2962 2454 3016 Ἦ
2479 2959 2734 3032 συμϐαῖσά
2778 2975 2862 3012 σοι
2899 2957 3042 3026 λύπη
3080 2957 3255 3029 χαρὰν
3300 2953 3544 3027 μεγάλην
3589 2967 3754 3023 μνηστ

633 3059 886 3116 sponsat,
918 3049 1026 3102 imo
1053 3060 1106 3104 et
1131 3051 1331 3105 erratis
1363 3052 1470 3105 tuis
1507 3049 1880 3106 abundantem
1922 3050 2205 3106 remissio-

2313 3071 2419 3116 ται,
2461 3051 2593 3107 ἀλλὰ
2619 3049 2714 3104 καὶ
2750 3049 2942 3119 ἄφεσιν
2973 3049 3163 3120 ἱκανὴν
3203 3047 3450 3120 προξενεῖ
3489 3043 3605 3097 τῶν
3643 3043 3754 3095 διεπ

636 3157 760 3196 nem
789 3144 1072 3197 conciliat.

951 3233 1088 3290 CIV.
1121 3265 1188 3274 —
1216 3231 1540 3288 CAPITONI
1589 3231 1905 3294 DIACONO.

709 3326 852 3382 Dicit
883 3326 1153 3382 Jcrenlias
1189 3327 1449 3397 pr0pheta
1477 3342 1543 3381 ex
1580 3341 1815 3396 persona
1858 3327 1953 3382 Dei
1994 3326 2212 3385 delictis

639 3421 841 3474 saucia:
876 3429 929 3474 et
983 3420 1132 3489 lepra
1183 3419 1375 3472 obsita:
1420 3420 1618 3474 auium
1665 3438 1678 3474 :
1740 3438 1759 3471 ι
1790 3420 1946 3476 'Ecce
1987 3435 2090 3490 ego
2132 3419 2212 3474 Illi

640 3511 930 3566 cicatrices
964 3512 1202 3576 obduco,
1228 3520 1570 3582 apportoque
1608 3511 1932 3578 remedium,
1962 3521 2017 3567 et
2039 3513 2214 3568 medi-

643 3604 780 3658 cabo
811 3619 955 3665 eam,
993 3612 1048 3656 et
1080 3603 1444 3661 manifestabo
1478 3604 1609 3675 ipsis
1651 3619 1866 3674 pacem,
1903 3603 2015 3676 46
2047 3612 2102 3659 et
2150 3605 2214 3658 Ii-

645 3693 791 3759 dem,
820 3703 874 3748 et
904 3711 1010 3748 non
1042 3696 1379 3752 recordabar
1409 3696 1646 3766 amplius
1683 3703 2057 3766 peccatorum,
2095 3710 2217 3765 quae

648 3782 1015 3856 peccaverunt
1052 3788 1183 3840 mihi
1212 3789 1279 3843 “.
1321 3808 1339 3840 ι
1386 3789 1524 3843 Illud
1557 3797 1766 3852 autem,
1814 3789 2088 3844 cicatrices
2123 3787 2218 3844 ob-

646 3879 860 3944 ducam,
911 3879 1048 3934 satis
1100 3881 1486 3948 percommode
1526 3880 2124 3952 applicabiturdeprm,
2159 3882 2218 3935 in

649 3969 891 4026 Levitico
917 3970 1204 4041 descripta:
1233 3973 1298 4024 '°.
1329 3972 1542 4038 Quibus
1570 3987 1699 4027 vero
1747 3971 1888 4028 Deus
1927 3972 2218 4028 cicatrices

551 4063 556 4070 “
649 4061 894 4128 obducit,
939 4071 994 4118 et
1041 4063 1247 4132 quibus
1278 4064 1559 4127 medetur,
1605 4064 1676 4119 iis
1727 4073 1780 4118 et
1825 4064 2216 4133 cogitationum

649 4167 862 4223 pacem.
901 4161 956 4208 et
994 4153 1153 4210 Iidem
1207 4155 1342 4209 nulli
1396 4154 1727 4210 hmsitationi
1781 4155 2094 4220 obnoxiam,
2125 4152 2219 4208 sed

653 4244 888 4310 ﬁrmam,
917 4261 982 4302 ac
1011 4247 1260 4302 stabilem
1299 4245 1635 4300 manifestat.
1668 4246 1879 4311 Quibus
1920 4247 2101 4315 itaque
2137 4245 2218 4298 ci-

651 4337 885 4391 catrices
917 4338 1166 4392 obductae
1204 4347 1352 4400 sunt,
1385 4338 1444 4401 ii,
1480 4346 1537 4390 ut
1568 4339 1916 4392 manifestum
1961 4345 2066 4400 est,
2098 4352 2221 4406 per-

2313 3147 2524 3218 σμένων
2552 3161 2654 3198 σοι.

2343 3287 2350 3292 .
2617 3233 2732 3288 PA'.
2760 3262 2830 3272 —
2863 3230 3197 3286 munem
3239 3227 3562 3297 AlAKO‘NQ.

2380 3330 2546 3402 Φησὶν
2579 3328 2844 3399 Ἱερεμίας
2868 3325 2896 3380 6
2924 3325 3208 3397 προφήτης
3225 3325 3288 3376 ὲκ
3318 3320 3610 3393 προσώπου
3641 3319 3753 3371 τοῦι

2312 3421 2448 3492 πρὸς
2474 3421 2574 3492 τὴν
2617 3422 2740 3484 ταῖς
2798 3416 3093 3488 ἁμαρτίαις
3125 3412 3616 3487 τραυματωθεῖσαν
3673 3411 3754 3465 xui

2313 3515 2625 3587 πρωθεῖσαν
2668 3512 2884 3592 ψυχήν·
2921 3527 2940 3561 ι
2982 3508 3111 3561 Ἰδοὺ
3153 3505 3265 3574 ἐγὼ
3320 3505 3506 3573 ἁνάγω
3559 3501 3753 3556 συνού).

2313 3609 2474 3679 αὐτῇ,
2503 3605 2597 3660 καὶ
2625 3605 2783 3675 ίαμα,
2809 3603 2902 3656 καὶ
2935 3598 3204 3674 ίατρεύσω
3229 3598 3419 3666 αὐτὴν,
3461 3595 3556 3649 καὶ
3587 3610 3754 3664 φανερ

2315 3699 2496 3761 αὐτοῖς
2520 3697 2764 3768 εἰρήνην,
2801 3693 2895 3748 καὶ
2933 3693 3133 3757 πίστιν,
3170 3691 3266 3744 καὶ
3300 3691 3361 3743 ού
3407 3688 3482 3759 μὴ
3519 3685 3747 3758 μνησθῶ

2315 3788 2618 3861 ἁμαρτιῶν,
2648 3780 2722 3843 ὧν
2741 3783 2988 3857 ἦμαρτόν
3025 3799 3136 3855 μοι.
3172 3800 3190 3832 ι
3229 3779 3322 3847 ἰ’δ,
3366 3777 3495 3832 ἰδοὺ
3534 3776 3655 3831 νῦν
3694 3777 3753 3830 di

2316 3882 2722 3944 συνούλωσιν,
2762 3877 3033 3950 χρήσιμόν
3067 3877 3184 3928 ἐστι
3215 3871 3636 3946 παραληφθῆναι
3677 3871 3754 3930 είς

2317 3974 2528 4044 λέπραν
2545 3973 2603 4024 ὲν
2615 3970 2692 4042 τῷ
2705 3955 2975 4038 Λευῖτικῷ
2991 3965 3399 4038 γεγραμμένην.
3415 3957 3510 4025 Οἷς
3528 3960 3583 4013 δὲ
3593 3963 3622 4016 6
3633 3960 3754 4022 Θεὸς

2322 4064 2644 4118 συνούλωσιν
2673 4061 2886 4130 ἀνάγει,
2920 4059 3016 4113 καὶ
3046 4058 3140 4122 οὓς
3166 4055 3422 4127 ίατρεύει⁹
3444 4052 3654 4114 τούτοις
3684 4069 3752 4106 κα

2320 4158 2542 4227 εἰρήνην
2573 4154 2674 4224 τῆς
2699 4151 2957 4218 διανοίας,
3005 4151 3101 4205 καὶ
3121 4148 3219 4220 τὴν
3247 4147 3428 4200 πίστιν
3450 4144 3548 4216 τὴν
3575 4143 3754 4197 ἀδίστο

2321 4246 2417 4300 καὶ
2467 4243 2786 4316 στερεμνίαν
2835 4242 3075 4312 φανεροί.
3121 4241 3183 4292 Oi
3232 4238 3412 4291 τοίνυν
3443 4233 3750 4287 συνουλωθὲ

2320 4338 2476 4407 δῆλον
2499 4338 2581 4390 ὅτι
2609 4337 2670 4390 τὸ
2706 4336 2885 4390 τέλεον
2907 4332 3268 4404 καθαρθέντες
3297 4329 3396 4400 τὴν
3412 4326 3609 4397 ψυχὴν,
3642 4324 3710 4378 τὸ
3741 4342 3754 4394 ῃ

655 4427 796 4482 fecte
846 4429 1028 4482 anima
1077 4430 1325 4500 purgati,
1369 4431 1572 4484 donum
1629 4429 2092 4498 impassibilitatis
2139 4443 2211 4484 re-

2329 4445 2441 4498 σμα
2467 4429 2563 4497 τῆς
2591 4425 2864 4489 ἀπαθείας
2891 4421 3226 4494 κομίζονται.

657 4521 898 4586 portant.

1215 4607 1326 4662 CV.
1354 4638 1424 4648 ——-
1451 4607 1654 4661 Eidem.

727 4692 898 4748 Etiam
931 4710 1025 4765 per
1058 4696 1192 4760 vim,
1223 4704 1405 4753 mente
1438 4698 1538 4751 tibi
1573 4696 1838 4768 diligendi
1869 4709 2019 4762 sunt,
2049 4696 2142 4767 qui
2176 4697 2232 4752 in

659 4786 959 4842 invidentia
992 4789 1295 4851 hominum,
1331 4799 1386 4844 et
1424 4789 1553 4844 odio
1593 4797 1746 4846 sunt.

1209 4897 1339 4954 CVI.
1377 4930 1442 4939 —
1478 4897 1686 4953 Eidem.

733 5007 1029 5064 Invidentia
1061 5020 1376 5078 serpentum
1412 5010 1606 5074 instar,
1635 5018 1688 5062 et
1718 5010 2102 5074 amaritudine,
2123 5010 2234 5065 odii

666 5102 867 5156 tinctus
907 5118 968 5157 cs
1012 5119 1026 5155 :
1077 5100 1171 5156 sed
1219 5103 1388 5156 habes
1431 5102 1636 5171 lignum
1689 5102 1982 5171 pretiosam
2021 5102 2235 5156 Domini

667 5208 908 5258 crutem,
961 5210 1081 5264 quas
1137 5193 1432 5247 dummodo
1485 5195 1652 5259 velis,
1707 5211 1944 5248 amaram
2025 5209 2242 5248 morum

671 5295 890 5338 tuorum
936 5299 1134 5354 aquam
1167 5283 1221 5336 in
1266 5284 1481 5337 dulcem
1530 5293 1743 5338 vertere
1777 5293 1974 5355 potest.
2007 5283 2138 5337 Nam
2178 5293 2244 5339 et-

675 5390 905 5446 magnus
943 5374 1156 5446 Moyses
1183 5377 1226 5406 "
1257 5375 1460 5444 lignum
1509 5375 1839 5446 immergens
1871 5376 1925 5430 in
1960 5375 2239 5430 amarissi-

678 5481 820 5520 mam
859 5465 1006 5520 Mara
1032 5480 1248 5536 aquam,
1285 5465 1471 5520 subito
1499 5464 1736 5532 dulcem,
1772 5473 1826 5520 et
1868 5465 2234 5535 perplacidam

677 5557 874 5615 cﬂ'ecit.

751 5682 796 5713 ⁸³
845 5681 1005 5738 Ilebr.
1035 5697 1064 5736 ν
1129 5683 1179 5738 8.
1259 5683 1302 5715 ’³
1374 5682 1569 5739 Jercm.
1603 5699 1792 5747 xum,
1828 5683 1860 5737 ϐ
1889 5682 1940 5737 8.

2829 4601 2949 4652 PE'.
2985 4627 3054 4638 --
3090 4595 3173 4661 Τῷ
3206 4591 3386 4658 αὐτῷ.

2397 4695 2516 4765 Χρὴ
2554 4709 2613 4746 σε
2663 4690 2944 4763 βιάζεσθαι
2997 4689 3091 4744 καὶ
3134 4687 3306 4756 φιλεῖν
3354 4680 3494 4738 κατὰ
3525 4680 3620 4749 τὴν
3661 4680 3753 4734 διά

2327 4788 2453 4850 τοὺς
2479 4784 2872 4856 φθονουμένους
2904 4779 3243 4852 ἀνθρώπους.

2836 4892 2972 4957 PG".
3002 4919 3069 4929 —
3097 4887 3178 4953 Τῷ
3203 4883 3382 4951 αὐτῷ.

2413 5002 2654 5072 Ἐϐἁφης
2702 4999 2793 5052 τὸν
2840 4996 3103 5067 λογισμὸν
3153 4993 3231 5064 τῷ
3275 4990 3495 5063 ὀφιώδει
3524 4987 3702 5058 φθόνῳ
3747 5003 3754 5018 ν

2333 5094 2529 5164 πικρίᾳ
2554 5095 2652 5162 τῆς
2705 5089 3032 5160 βασκανίας⁸
3083 5087 3198 5141 ἀλλ’
3225 5088 3366 5156 ἔχεις
3410 5082 3566 5148 ξύλον
3605 5080 3754 5149 τίμιο

2336 5185 2568 5254 σταυρὸν
2595 5181 2690 5235 τοῦ
2717 5182 2944 5251 Κυρίου,
2972 5181 3068 5234 ἐὰν
3098 5179 3349 5250 θελήσῃς,
3375 5174 3671 5244 δυνάμενον
3698 5170 3754 5238 Ti

2337 5295 2426 5331 vat
2450 5276 2512 5328 τδ
2543 5273 2737 5345 πικρὸν
2763 5272 2905 5346 ὕδωρ
2932 5271 3026 5325 τοῦ
3058 5271 3220 5343 ἤθους
3250 5287 3365 5322 σου.
3402 5267 3512 5321 Καὶ
3542 5263 3653 5334 γὰρ
3678 5265 3705 5315 6
3737 5280 3754 5331 ε

2338 5367 2543 5438 Μωσῆς
2578 5366 2732 5431 ξύλον
2769 5364 3021 5436 ἐμϐαλὼν
3059 5365 3139 5426 είς
3179 5363 3239 5417 τὸ
3273 5359 3600 5432 πικρότατον
3640 5354 3753 5407 ὖδω.

2338 5461 2586 5532 Μερρᾶς,
2627 5458 2801 5528 γλυκὺ
2846 5456 3048 5519 εὐθέως
3111 5454 3208 5508 καὶ
3263 5451 3532 5524 προσηνὲς
3589 5447 3711 5502 λίαν

2339 5551 2728 5623 ἀπειργάσατο.

2019 5683 2060 5712 ⁸⁸
2095 5681 2266 5739 Leiit.
2299 5694 2420 5745 ιιιι,
2476 5680 2561 5735 Il.
2639 5680 2682 5712 ’⁷
2723 5677 2888 5733 Exod.
2925 5674 3124 5739 “.25.
