3882 6036
1225 270 1611 335 EPISTOLAI

1726 268 1759 327 vi
1799 266 1945 327 LIB.
1980 266 2029 323 Ι.
3162 248 3262 313 130

319 401 437 453 PZ'.
469 426 539 437 —-
572 391 944 461 ΖΩΣΙΜΙΛΝῼ
977 388 1289 458 ΜΟΝΔΧῼ.

1951 370 2107 428 CVII.
2140 400 2205 410 ——
2239 362 2615 422 SOSIMIANO
2661 359 3014 417 MONACHO.

68 512 94 544 ι
142 451 339 559 Ἦμεϊς
362 451 440 549 δέ,
470 486 635 557 φησὶν
663 485 691 537 6
719 483 871 552 ἅγιος
888 451 1263 548 Μωῦσῆςωύκ
1291 475 1514 542 οἴδαμεν
1533 472 1585 524 τί

1764 488 1782 519 ι
1822 467 1933 521 Nos
1964 481 2114 524 vero.
2146 462 2222 516 ait
2253 468 2479 516 sanctus
2511 457 2747 526 Moyses,
2800 453 3078 508 nescimus
3127 451 3261 521 quid

0 544 268 654 ιύσωμεν
298 544 505 652 Ιξυρίῳ,
666 544 779 629 τοῦ,
790 544 1123 654 πορευθῆναι
1145 571 1291 641 ἡμᾶς
1310 567 1429 620 ὁδὸν
1450 567 1589 636 ἡμε-

1726 561 1922 614 >οιιιίηο
1970 554 2447 615 sacriﬁcabimus,
2515 561 2806 619 quousque
2857 544 3267 599 ambulabimus

0 675 117 727 ρῶν
147 638 320 747 τριῶν
335 638 413 735 είς
563 638 789 742 ἔρημον.
815 686 833 718 ι
856 638 993 737 ίῖάρ⁹
1010 638 1139 736 ημῖν
1166 638 1332 716 ’θυσία
1359 662 1393 731 ὴ
1425 674 1590 729 προσ-

1727 653 1834 707 iam
1875 651 2038 705 trium
2065 648 2276 704 dierum
2316 647 2369 698 in
2407 656 2655 698 eremum
2683 641 2746 694 ³⁸.
2791 658 2809 689 ι
2848 638 3003 708 Apud
3044 652 3148 691 nos
3178 653 3268 690 sa—

0 768 144 839 ὐκὴ
175 729 625 833 δοεῖταιξερῆμοξ
649 729 706 813 δὲ
728 729 1064 820 κατάστασίς
1086 756 1169 818 τίς
1197 756 1343 807 ἐστιν
1367 729 1589 819 ἐστερη-

1727 744 1960 799 riﬁcium
2025 741 2203 796 oratiu
2243 750 2354 804 est;
2405 739 2659 792 desertus
2718 732 2967 788 conditio
3022 732 3269 800 quaedam
3335 729 3343 736 ’

211 824 402 912 παθῶν
452 824 684 921 άλόγων,
736 853 875 922 ὅπερ
927 848 1241 915 τελειότητα
1297 842 1592 917 ὁριζόμεθα

1730 835 1873 890 rutis
1904 834 2194 889 affectibus
2239 830 2489 900 spoliata,
2522 843 2685 897 quam
2723 824 3118 895 perfectionem
3148 837 3275 877 esse

0 949 178 1007 εἶναι.
199 949 451 1005 Τοιοῦτον
479 946 544 1000 ἂν
561 947 666 1014 εἴη,
686 946 870 1015 φησὶν,
904 943 1045 1012 ὑπὲρ
1067 939 1243 1010 ὑμῶν,
1271 939 1299 990 6
1334 934 1589 988 ’Δπόστο-

1732 928 2004 982 elinimus.
2044 924 2173 977 Tale
2200 922 2480 992 quidpiam
2511 920 2618 973 erit
2637 920 2704 972 de
2729 918 2911 983 nobis,
2936 917 3011 969 ait
3041 917 3276 984 Aposto-

0 1003 235 1107 tocv°v
255 1003 387 1111 γὰρ,
417 1038 481 1091 Τί
508 1003 939 1108 πφσεύξωμεθα
982 1003 1155 1086 καθδό
1184 1030 1287 1093 δεῖ,
1308 1028 1409 1081 οὐκ
1446 1026 1594 1079 οῖδα-

1726 1034 1778 1073 υε
1804 1017 1877 1080 ¹⁹;
1907 1015 2036 1069 illud
2074 1014 2218 1067 enim
2248 1030 2261 1065 :
2299 1011 2458 1076 Quid,
2484 1009 2590 1079 47
2620 1009 2695 1094 uti
2726 1007 2976 1069 addecet,
3003 1003 3273 1057 orandum

0 1078 89 1107 “'3
182 1078 235 1096 ιν
274 1078 387 1111 μηδ’
428 1078 481 1091 ι·
516 1078 939 1108 --εσν---νκι-νη-
985 1078 1082 1086 --νη
1132 1078 1151 1083 ν
1190 1078 1287 1093 ν--ν
1315 1078 1406 1081 νην
1460 1078 1467 1079 κ
1512 1078 1519 1079 κ

0 1154 111 1206 μεν
151 1135 321 1206 μέχρι
348 1130 736 1199 καταστάσεως
785 1124 886 1195 τῆς
924 1122 1167 1185 ἀπαθοῦς
1198 1138 1257 1173 τε
1302 1119 1394 1173 καὶ
1419 1116 1593 1171 καθα-

1726 1109 1786 1169 it,
1820 1106 1964 1161 haud
2004 1110 2252 1159 novimus
2284 1118 2460 1171 usque
2489 1102 2558 1154 ad
2602 1078 3056 1154 constitutionem
3102 1096 3277 1149 nullas

0 1188 6 1206 .
151 1188 168 1206 .
229 1188 279 1204 η.
525 1188 538 1199 .
720 1188 731 1191 -
843 1188 854 1195 .

0 1229 133 1298 ρᾶς.
176 1225 253 1280 Ού
287 1226 394 1294 γὰρ
449 1222 667 1282 πάντως
724 1217 819 1271 καὶ
876 1216 995 1268 τότε
1028 1213 1283 1275 τοιαύτας
1331 1208 1514 1280 εὐχὰς,
1559 1207 1593 1278 ἢ

1733 1201 2005 1258 Προιὶὶηιε.
2037 1199 2201 1253 nullis
2229 1197 2489 1250 sordibus
2529 1194 2863 1257 obnoxiam;
2899 1205 3079 1259 neque
3126 1188 3274 1243 enim

0 1317 230 1381 ἐννοίας
252 1315 466 1384 ἕξομεν,
495 1313 612 1376 οἵας
642 1310 736 1365 νῦν
777 1306 986 1378 διοχλού
996 1323 1143 1377 μενοι
1170 1305 1275 1357 ὑπὸ
1301 1301 1410 1356 τῶν
1446 1303 1598 1354 ἐναν-

1726 1309 1828 1350 unc
1875 1294 2095 1349 easdem
2145 1292 2371 1343 omnino
2418 1290 2719 1348 orationes,
2762 1293 2857 1337 aut
2910 1282 3279 1352 cogitationes

0 1410 173 1465 τίων.
1703 1388 2046 1446 habebimus,
2089 1385 2282 1453 quales
2321 1398 2469 1436 nunc
2503 1380 2768 1434 habemus
2822 1379 2890 1431 ab
2935 1373 3276 1429 adversariis

1704 1476 2078 1534 interturbati.

0 292 3 333 ἱ
16 290 111 354 29

499 1580 627 1633 PH’.
660 1607 726 1617 —
751 1574 1117 1645 ΦΛΔΒΙΑΝῼ.

85 1677 291 1729 Ἔοικε
342 1674 403 1724 τὸ
455 1667 780 1742 ἡγεμονικὸν
804 1666 912 1719 τῶν
958 1663 1129 1733 ἁγίων
1180 1660 1357 1730 πυξίῳ
1398 1657 1527 1718 τινὶ,
1565 1655 1597 1725 ἢ

2148 1564 2328 1620 CVIII.
2353 1596 2420 1606 ——
2458 1559 2824 1617 FLAVHNO.

1776 1657 2054 1725 Praecipua
2091 1668 2410 1710 sanctorum
2449 1654 2645 1706 animae
2682 1666 2809 1719 pars
2852 1647 3137 1719 pugillari,
3169 1648 3288 1701 sive

1 1769 214 1838 δέλτῳ.
249 1768 308 1819 ἐν
340 1759 384 1833 ᾧ
412 1737 757 1833 καταγράφει
795 1759 823 1810 6
851 1758 981 1820 Θεὸς
1031 1756 1176 1824 άπερ
1202 1752 1458 1823 λεχθῆναι
1487 1749 1605 1801 δέον

1731 1750 1872 1811 ibro,
1909 1750 1960 1800 in
1994 1763 2103 1816 quo
2147 1747 2288 1799 Deus
2329 1745 2531 1814 populo
2562 1759 2663 1795 suo
2695 1740 2962 1794 ediceoda
3002 1737 3282 1797 inscribit,

3 1859 91 1928 τῷ
126 1857 251 1927 λαῷ
300 1853 481 1908 αὑτοῦ.
523 1854 748 1923 Εἴρηται
788 1847 922 1921 γοῦν
970 1846 1049 1917 τῷ
1094 1849 1347 1915 προφήτῃ
1407 1840 1604 1893 Ἀϐδα-

10 1949 204 2018 κούμο
244 1967 262 1998 ι
295 1942 727 2016 Γράψονὸρασιν
758 1940 850 1994 ἐπὶ
874 1938 1083 2003 πυξίου.
1124 1956 1142 1988 ι
1174 1935 1252 2006 Τῇ
1282 1935 1388 2003 γὰρ
1414 1928 1606 1985 ἐαυτοῦ

8 2040 243 2109 διανοίᾳ
284 2037 569 2107 ἐγκύπτων
599 2036 627 2085 6
664 2033 841 2101 ἆγιος,
882 2030 979 2083 καὶ⁵
1008 2030 1087 2091 είς
1126 2027 1289 2081 αὑτὸν
1319 2026 1482 2097 ὁρῶν,
1515 2024 1610 2076 καὶ

12 2132 169 2195 ὅλως
200 2131 333 2183 εἴσω
386 2123 884 2195 συνεστραμμένος,
938 2119 1106 2173 οἱονεὶ
1155 2116 1467 2187 ἐντυγχάνει
1498 2115 1609 2175 τοῖς

15 2220 470 2291 καταγραφεῖσιν
516 2216 622 2269 ὑπὸ
669 2213 804 2267 Θεοῦ
829 2213 928 2266 ἐπὶ
973 2214 1071 2283 τὴν
1105 2210 1299 2264 ἑαυτοῦ
1348 2208 1610 2268 διάνοιαν,

19 2317 123 2369 καὶ
168 2314 342 2374 οὓτως
368 2307 693 2377 ἐπαγγέλλει
726 2306 804 2377 τῷ
835 2304 973 2376 λαῷ.

344 2403 467 2456 Pe.
503 2433 571 2442 —
602 2400 896 2469 ΑΦΘΟΝΙῼ
927 2395 1301 2465 ΣΑΜΑΡΙΤῌ.

111 2500 186 2552 Ἦ
216 2495 473 2565 ἐπιστολή
506 2510 596 2547 σου
630 2493 868 2545 τοιοῦτον
898 2490 1009 2559 ἔχει
1038 2489 1233 2541 τύπον
1270 2486 1329 2537 El
1356 2484 1453 2554 μὲν
1484 2485 1511 2536 6
1538 2484 1615 2545 εἰς

27 2593 131 2664 τὴν
164 2592 272 2661 γῆν
321 2580 550 2659 σπαρεὶς
580 2589 722 2647 σῖτος
757 2584 832 2653 μὴ
883 2581 1195 2650 διεσήπετο,
1249 2573 1392 2646 εἶχεν
1427 2575 1617 2628 ἐλπίδα

30 2684 393 2744 ἀναστάσεως
438 2679 498 2732 τὸ
541 2676 881 2748 ἀνθρώπινον
934 2674 1114 2744 σῶμα.
1161 2674 1224 2725 Εἰ
1269 2671 1324 2725 δὲ
1367 2673 1395 2724 6
1450 2673 1614 2734 σῖτος,

32 2780 163 2848 ἤτοι
200 2775 453 2827 παντοῖον
483 2771 698 2841 γένημα
723 2766 1063 2836 καταϐληθὲν
1084 2766 1164 2827 εἰς
1186 2765 1285 2833 τὴν
1317 2762 1421 2831 γῆν
1450 2763 1618 2831 σήπε-

33 2887 156 2933 ται,
175 2867 277 2921 καὶ
295 2867 355 2918 τὸ
380 2864 538 2933 σῶμα
557 2861 651 2914 τοῦ
679 2859 966 2931 ἀνθρώπου
994 2859 1072 2920 εἰς
1100 2856 1307 2926 τέφραν
1352 2855 1445 2907 καὶ
1473 2854 1622 2906 κόνιν

37 2960 388 3033 κεχώρηκεν,
427 2958 481 3009 τί
520 2973 608 3026 μοι
633 2950 1051 3021 κατεπαγγέλλῃ
1076 2949 1375 3002 ἀνάστασιν
1403 2946 1621 2999 ἔσεσθαι

1707 1842 2066 1895 assitnilatur.
2128 1838 2310 1904 Quare
2371 1839 2652 1907 propheta:
2721 1832 2974 1886 llabacuc
3032 1831 3284 1883 dicitur:

1714 1954 1731 1987 ι
1767 1934 1959 1989 Scribe
1981 1934 2245 1987 visionem
2282 1932 2335 1983 in
2364 1930 2560 1983 tabella
2587 1927 2770 1992 ³⁰ο¹⁹;»
2810 1940 3043 1993 namque
3078 1924 3130 1976 in
3164 1938 3289 1992 prn-

1710 2027 1882 2095 priam
1915 2032 2150 2077 mentem
2198 2034 2426 2075 sanctus
2454 2020 2864 2086 introspiciens,
2897 2023 2951 2068 et
2991 2018 3043 2067 in
3092 2024 3291 2068 seniet-

1711 2121 1889 2188 ipsum
1936 2117 2128 2169 oculos
2164 2114 2372 2180 ﬁgens,
2426 2118 2687 2177 totusque
2721 2108 2773 2161 in
2812 2108 3059 2160 internas
3104 2116 3292 2174 partes

1711 2224 2038 2268 conversus,
2083 2206 2290 2273 St'ripla
2332 2218 2361 2255 a
2409 2201 2520 2256 Deo
2554 2202 2606 2254 in
2646 2214 2745 2254 sua
2780 2197 3290 2265 mente'comperit,

1713 2306 1902 2375 sicque
1932 2301 2184 2357 enuntiat
2218 2298 2441 2369 populo.

1926 2393 2065 2450 CIX.
2108 2421 2176 2433 —
2217 2384 2621 2444 APHTHONIO
2665 2380 3072 2439 SAMARlT/E.

1786 2490 2007 2543 Litterae
2034 2496 2141 2540 tua:
2173 2485 2319 2538 hunc
2368 2482 2421 2534 in
2454 2481 2677 2533 modum
2716 2477 3077 2531 elIurmantur
3111 2491 3124 2527 :
3160 2471 3205 2527 si
3242 2471 3297 2524 in

1717 2597 1861 2639 terra
1902 2594 2133 2651 granum
2187 2576 2512 2648 projectum,
2571 2588 2678 2624 non
2730 2574 3094 2638 putresceret,
3145 2580 3296 2635 spem

1720 2690 1854 2730 sane
1886 2669 2313 2727 resurrectionis
2344 2666 2582 2735 aliquam
2612 2678 2816 2732 corpus
2850 2660 3078 2714 haberet
3110 2659 3301 2711 huma-

1720 2784 1874 2823 num.
1908 2764 2064 2832 Quod
2111 2763 2156 2816 si
2207 2761 2568 2821 frumentum,
2619 2766 2673 2811 et
2721 2756 3089 2825 quodcunque
3150 2752 3298 2805 aliud

1721 2875 1942 2933 germen
1978 2858 2031 2910 in
2076 2869 2277 2909 terram
2314 2852 2622 2906 immissum
2667 2848 2956 2917 putrescit,
3000 2854 3056 2898 et
3093 2860 3302 2912 corpus

1722 2950 2007 3005 hominum
2043 2947 2096 3000 in
2146 2945 2415 3006 cinerem,
2466 2956 2530 2994 ac
2569 2941 2850 3009 pulverem
2893 2936 3134 2991 fatiscit:
3170 2934 3301 3005 quid

37 3030 154 3109 τιῖξν
199 3030 565 3122 ’ἀνθρωπίνων
626 3046 927 3115 σωμάτωνς
995 3041 1135 3110 Ἐγὼ
1185 3040 1241 3093 δέ
1301 3057 1443 3109 φημι
1488 3038 1611 3107 πρὸς

1726 3040 1860 3095 mihi
1911 3036 2061 3092 omni
2116 3032 2523 3090 asseveratione
2579 3030 2945 3081 humanorum
3006 3039 3303 3093 corporum

42 3145 260 3201 ταῦτα’
316 3089 630 3209 ῗΑνάγνωθί
680 3089 769 3208 μζι
821 3136 920 3206 τὴν
965 3089 1137 3206 ἀρχιὴν
1182 3133 1281 3203 τῆς
1309 3089 1611 3194 ἴΓὲνέσεωςε

1731 3131 2191 3189 resurrectionem
2243 3126 2483 3179 l‘uturain
2519 3119 2791 3174 aﬂirmas?
2816 3118 2895 3171 Ad
2933 3118 3045 3170 haec
3074 3118 3190 3185 ipse
3219 3131 3306 3169 re-

49 3260 65 3291 i
109 3237 224 3291 Καὶ
254 3233 445 3288 ἔλαϐεν
471 3235 499 3285 6
523 3231 651 3292 Θεὸς
698 3227 826 3299 χοῦν
854 3228 961 3281 ἀπὸ
990 3227 1086 3297 τῆς
1120 3227 1242 3296 γῆς,
1295 3226 1389 3280 καὶ⁵
1428 3225 1611 3277 ἔπλασε

1731 3223 1993 3295 spondeo.
2037 3219 2308 3274 Percurre
2357 3215 2587 3270 Genesis
2632 3213 2896 3265 initium:
2939 3236 2955 3260 ι
2998 3210 3063 3263 Et
3095 3209 3309 3276 accepit

44 3334 139 3386 τὸν
166 3328 474 3399 ἄνθρωπον.
523 3342 541 3375 ι
582 3322 648 3375 Τί
699 3320 877 3373 τοίνυν
911 3318 1214 3372 διαλλάττει
1253 3319 1280 3371 ὁ
1310 3318 1373 3369 ἐκ
1396 3317 1494 3387 τῆς
1524 3317 1611 3385 γῆς

1732 3317 1876 3372 Deus
1916 3316 2194 3387 pulverem
2228 3328 2257 3364 e
2296 3318 2463 3373 terra,
2502 3316 2555 3361 et
2599 3306 2856 3359 formavit
2896 3304 3168 3357 hominem
3202 3302 3304 3352 ".-

46 3422 178 3494 χοῦς
212 3398 312 3489 τῆς
363 3415 565 3486 τέφρας
598 3412 692 3465 καὶ
718 3412 950 3475 κόνεω;;
979 3409 1188 3479 Ὥσπερ
1210 3408 1386 3460 τοίνυν
1412 3409 1467 3460 ἐν
1489 3410 1611 3478 ἀρχῇ

1732 3408 1864 3475 Quae
1892 3422 2022 3477 ergo
2056 3403 2363 3457 iliﬂ‘erentia
2404 3409 2487 3454 est
2525 3401 2668 3452 inter
2702 3398 2982 3465 pulverem
3036 3410 3104 3448 ex
3137 3403 3307 3453 terra,

50 3487 115 3567 ἐκ
145 3516 251 3584 γῆς
271 3487 404 3580 χοὸς
433 3502 848 3572 κατεσκευάσθη
879 3502 939 3554 τὸ
967 3500 1146 3570 σῶμα,
1178 3501 1270 3553 καὶ
1303 3499 1611 3552 ἐνεπνεύσθτ

1733 3511 1782 3555 et
1814 3499 2079 3560 cinerem,
2107 3505 2162 3549 et
2190 3487 2500 3563 pulverem?
2537 3487 3006 3554 Quemadmodum
3035 3490 3221 3554 itaque
3244 3499 3310 3537 ex

50 3602 160 3655 ὑπὸ
188 3600 353 3661 Θεοῦ,
381 3598 474 3648 καὶ
513 3594 713 3663 ἐστάθη
743 3592 1024 3661 ἄνθρωπος
1057 3590 1161 3643 ὑπὸ
1184 3590 1308 3653 τοὺς
1341 3590 1505 3653 πόδας
1537 3590 1605 3643 αὑ

1736 3591 1903 3644 Ιιιιιιιο
1942 3597 2100 3641 terra:
2146 3584 2417 3654 principio
2451 3595 2657 3650 corpus
2691 3590 3069 3633 constructum
3117 3584 3221 3639 est,
3258 3584 3313 3627 et

52 3692 151 3745 τοῦ
179 3707 193 3719 ⁸
231 3687 403 3750 οὕτως
438 3686 600 3740 πάλιν
654 3686 717 3736 ἐκ
750 3683 870 3752 χοὸς
905 3683 999 3735 καὶ
1026 3684 1089 3734 ἐκ
1140 3681 1347 3752 τέφρας
1398 3682 1491 3733 ἐπὶ
1536 3683 1602 3750 τῆ

1737 3681 1990 3752 Spiritum
2021 3696 2085 3733 ex
2124 3677 2233 3731 Deo
2271 3676 2505 3743 accepit,
2551 3673 2819 3741 stetitque
2872 3672 3035 3724 homo
3082 3669 3316 3739 pedibus

56 3781 375 3842 συντελείας
420 3778 517 3832 τοῦ
546 3776 810 3848 παρόντος
860 3774 1076 3839 αἰῶνος,
1124 3776 1190 3845 τῇ
1221 3774 1513 3842 προστάξει
1542 3791 1611 3827 κα

1738 3773 1877 3838 suis,
1910 3770 1991 3826 sic
2024 3783 2220 3822 rursus
2252 3783 2315 3821 ex
2348 3773 2492 3819 terra
2526 3771 2578 3817 et
2610 3763 2794 3816 cinere
2822 3759 2935 3832 48
2979 3760 3033 3812 in
3078 3772 3316 3828 prasen-

55 3877 292 3944 δυνάμει
319 3871 414 3923 τοῦ
444 3869 602 3932 Θεοῦ,
633 3869 1052 3938 ἐξαναστήσεται
1080 3867 1150 3919 τὰ
1191 3865 1505 3935 ἀνθρώπινα
1536 3866 1611 3918 σὼ

1740 3867 1813 3920 tis
1845 3863 2032 3920 saeculi
2066 3862 2193 3926 ﬁne,
2222 3858 2457 3929 imperio
2490 3872 2552 3910 ac
2582 3855 2838 3909 facultate
2872 3852 3056 3907 divina
3080 3865 3316 3920 corpora

60 3940 210 4042 ματα
242 3968 340 4029 τὰς
370 3965 504 4028 ίδίας
539 3962 878 4017 ἀπολαϐόντα
915 3960 1111 4029 ψυχὰς,
1145 3960 1240 4011 καὶ
1266 3959 1359 4011 ἐπὶ
1407 3960 1531 4022 τοὺς
1558 3960 1605 4011 οἱ

1743 3958 1982 4011 humana
2015 3959 2322 4022 resurgent.
2356 3948 2610 4020 proprias
2641 3942 3045 4000 reassuinentia
3074 3940 3313 3998 anim‘as,

58 4063 246 4125 κείους
277 4061 563 4130 στήσονται
598 4056 782 4118 πόδας,
848 4056 925 4117 είς
963 4053 1119 4117 δόξαν
1175 4053 1266 4106 καὶ
1301 4052 1518 4104 ἔπαινον
1546 4069 1611 4103 το

1743 4058 1797 4105 et
1834 4048 2074 4120 propriis
2109 4046 2333 4100 stabunt
2366 4042 2598 4112 pedibus
2630 4039 2686 4091 in
2720 4037 2978 4107 gloriam,
3014 4044 3069 4089 et
3100 4034 3316 4088 laudem

61 4159 246 4209 πάντα
276 4151 566 4223 θαυμαστά
593 4148 958 4221 ἐργαζομένου
984 4149 1187 4216 Δημιου
1199 4144 1327 4215 ργοῦ
1356 4146 1461 4197 τῶν
1484 4144 1611 4197 ὅλων

1747 4143 1914 4206 illius,
1958 4140 2053 4210 qui
2094 4136 2278 4192 omnia
2323 4137 2464 4189 mira
2511 4137 2795 4202 operatur,
2850 4128 3101 4181 omnium
3157 4126 3321 4181 Crea-

1747 4236 1905 4292 toris.

585 4332 687 4384 Pl'.
723 4360 791 4373 ——
836 4328 919 4394 Τᾧ
948 4328 1127 4394 αὐτῷ.

2290 4318 2407 4376 CX.
2445 4347 2513 4359 -—
2550 4314 2756 4370 Eidem.

138 4426 355 4492 Ὠσπερ
382 4422 460 4492 τῷ
485 4422 702 4493 μεγάλῳ
750 4421 1002 4493 Ἀϐραὰμ
1048 4424 1081 4491 ἡ
1122 4420 1302 4483 πίστις
1336 4419 1611 4488 λελόγιστα

1813 4414 2287 4486 Quemadmodum
2345 4426 2543 4480 magno
2596 4408 2828 4461 Abrahae
2882 4404 3016 4459 ﬁdes
3070 4412 3325 4473 reputata

70 4518 153 4580 είς
182 4514 548 4581 δικαιοσύνην,
572 4513 713 4566 οὕτω
738 4514 832 4565 καὶ
858 4514 941 4565 σοὶ
972 4512 1274 4565 πιστεύοντι
1318 4513 1398 4574 είς
1434 4510 1611 4582 νεκρῶ

1748 4515 1849 4569 fuit
1889 4514 1943 4566 in
1970 4510 2239 4581 justitiam
2277 4507 2321 4539 “
2347 4547 2362 4568 ,
2400 4506 2475 4559 ita
2506 4513 2560 4557 et
2598 4502 2694 4556 tibi
2726 4500 3111 4555 defunctorum
3145 4513 3326 4551 resur-

71 4608 390 4670 ἀνάστασιν,
423 4606 581 4674 εἰπερ
611 4604 703 4656 καὶ
732 4602 1101 4668 πιστεύσειας,
1151 4601 1465 4671 δικαιοσύνη
1492 4619 1611 4670 παρη

1748 4592 1981 4661 rectioni
2029 4603 2183 4658 ﬁdem
2234 4600 2556 4654 adhibenti:
2587 4600 2633 4652 si
2664 4596 2827 4650 modo
2876 4609 3117 4662 unquam
3168 4592 3328 4645 Iidem

71 4700 152 4770 τῷ
185 4696 307 4751 Θεῶ
348 4696 557 4766 μεγάλη
591 4693 988 4765 λογισθήσεται.

1749 4696 2090 4759 adhibueris,
2116 4694 2326 4764 iustitia
2353 4690 2493 4761 apud
2532 4690 2696 4742 Deum
2734 4690 2928 4757 ingens
2962 4685 3328 4756 reputabitur.

572 4789 719 4840 PIA'.
748 4815 817 4828 —-
846 4785 928 4857 Τῷ
972 4783 1152 4851 αὐτῷ.

2279 4783 2414 4840 CXI.
2449 4814 2495 4821 —
2553 4782 2757 4837 Eidem.

148 4884 535 4953 Γεγράφηκας,
566 4882 647 4934 ὅτι
683 4881 785 4933 Τὸν
814 4880 1010 4933 κόκκον
1042 4878 1136 4932 τοῦ
1164 4878 1311 4931 σίτου
1340 4877 1537 4939 άλέσω,
1556 4895 1611 4930 κα

1828 4879 2111 4950 Scripsisti
2138 4898 2149 4932 :
2203 4876 2447 4931 Granum
2489 4876 2746 4928 ft'iimeuti
2778 4873 2999 4935 molam,
3029 4879 3083 4925 et
3111 4869 3166 4923 in
3200 4866 3329 4921 fari-

80 4976 291 5044 ποιήσω
317 4972 563 5041 ἄλευρον.
591 4971 709 5023 Κᾶν
735 4971 991 5042 μυριάκις
1022 4970 1228 5041 σπείρω
1258 4969 1420 5023 αὐτὸν
1450 4972 1529 5032 εὶς
1556 4969 1611 5038 τὲ

1761 4991 1885 5030 nam
1917 4975 2178 5043 redigam.
2214 4969 2266 5023 ld
2299 4970 2425 5023 licet
2458 4968 2656 5022 millies
2690 4968 2744 5020 in
2774 4976 2976 5020 terram
3026 4962 3331 5019 seminave-

82 5066 204 5134 γῆν,
236 5064 338 5116 οὐκ
369 5063 448 5115 ἔτι
478 5062 844 5131 ζωογονεῖται,
885 5062 998 5115 ἀλλ’
1043 5062 1152 5114 οὐδ’
1201 5061 1564 5127 ἐξανίσταται,
1593 5078 1611 5112 c

1761 5067 1887 5131 riui,
1916 5079 2025 5117 non
2059 5060 2295 5130 amplius
2328 5058 2630 5118 reviviscit,
2656 5057 2770 5110 imo
2795 5071 2896 5110 nec
2935 5061 3204 5122 resurget,
3233 5066 3333 5106 uec

86 5157 161 5226 μὴ
194 5154 486 5225 βλαστήσει
533 5154 684 5214 ποτὲ,
731 5153 792 5205 ού
830 5152 903 5224 μὴ
946 5154 1355 5224 καρποφορήσει
1378 5169 1392 5181 ·
1422 5150 1611 5203 οὖτωξ

1764 5172 2005 5226 unquam
2054 5153 2307 5209 surculos
2352 5153 2588 5213 emittet,
2639 5165 2817 5217 neque
2864 5148 3074 5203 fructus
3113 5145 3334 5211 afferet;

82 5250 177 5300 καὶ
196 5248 259 5299 τὸ
292 5246 450 5317 σῶμα
472 5245 664 5299 σποδιὰ
697 5249 789 5299 καὶ
817 5246 963 5308 κόνις
988 5246 1298 5315 γενόμενον,
1343 5245 1444 5297 οὐκ
1474 5244 1540 5297 ἂν
1567 5244 1611 5296 δι

1764 5253 1880 5321 pari
1918 5250 2130 5301 ratione
2163 5254 2217 5301 et
2240 5260 2444 5314 corpus
2466 5243 2628 5306 cinis,
2656 5256 2718 5295 ac
2755 5242 2936 5309 pulvis
2976 5241 3203 5299 factum,
3230 5253 3335 5292 nou

85 5359 237 5395 ναιτο
263 5341 344 5393 ἐτι
374 5341 753 5408 ἐξαναστῆναι,
808 5338 838 5409 ἧ
888 5338 1052 5407 ζῆσαι
1103 5339 1466 5390 παντάπασιν.
1517 5337 1611 5389 ’Λλ

1767 5345 1969 5413 poterit
2020 5355 2334 5408 resurgere,
2374 5352 2553 5407 neque
2594 5337 2869 5389 nullatenus
2925 5335 3089 5387 vitam
3133 5334 3335 5385 vivere.

89 5435 197 5503 ἐγώ
240 5450 325 5485 σοι
357 5432 518 5485 πάλιν
567 5432 660 5483 καὶ
710 5430 803 5482 νῦν
849 5430 919 5481 τὰ
948 5429 1086 5483 αὐτὰ
1122 5429 1527 5500 προσαγάγοιμι
1563 5429 1611 5480 σί

1765 5436 1833 5488 At
1863 5435 2000 5504 ipse,
2031 5448 2191 5502 quem
2221 5430 2357 5485 alias
2390 5430 2488 5484 tibi
2531 5430 2789 5482 miseram
2827 5440 3159 5487 sermonem,
3190 5440 3333 5477 enni-

90 5526 359 5598 πραότητι
404 5525 643 5594 ῥήματα,
700 5519 841 5591 άπερ
871 5521 965 5574 καὶ
1001 5520 1165 5573 πάλαι
1218 5521 1545 5585 ἐπέσταλκα,
1578 5522 1611 5574 ὅ⁴

1766 5526 1888 5579 dein
1913 5540 2060 5579 nunc
2087 5539 2212 5577 cum
2241 5520 2554 5593 placiditate
2588 5529 2849 5588 repetam.
2871 5514 3337 5583 Quemadmodum

163 5707 208 5739 ”
236 5704 532 5768 EXOLLXIII,
588 5701 675 5755 ‘26.
703 5702 791 5755 ‘17.
868 5704 911 5735 '9
934 5702 1092 5758 Rom.
1135 5719 1253 5767 vui,
1287 5702 1373 5758 26.
1460 5705 1575 5736 ³⁰ο¹⁹
1608 5750 1611 5758 λ

1729 5719 1810 5758 ac.
1850 5720 1908 5770 il,
1940 5702 1993 5758 3.
2060 5703 2104 5734 ²⁰
2138 5700 2273 5759 Gen.
2312 5717 2370 5769 ιι,
2404 5701 2457 5753 7.
2505 5702 2576 5731 ‘“
2601 5697 2737 5761 Gen,
2775 5712 2861 5759 xv,
2904 5696 2980 5761 6';
3016 5693 3150 5747 Rom
3191 5707 3262 5758 tv,
3288 5692 3339 5745 ὃ.
