3882 6036
615 257 708 324 131
2069 266 2132 328 S.
2171 267 2336 330 NILI

3769 267 3866 329 132

613 383 852 440 primum
887 383 951 424 ex
989 375 1132 423 terra
1174 367 1338 424 homo
1369 370 1632 440 potentia,
1658 379 1713 425 et
1735 381 1850 428 arte
1885 373 2175 444 sapientis-

2287 373 2476 446 ὥσπερ
2504 373 2601 446 τὴν
2627 373 2802 446 ἀρχὴν
2827 373 2888 426 ἐκ
2911 373 3032 444 χοὸς
3054 371 3336 446 ἅνθρωπος
3365 371 3652 446 ἀνεδείχθη
3683 375 3758 446 τῇ
3781 375 3866 428 δυ·

610 461 761 520 simi.
796 476 862 515 ac
909 462 1303 530 omnipotentis
1345 461 1558 516 Domini
1601 463 1847 518 substitit
1878 483 1892 518 :
1928 467 2000 520 ita
2035 475 2090 518 et
2121 465 2177 522 in

611 555 720 608 line
753 557 1038 623 praesentis
1071 554 1255 608 saeculi
1287 571 1352 608 ex
1401 557 1584 610 cinere
1631 557 1878 627 corrupti
1929 559 2181 628 corporis

608 645 942 700 resurrectio
975 645 1084 708 ﬂet,
1123 655 1177 700 et
1211 653 1458 716 resurget
1503 647 1688 710 homo.
1733 649 1842 703 vita
1886 650 2184 721 animoque

608 735 876 804 praeditus
902 737 1130 806 pristina
1159 738 1516 808 corruptione
1539 739 1776 809 abjecta,
1803 751 1858 797 et
1883 741 2071 798 divina
2099 742 2182 797 in-

607 829 1062 898 corruptibilitate
1094 841 1432 902 comparata.

1131 1095 1290 1152 CXII.
1327 1127 1398 1138 --
1438 1096 1644 1154 Eidem.

677 1185 872 1240 Dixisti
901 1186 1267 1244 humanorum
1299 1203 1590 1260 corporum
1621 1191 1839 1245 cineres
1872 1190 1982 1243 huc
2013 1197 2179 1258 atque

607 1273 738 1326 illuc
765 1274 1064 1344 dissipatos
1099 1291 1131 1330 ιι
1171 1275 1380 1341 ventis,
1427 1289 1484 1332 et
1521 1280 1688 1332 veluti
1721 1277 1834 1350 49
1871 1279 2178 1333 ventilabro

602 1363 878 1432 jac-tatus:
949 1373 1003 1419 et
1045 1367 1178 1435 quid
1215 1369 1318 1422 erit
1363 1369 1537 1422 ultra?
1587 1369 1692 1424 Sed
1741 1371 2044 1438 perpendes
2095 1385 2180 1424 ve-

607 1453 724 1514 lim,
773 1454 1042 1509 undenam
1093 1468 1236 1510 terra
1285 1459 1548 1525 producta
1580 1469 1684 1524 est,
1716 1459 1860 1512 unde
1907 1457 2068 1528 ignis,
2123 1467 2178 1513 et

605 1557 722 1607 aer,
757 1553 812 1598 et
852 1562 990 1616 aqua
1035 1548 1318 1602 substitit?
1353 1549 1497 1604 Sane
1536 1551 1763 1604 omnino
1793 1565 1859 1604 ex
1901 1549 2175 1616 tescisci-

605 1636 766 1699 tanti,
790 1647 1120 1706 nugamenta
1143 1639 1385 1706 gentium
1419 1639 1575 1709 longe
1599 1640 1841 1709 abigens.
1867 1649 1920 1694 et
1941 1640 2177 1708 pseudo-

2282 467 2442 538 νάμει
2465 467 2558 520 καὶ
2585 469 2650 538 τῇ
2675 466 2840 538 τέχνῃ
2881 465 2976 518 τοῦ
3003 465 3276 534 -πανσόφου
3313 467 3408 520 καὶ
3441 467 3630 522 πάντα
3649 466 3866 536 ἰσχύον-

2279 576 2371 614 τος
2431 559 2659 629 Κυρίου,
2719 557 2862 610 οὕτω
2906 558 3002 610 καὶ
3051 557 3110 610 ὲν
3155 555 3230 628 τῷ
3253 557 3395 610 τέλει
3435 556 3530 611 τοῦ
3585 558 3866 628 παρόντος

2279 650 2469 713 αἰῶνος
2512 653 2575 702 ὲκ
2601 649 2702 718 τῆς
2748 647 2968 710 σποδιᾱς
3017 653 3306 718 γενήσεται
3351 648 3384 717 ἠ
3419 646 3726 706 ἀνάστασις
3773 643 3866 696 τοῦ

2280 739 2619 811 ὲφθαρμένου
2647 739 2915 808 σώματος,
2936 739 3030 792 καὶ
3059 739 3482 808 ἐξαναστήσεται
3512 741 3542 792 6
3561 736 3866 808 ἄνθρωπος

2284 831 2635 900 ζωοποιηθείς
2681 849 2740 884 τε
2773 833 2866 885 καὶ
2892 831 3182 902 ψυχωθεὶς.
3215 831 3313 902 τὴν
3337 832 3438 902 μὲν
3473 829 3866 903 προλαϐοῦσαν

2283 925 2490 998 φθορὰν
2515 923 2994 994 ἀποτιναξάμενος,
3023 923 3453 993 ἐπενδυσάμενος
3477 923 3538 978 δὲ
3567 923 3672 993 τὴν
3705 922 3866 976 θείαν

2279 1014 2608 1087 ἀφθαρσίαν.

2771 1106 2918 1161 PIB'.
2957 1135 3024 1146 -—
3057 1102 3142 1170 Τῷ
3177 1102 3356 1169 αὐτῷ.

2352 1197 2608 1267 Εἷρηκας,
2645 1195 2743 1266 τὴν
2777 1194 3001 1248 σποδιὰν
3038 1193 3146 1248 τῶν
3195 1193 3548 1262 ἀνθρωπίνων
3581 1192 3864 1264 σωμάτων

2279 1288 2384 1344 ὑπὸ
2410 1287 2517 1342 τῶν
2546 1288 2762 1358 ἀνέμων
2807 1287 3052 1356 πανταχῆ
3099 1285 3586 1357 διασκορπισθῆναί
3627 1302 3694 1338 τε
3767 1287 3862 1338 καὶ

2278 1380 2627 1451 λικμηθῆναι,
2653 1380 2747 1432 καὶ
2769 1379 2819 1431 τί
2847 1378 3060 1443 λοιπόν;
3101 1377 3240 1430 Ἀλλ’
3267 1378 3516 1448 ἐννόησον
3543 1394 3658 1446 μοι.
3691 1377 3861 1430 πόθεν

2276 1473 2311 1542 ἡ
2343 1471 2415 1543 γῆ
2447 1468 2880 1540 κατεσκευάσθη,
2918 1468 3081 1522 πόθεν
3113 1469 3244 1540 πῦρ,
3281 1471 3375 1521 καὶ
3419 1470 3547 1539 ἀὴρ,
3581 1470 3684 1522 καὶ
3713 1469 3860 1538 ὕδωρ

2279 1564 2616 1634 ὑφέστηκεν;
2669 1564 2893 1626 Πάντως
2941 1565 3087 1634 ἐρεῖς
3131 1562 3208 1633 τῷ
3260 1563 3602 1635 ἐπερωτῶντί
3645 1581 3708 1618 σε
3751 1565 3860 1616 τῶν

2292 1653 2619 1724 Ἑλληνικῶν
2647 1655 2836 1725 πόρρω
2869 1654 3084 1724 φεύγων
3123 1653 3689 1724 παραφλυαρημάτων
3709 1694 3724 1716 ,
3767 1659 3858 1704 καὶ

606 1725 1054 1796 ρΙιίΙοεοριιοιηιιιι
1105 1731 1341 1799 ineptias
1397 1742 1725 1785 exsecratus
1775 1734 2172 1802 respondebis:

2284 1745 2572 1800 ἀποπτύων
2598 1747 2720 1808 τοὺς
2749 1745 2950 1816 λήρους
2977 1745 3086 1798 τῶν
3111 1745 3604 1814 ψευδοιριλοσόφων,
3633 1745 3858 1808 πάντως

603 1829 670 1868 ex
701 1830 766 1868 eo
795 1817 940 1886 quod
981 1833 1090 1872 non
1133 1829 1273 1882 erat,
1319 1837 1376 1874 ιιι
1422 1819 1471 1874 id
1511 1823 1652 1890 quod
1685 1831 1790 1888 est,
1839 1825 2109 1878 elementa
2146 1841 2175 1879 a

2284 1837 2446 1906 ἐρεῖς,
2477 1835 2558 1888 ὅτι
2591 1836 2654 1888 ἐκ
2678 1834 2772 1887 τοῦ
2810 1835 2884 1904 μὴ
2913 1835 3062 1896 ὄντος
3085 1837 3164 1898 εἰς
3195 1835 3255 1888 τὸ
3285 1831 3424 1888 εἶναι
3463 1835 3568 1888 ὑπὸ
3600 1835 3700 1888 τοῦ
3721 1837 3858 1888 Θεοῦ

605 1903 714 1960 Deo
743 1909 1010 1976 producta
1045 1908 1235 1965 fuisse.
1273 1910 1390 1979 Ipse
1423 1913 1586 1966 etiam
1621 1912 1776 1966 edico
1821 1915 1916 1968 tibi
1947 1931 2175 1982 :quem-

2284 1903 2347 1979 τά
2403 1929 2666 1996 στοιχεῖα
2696 1903 2972 1997 παρήχθη.
3009 1927 3180 1995 Κάγὼ
3229 1927 3405 1981 τοίνυν
3439 1929 3582 1998 φημί
3613 1947 3724 1992 σοι,
3778 1931 3860 1982 ὅτι

601 1998 894 2052 admodum
929 2018 996 2054 ex
1056 2004 1122 2056 iis
1175 2019 1297 2072 quae
1325 2019 1432 2059 non
1461 2013 1642 2068 erant,
1673 2004 1740 2057 ad
1775 2005 1828 2058 id
1855 2008 2000 2074 quod
2025 2017 2175 2074 sunt,

2284 2019 2534 2088 καθάπερ
2561 2021 2626 2071 ἐκ
2659 2019 2732 2090 μὴ
2753 2021 2920 2072 ὄντων
2949 2021 3028 2082 είς
3059 2019 3119 2072 τὸ
3148 2015 3287 2074 εἶναι
3309 2021 3378 2074 τὰ
3407 2021 3583 2076 πάντα
3611 2023 3854 2090 6991m-

600 2087 786 2140 omuia
818 2096 954 2142 nutu
988 2091 1110 2144 solo
1147 2092 1347 2146 divina:
1390 2092 1694 2144 voluntatis
1731 2093 2060 2158 substitere;
2105 2096 2175 2147 ita

2284 2126 2342 2161 κε
2370 2112 2434 2180 τῇ
2459 2111 2596 2181 ῥοπῇ
2624 2113 2758 2184 μόνῃ
2789 2111 2884 2164 τοῦ
2909 2111 3054 2164 θείου
3083 2111 3440 2181 βουλήματος,
3463 2112 3640 2176 οὕτως
3670 2117 3734 2166 ἐκ
3757 2115 3854 2182 τῆς

601 2191 671 2232 ex
701 2193 768 2232 eo
793 2179 1002 2245 cinere,
1031 2182 1125 2250 qui
1155 2197 1185 2234 a
1217 2191 1268 2236 te
1295 2183 1616 2252 deperditus
1651 2199 1775 2238 esse
1803 2184 2175 2252 existimatur,

2284 2179 2480 2272 τέφρας
2519 2179 2866 2272 ἐδιείνηςητῆς
2907 2204 3056 2274 παρὰ
3085 2179 3188 2257 eo“.
3217 2179 3578 2276 νομιζομένης
3610 2179 3852 2258 ἀπόλλυ-

602 2267 973 2325 humanomm
1005 2287 1300 2344 ⁰⁰¹Ῥ⁰νυ¹¹¹
1337 2279 1670 2329 Γεδυντθοίίο
1699 2277 1824 2330 (πίει
2031 2281 2034 2284 ⁴
2282 2291 2425 2354 σθαι,
2457 2294 2490 2362 ἡ
2519 2293 2814 2356 ἀνάστασις
2855 2294 3008 2348 ἔσται
3035 2295 3144 2348 τῶν
3173 2295 3526 2365 ἀνθρωπίνων
3555 2297 3846 2366 σωμάτων.

1124 2364 1306 2420 CXIII.
1346 2395 1418 2405 —
1461 2363 1670 2420 Eidem.

2763 2385 2909 2438 PII".
2945 2415 3016 2426 —
3047 2385 3131 2450 Τῷ
3173 2363 3352 2450 αὐτῷ.

673 2459 1042 2528 Omnipotens
1074 2456 1238 2520 Deus,
1273 2459 1365 2527 qui
1394 2459 1759 2524 exsiccatum,
1794 2468 1848 2512 et
1891 2459 2011 2514 sine
2053 2474 2175 2514 cor--

2360 2473 2417 2526 Ὀ
2467 2473 2869 2544 παντοδύναμος
2917 2475 3066 2538 Θεὸς,
3115 2477 3144 2527 6
3191 2477 3290 2545 τὴν
3326 2476 3522 2546 ῥάϐδον
3569 2479 3852 2540 Μωῡσὲως

607 2550 715 2604 tice
746 2548 998 2602 baculum
1026 2546 1229 2616 Moysis
1257 2548 1394 2600 miro
1424 2547 1664 2616 quodam
1702 2547 1862 2601 modo
1893 2549 1946 2600 in
1979 2549 2175 2601 animal

2284 2561 2620 2632 ὲξηραμένην
2677 2563 2768 2615 καὶ
2799 2563 3018 2630 ἄφλοιον
3054 2562 3372 2633 παραδόξως
3413 2563 3736 2634 μεταϐαλὼν
3777 2567 3854 2626 εἰς

601 2638 930 2700 animatum,
955 2652 1260 2706 repensque
1287 2637 1596 2690 immutavit
1623 2639 1665 2668 "
1683 2653 1698 2702 ;
1717 2638 1884 2690 draco
1908 2638 2175 2706 siquidem

2284 2650 2416 2712 ζῶον
2445 2651 2685 2721 ἔμψυχόν
2719 2669 2778 2704 τε
2813 2654 2906 2706 καὶ
2967 2653 3134 2724 ἕρπον
3183 2654 3418 2724 (δράκων
3461 2654 3570 2725 γὰρ
3596 2650 3666 2724 ἦν
3697 2655 3852 2724 φοϐε-

601 2741 724 2785 erat
759 2729 1043 2790 terribilis,
1075 2737 1130 2782 et
1159 2725 1372 2797 Moyses
1407 2728 1460 2780 in
1493 2727 1678 2797 fugam
1723 2742 1782 2780 se
1818 2726 1967 2782 dedit
2017 2729 2180 2780 mira-

595 2822 728 2878 culo
759 2820 1087 2891 perterritus
1119 2837 1132 2872 :
1167 2826 1222 2872 et
1251 2819 1340 2886 qui
1381 2819 1617 2873 Aarouis
1650 2819 1906 2872 baculum
1944 2819 2175 2882 siccum,

597 2929 656 2968 et
688 2915 868 2982 ipsum
901 2913 1131 2966 multant
1155 2920 1282 2964 ante
1316 2920 1552 2980 tempus,
1584 2913 1792 2980 absque
1821 2923 1986 2970 terra.
2012 2920 2066 2966 et
2093 2928 2177 2966 ra-

601 2999 844 3063 dicibus,
875 3008 929 3054 et
953 2999 1176 3068 pluviis,
1207 3010 1260 3052 et
1291 3000 1436 3054 aeris
1478 3003 1760 3069 temperie,
1792 3001 1874 3054 vel
1917 3003 2034 3055 sola
2077 3019 2171 3056 vo-

603 3091 814 3146 luntate
848 3105 956 3143 una
993 3099 1158 3144 nocte
1190 3103 1412 3158 germen
1441 3090 1716 3155 etnittere,
1742 3103 1795 3143 et
1821 3091 1947 3144 folia
1979 3095 2175 3160 gratio-

601 3183 859 3247 sissitua,
921 3193 974 3236 et
1029 3181 1268 3236 fructum
1325 3182 1754 3250 pulclierrinnnu
1786 3221 1801 3244 ,
1862 3183 2042 3236 elfecit
2092 3185 2173 3249 ’³;

601 3275 788 3328 omnia
837 3287 1072 3342 namque
1118 3271 1226 3326 Deo
1277 3259 1662 3340 utilliipoteiili,
1713 3277 1798 3327 cui
1829 3277 2010 3328 omnia
2043 3277 2174 3330 obe-

602 3365 787 3430 diunt,
839 3365 1126 3434 possibilia
1169 3371 1299 3418 sunt
1345 3381 1359 3419 :
1409 3367 1530 3434 ipse
1585 3366 1698 3418 ietu
1740 3367 1887 3419 oculi
1929 3376 2177 3437 tempore

600 3457 788 3514 debito
817 3471 1048 3525 corpora
1083 3457 1314 3509 humana
1347 3471 1631 3525 resurgere
1661 3459 1842 3519 laciet,
1878 3473 1976 3512 sua
2000 3460 2175 3530 gratia

601 3547 958 3618 pullulantia,
991 3547 1128 3600 etin
1163 3556 1374 3600 tantum
1407 3547 1630 3613 decora,
1671 3556 1728 3600 ut
1767 3547 1955 3602 divino
1995 3552 2176 3619 splen-

600 3640 738 3694 dore
759 3638 1044 3692 inanitnati
1074 3639 1208 3692 solis
1234 3637 1419 3692 radios
1439 3655 1600 3708 quam
1629 3642 1864 3692 maxime
1889 3653 2172 3710 superent.

605 3731 838 3800 ‘I'ibique
869 3729 1198 3799 persuadeat
1224 3744 1388 3784 verus
1414 3729 1508 3784 Dei
1541 3745 1736 3784 servus
1758 3769 1772 3794 ,
1805 3731 1896 3799 qui
1939 3747 2003 3784 ex
2036 3732 2171 3786 Sina

602 3835 792 3878 monte
839 3809 1052 3876 luciferi
1104 3823 1281 3875 instar
1316 3819 1624 3883 descendit,
1674 3829 1728 3874 et
1784 3821 2173 3890 splendorilius

600 3913 852 3984 corporis
879 3911 1176 3982 gloriosus,
1213 3922 1272 3964 ut
1307 3928 1399 3982 per
1433 3909 1508 3975 id,
1539 3911 1687 3981 quod
1717 3916 2040 3981 apparebat,
2091 3915 2174 3966 Iu-

601 4013 782 4060 turam
811 4021 878 4059 ex
914 4005 1026 4059 alto
1059 4005 1287 4074 gratiam
1341 4004 1656 4058 hominibus
1699 4013 2170 4074 praemonstraret.

632 4200 740 4271 50
767 4198 952 4256 CXIV.
984 4227 1053 4239 --
1085 4196 1338 4252 GAINAE
1371 4195 1733 4252 COPIARUM
1777 4196 2100 4284 DUCTUIII.

675 4291 888 4346 Rursus
921 4305 1149 4360 magnus
1183 4291 1464 4359 copiarum
1501 4290 1701 4342 ductor
1729 4304 1826 4358 per
1861 4289 2075 4346 litteras
2107 4291 2172 4344 all

2282 2743 2393 2813 ρὸς,
2421 2744 2516 2796 καὶ
2541 2744 2729 2813 φεύγει
2753 2746 2994 2816 Μωῦσῆς
3019 2747 3078 2800 τὸ
3104 2747 3286 2817 θαῦμα
3315 2749 3738 2816 καταπλαγεὶςῖ,
3762 2751 3852 2800 καὶ

2277 2835 2423 2903 ὁτὴν
2474 2834 2566 2888 τοῦ
2609 2836 2815 2905 Ἀαρὼν
2868 2839 3064 2907 ῥάϐδον
3111 2839 3282 2908 ξηρὰν
3308 2840 3658 2910 πολυχρόνιον
3685 2842 3851 2910 ὑπάρ-

2277 2941 2478 2994 χουσαν
2509 2926 2634 2995 δίχα
2664 2930 2785 2996 γῆς,
2817 2929 2911 2981 κοιλ⁸
2933 2928 3106 2998 ῥίζης,
3131 2929 3224 2982 καὶ
3256 2930 3498 3000 ὄμϐρων,
3530 2933 3624 2984 καὶ
3655 2933 3850 3002 667.9:-

2283 3016 2404 3078 σίας
2456 3017 2655 3088 ἀέρων,
2708 3022 2772 3090 τῇ
2819 3019 3036 3089 θελήσει
3071 3020 3166 3073 καὶ
3199 3022 3334 3092 μόνῃ
3363 3021 3450 3074 διὰ
3481 3023 3612 3091 μιᾶς
3661 3024 3848 3084 νυκτὸς

2279 3111 2643 3180 ὲκϐλαστῆσαι
2669 3113 2918 3183 ποιήσας,
2945 3113 3120 3181 φύλλα
3137 3131 3196 3166 τε
3221 3115 3576 3186 χαριέστατα,
3599 3117 3697 3168 καὶ
3723 3133 3849 3184 καρ-

2279 3203 2378 3256 πὸν
2408 3203 2739 3274 ὡραιότατον
2772 3205 2967 3274 (πάντα
3005 3205 3113 3276 γὰρ
3153 3205 3352 3260 δυνατὰ
3388 3207 3508 3278 Θεῷ
3539 3211 3848 3277 παντοκράο

2275 3311 2392 3364 τορι
2422 3295 2518 3347 καὶ
2547 3296 2722 3348 πάντα
2759 3295 3014 3364 ἰσχύοντι)
3045 3312 3059 3325 ·
3095 3297 3256 3360 αὐτὸς
3293 3300 3351 3350 ὲν
3392 3300 3524 3370 ῥιπῇ
3570 3299 3844 3369 ὀφθαλμοῦ

2277 3385 2632 3452 ἐξαναστήσει
2675 3385 2850 3457 καιρῷ
2903 3385 2982 3456 τῷ
3031 3389 3363 3458 προσήκοντι
3416 3387 3486 3441 τὰ
3531 3389 3846 3460 ἀνθρώπεια

2278 3475 2528 3546 σώματα,
2550 3477 2809 3530 θάλλοντα
2835 3481 2901 3549 τῇ
2923 3479 3116 3532 ἑαυτοῦ
3137 3479 3343 3550 χάριτι,
3364 3481 3458 3534 καὶ
3479 3481 3844 3551 ἁγλαῖςόμενα

2277 3567 2368 3620 ἐπὶ
2389 3567 2658 3628 τοσοῦτον,
2694 3567 2832 3620 ὥστε
2870 3569 3230 3640 ὑπερνικῆσαι
3255 3573 3317 3642 τῇ
3349 3570 3469 3642 θείᾳ
3503 3573 3844 3644 λαμπρότητι

2274 3659 2372 3721 τὰς
2405 3659 2578 3726 αὐγὰς
2601 3660 2693 3712 τοῦ
2727 3659 2934 3730 ἀψύχου
2967 3662 3133 3732 ἡλίου.
3169 3662 3278 3716 Καὶ
3326 3665 3556 3717 πειθέτω
3584 3681 3644 3717 σε
3675 3667 3840 3718 Μωῡ-

2277 3748 2377 3816 σῆς
2413 3749 2441 3798 6
2469 3748 2688 3817 γνήσιος
2736 3748 2988 3818 θεράπων
3037 3749 3129 3804 τοῦ
3177 3732 3502 3821 κρείττονος,
3555 3753 3842 3822 φωσφόρος

2277 3833 2550 3888 κατελθὼν
2581 3839 2642 3888 ὲκ
2675 3835 2769 3888 τοῦ
2806 3838 3016 3892 Σιναίου
3040 3839 3218 3909 ὄρους,
3253 3841 3346 3894 καὶ
3374 3842 3462 3896 τὸν
3489 3843 3674 3912 χρῶτα
3700 3843 3840 3896 δεδο-

2277 3925 2537 3994 ξασμένος
2567 3930 2684 3990 ταῖς
2711 3929 3068 4000 λαμπηδόσιν,
3097 3931 3242 3994 ὅπως
3261 3932 3348 3984 διὰ
3371 3932 3466 3984 τοῦ
3515 3937 3842 4004 φαινομένου

2276 4015 2530 4088 προδείξῃ
2581 4017 2678 4087 τὴν
2731 4019 3028 4094 μέλλουσαν
3084 4022 3242 4090 χάριν
3293 4020 3486 4088 ὑψόθεν
3532 4023 3838 4092 ἀνθρώποις

2277 4111 2632 4184 παρέχεσθαι.

2557 4205 2699 4257 PIA’.
2731 4233 2798 4244 -
2825 4203 3035 4274 ΓΑΙΝᾼ
3079 4205 3558 4278 ΣΤΡΑΤΗΛΑἸᾘ.

2351 4295 2516 4348 Πάλιν
2547 4297 2678 4366 ἡμῖν
2706 4291 2839 4368 ἧκεν
2867 4297 2896 4348 6
2924 4297 3096 4366 μέγας
3133 4299 3504 4370 στρατηλάτης
3545 4300 3634 4353 διὰ
3659 4318 3836 4373 γραμ-

603 4399 706 4440 nos
739 4385 886 4437 venit
910 4395 1063 4436 arma
1093 4395 1253 4434 cerea
1285 4380 1573 4448 objiciens,
1606 4395 1717 4432 non
1752 4395 1872 4450 quae
1897 4397 1962 4435 ex
1991 4384 2174 4451 seipse

2284 4389 2464 4460 μάτων
2492 4386 2559 4440 τὰ
2587 4387 2783 4458 κήρινα
2811 4387 3246 4459 προϐαλλόμενος
3275 4391 3434 4454 ὅπλα,
3473 4393 3572 4444 οὐκ
3594 4395 3686 4461 ἀφ’
3715 4397 3837 4448 ἑαυ-

603 4475 902 4547 possideat,
927 4475 1022 4528 sed
1053 4473 1275 4526 aliunde
1295 4471 1654 4542 opprobriose
1677 4473 2005 4542 suscipiens.
2037 4476 2175 4528 Ecce

601 4570 774 4634 enim,
817 4567 914 4630 ait,
963 4567 1184 4620 divinus
1233 4563 1532 4634 Apostolus
1579 4561 1712 4618 Jesu
1777 4564 2171 4619 demissionem

541 4707 555 4722 κ
602 4664 774 4720 edixit
798 4682 812 4716 ;
844 4662 912 4717 ad
943 4677 1039 4717 eos
1067 4659 1294 4719 etenim,
1318 4657 1411 4726 qui
1433 4673 1500 4712 ex
1529 4654 1774 4710 Hebraeis
1801 4657 2171 4723 crediderant,

604 4757 832 4812 scribit:
872 4774 892 4806 ι
931 4755 1158 4822 Semper
1189 4750 1325 4804 vivit
1351 4749 1510 4804 Jesus
1544 4748 1718 4802 Filius
1753 4748 1844 4802 Dei
1889 4749 1955 4802 ad
2001 4748 2172 4802 inter-

604 4850 914 4919 pellandum
962 4861 1064 4916 pro
1119 4843 1280 4898 nobis
1311 4843 1378 4895 “.
1420 4859 1438 4892 ι
1501 4839 1887 4894 Verumtamen
1939 4849 2172 4895 noscant

603 4943 694 5013 qui
730 4942 827 4996 tibi
865 4945 980 4994 luce
1009 4937 1076 4990 ad
1107 4931 1462 4990 scribendum
1498 4941 1826 5000 suggerunt,
1861 4929 2174 4986 Servatoris

603 5033 999 5095 beatissimam,
1054 5037 1111 5082 et
1163 5024 1667 5082 decantatissimam
1734 5023 2174 5092 dispositionem,

605 5142 704 5198 pro
737 5124 895 5180 nobis
946 5117 1440 5187 interpellationem
1485 5129 1628 5178 esse,
1677 5115 2096 5184 nuncuparique
2143 5131 2172 5167 a

601 5217 824 5272 deiferis
845 5254 861 5278 ,
896 5223 948 5268 et
983 5209 1343 5278 diviniloquis
1375 5206 1712 5260 hominibus.

1145 5389 1230 5447 CX
1243 5389 1301 5444 V.
1334 5417 1403 5428 --
1437 5386 1641 5440 Eidem.

671 5484 1042 5554 Interpellare,
1081 5501 1189 5537 non
1233 5485 1288 5538 lit
1338 5483 1638 5536 multorum
1689 5477 2071 5540 consuetudo.
2119 5489 2174 5532 et

676 5657 720 5688 “
755 5656 921 5712 Exod.
951 5674 1016 5724 Iv,
1069 5660 1121 5710 ι).
1181 5660 1224 5690 ’³
1261 5659 1421 5716 Num.
1469 5676 1598 5724 xm,
1647 5660 1701 5716 8.
1780 5661 1825 5695 “
1847 5659 2010 5718 Hebr.
2035 5675 2129 5728 VII,
2153 5661 2242 5717 25.

2275 4481 2364 4536 τοῦ
2398 4481 2740 4550 κτησάμενος
2770 4479 2966 4544 ταῦτα,
2999 4481 3113 4534 ἀλλ’
3159 4482 3424 4552 ἑτέρωθεν
3445 4485 3661 4554 ψεκτῶς
3689 4506 3838 4558 mp:-

2275 4573 2526 4640 σάμενος.
2576 4571 2706 4624 Ἰδοὺ
2743 4571 2848 4643 γὰρ
2869 4611 2884 4637 ,
2917 4572 3102 4642 φησιν,
3134 4574 3162 4624 ὁ
3211 4573 3352 4638 θεῖος
3399 4576 3718 4641 ’Δπόστολος
3745 4582 3836 4649 τὴν

2272 4663 2538 4717 ὑπόϐασιν
2575 4662 2667 4715 τοῦ
2718 4662 2892 4732 Ἰησοῦ
2931 4664 3300 4735 ἐξεφώνησεν·
3347 4670 3549 4738 γράφει
3597 4671 3706 4741 γὰρ
3733 4677 3834 4732 τοῖς

2271 4757 2330 4823 ἐξ
2373 4757 2636 4828 Ἐϐραίων
2665 4758 3122 4824 πεπιστευκόσιν,
3166 4761 3246 4814 ὅτι
3283 4780 3302 4812 ι
3341 4763 3576 4816 Πάντοτε
3612 4765 3678 4836 ζῇ
3738 4767 3832 4834 Ἰη-

2277 4851 2401 4913 σοῦς
2431 4851 2460 4903 6
2481 4851 2607 4912 Υἱὸς
2634 4848 2725 4902 τοῦ
2747 4848 2880 4902 Θεοῦ
2901 4851 2980 4912 εἰς
2997 4852 3058 4904 τὸ
3088 4854 3432 4924 ἐντυγχάνειν
3462 4856 3600 4927 ὑπὲρ
3626 4859 3824 4928 ἡμῶν.»

2287 4943 2450 4995 Ἀλλὰ
2488 4941 2909 5010 γινωσκέτωσαν
2947 4944 2998 4996 οἱ
3046 4945 3434 5012 ὑποϐάλλοντες
3483 4965 3566 5003 σοι
3618 4953 3830 5006 τοιαῦτα

2274 5033 2630 5095 ἐπιστέλλειν,
2681 5033 2870 5103 ὅτιπερ
2925 5036 2959 5105 ἡ
3011 5035 3102 5088 τοῦ
3147 5037 3395 5108 Σωτῆρος
3445 5045 3828 5114 μακαριωτάτη

2277 5127 2370 5180 καὶ
2426 5124 2802 5194 πολυύμνητος
2857 5128 3135 5199 οἰκονομία
3166 5168 3182 5194 ,
3237 5131 3454 5200 ὲντυχὶα
3493 5134 3630 5204 ὑπὲρ
3683 5138 3830 5206 ἡμῶν

2278 5215 2531 5285 ὑπάρχει,
2568 5214 3005 5286 προσηγόρευταί
3025 5233 3084 5270 τε
3123 5219 3216 5271 καὶ
3258 5221 3500 5276 καλεῖται
3549 5227 3700 5296 παρὰ
3728 5231 3829 5292 τοῖς

2281 5306 2555 5376 θεο·ρόροις
2597 5305 2690 5359 καὶ
2726 5306 3006 5376 θεηγόροις
3035 5307 3311 5378 ἀνδράσιν.

2771 5395 2918 5450 PlE'.
2946 5425 3016 5435 —
3050 5395 3131 5462 Τῷ
3169 5399 3348 5464 αὐτῷ.

2352 5487 2425 5539 Τὸ
2464 5487 2832 5558 ἐντυγχάνειν,
2891 5488 2988 5558 οὐχ
3021 5487 3207 5561 ὥσπερ
3239 5493 3270 5561 ή
3327 5492 3426 5544 τῶν
3476 5492 3686 5548 πολλῶν
3717 5511 3827 5549 συν-
