3882 6036
408 221 512 286 135
1871 216 1934 276 S.
1975 216 2138 277 NILI
3549 213 3656 278 136

402 339 534 406 prire
573 334 892 406 praelucendi
939 331 1132 398 faciei;
1185 342 1240 388 et
1289 333 1391 387 hac
1426 333 1641 388 ratione
1685 331 1984 402 prudentes

2113 331 2542 403 ιπαστράπτοντι
2565 333 2862 404 προσώπῳ,
2893 338 2989 390 καὶ
3019 336 3194 402 οὕτως
3227 337 3500 406 διελέγετο
3537 341 3652 402 τοῖς

407 439 453 483 3t
499 429 594 498 qui
635 427 904 498 sapientia
953 424 1244 496 {Egyptios
1282 427 1702 488 aemulabantur,
1737 424 1980 494 alloque-

2113 425 2297 492 ιοητοῖς
2335 423 2428 476 καὶ
2461 424 2884 492 Αἱγυπτιάζουσι
2921 429 2986 497 τῇ
3016 429 3296 500 φρονήσει.

404 529 562 574 natur
583 518 652 573 ⁸³.
993 537 1000 552 ι
1367 549 1370 554 ι
1817 541 1820 544 ι

941 607 1128 663 CXIX.
1159 637 1225 648 —-
1259 605 1466 659 Eidem.

2581 609 2722 664 me.
2755 639 2827 652 —
2859 608 2942 675 Τῷ
2979 609 3158 676 αὐτῷ.

475 699 694 756 Faciem
725 699 922 770 Moysis
957 701 1136 752 lumen
1165 713 1287 752 esse
1316 696 1671 750 Pentateuchi
1699 695 1976 758 existima,

2152 697 2446 767 Πρόσωπον
2473 701 2752 766 Μωῦσέως
2785 701 2978 771 νόησον
3005 700 3146 756 εἷναι
3175 703 3236 756 τὸ
3257 721 3372 770 φως
3393 703 3494 772 τῆς
3517 703 3663 756 [lev-

404 793 646 848 velamen
679 793 957 848 beatorum
984 807 1297 845 sermonum
1326 790 1735 852 obsi-uritateni,
1761 797 1815 842 et
1833 787 1979 856 quini

2121 786 2374 856 ατεύχου,
2411 790 2672 860 κάλυμμα
2690 790 2747 844 δὲ
2769 791 2828 845 τὸ
2854 793 3061 862 ἀσαφὲς
3105 791 3212 844 τῶν
3245 790 3530 862 μακαρίων
3563 789 3658 841 λό-

404 885 704 954 parabolis,
745 890 840 936 aut
889 880 1178 950 symbolis,
1229 881 1344 934 sive
1386 880 1548 933 etiam
1597 877 1980 946 amigmatibus

2113 897 2214 940 νων,
2267 881 2361 934 καὶ
2403 881 2465 934 τὸ
2510 882 2894 954 παραϐολικὸν,
2939 883 2974 954 ἢ
3030 865 3378 952 συμϐολικὸν,
3444 883 3540 934 καὶ
3597 880 3662 933 τὸ

403 977 744 1046 exprimitur.
788 973 850 1026 Et
893 981 1120 1027 sanctus
1157 971 1371 1042 Moyses
1409 987 1574 1040 super
1616 979 1781 1040 puteo
1807 969 1873 1032 ",
1912 983 1977 1023 ex

2113 973 2494 1041 ,ivzypatrbﬁsc.
2555 976 2664 1028 Καὶ
2717 976 2862 1044 λέγει
2889 978 2918 1030 ὁ
2943 977 3094 1045 ἅγιος
3165 974 3408 1044 Μωῦσῆς
3435 975 3528 1026 ἐπὶ
3561 972 3664 1026 τοῦ

405 1083 514 1140 quo
543 1081 734 1120 ulnnes
763 1065 970 1127 bibere,
1003 1063 1266 1118 nonnulla
1309 1079 1404 1132 per
1443 1063 1664 1116 modum
1712 1061 1982 1131 parabolae

2113 1063 2338 1132 ιρὲατος,
2359 1064 2486 1137 ὅθεν
2511 1067 2711 1130 πάντες
2732 1067 3041 1130 πεπώκασι,
3082 1064 3467 1136 παραϐολικῶς
3493 1081 3622 1116 τινα
3645 1077 3661 1093 ·

405 1160 610 1223 refert;
647 1156 994 1228 postmodum
1031 1155 1226 1208 addit:
1263 1173 1284 1204 ι
1317 1153 1610 1223 Propterea
1647 1152 1854 1218 dicent,
1887 1151 1980 1222 qui

2113 1158 2178 1208 ιαὶ
2217 1157 2344 1226 ἑξῆς
2388 1159 2671 1230 ἐπιφέρει·
2713 1161 2811 1213 Διά
2859 1159 3013 1214 τοῦτο
3049 1157 3265 1231 ἐροῦσιν
3311 1161 3361 1212 οί
3400 1159 3664 1228 αἰνιγμα-

405 1247 648 1318 captiose
670 1251 726 1298 et
753 1243 1011 1314 perplexe
1043 1251 1370 1310 argutantur
1406 1242 1520 1295 ha-c
1546 1249 1602 1296 et
1629 1243 1743 1295 haec
1773 1240 1840 1292 ³⁸.

2113 1251 2264 1302 ἰσταὶ
2304 1251 2428 1305 τάδε
2460 1254 2552 1305 καὶ
2584 1251 2730 1305 τάδε.

953 1343 1122 1400 CXX.
1145 1373 1216 1384 --
1243 1343 1451 1398 Eidem.

2573 1347 2702 1399 me.
2738 1376 2808 1386 —
2837 1345 2920 1410 τῷ
2937 1344 3120 1410 αὐτῷ.

474 1441 530 1498 Si
571 1457 696 1499 cum
735 1441 994 1512 lacrymis
1037 1441 1105 1494 ad
1149 1439 1432 1496 Christum
1478 1446 1831 1494 convertatur
1875 1436 1978 1493 He-

2169 1436 2294 1490 Ἐὰν
2326 1437 2463 1508 μετὰ
2487 1437 2768 1510 κλαυθμοῦ
2789 1439 2924 1510 πρὸς
2952 1439 3044 1492 τὸν
3075 1438 3310 1509 Χριστὸν
3335 1436 3668 1508 ἐπιστρέψει

405 1537 607 1598 brams,
643 1535 909 1589 infantem
940 1548 1108 1604 agens
1141 1531 1448 1587 secundum
1492 1547 1744 1601 puerum,
1791 1529 1983 1586 Ismael

2113 1562 2114 1567 η
2147 1528 2399 1599 Ἑϐραῖος
2442 1529 2722 1601 νηπιάζων
2752 1530 2896 1584 κατὰ
2932 1531 2992 1584 τὸ
3027 1529 3226 1602 βρέφος
3278 1531 3338 1583 τὸ
3366 1531 3670 1601 λεγόμενον

405 1630 632 1690 dictum,
666 1627 952 1680 oculorum
1003 1625 1224 1686 mentis,
1269 1624 1418 1693 Agar
1469 1631 1796 1693 nuncupata;
1835 1623 1984 1676 vela-

2116 1621 2346 1692 ίσμαὴλ,
2383 1624 2749 1692 περιαιρεῖται
2785 1621 2848 1673 τὸ
2887 1621 3153 1691 κάλυμμα
3205 1621 3316 1673 τῶν
3361 1620 3668 1691 ὀφθαλμῶν

405 1679 850 1778 ιιιεζιιῄοιίειηιίιίι,
885 1731 1162 1786 propeque
1207 1679 1421 1770 invenit
1455 1679 1672 1784 aquam.
1693 1715 1872 1768 vivam
1903 1713 1988 1769 di-

2113 1679 2588 1784 Stdvolacltﬁq'
2633 1713 2970 1785 καλουμένης
3016 1679 3214 1781 έιίγαρ,
3269 1713 3364 1766 καὶ
3405 1679 3668 1781 εγτδθεν

405 1815 548 1866 vina:
578 1810 895 1879 Scriptura,
941 1808 1018 1860 uti
1067 1806 1294 1862 addecet
1336 1808 1664 1877 expositam,
1713 1809 1862 1874 potui
1897 1821 1987 1858 ac-

2113 1804 2332 1874 bpiaxsr.
2373 1803 2433 1856 τὸ
2476 1802 2584 1868 ζῶν
2644 1803 2788 1874 ὓδωρ
2829 1806 2926 1873 τῆς
2963 1802 3117 1866 θείας
3165 1803 3387 1874 Γραφῆς
3431 1801 3670 1864 δεόντως

406 1899 830 1962 commodatam,
866 1905 1032 1965 atque
1064 1895 1418 1965 pellucidum,
1462 1905 1514 1948 et
1552 1897 1622 1948 ab
1673 1893 1990 1948 infidelitate

2121 1895 2438 1966 ρμηνευθὲν,
2495 1896 2720 1966 πότιμόν
2745 1913 2804 1948 τε
2856 1897 2950 1949 καὶ
2973 1895 3212 1964 διαυγὲς,
3253 1893 3463 1950 καὶτοῦ
3507 1895 3679 1948 θανά-

401 1991 604 2045 Inortis
629 1989 947 2043 liberantem
973 1985 1043 2037 ³⁸.

859 2077 964 2148 53
1007 2076 1196 2134 CXXI.
1226 2107 1296 2119 -—
1330 2077 1538 2131 Eidem.

477 2175 778 2243 Quousque
819 2169 1034 2224 Hebraei
1073 2171 1232 2224 iidem
1278 2170 1449 2224 beatae
1485 2172 1635 2224 Sorae
1669 2183 1776 2222 non
1813 2181 1991 2236 possr-

403 2267 657 2326 debunt.
691 2278 862 2320 servae
891 2263 1038 2333 Agar
1088 2277 1290 2317 nomen
1343 2277 1534 2318 eorum
1581 2262 1750 2317 menti
1799 2261 1992 2330 appin-

406 2361 644 2430 gendum
673 2367 754 2412 est
786 2359 854 2412 ³⁷.

929 2447 1142 2504 CXXII.
1179 2478 1249 2489 --
1277 2445 1482 2501 Eidem.

479 2539 646 2595 Multa
717 2541 1128 2610 speculatione,
1202 2550 1255 2592 et
1309 2523 1696 2606 intelligentia.
1751 2531 1992 2586 Mosaica

409 2635 661 2702 scripta,
713 2647 930 2685 necnon
987 2629 1258 2701 profunda
1314 2627 1718 2699 perquisitione
1749 2623 1995 2692 indigere

410 2725 744 2795 persuadeat
809 2731 861 2778 te
927 2723 1162 2793 mystica
1223 2718 1578 2790 compellatio
1625 2715 1776 2786 putei
1821 2713 1994 2769 visio-

409 2819 499 2873 nis
527 2817 593 2872 ³⁸.

905 2903 1138 2960 CXXIII.
1181 2934 1248 2944 —-
1287 2901 1494 2956 Eidem.

2087 2005 2182 2042 του
2212 1991 2310 2060 τῆς
2336 1990 2591 2052 ἀπιστίας
2613 1990 3003 2060 λυτρούμενον.

2581 2079 2758 2137 PKA'.
2775 2111 2847 2122 —-
2863 2081 2947 2146 Τῷ
2980 2079 3160 2145 αὐτῷ.

2159 2171 2362 2244 Μέχρις
2389 2173 2454 2227 ἂν
2493 2175 2566 2244 μὴ
2593 2176 2880 2245 κτήσονται
2916 2175 2973 2228 δὲ
3016 2177 3064 2228 οἱ
3095 2174 3334 2246 Ἑϐραῖοι
3363 2174 3461 2244 τὴν
3483 2174 3679 2226 πίστιν

2091 2263 2188 2330 τῆς
2212 2264 2485 2334 μακαρίας
2509 2264 2742 2335 Σάρρας,
2777 2265 2873 2333 τῆς
2905 2263 3162 2328 οἰκέτιδος
3198 2264 3378 2333 Ἀγαρ
3409 2263 3468 2316 τὸ
3498 2261 3681 2332 ὄνομα

2093 2355 2157 2424 τῇ
2195 2351 2390 2425 γνώμῃ
2415 2354 2591 2407 αὐτῶν
2616 2355 2969 2425 ἐπιφημίζειν
2993 2356 3130 2408 δέον.

2574 2445 2752 2499 PKB'.
2781 2477 2850 2486 —
2878 2446 2962 2512 Τῷ
2987 2447 3168 2512 αὐτῷ.

2165 2535 2287 2588 "Uti
2357 2535 2556 2605 πολλῆς
2615 2535 2848 2607 Θεωρίας
2911 2537 3007 2592 καὶ
3078 2539 3316 2610 νοήσεως
3387 2539 3560 2592 δεῖται
3611 2537 3679 2590 τὸ

2095 2627 2390 2682 Μωσαῖκὸν
2431 2628 2684 2700 γράμμα,
2738 2629 2831 2683 καὶ
2877 2627 3101 2700 βαθείας
3133 2632 3382 2704 ἐρεύνης,
3435 2630 3678 2684 πειθέτω

2097 2733 2159 2770 σε
2213 2719 2246 2787 ή
2288 2720 2524 2789 μυστικὴ
2580 2721 2916 2792 προσηγορία
2961 2722 3056 2775 τοῦ
3108 2723 3335 2794 φρέατος
3392 2723 3490 2793 τῆς
3535 2722 3677 2794 ὀρα-

2099 2824 2256 2872 σεως.

2593 2903 2766 2960 ΡΚΓ¹.
2798 2935 2865 2944 -
2896 2903 2979 2970 Τῷ
2999 2904 3179 2968 αὐτῷ.

479 2997 558 3052 Ne
593 2997 824 3067 patiaris
857 2997 910 3052 in
950 2997 1036 3050 his
1065 3039 1080 3058 ,
1137 3011 1259 3064 qum
1291 3005 1342 3048 te
1377 2993 1728 3062 opprimunt,
1761 2987 1991 3045 infortu-

2165 2993 2257 3064 Μὴ
2285 2992 2550 3066 καταδέξῃ
2577 2995 2632 3047 ὲν
2650 2997 2769 3058 ταῖς
2791 2995 3145 3061 ὲπελθούσαις
3173 3001 3473 3070 συμφοραῖς
3496 3016 3679 3068 παρα-

411 3091 520 3142 niis
555 3105 708 3158 spem
759 3087 962 3140 bonam
1000 3085 1275 3154 abjiccrc,
1313 3098 1493 3152 neque
1558 3082 1760 3136 divinae
1796 3095 1992 3150 exspe-

409 3182 672 3236 ctationis
706 3195 876 3232 cornu
910 3180 1141 3232 relaxes.
1166 3175 1350 3230 Facile
1382 3176 1527 3229 enim
1557 3173 1665 3228 Deo
1694 3183 1801 3234 est,
1835 3175 1998 3226 modo

409 3275 647 3330 voluerit
677 3314 692 3337 ,
726 3273 908 3326 tristia
937 3275 990 3324 in
1023 3271 1148 3324 lzeta
1183 3281 1520 3336 ammnaque
1548 3274 1896 3320 convertere.

653 3445 893 3502 CXXIV.
925 3476 994 3486 —
1027 3439 1416 3498 BENJAMINO
1457 3439 1780 3496 HEBRIEO.

483 3545 580 3598 Ais
632 3552 686 3596 Ie
739 3541 794 3594 in
854 3539 1043 3592 multis
1093 3536 1281 3591 Jcsum
1338 3536 1649 3597 celebrare,
1698 3533 1796 3588 sed
1851 3534 1995 3601 quod

413 3635 724 3690 Sabbatum
755 3633 850 3685 ille
884 3631 1195 3701 neglexerit
1221 3669 1234 3690 ,
1268 3625 1732 3694 dissolveritque,
1763 3624 1996 3692 iniquis-

413 3727 557 3783 simo
584 3725 771 3779 animo
802 3723 970 3777 ferre.
1010 3719 1401 3774 Verumtamen
1438 3716 1714 3770 hominem
1743 3715 1798 3768 in
1837 3729 1999 3768 omne

415 3828 636 3889 tempus
665 3816 955 3887 parvulum
1015 3827 1140 3867 esse
1195 3827 1304 3864 non
1345 3810 1525 3864 decet.
1577 3806 1824 3878 Namque
1871 3823 1996 3862 cum

416 3913 544 3981 quis
598 3910 663 3964 ad
717 3907 932 3962 virilem
995 3911 1210 3959 aetatem
1255 3901 1624 3970 perveniens,
1683 3915 1791 3953 non
1840 3913 1998 3968 atque

415 4003 604 4058 animo
638 4000 839 4064 ferret,
875 3998 921 4054 si
963 3998 1107 4051 lacte
1141 4005 1397 4064 potatur;
1427 4001 1484 4047 et
1518 3991 1611 4060 qui
1651 3991 1720 4044 ad
1755 3990 1995 4060 philoso-

414 4097 608 4168 phicas
635 4093 964 4162 disciplinas
992 4089 1220 4160 gradum
1261 4087 1430 4152 fecit,
1479 4101 1587 4140 non
1641 4085 1800 4140 facile
1831 4083 1999 4140 susti-

417 4187 568 4240 nebit
611 4183 792 4238 adhuc
824 4181 880 4236 in
919 4179 1195 4249 alphabeti
1241 4179 1434 4232 ordine
1471 4177 1796 4247 perdurare.
1829 4175 2000 4246 Igitur

416 4288 544 4332 ante
597 4275 846 4330 caelestis
904 4273 1194 4342 sapientim
1245 4272 1298 4324 in
1365 4271 1614 4324 homines
1661 4267 1992 4329 adventum,

2097 3085 2254 3140 λῦσαι
2279 3087 2338 3140 τὸ
2364 3085 2573 3150 εὔελπι,
2626 3087 2759 3158 μηδὲ
2799 3089 3041 3160 χαλάσῃς
3072 3089 3132 3154 τὸ
3159 3089 3327 3159 κέρας
3372 3092 3470 3161 τῆς
3517 3090 3678 3152 Θείας

2099 3178 2441 3247 προσδοκίας.
2485 3179 2641 3250 Ῥᾷον
2691 3179 2799 3248 γὰρ
2847 3179 2925 3251 τῷ
2952 3179 3070 3250 Θεῷ
3094 3182 3406 3253 βουληθέντι
3437 3181 3506 3234 τὰ
3537 3200 3678 3235 σκυ-

2100 3270 2422 3344 θρωπότερα
2481 3273 2573 3325 ἐπὶ
2643 3273 2703 3325 τὸ
2763 3275 2945 3346 ἱλαρόν
3000 3292 3059 3326 τε
3113 3275 3205 3328 καὶ
3260 3275 3485 3346 φαιδρὸν
3539 3293 3675 3346 μετ-

2100 3365 2339 3431 ενέγκαι.

2439 3451 2607 3508 ΡΚΔ’.
2633 3455 3056 3508 -οΒΕΝΙΑΜΙΝ
3081 3457 3347 3528 ΕΒΡΛΙῼ.

2167 3543 2401 3604 Φάσκεις
2441 3546 2497 3596 ἐν
2521 3544 2732 3608 πολλοῖς
2761 3546 2853 3597 τὸν
2896 3545 3103 3614 Ἰησοῦν
3132 3549 3395 3612 ἐπαινεῖν,
3422 3548 3481 3603 ὲν
3514 3548 3571 3602 δὲ
3598 3549 3680 3618 τῷ

2102 3637 2344 3708 παριδεῖν
2391 3637 2552 3689 αὐτὸν
2587 3637 2681 3690 καὶ
2708 3635 2866 3690 λῦσαι
2893 3638 2953 3691 τὸ
2988 3639 3290 3704 Σάϐϐατον,
3322 3641 3426 3704 καὶ
3460 3643 3675 3714 σφόδρα

2101 3730 2452 3796 ἀγανακτεῖν.
2475 3728 2618 3780 Ἀλλ’
2640 3731 2701 3782 οὐ
2724 3731 2953 3783 πάντοτε
2972 3733 3162 3802 νήπιον
3183 3732 3288 3804 χρὴ
3305 3734 3568 3804 ὑπάρχειν
3585 3737 3678 3788 τὸν

2103 3819 2408 3888 ἄνθρωπον·
2447 3819 2522 3882 είς
2540 3817 2709 3890 ἄνδρα
2743 3821 2851 3892 γάρ
2873 3839 2955 3885 τις
2988 3822 3233 3886 τελέσας.
3260 3825 3358 3877 οὐκ
3389 3825 3678 3894 ἕτιάνέξε-

2099 3927 2187 3963 ται
2204 3911 2518 4002 ποτίζεσθαι
2544 3911 2796 3980 γάλακτι,
2835 3913 2929 3966 καὶ
2948 3915 2975 3967 ὁ
2999 3915 3132 3984 πρὸς
3162 3916 3230 3969 τὰ
3246 3917 3353 3969 τῶν
3369 3919 3676 3988 φιλοσόφων

2099 4001 2346 4073 ὁρμήσας
2385 4001 2698 4074 μαθήματα,
2741 4005 2840 4056 οὐκ
2876 4003 2941 4058 ἂν
2971 4005 3325 4069 καταδέξαιτο
3369 4008 3676 4080 ἀλφαδήτῳ

2103 4098 2553 4168 προσκαρτερεῖν.
2583 4094 2697 4166 Πρὸ
2725 4095 2903 4147 τοίνυν
2931 4095 3027 4148 τοῦ
3057 4097 3154 4168 τὴν
3195 4098 3445 4168 οὐράνιον
3487 4081 3674 4170 ἐπιδη-

2105 4187 2272 4257 μῆσαι
2295 4187 2485 4260 σοφίαν
2511 4189 2622 4250 τοῖς
2651 4186 2978 4258 ἀνθρώποις,
3014 4189 3156 4258 καλὴ
3192 4189 3540 4262 ἐτύγχανενή
3583 4193 3678 4246 τοῦ

2102 4273 2379 4330 Σαϐϐάτου
2406 4273 2807 4346 παρατήρησις,
2845 4275 2942 4328 καὶ
2970 4275 3266 4348 ὠφέλιμος,
3302 4279 3396 4333 νῦν
3425 4279 3502 4344 δὲ,
3536 4283 3676 4334 κατὰ

415 4369 626 4440 optima
689 4373 810 4420 erat
865 4363 1094 4418 Sabbati
1160 4363 1514 4427 observatio,
1569 4369 1626 4416 et
1691 4360 1882 4426 utilis;
1943 4366 1991 4412 al

2113 4367 2200 4437 τὴν
2233 4365 2474 4438 Χριστοῦ
2503 4366 2933 4436 ὲπιδημίαν,οὐκ
2947 4366 3085 4420 Eam
3127 4369 3428 4440 ἐπιτήδειος
3449 4389 3464 4404 ο
3491 4373 3676 4424 ἐπάνω

416 4475 564 4515 nunc
587 4467 712 4528 post
743 4457 952 4512 Christi
999 4457 1294 4510 adventura
1343 4453 1697 4509 accommoda
1735 4468 1843 4506 non
1892 4457 1998 4506 est.

329 4553 338 4556 ’
418 4551 598 4621 Supra
629 4551 773 4604 enim
811 4557 866 4603 ct
895 4549 1016 4602 dies
1043 4555 1096 4602 et
1143 4554 1392 4616 tempora
1414 4585 1432 4612 ,
1494 4553 1547 4598 et
1577 4541 1841 4598 mundum
1879 4542 2002 4596 uni-

415 4657 636 4700 versum
661 4640 1016 4696 Christianus
1047 4639 1241 4708 sapiet.

859 4732 968 4805 54
1005 4725 1216 4787 cxxv.
1245 4759 1314 4770 -
1347 4727 1554 4782 Eidem.

487 4822 568 4878 Ne
643 4825 942 4894 permirum
999 4821 1100 4876 tibi
1154 4819 1407 4883 accidat,
1471 4819 1636 4872 Deum
1690 4816 2002 4886 antiquitus

2102 4457 2212 4528 γὰρ
2235 4457 2326 4509 καὶ
2361 4455 2582 4527 ἡμερῶν
2597 4455 2692 4509 καὶ
2713 4455 2938 4528 χρόνων,
2979 4457 3077 4510 καὶ
3109 4459 3310 4522 παντὸς
3329 4461 3427 4513 τοῦ
3467 4459 3676 4530 κόσμου

2104 4551 2362 4620 φρονήσει
2388 4548 2730 4620 Χριστιανός.

2588 4730 2763 4784 PKE'.
2789 4759 2856 4770 --
2893 4729 2980 4800 Τῷ
3011 4730 3192 4796 αὐτῷ.

2177 4821 2270 4893 Μὴ
2301 4821 2566 4892 ξενισθῇς,
2613 4823 2730 4885 πῶς
2764 4821 2934 4874 πάλαι
2966 4821 3065 4893 μὲν
3091 4827 3120 4876 ὸ
3142 4823 3275 4887 Θεὸς
3311 4823 3371 4878 τὸ
3396 4824 3672 4879 Σάϐϐατον

419 4914 648 4970 Sabbati
703 4913 1151 4966 observationem
1225 4908 1563 4976 praecepisse
1616 4905 1683 4964 δί’.
1744 4913 1798 4960 et
1859 4919 1991 4958 nunt

2113 4915 2288 4982 τηρεῖν
2321 4912 2618 4976 διετάξατο,
2654 4913 2749 4964 νῦν
2773 4911 2829 4964 δὲ
2853 4913 2953 4981 τὴν
2997 4914 3253 4986 τοιαύτην
3279 4914 3463 4968 ἀθετεῖ
3491 4933 3674 4988 παρα-

419 5007 656 5061 similem
702 5004 1148 5060 observationem
1197 5001 1452 5068 rejicere.
1485 4996 1654 5052 Vides
1682 4997 1828 5051 enim
1860 4996 2010 5050 vete-

418 5113 510 5154 res
557 5105 922 5166 recentesque
987 5095 1388 5163 imperatorum
1419 5100 1766 5144 terrenorum
1795 5087 1991 5142 consti-

2113 5098 2372 5167 βασιλέων
2409 5099 2634 5168 γηΐνων,
2669 5095 2860 5168 πρώην
2894 5097 2992 5167 μὲν
3027 5099 3146 5152 τόδε
3211 5101 3269 5154 τὸ
3311 5105 3546 5174 πρᾶγμα
3585 5103 3672 5156 θε-

423 5191 666 5244 tutiones
715 5199 874 5242 antea
905 5201 1021 5240 rem
1073 5185 1216 5237 hanc
1251 5181 1568 5236 decrevisse
1591 5219 1607 5242 ,
1641 5178 1991 5249 postmodum

2113 5189 2434 5255 σπισάντων,
2475 5188 2571 5244 νῦν
2597 5189 2652 5242 δὲ
2678 5187 3051 5243 καταλυόντων
3077 5191 3135 5244 τὸ
3159 5193 3426 5264 προλαόὸν
3453 5175 3673 5266 νομοθέ-

423 5283 531 5336 alio
561 5289 726 5349 atque
759 5278 870 5332 alio
897 5287 1140 5346 tempore
1171 5275 1346 5344 legem
1370 5280 1546 5326 'antea
1598 5270 1760 5324 latam
1794 5269 1996 5326 dissol-
2101 5299 2274 5352 τημα,

422 5384 570 5425 vere.

495 5573 540 5606 ³³
569 5571 740 5626 Exod.
785 5587 970 5641 xxmv,
1003 5571 1190 5629 52-55.
1297 5571 1339 5604 ³³
1365 5569 1522 5628 Num.
1570 5587 1680 5639 χιι,
1717 5571 1804 5628 18.
1881 5571 1925 5605 ³⁸
1953 5570 1991 5626 il

432 5643 476 5676 "
533 5643 708 5697 Exod.
752 5657 820 5696 xx
895 5643 946 5696 8.
1821 5673 1840 5690 ..

2113 5569 2202 5624 27.
2235 5568 2434 5628 “Gen.
2465 5587 2577 5637 xvi,
2623 5571 2647 5625 1
2720 5587 2873 5641 seqq.
2982 5571 3027 5604 ³⁷
3071 5573 3200 5628 ibid.
3316 5574 3358 5606 ³⁸
3387 5575 3538 5632 ibid.-
3583 5579 3670 5634 Η.

2105 5005 2354 5076 τήρησιν.
2391 5004 2553 5076 Ὁρᾷς
2574 5005 2683 5074 γὰρ
2713 5005 2949 5068 παλαιάς
2970 5023 3029 5058 τε
3067 5009 3161 5060 καὶ
3183 5007 3379 5079 νεαρὰς
3407 5009 3674 5074 διατάξεις
3783 5081 3786 5084 Α
