3882 6036
145 275 249 345 13Ἱ

676 388 869 456 PKC'.
913 385 998 453 Τῷ
1022 384 1203 451 αὐτῷ.

216 480 423 554 Νόμιζε
454 499 543 553 μοι
568 480 668 553 τὴν
688 480 780 534 τοῦ
803 479 938 534 Θεοῦ
966 480 1156 549 σοφίαν
1178 477 1387 550 μητέρα
1422 478 1543 532 τινὰ
1568 474 1729 546 εἶναι,

134 575 236 629 καὶ
249 574 343 628 νῦν
358 575 455 645 μὲν
480 572 559 644 τῷ
577 572 755 645 νηπίῳ
766 574 857 627 τὸν
871 572 1070 643 μαστὸν
1082 572 1445 634 ὲπιδιδοῦσαν,
1478 573 1572 625 καὶ
1594 571 1730 641 βοῶ-

137 684 267 731 σαν,
289 666 487 725 Καλὸν,
506 664 843 730 καλὸν,τώτό
859 681 944 732 γε,
966 659 1065 716 εἶθ’
1085 662 1209 715 ὕστε
1218 680 1310 732 ρον
1329 663 1463 734 πρὸς
1478 664 1578 732 τὴν
1606 680 1729 714 στε-

143 760 285 832 ρεὰν
340 759 546 830 τροφὴν
608 758 701 810 τὸν
755 757 923 811 παῖδα
957 754 1305 820 ἐλαύνουσαν,
1342 755 1437 809 καὶ
1471 754 1601 825 χολῇ
1640 753 1731 807 τὸν

140 852 353 921 μαστὸν
395 850 800 921 περιχρίουσαν,
828 848 921 903 καὶ
958 847 1267 919 κράξουσαν
1294 846 1531 916 συνεχῶς
1559 885 1575 908 ,
1626 846 1732 898 Σα-

139 943 306 1015 πρὸν,
326 943 540 1015 σαπρὸν
560 940 717 995 τοῦτό
740 957 826 1010 γε.

688 1034 861 1087 ΡΚΖ’.
900 1033 982 1098 Τῷ
1014 1032 1195 1097 αὐτῷ.

221 1127 414 1195 Λέγεις
468 1126 558 1180 τὸν
602 1125 804 1181 Μωσὲα
862 1126 1143 1196 εἰρηκέναι
1190 1127 1249 1177 ὲν
1300 1126 1725 1193 Δευτερονομιῳ,

1374 278 1903 342 EPISTOLARUM
1942 282 2088 343 LIB.
2131 283 2180 344 Ι.

1758 404 1804 453 Α
2334 386 2573 441 CXXVI.
2602 418 2670 427 —-
2703 386 2907 441 Eidem.

3305 282 3411 348 138
3432 246 3439 263 ’

1904 482 2291 553 Apprehende,
2317 498 2527 551 quaso,
2558 484 2745 536 animo
2777 491 2874 536 tuo
2895 526 2909 548 ,
2958 483 3050 535 Ιδεί
3090 484 3416 553 sapientiam

1834 581 2065 627 matrem
2125 571 2416 642 quamdam
2473 587 2632 645 esse,
2684 587 2834 626 nunc
2890 573 3111 641 quidem
3148 576 3419 629 infantnlo

1836 682 2103 721 mammas
2134 667 2541 737 porrigentem,
2569 666 3009 735 clamantemque
3046 682 3059 716 :
3098 664 3304 720 Bonum
3333 675 3419 722 est

1832 759 1968 827 hoc,
2004 760 2209 815 bonum
2242 776 2257 826 ;
2286 768 2474 830 postea
2516 758 2585 813 ad
2636 756 2952 815 solidiorem
3003 756 3185 810 cibum
3246 756 3417 810 ﬁlium

1832 851 2230 911 concitantem,
2261 859 2317 904 et
2342 849 2469 904 felle
2481 862 2757 906 mammas
2780 848 3158 916 innngentem,
3183 845 3417 914 saepius-

1833 958 1941 1011 qne
1974 940 2367 997 inclatnantem
2406 958 2418 991 :
2452 939 2746 994 Putridum
2773 946 2858 993 est
2884 941 2987 993 hoc
3009 976 3024 999 ,
3053 938 3359 1007 putt‘idunt.

2326 1031 2590 1089 CXXVII.
2621 1061 2690 1071 -—
2712 1030 2918 1085 Eidem.

1904 1125 2162 1183 Inculcas
2221 1125 2461 1197 hloysem
2517 1126 2571 1178 in
2640 1121 3366 1180 Deuteronomioadictasse
3401 1163 3415 1177 .

126 1218 233 1271 »ὅτι
262 1238 281 1270 ‹
308 1219 598 1289 Προφήτην
626 1219 753 1289 ὑμῖν
784 1220 1077 1288 ἀναστήσει
1124 1216 1329 1287 Κύριος
1352 1219 1380 1269 ὁ
1408 1216 1539 1279 Θεὸς
1573 1214 1728 1284 ὑμῶν

1843 1234 1855 1266 ι
1893 1215 2227 1285 Prophetam
2263 1217 2419 1272 vobis
2453 1216 2749 1273 suseitnbit
2779 1212 3219 1269 Dominus-Deus;
3240 1221 3421 1269 vester

132 1312 206 1364 ἐκ
238 1311 348 1364 τῶν
370 1309 618 1379 ἀδελφῶν
676 1308 829 1379 ὑμῶν
877 1309 952 1373 ὼς
976 1308 1096 1379 ἐμέ.
1135 1327 1153 1360 ι
1208 1308 1505 1379 Προφήτην
1546 1301 1723 1369 εἶπεν,

1843 1323 1896 1360 :x
1927 1306 2191 1364 fratribus
2224 1308 2461 1371 vestris.
2496 1316 2558 1373 ut
2604 1324 2691 1364 me
2720 1308 2788 1364 ‘°.
2831 1328 2849 1360 ι
2881 1307 3204 1376 Propltelam
3250 1307 3417 1374 dixit,

131 1402 261 1472 οὐχὶ
291 1402 444 1455 Θεόν.
482 1402 605 1465 Πῶς
635 1396 729 1455 οὖν
756 1401 889 1454 Θεὸν
916 1398 1056 1455 εἰναι
1104 1402 1196 1455 τὸν
1237 1400 1443 1473 Ἰησοῦν
1498 1401 1723 1470 λέγετε;

1843 1414 1940 1452 non
1997 1398 2191 1454 Deum.
2253 1401 2543 1468 Quomodo
2602 1402 2789 1471 itaque
2835 1399 3005 1456 Deum
3056 1416 3183 1457 esse
3228 1399 3419 1456 Jesum

132 1493 241 1556 ,Ὧς
304 1494 480 1565 νηπίῳ
538 1511 641 1556 σοι,
677 1487 723 1545 ὦ
753 1494 997 1561 ἰουδαῖε,
1132 1493 1360 1559 ἐλλίζει
1389 1495 1418 1547 ὁ
1446 1494 1727 1562 πάνσοφος

133 1584 405 1637 Μωῦσῆε.
464 1584 618 1637 οὔπω
673 1584 979 1637 τοανότατα
1030 1511 1244 1637 τῖῖῗιῶν
1294 1602 1377 1637 σοι
1406 1583 1577 1637 δείξαι
1630 1581 1724 1637 τοῦ

1843 1490 2056 1545 licitis?
2089 1490 2375 1562 Tanquam
2420 1493 2696 1547 infantulo
2726 1493 2823 1546 tibi
2853 1532 2869 1556 ,
2930 1491 3265 1557 miJudaze,
3308 1509 3419 1548 una

1843 1581 2065 1637 Jalhutit
2112 1584 2562 1637 sapientissimus
2606 1583 2860 1637 Movscs.
2912 1599 3023 1637 non
3068 1586 3280 1637 audens
3312 1586 3413 1637 tibi

133 1584 405 1655 Μωῦσῆς,
464 1584 618 1638 οὔπω
673 1584 979 1656 τρανότατα
1030 1581 1244 1655 τολμῶν
1294 1602 1377 1638 σοι
1406 1583 1577 1649 δεῖξαι
1630 1581 1724 1637 τοῦ

1843 1581 2065 1637 Jalhutit
2112 1584 2562 1653 sapientissimus
2606 1583 2860 1655 Moyses,
2912 1599 3023 1638 non
3068 1586 3280 1640 audens
3312 1586 3413 1640 tibi

135 1677 377 1747 Χριστοῦ
414 1683 513 1747 τὴν
546 1677 792 1747 θεότητα.
838 1677 1011 1730 Ὅταν
1047 1677 1227 1729 τοίνυν
1266 1675 1394 1749 δέξῃ
1433 1675 1596 1730 αὑτὸν
1647 1678 1723 1739 ὡς

1843 1673 1996 1728 riimis
2025 1684 2215 1745 aperte
2246 1676 2591 1730 divinitatem
2633 1676 2839 1730 ChriSti
2871 1676 3155 1732 exhibere.
3179 1676 3415 1744 Quando

135 1742 431 1841 προφήτην
468 1742 607 1823 κατά
639 1742 731 1823 τὸν
766 1770 969 1823 Μωσέα
991 1809 1005 1833 ,
1039 1769 1134 1822 καὶ
1168 1742 1414 1839 βασιλέα,
1462 1770 1556 1822 καὶ
1608 1786 1727 1822 ποι-

1851 1763 2000 1831 gitur
2026 1742 2151 1818 cum
2174 1804 2188 1827 .
2228 1775 2286 1819 ut
2332 1765 2550 1837 Moyses
2583 1764 2703 1819 iniit
2729 1806 2743 1831 ,
2779 1773 3041 1835 tanquam
3091 1742 3417 1836 prophetam

87 1924 93 1931 _
139 1862 285 1930 μένα
326 1860 528 1929 πραῢν,
575 1860 669 1913 καὶ
719 1860 1023 1931 ἀκτήμονά,
1050 1860 1173 1913 τότε
1222 1860 1385 1924 αὐτὸς
1416 1862 1444 1914 ὀ
1470 1860 1727 1930 μέγιστος

136 1954 430 2023 προφήτης
457 1953 550 2006 καὶ
573 1952 827 2024 ἔγκριτος
858 1952 1199 2022 ἀποκαλύψει
1246 1970 1326 2006 σοι
1376 1954 1537 2006 αὑτὸν
1592 1953 1729 2007 Θεὸν

136 2045 411 2116 ὑπάρχειν
456 2043 732 2115 ἀληθινὸν,
783 2045 1110 2114 άσωμάτως,
1161 2046 1255 2098 καὶ
1292 2045 1559 2116 ὰχρόνως,
1619 2046 1727 2115 πρὸ

137 2135 363 2188 πάντων
401 2134 509 2186 τῶν
544 2134 758 2187 αἰώνων
799 2132 1135 2204 γεννηθέντα
1174 2133 1724 2203 ὲκΘεοῦνὰληΘινοῦ.

142 2227 332 2296 Ἔχεις
356 2226 414 2279 δὲ
467 2224 881 2296 μαρτυροῦντας
922 2227 986 2294 τῇ
1033 2225 1246 2296 Θεότητι
1294 2223 1388 2277 τοῦ
1455 2223 1722 2295 Χριστοῦ,

137 2321 240 2374 καὶ
270 2322 338 2390 τῇ
369 2318 669 2389 οἰκονομίᾳ,
698 2316 908 2381 πάντας
942 2317 1067 2379 τοὺς
1100 2316 1377 2386 ἀοιδίμους
1414 2317 1719 2387 προφήτας,

135 2415 339 2477 οἵτινες
369 2411 636 2484 ἐξηγηταὶ
666 2410 761 2469 τοῦ
787 2410 953 2481 νόμου
982 2411 1360 2480 τυγχάνουσιν.

598 2504 787 2567 PKH'.
817 2532 887 2542 —
913 2502 997 2567 Τῷ
1047 2502 1229 2568 αὐτῷ.

214 2597 331 2668 Οὐχ
354 2598 384 2651 ὁ
405 2595 582 2667 τυχὼν
594 2596 984 2667 ὲπεκρεμάσθη
1011 2611 1093 2647 σοι
1122 2594 1333 2647 κίνδυνο
1345 2614 1360 2656 ;
1380 2595 1437 2646 ὲν
1450 2592 1527 2665 τῷ
1542 2598 1729 2647 Δευτε-

142 2690 407 2762 ρονομίῳ,
453 2688 549 2741 ἐὰν
606 2688 682 2758 μὴ
708 2687 1009 2757 πιστεύσῃς
1048 2686 1127 2757 τῷ
1160 2685 1403 2757 Χριστῷ,
1435 2687 1529 2739 καὶ
1556 2702 1726 2755 προσ-

140 2782 413 2851 κυνήσῃς,
468 2780 563 2833 καὶ
609 2777 927 2849 ὑπακούσῃς
992 2777 1162 2848 αύτῷ,
1218 2778 1313 2831 καὶ
1356 2778 1633 2848 ύποταγῇς
1668 2779 1726 2829 ὲν

140 2874 312 2926 παντὶ
348 2869 715 2941 καθηκόντως.
745 2869 883 2938 Φησὶ
916 2867 1025 2938 γάρ
1055 2871 1083 2921 ὁ
1113 2866 1414 2937 νομοθέτης
1439 2884 1453 2895 ’
1487 2885 1505 2917 ι
1531 2868 1726 2919 Ἔσται

141 2963 224 3023 δὲ,
266 2963 417 3015 πάσα
443 2959 610 3030 ψυχὴ,
643 2959 765 3029 ἥτις
790 2959 865 3029 μὴ
884 2957 1107 3012 ἀκούσει
1138 2957 1231 3010 τοῦ
1265 2958 1547 3029 προφήτου
1585 2956 1726 3008 ἐκεί-

141 3072 264 3118 νου,
284 3050 797 3122 ὲξολοΟρευθήσεται
825 3051 890 3102 ἐκ
914 3049 1006 3103 τοῦ
1033 3048 1177 3102 Θείου
1206 3046 1360 3100 λαοῦ.

396 3144 571 3198 rae.
601 3172 672 3182 —
700 3142 1111 3211 ΑΛΕΞΑΝΔΡῼ
1141 3140 1448 3209 ΜυΝΑΧῼ.

221 3238 463 3290 Ἄτοπον
483 3236 617 3307 δρᾷν
649 3237 883 3306 πρᾶγμα
935 3234 1113 3296 δοκεῖς
1172 3250 1284 3303 μοι,
1320 3234 1378 3284 ὲν
1402 3229 1481 3301 τῷ
1522 3228 1726 3301 μεταξὺ

144 3328 362 3402 ὕϐρεων
389 3329 485 3382 καὶ
538 3326 709 3398 θυμοῦ
766 3324 1204 3394 καταναγκάζειν
1252 3325 1619 3394 καρποφορεῖν
1648 3320 1729 3374 σοί

144 3439 324 3485 τινας.
376 3418 549 3474 Τοῦτο
575 3420 619 3473 δ’
651 3420 751 3472 οὐκ
792 3419 859 3472 ἂν
889 3417 1111 3488 λεχθείη
1176 3416 1544 3485 καρποφορία,
1596 3412 1731 3467 ἀλλὰ

145 3515 263 3586 βία,
294 3514 391 3569 καὶ
410 3513 725 3584 αἰσχρότης,
752 3512 848 3565 καὶ
879 3509 1105 3579 ἀκαιρία
1140 3509 1365 3579 ἐσχάτη,
1405 3509 1495 3560 καὶ
1524 3506 1729 3577 τραχύ-

145 3605 307 3677 τερόν
332 3621 386 3658 τι
408 3603 518 3657 τῶν
541 3604 816 3674 δημοσίων
838 3602 1249 3670 ἐπιταγμάτων,
1282 3600 1374 3651 καὶ
1416 3597 1732 3672 βαρυτάτων

145 3697 572 3768 ὰπωτημάτων.
620 3694 780 3747 Ἀλλὰ
812 3693 1039 3756 παῦσαι,
1070 3692 1393 3762 παρακαλῶ,
1428 3692 1527 3762 τῆς
1560 3692 1732 3761 ἀπρεο

148 3794 315 3852 πείας
338 3788 564 3857 ταύτης,
599 3785 867 3858 μᾶλλονδὲ
896 3785 1155 3855 σχόλασον
1208 3787 1323 3846 ταῖς
1380 3784 1729 3854 προσευχαῖς,

151 3885 253 3939 καὶ
275 3884 341 3954 τῇ
369 3880 537 3951 πολλῇ
573 3878 714 3933 κατὰ
737 3877 917 3949 ψυχὴν
945 3878 1168 3948 ἡσυχίᾳ,
1201 3876 1296 3928 καὶ
1330 3879 1357 3927 ὁ
1384 3875 1515 3937 Θεὸς
1543 3874 1732 3940 διεγεί-

154 3993 240 4048 ρει
256 3975 380 4037 τοὺς
404 3972 589 4038 ἀξίους
622 3970 782 4032 ὄντας
810 3967 912 4036 τῆς
937 3966 1343 4033 καλοκαγαθίας
1400 3964 1731 4035 προσφέρειν

150 4086 237 4123 σοι
263 4066 386 4138 μεθ’
406 4064 614 4125 ἱκεσίας
643 4063 824 4115 πᾶσαν
852 4060 1059 4131 χρείαν.
1090 4062 1154 4112 Oi
1189 4060 1286 4128 μὲν
1314 4060 1420 4126 γάρ
1447 4054 1585 4120 ἄξιοι
1611 4072 1733 4124 τυγο

146 4162 405 4231 χάνουσιν
436 4155 530 4208 τοῦ
579 4155 948 4225 καρποφορεῖν
988 4153 1263 4221 μοναχοῖς,
1286 4152 1335 4202 οἱ
1372 4149 1428 4202 δὲ
1457 4146 1734 4209 παντελῶς

142 4252 381 4317 ἀνάξιοι,
410 4251 504 4303 καὶ
548 4247 767 4320 μακράν
794 4246 893 4316 τῆς
933 4245 1127 4316 βουλῆς
1162 4244 1257 4297 τοῦ
1283 4244 1511 4312 Κυρίου.

378 4432 503 4487 PA'.
532 4461 604 4472 —-
626 4429 955 4500 ΚΛΕΑΡΧῼ
979 4426 1447 4496 ΝΟΥΜΕΡΑΡΙῼ.

222 4525 381 4594 Ἐγὼ
401 4526 502 4585 οὐκ
532 4523 600 4578 ἂν
624 4522 1025 4593 λοιδωρήσαιμι
1057 4521 1154 4572 τὸν
1192 4520 1357 4572 λύκον
1386 4519 1726 4589 ἁρπάζοντα,

143 4620 291 4675 κατὰ
350 4618 511 4688 φύσιν
560 4618 669 4687 γὰρ
721 4615 899 4668 ἔνεστι
929 4613 1008 4683 τῷ
1064 4613 1215 4681 λύκῳ
1257 4613 1317 4665 τὸ
1368 4611 1727 4682 ἁρπακτικὸν,

145 4712 390 4767 σκώπτω
409 4711 455 4765 δ’
478 4711 764 4780 ἄνθρωπον
788 4706 1125 4777 κεκτημένον
1152 4704 1363 4773 λυκώδη
1390 4703 1539 4774 παρὰ
1569 4706 1730 4772 φύσιν

146 4810 248 4879 τὴν
280 4804 525 4875 γνώμην.

576 4912 579 4915 -
611 4895 783 4947 PAA'.
820 4922 886 4939 —
910 4889 1332 4959 ΑΥΡΗΛΙΑΝῼ.

215 4990 318 5044 Διὰ
348 4989 441 5043 τοῦ
484 4987 746 5061 Ἰερεμίου
769 4988 797 5038 ὁ
819 4984 1023 5054 Κύριος
1078 4985 1302 5053 εἴρηκεν
1330 5000 1345 5012 ·
1392 5001 1410 5031 ‹
1443 4981 1731 5052 Ἐπιστρά-

150 5099 285 5152 φητε
310 5081 449 5152 πρός
485 5096 577 5150 με,
612 5079 705 5131 καὶ
735 5076 796 5129 οὐ
831 5074 1008 5144 μηνιῶ
1058 5077 1185 5142 ύμῖν
1227 5074 1306 5136 εἰς
1346 5074 1435 5125 τὸν
1480 5071 1673 5127 αἰῶνα.
1706 5090 1723 5121 ι

151 5172 314 5237 ’Ᾱξια
347 5172 445 5241 μὲν
467 5171 566 5239 τῆς
587 5167 805 5223 αἰωνίου
841 5165 1009 5237 ὀργῆς
1040 5163 1371 5235 εἰργάσασθε
1404 5165 1727 5234 πράγματα,

149 5264 265 5320 ἀλλ’
318 5262 507 5332 ἐπειδὴ
552 5259 664 5320 ἐγὼ
715 5259 964 5328 ἐλεήμων
1019 5258 1271 5327 ὑπάρχω,
1303 5258 1363 5311 ού
1390 5261 1454 5326 τῇ
1488 5258 1731 5328 ὑμετέρᾳ

149 5359 323 5428 κακίᾳ
359 5353 541 5426 μετρῶ
570 5352 670 5421 τὴν
699 5350 1132 5421 φιλανθρωπίαν,
1168 5350 1303 5402 ἀλλὰ
1334 5352 1400 5417 τῇ
1432 5352 1536 5419 ἐμῇ
1563 5336 1729 5417 πολλῇ

147 5450 469 5520 ἀγαθότητι.
504 5444 651 5516 Πλὴν
681 5446 729 5497 εἰ
754 5442 931 5510 κάγὼ,
990 5444 1180 5511 φησὶν,
1221 5442 1443 5509 ἀγαθὸς,
1477 5443 1572 5494 καὶ
1611 5442 1729 5511 φιλ-

149 5537 622 5612 άνθρωπος,ὰλλὲι
664 5536 727 5588 σὺ
777 5535 851 5605 μὴ
898 5533 1261 5585 ἐπιλανοάνου
1310 5526 1384 5584 ὧν
1416 5534 1603 5595 κακῶς
1651 5532 1728 5583 δι-

1764 4436 1810 4505 ν

1828 1855 2070 1924 excipies
2096 1896 2110 1921 ,
2148 1864 2204 1911 ct
2244 1872 2427 1928 regem
2449 1896 2465 1920 ,
2497 1865 2553 1911 et
2581 1867 2856 1926 pastorem
2886 1857 3098 1923 mitem,
3123 1866 3179 1912 et
3209 1873 3418 1927 panpe-

1830 1961 1983 2012 rem,
2023 1959 2154 2003 tunc
2195 1950 2312 2018 ipse
2344 1950 2736 2019 prophetarum
2772 1951 3048 2005 maximus
3078 1958 3136 2004 et
3162 1951 3421 2021 princeps

1829 2037 2098 2092 revelabit
2124 2038 2223 2091 tibi
2272 2053 2332 2092 se
2366 2038 2535 2093 Deum
2579 2053 2703 2094 esse
2727 2054 2919 2094 verum
2944 2078 2961 2103 ,
2992 2039 3119 2095 sine
3145 2054 3378 2109 corpore
3402 2080 3419 2104 ,

1831 2139 1885 2183 et
1936 2140 2070 2184 ante
2099 2131 2285 2187 omnia
2316 2131 2524 2185 saecula
2562 2144 2630 2184 ex
2676 2128 2789 2184 Deo
2818 2144 2949 2185 vero
2974 2130 3247 2200 genitum.
3287 2130 3423 2186 0m-

1829 2238 1932 2277 nes
1956 2236 2090 2276 vero
2125 2221 2473 2278 celeberrimi
2503 2222 2783 2293 prophetae
2805 2263 2820 2287 ,
2854 2221 2949 2292 qui
2987 2223 3124 2293 legis
3150 2222 3418 2294 interpre-

1830 2323 1914 2370 tes
1948 2313 2055 2385 55
2104 2323 2274 2378 sunt,
2328 2314 2607 2370 divinitati
2663 2314 2911 2380 Christi,
2961 2324 3017 2369 et
3069 2315 3422 2386 dispositioni

1832 2408 1995 2464 [idem
2028 2425 2186 2464 suam
2232 2409 2520 2465 exhibent.

2335 2499 2618 2557 CXXVIII.
2640 2531 2710 2543 —
2737 2500 2924 2555 Eidem

1899 2592 2016 2649 Non
2051 2598 2519 2651 contenmendum
2550 2595 2650 2650 tibi
2693 2594 3003 2665 periculum
3040 2592 3322 2664 impendet
3356 2592 3420 2646 in

1830 2686 2299 2751 Deuteronomio,
2365 2690 2412 2744 si
2466 2688 2694 2744 Christo
2744 2687 2904 2743 iidem
2963 2701 3074 2741 non
3122 2684 3420 2743 habueris.

1829 2776 2017 2847 illique
2045 2780 2257 2834 cultum
2282 2822 2297 2846 ,
2336 2780 2710 2835 obedientiam
2736 2820 2753 2845 ,
2784 2788 2840 2834 et
2870 2776 3274 2848 subiectionem
3308 2791 3419 2831 non

1826 2869 2079 2934 deferas.
2126 2872 2210 2926 .nti
2255 2872 2560 2940 convenit,
2594 2873 2647 2926 in
2690 2871 2975 2928 omnibus.
3004 2868 3313 2941 Legislator
3342 2870 3423 2925 si-

1827 2962 2047 3031 quidem
2069 2962 2173 3016 ait:
2196 2979 2215 3013 c
2238 2962 2508 3020 Universa
2564 2964 2748 3018 anima
2769 3000 2785 3028 ,
2813 2978 2961 3033 .qna:
2992 2978 3104 3018 non
3149 2961 3424 3017 obedierit

1753 3097 1795 3152 Ο
1830 3054 2111 3123 propheta:
2142 3054 2261 3118 illi,
2284 3054 2753 3109 exterminabitur
2778 3069 2810 3109 e
2833 3054 3024 3109 divino
3056 3054 3265 3124 populo
3292 3052 3365 3108 “.
3396 3072 3416 3102 ι

2043 3145 2282 3201 CXXIX.
2307 3177 2377 3186 —
2406 3144 2839 3202 ALEXANDRO
2870 3144 3207 3203 MONACIIO

1899 3234 2207 3291 Absurdam
2232 3246 2347 3291 rem
2373 3252 2536 3306 agere
2560 3235 2693 3291 mihi
2727 3236 2962 3302 videris,
2994 3236 3125 3291 dum
3155 3237 3297 3291 inter
3336 3236 3425 3291 in-

1826 3328 2007 3397 jurias
2024 3336 2080 3381 et
2107 3327 2311 3383 rabiem
2336 3329 2633 3383 nonnullos
2656 3328 2755 3383 tibi
2782 3328 3023 3383 fructum
3040 3326 3237 3383 all'erre
3249 3329 3421 3399 cogis.

1831 3419 1958 3474 llaec
1992 3434 2102 3474 non
2142 3420 2361 3475 dicetur
2405 3418 2689 3475 fructuum
2722 3419 3012 3491 perceptio
3037 3463 3052 3485 ,
3100 3419 3198 3474 sed
3230 3419 3343 3484 vis,
3369 3431 3425 3474 et

1833 3512 2078 3567 dedecus
2098 3552 2115 3575 .
2160 3521 2216 3567 et
2245 3523 2493 3567 extrema
2524 3512 2956 3583 importunitas,
2991 3522 3046 3566 et
3076 3511 3422 3581 publicarum

1832 3606 2247 3677 impositionnm
2279 3614 2335 3662 et
2363 3607 2821 3677 gravissimarum
2864 3607 3221 3663 exactionum
3266 3622 3422 3661 acer-

1834 3699 1955 3754 bior
1982 3698 2295 3768 depressio.
2326 3698 2431 3754 Sed
2453 3714 2634 3763 cessa,
2656 3700 2912 3763 obsecro,
2947 3699 3017 3753 ab
3036 3699 3136 3752 hac
3162 3698 3427 3754 indecem»

1834 3789 1945 3855 tia;
2000 3790 2255 3859 quinimo
2289 3789 2587 3858 precibus.
2621 3797 2677 3844 et
2718 3790 2907 3844 multae
2950 3788 3255 3845 secundum
3303 3792 3427 3843 ani-

1836 3897 1980 3935 mam
2011 3882 2185 3952 quieti
2217 3897 2441 3951 operam
2478 3897 2618 3936 nava
2672 3922 2686 3935 .
2733 3891 2791 3937 et
2837 3881 2982 3938 Deus
3025 3882 3295 3937 excitabit
3332 3896 3429 3936 eos

1836 3974 1929 4042 qui
1982 3974 2134 4041 digni
2196 3982 2369 4036 sunt,
2422 3988 2637 4027 morum
2698 3972 3014 4043 probitate,
3066 3988 3192 4026 cum
3242 3972 3428 4027 libello

1835 4064 2069 4135 supplici
2099 4103 2113 4124 ,
2167 4064 2437 4134 quidquid
2472 4064 2573 4119 tibi
2618 4079 2760 4133 Opus
2790 4063 2992 4126 fuerit,
3023 4065 3243 4120 oﬂ'erre.
3292 4064 3427 4132 Qni-

1837 4157 1963 4211 dam
1992 4157 2141 4211 enim
2174 4152 2325 4227 digni
2372 4165 2538 4220 sunt,
2570 4157 2666 4227 qui
2700 4156 2991 4212 monachis
3031 4159 3272 4211 fructum
3304 4156 3428 4211 red-

1835 4252 1968 4303 dant
1988 4289 2005 4313 ,
2037 4250 2263 4319 quidam
2314 4264 2445 4304 vero
2470 4249 2701 4304 omnino
2728 4249 2938 4320 indigni
2965 4293 2979 4315 ,
3010 4259 3071 4304 et
3098 4264 3132 4305 a
3161 4246 3298 4305 nutu
3330 4250 3424 4304 Dei

1836 4342 2083 4397 maxime
2117 4342 2414 4397 distantes.

2031 4432 2245 4487 CXXX.
2275 4465 2341 4475 --
2373 4430 2746 4487 CLEARCHO
2784 4429 3219 4489 NUMEBARIO.

1908 4524 2031 4596 Ipse
2058 4527 2280 4595 quidem
2314 4541 2599 4594 nunquam
2634 4526 2857 4595 lupum,
2904 4526 2949 4581 si
2979 4528 3249 4596 subripit,
3293 4541 3427 4581 con-

1836 4619 1987 4671 vitiis
2015 4621 2289 4685 onerabo;
2316 4633 2513 4687 rapere
2544 4617 2752 4671 etenim
2784 4618 2917 4687 lupo
2950 4626 3151 4672 natura
3196 4619 3424 4675 insitum

1836 4709 1947 4781 56
1979 4720 2058 4765 est
2084 4728 2098 4776 ;
2137 4710 2230 4763 sed
2266 4710 2587 4773 hominem,
2608 4711 2706 4779 qui
2740 4709 2988 4781 lupinam
3020 4718 3264 4766 mentem
3293 4726 3427 4781 prae-

1838 4812 1921 4857 ter
1953 4803 2039 4855 sui
2074 4812 2329 4855 naturam
2375 4801 2661 4871 possidet,
2697 4802 3066 4871 reprehendo.

2170 4895 2408 4949 CXXXI.
2442 4924 2505 4935 -—-
2542 4892 2963 4948 AURELIANO.

1910 4984 2019 5040 Per
2052 4985 2347 5040 Jcremiam
2398 4984 2665 5038 Dominus
2712 4984 2894 5037 dixit:
2951 5002 2969 5033 ι
3021 4983 3423 5037 Convertimini

1838 5077 1904 5131 ad
1938 5093 2045 5139 me,
2080 5084 2135 5131 et
2167 5091 2277 5130 non
2305 5077 2517 5131 irascar
2541 5076 2699 5129 vobis
2732 5077 2785 5128 in
2814 5077 3079 5129 sa~culum
3104 5077 3171 5127 δ’.
3206 5094 3225 5126 ι
3255 5074 3424 5144 Digna

1838 5184 1973 5223 sane
2003 5170 2342 5236 sempiterno
2386 5166 2576 5219 furore
2604 5166 2850 5219 facinora
2890 5167 3286 5235 perpetrastis,
3328 5167 3425 5219 sed

1838 5272 1964 5313 cum
1999 5258 2116 5325 ipse
2143 5258 2463 5311 misericors
2492 5257 2595 5310 sim
2619 5296 2634 5321 ,
2679 5272 2855 5310 meam
2887 5257 3287 5311 humanitatem
3314 5274 3424 5311 non

1839 5362 1964 5401 cum
2040 5357 2226 5405 vestra
2283 5346 2670 5416 improbitate,
2728 5344 2823 5400 sed
2879 5361 3006 5398 cum
3047 5360 3165 5399 mea
3218 5345 3427 5415 ingenti

1820 5440 2087 5494 .bonitate
2132 5439 2407 5493 dimetior.
2444 5437 2835 5494 Verumtamen
2868 5435 2979 5490 ait:
3012 5434 3127 5490 Etsi
3174 5436 3293 5505 ipse
3327 5423 3428 5488 bn-

1844 5547 1949 5583 nns
1991 5538 2041 5582 et
2069 5530 2348 5585 humanus
2376 5546 2497 5585 sum
2524 5571 2538 5595 ,
2576 5538 2633 5582 tu
2682 5538 2870 5583 tamen
2914 5534 3045 5587 ante
3070 5542 3235 5596 prave
3272 5525 3423 5596 (2(ιεί-

236 5715 448 5770 °Dent.
482 5724 638 5776 svnt,
680 5708 770 5762 t5.
847 5706 887 5736 “
928 5706 1084 5759 Dent.
1132 5721 1288 5771 mn,
1325 5704 1409 5759 l9.
1491 5705 1535 5735 "
1562 5703 1728 5758 Jeren‘

1848 5719 1885 5766 ι,
1921 5702 2007 5755 12.

406 5805 680 5865 Parnm.
715 5800 831 5860 Gtt.
864 5797 1125 5857 LXXIX.

3072 5790 3113 5870 5,
