3882 6036
533 277 632 342 139
2051 279 2066 340 ξ

2262 279 2314 340 μι
3691 273 3795 338 140

529 391 658 446 tasti
685 431 701 455 ,
731 397 828 442 aut
861 388 1124 458 peregisti
1147 427 1163 452 ,
1195 403 1265 442 ne
1289 387 1659 444 obliviscaris.
1699 387 1945 458 Namque
1973 391 2062 443 illu

2262 392 2443 461 ιοήθης
2469 409 2526 446 τε
2557 393 2649 445 καὶ
2694 387 2938 464 ἔπραξας
2967 407 2979 419 ·
3011 387 3180 459 γνῶθι
3207 390 3316 462 γὰρ
3341 390 3424 444 ὃτι
3475 391 3555 453 είς
3582 391 3795 461 Κύριον

529 484 750 544 habeto,
779 489 832 535 te
861 483 914 534 in
946 481 1236 534 Dominum
1269 479 1434 534 Deum
1466 493 1622 536 tuum
1653 481 1880 550 impium
1913 483 2062 536 IIIISSI

2268 501 2308 534 ιν
2354 481 2488 532 Θεόν
2541 497 2635 532 σου
2691 481 2986 550 ἠσέϐησας,
3041 481 3134 534 καὶ
3187 481 3668 551 δεήθητιπενθῶν
3707 482 3801 535 διὰ

529 590 688 644 quem
710 590 834 628 cum
859 575 1116 640 lat-rvinis
1138 583 1254 646 toto
1278 573 1402 626 vitae
1425 586 1530 626 tua;
1551 575 1828 628 curriculo
1847 589 2014 630 exora
2039 574 2058 605 ’⁸

1190 584 1254 646 ιιι)
1278 573 1402 626 vim
1425 586 1530 626 tua;
1551 575 1828 628 curriculo
1847 589 2014 630 exora
2039 574 2108 626 ⁸³.
2213 574 2419 636 παντὸς
2455 573 2547 624 τοῦ
2585 573 2723 641 βίου,

903 663 1164 718 CXXXII.
1197 694 1266 704 —
1299 663 1714 720 GENETIILIO.

2645 699 2651 705 -
2682 667 2849 720 PAB'.
2871 697 2941 706 —
2971 667 3329 737 ΓΕΝΕΘΛΙῼ.

603 775 622 808 ι
671 755 729 810 In
781 771 940 808 camo
987 765 1040 809 et
1073 757 1227 809 l'renu
1269 757 1520 810 maxillas
1558 771 1746 810 eorum
1773 795 1789 816 ,
1844 755 2112 824 quemad-

2293 777 2311 809 ι
2346 758 2437 812 Ἔν
2464 757 2628 828 κημῷ
2651 761 2742 812 καὶ
2766 757 2968 829 χαλινῷ
2989 758 3089 822 τὰς
3119 758 3378 826 σιαγόνας
3399 757 3582 812 αὐτῶν
3607 759 3803 826 ἄγξειῑ

535 849 758 902 modum
783 848 1012 900 brutoru
1025 863 1094 909 ιιι,
1123 845 1282 904 Deus.
1309 846 1656 914 constringes
1674 885 1689 908 ,
1717 845 1810 913 qui
1830 845 1927 898 tibi
1961 854 2068 912 terg

2302 851 2475 921 θάπερ
2501 851 2736 918 κτηνῶν,
2764 853 2793 903 ὁ
2821 851 2974 914 Θεὸς,
3009 851 3117 904 τῶν
3155 851 3578 922 ἀποφευγόντων
3617 868 3701 914 σε,
3727 871 3746 902 ι
3777 854 3807 903 ὁ
3831 915 3835 918 _

527 947 788 1003 vertunt,
833 958 851 988 ι
915 939 1082 992 Itavid
1140 940 1350 990 cithara
1393 940 1695 990 concinens
1750 935 2060 990 clamabat"

2266 942 2386 996 αυῒδ
2409 942 2708 1013 κιθαρίζων
2739 943 2888 998 ἐϐόα.
2921 943 3133 1013 ’Ὠσπερ
3159 943 3267 1012 γὰρ
3302 945 3463 1012 ἡμεῖς
3495 944 3670 995 ἵππον
3699 946 3799 995 καὶ

526 1027 998 1095 Quemadmodum
1037 1029 1182 1084 enim
1234 1045 1436 1098 equum
1495 1029 1620 1094 licet
1675 1030 1904 1082 invitum
1965 1029 2059 1080 l'rci

2268 1051 2420 1086 (οντα
2449 1031 2650 1102 χαλινῷ
2680 1033 3016 1102 δαμάζομεν,
3043 1035 3101 1086 οὐ
3134 1033 3439 1102 μισοῦντες,
3489 1035 3604 1088 ἀλλ’
3637 1035 3801 1087 εὔτα-

525 1123 817 1176 domamus
841 1160 856 1184 ,
887 1137 994 1174 non
1023 1121 1148 1176 odio
1171 1161 1187 1182 ,
1221 1122 1318 1176 sed
1348 1129 1407 1174 ut
1434 1121 1510 1173 dli
1542 1135 1766 1174 cursum
1794 1119 1929 1172 bene
1967 1117 2058 1170 0rd

2272 1141 2349 1176 ιον
2377 1125 2525 1194 αὐτῷ
2551 1125 2641 1177 τὸν
2673 1125 2870 1196 δρόμον
2893 1123 3287 1188 καθιστῶντες,
3323 1127 3418 1178 καὶ
3460 1126 3520 1179 τὸ
3559 1127 3805 1180 ἄτακτον

525 1221 718 1266 natum
749 1215 1208 1274 constituamus,
1267 1219 1323 1267 et
1375 1211 1750 1266 inordinatum
1807 1210 1980 1280 ipsius
2005 1227 2052 1260 ιιι

2276 1215 2387 1266 i106
2411 1218 2478 1286 τῇ
2513 1215 2664 1280 τάξει
2688 1215 3151 1284 περιστέλλοντες,
3184 1217 3292 1285 ,καὶ
3315 1219 3373 1269 τὸ
3395 1218 3639 1288 ἄκοσμον
3703 1221 3809 1272 αὑ-

525 1309 643 1354 tum
692 1300 884 1354 ordine
948 1314 1399 1370 cornpescamus,
1471 1310 1526 1354 et
1582 1300 1898 1352 indecorum
1955 1306 2058 1364 ιιιψ

2276 1303 2334 1364 ›ῦ,
2367 1305 2458 1357 καὶ
2479 1303 2798 1358 ἀπαίδευτον
2815 1305 3060 1375 πήδημα,
3079 1309 3158 1370 εἰς
3175 1307 3433 1359 εὔτακτον
3451 1307 3568 1361 ὁδὸν
3589 1311 3809 1378 μεταρο

529 1395 772 1474 inepturn
827 1393 1028 1446 saltum
1079 1393 1132 1444 in
1169 1393 1499 1444 concinnum
1541 1393 1643 1444 iter
1673 1389 2062 1442 ιτιιιιεΐετιιιιιιιε

2278 1397 2600 1466 ιθμίζοντες,
2624 1397 2798 1458 οὕτως
2830 1399 2858 1451 ό
2885 1398 3017 1460 Θεὸς
3045 1399 3140 1452 ἐὰν
3198 1400 3280 1470 ἴδῃ
3334 1399 3509 1470 ψυχὴν
3561 1401 3811 1452 πωλευθ-

529 1479 604 1538 lta
640 1483 784 1538 Deus
833 1483 880 1538 si
935 1484 1130 1538 viderit
1185 1484 1422 1536 animam
1459 1485 1590 1550 pulli
1631 1483 1805 1534 instar
1833 1495 1892 1534 se
1924 1496 2062 1548 gere:

2277 1491 2392 1560 ἔνην
2419 1483 2521 1542 ὧδε
2546 1492 2793 1554 κάκεῖσε,
2829 1489 2952 1558 ἄγει
2977 1491 3146 1561 αὐτὴν
3173 1492 3309 1562 πρὸς
3345 1492 3406 1544 τὸ
3430 1491 3810 1564 εὐπρεπέστε-

529 1585 674 1640 tem,
709 1577 1084 1630 calcitrantem
1107 1615 1124 1640 ,
1159 1575 1258 1628 hac
1288 1584 1340 1627 ct
1385 1574 1510 1626 illac
1541 1579 1910 1641 pel-errantem
1937 1571 2002 1628 ad
2035 1571 2062 1624 d

1385 1574 1510 1626 illac
1541 1579 1910 1641 pel-errantem
1937 1571 2002 1628 ad
2035 1571 2122 1624 de-
2225 1597 2338 1640 ρον,
2365 1581 2461 1634 καὶ
2487 1580 2562 1652 μὴ
2591 1579 2873 1634 θέλουσαν.

528 1668 746 1721 centius
770 1683 889 1720 eam
911 1707 926 1731 ,
963 1670 1126 1718 etiam
1160 1665 1204 1716 si
1236 1663 1390 1722 nolit,
1454 1663 1713 1716 traducit.

901 1757 1189 1813 cxxxm.
1243 1787 1289 1798 -
1323 1755 1744 1810 rusenosro.
2149 1734 2190 1788 Β

1733 1795 1744 1810 .
2149 1734 2190 1788 Β
2673 1761 2758 1812 PA
2771 1759 3266 1832 Γ’.-ΘΕΟΔΟΣΙῼ.

599 1850 902 1920 Plerosque
936 1850 1054 1920 ipse
1089 1850 1214 1904 novi
1241 1851 1481 1920 egregiis
1527 1849 1876 1904 facinoribus
1926 1848 2124 1903 nobili-

2296 1853 2534 1916 Πολλοὺς
2593 1853 2768 1922 ἔγωγε
2817 1850 2934 1906 οῖδα
2977 1853 3050 1924 μὴ
3100 1853 3425 1922 δυνηθέντας
3491 1851 3809 1922 γνωσθῆναι

523 1945 630 1996 tari
651 1957 756 1996 non
778 1941 1046 2011 potuisse,
1063 1941 1158 1994 sed
1173 1941 1464 2010 iniquitate
1484 1941 1692 2010 potius.
1710 1953 1760 1993 et
1781 1939 1887 2010 57
1906 1957 2056 1996 suum

2280 1943 2309 1996 ὰ
2375 1941 2820 2012 κατορθωμάτων
2846 1983 2861 2006 ,
2931 1942 3020 1995 διὰ
3067 1942 3402 2012 φαυλότητος
3453 1940 3660 2010 μᾶλλον
3713 1943 3813 1996 καὶ

525 2032 876 2102 improbitate
896 2031 1134 2096 ,seipsos
1149 2029 1394 2083 celebres
1416 2043 1481 2082 ac
1501 2029 1822 2084 tremendos
1853 2030 2058 2084 edidiss

2275 2052 2399 2106 πιρας
2430 2035 2701 2105 πονηρίας
2737 2034 3042 2103 ἐπισήμους
3057 2033 3368 2104 δειχθέντας
3391 2035 3485 2087 καὶ
3510 2035 3644 2102 φοὸε
3651 2035 3808 2104 ρούς.

669 2119 970 2176 CXXXIV.
1000 2149 1069 2160 —-
1094 2119 1463 2175 SERAPIONI
1503 2119 1986 2176 PBESli-Y'I'I’RO.

2420 2125 2588 2180 PAA'.
2608 2155 2678 2165 -—
2703 2124 3070 2180 ΣΕΡΔΠΙΩΝΙ
3111 2124 3581 2197 ΠΡΕΣΒΥΤΕΡῼ.

599 2213 752 2269 «Ubi
805 2223 890 2267 est
955 2214 1251 2266 thesaurus
1306 2222 1473 2275 tuus,
1509 2212 1727 2282 inquit,
1783 2214 1852 2266 ibi
1914 2223 1970 2268 et
2027 2229 2124 2269 cor

2300 2238 2318 2270 ι
2355 2218 2534 2274 Ὅπου
2566 2219 2716 2271 ἐστιν
2745 2220 2773 2272 ὁ
2805 2219 3078 2290 θησαυρός
3120 2235 3237 2283 σου,
3277 2217 3462 2288 φησιν,
3491 2219 3611 2270 ἐκεῖ
3653 2215 3809 2269 ἔσται

523 2313 680 2359 tuum
701 2303 800 2358 ⁸⁸.»
827 2303 1021 2369 Qualia
1051 2318 1286 2373 namque
1315 2312 1446 2360 sunt
1475 2305 1679 2367 studia,
1722 2322 1856 2374 vaga
1889 2315 1942 2360 et
1974 2309 2056 2360 nul

2274 2313 2318 2363 ιὶ
2339 2312 2373 2382 ἡ
2412 2311 2608 2382 καρδία
2639 2327 2755 2364 σου.
2793 2329 2811 2362 ι
2843 2305 2945 2364 Οἷα
2966 2311 3074 2381 γὰρ
3105 2309 3171 2364 ἂν
3269 2309 3338 2362 τὰ
3372 2309 3807 2380 ἐπιτηδεύματα,

523 2395 582 2450 in
623 2399 742 2450 loco
781 2395 1126 2464 quiescentia
1159 2434 1172 2458 ,
1207 2395 1331 2449 talis
1365 2396 1592 2450 omnino
1639 2396 1822 2457 fuerit,
1841 2407 1894 2450 et
1947 2415 2056 2450 me]:

2274 2405 2320 2458 ιὶ
2353 2404 2496 2468 ὅποι,
2537 2403 2749 2456 τοιοῦτο
2795 2402 3013 2465 πάντως
3042 2403 3137 2455 καὶ
3174 2402 3234 2456 τὸ
3285 2401 3565 2472 φρόνημα,
3605 2402 3705 2453 καὶ
3751 2403 3807 2452 αἱ

521 2493 578 2540 et
623 2488 926 2550 memoria,
964 2494 1020 2540 et
1083 2485 1392 2540 intellectus
1449 2488 1616 2542 illius.
1681 2487 1871 2542 Potius
1938 2491 2046 2558 itaq

2278 2497 2462 2567 νῆμαι,
2494 2498 2590 2550 καὶ
2618 2499 2647 2550 ὁ
2667 2495 2788 2559 νοῦς
2819 2494 2983 2548 αὐτοῦ
3019 2495 3249 2566 ῖδρυται.
3281 2495 3497 2548 Μᾶλλον
3525 2493 3811 2565 τοιγάρτοι

521 2581 590 2635 ad
618 2580 920 2644 caelestem,
941 2588 996 2634 et
1027 2581 1191 2636 nullis
1233 2579 1445 2634 furibus
1477 2581 1774 2634 obnoxium
1802 2583 2054 2636 tbesauru

2276 2589 2301 2659 ξι
2325 2589 2582 2659 οὐρανίῳ,
2613 2589 2706 2642 καὶ
2737 2587 2992 2658 ἀσυλήτῳ
3032 2585 3295 2658 θησαυρῷ
3324 2587 3602 2657 νηφόντως
3631 2603 3809 2658 προσ-

522 2674 830 2745 prudenter
868 2676 1092 2730 animus
1139 2675 1512 2730 intendendus
1558 2685 1666 2730 est.
2226 2683 2434 2736 εκτέον.

1017 2765 1286 2822 CXXXV.
1318 2797 1388 2806 ——
1420 2767 1628 2822 Eidem.

2713 2773 2886 2826 PAE'.
2917 2801 2984 2814 --
3020 2769 3103 2836 Τῷ
3130 2769 3309 2836 αὐτῷ.

597 2877 616 2909 ι
657 2857 930 2922 Lucerna,
955 2861 1053 2926 ait,
1083 2861 1331 2930 corporis
1355 2861 1553 2914 oculus
1580 2868 1665 2912 est
1713 2855 1784 2910 “.
1821 2875 1842 2910 ι
1872 2855 2118 2928 Superna

2298 2885 2316 2918 ι
2366 2868 2424 2920 '0
2452 2867 2666 2936 λύχνος,
2699 2867 2854 2935 φησὶ,
2901 2863 2995 2917 τοῦ
3037 2864 3288 2934 σώματός
3337 2865 3490 2916 ἐστιν
3536 2864 3565 2916 ὁ
3605 2860 3807 2932 ὀφθαλ-

525 2951 798 3020 siquidem
837 2953 1150 3022 percipiens
1174 2953 1508 3014 intellectus,
1541 2953 1736 3007 oculus
1763 2961 1849 3007 est
1881 2953 2058 3006 anima

2276 2967 2344 3024 ὃς.
2380 2983 2398 3016 ι
2443 2965 2500 3017 Ὀ
2534 2963 2641 3033 γὰρ
2680 2963 2749 3016 τὰ
2799 2961 2912 3015 ἄνω
2957 2960 3170 3031 φρονῶν
3199 2958 3321 3021 νοῦς
3369 2957 3650 3027 ὀφθαλμός
3691 2958 3809 3010 ἐστι

521 3043 702 3099 visum
757 3044 973 3098 ﬁrmum
1031 3059 1096 3098 ac
1158 3045 1410 3100 stabilem
1462 3043 1786 3113 possidens,
1857 3045 2054 3114 spleud

2274 3061 2320 3126 ig
2359 3055 2535 3125 ψυχῆς
2589 3053 2908 3124 ἐρρωμένην
2962 3050 3100 3120 ἔχων
3150 3048 3247 3120 τὴν
3295 3051 3517 3119 ὅρασιν,
3557 3049 3653 3100 καὶ
3709 3047 3807 3117 τὴν

521 3150 751 3205 remque
785 3151 948 3189 suum
980 3137 1034 3189 in
1063 3137 1378 3190 universam
1437 3153 1619 3191 rerum
1653 3140 2054 3207 compositione

2274 3146 2416 3200 ιυτοῦ
2455 3148 2628 3216 αὐγὴν
2659 3147 2736 3206 εἰς
2767 3144 2897 3213 ὅλην
2934 3143 3032 3214 τὴν
3075 3143 3414 3195 κατάστασιν
3450 3141 3807 3208 διαπέμπων.

525 3227 928 3280 transmittens.
960 3224 1116 3290 Quod
1161 3225 1208 3280 si
1259 3227 1402 3280 tuin
1450 3232 1705 3296 asperum
1741 3229 1845 3282 hoc
1895 3237 1948 3282 et
1991 3245 2058 3298 pr;

2274 3259 2318 3293 LV
2339 3239 2384 3294 δ’
2419 3241 2497 3303 εἰς
2531 3239 2592 3292 τὸ
2625 3239 2802 3307 τραχὺ
2837 3234 3016 3298 τοῦτο,
3047 3235 3142 3287 καὶ
3180 3233 3448 3303 μοχθηρὸν
3478 3233 3681 3305 νεύσῃς
3715 3232 3807 3282 τὸν

521 3335 652 3374 vum
707 3329 944 3376 mentem
993 3321 1220 3390 crapula
1247 3360 1262 3384 ,
1301 3321 1736 3385 cogitationibus
1779 3323 2054 3376 inutilibus

2274 3334 2343 3386 »ῦν
2366 3335 2454 3388 διὰ
2483 3329 2813 3402 κραιπάλης,
2841 3329 2936 3381 καὶ
2957 3327 3252 3397 φροντίδων
3277 3326 3351 3395 μὴ
3386 3323 3807 3395 συμφερουσῶν,

521 3423 578 3466 et
625 3425 751 3480 quas
789 3410 858 3464 ad
928 3410 1192 3465 inferiora
1237 3413 1450 3467 ducunt
1479 3421 1534 3466 et
1584 3414 1911 3482 perditionis
1954 3415 2051 3470 bar

2272 3427 2370 3479 ἱτω
2397 3425 2454 3478 δὲ
2478 3422 2760 3494 φερουσῶν
2796 3421 2936 3491 πρὸς
2967 3418 3240 3489 βάραθρον
3262 3415 3554 3480 ἀπωλείας,
3577 3417 3634 3468 τί
3663 3417 3805 3484 ἀγα-

523 3503 710 3556 tlirum
738 3543 755 3568 ,
805 3502 996 3558 ﬂectas
1031 3522 1046 3558 :
1091 3505 1220 3574 quid
1261 3504 1390 3559 boni
1441 3505 1776 3574 intelligere,
1812 3515 1906 3560 aut
1959 3523 2056 3575 pro

2272 3537 2310 3572 iV
2359 3520 2646 3588 δυνήσεται
2683 3517 2909 3583 νοῆσαι,
2952 3513 2984 3583 ἢ
3034 3512 3414 3579 ὑπαγορεῦσαι
3454 3511 3704 3580 χρηστόν
3752 3527 3805 3562 τι

519 3594 818 3648 enuntiare
870 3595 1110 3664 propriis
1162 3596 1594 3665 cogitationibus
1641 3599 1886 3668 poterit?
1935 3597 2051 3664 Qua

2266 3613 2329 3673 ιῖς
2371 3609 2595 3667 οἰκείοις
2644 3606 2956 3674 λογισμοῖς;
2985 3601 3125 3655 ὥστε
3176 3603 3390 3670 ἀνάγκη
3439 3599 3799 3662 ἐσκοτῶσθαι,

523 3701 760 3740 necesse
789 3697 873 3740 est
913 3687 1330 3740 obteneIn-atum
1387 3696 1442 3741 et
1494 3687 1772 3741 turbatum
1816 3704 1940 3742 esse
1995 3707 2056 3741 un

2268 3702 2310 3756 xi
2341 3698 2674 3770 τεταράχθαι
2698 3697 2880 3750 πᾶσαν
2903 3695 3002 3765 τὴν
3026 3693 3158 3760 ἕξιν,
3197 3693 3449 3762 ἀπορίαις
3473 3691 3801 3764 ὲνεχομένην

523 3792 646 3830 nem
680 3775 927 3829 habitum
967 3777 1151 3830 dubiis
1203 3777 1472 3831 incertmn
1497 3819 1513 3843 ,
1558 3777 1719 3832 veluti
1759 3779 1812 3830 in
1859 3789 2016 3832 nocte

1859 3789 2016 3832 Πυθιυ
2061 3788 2116 3834 τί
2215 3794 2408 3847 ὥσπερ
2437 3793 2495 3844 ὲν
2522 3791 2700 3856 vum",
2726 3791 2821 3844 καὶ
2852 3787 3076 3844 γαλεπῶ
3110 3785 3352 3856 πολέμῳ.

521 3867 732 3921 dilIiciIi
767 3868 929 3922 bello.

914 4034 916 4036 _
1002 3959 1292 4016 CXXXVI.
1319 3991 1386 4002 σω-
1417 3961 1624 4016 Eidem.

2705 3951 2892 4017 [πιεῖν.
2923 3979 2992 3990 -
3023 3945 3106 4012 Τῷ
3131 3943 3313 4011 αὐτῷ.

593 4051 860 4107 Dominus
899 4053 1149 4107 decrevit
1185 4073 1200 4110 ;
1235 4073 1252 4106 ι
1291 4053 1618 4110 Dicentibus
1647 4057 1780 4110 mihi
1817 4057 1868 4109 in
1903 4057 1993 4109 die
2024 4057 2113 4110 illa

2297 4043 2359 4100 '0
2401 4047 2606 4117 Κύριος
2648 4043 2990 4114 ἀπεφήνατο,
3017 4041 3099 4094 ὅτι
3149 4059 3167 4092 ι
3191 4039 3317 4102 Τοῖς
3348 4035 3572 4106 λέγουσί
3609 4052 3702 4106 μοι
3747 4035 3803 4086 ἐν

519 4157 550 4196 a
591 4160 678 4199 me
703 4145 966 4214 cognosci
993 4185 1032 4210 ,.
1065 4145 1416 4216 respondebo
1455 4165 1468 4201 :
1504 4146 1622 4200 Non
1665 4149 1788 4202 novi
1821 4165 1919 4202 vos
1951 4149 1995 4179 ⁸⁷
2025 4165 2038 4215 ;

2270 4139 2280 4207 ᾗ
2309 4135 2496 4206 ἡμέρᾳ
2519 4135 2726 4204 ἐκείνῃ,
2755 4129 3117 4203 γνωρίζεσθαι
3153 4129 3244 4182 ὑπ’
3282 4128 3440 4201 ἐμοῦ,
3472 4125 3803 4198 ἀποκρινοῦο

518 4233 722 4304 quippe
751 4235 846 4304 qui
880 4233 1046 4289 verbo
1075 4241 1292 4290 tantum
1321 4238 1578 4307 pietatem
1609 4237 1881 4294 colebatis
1902 4282 1914 4303 ,
1947 4255 2048 4308 ope

2269 4247 2344 4292 αι,
2381 4228 2464 4281 ὅτι
2492 4228 2605 4281 Οὐκ
2629 4223 2748 4280 οἶδα
2777 4225 2922 4296 ὑμᾶς
2943 4239 2957 4254 ·
2997 4241 3016 4274 ι
3059 4221 3194 4276 διότι
3215 4221 3359 4292 λόγῳ
3389 4221 3487 4292 μὲν
3515 4219 3617 4286 τὴν
3651 4219 3802 4272 εὐσέ-

519 4340 690 4396 prava
724 4325 1052 4396 patrabatis.

2217 4322 2374 4374 δειαν
2401 4320 2650 4390 ἐτιμᾶτε,
2686 4317 2832 4387 ἔργῳ
2860 4317 2913 4368 δὲ
2945 4317 3014 4368 τὰ
3045 4313 3226 4384 φαῦλα
3261 4309 3620 4384 μετήρχεσθε.

689 4417 800 4487 58
836 4416 1153 4472 CXXXVII.
1181 4448 1254 4458 —
1283 4417 1530 4474 JOANNI
1571 4421 1924 4476 MONACIIO.
2119 4457 2188 4511 ,υ

2119 4457 2188 4511 .D
2443 4503 2454 4511 -
2557 4405 3458 4511 PAZ'.—-‘IIIANNI.IHMONAXQ.
3533 4493 3558 4506 -

589 4510 877 4566 Dtetnones
902 4512 1074 4565 variis
1103 4513 1506 4568 tentationibus
1537 4525 1792 4568 nostrum
1829 4529 1894 4568 os
1923 4515 2108 4568 occlu-

2287 4504 2352 4556 Οἱ
2401 4503 2499 4574 μὲν
2551 4503 2805 4572 δαίμονες
2841 4501 2928 4554 διὰ
2971 4500 3231 4552 ποικίλων
3274 4500 3602 4566 πειρασμῶν
3635 4510 3797 4549 σπου-

519 4599 652 4656 dere
683 4603 962 4662 nituntur,
993 4618 1062 4658 ne
1095 4605 1420 4667 laudemus,
1467 4613 1522 4658 et
1547 4617 1836 4660 cantemus
1860 4649 1874 4672 ,
1908 4617 1962 4662 et
1991 4609 2052 4676 gl:

2264 4597 2434 4662 ὶζουσι
2459 4595 2672 4648 κλεῖσαι
2702 4594 2762 4646 τὸ
2791 4593 3058 4664 ἡμέτερον
3100 4591 3296 4659 στόμα,
3327 4589 3475 4650 ὅπως
3511 4585 3586 4658 μὴ
3613 4586 3797 4656 ὑμνῶ-

515 4693 656 4746 I'iam
681 4693 936 4749 dicamus
967 4695 1282 4750 Conditori.
1317 4714 1336 4746 ι
1392 4695 1498 4750 Sed
1527 4713 1676 4766 Spem
1713 4698 1978 4754 habemus
2005 4741 2022 4764 ,

2261 4707 2335 4752 εν,
2359 4689 2498 4760 μήτε
2520 4687 2706 4758 ψάλλω
2716 4703 2837 4756 μεν,
2861 4686 2994 4755 μήτε
3017 4681 3386 4750 δοξολογῶμεν
3399 4680 3488 4732 τὸν
3511 4679 3794 4734 κτίσαντα.

515 4783 594 4836 ait
627 4793 815 4840 castus
862 4783 1106 4842 Joannes
1127 4827 1142 4852 ,
1173 4786 1320 4856 quod
1347 4786 1612 4841 Dominus
1640 4789 1869 4857 aperiet,
1901 4801 1954 4844 et
1985 4807 2048 4845 nu

2285 4779 2424 4832 Ἀλλ’
2447 4779 2645 4849 ἔχομεν
2671 4777 2914 4838 ἐλπίδας,
2944 4775 3087 4828 καθά
3109 4789 3274 4844 φησιν
3293 4773 3322 4824 ὁ
3345 4771 3508 4842 ἁγνὸς
3523 4771 3794 4840 Ἰωάννης,

515 4873 604 4930 Ius
632 4877 894 4932 claudere
927 4879 1128 4941 poterit
1153 4878 1221 4933 ⁸⁸.
1275 4898 1294 4931 ι

2257 4891 2300 4925 τι
2329 4872 2530 4936 ἀνοίξει
2559 4873 2587 4923 ό
2621 4869 2842 4940 Κύριος,
2875 4867 2972 4919 καὶ
2997 4867 3172 4928 οὐδεὶς
3200 4865 3410 4918 κλεῖσαι
3429 4863 3740 4934 δυνήσεται.
3775 4883 3790 4912 ι

723 4969 1060 5024 CXXXVIII.
1093 5001 1159 5012 --
1191 4969 1468 5024 PHILO‘NI
1509 4969 1909 5028 ILLUSTRIO.

2493 4967 2670 5022 PAH'.
2704 4997 2772 5008 —-
2807 4967 3038 5018 ΦΙΛΩΝῘ
3081 4963 3508 5034 ιΛΛΟΥΣΤΡΙῼ.

583 5062 752 5119 Cessa
777 5065 920 5118 ultra
943 5063 1275 5133 deprimere,
1307 5073 1401 5118 aut
1425 5065 1622 5134 pugnis
1643 5065 1950 5121 obtundere
1977 5068 2114 5122 viles

2287 5061 2547 5116 Πέπαυσο
2580 5059 2768 5112 λοιπὸν
2797 5056 3162 5120 καταθλίϐων,
3195 5057 3290 5109 καὶ
3323 5053 3794 5116 κατακονδυλίζων

513 5169 580 5208 ac
633 5155 946 5222 simplices;
1005 5155 1143 5208 satis
1194 5157 1340 5210 enim
1391 5171 1668 5225 superque
1717 5157 1917 5212 delicta
1971 5159 2042 5210 De

2279 5158 2341 5218 ὓς
2376 5151 2634 5214 εὐτελεῖς,
2666 5149 2866 5213 ἱκανῶς
2900 5149 3008 5218 γὰρ
3033 5147 3324 5216 ἐξεταστὴς
3353 5147 3588 5215 ὑπάρχει
3619 5147 3808 5213 πλημο-

515 5249 795 5304 exarninat
825 5285 838 5310 ,
872 5255 928 5301 et
970 5263 1244 5316 nusquam
1284 5247 1376 5302 Dei
1416 5248 1579 5302 homo
1632 5251 1974 5319 paupertatis
2019 5249 2048 5304 d

2260 5247 2548 5319 ελημάτων
2571 5242 2724 5307 Θεὸς,
2759 5243 2853 5297 καὶ
2883 5242 3136 5312 οὐδαμῶς
3171 5241 3271 5309 τὴν
3308 5239 3668 5292 ἀνταπόδοσιν
3703 5237 3793 5290 10-3

516 5350 761 5408 spector,
817 5348 872 5392 et
909 5341 1168 5410 pauperis
1201 5341 1472 5410 intrepide
1505 5341 1748 5410 injurius
1791 5343 2046 5398 rctributi

2264 5341 2349 5394 εοῦ
2377 5327 2740 5407 ’διαφεύξεται
2789 5335 3072 5405 ἄνθρωπος
3107 5332 3411 5401 ὑπέροπτος
3461 5328 3678 5392 πενίας.
3705 5330 3797 5382 καὶ

515 5448 642 5487 nem
677 5431 943 5500 aufugiet.

2219 5434 2452 5502 πένητος
2483 5431 2702 5501 ἀφόϐοις
2729 5426 3101 5498 κατατρέχων.

588 5609 631 5640 ⁸³
669 5607 872 5662 Jerem.
913 5625 994 5671 ιιι,
1041 5609 1128 5661 13.
1241 5607 1288 5640 “
1335 5606 1480 5663 I‘sal.
1537 5627 1686 5676 xm,
1749 5613 1800 5666 9.
1917 5612 1962 5644 ⁸⁵
1999 5613 2193 5668 Matth.
2244 5627 2318 5676 vr,
2365 5593 2456 5665 ‘22;
2571 5609 2618 5640 ⁸⁸
2653 5605 2846 5660 Matth.
2905 5620 2980 5664 vr,
3044 5601 3133 5654 ‘29..
3213 5601 3257 5634 ⁵⁷
3285 5600 3473 5652 Matth.
3533 5615 3628 5652 vn.
3684 5599 3792 5666 22;

519 5679 672 5742 ιω..
707 5680 939 5744 ιιιιι,¹25.
1013 5679 1058 5710 ⁸⁸
1092 5683 1260 5748 Apoc.
1299 5695 1381 5742 ιιι,
1406 5678 1461 5731 7.

1299 5695 1381 5742 ιιι,
1406 5678 1461 5731 7.
2815 5693 2818 5698 ·
