3882 6036
129 310 230 374 141

431 427 601 482 ΡΛΘ.
630 458 699 469 -
729 425 1044 497 ΣἸἘΦΑΝῼ
1080 422 1399 492 ΔΙΛΚΟΝῼ.

200 518 265 570 Οἱ
292 517 352 582 ἐξ
380 519 505 587 ὅλης
551 520 790 582 διανοίας
826 519 917 572 τὸν
965 518 1303 587 παντέφορον
1350 512 1707 582 ἐπιϐοώμενοι

126 609 360 678 Κύριον.
385 610 488 662 κᾶν
519 612 597 673 εἰς
632 610 692 663 τὸ
726 610 952 680 ἔσχατον
984 609 1092 661 τῶν
1135 606 1392 659 κινδύνων
1428 604 1705 671 ἀφίκοντο,

127 700 352 764 πάντως
389 701 670 765 τεύξονται
697 704 792 772 τῆς
820 703 1025 755 ἄνωθεν
1056 702 1277 771 ἀρωγῆς
1296 716 1309 729 ⁸
1340 698 1571 767 ἐπήκοος
1600 695 1709 764 γάρ

121 792 154 841 ὁ
178 792 461 860 Δεσπότης
481 792 767 860 γενόμενος
799 791 856 856 ἐξ
882 791 1051 859 αὐτῆς
1074 790 1246 859 μέσης
1274 785 1589 857 ἐξαρπάσας
1607 783 1709 852 τῆς

125 880 413 944 ἀπωλείας
452 882 588 952 πρὸς
617 881 761 951 ζωὴν
804 880 1041 944 αἰώνιον,
1080 880 1174 933 καὶ
1222 878 1395 948 χαρὰν
1428 877 1706 944 ἀναφέρει.

411 973 547 1025 PM’.
573 1004 644 1011 —
679 972 1058 1042 ΑΜΦΙΛΟΧΙῼ
1095 968 1428 1037 ΝΕΩΤΕΡῼ.

201 1066 297 1135 Μὴ
319 1064 505 1135 λεπρῷ
533 1065 623 1118 τὸν
652 1065 788 1128 τέως
819 1064 1119 1134 ἐνδείξομαι
1142 1063 1209 1115 τὰ
1239 1060 1587 1131 βλακεύματα
1611 1058 1709 1127 τῆς

126 1153 259 1216 νέας
304 1153 540 1223 ἡλικίας,
587 1150 688 1207 εἷθ’
721 1154 945 1225 ὓστερον
992 1154 1078 1206 ἐπ’
1106 1152 1347 1221 ἐσχάτων
1384 1150 1479 1203 τοῦ
1525 1150 1709 1219 γήρως

125 1244 199 1297 τά
226 1245 327 1314 τῆς
360 1245 735 1315 σωφροσύνης,
770 1246 867 1297 καὶ
905 1246 1006 1314 τῆς
1052 1243 1327 1314 ἀνδρείας,
1360 1242 1455 1294 καὶ
1500 1241 1598 1310 τῆς
1627 1240 1707 1293 δι-

125 1336 431 1404 καιοσύνης
464 1336 859 1407 ἀναϐλαστήσω
891 1336 1047 1406 ἄνθη.
1071 1336 1167 1399 Τίς
1202 1335 1309 1406 γάρ
1343 1350 1426 1385 σοι
1463 1332 1709 1401 οὐράνιος

124 1425 365 1493 ἄγγελος
402 1428 663 1498 γηράσειν
699 1427 999 1498 ύπέσχετο;
1045 1426 1145 1480 Διά
1185 1428 1238 1478 τί
1291 1425 1364 1495 μὴ
1395 1424 1532 1494 φοϐῇ
1562 1423 1624 1475 τὸ
1655 1426 1711 1476 ὲν

125 1516 436 1584 λαγνείαις,
472 1519 566 1570 καὶ
598 1517 843 1587 τέρψεσι,
876 1518 968 1570 καὶ
1012 1520 1134 1581 ταῖς
1172 1515 1474 1579 κενοδοξίας
1512 1516 1707 1567 ὲναπο·

127 1610 317 1662 θανεῖν
342 1610 549 1674 κακῶς,
575 1610 875 1678 νεαζούσης
912 1609 1011 1678 μὲν
1049 1609 1149 1677 τῆς
1196 1608 1432 1680 ἡλικίας,
1465 1605 1708 1658 παλαιω-

124 1702 321 1769 θείσης
342 1701 399 1753 δὲ
423 1700 588 1764 ὀξέως
619 1701 718 1768 τῆς
740 1700 1013 1763 πολιτείας
1037 1718 1051 1763 ;

619 1795 805 1848 PMA'.
834 1824 904 1834 —
940 1792 1022 1858 Τῷ
1055 1792 1235 1857 αὐτῷ.

215 1884 541 1955 Ἦρώτησάς
577 1902 665 1955 με,
706 1885 790 1948 τίς
828 1886 977 1937 ἐστιν
1015 1885 1043 1937 ό
1081 1882 1309 1945 παλαιὸς
1351 1881 1654 1951 ἄνθρωπος,
1683 1881 1711 1931 ὁ

125 1976 251 2040 ταῖς
281 1976 599 2046 ἐπιθυμίαις
626 1976 1002 2046 φθειρόμενος,
1024 1978 1207 2029 ὅντινα
1242 1974 1539 2027 ἀποθέσθαι
1570 1989 1703 2041 παρ-

127 2068 277 2119 αινεί
324 2069 353 2119 ό
399 2066 540 2128 θεῖος
592 2066 939 2129 Ἀπόστολος.
988 2066 1221 2120 Παλαιὸν
1272 2065 1553 2135 ἄνθρωπον
1607 2064 1703 2115 ἀν-

128 2155 416 2226 ύπαρκτον
457 2155 587 2225 μὲν,
636 2156 991 2228 φθειρόμενον
1028 2156 1117 2221 δὲ,
1157 2157 1443 2225 τυγχάνειν
1490 2152 1707 2223 νομίζό⁸

131 2264 238 2316 μεν
291 2246 511 2299 εἴδωλόν
557 2264 611 2299 τι
666 2246 941 2309 ἀπωλείας
994 2249 1056 2301 ὲκ
1111 2248 1321 2319 μιαρῶν
1368 2247 1459 2300 καὶ
1502 2244 1711 2301 ἀσεϐῶν

126 2337 446 2407 λογισμῶν,
504 2338 599 2390 καὶ
668 2337 840 2406 λόγων
885 2338 1193 2409 ἀθεμίτων,
1245 2338 1340 2390 καὶ
1389 2336 1711 2406 ἀκαθάρτων

127 2430 337 2501 ἔργων,
372 2429 829 2499 ζωγραφούμενόν
870 2447 961 2495 τε,
997 2431 1029 2502 ἢ
1091 2430 1491 2499 συντιθέμενον,
1538 2430 1572 2499 ἢ
1618 2430 1711 2483 καὶ

127 2520 210 2585 ὡς
242 2521 310 2576 ἄν
340 2536 425 2583 τις
452 2519 618 2585 εἴποι,
653 2518 1070 2588 ὲξυφαινόμενον
1103 2518 1428 2582 ὲπιὸλαὸῶς.
1560 2507 1565 2511 ’

619 2695 799 2751 PMB’.
827 2727 897 2735 —
936 2694 1019 2761 Τῷ
1049 2696 1231 2761 αὐτῷ.

229 2786 296 2838 Ἦ
329 2785 388 2838 ὲν
419 2784 496 2856 τῷ
521 2788 666 2857 γήρᾳ
693 2787 863 2857 ἀρετὴ
892 2788 991 2841 οὐκ
1028 2787 1092 2841 ἂν
1121 2785 1345 2856 κληθείη
1369 2785 1557 2856 ἀρετὴ,
1598 2785 1711 2838 ἀλλ’

131 2875 431 2946 ἀδυναμία.
475 2876 685 2931 υύκοῦν
715 2880 773 2931 ὲν
802 2881 870 2949 τῇ
899 2879 1108 2948 νεότητι
1152 2878 1351 2947 μᾶλλον
1386 2877 1484 2948 τὴν
1511 2878 1711 2947 ἀρετὴν

1342 302 1701 366 EPISTULA
1712 299 1876 358 RUM
1919 302 1991 359 LI
2004 304 2061 362 il.
2108 303 2150 361 Ι.

3269 304 3369 367 142

2025 415 2307 468 CXXXIX
2346 446 2412 455 -ο
2436 415 2803 473 STEPHANO
2841 417 3161 474 DIACONO.

1878 507 1980 573 Qui
2013 526 2075 564 ex
2110 517 2220 563 tota
2248 518 2427 563 mente
2450 511 2634 564 omnia
2665 510 2937 565 videntem
2972 511 3257 567 Dominum
3291 529 3372 565 in-

1807 609 2045 663 vocant,
2079 601 2206 655 licet
2232 601 2492 656 extremis
2528 603 2789 671 periculis
2817 602 3223 666 conflictentur,
3254 621 3371 656 nm-
3464 622 3489 635 ν

1810 691 1941 745 nino
1971 694 2192 762 superni
2218 694 2405 746 auxilii
2442 695 2738 763 participes
2780 695 2925 749 (ient.
2958 694 3205 765 Namque
3230 697 3372 750 Dens

1808 782 2115 839 exaudiens
2146 786 2214 837 ab
2252 787 2371 853 ipso
2407 786 2626 840 excidio
2651 796 2870 856 ereptos
2915 788 2971 841 in
3003 788 3169 841 vitam
3211 798 3372 841 arter-

1809 889 1934 929 nam
1963 883 2017 927 et
2052 876 2292 929 laetitiam
2322 877 2645 933 transvehit.

1907 965 2065 1019 CXL.
2097 995 2163 1006 --
2198 966 2667 1022 AMPHILOCHIO
2705 968 2942 1023 COMITl
2979 967 3272 1024 IUNIORI.

1879 1057 2075 1113 Annon
2115 1060 2265 1129 lepra
2313 1061 2496 1115 obsito
2540 1062 2776 1115 similem
2817 1061 3047 1116 dixerim
3076 1078 3200 1115 eum
3228 1101 3243 1125 ,
3282 1062 3375 1129 qui

1810 1191 1827 1216 ,
1848 1148 1963 1204 rius
1993 1150 2170 1205 anatis
2194 1150 2459 1218 juvenilis
2490 1151 2702 1206 deliciis
2732 1151 2936 1220 perfrui
2972 1152 3073 1205 sibi
3098 1157 3372 1222 proponit.

1810 1240 2161 1309 postmodum
2238 1240 2294 1294 in
2348 1250 2596 1297 extrema
2652 1251 2934 1297 senectute
2989 1244 3374 1307 continentiae,

1810 1332 2151 1389 fortitudinis
2214 1343 2269 1389 et
2330 1334 2561 1402 justitia:
2595 1332 2757 1389 ﬂores
2811 1350 3061 1403 promere
3088 1335 3185 1405 (3).
3241 1335 3375 1401 Quis

1809 1426 1955 1479 enim
1986 1425 2082 1479 tibi
2112 1425 2356 1480 cmlestis
2390 1425 2618 1494 angelus
2655 1440 3049 1481 consenescere
3077 1428 3333 1495 promisit
3359 1428 3379 1480 ?

1809 1516 1992 1581 Quare
2022 1532 2127 1571 non
2165 1518 2353 1572 horres
2384 1518 2524 1572 inter
2548 1518 2833 1581 libidines,
2867 1517 3096 1587 gaudia,
3130 1526 3185 1572 et
3208 1533 3377 1572 vanas

1813 1608 1921 1679 59
1959 1609 2324 1678 cogitationes
2359 1609 2600 1665 infausto
2627 1612 2889 1664 commori
2919 1652 2934 1675 ,
2969 1620 3129 1665 aetate
3154 1610 3375 1680 quidem

1806 1700 2073 1768 juvenili,
2104 1701 2198 1756 sed
2236 1702 2362 1754 vita).
2390 1702 2644 1756 instituto
2683 1702 2950 1757 citissime
2983 1703 3285 1759 inveterato

2327 1790 2507 1844 CXLI.
2540 1822 2610 1830 ——-
2648 1790 2853 1846 Eidem.

1885 1881 2177 1938 Postulasti
2210 1898 2240 1935 a
2273 1900 2377 1947 me,
2411 1883 2536 1953 quis
2561 1884 2633 1938 sit
2665 1892 2821 1939 vetus
2859 1885 3046 1949 homo,
3092 1885 3185 1955 qui
3229 1885 3378 1941 desi-

1811 1971 1980 2025 aeriis
2030 1972 2426 2040 corrumpitur,
2478 1983 2533 2027 et
2599 1987 2760 2042 quem
2819 1974 3097 2044 deponere
3154 1975 3379 2032 divinus

1810 2062 2108 2131 Apostolus
2179 2064 2429 2117 hortatur
2474 2064 2559 2116 "1’
2625 2064 2873 2120 Veterem
2933 2066 3207 2121 hominem
3267 2085 3376 2123 non

1810 2153 2168 2207 cxsistentem
2214 2153 2471 2222 quidem,
2523 2153 2619 2207 sed
2682 2156 2776 2223 qui
2800 2158 3221 2226 corrumpitur,
3256 2173 3379 2214 esse

1810 2249 2069 2310 putamus
2089 2281 2105 2304 ,
2136 2240 2340 2296 idolum
2372 2241 2648 2311 quoddam
2678 2244 3005 2313 perditionis
3033 2287 3047 2313 ,
3105 2248 3249 2317 quod
3311 2266 3378 2303 ex

1811 2332 2168 2385 exsecrandis
2217 2341 2271 2385 et
2329 2332 2515 2402 impiis
2578 2336 3045 2404 cogitationibus,
3091 2346 3146 2391 et
3195 2341 3380 2394 verbis

1814 2423 2040 2492 iniquis,
2072 2430 2129 2477 et
2166 2423 2465 2478 immundis
2508 2423 2847 2480 facinoribus
2900 2428 3156 2496 penicillo
3196 2434 3381 2500 expri-

1812 2515 1980 2567 mitur
2006 2553 2021 2577 ,
2054 2514 2138 2569 vel
2184 2517 2555 2585 componitur,
2590 2516 2696 2581 vel,
2730 2525 2789 2570 ut
2833 2519 3105 2588 quispiam
3139 2522 3343 2577 diceret
3364 2563 3378 2585 .

1813 2606 1945 2659 satis
1976 2608 2137 2660 noxie
2166 2613 2494 2663 contexitur.

2327 2699 2529 2756 CXLII.
2559 2701 2851 2755 --Eidem.

1883 2785 2017 2851 Quae
2069 2786 2123 2840 in
2177 2798 2459 2843 senectute
2507 2790 2685 2846 virtus
2736 2792 2982 2860 dilucet,
3040 2797 3218 2854 virtus
3276 2815 3383 2855 non

1812 2880 2241 2948 nuncnpahitur,
2282 2881 2376 2935 sed
2414 2882 2785 2937 imbecillitas.
2814 2883 3173 2954 lnjuventute
3202 2891 3385 2962 itaque

131 2965 535 3036 κατεργαστέον
583 2966 736 3035 ἡμῖν,
761 2967 857 3019 καὶ
908 2970 965 3019 ὲν
1016 2965 1228 3035 σώματι
1265 2964 1370 3018 νέω
1409 2965 1590 3018 πολιὸν
1629 2966 1705 3016 ἐν.

1826 2972 1997 3039 potius
2017 2972 2191 3026 virtus
2208 2974 2481 3041 operanda
2506 2991 2533 3026 a
2557 2974 2736 3037 nobis,
2754 2977 3167 3050 exercendaque
3192 2991 3297 3052 est,
3332 2991 3386 3037 ct

131 3052 451 3106 δείκνυσθαι
487 3054 766 3123 φρόνημα.

620 3145 796 3199 PMI“.
821 3176 891 3185 —
920 3146 1244 3217 amomo.

207 3238 280 3292 Et
304 3240 421 3294 ἐστι
444 3239 641 3310 τυφλὸς
671 3240 922 3304 πλοῦτος,
952 3241 1092 3311 τάχα
1120 3241 1234 3293 ἐστὶ
1265 3241 1358 3293 καὶ
1388 3239 1561 3310 τυφλὴ
1590 3237 1714 3304 δόξα

134 3332 237 3386 καὶ
279 3331 565 3403 ὑπόληψις.
610 3333 719 3385 Καὶ
775 3332 938 3402 βλέπε
975 3349 1064 3403 μοι
1091 3331 1182 3386 τὸν
1235 3332 1561 3403 ίλλούστριον
1611 3332 1717 3385 Κό-

135 3441 307 3487 νωνα,
338 3424 464 3493 μήτ’
492 3423 659 3495 ἔργῳ,
690 3425 825 3493 μήτε
850 3424 992 3493 λόγῳ
1018 3423 1148 3476 ποτέ
1172 3440 1294 3476 τινα
1332 3424 1713 3493 ὠφελήσαντα,

137 3515 272 3584 μήτ’
319 3516 522 3586 ἀρετὴν
562 3516 853 3584 γινώσκειν
915 3514 1207 3579 ἐθέλοντα,
1263 3516 1316 3567 τί
1368 3516 1497 3568 ποτέ
1536 3518 1714 3579 ἐστιν,

140 3604 323 3675 μάτην
356 3604 733 3675 δοξαζόμενον,
764 3605 858 3658 καὶ
888 3604 1008 3675 εἰκῆ
1037 3604 1399 3676 κροτούμενον
1429 3606 1533 3659 ὑπὸ
1567 3606 1718 3658 πλεί-

139 3712 288 3747 στων
308 3695 698 3766 ἀνελευθέρων,
721 3697 811 3749 καὶ
842 3697 1081 3766 ἀνοήτων
1110 3696 1431 3768 ἀνθρώπων,
1469 3698 1572 3751 κᾶν
1590 3697 1716 3750 τού-

137 3802 219 3856 τῳ
244 3785 587 3857 φυσώμενον,
618 3787 714 3840 καὶ
743 3787 1175 3858 ὑπεραιρόμενον
1204 3789 1549 3859 παραλόγως.

416 3967 593 4023 PMA'.
617 3999 686 4008 —
713 3970 972 4023 ΚΟΝΩΝΙ
1009 3969 1442 4040 ΙΛΛΟΥΣΤΡΙῼ.

214 4060 475 4123 Πλουτεῖς
520 4060 748 4123 ἀδίκως,
799 4062 895 4124 τάς
928 4061 1134 4131 ἑτέροις
1180 4060 1533 4131 ὀφειλομένας
1563 4059 1718 4125 δόξας

142 4152 619 4223 σφετεριζόμενος.
662 4153 1003 4223 Εὐτράπελον
1044 4154 1152 4223 γὰρ
1193 4152 1322 4206 θέαν
1361 4155 1715 4223 θεασάμενος,

140 4244 500 4315 τεθαύμακα,
548 4244 673 4306 τοὺς
707 4245 803 4313 μὲν
854 4244 1212 4312 ἀξιαγάστους
1259 4245 1717 4314 λοιδωρουμένους

1814 3064 1869 3117 in
1901 3080 2132 3134 corpore
2156 3065 2344 3134 juveni
2383 3082 2518 3121 cana
2556 3068 2843 3138 prudentia
2884 3076 3383 3129 commonstranda.

2247 3157 2473 3214 CXLIII.
2513 3190 2584 3199 —
2623 3159 2946 3215 ANTONIO.

1886 3246 1940 3301 Si
1974 3263 2134 3303 caeca:
2161 3250 2365 3304 divitia:
2389 3261 2539 3313 sunt,
2571 3252 2807 3307 fortasse
2837 3253 3001 3306 etiam
3028 3254 3137 3309 erit
3168 3264 3222 3309 et
3241 3269 3385 3309 caaca

1813 3340 2023 3410 opinio,
2059 3342 2255 3409 suique
2280 3344 2719 3413 comprehensio.
2749 3344 2815 3399 Et
2844 3345 3048 3401 videsis
3089 3347 3385 3402 illustrium

1813 3434 2116 3497 Cononem,
2142 3435 2235 3504 qui
2267 3437 2471 3489 nemini
2503 3452 2742 3505 unquam
2778 3454 2956 3507 neque
2991 3440 3175 3502 verbo,
3212 3457 3389 3510 neque

1814 3541 1980 3595 Opere
2010 3526 2247 3580 fructum
2295 3527 2547 3582 utilitatis
2569 3528 3015 3598 prmhnitmeque
3041 3546 3287 3600 quaenam
3316 3533 3388 3586 sit

1815 3613 2011 3678 virtus,
2037 3614 2321 3669 addiscere
2351 3615 2585 3681 curavit,
2617 3616 2821 3670 frustra
2872 3616 3123 3672 laudibus
3154 3617 3389 3674 cohone-

1816 3712 2043 3767 statum,
2062 3713 2117 3759 et
2138 3720 2271 3760 vane
2303 3721 2332 3758 a
2359 3706 2637 3774 plerisque
2663 3706 2979 3762 hominibus
3026 3709 3390 3764 illiheralibus

1815 3810 1880 3849 ac
1901 3796 2136 3864 stnpidis
2148 3797 2377 3865 strepitu
2391 3796 2791 3858 consociatum,
2812 3797 2932 3851 etin
2947 3798 3052 3853 hoc
3069 3810 3386 3864 tumentem,

1815 3900 2049 3955 seseque
2079 3886 2316 3941 absurde
2354 3887 2516 3941 nimis
2548 3886 2862 3944 iactantem.

2014 3980 2125 4049 eo
2164 3978 2391 4034 cxuv.
2431 4011 2500 4021 —
2528 3979 2777 4035 conom
2817 3980 3205 4037 lLLUSTRIO.

1888 4066 2093 4137 Injuste
2123 4070 2327 4123 divitiis
2363 4068 2567 4133 affluis,
2627 4070 2859 4140 aliisque
2890 4071 3126 4125 debitam
3157 4072 3386 4141 gloriam

1817 4160 1914 4213 tibi
1952 4175 2210 4229 usurpas.
2244 4159 2506 4229 Lepidum
2543 4162 2711 4222 enim,
2743 4173 2795 4215 et
2814 4162 2879 4214 ad
2898 4162 3067 4215 risum
3093 4162 3390 4232 jocumque

1819 4250 2019 4303 factum
2042 4252 2322 4303 contuitus
2350 4251 2400 4302 in
2422 4250 2837 4303 admirationem
2873 4249 3277 4317 incidi,dignos
3294 4254 3390 4304 ad-

143 4336 365 4405 βλέπων
392 4338 450 4388 ὲν
496 4334 574 4405 τῷ
608 4336 834 4406 παρόντι
864 4338 1059 4408 χρόνῳ,
1089 4338 1215 4401 τοὺς
1244 4338 1299 4391 δὲ
1343 4339 1591 4409 ἀχρείους
1629 4339 1713 4391 εύ-

1826 4342 2110 4395 miratione
2138 4341 2392 4394 convitiis
2419 4340 2669 4409 praesenti
2691 4348 2933 4409 tempore
2961 4340 3157 4408 petitos
3174 4340 3386 4404 videns,

145 4426 544 4496 φημουμένους
582 4424 743 4495 ὁρῶν.
792 4426 902 4478 Καὶ
930 4426 1087 4478 τοῦτο
1116 4422 1268 4496 οἶμαι
1308 4428 1416 4480 τῶν
1449 4429 1717 4499 δαιμόνων

145 4516 420 4583 ὑπάρχειν
454 4514 787 4584 μηχάνημα·
836 4514 959 4566 ὅθεν
1002 4514 1089 4568 ἵνα
1131 4516 1205 4586 μὴ
1249 4516 1337 4568 διὰ
1369 4517 1535 4587 κενῆς
1564 4518 1718 4582 δοξά-

144 4606 257 4669 ζων
299 4603 492 4667 πολλὰ,
543 4603 803 4673 μειζόνως
851 4606 991 4659 κατά
1033 4605 1093 4658 τὸ
1138 4607 1327 4676 μέλλον
1369 4609 1716 4680 τιμωρηθῇςν

151 4695 461 4767 παρακαλῶ
488 4713 549 4748 σε
602 4697 799 4766 μᾶλλον
835 4697 1039 4768 πρᾶξαι
1075 4700 1142 4751 τά
1178 4698 1315 4770 ἔργα
1352 4700 1453 4769 τῆς
1494 4702 1717 4771 ἀρετῆς.

147 4791 237 4843 ῐνα
258 4784 633 4858 εύπροσώπως
660 4789 748 4840 καὶ
771 4790 1153 4859 προσηκόντως
1180 4790 1277 4860 τὴν
1288 4789 1441 4855 δόξαν
1455 4792 1718 4857 κοαίζοιο.

590 4880 767 4936 PME'.
795 4910 863 4919 —
892 4880 1270 4953 ΕΥΛΑΜΙΙΙῼ.

216 4970 430 5026 Μαθεῖν
453 4968 637 5042 γλίχῃ,
665 4971 719 5022 τί
748 4972 895 5023 ἐστιν
924 4972 951 5024 ὅ
984 4990 1148 5041 φησιν
1198 4976 1450 5039 Ἰάκωϐος
1477 4979 1506 5030 ὁ
1542 4981 1725 5048 ἀρχιε-

148 5065 421 5126 πίσκοπος
456 5062 564 5115 τῶν
608 5061 1023 5131 Ἰεροσολύμων·
1057 5082 1075 5114 ι
1096 5066 1165 5116 Ἣ
1197 5065 1404 5119 δοκεῖτε
1442 5070 1524 5122 ὅτι
1552 5071 1724 5135 κενῶς

150 5158 302 5224 λέγει
334 5157 370 5225 ἡ
394 5155 585 5226 Γραφὴ
616 5154 751 5225 πρὸς
778 5154 1007 5223 φθόνον;
1042 5174 1061 5207 ι
1096 5157 1391 5223 τουτέστιν,
1431 5161 1530 5214 οὐκ
1567 5163 1725 5215 ἀκαί-

222 5312 270 5343 ⁸⁹
328 5309 505 5365 Galat.
545 5325 620 5373 tv,
649 5309 742 5365 23.
818 5308 865 5340 ⁸ο
894 5306 1011 5363 Jac.
1050 5324 1100 5362 tv
1151 5309 1205 5364 5.

225 5491 300 5559 (5)
326 5488 505 5541 Allatii
526 5486 711 5541 versio
733 5500 843 5559 _r_tec
865 5484 1053 5539 Graeco
1093 5483 1382 5559 respondet
1406 5502 1504 5539 nec
1526 5488 1724 5541 bonum

154 5556 380 5615 sensum
442 5559 684 5611 exhibet.
733 5556 843 5625 Ego
894 5570 1044 5613 vero,
1093 5556 1428 5617 indubitata,
1463 5570 1519 5610 ut
1574 5573 1724 5625 puto,
1766 5566 1772 5571 ’

154 5629 495 5698 conjectura,
530 5630 667 5695 lego.
694 5628 786 5698 Μὴ
817 5626 970 5692 λέγε·
1004 5626 1223 5694 Πρῶτον
1244 5626 1378 5683 τέως
1404 5627 1725 5695 ἐνδείξομαι,

1820 4434 2030 4502 ineptos
2056 4472 2070 4494 ,
2116 4442 2279 4500 atque
2311 4431 2533 4485 inutiles
2576 4430 2828 4485 laudibus
2881 4431 3290 4487 cohonestatos.
3327 4434 3390 4487 Et

1818 4522 1959 4576 hanc
1975 4522 2279 4575 machinam
2298 4536 2419 4575 esse
2434 4519 2740 4574 daemonum
2763 4517 3112 4584 duco.Quare
3138 4536 3206 4573 ne
3223 4522 3388 4576 multa

1818 4614 2053 4669 inaniter
2072 4613 2514 4674 comminiscens,
2536 4611 2589 4664 in
2609 4610 2852 4664 futurum
2870 4611 3093 4678 gravius
3109 4613 3389 4680 puniaris;

1819 4722 1953 4775 rogo
1969 4712 2042 4768 te,
2063 4703 2318 4771 utpotius
2353 4700 2573 4753 virtutis
2600 4697 2859 4766 operibus
2894 4708 2947 4753 te
2972 4699 3162 4756 dedas.
3190 4707 3248 4752 ut
3283 4715 3390 4752 non

1821 4797 1942 4852 sine
1976 4784 2219 4856 ratione,
2247 4791 2341 4844 sed
2384 4801 2441 4841 ut
2487 4787 2734 4852 addecet,
2764 4788 2976 4840 laudent
3014 4790 3391 4857 consequaris.

2248 4877 2456 4934 CXLV.
2491 4908 2559 4918 ——
2596 4877 2969 4932 EULAMPIO.

1895 4976 2039 5030 Aves
2073 4973 2407 5043 perdiscere,
2444 4970 2575 5041 quid
2608 4971 2679 5023 sit
2725 4968 2870 5037 quod
2915 4968 3156 5021 Iacobus
3204 4966 3395 5021 Hiero-

1826 5068 2161 5136 solymorum
2192 5060 2636 5127 archiepiscopus
2671 5059 2744 5110 ait
2776 5076 2787 5110 :
2827 5078 2845 5108 ι
2881 5060 2961 5110 An
2995 5058 3197 5126 putatis
3219 5096 3235 5120 ,
3267 5059 3396 5125 quia

1828 5160 2067 5213 inaniter
2111 5156 2243 5209 dicit
2293 5153 2600 5221 Scriptura,
2637 5150 2703 5203 ad
2739 5152 2995 5204 invidiam
3024 5152 3109 5203 '°?
3139 5151 3242 5202 hoc
3270 5158 3355 5203 est
3379 5187 3396 5209 ,

1834 5488 2006 5541 a'talis
2034 5484 2223 5538 mollia
2273 5481 2567 5548 stolidaque
2608 5478 2848 5548 facinora
2867 5519 2880 5537 ,
2903 5476 3231 5548 postmodum
3259 5492 3395 5539 vero,

1834 5559 1888 5609 in
1936 5566 2171 5607 extrema
2238 5564 2515 5610 senectute.
2579 5547 2928 5606 cbntinentia',
2978 5547 3304 5607 fortitudinis
3351 5554 3403 5599 et

1827 5629 2051 5695 justillw
2092 5626 2245 5693 ﬂores
2279 5625 2586 5690 producam.
2636 5620 2998 5682 (ἰοῑειειιιιιε,
3040 5617 3302 5680 Monum"
3336 5632 3400 5681 ti,

154 5696 273 5755 etc.
319 5702 401 5752 ne
443 5700 591 5751 dicas
629 5712 645 5749 :
694 5696 853 5750 Prius
910 5698 1115 5749 interim
1168 5698 1438 5750 ostentabo
1480 5698 1727 5766 juvenilis
1837 5698 1959 5752 550.
