3882 6036
539 271 638 336 143

2000 269 2061 329 8.
2101 264 2265 329 NiLI

3693 263 3788 333 lI-I

534 403 644 444 non
676 382 1077 454 intempestive,
1107 380 1200 438 sed
1237 381 1475 438 maxime
1504 392 1838 454 opportune,
1870 388 1926 437 et
1979 389 2105 451 pro-

2215 395 2357 450 ρως,
2398 377 2538 433 ἀλλά
2580 377 2674 433 καὶ
2717 375 2840 433 λίαν
2883 376 3153 449 εὐκαίρως
3211 393 3271 431 τε
3320 379 3411 432 καὶ
3448 377 3788 451 εὑστόχωςή

531 481 828 550 spicienter
837 475 1026 530 divina
1037 473 1320 543 Scriptura
1339 483 1530 530 contra
1550 475 1811 530 invidiam
1829 474 2103 544 loquitur:

527 572 730 626 etenim
773 581 1105 639 quocunque
1153 576 1344 621 saneto
1386 568 1675 622 enuntiato
1697 574 1891 622 contra
1915 578 2108 619 omnes

531 661 800 725 aﬂ'ectus,’
821 659 918 715 sed
944 658 1238 712 exitiosam
1268 659 1529 713 invidiam
1563 660 1907 727 potissimum
1929 696 1945 723 ,
1980 665 2104 711 tan-

533 767 697 823 quam
736 749 1076 805 validissima
1103 759 1383 804 armatura
1408 751 1808 820 constipamur.

1026 837 1256 894 CXLVI.
1295 870 1368 880 —
1403 839 1608 897 Eidem.

609 931 1035 1001 «Concupiscit,
1059 930 1257 1001 inquit,
1291 932 1542 1001 spiritus,
1561 946 1727 1002 quem
1747 931 1997 987 habitare
2027 930 2106 984 fe-
2191 969 2196 978 .

499 1063 502 1066 ~
529 1029 607 1083 cit
633 1028 779 1080 Deus
807 1025 865 1078 in
905 1023 1066 1079 nobis
1091 1023 1160 1078 ⁵¹.
1199 1041 1218 1076 ι
1251 1023 1394 1089 Quid
1419 1039 1584 1094 porro
1605 1024 1905 1090 desiderat,
1936 1038 2102 1093 appe-

529 1120 598 1170 tit
639 1124 700 1172 et
724 1115 908 1184 diligit
935 1113 1468 1184 divinus-Spiritus?
1520 1116 1814 1179 unionem,
1871 1127 2106 1169 concor-

525 1208 712 1272 diam,
744 1213 992 1260 mutuum
1033 1202 1566 1258 fratrmn‘amorem.
1613 1203 1868 1258 Charitas
1922 1211 2105 1255 autem

528 1315 594 1354 ex
627 1298 1021 1353 humilitate-et
1062 1297 1264 1367 pietate
1312 1297 1588 1362 nascitur;
1615 1296 1803 1350 odium
1830 1334 1844 1358 ,
1873 1302 1926 1348 et
1957 1307 2108 1346 ama-

529 1394 784 1446 rulentus
844 1392 982 1444 livor
1034 1405 1101 1443 ex
1165 1390 1420 1458 superbia
1468 1397 1523 1443 et
1572 1387 1838 1456 iactantia
1881 1386 2102 1440 oritur:

525 1489 866 1552 quapropter
895 1481 1101 1535 dictum
1127 1487 1212 1534 est
1244 1494 1258 1529 :
1288 1477 1394 1548 ει
1451 1495 1469 1528 ι
1504 1477 1644 1532 Deus
1683 1475 1938 1546 superbis
1969 1476 2107 1528 resi-

528 1575 621 1629 Stit
659 1574 726 1637 ",
761 1591 780 1623 ι
823 1579 1048 1642 propter
1078 1585 1271 1625 eorum
1303 1569 1590 1625 stultitiam
1654 1569 1708 1621 in
1769 1581 1866 1621 eos
1922 1574 2106 1620 castra

527 1678 780 1726 movens.
813 1666 891 1717 uti
921 1663 1051 1716 olim
1083 1661 1138 1714 in
1173 1661 1409 1730 primum
1439 1660 1686 1714 omnium
1715 1658 1996 1728 "superbiae
2024 1657 2106 1710 vi-

527 1755 605 1809 tio
637 1724 898 1807 inlectum
933 1724 1218 1804 Satanam.
1252 1767 1274 1800 ι
1308 1747 1618 1803 Hnmilibus
1643 1724 1824 1803 autem
1859 1747 1953 1802 dat
1981 1763 2106 1818 gra-
2137 1724 2179 1779 Β

525 1847 658 1900 tiam
687 1845 756 1911 ³³;
785 1863 804 1895 ι
827 1845 932 1898 hoc
948 1842 1350 1913 est,~spiritalia
1373 1842 1622 1912 quaedam
1657 1857 1884 1896 munera
1909 1841 2108 1912 elargi-

526 1942 620 1987 tur
655 1933 743 1998 iis,
781 1931 873 2002 qui
909 1941 1130 2002 propter
1161 1928 1334 1986 Deum
1373 1931 1735 1985 humilitatem
1768 1930 2102 1999 amplectun-

527 2035 638 2081 tur.
1011 2112 1267 2170 CXLVII.
1302 2142 1364 2154 —-
1402 2111 1611 2168 Eidem.

603 2228 621 2258 ‹
661 2205 739 2262 Ne
768 2205 1243 2278 respondeas,'ait
1275 2203 1570 2271 Salomon,
1605 2205 1772 2261 stulto
1802 2206 2104 2261 secundum

527 2300 818 2355 stultitiam
873 2299 1034 2368 ejus.
1067 2313 1158 2351 ~~ne
1210 2297 1410 2353 similis
1478 2297 1559 2350 illi
1642 2297 1761 2352 fias.
1815 2296 2109 2367 Responde

529 2409 660 2446 vero
694 2391 943 2446 stultitiae
969 2390 1114 2461 ejus,
1139 2405 1208 2444 ne
1237 2386 1480 2460 prudens
1503 2387 1649 2458 apud
1681 2405 1742 2445 se
1763 2404 1891 2444 esse
1921 2389 2109 2445 videa-

529 2493 617 2537 tur
639 2484 706 2536 ⁸⁵.
747 2480 918 2548 i.Qui
953 2481 1100 2537 enim
1149 2481 1440 2550 praeceptis
1472 2480 1566 2534 Dei
1615 2481 1965 2536 adversantia
2007 2482 2108 2534 Ἰο-

465 2643 468 2648 _
527 2575 714 2646 quenti
756 2576 950 2638 stulto,
975 2582 1032 2629 et
1077 2573 1442 2644 inpeccatum
1499 2573 1752 2627 invitanti
1803 2575 2103 2637 consentit,

525 2682 588 2722 ea
623 2667 880 2732 laudans,
911 2662 1214 2719 secundum
1251 2663 1403 2718 stulti
1447 2663 1741 2719 stultitiam
1777 2666 2106 2735 respondit,

527 2769 583 2812 et
603 2757 813 2812 similis
835 2777 840 2790 ’
862 2755 1038 2810 factus
1066 2763 1152 2809 est
1179 2754 1255 2808 illi
1289 2770 1304 2810 :
1341 2754 1436 2824 qui
1473 2765 1604 2808 vero
1653 2754 1901 2822 improba
1931 2770 2108 2808 enun-

527 2846 682 2905 tiauti
717 2860 840 2900 sese
861 2846 1143 2915 opposuit,
1195 2853 1295 2898 nec
1338 2844 1690 2898 exsecrandis
1737 2843 1881 2898 illius
1926 2843 2106 2900 verbis

525 2952 813 2993 assensum
847 2943 1108 3004 praestare
1129 2933 1416 2998 sustinuit,
1449 2933 1784 3005 respondere
1810 2936 2015 2989 dicitur
2039 2936 2106 2990 ad

527 3030 812 3084 ειιιιιὶιιειιιι
871 3026 1054 3092 illius;
1091 3026 1196 3080 hoc
1250 3033 1355 3086 est,
1412 3033 1604 3079 contra
1633 3024 1779 3079 illius
1815 3025 2101 3080 stultitiam
2130 3058 2178 3121 ο

529 3121 850 3191 palmarium
887 3117 1147 3185 optimum
1175 3117 1384 3181 habuit,
1417 3127 1791 3186 tropaeumque
1831 3131 2101 3172 consensu

525 3212 772 3266 omnium
796 3209 1000 3272 erexit,
1034 3233 1037 3236 -
1063 3208 1316 3276 pharetra
1347 3208 1670 3279 sagittarum
1720 3207 1964 3262 veritatis
1988 3249 2003 3272 ,
2039 3223 2104 3263 ac

527 3304 772 3357 caelestis
795 3301 1079 3370 sapientia:
1120 3299 1388 3354 adversus
1425 3298 1714 3353 stultitiam
1740 3337 1757 3363 ,
1800 3313 2104 3368 vanamque

527 3395 768 3464 improbi
793 3392 1049 3462 sophista:
1071 3390 1385 3460 Opinionem
1412 3404 1567 3444 usus.

913 3571 1002 3626 CX
1012 3569 1094 3624 LV
1107 3569 1190 3624 lll.
1231 3601 1295 3612 —
1328 3567 1718 3631 SOZO‘MENO.

596 3665 885 3719 Peccatum
918 3663 1054 3718 l‘nmi
1099 3664 1278 3718 instar
1316 3663 1583 3716 citissime
1613 3662 1973 3724 ιίίεεο.νιιιιι·;
2005 3659 2102 3714 de-

527 3757 637 3810 Iiita
665 3772 806 3810 .vero
837 3758 1049 3827 punitio
1073 3765 1130 3810 et
1177 3769 1337 3826 poena
1363 3755 1428 3810 ad
1455 3770 1580 3824 quae
1635 3756 1836 3810 saecula
1883 3763 2100 3824 protra-

527 3847 703 3902 hitur?
727 3849 774 3903 si
808 3850 921 3902 haac
951 3856 1130 3903 tecum
1158 3847 1614 3912 ronsideraveris,
1641 3848 1880 3900 maximo
1907 3848 2102 3901 timore

525 3949 582 3992 et
616 3949 853 3994 tremore
881 3939 1240 3993 concutieris.

629 4031 738 4101 62
769 4028 979 4084 CXLIX
1031 4027 1465 4083 ——COllNELlO
1501 4027 1988 4086 PRESBYTEllO.

596 4123 737 4188 Quid
771 4133 856 4177 est
882 4121 1028 4189 quod
1056 4120 1133 4174 ait
1162 4122 1460 4190 Apostolus
1494 4137 1507 4173 :
1541 4137 1560 4169 ι
1605 4119 1718 4175 Etsi
1744 4125 2101 4191 cognovimus

2209 472 2330 526 θεία
2359 470 2548 544 Γραφὴ
2581 470 2724 526 κατά
2754 470 2850 524 τοῦ
2883 470 3081 540 φθόνου
3107 470 3261 525 λαλεῖ
3285 485 3300 522 °.
3342 471 3491 526 πᾶσα
3520 474 3634 544 γάρ
3663 474 3791 543 ἁγία

2206 566 2594 634 προσφώνησις
2636 562 2782 618 κατά
2821 563 3022 625 παντὸς
3053 561 3154 632 μὲν
3196 562 3420 626 πάθους,
3471 563 3710 635 μάλιστα
3738 565 3794 617 δὲ

2209 656 2352 708 κατά
2381 653 2576 723 φθόνου
2609 654 2728 708 τοῦ
2752 653 2998 726 ὀλεθρίου
3037 653 3284 710 τίθεσθαι
3325 655 3516 709 είωθεν
3552 656 3792 726 ίσχυρώ-

2207 763 2346 800 τατα
2374 744 2534 800 ὅπλα.

2685 837 2882 905 PMG”.
2916 866 2986 878 ——-
3022 833 3106 902 Τῷ
3135 833 3317 902 αὐτῷ.
3777 890 3794 902 _

2290 949 2307 983 ι
2353 929 2656 995 Ἑπιποθεϊ,
2703 929 2891 999 φησὶν,
2918 929 2978 983 τὸ
3032 929 3284 1000 πνεῦμα,
3313 927 3342 981 ὑ
3395 926 3720 998 κατῴκησεν
3767 925 3825 977 ἀ

2208 1023 2341 1087 Θεδς
2395 1024 2454 1076 ὲν
2496 1024 2648 1093 ἡμῖν.
2685 1041 2704 1075 i
2754 1022 2820 1075 Τί
2849 1021 2905 1075 δὲ
2955 1021 3233 1088 ἐπιποθεῖ,
3271 1020 3664 1092 καὶξστέργει,
3698 1020 3797 1072 καὶ

2210 1115 2403 1187 ἀγαπᾷ
2431 1115 2499 1167 τὸ
2527 1114 2670 1167 θεῖον
2691 1113 2939 1185 Πνεῦμα,
2960 1114 2994 1184 ἢ
3023 1114 3122 1185 τὴν
3147 1115 3360 1177 ἕνωσιν,
3392 1113 3485 1166 καὶ
3506 1111 3793 1183 ὁμόνοιαν,

2210 1207 2310 1259 καὶ
2335 1205 2434 1276 τὴν
2467 1205 2822 1276 φιλαλληλίαν
2854 1204 2962 1258 τῶν
3004 1204 3286 1274 ἀδελφῶν;
3321 1203 3385 1256 Ἦ
3411 1203 3467 1256 δὲ
3506 1203 3698 1272 ἀγάπη
3730 1203 3799 1255 ὲκ

2209 1296 2713 1368 ταπεινοφροσύνης
2767 1297 2862 1350 καὶ
2916 1295 3206 1360 εὑλαδείας
3246 1298 3564 1356 κυΐσκεται,
3613 1294 3680 1347 τὸ
3737 1293 3800 1346 δὲ

2211 1392 2370 1460 μῖσος
2398 1391 2496 1443 καὶ
2527 1391 2561 1461 ὴ
2607 1389 2780 1463 πικρά
2813 1388 3087 1459 βασκανία
3130 1391 3193 1442 ἐκ
3219 1388 3320 1458 τῆς
3359 1386 3662 1460 ὑπεροψίας
3698 1386 3800 1438 καὶ

2207 1480 2498 1544 ἀλαζονίας
2553 1480 2950 1552 προσέρχεται·
2985 1479 3067 1532 διὸ
3105 1480 3350 1550 εἴρηται,
3387 1480 3468 1531 ὅτι
3500 1497 3518 1529 ι
3561 1477 3619 1530 ὐ
3655 1475 3800 1536 Θεὸς

2215 1573 2588 1644 ὑπερηφάνοις
2631 1573 3030 1636 ἀντιτάσσεται,
3063 1591 3082 1624 i
3127 1571 3216 1624 διά
3256 1571 3356 1640 τὴν
3389 1571 3649 1624 ἀπόνοιαν
3699 1571 3802 1621 αὑ-

2208 1665 2318 1718 τῶν
2353 1665 2906 1736 ἀντιστρατευόμενος
2931 1665 3138 1726 αὐτοῖς,
3165 1663 3417 1734 καθάπερ
3449 1658 3526 1732 τῷ
3559 1661 3802 1732 πρώτως

2208 1757 2306 1827 τὴν
2331 1757 2714 1828 ὑπερηφανίαν
2739 1758 3030 1827 νοσήσαντι
3072 1757 3286 1826 Σατανᾷ
3307 1771 3320 1785 ·
3360 1774 3378 1805 ι
3407 1755 3702 1820 Ταπεινοζς
3741 1753 3802 1805 δὲ

2207 1847 2392 1902 δίδωσι
2429 1848 2610 1919 χάριν,
2649 1867 2668 1900 ι
2699 1847 2969 1910 τουτέστι,
3009 1847 3358 1917 πνευματικά
3390 1862 3511 1899 τινα
3551 1844 3805 1914 πηγάζει

2207 1939 2527 2010 δωρήματα,
2575 1941 2688 2002 τοῖς
2733 1939 2820 1993 διά
2875 1939 2966 1991 τὸν
3017 1938 3150 1991 Θεὸν
3199 1934 3591 1990 ταπεινοῦσθαι
3629 1949 3805 1987 σπου-

2207 2027 2448 2092 δάζουσι.

2691 2113 2872 2170 PMZ'.
2906 2147 2976 2157 —
3011 2113 3097 2180 Τῷ
3123 2113 3304 2179 αὐτῷ.

2284 2227 2303 2259 ι
2346 2207 2437 2279 Μὴ
2470 2207 2792 2279 ἀποκρίνου,
2834 2207 2968 2278 φησι
2996 2205 3268 2276 Σολομῶν,
3297 2205 3378 2274 τῷ
3423 2204 3619 2274 ἄφρονι
3654 2201 3801 2254 κατά

2206 2297 2306 2369 τὴν
2345 2299 2658 2370 ἀφροσύνην
2709 2297 2897 2363 αὑτοῦ,
2940 2298 3026 2351 ἴνα
3083 2297 3158 2369 μὴ
3195 2299 3381 2368 ὅμοιος
3418 2297 3552 2367 γένῃ
3605 2293 3796 2363 αὐτῷ·

2179 2391 2505 2462 -ἀποκρίνου
2538 2389 2595 2443 δὲ
2622 2389 2701 2462 τῷ
2745 2389 2938 2461 ἄφρονι
2969 2389 3108 2460 πρὸς
3137 2387 3238 2459 τὴν
3267 2387 3578 2459 ἀφροσύνην
3601 2385 3795 2445 αὑτοῦ,

2209 2483 2297 2534 ῐνα
2322 2483 2398 2552 μὴ
2432 2483 2696 2553 φρόνιμος
2724 2481 2857 2550 παρ’
2884 2479 3066 2551 ’ἐαυτῷ
3092 2479 3368 2550 φαίνηται.
3395 2497 3415 2530 i
3454 2477 3512 2530 '0
3555 2477 3657 2547 μὲν
3686 2481 3758 2544 γά
3768 2493 3802 2545 ρ

2207 2572 2460 2627 λαλοῦντι
2489 2571 2568 2643 τῷ
2597 2573 2794 2642 ἄφρονι
2825 2573 2896 2626 τά
2928 2569 3317 2640 ἐναντιούμενα
3335 2570 3447 2632 τοῖς
3479 2567 3667 2638 νόμοις
3703 2564 3798 2618 τοῦ

2206 2664 2364 2729 Θεοῦ,
2400 2665 2496 2718 καὶ
2535 2663 2996 2736 προσκαλουμένῳ
3033 2664 3114 2726 είς
3154 2661 3429 2734 ἁμαρτίαν
3459 2673 3800 2726 συγκατατι-

2207 2757 2453 2828 θέμενος,
2498 2759 2593 2811 καὶ
2643 2757 2939 2820 συναινῶν,
2984 2752 3260 2824 ἀπεκρίθη
3299 2752 3443 2806 κατὰ
3495 2750 3594 2822 τὴν
3618 2750 3799 2818 ἀφρο-

2208 2848 2376 2918 σύνην
2401 2847 2495 2900 τοῦ
2518 2846 2769 2917 ἄφρονος,
2803 2845 2898 2898 καὶ
2921 2842 3178 2914 ὡμοιώθη
3210 2841 3388 2912 αὐτῷ’
3422 2841 3450 2893 ό
3481 2839 3525 2892 δ’
3567 2842 3796 2892 ἀντι-«τα⁹

2207 2937 2440 3010 ξάμενος
2472 2937 2548 3009 τῷ
2569 2937 2830 3010 φράζοντι
2859 2935 2927 2990 τὰ
2954 2935 3153 3005 φαῦλα,
3185 2934 3280 2987 καὶ
3310 2933 3384 3005 μὴ
3419 2931 3796 3002 ἀνασχόμενος

2208 3031 2488 3084 συνδιάσαι
2527 3029 2605 3100 τῷ
2650 3029 3087 3100 μιαρορρήμονι,
3137 3022 3529 3096 ἀποκρίνεσθαι
3570 3023 3797 3092 λέγεται

2206 3121 2343 3192 πρὸς
2390 3121 2490 3193 τὴν
2521 3119 2834 3193 ἀφροσύνην
2863 3117 3312 3182 αὑτοῦ,τουτέστι
3337 3115 3478 3168 κατά
3496 3115 3593 3184 τῆς
3614 3115 3795 3184 appo-

2207 3215 2370 3285 σύνης
2393 3213 2559 3267 αὑτοῦ
2580 3211 2875 3283 ἀπεδείχθη
2905 3212 3125 3280 ἀριστος
3152 3207 3378 3278 νικητὴς
3405 3205 3796 3277 τροπαιοῦχος,

2203 3310 2269 3378 τῇ
2293 3304 2557 3377 βελοθήκῃ
2575 3305 2673 3375 τῆς
2701 3303 2980 3373 ἀληθείας,
3003 3302 3216 3371 καὶτῆς
3239 3300 3562 3372 ἐπουρανίου
3597 3301 3793 3368 σοφίας

2203 3396 2546 3466 χρησάμενος
2594 3395 2733 3448 κατά
2765 3398 2864 3464 τῆς
2906 3391 3238 3465 ἀφροσύνης,
3279 3391 3377 3443 καὶ
3411 3390 3512 3460 τῆς
3547 3392 3794 3460 ματαίας

2187 3490 2432 3560 ὀίησεως
2472 3487 2567 3539 τοῦ
2597 3486 2836 3556 πονηροῦ
2869 3483 3149 3554 σοφιστοῦ.

2646 3578 2834 3632 mm.
2868 3607 2936 3618 —
2966 3574 3350 3648 ΣΩΖΟΜΕΝῼ.

2287 3669 2351 3722 Ἠ
2383 3669 2480 3739 μὲν
2507 3668 2752 3738 ἁμαρτία
2795 3666 2952 3736 δίκην
3007 3665 3218 3719 καπνοῦ
3245 3665 3438 3718 θᾶττον
3467 3664 3748 3718 διαλύεται
3774 3680 3791 3693 ο

2202 3759 2236 3829 ὴ
2275 3758 2332 3810 δὲ
2365 3757 2690 3828 ὀφειλομένη
2724 3755 2990 3826 τιμωρία,
3033 3756 3127 3808 καὶ
3162 3756 3403 3818 κόλασις,
3437 3756 3529 3806 ἐπὶ
3587 3755 3790 3816 πόσους

2204 3849 2407 3909 αἰῶνας
2434 3848 2727 3901 ἐντείνεται
2753 3865 2770 3914 ;
2804 3845 2931 3899 Ἐάν
2962 3845 3173 3916 λογίσῃ,
3225 3843 3512 3915 φοϐηθήση
3548 3843 3789 3912 μεγάλα,

2203 3940 2296 3994 καὶ
2326 3939 2644 4012 τρομάξεις.

2418 4031 2598 4084 mea
2629 4025 3062 4100 -ΚΟΡΝΗΛΙῼ
3102 4026 3570 4097 ΠΡΕΣΒΥΤΕΡῼ.

2270 4121 2336 4175 Τί
2405 4125 2590 4186 ἐστιν,
2646 4123 2782 4193 ὅπερ
2839 4122 3002 4194 φησὶν
3059 4122 3088 4174 ό
3151 4119 3504 4183 ’Δπόστολοςο
3549 4135 3568 4169 ι
3615 4117 3678 4169 El
3731 4115 3791 4169 δὲ

521 4215 828 4270 secundum
876 4227 1100 4268 carnem
1149 4212 1433 4266 Christum
1463 4249 1478 4274 ,
1507 4212 1603 4266 sed
1661 4227 1807 4266 nunc
1853 4213 2097 4268 nondum

2213 4216 2296 4268 ml.
2353 4213 2676 4285 ἐγνώκαμεν
2729 4214 2873 4267 κατά
2917 4214 3097 4285 σάρκα
3143 4212 3413 4285 Χριστὸν,
3485 4209 3626 4264 ἀλλά
3694 4209 3791 4262 νῦν

525 4305 913 4375 cognoscimus
929 4304 1012 4358 ⁸δῖ
1041 4322 1061 4355 ι
1087 4301 1332 4372 Namque
1355 4311 1575 4371 prapter
1596 4316 1840 4357 nostram
1865 4305 2096 4359 salutem

2213 4303 2382 4356 ιύκέτι
2437 4300 2819 4372 γινώσκομεν;
2868 4320 2886 4353 i
2946 4301 3165 4374 Ἐπειδὴ
3214 4302 3304 4358 διά
3369 4300 3470 4372 τὴν
3511 4297 3792 4371 ἡμετέραν

527 4397 795 4451 Dominus
835 4396 997 4448 homo
1017 4394 1229 4454 lactus,
1264 4403 1318 4446 et
1346 4409 1472 4446 cum
1523 4395 1836 4449 hominibus
1876 4410 2105 4448 conver-

2213 4393 2483 4464 σωτηρίαν
2511 4395 2540 4445 δ
2566 4393 2845 4463 Δεσπότης
2870 4393 3158 4464 ἅνθρωπος
3198 4393 3510 4463 γενόμενος,
3543 4392 3639 4444 καὶ
3673 4393 3791 4454 toi;

525 4495 702 4547 satus.
729 4495 789 4540 ut
811 4486 1087 4555 prepriam
1107 4485 1546 4538 incarnationem
1567 4499 1750 4538 veram
1766 4486 2101 4550 ostenderet;

527 4593 640 4632 non
671 4585 882 4631 tantum
924 4577 1190 4646 puerulus
1217 4575 1398 4629 adhuc
1427 4575 1512 4628 lac
1544 4575 1716 4636 suxit,
1747 4583 1804 4626 ιιι
1835 4577 1996 4640 plane
2027 4575 2105 4628 vi-

527 4668 785 4734 debatur,
822 4667 917 4722 sed
956 4668 1177 4722 adultus
1221 4667 1388 4720 etiam
1425 4667 1660 4720 comedit
1689 4707 1704 4730 ,
1757 4675 1812 4720 et
1859 4665 2012 4730 bibit,
2048 4673 2103 4719 et

529 4759 824 4821 laboravit,
841 4767 896 4812 et
918 4773 1172 4812 somnum
1199 4759 1365 4827 Cepit,
1389 4757 1624 4827 ﬂagellis
1648 4772 1848 4816 caesus,
1864 4765 1920 4808 et
1947 4757 2098 4810 cruel

527 4847 720 4905 alllxus
737 4857 840 4913 est,
877 4859 986 4904 etc.
1015 4849 1274 4902 Attamen
1305 4856 1427 4917 post
1460 4849 1630 4912 ipsius
1653 4863 1718 4900 ex
1746 4849 1980 4900 mortuis
2008 4862 2093 4900 re-

527 4941 948 5004 surrectionem,
988 4958 1095 4994 non
1129 4941 1362 5010 amplius
1387 4940 1635 5008 corporis
1663 4939 2103 5006 aegritudinibos,

524 5040 582 5086 et
659 5031 1089 5086 necessitatibus
1135 5030 1403 5099 subiacet.
1459 5027 1753 5096 Pmpterea
1804 5029 2103 5096 Apostolus

525 5123 602 5173 ait
629 5137 645 5174 :
673 5119 790 5174 Non
825 5121 968 5173 ultra
1018 5119 1696 5189 cognoscimusChristum
1728 5119 2101 5187 passionibus,

525 5211 962 5275 inﬁrmitatibus,
989 5220 1044 5265 et
1081 5211 1242 5264 morti
1283 5211 1607 5264 obnoxium.
1635 5209 1828 5264 Virtus
1857 5227 2095 5280 namque

525 5301 834 5357 divinitatis
865 5301 1014 5355 illius
1042 5301 1279 5355 humana
1322 5301 1507 5355 omnia
1531 5301 1832 5370 superavit.
1863 5302 1928 5354 Et
1975 5303 2100 5356 licet

526 5409 696 5461 nunc,
727 5403 781 5449 et
817 5396 871 5448 in
909 5394 1091 5447 futura
1122 5395 1320 5448 saecula
1353 5395 1407 5448 in
1443 5403 1638 5448 saneto
1661 5409 1918 5464 corpore,
1952 5397 2098 5464 quod

527 5497 687 5542 antea
715 5485 822 5541 sub
845 5483 1020 5540 Pilato
1045 5485 1199 5540 cruci
1249 5483 1473 5542 aflixum
1503 5485 1606 5541 fuit
1629 5525 1645 5552 ,
1694 5495 1750 5541 et
1799 5487 2100 5556 sepulturae

2209 4484 2517 4556 ἀνθρώποις
2551 4485 3125 4556 συναναστρεφόμενος
3145 4526 3160 4548 ,
3221 4485 3310 4538 ἵνα
3342 4481 3487 4554 δείξῃ
3528 4482 3791 4552 ἀληθινὴν

2205 4577 2305 4647 τὴν
2333 4575 2540 4629 οίκείαν
2577 4577 2875 4647 σάρκωσιν,
2923 4577 2983 4628 οὑ
3021 4576 3179 4647 μόνον
3209 4574 3548 4644 ἐγαλουχήθη
3587 4573 3788 4644 βρέφος

2204 4669 2490 4738 τυγχάνων
2538 4668 2678 4721 κατά
2703 4668 2764 4720 τὸ
2810 4668 3140 4738 βλεπόμενον
3162 4708 3177 4730 ,
3213 4667 3352 4720 ἀλλά
3405 4671 3500 4719 καὶ
3528 4666 3788 4736 αὐξηθεὶς

2209 4759 2455 4830 βέϐρωκε
2498 4777 2557 4814 τε
2591 4762 2685 4814 καὶ
2730 4760 2986 4813 πέπωκεν
3014 4803 3031 4826 ,
3068 4760 3325 4813 ἐκοπίασέ
3365 4777 3422 4812 τε
3465 4758 3558 4811 καὶ
3606 4757 3787 4810 ῦπνω-

2206 4869 2336 4915 σεν,
2383 4851 2691 4922 ἐμαστίχθη
2741 4868 2801 4902 τε
2846 4851 2939 4904 καὶ⁹
2989 4849 3332 4921 ἐσταυρώθη,
3378 4852 3470 4902 καὶ
3511 4848 3581 4900 τὰ
3633 4848 3780 4916 ἑξῆς.

2204 4945 2359 4997 Μετά
2386 4943 2442 4995 δὲ
2473 4943 2570 5012 τὴν
2594 4943 2890 4996 ἀνάστασιν
2912 4942 3079 4994 αὑτοῦ
3108 4941 3204 5012 τὴν
3244 4943 3309 4994 ὲκ
3337 4940 3570 5011 νεκρῶν,
3596 4941 3779 4993 οὐκέτι

2203 5034 2504 5088 ὑποπίπτει
2538 5036 2658 5095 ταῖς
2685 5032 2778 5085 τοῦ
2811 5033 3061 5103 σώματος
3087 5032 3414 5096 ἀσθενείαις,
3446 5034 3538 5084 καὶ
3573 5032 3785 5102 χρείαις

2204 5126 2560 5193 ἀναγκαίαις·
2595 5125 2682 5176 διά
2713 5123 2868 5176 τοῦτό
2898 5141 3062 5195 φησιν
3096 5126 3124 5176 ό
3166 5125 3508 5186 Ἀπόστολος,
3530 5126 3624 5176 ὅτι
3645 5124 3782 5175 Οὖκὲ

2208 5214 2288 5264 έτι
2328 5211 2671 5295 γινώσκομεν
2719 5210 2808 5263 τὸν
2843 5193 3077 5282 Χριστὸν
3116 5212 3380 5284 παθητὸν,
3418 5215 3513 5265 καὶ
3554 5213 3778 5280 ἀσθενῆ,

2209 5303 2304 5356 καὶ
2341 5302 2663 5373 θνήσκοντα.
2705 5301 3016 5372 Ἐξενίκησε
3057 5303 3227 5374 γάρὴ
3266 5304 3496 5373 δύναμις
3539 5304 3638 5374 τῆς
3668 5304 3782 5355 θεό-

2189 5413 2366 5466 τητος
2398 5395 2566 5448 αὑτοῦ
2595 5397 2776 5450 πάντα
2804 5396 2871 5449 τὰ
2901 5398 3236 5468 ἀνθρώπινα.
3264 5397 3381 5450 Κᾶν
3406 5398 3514 5469 γὰρ
3546 5398 3780 5467 ὑπάρχει

2206 5491 2303 5543 καὶ
2339 5489 2456 5554 νῦν,
2487 5489 2581 5543 καὶ
2609 5492 2690 5553 εἰς
2718 5490 2844 5554 τοὺς
2878 5489 3082 5552 αἰῶνας
3112 5490 3169 5542 ἐν
3190 5489 3267 5560 τῷ
3287 5489 3428 5558 ἁγίῳ
3455 5487 3670 5559 σώματι

600 5666 643 5696 ⁸⁸
674 5664 884 5728 Jac.iv,
925 5665 978 5719 5.
1055 5665 1100 5696 "
1142 5664 1305 5722 Prov.
1361 5680 1439 5733 ιιι,
1477 5667 1546 5723 Si
1595 5666 1759 5734 ςιῐειο.
1800 5685 1882 5738 .iv,
1917 5670 1970 5724 6.
2048 5671 2094 5706 ⁸³

2213 5671 2273 5726 ΑΙ.
2352 5671 2396 5702 ιδ
2429 5670 2589 5725 Prov.
2627 5637 2864 5736 xxi/1,4,
2892 5669 2946 5725 5.
3023 5669 3068 5701 ει
3109 5667 3150 5722 ιι
3187 5668 3316 5725 Cor.
3348 5686 3400 5733 v,
3434 5667 3522 5722 is.
