3882 6036
496 270 598 341 147

1959 287 2020 347 S.
2058 285 2219 348 NIIJ

3649 299 3764 363 148

491 387 547 444 in
573 389 856 444 humerum
882 400 1033 443 tuum
1052 381 1135 456 ⁸³’ς
1177 409 1195 441 ι
1223 390 1325 446 hoc
1341 402 1443 455 est,
1462 392 1601 446 bona
1617 391 1884 449 desideria
1902 394 2040 448 educ

2177 394 2270 448 ἱίαν
2311 413 2406 449 σου
2437 413 2518 459 εις
2548 397 2638 449 τὸν
2673 388 2823 468 ὦμον
2857 413 2952 450 σου
2985 415 2998 429 ⁸
3039 418 3057 451 ›
3093 417 3386 469 τουτεστιν,
3435 406 3501 460 τὰ
3555 409 3764 477 ἀγαθὰ

489 494 546 535 in
576 495 715 551 Opus
743 480 919 534 laetus
948 496 1240 550 operosus.

696 651 1040 709 CLVl.—CH
1050 653 1420 713 RYSOGONO
1435 657 1844 714 CLESVALIO.

557 739 618 796 Si
643 743 768 813 quis
787 759 854 798 ex
874 746 1238 816 ineptissimis
1261 750 1467 817 optima
1489 764 1718 819 quaeque
1735 749 2057 804 calumniari

2160 484 2506 556 βουλεύματα
2561 489 2642 550 εἰς
2705 487 2866 557 ἔργον
2897 473 3159 561 Νὲξάγαγε
3224 499 3525 565 πρακτικὸς
3580 473 3760 571 γενό-

2203 593 2339 632 ενος.

2203 593 2290 630 ενο
2326 617 2339 632 .

2161 593 2200 646 μ
2294 595 2320 641 ς
2359 666 2543 734 ΡΝςσ.
2577 700 2643 710 —
2668 668 3075 742 ΧΡΥΣΟΓΟΝῼ
3103 672 3558 749 ΚΛΗΣΟΥΑΛῙῼ.

2208 758 2299 816 ⁴Εί
2331 776 2414 822 τις
2446 759 2690 829 βούλοιτο
2737 761 2848 814 τῶν
2876 762 3214 819 ἀπαιδεύτων
3240 776 3760 839 κατασυκοφαντείν

485 840 541 886 et
601 850 630 888 a
683 835 971 890 mendacio
1030 836 1315 891 exordium
1389 838 1633 902 ducere,
1683 849 2050 910 perpetuoque

2177 850 2263 902 ιὲν
2290 851 2359 904 τὰ
2392 849 2666 920 βέλτιστα,
2701 853 2796 906 καὶ
2827 854 2936 908 ἀπὸ
2961 854 3189 923 ψεύδους
3208 859 3488 929 ἄρχεσθαι,
3518 835 3617 915 καὶ
3649 881 3758 916 κα-

487 924 654 979 etiam
690 926 743 979 in
779 926 1128 980 mendacium
1169 926 1429 983 desinere
1474 929 1627 991 velit,
1659 930 1830 984 dicito
1880 930 2012 984 mihi
2043 969 2059 994 ,

487 1016 542 1068 in
584 1031 877 1084 quemnam
909 1015 1124 1070 desinet
1149 1026 1246 1069 aut
1274 1015 1580 1071 adducetur
1614 1018 1774 1072 linem
1802 1019 1827 1072 ἰ

788 1105 897 1176 65
925 1104 1131 1161 CLVII.
1157 1137 1228 1146 ·-
1249 1104 1733 1162 THEOGNOSTO.

521 1193 722 1272 forte
771 1197 1029 1265 ignoras,
1084 1197 1158 1250 mi
1213 1195 1404 1262 frater,
1453 1199 1624 1269 legem
1676 1198 1769 1254 Dei
1803 1201 2054 1255 custodi-

482 1291 594 1337 tam
615 1323 630 1347 ,
672 1297 896 1340 servare
921 1326 937 1351 ,
977 1287 1261 1342 custodire
1300 1295 1356 1342 et
1396 1295 1583 1358 tegere
1611 1302 1708 1343 eos
1729 1327 1744 1352 ,
1775 1290 1870 1358 qui
1909 1290 2055 1344 illam

481 1384 708 1429 servare
733 1384 790 1430 et
818 1377 1101 1437 custodire
1133 1392 1258 1433 cum
1289 1379 1595 1434 sobrietate
1621 1387 1899 1450 satagunt.

888 1556 1117 1612 CLVIII.
1143 1587 1213 1599 —-
1236 1556 1634 1613 DECURIONI.

547 1644 738 1716 Neque
785 1648 1100 1703 universum
1143 1663 1323 1704 acrem
1355 1649 1558 1717 aliquis
1605 1664 1849 1718 unquam
1900 1648 2060 1704 duxit

486 1745 536 1790 et
573 1737 824 1802 relluxit,
878 1753 1060 1807 neque
1093 1738 1396 1794 essentiam
1434 1737 1530 1792 Dei
1580 1739 1745 1807 plane
1788 1737 1928 1792 bene
1962 1745 2057 1790 aut
2088 1734 2128 1790 Β

485 1841 636 1882 mens
665 1827 849 1896 cepit,
879 1838 975 1880 aut
998 1841 1101 1881 vox
1131 1827 1416 1896 complexa
1457 1835 1574 1893 est;
1606 1827 1701 1882 sed
1731 1842 1799 1882 ex
1840 1827 1908 1881 iis
1933 1841 2056 1895 qua-

484 1919 627 1973 circa
657 1934 781 1973 eum
824 1927 991 1980 sunt,
1035 1934 1158 1986 quae
1196 1919 1348 1972 illius
1392 1927 1522 1973 stmt
1548 1919 1717 1973 veluti
1768 1917 1822 1971 in
1864 1917 2054 1972 umbra

485 2008 824 2080 tﬂingentes,
854 2009 1093 2066 debilem
1125 2009 1418 2078 quamdam
1450 2022 1516 2063 ac
1541 2007 1868 2062 imbecillem
1894 2008 2055 2060 aliam
2092 2055 2097 2059 .

483 2101 550 2157 ab
575 2101 680 2157 alia
713 2102 1006 2173 imaginem
1030 2143 1047 2167 ,
1088 2109 1251 2172 atque
1279 2111 1605 2170 conceptum
1643 2100 2023 2170 exprimimus.

1012 2193 1196 2251 CLIX.
1226 2224 1296 2234 —
1321 2194 1529 2250 Eidem.

562 2305 581 2338 ι
638 2287 885 2356 Angusta
918 2286 1114 2356 janua,
1161 2295 1217 2340 et
1255 2292 1407 2339 arcta
1445 2286 1531 2339 via
1577 2294 1695 2346 est,
1733 2300 1856 2354 qua:
1899 2284 2055 2339 ducit

485 2395 539 2435 In
570 2379 736 2433 vitam
760 2417 775 2441 ,
807 2387 862 2434 et
901 2377 1062 2448 pauci
1117 2385 1281 2439 sunt,
1311 2377 1405 2447 qui
1456 2376 1876 2446 deprehendunt
1927 2375 1991 2428 “.
2029 2395 2048 2427 ι

484 2471 544 2527 Si
603 2471 790 2542 itaque
863 2473 1104 2541 quieam
1165 2469 1586 2539 deprehendunt
1664 2469 1822 2538 pauci
1887 2475 2052 2531 sunt,

484 2563 658 2618 multo
696 2563 986 2634 pauciores
1038 2573 1204 2618 erunt
1247 2563 1343 2632 qui
1382 2562 1611 2617 introire
1645 2561 1908 2626 valeant;
1946 2575 2055 2615 nou

486 2665 768 2711 tntroeunt
802 2669 935 2710 vero
964 2654 1035 2709 ob
1084 2655 1360 2724 propriam
1399 2653 1811 2724 negligentiam.

1038 2744 1196 2800 CLX.
1224 2775 1294 2786 —-——
1319 2744 1527 2798 Eidem.

553 2837 707 2894 Mens
749 2845 836 2892 est
882 2836 1140 2903 domina,
1189 2851 1382 2892 servus
1432 2835 1753 2890 caruncula.
1805 2833 1882 2889 Ne
1924 2848 2057 2903 ergo

485 2930 845 2987 immoderata
895 2929 1138 3000 ingluvie
1183 2943 1402 2984 servum
1437 2927 1660 2992 foveas,
1698 2941 1768 2982 ne
1811 2927 2057 2995 propriae

486 3036 758 3078 mensura:
807 3021 1015 3076 oblitus
1046 3018 1391 3091 tyrannidem
1441 3020 1714 3088 arripiat,
1745 3019 2057 3088 audeatque

485 3131 642 3170 arma
673 3115 727 3169 in
761 3128 1140 3184 possessorem
1195 3111 1423 3166 inferre.
1472 3112 1768 3181 Propterea
1797 3110 2054 3165 Salomon

484 3206 796 3262 insolentia:
873 3205 1126 3274 corporis
1200 3203 1428 3257 minime
1503 3203 1729 3274 ignarus
1797 3205 2053 3258 dicebat:

488 3317 508 3348 ι
541 3297 660 3352 Νοιι
713 3296 975 3352 conducit
1026 3297 1195 3351 stulto
1243 3296 1440 3360 luxus,
1497 3295 1625 3349 licet
1664 3310 1856 3350 servus
1904 3295 2058 3349 inso-

484 3387 664 3443 lenter
696 3387 753 3441 in
781 3387 1063 3456 proprium
1097 3387 1286 3440 herum
1319 3386 1605 3455 imperium
1644 3392 1826 3439 teneat
1855 3386 1921 3436 ⁸⁵.
1964 3403 1983 3436 ι

931 3568 1043 3638 θθ
1073 3567 1253 3621 CLXI.
1283 3597 1352 3608 —
1379 3565 1584 3622 Eidem.

558 3659 617 3715 Si
659 3659 1027 3730 principatum
1079 3661 1377 3729 provinciae
1428 3668 1615 3715 tenere
1665 3662 1857 3730 cupis,
1891 3659 2056 3714 inho-

485 3753 808 3816 noraberis;
839 3752 885 3806 si
915 3767 1046 3804 vero
1083 3759 1136 3804 te
1167 3751 1576 3816 ltutniliaveris,
1614 3751 2053 3806 misericordiam

483 3844 862 3915 consequeris.
888 3841 1162 3914 Scriptum
1189 3852 1274 3899 est
1301 3844 1448 3897 enim
1475 3861 1491 3899 :
1530 3860 1549 3893 ι
1581 3841 1726 3897 Deus
1769 3841 2057 3898 elI‘undens

485 3952 653 4008 super
745 3935 1018 4006 principes
1102 3937 1491 4005 opprobrium,
1577 3935 1813 3992 humiles
1875 3936 2054 3990 salva-

485 4035 564 4088 vit
590 4033 657 4086 ⁶⁶.
691 4052 710 4085 ι

764 4123 968 4181 CLXII.
1003 4120 1339 4178 ——CBISPO
1371 4120 1782 4178 SCHOLARIO.

472 4243 476 4248 -
553 4214 850 4283 Nonnulli,
899 4229 1228 4284 superquam
1284 4229 1381 4282 par
1435 4224 1557 4279 est,
1599 4213 2056 4270 considerationi-

484 4309 590 4363 bus
619 4308 814 4365 ell‘usi.
845 4309 1143 4378 opinantes
1181 4323 1240 4361 se
1269 4305 1447 4374 majus
1487 4295 1769 4376 quidpiam
1803 4321 2056 4376 compre-

2159 942 2428 995 ταπαύειν
2456 943 2537 1005 εἰς
2560 942 2753 1012 ψεῦδος
2779 946 3061 1016 διηνεκῶς,
3094 949 3302 1020 φράσον
3332 967 3444 1022 μοι,
3471 954 3552 1017 εἰς
3582 957 3756 1008 ποῖον

2157 1032 2331 1104 λήξει,
2362 1035 2458 1089 καὶ
2487 1037 2816 1107 καταντήσει
2841 1039 3042 1109 πέρας;

2581 1129 2751 1186 ΡΝΖ’.
2783 1159 2854 1172 -—
2895 1131 3312 1206 ΘΕΟΓΝΩΣΤῼ.

2231 1219 2393 1283 Ἴσως
2429 1219 2663 1288 ἀγνοεῖς,
2697 1220 2913 1291 ἀδελφὲ,
2961 1223 3043 1276 ὅτι
3071 1225 3098 1276 ὁ
3136 1226 3295 1294 νόμος
3334 1225 3431 1278 τοῦ
3474 1225 3611 1279 Θεοῦ
3643 1241 3752 1295 τη-

2159 1307 2255 1378 ρού
2264 1325 2443 1380 μενος,
2470 1312 2655 1380 τηρεῖν
2692 1311 2787 1364 καὶ
2815 1313 3089 1384 φρουρεῖν,
3129 1314 3223 1368 καὶ
3252 1316 3610 1384 περισκέπειν
3635 1315 3746 1367 πέ-

2160 1417 2334 1469 φυκεν
2361 1403 2486 1465 τοὺς
2514 1404 2702 1474 τηρεῖν
2733 1402 2945 1464 τοῦτον,
2979 1405 3072 1457 καὶ
3115 1405 3403 1475 φυλάττειν
3436 1406 3534 1460 σὺν
3572 1406 3749 1477 νήψει

2161 1493 2578 1558 σπουδάζοντας.

2585 1585 2760 1638 ΡΝΗ¹.
2782 1616 2850 1626 -—
2872 1585 3306 1642 ΔΕΚΟΥΡΙΩΝΙ.

2232 1675 2370 1730 Οὔτε
2435 1677 2571 1747 ἀέρα
2607 1677 2727 1730 ὅλον
2789 1678 3016 1731 ἔπνευσέ
3053 1696 3136 1742 τις
3191 1679 3593 1745 subit-016,061:
3641 1682 3744 1734 οὐ·

2158 1768 2279 1822 σίαν
2329 1765 2462 1820 Θεοῦ
2518 1766 2816 1833 παντελῶς,
2870 1767 2904 1838 ἢ
2955 1768 3079 1832 νοῦς
3113 1767 3452 1840 κεχώρηκεν,
3494 1770 3529 1840 ἢ
3578 1771 3742 1839 φωνὴ

2156 1859 2501 1929 περιέλαϐεν,
2532 1857 2644 1913 ἀλλ’
2677 1862 2740 1912 ὲκ
2777 1859 2885 1913 τῶν
2917 1861 3044 1931 περὶ
3074 1861 3238 1915 αὑτὸν
3271 1864 3742 1934 σκιογραφοῦντες

2153 1954 2223 2006 τά
2253 1955 2371 2007 κατ’
2406 1953 2589 2017 αὐτὸν,
2630 1955 2876 2027 ἀμυδράν
2913 1956 3180 2033 τιναηκαὶ
3207 1956 3407 2028 ἀσθενῆ
3440 1957 3607 2029 ἄλλην
3638 1957 3740 2014 ἀπ’

2155 2044 2322 2116 ἄλλης
2343 2045 2643 2116 φαντασίαν
2670 2045 3022 2117 συλλέγομεν.

2621 2222 2794 2279 ΡΝΘ’.
2836 2254 2904 2264 --
2941 2224 3025 2290 Ίῷ
3069 2222 3248 2291 αὐτῷ.

2237 2315 2435 2386 ιΣτενὴ
2460 2316 2492 2384 η
2528 2314 2694 2386 πύλη,
2726 2317 2820 2368 καὶ
2848 2316 3181 2388 τεθλιμμένη
3204 2319 3237 2388 ή
3259 2317 3375 2382 ὁδὸς
3390 2319 3423 2389 ἡ
3441 2317 3738 2387 ἀπάγουσα

2155 2407 2237 2467 εἰς
2260 2405 2358 2475 τὴν
2379 2405 2544 2474 ζωὴν,
2563 2407 2656 2459 καὶ
2684 2406 2850 2474 ὀλίγοι
2877 2407 3013 2459 εἰσὶν
3036 2409 3083 2459 οἰ
3115 2408 3458 2482 εὑρίσκοντες
3485 2408 3683 2479 αὑτήν.
3714 2428 3733 2459 ι

2166 2500 2224 2551 Η
2257 2497 2433 2552 τοίνυν
2479 2499 2528 2551 οἰ
2561 2499 2901 2570 εὑρίσκοντες
2940 2499 3274 2569 ὑπάρχουσιν
3315 2497 3503 2566 ὀλίγοι,
3539 2498 3740 2567 ὀλιγώ-

2154 2609 2304 2663 τεροι
2343 2591 2411 2646 ἂν
2439 2587 2548 2644 εἶεν
2582 2593 2633 2644 οἱ
2674 2590 2938 2644 εἰσελθεῖν
2975 2590 3335 2661 ὲξισχύοντεςο
3379 2591 3479 2644 οὐκ
3525 2591 3740 2644 εἰσελυ-

2156 2683 2350 2757 λήθασι
2380 2682 2438 2736 δὲ
2467 2681 2556 2737 διὰ
2583 2683 2787 2737 οἰκείαν
2814 2681 3093 2753 ἀμέλειαν.

2666 2773 2785 2827 ΡΞν.
2819 2805 2890 2814 —
2922 2773 3005 2840 Τῷ
3041 2773 3221 2839 αὐτῷ.

2222 2867 2498 2937 Δεσπότης
2523 2867 2670 2920 ἐστὶν
2709 2867 2737 2918 ὁ
2764 2865 2906 2929 νοῦς,
2934 2864 3116 2928 δοῦλος
3143 2865 3202 2920 δὲ
3255 2866 3316 2920 τὸ
3356 2866 3614 2938 σαρκίον.
3643 2864 3738 2936 Μὴ

2156 2959 2335 3013 τοίνυν
2355 2958 2446 3012 τὸν
2484 2957 2671 3012 δοῦλον
2693 2957 2950 3027 ἀμέτρως
2977 2955 3246 3028 θεράπευε
3273 2955 3362 3009 διὰ
3382 2973 3737 3026 γαστριμαρ-

2083 3083 2126 3140 c
2158 3049 2304 3117 γίας,
2353 3050 2440 3103 ἵνα
2475 3049 2550 3119 μὴ
2601 3045 2989 3117 ἐπιλαθόμενος
3035 3046 3145 3100 τῶν
3196 3046 3344 3100 ἰδίων
3381 3047 3594 3117 μέτρων
3655 3047 3737 3107 εις

2158 3139 2453 3212 τυραννίδα
2488 3137 2638 3210 ἔλθῃ,
2673 3140 2769 3190 καὶ
2804 3136 2944 3191 ὅπλα
3004 3136 3252 3208 τολμήσῃ
3297 3133 3428 3207 ἆραι
3455 3133 3599 3190 κατὰ
3635 3135 3734 3188 τοῦ

2157 3233 2526 3303 κτησαμένου·
2589 3232 2774 3302 διόπερ
2829 3234 2857 3284 ὁ
2907 3229 3161 3301 Σολομὼν
3218 3225 3579 3301 ἐπιστάμενος
3631 3228 3735 3299 τὴν

2158 3323 2473 3395 ἀφροσύνην
2499 3323 2599 3376 τοῦ
2631 3323 2882 3394 σώματος
2918 3322 3124 3391 ἔλεγεν·
3172 3340 3192 3373 ι
3230 3322 3304 3376 Ού
3335 3323 3606 3393 συμφέρει
3654 3319 3733 3390 τῷ

2157 3415 2354 3484 ἄφρονι
2393 3415 2428 3484 ἡ
2456 3411 2656 3490 τρυφῇ,
2689 3413 2794 3466 κᾶν
2826 3413 3048 3485 οἰκέτης
3075 3412 3220 3484 ἄρχῃ
3253 3411 3373 3482 μεθ’
3401 3411 3612 3483 ὕϐρεως
3634 3411 3732 3464 τοῦ

2159 3507 2292 3560 ἰδίου
2321 3506 2598 3559 δεσπότου.
2643 3524 2662 3555 ι

2636 3594 2802 3648 PEA'.
2836 3624 2905 3636 --
2942 3594 3028 3659 Τῷ
3070 3592 3253 3658 αὐτῷ.

2229 3690 2326 3742 "Av
2357 3686 2534 3759 βούλει
2579 3686 2768 3757 ἄρχειν
2809 3688 2909 3756 τῆς
2939 3685 3226 3758 ἐπαρχίας,
3276 3681 3620 3753 ἀτιμωθήσῃ·
3665 3679 3730 3733 ἂν

2154 3780 2213 3833 δὲ
2270 3778 2465 3832 σαυτὸν
2502 3775 2864 3847 ταπεινώσῃς,
2922 3774 3212 3846 ἐλεηθήσῃ·
3257 3774 3566 3843 γέγραπται
3597 3771 3729 3839 γὰρ,

2155 3872 2236 3925 ὅτι
2265 3890 2283 3922 ι
2329 3870 2387 3924 '0
2408 3869 2540 3931 Θεὸς
2572 3868 2775 3938 ὲκχέων
2803 3868 2892 3921 ἐπ’
2919 3867 3182 3938 ἄρχοντας
3208 3866 3451 3935 ἀτιμίαν,
3479 3865 3606 3927 τοὺς
3631 3879 3730 3915 τα-

2156 3964 2372 4025 πεινοὺς
2407 3960 2613 4014 ἰάσατο.
2664 3978 2682 4009 ι

2470 4136 2720 4189 ΡΞΒ’.--
2748 4133 3004 4204 ΚΡΙΣΠῼ
3051 4129 3410 4206 ΣΧΟΛΔΡΙῼ.

2225 4231 2378 4293 Τινὲς
2425 4229 2566 4298 ὑπὲρ
2615 4227 2676 4279 τὸ
2709 4226 2826 4279 δέον
2853 4227 2918 4294 τῇ
2972 4224 3152 4293 ἐννοίᾳ
3204 4221 3614 4286 ὲπεκταθὲντες,
3649 4221 3727 4279 ὡς

2158 4320 2440 4383 δοκοῦντές
2475 4336 2529 4372 τι
2578 4317 2762 4388 μεῖζον
2799 4316 3152 4380 καταλαϐεῖν,
3197 4315 3460 4382 ἐξέπεσαν
3499 4313 3600 4383 μὲν
3629 4315 3727 4383 τῆς

484 4401 727 4457 hendere
778 4416 973 4471 posse,
1021 4415 1203 4454 avera
1251 4399 1564 4470 cognitione
1601 4400 1949 4466 excidentes,
2001 4402 2050 4455 in

2177 4415 2394 4485 Ῐιληθοῦς
2423 4412 2694 4482 γνώσεως,
2729 4409 3191 4480 μεταπεπτώκασι
3213 4409 3269 4462 δὲ
3291 4411 3370 4472 εἰς
3393 4406 3726 4478 ψευδομένην

485 4493 851 4560 cognitionem
890 4492 1192 4547 mendaciis
1251 4491 1549 4544 involutam
1597 4493 1833 4562 prolapsi
1879 4502 2047 4548 sunt:

488 4603 509 4636 ι
539 4592 594 4638 et
622 4592 805 4640 tamen
835 4585 940 4640 hoc
985 4587 1201 4640 vanitas
1227 4594 1313 4639 est
1339 4585 1404 4647 "’,
1446 4607 1463 4638 ι
1507 4596 1565 4638 ιιι
1599 4585 1854 4640 Salomon
1887 4587 1984 4639 ait.

766 4677 994 4732 CLXIII.
1025 4708 1094 4718 -—-
1129 4677 1442 4732 JULIANIE
1495 4676 1771 4732 VIRGINI.

554 4769 918 4832 Castissimaa,
999 4771 1450 4841 perpulclirzeque
1507 4771 1707 4841 virgini
1767 4770 2056 4840 speculum

471 4865 752 4936 "optimum
814 4874 899 4921 est
945 4867 1214 4936 jejunium
1251 4883 1265 4919 :
1301 4867 1352 4918 in
1404 4880 1472 4919 eo
1515 4865 1716 4918 etenim
1765 4864 1917 4934 virgo
1957 4879 2056 4933 pro

469 4959 709 5014 'modulo
742 4974 843 5013 suo
869 4957 1036 5012 Deum
1069 4957 1408 5027 speculatur,
1440 4955 1767 5026 labrumque
1800 4953 2054 5020 fabricat,

471 5047 660 5108 'basim
728 5048 983 5115 ﬁrmam,
1053 5050 1480 5109 inconcussam,
1521 5055 1688 5117 atque
1745 5046 2058 5101 immutabi-

484 5149 586 5202 lem
616 5145 682 5209 “,
736 5144 1098 5215 cogitationes
1169 5139 1458 5194 aﬂ‘ectibus
1514 5140 1739 5196 minime
1785 5140 2054 5196 obnoxias

483 5237 589 5293 sibi
620 5250 969 5307 comparans.

987 5321 1214 5378 CLXIV.
1234 5351 1304 5362 -
1322 5323 1526 5375 Eidem.

554 5419 769 5488 Saepius
805 5419 1082 5480 lectitasti,
1111 5416 1242 5485 quid
1296 5423 1522 5470 sanctus
1573 5415 1783 5486 Moyses
1813 5416 1881 5472 de
1910 5433 2053 5488 quo~

479 5511 605 5564 dam
634 5513 879 5581 optimo,
927 5526 992 5564 ac
1042 5509 1454 5582 sapientissimo
1501 5507 1620 5562 viro
1656 5518 1882 5564 narrat:
1922 5527 2046 5566 eum

541 5647 587 5680 “
618 5644 817 5702 lerem.
851 5663 999 5702 xxxi.
1033 5647 1125 5701 Ἥ.
1201 5651 1243 5680 ⁸⁸
1297 5647 1484 5701 Matth.
1519 5663 1615 5712 vtt,
1678 5649 1764 5703 I4.
1840 5651 1884 5683 "
1914 5649 2074 5706 Prov.

479 5717 527 5750 ⁸⁸
563 5718 733 5772 Εχυιί.
767 5734 989 5782 xxxviii,
1022 5721 1074 5772 8.

2133 5667 2248 5712 ιη,
2298 5647 2384 5704 10.

2161 4507 2382 4576 γνῶσιν⁶
2438 4504 2530 4557 καί
2564 4520 2626 4555 νε
2667 4521 2686 4552 ι
2730 4501 2888 4555 τοῦτο
2941 4505 3258 4570 ααταιότης,
3304 4519 3324 4551 ι
3365 4499 3512 4553 καθὰ
3565 4515 3724 4567 φησιν

2161 4597 2432 4670 Σολομὼν.

2443 4685 2602 4742 ΡΞΓ⁹.
2635 4717 2700 4728 --
2731 4684 3062 4755 ΙΟΥΜΑΝῌ
3103 4683 3445 4754 ΠΑΡΘΕΝῼ.

2231 4781 2553 4850 Κάτοπτρον
2591 4776 2876 4830 κάλλιστον
2921 4777 2988 4845 τῇ
3038 4774 3345 4847 σεμνοτάτη
3392 4775 3486 4828 καὶ
3537 4771 3728 4826 εὐειδεί

2162 4873 2416 4945 παρθένῳ
2476 4871 2538 4924 τὸ
2600 4868 2903 4939 νηστεύειν.
2937 4869 2995 4920 ὲν
3053 4866 3226 4936 τούτῳ
3286 4867 3396 4934 γὰρ
3451 4866 3546 4918 καὶ
3597 4865 3725 4918 Θεὸν

2161 4961 2644 5034 κατοπτρίζεταιή
2685 4959 2974 5030 παρθένος,
3017 4957 3246 5012 καθόσον
3283 4957 3578 5026 ἐνδέχεται,
3634 4957 3725 5009 καὶ

2159 5050 2397 5120 λουτῆρα
2416 5042 2688 5120 χαλκεύει,
2714 5047 2807 5100 καὶ
2832 5045 2986 5115 βάσιν
3008 5046 3344 5116 στερέμνιον,
3369 5046 3722 5117 ἀκράδαντον,
3769 5107 3772 5110 ἢ

2160 5143 2255 5196 καὶ
2284 5139 2688 5210 ἀμετακίνητον
2739 5136 3056 5208 κτησαμένη
3094 5137 3152 5189 τὸ
3184 5135 3392 5201 ἀπαθὲς
3451 5137 3721 5209 φρόνημα.

2492 5320 2654 5373 ΡΞΔ’.
2686 5348 2751 5358 --
2779 5317 2858 5386 Τῇ
2894 5315 3046 5384 αὐτῇ
3080 5317 3375 5385 παρθένῳ.
3494 5385 3497 5390 η

2241 5416 2504 5482 ’Δνέγνως
2544 5411 2825 5473 πολλάκις,
2869 5409 2924 5463 τί
2983 5408 3186 5479 γράφει
3220 5409 3248 5459 ὁ
3286 5407 3440 5476 ἅγιος
3490 5405 3725 5474 Μωῦσῆς

2157 5509 2284 5580 περί
2319 5523 2464 5569 τινος
2490 5505 2712 5575 ἀρίστου
2764 5501 2859 5554 καὶ
2889 5500 3203 5569 σοφωτάτου
3222 5499 3436 5568 ἀνδρὸς,
3457 5498 3538 5551 ὅτι
3575 5492 3724 5566 οὗτος

2489 5647 2534 5678 σε
2560 5643 2664 5698 Job
2697 5621 2793 5705 xu,
2829 5640 2893 5693 at
2989 5639 3032 5671 ιτ
3061 5637 3242 5696 Eccle.
3277 5656 3316 5705 ι,
3353 5639 3472 5708 12;
3533 5653 3592 5699 ιι,
3638 5635 3719 5692 ιδ.
