3882 6036
363 247 459 314 151
1825 257 1889 319 S:
1918 255 2084 320 NILI

3541 254 3670 329 152*

363 366 489 420 licet
533 370 668 418 nutu
717 380 782 419 ac
824 368 1091 435 potentia.
1144 368 1240 425 Sic
1271 370 1476 425 eadem
1511 370 1772 426 facultate
1832 370 1938 427 He-

2078 373 2268 447 υνάμει
2301 378 2395 432 καὶ
2428 377 2597 450 Ἑνὼχ
2635 379 2828 450 θνητὸς
2865 379 2941 433 ὢν
2977 380 3264 452 μετετέθη,
3314 381 3408 436 καὶ
3437 381 3649 437 ἀθάνα-

357 455 501 511 noch
534 459 785 510 nim-talis
811 474 936 511 cum
968 468 1148 526 esset,
1180 463 1600 531 repositus-est,
1645 472 1699 519 et
1727 465 1951 519 immor-

360 551 489 606 talis
515 550 584 603 ad
623 551 739 604 haec
775 567 954 621 usque
975 560 1244 622 tempora
1265 563 1640 610 conservatur
1671 555 1738 609 7".

463 644 576 714 69
615 643 894 699 CLXXIV.
921 674 990 687 --
1020 646 1486 704 TELESPHOBO
1521 648 1835 705 PRIMA'I‘I.

430 734 790 791 Communem
821 749 1112 808 personam
1151 738 1372 805 Patris,
1406 749 1462 795 et
1484 739 1648 804 Filii,
1687 750 1742 797 el
1772 741 1935 812 Spiriv

361 832 452 881 tus
477 829 695 892 sancti,
727 839 783 883 et
814 845 977 884 unam
1019 831 1349 902 imaginem,
1381 841 1437 886 et
1475 834 1724 889 eamdem
1752 834 1950 889 simili-

363 918 610 974 tudinem
656 921 898 976 ostendit
930 922 1247 994 Scriptura.
1285 924 1429 980 Illud
1467 926 1663 980 enim}:
1697 944 1716 978 ι
1739 925 1948 981 Facia-

361 1027 484 1066 mus
508 1012 887 1069 hominentad
931 1017 1222 1088 imaginem
1260 1027 1315 1076 et
1369 1017 1792 1074 similitudinem
1818 1019 1888 1085 ⁸⁷⁸,
1921 1037 1942 1072 ι

361 1103 468 1158 hoc
495 1105 696 1160 innuit.

597 1198 854 1254 ccxxv.
886 1230 955 1243 —
994 1188 1370 1260 PmLAGtuo
1397 1191 1732 1260 LECTORI.-

435 1286 494 1343 Si
553 1291 682 1360 quis
744 1294 944 1361 poterit
992 1296 1178 1349 animo
1245 1296 1948 1367 suavissimum'Spiritus

361 1383 540 1435 sancti
581 1383 804 1438 odorem
846 1385 1119 1452 olfacere,
1166 1388 1352 1442 habitu
1402 1389 1729 1456 reviviscet;
1784 1405 1848 1443 ac
1899 1391 1944 1445 si

359 1487 393 1527 e
418 1476 660 1530 mortuis
699 1473 1134 1543 resurrexisset;
1173 1489 1228 1534 et
1257 1493 1444 1535 secum
1478 1482 1596 1552 ipse
1633 1483 1946 1546 mirabitur,

360 1570 921 1636 ex'qua'conditione
964 1572 1021 1626 in
1056 1588 1222 1642 quam
1259 1572 1446 1629 fuerit
1475 1575 1835 1639 immutatus,
1876 1577 1944 1630 il-

361 1657 570 1730 ludque
601 1659 850 1717 Ezechiae
899 1664 1274 1719 exclamabit:
1315 1682 1335 1716 ι
1395 1666 1654 1720 Excitasti
1704 1665 1948 1720 mihivi-

365 1762 473 1804 tam
495 1791 510 1813 ,
542 1760 597 1806 et
620 1755 947 1810 consolatus
970 1755 1116 1820 vixi,
1151 1763 1205 1811 et
1240 1756 1528 1826 proiecisti
1556 1763 1679 1827 post
1705 1772 1790 1810 me
1823 1773 1942 1810 om-

362 1857 463 1896 nes
491 1844 806 1914 iniquitates
830 1861 981 1904 meas
1009 1849 1075 1915 ⁷⁸,
1112 1869 1130 1899 ι
1168 1863 1234 1902 ne
1264 1849 1320 1903 in
1364 1858 1646 1918 posterum
1687 1850 1942 1918 lapsuum

362 1933 507 1987 idola
555 1937 950 2006 imaginatione
989 1940 1336 2008 exprimam,
1371 1939 1544 1994 corde
1585 1955 1725 2010 puro
1765 1940 1818 1993 in
1856 1939 1945 1992 fu-

361 2032 546 2079 turum
573 2040 918 2098 comparato.

839 2119 971 2174 CLX
985 2118 1124 2174 XVI.
1153 2150 1225 2161 —-
1242 2122 1452 2176 Eidem.

431 2207 552 2261 Non
601 2216 819 2263 tantum
867 2211 1219 2265 maleolentia
1274 2221 1330 2267 et
1393 2211 1768 2279 infructuosa,
1812 2211 1945 2283 quin

361 2300 528 2354 etiam
554 2311 768 2356 mortua
801 2304 1110 2375 iniquitatis
1139 2321 1305 2374 opera
1343 2305 1577 2360 dicenda
1610 2313 1757 2360 sunt.

579 2394 882 2452 CLXXVII.
913 2426 984 2438 ——
1005 2395 1291 2454 LIMENIO
1341 2387 1696 2455 MONACIIO.

439 2484 720 2542 Virtutum
775 2499 923 2544 recta
978 2485 1304 2558 dispositio,
1357 2507 1482 2560 quae
1529 2491 1582 2544 iu
1620 2491 1778 2545 caelis
1825 2499 1947 2553 est,

366 2580 679 2635 heatitatem
740 2584 1086 2653 suppeditat,
1152 2601 1318 2653 quam
1382 2602 1481 2639 nec
1513 2585 1692 2638 oratio
1763 2585 1949 2652 expri-

2053 482 2147 532 τος
2180 468 2342 538 μέχρι
2363 469 2460 523 νῦν
2481 471 2848 541 πεφύλακται.

2259 644 2428 698 ΡοΔ’.
2455 674 2526 685 -
2548 645 2953 718 ΤΕΛΕΣΦΟΡῼ
2983 641 3447 704 ΠΡΩΤΕΥΟΝΤΪ.

2126 733 2320 786 Κοινὸν
2355 734 2646 805 πρόσωπον
2677 735 2952 791 δείκνυσιν
2983 739 3018 808 ἡ
3058 737 3250 808 Γραφὴ
3281 737 3376 791 τοῦ
3405 737 3648 810 Πατρδς.

2052 827 2152 878 καὶ
2188 825 2283 878 τοῦ
2312 824 2468 893 Υῑοῦ,
2499 829 2596 883 καὶ
2628 829 2730 883 τοῦ·
2765 829 2923 899 ἁγίου
2955 830 3302 901 Πνεῦματος,
3324 830 3421 886 καὶ
3458 831 3651 886 εἰκόνα.

2053 920 2208 990 μίαν.
2277 922 2374 975 καὶ
2432 923 2703 993 ὁμοίωσιν
2741 923 2844 995 τὴν
2903 923 3098 994 αὐτήν.
3147 923 3231 990 τδ,
3273 923 3385 996 γάρ
3440 914 3642 978 εἰπεῖν’

2054 1033 2073 1066 ι
2105 1015 2760 1089 ⁸Ποιήσωμενἄνθρωπον
2803 1017 2926 1072 κατ’
2957 1016 3144 1071 εἰκόνα
3168 1015 3262 1070 καὶ
3295 1016 3581 1087 ὁμοίωσιν.
3619 1033 3640 1069 ι

2048 1110 2208 1165 τοῦτο
2233 1110 2407 1181 δηλοῖ.
2997 1099 2999 1101 ’

2298 1201 2466 1256 POE'.
2490 1229 2563 1243 -—
2601 1199 2921 1271 ΦῙΛΑΓΡΙῼ
2941 1193 3391 1268 ἈΝΑΓΝΩΣΤῌ.

2119 1294 2188 1348 El’
2205 1311 2296 1358 τις
2334 1293 2590 1364 δυνηθείη
2613 1293 2756 1348 κατὰ
2775 1292 2970 1365 ⁴ψυχὴν
2997 1291 3370 1362 ὀσφρανθῆναι
3397 1291 3496 1362 τῆς
3543 1289 3645 1343 τοῦ

2047 1387 2206 1454 ἁγίου
2239 1383 2562 1457 ῐῐνεὺματος
2608 1385 2858 1452 εὐωδίας,
2910 1384 3491 1457 ἀναζωπυρωθήσεται
3541 1382 3648 1453 τὴν

2047 1479 2162 1544 ἕξιν
2187 1477 2376 1551 ὥσπερ
2409 1480 2472 1531 ὲκ
2494 1478 2706 1549 νεκρῶν
2733 1477 3002 1548 ἐγερθεὶς,
3034 1477 3128 1532 καὶ
3161 1477 3644 1548 ἀποθαυμάσεται,

2049 1573 2114 1624 ἐκ
2153 1571 2313 1635 ποίας
2358 1573 2748 1636 καταστάσεως
2803 1572 2884 1636 εις
2927 1571 3084 1624 ποίαν
3118 1569 3404 1640 μετετέθη,
3444 1569 3539 1622 καὶ
3580 1568 3647 1620 τὸ

2049 1665 2145 1720 τοῦ
2211 1664 2455 1728 Ἐζεκίου
2518 1664 2887 1733 ἀναφωνήσει’
2954 1682 2972 1715 ι
3027 1659 3352 1730 Ἐξὴγειράς
3384 1677 3487 1728 μου
3540 1659 3649 1729 τὴν

2049 1757 2218 1826 ζωὴν,
2255 1755 2352 1809 καὶ
2388 1755 2769 1828 παρακληθεὶς
2816 1752 3012 1824 ἔζησα,
3043 1753 3140 1806 καὶ
3169 1750 3483 1823 ἀπέρριψας
3519 1749 3650 1802 6πί-

2052 1865 2129 1902 σω
2187 1864 2290 1918 μου
2337 1848 2518 1912 πάσας
2561 1848 2658 1912 τάς
2704 1846 2979 1918 ἁμαρτίας
3014 1863 3138 1916 μου,
3181 1863 3200 1896 ι
3258 1844 3409 1906 ὅπως
3442 1841 3648 1913 μηκέτι

2050 1940 2413 2010 φαντάζωμαι
2461 1940 2530 1994 τὰ
2563 1939 2674 1992 τῶν
2722 1938 3086 2010 πταισμάτων
3128 1935 3346 2000 εἴδωλα,
3392 1933 3651 2006 καθαρὰν

2050 2035 2277 2106 καρδίαν
2310 2035 2654 2106 κτησάμενος
2677 2033 2773 2087 τοῦ
2798 2033 3010 2087 λοιποῦ.

2538 2125 2722 2192 Ροςο.
2758 2153 2828 2164 -
2855 2122 2940 2189 Τῷ
2968 2123 3156 2190 αὐτῷ’

2121 2218 2196 2271 Οὐ
2230 2216 2390 2287 μόνον
2417 2216 2626 2288 δυσώδη
2709 2215 2803 2269 καὶ
2834 2215 3086 2286 ἄκαρπα,
3125 2212 3264 2267 ἀλλὰ
3293 2211 3403 2283 γὰρ
3432 2211 3529 2264 καὶ
3549 2224 3642 2261 νε-

2050 2314 2160 2386 κρά
2183 2312 2412 2383 κλητέον
2445 2312 2512 2364 τὰ
2537 2310 2676 2382 ἔργα
2699 2309 2802 2378 τῆς
2831 2307 3138 2380 ἁμαρτίας.’

2167 2391 2172 2398 ’
2405 2403 2942 2467 ΡΟΖ’.-Λ1ΜΕΝ1ῼ
2967 2399 3283 2471 ΜΟΝΑΧῼ.

2134 2498 2200 2551 Ἦ
2225 2497 2333 2550 τῶν
2366 2495 2582 2569 ἀρετῶν
2624 2496 2846 2566 μέθοδος
2875 2496 2974 2565 τὴν
3003 2496 3060 2546 ὲν
3087 2495 3202 2555 τοῖς
3243 2490 3497 2562 οὐρανοῖς
3536 2504 3648 2557 μα-

2052 2588 2355 2659 καριότητα
2381 2585 2654 2658 προξενεῖ,
2689 2584 2789 2656 τὴν
2820 2583 2946 2637 οὔτε
2967 2583 3125 2654 ’λόγῳ
3163 2581 3356 2654 ῥητὴν,
3399 2577 3523 2633 οὗτε
3562 2576 3649 2648 νῷ

365 2688 549 2737 mere,
613 2689 714 2727 nec
769 2692 926 2731 mens
979 2679 1484 2747 comprehendere,
1545 2693 1646 2732 nec
1687 2674 1942 2746 cogitatio

2078 2680 2282 2752 ηπτὴν,
2310 2679 2436 2733 οὔτε
2460 2678 2640 2750 ἐννοίᾳ
2668 2677 2949 2748 χωρητήν.

365 2777 564 2834 δορα-το
594 2774 798 2834 potest.

744 2859 852 2928 ⁷ο
887 2854 1212 2914 CLXXVIII.
1247 2890 1316 2900 ——
1350 2860 1558 2916 Eidem.

441 2966 460 2998 ι
503 2947 579 3002 Ne
627 2950 814 3004 tradas
866 2967 987 3018 me,
1023 2953 1128 3015 ait,
1188 2955 1244 3007 in
1294 2953 1508 3007 animas
1559 2953 1950 3008 tribulantium

2547 2863 2796 2916 POH’.——
2831 2847 2920 2924 τῷ
2957 2857 3138 2923 αὐτῷ.

2132 2977 2150 3010 ι
2183 2956 2278 3027 Μὴ
2331 2953 2592 3025 παραδῷς
2647 2970 2745 3023 με,
2775 2952 2964 3023 φησιν,
2997 2952 3078 3013 εἰς
3120 2949 3298 3021 ψυχὰς
3347 2947 3647 3002 θλιϐόντων

366 3055 451 3092 me
475 3041 544 3104 7';
586 3059 604 3093 ›
658 3042 809 3112 impii
866 3045 1138 3109 siquidem
1191 3046 1457 3107 allectus,
1505 3048 1768 3117 aquibus
1814 3047 1942 3102 Iibe-

2078 3065 2147 3102 ιε’
2195 3067 2214 3100 ι
2258 3048 2432 3119 ψυχαὶ
2458 3045 2566 3116 γὰρ
2593 3045 2704 3098 τῶν
2724 3045 2993 3114 δαιμόνων
3019 3043 3087 3096 τὰ
3120 3042 3310 3096 ἀνόσια
3357 3039 3529 3112 πάθη,
3562 3033 3645 3093 ὧν

362 3133 474 3185 rari
508 3133 776 3188 orandum
806 3145 922 3195 est.
954 3135 1263 3189 daemonum
1306 3149 1436 3192 sunt
1464 3140 1684 3194 animae.

851 3227 1134 3284 CLXXIX.
1159 3259 1227 3270 --
1254 3228 1463 3286 Eidem.

438 3315 622 3371 Jacobi
656 3317 789 3373 illud
819 3335 833 3371 :
872 3338 890 3370 ι
929 3318 984 3374 Si
1035 3319 1253 3375 dederit
1294 3321 1428 3376 mihi
1459 3321 1726 3376 Dominus
1750 3334 1946 3391 panem

364 3408 430 3460 ad
481 3410 914 3474 comedeudnut,
971 3419 1028 3465 et
1101 3423 1310 3466 vestem
1375 3412 1441 3466 ad
1501 3411 1946 3467 convolvendum

365 3516 452 3554 tne
476 3501 544 3564 ⁷⁸,
575 3519 596 3554 ο
632 3502 758 3559 vita:
799 3503 1120 3558 institutum
1158 3504 1555 3559 monachorum
1591 3504 1872 3576 exprimit.

857 3595 1119 3650 CLXXX.
1138 3627 1206 3638 —-
1231 3596 1441 3650 Eidem.

441 3685 736 3742 Maximum
787 3689 990 3743 bonum
1029 3697 1114 3744 est
1142 3689 1436 3760 placiditas
1459 3732 1474 3755 ,
1509 3704 1676 3759 quam
1721 3704 1941 3744 assecu-

367 3793 455 3835 tus
487 3778 702 3848 Moyses
729 3779 897 3833 Deum
936 3780 1171 3836 intuitus
1199 3791 1284 3836 est
1313 3783 1380 3844 ⁷⁸,
1410 3791 1471 3836 ιιι
1518 3782 1772 3837 humana:
1802 3782 1946 3836 vires

367 3873 568 3926 intueri
600 3880 854 3941 possunt.

837 3959 973 4017 CLX
983 3959 1122 4015 XXI.
1152 3990 1221 4000 —-
1251 3958 1453 4014 Eidem.

436 4053 703 4109 Castilate
726 4060 782 4108 et
816 4055 1058 4124 puritate
1101 4051 1478 4106 admirabilem
1513 4050 1684 4104 Eliam
1719 4050 1938 4105 mmula-

365 4154 456 4201 tus
487 4163 548 4202 es
579 4148 647 4212 ⁸ο,
703 4147 797 4216 qui
842 4145 1261 4200 exercitationis
1305 4144 1576 4199 universae
1609 4143 1719 4198 dux
1764 4142 1948 4199 factus

365 4240 578 4310 primus
619 4241 865 4294 omnium
915 4237 1079 4293 nobis
1125 4237 1484 4306 pudicitiam,
1513 4243 1570 4290 et
1611 4252 1798 4306 parem
1830 4237 1946 4291 An-

367 4331 503 4400 gelis
557 4332 870 4385 caelibatum
938 4328 1216 4389 ostendit.
1278 4337 1503 4399 propter
1555 4344 1721 4399 quam
1787 4331 1946 4399 igneo

365 4438 536 4477 curru
567 4424 864 4490 subreptus
887 4429 993 4475 est.

845 4510 1152 4567 CLXXXII.
1176 4541 1244 4551 -—-
1271 4508 1478 4562 Eidem.

435 4606 834 4662 Gravissimam
894 4603 1305 4674 aegritudinem,
1342 4610 1398 4655 et
1449 4601 1706 4655 tenebras
1750 4599 1944 4669 impie-

366 4707 535 4755 tatem
561 4699 842 4768 appellans
867 4741 882 4763 ,
915 4713 1021 4752 non
1062 4699 1287 4750 aberras
1320 4710 1350 4748 a
1371 4695 1605 4750 veritate

507 4787 835 4843 CLXXXIII.
858 4808 939 4828 ~—-
960 4783 1432 4840 AMPIIICTYONI
1466 4781 1797 4837 RHE'I‘OIII.

438 4881 653 4952 lugenti
686 4882 1062 4936 emolumento
1097 4879 1304 4932 ditatus
1324 4917 1338 4941 ,
1361 4885 1416 4931 et
1439 4889 1628 4930 mensa
1661 4875 1904 4931 aﬂlnenti
1929 4917 1946 4940 ,

365 4973 813 5041 honoribusque,
843 4989 1008 5042 supra
1043 4987 1211 5040 quam
1246 4985 1341 5038 par
1372 4977 1488 5029 est,
1523 4967 1945 5033 cohonestatus,

2051 3143 2274 3198 εὐκτέον
2314 3139 2600 3210 ὸυσθῆναι.

2545 3227 2712 3282 ΡΟΘ⁸.
2744 3259 2812 3270 --
2845 3227 2930 3292 Τῷ
2958 3225 3140 3291 αὐτῷ.

2121 3325 2194 3378 Τὸ
2226 3324 2406 3391 λέγειν
2433 3320 2525 3375 τὸν
2576 3317 2792 3372 Ἰακώὸ·
2836 3335 2855 3368 ι
2891 3315 3018 3369 Ἐάν
3052 3315 3127 3385 δῷ
3175 3332 3265 3384 μοι
3305 3313 3507 3383 Κύριος
3539 3312 3645 3383 ἄρα

2048 3435 2142 3472 τον
2198 3417 2414 3484 φαγεῖν,
2457 3413 2552 3466 καὶ
2588 3408 2804 3480 ἱμάτιον
2850 3406 3265 3479 περιϐαλέσθαι,
3304 3423 3324 3458 ι
3378 3404 3478 3474 τὴν
3528 3403 3644 3456 τῶν

2054 3507 2306 3581 μοναχῶν
2339 3505 2651 3576 διαγορεύει
2685 3501 2853 3573 ζωήν.

2548 3597 2676 3650 PII'.
2724 3623 2794 3636 —-
2841 3591 2927 3658 Τῷ
2959 3589 3139 3658 αὐτῷ.

2122 3692 2398 3760 Μέγιστον
2433 3687 2638 3759 ἀγαθὸν
2684 3687 2944 3756 τυγχάνει
2995 3685 3030 3756 ἡ
3073 3682 3339 3756 πραότης,
3389 3683 3567 3754 ἥνπερ
3609 3681 3643 3732 ὁ

2053 3785 2229 3856 μέγας
2261 3781 2606 3851 κτησάμενος
2648 3777 2891 3840 Μωῡσῆς
2939 3774 3074 3828 Θεὸν
3128 3773 3412 3835 ἐθεάσατο,
3445 3771 3523 3836 ὡς
3552 3772 3643 3825 άν-

2051 3877 2255 3950 θρώπῳ
2284 3875 2408 3928 ἰδεῖν
2430 3871 2674 3927 δυνατόν.

2544 3963 2716 4017 PHA'.
2745 3991 2814 4001 —
2848 3958 2932 4025 Τῷ
2961 3957 3141 4024 αὐτῷ.

2135 4058 2428 4129 Ἐμιμήσω
2461 4057 2526 4125 τῇ
2570 4053 2787 4123 ἁγνείᾳ,
2820 4052 2915 4104 καὶ
2936 4053 3003 4120 τῇ
3029 4048 3365 4118 καθαρότητι
3389 4047 3480 4100 τὸν
3509 4046 3642 4101 Gau-

2054 4153 2260 4225 μαστὸν
2286 4148 2494 4211 Ἠλίαν,
2513 4148 2662 4209 ὅστις
2691 4147 2876 4215 πάσης
2905 4142 3194 4213 ἀσκήσεως
3223 4141 3465 4211 ἀρχηγὸς
3485 4141 3642 4208 γενό-

2055 4261 2236 4318 μενος,
2283 4241 2505 4312 πρῶτος
2533 4240 2667 4309 ἡμῖν
2690 4236 2790 4307 τὴν
2824 4235 3202 4308 σωφροσύνην,
3227 4234 3321 4287 καὶ
3345 4232 3443 4304 τὴν
3483 4233 3639 4301 ἰσάγ-

2052 4338 2211 4406 γελον
2260 4333 2509 4403 ἀγαμίαν
2548 4327 2821 4395 ὑπέδειξε,
2855 4328 2922 4381 δι’
2952 4329 3132 4398 ἥνπερ
3169 4326 3265 4379 καὶ
3299 4326 3511 4396 πυρίνῳ
3540 4325 3642 4398 ἆρ-

1978 4425 2023 4480 D
2055 4449 2185 4503 ματι
2213 4424 2530 4498 ἀνηρπάγη.

2552 4513 2808 4567 ΡΠΒ’.-
2845 4511 2929 4577 Τῷ
2947 4510 3108 4576 αὐτῷ

2124 4612 2300 4666 Νοσον
2375 4606 2794 4678 χαλεπωτάτην,
2867 4605 2963 4656 καὶ
3023 4603 3217 4664 σκότος
3288 4600 3471 4656 καλῶν
3537 4601 3639 4672 τὴν

2041 4703 2321 4762 ὁσέϐειαν,
2351 4699 2449 4767 οὐχ
2481 4695 2819 4766 ἁμαρτάνεις
2840 4693 2934 4744 τοῦ
2967 4691 3220 4758 ἀληθοῦς.

2325 4790 2495 4842 ΡΠΡ.
2523 4818 2585 4827 -
2605 4783 3036 4839 ΑΜΦΙΚἸἸὨΝΙ
3072 4783 3346 4834 PHTOPI.

2117 4885 2358 4955 Κέρδους
2374 4879 2573 4932 πολλοῦ
2599 4873 2938 4945 τετυχηκὼς,
2958 4876 3054 4929 καὶ
3081 4874 3319 4942 λιπαρᾶς
3331 4869 3638 4944 τραπέζης,

2047 4975 2223 5044 τιμῶν
2258 4990 2316 5024 τε
2363 4967 2655 5023 ἀπολαύων
2703 4964 2812 5017 τῶν
2843 4965 2985 5036 ὑπὲρ
3028 4963 3124 5033 τὴν
3163 4963 3341 5029 ἀξίαν,
3378 4959 3452 5030 μὴ
3493 4959 3640 5026 ἄγαν

368 5084 438 5124 ne
485 5069 651 5122 nimis
683 5067 1049 5138 corybantum
1110 5078 1294 5123 more,
1347 5060 1450 5130 '71
1499 5059 1777 5125 insanias,
1853 5062 1942 5115 sed

2078 5062 2402 5134 ιορυὸαντία,
2431 5055 2732 5129 μεταὸολὴν
2770 5055 2827 5108 δὲ
2863 5055 3185 5126 προσδέχου,
3229 5054 3324 5106 καὶ
3352 5051 3543 5104 σϐέσον
3571 5051 3638 5103 τὸ

366 5162 517 5217 vices
577 5175 760 5215 rerum
823 5167 1155 5228 exspectans
1215 5153 1568 5209 insolentiam
1636 5165 1946 5220 compesce.

2050 5155 2338 5226 φρύαγμα.
2383 5150 2549 5204 Οὐδὲν
2580 5150 2690 5220 γὰρ
2716 5148 2816 5217 τῆς
2860 5147 3011 5218 παρά
3037 5150 3149 5208 τοῖς
3180 5142 3489 5215 ἀνθρώποις
3537 5144 3634 5192 cf»

369 5252 516 5308 Nihil
562 5253 712 5307 enim
761 5259 849 5308 est
885 5252 1126 5306 humana
1170 5246 1432 5303 felicitate
1482 5242 1759 5308 debilius,
1812 5245 1942 5299 nihil

2082 5245 2333 5315 αιμονίας
2397 5241 2766 5312 σαθρώτερον,
2818 5239 2970 5292 οὐδὲν
3020 5237 3434 5307 άδρανέστερον,
3478 5235 3632 5287 οοδὲν

369 5346 710 5402 imbecillius
735 5385 750 5408 ,
781 5345 918 5399 nihil
958 5342 1381 5398 infortunatius.

549 5434 885 5491 CLXXXIV.
925 5463 996 5474 --
1031 5427 1268 5486 IIIERIO
1308 5428 1763 5485 SYNCLETICO.

439 5528 609 5592 Quot,
641 5532 824 5595 putas,
851 5523 1072 5590 seipsos
1100 5520 1296 5575 beatos
1327 5518 1560 5585 ducunt,
1593 5521 1739 5589 quod
1770 5521 1940 5575 divini

439 5656 486 5686 ”
519 5655 654 5708 Gen.
687 5670 740 5711 ν.
771 5652 862 5707 ει.
940 5655 985 5685 ⁷⁵
1013 5650 1129 5724 _G_en
1193 5670 1233 5712 ι,
1263 5652 1354 5706 26.
1430 5652 1477 5684 ’⁸
1511 5653 1613 5708 Isa.
1645 5671 1873 5724 xxxvnt,
1927 5657 1942 5710 l

2092 5659 2136 5691 ⁷⁷
2171 5655 2317 5712 Psal.
2349 5672 2500 5720 xxvi,
2535 5653 2620 5707 ιε.

373 5740 568 5790 sum,
605 5725 658 5776 ll
705 5739 857 5794 seqq.
936 5724 981 5756 ⁸⁸
1012 5720 1078 5775 IV
1133 5725 1263 5797 Reg.
1301 5740 1360 5790 ιι,
1389 5725 1472 5780 il.

2047 5337 2280 5394 άθλιώτε
2289 5353 2401 5405 ρον.

2343 5426 2513 5480 ΡιιΔο.
2536 5454 2607 5464 --
2642 5422 2820 5494 IEPIQ
2858 5419 3306 5488 zrrxAn'rIKo

2123 5523 2320 5588 Πόσοι,
2366 5521 2579 5583 δοκεῖς,
2629 5517 2856 5578 ἑαυτοὺς
2892 5513 3319 5585 μακαρίζουσιν,
3351 5529 3434 5565 οτι
3491 5529 3630 5566 κατ-

2723 5651 2770 5685 ⁷⁶¹
2793 5649 2928 5705 Gen.
2971 5648 3259 5710 xsvtn.20
3354 5649 3400 5680 7"
3456 5649 3627 5706 Exod.
