3882 6036
133 254 277 328 153
1401 264 1730 325 EPISTOLz

1840 265 1932 324 3M
1984 268 2127 327 LIB.
2166 269 2206 330 Ι.
3321 268 3425 333 154

123 380 534 447 ηξίωνταιτοῦ
566 383 854 437 θεσπεσίου
892 384 1145 439 Ἰωάννου
1163 384 1255 439 τοῦ
1292 388 1730 440 Κωνσταντινου-

1840 382 2071 460 ,ioannis
2116 386 2725 454 Constanttnopolitani
2775 388 3020 458 episcopi
3071 392 3423 445 sermonibus

121 471 375 538 πόλεως
426 476 727 528 ἐπισκόπου
755 478 868 539 τοῖς
910 477 1089 544 λόγοις
1143 479 1490 548 περιτυχεῖν;
1534 472 1609 531 ὧν
1645 478 1730 530 καῖ

1849 478 1927 531 uti
1970 478 2120 548 digni
2168 480 2339 533 habiti
2386 479 2552 534 sunt?
2592 495 2782 535 eorum
2823 488 2903 541 tu,
2948 496 3074 534 cum
3118 483 3423 536 admirator

115 563 323 627 αὐτὸς
386 566 620 638 ἐραστὴς
680 567 883 639 θερμὸς
960 570 1263 641 ὑπάρχων,
1347 568 1730 642 μακαρισθήσι

1843 569 2132 639 cultorque
2166 573 2502 642 percupidus
2524 573 2626 637 sis,
2651 572 2884 627 nimium
2917 573 3248 641 laudabcris,
3272 572 3423 645 judi-

118 655 357 711 πολλὰ.

1842 660 2174 731 caberisquc
2201 661 2546 719 iortunatus.

392 748 563 802 PHE’.
586 779 659 790 —
687 750 1000 823 ΜΑΡΙΑΝῼ
1037 750 1505 825 THOAIAKONQ.‘

1996 752 2307 809 CLXXXV.
2346 784 2419 796 —-
2456 754 2770 811 MARIANO
2808 755 3263 814 S‘UBDIACONO.

221 836 294 891 Τί
318 839 705 913 δαψιλέστερον
731 844 967 908 πιαίνεις
988 862 1069 898 σοι
1088 845 1193 908 τὰς
1217 846 1425 918 σάρκας
1455 863 1573 911 σου,
1607 860 1730 917 τρο-

1910 842 2463 910 Quidabundantius
2494 858 2692 903 carnes
2724 858 2848 902 tuas
2891 848 3263 919 pinguefacis,
3296 864 3418 907 ver-

119 927 263 999 φὴν
302 931 604 997 σκωλήκων
637 933 907 1003 ἐσομένας
926 936 1050 988 ὅσον
1079 935 1264 1003 obitu);

1840 936 2023 992 mibus
2052 936 2237 991 cibum
2276 952 2386 991 non
2417 938 2593 991 multo
2619 947 2745 1007 post
2777 939 3032 994 futuras?

451 1022 640 1091 PIICT.
663 1054 724 1064 -—
761 1025 1081 1097 ΓΙΓΑΝΤΙῼ
1118 1020 1439 1099 ΔιΑΚΟΝῼ.

2045 1025 2380 1083 CLXXXVI.
2400 1053 2469 1070 --
2500 1027 2830 1084 GIGANTIO
2880 1029 3199 1087 DIACONO.

221 1110 421 1177 Ὅπως
485 1114 562 1185 μὴ
629 1114 1013 1188 ἀπευδοκήσῃς
1074 1118 1170 1171 τοῦ
1243 1119 1582 1188 χαρίσματος
1626 1118 1737 1189 ’τῆς

116 1202 495 1275 ἀπτοησίας,
547 1207 643 1261 καὶ
700 1208 803 1277 τῆς
853 1209 1195 1274 τελεωτάτης
1239 1210 1545 1274 ἀπαθείας,
1600 1210 1735 1282 μηδὲ

120 1295 359 1349 σαυτὸν
380 1299 453 1366 τῇ
472 1296 617 1369 λύπῃ
646 1299 1015 1371 καταπνίγῃς,
1056 1300 1199 1370 ἔχεις
1226 1300 1316 1353 τὸν
1346 1301 1501 1366 ἅγιον
1530 1300 1733 1355 Μωσὲα

120 1384 648 1457 παραθαρσύνοντά
704 1407 785 1454 σε,
840 1392 932 1444 καὶ
960 1390 1186 1460 λέγοντα
1233 1394 1292 1445 ὲν
1340 1391 1420 1463 τῷ
1463 1392 1749 1461 Λευῖτικῷη

119 1472 359 1543 τεύχει,
388 1475 475 1528 ὅτι
531 1494 549 1528 ι
592 1476 759 1530 Δώσω
806 1480 1030 1550 εἰρήνην
1081 1481 1140 1534 ὲν
1176 1483 1243 1551 τῇ
1284 1484 1354 1551 γῇ
1411 1480 1585 1551 ὐμῶν,
1639 1483 1747 1536 καῖ
1798 1494 1799 1497 ‘

121 1565 582 1636 κοιμηθήσεσθε,
624 1568 722 1621 καὶ
760 1569 862 1623 οὐκ
906 1570 1060 1623 ἔσται
1092 1573 1120 1623 6
1160 1572 1409 1653 ἐκφοϐῶν
1443 1573 1608 1642 ὑμᾶς,
1636 1579 1730 1629 καὶ

1840 1576 2003 1629 vobis
2038 1574 2289 1629 timorem
2361 1575 2625 1639 incutiat,
2671 1582 2726 1630 et
2780 1577 3091 1632 interimam
3157 1580 3413 1634 animalia

121 1655 343 1709 ἁπολῶ
369 1657 535 1728 θηρία
562 1660 778 1730 πονηρὰ
802 1662 999 1732 eum
1021 1663 1123 1733 γῆς
1148 1663 1322 1733 ὑμῶν,
1350 1664 1444 1716 καὶ
1472 1662 1727 1727 διώξεσθε

1840 1680 2000 1736 prava
2018 1666 2270 1721 «deiter-ra
2297 1673 2500 1728 vestra,
2525 1673 2577 1720 et
2603 1666 2865 1736 fugabitis
2892 1667 3146 1723 inimicos
3180 1676 3410 1729 vestros.

121 1751 274 1813 τοὺς
292 1749 541 1822 -ὲχθρούς
580 1752 756 1822 ὐμῶν,
807 1754 903 1807 καὶ
953 1755 1244 1809 πεσοῦνται
1295 1755 1524 1808 ἐνώπιον
1578 1755 1730 1825 ὑμῶν

1840 1767 1888 1812 et
1914 1758 2199 1812 cadent-in
2229 1765 2528 1827 conspectu
2552 1765 2742 1812 vestro
2771 1772 2883 1826 pra:
2910 1758 3107 1813 timore
3127 1758 3197 1812 ".
3226 1776 3246 1810 ι
3279 1757 3413 1813 Ter-

123 1841 327 1912 φόὸῳ.
351 1842 460 1914 Γῆν
480 1843 627 1912 λέγει
657 1845 756 1916 τὴν
787 1845 1137 1917 ἀνθρωπίνην
1176 1847 1423 1919 καρδίαν,
1462 1848 1642 1917 ἀγαθά
1671 1864 1730 1901 τε

1840 1866 1957 1904 ram
1990 1859 2277 1904 vocat'cor
2328 1850 2663 1915 humanum,
2699 1849 2845 1903 bona
2896 1849 3150 1918 malaque
3202 1850 3411 1903 semina

125 1934 243 1987 καὶ
290 1936 471 2003 φαῦλα
512 1936 805 2010 σπέρματα
858 1936 1174 2009 δεχομένην,
1222 1936 1473 2009 θηρίαδὲ
1518 1936 1730 2009 πονηρὰ

1840 1939 2149 2009 excipiens;
2185 1938 2445 1992 animalia
2488 1950 2655 2008 prava
2706 1939 2987 1995 daemones
3039 1939 3408 2006 adversarios,

124 2026 277 2088 τοὺς
309 2027 600 2099 δυσμενεῖς
646 2029 930 2100 δαίμονας,
973 2030 1069 2083 καὶ
1117 2030 1185 2083 τὰ
1228 2032 1596 2101 κακομήχανα
1630 2031 1730 2101 τῆς

1840 2039 1899 2089 et'
1914 2031 2179 2088 subdolas
2201 2032 2426 2086 malitia:
2452 2032 2840 2103 cegitationes.

126 2119 420 2189 πονηρίας
450 2122 720 2193 νοήματα.
746 2142 765 2173 ι

643 2208 812 2268 ΡΠΖ¹ζ
838 2245 910 2254 ——
933 2214 1019 2282 Τῷ
1052 2213 1233 2281 αὐτῷ.
1706 2276 1711 2280 ,

1944 2272 1955 2283 ,
2206 2214 2312 2284 ’12
2342 2204 2698 2269 CLXXXVII.
2734 2239 2803 2252 ο·-
2833 2207 3044 2264 Eidem.

214 2302 395 2357 Ὅταν
417 2304 485 2358 δι’
518 2306 795 2377 ὑπομονῆς
823 2309 914 2361 καὶ
954 2309 1117 2379 εὐχῆς
1149 2308 1405 2378 λάϐωμεν
1450 2307 1549 2380 τὴν
1587 2309 1730 2364 ἄνωο

1900 2286 2038 2363 Cum
2064 2306 2357 2361 tolerantia
2382 2312 2436 2358 et
2456 2303 2707 2357 oratione
2729 2318 2965 2371 superna
3000 2315 3225 2357 munera
3252 2315 3409 2355 accc—

128 2392 235 2446 θεν
285 2395 520 2465 δωρεὰν,
563 2397 685 2450 τότε
740 2398 929 2462 διῶξαι
978 2400 1253 2469 δυνάμεθα
1297 2400 1425 2462 τοὺς
1465 2399 1728 2470 ἀοράτους

1840 2400 2107 2471 perimus,
2142 2404 2275 2450 tunc
2324 2394 2624 2449 invisibiles
2678 2393 2947 2447 barbaros
2988 2391 3180 2462 fugare
3206 2394 3408 2461 poteri-

133 2486 503 2557 βαρϐάρους,
543 2490 639 2542 καὶ
690 2489 982 2543 πεσοῦνται
1008 2492 1203 2562 τρόμῳ
1247 2489 1353 2544 ὐπὸ
1400 2491 1528 2553 τοὺς
1560 2490 1729 2554 πόδας

1840 2506 1976 2553 unus,
2008 2487 2099 2558 qui
2137 2486 2333 2540 cadent
2370 2499 2493 2555 prae
2533 2484 2730 2537 timore
2760 2491 2887 2537 ante
2936 2483 3101 2552 pedes
3148 2491 3402 2537 nostros:

130 2576 331 2645 ἡμῶνε
363 2578 503 2647 Φησὶ
540 2580 764 2649 γὰρκαί
796 2598 881 2644 τις
908 2584 1197 2652 προφήτης
1217 2621 1232 2646 ,
1256 2582 1340 2635 ὅτι
1374 2600 1392 2634 t
1418 2582 1640 2653 Οὖσπερ
1666 2582 1729 2637 τὸ

1840 2597 1957 2636 nam
2012 2588 2081 2635 et,
2116 2578 2338 2648 quidam
2397 2574 2885 2646 propheta-dicit:
2954 2593 2974 2626 ι
3027 2575 3179 2641 Quos
3252 2575 3406 2645 prius

130 2668 369 2738 πρῶτον
397 2670 700 2738 ἐφοϐεῖσθε,
740 2672 1143 2744 φοϐηθήσονται
1170 2674 1336 2744 ὑμᾶς.

1840 2672 2131 2732 :imebatis,
2162 2684 2261 2725 vos
2293 2671 2584 2724 timebunt.
2624 2687 2642 2719 ι

345 2763 526 2817 PIIH'.
551 2794 622 2803 —
652 2762 1523 2840 AerAAtg-Apxmtaxom.

1898 2759 2277 2815 CLXXXVIII.
2304 2790 2375 2800 —
2398 2757 2749 2815 LEUCADIO
2776 2754 3317 2815 ARCIIIDIACONO.

214 2853 386 2915 Ἐθος
440 2858 555 2919 τοῖς
573 2857 765 2925 ιὰγίοις
806 2858 1149 2928 εὐχαριστεῖν
1194 2859 1271 2930 τῷ
1319 2860 1439 2932 Θεῷ
1492 2860 1569 2932 τῷ
1625 2861 1726 2932 τὴν

1900 2854 2155 2909 Solemne
2179 2861 2496 2908 sanctorum
2530 2861 2636 2915 est,
2667 2852 2777 2907 Deo
2802 2852 3006 2923 gratias
3035 2850 3286 2912 reddere,
3310 2846 3403 2918 qui

130 2945 323 3016 ὀσμὴν
354 2948 456 3017 τῆς
484 2946 739 3015 γνώσεως
768 2950 881 3018 τῆς·
906 2951 1205 3023 ὀφελούσης
1228 2953 1406 3022 ψυχὰς
1439 2952 1507 3005 δι’
1545 2954 1726 3006 αὐτῶν

1840 2947 2157 3018 cognitionis
2194 2945 3156 3014 animabus'percommodaa‘odorem
3189 2956 3284 3011 per
3309 2955 3405 2995 eos

132 3038 429 3108 πανταχοῦ
459 3040 814 3109 φανεροῦντι·
847 3042 919 3095 σὺ
942 3043 989 3095 δ’
1018 3045 1138 3096 ἀντὶ
1167 3044 1394 3107 εὐωδίας
1412 3045 1482 3097 τὰ
1522 3045 1726 3118 πίτυρα

1840 3040 2145 3108 ubicunque
2172 3038 2503 3091 manifestet;
2536 3034 2638 3089 Sed
2670 3045 2735 3088 tuv
2753 3049 2851 3104 pro
2880 3033 3033 3090 suavi
3059 3032 3226 3087 odore
3250 3045 3405 3099 atque

134 3127 376 3198 θυμιᾷς,
402 3129 748 3183 ,κατνεξκόνα
786 3129 895 3183 τῶν
939 3132 1214 3199 γυναικῶν
1252 3134 1496 3195 ἐκείνων,
1540 3128 1726 3207 ὦνπερ

1840 3145 1892 3184 ιο
1918 3129 2023 3183 illae
2044 3128 2324 3188 mulieres,
2343 3142 2575 3196 quarum
2598 3126 2861 3196 propheta
2882 3124 3150 3180 Jeremias
3167 3121 3399 3191 captivis

133 3217 167 3268 6
186 3217 483 3289 προφήτης
513 3217 787 3289 μέμνηται
824 3219 1091 3291 Ἱερεμίας
1124 3222 1350 3291 γράφων
1387 3226 1499 3287 τοῖς
1528 3225 1727 3295 αἰχμα-

1840 3221 2157 3292 Babylonem
2193 3218 2740 3279 scribens-meminit,
2770 3215 3016 3272 furfures
3048 3212 3399 3269 incensas".

138 3307 494 3362 λωτισθεῖσιν
526 3311 607 3373 είς
636 3310 952 3366 Βαϐυλῶνα.
982 3314 1046 3366 Τί
1087 3314 1196 3383 γὰρ
1227 3314 1291 3367 ἂν
1330 3315 1576 3387 διαφέροι
1622 3334 1725 3369 κα-

1840 3313 1885 3366 ln
1919 3330 2033 3381 quo
2054 3313 2223 3375 enim,
2258 3311 2315 3365 id
2351 3311 2497 3380 quod
2545 3311 2669 3379 ipse!
2698 3310 2994 3380 proﬁteris,
3036 3323 3181 3361 cum
3216 3304 3403 3360 inimi-

138 3399 388 3470 πνῳδίας
428 3401 489 3455 τὸ
526 3402 618 3457 σδν
664 3402 1005 3473 διάγγελμα,
1038 3404 1099 3458 τὸ
1149 3408 1491 3461 στασιοποιόν
1528 3426 1588 3462 τε
1632 3409 1727 3463 καὶ

1840 3408 2271 3475 vitiasprocreet
2307 3408 2381 3457 et'
2408 3402 2561 3456 nullo
2607 3402 2681 3457 sit
2726 3401 3118 3463 emolumento,
3170 3413 3199 3452 a
3250 3397 3405 3451 fumo

136 3490 379 3561 ἀκερδές
399 3507 415 3558 ;

1840 3496 2083 3554 iiilcret?

2267 3583 2605 3639 CLXXXIX.
2632 3613 2703 3624 --
2731 3581 2937 3637 Eidem.

1898 3679 1956 3736 Si
1987 3679 2156 3733 turba
2190 3679 2519 3742 animarum,
2566 3685 2624 3730 ut
2662 3675 2781 3745 ipse
2825 3673 3050 3739 asseris,
3087 3686 3184 3744 per
3210 3682 3402 3743 pecca-

1828 3782 1939 3827 tum
1979 3787 2046 3825 ex
2095 3769 2412 3826 summitate
2445 3768 2569 3823 εαξη
2603 3768 2733 3833 Ιιιιο,
2776 3782 2900 3821 cum
2955 3766 3187 3836 primum
3240 3764 3405 3818 homo

1828 3863 2179 3927 conderetur,
2210 3862 2455 3932 delapsa,
2492 3876 2694 3931 corpus
2732 3859 2837 3915 sibi
2889 3858 3222 3927 assumpsit;
3268 3869 3409 3912 sane

1828 3970 2028 4025 magno
2051 3953 2221 4025 Moysi
2255 3952 2603 4008 scribendum
2633 3959 2773 4015 erat,
2798 3951 2971 4004 multa
3004 3948 3170 4004 Deum
3199 3956 3401 4004 eterra

1826 4062 2046 4102 creasse
2074 4059 2326 4114 corpora,
2361 4045 2414 4097 in
2453 4059 2627 4113 eaque
2667 4043 2922 4112 delapsas
2974 4042 3186 4095 animas
3221 4040 3402 4094 immi-

1828 4142 1988 4197 sisse.
2016 4140 2086 4193 At
2117 4139 2207 4194 ille
2242 4138 2319 4192 nil
2352 4138 2574 4191 minus:
2612 4153 2781 4190 unum
2816 4150 2944 4191 vero
2981 4134 3263 4189 hominem
3309 4146 3400 4186 so-

1908 1117 1980 1173 Ut
2024 1135 2093 1174 ne
2141 1120 2399 1189 desperes
2444 1119 2512 1174 de
2554 1121 2889 1177 charismate
2931 1123 3326 1192 intrepiditatis
3363 1131 3419 1178 et

1840 1206 2257 1278 perfectissima:
2278 1209 2876 1278 imperturbabilitatis,
2908 1218 2962 1265 et
2984 1226 3014 1266 a
3041 1226 3295 1278 maerore,
3321 1212 3412 1283 qui

1837 1310 1892 1355 te
1927 1299 2207 1370 praeiacet.
2230 1300 2504 1369 libereris,
2542 1301 2836 1356 habestibi
2869 1303 3089 1359 animos
3121 1303 3413 1359 addentem

1836 1391 2384 1464 sanctumMoysem,
2423 1393 2477 1446 in
2524 1391 2779 1448 Levitico
2831 1392 3148 1449 dicentem:
3198 1413 3217 1447 ι
3265 1395 3415 1450 Dabo

1835 1496 2031 1553 pacem
2057 1484 2110 1537 in
2130 1494 2284 1538 terra
2318 1493 2520 1550 vestra,
2554 1496 2609 1539 et
2631 1485 2936 1551 dormietis,
2958 1495 3012 1540 et
3043 1500 3149 1541 non
3171 1489 3293 1553 erit,
3319 1488 3412 1557 qui

643 3585 819 3640 PIIS'.
847 3619 918 3627 ——
949 3586 1033 3653 Τῷ
1061 3589 1241 3654 αὐτῷ.

212 3671 393 3745 Εἴπερ
429 3670 615 3746 δῆμος
639 3678 848 3749 ψυχῶν,
894 3680 1076 3744 καθὼς
1112 3681 1309 3751 λέγεις,
1341 3680 1408 3737 δι’
1452 3685 1726 3756 ἁμαρτίας

138 3764 504 3820 ἐκπέπτωκεν
549 3770 659 3823 ἀπὸ
693 3772 791 3841 τῆς
828 3772 1014 3842 ἁψῖδος
1044 3776 1154 3828 τῶν
1199 3777 1448 3846 οὐρανῶν
1494 3778 1737 3834 ἐνταῦθα

140 3858 272 3907 κατ’
318 3858 496 3928 ἀρχὰς
536 3859 638 3930 τῆς
691 3862 1039 3934 ἀνθρωπίνης
1072 3866 1361 3934 γενέσεως,
1399 3871 1492 3922 καὶ
1523 3871 1722 3924 ὲνεσωι

144 3949 412 4020 ματὼθη,
469 3954 637 4024 ἐχρῆν
691 3955 900 4025 γράψαι
955 3952 1046 4010 τὸν
1108 3959 1281 4027 μέγαν
1336 3961 1595 4025 Μωῦσέα,
1644 3963 1733 4015 ὅτι

142 4034 325 4089 πολλὰ
353 4038 383 4089 6
434 4038 571 4104 Θεὸς
601 4040 831 4112 σώματα
870 4046 1176 4116 πεποίηκεν
1212 4049 1277 4101 ὲκ
1334 4050 1431 4120 τῆς
1472 4050 1596 4118 γῆς,
1633 4052 1729 4105 xui;

141 4127 228 4190 είς
266 4129 443 4182 ταῦτα
478 4131 779 4187 κατὲὀαλεν
807 4135 907 4199 τὰς
936 4137 1275 4202 ἐκπεσούσας
1297 4139 1494 4210 ψυχάς.
1522 4141 1635 4194 Νῦν
1669 4142 1728 4195 δὲ

140 4218 246 4287 οὐχ
270 4217 466 4284 οὕτως,
492 4221 589 4275 ἕνα
610 4223 668 4276 δὲ
701 4224 986 4295 ἄνθρωπον
1027 4228 1185 4297 μόνον
1208 4230 1301 4283 τὸν
1340 4231 1509 4303 Ἀδὰμ
1534 4233 1726 4304 ὲκτῆς

1840 4236 1941 4287 lam
1973 4232 2149 4286 Adam
2180 4246 2212 4286 e
2253 4238 2400 4285 terra
2433 4239 2672 4293 creaSse,
2717 4229 2769 4281 in
2830 4242 3007 4296 eoque
3054 4226 3291 4279 animam
3318 4223 3400 4277 vi-

142 4309 252 4380 γῆς
279 4312 611 4377 πεπλάσθαι,
653 4316 749 4370 καὶ
779 4317 957 4388 ψυχὴν
1005 4321 1654 4394 ὲμπεφυσῆσθαιιζῶσαν
1691 4328 1730 4396 ἡ·

1840 4332 2043 4381 ventem
2079 4325 2384 4394 inspirasse
2418 4323 2582 4377 Deum
2633 4321 2919 4391 Scriptura
2959 4320 3122 4373 tradit
3142 4318 3225 4372 ⁸³ε
3265 4336 3283 4368 ι
3324 4317 3400 4370 fe-

146 4405 343 4477 Γραφὴ
394 4408 795 4477 παραδίδωσιν·
856 4431 874 4463 ι
909 4412 1197 4484 Ἐποίησέν
1246 4432 1306 4468 τε
1352 4419 1417 4469 ὲκ
1462 4417 1556 4470 τοῦ
1606 4419 1723 4482 ἑνὸς

1840 4422 2011 4490 :itque
2035 4435 2099 4474 ex
2125 4433 2235 4473 uno
2266 4418 2553 4487 sanguine,
2582 4426 2641 4471 ut
2665 4416 2958 4486 Apostolus
2976 4414 3159 4475 refert,
3180 4420 3403 4481 gentem

146 4495 405 4564 αἵματος,
435 4496 513 4560 ὣς
552 4516 718 4568 φησιν
746 4500 775 4551 6
815 4502 1156 4567 ’Λπόστολος,
1193 4507 1304 4559 πᾶν
1337 4506 1489 4571 ἔθνος
1518 4508 1727 4579 ἀνθρώ-

1840 4513 2136 4567 miversam
2171 4511 2454 4563 hominum
2490 4508 2745 4562 habitare
2769 4507 2827 4559 in
2857 4505 3050 4559 faciem
3107 4512 3267 4558 terra:
3288 4502 3393 4555 9‘.»

147 4601 268 4637 πων
298 4590 574 4641 καταχεῖν
603 4590 696 4643 ἐπὶ
735 4590 1027 4657 προσώπου
1057 4594 1160 4665 τῆς
1188 4594 1310 4665 γῆς.
1355 4597 1411 4649 Ὀ
1441 4596 1549 4667 γὰρ
1584 4597 1727 4668 πρῶ-

1840 4604 2094 4658 iPrimus
2143 4603 2289 4658 enim
2338 4603 2501 4656 homo
2548 4617 2614 4655 ex
2657 4609 2803 4654 terra
2860 4608 3113 4652 terrenus
3137 4594 3204 4657 ⁸⁸,
3248 4608 3399 4647 ιιιοιι

148 4694 240 4741 τος
269 4678 555 4749 ἄνθρωπος
600 4683 664 4734 ἐκ
690 4682 796 4751 γῆς
832 4684 1034 4753 χοῐκὸς,
1067 4705 1084 4735 ι
1115 4686 1213 4756 οὐχ
1247 4688 1294 4739 οἱ
1344 4688 1550 4756 πρῶτοι
1579 4690 1727 4761 ὄχλοι

146 4767 259 4820 τῶν
290 4769 503 4839 μυρίων
524 4770 830 4841 ἀνθρώπων
857 4776 921 4826 ἐκ
943 4775 1046 4843 γῆς
1072 4777 1265 4845 χοϊκοί.
1310 4798 1325 4828 ι
1346 4780 1465 4832 -Καὶ
1486 4779 1553 4831 δι’
1585 4781 1723 4846 ἐνὸς,

150 4860 341 4929 φησιν,
376 4861 664 4930 ἀνθρώπου
721 4865 754 4934 ὴ
803 4865 1055 4935 ἁμαρτία·
1077 4867 1329 4937 εἰσῆλθεν
1371 4871 1452 4932 είς
1486 4871 1577 4923 τὸν
1631 4873 1726 4925 κό-

154 4968 313 5031 σμον,
342 4972 361 5003 ι
401 4954 461 5007 οὐ
501 4955 609 5026 γὰρ
632 4955 696 5026 δὴ
726 4955 815 5009 διὰ
849 4957 1082 5027 πλήθους
1116 4959 1442 5031 ἀνθρώπων.

192 5025 223 5044 “
581 5025 584 5026 ν
668 5025 786 5111 Ριυ.
813 5076 883 5086 --
916 5025 999 5113 Τῷ
1028 5049 1206 5114 αὐτῷ.

221 5134 414 5197 Οὐδεὶς
456 5136 839 5206 προσκρούσας
886 5139 967 5207 τῷ
1005 5141 1123 5210 Θεῷ
1159 5183 1172 5205 ,
1223 5144 1314 5195 καὶ
1355 5143 1727 5216 ὲξοριζόμενος

153 5225 490 5292 εὐλογεῖται*
547 5229 576 5279 6
640 5228 699 5280 δέ
744 5246 808 5297 γε
856 5231 1027 5300 Ἀδὰμ
1090 5232 1472 5303 πεπλασμένος
1519 5239 1582 5290 ὲκ
1630 5240 1729 5309 τῆς

154 5318 279 5384 γῆς,
308 5316 403 5368 καὶ
436 5316 614 5387 ήἘῦα
635 5319 700 5372 ὲκ
733 5321 833 5391 τῆς
869 5321 1057 5374 τούτου
1100 5324 1335 5395 πλευρᾶς
1385 5333 1727 5404 γεγενημένη

156 5404 347 5475 βοηθὸς
378 5406 515 5480 πρὸς
534 5424 598 5461 το
623 5412 1029 5482 τεκωγονῆσαι,
1049 5414 1123 5477 ὡς
1155 5416 1320 5485 μήπω
1350 5419 1515 5487 μηδὲν
1548 5422 1728 5494 ἁμαρ·

153 5500 441 5567 τήσαντες,
495 5501 847 5572 εὐλογοῦνται
895 5505 1001 5558 ὐπὸ
1053 5506 1188 5559 θεοῦ
1211 5547 1226 5571 ,
1274 5506 1578 5580 αὐξηθῆναι
1626 5517 1722 5569 καὶ

221 5680 261 5710 ⁶¹
298 5678 469 5734 Leut.
504 5696 627 5735 nvi
674 5679 724 5735 6.
800 5686 843 5714 ⁸³
880 5680 1049 5752 Epist;
1083 5686 1286 5743 Jcrcm.
1363 5691 1408 5725 ⁸³
1434 5692 1569 5748 Gen.
1605 5707 1665 5757 ιι,
1713 5693 1761 5745 7.

1822 4697 2012 4763 prima:
2036 4694 2211 4748 turba:
2237 4693 2517 4746 intinitoru
2528 4707 2575 4743 ιιι
2608 4686 2887 4742 hominum
2903 4702 2972 4740 ex
2988 4696 3129 4739 terra
3148 4692 3396 4736 terrenze.

1824 4786 1931 4857 73
1971 4806 1987 4836 ι
2048 4785 2111 4838 Et
2162 4799 2257 4854 per
2297 4798 2485 4847 unum',
2537 4782 2634 4843 ait,
2688 4780 2963 4834 hominem
3025 4782 3304 4847 peccatum
3338 4772 3395 4827 in

1826 4875 2091 4930 mundum
2125 4875 2473 4930 introductus
2502 4882 2586 4929 est
2606 4874 2677 4942 “,
2719 4893 2736 4925 ι
2765 4882 2819 4928 et
2864 4884 2972 4926 non
3001 4886 3096 4941 per
3146 4867 3399 4923 multitu-

1825 4969 2009 5025 dinem
2042 4970 2347 5023 hominum.

2362 5057 2518 5113 CXC.
2553 5086 2619 5097 —-
2652 5055 2860 5110 Eidem.

1894 5151 2109 5207 Nemini
2139 5151 2195 5204 in
2234 5148 2595 5203 offensionem
2630 5146 2723 5200 Dei
2773 5143 3060 5206 incidenti,
3092 5150 3149 5197 et
3191 5140 3397 5197 extorri

1830 5245 1973 5300 facto
2005 5243 2367 5299 benedicitur.
2404 5240 2513 5295 Sed
2548 5240 2719 5293 Adam
2751 5253 2781 5292 e
2825 5246 2970 5293 terra
3001 5234 3294 5297 coniictus,
3343 5239 3399 5285 et

1829 5336 1936 5390 Eva
1966 5353 2031 5391 ex
2064 5336 2184 5404 ejus
2216 5335 2393 5389 latere
2426 5332 2717 5402 produCta,
2757 5328 2826 5383 ad
2863 5327 3234 5397 procreandos
3258 5325 3399 5378 ﬁlios

1830 5428 2167 5488 auxiliatrix,
2201 5434 2462 5494 tanquam
2490 5423 2645 5477 nullo
2671 5422 2852 5475 adhuc
2887 5428 3114 5491 peccato
3145 5417 3397 5472 obstricti

1828 5535 1859 5574 a
1928 5517 2039 5574 Deo
2077 5517 2511 5573 benedictionem
2562 5513 2877 5583 accipiunt.
2930 5530 2948 5563 ι
3014 5508 3280 5571 Crescite,
3343 5526 3398 5563 et

1836 5692 1881 5725 “
1915 5695 2035 5750 Act.
2078 5708 2207 5760 λνιι,
2239 5689 2328 5746 26.
2359 5690 2405 5721 ⁸³
2444 5687 2608 5744 I'Cor.
2647 5704 2733 5755 xv,
2763 5688 2852 5743 47.
2924 5687 2970 5719 ⁸⁸
3003 5684 3162 5741 Rcui.
3218 5701 3271 5755 ν,
3304 5684 3391 5742 12.
