3882 6036
448 252 550 320 155
1944 265 1981 324 S

3605 263 3743 330 156

445 368 900 439 multiplicamini,
937 377 990 424 et
1025 371 1194 427 totius
1237 379 1508 426 terrarum
1545 373 1698 428 orbis
1729 372 1978 441 principal

2208 377 2505 447 ιθυνθηναι,
2559 378 2650 429 καὶ
2681 394 3122 448 κατακυριειισαι⁷
3151 377 3332 446 πάσης
3362 377 3459 448 τῆς
3501 380 3741 430 οικουο

445 472 560 516 tum
602 461 841 514 obtincte
865 461 930 512 ⁸⁷.
975 483 990 511 ο
1029 461 1313 528 Quomodo
1347 466 1550 533 itaqtte,
1585 475 1642 516 ιιι
1673 464 1778 527 ais,
1840 461 1978 518 Adat

2172 467 2303 535 ἕνης.
2341 468 2462 529 Πῶς
2501 463 2618 533 οὖν,
2662 468 2738 530 ὡς
2788 467 2988 537 λέγεις,
3025 469 3379 538 προήμαρτεν
3415 471 3443 522 6
3492 469 3705 534 ’Δδάμ

456 563 510 609 et
535 555 683 609 illius
715 569 851 606 uxor
882 561 1041 608 antea
1075 555 1126 608 in
1154 558 1296 610 cmlo
1329 556 1732 626 peccaverant?

2118 559 2294 614 καὶτὸ
2315 558 2504 612 τούτου
2533 558 2754 628 γύναιον
2783 561 2841 612 ὲν
2868 564 2980 623 τοῖς
3009 561 3097 612 ἐπ’
3121 562 3404 629 οὺρανοῖςτ

768 643 948 699 CXCI.
974 675 1044 686 —
1077 645 1334 700 ATTICO
1371 646 1684 703 LECTORI.

2399 652 2564 717 ΡιιΑο.
2593 681 2662 690 -
2689 652 2948 721 ΑΤἸΊΚῼ
2984 651 3397 724 ΑΝΑΓΝΩΣΤῌ

526 753 544 784 ι
583 735 685 801 Qui
711 737 850 790 vidit
882 753 990 800 me,
1021 737 1158 793 vidit
1183 747 1237 792 et
1275 737 1492 794 Patrem
1521 743 1588 809 ⁸⁸,
1627 762 1645 796 ι
1683 744 1736 799 id
1771 755 1878 811 est,
1923 745 2018 815 qui

2202 761 2214 794 ι
2258 741 2316 796 '0
2341 741 2602 812 ἑωρακὼς
2641 745 2774 812 ἐμὲ,
2809 743 3021 813 ἑώρακε
3065 744 3155 796 τὸν
3187 744 3435 813 Πατέρα·
3480 758 3502 792 ι
3542 757 3735 794 τουτ-

451 825 650 897 dignus
683 827 902 883 habitus
935 837 1020 883 est
1055 828 1120 882 ad
1149 832 1593 900 cognoscendam
1639 849 1814 890 meam
1847 836 1984 891 deita

2208 849 2294 894 τιν,
2329 834 2358 885 6
2388 832 2746 896 καταξιωθεὶς
2773 835 2964 903 νοῆσαι
2995 835 3092 904 τὴν
3123 832 3356 901 θεότητὰ
3383 849 3512 899 μου,
3542 831 3741 900 δῆλον

456 928 587 985 tem,
623 919 973 974 manifestum
1025 931 1110 976 est
1157 936 1284 976 eum
1321 930 1375 977 et
1419 922 1604 978 Patris
1637 926 1893 983 deitatem
1925 943 1989 983 co

2202 961 2207 973 .
2245 922 2462 989 ὲπέγνω
2499 922 2593 976 τοῦ
2647 924 2859 992 Πατρός
2899 924 2999 993 τὴν
3047 923 3308 994 θεότητα⁹
3368 922 3464 993 μία
3513 923 3646 993 γὰρ
3693 926 3735 993 ἡ

454 1011 732 1081 gnovisse.
766 1011 880 1066 Una
905 1013 1179 1082 siquidem
1209 1022 1295 1070 est
1316 1015 1517 1083 deitas,
1537 1027 1590 1072 et
1615 1020 1790 1089 gloria
1822 1020 1987 1077 Patris

2207 1011 2334 1082 ἱτης,
2359 1015 2451 1066 καὶ
2471 1015 2506 1084 ἡ
2531 1013 2658 1080 δόξα
2688 1015 2782 1068 τοῦ
2807 1016 3040 1085 Πατρός,
3069 1016 3161 1068 καὶ
3191 1014 3287 1068 τοῦ
3328 1013 3458 1068 Υἱοῦ
3479 1031 3496 1045 ·
3519 1033 3540 1066 ι
3566 1013 3740 1082 Ἐγὼ

455 1106 508 1153 et
543 1097 664 1153 Filii
691 1118 704 1152 :
737 1114 996 1170 namque,
1021 1120 1039 1152 ι
1065 1102 1180 1172 Ego
1213 1111 1268 1158 et
1295 1103 1458 1160 Pater
1487 1124 1657 1161 unum
1686 1124 1880 1167 sumus
1901 1111 1967 1166 ⁸⁸.

1450 1122 1458 1136 ’
1487 1124 1657 1161 unum
1686 1124 1880 1167 sumus
1901 1111 1967 1166 ⁸⁸.
2000 1131 2020 1165 ›
2125 1106 2235 1177 γὰρ
2269 1107 2365 1159 καὶ⁸
2389 1106 2418 1158 6
2449 1106 2636 1178 Πατὴρ
2661 1106 2720 1160 ἒν
2745 1108 2936 1176 ἐσμεν.
2965 1125 2983 1149 ι

671 1190 878 1246 CXCII.
911 1223 979 1233 -—
1020 1192 1280 1248 AGLAIO
1311 1196 1795 1255 ANTECESSORI

2361 1199 2523 1264 PHB'.
2556 1229 2626 1239 --
2656 1200 2903 1270 ΑΓΛΔΙῼ
2941 1198 3458 1253 ΑΝΤΕΚΗΝΣΟΡΙ.

527 1278 726 1337 Beatus
748 1284 943 1338 Petrus
972 1286 1181 1356 scripto
1229 1288 1480 1354 tradidit,
1536 1308 1554 1342 ι
1597 1289 1665 1345 Ut
1714 1291 2032 1361 iudicentur

2211 1288 2271 1343 '0
2307 1289 2576 1362 μακάριος
2628 1290 2835 1360 Πέτρος
2866 1292 3096 1362 γράφων
3137 1293 3333 1362 φησίν·
3379 1312 3398 1343 ι
3430 1292 3556 1344 Ἵνα
3587 1307 3739 1362 κρι-

462 1387 652 1427 omncs
699 1389 888 1438 carne,
941 1377 1131 1431 vivant
1177 1393 1311 1434 vero
1355 1382 1657 1436 secundum
1708 1381 1879 1436 Deum
1913 1381 1995 1452 spi

2202 1397 2268 1433 »σι
2305 1381 2404 1451 μὲν
2433 1381 2670 1444 ἅπαντες
2704 1384 2888 1452 σαρκὶ,
2914 1383 3050 1447 ζῶσι
3090 1383 3149 1437 δὲ
3189 1383 3332 1438 κατὰ
3371 1384 3505 1438 Θεὸν
3543 1383 3735 1437 πνεύ-

462 1465 572 1520 ritu
599 1468 701 1518 θο.»
739 1466 875 1521 Illud
902 1487 921 1520 ι
951 1469 1270 1535 judicentur
1317 1487 1507 1536 carne,
1547 1492 1565 1525 ι
1604 1472 1673 1527 ad
1702 1488 1797 1529 eos
1853 1473 1995 1544 prola

2204 1487 2288 1524 ιτι.
2319 1489 2336 1522 ι
2371 1471 2444 1524 Τὸ
2476 1472 2574 1541 μὲν
2606 1469 2848 1540 κριθῶσι
2893 1473 3106 1542 σαρκὶ,
3141 1474 3358 1546 εἴρηται
3409 1475 3552 1546 πρὸς
3585 1474 3737 1538 τοὺς

462 1566 577 1611 tum
605 1567 708 1621 est.
739 1560 832 1629 qui
867 1571 1206 1627 asseverant,
1254 1580 1433 1633 neque
1462 1579 1686 1620 carnem
1731 1579 1762 1618 a
1805 1566 1995 1620 mortui

2205 1578 2412 1629 γοντας,
2448 1564 2586 1632 μήτε
2625 1563 2948 1618 ἀνίστασθαι
2977 1567 3042 1618 ὲκ
3085 1567 3318 1638 νεκρῶν,
3357 1566 3490 1638 μηδὲ
3525 1568 3738 1638 κρίνε-

465 1662 778 1719 resurgere,
825 1666 1006 1720 neque
1037 1652 1323 1721 judicari:
1372 1666 1428 1709 at
1458 1654 1616 1719 illud,
1661 1675 1680 1708 ι
1734 1663 1796 1710 ut
1831 1657 1998 1710 ’vivan

2200 1667 2266 1708 lat
2306 1655 2482 1724 σάρκα
2502 1672 2516 1686 °
2549 1656 2608 1708 τὸ
2637 1655 2682 1708 δ’
2707 1657 2868 1722 ὅπως
2885 1656 3032 1721 ζῶσι
3055 1657 3206 1712 κατὰ
3229 1658 3378 1712 Θεὸν
3395 1658 3733 1726 πνεύματι,

465 1741 769 1795 secundum
801 1742 970 1798 Deum
997 1746 1218 1814 spiritu,
1255 1765 1274 1799 ι
1312 1747 1416 1801 hoc
1441 1755 1527 1802 est
1564 1763 1672 1802 non
1717 1748 1998 1803 aberrante

2204 1711 2391 1814 υτέστί
2424 1745 2620 1815 μηκέτι
2657 1711 3002 1816 πλανώμενοι
3038 1746 3138 1817 τὴν
3169 1747 3370 1819 ψυχὴν,
3399 1711 3569 1800 ὥστε.
3587 1711 3737 1799 πολζ

467 1833 673 1903 animo,
705 1833 844 1890 adeo
879 1844 938 1890 ut
971 1839 1174 1893 multos
1209 1853 1275 1894 ac
1312 1840 1498 1896 varios
1525 1840 1658 1894 deos
1690 1854 1812 1895 esse
1851 1839 2000 1908 suspi

2205 1836 2266 1897 ὺς
2307 1836 2401 1886 καὶ
2428 1835 2706 1898 ποικίλους
2743 1836 3110 1900 ὑποτοπάζειν
3157 1837 3336 1900 θεοὺς,
3389 1837 3485 1890 ἕνα
3517 1837 3580 1890 δὲ
3628 1838 3737 1889 καὶ

469 1934 664 1980 centur
689 1943 704 1992 ;
739 1927 832 1983 sed
865 1944 1038 1982 unum
1065 1937 1119 1982 et
1146 1929 1324 1984 solum
1353 1929 1547 1995 Deum,
1577 1931 1631 1984 in
1657 1930 1858 1985 szrcula
1887 1930 2002 1986 exsi

2199 1924 2304 1976 ivov
2323 1923 2454 1976 Θεὸν
2479 1925 2560 1987 εἰς
2585 1925 2710 1988 τοὺς
2738 1924 2962 1988 αἰῶνας,
2989 1924 3349 1995 ὑπάρχοντες,
3370 1926 3462 1978 καὶ
3489 1925 3732 1990 ζῶντες,

469 2025 742 2083 stentem,
796 2020 1062 2084 viventes.
1115 2020 1224 2092 74
1264 2037 1330 2076 ac
1377 2035 1570 2076 omnes
1619 2029 2002 2092 cognoscente:

2203 2014 2500 2079 νώσκοντες
2528 2015 2788 2077 ἅπαντες.
2849 2015 3023 2069 Τοῦτο
3059 2017 3116 2069 δὲ
3154 2017 3427 2088 χρήσιμον
3479 2018 3623 2085 ἡμῖν
3670 2017 3735 2068 τὸ

475 2107 688 2162 Dictum
723 2125 852 2164 vero
881 2112 1020 2166 satis
1041 2112 1202 2166 nobis
1232 2113 1682 2181 percommodum
1717 2114 1823 2168 erit
1851 2113 2008 2168 advel

2200 2108 2307 2178 ιτδν
2340 2108 2478 2179 πρὸς
2510 2111 2637 2172 τοὺς
2684 2108 2986 2171 θάλποντας
3021 2108 3088 2161 τὰ
3134 2107 3230 2162 τοῦ
3287 2107 3733 2180 Ἀριστοτέλους,

471 2216 569 2254 sus
630 2216 764 2265 eos,
797 2203 890 2270 qui
940 2201 1288 2257 Aristotelica
1342 2202 1548 2268 fovent,
1599 2205 2004 2275 contenduntgu

2202 2201 2238 2254 ιὶ
2274 2201 2715 2272 ἰσχυριζομένους
2761 2199 3344 2272 ἀπολεπτυνθήσεσθαι
3371 2217 3501 2254 ποτε
3541 2200 3735 2262 πάσας

475 2293 688 2348 animas
721 2293 1019 2362 aliquando
1045 2309 1238 2350 omnes
1283 2294 1565 2349 hominum
1609 2305 1930 2354 extenuatas
1976 2311 2006 2350 a

2198 2311 2243 2357 ις
2284 2293 2464 2364 ψυχὰς
2504 2293 2613 2346 τῶν
2660 2292 2999 2370 ἀνθρώπων,
3042 2294 3137 2347 καὶ
3169 2293 3251 2357 εὶς
3281 2292 3344 2346 τὸ
3394 2291 3470 2363 μὴ
3500 2291 3563 2345 ὃν
3612 2309 3731 2361 χω-

478 2387 554 2452 id,
583 2388 729 2458 quod
757 2402 869 2443 non
898 2397 1006 2451 est,
1041 2388 1399 2458 migraturas.
2150 2386 2336 2459 ρῆσαι.

985 2479 1210 2534 CXCIII.
1239 2511 1307 2522 -—
1333 2479 1541 2534 Eidem.

2640 2477 2801 2544 ΡιιΓι.
2821 2505 2894 2516 -
2926 2472 3010 2540 Τῷ
3042 2474 3223 2541 αὐτῷ.

549 2570 838 2636 Quomodo
864 2569 1120 2626 Christus
1144 2569 1407 2626 Dominus
1433 2588 1451 2622 ι
1481 2571 1603 2626 sine
1628 2578 1823 2637 matre,
1853 2581 1909 2627 et
1929 2571 2050 2629 sine

2219 2567 2386 2630 Πῶςὸ
2417 2566 2694 2636 Δεσπότης
2745 2567 2980 2637 Χριστὸς
3027 2568 3284 2637 ἀμήτωρ,
3330 2566 3426 2620 καὶ
3471 2567 3730 2638 ἀπάτωρ,

482 2671 656 2730 patre,
679 2671 733 2715 et.
763 2662 881 2716 sine
910 2661 1228 2730 genealogia
1249 2663 1293 2693 "
1330 2680 1350 2713 ι
1385 2662 1477 2725 sit,
1511 2661 1828 2732 perdiscere
1868 2665 2015 2732 cupis

2204 2661 2244 2713 ιιὶ
2274 2659 2724 2730 ἀγενεαλόγητος,
2765 2658 2958 2730 μαθεῖν
2990 2657 3189 2728 βούλει.
3236 2660 3492 2730 ’Δμήτωρ
3537 2659 3640 2730 μὲν
3671 2663 3737 2712 τὸ

484 2751 798 2806 Secundum
820 2752 964 2822 quod
985 2761 1068 2808 est
1097 2768 1262 2822 supra
1293 2767 1418 2815 nos,
1447 2753 1652 2807 dicitur
1682 2754 1805 2808 sine
1837 2764 2010 2808 matre

2200 2753 2294 2824 πὲρ
2320 2755 2489 2824 ἡμᾶς,
2531 2751 2762 2822 ἀπάτωρ
2784 2751 2842 2804 δὲ
2872 2753 2934 2804 τὸ
2963 2750 3084 2804 καθ’
3104 2752 3270 2822 ἡμᾶς,
3300 2753 3733 2823 ἀγενεαλόγητος

483 2843 583 2897 sed
614 2849 671 2894 ut
703 2851 786 2896 est
818 2843 1124 2898 secundum
1173 2858 1294 2907 nos,
1329 2843 1449 2897 sine
1498 2854 1690 2912 patre;
1749 2845 2014 2899 secundm

2200 2861 2210 2897 ι
2243 2844 2301 2896 τὸ
2329 2844 2442 2897 ἄνω
2463 2859 2477 2872 ’
2517 2845 2652 2913 φησι
2677 2843 2788 2914 γὰρ
2816 2844 2845 2896 6
2886 2845 3174 2915 προφήτης
3193 2863 3209 2877 θ
3246 2863 3265 2896 ι
3300 2846 3411 2916 Τὴν
3446 2846 3505 2899 δὲ
3535 2845 3733 2913 γενεὰν

482 2934 630 3005 quod
656 2942 838 2988 autem
869 2935 938 2988 ad
969 2949 1208 3004 superna
1247 2935 1506 3006 pertinet,
1539 2936 1658 2991 sine
1709 2938 2015 3008 genealogis

2200 2932 2320 2988 ύτοῦ
2365 2932 2447 2996 τίς
2481 2934 2830 3003 διηγήσεταις
2862 2951 2881 2984 ι
2917 2933 3030 3002 Τὴν
3073 2935 3171 3003 μὲν
3209 2935 3318 3004 γὰρ
3349 2934 3494 2987 κατὰ
3546 2933 3733 3004 σάρκα

485 3027 577 3081 Ait
606 3027 810 3081 etenim
865 3027 1176 3096 propheta:
1227 3045 1246 3078 ι
1301 3025 1722 3082 Generationem
1781 3028 1902 3097 ejus
1931 3031 2018 3098 qui

2201 3027 2368 3079 ένεσιν
2397 3024 2560 3080 αὐτοῦ
2586 3027 2614 3077 6
2637 3023 2910 3088 Ματθαῖος
2945 3025 3336 3094 ἐγενεαλόγησε
3353 3042 3366 3055 ο
3395 3025 3511 3087 πῶς
3537 3025 3596 3077 δὲ
3626 3027 3734 3095 πρὸ

483 3119 878 3172 enarrabit”?
935 3138 954 3171 ι
1023 3119 1414 3174 Verumtamen
1471 3119 1851 3189 generationis
1909 3121 2016 3174 illiu

2196 3119 2266 3170 ὦν
2315 3116 2524 3171 αἰώνων
2552 3117 2581 3167 6
2639 3113 2828 3186 Πατὴρ
2869 3114 2964 3168 τὸν
3003 3113 3132 3168 Υἰὸν
3180 3115 3504 3183 ἐγέννησεν,
3557 3115 3729 3177 οὐδεὶς

488 3213 791 3268 secundum
837 3227 1058 3268 carnem
1085 3212 1255 3268 altius
1295 3212 1462 3267 ducta
1505 3213 1718 3283 origine
1768 3211 2021 3268 Matthaau

2196 3208 2437 3271 ξαντελῶς
2489 3205 2612 3261 οὔτε
2652 3203 2975 3276 ἀνθρώπων,
3022 3205 3149 3258 οὔτε
3198 3205 3446 3275 ἀγγέλων
3472 3205 3729 3272 ἐξειπεῖν,

489 3304 734 3358 narravit
758 3304 824 3356 ".
842 3302 911 3357 At
931 3302 1202 3372 quomodo
1231 3311 1359 3359 ante
1404 3304 1599 3359 sa:cula
1650 3303 1814 3358 Pater
1859 3303 2022 3359 Filiut

1231 3311 1359 3359 ante
1404 3304 1599 3359 sacula
1650 3303 1814 3358 Pater
1859 3303 2058 3359 Filium
2160 3303 2194 3372 ἢ
2223 3300 2423 3369 γνῶναι
2455 3297 2756 3369 δεδύνηται.

489 3395 854 3464 generaverit,
899 3410 1060 3449 nemo
1108 3395 1348 3463 penitus,
1407 3409 1588 3462 neque
1642 3409 1710 3449 ex
1741 3395 2059 3452 hominibus

491 3502 669 3556 neque
697 3501 763 3542 ex
797 3486 1006 3556 angelis
1038 3485 1350 3552 exprimere
1389 3485 1571 3554 potuit

988 3575 1219 3632 CXCIV.
1257 3607 1317 3618 —
1349 3576 1556 3632 Eidem.

2654 3559 2811 3629 ΡιιΔἎ
2841 3588 2910 3603 --
2939 3559 3023 3625 Τῷ
3054 3559 3232 3626 αὐτῷ.

505 3711 524 3730 .
564 3669 1036 3737 Quemadmodum
1069 3671 1162 3740 qui
1195 3667 1330 3724 febri
1364 3670 1764 3740 corripiuntur,
1796 3670 2035 3741 deprava

2237 3655 2446 3724 Ὠσπερ
2476 3654 2526 3707 οἱ
2559 3653 2921 3724 πυρέττοντες
2958 3653 3238 3722 νομίζουσι
3281 3651 3476 3722 πικρὸν
3509 3645 3728 3703 εἶναιτὸ

494 3766 571 3818 tis
594 3771 789 3834 gustus
835 3761 1214 3823 facultatibus,
1266 3762 1374 3816 mel
1423 3777 1670 3816 amarum
1716 3779 1840 3817 esse
1876 3765 2027 3818 existi

2190 3746 2311 3805 ιέλι,
2336 3746 2442 3798 τῶν
2470 3745 2598 3824 παρ’
2623 3745 2807 3808 αὐτοῖς
2837 3743 3225 3814 βεϐλαμμένων
3253 3741 3551 3811 γευστικῶν
3573 3741 3723 3793 δυνά-

499 3854 804 3919 mant;siv:
847 3863 905 3909 et
951 3854 1010 3915 ii,
1057 3869 1294 3923 quorum
1343 3854 1542 3906 animae
1591 3855 1676 3908 vis
1739 3854 2032 3922 degustanti

2192 3855 2339 3897 ιεων,
2383 3834 2556 3897 οὓτως
2592 3835 2689 3888 καὶ
2731 3835 2830 3904 τῆς
2872 3834 3052 3903 ψυχῆς
3085 3850 3164 3896 τις
3199 3835 3260 3884 τὸ
3293 3830 3574 3899 γευστικὴν
3607 3829 3725 3898 βλά-

498 3946 781 4016 deperdita
807 3956 911 4001 est.
945 3945 1008 3998 Et
1031 3922 1106 3998 ait
1135 3945 1430 4014 propheta:
1462 3942 1606 3998 (Vae
1631 3945 1720 4008 iis,
1753 3945 1845 4014 qni
1875 3944 2031 3999 dicun

2190 3946 2380 3983 ττεται.
2411 3930 2521 3982 Καί
2553 3945 2718 3998 φησιν
2748 3929 2777 3982 6
2816 3930 3134 3999 προφήτηςο
3169 3946 3186 3977 ι
3211 3925 3349 3978 Οὐαὶ¹
3379 3925 3490 3986 τοῖς
3521 3922 3723 3990 λέγουσι

499 4055 746 4094 amarum
775 4037 936 4091 dulce
954 4039 1020 4090 “.
1063 4055 1082 4088 ι

2167 4019 2228 4075 τὸ
2255 4021 2427 4090 γλυκὺ
2457 4021 2674 4091 πικρόν.
2715 4039 2733 4072 ι
3559 4070 3561 4074 Α

641 4127 844 4182 CXCV.
865 4153 936 4169 -ο
953 4126 1404 4182 ANAXAGORIE
1433 4125 1923 4182 GRAMMATICO.

2348 4111 2507 4180 Pw.
2539 4143 2611 4152 —
2635 4110 3043 4182 ΑΝΑΞΑΓΟΡᾼ
3081 4107 3557 4174 ΓΡΑΜΜΔΤΙΚῼ.

580 4242 598 4274 ι
623 4223 895 4277 Coronam
937 4221 1240 4292 gratiarum
1293 4221 1534 4289 accipies
1568 4221 1758 4274 vertici
1825 4230 1918 4274 tuo
1939 4221 2006 4283 θ’,
2043 4238 2064 4272 ι

2245 4225 2264 4260 ι
2290 4208 2562 4276 Στέφανον
2598 4203 2835 4275 χαρίτων
2872 4203 3000 4273 δέξῃ
3028 4204 3094 4272 τῇ
3129 4201 3340 4271 κορυφῇ
3382 4214 3499 4260 σου,
3536 4196 3605 4292 :6
3632 4196 3719 4246 Σο·

501 4315 642 4370 dixit
678 4313 974 4367 Salomon:
1023 4327 1201 4382 neque
1231 4312 1377 4366 enim
1435 4327 1542 4364 una
1601 4313 1773 4380 gratia
1823 4319 1928 4377 est,
1959 4327 2031 4381 qu

2191 4299 2352 4369 top.th
2393 4299 2635 4368 εἴρηκεν.
2667 4295 2740 4349 Ού
2769 4295 2879 4364 γὰρ
2913 4295 3012 4363 μία
3057 4292 3291 4360 ὑπάρχει
3325 4290 3503 4359 χάρις,
3607 4286 3724 4339 πλέ-

504 4407 745 4462 nectitur
771 4420 890 4474 qua:
923 4413 1102 4459 mente
1140 4404 1446 4472 concipitur
1476 4418 1705 4468 corona,
1739 4403 1834 4458 sed
1877 4402 2037 4456 multa

2184 4409 2326 4446 κεται
2347 4391 2375 4442 6
2398 4388 2519 4442 νοού
2529 4404 2687 4459 μενος
2709 4386 2992 4454 στέφανος,
3017 4381 3208 4436 πολλαὶ
3235 4383 3292 4435 δὲ
3327 4383 3464 4433 πάνυ
3486 4379 3717 4448 χάριτες·

456 4520 464 4526 υ
508 4470 802 4566 admodum
828 4494 1129 4564 gratiae;et
1165 4493 1244 4548 ait
1272 4470 1605 4562 Apostolus:
1643 4512 1663 4545 ι
1690 4491 1879 4548 Gratia
1917 4508 1985 4547 vo

2184 4484 2266 4539 καί
2314 4499 2479 4554 φησιν
2529 4483 2558 4534 6
2609 4478 2968 4544 Ἀπόστολος·
3029 4496 3047 4527 ι
3093 4473 3265 4546 Χάρις
3312 4474 3442 4543 ὑμῖν
3497 4470 3717 4539 πληθυν-

512 4582 907 4652 multiplicetur
927 4581 994 4634 ’5.
1033 4598 1052 4633 ι

843 4597 907 4636 ιιι·
927 4581 994 4634 ’⁸.
1033 4598 1052 4633 ι
2173 4575 2314 4658 θείη.
2354 4594 2373 4626 ι

934 4673 1040 4744 75
1076 4671 1304 4730 CXCVI.
1340 4702 1408 4712 —
1442 4670 1651 4725 Eidem.
2290 4655 2294 4658 ἡ

2290 4655 2294 4658 ’
2655 4664 2831 4730 Ριτεῖν.
2862 4689 2932 4701 —-
2968 4659 3051 4724 Τῷ
3077 4655 3235 4722 αὐτῷ

580 4765 803 4837 Appetis
830 4776 884 4821 et
913 4779 1139 4819 aureum
1184 4773 1458 4834 torquem,
1499 4764 1595 4833 qui
1633 4776 1897 4816 coronam
1946 4761 2073 4818 sub-

2245 4756 2576 4824 Βεϐούλησαι
2601 4756 2694 4809 καὶ
2723 4755 2812 4807 τὸν
2839 4751 3068 4824 χρύσεον
3091 4750 3268 4804 κλοιὸν
3288 4749 3378 4802 τὸν
3398 4748 3476 4815 τῷ
3495 4745 3717 4812 στεφάνῳ

510 4860 760 4930 sequitur
779 4860 846 4922 ⁸⁷,
882 4860 1011 4929 quis
1044 4859 1138 4921 sit,
1181 4872 1539 4928 cognoscere.
1576 4855 1625 4909 Is
1669 4855 1834 4908 fuerit
1870 4854 2043 4909 Christ

2192 4852 2529 4922 ιφεπόμενον,
2561 4847 2643 4908 τίς
2686 4847 2868 4903 ἐστιν.
2903 4842 3222 4910 ἐπιγνῶναι.
3261 4833 3427 4900 Οὗτος
3468 4835 3514 4890 δ’
3553 4836 3714 4900 civ-ein

512 4954 820 5010 Servatoris
853 4969 1020 5009 suave
1054 4953 1270 5023 iugum,
1310 4952 1405 5023 qui
1435 4951 1575 5006 collo
1607 4949 1824 5004 veritati
1849 4948 2045 5004 crcden

2180 4945 2201 4996 ό
2231 4942 2324 4994 τοῦ
2355 4941 2606 5007 Σωτῆρος
2641 4934 2876 5006 Χριστοῦ
2908 4931 3144 5004 χρηστὸς
3178 4931 3341 4998 ζυγὸς
3367 4928 3713 4996 ἐπιτιθέμενος

512 5048 585 5102 tis
614 5047 812 5101 animae
842 5020 1156 5116 apponitur.
1328 5020 1344 5023 ﬁ

2174 5031 2252 5104 τῷ
2279 5030 2534 5102 τραχήλῳ
2562 5027 2659 5096 τῆς
2686 5025 3057 5094 πιστευσὰσης
3090 5025 3155 5094 τῇ
3184 5021 3410 5092 ἀληθείᾳ
3437 5020 3601 5089 ψυχῆς

687 5113 938 5194 CXCVII.
967 5168 1036 5178 —
1062 5134 1414 5192 TRYPHONI
1439 5131 1906 5190 ARCHITECTO.

2403 5124 2562 5188 ΡιιΖκ
2598 5149 2662 5160 --
2689 5118 2985 5171 ΤΡΥΦΩΝΙ
3026 5113 3518 5168 ΑΡΧΙΤΕΚἸῸΝΙ.

587 5229 961 5285 Pulcherrima
1016 5228 1361 5298 paenitentia,
1402 5236 1456 5282 et
1491 5226 1749 5280 continua
1779 5224 1987 5289 oratio,
2023 5230 2078 5278 et

2262 5216 2328 5268 'H
2360 5213 2618 5282 καλλίστη
2647 5210 3002 5281 μετάγνωσις,
3029 5209 3123 5262 κα)⁸
3144 5205 3392 5266 σύντονος
3417 5203 3608 5272 δέησις.
3632 5201 3710 5254 καὶ

515 5320 794 5377 invocatio
819 5323 1098 5377 emarcido
1118 5321 1380 5392 Operibus
1428 5317 1634 5372 bomini
1665 5316 1886 5371 odorem
1937 5332 2046 5386 pra:

2184 5309 2544 5380 παράκλησις,
2573 5303 2856 5367 εύωδιάζει
2889 5302 2980 5354 τὸν
3016 5298 3291 5370 σεσηπότα
3326 5299 3445 5359 ταῖς
3485 5294 3713 5365 πράξεσιν

514 5418 644 5468 stat.
670 5412 885 5484 Accipit
909 5413 1054 5470 enim
1084 5383 1516 5468 humanissimus
1538 5406 1801 5463 Dominus
1823 5383 2044 5461 Christu

2182 5400 2494 5471 ἀνθρωπονο
2527 5396 2739 5466 δέχεται
2778 5394 2888 5464 γὰρ
2915 5391 3020 5484 ,καὶ
3052 5389 3236 5460 δέησιν
3279 5388 3528 5460 ῥυπαρὰν
3557 5389 3581 5440 ό
3607 5383 3711 5455 φιλ·-

591 5613 636 5643 ⁸⁷
692 5608 828 5664 Cen.
871 5626 910 5668 ι.
943 5611 1034 5666 28.
1109 5613 1155 5645 ⁸⁸
1188 5609 1344 5665 Joan.
1388 5607 1572 5668 xw,9.
1646 5607 1690 5640 ’³⁸
1713 5603 1872 5662 Joan.
1905 5621 1958 5668 x,
1989 5603 2077 5658 '50.

2153 5603 2200 5635 "
2236 5599 2412 5656 lPetr.
2457 5614 2533 5662 tv,
2567 5595 2620 5650 6.
2652 5665 2670 5668 ᾼ
2696 5595 2739 5626 ⁹¹
2776 5593 2940 5668 Πειρη.
2966 5607 3061 5656 vn,
3084 5593 3155 5668 1⁷).Δ
3209 5591 3256 5626 ’⁸
3278 5592 3383 5648 Isa.
3452 5603 3556 5653 LIII,
3581 5588 3621 5642 8.

521 5681 568 5716 "
607 5650 1130 5747 MaIIIiII-l,l’ua-;s.itu.
1188 5650 1497 5748 Ἲῖῖὲεῗνξ
1520 5650 1628 5732 νέθ.
1713 5650 1773 5710 ’⁸⁵
1813 5650 1973 5731 r'mV.
2020 5691 2054 5740 ι,

1713 5650 2077 5740 331%}.
2103 5673 2158 5730 9.
2236 5650 2544 5736 ὀὶίίιιέιίτζ
2578 5682 2617 5733 ι,
2643 5665 2699 5722 2.
2797 5663 2841 5698 "
2875 5663 3036 5726 Prov,
3051 5650 3098 5728 ἰ,
3129 5663 3180 5717 9.
