3882 6036
150 282 179 328 1
200 270 285 335 57
1400 285 1756 348 EPISTOLA

1874 288 1931 348 M
1969 288 2113 352 LIB.
2155 292 2205 349 Ι·
3334 296 3435 362 158

151 383 621 453 ανθρωποτατος
668 384 943 455 Δεσπότης
986 387 1219 458 Χριστὸς
1267 390 1328 443 ὲκ
1375 393 1639 463 στόματος
1680 398 1756 465 ῥυ·

1873 415 1939 452 ex
1967 414 2062 453 ore
2090 399 2311 453 sordido
2348 414 2540 469 preces
2579 400 2905 467 lutulentas,
2940 405 2982 459 si
3018 404 3071 458 in
3132 407 3434 465 humilitate

149 473 374 543 παροῦ
435 476 494 528 ἐν
540 476 865 529 ταπεινώσει
914 480 1365 551 προσφερομένην
1415 484 1603 555 πολλῇ.
1657 488 1756 542 Καὶ

1870 488 2072 557 ingenti
2102 490 2426 545 oderantur.
2462 490 2649 560 Teque
2687 494 2918 548 suadeat
2971 495 3219 551 clamans
3254 500 3431 556 latro:

147 564 436 618 πειθέτω
482 582 543 619 σε
594 569 623 620 ό
670 567 895 638 φράζων
940 569 1181 640 λῃστής*
1237 589 1255 621 ι
1289 574 1574 646 Μνήσθητί
1620 595 1756 648 μου1

1871 604 1889 630 σ
1922 579 2195 636 Memento
2226 582 2355 647 mei,
2388 581 2616 636 Domine
2654 581 2807 646 Jesu,
2833 600 2958 638 cum
2997 587 3219 641 veneris
3260 589 3316 643 in
3350 606 3433 645 re-

151 653 367 725 Κύριε
417 655 626 727 Ἰησοῦ,
667 658 796 710 ὃταν
845 657 1005 730 ἔλθῃς
1062 662 1120 712 ὲν
1169 663 1235 732 τῇ
1286 662 1533 738 βασιλείᾳ
1588 686 1704 731 σου,
1740 688 1756 721 ι

1870 686 1973 740 gno
2004 680 2098 726 tuo
2126 692 2139 728 :
2175 692 2193 724 ι
2234 675 2507 744 extemplo
2535 676 2803 733 audiens:
2830 694 2848 728 ι
2881 674 3053 731 IIodie
3077 694 3289 734 mecum
3322 684 3435 738 eris

152 748 511 816 παραυτίκα
543 748 811 815 ἀκούσας’
847 769 865 804 ι
894 752 1143 824 Σήμερον
1173 753 1291 823 μετ’
1314 756 1448 827 ἐμοῦ
1475 758 1574 833 ἔσῃ
1606 763 1663 815 ὲν
1687 761 1766 834 τῷ
1873 762 1928 817 in
1964 765 2225 834 paradiso
2246 765 2314 820 ⁸⁸.
2348 784 2367 818 ›

150 842 533 913 παραδείσῳ.
573 863 591 896 ι

679 936 841 1006 Ριῐιν.
875 971 942 983 -—-
976 942 1065 1010 Τῷ
1100 944 1279 1011 αὐτῷ.
1704 1005 1718 1016 ,

246 1022 463 1091 Δέγεις
499 1026 793 1097 ἀκηκοέναι
838 1030 1096 1104 Ἕλληνος
1135 1034 1461 1105 ἁμαρτωλοῦ
1497 1035 1763 1100 εἰπόντος,

153 1113 263 1166 ὅτι
297 1115 471 1169 Οὐδέν
506 1135 606 1187 μου
645 1119 922 1193 διαφέρεις
962 1126 1066 1179 κᾶν
1095 1127 1418 1197 Χριστιανὸς
1457 1122 1546 1199 ᾖς,
1583 1130 1764 1199 ἁμαρ-

143 1202 366 1269 ’τωλὸς
394 1207 501 1277 γάρ
532 1210 627 1263 καὶ
662 1211 747 1267 σύ.
782 1214 916 1267 Είπὲ
946 1216 1125 1269 τοίνυν
1160 1217 1297 1288 πρὸς
1341 1216 1511 1271 αὑτὸν
1534 1218 1633 1289 τὴν
1661 1236 1767 1273 πα-

162 1297 432 1369 ραδολὴν
468 1300 703 1372 ταύτην·
734 1305 837 1358 Δύο
884 1307 1052 1371 κύνας
1083 1325 1165 1371 τις
1209 1308 1597 1380 οἰκοδεσπότης
1641 1311 1768 1365 ὲκέ-

158 1407 383 1461 κτητο,
417 1394 509 1447 καὶ
556 1396 649 1449 τὸν
697 1397 796 1467 μὲν
836 1398 1180 1471 λυττήσαντα
1230 1402 1326 1454 καὶ
1365 1402 1455 1455 τὸν
1499 1403 1766 1474 δεσπότην

161 1485 356 1538 αὑτὸν
433 1489 708 1558 σπαράξαι
764 1492 1112 1563 τολμήσαντα
1142 1537 1160 1560 ,
1220 1494 1766 1566 ἀποτυμπανισθῆναι

166 1576 549 1644 προσέταξεν,
580 1580 670 1634 τὸν
705 1581 759 1635 δὲ
788 1584 1088 1652 ἀγαπῶντα
1115 1587 1207 1640 τὸν
1237 1588 1446 1657 κύριον,
1482 1586 1578 1639 καὶ
1611 1604 1766 1656 περι-

160 1666 446 1738 γλέχοντα
488 1673 554 1742 τῇ
611 1676 812 1745 στοργῇ
857 1677 982 1738 τοὺς
1031 1679 1196 1742 πόδας
1232 1678 1325 1732 τοῦ
1360 1679 1619 1732 δεσπότου
1674 1678 1761 1732 διὰ

2396 942 2675 999 CXCVIII.
2696 976 2766 985 —
2797 944 3005 1002 Eidem.

1934 1029 2226 1088 Scribiste
2261 1048 2290 1085 a
2329 1042 2613 1103 peccatore
2661 1036 2861 1090 inlldeli
2888 1037 3154 1101 audiisse,
3197 1036 3287 1109 qui
3322 1038 3435 1094 ham

1864 1125 2108 1181 diceret:
2138 1123 2284 1180 Nihil
2317 1142 2345 1179 a
2368 1142 2455 1180 me
2487 1126 2694 1189 diﬂ‘ers.
2719 1129 2933 1184 etiamsi
2966 1129 3314 1185 Christianus
3346 1147 3431 1191 es.

1865 1230 1991 1269 cum
2026 1216 2105 1271 sis
2141 1225 2192 1270 et
2222 1217 2340 1285 ipse
2378 1227 2657 1285 peccator.
2716 1218 2884 1289 Igitur
2924 1220 3090 1275 effare
3130 1223 3197 1277 ad
3255 1224 3432 1292 ipsum

1867 1305 2007 1360 hanc
2042 1306 2381 1376 parabolam.
2421 1309 2566 1366 Duos
2606 1326 2773 1366 canes
2814 1313 3211 1382 paterfamilias
3255 1314 3434 1383 possi-

1866 1395 2073 1461 debat;
2110 1414 2301 1462 unum,
2348 1400 2442 1467 qui
2501 1401 2656 1454 rabie
2714 1411 2872 1455 actus
2932 1400 3214 1455 dominum
3256 1401 3433 1470 ipsum

1867 1488 2211 1542 membratim
2249 1488 2568 1559 diScerpere
2598 1499 2948 1555 tentavcrat,
2986 1492 3245 1562 praecepit
3295 1501 3437 1561 tym-

1867 1580 2025 1649 panis
2064 1597 2127 1635 ac
2158 1582 2398 1637 fidiculis
2430 1582 2691 1649 extendi;
2734 1584 2993 1650 alterum,
3040 1583 3297 1639 secundis
3334 1600 3435 1637 au-

1868 1668 2021 1722 ribus
2053 1685 2177 1722 eum
2233 1670 2627 1739 accipientem.
2672 1672 3115 1743 latnbentetuque
3171 1672 3438 1727 benevole

163 1758 415 1823 παντὸς,
438 1766 828 1833 περιποιεῖται,
864 1766 958 1819 καὶ
987 1769 1196 1839 τρέφει,
1220 1771 1316 1822 καὶ
1348 1767 1597 1834 ὲκσώζει.

556 1963 718 2031 mea
752 1997 821 2005 —
848 1966 1372 2039 ΦΟΥΡΤΟΥΝΑΤῼ.

251 2049 336 2106 Τὸ
376 2054 543 2119 ὀξέως
578 2056 1062 2124 σκανδαλίζεσθαι,
1105 2060 1165 2112 οὐ
1206 2061 1520 2131 φιλοσόφου,
1558 2065 1762 2132 μικρᾶς

169 2142 234 2196 δέ
283 2161 432 2208 τινος
478 2145 690 2216 ψυχῆς·
741 2167 760 2200 ‹
796 2149 999 2219 Εἰρήνη
1034 2149 1141 2220 γὰρ
1184 2151 1374 2223 πολλὴ,
1431 2153 1601 2224 φησὶ,
1648 2157 1762 2218 τοῖς

170 2237 442 2302 ἀγαπῶσι
472 2239 533 2293 τὸ
562 2239 733 2312 ὄνομά
773 2258 887 2307 σου,
915 2242 1009 2296 καὶ
1041 2243 1140 2297 οὐκ
1177 2243 1325 2297 ἔστιν
1371 2246 1553 2309 αὐτοῖς
1596 2246 1760 2298 σκάν-

171 2326 363 2382 δαλον.

614 2424 688 2477 Σ’.
721 2453 791 2463 ·--
812 2425 1315 2498 ΣΕΚΟΥΝΔΙΑΝῼ.

254 2509 382 2562 Ὀτι
414 2511 506 2563 καὶ
536 2511 564 2564 ὁ
594 2513 900 2584 ἀκάθαρτος
931 2515 1219 2585 δυνήσεται
1252 2519 1757 2588 μετασκευασθῆναι

174 2599 261 2661 είς
297 2601 566 2669 παρθένον
612 2604 955 2675 προαίρεσιν,
997 2607 1238 2661 δείκνυσι
1272 2608 1483 2673 Παῦλος
1529 2611 1757 2682 γράφων

173 2692 297 2754 τοῖς
324 2693 662 2763 Κορινθίοις·
702 2715 721 2749 ι
757 2698 1118 2770 Ἢρμοσάμην
1144 2702 1289 2770 ὑμᾶς
1321 2704 1400 2757 ἑνὶ
1424 2703 1579 2774 ἀνδρὶ
1608 2720 1753 2775 παρ-

178 2782 336 2836 θένον
365 2786 532 2857 ἀγνήν
566 2789 919 2859 παραστῆσαι
948 2790 1025 2860 τῷ
1058 2793 1300 2861 Χριστῷ.
1329 2812 1348 2844 ι

614 2880 735 2934 IA'.
761 2913 827 2921 —
854 2884 1319 2941 ΚΑΛΛῘΣΤῙΩΝΙ.

260 2986 281 3017 α
326 2967 384 3021 '0
411 2968 617 3033 δίκαιος
657 2972 950 3038 πολλοστὸς
978 2993 996 3026 ι
1031 2974 1271 3042 λέγεται,
1301 2978 1375 3040 ὡς
1402 2978 1754 3049 ἐννενήκοντα

182 3062 343 3115 ἐννέα
363 3064 420 3116 ὲν
443 3065 722 3136 παραϐολῇ
749 3066 1016 3138 πρόὸατα.
1047 3068 1104 3121 '0
1136 3069 1193 3122 δὲ
1221 3070 1543 3140 ἁμαρτωλὸς
1568 3073 1757 3144 ὥσπερ
1784 3072 1829 3136 C

182 3153 580 3223 ἀπολλύμενος,
625 3152 859 3228 ἢεῖς,ῆ
909 3159 1023 3211 οὐθ’
1068 3154 1151 3223 εἷς
1199 3160 1438 3230 λέγεται.
1487 3164 1561 3235 μὴ
1591 3165 1758 3221 θέλων

190 3246 545 3317 μετανοῆσαι,
571 3249 665 3302 καὶ
692 3249 1062 3321 πληθυνθῆναι
1088 3255 1210 3315 ταῖς
1234 3254 1477 3325 ἀρεταῖς.

696 3343 814 3395 ΣΒ’.
844 3374 915 3382 —
949 3342 1034 3407 Τῷ
1061 3342 1241 3409 αὐτῷ.

270 3432 391 3487 Ἐπὶ
420 3434 529 3487 τῶν
559 3437 829 3504 σωμάτων
863 3437 960 3505 μία
994 3437 1211 3505 γένεσίς
1240 3442 1408 3503 ἐστιν,
1458 3442 1538 3495 ὅτι
1582 3442 1755 3506 οὐδεὶς

185 3522 438 3595 δεύτερον
469 3527 754 3599 ἐγεννήθηθ
782 3528 874 3581 ἐπὶ
893 3528 949 3581 δὲ
966 3529 1074 3583 τῶν
1096 3530 1285 3602 ψυχῶν
1304 3531 1410 3584 τῶν
1434 3534 1757 3601 ἁγιάζεσθαι

185 3616 447 3688 διηνεκῶς
476 3622 927 3692 προαιρουμένων
952 3622 1169 3687 πλείους
1199 3625 1441 3691 γενέσεις
1474 3625 1755 3696 εὑρίσκον-

186 3726 297 3773 ται,
322 3712 409 3763 ἀεὶ
439 3712 548 3782 γὰρ
580 3712 1063 3785 ἀνακαινούμενος,
1087 3717 1178 3768 καὶ
1212 3716 1607 3788 ἀνανεούμενος
1632 3736 1755 3786 γενο

186 3803 342 3855 νᾶται
374 3804 402 3855 ὁ
422 3802 649 3868 δίκαιος,
680 3805 1000 3877 γεγέννηται
1046 3809 1287 3878 σήμερον
1326 3810 1385 3861 ὲν
1416 3810 1611 3877 πράξει
1649 3810 1756 3864 τινὶ

189 3894 387 3964 ἀγαθῇ,
414 3894 507 3947 καὶ
534 3896 629 3949 ὲάν
659 3896 822 3951 πάλιν
863 3897 1032 3969 ἄλλην
1064 3899 1267 3971 ποιήσῃ
1297 3899 1527 3970 ἀγαθὴν,
1570 3901 1757 3967 γεγέν-

190 4002 363 4053 νηται.
400 3986 599 4055 Διόπερ
634 3986 663 4037 ὁ
705 3986 861 4055 λόγος
886 3987 1231 4057 δαψιλεύεται
1269 3989 1361 4040 ἐπὶ
1394 3987 1503 4040 τῶν
1528 3988 1754 4041 δικαίων

192 4074 284 4137 τὰς
311 4075 584 4142 γενέσεις,
630 4076 803 4143 λέγων
838 4077 924 4131 διὰ
960 4078 1051 4131 τοῦ
1094 4079 1402 4141 Μωῦσέως·
1435 4098 1453 4130 ι
1490 4075 1659 4133 Αῦται
1696 4081 1753 4132 αἱ

190 4166 423 4233 γενέσεις
467 4167 612 4229 Νῶε,
668 4162 827 4222 αὗται
872 4171 931 4222 αἱ
969 4170 1210 4238 γενέσεις
1261 4168 1482 4221 Ἰακώϐ·
1517 4189 1535 4221 ι
1570 4171 1662 4223 καὶ
1703 4170 1758 4223 εἴ

191 4270 272 4319 τις
314 4256 469 4320 ἀλλος
522 4258 739 4329 εἴρηται
790 4259 1169 4322 πληθυντικῶς
1215 4261 1458 4328 γενέσεις
1518 4262 1749 4332 ἐσχηκέ-

193 4365 293 4401 ναι.

487 4491 604 4539 z..'.
636 4518 706 4529 —
734 4488 1026 4561 ΚΥΡΗΝῼ
1063 4490 1438 4563 ΕΠΙΣΚΟΠῼ.

270 4681 584 4755 Ἥρὼτησάς
629 4702 728 4755 με,
784 4686 835 4739 τί
885 4687 1000 4739 ἐστι
1043 4706 1061 4738 ι
1093 4688 1409 4759 Ματαιότης
1454 4690 1752 4760 ματαιοτή-

195 4789 313 4828 των.
354 4793 371 4825 ι
411 4777 656 4829 Μάταιον
684 4776 903 4847 νοηθείη
934 4778 999 4831 ἂν
1033 4778 1093 4831 τὸ
1122 4761 1491 4834 ἀνυπόστατον
1521 4783 1578 4834 ἐν
1612 4783 1752 4853 μόνῃ

196 4868 256 4937 τῇ
286 4866 376 4920 τοῦ
418 4869 661 4938 ῥήματος
695 4871 946 4940 προφορᾷ
968 4870 1029 4923 τὸ
1072 4867 1210 4924 εἶναι
1240 4871 1397 4942 ἔχων.
1436 4874 1751 4943 Ματαιότης

198 4958 250 5012 δὲ
280 4960 668 5029 ματαιοτήτων,
709 4960 897 5033 ὥσπερ
929 4962 994 5015 ἂν
1030 4963 1082 5015 εί
1110 4979 1192 5026 τις
1224 4963 1392 5031 λέγοι,
1432 4963 1526 5016 τοῦ
1557 4964 1751 5033 νεκροῦ

198 5050 522 5121 νεκρότερον,
569 5052 663 5104 καὶ
709 5050 804 5103 τοῦ
835 5052 1043 5122 ἀψύχου
1077 5053 1457 5125 ἀψυχώτερονο
1509 5055 1748 5126 καίτοιή

202 5143 511 5214 συγκριτικὴ
548 5144 797 5207 ἐπίτασις
848 5145 1034 5216 χῶραν
1090 5147 1182 5199 ἐπὶ
1213 5148 1321 5201 τῶν
1352 5148 1611 5202 τοιούτων
1651 5154 1751 5205 οὐκ

202 5232 320 5304 ἔχει,
350 5234 462 5287 ἀλλ’
493 5235 643 5306 ὅμως
666 5235 886 5303 λέγεται
933 5236 1109 5307 τούτῳ
1137 5236 1214 5307 τῷ
1245 5239 1449 5308 ῥήματι
1478 5240 1613 5311 πρὸς
1648 5239 1748 5309 τὴν

200 5326 288 5394 τῆς
315 5325 613 5397 ὑπερϐολῆς
641 5325 733 5378 τοῦ
756 5326 1049 5397 λεγομένου
1081 5328 1397 5398 σαφήνειαν.

686 5420 799 5474 ΣΔἏ
824 5447 895 5457 —-
929 5417 1012 5483 Τῷ
1040 5417 1222 5484 αὐτῷ.

269 5522 286 5557 t
328 5506 830 5579 ’Δνασταυροῦντες,
874 5509 1028 5579 φησὶ,
1059 5509 1152 5562 τὸν
1175 5510 1302 5564 Υἱὸν
1325 5511 1419 5564 τοῦ
1447 5512 1603 5578 Θεοῦ,
1654 5513 1750 5567 καὶ

1792 1734 1835 1792 Β
1865 1760 2128 1812 continuo
2159 1761 2322 1828 pedes
2356 1734 2543 1827 illius,
2599 1762 2832 1833 ideoque
2886 1734 3438 1833 eum'amplectitur,

1866 1850 1965 1903 alit
1991 1864 2304 1921 servatque.

2254 1942 2485 1998 CXCIX.
2526 1973 2597 1985 —
2624 1943 3071 2000 FORTUNATO.

1935 2029 2053 2085 Non
2086 2040 2171 2088 est
2204 2033 2538 2102 philosophi,
2572 2036 2666 2088 sed
2711 2034 2927 2103 pusillze‘
2959 2034 3266 2104 cnjuspiam
3312 2032 3436 2085 ani-

1863 2137 1965 2175 ma:
1999 2123 2322 2177 scandalum
2355 2122 2488 2192 pati.
2530 2140 2548 2173 ι
2589 2121 2698 2176 I’ax
2756 2142 2774 2175 ι
2801 2139 3039 2193 namque
3069 2138 3301 2189 summa,
3336 2124 3433 2187 ait,

1863 2213 1972 2285 76
2006 2233 2025 2266 ι
2066 2214 2422 2285 diligentibus
2460 2229 2660 2269 nomen
2711 2222 2889 2277 tuum,
2938 2225 2995 2269 et
3025 2231 3134 2269 non
3185 2225 3268 2269 est
3328 2215 3436 2269 illis

1861 2306 2184 2362 scandalum
2214 2307 2281 2360 9°.
2320 2326 2338 2359 ι

2288 2395 2396 2449 CC.
2439 2425 2505 2435 —
2538 2393 2995 2450 SECUNDIANO.

1933 2485 2280 2540 lmmundum
2316 2487 2477 2540 etiam
2512 2502 2673 2556 posse
2722 2487 2777 2539 in
2808 2486 3075 2554 virginem
3110 2484 3433 2539 electionem

1857 2578 2269 2642 transformari,
2302 2580 2542 2633 ostendit
2578 2579 2784 2633 Paulus
2818 2578 3120 2634 Corinthiis
3151 2577 3432 2631 scribens:

1863 2687 1883 2720 ι
1929 2668 2203 2739 Despondi
2239 2685 2334 2724 vos
2372 2671 2463 2724 uni
2498 2670 2616 2725 viro
2644 2669 2919 2741 virginem
2942 2681 3153 2725 castam
3178 2669 3437 2724 exhibere
3467 2740 3473 2747 1

1857 2760 2083 2816 Christo
2112 2764 2151 2814 ¹.
2191 2780 2211 2814 ι
3352 2772 3359 2799 θ

2309 2853 2514 2909 CCL—
2538 2851 2991 2909 CALLISTIONI.

1935 2964 1955 2996 ι
2000 2944 2192 3000 Justus
2230 2947 2616 3007 multifariam,
2653 2947 2951 3015 multisque
2989 2945 3210 3000 modis'
3245 2963 3263 2996 ι
3296 2942 3443 3033 (ἲὶυἰέἱ

1859 3045 1967 3101 tur,
1992 3037 2158 3090 veluti
2195 3038 2488 3107 nonaginta
2533 3053 2727 3092 novem
2794 3053 2924 3093 oves
2990 3038 3044 3091 in
3101 3037 3361 3107 parabola
3391 3037 3432 3091 ³.

1859 3128 2130 3181 Peccator
2162 3144 2289 3182 vero
2316 3138 2578 3198 tanquam
2613 3129 2706 3199 qui
2746 3128 3093 3199 deperditur,
3142 3130 3226 3183 vel
3267 3144 3434 3192 unus,

1859 3218 1941 3272 vel
1967 3233 2126 3271 nemo
2161 3228 2538 3289 nuncupatur,
2577 3222 2657 3273 uti
2711 3222 2804 3289 qui
2862 3219 3000 3273 nolit
3054 3219 3434 3289 paenitentiam

1859 3322 2043 3379 agere,
2075 3319 2131 3364 et
2166 3311 2466 3365 virtutibus
2503 3310 2883 3379 multiplicari.

2400 3397 2554 3454 CCII.
2586 3431 2654 3440 —
2681 3398 2889 3455 Eidem.

1928 3490 1987 3544 In
2018 3491 2347 3560 corporibus
2386 3507 2491 3545 una
2522 3493 2804 3562 generatio
2828 3502 2931 3557 est,
2963 3506 3088 3546 cum
3130 3490 3313 3544 nullus
3350 3502 3437 3543 se-

1857 3585 2034 3639 cunda
2064 3585 2183 3639 vice
2210 3594 2527 3655 generetur.
2561 3587 2631 3638 At
2672 3586 2728 3639 in
2766 3585 2968 3641 animis
3002 3600 3214 3650 eorum,
3243 3581 3337 3653 qui
3374 3596 3435 3637 se

1856 3677 2121 3731 continuo
2148 3687 2372 3731 sanctos
2396 3677 2513 3731 lieri
2546 3677 2909 3743 contendunt,
2963 3677 3152 3747 plures
3200 3689 3431 3746 genera-

1856 3769 2034 3822 tiones
2078 3768 2537 3836 comperiuntur:
2593 3784 2811 3839 semper
2868 3768 3014 3822 enim
3056 3772 3350 3821 renovatus
3379 3771 3434 3816 et

1853 3858 2261 3928 redintegratus
2304 3858 2555 3911 nascitur
2590 3859 2814 3927 justus;
2848 3858 2901 3911 in
2948 3856 3195 3911 facinore
3247 3855 3433 3923 aliquo

1855 3950 1997 4003 bono
2026 3950 2185 4005 hodie
2218 3952 2488 4014 nascitur,
2519 3966 2851 4018 rursumque
2882 3950 2928 4004 si
2967 3949 3116 4002 aliud
3146 3948 3428 4018 egregium

1854 4041 2176 4109 patraverit,
2206 4042 2479 4095 nascitur.
2509 4040 2853 4111 Quapropter
2876 4041 3047 4095 dictio
3079 4041 3132 4094 in
3157 4041 3428 4109 justorum

1852 4132 2301 4198 generationibus
2338 4133 2577 4201 plurium
2611 4149 2840 4186 numero
2867 4131 3209 4202 proﬂuenter
3228 4131 3429 4184 redun-

1852 4224 1943 4276 dat
1996 4222 2139 4290 apud
2196 4221 2476 4293 Moysem:
2518 4242 2535 4274 ι
2600 4222 2691 4275 Ilaa
2732 4223 3111 4294 generationes
3164 4221 3315 4286 Noe;
3349 4223 3429 4275 hae

1849 4314 2229 4383 generationes
2258 4312 2430 4366 Jacob
2453 4313 2473 4345 ⁵
2500 4354 2513 4367 .
2551 4331 2569 4363 ι
2605 4322 2657 4367 et
2692 4316 2737 4367 si
2761 4315 2885 4382 quis
2916 4313 3057 4367 alius
3104 4313 3159 4365 in
3188 4312 3427 4383 plurium

1785 4426 1829 4480 υ
1860 4418 2089 4458 numero
2130 4404 2335 4458 dicitur
2365 4405 2753 4475 generationes
2794 4403 3077 4458 habuisse.

2155 4494 2330 4551 CCIII.
2366 4525 2429 4535 —
2459 4494 2718 4550 CYRINO
2753 4494 3113 4550 EPISCOPO.

1923 4588 2217 4643 Postulasti
2259 4603 2286 4639 a
2322 4603 2426 4650 me,
2458 4587 2587 4655 quid
2636 4587 2768 4641 illud
2820 4588 3053 4641 innuat:
3119 4604 3138 4636 ι
3201 4583 3429 4641 Vanitas

1849 4681 2148 4731 vanitaturu
2181 4679 2223 4731 ⁵.
2265 4698 2284 4727 ι
2322 4678 2427 4747 77
2460 4676 2666 4730 Vanum
2703 4675 3219 4745 intellexeris,quod
3252 4676 3430 4730 subsi-

1850 4771 2106 4822 stentiatn
2153 4783 2259 4820 non
2296 4769 2493 4829 habet,
2532 4766 2623 4820 sed
2662 4767 2716 4819 in
2768 4766 2884 4820 sola
2934 4764 3085 4819 verbi
3123 4766 3427 4833 prolatione

1848 4859 2011 4914 habet
2056 4859 2203 4929 quod
2257 4858 2348 4912 sit.
2388 4857 2618 4912 Vanitas
2664 4868 2845 4912 autem
2878 4858 3217 4921 vanitatem,
3285 4871 3348 4909 ac
3378 4856 3426 4912 si

1848 4951 1972 5019 quis
2019 4949 2255 5014 dixerit,
2295 4948 2417 5017 ipso
2459 4948 2722 5001 defuncto
2771 4947 2944 5018 magis
2990 4944 3341 5011 defunctum,
3368 4955 3424 4999 et

1847 5038 1965 5108 ipso
2001 5037 2305 5090 inanimato
2335 5037 2509 5105 magis
2543 5036 2903 5088 inanimatam
2934 5076 2947 5089 .
2984 5035 3109 5089 licet
3141 5050 3425 5105 compara-

1846 5133 1956 5184 tiva
1988 5130 2171 5184 auctio
2205 5129 2261 5183 in
2296 5130 2575 5185 similibus
2613 5129 2794 5182 locum
2837 5144 2944 5181 non
2984 5129 3210 5192 habeat;
3245 5130 3425 5199 expri-

1846 5224 2014 5276 mitur
2063 5222 2425 5276 nihilominus
2470 5236 2536 5276 eo
2574 5222 2745 5275 verbo
2779 5221 2847 5275 ad
2882 5222 3143 5293 majorem
3191 5237 3424 5292 exsupe-

1851 5315 2043 5368 rantia:
2076 5313 2353 5369 dictorum
2387 5313 2836 5368 declarationem.

2376 5404 2559 5460 CCIV.
2591 5436 2661 5445 —
2692 5405 2896 5461 Eidem.
3298 5454 3321 5475 ,

1927 5516 1945 5549 ‹
1980 5498 2180 5553 Iterum
2225 5496 2610 5568 cruciﬁgentes
2635 5538 2651 5562 ,
2681 5498 2794 5564 ait,
2850 5497 3048 5552 Filium
3084 5496 3211 5561 Dei,
3246 5503 3300 5552 et
3322 5510 3424 5566 pa-

331 5641 462 5724 L_uc.
494 5659 673 5724 ιχιψ,
700 5644 792 5700 62.
864 5646 910 5681 ⁵³
936 5646 1082 5703 Psal.
1102 5662 1287 5707 cxvul.
1310 5651 1410 5707 165
1451 5654 1466 5684 ¹
1510 5653 1552 5706 Il
1583 5651 1712 5711 Cor.
1743 5672 1756 5709 ι

1870 5660 1896 5711 ι.
1939 5659 1959 5689 ²
1993 5655 2186 5710 Matth.
2219 5672 2372 5721 xvtu,
2417 5658 2505 5714 12.
2552 5656 2571 5689 ³
2609 5656 2745 5712 Luc.
2790 5672 2878 5713 xv.
2921 5657 2969 5711 4.
3047 5653 3227 5710 "Gcn.
3267 5658 3422 5724 vt,9.

204 5714 224 5747 ⁸
258 5714 426 5768 Ευειο.
490 5732 527 5777 ι,
589 5713 644 5767 2.
