3882 6036
425 251 529 314 159
1910 239 1973 299 S.
2003 238 2167 299 NILI
3602 230 3735 299 160

424 361 530 413 lam
555 358 903 414 traducentes
930 361 974 413 '.
1033 376 1052 412 ι
1085 356 1286 413 Iterum
1332 373 1460 411 eum
1501 355 1832 426 crucifigunt
1879 355 1957 409 ha:

2196 351 2708 423 ιαδειγματίζοντες.
2742 372 2759 405 ι
2814 354 3234 425 Ἀνὲισταυροῦσι
3270 353 3315 407 δ’
3367 352 3558 407 αὑτὸν
3617 357 3729 406 αἱ-

424 448 605 516 retici,
642 458 993 505 nontantum
1024 450 1119 519 qui
1146 464 1398 518 perverse
1423 450 1753 518 baptismum
1788 449 1957 503 iterar

2195 447 2300 497 txo‘t
2327 483 2342 507 ,
2383 446 2442 498 οὐ
2488 446 2647 515 μόνον
2676 446 2726 499 oi
2765 446 2950 509 κακῶς
3008 444 3399 510 ἁναόαπτίζίειν
3457 448 3728 514 ἐπιχει-

425 547 761 608 ριιωειιωιιιιι
780 579 794 603 ,
813 539 906 594 sed
922 540 1085 594 etiam
1118 540 1153 593 ii
1178 564 1193 602 .
1215 540 1308 610 qui
1332 539 1520 594 dicunt
1544 540 1656 594 fore
1674 539 1958 609 aliquando

2194 552 2333 601 ντες,
2392 537 2529 590 ἀλλά
2586 538 2680 590 καὶ
2739 538 2788 590 oi
2820 536 3125 606 τολμῶντες
3177 535 3377 605 λέγειν,
3450 534 3555 588 ὅτι
3607 534 3727 587 καὶ

424 639 484 685 ιιι
530 632 785 685 Christus
832 646 931 700 pro
973 630 1313 685 d:emonibus
1357 631 1508 684 cruci
1541 629 1814 699 afligatur.

2189 643 2234 698 ερ
2254 627 2367 682 τῶν
2401 628 2673 700 δαιμόνων
2706 630 2835 682 ποτὲ
2862 631 2892 681 ὁ
2930 627 3166 698 Χριστὸς
3192 626 3722 698 σταυρωθήσεται.

583 720 739 776 CCV.
756 750 833 760 —
851 720 1083 776 ΟΜΝῶ
1115 720 1471 775 COPIARUM
1496 718 1820 775 DUCTORI.

2391 719 2508 774 XE'.
2544 751 2615 762 -ρ
2640 720 2849 791 ΓΑΙΝᾼ
2874 717 3355 787 ΣΤΡΑΤΗΛΑΤῌ.

492 810 685 868 Omnis
719 823 976 867 creatura
1016 813 1220 873 verbo.
1270 822 1324 866 et
1363 812 1663 881 sapientia,
1704 810 1851 880 quod
1884 811 1991 876 sit,

2188 810 2281 864 ῐᾶν
2312 809 2518 881 κτίσμα
2549 811 2640 866 διὰ
2663 811 2824 880 λόγου
2862 811 2958 865 καὶ
3000 810 3192 878 σοφίας
3217 809 3309 862 τοῦ
3344 804 3485 863 εἶναι
3518 806 3721 859 τετύ-

424 898 635 953 habuit.
694 898 893 955 Verum
946 900 1087 956 Deus
1137 900 1412 964 Verbum.
1466 916 1590 955 cum
1640 915 1740 955 sua
1796 911 1956 954 natur

2183 916 2251 955 ιε.
2294 898 2352 953 Ὀ
2379 899 2436 951 δέ
2469 900 2821 969 ΘεὸςλΛόγος
2859 898 3322 969 σοφίαιῦπάρχων
3375 895 3716 967 οὑσιὼδης.

424 988 695 1056 sapientia
720 1030 735 1055 ,
779 998 1155 1060 creaturaeque
1187 992 1494 1053 universae.
1525 992 1644 1047 sive
1674 1007 1738 1045 ea
1776 991 1957 1045 intelle

2185 993 2421 1063 ιιουργός
2444 1010 2502 1075 τε
2519 992 2594 1047 ὢν
2614 994 2793 1065 πάσης
2809 994 2911 1063 τῆς
2929 1011 2988 1047 τε
3010 993 3273 1064 νωμένης
3296 992 3562 1055 κτίσεως,
3595 994 3718 1046 καὶ

422 1082 513 1128 ctu
552 1076 1073 1144 comprehendatur,
1098 1079 1214 1134 sive
1250 1079 1354 1132 sub
1386 1092 1609 1133 sensum
1636 1079 1832 1145 cadat,
1861 1093 1955 1133 con

2177 1101 2191 1148 ;
2245 1084 2661 1155 ὕποπιπτούσης
2711 1087 2777 1157 τῇ
2835 1085 3117 1157 αἰσθήσει,
3165 1081 3285 1148 πῶς
3328 1081 3393 1136 ἂν
3448 1082 3710 1154 λεχθείη

421 1161 568 1217 ditor
597 1164 698 1227 sit.
726 1165 1002 1234 quomodo
1037 1174 1295 1220 creatura
1322 1167 1579 1221 dicetur?
2098 1176 2340 1247 κτίσμα;

947 1256 1129 1312 CCVI.
1160 1284 1230 1296 7-
1260 1256 1466 1312 Eidem.

2599 1265 2733 1335 2g".
2754 1299 2822 1316 -.
2857 1266 2942 1333 τῷ
2979 1268 3161 1336 αὐτῷ.

555 1343 755 1401 Lucem
801 1346 1111 1403 inhabitare
1150 1348 1585 1404 inaccessibilem
1666 1349 1745 1403 ait
1821 1347 1992 1404 Deum

2189 1357 2315 1422 Φῶς
2359 1357 2872 1429 οίκείνάπρὸσιτον
2933 1360 3067 1430 φησὶ
3101 1360 3193 1413 τὸν
3250 1358 3705 1430 παντοκράτορα

422 1434 854 1505 omnipotentem
878 1477 895 1501 .
922 1447 977 1493 et
1005 1437 1224 1494 Patrem
1251 1440 1296 1504 ',
1392 1439 1588 1495 beatus
1620 1438 1842 1496 Paulus.
1878 1438 1955 1493 IIo

2173 1448 2226 1501 δν
2280 1448 2374 1503 καὶ
2422 1446 2644 1518 Πατέρα
2688 1449 2717 1499 ὁ
2758 1446 3026 1518 μακάριος
3099 1448 3331 1512 Παῦλος.
3371 1448 3554 1502 Τοῦτο
3628 1448 3706 1501 δὲ

424 1543 554 1582 vero
578 1568 593 1591 ,
634 1529 780 1597 quod
820 1540 1004 1586 mente
1040 1540 1250 1587 tantum
1280 1533 1614 1602 concipitur.
1653 1548 1863 1603 suaque
1892 1548 1957 1587 na

2170 1537 2304 1606 ητὸν,
2353 1538 2447 1591 καὶ
2475 1535 2863 1602 ἐνυπὸστατον,
2903 1536 2996 1589 καὶ
3034 1535 3441 1606 ἀκατάληπτον,
3480 1535 3589 1589 καὶ
3622 1535 3703 1588 ἀ.-

425 1626 549 1674 tura
601 1624 895 1687 subsistit,
940 1631 995 1679 et
1054 1640 1161 1679 non
1209 1626 1720 1694 comprehenditur.
1770 1634 1825 1679 et
1874 1626 1958 1681 sin

2164 1645 2363 1698 pavrov
2401 1627 2515 1698 φῶς
2545 1629 2693 1681 ἐστιν
2715 1628 2744 1679 ὁ
2765 1627 3139 1698 προσκυνητὺς
3176 1628 3326 1693 Υἱὸς,
3353 1629 3449 1681 καὶ
3478 1628 3697 1694 Λόγος,

421 1712 550 1768 ullis
605 1713 871 1769 limitibus
925 1714 1144 1781 lumen,
1191 1722 1275 1769 est
1319 1678 1633 1772 adorandus
1676 1717 1886 1780 Filius.
1937 1734 1954 1773 ε

2164 1678 2192 1767 .i
2210 1678 2513 1770 gazis;
2530 1678 2752 1787 to...
2774 1678 2863 1769 iit
2877 1678 3071 1770 suo;
3085 1678 3240 1770 ἐεῖιῡὸλ
3254 1678 3267 1681 ’
3280 1678 3461 1780 Eam;
3534 1678 3697 1785 εςεεῐζ

422 1803 695 1870 Verbum,
742 1816 795 1860 et
838 1805 1084 1861 omnium
1136 1804 1423 1860 Dominus.
1469 1806 1594 1862 Haec
1634 1808 1796 1878 igitur
1841 1811 1888 1865 si
1918 1812 1955 1865 it

2166 1808 2211 1871 ig
2240 1807 2468 1876 κτίσμα,
2502 1806 2597 1859 καὶ
2632 1807 2697 1859 ἐκ
2737 1806 2814 1877 μὴ
2855 1806 3023 1860 ὄντων
3074 1806 3403 1876 γεγενῆσθαι
3448 1806 3545 1859 τὸν
3582 1822 3699 1874 μο-

420 1910 648 1965 prorsus
669 1912 728 1952 se
754 1896 984 1963 habent,
1015 1915 1255 1969 quanam
1284 1901 1497 1956 ratione
1520 1902 1630 1973 78
1657 1911 1953 1957 creatura"

2159 1899 2283 1969 γενῆ
2307 1898 2402 1951 τοῦ
2432 1898 2568 1952 Θεοῦ
2612 1898 2761 1965 Υίδν,
2801 1900 2896 1954 καὶ
2934 1899 3128 1967 Λόγον,
3155 1900 3426 1953 διδάσκειν
3456 1913 3519 1949 σε
3550 1896 3692 1949 τολ-

418 1998 505 2053 et,
538 2005 602 2044 ex
639 1992 707 2045 iis
733 2006 855 2061 qua:
884 2008 993 2046 non
1023 2002 1217 2057 erant,
1251 1994 1595 2064 unigenitum
1630 1995 1722 2051 Dei
1753 1994 1951 2051 Filium

2161 1990 2267 2043 ῦσιν
2303 1990 2352 2042 οἱ
2381 1988 2836 2060 θηριογνώμονες,
2869 1990 2962 2043 καὶ
2996 1993 3097 2061 τῆς
3125 1990 3219 2043 τοῦ
3248 1987 3488 2061 Χριστοῦ
3550 1988 3694 2040 ποί-

419 2090 475 2135 et
505 2079 742 2136 Verbum
773 2091 1094 2152 generatum
1144 2082 1353 2150 fuisse,
1395 2086 1670 2142 instruere
1708 2098 1759 2142 te
1788 2088 1952 2143 audet

1342 2126 1353 2150 .
1395 2086 1670 2142 instruere
1708 2098 1759 2142 te
1788 2088 1993 2143 audent
2096 2098 2234 2152 μνης
2270 2081 2525 2155 ὀλετῆρες
2570 2081 2875 2153 Ἀρειανοις

418 2172 676 2227 belluinis
709 2175 952 2230 moribus
988 2175 1235 2245 prmditi,
1272 2185 1327 2232 et
1362 2177 1568 2233 Christi
1597 2181 1780 2251 gregis
1803 2180 1989 2250 perdi-

420 2272 573 2317 tores
609 2262 835 2317 Ariani?

660 2354 862 2411 CCVII.
898 2379 968 2396 -ι
1013 2356 1310 2414 MELISSO
1339 2359 1754 2418 CANDIDATO.

2397 2345 2511 2399 ΣΖ’.
2528 2373 2597 2385 -—
2614 2344 2907 2417 ΜΕΛΙΣΣῼ
2932 2346 3345 2417 ΚᾹΝΔΙΔΑΤῼ.

490 2444 667 2502 Homo
694 2450 747 2503 in
778 2449 1158 2521 aegritudinem
1187 2452 1471 2520 incidens,
1504 2455 1727 2525 genium
1769 2463 1995 2525 propter

2166 2435 2484 2506 Ἀνθρωπος
2515 2437 2902 2509 ὲξασθενήσας,
2942 2439 3036 2492 καὶ
3066 2438 3383 2508 ἐξαλλαγεὶς
3434 2438 3543 2491 ῦπδ
3573 2436 3683 2508 τῆς

421 2539 673 2593 morbum
721 2550 1068 2598 commutans
1088 2583 1103 2606 ,
1142 2543 1359 2599 inutilis
1387 2545 1452 2598 ad
1479 2560 1648 2615 Opera
1668 2585 1684 2608 .
1732 2554 1787 2601 et
1817 2548 1954 2602 imbe

2148 2527 2250 2579 ὶσου
2288 2526 2386 2598 τὴν
2441 2525 2572 2592 ἕξιν,
2608 2528 2954 2599 ἀχρειότερος
2996 2529 3095 2599 μὲν
3147 2531 3286 2599 πρὸς
3328 2529 3489 2599 ἔργον
3578 2530 3681 2582 καὶ

420 2628 603 2683 cillior
646 2630 738 2695 iit;
776 2631 1134 2687 nihilominus
1186 2632 1351 2687 noxia
1398 2634 1763 2704 concupiscit.
1817 2634 1892 2687 Ita
1939 2651 1953 2689 ι

2140 2618 2329 2689 δρανὴς
2360 2619 2591 2686 γίνεται,
2628 2621 2885 2691 ἐπιθυμεῖ
2902 2620 2958 2674 δὲ
2986 2620 3079 2673 τοῦ
3113 2619 3459 2690 βλάπτοντος.
3508 2618 3673 2672 υῦτω

422 2716 606 2770 anima
635 2732 663 2770 a
698 2720 840 2773 bono
884 2719 1208 2780 declinans.
1260 2730 1316 2776 et
1360 2722 1415 2775 in
1466 2722 1653 2793 pejora
1696 2725 1954 2778 immersa

2143 2710 2188 2763 ιὶ
2222 2710 2369 2780 ψυχὴ
2411 2711 2758 2766 ἀπονεύσασα
2790 2711 2883 2765 τοῦ
2918 2711 3107 2776 καλοῦ,
3150 2713 3245 2766 καὶ
3278 2712 3373 2765 ἐπὶ
3399 2711 3458 2764 τὸ
3487 2714 3676 2781 χεῖρον

420 2823 622 2865 nervos
653 2810 873 2880 quidem
911 2812 977 2865 ad
1031 2813 1259 2867 meliora
1290 2815 1640 2885 exsequenda
1670 2817 1870 2872 amittit
1893 2857 1910 2883 ,
1937 2833 1953 2873 ε

2138 2802 2466 2871 λλοιωθείσα,
2503 2804 2881 2875 ἐκνευρίζεται
2941 2804 3040 2876 μὲν
3101 2805 3237 2876 πρὸς
3275 2803 3535 2875 ἐργασίαν
3573 2802 3671 2856 τοῦ

422 2900 733 2969 perniciosa
768 2901 941 2956 ambit
970 2910 1024 2956 et
1061 2902 1375 2960 aﬂ'ectatur.

2094 2894 2423 2965 κρείττονος,
2456 2895 2712 2965 ὀρέγεται
2743 2896 2800 2948 δέ
2824 2895 2930 2949 τῶν
2955 2896 3233 2968 ὀλεθρίων.

557 3059 559 3062 γ
662 2990 891 3047 CCVIII.
918 3023 989 3033 —
1018 2993 1298 3050 THYRSO
1334 2996 1743 3055 SCRINIAHIO.
2018 3013 2067 3076 α

2018 3013 2067 3076 c
2412 2988 2536 3042 ZH'.
2556 2987 2862 3059 -ΘΥΡΣῼ
2891 2989 3340 3059 ΣΚΡΗΝΙΑΡΙῼ.

493 3098 515 3133 ι
537 3080 900 3152 Ingredietur,
932 3085 1021 3138 lex
1051 3085 1161 3150 ait,
1181 3086 1249 3140 ad
1281 3104 1507 3143 uxorem
1535 3088 1823 3154 fratrith
1846 3091 1996 3147 exci-

2174 3098 2193 3132 t
2216 3079 2616 3144 Είσελεῦσεται,
2658 3079 2868 3150 φησὶνὸ
2906 3080 3091 3149 νόμος,
3124 3081 3262 3150 πρὸς
3303 3081 3401 3150 τὴν
3432 3085 3664 3149 γυναῖκα

418 3172 555 3227 tahit
573 3190 759 3229 semen
782 3177 822 3231 '.
851 3197 869 3229 ι
895 3176 1224 3248 Quicunque
1250 3181 1450 3236 etenim
1477 3181 1661 3247 homo,
1685 3184 1799 3239 sive
1812 3183 1951 3237 omni

2132 3170 2189 3223 οῦ
2252 3170 2501 3241 ἀδελφοῦ,
2564 3172 2658 3225 καὶ
2700 3172 2993 3241 ἀναστήσει
3046 3170 3335 3243 σπέρμα.»
3387 3175 3500 3239 Πᾶς
3555 3178 3665 3248 γὰρ

417 3262 657 3321 hominis
689 3268 869 3322 anima
912 3270 1090 3324 virum
1125 3271 1555 3327 intellectualem
1598 3288 1626 3325 a
1665 3274 1774 3328 Deo
1833 3289 1950 3329 asse

2135 3260 2401 3332 νθρωπος,
2432 3262 2548 3332 ἦτοι
2584 3263 2732 3315 πᾶσα
2769 3262 2915 3333 ψυχὴ
2944 3263 3235 3333 ἀνθρώπου
3274 3265 3444 3337 ἄνδρα
3480 3270 3665 3338 νοητὸν

420 3371 575 3412 mens
595 3397 610 3421 .
639 3357 808 3427 legem
830 3360 1040 3416 scilicet
1062 3360 1337 3417 internam
1363 3403 1378 3427 ,
1410 3365 1686 3418 interemit
1709 3364 1906 3433 ipsam,
1940 3380 1953 3418 ι

2125 3350 2333 3407 ηασοῦσα
2378 3354 2528 3419 παρά
2569 3354 2725 3418 Θεοῦ,
2770 3356 2970 3428 δηλαδὴ
3010 3358 3102 3410 τὸν
3134 3358 3439 3413 ἐνδιάθετον
3480 3360 3658 3429 νόμον,

418 3447 491 3504 ob
513 3447 798 3519 segnitiem
819 3452 1055 3520 sepeliit.
1090 3452 1232 3508 Hinc
1262 3457 1560 3511 necessitas
1583 3458 1731 3511 illius
1766 3455 1951 3512 fratrel

2127 3441 2363 3513 νέκρωσε
2394 3443 2602 3506 τοῦτον,
2637 3445 2731 3498 καὶ
2760 3444 2927 3515 ἔθαψε
2952 3445 3039 3500 διὰ
3070 3447 3171 3516 τῆς
3192 3447 3472 3516 ἀμελείας.
3498 3449 3660 3501 Ὅθεν

417 3537 736 3606 advocavit,
770 3540 941 3609 legem
972 3542 1185 3597 scilicet
1237 3547 1530 3613 scriptam,
1565 3555 1624 3602 ut
1656 3548 1950 3619 ingrediatu

2125 3532 2253 3605 [ρεία
2300 3533 2524 3589 ἐκάλεσε
2577 3534 2668 3589 τὸν
2717 3535 2907 3591 τούτου
2976 3536 3223 3606 ἀδελφὺν,
3283 3539 3527 3592 τουτέστι
3568 3540 3658 3591 τὸν

418 3627 487 3681 ad
514 3642 744 3685 uxorem
788 3631 923 3703 legis
950 3634 1221 3691 naturalis
1244 3634 1356 3706 jam
1384 3637 1685 3693 demortua:
1705 3680 1719 3701 .
1753 3649 1809 3694 et
1836 3656 1951 3696 exst

2122 3626 2339 3695 ’ραπτὸν
2366 3626 2528 3695 νόμον
2547 3626 2807 3681 εἰσελθεῖν
2832 3629 2967 3699 πρὸς
2994 3631 3090 3699 τὴν
3115 3632 3352 3697 γυναῖκα
3379 3629 3472 3683 τοῦ
3500 3629 3655 3699 νόμου

418 3719 647 3776 scitaret
683 3738 871 3780 semen
905 3726 976 3781 ob
1006 3727 1297 3799 segnitiem
1326 3744 1599 3784 summam
1628 3729 1922 3791 defuncta).

2125 3717 2189 3770 οῦ
2236 3716 2490 3786 φυσικοῦ,
2543 3720 2693 3783 ὅστις
2752 3719 3132 3791 ἁπενεκρὼθη,
3168 3721 3263 3774 καὶ
3302 3720 3658 3791 ἐξαναστῆσαι

2095 3808 2316 3881 σπέρμα
2336 3809 2416 3881 τῷ
2439 3812 2781 3881 τελευτηκότι
2811 3812 2897 3865 διὰ
2928 3810 3147 3883 νοθρίας
3183 3811 3406 3884 πολλῆς.

939 3906 1124 3963 CCIX.
1160 3937 1230 3949 -
1260 3907 1469 3965 Eidem.

2621 3900 2740 3954 ΣΘ’.
2759 3928 2833 3941 -
2849 3899 2930 3966 Τῷ
2958 3898 3136 3965 αὐτῷ.

488 3994 791 4050 Aversatus
841 3996 984 4053 Deus
1031 3999 1331 4070 sophistas.
1387 4011 1445 4057 et
1492 4002 1995 4060 insulsissimorum

2177 3992 2615 4063 Ἀποστραφεὶςὸ
2638 3991 2771 4056 Θεὸς
2799 3992 2924 4055 τοὺς
2956 3984 3233 4061 σοφιστὰς,
3284 3994 3379 4047 καὶ
3410 3994 3653 4059 τέκτονας

415 4098 770 4151 sermonum.
818 4091 1186 4162 omnibusque
1248 4094 1554 4151 mendaciis
1600 4105 1655 4152 et
1710 4097 1948 4152 erroribt

2114 4083 2202 4139 πῶν
2222 4084 2393 4153 λόγων
2415 4084 2524 4137 τῶν
2556 4101 2621 4154 με
2629 4084 3045 4154 ματαιωμένων,
3062 4085 3156 4137 καὶ
3191 4086 3391 4149 παντὸς
3410 4086 3647 4156 ψεύδους.

419 4176 798 4232 confertorum
833 4182 1106 4247 artilices,
1146 4186 1409 4240 coriariis
1452 4187 1783 4255 quibusdam
1814 4198 1868 4244 et
1908 4189 1952 4259 pi

2117 4177 2191 4229 ιαὶ
2219 4176 2426 4246 πλάνης
2455 4175 2760 4237 ἀνάπλεων,
2793 4175 3147 4246 σκυτοτόμοις
3173 4177 3304 4239 τισὶ,
3339 4178 3432 4230 καὶ
3455 4176 3650 4231 ἁλιεῦσι

422 4270 737 4324 scatet-ibus
790 4272 1069 4342 propriam
1128 4276 1463 4337 salutarem.
1505 4287 1559 4335 et
1615 4281 1955 4349 splendidissi

2116 4266 2156 4319 τὸ
2177 4268 2373 4321 οἰκεῖον
2397 4266 2761 4338 σωτηριῶδες,
2800 4267 2894 4321 καὶ
2921 4267 3313 4339 ὑπέρλαμπρον
3371 4268 3471 4338 τῆς
3507 4270 3649 4322 εὐσε-

423 4371 568 4411 am
596 4359 815 4428 pietatis
840 4369 894 4416 et
922 4362 1155 4429 juStitize
1178 4367 1626 4435 pmdicationem
1656 4371 1902 4427 tradidit.

2025 4350 2070 4405 Ι)
2099 4359 2246 4423 δείας
2277 4360 2369 4413 καὶ
2417 4359 2516 4429 τῆς
2552 4359 2901 4430 δικαιοσύνης
2936 4360 3232 4431 ἐνεχείρισε
3275 4361 3546 4432 κήρυγμα.

895 4453 1009 4522 79
1030 4454 1116 4509 CC
1129 4455 1191 4508 Χ.
1220 4486 1287 4496 -
1310 4456 1517 4512 Eidem.

2649 4452 2747 4505 Σῐ’.
2770 4480 2840 4493 —-
2866 4450 2950 4516 Τῷ
2966 4450 3147 4516 αὐτῷ.

489 4537 736 4607 Quilibet
784 4557 886 4612 pro
943 4544 1303 4603 inclinatione
1364 4551 1698 4617 voluntatis,
1760 4552 1877 4608 sive
1933 4570 1995 4608 ιιι

2162 4545 2285 4598 Ὀτι
2317 4545 2450 4615 πρὸς
2491 4544 2591 4615 τὴν
2636 4545 2807 4616 ῥοπὴν
2856 4544 3084 4605 ἕκαστος
3117 4541 3214 4614 τὴν
3246 4542 3340 4595 ἐπὶ
3387 4540 3581 4612 φαύλῳ,
3610 4540 3642 4612 ἦ

419 4632 625 4685 malum
648 4672 663 4695 ,
690 4633 805 4688 sive
839 4635 891 4688 in
926 4637 1122 4692 melius
1145 4638 1445 4708 judicatur.
1481 4640 1666 4711 Teque
1698 4645 1952 4699 suadeam

2112 4637 2184 4690 ιπὶ
2212 4637 2476 4705 κρείττονι
2504 4637 2769 4707 κρίνεται,
2807 4632 3143 4686 πειθέτωσάν
3173 4649 3252 4695 σε,
3273 4634 3302 4685 ὁ
3331 4632 3428 4702 μὲν
3463 4631 3645 4695 Ἰούδας

416 4716 589 4775 Iudas
622 4724 715 4791 qui
759 4739 859 4794 per
907 4743 1074 4781 unam
1106 4738 1319 4786 noctem
1363 4747 1395 4785 a
1446 4734 1557 4787 vita
1603 4735 1949 4792 abalienatus

2110 4728 2177 4781 ῐιά
2200 4729 2327 4797 μιᾶς
2354 4728 2543 4791 νυκτὸς
2569 4728 2947 4799 ἁλλοτριωθεὶς
2974 4728 3072 4795 τῆς
3102 4723 3271 4795 ζωῆς,
3310 4723 3643 4794 προδεδωκὼς

420 4809 745 4882 Magistrum
792 4818 1056 4887 prodidit,
1107 4828 1163 4875 et
1221 4822 1363 4877 latro
1412 4834 1691 4879 momento
1731 4828 1953 4897 tempori

2092 4819 2181 4871 τὸν
2204 4817 2595 4879 Διδάσκαλον,ὀ
2626 4818 2683 4871 δὲ
2713 4817 2916 4889 λῃστὴς
2946 4817 3004 4868 ἐν
3038 4817 3240 4885 στιγμῇ
3267 4813 3457 4884 χρόνου
3493 4813 3612 4866 οίκει

417 4902 544 4958 vita:
572 4908 929 4964 conciliatus.
979 4908 1168 4979 Neque
1198 4912 1345 4967 enim
1387 4914 1440 4968 in
1471 4917 1788 4970 memoriam
1824 4919 1950 4973 redu

2106 4909 2252 4971 »θεὶς
2279 4911 2345 4978 τῇ
2376 4908 2511 4979 ζωῇ.
2541 4909 2615 4961 Οὐ
2646 4909 2721 4979 μὴ
2757 4908 2867 4977 γὰρ
2903 4905 3213 4977 μνησθῶσιν
3237 4908 3293 4957 αί
3317 4904 3527 4975 ἀνομίαι
3556 4902 3639 4957 τοῦ

419 5002 619 5049 ceutur
650 4998 969 5069 iniquitates
1006 5003 1159 5059 illius
1192 5004 1464 5069 hominis.
1512 5007 1605 5076 qui
1647 5023 1753 5063 non
1787 5025 1952 5078 usque

2098 5004 2167 5071 μὴ
2213 5000 2493 5062 παντελῶς
2537 4999 2874 5052 ἀποστασίαν
2904 4997 2995 5050 τοῦ
3030 4997 3165 5050 Θεοῦ
3202 4997 3520 5067 νοσήσαντος
3547 4996 3631 5047 ἀν-

422 5099 640 5157 quaque
691 5105 721 5145 a
772 5092 879 5147 Deo
909 5093 1206 5157 defecerit.
1251 5104 1305 5149 ct
1351 5112 1448 5149 cor
1482 5112 1709 5166 pravum
1751 5096 1955 5152 inﬁdeli

2103 5093 2331 5163 lpdmou,
2381 5093 2515 5161 μηδέ
2563 5090 2787 5161 καρδίαν
2848 5088 3092 5159 πονηρὰν
3141 5088 3397 5150 ἀπιστίας
3453 5103 3507 5139 τε
3553 5086 3636 5137 καὶ

422 5180 553 5235 tatis
603 5197 667 5237 ac
712 5185 1050 5254 stupiditatis
1103 5187 1491 5256 assumpscrit.
1550 5207 1569 5239 ι
1598 5187 1801 5242 Vivens
1842 5191 1955 5244 enit

2098 5183 2435 5254 ἠλιθιότητος
2458 5181 2819 5244 ἀναλαῦόντος
2841 5198 2855 5213 ·
2885 5200 2903 5232 ι
2936 5180 3050 5234 Ζῶν
3082 5181 3189 5249 γὰρ
3209 5177 3453 5246 ζήσεται,
3474 5176 3631 5246 φησὶν.

422 5270 603 5339 vivet,
634 5274 745 5336 ait.
787 5290 909 5328 cum
941 5287 1312 5339 convertetur.
1360 5286 1415 5330 et
1446 5292 1553 5331 non
1590 5279 1859 5334 morietur
1888 5283 1930 5339 '.

2100 5280 2157 5332 ἐν
2189 5275 2265 5347 τῷ
2295 5273 2618 5346 ἐπιστρέψαι
2648 5274 2828 5339 αὑτὸν,
2864 5273 2959 5326 καὶ
2987 5271 3087 5326 οὐκ
3116 5269 3537 5341 ἀποθανεῖταιηρ
3564 5326 3570 5335 ρ

633 5364 813 5419 CCXI.
844 5396 903 5407 —-
931 5365 1223 5421 BYIiILLO
1266 5368 1780 5427 MAUEDONIANO.

2383 5368 2527 5423 EIA’.
2545 5399 2615 5409 —
2645 5365 2944 5436 ΒΥΡΙΛΔῼ
2965 5362 3381 5433 ΜᾹΚΕΔΟΝιῼ.
3476 5362 3523 5399 [⁷

498 5454 781 5522 Quomodo
810 5459 981 5515 audes
1011 5460 1275 5529 Spiritum
1307 5468 1565 5517 sanctum
1591 5479 1812 5518 servum
1838 5479 1993 5519 com-

2174 5461 2300 5525 Πῶς
2346 5459 2552 5531 τολμᾷς
2583 5459 2645 5513 τὸ
2684 5457 2909 5528 Πνεῦμα
2948 5457 3008 5510 τὸ
3050 5454 3204 5523 ἅγιον
3256 5442 3440 5505 δοῦλον
3494 5461 3632 5520 προσ-

377 5644 395 5703 ι
499 5636 519 5667 ⁸
545 5633 702 5689 Ilebr.
770 5648 843 5700 vi.
882 5633 933 5690 θ.
1010 5634 1072 5687 τι
1110 5634 1323 5705 Tim.6,
1352 5638 1433 5694 ιο.
1510 5641 1534 5672 ⁸
1574 5639 1728 5697 Dcat.
1754 5656 1879 5704 xxv.
1922 5639 1973 5695 5.
2049 5638 2071 5671 '
2100 5638 2301 5698 Eaech.
2340 5650 2496 5699 xvttt.
2521 5633 2616 5689 28.
