3882 6036
161 231 199 304 1
214 241 315 306 61
1449 257 1694 322 ΕΡΙΞΤ(

1950 265 1990 324 ιι·
2023 267 2168 328 LIB.
2211 268 2262 328 ι.
3381 269 3483 354 te:

155 357 556 429 αγοριύεινί
568 358 643 412 τδη
659 357 752 415 διὰ
780 357 876 413 τοῦ
917 359 1158 414 ἀσπίλου
1179 361 1556 434 βαπτίσματος
1593 366 1688 420 πάι

1946 372 2114 428 enare
2133 401 2156 434 ,ι
2177 375 2273 443 qui
2301 388 2434 442 per.
2453 374 2864 434 immaculatum
2896 376 3228 450 baptismum
3253 382 3479 438 creden-

153 448 352 513 τοὺς
385 451 738 516 πιστεύοντας
758 450 1076 523 ἐλευθεροῦν
1097 472 1114 518 ;
1139 454 1304 521 Λέγει
1331 455 1440 526 γὰρ
1473 457 1503 509 6
1543 457 1686 512 Ἀπόι

1950 478 1991 518 :s
2015 480 2210 520 omnes
2242 466 2296 520 in
2325 465 2634 522 libertatem
2674 448 3134 525 vindicum-Dicit.
3161 473 3306 527 enim
3331 473 3483 546 Apo-

151 534 327 603 λος,
358 541 561 613 ὅτνπερ-
582 561 601 594 ι
633 542 692 597 '0
714 543 875 614 νόμος
898 543 994 596 τοῦ
1024 545 1341 615 Πνεύματος
1368 546 1684 619 τῆςζωῆςή

1946 555 2123 611 Lolus:
2179 575 2196 607 ι
2237 554 2349 610 Lex
2394 558 2625 626 spiritus
2673 560 2797 614 vita:
2847 561 3098 618 liberavit
3142 578 3230 618 me
3275 579 3308 618 a
3362 534 3479 636 lege

151 625 440 700 θέρωσὲ
463 650 532 705 με
556 634 670 688 ἀπὸ
707 634 803 688 τοῦ
855 634 1024 706 νόμον
1080 636 1182 706 τῆς
1222 635 1650 708 (ineptiam-zeal.

1080 636 1182 706 τῆς
1222 635 1650 708 (ineptiam-ml.
1699 636 1799 691 τοῦ
1899 647 2112 714 peccati
2143 656 2200 703 et
2230 625 2433 706 mortis
2451 651 2516 704 ⁸ο.
2549 668 2569 702 ι

156 721 482 782 Θανάτου.
517 745 539 778 ι

499 818 675 878 -Σιυ,
705 847 776 860 -
803 817 1076 891 ιΓΝΑΤιῼ
1099 820 1497 892 ΔΝΘΥΠΑΤῼ.

2140 820 2343 878 CCXII.
2377 853 2446 866 --
2469 822 2747 879 IGNATIO
2778 823 3214 884 PROCONSULI

265 909 545 976 ΨἸΞξεστιν
573 910 880 982 ἐμπεσόντα
901 913 1023 966 τινὰ
1050 914 1131 976 είς
1157 912 1218 966 τὸ
1256 912 1350 966 τοῦ
1381 911 1548 983 θηρὸς
1598 912 1796 982 στόμα,

1969 911 2027 965 In
2061 911 2323 969 facultate
2357 917 2506 972 illius
2535 926 2654 980 est,
2707 922 2799 987 qui
2845 935 2942 988 per
2984 935 3047 974 os
3089 920 3312 987 bellum,
3358 920 3479 975 dia-

151 1001 299 1055 τοῦ
353 1004 598 1058 διαϐόλου
615 1010 788 1075 φημὶ.
809 1003 1144 1075 ἀπολυθῆναι
1168 1004 1357 1060 τούτου
1378 1006 1464 1060 διά
1496 1007 1596 1077 τῆς
1633 1024 1800 1077 μετα-
1899 995 2008 1051 boli
2036 1039 2051 1063 ,
2095 998 2352 1070 inquam,
2388 1003 2717 1073 prolabitur,
2755 1021 2853 1075 per
2914 1007 3295 1076 paenitentiam
3346 1008 3477 1064 Iibe-

157 1091 396 1158 νοεας,
439 1093 688 1164 καθάπερ
739 1092 1072 1165 λελύτρωται
1129 1095 1224 1148 καὶ
1273 1094 1564 1166 ὲρῤύσθηὸ
1599 1097 1690 1148 ἐν]

1943 1091 2046 1154 iri;
2100 1094 2562 1158 quemadmodum
2615 1095 2882 1152 liberatus
2926 1112 2992 1152 ac
3051 1111 3305 1154 servatus
3353 1108 3476 1165 est,

167 1184 290 1256 ρίν
299 1185 745 1259 Θῳ’προφθαρεὶς
760 1189 823 1258 τῇ
839 1189 1080 1258 μητρυιᾷ
1094 1189 1158 1241 ἐκ
1178 1187 1454 1258 φάρυγγος
1469 1188 1562 1241 τοῦ
1580 1188 1700 1258 ὲχθε

1941 1182 1992 1234 ui
2025 1181 2274 1238 Corinthi
2311 1200 2437 1239 cum
2487 1202 2726 1242 noverca
2777 1197 3144 1243 consueverat
3177 1189 3241 1253 “,
3275 1205 3338 1245 ex
3377 1192 3473 1246 ad-

141 1278 355 1348 επρὶν
380 1278 842 1350 τῇιπερισσοτέρα
888 1277 1035 1352 λύπῃ
1083 1278 1402 1344 καταποθεῇ
1457 1281 1553 1332 καὶ
1591 1280 1670 1343 είς

1940 1276 2124 1330 ersarii
2153 1276 2408 1334 faucibus
2429 1318 2444 1343 ,
2477 1289 2774 1350 antequam
2815 1281 3206 1337 abundantiori
3250 1282 3473 1337 tristitia

162 1370 690 1444 κοιλίαν,ηχωρήοῃ
717 1371 812 1424 τοῦ
838 1371 1051 1442 θηρίου.
1077 1372 1168 1425 διὰ
1197 1373 1294 1442 τῆς
1315 1371 1578 1441 ἀγεννοῦς
1596 1373 1693 1426 δυσ

1940 1365 2312 1436 bsorberetur,
2363 1377 2416 1424 et
2475 1373 2534 1425 in
2596 1381 2842 1426 ventrem
2889 1373 3082 1428 bellua:
3127 1390 3228 1443 per
3291 1376 3473 1447 pusilli

141 1497 144 1500 .
169 1463 380 1530 μίαςἐ
398 1463 492 1518 καὶ
522 1463 620 1534 τῆς
635 1461 1017 1530 ἀπογνώσεως.

1897 1453 2070 1506 animi
2103 1469 2360 1526 angorem
2393 1473 2459 1512 ac
2487 1458 2932 1527 desperationem
2961 1460 3403 1533 inauret-geretur.

737 1553 890 1607 ΣΙΓ.
912 1584 980 1594 -
1015 1553 1097 1620 Τῷ
1127 1552 1307 1619 αὐτῷ.
1793 1564 1795 1567 ’

1793 1564 1795 1567 ·
2345 1551 2456 1620 80
2478 1549 2704 1606 CCXIII.
2733 1581 2771 1593 -
2828 1549 3034 1606 Eidem.

239 1644 548 1708 ~A6t6q'6t’
569 1645 772 1700 ἑαυτοῦ
809 1645 946 1716 πρὸς
980 1647 1039 1699 σὲ
1069 1646 1432 1717 παραγίνεται
1472 1644 1726 1714 ἀοράτως
1759 1643 1772 1695 ί

1976 1637 2097 1707 Ipse
2138 1655 2236 1711 per
2269 1642 2510 1711 seipsum
2549 1643 2616 1696 ad
2651 1652 2704 1698 te
2730 1645 2978 1700 caelestis
3015 1643 3264 1701 medicus
3296 1646 3471 1702 oculis

143 1733 462 1804 -αὺράνιος
495 1736 698 1807 ἰατρὸς,
747 1735 850 1790 κᾶν
888 1737 963 1806 μὴ
989 1738 1064 1790 σὺ
1113 1736 1399 1809 δυνηθείης
1438 1735 1576 1806 πρὸς
1625 1736 1676 1788 αἱ

1939 1730 2123 1786 nini-me
2159 1733 2414 1803 objectus
2445 1736 2690 1799 accedit,
2734 1736 2863 1791 licet
2892 1745 2948 1791 tu
2997 1737 3066 1791 ad
3091 1754 3216 1792 eum
3249 1749 3472 1809 propter

143 1827 656 1898 -τωρευθῆναιδιά
684 1828 785 1900 τὴν
839 1827 1122 1883 ἀσθένειαν
1155 1829 1248 1883 καὶ
1292 1828 1512 1882 ἀτονίαν
1559 1826 1654 1881 τοῦ

1938 1823 2277 1891 rgritudinem
2327 1836 2382 1881 et
2422 1829 2780 1898 cogitationis
2827 1830 3158 1901 languorem
3208 1831 3471 1887 accedere

163 1918 435 1990 γισμοῦ.

1894 1927 2004 1969 non
2032 1916 2237 1971 valeas.

722 2010 862 2066 Σ1Δ’.
884 2037 949 2050 υ·-
978 2008 1067 2074 Τῷ
1098 2007 1279 2074 αὐτῷ.

2396 2004 2628 2065 CCXIV.
2656 2040 2725 2051 -—
2749 2010 2958 2066 Eidem.

224 2127 230 2132 -
264 2101 448 2177 ᾞινάς
489 2100 661 2170 ἔγνων
703 2101 900 2169 ἔγωγε,
937 2100 1072 2172 μηδὲ
1125 2097 1498 2172 πλησιάζοντα
1525 2099 1614 2154 οιά
1660 2099 1754 2169 φιλ

1961 2093 2269 2153 Nonnullos
2329 2095 2448 2168 ipse
2510 2101 2784 2170 cognovi,
2849 2102 2942 2174 qui
3000 2104 3172 2158 etiam
3245 2118 3472 2177 propter

172 2166 541 2264 ave’pwrriav'
591 2194 684 2248 τὸν
737 2166 844 2247 τῶν
885 2166 1074 2263 ψυχιῦν
1142 2166 1326 2264 ίατρὸν
1383 2166 1705 2264 παραδέξασῑ

1937 2202 2047 2242 tam
2079 2166 2477 2242 humanitatem
2526 2192 2782 2260 proxime
2829 2191 3181 2250 accedentem
3204 2233 3220 2259 ,
3253 2166 3470 2252 aniiua-

175 2285 594 2359 βουληθέντας,
644 2286 770 2341 ἀπὸ.
797 2285 1174 2357 ἀναισθησίας,
1226 2285 1321 2340 καὶ
1362 2286 1630 2358 πονηρίας
1659 2303 1708 2339 πε

1936 2296 2012 2334 nn
2052 2280 2324 2336 medicum
2374 2281 2447 2336 ob
2485 2291 2809 2352 stuporem,
2860 2292 2915 2340 et
2960 2276 3233 2341 summam
3272 2289 3469 2359 nequi.

172 2376 304 2448 λῆς
325 2415 345 2432 .
1889 2371 2022 2425 tiam
2057 2372 2350 2428 admittere
2375 2374 2692 2430 noluerunt.

722 2467 864 2522 EIE’.
885 2496 957 2508 -
974 2466 1057 2533 Τῷ
1088 2464 1270 2533 αὐτῷ.

2411 2464 2625 2526 CCXV.
2650 2495 2713 2505 —
2742 2464 2951 2523 Eidem.

268 2562 492 2627 Παῦλος
517 2561 750 2631 διώκτης
772 2561 1034 2632 ὑπάρχων
1062 2562 1162 2632 τῆς
1176 2560 1268 2614 τοῦ
1287 2561 1526 2635 Χριστοῦ
1559 2559 1788 2631 Ἐκκλη-

1959 2552 2162 2610 Paulus
2201 2570 2338 2610 cum
2377 2567 2807 2627 persequeretur
2862 2558 3071 2615 Christi
3123 2558 3469 2623 Ecclesium,

179 2653 724 2724 clagdvrumpiubﬁn
750 2653 966 2724 πρῶτον
984 2655 1096 2717 τοῖς
1125 2655 1341 2718 κακοῖς,
1376 2654 1472 2706 καὶ
1499 2656 1566 2724 τῇ
1595 2653 1712 2722 ἀφάε

1938 2646 2066 2701 :ulis
2092 2647 2407 2704 obcmcatus
2426 2659 2509 2703 est
2535 2650 2577 2680 "
2609 2650 2850 2720 primum
2875 2651 3033 2708 malis
3053 2661 3110 2707 ct
3142 2654 3471 2709 crudelitate

174 2747 476 2818 ὠμότητι,
513 2748 662 2810 ὅπως
705 2745 996 2816 ἀναϐλέψει
1028 2745 1107 2817 τῷ
1136 2745 1277 2817 Θεῷ,
1329 2746 1424 2801 καὶ
1469 2749 1536 2816 τῇ
1578 2745 1702 2798 δικα

1938 2736 2296 2805 Iexplicabili,
2341 2746 2400 2793 ut
2447 2737 2574 2807 Ilei,
2609 2749 2664 2795 et
2691 2742 2925 2811 justitize
2963 2744 3145 2799 lumen
3177 2760 3471 2817 recupera-

181 2838 832 2915 σύνῃξρΕίιιότωςτοίνυν
862 2840 892 2891 6
926 2838 1130 2909 Κύριος
1156 2837 1350 2907 ἔλεγεν
1383 2854 1398 2870 ο
1453 2837 1595 2906 Ἐγὼ
1621 2833 1714 2908 ἧλθ

1935 2838 1990 2884 :t.
2021 2826 2140 2882 Non
2193 2831 2290 2884 abs
2345 2847 2402 2886 re
2443 2833 2633 2902 itaque
2674 2833 2940 2890 Dominus
2985 2836 3251 2892 dicebat:
3294 2857 3315 2891 ι
3353 2837 3468 2912 Ego

178 2933 284 2996 εἰς
303 2932 400 2986 τὸν
427 2931 651 3002 κόσμον,
685 2930 776 2984 ἵνα
803 2931 858 2983 oi.
885 2928 961 3000 μὴ
989 2928 1275 2999 βλέποντες
1316 2928 1576 2999 βλέπωσι,
1601 2931 1695 2983 καὶ

1936 2925 2008 2977 ani
2047 2926 2100 2977 in
2135 2926 2426 2992 mundum,
2471 2938 2529 2980 ut
2567 2927 2660 2998 qui
2706 2943 2816 2982 non
2853 2928 3076 2994 vident,
3108 2930 3370 3000 videant;
3409 2942 3469 2990 ct

183 3024 497 3095 βλέποντες
558 3021 746 3092 τυφλοὶ
793 3024 1082 3090 γένωνται.
1111 3040 1129 3072 ι
1178 3021 1430 3094 ᾘνίξατο
1485 3022 1591 3094 γὰρ
1656 3039 1716 3075 το

1935 3019 1978 3069 ui
2033 3018 2267 3085 vident,
2317 3019 2446 3072 caeci
2499 3018 2635 3074 ﬁant
2678 3020 2766 3074 “z
2801 3039 2818 3074 ι
2849 3022 3029 3076 irmuit
3086 3022 3355 3093 siquidem
3393 3039 3468 3080 .se

180 3119 314 3180 tot;
352 3113 776 3186 πονηρεύμασιν,
817 3115 911 3168 καὶ
952 3116 1072 3176 ταῖς
1107 3114 1360 3177 ἀτοπίαις
1406 3131 1713 3186 προστετηκ

1936 3109 2142 3178 ινρὶιωε
2197 3109 2564 3175 facinoribus,
2618 3111 2988 3183 absurdisque
3027 3114 3243 3170 deditos
3273 3115 3469 3172 oculos

180 3226 299 3272 τας
338 3207 653 3277 ὀφθαλμοὺς
691 3205 1103 3273 ἀποτυφλῶσαι,
1154 3205 1364 3270 ἀνοῖξαι
1389 3206 1469 3269 δὲ,
1511 3206 1606 3260 καὶ
1654 3208 1713 3261 ἀν

1928 3200 2253 3267 Ifossurum;
2309 3210 2683 3258 reseraturum
2738 3220 2906 3271 vero,
2957 3213 3012 3260 et
3060 3205 3461 3262 medicaturum

185 3301 402 3354 σασθαι
433 3298 559 3362 τοὺς
591 3301 814 3369 νοητοὺς
841 3298 1178 3368 ὀφθαλμοὺς,
1211 3292 1292 3360 οίς
1313 3297 1676 3367 ἑφοπτεύεται

1932 3293 2074 3349 :nlos
2127 3293 2562 3360 intellectuales,
2610 3296 2819 3365 quibus
2871 3297 3139 3350 virtutum
3191 3297 3361 3358 decor
3408 3306 3465 3354 et

185 3392 400 3456 κάλλος
431 3391 546 3446 τῶν
572 3391 782 3462 ἀρετῶν
831 3391 929 3444 καὶ
956 3390 1056 3458 τῆς
1085 3389 1435 3458 θεογνωσίας.

1314 3390 1435 3452 ηἀς.
1880 3387 2080 3441 divina:
2117 3387 2454 3457 cognitionis
2482 3387 2847 3456 conspicitur.

462 3485 636 3551 -}.‘.IC.".
665 3514 730 3526 --
763 3483 1170 3553 ΕΥΓΡΔΜΜΙῼ
1196 3483 1493 3554 ΝΟΜΙΚῼ.

2015 3473 2250 3530 CCXVI.
2275 3506 2346 3530 --.
2367 3475 2780 3534 EUGRAMMIO
2810 3479 3327 3540 LEGUMPERITO.

273 3595 294 3627 ι
319 3573 575 3645 Ενίσῆλθε,
607 3574 741 3646 φησὶ
789 3575 1051 3647 Μωῦσῆς,
1083 3575 1163 3636 εἰς
1215 3573 1309 3626 τὸν
1348 3574 1546 3643 γνόφον
1572 3591 1588 3606 ο
1633 3592 1654 3626 ι
1683 3571 1778 3628 τοῦ

1954 3587 1974 3619 ι
2027 3568 2314 3637 Introivit,
2369 3571 2446 3624 ait
2473 3570 2723 3643 Moyses,
2771 3573 2825 3626 in
2885 3573 3378 3630 obsruritatem“.
3432 3593 3455 3626 ι

185 3671 331 3741 περὶ
384 3668 518 3722 Θεὸν
562 3667 784 3735 γνόφου,
811 3667 964 3720 οὐδὲν
1009 3666 1200 3736 ἕτερον
1250 3665 1672 3738 ἐμφαίνοντοςῆ
1715 3689 1718 3703 ι

1927 3660 2038 3714 irca
2069 3659 2237 3716 Deum
2281 3663 2598 3719 obscuritas
2633 3665 2770 3720 nihil
2818 3663 2968 3719 aliud
3002 3665 3265 3732 instruit,
3292 3683 3458 3738 quam

189 3758 598 3830 ἀπερινόητον,-
626 3760 720 3812 καὶ
747 3757 1152 3828 ἀνεξιχνίαστον
1179 3757 1276 3811 τοῦ
1319 3757 1456 3812 Θεοῦ
1478 3774 1493 3791 ο
1532 3776 1722 3812 σκοτοε

1924 3750 2286 3822 iiutelligibile
2361 3751 2457 3807 Dei
2525 3764 2690 3824 atque
2765 3755 3169 3823 inscrutabile;
3247 3772 3457 3829 opacus

188 3849 296 3920 δὴς
317 3850 422 3918 γὰρ
457 3849 554 3901 καὶ
575 3849 821 3918 ἀφεγγὴς
847 3850 878 3918 ἡ
904 3847 996 3900 τοῦ
1027 3847 1227 3916 γνόφου
1264 3847 1508 3916 πέφυκεν
1532 3846 1676 3917 ὄψις,
1705 3867 1721 3900 ει

1922 3843 2022 3894 uim
2045 3879 2061 3904 ,
2097 3851 2150 3897 et
2184 3845 2304 3898 sine
2355 3844 2563 3900 lumine
2606 3847 2865 3918 caliginis
2900 3854 3159 3917 aspectus
3193 3857 3279 3904 est
3303 3888 3319 3912 .
3360 3849 3455 3921 qui

192 3943 255 3993 ‘ev
277 3942 418 4011 αὐτῇ
451 3939 768 4010 κρύπτουσα
795 3940 882 3993 διὰ
918 3939 1012 3994 τοῦ
1054 3939 1412 4004 πυκνοτάτου,
1460 3941 1553 3994 καὶ
1586 3959 1725 3994 σκοτι

1920 3929 2060 3998 pissa
2090 3945 2154 3984 ac
2185 3931 2473 3985 tenebrosa
2503 3934 2650 3988 aeris
2670 3934 2925 3990 crassitie
2964 3950 3086 4004 quae
3120 3934 3173 3988 in
3204 3951 3270 3990 eo
3300 3947 3453 4004 sunt,

191 4033 372 4095 ειδοῦς
398 4033 556 4104 ἀέρος
597 4032 853 4102 εἴργουσα
901 4032 998 4093 τὰς
1032 4031 1186 4102 ὄψεις
1251 4032 1361 4085 τῶν
1408 4032 1662 4102 ὁρώντων
1691 4050 1717 4085 ε

1920 4019 2112 4089 btegit,
2149 4023 2341 4076 oculos
2369 4023 2476 4096 ει
2509 4024 2564 4078 in
2591 4040 2719 4080 eum
2760 4025 3091 4079 intuentium
3117 4040 3316 4081 arcens
3341 4066 3357 4092 ,
3396 4037 3453 4082 et

191 4123 384 4189 αὐτὸν,
425 4124 505 4176 ἔτι
553 4126 649 4177 καὶ
680 4123 789 4176 τῶν
836 4123 1056 4176 ἐννοιῶν
1087 4122 1268 4176 αὐτῶν
1312 4123 1406 4186 τὰς
1442 4124 1724 4194 περιέργοι

1922 4113 2270 4180 )gilationum
2337 4124 2599 4184 praeterea
2662 4116 2904 4186 ipsarum
2954 4117 3206 4172 curiosas
3242 4117 3310 4172 de
3340 4117 3455 4174 Deo

191 4219 329 4287 περὶ
353 4215 488 4270 Θεοῦ
533 4216 905 4286 ἐπιχειρήσεις
929 4230 942 4244 ’
989 4233 1008 4266 ι
1039 4215 1238 4278 Σκότος
1260 4216 1391 4286 γὰρ,
1421 4217 1609 4287 φησιν,
1639 4218 1724 4268 ἀπε

1917 4201 2209 4272 nlagiues:
2261 4223 2283 4254 ί
2342 4202 2608 4260 Tenebrae
2653 4207 2839 4270 enim,
2904 4207 3013 4272 ait,
3074 4217 3450 4279 tegumentum

191 4307 385 4381 κρυφὴ
416 4306 606 4375 αὑτοῦ,
637 4308 730 4360 καὶ
760 4307 858 4376 οὐχ
887 4306 1238 4377 όραθήσεται.
1281 4325 1301 4358 ι

1281 4325 1301 4358 ι
1876 4293 2084 4363 ipsius,
2113 4305 2166 4350 et
2199 4311 2308 4352 non
2343 4297 2616 4352 videbitur
2652 4298 2717 4352 ³⁵.
2758 4317 2777 4352 ι

761 4399 902 4453 Σ1Ζ’.
915 4427 979 4437 —
1005 4397 1088 4463 Τῷ
1116 4397 1296 4464 αὐτῷ.
1804 4395 1849 4450 ῐ)

1804 4395 1849 4450 1)
2407 4389 2661 4446 CCXVII.
2685 4420 2756 4431 —-
2779 4389 2987 4446 Eidem.

270 4489 428 4554 Ἔθος
453 4489 599 4560 ἔχεις
633 4490 938 4561 προχείρως
978 4489 1074 4544 τοῦ
1104 4490 1304 4556 λέγειν,
1345 4491 1426 4544 ὅτι
1459 4489 1780 4562 πολυμήχα-

1948 4477 2105 4536 Soles
2157 4482 2473 4537 inconsulto
2531 4482 2717 4538 dicere
2766 4491 3048 4538 versutum
3109 4499 3233 4539 esse
3281 4494 3449 4556 atque

192 4579 283 4642 νός
342 4581 459 4632 ἐστι
489 4619 505 4642 ,
562 4580 656 4633 καὶ
713 4579 1054 4652 πολύτροπος
1073 4583 1100 4634 ὁ
1128 4581 1370 4644 διάϐολος
1392 4599 1404 4612 ·
1432 4582 1725 4650 συνομολογ

1912 4579 2115 4624 stutum
2148 4573 2426 4627 diabolum
2454 4589 2470 4628 :
2502 4589 2680 4643 neque
2724 4575 2842 4644 ipse
2870 4576 3179 4631 abnuerim.
3210 4572 3445 4633 Verum-

193 4671 373 4737 κάγώ.
410 4670 548 4724 Ἀλλ’
582 4672 679 4724 ὲάν
719 4673 911 4740 νήφειν
944 4671 1280 4743 θελήσωμεν,
1313 4671 1490 4742 ἑαυτῷ
1540 4672 1726 4744 πονηρὲ

1915 4680 2049 4716 ιιιιοιι
2103 4665 2147 4718 si
2206 4667 2378 4719 sobrii
2437 4683 2560 4722 esse
2613 4668 2882 4731 velimus,
2918 4669 3022 4723 sibi
3073 4669 3178 4739 ipsi
3231 4680 3448 4727 astutus

192 4759 348 4812 ἔσται
373 4758 400 4810 ό
430 4755 692 4821 διάϐολος,
734 4759 828 4811 καὶ
876 4758 974 4827 ούχ
1040 4760 1171 4828 ἡμῖν
1197 4760 1272 4829 ’ἠ
1314 4759 1423 4828 γὰρ
1462 4757 1623 4827 φύσις
1669 4760 1725 4812 τί

1953 4763 2066 4808 tot
2123 4772 2229 4809 non
2282 4759 2464 4813 nobis.
2517 4758 2888 4828 Improbilatis
2937 4761 3208 4832 siquidem
3250 4765 3485 4830 genius/

190 4851 395 4910 κακίας
460 4849 643 4919 μόνοις
693 4852 806 4913 τοῖς
875 4850 1233 4919 κεκτημένοις
1297 4849 1470 4919 αὐτὴν
1530 4849 1723 4920 ὑπάρχε

1909 4846 1999 4898 )IIS
2052 4848 2224 4916 ipsius
2277 4853 2695 4917 possessoribus
2739 4852 3038 4920 perniciem
3093 4851 3291 4920 aflert;
3347 4855 3442 4908 sed

189 4941 435 5010 ὀλεθρία,
462 4942 496 5011 ἡ
516 4941 572 4993 δὲ
593 4940 762 5011 ἁρετὴ
792 4940 1122 5000 τούναντίον,
1160 4939 1436 5009 ούχὶίτοὺς
1491 4947 1722 5010 κεκτημὲ

1910 4937 2038 4990 irtus
2100 4943 2378 4993 contrarie
2435 4957 2496 4996 se
2543 4958 2778 5010 gerens,
2842 4959 2952 4996 non
3019 4946 3443 5013 possessoribus

191 5048 316 5095 νους
379 5031 579 5100 μόνον,
625 5028 772 5084 ἀλλὰ
818 5029 914 5082 καὶ
962 5030 1087 5092 τοὺς
1151 5029 1414 5101 πλησίους
1483 5028 1724 5099 ὠφελῆσς

1623 5029 1765 5099 ἧσαι
1864 5025 2061 5085 modo,
2101 5025 2196 5079 sed
2223 5027 2420 5083 vicinis
2449 5031 2612 5083 etiam
2652 5030 3020 5085 emolumento
3051 5043 3156 5085 est.

190 5125 437 5178 δύναται.

683 5211 834 5264 Σ1Η’.
866 5242 936 5252 --
974 5209 1054 5275 Τῷ
1097 5208 1276 5276 αὐτῷ.

2363 5208 2635 5265 CCXVIII.
2660 5241 2731 5251 —
2758 5211 2967 5266 Eidem.

262 5304 379 5355 ἰνα
417 5301 608 5372 μάθῃς,
637 5301 718 5352 ὅτι
748 5302 776 5353 6
805 5302 903 5370 μὲν
926 5300 1094 5363 κακὸς
1121 5301 1267 5370 μόνῳ
1290 5299 1470 5371 ἐαυτῷ
1514 5299 1703 5363 κακὸς.
1731 5299 1757 5352 6

1939 5297 2009 5355 Ut
2042 5300 2228 5357 discas
2253 5341 2268 5363 ,
2299 5303 2501 5355 malum
2539 5305 2750 5372 sibiipsi
2795 5305 2896 5358 soli
2922 5320 3042 5359 esse
3073 5305 3299 5367 malum,
3337 5305 3438 5359 bo-

187 5394 244 5448 δὲ
272 5393 475 5462 ἀγαθὸς
498 5394 593 5445 καὶ
620 5391 826 5462 ἑτέροις
853 5393 1076 5460 ἀγαθὸς,
1106 5395 1412 5466 μαρτυρίαν
1443 5412 1525 5447 σοι
1563 5411 1720 5465 παροι

1909 5408 1998 5446 um
2050 5409 2181 5448 vero
2224 5403 2278 5449 et
2331 5395 2454 5448 aliis
2506 5396 2732 5460 bonum,
2789 5397 3166 5451 testimonium
3216 5398 3315 5452 tibi
3369 5411 3437 5451 ex

193 5487 362 5559 μιώὃη
407 5485 630 5558 παρέξω
658 5498 675 5515 ⁸
710 5484 949 5538 «Τέκνον
994 5485 1136 5556 γὰρ,
1187 5485 1383 5556 φησὶν,
1433 5486 1530 5540 ἐὰν
1588 5485 1726 5540 κακὺ

1904 5484 2182 5539 ’roverbiis
2217 5485 2526 5542 adducam:
2587 5503 2606 5538 ι
2642 5484 2768 5550 Fili,
2802 5488 2971 5553 enim,
3013 5489 3108 5553 ait,
3157 5489 3202 5543 si
3234 5484 3437 5558 pravus

258 5667 302 5700 '°
335 5665 495 5721 Runi.
519 5682 640 5734 vni,
665 5666 723 5723 2.
797 5666 838 5698 ¹¹
883 5662 901 5717 I
940 5661 1069 5720 Cor.
1104 5679 1156 5730 v,
1194 5663 1245 5718 I.
1288 5664 1332 5694 “
1354 5665 1458 5718 Act
1516 5678 1592 5730 ix,
1615 5662 1669 5718 8.
1745 5661 1790 5695 "

1829 5658 1970 5716 loan.
2013 5675 2091 5723 ιιι,
2128 5661 2219 5718 59.
2297 5661 2341 5692 ⁸⁸
2377 5659 2551 5716 Exod.
2597 5663 2813 5719 xx.2I.
2895 5665 3056 5718 "Job
3095 5678 3229 5729 un,
3274 5663 3362 5719 14.
