3882 6036
431 221 538 290 163

1892 218 1953 277 S.
1997 217 2160 278 N‘ILI

3585 215 3699 280 164

427 338 548 400 ﬂes,
579 335 729 391 solus
768 333 1061 391 exhauries
1092 335 1275 400 mala;
1321 334 1368 388 si
1425 332 1666 404 sapiens,
1713 332 1825 388 eris
1877 332 2005 386 tibi-

2130 330 2239 402 ξένῃ
2262 330 2444 400 ,μόνος
2480 331 2762 401 ἀντλήσεις
2788 331 2859 384 τὰ
2882 331 3063 386 κακά·
3100 331 3197 385 ἐὰν
3244 331 3303 385 δὲ
3350 330 3540 400 σοφδς,
3591 331 3703 401 ἐστι

429 428 648 499 metipsi
679 435 734 482 et
766 426 1017 498 proximo
1046 429 1268 498 sapiens
1313 429 1377 481 ‘°.
1414 446 1433 481 ι

659 517 888 574 CCXIX.
917 549 988 559 —
1014 517 1432 574 ARISTOTELI
1463 515 1766 571 PRIMATI.

499 609 639 666 Mitti
673 611 876 665 dicitur
905 609 1104 674 Filius,
1155 627 1263 665 non
1315 610 1618 666 secundum
1661 609 1808 678 quod
1863 608 2007 664 Deus

431 700 675 757 Verbum
712 703 768 756 in
793 703 919 757 sinu
943 713 1029 758 est
1073 702 1280 765 Patris,
1318 703 1497 757 omnia
1521 703 1835 756 continens.
1869 716 1888 750 ι
1929 698 2009 754 Ex

437 795 558 864 ipso
591 795 758 858 enim,
785 803 840 850 et
875 810 971 865 per
1000 797 1200 867 ipsum,
1245 803 1299 848 et
1349 795 1400 848 in
1449 795 1626 864 ipsum
1650 793 1834 846 omnia
1861 791 1903 823 ¹⁷
1937 809 1950 845 :
1983 809 2002 842 ι

425 893 548 940 etzt
576 884 777 956 lnipso
799 888 1056 952 vivimus,
1099 903 1400 949 movemur,
1443 893 1497 941 et
1531 901 1722 941 sumus
1748 885 1813 950 ¹⁸;
1853 903 1872 937 ι
1910 883 2008 939 sed

430 981 734 1033 secundum
765 977 911 1049 quod
941 979 1277 1049 sibimetipsi
1308 979 1535 1035 asciscit
1567 978 1716 1033 Deus
1747 975 2004 1040 Verbum,

426 1071 750 1128 affectiones
780 1073 1051 1141 assumpti
1091 1071 1370 1142 corporis.

944 1164 1152 1221 CCXX.
1176 1195 1248 1206 —
1272 1163 1482 1218 Eidem.
1671 1181 1679 1186 ·
1827 1204 1830 1208 .

499 1252 731 1317 Luctus,
765 1256 859 1324 qui
909 1270 1009 1326 pro
1057 1256 1297 1324 peccatis
1353 1255 1434 1321 tit,
1472 1253 1689 1308 dulcem
1725 1249 1829 1306 sibi
1869 1264 2008 1305 mm-

429 1359 611 1398 rorem
645 1356 698 1400 et
725 1346 1006 1401 tristitiam
1031 1347 1139 1417 82
1178 1347 1445 1411 vindicat,
1478 1353 1534 1400 et
1570 1345 1826 1398 melleum
1861 1342 2006 1397 illius

429 1449 677 1491 amarum
709 1437 1050 1508 degustatur,
1088 1454 1184 1508 spe
1215 1439 1357 1493 bona
1393 1453 1458 1492 ac
1486 1437 1642 1492 suavi
1677 1435 1961 1490 conditum
1989 1449 2004 1497 ;

433 1538 719 1598 propterea
753 1531 927 1584 nutrit
951 1532 1224 1595 animam,
1297 1531 1686 1600 cogitationem
1726 1527 2008 1595 voluptate

430 1618 732 1688 perfundit,
775 1637 869 1676 cor
899 1622 1258 1692 pinguefacit,
1292 1619 1652 1690 corporisque
1681 1627 2003 1671 concretmn

428 1709 629 1767 ﬂorere
655 1728 720 1768 ac
752 1714 1020 1768 virescere
1050 1714 1200 1766 facit.
1240 1711 1423 1778 Quare
1456 1711 1663 1781 optime
1686 1708 1852 1762 David
1880 1725 2009 1762 con-

430 1800 648 1854 cinebat
680 1818 696 1855 :
732 1819 751 1852 ι
786 1799 968 1856 Factae
1001 1812 1128 1857 sunt
1157 1801 1294 1855 mihi
1324 1802 1582 1870 lacryma:
1613 1798 1774 1868 panis
1819 1797 1908 1852 die
1946 1812 2011 1852 ac

431 1900 594 1945 nocte
616 1891 679 1944 ι’.
725 1910 743 1944 ι

927 1977 1164 2039 CCXXI.
1191 2014 1260 2024 —
1282 1983 1492 2038 Eidem.

506 2098 526 2133 ι
569 2077 821 2142 Domine,
856 2077 958 2140 ait,
995 2085 1056 2130 ut
1098 2085 1258 2132 scuto
1302 2076 1463 2130 bona:
1500 2073 1804 2129 voluntatis
1853 2089 2014 2128 coro-

430 2173 578 2229 nasti
609 2187 710 2226 nos
740 2170 809 2224 ’°.
846 2188 864 2222 ι
899 2170 1041 2224 Idem
1086 2169 1361 2238 justorum
1391 2166 1559 2222 fuerit
1585 2174 1802 2223 scutum
1837 2174 1892 2220 et
1921 2180 2015 2219 co-

433 2277 570 2316 rona
609 2279 623 2314 :
663 2266 951 2331 propterea
981 2258 1072 2327 qui
1122 2258 1291 2312 armis
1339 2256 1587 2311 induitur
1628 2254 2015 2310 intellectuali-

432 2360 517 2408 ter
549 2359 870 2406 coronatur.
924 2347 1170 2418 Namque
1218 2348 1479 2402 Salomon
1516 2347 1656 2402 dixit
1689 2364 1702 2402 :
1752 2364 1770 2398 ι
1799 2345 2011 2400 Corona

431 2445 760 2502 deliciarum
796 2441 1050 2497 defendet
1087 2451 1139 2496 te
1178 2441 1243 2493 “.
1285 2459 1302 2492 ι

674 2535 926 2592 CCXXII.
969 2565 1037 2575 -
1066 2531 1375 2589 TIIERINO
1414 2532 1768 2588 MONACHO.

504 2627 979 2696 Quemadmodum
1010 2628 1064 2682 in
1113 2628 1251 2681 mari
1280 2642 1455 2698 genus
1487 2626 1770 2680 hominum
1807 2623 2016 2678 facino-

436 2735 623 2776 rosum
657 2729 710 2775 et
737 2721 937 2786 audax,
997 2719 1053 2773 in
1079 2719 1258 2784 :mari,
1317 2718 1406 2772 tibi
1453 2719 1650 2772 civitas
1677 2725 1783 2783 est,
1810 2717 1892 2770 vel
1914 2733 2016 2770 na-

436 2812 584 2867 vium
617 2814 782 2868 statio
831 2820 929 2866 aut
967 2821 1185 2882 portus,
1237 2813 1385 2866 nulla
1420 2805 1636 2865 ratione
1659 2810 1717 2864 in
1751 2809 2018 2878 navigan-

437 2906 522 2952 tes
558 2897 818 2966 impetum
856 2897 1087 2962 faciunt;
1136 2897 1190 2952 id
1240 2898 1389 2951 enim
1446 2905 1599 2951 esset
1630 2894 1836 2948 frustra
1871 2909 1929 2949 se
1961 2894 2014 2946 in

433 2985 736 3041 discrimen
777 2986 1049 3041 adducere
1081 3003 1094 3039 :
1136 3001 1327 3040 verum
1363 2985 1408 3040 si
1441 2985 1498 3039 in
1540 2986 1651 3039 alto
1687 2985 1826 3038 mari
1853 2983 2010 3037 navi-

2130 3018 2377 3082 λάϐωσιν,
2410 3018 2618 3086 ἐφόδιον
2646 2983 2862 3087 ἔχοντες
2891 2983 2990 3088 την

433 3080 616 3134 culam
641 3079 1123 3149 deprehenderint,
1153 3078 1303 3149 quod
1347 3076 1427 3132 illi
1466 3093 1571 3147 ope
1599 3075 1889 3131 auxiliaria
1917 3076 2014 3130 de-

438 3171 619 3227 stituti
671 3179 823 3237 sunt,
871 3173 1223 3226 occasionem
1263 3170 1616 3240 arripientes,
1666 3169 1851 3224 omnia
1891 3184 2014 3222 mo-

436 3271 568 3319 vent
606 3263 991 3334 invertuntque
1035 3279 1138 3318 nec
1172 3264 1324 3333 prius
1371 3263 1672 3326 absistunt,
1707 3263 1884 3316 donec
1930 3261 2016 3315 vel

439 3357 766 3426 navigantes
801 3356 1146 3426 immergant,
1194 3356 1279 3409 vel
1309 3356 1411 3409 hoc
1441 3355 1543 3425 ipsi
1571 3355 1824 3416 subeant;
1859 3353 1942 3408 sic
1962 3361 2017 3407 et

439 3450 560 3503 dira
598 3449 897 3519 voluptatis
951 3450 1208 3515 tentatio,
1254 3449 1327 3515 ei,
1370 3449 1462 3518 qui
1497 3447 1866 3518 virginitatem
1901 3449 2016 3502 ele-

439 3542 540 3610 git,
575 3541 800 3594 multam
851 3540 1007 3595 aﬂert
1054 3549 1434 3611 tempestatem
1465 3553 1519 3595 et
1545 3555 1762 3611 gravem
1804 3540 2018 3610 procel-

442 3633 572 3694 Iam,
623 3641 678 3686 et
731 3647 840 3684 non
897 3632 1152 3687 ferendos
1205 3631 1465 3687 ﬂuctuum
1517 3633 1790 3697 turbines,
1833 3633 2017 3686 omnia

443 3737 650 3792 susque
674 3722 852 3791 deque
885 3725 1144 3790 miscens,
1172 3733 1232 3778 ttt
1260 3726 1312 3778 vi
1342 3735 1397 3779 et
1420 3725 1625 3795 impetu
1646 3710 1854 3780 'navem
1883 3730 2017 3778 sub-

443 3827 676 3888 mergat.
707 3820 893 3873 Audiit
944 3837 1203 3890 namque,
1240 3821 1510 3874 monacho
1541 3835 1649 3873 non
1675 3836 1799 3875 esse
1835 3820 1887 3872 in
1923 3835 2021 3889 po-

443 3917 640 3964 testate
685 3925 910 3964 uxorem
966 3911 1190 3974 ducere,
1241 3921 1295 3965 et
1337 3912 1500 3966 veluti
1538 3912 1592 3964 in
1628 3921 1844 3980 portum
1884 3928 2020 3966 con-

437 4001 578 4072 jugii
620 4018 722 4058 usu
749 4019 809 4058 se
839 4003 1178 4071 subducere;
1234 4004 1326 4060 sed
1381 4020 1477 4074 per
1517 4007 1701 4059 omnia
1743 4014 2020 4060 certamen

444 4109 790 4164 pugnamque
849 4096 1116 4151 adversus
1163 4097 1460 4161 decuriones,
1515 4097 1611 4166 qui
1651 4097 2024 4166 voluptatibus

439 4184 551 4255 83
583 4187 819 4240 animam
850 4186 1090 4251 irritant,
1126 4188 1409 4242 subeunda
1440 4203 1588 4243 esse.
1631 4189 1710 4244 Ne
1741 4189 1910 4258 igitur
1932 4189 2025 4243 ad-

2110 423 2340 494 σεαυτῷ,
2369 422 2463 477 καὶ
2483 424 2560 495 τῷ
2585 422 2820 494 πλησίῳ.
2849 442 2868 475 ι

2283 517 2428 570 ΣΙΘ’.
2454 547 2522 557 -
2542 517 2993 570 ΑΡΙΣΤΟΤΕΛΕΙ
3036 512 3500 569 ΠΡΩΤΕΥΟΝΤΙ.

2192 607 2554 663 Ἀπεστάλθαι
2577 607 2798 677 λέγεται
2821 610 2850 662 ὁ
2879 609 3024 672 Υἱὸς,
3057 611 3118 661 οὑ
3143 607 3264 661 καθ’
3292 607 3321 659 ὃ
3340 606 3473 669 Θεὸς
3508 606 3705 672 Λόγος

2108 701 2256 754 ἐστὶν
2289 701 2348 753 ὲν
2372 700 2593 764 κόλποις
2631 699 2726 753 τοῦ
2779 700 2991 771 [ἰατρὸς
3040 700 3310 770 περιέχων
3351 699 3422 752 τά
3473 698 3702 750 πάντα·

2117 813 2136 846 ι
2179 792 2464 860 Ἑξαύτοῦ
2526 793 2654 862 γὰρ,
2703 793 2799 846 καὶ
2845 794 2926 855 εἰς
2973 793 3133 846 αὑτὸν
3162 792 3232 846 τὰ
3265 790 3466 855 πάντα,
3508 790 3617 843 καὶ
3643 791 3707 842 ὲν

2108 899 2258 970 αὐτῷ
2281 898 2483 968 ζῶμεν,
2507 900 2603 953 καὶ
2623 900 2939 971 κινούμεθα,
2963 902 3056 954 καὶ
3077 901 3262 972 ἐσμὲν,
3296 921 3315 954 ι
3347 901 3486 956 ἀλλὰ
3524 900 3660 954 καθ’
3678 901 3710 953 ὃ

2113 989 2449 1043 ίδιοποιεῖται
2487 991 2516 1043 ὁ
2544 991 2679 1055 Θεὸς
2734 991 2908 1061 Λόγος
2942 992 3013 1045 τὰ
3053 993 3226 1063 πάθη,
3261 989 3321 1046 οὗ
3371 992 3437 1047 ἂν
3490 992 3706 1061 εἴληφε

2113 1082 2388 1154 σώματος.

2637 1177 2766 1231 ΣΚ’.
2785 1206 2854 1217 -
2874 1175 2960 1242 Τῷ
2976 1176 3157 1242 αὐτῷ.

2191 1267 2251 1319 '0
2283 1265 2368 1336 ἐφ’
2406 1267 2703 1339 ἁμαρτίαις
2765 1269 3051 1340 γινόμενος
3101 1270 3374 1341 ὀδυρμὸς,
3428 1268 3711 1338 γλυκεῖαν

2113 1359 2375 1431 κέκτηται
2405 1362 2503 1432 τὴν
2538 1362 2713 1426 ἀνίαν,
2754 1363 2848 1416 καὶ
2877 1362 3168 1433 μελιτῶδες
3201 1363 3368 1416 αὑτοῦ
3393 1361 3457 1416 τὸ
3493 1361 3714 1432 πἰκρὸν

2110 1451 2448 1521 εὑρίσκεται,
2482 1452 2657 1506 ἑλπίδι
2690 1439 2892 1524 ἀγαθῇ,
2924 1455 3017 1507 καὶ
3048 1457 3260 1525 χρηστῇ
3294 1454 3712 1524 φαρματτόμε-

2111 1560 2221 1604 νον,
2249 1543 2337 1597 διὰ
2365 1543 2525 1598 τοῦτο
2549 1545 2740 1616 τρέφει
2769 1545 3092 1618 τὴνψυχὴν,
3133 1549 3290 1614 γανοῖ
3320 1546 3381 1598 τὸ
3410 1546 3710 1618 φρόνημα,

2037 1667 2081 1722 Β
2113 1634 2351 1688 λιπαίνει
2382 1635 2482 1706 τὴν
2519 1635 2768 1707 καρδίαν,
2797 1636 3022 1699 εὐθαλὲς
3056 1636 3350 1706 ἐργάζεται
3378 1637 3439 1690 τδ
3462 1635 3565 1689 τοῦ
3597 1635 3714 1688 σῶ-

2117 1743 2284 1795 ματος
2349 1726 2649 1797 σύγκριμα.
2711 1728 2822 1781 Καὶ
2863 1727 3046 1792 καλῶς
3096 1729 3125 1781 δ
3187 1727 3354 1780 Δαυῖδ
3387 1725 3666 1798 ἐμελῴδει
3693 1743 3709 1756 ·

2116 1839 2134 1870 ι
2177 1819 2440 1893 Ἐγενήθη
2491 1838 2582 1893 μοι
2623 1820 2690 1874 τὰ
2732 1821 2944 1894 δάκρυα
3003 1822 3167 1894 ἄρτος
3211 1821 3422 1893 ἡμέρας
3465 1821 3566 1874 καὶ
3610 1838 3708 1874 νυ-

2111 1909 2261 1973 κτός.
2294 1928 2314 1962 ι

2611 2000 2785 2054 XKA'.
2822 2033 2893 2042 —
2927 1999 3011 2066 Τῷ
3029 1999 3211 2066 αὐτῷ.

2189 2113 2208 2145 ι
2241 2093 2434 2165 Κύριε,
2469 2093 2657 2163 φησὶν,
2684 2093 2760 2156 ὡς
2811 2093 2960 2164 ὅπλῳ
3016 2092 3264 2156 εὑδοκίας
3310 2091 3711 2161 ἐστεφάνωσας

2113 2188 2281 2257 ἡμᾶς.
2317 2205 2335 2236 ι
2403 2184 2615 2240 Ταὺτόν
2662 2187 2727 2239 ἂν
2774 2188 2859 2255 εῐη
2886 2187 2994 2238 τῶν
3023 2186 3247 2239 δικαίων
3275 2186 3369 2238 καὶ
3392 2185 3582 2248 ὅπλον,
3608 2186 3712 2237 καὶ

2117 2278 2401 2347 στέφανος,
2439 2277 2579 2332 ὣστε
2601 2279 2692 2331 τὸν
2711 2278 3108 2348 ὼπλησάμενον
3151 2277 3360 2348 νοητῶς
3393 2275 3707 2344 στεφανοῦ-

2117 2369 2242 2424 σθαι
2279 2386 2294 2400 ο
2331 2371 2426 2422 καὶ
2455 2371 2562 2442 γάρ
2590 2370 2687 2424 καὶ
2711 2369 2962 2440 Σολομὼν
2995 2371 3186 2442 εἴρηκε
3215 2386 3229 2399 ⁶
3293 2389 3312 2422 ι
3348 2371 3616 2440 Στεφάνῳ
3643 2369 3709 2422 δὲ

2114 2462 2333 2534 τρυφῆς
2365 2464 2699 2534 ὑπερασπιεί
2731 2480 2848 2518 σου.
2899 2483 2918 2514 ι

2459 2555 2630 2608 xm.
2653 2555 2994 2624 —eEPiNn
3024 2553 3322 2624 ΜΟΝΑΧῼ

2187 2649 2400 2719 Ὠσπερ
2458 2650 2507 2702 οἱ
2555 2648 2696 2702 κατὰ
2751 2649 2850 2717 τὴν
2886 2647 3164 2702 Θάλασσαν
3200 2646 3521 2718 κακοῦργοι,
3567 2645 3707 2698 ἔνθα

2122 2745 2219 2814 μὲν
2251 2744 2406 2807 πόλις
2435 2745 2602 2807 ἐστὶν,
2629 2743 2662 2814 ἢ
2689 2745 2951 2815 ὲπινήῖον,
2984 2743 3016 2814 ἢ
3047 2743 3235 2814 λιμὴν,
3269 2743 3522 2814 οὐδαμῶς
3573 2744 3706 2795 ὲπι-

2118 2834 2361 2899 τιθέντες
2387 2838 2498 2899 τοῖς
2527 2835 2801 2898 πλέουσιν,
2837 2835 2995 2889 τοῦτο
3017 2835 3125 2905 γάρ
3155 2835 3334 2906 μάτην
3372 2834 3438 2890 ἂν
3463 2834 3548 2906 εἴη
3578 2851 3705 2887 κιν-

2119 2926 2360 2979 δυνεύειν
2378 2943 2392 2956 ·
2427 2928 2522 2979 ὲάν
2543 2927 2599 2978 δὲ
2631 2929 2687 2980 ὲν
2717 2927 2866 2997 μέσῳ
2894 2925 2973 2996 τῷ
2989 2925 3216 2993 πελάγει
3241 2926 3301 2978 τὸ
3328 2925 3534 2996 σκάφος
3560 2926 3704 2978 ἁπο-

3019 3017 3130 3070 τῶν
3156 3017 3531 3088 βοηθησόντων
3568 3018 3705 3088 ἐρη-

2122 3112 2272 3184 μίαν,
2300 3113 2481 3166 πάντα
2515 3112 2745 3175 κινοῦσι,
2775 3112 2870 3165 καὶ
2910 3111 3256 3182 στρέφουσιν,
3292 3111 3390 3164 καὶ
3430 3112 3491 3166 οὑ
3548 3113 3704 3182 πρό-

2118 3220 2276 3273 τερον
2299 3203 2650 3271 ἀφίστανται,
2674 3203 2777 3265 ἕως
2809 3201 2876 3255 ἃν
2903 3203 2936 3272 ἦ
2973 3202 3316 3255 καταδύσωσι
3337 3202 3464 3260 τοὺς
3492 3202 3703 3274 ἐμπλέ-

2116 3311 2297 3358 οντας,
2325 3295 2356 3364 ἢ
2390 3292 2548 3346 τοῦτο
2583 3293 2830 3347 πάθωσιν
2859 3293 3014 3346 αὑτοί
3051 3309 3066 3324 ο
3105 3293 3276 3357 οὕτως
3303 3295 3400 3348 καὶ
3448 3295 3476 3347 ὁ
3523 3295 3704 3358 δεινὸς

2117 3386 2216 3456 τῆς
2241 3387 2433 3458 ἡδονῆς
2461 3387 2764 3457 πειρασμὸς
2782 3387 2860 3456 τῷ
2885 3386 3253 3458 προῃρημένῳ
3274 3387 3374 3458 τὴν
3404 3385 3704 3456 παρθενίαν

2119 3477 2287 3532 πολὺν
2320 3478 2515 3546 ἐπάγει
2543 3479 2633 3530 τὸν
2673 3476 2940 3546 χειμῶνα,
2981 3475 3078 3529 καὶ
3106 3474 3346 3545 χαλεπὴν
3372 3475 3470 3547 τὴν
3506 3475 3699 3545 ζάλην.

2118 3573 2213 3622 καὶ
2239 3571 2544 3641 ἀφορήτους
2571 3569 2671 3632 τὰς
2695 3567 3010 3640 τρικυμίας,
3043 3569 3220 3622 πάντα
3245 3569 3356 3622 ἄνω
3400 3569 3492 3622 καὶ
3549 3570 3703 3621 κάτω

2120 3660 2307 3722 κινῶν,
2330 3660 2470 3714 ὥστε
2491 3661 2556 3730 τῇ
2583 3659 2673 3730 βία
2701 3659 2794 3711 καὶ
2823 3660 2888 3728 τῇ
2913 3656 3061 3727 ῥύμῃ
3090 3656 3450 3726 περιστρέψαι
3475 3655 3538 3708 τὸ
3563 3657 3700 3708 σκά-

2123 3771 2241 3822 φος.
2276 3754 2514 3806 Ἤκουσε
2542 3751 2673 3822 γὰρ,
2701 3752 2783 3804 ὅτι
2820 3752 2848 3804 ὁ
2885 3750 3115 3820 μοναχὸς
3153 3749 3255 3801 οὐκ
3291 3747 3403 3817 ἔχει
3452 3747 3702 3812 ἐξουσίαν

2122 3845 2395 3914 γαμῆσαι,
2437 3844 2530 3900 καὶ
2571 3843 2822 3911 καθάπερ
2859 3840 3040 3910 λιμένι
3082 3838 3582 3908 ἐγκαθορμισθῆναι
3629 3841 3694 3908 τῇ

2125 3940 2317 4009 χρήσει
2339 3941 2439 4008 τῆς
2485 3935 2704 4006 μίξεως,
2732 3933 2847 3987 ἀλλ’
2880 3933 3094 4002 ἀνάγκη
3141 3932 3206 3984 δι’
3249 3931 3372 3982 ὅλου
3423 3929 3694 3992 παλαίειν,

2125 4032 2222 4085 καὶ
2255 4029 2522 4100 μάχεσθαι
2549 4027 2684 4100 πρὸς
2706 4027 2832 4089 τοὺς
2847 4027 2967 4086 ταῖς
2992 4023 3347 4094 ἡδυπαθείαις
3383 4021 3483 4092 τὴν
3521 4021 3696 4092 ψυχὴν

2126 4124 2466 4196 ἐρεθίζοντας
2493 4122 2772 4191 δαίμονας.
2803 4119 2895 4190 Μὴ
2931 4114 3023 4171 οὖν
3058 4115 3391 4187 ξενιξώμεθα
3433 4113 3698 4183 πολεμού-

2129 4233 2301 4287 μενοι,
2358 4216 2490 4285 μηδὲ
2515 4213 2888 4282 ἀποκάμωμεν
2952 4209 3088 4282 πρὸς
3139 4209 3237 4280 τὴν
3275 4211 3473 4279 μάχην,
3503 4208 3694 4276 ἔχομεν

443 4277 730 4344 miremur,
771 4279 817 4333 si
864 4279 1008 4333 bello
1045 4280 1377 4348 impetimur;
1433 4295 1608 4351 neque
1657 4281 1724 4335 ad
1783 4296 2016 4350 pugnam

2130 4277 2234 4378 γὰρ
2277 4277 2449 4376 μέγαν
2473 4277 2882 4375 ὑπερασπιστὴν
2907 4303 2970 4355 τὸ
2998 4277 3261 4370 πανάγιον
3277 4277 3430 4353 Ilst
3439 4317 3535 4370 μα,
3553 4299 3618 4352 δι’
3635 4292 3693 4351 οὑ

445 4367 684 4420 animum
746 4367 1204 4438 despondeamus.
1261 4369 1538 4424 Ilabemus
1586 4371 1732 4424 enim
1767 4385 2016 4439 magnum

2130 4367 2466 4469 δυνησόμεθα
2523 4367 2700 4450 πάντα
2741 4367 2852 4448 τοῦ.
2893 4367 3164 4448 διαϐόλου*
3191 4394 3261 4446 τὰ
3326 4367 3691 4462 πεπυρωμένα

444 4459 797 4515 defensorem
843 4474 907 4515 ac
938 4461 1214 4517 vindicem
1273 4461 1542 4534 Spiritum
1601 4475 1874 4526 sanctum,
1933 4475 2029 4530 per

443 4565 607 4621 quem
642 4551 944 4622 poterimus
989 4554 1197 4609 diaboli
1249 4556 1433 4610 omnia
1471 4555 1840 4610 obscenarum
1872 4552 2030 4620 cupi-

445 4643 675 4698 ditatum
714 4643 884 4713 ignita
921 4645 1127 4714 jacula,
1171 4656 1228 4701 et
1275 4647 1461 4701 carnis
1519 4645 1717 4710 facem,
1741 4653 1797 4700 et
1834 4643 2034 4697 incita-

445 4740 690 4787 mentum
726 4731 988 4788 facillimo
1016 4735 1240 4804 negotio
1265 4735 1638 4805 exstinguere.

656 4843 936 4900 CCXXIII.
975 4878 1044 4889 —
1069 4846 1406 4904 SELEUCIO
1437 4848 1762 4906 DIACONO.

515 4935 651 4990 Cum
689 4948 926 5006 quatuor
957 4939 1100 4994 inter
1149 4941 1288 4996 alias
1322 4942 1554 4997 virtutes
1589 4943 1822 5013 primum
1855 4946 2029 5002 locum

445 5027 764 5096 obtineant,
808 5031 1136 5101 prudentia,
1204 5031 1504 5097 fortitudo,
1568 5039 1926 5105 temperantia
1981 5047 2035 5094 et

443 5120 661 5190 justitia
732 5138 748 5183 ;
820 5130 1108 5191 propterea
1173 5135 1226 5176 et
1287 5123 1542 5179 diabolus
1598 5135 1838 5195 quatuor
1885 5129 2030 5184 vitiis

448 5215 618 5268 multa
655 5214 758 5267 alia
783 5214 836 5268 in
869 5231 928 5269 se
960 5216 1395 5278 continentibus,
1434 5220 1498 5270 ad
1529 5217 1613 5271 sui
1678 5219 1851 5287 ipsius
1903 5236 2028 5289 pro-

447 5306 833 5376 pugnationem
867 5306 1058 5361 utitur.
1090 5306 1153 5360 Et
1181 5307 1332 5372 audi,
1369 5308 1498 5376 quid
1551 5311 1698 5365 dieat
1728 5311 2026 5368 Zacharias

449 5399 711 5470 propheta
751 5408 987 5468 quatuor
1026 5401 1285 5456 cornibus
1361 5401 1641 5457 suﬂ‘ultam
1681 5403 1897 5460 Satanae
1933 5420 2028 5474 po-

547 5567 593 5598 "
621 5567 759 5624 Prov
821 5587 894 5636 ιι,
927 5571 1012 5625 Iit.

1112 5574 1152 5604 ¹⁷
1185 5573 1388 5647 (Iuloss.
1453 5590 1489 5639 t,
1528 5574 1610 5629 I6.

450 5653 525 5702 tv,
565 5638 616 5693 9.
1296 5639 1300 5662 ⁵

1719 5575 1759 5608 ⁸⁸
1783 5578 1902 5632 Act.
1937 5592 2064 5642 xvtt,
2128 5576 2219 5630 ‘28.

2125 4491 2257 4563 βέλη
2279 4489 2653 4560 τῶνραίσχρῶν
2680 4487 2986 4557 ἐπιθυμιῶν
3009 4487 3104 4540 καὶ
3133 4483 3244 4538 τῶν
3265 4484 3694 4552 ὑπεκκαυμάτων

2124 4583 2224 4653 τῆς
2258 4581 2465 4653 σαρκὸς
2505 4579 2702 4653 ῥαδίως
2732 4578 2940 4633 σϐέσαι.

2415 4845 2583 4900 ΣΚΡ.
2606 4873 2676 4885 -
2701 4842 3046 4913 ΣΕΛΕΥΚΙῼ
3102 4842 3424 4912 ΔῐΑΚΟΝῼ.

2217 4935 2437 5006 Ἐπειδὴ
2457 4936 2720 5003 τέσσαρες
2755 4933 3090 5003 ὑπάρχουσιν
3114 4931 3303 5000 ἀρεταὶ
3323 4925 3694 4997 γενικώταται,

2134 5031 2417 5101 φρόνησις,
2454 5025 2696 5096 ἀνδρεία,
2755 5022 3098 5094 σωφροσύνη,
3151 5019 3488 5090 δικαιοσύνη,
3516 5019 3696 5072 τούτου

2134 5131 2295 5201 χάριν
2326 5129 2418 5182 καὶ
2442 5129 2471 5180 δ
2499 5124 2743 5187 διάϐολος
2778 5123 3070 5194 τέσσαρσιν
3105 5122 3323 5183 κακίαις
3351 5136 3699 5191 περιεκτικω-

2135 5208 2325 5283 τάταις
2349 5216 2558 5272 πολλῶν
2589 5217 2797 5270 κακιῶν
2850 5214 2986 5285 πρὸς
3037 5213 3248 5283 ἄμυναν
3289 5213 3572 5282 κέχρηται.
3595 5213 3698 5264 Καὶ

2137 5313 2388 5376 ἄκουσον,
2421 5309 2472 5362 τί
2500 5306 2649 5376 λέγει
2680 5307 2955 5378 Ζαχαρίας
2981 5307 3008 5357 ὁ
3056 5307 3358 5376 προφήτης,
3387 5305 3486 5372 τὴν
3519 5320 3695 5373 τετραο

2141 5404 2369 5474 κέρατον
2397 5401 2488 5455 τοῦ
2515 5401 2728 5454 Σατανᾶ
2759 5399 3092 5468 θεασάμενος
3109 5399 3355 5468 δύναμιν·
3385 5392 3564 5465 ιἿΙρα
3585 5398 3696 5460 τοὺς

3471 5573 3512 5599 ιι
3553 5570 3693 5626 ιιι-υἱ..

2318 5575 2358 5605 ¹⁹
2396 5573 2540 5628 Psal.
2571 5588 2680 5635 xm,
2722 5571 2774 5623 4.
2815 5617 2820 5622 .
2890 5572 2935 5601 ¹⁰
2966 5571 3106 5624 Psal.
3167 5588 3217 5635 v,
3275 5572 3356 5624 i5.
