3882 6036
116 219 244 287 165

1382 217 1737 281 EPISTULA
1747 214 1915 276 RUM
1937 217 2082 279 LIB.
2124 219 2173 279 ῐ.

3315 207 3417 275 166

110 332 457 405 ὀφθαλμούς
494 350 618 403 μου,
646 334 741 388 καὶ
767 332 877 387 ἴδον
904 332 1145 403 τέσσαρα
1196 333 1426 403 κέρατα,
1492 329 1561 381 τὰ
1612 327 1730 379 δια-

1866 330 2065 382 enitiam
2113 328 2350 381 intuitus
2387 344 2399 380 :
2440 346 2457 377 ι
2486 325 2704 381 Elevavi
2742 327 2935 382 oculos
2988 342 3160 388 meos.
3217 335 3271 380 et
3311 329 3421 384 vidi

114 428 522 499 σκορπίσαντα
549 426 640 481 τὸν
681 426 899 492 Ἰούδαν,
936 428 1145 481 καὶτὸν
1184 424 1420 497 Ἰσραήλ.
1458 441 1477 475 ι

634 607 789 661 ΣΚΔ.
829 636 900 647 -
931 605 1017 672 Τῷ
1057 606 1238 672 αὐτῷ.

194 700 356 771 Περὶ
378 699 477 769 τῆς
504 698 886 769 τετραμόρφου
906 698 1188 767 δυνάμεως
1217 696 1310 751 τοῦ
1331 695 1601 759 διαϐόλου,
1635 696 1731 750 καὶ

114 792 355 864 Μωσῆς
388 795 417 846 6
452 793 709 862 μέγιστος
772 792 1069 864 νομοθέτης
1103 795 1162 846 ὲν
1192 793 1269 863 τῷ
1301 790 1573 862 Λευιτικῷ
1618 793 1731 853 τοῖς

114 885 467 956 δυναμένοις
492 885 916 956 ἐπιμελέστερον
958 887 1212 949 συνιέναι,
1241 886 1445 955 λέπραν
1465 885 1730 955 ὑπάρχειν

114 978 550 1049 τετρακέφαλον
574 980 729 1048 δίκην
780 977 946 1049 ὕδρας
983 978 1294 1049 διαγράφει,
1321 976 1730 1039 λευκαίνουσαν,

120 1068 228 1120 καὶ
308 1066 744 1136 γλαυκίζουσαν,
804 1069 899 1122 καὶ
953 1066 1343 1138 χλωρίξουσαν,
1404 1068 1500 1120 καὶ
1568 1066 1733 1136 πυρί-

120 1158 228 1224 ζου
239 1178 373 1215 σαν.

380 1252 550 1305 ΣΚΕν.
577 1282 645 1293 —-
672 1252 1107 1322 ᾹΥΓΟΥΣἸῚΝῼ
1143 1252 1502 1320 ΤΡΙΒΟΥΝῼ.

203 1340 292 1395 Εὖ
352 1344 719 1414 ἐπιστάμενος
770 1344 903 1396 Θεὸν
954 1341 1093 1396 εἶναι
1142 1346 1234 1397 τὸν
1286 1343 1488 1413 δοτῆρα
1534 1342 1731 1405 παντὸς

125 1434 381 1504 ἀγαθοῦ,
420 1438 657 1506 συνεχῶς
715 1436 890 1505 λέγεις
948 1437 1084 1506 πρὸς
1120 1437 1245 1498 τοὺς
1274 1434 1736 1503 συντυγχάνοντας

124 1528 195 1579 τὸ
242 1527 450 1581 Ἰακὼϐ
478 1528 570 1580 τοῦ
601 1529 940 1600 πατριάρχου
982 1529 1180 1596 λόγιον,
1217 1528 1299 1580 ὅτι
1345 1526 1567 1595 Ἰιλέησέ
1602 1543 1666 1595 με
1706 1527 1735 1578 6

128 1618 303 1684 Θεὸς,
342 1616 440 1673 καὶ
463 1620 579 1674 ἔστι
600 1637 690 1689 μοι
728 1621 925 1673 πάντα
955 1621 1016 1673 οὐ
1045 1621 1153 1691 γὰρ
1183 1618 1241 1682 ἐξ
1256 1617 1433 1688 ἔργων
1458 1616 1734 1670 δικαιοσύ-

1834 430 2074 487 quatuor
2130 434 2363 485 cornua,
2402 435 2524 489 qua:
2568 419 2763 474 Iudam
2822 429 2877 475 et
2940 419 3108 473 Israel
3145 420 3425 491 disperse-

1838 520 1971 564 ruut
1995 511 2063 564 “.
2096 531 2115 562 ι

2367 599 2573 657 CCXXI
2586 600 2624 655 V
2634 600 2769 655 .-—-E
2774 602 2910 655 idem

1909 692 2335 763 Quadruplicem
2372 694 2672 764 potentiam
2732 694 2938 749 diaboli
2999 693 3165 747 etiam
3211 691 3426 763 Moyses

1839 788 2113 840 maximus
2142 787 2422 855 legislator
2452 788 2504 840 in
2528 784 2773 840 Levitico
2804 786 2875 838 iis
2916 787 3009 854 qui
3045 800 3159 838 rem
3191 785 3426 854 diligen-

1840 879 1952 933 tius
1975 879 2282 949 intelligere
2299 886 2557 949 possunt,
2592 878 2900 947 designavit
2930 879 3167 947 ;lepram
3192 889 3429 948 quatuor

1838 972 2114 1039 capitibus
2140 971 2323 1042 hydrae
2362 972 2545 1026 instar
2570 972 2917 1035 describens,
2962 971 3227 1037 albidam,
3263 972 3423 1040 glau-

1839 1078 1984 1129 cam,
2027 1063 2311 1120 herbidam
2347 1074 2401 1120 et
2435 1065 2656 1118 rutilam
2677 1064 2743 1119 ’³.
2772 1084 2789 1115 ι

2055 1244 2786 1301 CCXXV.—AllGUSTINO
2817 1242 3140 1299 TRIBUNO.

1916 1333 2082 1389 Deum
2109 1350 2232 1390 esse
2267 1335 2507 1390 universi
2550 1335 2677 1388 boni
2714 1336 2959 1388 datorem
2986 1335 3051 1401 “,
3091 1337 3293 1405 optime
3318 1335 3433 1389 cal-

1842 1444 1985 1499 lens,
2011 1444 2153 1498 saepe
2181 1439 2231 1482 te
2263 1428 2674 1497 alloquentibus
2694 1426 2888 1481 Jacobi
2912 1428 3252 1497 patriarchaa
3299 1425 3433 1481 eﬂ‘a—

1844 1526 1957 1571 tum
2027 1518 2293 1577 inculcas.
2352 1517 2498 1572 Deus
2559 1518 2672 1589 81‘.
2728 1520 2987 1575 misertus
3041 1528 3127 1575 est
3193 1517 3322 1580 mei,
3382 1526 3437 1572 et

1844 1612 2106 1665 omnibus
2134 1612 2375 1665 abundo.
2400 1609 2586 1679 Neque
2616 1613 2762 1666 enim
2798 1629 2861 1667 ex
2894 1613 3157 1682 operibus
3181 1611 3432 1676 justitize.

128 1728 261 1781 νης,
314 1711 433 1764 ἀλλ’
466 1713 524 1777 ἐξ
574 1710 725 1764 ὲλέου
766 1710 923 1773 Θεοῦ,
976 1712 1073 1764 καὶ
1137 1709 1336 1778 πολλῆς
1404 1708 1741 1777 ἀγαθότητος

1866 1705 1939 1759 ω
1965 1721 2028 1759 ex
2062 1704 2155 1758 Dei
2192 1705 2574 1760 misericordia
2607 1723 2935 1776 summaque
2988 1708 3235 1762 bonitate
3268 1706 3439 1760 habes

129 1803 276 1871 ὲκτή
288 1820 389 1865 σω,
431 1801 575 1873 άπερ
609 1801 753 1870 ἔχεις
770 1816 783 1829 ⁸
809 1800 869 1863 ἐξ
893 1801 1072 1855 αὐτῶν
1094 1801 1150 1853 δὲ
1176 1800 1360 1853 πολλοὶ
1385 1797 1741 1869 εὐεργετοῦν-

129 1908 225 1943 ται
259 1891 531 1961 δεόμενοι.
566 1893 673 1945 Καὶ
700 1892 1034 1962 ἀποδέχομαί
1070 1909 1129 1943 σε
1153 1887 1212 1944 εὖ
1246 1905 1307 1944 τε
1347 1888 1623 1954 ποιοῦντα,
1649 1888 1744 1943 καὶ

134 1983 589 2054 εύλογιζόμενον,
620 1986 716 2038 καὶ
745 1983 1255 2052 ταπεινολογοῦντα.

372 2168 558 2236 Σκςν.
590 2199 661 2208 -
690 2168 980 2239 ΘΕΟΦΙΛῼ
1012 2168 1529 2238 ΚΑΓΚΕΛΛΑΡΙῼ.

216 2260 441 2330 Ὠσπερ
473 2262 573 2331 οὐχ
613 2261 713 2314 ὅσα
744 2261 974 2331 ἠδύνατο
1012 2261 1183 2315 ἐποίει
1222 2262 1250 2312 ὁ
1272 2258 1476 2329 Κύριος
1512 2258 1743 2329 Ἰησοῦς,

139 2352 262 2404 ἀλλ’
301 2353 407 2406 ὃσα
440 2352 702 2422 ἠϐούλετο
771 2350 1230 2421 ὲθαυματούργει,
1287 2349 1461 2414 οὕτως
1507 2352 1604 2420 οὐχ
1645 2351 1748 2403 ὅσα

142 2444 268 2514 ᾔδει
299 2445 609 2510 ἐδίδασκεν,
668 2444 780 2498 ἀλλ’
833 2446 933 2499 ὅσα
972 2445 1161 2514 μαθεῖν
1187 2444 1501 2514 ἠδυνάμεθα
1542 2443 1747 2511 ὑπηγό-

151 2553 360 2607 ρευσεν
380 2578 394 2600 ,
426 2540 494 2607 τῇ
534 2536 791 2607 ἀσθενείᾳ
818 2540 918 2607 τῆς
942 2536 1155 2604 φύσεως
1188 2534 1521 2606 συμμετρῶν
1546 2534 1634 2589 τὸν
1664 2535 1750 2587 λό-

148 2644 250 2697 γον
317 2629 421 2698 τῆς
494 2627 866 2692 διδασκαλίας.
932 2627 1033 2680 Διὰ
1118 2625 1277 2679 τοῦτο
1361 2628 1576 2693 ἀγνοεῖν
1653 2625 1750 2694 τὴν

148 2720 381 2790 ἡμέραν
446 2718 597 2789 λέγει
646 2723 760 2783 τοῖς
809 2719 1079 2791 μαθηταῖς
1144 2718 1393 2773 ἀτελέσιν
1442 2716 1523 2771 ἔτι
1556 2717 1749 2787 ,ὑπάρ-

151 2826 377 2881 χουσιν.

490 2898 659 2954 aKZ'.
682 2929 754 2938 —
784 2899 1032 2971 ΣΙΣΙΝΙῼ
1060 2898 1423 2971 ΣΠΑΘΑΡῘῼ.

235 2991 302 3044 '0
338 2990 537 3044 θλίϐων
571 3008 629 3043 σε
654 2990 890 3061 πονηρὸς
921 2990 1131 3061 δαίμων
1164 2992 1354 3059 νήφειν
1394 2990 1750 3061 παρασκευά-

156 3083 242 3147 ζει
274 3080 605 3151 καὶμᾶλλον
648 3081 784 3152 πρὸς
844 3080 975 3133 Θεὸν
1042 3079 1431 3150 καταφεύγειν,
1497 3080 1751 3133 κάκεῖθεν

158 3172 506 3228 ἐπισπᾶσθαι
539 3173 635 3236 τὰς
667 3171 920 3243 βοηθείας
944 3189 958 3202 ’
985 3173 1079 3225 καὶ
1100 3172 1188 3225 τὸν
1213 3172 1654 3244 ὑπερασπισμόν.
1697 3173 1754 3225 ὐ

155 3268 271 3338 γὰρ
299 3266 520 3337 βλέπων
552 3266 644 3319 τὸν
684 3264 881 3336 ἐχθρὸν
930 3265 1236 3334 ἐφεστῶτα,
1278 3266 1627 3336 προστρέχει,
1660 3265 1757 3318 καὶ

163 3363 545 3433 συμπλέκεται
592 3359 672 3433 τῷ
734 3361 947 3432 βοηθεῖν
1000 3360 1300 3430 δυναμένῳ.
1346 3359 1505 3414 Οὕτω
1533 3378 1635 3415 που
1664 3362 1759 3416 καὶ

161 3452 231 3504 τὰ
259 3451 439 3522 μικρὰ
478 3451 670 3504 παιδία
709 3450 977 3503 ποιοῦσιν·
1004 3449 1131 3503 ὅταν
1161 3449 1257 3520 μὲν
1295 3449 1378 3523 ἴδῃ
1417 3467 1470 3502 τι
1503 3449 1755 3519 φοϐερὸν,

165 3548 246 3610 εἰς
275 3545 374 3597 τὸν
403 3544 503 3615 τῆς
538 3544 743 3614 μητρὸς
765 3543 966 3597 κόλπον
1018 3541 1459 3611 καταφεύγοντα,
1510 3543 1608 3597 καὶ
1649 3543 1760 3597 τῶν

167 3639 391 3700 ἐκείνης
462 3636 693 3706 ἱματίων
772 3632 1266 3704 ὲκκρεμασθέντα,
1331 3632 1515 3703 ἔχεται
1581 3634 1760 3688 αὐτῶν

168 3726 454 3798 ἀσφαλῶς,
514 3728 609 3781 καί
656 3744 739 3781 τοι
800 3726 1009 3780 πολλῶν
1058 3726 1424 3779 ἀνθελκόντων
1470 3726 1758 3793 πολλάκιςσ

168 3821 299 3874 ὅταν
332 3820 391 3873 δὲ
416 3820 581 3890 μηδὲν
594 3820 743 3890 παρῇ
772 3817 878 3871 τῶν
903 3817 1294 3889 θορυϐούντων,
1320 3819 1442 3873 οὐδὲ
1470 3819 1759 3892 καλούσης,

171 3914 263 3965 καὶ
300 3912 670 3982 ἐφλελκομένης
698 3910 800 3980 τῆς
827 3910 1028 3981 μητρὸς
1057 3910 1326 3981 ἀνέχεται,
1372 3911 1507 3965 ἀλλὰ
1536 3914 1629 3965 καὶ
1666 3929 1766 3966 κα-

171 3980 370 4057 λοῦσαύ
396 3980 644 4057 διαπτύει
675 4003 773 4073 τὴν
799 3980 1031 4073 μητέρα,
1055 4004 1146 4055 καὶ⁴
1167 4004 1335 4057 πολλά
1369 4005 1765 4076 μηχανωμένην

174 4095 315 4167 πρὸς
352 4095 414 4148 τὸ
434 4094 864 4163 ἀφελκύσασθαι,
896 4096 1320 4166 ἀποστρέφεται,
1355 4097 1449 4149 καὶ
1487 4097 1765 4169 τραπέζης

174 4188 442 4257 κειμένης
472 4188 821 4258 καταφρονεῖ.
864 4187 1093 4258 Μητέρα
1126 4187 1185 4240 δέ
1213 4205 1305 4259 μοι
1352 4186 1447 4242 νῦν
1478 4189 1764 4265 φιλόστορ-

175 4294 272 4347 γον
315 4282 515 4349 νοήσῃς
546 4278 647 4350 τὴν
677 4277 772 4332 τοῦ
805 4277 942 4332 Θεοῦ
967 4279 1246 4351 πρόνοιαν.

439 4371 615 4424 Σκιιι.
656 4400 727 4410 -
772 4371 1110 4442 ΕΥΣΤΑΘΙῼ
1160 4373 1487 4444 ΔΙΛΚΟΝῼ.

250 4481 272 4513 ι
304 4462 549 4532 Σίδηρον,
577 4463 741 4533 φησιν
770 4464 800 4516 ὁ
833 4462 1069 4533 ψαλμὸς,
1112 4463 1327 4534 διῆλθεν
1354 4469 1385 4536 ἡ
1421 4463 1573 4537 ψυχὴ
1608 4484 1626 4517 ι
1664 4467 1757 4520 τοῦ

192 4552 413 4619 Ἰωσήφ.
449 4552 673 4623 Σίδηρον
697 4551 821 4622 ἐμοὶ
851 4552 999 4606 δοκεί
1030 4554 1128 4623 τὴν
1179 4555 1452 4625 ἁμαρτίαν
1509 4557 1766 4627 αἰνιγμα-

180 4644 362 4705 τωδῶς
393 4644 587 4712 λέγων,
617 4647 703 4715 ἐφ’
735 4647 801 4717 ἣν
836 4646 1136 4717 παρεκάλει
1158 4646 1249 4698 τὸν
1273 4648 1437 4715 ἀγνὸν
1461 4648 1676 4702 νεανίαν
1708 4650 1769 4702 τὸ

184 4734 276 4787 τοῦ
313 4734 594 4804 Πετεφροῦ
617 4735 859 4803 γύναιον.
919 4736 1146 4808 Σίδηρος
1185 4737 1295 4808 γὰρ
1332 4738 1543 4807 τέμνων
1572 4738 1769 4810 ψυχὴν,

185 4831 278 4883 καὶ
300 4828 561 4896 φονεύων,
597 4832 631 4899 ἡ
660 4829 905 4899 ἁμαρτία
939 4830 1165 4892 εἰκότως
1202 4830 1267 4883 ἂν
1288 4831 1497 4900 ῥηθείη.

395 4920 565 4975 ΣΚΘ’.
624 4950 674 4960 —-
722 4921 1087 4975 ΣΤΡΑΤΙΩΝΙ
1135 4923 1567 4995 ΙΛΛΟΥΣΤΡΙῼ.

254 5011 430 5066 Τοῦτο
454 5012 820 5083 διεστήκαμεν
842 5014 951 5066 τῶν
971 5013 1236 5078 ἀπίστων,
1262 5014 1322 5067 τὸ
1352 5016 1563 5086 κρίσεις
1579 5017 1773 5088 ἐτέρας

1789 4407 1835 4463 Ι)

1845 1812 1967 1866 qua:
1994 1797 2244 1865 possides
2279 1816 2293 1863 ;
2330 1806 2384 1852 et
2415 1814 2479 1851 ex
2508 1798 2575 1853 iis
2604 1801 2791 1868 egenis
2820 1814 2885 1854 ac
2927 1800 3264 1869 pauperibus
3292 1800 3437 1852 mul-

1844 1890 1915 1942 tis
1955 1889 2096 1941 bene
2122 1888 2198 1940 fit.
2234 1888 2298 1941 Et
2328 1888 2458 1942 mihi
2488 1903 2622 1944 sane
2668 1891 2981 1959 complaces
3013 1889 3273 1945 beneficia
3297 1904 3436 1944 con-

1849 1980 2052 2043 ferens,
2089 1991 2145 2035 ct
2187 1981 2326 2037 bene
2352 1982 2496 2051 apud
2549 1982 2690 2037 alios
2718 1983 2973 2049 audiens,
3005 1991 3058 2037 et
3086 1984 3317 2038 humilia
3359 1983 3429 2038 de

1845 2078 1899 2126 te
1929 2074 2201 2128 sentiens.

1987 2161 2757 2219 CCXXVI.-—THEOPHILO
2806 2164 3309 2224 CANCELLARIO.

1914 2254 2384 2320 Quemadmodum
2420 2272 2531 2310 non
2570 2272 2915 2326 quaecunque
2972 2267 3209 2327 pmerat,
3254 2260 3440 2313 omnia

1847 2348 2114 2406 Dominus
2149 2349 2318 2405 Jesus
2346 2354 2776 2421 exsequebatur,
2812 2352 2906 2407 sed
2951 2368 3292 2422 quaecunque
3331 2370 3432 2408 vo-

1848 2440 1992 2495 lcbat
2042 2441 2367 2496 admiranda
2426 2443 2752 2498 conficiebat
2789 2460 2801 2497 :
2835 2444 3022 2498 eadem
3088 2445 3297 2499 ratione
3332 2460 3441 2499 non

1848 2547 2193 2602 quaecunque
2224 2535 2507 2598 noscebat,
2533 2535 2817 2598 edocebat,
2852 2535 2946 2591 sed
3004 2552 3125 2602 qum
3184 2551 3287 2591 nos
3330 2536 3446 2590 edi-

1851 2639 2006 2679 scere
2034 2633 2373 2694 poteramus,
2401 2626 2749 2691 enuntiabat,
2786 2641 3098 2681 sermonem
3135 2627 3435 2696 magisterii

1851 2732 1975 2770 cum
2035 2726 2245 2771 natura:
2315 2719 2695 2773 imbecillitate
2729 2735 3080 2776 mensurans.
3134 2719 3435 2791 Propterea

1853 2810 2107 2878 ignorare
2136 2825 2193 2863 Se
2214 2809 2382 2869 diem.
2402 2810 2479 2864 ait
2500 2811 2791 2880 discipulis
2823 2814 3063 2866 nondum
3094 2815 3351 2883 perfectis
3370 2816 3440 2871 ’⁵.

2062 2896 2366 2954 CCXXVII.
2403 2929 2473 2941 -
2503 2900 2800 2957 SISINNIO
2841 2902 3254 2961 SPATHARIO.

1923 2990 2187 3058 Afﬂigcns
2225 3002 2276 3047 te
2309 3008 2542 3061 nequam
2579 2993 2814 3057 daemon,
2842 2995 2978 3049 facit
3043 3007 3103 3050 ut
3133 2999 3319 3055 sobrie
3355 3018 3443 3054 v.—

1862 3095 1979 3145 vas,
2008 3090 2061 3136 et
2094 3083 2381 3138 ardentius
2413 3082 2477 3135 ad
2503 3083 2669 3137 Demn
2704 3084 3013 3155 confugias,
3069 3088 3304 3159 indeque
3349 3107 3449 3146 au-

1860 3173 1989 3228 xilia
2021 3184 2186 3242 atque
2226 3176 2716 3243 propugnationem
2750 3186 3104 3247 extorqueas.
3152 3180 3255 3247 Qui
3302 3184 3449 3237 enim

1861 3266 2235 3320 imminentem
2261 3266 2633 3321 adversarium
2662 3272 2954 3340 conspicit,
2985 3275 3249 3337 accurrit,
3273 3285 3325 3329 et
3344 3289 3451 3329 una

1861 3373 1985 3411 cum
2014 3372 2101 3422 eo,
2132 3359 2223 3427 qui
2279 3373 2438 3428 Opem
2481 3358 2625 3413 ferre
2657 3370 2857 3431 potest,
2890 3365 3099 3419 unitur.
3136 3363 3227 3420 Sic
3277 3366 3448 3419 etiam

1861 3459 1913 3504 et
1943 3447 2180 3505 infantes
2204 3451 2352 3518 pueri
2376 3449 2585 3504 faciunt
2612 3468 2625 3504 :
2657 3467 2780 3505 cum
2801 3453 3136 3509 horrendum
3167 3457 3448 3526 quidpiam

1864 3543 1972 3597 illis
1992 3543 2216 3597 obvium
2253 3542 2331 3600 fit.
2387 3543 2455 3596 ad
2513 3543 2709 3599 matris
2777 3546 2963 3600 sinum
3000 3549 3346 3617 confugiunt,
3396 3558 3453 3604 et

1863 3636 1985 3703 ejus
2026 3634 2364 3693 indumentis
2399 3637 2651 3705 appensi,
2691 3638 2943 3703 ﬁrmiter,
2978 3640 3103 3694 licet
3135 3642 3288 3694 inulti
3343 3658 3449 3697 sa:-

1864 3726 1989 3795 pius
2019 3725 2148 3779 inde
2180 3741 2276 3781 eos
2310 3728 2564 3789 avellere,
2589 3729 2683 3783 sed
2708 3727 2936 3794 frustra,
2978 3738 3269 3784 conentur.
3312 3730 3450 3786 Cum

1866 3835 2001 3874 vero
2026 3820 2164 3873 nihil
2195 3820 2370 3885 adest,
2431 3822 2579 3891 quod
2624 3836 2721 3877 eos
2756 3823 2959 3884 turbet,
2995 3827 3162 3878 etiam
3223 3836 3454 3881 vocante

1867 3924 2042 3969 matre
2067 3924 2119 3967 et
2152 3916 2536 3984 pertrahente,
2591 3916 2907 3985 diffugiunt,
2944 3919 3054 3972 imo
3094 3934 3213 3973 eam
3247 3934 3453 3972 vocan-

1866 4012 1973 4057 tem
1998 4013 2380 4067 contemnunt,
2418 4015 2473 4060 et
2503 4007 2571 4059 ab
2596 4022 2658 4058 ea
2690 4008 2815 4061 licet
2848 4008 3014 4061 multa
3054 4009 3119 4060 ad
3157 4024 3251 4063 eos
3282 4016 3456 4061 attra-

1868 4094 2077 4150 liendos
2132 4096 2240 4166 85
2300 4099 2770 4157 comminiscatur.
2809 4109 3152 4161 avertuntur,
3181 4111 3234 4153 et
3288 4102 3455 4154 etiam

1866 4188 2115 4256 apposita
2175 4202 2364 4242 mensa
2415 4195 2795 4242 contemnunt.
2832 4188 3057 4244 Matrem
3088 4204 3269 4246 autem
3307 4207 3455 4248 nunc

1867 4276 2188 4333 benevolam
2220 4278 2311 4331 Dei
2355 4277 2754 4347 providentiam
2804 4280 3158 4335 intellexeris.

2150 4365 2944 4425 CCXXVlll.——EUSTATHIO
2969 4371 3283 4429 DIACONO.
3333 4387 3339 4395 '

1942 4478 1958 4512 ι
1987 4458 3009 4531 Ferrum,aitpsalmus“,pertransivit
3039 4463 3274 4517 animam
3299 4482 3317 4515 ι
3368 4461 3463 4519 Jo-

1864 4553 2016 4623 seph.
2045 4550 2293 4615 Ferrum,
2320 4561 2378 4606 ut
2418 4553 2546 4606 mihi
2576 4554 3097 4626 videtur,peccatum
3132 4556 3463 4626 perobscure

1869 4660 2216 4715 nuncupans,
2251 4645 2317 4699 ad
2346 4647 2488 4714 quod
2538 4646 2932 4701 cohortabatur
2963 4656 3175 4702 castum
3206 4651 3458 4718 juvenem

1873 4737 2157 4807 Putiphari
2191 4737 2509 4791 muliercula
2536 4739 2603 4792 ".
2632 4736 2860 4792 Ferrum
2906 4741 3052 4793 enim
3087 4755 3284 4795 secans
3335 4740 3459 4794 ani-

1877 4846 2020 4885 mam
2076 4839 2130 4884 et
2169 4830 2474 4889 trucidans.
2508 4841 2796 4898 peccatum
2852 4846 2959 4884 non
2986 4832 3086 4885 alis
3118 4847 3177 4886 re
3223 4833 3455 4887 dixeris.

2043 4920 2397 4975 CCXXIX.—-
2429 4920 2796 4977 STRATIONI
2824 4922 3208 4978 ILLUSTRIO.

1942 5012 2053 5067 Hoc
2080 5028 2180 5067 nos
2215 5012 2284 5067 ab
2318 5012 2631 5066 infidelibus
2657 5012 2968 5067 differimus
2993 5054 3009 5077 ,
3038 5014 3183 5084 quod
3221 5031 3307 5071 res
3356 5015 3466 5071 alio

192 5104 281 5159 ἐπὶ
312 5104 422 5157 τῶν
448 5105 790 5175 πραγμάτων
840 5102 984 5174 ἔχειν
1006 5120 1017 5133 °
1047 5106 1150 5176 ὁρᾷ
1178 5108 1206 5158 ὁ
1241 5105 1443 5177 Ἕλλην
1481 5107 1572 5160 τὸν
1614 5109 1755 5178 σύρας

1871 5118 2035 5175 atque
2066 5107 2170 5175 ipsi
2226 5106 2388 5159 modo
2436 5105 2833 5175 dijudicamus.
2866 5106 3028 5161 Videt
3076 5109 3301 5179 gentilis
3346 5122 3466 5163 cm-

193 5194 300 5260 νὸν,
336 5193 433 5247 καὶ
463 5193 631 5260 σέϐει,
658 5194 752 5246 καὶ
781 5194 1010 5264 κέχηνεν
1039 5211 1054 5225 ·
1087 5194 1219 5248 Θεὸν
1245 5195 1355 5266 γάρ
1392 5192 1530 5250 εἶναι
1561 5199 1747 5268 νομίζε

1877 5198 2012 5263 Ιιιιιι,
2046 5205 2100 5251 et
2132 5206 2450 5256 veneratur,
2475 5208 2529 5251 et
2562 5206 2746 5268 stupet
2782 5216 2794 5252 :
2823 5214 2950 5252 nam
2982 5198 3153 5253 Deum
3185 5214 3313 5254 esse
3352 5214 3467 5253 cm-

195 5286 282 5339 τὸν
338 5285 593 5358 οὐρανόν.
665 5286 801 5357 Ὁρᾷ
833 5286 1033 5356 Ἕλλην
1070 5286 1169 5356 τὴν
1203 5287 1327 5356 γῆν.
1360 5288 1455 5341 καὶ
1481 5287 1549 5341 τά
1584 5288 1753 5344 ὕδατα

1886 5288 1997 5340 lum
2032 5287 2330 5341 existimat.
2386 5285 2547 5340 Videt
2603 5298 2801 5340 terram
2838 5295 2893 5339 et
2923 5301 3117 5356 aquas,
3145 5294 3199 5339 et
3244 5285 3463 5345 adorat,

196 5380 285 5430 καὶ
318 5380 635 5449 προσκυνεῖ,
664 5380 761 5432 καὶ
808 5377 1107 5449 θεραπεύει
1141 5379 1211 5431 τὰ
1274 5379 1592 5452 ἀναίσθητα.
1638 5382 1755 5435 Ἀλλ

1888 5381 2165 5447 rebusque
2219 5380 2368 5433 omni
2412 5395 2577 5435 sensu
2636 5378 2918 5434 destitutis
2980 5379 3184 5431 cultum
3219 5376 3465 5431 exhibet.

198 5468 290 5537 οὐχ
325 5471 488 5539 ἡμεῖς
524 5468 696 5532 οὕτως
722 5485 736 5497 ·
772 5468 848 5539 μὴ
876 5469 1122 5536 γένοιτοο
1162 5468 1274 5522 ἀλλ’
1311 5473 1528 5541 ὁρῶμεν
1565 5472 1656 5526 τὸν
1686 5474 1755 5527 οὐκ

1886 5470 1998 5528 Nos
2031 5487 2161 5527 vero
2208 5488 2315 5526 non
2350 5473 2445 5525 ita.
2484 5471 2640 5525 Absit
2675 5471 2687 5523 !
2728 5469 2832 5525 Sed
2886 5469 3132 5525 videmus
3165 5469 3388 5531 caelum,
3415 5476 3471 5522 et

271 5605 510 5693 "nZach.
566 5606 734 5693 1,.ln8.
789 5604 1054 5693 flevit.
1092 5622 1213 5669 xm,
1246 5607 1469 5693 passim.
1545 5608 1593 5642 ’δ
1627 5608 1755 5665 Gen.

1866 5625 2018 5674 ιιχιιι,
2061 5608 2149 5662 il.
2259 5609 2306 5640 ’⁵
2339 5606 2531 5661 Matth.
2579 5622 2725 5671 xxiv,
2764 5605 2854 5669 56,
2904 5605 3070 5659 Marc.
3135 5618 3253 5666 xm,
3307 5601 3396 5656 52.

206 5674 247 5705 “
319 5675 461 5732 Psal.
484 5690 590 5742 CIV,
624 5676 708 5729 {8.
788 5678 827 5710 ¹¹
859 5678 995 5734 Gen.
1030 5696 1211 5747 xxxxx,
1247 5674 1297 5733 7.
