3882 6036
489 240 517 324 ί
525 243 595 310 67

1948 253 2010 313 S.
2052 252 2216 315 NILI

3653 253 3772 318 168

486 355 803 413 Creatorem
842 358 1214 415 admiramur:
1245 375 1423 430 neque
1457 362 1603 418 enim
1644 361 1810 419 Deum
1839 364 2057 430 caelum,

2171 366 2351 435 ρανὸν,
2401 368 2495 422 καὶ
2546 370 2638 423 τὸν
2685 368 3023 439 πεποιηκότα
3082 367 3455 440 θαυμάζομεν.
3512 370 3590 423 Οὑ
3644 375 3773 439 γὰρ

485 449 582 503 sed
613 463 752 518 opus
781 448 877 504 Dei
896 466 1024 506 esse
1045 453 1356 523 opinamur.
1386 453 1557 509 Video
1586 455 1702 525 ipse
1728 465 2063 519 creaturam,

484 548 542 594 ct
570 554 669 611 per
694 556 812 595 eam
842 544 1000 612 quasi
1031 544 1378 600 manuducor
1402 546 1468 600 ad
1491 547 1871 601 Conditorem.
1910 547 2069 602 Videt

484 629 711 688 divitias
744 635 992 702 gentilis,
1026 646 1081 691 et
1110 637 1595 694 admirationestu
1609 649 1715 708 pet.
1749 637 1922 694 Video
1949 640 2067 711 ipse

484 722 731 790 divitias,
775 725 954 797 iisque
1000 729 1287 799 neglectis,
1328 731 1501 785 risum
1548 733 1739 786 extuli.
1779 732 1928 788 Videt
1974 733 2069 789 ille

485 817 828 885 pauperiem,
859 828 914 874 et
981 821 1375 890 pertimescens
1426 823 1684 891 ejulatur.
1719 823 1890 878 Video
1944 824 2075 895 ipse

485 909 826 977 pauperiem,
853 919 907 966 et
947 912 1228 978 subsulto,
1254 923 1307 968 et
1340 914 1574 984 gaudeo,
1613 919 1873 969 virtutem
1910 930 2067 970 veras

476 997 703 1054 divitias
756 1016 889 1056 esse
935 1003 1285 1058 existimans.
1316 1004 1437 1057 Alia
1483 1006 1668 1073 itaque
1706 1004 1937 1067 ratione,
1975 1005 2069 1073 qui

480 1090 702 1148 Christo
736 1092 942 1149 addicti
994 1103 1138 1151 sunt.
1179 1111 1268 1152 res
1325 1096 1536 1163 vident,
1572 1105 1627 1152 et
1658 1098 1764 1152 alia
1798 1099 2066 1154 vecordes

482 1183 732 1252 gentiles.

779 1423 783 1427 _
833 1356 945 1426 86
975 1355 1305 1413 CCXXX.—
1323 1358 1781 1416 ZEPHYRIANO.

530 1444 741 1517 Neque
784 1449 1125 1504 multitudini
1155 1451 1502 1521 egregiorum
1538 1453 1846 1507 facinorum
1896 1452 2041 1510 ﬁden

477 1537 606 1591 dum
625 1546 728 1599 est,
745 1554 925 1610 neque
946 1550 1170 1612 propter
1185 1552 1366 1597 errata
1384 1543 1598 1598 animus
1617 1543 2063 1615 despondeudus.

2168 458 2300 511 Θεὸν
2326 460 2593 531 ὑπάρχειν
2615 462 2707 516 τὸν
2734 461 2963 533 οὐρανὸν
2989 462 3235 531 νοοῦμεν,
3266 460 3391 515 ἀλλ’
3415 460 3579 531 ἔργον
3611 460 3771 515 εἰναι

2167 550 2323 603 Θεοῦ.
2378 552 2521 623 Ὀρῶ
2553 551 2666 621 ἐγὼ
2711 554 2812 622 τὴν
2836 554 3037 616 κτίσιν,
3077 551 3173 606 καὶ
3202 551 3270 605 δι’
3299 552 3470 621 αὑτῆς
3498 552 3643 622 πρὸς
3666 552 3770 605 τὸν

2166 644 2372 714 ταύτης
2393 643 2842 717 χειραγωγοῦμαι
2875 644 3228 715 δημιουργόν.
3272 643 3470 697 Βλέπει
3516 643 3768 697 πλοῦτον

2166 735 2195 787 ό
2222 734 2443 805 Ἕλλην,
2478 738 2573 790 καὶ
2603 735 2901 806 θαυμάζων
2928 736 3290 803 ἐκπλήττεται
3318 751 3331 763 ·
3377 735 3490 805 ὁρῶ
3517 734 3770 789 πλοῦτον

2167 826 2301 894 ἐγὼ,
2328 830 2881 900 Δζειαὶκαταφρονήσας
2906 830 3002 881 τοῦ
3046 828 3279 881 πλούτου
3320 827 3576 897 ἐγέλασα.
3618 828 3769 899 Ὁρᾷ

2167 925 2360 980 πενίαν
2405 925 2630 988 ἐκεῖνος,
2680 923 2774 977 καὶ
2838 922 3035 993 φρίξας
3084 920 3365 991 «saepem-
3416 920 3527 990 ὁρῶ
3557 921 3768 975 πενίαν

2166 1013 2298 1081 ἐγὼ,
2324 1014 2420 1066 καὶ
2447 1014 2653 1084 σκιρτῶ
2715 1014 2808 1067 καὶ¹
2841 1011 3164 1082 ἀγάλλομαι,
3188 1010 3418 1066 πλοῦτον
3445 1009 3622 1079 ἀληθῆ
3655 1010 3767 1077 τὴν

2166 1104 2368 1172 ἀρετὴν
2390 1104 2770 1173 ἐπιστάμενος.
2832 1102 3065 1171 Ἑτέρως
3105 1100 3286 1153 τοίνυν
3335 1100 3387 1152 οἰ
3429 1098 3767 1170 Χριστιανοὶ

2165 1194 2334 1265 ὁρῶσι
2371 1194 2440 1248 τὰ
2486 1195 2809 1266 πράγματα,
2862 1194 2956 1247 καὶ
2995 1193 3198 1262 ἑτέρως
3242 1192 3290 1245 oi
3333 1191 3568 1263 ἄφρονες
3624 1190 3765 1246 Ἕλο

2167 1285 2349 1355 ληνες.

2626 1378 2745 1431 ΣΛν.
2780 1407 2848 1418 -
2876 1375 3286 1447 ΖΕΦΥΡΙΛΝῼ.

2242 1469 2379 1523 Οὕτε
2397 1469 2623 1542 θαρρεῖν
2652 1473 2947 1537 ἀναγκαῖον
2970 1469 3062 1523 ἐπὶ
3090 1468 3169 1539 τῷ
3190 1467 3385 1537 πλήθει
3409 1468 3516 1523 τῶν
3548 1467 3763 1538 ἀνδρα-

2167 1562 2523 1633 γαθημάτων,
2563 1560 2676 1615 οὒτ’
2726 1560 3125 1631 ἀπογινώσκειν
3176 1562 3269 1614 ἐπὶ
3306 1562 3417 1622 τοῖς
3448 1560 3763 1630 ἐπταισμέο

474 1624 722 1698 Namque
750 1628 1062 1685 Phariszeus
1107 1631 1269 1687 bonis
1296 1633 1727 1703 suis,0peribus
1763 1637 1960 1699 fidens.
1995 1654 2057 1693 ετ

2170 1624 2460 1717 νοις.”Καὶ
2513 1654 2623 1725 γὰρ
2651 1655 2680 1707 ὁ
2709 1624 3000 1726 Φαρισαῖος
3058 1653 3340 1726 θαρρήσας
3389 1652 3475 1705 ἐπ’
3515 1624 3761 1723 ἐργασίᾳ

471 1718 596 1789 ipsa
627 1721 847 1777 virtutis
869 1723 1211 1779 sublimitate
1239 1725 1474 1787 corruit.
1509 1735 1564 1781 et
1595 1727 1923 1796 publicanus
1948 1746 2053 1785 non

2169 1745 2402 1815 χρηστῇ,
2433 1743 2493 1807 ἐξ
2526 1718 2694 1796 αὑτοῦ
2723 1718 2823 1813 τῆς
2864 1743 3067 1815 ἀρετῆς
3096 1718 3405 1814 κατηνέχθη
3420 1742 3516 1795 τοῦ

470 1812 776 1883 desperans
806 1814 864 1868 in
898 1823 1111 1873 tantum
1153 1817 1402 1873 elevatus
1420 1828 1531 1885 est,
1570 1828 1633 1873 ut
1662 1821 1853 1875 virtuti
1906 1823 2063 1878 dedi-

472 1913 587 1960 tum
611 1905 946 1962 Pharisasum
972 1907 1157 1962 div-ina
1188 1913 1461 1967 sententia
1488 1914 1833 1983 superaverit
1852 1914 1919 1968 ⁸⁸.

680 2083 1038 2141 CCXXXI.—
1053 2086 1401 2146 NICARETO
1430 2091 1847 2150 SCRINIARIO.

541 2173 1174 2242 Quemadmodummari
1200 2183 1256 2237 in
1287 2185 1457 2238 altum
1490 2187 1788 2251 sublato,et
1810 2188 2066 2246 ﬂuctibus

471 2268 718 2337 undique
748 2286 873 2326 sese
903 2274 1284 2331 attollentibus
1340 2280 1593 2334 navicula
1648 2282 2062 2352 submergitur;

458 2363 555 2417 sic
579 2364 845 2418 et-anima
879 2366 1104 2420 tristitia
1161 2382 1282 2421 eam
1317 2370 1561 2440 undique
1588 2371 1869 2443 cingente
1907 2374 2061 2428 nulla

446 2454 803 2525 interposita
831 2472 985 2512 mora
1025 2458 1361 2523 suffocatur,
1393 2462 1455 2516 si:
1476 2465 1687 2518 nullum
1740 2464 2055 2531 offenderit,

441 2548 642 2618 .quiei
678 2548 899 2604 interim
942 2566 1176 2622 operam
1237 2553 1593 2624 adiutabilem
1647 2558 1934 2629 porrigat,
2001 2567 2059 2616 et

468 2640 809 2694 consuletur.

454 2729 1197 2790 .CCXXXll.—,~MONACHIS
1229 2735 1297 2791 ΙΝ
1326 2736 1570 2794 ClLlClA
1608 2738 2061 2798 DEGENTIBUS-

536 2822 663 2879 Non.
688 2826 998 2893 mediocris,
1031 2830 1125 2883 sed
1181 2832 1419 2886 maxima
1446 2835 1606 2888 nobis
1652 2834 1836 2890 laetitia
1872 2838 2066 2892 oborta

465 2925 573 2984 est,
622 2934 749 2973 eum
784 2921 1071 2989 piissimus
1102 2926 1391 2994 presbyter
1414 2925 1660 2982 Marinus
1718 2943 1809 2984 res
1854 2939 2064 2985 vestras

2164 1834 2259 1885 καὶ
2284 1835 2313 1886 ό
2338 1832 2578 1905 τελώνης
2606 1832 2682 1903 μὴ
2721 1834 2991 1902 ἀπογνοὺς
3023 1832 3279 1887 τοσοῦτον
3318 1830 3643 1901 ἀνωρθώθη,
3675 1831 3759 1893 ὠς

2165 1924 2259 1977 καὶ
2279 1924 2371 1977 τὸν
2396 1926 2654 1996 ἐνάρετον
2685 1926 2979 1996 Φαρισαῖον
3032 1925 3335 1998 ὑπερϐῆναι
3356 1928 3421 1996 τῇ
3451 1923 3620 1995 ψήφω
3654 1922 3757 1977 τοῦ

2166 2016 2493 2086 κρείττονος.

2391 2111 2557 2164 ΣΛΑ¹.
2590 2141 2661 2153 -υ
2690 2110 3048 2182 ΝΙΚΑΡΕΤῼ
3090 2110 3515 2183 ΣΚΡΙΝΙΑΡΙῼ.

2237 2201 2448 2274 Ὥσπερ
2484 2203 2753 2276 θαλάττης
2784 2205 3087 2276 αἰρομένης
3130 2208 3211 2270 εἰς
3234 2205 3401 2277 νὺψος,
3432 2206 3525 2261 καὶ
3562 2208 3752 2278 κυμά-

2146 2309 2274 2347 των
2303 2291 2569 2347 πάντοθεν
2614 2295 3039 2365 κορυφουμὲνων
3080 2297 3142 2349 τὸ
3176 2298 3384 2366 σκάφος
3412 2297 3752 2370 ὑποϐρύχιον

2176 2383 2411 2453 γίνεται,
2448 2384 2619 2449 οὑτως
2636 2386 2733 2439 καὶ
2785 2386 2953 2458 ψυχὴ,
2983 2390 3083 2458 τῆς
3135 2389 3374 2458 ἀθυμίας
3400 2389 3577 2458 αὐτὴν
3600 2390 3749 2444 πάν-

2163 2475 2320 2529 τοθεν
2401 2477 2976 2549 περιστοιχιζομένης,
3049 2480 3417 2548 ἀποπνίγεται
3486 2479 3749 2550 ταχέως,

2166 2564 2233 2619 ἂν
2258 2565 2332 2637 μὴ
2366 2565 2503 2638 εὕρῃ
2529 2567 2651 2620 τινὰ
2711 2570 2869 2639 χεῖρα
2920 2568 3205 2641 ὀρέγοντα,
3240 2571 3333 2625 καὶ
3381 2568 3751 2641 παραμυθού-

2167 2676 2346 2729 μενον.

2166 2751 2331 2805 ΣΛΒ’.
2360 2782 2435 2798 -η
2448 2752 2817 2811 ΜΟΝΑΧΟΙΣ,
2837 2752 2929 2805 ΕΝ
2945 2752 3039 2824 Τῌ
3064 2752 3337 2825 ΚΙΛΙΚΙᾼ
3356 2753 3749 2809 ΔΙΑΓΟΥΣῙΝ.

2236 2844 2311 2897 Οὑ
2339 2842 2595 2914 μετρίως,
2630 2843 2767 2898 ἀλλὰ
2817 2844 2910 2897 καὶ
2965 2844 3108 2898 πάνυ
3144 2844 3397 2915 μεγάλως
3441 2847 3747 2918 ἐχάρημεν.

2165 2935 2603 3004 ἀπαγγείλαντος
2636 2937 2768 3005 ἡμῖν
2798 2936 2868 2990 τὰ
2897 2935 3019 2989 καθ’
3039 2936 3287 3007 ὑμᾶςτοῦ
3321 2936 3747 2990 θεοσεϐεστάτου

438 2996 978 3067 .›ιιοι›ἱε”ιιιιιιιὶοεεει.
1002 3012 1112 3069 Vos
1140 3016 1352 3072 scilicet
1400 3019 1735 3075 adamussim
1782 3022 2057 3092 apostolos

467 3102 711 3124 m___.‘_.
756 3105 841 3124 ,με
875 3104 1126 3124 -.η-,μη
1163 3123 1172 3124 ,
1204 3107 1238 3124 ,.
1514 3111 1526 3124 .
1610 3111 1620 3122 .
1875 3114 1909 3124 -.
1988 3114 2020 3124 Α.

2169 2996 2854 3098 πρεσϐυτέρουςΜαρίνου,
2885 3027 2962 3089 ὡς
3027 2996 3178 3099 πρὸς⁷
3211 3029 3395 3081 πᾶσαν
3454 3028 3747 3099 ἀκρίϐειαν

440 3102 843 3172 .mmulari,qui
872 3104 1129 3160 alacriter
1162 3107 1327 3163 rebus
1361 3111 1656 3166 niundanis
1690 3114 2054 3170 renuntiastis

2169 3120 2292 3182 τοὺς
2314 3118 2646 3182 ἀποστόλους
2674 3119 3047 3190 ἐμεμίμησθε,
3087 3118 3584 3191 ἀποταξάμενοίτε
3606 3138 3744 3192 προ⁹

432 3208 666 3262 ;genus.
691 3205 746 3250 et
781 3197 977 3253 noxias
1002 3199 1312 3268 voluptates
1361 3201 1751 3273 despicientes,
1783 3205 1851 3260 ad
1891 3205 2051 3260 labo-

438 3285 674 3339 riosam
706 3285 875 3341 vitam
903 3290 1199 3344 transitum
1249 3292 1538 3357 facientes,
1578 3303 1793 3350 vosmet
1815 3295 1874 3349 in
1902 3293 2052 3350 omni

436 3422 439 3429 .
466 3393 673 3447 genere
708 3382 976 3437 molestiae
1006 3393 1061 3437 et
1099 3386 1416 3453 asperitatis
1440 3396 1663 3459 propter
1696 3387 1866 3443 Deum
1894 3405 2054 3445 exer-

465 3477 678 3534 centes,
712 3479 766 3525 et
798 3486 896 3528 ore
928 3489 1213 3543 nunquam
1248 3486 1712 3545 cessanteseum,
1735 3481 1830 3550 qui
1857 3496 1958 3536 vos
1986 3479 2055 3535 ad

436 3565 866 3620 Amonachorum
926 3568 1248 3639 dignitatem
1306 3572 1607 3627 maximam
1667 3575 2050 3640 advocaverat,

466 3656 754 3711 laudantes
816 3656 1163 3715 Servatorem
1202 3669 1257 3716 et
1309 3678 1491 3734 regem
1525 3664 1826 3733 Christum,
1869 3675 1929 3722 ut
1956 3682 2054 3724 vos

430 3770 431 3773 η
463 3763 703 3818 quoque,
726 3749 1188 3818 quemadmodum
1222 3752 1407 3807 divina
1423 3755 1534 3825 87
1547 3754 1928 3828 Egyptiorum
1961 3756 2054 3813 fax

426 3864 443 3883 π
462 3841 765 3907 Antonius,
800 3850 925 3913 post
948 3843 1071 3898 vitae
1098 3845 1310 3900 exitum
1338 3847 1537 3902 futurae
1564 3851 1908 3918 generationi
1935 3864 2043 3920 op-

462 3935 583 3989 timi
613 3936 738 3991 vita:
766 3936 1005 3993 instituti
1027 3938 1317 4010 imaginem
1338 3942 1693 4003 relinquatis.

571 4110 972 4171 CCXXXIll.-—
996 4114 1459 4174 THEOPEMPTO
1490 4117 1951 4181 PROTECTORI.

533 4200 889 4260 Conducibile
918 4212 975 4262 et
1006 4208 1244 4264 maxime
1303 4214 1747 4280 percommodum
1799 4216 1895 4272 tibi
1932 4218 2053 4275 fue-

461 4294 539 4350 rit
571 4296 699 4351 vitaa
717 4298 925 4351 exitum
983 4313 1199 4369 seraper
1223 4316 1335 4372 pra:
1367 4304 1548 4359 oculis
1581 4304 1807 4374 habere,
1831 4316 1887 4365 et
1916 4310 2053 4366 retia

462 4384 667 4442 diaboli
700 4389 852 4442 varia
888 4389 1278 4463 implicataque
1312 4394 1525 4465 fugere.

534 4500 1257 4560 CCXXXIV.—CARPIONI
1316 4508 1980 4570 VALENTI‘NIANOBUM

834 4574 1241 4633 ΠΑΞΖΒΕΞΕΟΒ
1285 4578 1695 4638 SECTATORI.

536 4658 672 4716 Cum
722 4665 1077 4734 impudenter
1125 4668 1293 4723 nimis
1318 4671 1524 4727 nudius
1585 4674 1781 4730 tertius
1807 4674 1861 4729 in
1928 4675 2048 4730 loco

444 4751 689 4823 publico
727 4770 1036 4812 sermonem
1062 4757 1272 4813 habere
1309 4776 1480 4816 ausus
1506 4762 1700 4827 fueris,
1732 4765 2047 4833 dixerisque

438 4857 641 4899 :unam
664 4847 979 4916 quampiam
1012 4847 1236 4903 deitatis
1270 4859 1487 4920 neptem
1524 4853 1829 4908 Acbamoth
1862 4856 2044 4923 appel-

470 4936 669 5001 latam,
691 4953 821 4992 eum
848 4938 1222 4996 desiderasset
1270 4943 1710 5011 magnitudinem
1742 4944 2051 5015 deprchen-

444 5029 745 5099 .dere,.qui
774 5032 830 5085 in
852 5031 1287 5088 :ublimitatibus
1314 5033 1784 5090 inenarrabilibus
1818 5036 2045 5104 habitat,

472 5119 580 5173 Dei.
598 5131 963 5191 cognomento
1000 5124 1181 5196 Bythi,
1213 5133 1268 5181 et
1309 5125 1458 5180 illius
1489 5126 1582 5195 qui
1629 5126 1809 5182 Chaos
1837 5143 2051 5183 nuncu-

469 5216 653 5277 patur,
684 5210 737 5264 id
768 5212 915 5266 haud
968 5230 1234 5285 prospero
1285 5224 1483 5270 eventu
1515 5232 1858 5287 aggressam,
1907 5220 2050 5275 infra

467 5300 759 5366 cecidisse,
794 5313 850 5358 et
900 5304 1182 5360 sedentem
1214 5305 1388 5360 solam
1442 5306 1497 5359 in
1562 5307 1804 5364 tenebris
1874 5309 2040 5365 nimis

544 5479 591 5512 ⁸⁸
612 5478 746 5537 Luc.
779 5498 933 5550 xvm,
975 5483 1064 5541 10.

2157 3210 2484 3280 θύμως-τοῖς
2516 3210 2611 3263 τοῦ
2672 3211 2880 3280 κόσμου
2948 3211 3293 3283 πράγμασιν,
3342 3213 3501 3281 γένος
3553 3230 3613 3265 τε
3649 3214 3744 3265 καὶ

2155 3302 2376 3372 τέρψεις
2403 3300 2669 3373 βλαϐερὰς
2709 3301 3057 3373 ὑπεριδόντες
3080 3343 3095 3364 ,
3132 3305 3226 3357 καὶ
3258 3305 3396 3375 πρὸς
3422 3304 3515 3358 τὸν
3547 3305 3744 3358 ἐπίπο-

2155 3411 2249 3447 νον
2273 3392 2638 3463 μετετάξασθε
2666 3392 2800 3463 βίον,
2826 3394 2976 3465 πάσῃ
2994 3396 3335 3466 κακοπαθείᾳ
3362 3396 3454 3450 καὶ
3476 3396 3743 3466 σκληρυν-

2155 3484 2253 3557 χίᾳ
2276 3484 2364 3538 διὰ
2390 3483 2523 3538 Θεὸν
2555 3482 2784 3547 ἑαυτοὺς
2813 3484 3112 3548 ἐπιδόντες,
3143 3486 3239 3539 καὶ
3271 3487 3534 3557 στόμασιν
3560 3486 3741 3539 ἀπαύ-

2157 3592 2303 3638 στοις
2331 3575 2680 3647 γεραίροντες
2708 3574 2802 3628 τὺν
2841 3575 3361 3647 προσκαλεσάμενον
3395 3576 3541 3646 ὑμᾶς
3570 3577 3652 3639 είς
3679 3577 3742 3629 τὸ

2154 3666 2261 3719 τῶν
2293 3665 2542 3737 μοναχῶν
2568 3665 2829 3737 μέγιστον
2856 3667 3103 3739 ἀξίωμα,
3135 3669 3363 3741 Σωτῆρα
3395 3668 3490 3721 καὶ
3513 3670 3740 3739 βασιλέα

2126 3776 2127 3779 ‘
2154 3756 2408 3827 Χριστὸν,
2442 3759 2591 3822 ὅπως
2612 3757 2682 3811 ἂν
2706 3757 2805 3813 καὶ
2824 3759 3008 3829 ὑμεῖς,
3034 3757 3223 3829 ὥσπερ
3248 3759 3277 3813 ὁ
3305 3758 3447 3822 θεῖος
3477 3758 3740 3830 λαμπτὴρ

2153 3848 2263 3902 τῶν
2289 3848 2603 3916 Αἰγυπτίων
2644 3849 2948 3919 Ἀντώνιος,
2982 3851 3121 3922 μετὰ
3151 3852 3252 3923 τὴν
3270 3850 3528 3923 τελευτὴν
3558 3854 3734 3922 ὑμῶν.

2063 3994 2068 3999 _
2150 3941 2511 3995 καταλείπετε
2574 3944 2643 4013 τῇ
2683 3943 2956 4017 μελλούσῃ
3004 3946 3167 4016 γενεᾷ
3211 3946 3398 3999 είκόνα
3462 3945 3737 4010 πολιτείας

2154 4032 2494 4177 ἀρίσττξιζιν.
2524 4152 2594 4165 --
2619 4122 3046 4195 ΘΕΟΠΕΜΙΙἸᾨ
3089 4125 3555 4179 ΠΡΟΤΗΚΤΟΡΙ.

2237 4212 2524 4283 Ὠφέλιμον
2547 4213 2700 4267 ἔσται
2722 4230 2827 4279 σοι,
2852 4214 2945 4268 καὶ
2988 4214 3129 4284 ἄγαν
3166 4215 3475 4286 κερδαλέον,
3502 4217 3563 4269 τὸ
3592 4232 3733 4285 εχειν

2153 4301 2241 4355 ἀεὶ
2270 4302 2375 4372 πρὸ
2396 4302 2692 4374 ὀφθαλμῶν
2720 4306 2821 4376 τὴν
2869 4303 3049 4370 ἔξοδον
3086 4306 3179 4363 τοῦ
3209 4307 3350 4379 βίον,
3381 4310 3475 4362 καί
3502 4306 3731 4377 φεύγειν

2076 4409 2123 4466 ι)
2153 4391 2245 4447 τοῦ
2265 4394 2513 4449 διαϐόλου
2541 4397 2611 4451 τὰ
2643 4395 2957 4451 πολύπλοκα
2985 4389 3197 4454 δίκτυα.

2158 4507 2318 4562 ΣΛΔ¹.
2347 4537 2417 4549 -—
2447 4508 2784 4563 ΚΑΡΠΙΩΝῙ
2830 4510 3159 4569 ΔΙΡΕΤΙΚΩ
3220 4512 3355 4566 ΤΗΣ
3380 4515 3519 4569 ΤΩΝ
3570 4515 3731 4569 ΟΥᾹ-

2581 4580 2719 4633 AEN
2727 4580 2937 4634 ΤΙΝΩΝ
2954 4580 3304 4638 ΑΙΡΕΣΕΩΣ.

2228 4666 2308 4736 (1)
2353 4668 2914 4743 Ἀπηρυθριασμένως
2951 4674 3322 4745 τολμήσαντός
3350 4693 3444 4728 σου
3476 4675 3583 4745 πρὸ
3609 4676 3728 4729 δευ-

2149 4758 2315 4831 τέρας
2341 4760 2553 4831 ἠμέρας
2574 4762 2782 4832 ὁμιλεῖν
2808 4764 2866 4816 ὲν
2886 4764 3038 4836 τόπῳ
3064 4764 3332 4835 δημοσίῳ,
3352 4768 3446 4821 καὶ
3460 4767 3728 4834 λέγοντος,

2147 4852 2339 4920 ὅτιπερ
2370 4851 2468 4921 μία
2502 4871 2584 4917 τις
2613 4855 2808 4925 ὲγγόνη
2825 4855 2923 4926 τῆς
2953 4855 3206 4927 θεότητος
3234 4858 3536 4929 λεγουμένη
3581 4860 3731 4928 Ἀχα-

2152 4940 2292 5012 μὼθ,
2322 4943 2709 5015 ὲπιθυμήσασα
2752 4946 2812 4998 τὸ
2840 5004 2841 5007 η
2875 4946 3107 5017 μέγεθος
3162 4950 3493 5003 καταλαϐεῖν
3550 4950 3643 5003 τοῦ
3669 4954 3727 5005 ἐν

2151 5034 2341 5105 ὕψεσιν
2373 5038 2710 5108 ἀπορρήτοις
2742 5038 2880 5094 Θεοῦ
2917 5040 3014 5095 τοῦ
3053 5044 3598 5113 προσαγορευομένου
3628 5043 3725 5097 Βυ-

2148 5128 2263 5192 θοῦ,
2293 5130 2389 5183 καὶ
2414 5130 2616 5193 Χάους,
2644 5130 2739 5187 καὶ
2765 5130 2924 5184 τοῦτο
2953 5134 3372 5203 ἐπιχειρήσασα,
3403 5138 3497 5188 καὶ
3522 5138 3725 5190 ὰποτυ-
3824 5146 3827 5147 ⁷

2147 5220 2315 5290 χοὺσα
2343 5220 2505 5273 ἔπεσε
2539 5222 2707 5287 κάτω,
2748 5222 3198 5278 καί-καθεσθεῖσα
3230 5227 3367 5297 μόνη
3403 5230 3459 5281 ἐν
3483 5228 3562 5296 τῷ
3597 5232 3723 5281 σκό-

2144 5329 2227 5366 τει
2256 5312 2488 5365 ἐκλαυσε
2513 5312 2717 5384 σφόδρα
2745 5315 2974 5386 σφόδρα,
3000 5316 3094 5369 καὶ
3131 5319 3195 5371 ὲκ
3235 5318 3343 5371 τῶν
3380 5321 3589 5391 ταύτης
3633 5321 3725 5377 δα-

541 5619 620 5707 (14)
658 5617 818 5676 Notat
849 5621 1151 5681 Cotelerius
1176 5625 1438 5695 (Manum.
1467 5627 1532 5682 E.
1564 5624 1697 5694 6.1,
1727 5626 1851 5697 768)
1889 5628 2031 5685 hanc
2065 5628 2351 5700 epistolam
2372 5631 2609 5689 effictam
2640 5648 2764 5691 esse
2787 5632 3005 5690 ex‘loeo
3031 5633 3089 5689 S.
3123 5634 3336 5703 lrenaei,
3358 5638 3456 5693 lib.
3486 5639 3523 5707 Ι,
3553 5656 3602 5695 c.
3625 5639 3717 5699 2|.

472 5689 635 5746 EDaT.
