3882 6036
129 344 235 409 169

1375 359 1900 419 EPISTOLARUM
1940 360 2083 418 LIB.
2116 360 2164 420 Ι.

3262 362 3360 430 170

124 460 310 530 κρύων
332 460 549 528 γέγονεν
579 461 611 530 ἡ
643 462 785 532 ύγρέι
814 464 987 523 οὐσία,
1022 468 1425 537 παρερχόμενὸς
1458 488 1540 532 τις
1571 471 1680 522 τῶν

1800 486 2056 539 unperque
2112 471 2503 536 illacrymatam
2544 470 2734 535 fuisse,
2769 480 2823 527 et
2875 489 2937 527 ex
2979 475 3122 528 illius
3180 477 3359 549 lacry-

124 552 407 620 ἡμετέρων
451 551 710 619 ἀδελφῶν,
771 554 1019 625 ἠρώτησέ
1074 573 1154 619 σε,
1198 560 1251 610 εῖ
1278 576 1341 627 γε
1386 560 1562 613 πάντα
1590 562 1682 614 καὶ

121 646 192 697 τὰ
220 644 458 717 ἁλμυρὰ,
494 647 587 713 καὶ
623 649 691 700 τά
727 647 929 715 γλυκέα
978 649 1143 704 ’ύδατα
1176 653 1239 704 ἐκ
1287 652 1395 704 τῶν
1432 653 1681 722 δακρύων

123 736 223 804 τῆς
246 734 498 805 ῗΔχαμὼθ
527 736 756 806 ύπέστη’
792 737 855 789 σὺ
879 738 923 790 δ’
945 740 1224 810 ἀπορήσας
1248 743 1439 803 εἰπεῖν,
1459 742 1683 813 διωρίαν

124 825 416 897 ἐξῄτησας,
446 828 542 879 καὶ
583 826 745 897 μέχρι
789 826 881 880 νῦν
919 831 1198 899 προελθεῖν
1238 833 1336 884 ούκ
1361 833 1682 903 ἐτόλμησας,

126 915 201 984 μὴ
228 914 368 985 ἔχων
393 915 573 969 δοῦναι
603 916 778 984 λόγον.
803 916 993 987 Ἡμεῖς
1018 920 1074 972 δὲ
1094 921 1441 989 γελάσαντες,
1466 922 1685 993 ψεῦσμα

121 1005 201 1075 τῷ
222 1006 432 1077 ψεύστῃ
454 1006 657 1075 γελοῖον
694 1008 1059 1079 φθεγξόμεθα,
1119 1011 1254 1081 πρὸς
1281 1011 1342 1065 τὸ
1369 1013 1688 1084 παραμυθή-

126 1097 325 1152 σασθαι
352 1100 449 1168 τὴν
475 1099 706 1170 ἀπορίαν
726 1100 887 1153 αὐτοῦ
904 1117 917 1131 ’
953 1104 1119 1172 ἐχρῆν
1142 1103 1250 1172 γάρ
1287 1119 1345 1154 σε
1381 1102 1687 1172 ἀπαντῆσαι

124 1187 375 1256 λέγοντα,
410 1190 489 1242 ὃτι
520 1191 587 1243 τὰ
618 1191 713 1259 μὲν
743 1191 913 1263 πικρά
933 1193 1033 1262 τῆς
1057 1195 1402 1265 ἀνυπάρκτου
1434 1194 1687 1266 Ἀχαμὼθ

123 1279 355 1350 δάκρυα,
406 1280 503 1344 τὰς
547 1281 794 1353 ἀλμυράς
855 1282 1125 1341 θαλάσσας
1176 1285 1478 1355 ύπέστησεν
1518 1286 1592 1348 ὡς
1632 1285 1691 1350 ἐξ

125 1369 319 1440 ὀδύνης
378 1372 470 1425 καὶ
517 1372 830 1444 δριμυγμοῦ
891 1374 1076 1428 ἱκανοῦ
1127 1377 1477 1447 προχεθέντα.
1519 1378 1578 1431 Ὀ
1635 1378 1692 1432 δὲ

128 1464 291 1534 ἱδρὼς
316 1465 416 1535 τῆς
444 1465 789 1537 ταλαιπώρου
826 1466 1084 1536 γυναικὸς
1124 1469 1306 1538 πηγὰς
1343 1468 1688 1539 ἐξηρεύξατο,

127 1557 220 1607 καὶ
254 1557 554 1626 ποταμοὺς,
610 1559 703 1610 καὶ
752 1559 984 1629 φρέατα,
1030 1559 1225 1630 λίμνας
1254 1576 1313 1611 τε
1359 1560 1540 1613 καὶτὰ
1567 1560 1693 1631 έξῆς

124 1648 353 1716 γλυκέα.
377 1649 563 1703 Ταῦτα
596 1651 733 1722 πρὸς
788 1652 878 1705 τὸν
942 1652 1033 1705 σὸν
1063 1652 1225 1724 λῆρον
1263 1652 1562 1721 γελοιωδῶς
1606 1653 1695 1707 λέ-

126 1755 315 1807 γομεν.

443 1917 605 1971 me.
635 1947 702 1957 —
734 1917 1018 1989 ΕΥΣΕΒΙῼ
1059 1920 1381 1991 ΔΙΛΚΟΝῼ.

196 2006 381 2059 Πολλά
428 2011 456 2061 ὁ
493 2008 625 2071 Θεὸς
646 2009 946 2078 λεληθότως
989 2010 1277 2081 ἐργάζεται
1311 2013 1443 2082 πρὸς
1476 2013 1535 2065 τὸ
1558 2029 1694 2082 συμ-

130 2098 292 2167 φέρον
315 2101 471 2167 ἡμῖν,
502 2098 605 2151 κᾶν
663 2099 960 2169 σκυθρωπά
1011 2099 1238 2170 δοκῇτά
1300 2101 1693 2171 συμπίπτοντα.

138 2187 335 2257 Ἡμεῖς
368 2189 424 2241 δὲ
456 2189 544 2242 τὸν
589 2188 744 2257 λόγον
806 2191 913 2243 τῶν
975 2192 1391 2262 συμπτωμάτων
1430 2194 1489 2245 ού
1537 2193 1697 2246 πολυ-

130 2278 554 2348 πραγμονοῦμεν
607 2280 681 2341 ὡς
707 2281 886 2332 πιστοὶ
944 2281 1038 2333 καὶ
1081 2281 1292 2350 γνήσιοι
1326 2282 1550 2337 οἰκέται.
1601 2284 1695 2335 Ἕν

127 2372 235 2439 γὰρ
290 2371 454 2440 μόνον
509 2370 613 2442 χρὴ
670 2371 980 2435 πεπεῖσθαι,
1041 2373 1122 2426 ὅτι
1170 2374 1573 2445 συμφερόντως,
1604 2375 1697 2426 καὶ

128 2462 423 2532 ὠφελίμως
456 2464 584 2533 ἡμῖν
616 2464 827 2517 ἅπαντα
883 2465 1202 2537 ἐπιφέρεται
1253 2467 1403 2537 παρά
1442 2465 1531 2519 τοῦ
1563 2484 1695 2537 προ-

128 2554 321 2622 νοητοῦ
357 2553 464 2606 τῶν
502 2556 786 2625 ἡμετέρων
834 2554 1042 2626 ψυχῶν,
1077 2558 1167 2611 τὸν
1193 2558 1251 2610 δὲ
1271 2558 1471 2629 τρόπον
1497 2559 1696 2629 μηκέτι

130 2642 335 2713 ζητεῖν,
359 2646 496 2715 μήτε
521 2647 849 2715 ἀγνοοῦντας
876 2648 1182 2719 ἀσχάλλειν,
1219 2651 1313 2704 καὶ
1337 2650 1584 2721 ἀθυμεῖν
1604 2652 1689 2704 οὐ·

128 2730 182 2783 δὲ
204 2735 315 2805 γὰρ
348 2734 612 2788 λυσιτελεῖ
638 2736 701 2789 τὸ
745 2736 1090 2803 ἐπίστασθαι,
1121 2739 1181 2792 τὸ
1221 2740 1319 2809 μὲν
1364 2739 1452 2794 διὰ
1480 2740 1538 2792 τὸ
1567 2739 1696 2809 θνη·

130 2827 255 2888 τοὺς
282 2821 449 2885 εἶναι,
493 2824 554 2879 τὸ
583 2826 640 2879 δέ
670 2825 757 2879 διὰ
782 2827 844 2879 τὸ
875 2828 1109 2893 εὐκόλως
1153 2831 1290 2900 πρὸς
1322 2830 1490 2899 τῦφον
1526 2832 1693 2900 ἡμᾶς,

71 2973 76 2976 .
131 2919 221 2973 καὶ
257 2917 521 2971 ἀπόνοιαν
551 2917 819 2987 αἴρεσθαι.

394 3008 599 3073 θΣΑςν.
629 3036 697 3046 -
716 3007 1008 3079 ΣΟΦΙΑΝῼ
1038 3009 1399 3084 ΣΧΟΛΑΡΙῼ.

200 3099 263 3151 Et
292 3097 367 3151 τὰ
393 3097 467 3167 μὴ
498 3096 625 3149 ὄντα
658 3100 803 3150 ποιεῖ
854 3097 1103 3165 γενέσθαι
1138 3100 1287 3164 Θεὸς,
1321 3106 1551 3171 καὶτοῖς
1583 3126 1687 3178 μη-

129 3187 303 3256 δειμοῦ
335 3186 592 3256 μηδαμῶς
610 3185 950 3255 φαινομένοις
966 3187 1243 3256 χαρίζεται
1260 3186 1487 3257 τὸεῖναι,
1518 3196 1696 3267 πολλῷ

134 3279 337 3348 μᾶλλον
362 3277 433 3330 τὰ
449 3276 576 3329 ὄντα
604 3275 1008 3347 ἀνορθώσασθαι
1036 3279 1275 3334 δύναται.

612 3374 771 3426 ΣΛΖθ.
801 3404 853 3413 -
901 3373 985 3438 Τῷ
1025 3375 1204 3440 αὐτῷ.

209 3464 269 3517 '0
308 3463 385 3534 μὴ
434 3463 742 3533 προσδοκῶν
779 3464 1004 3527 εὐθύνας
1047 3467 1259 3534 ὑφέξειν
1297 3468 1404 3520 τῶν
1444 3487 1694 3541 πεπραγ-

135 3553 312 3623 μένων
340 3552 509 3622 αὐτῷ,
533 3553 745 3616 πάντως
770 3556 957 3625 ,πάσης
981 3559 1177 3621 κακίας
1215 3560 1517 3628 ἀνθέξεται.

639 3634 806 3698 ΣΛΗι.
830 3675 896 3685 -ρ
926 3645 1009 3711 Τῷ
1050 3649 1226 3714 αὐτῷ.

211 3734 269 3787 ’0
319 3733 521 3804 Κύριος
541 3736 696 3806 ἡμῶν
735 3736 939 3805 Ἰησοῦς
971 3740 1200 3809 Χριστὸς
1224 3745 1289 3813 τῇ
1329 3745 1576 3815 πτωχείᾳ
1601 3746 1695 3797 τὸν

136 3825 483 3895 μακαρισμὸν
514 3825 905 3897 ἀπεκλήρωσεν
930 3843 944 3857 ⁸
981 3830 1114 3899 μόνη
1144 3832 1252 3901 γὰρ
1285 3833 1422 3902 αῦτη
1452 3830 1559 3887 οἶδε
1593 3852 1690 3904 τη-

136 3918 246 3983 ρεῖν
282 3915 353 3969 τά
381 3916 552 3987 μέτρα
594 3920 693 3987 τῆς
738 3917 1082 3989 ἀνθρωπίνης
1117 3922 1507 3993 ταλαιπωρίας,
1551 3929 1696 3994 μισεῖ

134 4006 224 4060 τδν
274 4008 462 4077 ὄγκον,
523 4009 799 4063 συστέλλει
831 4011 892 4063 τὸ
928 4012 1219 4083 φρόνημα,
1265 4019 1507 4068 ταπεινοῖ
1545 4017 1691 4084 λογι-

137 4099 328 4165 σμοὺς,
349 4100 754 4170 ὑπερηφάνειαν
774 4100 1109 4171 αἰσχύνεται,
1126 4103 1312 4173 βλέπει
1341 4104 1434 4156 τοῦ
1472 4106 1583 4177 βίου
1607 4108 1695 4159 τὸν

140 4187 448 4257 ἄνθρωπον,
505 4193 599 4243 καὶ
654 4191 829 4244 πείθει
861 4192 1064 4257 λαθεῖν,
1124 4196 1209 4247 ἵνα
1246 4196 1319 4266 μὴ
1344 4195 1482 4270 λάθῃ
1526 4198 1694 4263 σωζό-

135 4294 317 4346 μενος.
388 4308 393 4317 ·

344 4370 507 4425 mea
530 4403 598 4412 _
616 4374 967 4445 ΣΩΣΑΝΔΡῼ
1017 4377 1517 4451 ΠΡΙΜΙΣΚΡΙΝΙῼ.

198 4459 415 4531 Ὠσπερ
457 4462 812 4527 ἀδιαλείπτως
842 4464 1179 4536 ἀναπνέομεν
1210 4467 1300 4521 τὸν
1331 4471 1486 4539 ἀέρα,

130 4548 491 4617 ἀδιαλείπτως
539 4553 823 4624 ὀφείλομεν
878 4556 967 4609 τὸν
1006 4556 1207 4627 Κύριον
1269 4562 1439 4613 αίνεῖν
1498 4579 1557 4615 τε
1598 4564 1692 4615 καὶ

133 4642 339 4708 ὑμνεῖν,
364 4642 468 4695 κᾶν
499 4644 557 4696 ὲν
580 4644 729 4715 μέσῳ
748 4648 1084 4718 πραγμάτων
1109 4650 1489 4720 στρεφώμεθα.
1525 4652 1694 4706 Δύνα-

130 4745 218 4783 ται
270 4733 381 4801 γὰρ
431 4737 458 4787 ό
515 4736 793 4806 φρόνιμος,
849 4741 941 4790 καὶ
974 4740 1221 4809 θεοφιλὴς
1271 4740 1393 4804 νοῦς
1430 4741 1689 4813 διηκενῶς

134 4822 354 4893 μνήμην
386 4824 577 4889 σώζειν
607 4828 700 4880 τοῦ
752 4829 1065 4894 Κτίσαντος.
1097 4850 1114 4883 ι
1166 4832 1471 4903 Ἐμνήσθην
1515 4834 1643 4906 γὰρ,
1666 4855 1684 4887 ›

133 4914 295 4982 φησὶν
325 4916 353 4966 ὁ
385 4916 567 4979 Δαυῖδ,
598 4937 617 4969 ι
640 4920 732 4972 τοῦ
767 4920 924 4984 Θεοῦ,
954 4925 1044 4975 καὶ
1071 4924 1401 4995 ηὐφράνθην.
1434 4945 1452 4975 ι
1493 4928 1553 4979 Εἰ
1581 4928 1691 4981 τοί-

132 5020 224 5057 νυν
248 5006 283 5073 ή
321 5006 413 5058 τοῦ
435 5010 701 5062 Δεσπότου
746 5013 929 5082 μνήμη
957 5013 1291 5084 εὐφροσύνην
1328 5018 1547 5086 ἐμποιεῖ
1569 5023 1689 5083 ταῖς

122 5094 425 5166 ’ἡμετέραις
449 5099 667 5169 ψυχαῖς,
707 5101 781 5173 μὴ
813 5108 1237 5175 κατοκνήσωμεν
1264 5107 1557 5161 ἀπολαύειν
1588 5110 1686 5180 τῆς

135 5189 351 5259 μνήμης
395 5190 488 5243 τοῦ
518 5192 672 5245 Θεοῦ.

634 5286 762 5340 ΣΜ¹.
792 5318 859 5328 -
888 5286 971 5351 Τῷ
1001 5288 1178 5353 αὐτῷ.

206 5392 226 5424 ι
263 5377 465 5429 Αἰνεῖτε
492 5377 675 5437 αὐτὸν,
716 5380 900 5447 φησὶν;
931 5380 986 5429 ἐν
1010 5381 1240 5448 χορδαῖς,
1274 5382 1366 5434 καὶ
1391 5384 1623 5454 ὀργάνῳ.
1661 5402 1682 5439 ι

138 5461 336 5537 Χορδαὶ
382 5468 600 5531 πλείους
637 5470 910 5539 ἁρμονίως
960 5471 1380 5541 συντεθειμέναι,
1415 5474 1509 5526 καὶ
1553 5494 1685 5545 μου·

142 5555 302 5620 οικῶς
331 5558 532 5631 ἑκάστη
586 5562 644 5612 ἐν
677 5560 850 5630 οἰκεία
880 5559 1032 5632 χώρᾳ
1060 5563 1385 5633 τεταγμένη,
1416 5565 1471 5616 αἱ
1497 5566 1687 5620 πολλαί

208 5734 254 5769 ³⁸
305 5735 489 5792 Matth.
525 5754 577 5803 ν,
607 5739 661 5793 5.
737 5740 780 5771 ³⁰
804 5739 946 5796 Psal.
990 5759 1168 5809 Lxxw,
1208 5746 1259 5800 4.
1337 5747 1378 5834 ξι
1406 5745 1553 5838 Ιξεῖιι.
1589 5749 1749 5819 “,4.

450 5830 722 5894 Ρηιιοι..
768 5833 885 5896 Gn.
938 5835 1219 5901 LXXIX.

1785 562 1888 614 mis
1970 562 2277 615 universam
2389 578 2651 630 aquarum
2737 565 3094 619 substantiam
3179 578 3358 622 ortum

1784 651 2046 716 duxisse;
2076 655 2314 719 interim,
2364 654 2491 709 dum
2519 657 2790 725 quiSpiam
2845 673 2907 712 ex
2940 660 3143 713 nostris
3174 662 3362 715 l'ratri-

1784 740 1888 797 bus
1942 745 2488 812 praztergrederetur,
2547 747 2840 814 postulavit
2893 762 2922 800 a
2985 756 3066 809 te,
3117 765 3184 803 an
3240 766 3359 804 om-

1785 848 1882 887 nes
1897 834 2053 888 salsa:
2067 844 2122 888 et
2139 837 2323 891 dulces
2347 852 2498 906 aqua:
2515 853 2579 891 cx
2600 838 2897 891 Achamoth
2914 841 3168 910 lacrymis
3184 842 3362 895 corri-

1785 935 1923 979 vatae
1956 926 2063 979 sint
2090 927 2113 979 ?
2141 927 2192 979 Id
2225 944 2347 982 cum
2383 929 2674 993 uescisscs,
2701 938 2915 1000 tempus
2932 932 2998 987 ad
3024 934 3362 1004 responden—

1787 1015 1916 1069 dum
1952 1019 2181 1087 petiisti,
2219 1028 2272 1073 et
2331 1023 2635 1091 usquedum
2693 1025 2989 1093 procedere
3026 1041 3136 1081 non
3187 1029 3359 1082 audes

1790 1124 1912 1162 cum
1939 1111 2149 1165 ratione
2169 1112 2506 1168 destituaris.
2534 1114 2917 1171 Verumtamen
2937 1132 3037 1173 nos
3064 1119 3173 1172 risu
3192 1120 3357 1182 edito,

1793 1200 2136 1255 mendacium
2173 1203 2442 1267 mendaci,
2477 1205 2570 1259 sed
2598 1207 2908 1271 ridiculum,
2939 1209 3005 1261 ad
3038 1209 3183 1264 illius
3203 1210 3361 1279 adju-

1789 1290 2019 1344 vandam
2044 1291 2436 1348 haesitationem
2462 1296 2515 1348 in
2544 1296 2778 1349 medium
2812 1296 3169 1366 proferamus.
3195 1298 3362 1353 Nam-

1791 1396 1897 1449 que
1940 1383 2374 1449 respondendum
2411 1386 2505 1438 tibi
2557 1397 2675 1440 erat
2705 1402 2918 1442 amaras
2952 1404 3072 1458 qua;
3099 1390 3247 1444 nulla
3278 1401 3359 1445 est

1790 1472 2090 1527 Achamoth
2116 1474 2229 1546 88
2256 1475 2521 1546 lacrymas
2566 1479 2711 1533 salsa
2745 1480 2918 1533 maria
2949 1495 3356 1550 progenerasse,

1793 1571 2052 1634 tanquam
2083 1583 2205 1635 qua:
2233 1583 2299 1631 ei;
2329 1571 2515 1624 dolore
2549 1579 2603 1624 et
2636 1571 2969 1627 laceratione
2999 1573 3184 1628 eliusa:
3207 1585 3356 1628 sunt.

1796 1657 1901 1713 Sed
1933 1658 2184 1714 sudorem
2213 1660 2360 1716 illius
2397 1664 2619 1718 misellae
2642 1663 2908 1730 mulieris,
2938 1664 3138 1731 fontes,
3171 1677 3226 1721 ct
3260 1667 3360 1721 llu-

1796 1748 1940 1813 vios,
1954 1757 2008 1804 et
2026 1760 2242 1820 puteos,
2274 1761 2327 1807 et
2344 1755 2515 1819 lacus,
2534 1755 2836 1825 etreliquas
2852 1755 3038 1813 dulces
3058 1774 3227 1828 aquas
3238 1775 3362 1815 eru-

1724 1836 1765 1888 Β
1794 1848 1997 1896 ctasse.
2028 1840 2153 1896 Haec
2184 1844 2248 1897 ad
2286 1854 2406 1899 tuas
2433 1847 2662 1916 ineptias
2692 1863 2802 1903 non
2833 1849 2951 1905 sine
2980 1851 3092 1906 risu
3105 1851 3359 1910 dicimus.

2026 1949 2328 2007 CCXXXV.
2360 1986 2429 1995 --
2458 1955 2751 2012 EUSEBIO
2786 1959 3106 2018 DIACONO.

1802 2068 1809 2077 ~
1864 2039 2129 2112 Pleraque
2156 2043 2299 2101 Deus
2359 2047 2588 2103 latenter
2615 2050 2683 2104 ad
2745 2052 3035 2109 utilitatem
3090 2066 3357 2121 nostram,

1797 2130 1926 2185 licet
1980 2134 2163 2188 tristia
2214 2151 2335 2205 qua:
2383 2142 3022 2208 occurruutvideantur,
3077 2159 3358 2217 operatur.

1792 2220 1906 2277 Nos
1934 2239 2061 2280 vero
2094 2236 2385 2281 eventuum
2434 2245 2657 2297 causas,
2687 2235 2850 2289 veluti
2881 2235 3068 2293 ﬁdeles
3097 2253 3161 2293 ac
3216 2243 3361 2295 servi

1795 2316 2064 2383 germani,
2096 2318 2371 2373 curiosius
2424 2334 2530 2374 non
2573 2322 2957 2387 disquirimus.
2999 2326 3131 2381 Nam
3191 2344 3359 2385 unum

1798 2412 2010 2457 tantum
2080 2406 2416 2463 credendum
2458 2411 2621 2468 nobis
2656 2422 2762 2479 est,
2816 2432 3157 2488 quaecunque
3203 2421 3363 2476 nobis

1799 2493 2115 2556 adveniunt.
2142 2500 2325 2552 omnia
2386 2502 2598 2557 utiliter
2635 2520 2698 2559 ac
2735 2509 3155 2565 conducibiliter
3190 2526 3221 2565 a
3259 2529 3358 2567 no-

1795 2596 2034 2641 strarum
2067 2588 2369 2644 animarum
2405 2605 2655 2651 curatore
2678 2599 2983 2666 provenire.
3015 2600 3124 2656 Nec
3167 2606 3360 2660 modus

1798 2678 1944 2731 ultra
1979 2680 2306 2748 quaerendus
2335 2692 2442 2747 est,
2503 2701 2701 2756 neque,
2738 2689 2784 2743 si
2814 2690 2965 2745 illum
3020 2694 3357 2761 nesciamus,

1798 2769 1922 2840 angi
1959 2769 2315 2840 indolereque
2345 2775 2571 2843 animo;
2602 2777 2750 2834 illius
2814 2781 2959 2835 enim
3011 2786 3236 2839 scientia
3276 2790 3360 2840 ni-

1798 2859 1874 2911 hil
1901 2860 2179 2923 conducit,
2214 2869 2330 2915 tum
2360 2865 2505 2933 quod
2535 2870 2796 2925 mortales
2824 2886 3036 2938 sumus,
3062 2884 3174 2929 tum
3214 2879 3359 2946 quod

1799 2950 1957 3005 facile
1988 2953 2243 3019 superbia
2275 2968 2339 3007 ac
2358 2955 2625 3022 jactantia
2662 2959 2933 3017 inﬂamur.
3188 3028 3189 3031 η

1972 3037 2373 3093 CCXXXVI.-—
2401 3041 2738 3099 SOPHIANO
2770 3047 3178 3110 SCIIOLARIO.

1869 3127 1925 3183 Si
1955 3146 2017 3183 ea
2044 3147 2163 3199 quae
2205 3148 2313 3187 non
2357 3145 2506 3199 sunt,
2545 3135 2673 3191 facit
2714 3147 2775 3191 ut
2803 3140 2953 3207 liant,
2984 3142 3145 3214 Deus,
3177 3157 3232 3204 et
3269 3151 3355 3218 iis,

1797 3219 1890 3286 qui
1946 3222 2091 3273 nulla
2154 3224 2404 3293 nuspiam
2460 3238 2746 3296 apparent,
2781 3239 2840 3284 ut
2887 3234 3021 3299 sint,
3068 3239 3355 3311 elargitur,

1796 3310 1966 3364 multo
1996 3312 2190 3370 melius
2224 3330 2285 3369 ea
2309 3331 2431 3385 quae
2457 3327 2606 3381 sunt,
2642 3321 2930 3379 sublevare
2958 3331 3180 3395 poterit.

2242 3406 2470 3461 CCXXX
2481 3408 2664 3463 Vll.——
2687 3410 2895 3469 Eidem.

1863 3490 1965 3557 Qui
2002 3508 2111 3548 non
2151 3506 2429 3567 exspectat
2458 3514 2636 3556 rerum
2669 3516 2701 3556 a
2742 3520 2802 3559 se
2839 3517 3115 3576 gestarum
3147 3526 3357 3580 ptenas,

1795 3596 1878 3636 uae
1911 3583 2004 3639 ille
2042 3586 2356 3642 universam
2391 3590 2796 3659 improbitatem
2826 3599 3209 3668 amplectetur.

2146 3677 2261 3748 39
2290 3678 2663 3738 ccxxxvui.
2698 3716 2771 3729 -
2808 3687 3014 3745 Eidem.

1868 3763 2134 3822 Dominus
2167 3779 2353 3824 noster
2383 3770 2542 3829 Jesus
2571 3775 2827 3833 Christus
2849 3784 3155 3849 paupertati
3184 3785 3356 3840 beati-

1794 3852 2035 3909 tudinem
2076 3857 2405 3912 attribuit”.
2439 3858 2565 3915 Sola
2596 3866 2795 3918 etenim
2827 3866 2946 3936 ipsa
2986 3870 3218 3926 miseria:
3248 3874 3351 3926 hu-

1796 3958 1971 3999 mana:
2005 3947 2227 4001 modum
2260 3962 2571 4015 praeservat,
2606 3964 2873 4011 tumorem
2903 3956 3034 4023 odit.
3055 3966 3353 4031 compescit

1790 4034 2135 4103 jactantiam,
2170 4044 2531 4111 cogitationes
2567 4049 2826 4115 demittit,
2858 4053 3170 4121 superbiam
3212 4071 3348 4109 con-

1796 4124 1999 4188 l‘undit.
2044 4130 2207 4183 vitam
2257 4133 2490 4190 hominis
2526 4138 2801 4202 observat,
2850 4143 3251 4215 persuadetque
3293 4155 3352 4201 ut

1795 4219 2026 4287 quilibet
2050 4222 2233 4285 lateat,
2259 4240 2327 4278 ne
2346 4227 2514 4281 lateat
2544 4228 2674 4282 dum
2701 4228 2964 4285 salvatur.

1897 4393 2225 4451 CCXXXIX.
2267 4429 2333 4437 -—
2374 4400 2733 4460 SOSANDRO
2770 4405 3257 4486 PRIMISCRJNIO.

1519 4470 1688 4535 οὕτως
1725 4489 1768 4543 D
1868 4485 2335 4551 Quemadmodum
2395 4493 2761 4551 indesinenter
2820 4513 2998 4553 aerem
3056 4503 3350 4572 spiramus,

1792 4577 1870 4631 ita
1898 4579 2060 4631 etiam
2114 4581 2486 4639 indesinenter
2515 4586 2772 4643 debemus
2813 4589 3101 4647 Dominum
3139 4595 3353 4667 hymnis

1793 4668 2038 4736 laudare,
2073 4671 2202 4726 licet
2234 4673 2377 4728 inter
2411 4678 2625 4745 negotia
2659 4681 3073 4739 concludamur.
3107 4685 3352 4745 Prudens

1793 4761 1938 4815 enim
1981 4776 2043 4815 ac
2077 4764 2164 4830 pia
2210 4780 2365 4821 mens
2418 4769 2502 4822 sui
2534 4769 2811 4827 Creatoris
2862 4783 3039 4843 potest
3092 4780 3353 4835 continuo

1791 4863 2012 4905 servare
2047 4856 2361 4909 memoriam
2390 4872 2405 4921 ;
2442 4873 2565 4911 nam
2603 4878 2615 4913 :
2652 4878 2671 4909 ι
2698 4859 3037 4920 Recordatus
3065 4882 3240 4933 sum,»
3274 4872 3351 4925 ait

1792 4938 1988 5006 David,
2025 4959 2041 4991 ι
2064 4941 2180 5009 Dei,
2223 4957 2276 4999 et
2306 4947 2521 5004 laetatus
2545 4964 2665 5003 sum
2682 4952 2748 5004 ³⁰.
2788 4972 2809 5004 ι
2844 4954 3032 5023 Itaque
3056 4960 3100 5012 si
3135 4957 3347 5015 Domini

1792 5033 2055 5085 memoria
2094 5035 2332 5089 lmtitiam
2372 5038 2529 5094 aﬂ‘ert
2560 5042 2851 5098 animabus
2887 5049 3111 5113 nostris,
3149 5066 3217 5105 ne
3250 5068 3349 5108 ne-

1790 5122 2059 5193 gligamus
2095 5127 2256 5183 nobis
2284 5134 2561 5187 memoria:
2591 5134 2789 5189 divina
2824 5137 3011 5193 amnes
3032 5156 3173 5196 esse.

2312 5308 2505 5363 CCXL.
2542 5342 2609 5351 —
2642 5311 2844 5369 Eidem.

1872 5409 1890 5442 ι
1920 5391 2163 5450 Laudate
2193 5412 2339 5462 eum,
2367 5401 2563 5471 inquit,
2590 5404 2643 5457 in
2679 5406 2900 5460 chordis
2920 5415 2973 5462 et
2998 5423 3201 5478 organo
3229 5394 3294 5464 ξι.
3324 5431 3346 5463 ι

1793 5478 2021 5535 Cliordm
2050 5484 2256 5552 plures,
2297 5496 2355 5542 ut
2386 5489 2664 5545 harmonia
2709 5495 2971 5563 postulat,
3009 5500 3345 5567 compositae,

1793 5580 1848 5628 et
1886 5575 2094 5632 musice
2135 5593 2474 5654 unaquaeque
2512 5586 2735 5657 preprio
2784 5588 2837 5642 in
2891 5588 3013 5643 loco
3055 5590 3370 5664 disposita,~

2901 5855 2941 5919 6
