3882 6036
551 312 646 377 171

2037 323 2096 381 S.
2126 321 2286 381 NIIJ

3698 323 3815 388 172

548 430 719 482 multa
766 428 856 483 Dei
903 439 1170 500 praecepta
1219 440 1382 498 sunt,
1437 443 1492 489 et
1535 435 1603 490 de
1655 435 1818 491 rebus
1861 436 2090 506 plurimi:

2213 436 2349 487 εἰσιν
2397 436 2609 490 ἐντολαὶ
2660 434 2751 490 τοῦ
2788 436 2943 500 Θεοῦ,
2981 437 3072 490 καὶ
3105 438 3171 490 τὰ
3199 439 3330 510 ,περὶ
3366 438 3637 492 πλειόνων
3668 440 3813 507 δόγ-

547 523 820 591 dogmata,
856 536 976 590 qua:
1013 522 1146 574 nihil
1183 523 1323 575 inter
1357 539 1416 577 se
1447 523 1729 579 dissonum
1765 525 2058 580 includunt
2092 544 2104 578 :

510 641 513 644 ν
546 621 602 665 at
639 627 901 679 organum
934 613 1044 664 haec
1066 613 1248 665 omnia
1271 615 1564 670 continens
1583 615 1892 671 estChristi
1921 630 2112 670 amans

549 702 814 772 sapientis
846 705 1047 754 anima.

1141 797 1250 866 9o
1286 797 1510 851 cum.

619 881 794 935 Divini
819 885 1070 950 praecepti
1105 886 1418 939 obedientia
1451 886 1516 938 ad
1542 885 1707 939 vitam
1739 896 1791 939 et
1823 885 2108 937 immoria-

546 973 749 1028 lilatem
807 973 1204 1044 elargiendam,
1249 975 1619 1030 inobedientia
1666 976 1729 1028 ad
1786 987 2012 1028 mortem
2055 983 2109 1027 et

545 1067 956 1134 corruptionem
1001 1077 1128 1118 nata
1158 1076 1260 1120 est.
1292 1067 1426 1120 Cum
1468 1067 1651 1136 itaque
1687 1067 1880 1126 Adam,
1921 1075 2107 1134 Spreto

546 1157 678 1220 Deo,
715 1155 1052 1210 comedendo
1074 1157 1219 1226 quod
1251 1160 1473 1212 vetitum
1501 1159 1697 1219 fuerat,
1721 1169 1947 1211 mortem
1977 1172 2108 1210 con-

542 1249 803 1304 traxisset
826 1250 892 1314 ³²,
918 1250 1038 1304 ideo
1065 1248 1206 1304 Deus
1228 1265 1351 1304 eum
1381 1250 1567 1304 tunica
1590 1250 1814 1320 pellicea
1839 1249 2014 1302 induit
2037 1247 2103 1312 ³³,

543 1351 604 1396 ιιι
636 1343 1042 1407 recordaretur,
1077 1358 1175 1397 nec
1203 1344 1257 1396 in
1287 1343 1621 1398 oblivionem
1659 1344 1868 1396 veniret
1897 1342 2106 1395 erroris

541 1435 752 1504 proprii
782 1443 837 1490 et
867 1435 1244 1496 mortalitatis,
1268 1451 1431 1504 quam
1471 1436 1587 1505 ipse
1617 1449 1715 1489 sua
1740 1443 1934 1501 sponte
1965 1449 2103 1485 cou-

543 1535 806 1588 traxerat,
847 1534 898 1579 el
948 1525 1343 1592 corruptionis.
1394 1525 1568 1578 Pelles
1616 1525 1761 1577 enim
1809 1523 2105 1576 demortua:

543 1624 771 1669 mortem
806 1623 860 1667 et
884 1613 1291 1681 corruptionem
1322 1612 1588 1665 indicant.

1019 1702 1148 1757 CCX
1160 1703 1262 1756 Lll.
1298 1732 1366 1741 —
1403 1702 1606 1755 Eidem.

2215 544 2379 595 ματα,
2454 529 2708 597 οὐδεμίαν
2759 528 2950 598 ἔχοντα
3001 529 3136 600 πρὸς
3187 530 3390 597 ἄλληλα
3438 531 3758 599 διαφωνίαν
3795 548 3817 562 ⁸

2211 617 2437 687 ὄργανον
2482 618 2538 670 δὲ
2569 619 2772 671 τούτων
2805 620 3031 672 πάντων
3064 622 3410 692 περιεκτικόν
3445 624 3594 675 ἐστιν
3626 625 3661 691 ή
3701 641 3811 691 φι-

2210 709 2490 778 λόχριστος
2520 710 2612 762 τοῦ
2643 710 2806 778 σοφοῦ
2837 711 3003 781 ψυχή.
3121 773 3126 778 _

2882 802 3054 854 SMA’.

2289 889 2354 940 Ἠ
2407 890 2619 958 ὑπακοὴ
2654 890 2754 959 τῆς
2789 890 2938 952 Θείας
2977 894 3323 963 προστάξεως
3363 895 3506 966 ζωὴν
3564 897 3667 948 καὶ
3709 896 3788 950 ἀ·
3853 931 3857 934 ‹

2215 977 2821 1052 φθαρσίανηχαρίζεσθαι
2839 982 3098 1050 πέφυκεν,
3118 986 3150 1054 ἡ
3171 985 3228 1036 δέ
3245 1001 3306 1052 γε
3327 986 3573 1056 παρακοὴ
3593 987 3808 1054 νεκρό·

2205 1087 2343 1138 τητα
2383 1070 2478 1122 καὶ
2521 1070 2744 1142 φθοράν.
2789 1073 3003 1143 Ἐπειδὴ
3034 1070 3125 1125 οὖν
3154 1075 3183 1125 ὁ
3223 1077 3392 1146 Ἀδὰμ
3419 1077 3800 1146 παρακούσας

2206 1161 2300 1212 τοῦ
2343 1160 2477 1212 Θεοῦ
2518 1163 2574 1212 ἐν
2613 1161 2692 1231 τῷ
2740 1165 2936 1230 φαγεῖν
2991 1164 3050 1215 τὸ
3096 1166 3492 1236 κεκωλυμένον,
3543 1167 3801 1220 θάνατον

2205 1253 2571 1318 ἐπεσπάσατο,
2598 1252 2684 1304 διὰ
2716 1253 2875 1306 τοῦτο
2901 1255 2929 1305 ὁ
2967 1255 3099 1318 Θεὸς
3137 1257 3431 1309 ἐνδιδύσκει
3475 1259 3643 1312 αὐτὸν
3695 1277 3799 1328 χι⁹

2203 1342 2350 1396 τῶνα
2390 1344 2728 1414 δερμάτινον,
2769 1348 2916 1408 ὅπως
2942 1347 3007 1400 ἂν
3036 1349 3367 1420 μνημονεύῃ,
3405 1351 3500 1402 καὶ
3544 1351 3624 1422 μὴ
3663 1354 3800 1404 ἑπι-

2205 1433 2537 1504 λάνθανηται
2573 1435 2667 1488 τοῦ
2721 1437 2920 1489 οἰκείου
2977 1438 3312 1507 σφάλματος,
3357 1443 3449 1493 κα)⁴
3475 1436 3663 1512 ἧσπερ
3683 1443 3800 1494 αύ-

2204 1525 2468 1594 θαιρέτως
2496 1527 2845 1580 ἐπεσπάσατο
2909 1529 3230 1600 θνητότητος
3278 1531 3370 1583 καὶ
3416 1532 3646 1606 φθορᾶς.
3700 1534 3795 1587 Τὰ

2201 1613 2310 1683 γὰρ
2358 1615 2524 1673 νεκρὰ
2572 1616 2813 1687 δέρματα
2845 1618 3062 1689 δηλοῦσι
3100 1622 3395 1692 νεκρότητα
3424 1625 3517 1676 καὶ
3545 1625 3790 1696 φθοράν.

2695 1710 2866 1765 mm.
2896 1741 2964 1751 —
2990 1712 3072 1777 Τῷ
3097 1715 3276 1778 αὐτῷ.

607 1793 762 1849 Licet
789 1795 1081 1848 multarum
1107 1795 1492 1848 necessitatum
1517 1801 1570 1846 et
1590 1793 1939 1848 alllictionuin
1965 1802 2090 1847 lem-

2279 1794 2393 1848 Κᾶν
2429 1797 2487 1848 ὲν
2537 1799 2764 1867 χειμῶνί
2794 1801 2958 1870 ἐσμεν
2986 1804 3094 1854 τών
3125 1805 3332 1860 πολλῶν
3363 1810 3778 1877 περιστάσεων,

537 1895 747 1956 pestate
795 1889 1090 1955 jactemur,
1142 1899 1252 1938 non
1309 1884 1432 1939 ideo
1490 1886 1982 1955 interpellabimur,
2033 1901 2103 1940 ne

539 1987 905 2032 encamlorum
951 1975 1353 2029 solemnitatem
1399 1975 1454 2028 in
1498 1974 1836 2031 Hierusalem
1875 1992 2102 2047 peraga-

537 2081 682 2130 mus,
717 2074 772 2117 et
827 2078 1090 2118 canamus
1158 2063 1408 2127 Domino,
1463 2073 1524 2117 ut
1575 2066 1650 2118 ait
1699 2065 1890 2127 David,
1926 2066 2102 2121 canti-

538 2173 662 2210 cum
711 2173 912 2211 novum
941 2155 1007 2219 ³⁸,
1064 2157 1436 2224 evangelicum
1496 2172 1706 2226 nempe.
1755 2155 2097 2211 Hierusalem

533 2250 684 2302 eiiim
717 2247 880 2300 modo
913 2247 1094 2298 anima
1135 2246 1595 2318 subintelligalur,
1631 2248 1684 2300 in
1723 2263 1830 2316 qua
1865 2262 1965 2302 nos
2009 2261 2099 2301 so-

538 2334 875 2390 lemnitatem
906 2334 1106 2388 divina:
1142 2335 1472 2404 cognitionis
1501 2346 1555 2390 et
1582 2336 1851 2390 universae
1877 2335 2097 2391 virtutis

536 2426 898 2489 celebramus,
939 2426 1255 2495 abjicieutes
1299 2434 1535 2481 veterem
1581 2427 1882 2491 hominem,
1915 2434 1968 2480 ct
1997 2442 2094 2480 no-

538 2533 664 2571 vum
689 2517 987 2572 secundum
1018 2517 1307 2586 imaginem
1347 2525 1400 2572 et
1433 2518 1848 2572 similitudinem
1881 2516 2096 2571 Domini

535 2617 776 2663 creatum
825 2609 1111 2666 induentes
1142 2610 1187 2641 ³⁸
1227 2628 1242 2663 :
1281 2627 1301 2660 ι
1350 2608 1722 2665 Renovabitur
1764 2609 1910 2664 enim
1949 2611 2116 2676 sicut,

533 2697 721 2767 aquila
765 2697 1026 2766 juventus
1066 2705 1156 2751 tua
1183 2697 1250 2751 ³⁸.
1279 2697 1532 2751 —Facta
1578 2705 1707 2752 sunt
1751 2698 1954 2769 itaque,
1995 2698 2092 2762 ait,

533 2787 773 2843 encaenia
806 2786 1217 2858 Hierosolymis,
1237 2799 1290 2842 et
1312 2787 1487 2842 hiems
1515 2796 1634 2842 erat
1666 2790 1730 2843 ³⁷.
1767 2809 1786 2840 ι

712 2877 982 2936 CCXUII.
1018 2908 1091 2922 —-
1121 2877 1366 2933 SABINO
1402 2879 1895 2935 MAGISTRIANO.

603 2969 800 3025 Tribus
821 2969 942 3025 Jobi
968 2971 1184 3024 ﬁliabus
1205 2971 1249 3002 ³⁸
1272 2972 1538 3026 rationem
1569 2975 1869 3038 subjectam
1895 2987 2094 3044 cogno-

2203 1886 2264 1938 ού
2311 1888 2742 1960 κωλυθησόμεθα
2782 1892 3048 1946 ἐπιτελεῖν
3079 1895 3175 1966 τὴν
3223 1899 3418 1969 ἑορτὴν
3447 1900 3556 1952 τῶν
3580 1903 3789 1968 ἐγκαι-

2218 1977 2346 2029 νίων
2373 1981 2430 2032 ἐν
2458 1983 2522 2051 τῇ
2554 1981 2931 2054 Ἰερουσαλὴμ,
2967 1987 3062 2038 καὶ
3096 1987 3242 2053 ᾄδειν
3280 1989 3356 2058 τῷ
3391 1992 3595 2061 Κυρίῳ,
3629 1991 3788 2045 καΘά

2204 2083 2368 2138 φησιν
2403 2072 2431 2122 ό
2471 2071 2654 2134 Δαυὶδ,
2715 2069 2866 2144 ᾇσμα
2913 2078 3116 2136 καινὸν.
3159 2079 3357 2150 δηλαδὴ
3399 2083 3779 2150 εὐαγγελικόν.

2213 2159 2570 2232 Ἰερουσαλὴμ
2589 2166 2694 2234 γὰρ
2709 2165 2804 2218 νῦν
2823 2167 3047 2221 νοείσθω
3068 2187 3156 2239 μοι
3176 2173 3208 2241 η
3233 2171 3397 2242 ψυχὴ,
3433 2174 3490 2226 ἐν
3581 2175 3780 2227 ἐπιτε-

2199 2251 2397 2322 λοῦμεν
2447 2254 2546 2325 τὴν
2598 2257 2788 2328 ἑορτὴν
2838 2259 2937 2328 τῆς
2987 2259 3333 2328 θεογνωσίας,
3379 2266 3472 2318 καὶ
3507 2266 3779 2330 παντοίας

2199 2342 2418 2413 ἀρετῆς,
2463 2344 2813 2416 διωθούμενοι
2871 2349 2972 2419 μὲν
3027 2352 3117 2404 τὸν
3175 2353 3401 2408 παλαιὸν
3455 2355 3774 2426 ἄνθρωπον,

2197 2435 2664 2506 ὲπαμφισκόμενοι
2695 2440 2751 2492 δὲ
2775 2441 2863 2494 τὸν
2892 2443 3009 2495 νέον
3036 2445 3127 2498 τὸν
3171 2447 3290 2501 κατ’
3331 2449 3535 2511 εἰκόνα,
3569 2451 3667 2503 καὶ
3707 2451 3774 2502 ὁ·

2199 2523 2428 2591 μοίωσιν
2458 2527 2550 2578 τοῦ
2587 2529 2790 2599 Κυρίου
2825 2533 3138 2587 κτισθένταο
3173 2554 3192 2587 ι
3227 2537 3776 2610 Ἀνακαινισθήσεται

2194 2613 2302 2684 γὰρ
2333 2614 2407 2678 ώς
2435 2617 2592 2670 ἀετοῦ
2628 2621 2660 2687 ὴ
2700 2619 2889 2692 νεότης
2920 2640 3034 2678 σου.
3058 2654 3130 2668 -—
3162 2626 3408 2695 Ἐγένετο
3442 2625 3558 2694 οὖν,
3601 2634 3770 2704 φησι,

2193 2704 2263 2758 τὰ
2292 2707 2540 2774 ἐγκαίνια
2567 2709 3049 2783 ἐνίεροσολύμοις,
3081 2715 3173 2768 καὶ
3207 2717 3415 2788 χειμὼν
3453 2713 3579 2790 ἦν.»

2471 2885 2711 2939 ΣΜΓν.-
2728 2888 2970 2958 nemo
2991 2891 3478 2966 ΜΑΓΙΣΤΡΙΑΝῼ.
3579 2879 3582 2886 ’

2263 2974 2373 3045 Τὴν
2431 2979 2700 3046 σημασίαν
2729 2979 2834 3032 τῶν
2891 2983 3057 3053 τριῶν
3117 2985 3210 3037 τοῦ
3256 2985 3375 3040 Ἰὼϐ
3435 2988 3757 3062 θυγατέρων

533 3076 686 3116 scere
709 3061 888 3130 cupis.
912 3061 995 3114 Ah
1027 3060 1376 3116 alﬂictiouum
1410 3063 1593 3132 itaque
1615 3075 1670 3120 et
1720 3065 2088 3119 molestiarum

2199 3065 2538 3136 ἐπεθύμησας
2586 3069 2806 3136 γνῶναι.
2847 3071 3060 3144 Ἐπειδὴ
3094 3073 3186 3127 οὖν
3213 3078 3310 3145 τῆς
3355 3079 3462 3129 τῶν
3493 3060 3761 3149 θλισερῶν

531 3165 690 3208 nocte
711 3152 871 3223 jussu
905 3152 997 3207 Dei
1030 3151 1199 3208 Jobus
1237 3167 1544 3223 exemptus,
1575 3157 1884 3211 necessario
1906 3157 2089 3224 splen-

530 3241 880 3297 didissimum
933 3241 1338 3306 exsultationis,
1386 3250 1440 3296 et
1478 3243 1838 3298 iudesinentis
1877 3244 1980 3314 91
2025 3260 2090 3300 ac

530 3333 788 3402 perennis
823 3332 1022 3402 quietis
1050 3340 1102 3385 et
1133 3333 1312 3400 gaudii
1343 3331 1486 3386 diem
1529 3336 1760 3402 aspexit.
1798 3335 2087 3405 Propterea

527 3425 758 3494 primam
789 3422 937 3477 Diem
971 3424 1293 3492 appellavit;
1318 3427 1612 3479 secundam
1638 3426 1904 3491 Cassiam.
1930 3444 2086 3482 nam-

527 3531 634 3585 que
684 3517 865 3571 cassia
909 3518 1154 3570 suaviter
1199 3517 1344 3581 olet;
1392 3518 1538 3587 quod
1592 3533 1690 3586 pro
1741 3521 2086 3575 maleolentia

524 3607 990 3662 exsecrandorum
1019 3615 1441 3675 tormentorum,
1476 3626 1596 3678 qua:
1631 3621 1791 3665 antea
1815 3612 2084 3678 subierat,

525 3699 728 3752 bonum
766 3713 1017 3767 supernae
1039 3699 1226 3768 gratia:
1257 3700 1478 3754 odorem
1511 3710 1796 3757 assecutus
1819 3713 1921 3758 est.
1955 3701 2086 3758 Ter-

526 3789 604 3842 tia
657 3802 823 3855 porro
874 3787 1188 3842 Amalthaeze
1249 3804 1420 3843 cornu
1485 3802 1833 3860 nuncupata,
1895 3791 2089 3848 Grazca-

521 3880 708 3950 lingua
767 3881 1033 3934 bonorum
1088 3881 1417 3934 allluentiam
1471 3891 1643 3936 notat.
1689 3883 1767 3936 Tu
1798 3900 1928 3938 vero
1969 3902 2083 3940 non

517 3968 740 4040 ignoras
782 3978 860 4023 tot
894 3970 1055 4030 bona,
1093 3987 1214 4039 qua:
1247 3971 1323 4024 illi
1358 3971 1618 4028 Dominus
1652 3984 1780 4027 ante
1832 3974 2080 4030 futurum

521 4058 778 4112 saeculum
815 4058 1040 4112 robusto
1071 4073 1136 4112 ac
1189 4059 1360 4112 inulta
1412 4075 1673 4130 perpesso
1710 4061 1848 4116 Jobo
1884 4064 1937 4117 in
1980 4065 2083 4120 hac

514 4149 628 4202 vita
654 4159 872 4218 pr0pter
894 4149 1168 4217 ingentem
1201 4150 1566 4213 tolerantiam,
1595 4161 1648 4207 et
1679 4154 2076 4210 validissimum

519 4255 586 4296 ac
614 4241 1030 4296 celeberrimum
1079 4239 1415 4298 fortitudinis
1465 4242 1679 4301 facinus
1727 4255 1780 4303 et
1814 4256 2076 4318 tropaeum

517 4334 784 4390 Izbibuit.

2191 3157 2286 3210 καὶ
2325 3159 2598 3212 ἐπιπόνων
2636 3164 2826 3225 νυκτὸς
2863 3165 2928 3234 τῇ
2974 3165 3220 3221 κελεύσει
3262 3167 3354 3220 τοῦ
3393 3169 3527 3221 Θεοῦ
3579 3171 3761 3240 ἀπήλ-

2188 3247 2382 3301 λακται
2410 3251 2439 3302 ό
2481 3249 2619 3315 Ἰὼϐ,
2649 3254 2960 3320 ἀναγκαίως
2977 3256 3075 3326 τὴν
3107 3257 3495 3327 λαμπροτάτην
3537 3261 3757 3330 ἡμέραν

2186 3337 2433 3392 τεθέαται
2485 3341 2586 3411 τῆς
2627 3342 3030 3410 ἀγαλλιάσεως,
3075 3349 3166 3400 καὶ
3210 3347 3310 3417 τῆς
3377 3349 3609 3418 ἁλήκτου
3657 3351 3753 3405 καὶ

2185 3430 2404 3483 αἰωνίου
2445 3432 2802 3498 ἀναπαύσεως
2848 3437 2942 3488 καὶ
2980 3440 3172 3508 χαρᾶς.
3205 3440 3304 3492 Διά
3336 3440 3492 3494 τοῦτο
3516 3442 3613 3512 τὴν
3646 3443 3752 3514 μὲν

2187 3519 2407 3591 πρώτην
2476 3521 2747 3594 θυγατέρα
2806 3526 3041 3597 Ἡμέραν
3084 3530 3358 3594 ἐκάλεσεν,
3393 3533 3492 3601 τὴν
3527 3534 3582 3586 δὲ
3627 3533 3752 3588 δευ-

2183 3615 2346 3682 τέραν
2380 3615 2623 3668 Κασσίαν
2648 3633 2662 3646 ·
2682 3617 2884 3690 εὐώδης
2911 3620 3020 3690 γὰρ
3044 3621 3076 3691 ή
3105 3624 3471 3686 κασσία,διότι
3500 3625 3621 3679 ἀντὶ
3647 3628 3751 3698 τῆς

2184 3700 2443 3768 δυσωδίας
2489 3704 2583 3757 τοῦ
2623 3708 2921 3762 ἀπευκτέου
2957 3711 3182 3775 πάθους,
3212 3709 3380 3784 οὗπερ
3423 3716 3531 3788 πρὸ
3551 3717 3745 3771 τούτου

2185 3791 2379 3862 ἀνέτλη
2413 3794 2512 3866 τὴν
2555 3795 2780 3851 εὐωδίαν
2810 3802 3086 3871 ἐκτήσατο
3123 3806 3221 3875 τῆς
3260 3807 3464 3861 ἄνωθεν
3502 3811 3742 3881 χάριτος.

2194 3884 2257 3938 Ἦ
2289 3886 2346 3940 δέ
2377 3904 2439 3955 γε
2459 3889 2611 3960 τρίτη
2643 3891 2882 3962 θυγάτηρ
2921 3894 3240 3963 Ἀμαλθείας
3273 3898 3440 3970 κέρας
3471 3901 3744 3972 ἐπονομα-

2183 3974 2382 4048 ζομὲνη
2417 3982 2482 4049 τῇ
2526 3980 2735 4034 Ἐλλάδι
2767 3983 3129 4052 ἑρμηνεύεται
3159 3986 3368 4060 γλώττῃ
3403 3991 3620 4058 ἀγαθῶν
3647 3992 3741 4045 εύο

2183 4066 2364 4138 θηνία.
2397 4071 2509 4122 Οὐκ
2540 4071 2748 4138 ἀγνοεῖς
2795 4074 2851 4126 δὲ
2889 4073 3106 4136 πάντως
3146 4078 3214 4130 τὰ
3263 4080 3500 4134 τοσαῦτα
3525 4083 3726 4151 ἀγαθὰ,

2181 4157 2328 4228 ἆπερ
2353 4159 2382 4209 ό
2411 4158 2611 4230 Κύριος
2645 4162 2912 4232 παρέσχεν
2938 4166 3042 4236 πρὸ
3074 4167 3165 4219 τοῦ
3201 4169 3488 4236 μέλλοντος
3520 4173 3735 4239 αἰῶνος,

2178 4247 2258 4318 τῷ
2308 4251 2635 4320 καρτερικῷ,
2682 4254 2775 4305 καὶ
2804 4255 3103 4309 πολυπαθεί
3146 4258 3284 4322 Ἰὼϐ,
3325 4261 3572 4316 ἐντεῦθεν
3612 4265 3732 4336 ῆδη,

2179 4339 2266 4392 διά
2305 4356 2365 4392 τε
2417 4341 2518 4410 τῆς
2567 4343 2806 4412 μεγάλης
2860 4345 3159 4418 ὑπομονῆς,
3195 4351 3286 4402 καὶ
3319 4352 3567 4422 ἀνδρείας
3599 4357 3732 4419 κρά-

2099 4422 2155 4482 D
2178 4447 2375 4506 τιστον,
2405 4432 2500 4485 καὶ
2538 4435 2831 4505 περιφανὲς
2864 4437 3191 4511 κατόρθωμά
3222 4459 3282 4494 τε
3326 4445 3418 4496 καὶ
3456 4445 3730 4516 τρόπαιον.

1012 4511 1278 4568 CCXLIV.
1315 4543 1382 4553 -—
1424 4512 1624 4569 Eidem.

580 4601 842 4658 Studium
905 4604 1152 4673 placendi
1217 4606 1534 4662 hominibus
1608 4608 1796 4678 iraque
1856 4609 2075 4664 vitanda

512 4700 676 4759 sunt;
734 4694 847 4748 haec
897 4695 1040 4748 enim
1101 4695 1345 4750 albicans
1402 4714 1596 4768 nempe
1662 4707 1716 4753 et
1759 4701 1876 4753 rul'a
1925 4701 2075 4771 lepra

513 4790 666 4847 sunt,
707 4793 763 4837 ut
795 4785 876 4838 lex
913 4785 1163 4854 praedixit
1195 4787 1260 4840 ³⁹.
1319 4785 1575 4856 Fugauda
1635 4799 1718 4845 est
1773 4791 2072 4861 vulpecula:

511 4873 730 4940 genium
780 4889 890 4942 pra:
935 4890 995 4928 se
1034 4874 1216 4930 ferens
1249 4876 1528 4931 simulatio
1582 4895 1645 4934 ac
1691 4880 1815 4935 vilis
1856 4891 2070 4948 metus;

509 4962 700 5029 glauca
729 4977 962 5033 namque
993 4963 1083 5017 illa
1111 4965 1258 5036 lepra
1283 4977 1428 5022 sunt.
1457 4969 1772 5036 Ahjiciemla
1809 4981 2069 5042 praeterea

2653 4526 2822 4581 ΣΜΔ’.
2851 4559 2922 4568 -
2945 4528 3026 4595 Τῷ
3055 4531 3233 4596 αὐτῷ.

2253 4612 2518 4666 Φευκτέον
2570 4615 2700 4685 ἡμῖν
2747 4618 3254 4691 ἀνθρωπαρεσκίαν,
3294 4626 3386 4678 καὶ
3404 4626 3503 4696 τὴν
3533 4629 3723 4698 όργήνο

2177 4699 2355 4755 ταῦτα
2402 4699 2508 4772 γὰρ
2539 4703 2990 4772 λευκανθίζουσαν
3023 4711 3115 4763 καὶ
3157 4714 3490 4782 πορίζουσαν
3528 4717 3728 4788 λέπραν

2177 4794 2205 4846 ό
2230 4793 2389 4863 νόμος
2415 4794 2760 4864 προείρηκεν.
2787 4798 2844 4850 Ἀ
2855 4799 3144 4854 πελαστέον
3168 4806 3266 4873 τὴν
3287 4803 3725 4870 ἀλωπεκίξουσαν

2175 4884 2482 4955 ὑπόκρισιν,
2517 4887 2610 4938 καὶ
2651 4887 2816 4958 ἀγενῆ
2859 4889 3078 4943 δειλίαν·
3107 4893 3468 4960 γλαυκίζουσα
3495 4898 3603 4968 γὰρ
3639 4898 3727 4950 λέ-

2173 4992 2285 5044 πρα
2319 4975 2457 5030 ἐστί.
2487 4977 2754 5029 Διωκτέον
2787 4979 2918 5046 ἡμῖν
2941 4980 3038 5049 τὴν
3063 4981 3237 5052 λύπην
3266 4985 3364 5054 τὴν
3388 4984 3602 5054 ἄλογον,
3631 4989 3726 5043 καὶ
3821 5007 3824 5014 ·

510 5069 540 5107 a
566 5055 723 5109 nobis
747 5065 879 5110 sunt
932 5057 1053 5112 sine
1083 5058 1294 5114 ratione
1323 5060 1542 5114 tristitia
1575 5073 1628 5114 et
1660 5063 1863 5118 invidia
1892 5080 2071 5121 mace-

2199 5069 2402 5139 ήκοντα
2435 5068 2647 5134 φθόνοψ
2678 5069 3013 5141 χλωρίζουσα
3041 5073 3147 5144 γάρ
3175 5075 3347 5146 λέπρα
3377 5079 3515 5133 ἐστί.

509 5159 936 5216 rans;.namq-ue
965 5149 1159 5204 viridis
1193 5149 1284 5203 illa
1315 5149 1462 5218 lepra
1501 5161 1649 5205 sunt.

847 5237 1099 5294 CCXLV.
1131 5268 1202 5277 —
1239 5237 1720 5296 DRUSILLIANO.

578 5322 638 5378 Si
663 5338 866 5394 corpus
894 5323 1314 5394 aagritudinibus
1344 5326 1639 5380 obnoxium
1665 5321 1874 5389 habens
1903 5335 2062 5392 simi-

505 5414 580 5470 lia
625 5414 929 5470 l‘acinorosa
972 5413 1160 5477 audes,
1207 5427 1382 5482 eaque
1431 5414 1773 5487 inhumana;
1815 5424 1966 5492 quid,
2013 5427 2059 5481 si

506 5505 722 5561 ﬁrmum
753 5519 817 5559 ac
845 5505 1129 5559 robustum
1162 5503 1470 5569 habuisses,
1499 5521 1605 5561 non
1633 5505 1831 5567 fuisses
1858 5517 2059 5572 ausus?

571 5635 616 5665 ³²
639 5630 774 5687 Gen.
806 5651 889 5698 In,
923 5635 974 5688 6.
1076 5635 1120 5665 ³³
1158 5635 1290 5687 ibid.
1334 5636 1422 5691 21.

504 5702 679 5758 "Job
725 5718 858 5768 χιιι,
895 5705 976 5760 15.
1056 5703 1648 5778 "l.evit.ui,passim.

1526 5639 1738 5727 ffl’sal.
1769 5660 1947 5718 cxux,
1978 5650 2023 5705 l.
2101 5653 2145 5686 ³⁸
2174 5653 2390 5714 Coloss.
2429 5671 2515 5717 In.
2544 5655 2629 5711 to.

2554 5161 2725 5216 ZME'.
2743 5164 3339 5238 -ΔΡυΥΣΙΛΛΙΑΝ

2243 5250 2303 5302 El
2320 5250 2380 5303 τὸ
2402 5249 2559 5322 σῶμα
2577 5251 2800 5315 νοσῶδες
2821 5253 2978 5322 ἔχων,
2997 5256 3292 5325 τηλικαῦτα
3323 5261 3455 5331 δρᾷς
3489 5263 3720 5336 θηριώδη

2172 5341 2263 5393 καὶ
2289 5341 2628 5412 ἀπάνθρωπα
2658 5341 2979 5412 πράγματα,
2999 5346 3082 5407 τίς
3109 5344 3175 5398 ἂν
3197 5349 3384 5414 ἐγένου
3408 5351 3717 5420 τετυχηκὼς

2171 5431 2388 5502 ῥώσεώς
2419 5449 2476 5485 τε
2507 5433 2599 5486 καὶ
2629 5433 2818 5503 ῥώμης
2844 5453 2859 5500 ;
2897 5436 3224 5507 Προὸλέπων
3257 5441 3434 5494 τοίνυν
3457 5446 3485 5496 ό
3521 5445 3717 5515 Κύριος

2169 5522 2269 5586 τὰς
2301 5523 2668 5592 φονοκτονίας,
2700 5525 2878 5596 ἅσπερ
2905 5529 3074 5580 ποιεῖν
3100 5529 3340 5599 ἔμελλες,
3377 5535 3714 5603 προκατελά-

2728 5657 2774 5690 ³⁶
2802 5657 2946 5714 Psal.
2985 5675 3083 5731 cn,
3113 5663 3166 5719 5.
3241 5665 3310 5739 _"
3334 5664 3497 5723 Joan.
3543 5683 3596 5738 ι,
3622 5627 3726 5730 2εά
