  <div class='ocr_page' id='page_1' title='image "/cluster/home/n/w/nwhite01/storage/ocr_20150623/79/hvd.32044010610517/094.png"; bbox 0 0 3882 6036; ppageno 0'>
   <div class='ocr_carea' id='block_1_1' title="bbox 173 328 281 397">
    <p class='ocr_par' dir='ltr' id='par_1_1' title="bbox 173 328 281 397">
     <span class='ocr_line' id='line_1_1' title="bbox 173 328 281 397; baseline 0.056 -6"><span class='ocrx_word' id='word_1_1' title='bbox 173 328 281 397; x_wconf 79' lang='grc'><strong>173</strong></span> 
     </span>
    </p>
   </div>
   <div class='ocr_carea' id='block_1_2' title="bbox 1381 335 2170 398">
    <p class='ocr_par' dir='ltr' id='par_1_2' title="bbox 1381 335 2170 398">
     <span class='ocr_line' id='line_1_2' title="bbox 1381 335 2170 398; baseline 0 -2"><span class='ocrx_word' id='word_1_2' title='bbox 1381 336 1911 398; x_wconf 82' lang='lat' dir='ltr'><strong>EPISTOLARUM</strong></span> <span class='ocrx_word' id='word_1_3' title='bbox 1945 335 2089 395; x_wconf 90' lang='lat' dir='ltr'><strong>LIB.</strong></span> <span class='ocrx_word' id='word_1_4' title='bbox 2120 336 2170 396; x_wconf 91' lang='grc' dir='ltr'><strong>Ι.</strong></span> 
     </span>
    </p>
   </div>
   <div class='ocr_carea' id='block_1_3' title="bbox 3297 327 3396 392">
    <p class='ocr_par' dir='ltr' id='par_1_3' title="bbox 3297 327 3396 392">
     <span class='ocr_line' id='line_1_3' title="bbox 3297 327 3396 392; baseline -0.01 0"><span class='ocrx_word' id='word_1_5' title='bbox 3297 327 3396 392; x_wconf 69' lang='grc'><strong>174</strong></span> 
     </span>
    </p>
   </div>
   <div class='ocr_carea' id='block_1_4' title="bbox 168 438 1730 516">
    <p class='ocr_par' dir='ltr' id='par_1_4' title="bbox 168 438 1730 516">
     <span class='ocr_line' id='line_1_4' title="bbox 168 438 1730 516; baseline 0.003 -24"><span class='ocrx_word' id='word_1_6' title='bbox 168 440 300 494; x_wconf 67' lang='grc' dir='ltr'>ϐῖτδ</span> <span class='ocrx_word' id='word_1_7' title='bbox 321 457 412 494; x_wconf 90' lang='grc' dir='ltr'><strong>σου</strong></span> <span class='ocrx_word' id='word_1_8' title='bbox 430 438 530 511; x_wconf 80' lang='grc' dir='ltr'>τὴν</span> <span class='ocrx_word' id='word_1_9' title='bbox 554 439 757 509; x_wconf 76' lang='grc' dir='ltr'>ἄφατον</span> <span class='ocrx_word' id='word_1_10' title='bbox 785 439 979 513; x_wconf 85' lang='grc' dir='ltr'>μανίαν</span> <span class='ocrx_word' id='word_1_11' title='bbox 999 441 1077 514; x_wconf 79' lang='grc' dir='ltr'>τῷ</span> <span class='ocrx_word' id='word_1_12' title='bbox 1095 442 1300 514; x_wconf 87' lang='grc' dir='ltr'>δεσμῷ,</span> <span class='ocrx_word' id='word_1_13' title='bbox 1319 446 1413 498; x_wconf 71' lang='grc' dir='ltr'><strong>καὶ</strong></span> <span class='ocrx_word' id='word_1_14' title='bbox 1429 447 1496 516; x_wconf 80' lang='grc' dir='ltr'><strong>τῇ</strong></span> <span class='ocrx_word' id='word_1_15' title='bbox 1520 446 1730 514; x_wconf 78' lang='grc' dir='ltr'>ἀνάγκῃ</span> 
     </span>
    </p>
   </div>
   <div class='ocr_carea' id='block_1_5' title="bbox 1839 438 3395 516">
    <p class='ocr_par' dir='ltr' id='par_1_5' title="bbox 1839 440 3395 512">
     <span class='ocr_line' id='line_1_5' title="bbox 1839 440 3395 512; baseline -0.002 -16"><span class='ocrx_word' id='word_1_16' title='bbox 1839 442 2185 497; x_wconf 75' lang='lat' dir='ltr'><strong>Praenoscens</strong></span> <span class='ocrx_word' id='word_1_17' title='bbox 2218 441 2402 512; x_wconf 80' lang='lat' dir='ltr'><strong>itaque</strong></span> <span class='ocrx_word' id='word_1_18' title='bbox 2449 440 2591 498; x_wconf 86' lang='lat' dir='ltr'><strong>Deus</strong></span> <span class='ocrx_word' id='word_1_19' title='bbox 2627 441 2801 496; x_wconf 69' lang='lat' dir='ltr'><strong>caedes</strong></span> <span class='ocrx_word' id='word_1_20' title='bbox 2831 455 2858 493; x_wconf 88' lang='lat' dir='ltr'><strong>a</strong></span> <span class='ocrx_word' id='word_1_21' title='bbox 2893 447 2946 496; x_wconf 93' lang='lat' dir='ltr'><strong>te</strong></span> <span class='ocrx_word' id='word_1_22' title='bbox 2976 440 3270 507; x_wconf 83' lang='lat' dir='ltr'><strong>patrandas</strong></span> <span class='ocrx_word' id='word_1_23' title='bbox 3296 442 3395 494; x_wconf 83' lang='lat' dir='ltr'><strong>ho-</strong></span> 
     </span>
    </p>
   </div>
   <div class='ocr_carea' id='block_1_6' title="bbox 163 531 1449 607">
    <p class='ocr_par' dir='ltr' id='par_1_6' title="bbox 163 531 1449 607">
     <span class='ocr_line' id='line_1_6' title="bbox 163 531 1449 607; baseline 0.003 -22"><span class='ocrx_word' id='word_1_24' title='bbox 163 531 271 599; x_wconf 83' lang='grc' dir='ltr'>τῆς</span> <span class='ocrx_word' id='word_1_25' title='bbox 300 531 654 597; x_wconf 66' lang='grc' dir='ltr'>πολυωδύνου,</span> <span class='ocrx_word' id='word_1_26' title='bbox 684 534 777 586; x_wconf 78' lang='grc' dir='ltr'>καὶ</span> <span class='ocrx_word' id='word_1_27' title='bbox 803 535 1141 607; x_wconf 84' lang='grc' dir='ltr'><strong>πολυτρόπου</strong></span> <span class='ocrx_word' id='word_1_28' title='bbox 1174 535 1449 600; x_wconf 87' lang='grc' dir='ltr'>ἀσθενίας.</span> 
     </span>
    </p>
   </div>
   <div class='ocr_carea' id='block_1_7' title="bbox 421 791 1450 863">
    <p class='ocr_par' dir='ltr' id='par_1_7' title="bbox 421 791 1450 863">
     <span class='ocr_line' id='line_1_7' title="bbox 421 791 1450 863; baseline 0.001 -19"><span class='ocrx_word' id='word_1_29' title='bbox 421 791 693 860; x_wconf 56' lang='grc' dir='ltr'><strong>ΣΜφ-</strong></span> <span class='ocrx_word' id='word_1_30' title='bbox 711 792 1044 862; x_wconf 65' lang='lat' dir='ltr'><strong>aromata</strong></span> <span class='ocrx_word' id='word_1_31' title='bbox 1083 792 1450 863; x_wconf 83' lang='grc' dir='ltr'><strong>ΕΠΙΣΚΟΙΙῼ.</strong></span> 
     </span>
    </p>
   </div>
   <div class='ocr_carea' id='block_1_8' title="bbox 237 882 1727 954">
    <p class='ocr_par' dir='ltr' id='par_1_8' title="bbox 237 882 1727 954">
     <span class='ocr_line' id='line_1_8' title="bbox 237 882 1727 954; baseline -0.001 -17"><span class='ocrx_word' id='word_1_32' title='bbox 237 883 539 953; x_wconf 82' lang='grc' dir='ltr'>Εύξώμεθα</span> <span class='ocrx_word' id='word_1_33' title='bbox 592 882 826 946; x_wconf 79' lang='grc' dir='ltr'><strong>ἐκτενῶς</strong></span> <span class='ocrx_word' id='word_1_34' title='bbox 854 882 1212 954; x_wconf 83' lang='grc' dir='ltr'>ὲκδιωχθῆναι</span> <span class='ocrx_word' id='word_1_35' title='bbox 1243 884 1342 951; x_wconf 84' lang='grc' dir='ltr'>τὴν</span> <span class='ocrx_word' id='word_1_36' title='bbox 1389 883 1596 952; x_wconf 82' lang='grc' dir='ltr'>λέπραν</span> <span class='ocrx_word' id='word_1_37' title='bbox 1629 882 1727 952; x_wconf 80' lang='grc' dir='ltr'>τὴν</span> 
     </span>
    </p>
   </div>
   <div class='ocr_carea' id='block_1_9' title="bbox 159 974 1731 1047">
    <p class='ocr_par' dir='ltr' id='par_1_9' title="bbox 159 974 1731 1047">
     <span class='ocr_line' id='line_1_9' title="bbox 159 974 1731 1047; baseline -0.003 -17"><span class='ocrx_word' id='word_1_38' title='bbox 159 978 406 1047; x_wconf 73' lang='grc' dir='ltr'>ψυχικὴν</span> <span class='ocrx_word' id='word_1_39' title='bbox 433 977 542 1031; x_wconf 85' lang='grc' dir='ltr'><strong>ἀπό</strong></span> <span class='ocrx_word' id='word_1_40' title='bbox 571 994 631 1030; x_wconf 85' lang='grc' dir='ltr'><strong>τε</strong></span> <span class='ocrx_word' id='word_1_41' title='bbox 663 976 758 1030; x_wconf 90' lang='grc' dir='ltr'><strong>τοῦ</strong></span> <span class='ocrx_word' id='word_1_42' title='bbox 794 977 1078 1047; x_wconf 78' lang='grc' dir='ltr'><strong>στήμονος,</strong></span> <span class='ocrx_word' id='word_1_43' title='bbox 1116 977 1211 1029; x_wconf 75' lang='grc' dir='ltr'>καὶ</span> <span class='ocrx_word' id='word_1_44' title='bbox 1248 975 1348 1045; x_wconf 82' lang='grc' dir='ltr'>τῆς</span> <span class='ocrx_word' id='word_1_45' title='bbox 1384 974 1607 1043; x_wconf 82' lang='grc' dir='ltr'><strong>κρόκης,</strong></span> <span class='ocrx_word' id='word_1_46' title='bbox 1636 974 1731 1027; x_wconf 79' lang='grc' dir='ltr'><strong>καὶ</strong></span> 
     </span>
    </p>
   </div>
   <div class='ocr_carea' id='block_1_10' title="bbox 158 1062 1729 1136">
    <p class='ocr_par' dir='ltr' id='par_1_10' title="bbox 158 1062 1729 1136">
     <span class='ocr_line' id='line_1_10' title="bbox 158 1062 1729 1136; baseline -0.003 -17"><span class='ocrx_word' id='word_1_47' title='bbox 158 1066 262 1119; x_wconf 86' lang='grc' dir='ltr'><strong>τοῦ</strong></span> <span class='ocrx_word' id='word_1_48' title='bbox 294 1066 561 1136; x_wconf 82' lang='grc' dir='ltr'>δέρματος</span> <span class='ocrx_word' id='word_1_49' title='bbox 591 1082 604 1095; x_wconf 92' lang='grc'>·</span> <span class='ocrx_word' id='word_1_50' title='bbox 642 1066 907 1136; x_wconf 83' lang='grc' dir='ltr'>στήμονος</span> <span class='ocrx_word' id='word_1_51' title='bbox 959 1066 1055 1136; x_wconf 81' lang='grc' dir='ltr'>μὲν</span> <span class='ocrx_word' id='word_1_52' title='bbox 1082 1064 1370 1134; x_wconf 77' lang='grc' dir='ltr'>νοουμένου</span> <span class='ocrx_word' id='word_1_53' title='bbox 1401 1063 1495 1117; x_wconf 89' lang='grc' dir='ltr'><strong>τοῦ</strong></span> <span class='ocrx_word' id='word_1_54' title='bbox 1529 1062 1729 1133; x_wconf 76' lang='grc' dir='ltr'>νευρώο</span> 
     </span>
    </p>
   </div>
   <div class='ocr_carea' id='block_1_11' title="bbox 158 1155 1730 1228">
    <p class='ocr_par' dir='ltr' id='par_1_11' title="bbox 158 1155 1730 1228">
     <span class='ocr_line' id='line_1_11' title="bbox 158 1155 1730 1228; baseline -0.002 -18"><span class='ocrx_word' id='word_1_55' title='bbox 158 1156 293 1221; x_wconf 88' lang='grc' dir='ltr'>δους</span> <span class='ocrx_word' id='word_1_56' title='bbox 356 1157 555 1228; x_wconf 83' lang='grc' dir='ltr'>μέρους</span> <span class='ocrx_word' id='word_1_57' title='bbox 594 1156 696 1226; x_wconf 84' lang='grc' dir='ltr'>τῆς</span> <span class='ocrx_word' id='word_1_58' title='bbox 745 1157 979 1228; x_wconf 77' lang='grc' dir='ltr'>Χριστοῦ</span> <span class='ocrx_word' id='word_1_59' title='bbox 1020 1156 1363 1225; x_wconf 86' lang='grc' dir='ltr'>Ἐκκλησίας,</span> <span class='ocrx_word' id='word_1_60' title='bbox 1418 1155 1730 1209; x_wconf 77' lang='grc' dir='ltr'>ἐπισκόπων</span> 
     </span>
    </p>
   </div>
   <div class='ocr_carea' id='block_1_12' title="bbox 159 1248 1732 1319">
    <p class='ocr_par' dir='ltr' id='par_1_12' title="bbox 159 1248 1732 1319">
     <span class='ocr_line' id='line_1_12' title="bbox 159 1248 1732 1319; baseline -0.001 -17"><span class='ocrx_word' id='word_1_61' title='bbox 159 1248 333 1317; x_wconf 72' lang='grc' dir='ltr'>λέγω,</span> <span class='ocrx_word' id='word_1_62' title='bbox 364 1248 458 1301; x_wconf 76' lang='grc' dir='ltr'><strong>καὶ</strong></span> <span class='ocrx_word' id='word_1_63' title='bbox 503 1249 618 1302; x_wconf 82' lang='grc' dir='ltr'>ὅσοι</span> <span class='ocrx_word' id='word_1_64' title='bbox 664 1249 764 1318; x_wconf 85' lang='grc' dir='ltr'>τῆς</span> <span class='ocrx_word' id='word_1_65' title='bbox 802 1248 1091 1319; x_wconf 82' lang='grc' dir='ltr'>Λευῖτικῆς</span> <span class='ocrx_word' id='word_1_66' title='bbox 1134 1248 1289 1314; x_wconf 82' lang='grc' dir='ltr'>ἀξίας</span> <span class='ocrx_word' id='word_1_67' title='bbox 1325 1248 1393 1316; x_wconf 83' lang='grc' dir='ltr'><strong>τά</strong></span> <span class='ocrx_word' id='word_1_68' title='bbox 1428 1248 1565 1318; x_wconf 82' lang='grc' dir='ltr'>γέρα</span> <span class='ocrx_word' id='word_1_69' title='bbox 1595 1265 1732 1318; x_wconf 90' lang='grc' dir='ltr'>καρ-</span> 
     </span>
    </p>
   </div>
   <div class='ocr_carea' id='block_1_13' title="bbox 158 1336 1730 1409">
    <p class='ocr_par' dir='ltr' id='par_1_13' title="bbox 158 1336 1730 1409">
     <span class='ocr_line' id='line_1_13' title="bbox 158 1336 1730 1409; baseline 0 -17"><span class='ocrx_word' id='word_1_70' title='bbox 158 1338 416 1404; x_wconf 81' lang='grc' dir='ltr'>πίζονται</span> <span class='ocrx_word' id='word_1_71' title='bbox 441 1355 455 1368; x_wconf 83' lang='lat'><strong><em>°</em></strong></span> <span class='ocrx_word' id='word_1_72' title='bbox 488 1338 695 1409; x_wconf 83' lang='grc' dir='ltr'>κρόκης</span> <span class='ocrx_word' id='word_1_73' title='bbox 722 1338 778 1392; x_wconf 84' lang='grc' dir='ltr'>δὲ</span> <span class='ocrx_word' id='word_1_74' title='bbox 810 1338 1293 1408; x_wconf 75' lang='grc' dir='ltr'>ἐκλαμϐανομένης</span> <span class='ocrx_word' id='word_1_75' title='bbox 1319 1336 1413 1390; x_wconf 88' lang='grc' dir='ltr'><strong>τοῦ</strong></span> <span class='ocrx_word' id='word_1_76' title='bbox 1440 1337 1730 1408; x_wconf 84' lang='grc' dir='ltr'>εὑθυνομέ-</span> 
     </span>
    </p>
   </div>
   <div class='ocr_carea' id='block_1_14' title="bbox 158 1428 1731 1501">
    <p class='ocr_par' dir='ltr' id='par_1_14' title="bbox 158 1428 1731 1501">
     <span class='ocr_line' id='line_1_14' title="bbox 158 1428 1731 1501; baseline 0 -18"><span class='ocrx_word' id='word_1_77' title='bbox 158 1448 280 1493; x_wconf 84' lang='grc' dir='ltr'>νου,</span> <span class='ocrx_word' id='word_1_78' title='bbox 312 1432 407 1484; x_wconf 76' lang='grc' dir='ltr'>καὶ</span> <span class='ocrx_word' id='word_1_79' title='bbox 434 1431 855 1501; x_wconf 85' lang='grc' dir='ltr'>ποιμαινομένου</span> <span class='ocrx_word' id='word_1_80' title='bbox 880 1430 972 1484; x_wconf 86' lang='grc' dir='ltr'><strong>ὑπ’</strong></span> <span class='ocrx_word' id='word_1_81' title='bbox 998 1431 1179 1493; x_wconf 77' lang='grc' dir='ltr'>αὐτοῖς</span> <span class='ocrx_word' id='word_1_82' title='bbox 1210 1428 1545 1501; x_wconf 82' lang='grc' dir='ltr'>ήγιασμένου</span> <span class='ocrx_word' id='word_1_83' title='bbox 1579 1430 1731 1498; x_wconf 90' lang='grc' dir='ltr'>λαοῦ,</span> 
     </span>
    </p>
   </div>
   <div class='ocr_carea' id='block_1_15' title="bbox 157 1521 1731 1593">
    <p class='ocr_par' dir='ltr' id='par_1_15' title="bbox 157 1521 1731 1593">
     <span class='ocr_line' id='line_1_15' title="bbox 157 1521 1731 1593; baseline 0 -17"><span class='ocrx_word' id='word_1_84' title='bbox 157 1522 436 1591; x_wconf 83' lang='grc' dir='ltr'>δέρματος</span> <span class='ocrx_word' id='word_1_85' title='bbox 465 1522 522 1575; x_wconf 79' lang='grc' dir='ltr'>δὲ</span> <span class='ocrx_word' id='word_1_86' title='bbox 548 1523 837 1593; x_wconf 84' lang='grc' dir='ltr'>νοουμένου</span> <span class='ocrx_word' id='word_1_87' title='bbox 873 1522 979 1575; x_wconf 89' lang='grc' dir='ltr'><strong>τῶν</strong></span> <span class='ocrx_word' id='word_1_88' title='bbox 1004 1522 1197 1575; x_wconf 61' lang='grc' dir='ltr'><strong>νεωστὶ⁴</strong></span> <span class='ocrx_word' id='word_1_89' title='bbox 1227 1521 1632 1592; x_wconf 83' lang='grc' dir='ltr'>προσελθόντων</span> <span class='ocrx_word' id='word_1_90' title='bbox 1654 1523 1731 1593; x_wconf 86' lang='grc' dir='ltr'>τῷ</span> 
     </span>
    </p>
   </div>
   <div class='ocr_carea' id='block_1_16' title="bbox 157 1612 1730 1685">
    <p class='ocr_par' dir='ltr' id='par_1_16' title="bbox 157 1612 1730 1685">
     <span class='ocr_line' id='line_1_16' title="bbox 157 1612 1730 1685; baseline 0.001 -20"><span class='ocrx_word' id='word_1_91' title='bbox 157 1612 303 1683; x_wconf 83' lang='grc' dir='ltr'>Θεῷ,</span> <span class='ocrx_word' id='word_1_92' title='bbox 338 1615 433 1667; x_wconf 76' lang='grc' dir='ltr'>καὶ</span> <span class='ocrx_word' id='word_1_93' title='bbox 456 1614 592 1676; x_wconf 84' lang='grc' dir='ltr'>τέως</span> <span class='ocrx_word' id='word_1_94' title='bbox 625 1613 1066 1685; x_wconf 83' lang='grc' dir='ltr'>κατηχουμένων,</span> <span class='ocrx_word' id='word_1_95' title='bbox 1114 1614 1185 1683; x_wconf 86' lang='grc' dir='ltr'><strong>μή</strong></span> <span class='ocrx_word' id='word_1_96' title='bbox 1219 1630 1334 1675; x_wconf 85' lang='grc' dir='ltr'><strong>πως</strong></span> <span class='ocrx_word' id='word_1_97' title='bbox 1364 1613 1730 1682; x_wconf 75' lang='grc' dir='ltr'>ἀποϐεϐληκό-</span> 
     </span>
    </p>
   </div>
   <div class='ocr_carea' id='block_1_17' title="bbox 158 1701 1731 1774">
    <p class='ocr_par' dir='ltr' id='par_1_17' title="bbox 158 1701 1731 1774">
     <span class='ocr_line' id='line_1_17' title="bbox 158 1701 1731 1774; baseline -0.001 -19"><span class='ocrx_word' id='word_1_98' title='bbox 158 1721 271 1757; x_wconf 88' lang='grc' dir='ltr'><strong>των</strong></span> <span class='ocrx_word' id='word_1_99' title='bbox 314 1704 405 1757; x_wconf 84' lang='grc' dir='ltr'><strong>διὰ</strong></span> <span class='ocrx_word' id='word_1_100' title='bbox 449 1705 548 1774; x_wconf 78' lang='grc' dir='ltr'>τῆς</span> <span class='ocrx_word' id='word_1_101' title='bbox 586 1704 994 1774; x_wconf 84' lang='grc' dir='ltr'>ἀναγεννήσεως</span> <span class='ocrx_word' id='word_1_102' title='bbox 1026 1702 1118 1755; x_wconf 91' lang='grc' dir='ltr'><strong>τοῦ</strong></span> <span class='ocrx_word' id='word_1_103' title='bbox 1164 1701 1320 1769; x_wconf 83' lang='grc' dir='ltr'>ἁγίου</span> <span class='ocrx_word' id='word_1_104' title='bbox 1361 1701 1731 1771; x_wconf 78' lang='grc' dir='ltr'>βαπτίσματος</span> 
     </span>
    </p>
   </div>
   <div class='ocr_carea' id='block_1_18' title="bbox 1833 533 3394 596">
    <p class='ocr_par' dir='ltr' id='par_1_18' title="bbox 1833 533 3394 596">
     <span class='ocr_line' id='line_1_18' title="bbox 1833 533 3394 596; baseline -0.002 -9"><span class='ocrx_word' id='word_1_105' title='bbox 1833 535 2064 596; x_wconf 87' lang='lat' dir='ltr'><strong>minum,</strong></span> <span class='ocrx_word' id='word_1_106' title='bbox 2108 533 2394 587; x_wconf 76' lang='lat' dir='ltr'><strong>infandum</strong></span> <span class='ocrx_word' id='word_1_107' title='bbox 2449 535 2615 588; x_wconf 89' lang='lat' dir='ltr'><strong>istum</strong></span> <span class='ocrx_word' id='word_1_108' title='bbox 2664 533 2901 587; x_wconf 82' lang='lat' dir='ltr'><strong>furorem</strong></span> <span class='ocrx_word' id='word_1_109' title='bbox 2963 540 3113 585; x_wconf 89' lang='lat' dir='ltr'><strong>tuum</strong></span> <span class='ocrx_word' id='word_1_110' title='bbox 3158 533 3394 586; x_wconf 79' lang='lat' dir='ltr'><strong>vinculis</strong></span> 
     </span>
    </p>
   </div>
   <div class='ocr_carea' id='block_1_19' title="bbox 1832 622 3396 679">
    <p class='ocr_par' dir='ltr' id='par_1_19' title="bbox 1832 622 3396 679">
     <span class='ocr_line' id='line_1_19' title="bbox 1832 622 3396 679; baseline -0.003 -2"><span class='ocrx_word' id='word_1_111' title='bbox 1832 633 1887 677; x_wconf 89' lang='lat' dir='ltr'><strong>et</strong></span> <span class='ocrx_word' id='word_1_112' title='bbox 1920 624 2246 679; x_wconf 72' lang='lat' dir='ltr'><strong>necessitate</strong></span> <span class='ocrx_word' id='word_1_113' title='bbox 2289 626 2620 679; x_wconf 72' lang='lat' dir='ltr'><strong>calamitosa:</strong></span> <span class='ocrx_word' id='word_1_114' title='bbox 2666 633 2718 677; x_wconf 87' lang='lat' dir='ltr'><strong>et</strong></span> <span class='ocrx_word' id='word_1_115' title='bbox 2764 622 3121 677; x_wconf 79' lang='lat' dir='ltr'><strong>multiformis</strong></span> <span class='ocrx_word' id='word_1_116' title='bbox 3164 623 3396 676; x_wconf 84' lang='lat' dir='ltr'><strong>intirnn-</strong></span> 
     </span>
    </p>
   </div>
   <div class='ocr_carea' id='block_1_20' title="bbox 1832 716 2252 769">
    <p class='ocr_par' dir='ltr' id='par_1_20' title="bbox 1832 716 2252 769">
     <span class='ocr_line' id='line_1_20' title="bbox 1832 716 2252 769; baseline 0 -1"><span class='ocrx_word' id='word_1_117' title='bbox 1832 716 1961 769; x_wconf 89' lang='lat' dir='ltr'><strong>tatis</strong></span> <span class='ocrx_word' id='word_1_118' title='bbox 1989 717 2252 769; x_wconf 83' lang='lat' dir='ltr'><strong>coercuit.</strong></span> 
     </span>
    </p>
   </div>
   <div class='ocr_carea' id='block_1_21' title="bbox 1934 802 3290 873">
    <p class='ocr_par' dir='ltr' id='par_1_21' title="bbox 1934 802 3290 873">
     <span class='ocr_line' id='line_1_21' title="bbox 1934 802 3290 873; baseline -0.003 -13"><span class='ocrx_word' id='word_1_119' title='bbox 1934 804 2042 873; x_wconf 82' lang='lat'><strong>92</strong></span> <span class='ocrx_word' id='word_1_120' title='bbox 2082 804 2355 860; x_wconf 79' lang='lat' dir='ltr'><strong>CCXLVI.</strong></span> <span class='ocrx_word' id='word_1_121' title='bbox 2391 836 2459 846; x_wconf 79' lang='lat'><strong><em>—</em></strong></span> <span class='ocrx_word' id='word_1_122' title='bbox 2500 803 2891 859; x_wconf 70' lang='lat' dir='ltr'><strong>eorumsw</strong></span> <span class='ocrx_word' id='word_1_123' title='bbox 2942 802 3290 859; x_wconf 84' lang='lat' dir='ltr'><strong>EPISCOPO.</strong></span> 
     </span>
    </p>
   </div>
   <div class='ocr_carea' id='block_1_22' title="bbox 1901 894 3397 967">
    <p class='ocr_par' dir='ltr' id='par_1_22' title="bbox 1901 894 3397 967">
     <span class='ocr_line' id='line_1_22' title="bbox 1901 894 3397 967; baseline 0.001 -20"><span class='ocrx_word' id='word_1_124' title='bbox 1901 894 2124 952; x_wconf 83' lang='lat' dir='ltr'><strong>Prolixe</strong></span> <span class='ocrx_word' id='word_1_125' title='bbox 2163 898 2549 967; x_wconf 80' lang='lat' dir='ltr'><strong>cumulateque</strong></span> <span class='ocrx_word' id='word_1_126' title='bbox 2603 913 2885 967; x_wconf 77' lang='lat' dir='ltr'><strong>precemur</strong></span> <span class='ocrx_word' id='word_1_127' title='bbox 2935 898 3137 966; x_wconf 81' lang='lat' dir='ltr'><strong>lepram</strong></span> <span class='ocrx_word' id='word_1_128' title='bbox 3169 896 3237 960; x_wconf 67' lang='grc' dir='ltr'><strong>⁸ο,</strong></span> <span class='ocrx_word' id='word_1_129' title='bbox 3276 911 3397 963; x_wconf 71' lang='lat' dir='ltr'><strong>qua:</strong></span> 
     </span>
    </p>
   </div>
   <div class='ocr_carea' id='block_1_23' title="bbox 1829 987 3397 1059">
    <p class='ocr_par' dir='ltr' id='par_1_23' title="bbox 1829 987 3397 1059">
     <span class='ocr_line' id='line_1_23' title="bbox 1829 987 3397 1059; baseline 0.002 -20"><span class='ocrx_word' id='word_1_130' title='bbox 1829 987 2066 1040; x_wconf 88' lang='lat' dir='ltr'><strong>animam</strong></span> <span class='ocrx_word' id='word_1_131' title='bbox 2114 988 2325 1055; x_wconf 72' lang='lat' dir='ltr'><strong>inﬁcit,</strong></span> <span class='ocrx_word' id='word_1_132' title='bbox 2364 1005 2392 1041; x_wconf 88' lang='lat' dir='ltr'><strong>a</strong></span> <span class='ocrx_word' id='word_1_133' title='bbox 2437 991 2697 1055; x_wconf 81' lang='lat' dir='ltr'><strong>smmine,</strong></span> <span class='ocrx_word' id='word_1_134' title='bbox 2756 990 3097 1059; x_wconf 82' lang='lat' dir='ltr'><strong>subtegmine</strong></span> <span class='ocrx_word' id='word_1_135' title='bbox 3151 998 3204 1042; x_wconf 86' lang='lat' dir='ltr'><strong>et</strong></span> <span class='ocrx_word' id='word_1_136' title='bbox 3260 989 3397 1058; x_wconf 82' lang='lat' dir='ltr'><strong>pello</strong></span> 
     </span>
    </p>
   </div>
   <div class='ocr_carea' id='block_1_24' title="bbox 1832 1078 3397 1150">
    <p class='ocr_par' dir='ltr' id='par_1_24' title="bbox 1832 1078 3397 1150">
     <span class='ocr_line' id='line_1_24' title="bbox 1832 1078 3397 1150; baseline 0.002 -21"><span class='ocrx_word' id='word_1_137' title='bbox 1832 1078 2018 1148; x_wconf 80' lang='lat' dir='ltr'><strong>abigi:</strong></span> <span class='ocrx_word' id='word_1_138' title='bbox 2065 1080 2320 1146; x_wconf 78' lang='lat' dir='ltr'><strong>stamine,</strong></span> <span class='ocrx_word' id='word_1_139' title='bbox 2362 1096 2597 1135; x_wconf 88' lang='lat' dir='ltr'><strong>nervosa</strong></span> <span class='ocrx_word' id='word_1_140' title='bbox 2627 1082 2834 1136; x_wconf 86' lang='lat' dir='ltr'><strong>Christi</strong></span> <span class='ocrx_word' id='word_1_141' title='bbox 2878 1082 3157 1144; x_wconf 65' lang='lat' dir='ltr'><strong>Ecclesiae,</strong></span> <span class='ocrx_word' id='word_1_142' title='bbox 3189 1095 3397 1150; x_wconf 68' lang='lat' dir='ltr'><strong>praesu-</strong></span> 
     </span>
    </p>
   </div>
   <div class='ocr_carea' id='block_1_25' title="bbox 1830 1167 3397 1243">
    <p class='ocr_par' dir='ltr' id='par_1_25' title="bbox 1830 1167 3397 1243">
     <span class='ocr_line' id='line_1_25' title="bbox 1830 1167 3397 1243; baseline 0.003 -22"><span class='ocrx_word' id='word_1_143' title='bbox 1830 1167 1943 1221; x_wconf 89' lang='lat' dir='ltr'><strong>Ium</strong></span> <span class='ocrx_word' id='word_1_144' title='bbox 2001 1170 2246 1239; x_wconf 87' lang='lat' dir='ltr'><strong>inquam,</strong></span> <span class='ocrx_word' id='word_1_145' title='bbox 2303 1188 2603 1243; x_wconf 87' lang='lat' dir='ltr'><strong>eorumque</strong></span> <span class='ocrx_word' id='word_1_146' title='bbox 2654 1175 2742 1240; x_wconf 84' lang='lat' dir='ltr'><strong>qui</strong></span> <span class='ocrx_word' id='word_1_147' title='bbox 2800 1173 3054 1228; x_wconf 68' lang='lat' dir='ltr'><strong>Levitica:</strong></span> <span class='ocrx_word' id='word_1_148' title='bbox 3112 1172 3397 1242; x_wconf 79' lang='lat' dir='ltr'><strong>dignitatis</strong></span> 
     </span>
    </p>
   </div>
   <div class='ocr_carea' id='block_1_26' title="bbox 1831 1255 3397 1335">
    <p class='ocr_par' dir='ltr' id='par_1_26' title="bbox 1831 1255 3397 1335">
     <span class='ocr_line' id='line_1_26' title="bbox 1831 1255 3397 1335; baseline 0.004 -24"><span class='ocrx_word' id='word_1_149' title='bbox 1831 1262 2150 1318; x_wconf 86' lang='lat' dir='ltr'><strong>muneribus</strong></span> <span class='ocrx_word' id='word_1_150' title='bbox 2184 1264 2636 1328; x_wconf 87' lang='lat' dir='ltr'><strong>cohonestantur,</strong></span> <span class='ocrx_word' id='word_1_151' title='bbox 2681 1282 2809 1335; x_wconf 82' lang='lat' dir='ltr'><strong>pars</strong></span> <span class='ocrx_word' id='word_1_152' title='bbox 2856 1267 3231 1335; x_wconf 82' lang='lat' dir='ltr'><strong>intelligatur;</strong></span> <span class='ocrx_word' id='word_1_153' title='bbox 3261 1255 3397 1319; x_wconf 60' lang='lat' dir='ltr'><strong>snb¥</strong></span> 
     </span>
    </p>
   </div>
   <div class='ocr_carea' id='block_1_27' title="bbox 1831 1346 3396 1426">
    <p class='ocr_par' dir='ltr' id='par_1_27' title="bbox 1831 1346 3396 1426">
     <span class='ocr_line' id='line_1_27' title="bbox 1831 1346 3396 1426; baseline 0.002 -24"><span class='ocrx_word' id='word_1_154' title='bbox 1831 1352 2087 1420; x_wconf 78' lang='lat' dir='ltr'><strong>tegmine,</strong></span> <span class='ocrx_word' id='word_1_155' title='bbox 2138 1346 2230 1420; x_wconf 87' lang='lat' dir='ltr'><strong>qui</strong></span> <span class='ocrx_word' id='word_1_156' title='bbox 2294 1356 2589 1407; x_wconf 84' lang='lat' dir='ltr'><strong>instruitur</strong></span> <span class='ocrx_word' id='word_1_157' title='bbox 2635 1370 2700 1408; x_wconf 87' lang='lat' dir='ltr'><strong>ac</strong></span> <span class='ocrx_word' id='word_1_158' title='bbox 2752 1357 2999 1426; x_wconf 83' lang='lat' dir='ltr'><strong>pascitur</strong></span> <span class='ocrx_word' id='word_1_159' title='bbox 3045 1355 3111 1408; x_wconf 89' lang='lat' dir='ltr'><strong>ab</strong></span> <span class='ocrx_word' id='word_1_160' title='bbox 3162 1353 3396 1415; x_wconf 85' lang='lat' dir='ltr'><strong>eisdem,</strong></span> 
     </span>
    </p>
   </div>
   <div class='ocr_carea' id='block_1_28' title="bbox 1832 1442 3396 1517">
    <p class='ocr_par' dir='ltr' id='par_1_28' title="bbox 1832 1442 3396 1517">
     <span class='ocr_line' id='line_1_28' title="bbox 1832 1442 3396 1517; baseline 0.003 -24"><span class='ocrx_word' id='word_1_161' title='bbox 1832 1442 2209 1499; x_wconf 86' lang='lat' dir='ltr'><strong>sanctiﬁcatus</strong></span> <span class='ocrx_word' id='word_1_162' title='bbox 2252 1447 2485 1514; x_wconf 84' lang='lat' dir='ltr'><strong>populus</strong></span> <span class='ocrx_word' id='word_1_163' title='bbox 2529 1447 2815 1510; x_wconf 89' lang='lat' dir='ltr'><strong>innuitur;</strong></span> <span class='ocrx_word' id='word_1_164' title='bbox 2863 1448 3023 1517; x_wconf 87' lang='lat' dir='ltr'><strong>pelle,</strong></span> <span class='ocrx_word' id='word_1_165' title='bbox 3065 1446 3157 1515; x_wconf 91' lang='lat' dir='ltr'><strong>qui</strong></span> <span class='ocrx_word' id='word_1_166' title='bbox 3202 1460 3396 1499; x_wconf 84' lang='lat' dir='ltr'><strong>recens</strong></span> 
     </span>
    </p>
   </div>
   <div class='ocr_carea' id='block_1_29' title="bbox 1832 1528 3398 1597">
    <p class='ocr_par' dir='ltr' id='par_1_29' title="bbox 1832 1528 3398 1597">
     <span class='ocr_line' id='line_1_29' title="bbox 1832 1528 3398 1597; baseline 0.003 -17"><span class='ocrx_word' id='word_1_167' title='bbox 1832 1529 1897 1582; x_wconf 93' lang='lat' dir='ltr'><strong>ad</strong></span> <span class='ocrx_word' id='word_1_168' title='bbox 1931 1528 2101 1584; x_wconf 88' lang='lat' dir='ltr'><strong>Deum</strong></span> <span class='ocrx_word' id='word_1_169' title='bbox 2148 1533 2444 1597; x_wconf 88' lang='lat' dir='ltr'><strong>accedunt,</strong></span> <span class='ocrx_word' id='word_1_170' title='bbox 2491 1543 2547 1587; x_wconf 88' lang='lat' dir='ltr'><strong>et</strong></span> <span class='ocrx_word' id='word_1_171' title='bbox 2585 1536 2761 1590; x_wconf 88' lang='lat' dir='ltr'><strong>adhuc</strong></span> <span class='ocrx_word' id='word_1_172' title='bbox 2793 1536 2939 1589; x_wconf 90' lang='lat' dir='ltr'><strong>inter</strong></span> <span class='ocrx_word' id='word_1_173' title='bbox 2969 1534 3398 1589; x_wconf 77' lang='lat' dir='ltr'><strong>catechumenos</strong></span> 
     </span>
    </p>
   </div>
   <div class='ocr_carea' id='block_1_30' title="bbox 1829 1618 3399 1696">
    <p class='ocr_par' dir='ltr' id='par_1_30' title="bbox 1829 1618 3399 1696">
     <span class='ocr_line' id='line_1_30' title="bbox 1829 1618 3399 1696; baseline 0.004 -23"><span class='ocrx_word' id='word_1_174' title='bbox 1829 1618 2013 1674; x_wconf 94' lang='lat' dir='ltr'><strong>locum</strong></span> <span class='ocrx_word' id='word_1_175' title='bbox 2064 1630 2283 1686; x_wconf 87' lang='lat' dir='ltr'><strong>tenent,</strong></span> <span class='ocrx_word' id='word_1_176' title='bbox 2332 1641 2511 1693; x_wconf 89' lang='lat' dir='ltr'><strong>neque</strong></span> <span class='ocrx_word' id='word_1_177' title='bbox 2557 1626 2684 1679; x_wconf 91' lang='lat' dir='ltr'><strong>dum</strong></span> <span class='ocrx_word' id='word_1_178' title='bbox 2732 1642 2828 1696; x_wconf 88' lang='lat' dir='ltr'><strong>per</strong></span> <span class='ocrx_word' id='word_1_179' title='bbox 2867 1626 3011 1682; x_wconf 89' lang='lat' dir='ltr'><strong>sacri</strong></span> <span class='ocrx_word' id='word_1_180' title='bbox 3052 1624 3399 1694; x_wconf 78' lang='lat' dir='ltr'><strong>baptismatis</strong></span> 
     </span>
    </p>
   </div>
   <div class='ocr_carea' id='block_1_31' title="bbox 1830 1717 3399 1783">
    <p class='ocr_par' dir='ltr' id='par_1_31' title="bbox 1830 1717 3399 1783">
     <span class='ocr_line' id='line_1_31' title="bbox 1830 1717 3399 1783; baseline 0.003 -18"><span class='ocrx_word' id='word_1_181' title='bbox 1830 1717 2302 1783; x_wconf 81' lang='lat' dir='ltr'><strong>regenerationem</strong></span> <span class='ocrx_word' id='word_1_182' title='bbox 2357 1717 2711 1772; x_wconf 84' lang='lat' dir='ltr'><strong>morticinum</strong></span> <span class='ocrx_word' id='word_1_183' title='bbox 2754 1728 2998 1774; x_wconf 77' lang='lat' dir='ltr'><strong>veterum</strong></span> <span class='ocrx_word' id='word_1_184' title='bbox 3046 1718 3399 1772; x_wconf 81' lang='lat' dir='ltr'><strong>indumento-</strong></span> 
     </span>
    </p>
   </div>
   <div class='ocr_carea' id='block_1_32' title="bbox 156 1788 1730 1875">
    <p class='ocr_par' dir='ltr' id='par_1_32' title="bbox 156 1793 1729 1868">
     <span class='ocr_line' id='line_1_32' title="bbox 156 1793 1729 1868; baseline -0.001 -19"><span class='ocrx_word' id='word_1_185' title='bbox 156 1795 261 1868; x_wconf 85' lang='grc' dir='ltr'>τὴν</span> <span class='ocrx_word' id='word_1_186' title='bbox 290 1795 595 1867; x_wconf 82' lang='grc' dir='ltr'>νεκρότητα</span> <span class='ocrx_word' id='word_1_187' title='bbox 623 1794 731 1847; x_wconf 88' lang='grc' dir='ltr'><strong>τῶν</strong></span> <span class='ocrx_word' id='word_1_188' title='bbox 764 1795 1007 1847; x_wconf 87' lang='grc' dir='ltr'>παλαιῶν</span> <span class='ocrx_word' id='word_1_189' title='bbox 1030 1795 1125 1863; x_wconf 81' lang='grc' dir='ltr'>τῆς</span> <span class='ocrx_word' id='word_1_190' title='bbox 1158 1793 1430 1864; x_wconf 85' lang='grc' dir='ltr'>ἁμαρτίας</span> <span class='ocrx_word' id='word_1_191' title='bbox 1463 1793 1729 1863; x_wconf 81' lang='grc' dir='ltr'><strong>χιτώνων.</strong></span> 
     </span>
    </p>
   </div>
   <div class='ocr_carea' id='block_1_33' title="bbox 1839 1788 2911 1875">
    <p class='ocr_par' dir='ltr' id='par_1_33' title="bbox 1840 1805 2911 1875">
     <span class='ocr_line' id='line_1_33' title="bbox 1840 1805 2911 1875; baseline 0.006 -20"><span class='ocrx_word' id='word_1_192' title='bbox 1840 1819 1959 1857; x_wconf 88' lang='lat' dir='ltr'><strong>rum</strong></span> <span class='ocrx_word' id='word_1_193' title='bbox 1989 1805 2624 1875; x_wconf 85' lang='lat' dir='ltr'><strong>peccati&#39;deposnerunt,</strong></span> <span class='ocrx_word' id='word_1_194' title='bbox 2668 1817 2911 1863; x_wconf 89' lang='lat' dir='ltr'><strong>notatur.</strong></span> 
     </span>
    </p>
   </div>
   <div class='ocr_carea' id='block_1_34' title="bbox 655 1882 1246 1950">
    <p class='ocr_par' dir='ltr' id='par_1_34' title="bbox 655 1882 1246 1950">
     <span class='ocr_line' id='line_1_34' title="bbox 655 1882 1246 1950; baseline -0.003 -12"><span class='ocrx_word' id='word_1_195' title='bbox 655 1885 828 1940; x_wconf 64' lang='lat' dir='ltr'><strong>ZMZ&#39;.</strong></span> <span class='ocrx_word' id='word_1_196' title='bbox 853 1917 923 1926; x_wconf 92' lang='lat'><strong><em>—</em></strong></span> <span class='ocrx_word' id='word_1_197' title='bbox 948 1884 1030 1950; x_wconf 82' lang='grc' dir='ltr'><strong>Τῷ</strong></span> <span class='ocrx_word' id='word_1_198' title='bbox 1068 1882 1246 1948; x_wconf 73' lang='grc' dir='ltr'>αὐτῷ.</span> 
     </span>
    </p>
   </div>
   <div class='ocr_carea' id='block_1_35' title="bbox 236 1973 1729 2046">
    <p class='ocr_par' dir='ltr' id='par_1_35' title="bbox 236 1973 1729 2046">
     <span class='ocr_line' id='line_1_35' title="bbox 236 1973 1729 2046; baseline -0.003 -16"><span class='ocrx_word' id='word_1_199' title='bbox 236 1978 340 2030; x_wconf 84' lang='grc' dir='ltr'>’ον</span> <span class='ocrx_word' id='word_1_200' title='bbox 365 1977 564 2046; x_wconf 84' lang='grc' dir='ltr'>τρόπον</span> <span class='ocrx_word' id='word_1_201' title='bbox 586 1977 736 2039; x_wconf 79' lang='grc' dir='ltr'>εῐτις</span> <span class='ocrx_word' id='word_1_202' title='bbox 762 1976 1022 2046; x_wconf 86' lang='grc' dir='ltr'>βασιλέως</span> <span class='ocrx_word' id='word_1_203' title='bbox 1076 1975 1281 2037; x_wconf 80' lang='grc' dir='ltr'>εἰκόνος</span> <span class='ocrx_word' id='word_1_204' title='bbox 1333 1973 1511 2036; x_wconf 84' lang='grc' dir='ltr'>καλῶς</span> <span class='ocrx_word' id='word_1_205' title='bbox 1559 1990 1729 2027; x_wconf 86' lang='grc' dir='ltr'>κατα-</span> 
     </span>
    </p>
   </div>
   <div class='ocr_carea' id='block_1_36' title="bbox 159 2065 1731 2139">
    <p class='ocr_par' dir='ltr' id='par_1_36' title="bbox 159 2065 1731 2139">
     <span class='ocr_line' id='line_1_36' title="bbox 159 2065 1731 2139; baseline -0.004 -17"><span class='ocrx_word' id='word_1_206' title='bbox 159 2068 542 2139; x_wconf 84' lang='grc' dir='ltr'>σκευασμένης</span> <span class='ocrx_word' id='word_1_207' title='bbox 585 2066 1002 2138; x_wconf 74' lang='grc' dir='ltr'>ἐπιμελέστερον</span> <span class='ocrx_word' id='word_1_208' title='bbox 1055 2068 1118 2119; x_wconf 83' lang='grc' dir='ltr'>ὲκ</span> <span class='ocrx_word' id='word_1_209' title='bbox 1166 2065 1412 2135; x_wconf 76' lang='grc' dir='ltr'>ψηφίδων</span> <span class='ocrx_word' id='word_1_210' title='bbox 1446 2066 1731 2135; x_wconf 76' lang='grc' dir='ltr'>ἐπισήμων</span> 
     </span>
    </p>
   </div>
   <div class='ocr_carea' id='block_1_37' title="bbox 160 2153 1725 2229">
    <p class='ocr_par' dir='ltr' id='par_1_37' title="bbox 160 2153 1725 2229">
     <span class='ocr_line' id='line_1_37' title="bbox 160 2153 1725 2229; baseline -0.004 -17"><span class='ocrx_word' id='word_1_211' title='bbox 160 2159 269 2212; x_wconf 73' lang='grc' dir='ltr'>ὑπὸ</span> <span class='ocrx_word' id='word_1_212' title='bbox 317 2160 483 2228; x_wconf 85' lang='grc' dir='ltr'>σοφοῦ</span> <span class='ocrx_word' id='word_1_213' title='bbox 528 2160 794 2229; x_wconf 83' lang='grc' dir='ltr'>τεχνίτου,</span> <span class='ocrx_word' id='word_1_214' title='bbox 844 2157 1012 2221; x_wconf 84' lang='grc' dir='ltr'>λύσας</span> <span class='ocrx_word' id='word_1_215' title='bbox 1058 2156 1157 2227; x_wconf 80' lang='grc' dir='ltr'>τὴν</span> <span class='ocrx_word' id='word_1_216' title='bbox 1209 2156 1575 2225; x_wconf 82' lang='grc' dir='ltr'>ὑποκειμένην</span> <span class='ocrx_word' id='word_1_217' title='bbox 1632 2153 1725 2207; x_wconf 83' lang='grc' dir='ltr'><strong>τοῦ</strong></span> 
     </span>
    </p>
   </div>
   <div class='ocr_carea' id='block_1_38' title="bbox 160 2246 1730 2322">
    <p class='ocr_par' dir='ltr' id='par_1_38' title="bbox 160 2246 1730 2322">
     <span class='ocr_line' id='line_1_38' title="bbox 160 2246 1730 2322; baseline -0.003 -17"><span class='ocrx_word' id='word_1_218' title='bbox 160 2250 455 2322; x_wconf 83' lang='grc' dir='ltr'>ἀνθρώπου</span> <span class='ocrx_word' id='word_1_219' title='bbox 483 2250 678 2315; x_wconf 86' lang='grc' dir='ltr'>εἰδέαν,</span> <span class='ocrx_word' id='word_1_220' title='bbox 732 2248 1043 2320; x_wconf 82' lang='grc' dir='ltr'>μετενέγκοι</span> <span class='ocrx_word' id='word_1_221' title='bbox 1074 2249 1173 2309; x_wconf 79' lang='grc' dir='ltr'>τὰς</span> <span class='ocrx_word' id='word_1_222' title='bbox 1209 2246 1446 2317; x_wconf 77' lang='grc' dir='ltr'>ψηφίδας</span> <span class='ocrx_word' id='word_1_223' title='bbox 1494 2246 1730 2310; x_wconf 82' lang='grc' dir='ltr'>ὲκείνας,</span> 
     </span>
    </p>
   </div>
   <div class='ocr_carea' id='block_1_39' title="bbox 162 2336 1733 2409">
    <p class='ocr_par' dir='ltr' id='par_1_39' title="bbox 162 2336 1733 2409">
     <span class='ocr_line' id='line_1_39' title="bbox 162 2336 1733 2409; baseline -0.001 -16"><span class='ocrx_word' id='word_1_224' title='bbox 162 2341 257 2393; x_wconf 76' lang='grc' dir='ltr'><strong>καὶ</strong></span> <span class='ocrx_word' id='word_1_225' title='bbox 294 2339 652 2409; x_wconf 85' lang='grc' dir='ltr'>μεθαρμόσοι,</span> <span class='ocrx_word' id='word_1_226' title='bbox 681 2341 773 2392; x_wconf 72' lang='grc' dir='ltr'>καὶ</span> <span class='ocrx_word' id='word_1_227' title='bbox 806 2340 1082 2409; x_wconf 85' lang='grc' dir='ltr'>ποιήσειεν</span> <span class='ocrx_word' id='word_1_228' title='bbox 1114 2338 1172 2402; x_wconf 77' lang='grc' dir='ltr'><strong>ἐξ</strong></span> <span class='ocrx_word' id='word_1_229' title='bbox 1200 2336 1379 2390; x_wconf 83' lang='grc' dir='ltr'>αὑτῶν</span> <span class='ocrx_word' id='word_1_230' title='bbox 1407 2338 1616 2408; x_wconf 84' lang='grc' dir='ltr'>μορφὴν</span> <span class='ocrx_word' id='word_1_231' title='bbox 1637 2356 1733 2391; x_wconf 89' lang='grc' dir='ltr'>κυ-</span> 
     </span>
    </p>
   </div>
   <div class='ocr_carea' id='block_1_40' title="bbox 158 2426 1732 2500">
    <p class='ocr_par' dir='ltr' id='par_1_40' title="bbox 158 2426 1732 2500">
     <span class='ocr_line' id='line_1_40' title="bbox 158 2426 1732 2500; baseline -0.001 -16"><span class='ocrx_word' id='word_1_232' title='bbox 158 2429 251 2492; x_wconf 77' lang='grc' dir='ltr'>νὸς</span> <span class='ocrx_word' id='word_1_233' title='bbox 277 2429 312 2499; x_wconf 77' lang='grc' dir='ltr'>ἢ</span> <span class='ocrx_word' id='word_1_234' title='bbox 353 2429 659 2490; x_wconf 79' lang='grc' dir='ltr'>ἀλώπεκος,</span> <span class='ocrx_word' id='word_1_235' title='bbox 692 2427 880 2481; x_wconf 74' lang='grc' dir='ltr'>ἔπειτα</span> <span class='ocrx_word' id='word_1_236' title='bbox 904 2427 1209 2498; x_wconf 84' lang='grc' dir='ltr'>διορίζοιτο,</span> <span class='ocrx_word' id='word_1_237' title='bbox 1237 2428 1327 2480; x_wconf 75' lang='grc' dir='ltr'><strong>καὶ</strong></span> <span class='ocrx_word' id='word_1_238' title='bbox 1354 2426 1500 2496; x_wconf 80' lang='grc' dir='ltr'>λέγει</span> <span class='ocrx_word' id='word_1_239' title='bbox 1528 2428 1732 2500; x_wconf 85' lang='grc' dir='ltr'>ταύτην</span> 
     </span>
    </p>
   </div>
   <div class='ocr_carea' id='block_1_41' title="bbox 160 2516 1731 2590">
    <p class='ocr_par' dir='ltr' id='par_1_41' title="bbox 160 2516 1731 2590">
     <span class='ocr_line' id='line_1_41' title="bbox 160 2516 1731 2590; baseline -0.001 -16"><span class='ocrx_word' id='word_1_240' title='bbox 160 2516 303 2574; x_wconf 77' lang='grc' dir='ltr'>εἷναι</span> <span class='ocrx_word' id='word_1_241' title='bbox 346 2521 442 2590; x_wconf 83' lang='grc' dir='ltr'>τὴν</span> <span class='ocrx_word' id='word_1_242' title='bbox 466 2519 559 2573; x_wconf 90' lang='grc' dir='ltr'><strong>τοῦ</strong></span> <span class='ocrx_word' id='word_1_243' title='bbox 606 2519 869 2590; x_wconf 87' lang='grc' dir='ltr'>βασιλέως</span> <span class='ocrx_word' id='word_1_244' title='bbox 891 2519 1105 2589; x_wconf 75' lang='grc' dir='ltr'>ἐκείνην</span> <span class='ocrx_word' id='word_1_245' title='bbox 1132 2519 1231 2589; x_wconf 88' lang='grc' dir='ltr'>τὴν</span> <span class='ocrx_word' id='word_1_246' title='bbox 1263 2519 1453 2589; x_wconf 84' lang='grc' dir='ltr'>καλὴν,</span> <span class='ocrx_word' id='word_1_247' title='bbox 1486 2521 1552 2589; x_wconf 77' lang='grc' dir='ltr'>ἢν</span> <span class='ocrx_word' id='word_1_248' title='bbox 1578 2522 1606 2573; x_wconf 98' lang='lat'><strong>6</strong></span> <span class='ocrx_word' id='word_1_249' title='bbox 1639 2537 1731 2573; x_wconf 85' lang='grc' dir='ltr'>σο-</span> 
     </span>
    </p>
   </div>
   <div class='ocr_carea' id='block_1_42' title="bbox 161 2609 1730 2680">
    <p class='ocr_par' dir='ltr' id='par_1_42' title="bbox 161 2609 1730 2680">
     <span class='ocr_line' id='line_1_42' title="bbox 161 2609 1730 2680; baseline 0.001 -18"><span class='ocrx_word' id='word_1_250' title='bbox 161 2610 263 2678; x_wconf 77' lang='grc' dir='ltr'>φὸς</span> <span class='ocrx_word' id='word_1_251' title='bbox 315 2610 569 2679; x_wconf 78' lang='grc' dir='ltr'>τεχνίτης</span> <span class='ocrx_word' id='word_1_252' title='bbox 613 2609 1035 2673; x_wconf 75' lang='grc' dir='ltr'>κατεσκεύασεν,</span> <span class='ocrx_word' id='word_1_253' title='bbox 1092 2609 1305 2673; x_wconf 81' lang='grc' dir='ltr'>δεικνὺς</span> <span class='ocrx_word' id='word_1_254' title='bbox 1353 2611 1452 2672; x_wconf 72' lang='grc' dir='ltr'><strong>τὰς</strong></span> <span class='ocrx_word' id='word_1_255' title='bbox 1488 2611 1730 2680; x_wconf 74' lang='grc' dir='ltr'>ψηφίδας</span> 
     </span>
    </p>
   </div>
   <div class='ocr_carea' id='block_1_43' title="bbox 160 2700 1728 2773">
    <p class='ocr_par' dir='ltr' id='par_1_43' title="bbox 160 2700 1728 2773">
     <span class='ocr_line' id='line_1_43' title="bbox 160 2700 1728 2773; baseline 0.001 -18"><span class='ocrx_word' id='word_1_256' title='bbox 160 2702 259 2765; x_wconf 80' lang='grc' dir='ltr'><strong>ςάς</strong></span> <span class='ocrx_word' id='word_1_257' title='bbox 289 2701 475 2764; x_wconf 88' lang='grc' dir='ltr'>καλῶς</span> <span class='ocrx_word' id='word_1_258' title='bbox 499 2700 604 2755; x_wconf 84' lang='grc' dir='ltr'>ὑπὸ</span> <span class='ocrx_word' id='word_1_259' title='bbox 630 2701 723 2755; x_wconf 90' lang='grc' dir='ltr'><strong>τοῦ</strong></span> <span class='ocrx_word' id='word_1_260' title='bbox 754 2701 968 2771; x_wconf 86' lang='grc' dir='ltr'>πρώτου</span> <span class='ocrx_word' id='word_1_261' title='bbox 999 2700 1239 2770; x_wconf 76' lang='grc' dir='ltr'>τεχνίτου</span> <span class='ocrx_word' id='word_1_262' title='bbox 1269 2702 1348 2763; x_wconf 85' lang='grc' dir='ltr'><strong>εἰς</strong></span> <span class='ocrx_word' id='word_1_263' title='bbox 1380 2701 1477 2771; x_wconf 83' lang='grc' dir='ltr'>τὴν</span> <span class='ocrx_word' id='word_1_264' title='bbox 1507 2701 1600 2755; x_wconf 90' lang='grc' dir='ltr'><strong>τοῦ</strong></span> <span class='ocrx_word' id='word_1_265' title='bbox 1631 2702 1728 2773; x_wconf 87' lang='grc' dir='ltr'><strong>βα-</strong></span> 
     </span>
    </p>
   </div>
   <div class='ocr_carea' id='block_1_44' title="bbox 170 2792 1729 2858">
    <p class='ocr_par' dir='ltr' id='par_1_44' title="bbox 170 2792 1729 2858">
     <span class='ocr_line' id='line_1_44' title="bbox 170 2792 1729 2858; baseline 0.001 -11"><span class='ocrx_word' id='word_1_266' title='bbox 170 2794 369 2858; x_wconf 83' lang='grc' dir='ltr'>σιλέως</span> <span class='ocrx_word' id='word_1_267' title='bbox 398 2794 582 2847; x_wconf 89' lang='grc' dir='ltr'>εἰκόνα</span> <span class='ocrx_word' id='word_1_268' title='bbox 614 2794 983 2857; x_wconf 85' lang='grc' dir='ltr'>συντεθείσας,</span> <span class='ocrx_word' id='word_1_269' title='bbox 1014 2792 1199 2856; x_wconf 87' lang='grc' dir='ltr'>κακῶς</span> <span class='ocrx_word' id='word_1_270' title='bbox 1228 2793 1285 2848; x_wconf 77' lang='grc' dir='ltr'>δὲ</span> <span class='ocrx_word' id='word_1_271' title='bbox 1311 2793 1413 2846; x_wconf 76' lang='grc' dir='ltr'>ὑπὸ</span> <span class='ocrx_word' id='word_1_272' title='bbox 1444 2793 1536 2846; x_wconf 89' lang='grc' dir='ltr'><strong>τοῦ</strong></span> <span class='ocrx_word' id='word_1_273' title='bbox 1572 2795 1729 2849; x_wconf 77' lang='grc' dir='ltr'>ὑστέ-</span> 
     </span>
    </p>
   </div>
   <div class='ocr_carea' id='block_1_45' title="bbox 164 2885 1731 2958">
    <p class='ocr_par' dir='ltr' id='par_1_45' title="bbox 164 2885 1731 2958">
     <span class='ocr_line' id='line_1_45' title="bbox 164 2885 1731 2958; baseline 0.001 -20"><span class='ocrx_word' id='word_1_274' title='bbox 164 2903 259 2957; x_wconf 87' lang='grc' dir='ltr'><strong>ρου</strong></span> <span class='ocrx_word' id='word_1_275' title='bbox 310 2888 393 2949; x_wconf 84' lang='grc' dir='ltr'><strong>εἰς</strong></span> <span class='ocrx_word' id='word_1_276' title='bbox 433 2886 590 2950; x_wconf 85' lang='grc' dir='ltr'>κυνδς</span> <span class='ocrx_word' id='word_1_277' title='bbox 643 2886 855 2957; x_wconf 82' lang='grc' dir='ltr'>μορφὴν</span> <span class='ocrx_word' id='word_1_278' title='bbox 902 2885 1334 2956; x_wconf 86' lang='grc' dir='ltr'>μετενεχθείσας,</span> <span class='ocrx_word' id='word_1_279' title='bbox 1381 2886 1472 2941; x_wconf 75' lang='grc' dir='ltr'>καὶ</span> <span class='ocrx_word' id='word_1_280' title='bbox 1506 2887 1596 2940; x_wconf 83' lang='grc' dir='ltr'>διὰ</span> <span class='ocrx_word' id='word_1_281' title='bbox 1629 2888 1731 2958; x_wconf 83' lang='grc' dir='ltr'>τῆς</span> 
     </span>
    </p>
   </div>
   <div class='ocr_carea' id='block_1_46' title="bbox 160 2975 1731 3048">
    <p class='ocr_par' dir='ltr' id='par_1_46' title="bbox 160 2975 1731 3048">
     <span class='ocr_line' id='line_1_46' title="bbox 160 2975 1731 3048; baseline 0.001 -19"><span class='ocrx_word' id='word_1_282' title='bbox 160 2976 269 3029; x_wconf 84' lang='grc' dir='ltr'><strong>τῶν</strong></span> <span class='ocrx_word' id='word_1_283' title='bbox 317 2976 565 3046; x_wconf 76' lang='grc' dir='ltr'>ψηφίδων</span> <span class='ocrx_word' id='word_1_284' title='bbox 617 2976 919 3044; x_wconf 86' lang='grc' dir='ltr'>φαντασίας</span> <span class='ocrx_word' id='word_1_285' title='bbox 973 2975 1245 3046; x_wconf 87' lang='grc' dir='ltr'>μεθοδεύοι</span> <span class='ocrx_word' id='word_1_286' title='bbox 1290 2978 1416 3040; x_wconf 82' lang='grc' dir='ltr'>τοὺς</span> <span class='ocrx_word' id='word_1_287' title='bbox 1446 2978 1731 3048; x_wconf 82' lang='grc' dir='ltr'>ἀπειροτέ-</span> 
     </span>
    </p>
   </div>
   <div class='ocr_carea' id='block_1_47' title="bbox 2291 1895 2938 1951">
    <p class='ocr_par' dir='ltr' id='par_1_47' title="bbox 2291 1895 2938 1951">
     <span class='ocr_line' id='line_1_47' title="bbox 2291 1895 2938 1951; baseline 0.003 -2"><span class='ocrx_word' id='word_1_288' title='bbox 2291 1895 2582 1951; x_wconf 80' lang='lat' dir='ltr'><strong>CCXLV”.</strong></span> <span class='ocrx_word' id='word_1_289' title='bbox 2623 1926 2692 1937; x_wconf 89' lang='lat'><strong><em>—</em></strong></span> <span class='ocrx_word' id='word_1_290' title='bbox 2730 1896 2938 1951; x_wconf 81' lang='lat' dir='ltr'><strong>Eidem.</strong></span> 
     </span>
    </p>
   </div>
   <div class='ocr_carea' id='block_1_48' title="bbox 1902 1983 3401 2062">
    <p class='ocr_par' dir='ltr' id='par_1_48' title="bbox 1902 1983 3401 2062">
     <span class='ocr_line' id='line_1_48' title="bbox 1902 1983 3401 2062; baseline -0.001 -25"><span class='ocrx_word' id='word_1_291' title='bbox 1902 1983 2020 2050; x_wconf 88' lang='lat' dir='ltr'><strong>Qua</strong></span> <span class='ocrx_word' id='word_1_292' title='bbox 2041 1987 2249 2041; x_wconf 87' lang='lat' dir='ltr'><strong>ratione</strong></span> <span class='ocrx_word' id='word_1_293' title='bbox 2268 1988 2312 2041; x_wconf 92' lang='lat' dir='ltr'><strong>si</strong></span> <span class='ocrx_word' id='word_1_294' title='bbox 2343 1988 2490 2057; x_wconf 91' lang='lat' dir='ltr'><strong>quis,</strong></span> <span class='ocrx_word' id='word_1_295' title='bbox 2523 2004 2586 2042; x_wconf 81' lang='lat' dir='ltr'><strong>ex</strong></span> <span class='ocrx_word' id='word_1_296' title='bbox 2615 1989 2851 2058; x_wconf 77' lang='lat' dir='ltr'><strong>imagine</strong></span> <span class='ocrx_word' id='word_1_297' title='bbox 2879 1989 3020 2057; x_wconf 88' lang='lat' dir='ltr'><strong>regis</strong></span> <span class='ocrx_word' id='word_1_298' title='bbox 3045 1985 3247 2062; x_wconf 72' lang='lat' dir='ltr'><strong>alfahre</strong></span> <span class='ocrx_word' id='word_1_299' title='bbox 3277 1984 3401 2037; x_wconf 78' lang='lat' dir='ltr'><strong>dili-</strong></span> 
     </span>
    </p>
   </div>
   <div class='ocr_carea' id='block_1_49' title="bbox 1832 2076 3398 2147">
    <p class='ocr_par' dir='ltr' id='par_1_49' title="bbox 1832 2076 3398 2147">
     <span class='ocr_line' id='line_1_49' title="bbox 1832 2076 3398 2147; baseline 0.001 -20"><span class='ocrx_word' id='word_1_300' title='bbox 1832 2086 2128 2144; x_wconf 87' lang='lat' dir='ltr'><strong>genterque</strong></span> <span class='ocrx_word' id='word_1_301' title='bbox 2170 2092 2236 2129; x_wconf 77' lang='lat' dir='ltr'><strong>ex</strong></span> <span class='ocrx_word' id='word_1_302' title='bbox 2270 2080 2530 2146; x_wconf 83' lang='lat' dir='ltr'><strong>pretiosis</strong></span> <span class='ocrx_word' id='word_1_303' title='bbox 2570 2077 2770 2147; x_wconf 88' lang='lat' dir='ltr'><strong>lapillis</strong></span> <span class='ocrx_word' id='word_1_304' title='bbox 2800 2092 2897 2146; x_wconf 85' lang='lat' dir='ltr'><strong>per</strong></span> <span class='ocrx_word' id='word_1_305' title='bbox 2922 2087 3104 2132; x_wconf 89' lang='lat' dir='ltr'><strong>catum</strong></span> <span class='ocrx_word' id='word_1_306' title='bbox 3138 2076 3398 2131; x_wconf 80' lang='lat' dir='ltr'><strong>artificem</strong></span> 
     </span>
    </p>
   </div>
   <div class='ocr_carea' id='block_1_50' title="bbox 1831 2167 3398 2238">
    <p class='ocr_par' dir='ltr' id='par_1_50' title="bbox 1831 2167 3398 2238">
     <span class='ocr_line' id='line_1_50' title="bbox 1831 2167 3398 2238; baseline 0.001 -20"><span class='ocrx_word' id='word_1_307' title='bbox 1831 2176 2149 2221; x_wconf 84' lang='lat' dir='ltr'><strong>constructa</strong></span> <span class='ocrx_word' id='word_1_308' title='bbox 2173 2168 2513 2236; x_wconf 88' lang='lat' dir='ltr'><strong>suppositam</strong></span> <span class='ocrx_word' id='word_1_309' title='bbox 2539 2168 2781 2222; x_wconf 88' lang='lat' dir='ltr'><strong>hominis</strong></span> <span class='ocrx_word' id='word_1_310' title='bbox 2815 2168 3042 2238; x_wconf 88' lang='lat' dir='ltr'><strong>ﬁguram</strong></span> <span class='ocrx_word' id='word_1_311' title='bbox 3067 2167 3398 2229; x_wconf 82' lang='lat' dir='ltr'><strong>dissolvens,</strong></span> 
     </span>
    </p>
   </div>
   <div class='ocr_carea' id='block_1_51' title="bbox 1833 2252 3404 2328">
    <p class='ocr_par' dir='ltr' id='par_1_51' title="bbox 1833 2252 3404 2328">
     <span class='ocr_line' id='line_1_51' title="bbox 1833 2252 3404 2328; baseline -0.004 -16"><span class='ocrx_word' id='word_1_312' title='bbox 1833 2259 2053 2328; x_wconf 91' lang='lat' dir='ltr'><strong>lapillos</strong></span> <span class='ocrx_word' id='word_1_313' title='bbox 2100 2259 2227 2312; x_wconf 90' lang='lat' dir='ltr'><strong>illos</strong></span> <span class='ocrx_word' id='word_1_314' title='bbox 2269 2257 2567 2313; x_wconf 79' lang='lat' dir='ltr'><strong>transferat</strong></span> <span class='ocrx_word' id='word_1_315' title='bbox 2608 2252 3113 2328; x_wconf 90' lang='lat' dir='ltr'><strong>accommodetque,</strong></span> <span class='ocrx_word' id='word_1_316' title='bbox 3149 2265 3203 2310; x_wconf 90' lang='lat' dir='ltr'><strong>et</strong></span> <span class='ocrx_word' id='word_1_317' title='bbox 3233 2273 3301 2312; x_wconf 79' lang='lat' dir='ltr'><strong>ex</strong></span> <span class='ocrx_word' id='word_1_318' title='bbox 3335 2256 3404 2309; x_wconf 83' lang='lat' dir='ltr'><strong>iis</strong></span> 
     </span>
    </p>
   </div>
   <div class='ocr_carea' id='block_1_52' title="bbox 1831 2345 3400 2419">
    <p class='ocr_par' dir='ltr' id='par_1_52' title="bbox 1831 2345 3400 2419">
     <span class='ocr_line' id='line_1_52' title="bbox 1831 2345 3400 2419; baseline 0.001 -20"><span class='ocrx_word' id='word_1_319' title='bbox 1831 2345 2062 2400; x_wconf 90' lang='lat' dir='ltr'><strong>formam</strong></span> <span class='ocrx_word' id='word_1_320' title='bbox 2113 2348 2268 2402; x_wconf 88' lang='lat' dir='ltr'><strong>canis</strong></span> <span class='ocrx_word' id='word_1_321' title='bbox 2325 2358 2421 2401; x_wconf 85' lang='lat' dir='ltr'><strong>aut</strong></span> <span class='ocrx_word' id='word_1_322' title='bbox 2476 2348 2659 2418; x_wconf 88' lang='lat' dir='ltr'><strong>vulpis</strong></span> <span class='ocrx_word' id='word_1_323' title='bbox 2711 2346 2997 2411; x_wconf 77' lang='lat' dir='ltr'><strong>eliormet,</strong></span> <span class='ocrx_word' id='word_1_324' title='bbox 3052 2348 3400 2419; x_wconf 83' lang='lat' dir='ltr'><strong>postmodum</strong></span> 
     </span>
    </p>
   </div>
   <div class='ocr_carea' id='block_1_53' title="bbox 1831 2439 3401 2509">
    <p class='ocr_par' dir='ltr' id='par_1_53' title="bbox 1831 2439 3401 2509">
     <span class='ocr_line' id='line_1_53' title="bbox 1831 2439 3401 2509; baseline -0.003 -16"><span class='ocrx_word' id='word_1_325' title='bbox 1831 2439 2058 2493; x_wconf 88' lang='lat' dir='ltr'><strong>deﬁniat</strong></span> <span class='ocrx_word' id='word_1_326' title='bbox 2116 2446 2503 2508; x_wconf 86' lang='lat' dir='ltr'><strong>asseveretque</strong></span> <span class='ocrx_word' id='word_1_327' title='bbox 2551 2440 2695 2494; x_wconf 84' lang='lat' dir='ltr'><strong>hanc</strong></span> <span class='ocrx_word' id='word_1_328' title='bbox 2735 2439 2882 2509; x_wconf 91' lang='lat' dir='ltr'><strong>regis</strong></span> <span class='ocrx_word' id='word_1_329' title='bbox 2929 2439 3077 2492; x_wconf 89' lang='lat' dir='ltr'><strong>illam</strong></span> <span class='ocrx_word' id='word_1_330' title='bbox 3122 2454 3245 2492; x_wconf 88' lang='lat' dir='ltr'><strong>esse</strong></span> <span class='ocrx_word' id='word_1_331' title='bbox 3281 2453 3401 2507; x_wconf 85' lang='lat' dir='ltr'><strong>per-</strong></span> 
     </span>
    </p>
   </div>
   <div class='ocr_carea' id='block_1_54' title="bbox 1832 2529 3400 2600">
    <p class='ocr_par' dir='ltr' id='par_1_54' title="bbox 1832 2529 3400 2600">
     <span class='ocr_line' id='line_1_54' title="bbox 1832 2529 3400 2600; baseline -0.002 -17"><span class='ocrx_word' id='word_1_332' title='bbox 1832 2530 2147 2599; x_wconf 85' lang='lat' dir='ltr'><strong>pulchram,</strong></span> <span class='ocrx_word' id='word_1_333' title='bbox 2209 2544 2373 2600; x_wconf 89' lang='lat' dir='ltr'><strong>quam</strong></span> <span class='ocrx_word' id='word_1_334' title='bbox 2437 2530 2658 2600; x_wconf 82' lang='lat' dir='ltr'><strong>sapiens</strong></span> <span class='ocrx_word' id='word_1_335' title='bbox 2721 2529 2918 2585; x_wconf 78' lang='lat' dir='ltr'><strong>artifex</strong></span> <span class='ocrx_word' id='word_1_336' title='bbox 2980 2537 3400 2591; x_wconf 79' lang='lat' dir='ltr'><strong>construxerat,</strong></span> 
     </span>
    </p>
   </div>
   <div class='ocr_carea' id='block_1_55' title="bbox 1831 2623 3399 2697">
    <p class='ocr_par' dir='ltr' id='par_1_55' title="bbox 1831 2623 3399 2697">
     <span class='ocr_line' id='line_1_55' title="bbox 1831 2623 3399 2697; baseline 0.002 -20"><span class='ocrx_word' id='word_1_337' title='bbox 1831 2623 2050 2693; x_wconf 89' lang='lat' dir='ltr'><strong>lapillos</strong></span> <span class='ocrx_word' id='word_1_338' title='bbox 2092 2624 2262 2693; x_wconf 87' lang='lat' dir='ltr'><strong>probe</strong></span> <span class='ocrx_word' id='word_1_339' title='bbox 2290 2640 2320 2677; x_wconf 90' lang='lat' dir='ltr'><strong>a</strong></span> <span class='ocrx_word' id='word_1_340' title='bbox 2349 2630 2529 2694; x_wconf 89' lang='lat' dir='ltr'><strong>primo</strong></span> <span class='ocrx_word' id='word_1_341' title='bbox 2570 2626 2779 2681; x_wconf 89' lang='lat' dir='ltr'><strong>artiﬁce</strong></span> <span class='ocrx_word' id='word_1_342' title='bbox 2824 2626 2877 2680; x_wconf 90' lang='lat' dir='ltr'><strong>in</strong></span> <span class='ocrx_word' id='word_1_343' title='bbox 2926 2627 3070 2697; x_wconf 87' lang='lat' dir='ltr'><strong>regis</strong></span> <span class='ocrx_word' id='word_1_344' title='bbox 3110 2626 3399 2697; x_wconf 77' lang='lat' dir='ltr'><strong>imaginem</strong></span> 
     </span>
    </p>
   </div>
   <div class='ocr_carea' id='block_1_56' title="bbox 1829 2716 3399 2784">
    <p class='ocr_par' dir='ltr' id='par_1_56' title="bbox 1829 2716 3399 2784">
     <span class='ocr_line' id='line_1_56' title="bbox 1829 2716 3399 2784; baseline -0.001 -16"><span class='ocrx_word' id='word_1_345' title='bbox 1829 2723 2168 2784; x_wconf 89' lang='lat' dir='ltr'><strong>compactos,</strong></span> <span class='ocrx_word' id='word_1_346' title='bbox 2200 2716 2342 2770; x_wconf 92' lang='lat' dir='ltr'><strong>male</strong></span> <span class='ocrx_word' id='word_1_347' title='bbox 2373 2731 2500 2768; x_wconf 85' lang='lat' dir='ltr'><strong>vero</strong></span> <span class='ocrx_word' id='word_1_348' title='bbox 2536 2732 2565 2769; x_wconf 88' lang='lat' dir='ltr'><strong>a</strong></span> <span class='ocrx_word' id='word_1_349' title='bbox 2599 2718 2843 2771; x_wconf 89' lang='lat' dir='ltr'><strong>secundo</strong></span> <span class='ocrx_word' id='word_1_350' title='bbox 2886 2718 2941 2771; x_wconf 88' lang='lat' dir='ltr'><strong>in</strong></span> <span class='ocrx_word' id='word_1_351' title='bbox 2977 2717 3133 2771; x_wconf 88' lang='lat' dir='ltr'><strong>canis</strong></span> <span class='ocrx_word' id='word_1_352' title='bbox 3169 2718 3399 2770; x_wconf 82' lang='lat' dir='ltr'><strong>formam</strong></span> 
     </span>
    </p>
   </div>
   <div class='ocr_carea' id='block_1_57' title="bbox 1831 2805 3399 2876">
    <p class='ocr_par' dir='ltr' id='par_1_57' title="bbox 1831 2805 3399 2876">
     <span class='ocr_line' id='line_1_57' title="bbox 1831 2805 3399 2876; baseline 0.002 -19"><span class='ocrx_word' id='word_1_353' title='bbox 1831 2811 2180 2859; x_wconf 86' lang='lat' dir='ltr'><strong>transvectos</strong></span> <span class='ocrx_word' id='word_1_354' title='bbox 2204 2805 2598 2869; x_wconf 82' lang='lat' dir='ltr'><strong>ostendens,et</strong></span> <span class='ocrx_word' id='word_1_355' title='bbox 2622 2820 2821 2860; x_wconf 83' lang='lat' dir='ltr'><strong>novum</strong></span> <span class='ocrx_word' id='word_1_356' title='bbox 2860 2806 2915 2859; x_wconf 92' lang='lat' dir='ltr'><strong>in</strong></span> <span class='ocrx_word' id='word_1_357' title='bbox 2950 2807 3170 2861; x_wconf 88' lang='lat' dir='ltr'><strong>modum</strong></span> <span class='ocrx_word' id='word_1_358' title='bbox 3200 2808 3399 2876; x_wconf 79' lang='lat' dir='ltr'><strong>lapillis</strong></span> 
     </span>
    </p>
   </div>
   <div class='ocr_carea' id='block_1_58' title="bbox 1831 2895 3401 2970">
    <p class='ocr_par' dir='ltr' id='par_1_58' title="bbox 1831 2895 3401 2970">
     <span class='ocr_line' id='line_1_58' title="bbox 1831 2895 3401 2970; baseline 0.001 -20"><span class='ocrx_word' id='word_1_359' title='bbox 1831 2895 2014 2951; x_wconf 72' lang='lat' dir='ltr'><strong>indita:</strong></span> <span class='ocrx_word' id='word_1_360' title='bbox 2044 2899 2215 2952; x_wconf 91' lang='lat' dir='ltr'><strong>menti</strong></span> <span class='ocrx_word' id='word_1_361' title='bbox 2248 2898 2504 2969; x_wconf 77' lang='lat' dir='ltr'><strong>imaginis</strong></span> <span class='ocrx_word' id='word_1_362' title='bbox 2544 2897 2790 2961; x_wconf 88' lang='lat' dir='ltr'><strong>nescios,</strong></span> <span class='ocrx_word' id='word_1_363' title='bbox 2820 2899 2915 2970; x_wconf 85' lang='lat' dir='ltr'><strong>qui</strong></span> <span class='ocrx_word' id='word_1_364' title='bbox 2954 2914 3020 2953; x_wconf 81' lang='lat' dir='ltr'><strong>ex</strong></span> <span class='ocrx_word' id='word_1_365' title='bbox 3058 2898 3232 2969; x_wconf 87' lang='lat' dir='ltr'><strong>ﬁgura</strong></span> <span class='ocrx_word' id='word_1_366' title='bbox 3259 2901 3401 2970; x_wconf 81' lang='lat' dir='ltr'><strong>regis</strong></span> 
     </span>
    </p>
   </div>
   <div class='ocr_carea' id='block_1_59' title="bbox 1833 2988 3403 3063">
    <p class='ocr_par' dir='ltr' id='par_1_59' title="bbox 1833 2988 3403 3063">
     <span class='ocr_line' id='line_1_59' title="bbox 1833 2988 3403 3063; baseline 0.001 -20"><span class='ocrx_word' id='word_1_367' title='bbox 1833 2988 2125 3059; x_wconf 80' lang='lat' dir='ltr'><strong>imaginem</strong></span> <span class='ocrx_word' id='word_1_368' title='bbox 2181 3004 2293 3043; x_wconf 88' lang='lat' dir='ltr'><strong>non</strong></span> <span class='ocrx_word' id='word_1_369' title='bbox 2353 3000 2695 3059; x_wconf 86' lang='lat' dir='ltr'><strong>receperunt,</strong></span> <span class='ocrx_word' id='word_1_370' title='bbox 2746 2992 3006 3053; x_wconf 90' lang='lat' dir='ltr'><strong>instruat,</strong></span> <span class='ocrx_word' id='word_1_371' title='bbox 3061 2992 3403 3063; x_wconf 78' lang='lat' dir='ltr'><strong>suadereque</strong></span> 
     </span>
    </p>
   </div>
   <div class='ocr_carea' id='block_1_60' title="bbox 164 3066 1730 3179">
    <p class='ocr_par' dir='ltr' id='par_1_60' title="bbox 164 3066 1730 3179">
     <span class='ocr_line' id='line_1_60' title="bbox 164 3066 1730 3139; baseline 0.001 -19"><span class='ocrx_word' id='word_1_372' title='bbox 164 3085 317 3139; x_wconf 84' lang='grc' dir='ltr'>ρους,</span> <span class='ocrx_word' id='word_1_373' title='bbox 370 3069 494 3131; x_wconf 79' lang='grc' dir='ltr'>τοὺς</span> <span class='ocrx_word' id='word_1_374' title='bbox 545 3066 846 3137; x_wconf 79' lang='grc' dir='ltr'>κατάληψιν</span> <span class='ocrx_word' id='word_1_375' title='bbox 899 3066 1185 3138; x_wconf 81' lang='grc' dir='ltr'>βασιλικὴν</span> <span class='ocrx_word' id='word_1_376' title='bbox 1252 3068 1316 3121; x_wconf 81' lang='grc' dir='ltr'>ἐκ</span> <span class='ocrx_word' id='word_1_377' title='bbox 1373 3070 1583 3139; x_wconf 85' lang='grc' dir='ltr'>μορφῆς</span> <span class='ocrx_word' id='word_1_378' title='bbox 1632 3070 1730 3123; x_wconf 87' lang='grc' dir='ltr'><strong>οὑκ</strong></span> 
     </span>
     <span class='ocr_line' id='line_1_61' title="bbox 164 3155 1700 3179; baseline 0 0"><span class='ocrx_word' id='word_1_379' title='bbox 164 3157 386 3179; x_wconf 69' lang='lat' dir='ltr'><strong>I---_-_..-</strong></span> <span class='ocrx_word' id='word_1_380' title='bbox 440 3156 527 3179; x_wconf 74' lang='lat'><strong>--..\</strong></span> <span class='ocrx_word' id='word_1_381' title='bbox 578 3156 746 3179; x_wconf 72' lang='lat' dir='ltr'><strong>__IA-_</strong></span> <span class='ocrx_word' id='word_1_382' title='bbox 809 3158 884 3179; x_wconf 60' lang='grc' dir='ltr'><strong>Β--</strong></span> <span class='ocrx_word' id='word_1_383' title='bbox 930 3155 1059 3179; x_wconf 57' lang='grc' dir='ltr'><strong>..Η-,ρ</strong></span> <span class='ocrx_word' id='word_1_384' title='bbox 1095 3158 1123 3179; x_wconf 66' lang='lat'><strong>.1</strong></span> <span class='ocrx_word' id='word_1_385' title='bbox 1168 3157 1344 3179; x_wconf 65' lang='lat' dir='ltr'>____L</span> <span class='ocrx_word' id='word_1_386' title='bbox 1392 3158 1487 3179; x_wconf 64' lang='lat'><strong>_3-</strong></span> <span class='ocrx_word' id='word_1_387' title='bbox 1527 3157 1700 3179; x_wconf 58' lang='lat'><strong>1.\_&#39;.__</strong></span> 
     </span>
    </p>
   </div>
   <div class='ocr_carea' id='block_1_61' title="bbox 1839 3066 3404 3179">
    <p class='ocr_par' dir='ltr' id='par_1_61' title="bbox 1839 3080 3404 3155">
     <span class='ocr_line' id='line_1_62' title="bbox 1839 3080 3404 3155; baseline 0.001 -22"><span class='ocrx_word' id='word_1_388' title='bbox 1839 3087 2068 3134; x_wconf 87' lang='lat' dir='ltr'><strong>conatur</strong></span> <span class='ocrx_word' id='word_1_389' title='bbox 2108 3080 2251 3135; x_wconf 87' lang='lat' dir='ltr'><strong>hanc</strong></span> <span class='ocrx_word' id='word_1_390' title='bbox 2299 3082 2633 3136; x_wconf 81' lang='lat' dir='ltr'><strong>emarcidam</strong></span> <span class='ocrx_word' id='word_1_391' title='bbox 2684 3082 2864 3150; x_wconf 81' lang='lat' dir='ltr'><strong>vulpis</strong></span> <span class='ocrx_word' id='word_1_392' title='bbox 2896 3081 3144 3153; x_wconf 86' lang='lat' dir='ltr'><strong>ﬁguram,</strong></span> <span class='ocrx_word' id='word_1_393' title='bbox 3182 3084 3404 3155; x_wconf 81' lang='lat' dir='ltr'><strong>perpul-</strong></span> 
     </span>
    </p>
   </div>
   <div class='ocr_carea' id='block_1_62' title="bbox 162 3155 1733 3227">
    <p class='ocr_par' dir='ltr' id='par_1_62' title="bbox 162 3155 1733 3227">
     <span class='ocr_line' id='line_1_63' title="bbox 162 3155 1733 3227; baseline 0.001 -18"><span class='ocrx_word' id='word_1_394' title='bbox 162 3157 407 3226; x_wconf 76' lang='grc' dir='ltr'>ἔχοντας,</span> <span class='ocrx_word' id='word_1_395' title='bbox 438 3156 532 3211; x_wconf 68' lang='grc' dir='ltr'>καὶ</span> <span class='ocrx_word' id='word_1_396' title='bbox 574 3156 772 3218; x_wconf 88' lang='grc' dir='ltr'>πείθοι,</span> <span class='ocrx_word' id='word_1_397' title='bbox 805 3158 888 3210; x_wconf 82' lang='grc' dir='ltr'>ὅτι</span> <span class='ocrx_word' id='word_1_398' title='bbox 925 3155 1065 3225; x_wconf 78' lang='grc' dir='ltr'>αὕτη</span> <span class='ocrx_word' id='word_1_399' title='bbox 1094 3158 1128 3227; x_wconf 88' lang='grc' dir='ltr'><strong>ή</strong></span> <span class='ocrx_word' id='word_1_400' title='bbox 1164 3157 1346 3227; x_wconf 85' lang='grc' dir='ltr'>σαπρά</span> <span class='ocrx_word' id='word_1_401' title='bbox 1390 3158 1488 3227; x_wconf 79' lang='grc' dir='ltr'>τῆς</span> <span class='ocrx_word' id='word_1_402' title='bbox 1519 3157 1733 3211; x_wconf 85' lang='grc' dir='ltr'>ἀλώπε-</span> 
     </span>
    </p>
   </div>
   <div class='ocr_carea' id='block_1_63' title="bbox 160 3246 1727 3317">
    <p class='ocr_par' dir='ltr' id='par_1_63' title="bbox 160 3246 1727 3317">
     <span class='ocr_line' id='line_1_64' title="bbox 160 3246 1727 3317; baseline 0.001 -17"><span class='ocrx_word' id='word_1_403' title='bbox 160 3264 257 3311; x_wconf 84' lang='grc' dir='ltr'><strong>κος</strong></span> <span class='ocrx_word' id='word_1_404' title='bbox 292 3247 407 3300; x_wconf 77' lang='grc' dir='ltr'>ἰδέα</span> <span class='ocrx_word' id='word_1_405' title='bbox 440 3246 619 3316; x_wconf 81' lang='grc' dir='ltr'>ἐκείνη</span> <span class='ocrx_word' id='word_1_406' title='bbox 668 3247 814 3299; x_wconf 71' lang='grc' dir='ltr'>ἐστὶν</span> <span class='ocrx_word' id='word_1_407' title='bbox 859 3248 891 3316; x_wconf 88' lang='grc' dir='ltr'><strong>ή</strong></span> <span class='ocrx_word' id='word_1_408' title='bbox 920 3246 1059 3317; x_wconf 86' lang='grc' dir='ltr'>καλὴ</span> <span class='ocrx_word' id='word_1_409' title='bbox 1090 3247 1183 3300; x_wconf 84' lang='grc' dir='ltr'><strong>τοῦ</strong></span> <span class='ocrx_word' id='word_1_410' title='bbox 1221 3246 1485 3317; x_wconf 85' lang='grc' dir='ltr'>βασιλέως</span> <span class='ocrx_word' id='word_1_411' title='bbox 1526 3248 1689 3302; x_wconf 85' lang='grc' dir='ltr'>εἰκών</span> <span class='ocrx_word' id='word_1_412' title='bbox 1714 3265 1727 3279; x_wconf 85' lang='grc'><em>’</em></span> 
     </span>
    </p>
   </div>
   <div class='ocr_carea' id='block_1_64' title="bbox 163 3340 1733 3413">
    <p class='ocr_par' dir='ltr' id='par_1_64' title="bbox 163 3340 1733 3413">
     <span class='ocr_line' id='line_1_65' title="bbox 163 3340 1733 3413; baseline 0 -19"><span class='ocrx_word' id='word_1_413' title='bbox 163 3342 258 3394; x_wconf 72' lang='grc' dir='ltr'><strong>τῖιν</strong></span> <span class='ocrx_word' id='word_1_414' title='bbox 292 3340 457 3396; x_wconf 77' lang='grc' dir='ltr'>αὑτὸν</span> <span class='ocrx_word' id='word_1_415' title='bbox 483 3343 683 3411; x_wconf 88' lang='grc' dir='ltr'>τρόπον</span> <span class='ocrx_word' id='word_1_416' title='bbox 710 3341 804 3393; x_wconf 72' lang='grc' dir='ltr'>καὶ</span> <span class='ocrx_word' id='word_1_417' title='bbox 830 3342 881 3394; x_wconf 89' lang='grc' dir='ltr'>οἱ</span> <span class='ocrx_word' id='word_1_418' title='bbox 914 3340 1283 3412; x_wconf 88' lang='grc' dir='ltr'>αἰρεσιάρχαι,</span> <span class='ocrx_word' id='word_1_419' title='bbox 1313 3342 1497 3412; x_wconf 85' lang='grc' dir='ltr'>γραῶν</span> <span class='ocrx_word' id='word_1_420' title='bbox 1532 3342 1733 3413; x_wconf 86' lang='grc' dir='ltr'>τρόπον</span> 
     </span>
    </p>
   </div>
   <div class='ocr_carea' id='block_1_65' title="bbox 163 3416 1733 3503">
    <p class='ocr_par' dir='ltr' id='par_1_65' title="bbox 163 3416 1733 3503">
     <span class='ocr_line' id='line_1_66' title="bbox 163 3416 1733 3503; baseline 0.001 -20"><span class='ocrx_word' id='word_1_421' title='bbox 163 3429 635 3499; x_wconf 85' lang='grc' dir='ltr'>συγκαττύσαντες</span> <span class='ocrx_word' id='word_1_422' title='bbox 674 3430 912 3501; x_wconf 76' lang='grc' dir='ltr'>ῥήματα,</span> <span class='ocrx_word' id='word_1_423' title='bbox 934 3430 1027 3482; x_wconf 81' lang='grc' dir='ltr'><strong>καὶ</strong></span> <span class='ocrx_word' id='word_1_424' title='bbox 1051 3430 1221 3496; x_wconf 80' lang='grc' dir='ltr'>λέξεις</span> <span class='ocrx_word' id='word_1_425' title='bbox 1246 3432 1412 3493; x_wconf 76' lang='grc' dir='ltr'>τινας,</span> <span class='ocrx_word' id='word_1_426' title='bbox 1440 3430 1531 3483; x_wconf 76' lang='grc' dir='ltr'>καὶ</span> <span class='ocrx_word' id='word_1_427' title='bbox 1548 3416 1733 3503; x_wconf 88' lang='grc' dir='ltr'>παρα-</span> 
     </span>
    </p>
   </div>
   <div class='ocr_carea' id='block_1_66' title="bbox 163 3518 1732 3590">
    <p class='ocr_par' dir='ltr' id='par_1_66' title="bbox 163 3518 1732 3590">
     <span class='ocr_line' id='line_1_67' title="bbox 163 3518 1732 3590; baseline 0.002 -19"><span class='ocrx_word' id='word_1_428' title='bbox 163 3519 332 3581; x_wconf 75' lang='grc' dir='ltr'>σολὰς</span> <span class='ocrx_word' id='word_1_429' title='bbox 358 3518 506 3581; x_wconf 84' lang='grc' dir='ltr'>θείας</span> <span class='ocrx_word' id='word_1_430' title='bbox 538 3519 757 3588; x_wconf 78' lang='grc' dir='ltr'>Γραφῆς</span> <span class='ocrx_word' id='word_1_431' title='bbox 777 3520 1219 3583; x_wconf 79' lang='grc' dir='ltr'>ἀποσπάσαντες,</span> <span class='ocrx_word' id='word_1_432' title='bbox 1245 3520 1576 3590; x_wconf 74' lang='grc' dir='ltr'>ἐφαρμόζειν</span> <span class='ocrx_word' id='word_1_433' title='bbox 1612 3520 1732 3590; x_wconf 82' lang='grc' dir='ltr'><strong>βιά-</strong></span> 
     </span>
    </p>
   </div>
   <div class='ocr_carea' id='block_1_67' title="bbox 162 3608 1735 3679">
    <p class='ocr_par' dir='ltr' id='par_1_67' title="bbox 162 3608 1735 3679">
     <span class='ocr_line' id='line_1_68' title="bbox 162 3608 1735 3679; baseline 0.003 -16"><span class='ocrx_word' id='word_1_434' title='bbox 162 3610 350 3675; x_wconf 83' lang='grc' dir='ltr'>ζονται</span> <span class='ocrx_word' id='word_1_435' title='bbox 387 3613 502 3673; x_wconf 80' lang='grc' dir='ltr'>τοῖς</span> <span class='ocrx_word' id='word_1_436' title='bbox 542 3610 746 3663; x_wconf 77' lang='grc' dir='ltr'>ἑαυτῶν</span> <span class='ocrx_word' id='word_1_437' title='bbox 779 3608 965 3679; x_wconf 83' lang='grc' dir='ltr'>μύθοις</span> <span class='ocrx_word' id='word_1_438' title='bbox 1001 3609 1069 3663; x_wconf 83' lang='grc' dir='ltr'>τὰ</span> <span class='ocrx_word' id='word_1_439' title='bbox 1101 3609 1256 3679; x_wconf 86' lang='grc' dir='ltr'>λόγια</span> <span class='ocrx_word' id='word_1_440' title='bbox 1276 3611 1367 3664; x_wconf 89' lang='grc' dir='ltr'><strong>τοῦ</strong></span> <span class='ocrx_word' id='word_1_441' title='bbox 1389 3612 1546 3667; x_wconf 86' lang='grc' dir='ltr'>Θεοῦ.</span> <span class='ocrx_word' id='word_1_442' title='bbox 1588 3613 1735 3669; x_wconf 78' lang='grc' dir='ltr'><strong>Αλλά</strong></span> 
     </span>
    </p>
   </div>
   <div class='ocr_carea' id='block_1_68' title="bbox 181 3699 999 3773">
    <p class='ocr_par' dir='ltr' id='par_1_68' title="bbox 181 3699 999 3773">
     <span class='ocr_line' id='line_1_69' title="bbox 181 3699 999 3773; baseline -0.002 -19"><span class='ocrx_word' id='word_1_443' title='bbox 181 3699 257 3773; x_wconf 78' lang='grc' dir='ltr'>μὴ</span> <span class='ocrx_word' id='word_1_444' title='bbox 295 3702 541 3770; x_wconf 84' lang='grc' dir='ltr'>ἀγνοεῖτε</span> <span class='ocrx_word' id='word_1_445' title='bbox 573 3701 697 3759; x_wconf 77' lang='grc' dir='ltr'>τοὺς</span> <span class='ocrx_word' id='word_1_446' title='bbox 729 3700 999 3763; x_wconf 87' lang='grc' dir='ltr'>τοιούτους</span> 
     </span>
    </p>
   </div>
   <div class='ocr_carea' id='block_1_69' title="bbox 556 3790 1328 3863">
    <p class='ocr_par' dir='ltr' id='par_1_69' title="bbox 556 3790 1328 3863">
     <span class='ocr_line' id='line_1_70' title="bbox 556 3790 1328 3863; baseline 0.004 -20"><span class='ocrx_word' id='word_1_447' title='bbox 556 3791 733 3844; x_wconf 69' lang='grc' dir='ltr'><strong>ΣΜιγ.</strong></span> <span class='ocrx_word' id='word_1_448' title='bbox 772 3821 841 3832; x_wconf 90' lang='grc'><strong>-</strong></span> <span class='ocrx_word' id='word_1_449' title='bbox 870 3790 1328 3863; x_wconf 76' lang='grc' dir='ltr'><strong>ΘΕΟΚΛΕΙΑΝῼ.</strong></span> 
     </span>
    </p>
   </div>
   <div class='ocr_carea' id='block_1_70' title="bbox 236 3880 1731 3952">
    <p class='ocr_par' dir='ltr' id='par_1_70' title="bbox 236 3880 1731 3952">
     <span class='ocr_line' id='line_1_71' title="bbox 236 3880 1731 3952; baseline 0.005 -18"><span class='ocrx_word' id='word_1_450' title='bbox 236 3898 258 3934; x_wconf 72' lang='grc' dir='ltr'><strong>ι</strong></span> <span class='ocrx_word' id='word_1_451' title='bbox 304 3880 441 3934; x_wconf 73' lang='grc' dir='ltr'>Ἀλλ’</span> <span class='ocrx_word' id='word_1_452' title='bbox 458 3883 611 3951; x_wconf 80' lang='grc' dir='ltr'>ἡμῖν,</span> <span class='ocrx_word' id='word_1_453' title='bbox 638 3901 657 3933; x_wconf 76' lang='grc' dir='ltr'><strong>ι</strong></span> <span class='ocrx_word' id='word_1_454' title='bbox 682 3882 844 3952; x_wconf 78' lang='grc' dir='ltr'>φησὶν</span> <span class='ocrx_word' id='word_1_455' title='bbox 869 3883 1274 3949; x_wconf 72' lang='grc' dir='ltr'>όἈπόστολος,ι</span> <span class='ocrx_word' id='word_1_456' title='bbox 1303 3880 1382 3948; x_wconf 72' lang='grc' dir='ltr'>εἷς</span> <span class='ocrx_word' id='word_1_457' title='bbox 1406 3885 1536 3951; x_wconf 78' lang='grc' dir='ltr'>Θεὸς</span> <span class='ocrx_word' id='word_1_458' title='bbox 1562 3889 1590 3941; x_wconf 92' lang='lat'><strong>6</strong></span> <span class='ocrx_word' id='word_1_459' title='bbox 1618 3889 1731 3942; x_wconf 88' lang='grc' dir='ltr'>Πα-</span> 
     </span>
    </p>
   </div>
   <div class='ocr_carea' id='block_1_71' title="bbox 162 3962 1732 4041">
    <p class='ocr_par' dir='ltr' id='par_1_71' title="bbox 162 3962 1732 4041">
     <span class='ocr_line' id='line_1_72' title="bbox 162 3962 1732 4041; baseline 0.008 -23"><span class='ocrx_word' id='word_1_460' title='bbox 162 3968 287 4038; x_wconf 75' lang='grc' dir='ltr'>τὴρ,</span> <span class='ocrx_word' id='word_1_461' title='bbox 317 3967 375 4033; x_wconf 80' lang='grc' dir='ltr'><strong>ἐξ</strong></span> <span class='ocrx_word' id='word_1_462' title='bbox 400 3962 460 4021; x_wconf 81' lang='grc' dir='ltr'><strong>οὑ</strong></span> <span class='ocrx_word' id='word_1_463' title='bbox 484 3968 552 4022; x_wconf 84' lang='grc' dir='ltr'>τὰ</span> <span class='ocrx_word' id='word_1_464' title='bbox 600 3968 774 4021; x_wconf 81' lang='grc' dir='ltr'>πάντα</span> <span class='ocrx_word' id='word_1_465' title='bbox 797 4010 811 4034; x_wconf 89' lang='grc'><strong>,</strong></span> <span class='ocrx_word' id='word_1_466' title='bbox 849 3972 944 4025; x_wconf 79' lang='grc' dir='ltr'>καὶ</span> <span class='ocrx_word' id='word_1_467' title='bbox 979 3974 1139 4040; x_wconf 83' lang='grc' dir='ltr'>ἡμεῖς</span> <span class='ocrx_word' id='word_1_468' title='bbox 1177 3975 1258 4035; x_wconf 87' lang='grc' dir='ltr'><strong>εἰς</strong></span> <span class='ocrx_word' id='word_1_469' title='bbox 1287 3974 1449 4027; x_wconf 88' lang='grc' dir='ltr'>αὑτόν</span> <span class='ocrx_word' id='word_1_470' title='bbox 1476 3992 1489 4009; x_wconf 71' lang='grc' dir='ltr'><strong>ν</strong></span> <span class='ocrx_word' id='word_1_471' title='bbox 1517 3978 1609 4029; x_wconf 74' lang='grc' dir='ltr'>καὶ</span> <span class='ocrx_word' id='word_1_472' title='bbox 1652 3972 1732 4041; x_wconf 70' lang='grc' dir='ltr'>εἷς</span> 
     </span>
    </p>
   </div>
   <div class='ocr_carea' id='block_1_72' title="bbox 162 4051 1734 4134">
    <p class='ocr_par' dir='ltr' id='par_1_72' title="bbox 162 4051 1734 4134">
     <span class='ocr_line' id='line_1_73' title="bbox 162 4051 1734 4134; baseline 0.006 -25"><span class='ocrx_word' id='word_1_473' title='bbox 162 4055 369 4126; x_wconf 84' lang='grc' dir='ltr'>Κύριος</span> <span class='ocrx_word' id='word_1_474' title='bbox 397 4056 604 4127; x_wconf 84' lang='grc' dir='ltr'>Ἰησοῦς</span> <span class='ocrx_word' id='word_1_475' title='bbox 639 4058 887 4126; x_wconf 85' lang='grc' dir='ltr'>Χριστὸς,</span> <span class='ocrx_word' id='word_1_476' title='bbox 920 4059 986 4111; x_wconf 88' lang='grc' dir='ltr'><strong>δι’</strong></span> <span class='ocrx_word' id='word_1_477' title='bbox 1014 4051 1075 4111; x_wconf 74' lang='grc' dir='ltr'><strong>οὗ</strong></span> <span class='ocrx_word' id='word_1_478' title='bbox 1112 4061 1180 4113; x_wconf 83' lang='grc' dir='ltr'>τὰ</span> <span class='ocrx_word' id='word_1_479' title='bbox 1220 4061 1417 4127; x_wconf 84' lang='grc' dir='ltr'>πάντα,</span> <span class='ocrx_word' id='word_1_480' title='bbox 1451 4066 1544 4117; x_wconf 72' lang='grc' dir='ltr'>καὶ</span> <span class='ocrx_word' id='word_1_481' title='bbox 1572 4067 1734 4134; x_wconf 87' lang='grc' dir='ltr'>ήμεῖς</span> 
     </span>
    </p>
   </div>
   <div class='ocr_carea' id='block_1_73' title="bbox 161 4144 1733 4217">
    <p class='ocr_par' dir='ltr' id='par_1_73' title="bbox 161 4144 1733 4217">
     <span class='ocr_line' id='line_1_74' title="bbox 161 4144 1733 4217; baseline 0.006 -17"><span class='ocrx_word' id='word_1_482' title='bbox 161 4147 228 4200; x_wconf 83' lang='grc' dir='ltr'><strong>δι’</strong></span> <span class='ocrx_word' id='word_1_483' title='bbox 258 4145 446 4202; x_wconf 85' lang='grc' dir='ltr'>αὑτοῦ.</span> <span class='ocrx_word' id='word_1_484' title='bbox 494 4166 511 4199; x_wconf 71' lang='grc' dir='ltr'><strong>ι</strong></span> <span class='ocrx_word' id='word_1_485' title='bbox 561 4147 683 4212; x_wconf 85' lang='grc' dir='ltr'><strong>Πῶς</strong></span> <span class='ocrx_word' id='word_1_486' title='bbox 716 4144 809 4202; x_wconf 84' lang='grc' dir='ltr'><strong>οῦν</strong></span> <span class='ocrx_word' id='word_1_487' title='bbox 870 4149 1127 4203; x_wconf 77' lang='grc' dir='ltr'>πολυθεῖα</span> <span class='ocrx_word' id='word_1_488' title='bbox 1171 4149 1344 4217; x_wconf 72' lang='grc' dir='ltr'>ἔσται,</span> <span class='ocrx_word' id='word_1_489' title='bbox 1394 4156 1485 4207; x_wconf 76' lang='grc' dir='ltr'>καὶ</span> <span class='ocrx_word' id='word_1_490' title='bbox 1540 4156 1733 4209; x_wconf 76' lang='grc' dir='ltr'>πολλαὶ</span> 
     </span>
    </p>
   </div>
   <div class='ocr_carea' id='block_1_74' title="bbox 163 4236 1732 4315">
    <p class='ocr_par' dir='ltr' id='par_1_74' title="bbox 163 4236 1732 4315">
     <span class='ocr_line' id='line_1_75' title="bbox 163 4236 1732 4315; baseline 0.006 -23"><span class='ocrx_word' id='word_1_491' title='bbox 163 4238 329 4308; x_wconf 85' lang='grc' dir='ltr'>ἀρχαί</span> <span class='ocrx_word' id='word_1_492' title='bbox 356 4258 372 4305; x_wconf 88' lang='grc'>;</span> <span class='ocrx_word' id='word_1_493' title='bbox 402 4240 608 4294; x_wconf 80' lang='grc' dir='ltr'>Οὐκοῦν</span> <span class='ocrx_word' id='word_1_494' title='bbox 633 4236 712 4305; x_wconf 76' lang='grc' dir='ltr'>εἷς</span> <span class='ocrx_word' id='word_1_495' title='bbox 744 4242 974 4311; x_wconf 83' lang='grc' dir='ltr'>ὑπάρχει</span> <span class='ocrx_word' id='word_1_496' title='bbox 998 4243 1025 4294; x_wconf 91' lang='lat'><strong>6</strong></span> <span class='ocrx_word' id='word_1_497' title='bbox 1053 4243 1284 4315; x_wconf 76' lang='grc' dir='ltr'>Ποιητής</span> <span class='ocrx_word' id='word_1_498' title='bbox 1314 4245 1421 4298; x_wconf 88' lang='grc' dir='ltr'><strong>τῶν</strong></span> <span class='ocrx_word' id='word_1_499' title='bbox 1460 4248 1614 4313; x_wconf 82' lang='grc' dir='ltr'>ὅλων,</span> <span class='ocrx_word' id='word_1_500' title='bbox 1639 4250 1732 4302; x_wconf 79' lang='grc' dir='ltr'>καὶ</span> 
     </span>
    </p>
   </div>
   <div class='ocr_carea' id='block_1_75' title="bbox 162 4328 1733 4404">
    <p class='ocr_par' dir='ltr' id='par_1_75' title="bbox 162 4328 1733 4404">
     <span class='ocr_line' id='line_1_76' title="bbox 162 4328 1733 4404; baseline 0.006 -22"><span class='ocrx_word' id='word_1_501' title='bbox 162 4328 286 4383; x_wconf 77' lang='grc' dir='ltr'>οὔτε</span> <span class='ocrx_word' id='word_1_502' title='bbox 336 4331 517 4384; x_wconf 85' lang='grc' dir='ltr'>πολλοί</span> <span class='ocrx_word' id='word_1_503' title='bbox 545 4332 679 4396; x_wconf 80' lang='grc' dir='ltr'>θεοὶ,</span> <span class='ocrx_word' id='word_1_504' title='bbox 714 4333 892 4397; x_wconf 86' lang='grc' dir='ltr'>καθὼς</span> <span class='ocrx_word' id='word_1_505' title='bbox 938 4334 1093 4404; x_wconf 83' lang='grc' dir='ltr'>ὑμεῖς</span> <span class='ocrx_word' id='word_1_506' title='bbox 1139 4334 1348 4402; x_wconf 84' lang='grc' dir='ltr'>λέγετε,</span> <span class='ocrx_word' id='word_1_507' title='bbox 1379 4335 1501 4390; x_wconf 80' lang='grc' dir='ltr'>οὕτε</span> <span class='ocrx_word' id='word_1_508' title='bbox 1549 4338 1733 4391; x_wconf 59' lang='grc' dir='ltr'><strong>πολλοὶ⁵</strong></span> 
     </span>
    </p>
   </div>
   <div class='ocr_carea' id='block_1_76' title="bbox 1835 3171 3399 3245">
    <p class='ocr_par' dir='ltr' id='par_1_76' title="bbox 1835 3171 3399 3245">
     <span class='ocr_line' id='line_1_77' title="bbox 1835 3171 3399 3245; baseline 0.004 -21"><span class='ocrx_word' id='word_1_509' title='bbox 1835 3171 2022 3226; x_wconf 89' lang='lat' dir='ltr'><strong>chram</strong></span> <span class='ocrx_word' id='word_1_510' title='bbox 2056 3172 2202 3226; x_wconf 90' lang='lat' dir='ltr'><strong>illam</strong></span> <span class='ocrx_word' id='word_1_511' title='bbox 2230 3173 2373 3243; x_wconf 87' lang='lat' dir='ltr'><strong>regis</strong></span> <span class='ocrx_word' id='word_1_512' title='bbox 2400 3173 2690 3245; x_wconf 88' lang='lat' dir='ltr'><strong>imaginem</strong></span> <span class='ocrx_word' id='word_1_513' title='bbox 2711 3189 2835 3229; x_wconf 90' lang='lat' dir='ltr'><strong>esse</strong></span> <span class='ocrx_word' id='word_1_514' title='bbox 2861 3190 2874 3227; x_wconf 90' lang='lat'>:</span> <span class='ocrx_word' id='word_1_515' title='bbox 2905 3176 3093 3231; x_wconf 89' lang='lat' dir='ltr'><strong>eadem</strong></span> <span class='ocrx_word' id='word_1_516' title='bbox 3123 3178 3399 3230; x_wconf 60' lang='lat' dir='ltr'><strong>haereseon</strong></span> 
     </span>
    </p>
   </div>
   <div class='ocr_carea' id='block_1_77' title="bbox 1834 3263 3402 3334">
    <p class='ocr_par' dir='ltr' id='par_1_77' title="bbox 1834 3263 3402 3334">
     <span class='ocr_line' id='line_1_78' title="bbox 1834 3263 3402 3334; baseline 0.006 -18"><span class='ocrx_word' id='word_1_517' title='bbox 1834 3263 1993 3333; x_wconf 70' lang='lat' dir='ltr'><strong>primi</strong></span> <span class='ocrx_word' id='word_1_518' title='bbox 2026 3275 2301 3334; x_wconf 88' lang='lat' dir='ltr'><strong>parentes,</strong></span> <span class='ocrx_word' id='word_1_519' title='bbox 2328 3282 2478 3321; x_wconf 87' lang='lat' dir='ltr'><strong>more</strong></span> <span class='ocrx_word' id='word_1_520' title='bbox 2506 3268 2831 3333; x_wconf 80' lang='lat' dir='ltr'><strong>vetularnm,</strong></span> <span class='ocrx_word' id='word_1_521' title='bbox 2859 3268 3024 3322; x_wconf 87' lang='lat' dir='ltr'><strong>verba</strong></span> <span class='ocrx_word' id='word_1_522' title='bbox 3056 3278 3111 3323; x_wconf 93' lang='lat' dir='ltr'><strong>et</strong></span> <span class='ocrx_word' id='word_1_523' title='bbox 3132 3268 3402 3325; x_wconf 87' lang='lat' dir='ltr'><strong>dictiones</strong></span> 
     </span>
    </p>
   </div>
   <div class='ocr_carea' id='block_1_78' title="bbox 1834 3346 3400 3431">
    <p class='ocr_par' dir='ltr' id='par_1_78' title="bbox 1834 3346 3400 3431">
     <span class='ocr_line' id='line_1_79' title="bbox 1834 3346 3400 3431; baseline 0.002 -21"><span class='ocrx_word' id='word_1_524' title='bbox 1834 3357 2307 3421; x_wconf 87' lang='lat' dir='ltr'><strong>consarcinantes,</strong></span> <span class='ocrx_word' id='word_1_525' title='bbox 2334 3358 2441 3431; x_wconf 83' lang='lat'><strong>93</strong></span> <span class='ocrx_word' id='word_1_526' title='bbox 2465 3370 2518 3414; x_wconf 88' lang='lat' dir='ltr'><strong>et</strong></span> <span class='ocrx_word' id='word_1_527' title='bbox 2551 3360 2751 3414; x_wconf 69' lang='lat' dir='ltr'><strong>divina:</strong></span> <span class='ocrx_word' id='word_1_528' title='bbox 2784 3346 3083 3430; x_wconf 74' lang='lat' dir='ltr'><strong>Scriptura:</strong></span> <span class='ocrx_word' id='word_1_529' title='bbox 3110 3362 3400 3430; x_wconf 86' lang='lat' dir='ltr'><strong>parabolas</strong></span> 
     </span>
    </p>
   </div>
   <div class='ocr_carea' id='block_1_79' title="bbox 1834 3448 3403 3522">
    <p class='ocr_par' dir='ltr' id='par_1_79' title="bbox 1834 3448 3403 3522">
     <span class='ocr_line' id='line_1_80' title="bbox 1834 3448 3403 3522; baseline 0.006 -22"><span class='ocrx_word' id='word_1_530' title='bbox 1834 3448 2129 3503; x_wconf 84' lang='lat' dir='ltr'><strong>nonnullas</strong></span> <span class='ocrx_word' id='word_1_531' title='bbox 2154 3452 2599 3515; x_wconf 77' lang='lat' dir='ltr'><strong>avellentes,suis</strong></span> <span class='ocrx_word' id='word_1_532' title='bbox 2627 3451 2824 3507; x_wconf 85' lang='lat' dir='ltr'><strong>fabulis</strong></span> <span class='ocrx_word' id='word_1_533' title='bbox 2848 3453 3065 3522; x_wconf 89' lang='lat' dir='ltr'><strong>eloquia</strong></span> <span class='ocrx_word' id='word_1_534' title='bbox 3090 3452 3403 3509; x_wconf 88' lang='lat' dir='ltr'><strong>Deiaccom-</strong></span> 
     </span>
    </p>
   </div>
   <div class='ocr_carea' id='block_1_80' title="bbox 1834 3541 3329 3620">
    <p class='ocr_par' dir='ltr' id='par_1_80' title="bbox 1834 3541 3329 3620">
     <span class='ocr_line' id='line_1_81' title="bbox 1834 3541 3329 3620; baseline 0.007 -28"><span class='ocrx_word' id='word_1_535' title='bbox 1834 3541 2059 3595; x_wconf 84' lang='lat' dir='ltr'><strong>modare</strong></span> <span class='ocrx_word' id='word_1_536' title='bbox 2087 3543 2447 3598; x_wconf 89' lang='lat' dir='ltr'><strong>contendunt.</strong></span> <span class='ocrx_word' id='word_1_537' title='bbox 2478 3543 2583 3598; x_wconf 90' lang='lat' dir='ltr'><strong>Sed</strong></span> <span class='ocrx_word' id='word_1_538' title='bbox 2620 3559 2714 3599; x_wconf 86' lang='lat' dir='ltr'><strong>vos</strong></span> <span class='ocrx_word' id='word_1_539' title='bbox 2740 3546 2908 3600; x_wconf 89' lang='lat' dir='ltr'><strong>hosce</strong></span> <span class='ocrx_word' id='word_1_540' title='bbox 2942 3562 3011 3601; x_wconf 88' lang='lat' dir='ltr'><strong>ne</strong></span> <span class='ocrx_word' id='word_1_541' title='bbox 3046 3545 3329 3620; x_wconf 85' lang='lat' dir='ltr'><strong>ignoretis.</strong></span> 
     </span>
    </p>
   </div>
   <div class='ocr_carea' id='block_1_81' title="bbox 2158 3792 3068 3854">
    <p class='ocr_par' dir='ltr' id='par_1_81' title="bbox 2158 3792 3068 3854">
     <span class='ocr_line' id='line_1_82' title="bbox 2158 3792 3068 3854; baseline 0.008 -7"><span class='ocrx_word' id='word_1_542' title='bbox 2158 3792 2474 3848; x_wconf 78' lang='lat' dir='ltr'><strong>CCXLVIII.</strong></span> <span class='ocrx_word' id='word_1_543' title='bbox 2508 3828 2579 3837; x_wconf 91' lang='lat'><strong><em>—</em></strong></span> <span class='ocrx_word' id='word_1_544' title='bbox 2611 3795 3068 3854; x_wconf 76' lang='lat' dir='ltr'><strong>TIIEOCIJANO.</strong></span> 
     </span>
    </p>
   </div>
   <div class='ocr_carea' id='block_1_82' title="bbox 1909 3889 3398 3957">
    <p class='ocr_par' dir='ltr' id='par_1_82' title="bbox 1909 3889 3398 3957">
     <span class='ocr_line' id='line_1_83' title="bbox 1909 3889 3398 3957; baseline 0.004 -16"><span class='ocrx_word' id='word_1_545' title='bbox 1909 3908 1927 3941; x_wconf 78' lang='grc' dir='ltr'><strong>ι</strong></span> <span class='ocrx_word' id='word_1_546' title='bbox 1952 3889 2057 3943; x_wconf 85' lang='lat' dir='ltr'><strong>Sed</strong></span> <span class='ocrx_word' id='word_1_547' title='bbox 2087 3889 2267 3950; x_wconf 84' lang='lat' dir='ltr'><strong>nobis,</strong></span> <span class='ocrx_word' id='word_1_548' title='bbox 2291 3907 2309 3937; x_wconf 72' lang='grc' dir='ltr'><strong>ι</strong></span> <span class='ocrx_word' id='word_1_549' title='bbox 2340 3889 2743 3957; x_wconf 78' lang='lat' dir='ltr'><strong>aitApostolus,</strong></span> <span class='ocrx_word' id='word_1_550' title='bbox 2772 3907 2943 3944; x_wconf 75' lang='lat' dir='ltr'><strong>runus</strong></span> <span class='ocrx_word' id='word_1_551' title='bbox 2970 3892 3109 3945; x_wconf 80' lang='lat' dir='ltr'><strong>Deus</strong></span> <span class='ocrx_word' id='word_1_552' title='bbox 3126 3891 3304 3957; x_wconf 85' lang='lat' dir='ltr'><strong>Pater,</strong></span> <span class='ocrx_word' id='word_1_553' title='bbox 3334 3911 3398 3947; x_wconf 75' lang='lat' dir='ltr'><strong>ex</strong></span> 
     </span>
    </p>
   </div>
   <div class='ocr_carea' id='block_1_83' title="bbox 1833 3980 3399 4050">
    <p class='ocr_par' dir='ltr' id='par_1_83' title="bbox 1833 3980 3399 4050">
     <span class='ocr_line' id='line_1_84' title="bbox 1833 3980 3399 4050; baseline 0.004 -17"><span class='ocrx_word' id='word_1_554' title='bbox 1833 3996 1943 4050; x_wconf 89' lang='lat' dir='ltr'><strong>quo</strong></span> <span class='ocrx_word' id='word_1_555' title='bbox 1972 3981 2176 4041; x_wconf 89' lang='lat' dir='ltr'><strong>omnia,</strong></span> <span class='ocrx_word' id='word_1_556' title='bbox 2201 3990 2255 4032; x_wconf 90' lang='lat' dir='ltr'><strong>et</strong></span> <span class='ocrx_word' id='word_1_557' title='bbox 2282 3995 2383 4032; x_wconf 92' lang='lat' dir='ltr'><strong>nos</strong></span> <span class='ocrx_word' id='word_1_558' title='bbox 2407 3980 2460 4031; x_wconf 91' lang='lat' dir='ltr'><strong>in</strong></span> <span class='ocrx_word' id='word_1_559' title='bbox 2487 3980 2637 4033; x_wconf 88' lang='lat' dir='ltr'><strong>illum</strong></span> <span class='ocrx_word' id='word_1_560' title='bbox 2664 3997 2679 4046; x_wconf 89' lang='lat'>;</span> <span class='ocrx_word' id='word_1_561' title='bbox 2703 3991 2756 4034; x_wconf 88' lang='lat' dir='ltr'><strong>et</strong></span> <span class='ocrx_word' id='word_1_562' title='bbox 2783 3998 2924 4036; x_wconf 92' lang='lat' dir='ltr'><strong>unus</strong></span> <span class='ocrx_word' id='word_1_563' title='bbox 2947 3981 3216 4039; x_wconf 90' lang='lat' dir='ltr'><strong>Dominus</strong></span> <span class='ocrx_word' id='word_1_564' title='bbox 3241 3983 3399 4039; x_wconf 77' lang='lat' dir='ltr'><strong>Iesus</strong></span> 
     </span>
    </p>
   </div>
   <div class='ocr_carea' id='block_1_84' title="bbox 1832 4072 3394 4142">
    <p class='ocr_par' dir='ltr' id='par_1_84' title="bbox 1832 4072 3394 4142">
     <span class='ocr_line' id='line_1_85' title="bbox 1832 4072 3394 4142; baseline 0.001 -17"><span class='ocrx_word' id='word_1_565' title='bbox 1832 4072 2109 4135; x_wconf 86' lang='lat' dir='ltr'><strong>Christus,</strong></span> <span class='ocrx_word' id='word_1_566' title='bbox 2143 4086 2237 4139; x_wconf 89' lang='lat' dir='ltr'><strong>per</strong></span> <span class='ocrx_word' id='word_1_567' title='bbox 2282 4086 2443 4141; x_wconf 87' lang='lat' dir='ltr'><strong>quem</strong></span> <span class='ocrx_word' id='word_1_568' title='bbox 2490 4072 2695 4136; x_wconf 89' lang='lat' dir='ltr'><strong>omnia,</strong></span> <span class='ocrx_word' id='word_1_569' title='bbox 2723 4083 2775 4125; x_wconf 85' lang='lat' dir='ltr'><strong>et</strong></span> <span class='ocrx_word' id='word_1_570' title='bbox 2806 4088 2905 4127; x_wconf 89' lang='lat' dir='ltr'><strong>nos</strong></span> <span class='ocrx_word' id='word_1_571' title='bbox 2940 4089 3035 4142; x_wconf 89' lang='lat' dir='ltr'><strong>per</strong></span> <span class='ocrx_word' id='word_1_572' title='bbox 3070 4078 3243 4142; x_wconf 85' lang='lat' dir='ltr'><strong>ipsum</strong></span> <span class='ocrx_word' id='word_1_573' title='bbox 3274 4076 3337 4127; x_wconf 63' lang='grc' dir='ltr'><strong>δι.</strong></span> <span class='ocrx_word' id='word_1_574' title='bbox 3376 4097 3394 4126; x_wconf 75' lang='grc' dir='ltr'><strong>ι</strong></span> 
     </span>
    </p>
   </div>
   <div class='ocr_carea' id='block_1_85' title="bbox 1832 4160 3399 4234">
    <p class='ocr_par' dir='ltr' id='par_1_85' title="bbox 1832 4160 3399 4234">
     <span class='ocr_line' id='line_1_86' title="bbox 1832 4160 3399 4234; baseline 0 -17"><span class='ocrx_word' id='word_1_575' title='bbox 1832 4163 2121 4230; x_wconf 79' lang='lat' dir='ltr'><strong>Quomodo</strong></span> <span class='ocrx_word' id='word_1_576' title='bbox 2148 4163 2335 4230; x_wconf 86' lang='lat' dir='ltr'><strong>itaque</strong></span> <span class='ocrx_word' id='word_1_577' title='bbox 2373 4160 2528 4213; x_wconf 88' lang='lat' dir='ltr'><strong>multi</strong></span> <span class='ocrx_word' id='word_1_578' title='bbox 2569 4162 2642 4213; x_wconf 92' lang='lat' dir='ltr'><strong>dii</strong></span> <span class='ocrx_word' id='word_1_579' title='bbox 2686 4172 2867 4229; x_wconf 90' lang='lat' dir='ltr'><strong>erunt,</strong></span> <span class='ocrx_word' id='word_1_580' title='bbox 2905 4172 2959 4219; x_wconf 89' lang='lat' dir='ltr'><strong>et</strong></span> <span class='ocrx_word' id='word_1_581' title='bbox 2994 4166 3161 4218; x_wconf 88' lang='lat' dir='ltr'><strong>multa</strong></span> <span class='ocrx_word' id='word_1_582' title='bbox 3194 4167 3399 4234; x_wconf 82' lang='lat' dir='ltr'><strong>princi-</strong></span> 
     </span>
    </p>
   </div>
   <div class='ocr_carea' id='block_1_86' title="bbox 1833 4254 3396 4325">
    <p class='ocr_par' dir='ltr' id='par_1_86' title="bbox 1833 4254 3396 4325">
     <span class='ocr_line' id='line_1_87' title="bbox 1833 4254 3396 4325; baseline 0.003 -17"><span class='ocrx_word' id='word_1_583' title='bbox 1833 4255 1964 4325; x_wconf 85' lang='lat' dir='ltr'><strong>pia?</strong></span> <span class='ocrx_word' id='word_1_584' title='bbox 2008 4254 2125 4307; x_wconf 90' lang='lat' dir='ltr'><strong>Erit</strong></span> <span class='ocrx_word' id='word_1_585' title='bbox 2173 4268 2303 4323; x_wconf 86' lang='lat' dir='ltr'><strong>ergo</strong></span> <span class='ocrx_word' id='word_1_586' title='bbox 2356 4267 2498 4306; x_wconf 89' lang='lat' dir='ltr'><strong>unus</strong></span> <span class='ocrx_word' id='word_1_587' title='bbox 2550 4254 2797 4306; x_wconf 86' lang='lat' dir='ltr'><strong>omnium</strong></span> <span class='ocrx_word' id='word_1_588' title='bbox 2849 4255 3132 4321; x_wconf 81' lang='lat' dir='ltr'><strong>Conditor,</strong></span> <span class='ocrx_word' id='word_1_589' title='bbox 3186 4266 3240 4310; x_wconf 86' lang='lat' dir='ltr'><strong>et</strong></span> <span class='ocrx_word' id='word_1_590' title='bbox 3288 4275 3396 4312; x_wconf 92' lang='lat' dir='ltr'><strong>non</strong></span> 
     </span>
    </p>
   </div>
   <div class='ocr_carea' id='block_1_87' title="bbox 1832 4347 3392 4416">
    <p class='ocr_par' dir='ltr' id='par_1_87' title="bbox 1832 4347 3392 4416">
     <span class='ocr_line' id='line_1_88' title="bbox 1832 4347 3392 4416; baseline 0.003 -15"><span class='ocrx_word' id='word_1_591' title='bbox 1832 4348 1989 4401; x_wconf 87' lang='lat' dir='ltr'><strong>multi</strong></span> <span class='ocrx_word' id='word_1_592' title='bbox 2020 4347 2117 4409; x_wconf 88' lang='lat' dir='ltr'><strong>dii,</strong></span> <span class='ocrx_word' id='word_1_593' title='bbox 2150 4356 2208 4399; x_wconf 86' lang='lat' dir='ltr'><strong>ut</strong></span> <span class='ocrx_word' id='word_1_594' title='bbox 2258 4361 2353 4399; x_wconf 79' lang='lat' dir='ltr'><strong>vos</strong></span> <span class='ocrx_word' id='word_1_595' title='bbox 2393 4347 2745 4409; x_wconf 85' lang='lat' dir='ltr'><strong>asseveratis,</strong></span> <span class='ocrx_word' id='word_1_596' title='bbox 2791 4363 2967 4416; x_wconf 78' lang='lat' dir='ltr'><strong>neque</strong></span> <span class='ocrx_word' id='word_1_597' title='bbox 3015 4350 3169 4402; x_wconf 89' lang='lat' dir='ltr'><strong>multi</strong></span> <span class='ocrx_word' id='word_1_598' title='bbox 3207 4366 3392 4406; x_wconf 70' lang='lat' dir='ltr'><strong>mones</strong></span> 
     </span>
    </p>
   </div>
   <div class='ocr_carea' id='block_1_88' title="bbox 164 4421 1730 4513">
    <p class='ocr_par' dir='ltr' id='par_1_88' title="bbox 164 4421 1729 4495">
     <span class='ocr_line' id='line_1_89' title="bbox 164 4421 1729 4495; baseline 0.003 -21"><span class='ocrx_word' id='word_1_599' title='bbox 164 4421 380 4486; x_wconf 85' lang='grc' dir='ltr'>αἰῶνες,</span> <span class='ocrx_word' id='word_1_600' title='bbox 407 4421 633 4492; x_wconf 80' lang='grc' dir='ltr'>ἄρῤενές</span> <span class='ocrx_word' id='word_1_601' title='bbox 678 4440 737 4475; x_wconf 87' lang='grc' dir='ltr'><strong>τε</strong></span> <span class='ocrx_word' id='word_1_602' title='bbox 764 4424 857 4476; x_wconf 74' lang='grc' dir='ltr'>καὶ</span> <span class='ocrx_word' id='word_1_603' title='bbox 888 4422 1116 4492; x_wconf 86' lang='grc' dir='ltr'>θήλειαι.</span> <span class='ocrx_word' id='word_1_604' title='bbox 1158 4423 1299 4494; x_wconf 84' lang='grc' dir='ltr'>Ἔφη</span> <span class='ocrx_word' id='word_1_605' title='bbox 1333 4424 1440 4495; x_wconf 82' lang='grc' dir='ltr'><strong>γὰρ</strong></span> <span class='ocrx_word' id='word_1_606' title='bbox 1479 4426 1507 4477; x_wconf 86' lang='grc' dir='ltr'><strong>ὁ</strong></span> <span class='ocrx_word' id='word_1_607' title='bbox 1551 4426 1729 4494; x_wconf 84' lang='grc' dir='ltr'>μακά-</span> 
     </span>
    </p>
   </div>
   <div class='ocr_carea' id='block_1_89' title="bbox 1839 4421 3398 4513">
    <p class='ocr_par' dir='ltr' id='par_1_89' title="bbox 1839 4435 3398 4495">
     <span class='ocr_line' id='line_1_90' title="bbox 1839 4435 3398 4495; baseline 0.001 -3"><span class='ocrx_word' id='word_1_608' title='bbox 1839 4439 2061 4493; x_wconf 87' lang='lat' dir='ltr'><strong>masculi</strong></span> <span class='ocrx_word' id='word_1_609' title='bbox 2103 4447 2156 4492; x_wconf 87' lang='lat' dir='ltr'><strong>et</strong></span> <span class='ocrx_word' id='word_1_610' title='bbox 2195 4439 2429 4491; x_wconf 63' lang='lat' dir='ltr'><strong>feminae.</strong></span> <span class='ocrx_word' id='word_1_611' title='bbox 2466 4435 2599 4488; x_wconf 84' lang='lat' dir='ltr'><strong>Nam</strong></span> <span class='ocrx_word' id='word_1_612' title='bbox 2633 4437 2824 4491; x_wconf 86' lang='lat' dir='ltr'><strong>beatus</strong></span> <span class='ocrx_word' id='word_1_613' title='bbox 2847 4437 3088 4492; x_wconf 88' lang='lat' dir='ltr'><strong>Paulus:</strong></span> <span class='ocrx_word' id='word_1_614' title='bbox 3125 4459 3141 4488; x_wconf 74' lang='grc' dir='ltr'><strong>ι</strong></span> <span class='ocrx_word' id='word_1_615' title='bbox 3175 4439 3229 4493; x_wconf 82' lang='lat' dir='ltr'><strong>Si</strong></span> <span class='ocrx_word' id='word_1_616' title='bbox 3269 4452 3398 4495; x_wconf 90' lang='lat' dir='ltr'><strong>sunt</strong></span> 
     </span>
    </p>
   </div>
   <div class='ocr_carea' id='block_1_90' title="bbox 165 4514 1730 4600">
    <p class='ocr_par' dir='ltr' id='par_1_90' title="bbox 165 4514 1722 4588">
     <span class='ocr_line' id='line_1_91' title="bbox 165 4514 1722 4588; baseline 0.003 -22"><span class='ocrx_word' id='word_1_617' title='bbox 165 4530 278 4585; x_wconf 89' lang='grc' dir='ltr'>ριος</span> <span class='ocrx_word' id='word_1_618' title='bbox 309 4514 535 4577; x_wconf 83' lang='grc' dir='ltr'>Παῦλος,</span> <span class='ocrx_word' id='word_1_619' title='bbox 561 4516 641 4568; x_wconf 81' lang='grc' dir='ltr'>ὅτι</span> <span class='ocrx_word' id='word_1_620' title='bbox 677 4534 696 4566; x_wconf 81' lang='grc' dir='ltr'><strong>ι</strong></span> <span class='ocrx_word' id='word_1_621' title='bbox 720 4516 887 4588; x_wconf 79' lang='grc' dir='ltr'>Εἴπερ</span> <span class='ocrx_word' id='word_1_622' title='bbox 920 4517 1023 4568; x_wconf 86' lang='grc' dir='ltr'><strong>εἰσί</strong></span> <span class='ocrx_word' id='word_1_623' title='bbox 1045 4515 1322 4584; x_wconf 85' lang='grc' dir='ltr'>λεγόμενοι</span> <span class='ocrx_word' id='word_1_624' title='bbox 1350 4516 1532 4570; x_wconf 79' lang='grc' dir='ltr'>πολλοὶ</span> <span class='ocrx_word' id='word_1_625' title='bbox 1559 4517 1722 4579; x_wconf 77' lang='grc' dir='ltr'>θεοὶ.»</span> 
     </span>
    </p>
   </div>
   <div class='ocr_carea' id='block_1_91' title="bbox 1839 4514 3396 4600">
    <p class='ocr_par' dir='ltr' id='par_1_91' title="bbox 1839 4527 3396 4600">
     <span class='ocr_line' id='line_1_92' title="bbox 1839 4527 3396 4600; baseline 0.003 -17"><span class='ocrx_word' id='word_1_626' title='bbox 1839 4531 1925 4600; x_wconf 81' lang='lat' dir='ltr'><strong>qui</strong></span> <span class='ocrx_word' id='word_1_627' title='bbox 1967 4530 2227 4584; x_wconf 89' lang='lat' dir='ltr'><strong>dicuntur</strong></span> <span class='ocrx_word' id='word_1_628' title='bbox 2270 4529 2425 4582; x_wconf 90' lang='lat' dir='ltr'><strong>multi</strong></span> <span class='ocrx_word' id='word_1_629' title='bbox 2471 4529 2547 4582; x_wconf 90' lang='lat' dir='ltr'><strong>dii</strong></span> <span class='ocrx_word' id='word_1_630' title='bbox 2590 4527 2657 4593; x_wconf 60' lang='grc' dir='ltr'>δ’,</span> <span class='ocrx_word' id='word_1_631' title='bbox 2707 4549 2723 4579; x_wconf 75' lang='grc' dir='ltr'><strong>ι</strong></span> <span class='ocrx_word' id='word_1_632' title='bbox 2761 4531 2904 4599; x_wconf 85' lang='lat' dir='ltr'><strong>quod</strong></span> <span class='ocrx_word' id='word_1_633' title='bbox 2950 4531 3239 4596; x_wconf 82' lang='lat' dir='ltr'><strong>dicuntur,</strong></span> <span class='ocrx_word' id='word_1_634' title='bbox 3289 4552 3396 4589; x_wconf 90' lang='lat' dir='ltr'><strong>non</strong></span> 
     </span>
    </p>
   </div>
   <div class='ocr_carea' id='block_1_92' title="bbox 162 4604 1730 4678">
    <p class='ocr_par' dir='ltr' id='par_1_92' title="bbox 162 4604 1730 4678">
     <span class='ocr_line' id='line_1_93' title="bbox 162 4604 1730 4678; baseline 0.002 -20"><span class='ocrx_word' id='word_1_635' title='bbox 162 4604 221 4659; x_wconf 82' lang='grc' dir='ltr'><strong>τὺ</strong></span> <span class='ocrx_word' id='word_1_636' title='bbox 244 4606 322 4669; x_wconf 83' lang='grc' dir='ltr'>δὲ,</span> <span class='ocrx_word' id='word_1_637' title='bbox 351 4607 659 4674; x_wconf 72' lang='grc' dir='ltr'>λεγόμενοι</span> <span class='ocrx_word' id='word_1_638' title='bbox 680 4646 695 4670; x_wconf 91' lang='grc'><strong>,</strong></span> <span class='ocrx_word' id='word_1_639' title='bbox 718 4607 793 4669; x_wconf 81' lang='grc' dir='ltr'>ὡς</span> <span class='ocrx_word' id='word_1_640' title='bbox 833 4609 960 4676; x_wconf 83' lang='grc' dir='ltr'><strong>περί</strong></span> <span class='ocrx_word' id='word_1_641' title='bbox 1016 4606 1089 4677; x_wconf 83' lang='grc' dir='ltr'>μὴ</span> <span class='ocrx_word' id='word_1_642' title='bbox 1139 4607 1488 4677; x_wconf 84' lang='grc' dir='ltr'>ὑπαρχόντων</span> <span class='ocrx_word' id='word_1_643' title='bbox 1524 4610 1730 4678; x_wconf 85' lang='grc' dir='ltr'>ἀπεφή-</span> 
     </span>
    </p>
   </div>
   <div class='ocr_carea' id='block_1_93' title="bbox 162 4698 1728 4769">
    <p class='ocr_par' dir='ltr' id='par_1_93' title="bbox 162 4698 1728 4769">
     <span class='ocr_line' id='line_1_94' title="bbox 162 4698 1728 4769; baseline 0.003 -19"><span class='ocrx_word' id='word_1_644' title='bbox 162 4714 311 4751; x_wconf 86' lang='grc' dir='ltr'>νατο.</span> <span class='ocrx_word' id='word_1_645' title='bbox 352 4699 483 4752; x_wconf 79' lang='grc' dir='ltr'><strong>Οὐδὲ</strong></span> <span class='ocrx_word' id='word_1_646' title='bbox 532 4698 640 4769; x_wconf 86' lang='grc' dir='ltr'><strong>γάρ</strong></span> <span class='ocrx_word' id='word_1_647' title='bbox 695 4698 804 4751; x_wconf 82' lang='grc' dir='ltr'>θεοί</span> <span class='ocrx_word' id='word_1_648' title='bbox 853 4701 988 4752; x_wconf 89' lang='grc' dir='ltr'>εἰσιν</span> <span class='ocrx_word' id='word_1_649' title='bbox 1017 4700 1203 4769; x_wconf 80' lang='grc' dir='ltr'>ἥλιος,</span> <span class='ocrx_word' id='word_1_650' title='bbox 1236 4700 1328 4752; x_wconf 72' lang='grc' dir='ltr'>καὶ</span> <span class='ocrx_word' id='word_1_651' title='bbox 1372 4699 1591 4769; x_wconf 84' lang='grc' dir='ltr'>σελήνη,</span> <span class='ocrx_word' id='word_1_652' title='bbox 1635 4706 1728 4754; x_wconf 67' lang='grc' dir='ltr'>καὶ</span> 
     </span>
    </p>
   </div>
   <div class='ocr_carea' id='block_1_94' title="bbox 161 4789 1729 4863">
    <p class='ocr_par' dir='ltr' id='par_1_94' title="bbox 161 4789 1729 4863">
     <span class='ocr_line' id='line_1_95' title="bbox 161 4789 1729 4863; baseline 0.001 -21"><span class='ocrx_word' id='word_1_653' title='bbox 161 4789 387 4860; x_wconf 86' lang='grc' dir='ltr'>ἀστέρες</span> <span class='ocrx_word' id='word_1_654' title='bbox 410 4828 425 4852; x_wconf 92' lang='grc'><strong>,</strong></span> <span class='ocrx_word' id='word_1_655' title='bbox 454 4790 547 4843; x_wconf 72' lang='grc' dir='ltr'>καὶ</span> <span class='ocrx_word' id='word_1_656' title='bbox 576 4791 642 4843; x_wconf 83' lang='grc' dir='ltr'>τὰ</span> <span class='ocrx_word' id='word_1_657' title='bbox 670 4791 794 4859; x_wconf 79' lang='grc' dir='ltr'><strong>ἑξῆς</strong></span> <span class='ocrx_word' id='word_1_658' title='bbox 822 4790 1113 4860; x_wconf 85' lang='grc' dir='ltr'>κτίσματα.</span> <span class='ocrx_word' id='word_1_659' title='bbox 1142 4791 1251 4842; x_wconf 73' lang='grc' dir='ltr'><strong>Καὶ</strong></span> <span class='ocrx_word' id='word_1_660' title='bbox 1294 4792 1343 4842; x_wconf 88' lang='grc' dir='ltr'><strong>οἰ</strong></span> <span class='ocrx_word' id='word_1_661' title='bbox 1379 4792 1729 4863; x_wconf 84' lang='grc' dir='ltr'>πεπλανημέ-</span> 
     </span>
    </p>
   </div>
   <div class='ocr_carea' id='block_1_95' title="bbox 162 4880 777 4935">
    <p class='ocr_par' dir='ltr' id='par_1_95' title="bbox 162 4880 777 4935">
     <span class='ocr_line' id='line_1_96' title="bbox 162 4880 777 4935; baseline -0.002 -1"><span class='ocrx_word' id='word_1_662' title='bbox 162 4897 240 4934; x_wconf 87' lang='grc' dir='ltr'><strong>νοι</strong></span> <span class='ocrx_word' id='word_1_663' title='bbox 266 4880 600 4935; x_wconf 78' lang='grc' dir='ltr'>θεοποιοῦσιν</span> <span class='ocrx_word' id='word_1_664' title='bbox 638 4882 777 4934; x_wconf 85' lang='grc' dir='ltr'>αὑτὰ</span> 
     </span>
    </p>
   </div>
   <div class='ocr_carea' id='block_1_96' title="bbox 430 4973 1461 5047">
    <p class='ocr_par' dir='ltr' id='par_1_96' title="bbox 430 4973 1461 5047">
     <span class='ocr_line' id='line_1_97' title="bbox 430 4973 1461 5047; baseline 0.002 -22"><span class='ocrx_word' id='word_1_665' title='bbox 430 4973 675 5027; x_wconf 84' lang='grc' dir='ltr'><strong>ΣΜΘ¹.--</strong></span> <span class='ocrx_word' id='word_1_666' title='bbox 705 4974 981 5044; x_wconf 80' lang='grc' dir='ltr'><strong>ΑῘΛῙΑΝῼ</strong></span> <span class='ocrx_word' id='word_1_667' title='bbox 1036 4975 1461 5047; x_wconf 79' lang='grc' dir='ltr'><strong>ΑΝΑΓΝΩΣἹᾘ.</strong></span> 
     </span>
    </p>
   </div>
   <div class='ocr_carea' id='block_1_97' title="bbox 241 5062 1725 5135">
    <p class='ocr_par' dir='ltr' id='par_1_97' title="bbox 241 5062 1725 5135">
     <span class='ocr_line' id='line_1_98' title="bbox 241 5062 1725 5135; baseline 0.002 -19"><span class='ocrx_word' id='word_1_668' title='bbox 241 5083 260 5116; x_wconf 75' lang='grc' dir='ltr'><strong>ι</strong></span> <span class='ocrx_word' id='word_1_669' title='bbox 286 5062 641 5135; x_wconf 87' lang='grc' dir='ltr'>Ταλαίπωρος</span> <span class='ocrx_word' id='word_1_670' title='bbox 663 5063 772 5131; x_wconf 78' lang='grc' dir='ltr'><strong>ἐγὼ</strong></span> <span class='ocrx_word' id='word_1_671' title='bbox 815 5064 1123 5134; x_wconf 71' lang='grc' dir='ltr'>ἄνθρωπος,</span> <span class='ocrx_word' id='word_1_672' title='bbox 1166 5067 1249 5130; x_wconf 88' lang='grc' dir='ltr'><strong>τίς</strong></span> <span class='ocrx_word' id='word_1_673' title='bbox 1298 5083 1363 5133; x_wconf 88' lang='grc' dir='ltr'><strong>με</strong></span> <span class='ocrx_word' id='word_1_674' title='bbox 1414 5066 1633 5135; x_wconf 75' lang='grc' dir='ltr'>ῥύσεται</span> <span class='ocrx_word' id='word_1_675' title='bbox 1660 5068 1725 5119; x_wconf 84' lang='grc' dir='ltr'>ὲκ</span> 
     </span>
    </p>
   </div>
   <div class='ocr_carea' id='block_1_98' title="bbox 164 5152 1729 5227">
    <p class='ocr_par' dir='ltr' id='par_1_98' title="bbox 164 5152 1729 5227">
     <span class='ocr_line' id='line_1_99' title="bbox 164 5152 1729 5227; baseline 0.004 -24"><span class='ocrx_word' id='word_1_676' title='bbox 164 5152 253 5205; x_wconf 84' lang='grc' dir='ltr'><strong>τοῦ</strong></span> <span class='ocrx_word' id='word_1_677' title='bbox 292 5153 539 5222; x_wconf 86' lang='grc' dir='ltr'>σώματος</span> <span class='ocrx_word' id='word_1_678' title='bbox 591 5154 686 5207; x_wconf 88' lang='grc' dir='ltr'><strong>τοῦ</strong></span> <span class='ocrx_word' id='word_1_679' title='bbox 728 5155 954 5207; x_wconf 84' lang='grc' dir='ltr'>θανάτου</span> <span class='ocrx_word' id='word_1_680' title='bbox 1001 5154 1217 5217; x_wconf 79' lang='grc' dir='ltr'>τούτους</span> <span class='ocrx_word' id='word_1_681' title='bbox 1258 5175 1275 5206; x_wconf 75' lang='grc' dir='ltr'><strong>ι</strong></span> <span class='ocrx_word' id='word_1_682' title='bbox 1312 5157 1446 5225; x_wconf 77' lang='grc' dir='ltr'>Οὐχὶ</span> <span class='ocrx_word' id='word_1_683' title='bbox 1476 5157 1537 5209; x_wconf 86' lang='grc' dir='ltr'>τὸ</span> <span class='ocrx_word' id='word_1_684' title='bbox 1570 5157 1729 5227; x_wconf 86' lang='grc' dir='ltr'>σῶμα</span> 
     </span>
    </p>
   </div>
   <div class='ocr_carea' id='block_1_99' title="bbox 165 5241 1725 5313">
    <p class='ocr_par' dir='ltr' id='par_1_99' title="bbox 165 5241 1725 5313">
     <span class='ocr_line' id='line_1_100' title="bbox 165 5241 1725 5313; baseline 0.006 -21"><span class='ocrx_word' id='word_1_685' title='bbox 165 5241 392 5296; x_wconf 82' lang='grc' dir='ltr'>θάνατον</span> <span class='ocrx_word' id='word_1_686' title='bbox 434 5244 698 5313; x_wconf 80' lang='grc' dir='ltr'>ὑπάρχειν</span> <span class='ocrx_word' id='word_1_687' title='bbox 741 5246 1092 5313; x_wconf 85' lang='grc' dir='ltr'>ἀποφαίνεται</span> <span class='ocrx_word' id='word_1_688' title='bbox 1142 5247 1170 5299; x_wconf 91' lang='lat'><strong>6</strong></span> <span class='ocrx_word' id='word_1_689' title='bbox 1202 5247 1343 5310; x_wconf 84' lang='grc' dir='ltr'>θεῖος</span> <span class='ocrx_word' id='word_1_690' title='bbox 1388 5248 1725 5312; x_wconf 83' lang='grc' dir='ltr'>Ἀπόστολος,</span> 
     </span>
    </p>
   </div>
   <div class='ocr_carea' id='block_1_100' title="bbox 165 5330 1730 5406">
    <p class='ocr_par' dir='ltr' id='par_1_100' title="bbox 165 5330 1730 5406">
     <span class='ocr_line' id='line_1_101' title="bbox 165 5330 1730 5406; baseline 0.005 -24"><span class='ocrx_word' id='word_1_691' title='bbox 165 5330 300 5384; x_wconf 87' lang='grc' dir='ltr'><strong>ἀλλά</strong></span> <span class='ocrx_word' id='word_1_692' title='bbox 330 5331 421 5383; x_wconf 78' lang='grc' dir='ltr'><strong>τὸν</strong></span> <span class='ocrx_word' id='word_1_693' title='bbox 476 5333 638 5401; x_wconf 88' lang='grc' dir='ltr'>νόμον</span> <span class='ocrx_word' id='word_1_694' title='bbox 672 5336 771 5403; x_wconf 80' lang='grc' dir='ltr'>τῆς</span> <span class='ocrx_word' id='word_1_695' title='bbox 797 5334 1069 5405; x_wconf 82' lang='grc' dir='ltr'>ἁμαρτίας</span> <span class='ocrx_word' id='word_1_696' title='bbox 1090 5375 1104 5397; x_wconf 95' lang='grc'><strong>,</strong></span> <span class='ocrx_word' id='word_1_697' title='bbox 1137 5336 1228 5387; x_wconf 80' lang='grc' dir='ltr'>τὸν</span> <span class='ocrx_word' id='word_1_698' title='bbox 1265 5339 1323 5388; x_wconf 81' lang='grc' dir='ltr'>ὲν</span> <span class='ocrx_word' id='word_1_699' title='bbox 1366 5340 1477 5401; x_wconf 86' lang='grc' dir='ltr'>τοῖς</span> <span class='ocrx_word' id='word_1_700' title='bbox 1513 5337 1730 5406; x_wconf 82' lang='grc' dir='ltr'>μέλεσιν</span> 
     </span>
    </p>
   </div>
   <div class='ocr_carea' id='block_1_101' title="bbox 166 5419 1728 5494">
    <p class='ocr_par' dir='ltr' id='par_1_101' title="bbox 166 5419 1728 5494">
     <span class='ocr_line' id='line_1_102' title="bbox 166 5419 1728 5494; baseline 0.006 -23"><span class='ocrx_word' id='word_1_701' title='bbox 166 5420 259 5471; x_wconf 86' lang='grc' dir='ltr'><strong>τοῦ</strong></span> <span class='ocrx_word' id='word_1_702' title='bbox 289 5419 537 5489; x_wconf 73' lang='grc' dir='ltr'>σώματος</span> <span class='ocrx_word' id='word_1_703' title='bbox 557 5421 703 5484; x_wconf 67' lang='grc' dir='ltr'>ὄντα,</span> <span class='ocrx_word' id='word_1_704' title='bbox 729 5422 817 5475; x_wconf 83' lang='grc' dir='ltr'>διὰ</span> <span class='ocrx_word' id='word_1_705' title='bbox 848 5424 944 5491; x_wconf 84' lang='grc' dir='ltr'>τῆς</span> <span class='ocrx_word' id='word_1_706' title='bbox 970 5424 1025 5474; x_wconf 84' lang='grc' dir='ltr'>ὲν</span> <span class='ocrx_word' id='word_1_707' title='bbox 1053 5423 1130 5491; x_wconf 81' lang='grc' dir='ltr'>τῷ</span> <span class='ocrx_word' id='word_1_708' title='bbox 1161 5425 1332 5494; x_wconf 68' lang='grc' dir='ltr'>Ἀδὰμ</span> <span class='ocrx_word' id='word_1_709' title='bbox 1368 5426 1728 5493; x_wconf 79' lang='grc' dir='ltr'>παραϐάσεως</span> 
     </span>
    </p>
   </div>
   <div class='ocr_carea' id='block_1_102' title="bbox 169 5510 1729 5587">
    <p class='ocr_par' dir='ltr' id='par_1_102' title="bbox 169 5510 1729 5587">
     <span class='ocr_line' id='line_1_103' title="bbox 169 5510 1729 5587; baseline 0.004 -24"><span class='ocrx_word' id='word_1_710' title='bbox 169 5510 472 5577; x_wconf 81' lang='grc' dir='ltr'>φωλεύοντα</span> <span class='ocrx_word' id='word_1_711' title='bbox 499 5514 556 5565; x_wconf 84' lang='grc' dir='ltr'>ὲν</span> <span class='ocrx_word' id='word_1_712' title='bbox 583 5514 731 5583; x_wconf 82' lang='grc' dir='ltr'>ἡμῖν,</span> <span class='ocrx_word' id='word_1_713' title='bbox 756 5514 1003 5585; x_wconf 71' lang='grc' dir='ltr'>καὶπρὸς</span> <span class='ocrx_word' id='word_1_714' title='bbox 1028 5514 1118 5567; x_wconf 80' lang='grc' dir='ltr'>τὸν</span> <span class='ocrx_word' id='word_1_715' title='bbox 1148 5514 1373 5569; x_wconf 79' lang='grc' dir='ltr'>θάνατον</span> <span class='ocrx_word' id='word_1_716' title='bbox 1398 5517 1495 5587; x_wconf 79' lang='grc' dir='ltr'>τῆς</span> <span class='ocrx_word' id='word_1_717' title='bbox 1519 5517 1729 5581; x_wconf 79' lang='grc' dir='ltr'>ἀδικίας</span> 
     </span>
    </p>
   </div>
   <div class='ocr_carea' id='block_1_103' title="bbox 168 5602 900 5674">
    <p class='ocr_par' dir='ltr' id='par_1_103' title="bbox 168 5602 900 5674">
     <span class='ocr_line' id='line_1_104' title="bbox 168 5602 900 5674; baseline 0.008 -22"><span class='ocrx_word' id='word_1_718' title='bbox 168 5602 264 5671; x_wconf 77' lang='grc' dir='ltr'>τὴν</span> <span class='ocrx_word' id='word_1_719' title='bbox 290 5602 464 5674; x_wconf 70' lang='grc' dir='ltr'>ψυχὴν</span> <span class='ocrx_word' id='word_1_720' title='bbox 494 5604 900 5659; x_wconf 79' lang='grc' dir='ltr'>ἐπισπεύδοντα.</span> 
     </span>
    </p>
   </div>
   <div class='ocr_carea' id='block_1_104' title="bbox 1834 4619 3399 4689">
    <p class='ocr_par' dir='ltr' id='par_1_104' title="bbox 1834 4619 3399 4689">
     <span class='ocr_line' id='line_1_105' title="bbox 1834 4619 3399 4689; baseline 0.002 -14"><span class='ocrx_word' id='word_1_721' title='bbox 1834 4629 1983 4685; x_wconf 90' lang='lat' dir='ltr'><strong>sunt,</strong></span> <span class='ocrx_word' id='word_1_722' title='bbox 2012 4620 2266 4689; x_wconf 86' lang='lat' dir='ltr'><strong>protulit.</strong></span> <span class='ocrx_word' id='word_1_723' title='bbox 2297 4619 2486 4689; x_wconf 77' lang='lat' dir='ltr'><strong>Neque</strong></span> <span class='ocrx_word' id='word_1_724' title='bbox 2511 4620 2655 4674; x_wconf 86' lang='lat' dir='ltr'><strong>enim</strong></span> <span class='ocrx_word' id='word_1_725' title='bbox 2696 4620 2770 4673; x_wconf 88' lang='lat' dir='ltr'><strong>dii</strong></span> <span class='ocrx_word' id='word_1_726' title='bbox 2807 4630 2935 4674; x_wconf 91' lang='lat' dir='ltr'><strong>sunt</strong></span> <span class='ocrx_word' id='word_1_727' title='bbox 2958 4625 3060 4684; x_wconf 88' lang='lat' dir='ltr'><strong>sol,</strong></span> <span class='ocrx_word' id='word_1_728' title='bbox 3094 4631 3147 4675; x_wconf 90' lang='lat' dir='ltr'><strong>et</strong></span> <span class='ocrx_word' id='word_1_729' title='bbox 3176 4625 3320 4688; x_wconf 91' lang='lat' dir='ltr'><strong>lnna,</strong></span> <span class='ocrx_word' id='word_1_730' title='bbox 3346 4637 3399 4679; x_wconf 84' lang='lat' dir='ltr'><strong>et</strong></span> 
     </span>
    </p>
   </div>
   <div class='ocr_carea' id='block_1_105' title="bbox 1834 4708 3398 4780">
    <p class='ocr_par' dir='ltr' id='par_1_105' title="bbox 1834 4708 3398 4780">
     <span class='ocr_line' id='line_1_106' title="bbox 1834 4708 3398 4780; baseline 0.004 -17"><span class='ocrx_word' id='word_1_731' title='bbox 1834 4709 2027 4778; x_wconf 71' lang='lat' dir='ltr'><strong>stellae,</strong></span> <span class='ocrx_word' id='word_1_732' title='bbox 2060 4719 2113 4763; x_wconf 89' lang='lat' dir='ltr'><strong>et</strong></span> <span class='ocrx_word' id='word_1_733' title='bbox 2146 4710 2369 4779; x_wconf 67' lang='lat' dir='ltr'><strong>reliqum</strong></span> <span class='ocrx_word' id='word_1_734' title='bbox 2404 4718 2695 4767; x_wconf 79' lang='lat' dir='ltr'><strong>creaturae.</strong></span> <span class='ocrx_word' id='word_1_735' title='bbox 2742 4708 2806 4763; x_wconf 82' lang='lat' dir='ltr'><strong>Et</strong></span> <span class='ocrx_word' id='word_1_736' title='bbox 2848 4713 2999 4780; x_wconf 83' lang='lat' dir='ltr'><strong>plani</strong></span> <span class='ocrx_word' id='word_1_737' title='bbox 3041 4713 3292 4769; x_wconf 84' lang='lat' dir='ltr'><strong>homines</strong></span> <span class='ocrx_word' id='word_1_738' title='bbox 3334 4732 3398 4771; x_wconf 81' lang='lat' dir='ltr'><strong>ea</strong></span> 
     </span>
    </p>
   </div>
   <div class='ocr_carea' id='block_1_106' title="bbox 1832 4795 2742 4851">
    <p class='ocr_par' dir='ltr' id='par_1_106' title="bbox 1832 4795 2742 4851">
     <span class='ocr_line' id='line_1_107' title="bbox 1832 4795 2742 4851; baseline 0.005 -5"><span class='ocrx_word' id='word_1_739' title='bbox 1832 4795 1889 4847; x_wconf 93' lang='lat' dir='ltr'><strong>in</strong></span> <span class='ocrx_word' id='word_1_740' title='bbox 1920 4796 2148 4848; x_wconf 88' lang='lat' dir='ltr'><strong>deorum</strong></span> <span class='ocrx_word' id='word_1_741' title='bbox 2184 4812 2414 4850; x_wconf 89' lang='lat' dir='ltr'><strong>numero</strong></span> <span class='ocrx_word' id='word_1_742' title='bbox 2448 4797 2742 4851; x_wconf 84' lang='lat' dir='ltr'><strong>collocant.</strong></span> 
     </span>
    </p>
   </div>
   <div class='ocr_carea' id='block_1_107' title="bbox 2084 4971 3139 5033">
    <p class='ocr_par' dir='ltr' id='par_1_107' title="bbox 2084 4971 3139 5033">
     <span class='ocr_line' id='line_1_108' title="bbox 2084 4971 3139 5033; baseline 0.005 -8"><span class='ocrx_word' id='word_1_743' title='bbox 2084 4971 2357 5025; x_wconf 78' lang='lat' dir='ltr'><strong>CCXLIX.</strong></span> <span class='ocrx_word' id='word_1_744' title='bbox 2399 5001 2473 5018; x_wconf 75' lang='grc' dir='ltr'>-ι</span> <span class='ocrx_word' id='word_1_745' title='bbox 2509 4973 2788 5028; x_wconf 71' lang='lat' dir='ltr'><strong>IELIANO</strong></span> <span class='ocrx_word' id='word_1_746' title='bbox 2823 4974 3139 5033; x_wconf 78' lang='lat' dir='ltr'><strong>LECTORI.</strong></span> 
     </span>
    </p>
   </div>
   <div class='ocr_carea' id='block_1_108' title="bbox 1913 5061 3401 5139">
    <p class='ocr_par' dir='ltr' id='par_1_108' title="bbox 1913 5061 3401 5139">
     <span class='ocr_line' id='line_1_109' title="bbox 1913 5061 3401 5139; baseline 0.006 -25"><span class='ocrx_word' id='word_1_747' title='bbox 1913 5081 1931 5114; x_wconf 74' lang='grc' dir='ltr'><strong>ι</strong></span> <span class='ocrx_word' id='word_1_748' title='bbox 1976 5061 2169 5117; x_wconf 81' lang='lat' dir='ltr'><strong>Infelix</strong></span> <span class='ocrx_word' id='word_1_749' title='bbox 2201 5078 2303 5133; x_wconf 85' lang='lat' dir='ltr'><strong>ego</strong></span> <span class='ocrx_word' id='word_1_750' title='bbox 2337 5064 2524 5127; x_wconf 89' lang='lat' dir='ltr'><strong>homo,</strong></span> <span class='ocrx_word' id='word_1_751' title='bbox 2564 5066 2689 5134; x_wconf 81' lang='lat' dir='ltr'><strong>quis</strong></span> <span class='ocrx_word' id='word_1_752' title='bbox 2713 5082 2795 5119; x_wconf 87' lang='lat' dir='ltr'><strong>me</strong></span> <span class='ocrx_word' id='word_1_753' title='bbox 2825 5068 3073 5121; x_wconf 81' lang='lat' dir='ltr'><strong>lihcrahit</strong></span> <span class='ocrx_word' id='word_1_754' title='bbox 3111 5084 3141 5121; x_wconf 88' lang='lat' dir='ltr'><strong>e</strong></span> <span class='ocrx_word' id='word_1_755' title='bbox 3170 5084 3401 5139; x_wconf 80' lang='lat' dir='ltr'><strong>corpore</strong></span> 
     </span>
    </p>
   </div>
   <div class='ocr_carea' id='block_1_109' title="bbox 1830 5153 3400 5227">
    <p class='ocr_par' dir='ltr' id='par_1_109' title="bbox 1830 5153 3400 5227">
     <span class='ocr_line' id='line_1_110' title="bbox 1830 5153 3400 5227; baseline 0.004 -20"><span class='ocrx_word' id='word_1_756' title='bbox 1830 5154 2025 5208; x_wconf 89' lang='lat' dir='ltr'><strong>mortis</strong></span> <span class='ocrx_word' id='word_1_757' title='bbox 2056 5154 2220 5222; x_wconf 89' lang='lat' dir='ltr'><strong>hujus</strong></span> <span class='ocrx_word' id='word_1_758' title='bbox 2251 5154 2341 5205; x_wconf 71' lang='lat'><strong>&quot;?</strong></span> <span class='ocrx_word' id='word_1_759' title='bbox 2380 5172 2398 5205; x_wconf 73' lang='grc' dir='ltr'><strong>ι</strong></span> <span class='ocrx_word' id='word_1_760' title='bbox 2433 5153 2553 5207; x_wconf 84' lang='lat' dir='ltr'><strong>Non</strong></span> <span class='ocrx_word' id='word_1_761' title='bbox 2588 5156 2833 5209; x_wconf 77' lang='lat' dir='ltr'><strong>decernit</strong></span> <span class='ocrx_word' id='word_1_762' title='bbox 2866 5173 3067 5227; x_wconf 88' lang='lat' dir='ltr'><strong>corpus</strong></span> <span class='ocrx_word' id='word_1_763' title='bbox 3105 5175 3229 5214; x_wconf 83' lang='lat' dir='ltr'><strong>esse</strong></span> <span class='ocrx_word' id='word_1_764' title='bbox 3255 5176 3400 5213; x_wconf 82' lang='lat' dir='ltr'><strong>mor-</strong></span> 
     </span>
    </p>
   </div>
   <div class='ocr_carea' id='block_1_110' title="bbox 1831 5244 3399 5319">
    <p class='ocr_par' dir='ltr' id='par_1_110' title="bbox 1831 5244 3399 5319">
     <span class='ocr_line' id='line_1_111' title="bbox 1831 5244 3399 5319; baseline 0.003 -20"><span class='ocrx_word' id='word_1_765' title='bbox 1831 5254 1941 5300; x_wconf 86' lang='lat' dir='ltr'><strong>tem</strong></span> <span class='ocrx_word' id='word_1_766' title='bbox 1972 5244 2194 5299; x_wconf 83' lang='lat' dir='ltr'><strong>divinus</strong></span> <span class='ocrx_word' id='word_1_767' title='bbox 2223 5244 2546 5314; x_wconf 84' lang='lat' dir='ltr'><strong>Apostolus,</strong></span> <span class='ocrx_word' id='word_1_768' title='bbox 2580 5247 2673 5301; x_wconf 87' lang='lat' dir='ltr'><strong>sed</strong></span> <span class='ocrx_word' id='word_1_769' title='bbox 2712 5248 2880 5317; x_wconf 87' lang='lat' dir='ltr'><strong>legem</strong></span> <span class='ocrx_word' id='word_1_770' title='bbox 2923 5250 3152 5317; x_wconf 85' lang='lat' dir='ltr'><strong>peccati,</strong></span> <span class='ocrx_word' id='word_1_771' title='bbox 3187 5266 3308 5319; x_wconf 73' lang='lat' dir='ltr'><strong>quae</strong></span> <span class='ocrx_word' id='word_1_772' title='bbox 3346 5252 3399 5305; x_wconf 90' lang='lat' dir='ltr'><strong>in</strong></span> 
     </span>
    </p>
   </div>
   <div class='ocr_carea' id='block_1_111' title="bbox 1836 5338 3398 5410">
    <p class='ocr_par' dir='ltr' id='par_1_111' title="bbox 1836 5338 3398 5410">
     <span class='ocr_line' id='line_1_112' title="bbox 1836 5338 3398 5410; baseline 0.001 -21"><span class='ocrx_word' id='word_1_773' title='bbox 1836 5338 2096 5390; x_wconf 82' lang='lat' dir='ltr'><strong>membris</strong></span> <span class='ocrx_word' id='word_1_774' title='bbox 2122 5340 2370 5407; x_wconf 88' lang='lat' dir='ltr'><strong>corporis</strong></span> <span class='ocrx_word' id='word_1_775' title='bbox 2414 5348 2518 5400; x_wconf 87' lang='lat' dir='ltr'><strong>cst,</strong></span> <span class='ocrx_word' id='word_1_776' title='bbox 2542 5355 2637 5408; x_wconf 85' lang='lat' dir='ltr'><strong>per</strong></span> <span class='ocrx_word' id='word_1_777' title='bbox 2665 5342 3174 5409; x_wconf 71' lang='lat' dir='ltr'><strong>transgreSsionem,</strong></span> <span class='ocrx_word' id='word_1_778' title='bbox 3199 5357 3316 5410; x_wconf 81' lang='lat' dir='ltr'><strong>quae</strong></span> <span class='ocrx_word' id='word_1_779' title='bbox 3345 5346 3398 5400; x_wconf 82' lang='lat' dir='ltr'><strong>in</strong></span> 
     </span>
    </p>
   </div>
   <div class='ocr_carea' id='block_1_112' title="bbox 1837 5430 3398 5500">
    <p class='ocr_par' dir='ltr' id='par_1_112' title="bbox 1837 5430 3398 5500">
     <span class='ocr_line' id='line_1_113' title="bbox 1837 5430 3398 5500; baseline 0 -16"><span class='ocrx_word' id='word_1_780' title='bbox 1837 5430 2047 5484; x_wconf 80' lang='lat' dir='ltr'><strong>Adamo</strong></span> <span class='ocrx_word' id='word_1_781' title='bbox 2083 5431 2202 5494; x_wconf 88' lang='lat' dir='ltr'><strong>fuit,</strong></span> <span class='ocrx_word' id='word_1_782' title='bbox 2252 5431 2512 5485; x_wconf 85' lang='lat' dir='ltr'><strong>latentem</strong></span> <span class='ocrx_word' id='word_1_783' title='bbox 2569 5432 2623 5483; x_wconf 91' lang='lat' dir='ltr'><strong>in</strong></span> <span class='ocrx_word' id='word_1_784' title='bbox 2681 5431 2857 5495; x_wconf 90' lang='lat' dir='ltr'><strong>nobis,</strong></span> <span class='ocrx_word' id='word_1_785' title='bbox 2898 5440 2952 5484; x_wconf 88' lang='lat' dir='ltr'><strong>ct</strong></span> <span class='ocrx_word' id='word_1_786' title='bbox 3014 5432 3069 5485; x_wconf 94' lang='lat' dir='ltr'><strong>in</strong></span> <span class='ocrx_word' id='word_1_787' title='bbox 3118 5432 3398 5500; x_wconf 68' lang='lat' dir='ltr'><strong>injustitia;</strong></span> 
     </span>
    </p>
   </div>
   <div class='ocr_carea' id='block_1_113' title="bbox 1836 5521 2799 5591">
    <p class='ocr_par' dir='ltr' id='par_1_113' title="bbox 1836 5521 2799 5591">
     <span class='ocr_line' id='line_1_114' title="bbox 1836 5521 2799 5591; baseline 0 -16"><span class='ocrx_word' id='word_1_788' title='bbox 1836 5532 2065 5576; x_wconf 84' lang='lat' dir='ltr'><strong>mortem</strong></span> <span class='ocrx_word' id='word_1_789' title='bbox 2092 5521 2330 5576; x_wconf 88' lang='lat' dir='ltr'><strong>animam</strong></span> <span class='ocrx_word' id='word_1_790' title='bbox 2362 5521 2799 5591; x_wconf 85' lang='lat' dir='ltr'><strong>compellcntem.</strong></span> 
     </span>
    </p>
   </div>
   <div class='ocr_carea' id='block_1_114' title="bbox 239 5774 1730 5861">
    <p class='ocr_par' dir='ltr' id='par_1_114' title="bbox 239 5774 1713 5861">
     <span class='ocr_line' id='line_1_115' title="bbox 239 5774 1713 5861; baseline 0.005 -29"><span class='ocrx_word' id='word_1_791' title='bbox 239 5774 284 5810; x_wconf 77' lang='lat'><em>“</em></span> <span class='ocrx_word' id='word_1_792' title='bbox 317 5777 487 5836; x_wconf 83' lang='lat' dir='ltr'><strong>chit.</strong></span> <span class='ocrx_word' id='word_1_793' title='bbox 518 5796 633 5849; x_wconf 81' lang='lat' dir='ltr'><strong>xui,</strong></span> <span class='ocrx_word' id='word_1_794' title='bbox 664 5781 752 5838; x_wconf 69' lang='grc'><strong>48.</strong></span> <span class='ocrx_word' id='word_1_795' title='bbox 829 5782 871 5814; x_wconf 75' lang='grc'><strong>⁸¹</strong></span> <span class='ocrx_word' id='word_1_796' title='bbox 915 5780 1086 5840; x_wconf 83' lang='lat' dir='ltr'><strong>ICor.</strong></span> <span class='ocrx_word' id='word_1_797' title='bbox 1129 5798 1249 5853; x_wconf 78' lang='lat' dir='ltr'><strong>vni,</strong></span> <span class='ocrx_word' id='word_1_798' title='bbox 1282 5783 1334 5841; x_wconf 85' lang='lat'><em>6.</em></span> <span class='ocrx_word' id='word_1_799' title='bbox 1383 5783 1455 5861; x_wconf 74' lang='lat'><strong>_&quot;‘</strong></span> <span class='ocrx_word' id='word_1_800' title='bbox 1493 5782 1626 5840; x_wconf 84' lang='lat' dir='ltr'><strong>Ibid.</strong></span> <span class='ocrx_word' id='word_1_801' title='bbox 1662 5783 1713 5841; x_wconf 76' lang='grc' dir='ltr'><strong>ὕ.</strong></span> 
     </span>
    </p>
   </div>
   <div class='ocr_carea' id='block_1_115' title="bbox 1839 5774 2264 5861">
    <p class='ocr_par' dir='ltr' id='par_1_115' title="bbox 1872 5780 2264 5849">
     <span class='ocr_line' id='line_1_116' title="bbox 1872 5780 2264 5849; baseline -0.003 -11"><span class='ocrx_word' id='word_1_802' title='bbox 1872 5781 2027 5849; x_wconf 78' lang='lat' dir='ltr'><strong>Rom.</strong></span> <span class='ocrx_word' id='word_1_803' title='bbox 2054 5796 2151 5845; x_wconf 70' lang='lat' dir='ltr'><strong>vn,</strong></span> <span class='ocrx_word' id='word_1_804' title='bbox 2172 5780 2264 5837; x_wconf 68' lang='grc'><strong>24.</strong></span> 
     </span>
    </p>
   </div>
  </div>
