3882 6036
519 297 620 361 175

823 411 970 466 CCL.
1007 442 1077 453 —
1117 412 1394 471 TEUCRO
1433 416 1749 476 DlACONO.

587 501 660 556 De
692 502 982 559 laudandis
1017 507 1226 562 nostris
1269 510 1527 578 operibus
1572 523 1759 568 noster
1817 514 2075 569 Dominus

515 595 776 649 Servator
829 606 884 650 et
931 597 1190 654 Christus
1226 600 1462 665 laetatur,
1514 603 1608 657 diu
1653 615 1930 675 noctuque
1966 606 2078 678 94

515 688 776 741 continuo
801 688 1038 756 seipsum
1067 691 1338 746 nutriens.
1376 711 1394 743 ι
1435 693 1626 747 Cibum
1659 695 1804 749 enim
1843 697 2076 748 mandu-

515 796 643 835 care
672 781 864 844 habeo,
905 799 923 832 ι
985 782 1251 851 apostolis
1280 783 1514 850 dicebat,
1553 801 1742 856 «quem
1776 803 1872 841 vos
1930 802 2077 842 nunc

514 872 742 928 nescitis
770 871 836 936 δ”,
876 891 895 924 ι
931 873 1280 942 postmodum
1314 875 1540 944 scietis;
1585 893 1774 932 eorum
1811 878 1902 959 qui
1945 886 2076 933 tunc

513 980 576 1020 ex
605 964 944 1019 Samaritana
972 966 1107 1020 urbe
1127 965 1505 1033 crediderant,
1537 979 1591 1022 et
1616 979 1738 1038 post
1767 985 1862 1023 cos
1893 970 2074 1024 inlini-

513 1065 690 1109 tarum
749 1057 1015 1126 gentium,
1082 1057 1175 1125 qui
1234 1058 1458 1111 nomina
1515 1058 1735 1113 Christo
1785 1059 2072 1125 dederunt,

511 1147 706 1201 salutis
726 1148 908 1200 cibum
936 1151 1176 1218 propriis
1209 1151 1435 1206 asseclis
1476 1153 1874 1220 praanuntians.
1907 1153 2074 1206 Isaias

509 1239 711 1294 etenim
763 1239 830 1294 de
865 1238 1088 1296 Christo
1126 1241 1643 1308 pra‘vaticinabatur
1682 1262 1695 1296 :
1742 1263 1760 1295 ε
1809 1243 2072 1314 Butyrum

508 1339 562 1383 et
590 1331 694 1384 mel
729 1331 979 1384 comedet
1007 1329 1075 1395 ⁵³,
1120 1350 1138 1381 ι
1176 1333 1266 1400 qui
1308 1334 1461 1402 prius
1501 1333 1769 1388 Adamum
1814 1335 2074 1388 condide-

508 1431 615 1487 rat,
649 1423 996 1489 postmodum
1048 1431 1106 1476 ut
1148 1423 1475 1490 infantulus,
1510 1435 1563 1480 et
1598 1427 1760 1479 homo
1793 1427 1946 1482 visus
1986 1435 2072 1482 est

506 1509 757 1566 Christus
778 1510 957 1578 Jesus,
987 1510 1129 1567 Deus
1158 1521 1212 1567 et
1235 1514 1382 1579 cceli,
1411 1523 1464 1567 et
1482 1523 1659 1574 terra),
1686 1523 1740 1569 et
1769 1515 2068 1568 visibilium

505 1600 775 1654 omnium.
800 1599 904 1655 Per
924 1601 1180 1672 butyrum
1213 1612 1266 1655 et
1294 1603 1397 1656 mel
1422 1603 1619 1656 anima:
1647 1604 2067 1667 nutrimentum,

507 1706 719 1745 necnon
753 1707 922 1745 suave
954 1700 1010 1748 et
1043 1694 1173 1748 mite
1205 1692 1645 1750 Christianorum
1689 1697 1848 1753 bona:
1875 1713 2071 1768 Opera-

509 1784 676 1839 tionis
708 1782 1089 1840 subindicans.

1030 1955 1205 2014 CCLI.
1245 1987 1313 1998 -—
1347 1955 1552 2011 Eidem.

575 2051 636 2104 Si
693 2050 834 2105 bona
884 2064 1050 2119 opera
1091 2047 1253 2113 facis,
1308 2058 1362 2103 et
1406 2048 1880 2103 mansuetudinem
1936 2049 2068 2105 Jesu

501 2138 798 2196 :emularis,
832 2136 1032 2206 butyro
1055 2144 1110 2189 et
1132 2135 1291 2190 melle
1319 2151 1442 2190 eum
1482 2136 1676 2205 pzivisti
1718 2152 1732 2188 :
1775 2136 1818 2189 si
1853 2136 2071 2191 iracun-

501 2229 592 2282 dia
613 2237 822 2298 turges,
850 2240 1158 2296 pravasque
1181 2226 1431 2281 actiones
1460 2226 1701 2287 aﬂ‘ectas,
1726 2241 1832 2279 non
1861 2227 2070 2305 absque

503 2321 718 2375 ratione
759 2318 828 2373 de
857 2327 908 2372 te
939 2319 1194 2374 Christus
1231 2319 1543 2373 enuntiahit
1582 2337 1595 2372 :
1634 2336 1652 2368 ι
1693 2318 1847 2372 Dedit
1884 2319 1975 2374 ille
2011 2320 2065 2372 in

502 2413 684 2467 cibum
730 2425 911 2466 meum
961 2409 1050 2475 l‘el,
1100 2419 1154 2464 et
1197 2409 1254 2473 in
1301 2409 1390 2466 siti
1437 2425 1554 2463 mea
1603 2419 1931 2478 putaverunt
1980 2425 2068 2467 me

689 2507 736 2539 ιο

502 2516 659 2565 mm
707 2525 904 2652 eoin.
931 2625 1000 2637 —
1027 2593 1372 2651 GLYCADIO
1412 2577 1870 2652 PROTECTORI.

570 2687 868 2759 Glycadius
909 2684 1164 2742 dulcidus
1225 2685 1446 2756 quidem
1481 2686 1702 2742 nomine
1733 2696 1914 2751 tenus,
1945 2688 2063 2742 aci-

501 2782 602 2837 dus
629 2795 757 2836 vero
793 2780 1148 2849 insuavisque
1172 2779 1421 2833 moribus
1447 2793 1527 2834 es.

707 2868 929 2925 CCLlll.
965 2900 1036 2910 —
1075 2868 1428 2926 DEMETRIO
1471 2870 1864 2928 ΗᾹΞΙὶΕΤΙΟΟ.

569 2961 781 3018 Pctiisti
813 2978 840 3014 a
867 2977 974 3024 me,
1007 2961 1277 3016 undenam
1303 2962 1532 3024 Adamo,
1556 2973 1609 3017 et
1639 2966 1802 3019 socia:
1827 2965 2065 3035 pellicem

499 3055 696 3108 Iuniae
736 3053 893 3122 copia
930 3051 1034 3106 luit
1063 3051 1136 3114 Μ;
1176 3060 1370 3106 contra
1409 3052 1526 3122 ipse
1561 3068 1591 3107 a
1627 3062 1679 3108 te
1709 3070 1877 3124 posco
1909 3073 1923 3111 :
1955 3073 2061 3110 un-

499 3145 690 3200 denam
731 3144 930 3197 coelum
959 3159 1023 3197 ex
1059 3143 1125 3198 iis
1153 3157 1275 3214 qua:
1301 3159 1408 3198 non
1439 3154 1596 3200 erant
1622 3157 1941 3216 protensum
1958 3156 2060 3213 est,

498 3249 550 3292 et
584 3238 636 3291 in
673 3237 904 3292 sublime
933 3235 1041 3305 95
1064 3243 1353 3290 extensum
1383 3252 1397 3301 ;
1437 3237 1578 3292 unde
1599 3240 1681 3293 sol
1714 3240 1902 3294 lucens
1927 3255 2064 3294 con-

495 3330 645 3385 ditus
687 3337 802 3394 est,
865 3328 1009 3382 unde
1061 3328 1193 3382 luna
1250 3328 1574 3398 cluere-asque
1633 3331 1951 3397 stellarum,
1997 3348 2064 3387 ex

496 3421 701 3490 quibus
735 3419 1062 3475 substantiis
1090 3429 1302 3474 montes
1326 3419 1486 3474 scissi
1527 3429 1688 3487 sunt;
1717 3422 1863 3477 unde
1887 3424 2065 3494 cuipis

496 3524 550 3566 et
570 3512 766 3567 culicis
789 3513 841 3565 in
861 3508 1097 3582 [Egypto
1119 3527 1320 3581 magno
1344 3511 1516 3582 Moysi
1543 3514 1874 3569 abundantia
1895 3555 1910 3578 ,
1937 3532 2066 3586 quo-

495 3603 656 3658 modo
707 3603 950 3673 ligneum
1002 3603 1256 3657 baculum
1309 3604 1365 3658 in
1414 3615 1720 3675 serpentem
1761 3609 2063 3662 animatum

495 3701 885 3762 repentemque
931 3705 1256 3746 conversum
1315 3703 1434 3757 est;
1487 3694 1632 3750 unde
1688 3696 2065 3766 legumlatoris

494 3783 681 3837 manui
714 3782 896 3836 datum
933 3788 1038 3846 est,
1078 3791 1138 3835 ut
1163 3783 1330 3836 veluti
1363 3784 1454 3837 nix
1487 3785 1828 3842 albesceret?
1862 3789 2062 3842 Eadem

495 3877 680 3943 itaque
721 3874 934 3928 ratione
971 3883 1126 3935 tunc,
1158 3874 1256 3937 ita,
1303 3873 1535 3931 Domino
1565 3889 1864 3944 annuente,
1908 3882 2063 3951 pelli-

493 3983 619 4022 ceas
659 3966 874 4020 tunicas
909 3966 1116 4034 absque
1154 3966 1504 4034 animalibus,
1541 3977 1597 4023 et
1633 3979 1753 4025 arte
1799 3971 2060 4039 humana,

491 4068 547 4113 et
587 4059 740 4112 vario
768 4056 1008 4127 opificio,
1041 4072 1165 4112 cum
1205 4058 1419 4121 arrisit,
1452 4058 1560 4122 his,
1598 4063 1691 4130 qui
1727 4076 1851 4115 cum
1886 4063 2059 4118 Adam

492 4158 672 4215 erant,
703 4149 980 4214 confecit;
1021 4143 1485 4218 quemadmodum
1528 4158 1582 4205 et
1623 4152 1692 4206 ab
1736 4153 1894 4208 initio
1934 4171 2057 4210 cum

493 4242 684 4304 voluit,
707 4249 761 4295 et
791 4241 1014 4305 cmlum,
1048 4247 1104 4293 et
1133 4241 1321 4294 omnia
1341 4249 1525 4294 creata
1559 4251 1708 4299 sunt.

983 4328 1210 4388 CCLIV.
1252 4361 1319 4373 —-
1355 4330 1562 4388 Eidem.

1987 317 2046 379 ς.
2087 316 2248 376 NILI

2095 435 2142 487 Δ

3647 328 3755 394 I76

2519 431 2641 484 ΣΝσ.
2673 459 2741 469 -
2775 421 3398 509 rert’ij‘A‘lK‘Koxo.

2248 520 2465 575 Ἢδεται
2509 525 2537 575 6
2586 525 2850 596 ἡμέτερος
2888 526 3088 594 Κύριος
3131 530 3318 601 Σωτὴρ
3369 534 3463 584 καὶ
3506 534 3755 604 Χριστὸς

2151 615 2285 676 ,τοῖς
2336 615 2636 678 ἐπαινετοῖς
2686 616 2866 688 ἔργοις
2895 618 3052 687 ήμῶν
3109 620 3451 694 καθεκάστην
3499 626 3753 695 ἡμέραν,

2175 704 2270 756 καὶ
2314 704 2482 758 νύκτα
2529 708 2876 776 τρεφόμενος.
2916 728 2933 760 ι
2967 711 3170 781 Βρῶμα
3208 713 3316 784 γὰρ
3343 713 3450 784 ἔχω
3477 719 3742 784 φαγεῖν.»

2176 793 2327 863 ἔλεγε
2377 798 2487 860 τοῖς
2529 799 2862 863 ἀποστόλοις,
2901 820 2922 852 ι
2947 802 3082 874 ὅπερ
3125 803 3278 873 ὑμεῖς
3301 806 3406 858 ὀὐκ
3445 808 3756 861 ἐπίστασθε

2173 883 2289 950 νῦν,
2317 904 2335 936 ι
2366 891 2502 956 μετὰ
2522 887 2580 940 δὲ
2609 888 2780 943 ταῦτα
2804 891 3096 958 γνώσεσθε,
3129 896 3226 965 τῆς
3252 896 3360 949 τῶν
3381 899 3754 968 Σαμαρειτῶν

2174 975 2378 1038 πόλεως
2417 977 2525 1030 τῶν
2567 980 2689 1032 τότε
2728 983 3153 1049 πιστευσάντων,
3189 987 3283 1039 καὶ
3322 987 3418 1057 τῆς
3461 989 3568 1043 τῶν
3605 989 3754 1060 μετᾶ

2173 1065 2330 1119 τοῦτο
2368 1069 2576 1140 μυρίων
2607 1070 2777 1124 ἐθνῶν
2817 1077 3299 1143 χριστιανισάντων
3331 1081 3609 1149 σωτηρίαν
3643 1081 3750 1151 τὴν

2173 1156 2370 1227 ἐδωδὴν
2412 1161 2882 1231 προαινιττόμενος
2909 1166 3023 1226 τοῖς
3057 1165 3275 1228 οἰκείοις
3310 1169 3610 1234 φοιτηταῖς.
3633 1170 3752 1220 Καὶ

2170 1247 2277 1318 γὰρ
2305 1250 2334 1301 6
2374 1249 2599 1314 Ἡσαΐας
2646 1253 3018 1322 προανεφώνει
3055 1256 3182 1327 περὶ
3231 1257 3466 1328 Χριστοῦ
3490 1298 3505 1322 ,
3547 1260 3750 1330 ὅτιπερ

2177 1359 2196 1390 ι
2232 1340 2499 1414 Βούτυρον
2526 1345 2622 1396 καὶ
2659 1346 2778 1416 μέλι
2819 1347 3070 1415 φάγεται.
3111 1367 3129 1400 ι
3169 1351 3226 1402 '0
3251 1353 3308 1401 ἐν
3335 1351 3474 1420 ἀρχῇ
3515 1352 3619 1418 μὲν
3649 1351 3750 1402 τὸν

2185 1429 2353 1499 Ἀδὰμ
2391 1431 2873 1504 πλαστουργήσας,
2901 1435 3123 1508 ὕστερον
3161 1437 3218 1490 δὲ
3263 1439 3338 1501 ὡς
3387 1440 3620 1502 παιδίον,
3648 1442 3750 1494 καὶ

2170 1521 2245 1584 ὡς
2282 1521 2564 1593 ἄνθρωπος
2583 1526 2767 1595 ὀφθεὶς
2803 1529 3036 1597 Χριστὸς
3060 1531 3264 1600 Ἰησοῦς
3295 1533 3325 1583 ὁ
3351 1532 3480 1594 Θεὸς
3521 1534 3617 1586 καὶ
3649 1535 3749 1587 οὐ-

2173 1615 2334 1683 ρανοῦ
2355 1657 2370 1680 ,
2401 1618 2492 1669 καὶ
2521 1618 2657 1688 γῆς,
2688 1621 2782 1674 καὶ
2829 1622 3043 1676 πάντων
3074 1623 3306 1693 ὁρατῶν.
3347 1625 3444 1677 Διὰ
3475 1625 3744 1697 βουτύρου

2170 1709 2263 1760 καὶ⁸
2314 1709 2524 1777 μέλιτος
2573 1712 2636 1763 τὸ
2679 1712 2944 1782 τρόφιμον
2987 1715 3050 1784 τῇ
3099 1714 3242 1786 ψυχῇ
3286 1718 3378 1769 καὶ⁹
3425 1716 3484 1770 τὸ
3522 1717 3696 1784 γλυκὺ
3723 1759 3740 1783 ,

2101 1763 2143 1818 Β
2171 1797 2266 1850 καὶ
2307 1763 2573 1870 προσηνὲς
2598 1763 2947 1873 ὑπεμφαίνων
2978 1763 3076 1875 si}
3099 1763 3575 1878 ἐῶῗχξῖέτιᾷὧν

2171 1888 2360 1962 λίστης
2390 1893 2672 1964 ἐργασίας.

2429 1973 2434 1978 ’
2659 1987 2824 2042 ΣΝΑυ.
2850 2016 2920 2029 --
2954 1987 3036 2054 τῷ
3062 1989 3242 2056 αὐτῷ.

2250 2072 2374 2127 Ἐὰν
2407 2075 2544 2130 καλὰ
2575 2076 2820 2149 πράττῃς
2849 2078 3007 2149 ἔργα,
3039 2083 3132 2133 καὶ
3171 2085 3311 2153 μιμῇ
3347 2083 3407 2135 τὸ
3435 2085 3609 2154 πρᾶον
3639 2084 3740 2138 τοῦ

2181 2158 2375 2231 Ἰησοῦ,
2406 2162 2641 2250 ἔθρεψας
2681 2164 2842 2218 αὐτὸν
2894 2165 3136 2237 βουτύρῳ
3170 2169 3267 2221 καὶ
3309 2170 3517 2240 μέλιτι·
3549 2173 3650 2226 ἐὰν
3677 2173 3738 2226 δὲ

2165 2251 2378 2322 ὀργίλος
2408 2254 2563 2324 μένῃ,
2596 2255 2691 2307 καὶ
2745 2255 2963 2324 φαύλων
3011 2259 3250 2330 ἐργάτης
3299 2262 3568 2331 πράξεων,
3590 2263 3740 2327 λέξει

2165 2339 2404 2409 εὐλόγως
2433 2343 2528 2394 καὶ
2567 2344 2696 2414 περὶ
2729 2344 2823 2398 σοῦ
2867 2347 3105 2417 Ἰησοῦς,
3131 2350 3214 2402 ὅτι
3256 2369 3275 2402 ι
3313 2352 3548 2406 Ἔδωκεν
3576 2347 3739 2419 οὗτος

2165 2433 2245 2495 είς
2270 2434 2330 2486 τὸ
2381 2433 2576 2506 βρῶμα
2630 2455 2733 2508 μου
2783 2440 2966 2513 χολὴν,
3008 2445 3100 2497 καὶ
3152 2446 3231 2509 είς
3279 2445 3377 2518 τὴν
3426 2448 3581 2518 δίψαν
3629 2468 3736 2519 μου

2166 2525 2381 2580 ἐπότισέ
2417 2544 2487 2596 με
2515 2527 2654 2595 ὅξος.
2692 2548 2711 2582 ι

2376 2619 2543 2673 ΣΝΒ’.
2579 2649 2648 2660 —
2680 2620 3022 2695 ΓΛΥΚΔΔΙῼ
3051 2625 3513 2682 ΠΡΟΤΗΚΤΟΡΙ.

2241 2708 2529 2774 Γλυκάδιυς
2564 2711 2662 2780 μὲν
2687 2711 2747 2765 τὸ
2783 2712 2953 2784 ὄνομα
2984 2715 3283 2787 κέκλησαι,
3329 2718 3502 2784 όξινὸς
3532 2720 3587 2774 δὲ
3633 2722 3737 2776 καὶ

2167 2801 2337 2873 ἀηδὴς
2367 2802 2458 2857 τὸν
2483 2804 2682 2872 τρόπον
2706 2803 3068 2876 καθέστηκας.

2429 2895 2593 2948 ΣΝΓθ.
2619 2927 2688 2936 -
2724 2898 3078 2969 ΔΗΜΗΤΡΙῼ
3132 2901 3472 2973 ΔῙΡΕΤῙΚῼ.

2245 2983 2563 3056 Ἦρὼτησάς
2594 3003 2683 3057 με,
2719 2988 2882 3041 πόθεν
2928 2993 3038 3053 τοῖς
3075 2992 3205 3062 περὶ
3231 2995 3323 3046 τὸν
3364 2995 3533 3067 Ἀδὰμ
3563 2999 3735 3070 ηὑρέ-

2167 3073 2340 3146 θησαν
2363 3075 2671 3147 δερμάτινοι
2702 3079 2957 3148 χιτῶνες;
2998 3082 3311 3154 ’Δντερωτῶ
3343 3103 3401 3139 σε
3431 3087 3604 3156 κάγὼ,
3629 3091 3730 3143 πό·

2166 3167 2257 3222 θεν
2293 3168 2517 3238 οὐρανὸς
2539 3169 2600 3232 ἐξ
2634 3171 2732 3223 οὐκ
2777 3171 2946 3225 ὄντων
2980 3174 3198 3228 τέταται
3225 3177 3281 3228 ἐν
3308 3179 3564 3250 μετεώρῳ
3591 3183 3732 3235 ἀνα-

2166 3258 2501 3327 πετασμένος
2521 3274 2534 3288 ·
2561 3259 2721 3314 πόθεν
2744 3261 2964 3332 ἐκτίσθη
2992 3263 3142 3334 ἣλιος
3165 3267 3531 3321 ἀπυστίλόων’
3564 3271 3731 3326 πόθεν

2167 3350 2397 3422 σελήνη,
2430 3351 2524 3404 καὶ
2576 3351 2822 3423 ἀστέρων
2870 3354 3097 3423 χορεία·
3141 3357 3248 3410 ἀπὸ
3293 3359 3461 3412 ποίων
3511 3362 3729 3430 φύσεων

2163 3443 2372 3513 ἐτμήθη
2396 3443 2495 3515 ὅρη
2526 3461 2540 3476 ·
2567 3445 2729 3498 πόθεν
2768 3447 2865 3517 τῆς
2895 3450 3104 3512 κνιπὸς,
3135 3450 3228 3502 καὶ
3259 3451 3350 3504 τοῦ
3388 3451 3648 3517 κώνωπος
3668 3455 3729 3507 ἐν

2162 3533 2424 3605 Αἰγύπτῳ
2470 3536 2498 3588 6
2541 3537 2808 3606 πορισμὸς
2861 3537 2938 3607 τῷ
2991 3540 3208 3610 μεγάλῳ
3259 3543 3465 3614 Μωῦσῇ
3499 3558 3513 3572 ⁸
3544 3545 3662 3610 πῶς
3688 3549 3723 3617 ἡ

2165 3621 2348 3695 ξυλίνη
2382 3625 2573 3695 ῥάϐδος
2597 3627 2896 3698 μετεὸλήθη
2936 3630 3015 3692 είς
3047 3629 3168 3698 ὅφιν
3195 3631 3605 3703 ἐμψυχωμένον,
3629 3641 3725 3690 καὶ

2163 3713 2400 3784 έρποντα
2432 3730 2447 3745 ·
2480 3713 2641 3767 πόθεν
2680 3718 2746 3786 τῇ
2789 3719 2929 3786 χειρὶ
2965 3718 3058 3770 τοῦ
3123 3721 3411 3788 νομοθέτου
3428 3724 3501 3775 ’τὸ
3533 3723 3726 3798 ὧσπρ

2163 3805 2315 3873 χιόνα
2346 3804 2699 3877 λευκανθῆναι
2727 3823 2742 3873 ;
2793 3808 2978 3872 Οὕτως
3012 3806 3102 3864 οὖν
3140 3813 3238 3864 καὶ
3280 3813 3400 3866 τότε
3435 3815 3666 3885 θελήσας
3697 3821 3726 3872 6

2163 3895 2366 3967 Κύριος
2416 3896 2768 3976 δερματίνους
2822 3899 3075 3968 χιτῶνας,
3113 3902 3279 3972 χωρὶς
3308 3903 3480 3970 ζώων,
3515 3908 3606 3960 καὶ
3630 3909 3722 3962 τέο

2161 4003 2295 4059 χνης
2343 3988 2487 4051 τινὸς
2529 3989 2902 4061 ἀνθρωπίνης,
2930 3993 3023 4044 καὶ
3082 3992 3415 4064 πολυτρόπου
3462 3999 3724 4067 ἐργασίας

2161 4076 2276 4146 ἅμα
2305 4075 2474 4130 θέλων
2495 4078 2716 4149 ἐποίησε
2746 4081 2857 4142 τοῖς
2881 4080 3009 4149 περὶ
3035 4079 3126 4134 τὸν
3162 4082 3349 4152 Ἀδὰμ,
3382 4085 3456 4147 ὡς
3496 4087 3590 4139 ἀπ’
3618 4090 3720 4158 ἀρ-

2160 4174 2263 4240 χῆς
2306 4171 2424 4242 ἅμα
2448 4171 2710 4245 ἠθέλησε,
2741 4175 2835 4227 καὶ
2885 4175 3111 4245 οὐρανὸς
3132 4215 3146 4239 ,
3182 4177 3276 4230 καὶ
3312 4179 3486 4232 πάντα
3532 4180 3721 4248 γεγέν-

2161 4277 2338 4330 νηται.

2639 4354 2804 4409 ΣΝΔ’.
2836 4387 2907 4396 -
2937 4355 3025 4423 Τῷ
3058 4359 3235 4424 αὐτῷ.

561 4418 806 4473 Primum
845 4419 1063 4489 quidem
1103 4419 1236 4474 illud
1273 4419 1488 4474 firmum
1531 4422 1626 4488 sit,
1659 4426 1805 4493 quod
1845 4440 1956 4479 non
2000 4432 2058 4479 ut

2232 4439 2433 4510 Στῆσον
2483 4441 2697 4512 πρῶτον
2729 4445 2788 4498 τὸ
2833 4447 2953 4518 οὐχὶ
2995 4418 3227 4520 νοητῶς,
3275 4453 3389 4506 ἀλλ’
3443 4455 3720 4526 αἰσθητῶς

495 4512 796 4572 intellectu,
847 4511 944 4564 sed
992 4519 1051 4564 ut
1107 4527 1274 4566 sensu
1329 4513 1748 4582 percipiebatur,
1799 4515 2058 4572 Christus

494 4605 668 4657 dixit:
709 4619 730 4653 ι
768 4601 850 4656 Ab
882 4601 1064 4668 initio,
1095 4602 1188 4672 qui
1213 4600 1442 4668 creavit,
1473 4606 1776 4661 masculum
1808 4617 1862 4662 et
1902 4607 2060 4662 femi-

493 4709 621 4748 nam
646 4692 774 4748 fecit
806 4691 882 4758 ";
929 4711 946 4743 ι
981 4703 1076 4747 et:
1109 4711 1129 4745 ι
1168 4691 1324 4758 Quod
1361 4691 1507 4752 Deus
1539 4699 1852 4768 conjunxit,
1892 4699 2059 4754 homo

490 4800 600 4839 non
633 4792 846 4855 separet
870 4783 936 4839 “.
976 4803 994 4835 ι
1034 4783 1386 4841 l’ostmodum
1428 4789 1634 4844 dictum
1665 4791 1908 4858 Apostoli
1962 4807 2059 4861 per

488 4877 800 4944 allegoriam
859 4879 1134 4945 explana,
1204 4896 1222 4929 ι
1295 4879 1547 4950 Magnum
1609 4885 1926 4950 mysterium
1997 4885 2051 4937 in

486 4968 763 5024 Christum
809 4973 867 5020 et
907 4965 963 5018 in
1007 4963 1400 5033 Ecclesium”,
1443 4989 1462 5021 ι
1509 4972 1652 5040 quod
1691 4987 1756 5026 ex
1799 4976 2056 5030 carnibus

490 5060 664 5127 ipsius
716 5064 769 5110 ut
807 5056 1032 5110 ossibus
1074 5071 1287 5122 sumus,
1335 5062 1463 5130 quia
1514 5065 1810 5134 participes
1853 5064 2057 5120 Christi

489 5163 704 5207 simius,
754 5157 808 5200 et
863 5146 968 5215 ipsi
1019 5147 1075 5201 in
1127 5147 1252 5216 ﬁde,
1310 5154 1625 5222 cognitione
1663 5164 1717 5209 et
1759 5158 2053 5212 virtutibus

487 5236 900 5306 cuujungimur.

785 5329 984 5386 CCLV.
1025 5363 1092 5374 —
1130 5330 1403 5387 FAUSTO
1441 5330 1749 5387 PRIMATI.

556 5416 942 5483 Praedicamus.
969 5424 1363 5492 gloriﬁcamus,
1403 5425 1714 5491 laudamus,
1756 5427 2051 5486 adoramus

485 5509 726 5576 Patrem,
765 5524 820 5566 et
867 5513 1085 5581 Filium,
1135 5524 1190 5570 et
1236 5515 1502 5586 Spiritum
1544 5527 1820 5584 sanctum,
1864 5539 2046 5578 uuam

2151 4531 2307 4602 παρὰ
2330 4532 2564 4601 Χριστοῦ
2595 4535 2902 4604 εἰρημένον,
2927 4539 3009 4590 ὅτι
3045 4558 3064 4590 ι
3113 4542 3230 4595 Ἀπ’
3251 4544 3422 4616 ἀρχῆς
3451 4549 3478 4598 ό
3512 4549 3718 4610 Κτίσας

2155 4623 2318 4692 ἄρσεν
2343 4624 2436 4676 καὶ
2463 4623 2594 4696 θῆλυ
2625 4627 2900 4696 ἐποίησεν,
2939 4649 2959 4681 ι
2993 4631 3086 4683 καί
3109 4649 3124 4664 ο
3154 4634 3328 4706 Ὅπερ
3361 4638 3389 4688 6
3410 4637 3541 4701 Θεὸς
3590 4657 3716 4692 συν-

2156 4710 2390 4777 έζευξεν,
2423 4713 2705 4786 ἄνθρωπος
2732 4718 2806 4788 μὴ
2841 4719 3136 4788 χωριζέτω.
3177 4743 3196 4774 ι
3235 4727 3339 4778 Καὶ
3371 4727 3595 4798 ὕστερον
3620 4730 3716 4782 ἀλ-

2155 4800 2392 4873 ληγόρει,
2418 4804 2555 4876 ὅπερ
2584 4811 2744 4877 φησὶν
2773 4810 2801 4861 6
2825 4811 3161 4876 ’Λπόστολοςο
3183 4835 3200 4866 ι
3226 4815 3299 4870 Τὸ
3333 4819 3475 4888 μέγα
3507 4824 3712 4892 μυστή-

2156 4910 2269 4962 ριον
2303 4897 2380 4958 είς
2411 4898 2641 4968 Χριστὸν
2692 4899 2786 4951 καὶ
2830 4902 2909 4963 είς
2956 4903 3053 4971 τὴν
3097 4904 3436 4978 Ἐκκλησίαν.
3471 4931 3488 4962 ι
3520 4913 3602 4966 ὅτι
3649 4919 3713 4970 ἐκ

2151 4987 2260 5037 τῶν
2307 4989 2525 5058 σαρκῶν
2580 4992 2743 5045 αὐτοῦ
2789 4996 2884 5047 καὶ
2926 4994 3035 5048 τῶν
3074 4998 3274 5052 ὀστέων
3320 5001 3507 5072 ἐσμὲν,
3537 5005 3626 5058 διὰ
3654 5008 3713 5060 τὸ

2156 5078 2403 5148 μετέχειν
2433 5079 2670 5150 Χριστοῦ
2692 5124 2706 5148 ,
2743 5086 2835 5137 καὶ
2881 5087 3219 5157 συνηνῶσθαι
3255 5092 3398 5164 αὐτῷ
3425 5097 3482 5146 ὲν
3512 5087 3711 5162 πίστει,

2153 5169 2246 5219 καὶ
2274 5167 2492 5236 γνώσει,
2517 5170 2608 5224 καὶ
2633 5173 2873 5243 ἀρεταῖς.

2413 5346 2580 5402 xNE'.
2605 5379 2675 5391 --
2699 5353 2786 5403 φΑ
2799 5340 2965 5424 ΓΣΤῼ
3009 5353 3465 5417 ΠΡΩΤΕΥὸΝΤΙ.

2242 5435 2703 5510 Ἀνευφημοῦμεν,
2725 5443 3038 5514 δοξάζομεν,
3065 5449 3360 5521 ὑμνοῦμεν,
3381 5457 3716 5525 προσκυνοῦ-

2160 5545 2260 5598 μεν
2317 5532 2550 5602 Πατέρα,
2597 5536 2692 5587 καὶ
2742 5536 2888 5599 Υἱὸν,
2938 5539 3032 5592 καὶ
3079 5541 3234 5608 ἅγιον
3287 5545 3546 5614 Πνεῦμα,
3586 5548 3714 5615 μίαν

513 5643 606 5744 ,δὲ
631 5643 786 5744 .lloan.
819 5647 1004 5744 ινιξέ.
1075 5650 1122 5683 ⁸⁸
1148 5653 1248 5708 lsa.
1271 5671 1365 5721 vu,
1396 5655 1483 5710 15.
1559 5657 1604 5690 ⁸⁸
1645 5658 1788 5715 Psai.
1825 5677 2014 5730 vam,
2051 5664 2064 5718 ε

2217 5666 2262 5699 ⁸⁷
2310 5666 2445 5723 Gen.
2481 5684 2583 5740 om,
2642 5671 2728 5726 2|.
2798 5673 2852 5706 "'
2899 5674 3088 5732 Matth.
3125 5693 3237 5744 xu,
3279 5679 3333 5734 4.
3409 5681 3454 5713 ⁸⁸
3485 5683 3619 5737 ibid.
3652 5686 3685 5739 θ’

487 5714 533 5746 ⁸⁸
569 5714 766 5784 Ephes.
798 5731 852 5780 ν,
880 5717 968 5771 52.
