3882 6036
137 334 239 400 I77

1339 314 1871 383 EPISTOLARUM
1905 315 2048 374 LIB.
2085 316 2133 373 Ι.

3262 293 3362 359 178

136 450 387 517 δύναμιν,
429 443 557 513 μίαν
584 442 853 514 θεότητα,
886 442 1014 509 μίαν
1059 438 1338 505 ἐξουσίαν,
1377 438 1434 489 ἓν
1470 436 1703 502 θέλημα,
1734 433 1752 485 Α

1866 438 2087 491 ιιιινιιιιι,
2126 439 2287 478 unam
2322 418 2647 499 potentiam,
2686 427 2849 469 unam
2891 409 3168 471 deitatem,
3200 420 3363 458 unam

136 536 344 609 Τριάδα
392 533 676 604 ὁμοούσιον
704 532 999 602 δοξάζομεν
1024 573 1037 595 ,
1069 532 1162 583 καὶ
1195 529 1560 599 ὁμολογοῦμεν
1612 544 1705 596 μο-

134 626 372 688 ναδικῶς
395 667 409 687 ,
435 624 746 695 τριαδικῶς.
796 622 1116 684 Μοναδικῶς
1153 621 1250 689 μὲν
1283 622 1339 671 έν
1394 621 1490 689 μιᾷ
1529 618 1707 687 οὐσίᾳ,

138 721 236 773 καὶ
279 717 509 787 θεότητι,
539 716 831 786 τριαδικῶς
879 715 937 769 δὲ
991 716 1050 768 ὲν
1101 715 1278 785 τρισὶν
1326 712 1707 774 ὑποστάσεσιν,

139 811 264 881 ἦτοι
292 806 605 880 προσώποις
641 807 837 877 τρισίν.

616 984 799 1052 ΣΝςῖο.
830 1011 903 1024 -
935 984 1248 1055 ΙΙΕΛΑΓΙῼ.

212 1098 358 1201 ξΐοὺς
389 1098 879 1169 ἐγγαστριμύθους,
914 1099 1007 1152 καὶ
1041 1098 1165 1161 τοὺς
1206 1096 1313 1151 ἀπὸ
1348 1096 1446 1167 τῆς
1476 1096 1576 1165 γῆς
1608 1113 1717 1165 φω.

143 1190 396 1256 νοῦντας,
417 1193 545 1255 τοὺς
570 1191 1007 1260 κενολογοῦντας,
1043 1191 1222 1254 καθώς
1248 1208 1409 1260 φησιν
1443 1192 1476 1259 ἡ
1507 1190 1716 1259 Γραφὴ,

146 1282 417 1350 φευκτέον
439 1283 568 1353 ἡμῖν
598 1300 611 1314 ο
649 1286 757 1347 πᾶς
809 1283 918 1353 γὰρ
965 1283 1361 1353 κεκωλυμένος,
1388 1282 1482 1337 κα)⁵
1521 1280 1721 1351 ψευδὴς

1810 519 2215 579 auctoritatem,
2268 528 2431 568 unam
2475 510 2852 568 voluntatem,
2901 502 3067 556 uilius
3116 499 3368 552 essentne

1811 610 2133 663 Trinitatem
2185 607 2412 660 ﬁrmiter
2454 611 2725 663 tenemus,
2767 603 2821 651 et
2850 593 3177 649 conﬁtemur
3207 590 3370 642 unico

1810 701 2065 769 trinoque
2101 697 2292 764 modo;
2340 696 2504 751 unico
2539 693 2593 746 in
2625 704 2732 743 una
2768 686 3007 743 essentia
3047 691 3102 737 et
3132 680 3370 742 deitate;

1815 794 1960 847 trino
2000 806 2133 846 vero
2184 792 2237 844 iu
2288 790 2466 842 tribus
2504 785 2616 856 96
2654 777 3063 853 hypostasibus,
3094 772 3211 831 sive
3246 784 3374 840 per-

1814 899 1987 939 sums.

2254 973 2478 1030 CCLVI.
2514 1003 2583 1015 —-
2619 963 2935 1025 PELAGIO.

1888 1088 2258 1159 Ventriloqui,
2305 1088 2494 1156 illique
2545 1084 2718 1152 qui‘e
2770 1092 2912 1136 terra
2957 1077 3218 1134 clamant,
3262 1069 3381 1122 fru-

1820 1194 2046 1251 Straque
2102 1195 2389 1237 sermones
2442 1183 2771 1246 congerunt,
2827 1181 2888 1225 ut
2947 1167 3246 1235 Scriptura'
3282 1160 3381 1218 ait,

1821 1272 2062 1343 fugiendi
2127 1278 2256 1326 sum
2309 1271 2377 1323 δι.
2437 1267 2628 1322 Omnis
2686 1261 2890 1317 etenim
2941 1253 3257 1325 prohibitus
3320 1262 3385 1300 ac

145 1373 332 1441 λόγος,
364 1338 518 1438 κενός
558 1378 705 1428 ἐστιν
733 1338 1007 1445 ἀληθείας.
1042 1338 1244 1436 Βλέπε,
1278 1338 1333 1425 τί
1350 1338 1617 1441 γφασινέν

1866 1364 2059 1419 tendax
2086 1375 2290 1422 sermo,
2312 1359 2542 1413 veritate
2565 1369 2773 1409 vacuus
2796 1360 2901 1405 est.
2922 1346 3061 1403 Vide
3087 1341 3217 1411 quid
3238 1338 3388 1394 dica-

149 1465 511 1536 Εὑαγγελίῳ,
541 1467 625 1519 ὅτι
661 1487 679 1518 ι
744 1468 838 1520 Ἐκ
888 1466 983 1519 τοῦ
1022 1430 1392 1537 πληρώματος
1442 1462 1537 1516 τοῦ
1588 1430 1723 1515 Θεοῦ

1866 1473 1915 1510 ιι·
1957 1456 2012 1511 in
2045 1452 2350 1534 Evangelia
2398 1469 2409 1503 :
2454 1465 2473 1500 ι
2521 1447 2597 1502 Ex
2653 1441 2994 1516 plenitudine
3028 1437 3127 1491 Dei
3172 1430 3389 1498 accepi-

150 1525 508 1628 ὲλάϐομεν.ἰ
549 1560 614 1612 Οἱ
661 1558 718 1611 δέ
766 1575 829 1627 γε
875 1525 1281 1625 κενολογόῦντες
1327 1556 1594 1626 αἱρετικοὶ
1626 1555 1726 1608 οὐκ

1866 1565 1951 1604 ius
1976 1531 2047 1601 ⁸³,
2106 1566 2125 1600 ι
2174 1546 2279 1612 Qui
2334 1559 2465 1599 vero
2513 1540 2678 1595 verba
2740 1538 2944 1591 frustra
3000 1525 3393 1585 consarcinant

150 1648 341 1719 ἔχουσι
368 1648 561 1718 λόγους
594 1653 657 1702 ἐκ
687 1650 1070 1721 πληρώματος,
1098 1650 1301 1710 πάντας
1335 1649 1391 1702 δὲ
1420 1647 1607 1710 κενοὺς
1628 1647 1728 1715 τῆς

154 1738 436 1808 ἀληθείας,
464 1740 557 1793 καὶ
589 1743 777 1803 κενοὺς
823 1741 918 1810 τῆς
975 1741 1125 1804 θείας
1179 1741 1479 1809 δυνάμεως,
1516 1739 1610 1793 καὶ
1640 1755 1725 1790 σο-

1830 1639 2100 1704 ιιωιοιὶοἰ,
2143 1653 2252 1693 non
2297 1633 2580 1705 possident
2620 1642 2903 1683 sermones
2935 1639 2999 1677 ex
3032 1615 3392 1691 plenitudine,

1832 1726 1927 1781 sed
1962 1703 2154 1780 omnes
2188 1703 2439 1779 veritatis
2472 1719 2674 1775 divinae
2706 1714 2961 1786 potentiae
3008 1724 3071 1762 ac
3116 1703 3396 1775 sapientia:

155 1829 311 1897 φίας.
348 1829 555 1893 Οῖτινες
605 1831 668 1882 ὲκ
718 1794 815 1901 της
845 1794 1051 1894 κοιλίας
1100 1794 1366 1899 ίρωνοῦσιν
1511 1830 1618 1900 γὰρ
1649 1830 1726 1899 μὴ

1868 1832 2057 1871 acuos.
2088 1815 2192 1881 Qui
2240 1830 2305 1869 ex
2358 1821 2547 1867 ventre
2573 1809 2810 1863 clamant
2846 1821 2860 1857 :
2897 1802 2989 1871 qui
3017 1799 3162 1854 enim
3197 1794 3399 1849 verita-

2243 1898 2291 1902 “
2414 1884 2424 1902 ¹
2782 1889 2827 1902 η-
2911 1895 2922 1902 -
3051 1880 3394 1902 ._.-_2f-_n...«..

155 1920 378 1989 ἔχοντες
397 1921 495 1992 μὲν
522 1922 620 1991 τὴν
651 1922 1396 1993 ἀλήθειαν,ἐπαγγελλόμενοι
1415 1922 1472 1974 δὲ
1501 1922 1727 1991 ταύτην,

156 2012 324 2081 δῆλον
349 2013 429 2066 ὅτι
456 2015 518 2066 ἐκ
552 2014 757 2077 κοιλίας
787 2013 1043 2082 φωνοῦσι,
1074 2017 1139 2085 τῇ
1178 2014 1384 2069 ἑαυτῶν
1406 2014 1583 2086 κοιλίᾳ
1615 2014 1735 2067 δου-

1830 1913 1940 1959 tem
1965 1916 2075 1954 non
2106 1880 2424 1969 possident,'
2445 1903 2498 1948 et
2527 1909 2647 1949 eam
2676 1889 3018 1962 proﬁtentur,
3048 1880 3398 1937 manifestum

1833 2004 1916 2051 est
1958 2008 2053 2047 eos
2097 2007 2127 2045 e
2170 1997 2362 2044 ventre
2413 1986 2671 2044 clamare,
2724 1997 2825 2036 suo
2862 1975 3040 2031 ventri
3090 1971 3399 2029 audientes,

157 2104 436 2171 λεύοντες,
468 2098 571 2159 ιῶν
585 2106 712 2170 Θεὸς
732 2110 765 2177 ἡ
795 2063 967 2161 ἔιοιλία

1898 2085 2101 2156 quibus
2130 2082 2271 2135 Deus
2298 2086 2494 2132 venter
2522 2084 2605 2131 est
2625 2074 2692 2125 ⁸³.
2732 2090 2750 2122 ι
2785 2068 2931 2123 Fons
2962 2063 3161 2121 etenim
3190 2074 3400 2116 sermo-

2161 2172 2173 2179 ⁸
2222 2171 2234 2179 “
2292 2170 2345 2179 “'
2769 2161 2821 2179 σγ
2848 2161 2973 2179 ἠειη
3006 2164 3187 2179 --ι-Αιη
3215 2152 3376 2179 ΑΜ..ζο

158 2196 276 2248 τῶν
302 2195 475 2261 λόγων
524 2198 632 2251 τῶν
667 2202 1093 2272 γαστριμάργων
1148 2199 1249 2252 οὐκ
1297 2200 1355 2265 ἐξ
1403 2198 1557 2265 ἁγίου
1600 2216 1736 2269 προ-

1836 2192 1966 2232 num
1998 2172 2176 2227 ventri
2205 2170 2517 2226 deditorum
2548 2182 2655 2220 non
2679 2180 2742 2218 ex
2769 2161 2974 2230 Spiritu
2999 2164 3190 2213 sancto
3212 2152 3403 2213 eﬁIuit,

259 2245 268 2248 ⁷
307 2245 467 2261 ’”“⁸’⁷”
535 2245 625 2251 ⁷-⁷
678 2245 1086 2272 ο*“*ἰ”“ι’““ιί’”’
1153 2245 1248 2252 ⁷⁷⁷⁸
1298 2245 1355 2265 *Ὅ
1405 2245 1552 2265 ⁷⁷1⁷⁷⁷
1606 2245 1702 2269 "I"

162 2288 390 2359 ἑρχεται
438 2290 751 2362 Πνεύματος
776 2335 790 2356 ,
819 2294 920 2347 οὐκ
957 2294 1062 2347 ἀπὸ
1094 2292 1420 2365 ἡγεμονικοῦ
1447 2331 1463 2355 ,
1490 2293 1591 2344 οὐκ
1632 2291 1740 2345 ἀπὸ

1866 2284 1946 2324 ιοιι
1969 2284 1997 2322 a
2028 2264 2273 2337 principe
2303 2262 2497 2316 animae
2531 2267 2704 2329 parte,
2734 2270 2841 2310 non
2873 2267 2903 2305 a
2930 2248 3097 2305 corde
3124 2245 3405 2301 Christum

164 2381 267 2450 τῆς
303 2382 529 2452 καρδίας
568 2350 667 2454 τῆς
858 2385 1091 2455 Χριστὸν
1115 2350 1401 2454 ’ποθούσης
1424 2350 1591 2450 ,ἀλλ’
1634 2383 1741 2437 ἀπὸ

1866 2356 2287 2428 :oncupiscente,
2318 2353 2413 2409 sed
2448 2368 2477 2405 a
2509 2360 2698 2403 ventre
2722 2350 2963 2401 emanat.

169 2472 386 2536 κοιλίας
415 2473 758 2539 ὲκϐλύζεται.

578 2589 745 2642 ΣΝΖ’.
773 2617 843 2629 --
870 2589 1361 2659 ΔΙΟΚΛΗΤΙΔΝῼ.

242 2698 483 2753 Δύναταί
503 2718 589 2763 τις
616 2702 679 2753 ἐκ
705 2701 801 2754 τοῦ
825 2702 1003 2767 δεξιοῦ
1030 2703 1231 2773 μέρους
1256 2703 1350 2756 ἐπὶ
1376 2704 1435 2756 τὸ
1459 2704 1747 2774 ἀριστερὸν

2190 2581 2437 2640 CCLVII.
2476 2610 2547 2621 —
2579 2571 3064 2632 DIOCLETIANO.

1916 2701 2102 2756 Potest
2146 2697 2422 2768 quispiam
2474 2711 2543 2749 ex
2594 2700 2748 2763 parte
2792 2689 2981 2743 dextra
3032 2685 3085 2738 in
3130 2679 3414 2747 sinistram

178 2788 383 2899 ῥαδίώς
426 2792 814 2899 μετατεθῆναι,
856 2765 929 2856 ὥς
990 2765 1153 2865 φησιν
1201 2797 1228 2848 ὁ
1271 2765 1625 2858 Ἀπόστολος·
1655 2765 1749 2849 ’δτι

1866 2795 1994 2849 ῗιιοὶιὶ
2019 2792 2237 2863 negotio
2270 2787 2541 2852 convolvi,
2578 2795 2636 2840 ut
2665 2784 2739 2839 ait
2764 2779 3093 2847 Apostolus:
3129 2792 3147 2826 ι
3180 2771 3283 2838 Qui
3310 2765 3416 2825 sibi

1891 2889 1901 2899 '
1926 2889 1937 2899 '
1979 2894 1991 2899 ‘
2150 2893 2162 2899 ι
2250 2898 2257 2899 ί
2348 2882 2520 2899 ΑΡΙΑιΑ
2574 2892 2641 2899 ..Α
2704 2874 2853 2899 ΑΑᾹΛΙ
2901 2872 2948 2899 ιι
2979 2888 2993 2899 .
3034 2886 3051 2899 ε
3091 2877 3324 2899 ηηιιὶηιιρ
3350 2859 3415 2899 all

184 2859 289 2935 ('0
319 2859 492 2934 δοκῶν
531 2859 772 2949 ἐστᾶναι,
808 2859 1063 2955 βλεπέτώ-
1090 2887 1163 2956 μὴ
1196 2887 1357 2959 πέσῃ⁸
1384 2906 1402 2940 ι
1444 2887 1604 2959 μέχρι
1643 2887 1751 2961 γὰρ

1866 2889 2065 2943 videtur
2094 2859 2289 2949 vstare,
2341 2882 2525 2934 videat
2574 2892 2644 2931 ne
2701 2874 2860 2927 cadat
2901 2872 2994 2925 “z
3034 2886 3052 2920 ι
3090 2877 3324 2932 namque
3349 2859 3419 2914 ad

175 2974 278 3041 τῆς
304 2974 539 3044 ἐσχάτης
562 2976 834 3047 ἀναπνοῆς
855 2978 913 3030 ὲν
935 2978 1150 3047 ἀδήλοις
1178 2979 1291 3031 ἐστὶ
1316 2977 1385 3031 τὰ
1415 2978 1750 3049 ἀνθρώπινα,

174 3063 482 3132 ἀλλαχόθεν
516 3065 752 3137 ἀλλαχοῦ
790 3069 1201 3139 μεταϐαίνοντα.
1234 3071 1343 3123 Καὶ
1392 3070 1607 3133 πάντως
1656 3071 1754 3123 αὒ-

1853 2988 2159 3034 extremum
2196 2988 2373 3043 usque
2402 2969 2657 3039 spiritum
2694 2980 2783 3019 res
2817 2963 3069 3016 humana:
3114 2957 3167 3009 in
3215 2955 3423 3007 incerto

1856 3078 2005 3130 sunt,
2032 3069 2161 3122 hinc
2207 3073 2370 3134 atque
2415 3062 2565 3116 illinc
2620 3073 2741 3111 sese
2792 3053 3163 3110 chIectentes.
3197 3044 3258 3099 Et
3290 3056 3425 3096 sane

180 3158 309 3218 ταῖς
338 3155 572 3253 Δϐψεσινᾲ
594 3138 842 3229 ἑώρακας
881 3160 972 3212 τὸν
1023 3160 1396 3232 Ἀπολινάριον
1420 3164 1476 3214 ὲν
1506 3162 1606 3232 βίῳ
1653 3162 1752 3215 σώ-

1866 3163 1970 3218 tuis
1996 3162 2111 3230 ipse
2132 3158 2307 3213 oculis
2338 3151 2623 3223 inspexisti
2655 3146 3049 3219 Apollinarium
3082 3140 3133 3193 in
3167 3138 3275 3192 vita
3299 3149 3429 3206 pru-

183 3248 350 3319 φρονί
398 3267 459 3302 τε
491 3250 585 3303 καὶ
626 3251 809 3322 σεμνῷ
841 3254 1357 3324 καταγεγηρακότα,
1386 3254 1567 3325 τίμιόν
1594 3270 1654 3307 τε
1680 3255 1760 3324 τῷ

184 3340 354 3411 λόγῳ,
389 3342 483 3395 καὶ
508 3341 612 3395 ὑπὸ
648 3342 757 3395 τῶν
798 3343 1218 3413 Ἀρειομανιτῶν
1258 3347 1435 3413 καιρῷ
1463 3345 1760 3415 δεδιωγμέ-

182 3448 282 3485 ηνον
313 3449 328 3463 θ
351 3434 448 3486 καὶ
488 3434 638 3504 ὅμως
666 3436 693 3487 ό
720 3434 959 3500 τοιοῦτος
998 3435 1253 3501 ἐξέπεσεν
1288 3440 1367 3499 είς
1396 3438 1607 3509 αἵρεσιν
1630 3437 1764 3490 πλα-

188 3522 379 3594 νηθεὶς
411 3524 514 3577 ὑπὸ
543 3524 636 3577 τοῦ
685 3525 929 3579 διαϐόλου
952 3568 966 3591 ,
1003 3528 1099 3580 καὶ
1139 3528 1454 3599 δογματίζει
1493 3528 1764 3599 φανερῶς,

189 3615 276 3668 ὅτι
302 3615 513 3670 ἀνωθεν
543 3619 572 3670 ὁ
604 3617 730 3682 Υίὺς
772 3618 866 3672 τοῦ
919 3619 1054 3672 Θεοῦ
1097 3620 1195 3690 τὴν
1242 3619 1421 3689 σάρκα
1458 3619 1767 3689 ἀνείληφεν,

197 3708 343 3778 μήτε
369 3707 550 3778 ψυχὴν
569 3748 583 3770 ,
618 3709 755 3780 μήτε
784 3710 906 3762 νοῦν
933 3710 1158 3781 ἔχουσαν
1176 3752 1191 3775 ,
1226 3711 1376 3765 θείαν
1403 3712 1460 3764 δὲ
1498 3711 1769 3782 ἐμψυχίαν

197 3799 337 3867 φησὶ
383 3798 483 3870 τὴν
507 3800 737 3869 θεότητα
766 3799 861 3853 τοῦ
897 3801 1071 3869 Λόγου
1101 3820 1114 3832 ο
1142 3803 1345 3875 σπουδῇ
1385 3804 1442 3858 δὲ
1473 3804 1566 3857 τοῦ
1606 3804 1771 3857 πᾶσιν

196 3889 511 3961 ἀνθρώποις
564 3891 880 3960 φθονοῦντος
916 3893 1195 3947 διαϐόλου⁶
1241 3895 1315 3959 ῶς
1363 3896 1466 3949 πού
1517 3913 1622 3949 τινι
1666 3896 1774 3949 τῶν

202 3982 385 4051 σοφῶν
404 3981 640 4053 εἴρηται,
670 3984 751 4037 ὅτι
785 3984 975 4053 φθόνος
1017 3986 1103 4039 ἀεὶ
1130 3988 1250 4050 ταῖς
1278 3988 1543 4056 μεγάλαις
1571 3989 1777 4058 εὐπρα-

199 4072 355 4141 γίαις
382 4074 675 4138 ἀντίπαλος
697 4091 711 4106 ·
748 4075 889 4128 οὕτω
935 4076 1023 4130 διὰ
1050 4076 1357 4145 προσώπων
1399 4078 1770 4149 προϐεϐοημέ-

200 4180 333 4230 νων,
384 4166 479 4217 καὶ
517 4165 657 4218 πάνυ
691 4165 1112 4236 θαυμασθέντων
1156 4168 1338 4237 βαλεῖν
1382 4186 1534 4230 τινας
1568 4169 1781 4239 προφά-

207 4272 357 4320 σεις,
403 4256 491 4309 ἴνα
533 4255 632 4325 τὴν
684 4256 777 4308 τοῦ
818 4257 1052 4329 Χριστοῦ
1106 4258 1430 4329 Ἐκκλησίαν
1478 4258 1778 4332 θορυϐήσῃ,

206 4349 303 4401 καὶ
324 4348 566 4419 λυπήσῃ,
598 4348 694 4401 καὶ
720 4349 991 4421 στιϐαρῶς
1029 4350 1259 4422 ταράξῃ,
1282 4350 1378 4403 καὶ
1406 4351 1674 4423 συγχήσῃ.

499 4644 702 4713 ,ΣΝΗκ
718 4675 789 4685 -
814 4641 1143 4713 ΣΑΒΟΥΡΙῼ
1174 4640 1466 4693 unum}.

283 4758 424 4830 Περὶ
446 4759 543 4830 τῆς
575 4758 770 4829 νοητῆς
804 4758 1159 4828 Ἰερουσαλὴμ
1184 4799 1198 4822 ,
1231 4757 1482 4810 τουτέστι
1520 4755 1619 4825 τῆς
1665 4756 1789 4807 Ἑκ-

216 4850 470 4919 κλησίας,
519 4849 828 4918 γέγραπται
856 4848 948 4900 τό’
986 4867 1004 4900 ι
1040 4841 1145 4910 τΗς
1179 4850 1211 4915 ἡ
1249 4846 1450 4917 μετοχὴ
1490 4845 1659 4915 αὐτῆς
1689 4844 1783 4897 ἐπὶ

1864 3256 2012 3311 denti
2039 3262 2094 3309 et
2133 3249 2442 3307 veneranda
2472 3246 2626 3303 senio
2649 3244 3141 3311 ingravescentem,
3171 3242 3427 3289 sermone

1866 3344 2252 3407 honoriﬁcum,
2308 3348 2364 3396 et
2414 3339 2483 3393 ab
2531 3334 2751 3391 Arianis
2798 3347 2893 3402 per
2936 3324 3159 3397 aliquod
3214 3332 3430 3389 tempus

1865 3436 2303 3511 persecutionem
2335 3444 2581 3502 passum.
2625 3425 2724 3480 Hic
2763 3419 3122 3478 nihilominus
3154 3429 3183 3469 a
3212 3410 3431 3466 diabolo

1868 3501 2167 3589 seductus,
2234 3524 2286 3577 in
2334 3501 2581 3575 haeresim
2637 3513 2873 3574 incidit,
2924 3510 3214 3581 palamque
3262 3501 3432 3558 veluti

1868 3621 2065 3689 dogma
2086 3613 2412 3676 enuntiavit,
2440 3610 2548 3681 97
2577 3607 2777 3663 Filium
2807 3603 2902 3658 Dei
2931 3602 3053 3655 loco
3099 3615 3130 3653 e
3163 3592 3434 3664 superiori

1870 3724 2092 3767 carnem
2128 3705 2527 3775 assumpsisse,
2558 3701 2738 3754 anima
2764 3705 3052 3763 menteque
3078 3706 3141 3745 ex
3180 3693 3352 3757 parte,
3384 3692 3439 3735 et

1872 3803 2116 3858 divinam
2174 3796 2627 3854 inanimationem
2683 3796 2844 3845 vocat
2903 3784 3065 3841 Verbi
3115 3783 3373 3837 deitatem
3421 3792 3437 3828 :

1873 3896 2040 3964 idque
2081 3906 2248 3962 opera
2288 3887 2561 3943 universis
2613 3880 2931 3938 hominibus
2979 3873 3279 3930 invidentis
3325 3868 3443 3923 dia-

1876 3962 2026 4054 boli;
2055 3980 2519 4055 quemadmodhm
2570 3974 2666 4031 uni
2713 3989 2782 4028 ex
2832 3968 3179 4040 sapientibus
3228 3962 3443 4017 dictum

1877 4088 1982 4141 est,
2016 4075 2273 4131 invidiam
2300 4085 2517 4141 semper
2550 4083 2675 4123 esse
2724 4076 3048 4133 magnorum
3090 4073 3155 4112 ac
3201 4055 3447 4109 fortuna-

1878 4181 2058 4226 torum
2099 4177 2457 4221 successuum
2507 4159 2959 4214 adversatricem.
3016 4149 3107 4202 Sic
3155 4161 3255 4216 per
3295 4142 3449 4194 viros

1878 4262 2061 4334 magni
2088 4258 2356 4324 nominis,
2380 4264 2434 4311 et
2461 4253 2554 4324 qui
2589 4249 2827 4304 maxima
2853 4248 2906 4299 in
2936 4239 3299 4296 admiratione
3333 4233 3449 4287 fue-

1882 4363 2033 4419 runt,
2082 4348 2336 4405 nonnihil
2384 4340 2850 4403 comminiscitur,
2903 4345 2964 4389 ut
3014 4331 3107 4385 Dei
3150 4325 3453 4382 Ecclesiam

1885 4447 2091 4511 turbet,
2122 4456 2359 4499 maerore
2381 4437 2601 4500 alliciat,
2623 4448 2688 4488 ac
2708 4429 2884 4485 valide
2911 4434 3236 4482 concussam
3265 4414 3454 4473 conio—

1816 4540 1862 4595 Ι)
1886 4540 2023 4594 diat.

2160 4621 2430 4682 CCLVIII.
2460 4651 2531 4660 —
2572 4611 2871 4671 SABUBIO
2921 4604 3176 4664 COMI'I‘I.

1963 4740 2037 4795 De
2093 4732 2448 4792 intellectuali
2498 4726 2882 4785 Hierusalem,
2939 4720 2993 4774 id
3037 4725 3121 4772 est
3175 4709 3453 4774 Ecclesia,

1891 4834 2161 4901 scriptum
2208 4835 2344 4882 est:
2405 4842 2423 4874 ι
2465 4820 2637 4889 Cujus
2704 4810 3053 4887 participatio
3103 4805 3224 4875 ejus
3270 4803 3326 4855 in
3373 4799 3465 4854 id-

530 4900 671 4918 .7...
816 4900 823 4901 κ
1128 4900 1144 4910 .
1201 4900 1261 4916 .,
1382 4900 1450 4917 ,η
1616 4900 1655 4915 ,-

216 4943 281 4995 τὸ
309 4941 463 4995 αὐτό.
499 4958 517 4992 ι
552 4941 758 5004 Πάντες
796 4940 904 5011 γὰρ
936 4941 986 4992 οἱ
1017 4938 1456 5000 πιστεύοντες,ἒν
1489 4938 1669 5006 σῶμα,
1693 4954 1752 4989 κο

1892 4926 2072 4994 ipsum
2091 4923 2188 4974 ⁵⁵.»
2212 4918 2415 4973 Omnes
2445 4914 2592 4968 enim
2614 4909 2923 4966 credentes,
2956 4913 3124 4953 unum
3151 4907 3374 4964 corpus,
3406 4900 3463 4944 e:

2149 5014 2156 5017 -
2199 5013 2208 5017 ·
2654 5000 2665 5011 ο
2711 5000 2810 5017 ιι--
2849 4992 3090 5017 ...-_:t...-
3123 5001 3246 5017 Ann-
3286 4983 3460 5017 nim“.

220 5034 281 5088 ἓν
303 5033 539 5104 πνεῦμα,
578 5033 675 5103 μία
721 5032 877 5096 πόλις
927 5032 1004 5101 τῷ
1050 5031 1235 5102 τρόπῳ
1280 5031 1636 5100 ὑπάρχοντες,
1669 5045 1791 5079 συν-

222 5125 503 5194 ερχόμενοι
538 5123 630 5176 ἐπὶ
660 5123 721 5175 τὸ
756 5122 907 5185 αὐτὸ,
933 5123 988 5174 ὲν
1014 5120 1088 5190 τῷ
1116 5120 1393 5191 συνδέσμῳ
1426 5120 1521 5187 τῆς
1548 5118 1791 5188 εἰρήνης,

225 5221 320 5273 καὶ
367 5218 465 5287 τῆς
497 5218 717 5285 ἀγάπης
740 5256 755 5281 ,
779 5214 1117 5285 ὁμοθυμαδὸν
1156 5214 1455 5282 μετέχομεν
1502 5209 1609 5262 τῶν
1641 5224 1794 5278 χαρι-

230 5309 450 5380 σμάτων
472 5308 565 5362 τοῦ
600 5308 755 5376 ἁγίου
792 5306 1126 5374 Πνεύματος,

668 5441 835 5496 ΣΝθν.
859 5469 928 5481 --
956 5438 1373 5508 ΝΑΥΚΡΑΤΙῼ.

303 5559 415 5630 Τὴν
432 5559 693 5630 ἔνσαρκον
714 5556 1024 5629 οἰκονομίαν
1057 5554 1248 5627 λύχνον
1271 5553 1433 5623 φησίν
1452 5569 1466 5585 ·
1499 5554 1533 5623 ἡ
1559 5552 1668 5624 γὰρ
1703 5550 1797 5605 τοῦ

309 5735 352 5767 ⁸³
374 5731 549 5789 Lavit.
601 5747 713 5793 XIX.
742 5732 829 5785 3|.

1898 5031 2042 5070 unus
2081 5013 2328 5082 spiritus,
2359 5018 2575 5075 unaque
2620 5000 2815 5054 civitas
2849 4992 3093 5049 moribus
3123 5001 3249 5042 cum
3286 4983 3461 5039 simus

1900 5109 1953 5163 in
1992 5107 2130 5159 idem
2169 5098 2579 5157 convenientes,
2614 5092 2668 5146 in
2703 5089 2853 5160 pacis
2882 5083 3100 5139 vinculo
3134 5086 3188 5134 et
3218 5073 3464 5131 charita-

1901 5201 1992 5264 tis,
2020 5194 2349 5251 unanimiter
2380 5187 2619 5258 Spiritus
2642 5179 2818 5237 sancti
2844 5187 3132 5233 munerum
3162 5165 3461 5239 participes

1904 5289 2203 5345 evadimus.

2294 5409 2495 5469 CCLIX
2508 5451 2520 5464 .
2557 5436 2626 5450 —-
2664 5397 3081 5459 NAIICRATIO.

1978 5530 2381 5594 Incarnatlonis
2434 5522 2845 5595 dispositionem
2901 5516 3180 5568 lucernam
3234 5510 3396 5561 vocat
3448 5516 3465 5555 :

968 5727 1196 5782 “Joan.
1254 5741 1293 5791 1,
1328 5725 1410 5781 I6.
1487 5724 1531 5755 ⁵³
1574 5720 1752 5788 Philip

1866 5732 1946 5781 ιιι,
1992 5712 2080 5767 I9.
2154 5706 2252 5761 ⁵⁸1
2290 5704 2416 5759 Cor.
2446 5718 2499 5767 ιι,
2544 5698 2628 5752 I2.
2704 5695 2749 5727 ⁸⁵
2778 5691 2927 5748 Psal.
2988 5685 3219 5749 sunt”).
