3882 6036
439 227 542 301 179

1891 233 1950 298 S.
1989 231 2153 298 NILI

3571 216 3696 282 1.80

438 341 719 414 Sapientia
757 343 957 413 quippe
1000 339 1093 398 Dei
1139 341 1341 398 dictam
1385 341 1666 398 lucernam
1694 341 1998 398 accendens

2117 340 2236 395 Βεοῦ
2283 341 2443 410 σοφία
2485 337 2576 392 τὸν
2619 336 2903 411 εἰρημένον
2947 335 3130 407 ἅψασα
3172 333 3363 406 λύχνον
3397 325 3544 404 ηἶιρε
3575 339 3696 402 τὴν

436 431 751 486 drachmam
779 432 1120 503 deperditam
1147 433 1355 486 invenit
1383 433 1450 485 ".

673 545 740 596 ω
926 521 1122 579 CCLX.
1162 556 1231 565 --
1264 522 1472 578 Eidem.

507 613 661 680 Quod
713 615 889 669 salute
931 623 1014 670 est
1056 615 1305 685 dignum,
1339 629 1500 668 omne
1548 615 1830 669 inventum
1877 620 2001 679 est;

436 701 719 773 indignum
747 712 974 772 prepter
1006 703 1458 773 impmnitentiam
1491 711 1546 758 ct
1578 713 1854 772 stuporem
1888 717 1999 756 non

436 791 642 848 dicitur
681 794 984 848 inventum.
1023 814 1041 845 ι
1089 795 1298 848 Etenim
1337 796 1465 849 licet
1503 795 1613 850 sint
1641 794 1802 848 sicuti
1836 807 2002 847 arena

437 886 625 947 maris,
663 887 911 954 reliquiae
959 886 1318 941 salvabunlur
1365 887 1432 949 ⁸⁷,
1473 907 1490 940 ι
1524 888 1638 944 sive
1679 883 1826 956 quod
1857 885 2002 955 apud

435 978 761 1047 Apostolum
796 978 1075 1032 residuum
1125 980 1428 1033 secundum
1466 980 1790 1034 electionem
1830 978 2002 1049 gratia

437 1069 666 1132 dicitur,
698 1067 810 1138 98
833 1068 979 1138 quod
1013 1085 1106 1138 per
1131 1070 1289 1124 [idem
1321 1079 1569 1124 Servatur
1589 1069 1657 1124 ⁸⁸.

935 1159 1161 1215 CCLXI.
1201 1191 1270 1200 —-
1305 1159 1514 1216 Eidem.

511 1249 566 1304 Si
597 1266 813 1312 omnes,
843 1263 898 1306 ut
923 1259 978 1305 tu
1001 1252 1163 1318 dicis,
1196 1253 1502 1315 salvantur,
1523 1253 1802 1328 quomodo
1825 1251 2004 1308 iactus

440 1355 562 1396 sum
603 1341 862 1396 omnibus
907 1341 1118 1402 omnia.
1175 1352 1232 1396 ut
1292 1343 1518 1396 omnino
1560 1343 1798 1412 aliquem
1837 1335 2006 1396 lucri-

441 1431 672 1484 facerem
708 1431 790 1483 "‘2
832 1451 850 1482 ι
886 1430 1172 1496 Quomodo
1205 1431 1272 1485 ad
1303 1433 1670 1486 aemulandum
1709 1445 2001 1501 provocem

439 1533 664 1574 carnem
717 1537 914 1585 meam,
966 1531 1025 1575 ιιι
1085 1523 1299 1592 aliquos
1344 1537 1412 1577 ex
1465 1523 1596 1588 illis,
1641 1538 1750 1578 non
1790 1537 2001 1588 omnes,

441 1610 624 1664 salvos
655 1609 856 1666 faciam
895 1613 979 1665 ‘°?
1020 1631 1038 1662 ι

933 1701 1180 1758 CCLXII.
1220 1733 1290 1742 —
1323 1703 1532 1757 Eidem.

508 1789 767 1846 Nonnulli
793 1795 1091 1864 prophetas
1115 1810 1245 1866 apes
1270 1805 1596 1863 nunwpant
1627 1815 1641 1851 :
1669 1797 2004 1852 melliﬁcium

439 1897 628 1937 eorum
677 1886 901 1939 tradunt
938 1901 1062 1941 esse
1108 1887 1351 1942 divinam
1389 1888 1752 1955 Scripturam.
1798 1887 2005 1942 Bonum

440 1975 626 2044 itaque
649 1974 818 2032 fuerit
851 1978 1078 2033 credere
1111 1979 1391 2034 Salomoni
1421 1980 1627 2035 dicenti
1664 2000 1678 2036 :
1721 1998 1740 2032 ι
1781 1981 1882 2035 Fili
1909 1981 2002 2047 mi,

438 2065 666 2122 comede
698 2071 828 2135 mel,
865 2078 922 2122 ut
955 2071 1154 2125 animae
1184 2070 1371 2126 fauces
1406 2072 1727 2128 dulcescant
1755 2073 1819 2127 ⁶¹.
1859 2090 1880 2122 ι
1914 2072 2007 2126 Ci-

438 2152 568 2207 bum
603 2155 819 2220 dulcem
865 2171 928 2212 ac
963 2159 1220 2212 melleum
1253 2169 1413 2213 vocat
1457 2159 1772 2225 lectionem,
1805 2170 1858 2215 et
1883 2145 2006 2214 ὀιο-

439 2245 695 2314 quiorum
727 2247 971 2318 Spiritus
997 2251 1429 2306 meditationem.

909 2423 1178 2483 chLXIII.
1213 2459 1284 2471 -
1321 2429 1522 2486 Eidem.
1557 2417 1564 2424 ’

511 2509 706 2574 Poscis
748 2534 777 2572 a
821 2537 928 2586 me,
963 2521 1096 2590 quid
1128 2523 1262 2576 illud
1295 2534 1470 2592 notet,
1508 2527 1652 2594 quod
1691 2527 1956 2581 scribitur
1987 2543 2002 2582 :

445 2628 464 2660 ι
501 2611 622 2664 Νοιι
669 2615 1042 2682 cognoscebat
1082 2613 1284 2686 Juseph
1331 2617 1582 2684 Mariam,
1627 2619 1804 2676 donec
1841 2635 2007 2690 pepe-

437 2703 512 2754 r'it
545 2701 630 2755 ⁸³2
673 2721 691 2753 ι
731 2699 784 2756 id
813 2716 914 2770 εει,
946 2721 1052 2760 non
1092 2708 1345 2768 callebat,
1384 2725 1561 2780 neque
1596 2708 1830 2776 sciebat,
1859 2708 2006 2780 quod

434 2789 668 2862 Deipara
703 2792 870 2850 Maria
894 2797 1302 2854 ostenderetur.
1334 2795 1440 2855 Sed
1481 2810 1605 2871 post
1641 2809 1858 2872 partum
1903 2799 2006 2855 ad-

433 2879 746 2938 mirabilem
822 2888 1291 2942 annuutiaverunt
1357 2899 1612 2959 pastores
1680 2893 2004 2963 angelorum

2032 1685 2079 1744 Β

2101 433 2350 504 δραχμὴν
2375 433 2473 502 τὴν
2499 428 2856 485 άπολωλυῖαν.

2620 521 2735 576 ΣΞν.
2769 551 2840 560 -
2867 521 2950 591 Τῷ
2983 518 3161 585 αὐτῷ.
3411 569 3416 574 .
3707 549 3714 554 ·

2171 615 2285 668 Πᾶν
2315 614 2377 666 τὸ
2414 611 2559 677 ἄξιον
2591 611 2866 682 σωτηρίας
2903 609 3108 680 ηὑρέθη
3129 648 3144 672 ,
3169 607 3229 662 τὸ
3258 608 3304 662 δ’
3335 606 3559 670 ἀνάξιον
3585 605 3698 658 διὰ

2100 707 2197 776 τὴν
2238 703 2633 775 ἀμετανοησίαν
2655 741 2672 767 ,
2706 702 2798 756 καὶ
2828 701 2926 772 τὴν
2955 700 3214 770 πώρωσιν
3255 699 3352 768 οὐχ
3397 696 3694 768 εὑρῆσθαι

2099 799 2353 866 λέγεται·
2379 816 2398 848 ι
2445 797 2568 850 Ἐὰν
2613 795 2722 864 γὰρ
2766 792 3002 864 ὑπάρχει
3049 791 3236 860 ὥσπερ
3273 792 3302 843 ό
3337 789 3522 859 ἄμμος
3573 789 3693 856 τῆς

2103 890 2410 960 Θαλάσσης,
2443 889 2504 941 τὸ
2541 887 2892 956 κατάλειμμα
2921 883 3243 954 σωθήσεται,
3278 900 3298 933 ι
3333 883 3454 950 ἦτοι
3483 880 3556 932 τὸ
3585 880 3696 932 λε-

2100 982 2329 1052 γόμενον
2387 979 2538 1051 παρὰ
2569 979 2646 1049 τῷ
2678 975 2987 1046 ’Δποστόλῳ
3034 975 3238 1046 λεῖμμα
3271 973 3388 1026 κατ’
3433 971 3694 1041 ἐκλογὴν

2103 1075 2328 1146 χάριτος
2361 1073 2666 1142 σωζόμενον
2697 1069 2785 1122 διὰ
2813 1069 3068 1130 πίστεως.

2591 1163 2752 1216 ΣΞΑἏ
2777 1189 2846 1200 —-
2883 1158 2966 1224 Τῷ
2995 1153 3171 1222 αὐτῷ.

2173 1255 2236 1308 Εἰ
2262 1254 2478 1316 πάντες,
2511 1252 2586 1315 ὡς
2609 1251 2809 1320 λέγεις,
2835 1246 3096 1312 σώζονται
3113 1275 3130 1307 ,-
3159 1242 3275 1306 πῶς
3313 1243 3448 1295 πᾶσι
3467 1240 3692 1308 γέγονα.

2103 1347 2301 1408 πάντα,
2317 1346 2402 1399 ἵνα
2431 1345 2646 1406 πάντως
2668 1343 2789 1397 τινὰ
2813 1342 2998 1405 σώσω;
3029 1358 3046 1390 ι
3068 1337 3190 1400 Πῶς
3209 1333 3265 1388 δὲ
3287 1331 3692 1403 παραζηλώσω

2107 1455 2208 1502 μου
2251 1438 2349 1506 τὴν
2389 1438 2564 1507 σάρκα
2595 1438 2740 1498 ὅπως
2779 1431 2936 1486 σώσω
2963 1431 3114 1492 τινὰς
3146 1427 3204 1493 ἐξ
3234 1425 3432 1490 αὐτῶν,
3475 1423 3578 1477 καὶ
3611 1421 3688 1475 οὐ

2104 1533 2310 1596 πάντας
2333 1550 2348 1599 ;
2380 1552 2399 1583 ι

2593 1703 2751 1758 ΣΞΒ¹.
2779 1734 2846 1742 —
2880 1697 2963 1767 Τῷ
2997 1699 3172 1765 αὐτῷ.

2177 1797 2451 1861 Μελίσσας
2489 1797 2631 1857 τινες
2661 1795 2790 1860 τοὺς
2838 1794 3123 1864 προφήτας
3164 1789 3540 1859 κικλήσκουσι,
3574 1801 3688 1853 με-

2105 1887 2470 1958 λισσουργείον
2496 1885 2540 1936 δ’
2564 1883 2740 1936 αὐτῶν
2769 1885 2867 1956 τὴν
2897 1883 3045 1936 Θείαν
3069 1877 3207 1934 εἷναι
3222 1878 3464 1950 Γραφήν.
3485 1874 3688 1929 Καλὸν

2104 1977 2283 2032 τοίνυν
2313 1977 2567 2048 ὑπάρχει,
2599 1975 2882 2029 πείθεσθαι
2911 1971 2991 2044 τῷ
3021 1971 3326 2042 Σολομῶντι
3367 1969 3638 2037 φάσκοντι
3661 1977 3682 1997 ο

2115 2090 2134 2122 ι
2175 2069 2273 2123 Υίέ
2305 2087 2428 2140 μου,
2465 2068 2604 2137 φάγε
2624 2067 2768 2139 μέλι.
2790 2068 2937 2129 ὅπως
2960 2065 3025 2118 ἂν
3055 2061 3414 2134 γλυκανθείης
3441 2057 3533 2111 τὸν
3572 2055 3684 2123 τῆς

2103 2162 2280 2232 ψυχῆς
2335 2161 2612 2232 φάρυγγα.
2659 2178 2678 2210 ι
2715 2158 2928 2230 Βρῶσιν
2957 2157 3014 2211 δὲ
3067 2156 3214 2224 λέγει
3269 2153 3544 2222 γλυκεῖαν,
3579 2149 3684 2202 καὶ

2108 2253 2372 2326 μελιτώδη
2393 2253 2493 2324 τὴν
2521 2252 2822 2321 ἀνάγνωσιν
2856 2251 2951 2305 καὶ
2969 2251 3068 2320 τὴν
3093 2247 3322 2320 μελέτην
3345 2243 3453 2297 τῶν
3473 2242 3680 2312 λογίων

2103 2345 2197 2398 τοῦ
2223 2345 2558 2414 Πνεύματος.

2599 2437 2754 2490 Σειν.
2781 2465 2852 2476 -
2886 2433 2968 2500 Τῷ
2999 2429 3177 2496 αὐτῷ.

2177 2528 2426 2601 Πυνθάνῃ
2453 2545 2576 2599 μου,
2613 2525 2669 2581 τί
2715 2526 2833 2578 ἐστι
2859 2523 2920 2576 τὸ
2943 2517 3320 2592 γεγραμμένον
3345 2553 3361 2580 ,
3389 2515 3470 2567 ότι
3494 2530 3514 2564 ι
3551 2510 3676 2564 Οὔκ

2104 2621 2397 2690 ιγίνωσκεν
2431 2620 2627 2691 Ἰωσὴφ
2651 2619 2748 2688 τὴν
2775 2613 3128 2686 Μαρίαν,’ἐως
3159 2603 3220 2664 οὗ
3247 2609 3483 2660 ἔτεκεν.»
3505 2604 3678 2656 Τουτ-

2106 2714 2272 2776 έστιν,
2307 2713 2405 2766 οὐκ
2437 2713 2578 2784 ᾔδει,
2606 2711 2727 2765 οὐδὲ
2749 2708 3036 2780 ἠπίστατο,
3071 2705 3152 2758 ὅτι
3189 2699 3450 2760 Θεοτόκος
3482 2698 3516 2766 ἡ
3552 2697 3678 2750 Μα-

2107 2808 2198 2878 ρία
2225 2806 2591 2876 δειχθήσεται.
2621 2803 2774 2858 Μετὰ
2805 2801 2862 2854 δὲ
2902 2799 2992 2853 τὸν
3019 2791 3320 2867 παράδοξον
3341 2791 3521 2852 τόκον,
3557 2787 3675 2840 ἀπ-

2105 2898 2364 2968 ήγγειλαν
2393 2899 2442 2950 οἱ
2472 2895 2729 2966 ποιμένες
2773 2893 2900 2954 τοὺς
2935 2890 3125 2958 λόγους
3165 2885 3272 2938 τῶν
3301 2879 3675 2950 ἀγγέλων,ὄτι

435 2985 719 3028 sermones
754 2992 768 3028 :
807 2994 826 3026 ι
861 2973 1035 3032 Natus
1071 2989 1154 3032 est
1200 2981 1254 3033 in
1291 2982 1495 3035 mundo
1521 2982 1778 3037 Christus
1813 2982 1998 3038 Domi—-

2117 2990 2377 3060 ιἙτέχθη
2425 2989 2574 3058 παρὰ
2607 2986 2684 3056 τῷ
2723 2985 2907 3054 κόσμῳ
2949 2979 3180 3052 Χριστὸς
3204 2975 3407 3047 Κύριος
3432 2974 3489 3024 ὲν
3516 2969 3674 3022 πόλει

432 3073 540 3151 nus
573 3063 627 3118 in
659 3065 884 3119 civitate
923 3065 1090 3122 David
1122 3069 1188 3126 ⁸³.
1224 3089 1241 3120 δ
1281 3071 1342 3124 Et
1378 3089 1391 3126 :
1422 3091 1440 3122 ι
1470 3068 1656 3126 Gloria
1688 3073 1742 3126 in
1767 3073 1998 3130 excelsis

2117 3087 2262 3142 λαυῖδ
2283 3106 2296 3119 ⁸
2331 3107 2351 3138 ι
2384 3087 2475 3140 καί
2505 3103 2519 3116 ·
2561 3105 2576 3136 ι
2614 3083 2750 3148 Δόξα
2783 3085 2838 3136 ἐν
2873 3081 3114 3151 ὑψίστοις
3147 3075 3286 3145 Θεῷ,
3315 3073 3410 3126 καὶ
3443 3069 3536 3124 ἐπὶ
3562 3068 3674 3138 γῆς

433 3145 566 3218 Deo,
600 3162 654 3209 et
690 3157 743 3210 in
773 3165 914 3212 terra
961 3175 1064 3228 pax
1097 3161 1162 3222 ⁸⁸,
1203 3182 1220 3212 ι
1254 3172 1362 3218 etc.

537 3243 810 3302 CCLXIV.
845 3280 915 3289 —
948 3249 1394 3310 CALLIMACHO
1427 3253 1882 3312 MEMORMLIO.

505 3335 745 3409 Simplex
791 3355 854 3394 ac
888 3343 1032 3397 nuda
1069 3346 1334 3402 divinitus
1376 3349 1660 3419 inspirata:
1695 3349 2001 3419 Scriptura:

431 3421 612 3483 littera
653 3431 808 3485 favus
840 3429 884 3463 ⁸³
917 3450 1026 3488 ιιοη
1065 3439 1203 3491 male
1247 3438 1451 3493 dicitur
1489 3463 1500 3495 :
1534 3442 1626 3510 qui
1678 3443 1784 3497 sub
1817 3443 2000 3496 littera

432 3523 597 3577 veluti
635 3523 931 3582 thesaurus
967 3529 1332 3586 absconditur
1375 3550 1597 3603 sensus,
1633 3535 1861 3606 ﬁgurate
1896 3537 2002 3590 mel

433 3619 742 3674 vocabitur.

604 3705 716 3780 99
742 3711 990 3768 CCva.
1021 3747 1090 3756 —
1113 3715 1340 3774 rauco
1374 3721 1834 3780 peccupnmo.

507 3819 528 3851 ι
565 3799 706 3856 Ecce
733 3819 834 3874 ego
859 3817 913 3860 et
953 3811 1104 3876 pueri
1143 3811 1246 3864 mei
1279 3813 1363 3876 6°;
1405 3832 1424 3864 ι
1461 3813 2002 3870 δειινιιιοτ.ϐίιτὶειυε

433 3903 531 3962 per
562 3891 760 3948 lsaiam
797 3897 1091 3952 clamabat.
1127 3899 1598 3966 Quemadmodum
1629 3907 1774 3961 enim
1797 3923 2003 3977 pueru-

433 3983 503 4037 lis
534 3983 742 4040 sanctis
779 3987 1057 4056 expcdivit
1093 3989 1373 4056 Servatur,
1417 4011 1756 4068 qumcunquc
1791 3998 1870 4052 illi
1895 4003 2003 4052 'ca—

431 4089 560 4146 pere
587 4087 868 4146 poterant,
904 4083 1139 4152 aliisque
1181 4083 1516 4141 ministrare.
1560 4087 1766 4144 ClIriin
1798 4090 2002 4162 quippe

431 4161 750 4238 perfectioni
779 4174 953 4226 sancti
984 4188 1175 4228 omnes
1208 4175 1526 4244 aequiparati
1562 4179 1711 4247 pueri
1743 4188 1893 4234 sunt.

678 4259 954 4318 CCLXVI.
989 4295 1060 4304 —
1085 4261 1387 4321 CYBILLO
1447 4267 1750 4324 PRIMATI.

2101 3184 2293 3256 εἰρήνη
2318 3201 2335 3234 ι
2366 3185 2461 3236 καὶ
2490 3180 2559 3234 τὰ
2585 3179 2732 3246 έξῆς.

2275 3273 2428 3334 ΣΞΔἎ
2463 3301 2534 3311 -·
2574 3267 2985 3336 ΚΑΑΛΙΜΑΧῼ
3038 3257 3489 3326 ΜΕΜΟΡΙΑΛΙῼ.

2171 3366 2340 3420 Ψιλὸν
2382 3365 2442 3416 τὸ
2479 3363 2714 3433 γράμμα
2754 3360 2853 3428 τῆς
2888 3354 3244 3410 Θεοπνεύστου
3285 3348 3530 3421 Γραφῆς,
3565 3361 3672 3414 κη-

2103 3457 2215 3528 ρίον
2249 3456 2314 3508 ἂν
2337 3451 2570 3520 λέγοιτο·
2591 3452 2620 3502 ὀ
2656 3450 2711 3502 δέ
2732 3465 2796 3516 γε
2827 3449 2885 3499 έν
2918 3445 2997 3514 τῷ
3027 3444 3312 3514 γράμματι
3340 3437 3668 3506 τεθησαυρι-

2102 3548 2294 3618 σμένος
2325 3545 2468 3607 νοῦς,
2504 3543 2623 3614 μέλι
2661 3538 2936 3612 τροπικῶς
2964 3536 3282 3608 ῥηθήσεται.

2377 3717 2536 3770 ΣΞΕι.
2564 3745 2630 3754 -
2657 3711 2886 3782 uerae
2916 3705 3388 3776 ΔΕΚΕΜΠΡΙΜῼ.
3593 3771 3604 3781 ι

2174 3831 2191 3863 ι
2237 3809 2366 3864 Ἰδοὺ
2391 3809 2499 3878 ἐγὼ
2526 3807 2619 3860 καὶ
2652 3806 2718 3860 τὰ
2752 3805 2936 3858 παιδία
2971 3819 3091 3873 μου,
3115 3820 3134 3852 ι
3159 3799 3390 3872 Χριστὸς
3421 3797 3450 3850 ό
3479 3793 3670 3865 Σωτὴρ

2099 3899 2227 3952 ἐϐόα
2264 3899 2350 3951 διὰ
2382 3896 2472 3951 τοῦ
2517 3895 2756 3949 Ἡσαΐου.
2801 3895 2890 3956 Ὠς
2916 3892 3021 3961 γὰρ
3051 3889 3279 3950 παιδίοις
3323 3884 3612 3940 διείλεκται
3635 3881 3666 3934 6

2100 3993 2288 4062 Σωτὴρ
2333 3993 2444 4052 τοῖς
2483 3989 2674 4056 ἁγίοις,
2701 3987 2798 4039 ὅσα
2853 3983 3096 4055 χωρῆσαι
3138 3980 3408 4042 ἐδύναντο,
3439 3973 3665 4062 καὶτοῖς

2099 4061 2277 4142 ἄλλοις
2305 4080 2635 4149 διακονῆσαι·
2665 4075 2800 4145 πρὸς
2829 4074 2936 4142 γὰρ
2964 4073 3061 4143 τὴν
3090 4069 3182 4124 τοῦ
3231 4063 3467 4138 Χριστοῦ
3497 4061 3664 4116 τελει-

2099 4177 2288 4246 ότητα,
2315 4175 2514 4236 πάντες
2546 4173 2593 4224 οἱ
2615 4169 2760 4239 ἅγιοι
2789 4168 2976 4221 παιδία
2997 4164 3371 4234 τυγχάνουσιν.

2323 4266 2496 4333 ΣΞς’.
2525 4294 2588 4304 ——
2629 4261 2934 4332 ΚΥΡΙΛΛῼ
2985 4253 3441 4312 ΠΡΩΤΕΥΟΝΤΙ.

501 4341 760 4418 Figurate
786 4353 1057 4422 principio
1079 4353 1298 4409 condita
1327 4355 1438 4410 Eva
1478 4357 1591 4410 vita
1618 4365 1811 4412 vocata
1831 4367 1914 4413 est
1936 4355 1998 4426 ",

2175 4357 2434 4418 Τυπικῶς
2470 4358 2504 4426 ἡ
2543 4353 2732 4424 πρώτη
2764 4349 2874 4406 Εὕα
2904 4351 3016 4420 ζωὴ
3059 4347 3284 4416 ἐκλήθη,
3333 4344 3418 4396 ἵνα
3449 4339 3660 4410 σημάνῃ

433 4449 494 4492 ut
531 4437 607 4493 illi
645 4441 942 4497 secundam
988 4445 1299 4514 adnotaret,
1352 4458 1598 4504 sanctam
1645 4464 1840 4519 nempe
1884 4449 1998 4501 Ma-

432 4532 594 4594 riam,
648 4549 769 4602 quae
819 4535 989 4588 vitam
1047 4538 1328 4592 hominum
1379 4539 1657 4594 Christum
1709 4539 1998 4592 Dominum

431 4623 620 4691 gloriae
647 4629 873 4694 peperit.
910 4625 1031 4696 Ipsa
1060 4629 1329 4698 siquidem
1361 4645 1486 4684 vera
1523 4639 1700 4683 mater
1731 4629 1997 4692 omnium,

429 4713 526 4782 qui
553 4716 882 4786 evangelicis
903 4721 1184 4788 praeceptis
1209 4728 1571 4776 consentanee
1591 4720 1798 4786 vivunt,
1825 4735 2000 4789 neque

430 4817 528 4872 per
559 4805 996 4862 incredulitatem
1027 4809 1225 4867 animis
1266 4811 1636 4872 emoriuntur,
1667 4810 1996 4867 ostenditur.

679 4971 684 4976 _
898 4899 1190 4957 CCLXVII.
1220 4933 1288 4943 —
1319 4901 1527 4957 Eidem.

498 4985 632 5052 Quis
660 4998 830 5044 artem
859 4995 1145 5047 textoriam
1173 4995 1497 5049 mulieribus
1524 4996 1778 5062 tradidit,
1805 5012 1833 5049 τι
1861 4993 1999 5050 Joho

428 5075 690 5133 Dominus
739 5091 1096 5149 percontatur
1127 5085 1191 5138 ⁸⁸,
1239 5083 1422 5138 Prima
1475 5087 1744 5156 siquidem
1801 5088 1999 5142 mulier

428 5171 788 5225 texendorum
821 5175 1299 5240 vestimentorum,
1349 5189 1469 5247 quze
1507 5179 1682 5233 oculis
1723 5179 1998 5247 objiciun-

427 5269 538 5325 tur,
570 5266 892 5332 sapientiam
931 5267 1137 5330 hahuit,
1171 5279 1232 5321 ut
1267 5279 1535 5337 patentem
1565 5285 1856 5340 corporum
1893 5286 1996 5325 nu-

425 5351 649 5406 ditatem
705 5355 810 5410 illis
861 5366 1296 5427 contegeremus.
1329 5361 1413 5412 .At
1461 5363 1717 5428 secunda,
1763 5361 1995 5434 Deipara

2103 4450 2202 4520 τὴν
2247 4446 2521 4516 δευτέραν,
2551 4445 2818 4506 τουτέστι,
2841 4443 2940 4512 τὴν
2979 4440 3140 4506 ἁγίαν
3170 4435 3387 4506 Μαρίαν
3419 4432 3517 4504 τὴν
3542 4447 3662 4499 γεν-

2103 4541 2344 4611 νήσασαν
2371 4537 2470 4607 τὴν
2499 4535 2642 4607 ζωὴν
2679 4534 2787 4588 τῶν
2831 4531 3132 4603 ἀνθρώπων
3167 4525 3399 4598 Χριστὸν
3429 4523 3519 4575 τὸν
3551 4520 3660 4572 Κύ-

2108 4645 2222 4700 ριον
2254 4631 2352 4699 τῆς
2381 4627 2556 4696 δόξης.
2593 4627 2742 4692 Αὕτη
2790 4625 2898 4693 γὰρ
2931 4621 3146 4692 ἀληθῶς
3177 4619 3374 4690 μήτηρν
3394 4613 3660 4668 δείκνυται

2105 4722 2324 4776 πάντων
2357 4721 2468 4773 τῶν
2519 4715 2888 4786 εὐαγγελικῶς
2917 4713 3153 4778 ζώντων,
3197 4711 3286 4763 καὶ
3327 4707 3402 4778 μὴ
3433 4703 3660 4775 ἀποθνη-

2107 4811 2345 4864 σκόντων
2365 4802 2464 4873 τάξ
2491 4809 2668 4879 ψυχὰς
2691 4807 2778 4861 διὰ
2801 4807 2902 4877 τῆς
2925 4805 3202 4866 ἀπιστίας.

2591 4899 2750 4955 ΣΞΖ’.
2779 4931 2847 4940 --
2885 4897 2968 4963 Τῷ
2995 4896 3173 4961 αὐτῷ.

2173 4995 2270 5059 Τίς
2298 4995 2462 5049 ἔδωκε
2493 4996 2705 5064 γυναιξὶ
2747 4992 2936 5061 σοφίαν
2969 4991 3304 5060 ὑφαντικήνς
3337 4991 3366 5043 ό
3393 4987 3657 5055 Δεσπότης

2097 5088 2177 5159 τῷ
2220 5087 2338 5140 ’1ὼό
2362 5087 2645 5156 διελέγετο.
2694 5087 2756 5138 Ἦ
2789 5087 2886 5156 μὲν
2920 5086 3027 5154 γὰρ
3057 5083 3249 5154 πρώτη
3295 5081 3432 5150 γυνὴ
3475 5079 3656 5147 σοφίας

2099 5179 2399 5250 τετύχηκεν
2445 5177 2747 5246 ὲξυφαίνειν
2795 5173 2983 5247 ἱμάτια
3033 5173 3379 5246 βλεπόμενα,
3432 5172 3520 5224 ἵνα
3567 5169 3656 5241 τὴν

2101 5272 2433 5343 φαινομένην
2459 5271 2565 5324 τῶν
2591 5256 2856 5335 δωμάτων
2884 5267 3155 5337 γύμνωσιν
3177 5264 3383 5326 τούτοις
3411 5263 3655 5332 περισκέ-

2102 5382 2314 5436 πωμεν.
2361 5365 2425 5417 Ἦ
2456 5363 2513 5417 δὲ
2555 5362 2800 5433 δευτέρα,
2835 5359 3165 5428 τουτέστινή
3197 5357 3480 5421 Θεοτὸκος,
3509 5358 3650 5428 τηλι-

497 5485 543 5558 ⁸ξ
571 5483 825 5546 LIIc.xv,
889 5489 940 5540 8.
1017 5487 1242 5545 "Rom.
1281 5505 1354 5556 Ix,
1407 5491 1518 5556 ‘27;
1581 5491 1680 5550 ise.
1729 5511 1778 5558 κ,
1819 5495 1910 5549 22.
1987 5497 1998 5528 '

2117 5497 2244 5553 iom.
2285 5513 2365 5558 XI,
2404 5497 2458 5550 5.
2533 5497 2580 5530 ”
2616 5499 2634 5553 l
2670 5497 2796 5550 Cor.
2839 5513 2914 5558 Ix,
2955 5496 3044 5551 ἓξ.
3121 5497 3168 5528 ⁶⁰
3206 5495 3368 5552 llom.
3433 5509 3510 5556 ιιι.
3570 5495 3644 5548 Η.

513 5553 670 5633 ζέε-ων.
721 5572 866 5633 ηιξ,
913 5559 996 5633 lli.
1055 5560 1128 5633 _"_
1159 5547 1352 5614 Matth.
1391 5579 1429 5626 I,
1467 5547 1556 5617 ΞΒ.
1609 5547 1676 5596 V“
1713 5547 1950 5633 Lucili,
1981 5547 2365 5622 ιι.”ειῖ“ἰι›ἰιιζ
2487 5567 2569 5623 l5.
2616 5547 3064 5632 ’σίιῖέςιιῖὶιῖιῖᾑ
3098 5567 3180 5622 il.
3224 5547 3534 5630 °°7lsa.vit'l,
3575 5547 3644 5618 l8.

429 5617 472 5652 θ’
511 5623 645 5676 Gen.
693 5641 750 5686 ιι,
795 5625 874 5678 19.
955 5629 998 5658 ⁸⁸
1048 5627 1148 5682 Job
1179 5617 1528 5696 SXX\'1$,'56.
