3882 6036
195 240 343 307 181

1477 261 2010 321 EPISTOLARUM
2049 262 2195 320 LIB.
2237 260 2288 321 Ι.

3414 253 3514 316 1'82

174 363 463 436 καύτην
498 366 687 434 σοφίαν
720 370 1055 437 ἐπεδείξατο,
1096 374 1188 425 καὶ
1222 375 1563 448 ποικιλτικὴν
1609 378 1819 449 ἐπιστή-

1935 394 2151 447 nempe,
2176 379 2338 431 talem
2376 376 2702 446 sapientiam
2736 384 2790 430 et
2818 384 2990 432 artem
3016 374 3332 444 variegandi
3373 376 3517 429 indi-

177 469 371 523 μην,
424 458 563 511 ὥστε
598 461 661 511 ἐκ
699 461 805 513 τῶν
836 464 996 533 ἐρίων
1027 465 1117 517 τοῦ
1150 465 1210 530 ἐξ
1258 467 1430 537 αὐτῆς
1475 470 1826 539 γεννηθέντος

170 545 440 615 ἀρνίου
468 551 683 605 ἐνδῦσαι
711 554 838 618 τοὺς
875 557 1099 620 πιστοὺς
1139 559 1405 623 ἅπαντας,
1435 562 1505 615 τὰ
1554 561 1826 633 ἐνδύματα

172 637 317 709 τῆς
362 643 708 713 ἀφθαρσίας,
742 646 836 700 καὶ
856 647 917 700 τὸ
944 650 1178 717 ἀοράτου
1210 651 1568 723 ἐλευθερῶσαι
1607 654 1826 725 γυμνώ-

177 746 411 797 σεως.
427 736 540 789 Πᾶν
562 737 670 807 γὰρ
687 738 748 791 τὸ
771 738 1018 809 σύστημα
1041 741 1380 813 Χριστιανῶν
1407 745 1656 815 ἀληθινὸν
1679 747 1824 817 πάρ-

175 836 345 877 ene
399 831 467 881 ὲκ
503 827 693 891 δεξιῶν
720 829 815 882 τοῦ
845 830 956 884 ἄνω
998 831 1286 899 Βασιλεως,
1316 836 1375 886 ὲν
1407 836 1688 906 ἱματισμῷ
1711 837 1825 889 δια-

174 914 436 1016 χξύσιρ
468 918 958 1016 περιϐεϐλημένον,
987 925 1409 996 πεποικιλμένον
1453 930 1566 992 τοῖς
1607 927 1824 999 μυρίοις

174 1009 336 1058 τῶν
371 1009 593 1079 ἀρετῶν
627 1012 844 1067 εἴδεσιν.

743 1124 908 1178 ΣΞΗν.
935 1155 1004 1166 -
1036 1128 1120 1193 Τῷ
1144 1128 1305 1195 αὐτῷ

295 1208 387 1262 '0
428 1212 527 1281 μὲν
566 1214 737 1283 Ἀδὰμ
768 1216 1157 1290 πέπλασται,ή
1204 1221 1263 1274 δὲ
1316 1216 1428 1275 Εὕα
1477 1221 1818 1293 ᾠκοδομήθη.
1859 1220 1865 1228 ’

181 1298 305 1352 ἵνα
371 1303 559 1374 δειχθῇ
588 1305 719 1369 Θεὸς
756 1308 946 1375 Λόγος,
980 1312 1044 1362 ὲκ
1090 1312 1308 1382 Μαρίας
1339 1314 1439 1382 μὲν
1478 1314 1539 1366 τὸ
1574 1315 1731 1385 σῶμα
1760 1314 1822 1366 τὸ

180 1392 473 1448 ἄσπιλον
503 1398 820 1461 ἀναπλάσας
861 1402 1061 1472 ἑαυτῷ,
1113 1406 1176 1457 ὲκ
1202 1405 1257 1458 δὲ
1289 1406 1388 1475 τῆς
1425 1406 1683 1476 νυγείσης
1729 1407 1821 1458 ἐπὶ

181 1484 315 1537 τοῦ
362 1486 604 1559 σταυροῦ
654 1490 892 1560 πλευρᾶς
948 1493 1044 1565 τὴν
1075 1495 1294 1567 νύμφην
1324 1497 1515 1551 ἑαυτοῦ
1555 1498 1653 1568 τὴν
1694 1498 1821 1552 Ἐκ-

184 1574 328 1647 κλη
342 1579 475 1632 σίαν
503 1581 822 1652 οἰκοδομῶν.

738 1676 895 1733 239'.
928 1707 996 1718 —
1036 1678 1119 1743 Τῷ
1147 1678 1325 1743 αὐτῷ.

280 1764 625 1835 Γέγραφας,
650 1768 728 1820 ὅτι
759 1770 823 1822 Εἰ
874 1771 1087 1841 πρῶτον
1116 1773 1214 1826 οὐκ
1260 1773 1522 1841 ἐγίνωσκε
1551 1774 1648 1844 τὴν
1672 1774 1820 1845 Παρ-

190 1854 393 1910 θένον
436 1859 631 1930 Ἰωσὴφ
666 1862 825 1931 μέχρι
878 1862 977 1931 τῆς
1029 1864 1358 1929 ἁποτέξεως,
1392 1865 1611 1927 πάντως
1644 1865 1819 1935 δήπου

194 1949 382 2015 μετὰ
423 1950 513 2003 τὸν
545 1951 703 2004 τόκον
742 1953 901 2021 ἔγνω.
937 1953 1062 2017 Πῶς
1089 1951 1181 2009 οὖν
1216 1956 1392 2024 ἔγνω;
1422 1958 1714 2030 Πρόδηλον,
1740 1958 1823 2013 ὃτι

196 2038 382 2106 ἔγνω
402 2044 570 2113 τιμᾷν
594 2044 687 2095 καὶ
711 2045 1063 2099 καταδεῖσθαι
1082 2046 1180 2118 τὴν
1207 2050 1270 2101 ἐκ
1292 2047 1428 2101 Θεοῦ
1451 2066 1643 2119 τετιμη
1654 2040 1822 2120 μένην

195 2130 516 2203 παρθένον
549 2134 654 2205 πρὸ
708 2134 768 2186 τὸ
823 2135 1150 2202 ἁποτέξεως,
1181 2139 1274 2191 καὶ¹
1332 2139 1493 2193 πάλιν
1553 2139 1822 2209 παρθένον

207 2218 382 2286 μετὰ
416 2219 509 2273 τὸν
535 2222 693 2275 τόκον
717 2227 1002 2291 φανεῖσαν.

736 2336 855 2390 Σον.
884 2367 954 2376 -
985 2338 1069 2402 Τῷ
1102 2338 1283 2405 αὐτῷ.

312 2424 380 2477 Ὀ
407 2426 465 2477 ὲν
487 2423 566 2495 τῷ
595 2426 873 2481 τίκτεσθαι
898 2429 1113 2493 ἀνοίξας
1142 2430 1239 2502 τὴν
1274 2431 1573 2501 ἀμόλυντον
1607 2434 1821 2504 μήτραν

210 2514 523 2587 Δεσπότης
547 2520 578 2587 ὴ
588 2519 703 2589 μῶν
726 2521 983 2591 Χριστὸς,
1023 2524 1183 2587 αὐτὸς
1204 2526 1296 2578 καὶ
1326 2526 1462 2595 μετὰ
1482 2526 1543 2579 τὸ
1564 2526 1820 2597 τεχθῆναι

211 2605 335 2676 τὴν
369 2610 585 2679 μήτραν
617 2612 949 2680 ἐσφράγισεν
1007 2615 1184 2685 οἰκείᾳ
1235 2615 1418 2686 σοφίᾳ,
1451 2617 1547 2669 καὶ
1572 2617 1819 2688 δυνάμει,

208 2701 333 2750 ίκαὶ
368 2699 793 2774 θαυματοποιία,
827 2704 1071 2773 μηδὸλως
1104 2707 1424 2777 παραλύσας
1472 2709 1571 2777 τῆς
1620 2708 1821 2778 παρθε-

218 2791 359 2855 νίας
379 2784 459 2845 ’τὰ
488 2794 792 2865 σήμαντρα.
831 2796 967 2849 Θεοῦ
1019 2797 1075 2850 δὲ
1103 2797 1264 2869 ἔργον
1288 2798 1448 2852 τοῦτο
1474 2802 1581 2864 πᾶς
1616 2818 1700 2864 τις
1732 2802 1821 2855 εὑ-

218 2886 457 2955 φρονῶν
479 2888 991 2959 συνομολογήσαιεν.

750 3002 913 3055 ΣΟΑ’.
938 3032 1009 3042 --
1033 3002 1117 3069 Τῷ
1145 3002 1324 3069 αὐτῷ.

1935 468 2102 531 cavit,
2150 476 2209 522 ut
2253 483 2319 522 ex
2362 468 2481 521 lana
2531 469 2599 522 ab
2646 469 2763 538 ipsa
2817 466 3083 538 progeniti
3135 468 3281 538 agni,
3331 469 3517 523 fideles

1934 576 2128 616 omnes
2165 560 2710 629 incorruptibilitatis
2752 560 3093 615 indumentis
3135 560 3516 614 circumvesti~

1932 662 2038 719 ret,
2065 663 2120 709 et
2140 654 2388 708 nuditate
2418 670 2525 707 non
2557 654 2813 709 omnibus
2840 661 3061 723 patente
3087 653 3362 706 liberaret.
3389 654 3520 704 Um-

1933 747 2020 802 nis
2042 748 2188 801 enim
2208 762 2371 801 verus
2395 744 2840 802 Christianorum
2860 756 3037 802 curtus
3054 743 3209 799 adest
3231 758 3261 796 a
3306 743 3518 798 dext‘ris

1926 840 2150 909 superni
2178 839 2339 907 Regis
2364 839 2417 891 in
2442 839 2642 894 vestitu
2682 837 2968 899 deaurato,
2998 835 3380 891 circumdatus
3414 851 3507 885 va-

1926 937 2118 985 rietate
2153 930 2219 993 “,
2250 929 2484 984 infinitis
2535 929 2693 999 100
2731 930 2991 983 virtutum
3036 926 3332 997 generibus
3371 925 3518 978 mulv

1927 1021 2186 1077 tiformis.

2387 1133 2705 1190 CCLXVIII.
2731 1164 2799 1174 —--
2836 1132 3037 1187 Eidem.

1996 1228 2166 1282 Adam
2210 1241 2454 1292 creatus,
2504 1228 2613 1282 Eva
2668 1235 2949 1280 exstructa
3007 1233 3091 1279 est
3144 1224 3210 1287 ⁷ο,
3265 1230 3323 1275 ιιι
3366 1222 3511 1277 Deus

1928 1317 2168 1374 Verbum
2202 1329 2683 1384 commonstraret,
2721 1318 2823 1372 sibi
2860 1318 3082 1387 quidem
3120 1315 3511 1369 inluminatum

1928 1427 2131 1482 corpus
2169 1430 2233 1466 ex
2276 1414 2447 1466 Maria
2482 1412 2818 1473 condidisse,
2850 1425 2914 1461 ex
2947 1414 3140 1477 aperto
3171 1420 3299 1460 vero
3335 1404 3513 1473 ipsius

1923 1504 1978 1557 in
2012 1520 2180 1559 cruce
2211 1506 2381 1558 latere
2412 1518 2670 1573 sponsam
2703 1502 2787 1557 sui
2814 1500 3115 1554 Ecclesiam
3141 1498 3509 1554 exstruxissc.

2393 1677 2674 1735 CCLXIX.
2701 1708 2771 1717 ——
2804 1674 3011 1730 Eidem.

2000 1774 2329 1844 Scripsisti:
2368 1772 2425 1825 Si
2470 1775 2622 1839 prius
2670 1785 2778 1823 non
2828 1765 3198 1837 cognoscebat
3230 1760 3509 1831 Virginem

1924 1866 2148 1937 Josepli,
2181 1866 2354 1920 donec
2386 1872 2599 1933 pareret
2631 1862 2700 1926 ⁷¹,
2730 1859 2957 1915 omnino
2994 1865 3116 1925 post
3160 1863 3373 1924 partum
3409 1865 3508 1904 co-

1924 1956 2445 2033 gnovit.Quomodo
2487 1957 2673 2022 itaque
2708 1948 3002 2021 cognovit?
3038 1945 3383 1999 Manifestum
3423 1949 3508 1996 est

1922 2053 2273 2124 cognovisse,
2306 2050 2406 2112 illi,
2439 2064 2561 2117 qua:
2590 2063 2619 2099 a
2654 2044 2760 2097 Deo
2793 2045 2864 2096 ita
2913 2040 3269 2093 colionestata
3303 2036 3505 2096 fuerat,

1924 2154 1985 2201 ut
2033 2146 2188 2211 virgo
2215 2150 2340 2196 ante
2374 2149 2615 2208 partum,
2641 2144 2693 2190 et
2720 2149 2939 2188 rursum
2960 2133 3113 2201 virgo
3141 2138 3263 2198 post
3288 2135 3506 2197 partum

1922 2243 2293 2309 permaneret,
2325 2233 2589 2286 honorem
2624 2242 2687 2282 ac
2717 2224 3083 2280 reverentiam
3112 2221 3392 2274 exhibere.

2401 2338 2653 2397 CCLXX.
2690 2368 2757 2380 —-
2789 2336 2999 2390 Eidem.

1993 2439 2121 2506 Qui,
2144 2438 2275 2492 dum
2297 2443 2603 2505 pareretur,
2634 2431 2851 2485 vulvam
2875 2422 3283 2482 immaculatam
3306 2420 3507 2491 adape-

1921 2532 2033 2587 ruit
2060 2530 2325 2583 Dominus
2363 2535 2548 2581 uoster
2577 2523 2858 2585 Christus,
2890 2521 3008 2589 ipse
3033 2528 3087 2572 et
3116 2524 3240 2587 post
3259 2525 3500 2585 partum,

1924 2623 2149 2692 propria
2196 2619 2467 2689 sapientia
2505 2623 2559 2671 et
2601 2614 2881 2675 facultate,
2923 2627 3031 2666 non
3080 2609 3205 2663 sine
3238 2605 3504 2660 miraculo

1924 2713 2072 2765 illam
2128 2711 2461 2777 obsignavit,
2518 2706 2671 2759 nullo
2718 2703 2880 2758 modo
2924 2700 3122 2771 sigillis
3169 2696 3504 2768 virginitatis

1924 2803 2142 2859 solutis.
2177 2800 2329 2867 Quod
2366 2800 2458 2853 Dei
2490 2812 2630 2867 opus
2663 2811 2807 2859 esse,
2833 2794 3148 2865 quicunque
3178 2804 3324 2846 sana:
3354 2803 3507 2842 men-

1929 2896 2000 2949 tis
2033 2903 2138 2956 est,
2169 2892 2448 2947 fatebitur.

2398 2999 2671 3056 CCLXXI.
2702 3029 2773 3039 -—-
2803 2997 3008 3051 Eidem.

312 3088 491 3160 Ὅλην
540 3091 642 3161 τὴν
689 3091 932 3146 διάνοιαν
971 3093 1108 3164 πρὸς
1158 3095 1221 3147 τὸ
1276 3096 1536 3166 σαρκικὸν
1569 3096 1819 3169 φρόνημα

2001 3093 2195 3149 Totam
2226 3102 2460 3147 mentem
2492 3102 2638 3146 tuam
2665 3091 2733 3145 ad
2765 3104 2995 3145 carneas
3014 3087 3380 3159 cogitationes
3410 3084 3503 3139 de-

224 3179 587 3247 λατανεύεις,
617 3183 709 3235 καὶ
738 3182 917 3251 λέγεις
948 3185 1007 3238 τό
1027 3201 1040 3213 ·
1075 3186 1257 3253 Ἔγνω
1313 3187 1512 3257 αὐτήνο
1545 3188 1599 3240 εῐ
1618 3204 1682 3256 γε
1727 3189 1824 3242 καὶ

223 3272 407 3341 εγνω,
440 3274 588 3343 μίξιν
624 3275 1057 3329 ὑπαινίττεσθαι.
1090 3276 1248 3331 Ἀλλὰ
1277 3278 1467 3345 γνῶθι,
1492 3278 1821 3349 κομψότατε,

226 3364 323 3417 ὅτι
384 3364 447 3417 ού
490 3366 794 3435 φιλήδονος,
845 3369 967 3422 οὐδὲ
1013 3369 1205 3439 λάγνος
1243 3372 1485 3442 ὑπῆρχεν
1523 3375 1550 3426 ὁ
1590 3373 1821 3443 Ἰωσὴφ,

225 3456 503 3510 ἀλλὰκαὶ
552 3460 693 3512 πάνυ
749 3460 1004 3533 θεοσεϐής
1050 3480 1111 3515 τε
1160 3464 1253 3516 καὶ
1282 3465 1510 3527 δίκαιος.
1560 3465 1825 3528 Ἀκούσας

226 3546 293 3599 δὲ
338 3547 490 3617 παρὰ
532 3548 626 3600 τοῦ
677 3551 910 3617 ἀγγέλου
938 3552 1187 3616 εἰπόντος
1235 3555 1363 3624 περὶ
1403 3555 1504 3624 τῆς
1546 3555 1821 3626 Παρθένου

227 3639 496 3693 ὲπιτόκου
526 3643 898 3712 τυγχανούσης
923 3683 937 3708 ,
986 3663 1003 3695 ι
1042 3645 1124 3698 ὅτι
1159 3646 1230 3699 Τὸ
1263 3646 1321 3699 ὲν
1370 3647 1505 3716 αὐτῇ
1566 3648 1822 3717 γεννηθὲν

237 3734 314 3785 ἐκ
391 3733 708 3804 Πνεύματός
756 3737 902 3789 ἐστιν
958 3736 1138 3804 ἁγίου,
1197 3740 1291 3792 καὶ
1336 3740 1675 3811 τεχθήσεται,
1727 3740 1823 3793 καὶ

229 3821 406 3876 σώσει
454 3824 547 3877 τὸν
606 3825 732 3878 λαὸν
777 3827 963 3889 αὑτοῦ.
1024 3832 1116 3883 καὶ
1172 3829 1480 3900 βασιλεύσει
1558 3835 1638 3894 είς
1692 3832 1820 3897 τοὺς

228 3911 464 3977 αἰῶνας,
498 3934 515 3963 ι
551 3916 848 3985 προσέθετο
876 3917 1223 3971 εὐλαϐεῖσθαι
1255 3920 1362 3973 ἀπὺ
1387 3921 1680 3991 προσώπου
1709 3924 1820 3974 Κυ-

230 4004 378 4075 Ρίου·
425 4005 622 4076 φρίξας
652 4006 809 4060 τοῦτο
834 4008 897 4079 δὴ
935 4010 995 4062 τὸ
1030 4009 1357 4081 ἔκπληκτον,
1396 4013 1490 4064 καὶ
1521 4012 1820 4081 παραδοξό-

226 4111 397 4147 τατον
422 4097 740 4167 μυστήριον.
770 4099 971 4170 Διόπερ
994 4102 1092 4153 οὐκ
1120 4100 1201 4153 ἔτι
1226 4101 1410 4155 λοιπὸν
1443 4103 1518 4165 ὡς
1544 4103 1816 4173 μνηστήρ,

226 4186 332 4239 καὶ
357 4187 518 4257 ἀνὴρ,
547 4188 660 4240 ἀλλ’
690 4189 765 4252 ὡς
798 4190 1117 4262 λατρευτὴς,
1144 4194 1236 4245 καὶ
1275 4194 1520 4257 διάκονος
1550 4193 1686 4246 Θεοῦ
1713 4196 1813 4264 ὲμ-

229 4277 608 4349 ϐριθέσταττς,
647 4284 948 4350 συσφίγξας
981 4287 1045 4355 τῇ
1080 4285 1403 4355 σωφροσύνῃ
1427 4287 1552 4348 τοὺς
1579 4286 1817 4350 οἰκείους

229 4369 552 4438 λογισμοὺς,
605 4371 989 4443 ἑξυπηρετεῐτο
1040 4377 1136 4427 σὺν
1193 4381 1343 4447 πάσῃ
1402 4378 1665 4447 ὁσιότητι,
1721 4379 1816 4429 καὶ

1927 3190 2138 3251 ﬂectis,
2191 3190 2482 3257 dicisque:
2520 3186 2787 3255 Cognovit
2842 3185 3036 3245 illam;
3092 3182 3137 3236 si
3205 3180 3500 3251 cognovit,

1928 3284 2277 3338 concubitum
2326 3283 2575 3335 innuere.
2610 3277 3000 3333 Verumtamen
3030 3276 3195 3335 scias,
3230 3274 3300 3326 mi
3332 3286 3503 3327 nasu-

1926 3373 2057 3437 tule,
2106 3373 2401 3441 .losephum
2443 3371 2595 3440 ιοι
2635 3384 2812 3438 neque
2857 3367 3258 3436 voluptatibus,
3323 3378 3501 3430 neque

1927 3467 2247 3519 libidinibus
2295 3463 2562 3526 deditum,
2612 3460 2705 3515 sed
2748 3458 3053 3529 piissimum
3100 3455 3501 3525 justissimum—

1926 3571 2034 3625 que
2064 3555 2257 3608 fuisse.
2288 3553 2385 3606 Hic
2412 3568 2536 3605 cum
2574 3550 2822 3603 audisset
2855 3548 2923 3601 ab
2953 3548 3149 3615 angelo
3180 3546 3246 3599 de
3276 3543 3501 3612 Virgine

1920 3646 2031 3717 jam
2073 3644 2444 3715 parturiente:
2481 3661 2499 3693 ι
2527 3640 2680 3708 Quod
2712 3656 2778 3693 ex
2809 3653 2872 3694 ea
2904 3645 3177 3700 nascetur,
3201 3636 3269 3689 de
3289 3634 3500 3704 Spiritu

1925 3749 2121 3793 sancto
2160 3747 2247 3792 est
2275 3738 2345 3803 τ’,
2379 3744 2432 3790 et
2466 3734 2840 3805 generabitur,
2874 3740 2929 3785 et
2974 3728 3206 3786 salvabit
3236 3727 3499 3797 pepulqu

1922 3844 2104 3890 suum,
2127 3837 2179 3881 et
2212 3827 2459 3896 regnabit
2493 3831 2546 3880 in
2578 3834 2840 3879 aeternum
2865 3824 2946 3889 7';
2976 3840 2995 3873 ι
3040 3819 3144 3875 sibi
3185 3817 3495 3872 cavendum

1922 3937 2043 3976 esse
2088 3919 2244 3973 duxit
2281 3935 2309 3971 a
2350 3918 2488 3972 facie
2539 3916 2776 3981 Domini,
2825 3922 3051 3983 stupens
3100 3912 3216 3980 ipse
3271 3920 3497 3979 propter

1923 4011 2252 4080 stupendum
2282 4020 2445 4077 atque
2467 4006 3007 4061 admirabilissimum
3032 4016 3315 4056 arcanum.
3345 4000 3497 4065 Qua-

1926 4111 2150 4171 propter
2193 4104 2245 4154 in
2289 4108 2568 4168 posterum
2619 4114 2725 4151 non
2763 4105 2821 4148 ut
2853 4109 3053 4165 procus
3094 4101 3188 4146 aut
3222 4093 3451 4145 maritus
3476 4131 3494 4154 ,

1922 4195 2016 4249 sed
2052 4202 2108 4245 ut
2137 4194 2318 4245 cultor
2347 4200 2399 4244 et
2424 4191 2672 4243 minister
2704 4188 2794 4242 Dei
2831 4185 3331 4247 constantissimus,
3363 4198 3497 4236 con-

1924 4285 2152 4337 tinentia
2203 4283 2440 4352 propriis
2489 4280 2918 4350 cogitationibus
2967 4276 3324 4347 compressis,
3364 4291 3493 4330 cum

1924 4377 2067 4429 omni
2111 4378 2330 4445 pietate.
2363 4384 2416 4429 et
2443 4390 2658 4429 summa
2689 4371 3040 4433 castimonia,
3072 4378 3127 4424 et
3149 4370 3344 4422 timore
3371 4366 3492 4432 Dei,

230 4458 405 4529 πολλῇ
439 4461 720 4531 ἁγνότητι,
746 4466 838 4515 καὶ
870 4464 1021 4535 φόϐῳ
1047 4463 1177 4534 θείῳ
1200 4470 1264 4538 τῇ
1294 4467 1585 4539 λεγομένῃ,
1613 4471 1674 4521 οὺ
1707 4469 1815 4539 μὴν

1930 4483 2039 4536 luat
2062 4467 2369 4529 dicebatur,
2398 4482 2500 4519 nec
2526 4472 2709 4518 tamen
2746 4473 2866 4518 erat
2895 4476 3033 4515 uxor
3068 4458 3260 4529 ipsius,
3294 4473 3354 4515 se
3376 4457 3492 4512 Ma-

229 4552 330 4603 καὶ
351 4550 511 4623 οὔσῃ,
542 4555 763 4619 γυναικὶ
797 4556 963 4609 αὑτοῦ
996 4557 1204 4627 Μαρίᾳ.

661 4667 822 4723 ΣΟΒ’.
857 4701 925 4709 -
971 4672 1389 4745 ΠΤΟΛΕΜΑΙῼ.

308 4756 372 4809 EI
410 4757 550 4810 κατὰ
578 4759 669 4811 τὸν
704 4761 1075 4833 Ἀπολινάριον
1112 4764 1289 4832 λέγεις
1317 4767 1410 4818 καὶ
1439 4767 1527 4830 σὺ,
1558 4768 1749 4839 ὅτιπερ
1787 4771 1815 4822 ό

230 4848 368 4912 Θεὸς
400 4849 572 4918 Λόγος
600 4852 658 4917 ἐξ
689 4852 921 4923 ούρανοῦ
944 4855 1121 4909 λαϐὼν
1147 4857 1244 4927 τὴν
1267 4860 1551 4928 σάρκα⁶εἰς
1582 4862 1678 4931 τὴν
1707 4863 1811 4932 γῆν

231 4941 619 5014 κατελήλυθεν,
670 4946 753 5008 τίς
806 4947 963 5016 χρεία
1016 4951 1113 5019 τῆς
1166 4952 1442 5021 μακαρίας
1497 4953 1811 5024 Παρθένου;

232 5030 466 5095 Οὐκοῦν,
497 5034 898 5103 φρονιμώτατε,
940 5038 1175 5105 γίνωσκε
1223 5041 1610 5109 ἀκριϐέστατα,
1659 5044 1738 5096 ὃτι
1786 5046 1815 5097 ὀ

233 5122 507 5186 ἄπλαστος
540 5128 680 5179 κατὰ
734 5128 832 5198 τὴν
883 5129 1111 5200 θεότητα
1159 5132 1358 5203 Κύριος
1386 5134 1575 5187 ἑαυτὸν
1608 5136 1672 5187 ἐκ
1712 5135 1813 5204 τῆς

235 5214 515 5282 Παρθένου
554 5217 685 5269 ἄνευ
744 5220 1077 5291 σπέρματος,
1112 5224 1205 5275 καὶ
1268 5224 1497 5296 φθορᾶς,
1552 5228 1646 5280 καὶ
1692 5227 1812 5295 δίχα

235 5305 436 5367 παντὸς
471 5304 644 5376 ῥύπου
674 5308 874 5363 ἔπλασε
905 5312 1045 5364 κατὰ
1064 5312 1161 5381 τὴν
1184 5314 1596 5386 ἀνθρωπὸτητα.
1629 5318 1808 5371 Ὅπου

233 5393 294 5447 δὲ
325 5395 640 5467 Πνεύματος
688 5401 843 5469 ἁγίου
882 5405 1176 5474 παρουσία,
1215 5407 1330 5458 ἐκεῖ
1360 5407 1599 5477 μηδόλως
1646 5409 1811 5480 μολυ-

237 5487 371 5556 σμὸς
401 5490 704 5545 ἐννοείσθω.

1919 4562 2012 4613 ria:
2045 4560 2472 4627 mancipaverat.

2256 4672 2552 4729 CCLXXII.
2592 4703 2661 4713 -—
2698 4669 3109 4726 PTOLEMASO.

1990 4767 2048 4821 Si
2085 4767 2549 4837 quemadmodum
2598 4765 2994 4834 Apollinarius,
3030 4763 3104 4815 ita
3134 4768 3189 4813 et
3223 4766 3280 4811 tu
3323 4756 3489 4819 dicis,

1921 4858 2087 4913 Deum
2120 4858 2375 4919 Verbum,
2409 4873 2439 4911 e
2474 4858 2615 4912 cmlo
2652 4872 2820 4910 carne
2869 4855 3156 4922 desumpta
3187 4852 3241 4904 in
3283 4858 3488 4904 terram

1915 4950 2300 5014 descendisse;
2353 4964 2474 5019 qua:
2502 4963 2667 5017 porro
2694 4948 2863 5001 beata:
2899 4944 3134 5015 Virginis
3154 4938 3499 4997 necessitas?»

1915 5041 2121 5111 itaque,
2183 5041 2609 5112 prudentissime
2671 5041 2793 5105 vir,
2847 5036 3282 5108 exquisitissime
3348 5033 3506 5087 scito-

1914 5147 2037 5186 eum
2074 5133 2165 5201 qui
2203 5133 2505 5186 secundmn
2540 5132 2795 5186 deitatem
2834 5138 3054 5185 creatus
3078 5144 3187 5182 non
3223 5134 3342 5181 erat
3379 5124 3487 5176 Do-

1916 5224 2121 5285 minus,
2172 5224 2286 5293 ipse
2332 5234 2505 5278 semet
2538 5239 2567 5277 a
2603 5222 2826 5293 Virgine
2856 5223 2973 5276 sine
3011 5222 3221 5276 semine
3259 5228 3315 5273 et
3358 5233 3487 5271 cor-

1918 5317 2191 5384 ruptione,
2225 5326 2282 5370 et
2304 5317 2511 5385 absque
2536 5316 2685 5371 omni
2719 5315 2879 5370 sorde
2904 5315 3204 5369 secundum
3229 5309 3492 5365 humanis

1918 5418 2083 5463 talem
2149 5408 2490 5464 eﬂ‘ormasse.
2561 5406 2661 5462 Ubi
2721 5422 2886 5477 porro
2955 5406 3194 5476 Spiritus
3260 5409 3487 5457 sanctus

1919 5502 2092 5565 adest,
2122 5502 2196 5555 ibi
2229 5503 2376 5556 nulla
2406 5502 2631 5555 omnino
2668 5501 2895 5570 pollutio
2927 5497 3277 5568 intelligenda
3305 5501 3412 5550 est.

306 5671 350 5704 "
380 5669 518 5728 Psal.
554 5690 698 5742 xuv,
746 5676 827 5732 H.
902 5678 946 5710 ⁷⁸
971 5678 1105 5733 Gut.
1145 5698 1201 5747 ιι,
1225 5682 1313 5735 2‘2.
1392 5683 1434 5713 “
1479 5681 1665 5737 Matth.
1712 5701 1749 5748 ι,
1778 5684 1819 5737 2.

1945 5686 1989 5717 "
2015 5684 2207 5740 Matth.
2242 5701 2277 5750 ι,
2326 5685 2417 5739 ‘20.
2494 5686 2538 5717 ⁷³
2568 5683 2702 5739 Luc.
2735 5700 2774 5750 I,
2816 5683 2906 5738 ⁸52.
