3882 6036
161 242 304 315 185·
1444 269 1977 335 EPISTOLARUM
2017 278 2159 337 LIB.
2201 280 2280 342 1.3
3182 287 3186 291 ‘
3349 275 3454 340 186

151 357 537 418 Γινὼσκουσι
576 365 682 437 γάρ
707 367 825 440 Θεῷ
856 370 1250 438 ὑπακούοντες,
1277 376 1369 429 καὶ
1396 378 1516 446 Θεῷ
1547 379 1644 450 τὴν
1678 380 1759 451 χά·

1882 387 2057 454 piant.
2095 389 2163 441 Se
2192 389 2396 458 quippe
2433 389 2547 443 Deo.
2573 389 2798 443 obedire
2843 395 3184 458 cognoscunt
3207 427 3221 448 ,
3251 396 3304 442 et
3343 387 3455 438 Deo

297 459 669 526 παρέχοντες,
700 462 792 514 καὶ
815 467 1244 536 τιμηθησόμενοι
1282 469 1435 540 παρὰ
1475 471 1609 523 Θεοῦ
1660 489 1759 524 κατ

1887 477 2090 544 gratias
2125 487 2329 548 agunt,
2376 487 2428 533 et
2469 489 2726 545 tanquam
2771 495 2798 531 a
2849 477 2958 532 Deo
3006 477 3306 531 honorandi
3357 494 3455 545 pro

151 542 358 608 ἀξίαν
397 547 680 639 τιμῶντες.
711 551 783 604 Σὺ
827 553 884 606 δὲ
915 558 1032 620 ταῖς
1065 557 1311 628 βαρείαις
1343 561 1628 628 ἐπιταγαῖς
1676 580 1759 616 κα·

1883 568 2148 637 dignitate
2183 586 2279 624 eos
2311 542 2604 625 honorant.
2652 573 2718 622 At
2761 578 2816 624 lu
2864 569 3152 639 pra~ceptis
3195 542 3454 638 gravibus

149 638 548 740 ταφορτίζεις
584 641 709 705 τοὺς
753 645 1150 716 παροικοῦντας
1176 653 1242 721 τῇ
1276 649 1440 724 κώμῃ
1474 669 1566 706 σου
1600 653 1759 724 ἀσκη-

1889 660 2047 732 104
2083 674 2320 724 ascctas,
2370 663 2464 733 qui
2511 665 2659 716 circa
2711 638 2875 715 tuum
2923 661 3183 730 oppidum
3229 660 3454 728 degunt,

149 728 280 790 τὰς
320 728 584 801 καθάπερ
616 732 940 802 ἀνδράποδα.
991 738 1102 791 Καὶ
1134 740 1249 804 πῶς
1292 758 1350 793 σε
1385 742 1596 797 καλέσω
1627 744 1759 814 φιλο⁴

1883 728 2051 805 veluti
2086 728 2677 823 ntaticipia,'molestus
2728 728 3050 824 fatigasalilt
3083 752 3359 823 quomodo
3401 759 3457 804 te

153 832 425 885 Χριστον
449 837 464 885 ἲ

1882 839 2086 895 Christi
2115 851 2392 896 amantem
2416 843 2798 912 compellabo?
3001 875 3011 886 ι

517 914 640 968 Σην.
669 945 740 954 -
764 916 1099 993 oneraria
1139 924 1456 999 ΔΙΑΚΟΝῼ.

2079 931 2380 987 CCLXXX.
2424 964 2493 976 —
2532 931 2885 986 FEBRARIO
2923 928 3245 986 DlACONO.

393 1002 464 1056 τά
491 1003 671 1076 ’πλάτη
694 1006 789 1059 τοῦ
828 1007 944 1077 βίου
969 1010 1163 1080 λίχνως
1191 1032 1280 1084 μοι
1311 1017 1616 1090 περιζήτειο
1643 1021 1759 1092 μᾶλ-

1951 1021 2031 1077 Ne
2071 1025 2198 1080 vitae
2232 1025 2411 1095 ampla
2453 1026 2798 1094 remissaque
2833 1024 2993 1078 avide
3032 1023 3198 1077 nimis
3234 1019 3455 1092 perqui-

1879 1128 1994 1168 ras.
2035 1113 2222 1170 Potius
2256 1116 2628 1186 angustiorem
2677 1116 3120 1186 pressioremque
3153 1113 3295 1167 viam
3335 1120 3456 1165 stu-

1881 1203 2038 1260 diose
2062 1207 2394 1275 conquirito.

2020 1299 2350 1356 CCLXXXI.
2390 1332 2460 1342 —
2501 1301 2778 1356 lllLARlO
2831 1295 3310 1354 PRESBYTERO.

1953 1389 2088 1447 Cum
2126 1409 2222 1462 per
2249 1395 2388 1450 duos
2420 1412 2634 1450 menses
2667 1397 2719 1449 in
2753 1396 3003 1449 Oratione
3035 1402 3088 1446 et
3123 1394 3305 1462 quiete
3334 1404 3454 1459 per-

1879 1483 2078 1538 sistere
2121 1487 2349 1554 poteris,
2385 1495 2514 1541 tunc
2546 1489 2628 1541 vel
2656 1503 2888 1557 unguem
2923 1487 3186 1555 aliquem,
3227 1482 3310 1536 vel
3351 1497 3452 1551 pu-

151 1089 266 1146 λον
296 1093 380 1184 ,δὲ
407 1095 507 1166 τὴν
555 1098 768 1168 στενὴν,
801 1101 896 1153 καὶ
947 1104 1320 1178 τεθλιμμένην
1369 1089 1610 1180 ἀτραπὸν
1645 1089 1775 1184 ’μαι

153 1182 412 1239 στεύειν
445 1186 762 1258 βουλήθητι.

479 1279 736 1337 ΣΠΑ’.-
769 1282 996 1354 ΙΛΑΡΙῼ
1034 1287 1504 1360 ΠΡΕΣΒΥΤΕΡῼ.

241 1367 442 1425 Ὀταν
467 1371 704 1443 δυνηθῇς
755 1373 847 1428 δύο
900 1377 1072 1446 μῆνας
1121 1378 1276 1449 εὐχῇ,
1314 1380 1407 1432 καὶ
1461 1384 1528 1453 τῇ
1574 1384 1775 1456 ἡσυχία

156 1469 700 1535 προσκαρτερῆσαι,
733 1466 855 1520 τότε
887 1469 990 1522 κᾶν
1012 1469 1180 1542 ὅνυχά
1209 1473 1314 1525 πού
1336 1489 1476 1538 τινα,
1510 1474 1542 1544 ἦ
1573 1491 1775 1542 φαντα-

159 1551 311 1604 σίαν
349 1556 559 1626 μικράν
591 1575 718 1612 τινα
757 1561 816 1614 ὲν
843 1561 920 1630 νῷ
952 1561 1136 1617 λαϐεῖν
1156 1564 1366 1636 δυνήσῃ·
1387 1566 1486 1636 τῆς
1514 1569 1759 1622 ὲπιπόνοι

1882 1575 2061 1630 sillam
2107 1577 2397 1647 imaginem
2429 1580 2716 1634 laboriosa:
2733 1551 3048 1649 patientire,
3077 1586 3130 1632 et
3159 1574 3454 1630 sudoribus

155 1647 550 1749 τληπαθείας,
579 1651 673 1704 καὶ
701 1653 800 1724 τῆς
821 1654 956 1706 πολυ
967 1656 1165 1726 μόχθου
1208 1657 1504 1728 διαγωγῆς,
1538 1659 1645 1713 τῶν
1685 1661 1759 1714 διὸ

1882 1666 2136 1721 obnoxiae
2174 1671 2317 1732 vitas,
2363 1678 2418 1724 et
2465 1671 2699 1724 instituti
2735 1647 2947 1732 eorum,
2996 1669 3090 1738 qui
3139 1684 3233 1738 per
3277 1674 3453 1722 totum

155 1740 374 1831 πάσης
400 1740 498 1810 τῆς
526 1741 670 1812 ζωῆς
702 1747 1147 1816 προσανεχόντων
1200 1748 1275 1819 τῷ
1308 1751 1531 1822 μονήρει
1561 1751 1759 1806 κανόνι.

1882 1758 1998 1812 vita!
2021 1759 2258 1829 Spatium
2291 1763 2608 1816 monastica:
2633 1764 2852 1831 regula',
2881 1770 2935 1815 et
2960 1761 3028 1814 ab
3051 1760 3194 1814 omni
3224 1759 3455 1827 strepitu

160 1828 278 1881 καὶ
315 1832 386 1901 τῇ
416 1833 752 1907 ἁκτυπησίᾳ.

1882 1865 2057 1905 vacua:
2088 1851 2259 1922 quieti
2292 1852 2648 1910 addicuntur.
2679 1867 3014 1921 cognoscere
3047 1850 3273 1921 poteris.

900 1948 1070 2002 ΣΠΒ’.

2483 1944 2836 2000 CCLXXXII.

1938 2035 2072 2090 Cum
2106 2035 2255 2091 fures
2291 2038 2570 2106 perversis
2600 2038 2846 2092 moribus
2890 2037 3169 2106 sapientes
3201 2032 3445 2103 gentium

1867 2137 2076 2190 essent,
2099 2143 2130 2181 a
2159 2127 2342 2200 Moyse
2373 2135 2430 2184 et
2456 2129 2738 2199 prophetis
2763 2129 3053 2198 potissima
3084 2107 3273 2181 eorum
3308 2124 3444 2194 dog-

1868 2228 2016 2274 mata
2043 2221 2186 2276 male
2209 2222 2376 2293 grati,
2406 2230 2461 2276 et
2491 2221 2746 2276 beneficii
2784 2222 3138 2275 immemores
3169 2217 3446 2288 accipien-

1867 2319 1975 2377 tes,
2003 2312 2326 2382 iactantiam
2354 2322 2410 2368 et
2442 2322 2714 2368 tumorem
2744 2321 2988 2375 struunt,
3027 2321 3288 2381 tanquam
3317 2325 3449 2380 pro-

1869 2406 2003 2476 priis
2035 2405 2266 2460 aliorum
2307 2407 2658 2461 claritatihus
2706 2405 3127 2460 insolescentcs.

241 2029 508 2086 κλέπται
556 2033 849 2107 δύστροποι
893 2039 1045 2102 ὅντες
1072 2042 1121 2094 οἱ
1145 2041 1252 2094 τῶν
1295 2042 1561 2113 Ἐλλήνων
1593 2046 1766 2114 σοφοὶ,

159 2124 340 2192 παρά
371 2141 434 2177 τε
455 2125 754 2195 Μωῡσέως,
780 2129 876 2183 καὶ
907 2131 1016 2184 τῶν
1049 2134 1342 2204 προφητῶν
1369 2135 1436 2189 τὰ
1460 2135 1768 2209 κυριώτερα

156 2213 287 2265 τῶν
345 2214 632 2287 δογμάτων
660 2221 760 2272 οὐκ
799 2222 1138 2294 εὐχαρίστως
1160 2224 1415 2290 λαϐόντες
1449 2228 1768 2292 ἀλαζονείαν

159 2303 273 2358 καὶ
312 2304 487 2374 τῦφον
514 2309 859 2379 τυρεύουσιν,
889 2312 963 2376 ὡς
998 2315 1086 2366 ἐπ’
1119 2316 1272 2380 ἰδίοις
1320 2320 1434 2381 τοῖς
1465 2317 1768 2388 ἀλλοτρίοις

161 2397 495 2468 κειμηλίοις
522 2402 839 2473 γανύμενοι.

2114 2497 2493 2554 C(ILXXXIII.
2524 2528 2593 2539 —
2628 2495 3159 2552 DIONYSIODORO.

1940 2591 2093 2647 Haud
2130 2593 2503 2647 necessarium
2539 2591 2727 2655 fuerit,
2762 2605 2862 2644 nec
2895 2590 3055 2642 laude
3087 2587 3313 2656 dignum
3349 2587 3444 2652 iis,

581 2494 746 2548 sun.
769 2526 840 2536 —
859 2498 1372 2572 ΑιοΝΥΣιοΔιιΡᾳ.

243 2580 372 2634 Ούκ
401 2581 700 2652 ἀναγκαῖον
733 2586 799 2640 ἂν
827 2587 938 2659 εἴη,
975 2591 1084 2643 οὐδ’
1106 2593 1329 2645 ἐπαίνου
1359 2593 1529 2660 ἄξιον,
1557 2596 1618 2650 τὸ
1641 2597 1766 2652 πεί-
1844 2584 1853 2589 ’

164 2668 374 2725 θσσθαι
401 2675 708 2747 προχείρως
752 2682 865 2744 τοῖς
895 2681 1204 2753 προσώπων
1233 2685 1398 2737 τινῶν
1429 2691 1759 2759 κατηγορίαν

1882 2683 1958 2753 ιιιὶ
1978 2683 2371 2737 nonnullorum
2390 2682 2672 2736 hominum
2695 2679 3104 2736 accusationem
3129 2679 3446 2744 instituunt,

165 2765 550 2834 ποιουμένοις,
585 2768 690 2822 κᾶν
717 2771 984 2843 ὑπάρχειν
1008 2774 1237 2828 δοκῶσιν
1277 2776 1563 2849 αἰδέσιμοι.
1600 2781 1759 2853 [ίερι-

1882 2768 2116 2840 :redere,
2145 2776 2272 2829 licet
2300 2783 2654 2830 accusatores
2692 2772 2847 2843 105
2880 2771 3180 2826 venerandi
3215 2769 3444 2824 vidcan-

167 2855 372 2923 μένειν
426 2858 536 2931 γὰρ
568 2867 988 2934 χρησιμώτατον
1028 2869 1121 2921 καὶ
1151 2870 1254 2939 τὴν
1299 2871 1394 2923 τοῦ
1428 2889 1759 2945 κατηγορου-

1882 2884 1974 2924 .ur.
2004 2867 2270 2936 Perquam
2289 2867 2434 2920 enim
2459 2865 2615 2928 utile,
2634 2874 2686 2919 et
2705 2863 2935 2935 quaestui
2963 2861 3245 2922 uberrimo
3279 2861 3446 2916 fuerit

167 2948 343 3016 μένου
408 2951 610 3022 μέρους
674 2956 994 3026 ἀπολογίαν,
1043 2957 1145 3014 εἷθ’
1177 2961 1402 3032 ὕστερον
1453 2965 1591 3034 μετὰ
1664 2967 1759 3038 τὴν

1882 2969 1917 3014 ξι
1940 2969 2318 3015 acetisatorum
2348 2958 2760 3028 responsionem
2797 2963 3166 3025 exspectare:
3204 2965 3446 3025 postmo-

1864 3053 1992 3107 dum
2026 3053 2274 3119 utrisque
2316 3049 2519 3104 auditis
2565 3049 2872 3119 legitimum
2913 3062 2979 3100 ac
3021 3045 3259 3117 justum,
3296 3055 3352 3100 et
3384 3051 3445 3100 ut

1785 3132 1963 3218 C'par
1987 3153 2092 3208 est,
2117 3145 2385 3212 judicium
2419 3144 2581 3197 ferre.

2064 3235 2438 3292 CCLXXXIV.
2469 3264 2538 3275 —
2568 3233 2765 3289 JULlO
2804 3231 3234 3288 FOEDERATO.

1931 3328 2124 3384 Victus
2165 3328 2472 3398 quotidiani
2515 3327 2796 3382 immodici
2841 3328 2966 3382 linis
2993 3366 3008 3391 ,
3052 3337 3112 3380 ut
3151 3323 3444 3381 manifesto

1860 3412 2125 3492 apparet,
2161 3421 2526 3490 supplicium,
2567 3434 2713 3488 saepe
2752 3419 2918 3471 etiam
2961 3430 3190 3471 numero
3228 3423 3284 3472 et
3322 3429 3440 3469 ma-

1859 3515 1964 3570 lam
1998 3513 2374 3584 azgritudinem
2407 3511 2624 3579 corpori
2661 3511 2940 3564 conciliat.

2214 3601 2492 3658 CCLXXX
2505 3600 2568 3656 V.
2610 3631 2677 3641 -—-
2717 3598 3082 3656 CORNELIO.

1933 3715 1952 3749 ι
1988 3695 2277 3759 Visitaho,
2316 3696 2392 3748 ait
2431 3693 2796 3754 vaticinium,
2838 3707 3006 3763 super
3045 3707 3142 3747 eos
3169 3731 3184 3754 ,
3223 3690 3318 3761 qui
3357 3690 3441 3744 in-

1857 3785 1975 3841 duti
2013 3794 2143 3840 sunt
2173 3785 2421 3839 vestibus
2457 3783 2762 3852 peregrinis
2795 3781 2862 3838 ⁷⁷.
2899 3801 2917 3834 ι
2951 3779 3054 3846 Qui
3085 3780 3228 3834 enim
3264 3780 3440 3834 virtu-

1856 3885 1963 3932 tem
1998 3892 2108 3930 non
2146 3885 2328 3939 tenet,
2359 3874 2811 3928 dissimulatione
2850 3888 2980 3928 vero
3013 3887 3149 3928 usus
3179 3873 3438 3925 virtutem

162 3041 446 3112 ἀκρόασιν
473 3043 581 3100 τῶν
617 3047 964 3118 ἀμφοτέρων,
1006 3053 1236 3124 νόμιμόν
1276 3073 1335 3107 τε
1387 3057 1481 3108 καὶ
1525 3058 1756 3126 δίκαιον,

160 3128 243 3193 ὡς
279 3131 542 3203 καθήκει,
571 3134 826 3208 ἐκφέρειν
854 3141 915 3193 τὸ
945 3142 1227 3212 ψήφισμα.

477 3223 638 3279 znA'.
674 3257 745 3267 —
776 3227 1006 3302 toruo
1031 3234 1433 3306 ΦΟΙΔΕΡΑΤῼ.

233 3311 360 3406 ςΓῆς
386 3315 526 3388 ὑπὲρ
548 3318 608 3370 τὸ
644 3320 762 3374 δέον
816 3324 1082 3395 σιτήσεως
1128 3327 1190 3380 τὸ
1235 3331 1427 3401 πέρας,
1471 3335 1628 3406 δῆλον
1671 3335 1752 3391 ὅτι

160 3403 417 3460 κόλασιν·
465 3408 726 3476 πολλάκις
777 3413 835 3467 δὲ
895 3416 990 3469 καὶ
1046 3418 1200 3472 νόσον
1259 3422 1336 3492 τῷ
1397 3403 1610 3497 σώματι
1645 3428 1748 3483 δω-

162 3498 372 3567 ρεῖται.

629 3595 798 3652 ΣΠΒ’.
821 3626 887 3639 -
913 3600 1290 3675 Romamn.

239 3699 261 3734 ι
302 3681 748 3757 Ἐπισκέψομαι,
789 3692 955 3761 φησὶν
1015 3695 1048 3762 ἡ
1091 3698 1397 3766 προφητεία
1421 3738 1436 3762 ,
1491 3701 1585 3754 ἐπὶ
1623 3704 1751 3769 τοὺς

161 3771 473 3863 φοροῦντας
511 3775 703 3845 ἱμάτια
729 3778 1006 3850 ἀλλότρια.
1035 3800 1054 3833 ›
1094 3783 1152 3836 ’0
1180 3786 1288 3855 γὰρ
1313 3787 1387 3858 μὴ
1411 3791 1749 3863 κεκτημένος

159 3860 264 3932 τὴν
290 3863 517 3934 ἀρετὴν,
557 3867 985 3938 ὑποκρινόμενος
1020 3873 1100 3937 δὲ,
1147 3877 1240 3928 καὶ
1276 3860 1748 3951 σχηματιζόμενος

161 3952 371 4023 ἀρετὴν
415 3953 582 4024 ἔχειν,
612 3954 768 4022 οὗτος
796 3958 1017 4031 εὔδηλον
1050 3963 1338 4034 ἀλλοτρίαν
1368 3968 1560 4039 στολὴν
1590 3989 1745 4042 περι-

161 4043 442 4100 ϐάλλεται.
476 4048 586 4102 Καὶ
610 4052 658 4102 ot
689 4051 986 4122 ἑτερόδοξοι
1029 4054 1085 4107 δὲ
1117 4061 1574 4130 προσποιούμενοι
1610 4080 1745 4134 χρη·

163 4141 265 4190 στά
295 4138 590 4203 διδάσκειν,
640 4141 954 4214 ἐλέγχονται
1002 4146 1090 4200 διὰ
1139 4147 1248 4200 τῶν
1279 4150 1498 4217 φαύλων
1541 4153 1746 4224 δογμά-

159 4243 291 4293 των,
325 4229 718 4303 ἠλλοτριῶσθαι
742 4235 840 4305 τῆς
869 4235 1021 4300 θείας
1063 4238 1348 4311 ἀληθείας,
1383 4245 1477 4296 καί¹
1518 4245 1618 4316 τῆς
1669 4245 1746 4298 δι-

161 4320 460 4392 καιοσύνης
478 4339 492 4353 ’
521 4324 907 4394 περιεϐάλοντο
929 4329 1036 4401 γάρ
1061 4331 1343 4404 ἀλλότριον
1367 4336 1602 4407 φόρεμα,
1635 4336 1746 4392 ὦσ-

160 4427 267 4488 περ
300 4413 454 4469 λύκοι
489 4417 557 4470 τὰ
584 4417 693 4472 τῶν
729 4422 1015 4490 προϐάτων
1045 4423 1234 4480 κώδια.

1854 3983 1915 4024 se
1937 3967 2220 4038 possidere
2241 3965 2548 4030 contendit,
2572 3965 2926 4019 manifestum
2953 3969 3039 4017 est
3072 3978 3197 4017 eum
3239 3960 3438 4015 alienis

1853 4055 2096 4109 vestibus
2125 4053 2562 4108 circumvestiri.
2598 4053 2664 4106 Et
2701 4054 2797 4124 qui
2831 4068 2862 4106 a
2891 4052 3179 4106 catholicis
3207 4050 3438 4106 auribus

1852 4150 2028 4204 aliena
2058 4148 2345 4212 sentiunt,
2379 4147 2704 4202 simulantes
2753 4160 2812 4199 se
2851 4137 3017 4213 proba
3052 4144 3286 4201 docere.
3313 4157 3439 4211 pro-

1855 4251 1975 4314 pter
2015 4257 2182 4314 prava
2229 4243 2486 4312 dogmata
2539 4239 2667 4293 aliis
2706 4237 3026 4298 insinuata,
3064 4251 3123 4290 se
3169 4250 3199 4288 a
3249 4233 3436 4288 divina

1853 4335 2086 4390 veritate
2133 4341 2187 4387 et
2234 4331 2456 4400 justitia
2511 4330 2674 4399 longe
2723 4345 2847 4384 esse
2899 4327 3434 4398 deprehenduntur:

1854 4441 2091 4496 namque
2149 4424 2332 4478 alieno
2397 4423 2720 4476 indumento
2792 4419 3196 4475 circumvcstiti
3265 4427 3435 4486 sunt,

1783 4500 1825 4556 Ῐ)
1850 4515 2310 4586 quemadmodum
2347 4515 2455 4582 lupi
2523 4513 2763 4582 pellibus
2798 4512 3006 4564 ovium.

1884 4605 2260 4662 CCLXXXVI.
2301 4635 2371 4644 —
2410 4603 2644 4660 GMNAE
2677 4601 3035 4658 COPIARUM
3064 4600 3398 4657 'DUCTORI.

1926 4717 1945 4750 ι
1978 4699 2082 4765 Qui
2120 4711 2203 4754 est
2242 4699 2504 4769 splendor
2545 4697 2734 4766 gloria:
2772 4697 2837 4749 ⁷⁸.
2874 4715 2892 4748 ι
2923 4695 3185 4764 Exemplo
3223 4709 3435 4750 sermo-

445 4596 630 4664 ΣΠΕΓ.
647 4629 718 4639 -
741 4601 949 4672 ΓΑΙΝᾼ
979 4603 1461 4682 ΣΤΡΑΤΗΛΑΤῌ.

232 4703 253 4735 ι
298 4687 397 4748 Ὃς
427 4686 504 4739 ὢν
552 4689 895 4760 ἀπαύγασμα
926 4694 1026 4763 τῆς
1073 4693 1250 4765 δόξης.
1288 4716 1308 4750 ι
1353 4699 1743 4769 ’Υποδείγματι

156 4775 461 4846 διαλέγεται
491 4781 520 4834 6
553 4781 724 4850 μέγας
764 4784 1103 4850 Ἀπόστολος,
1134 4788 1223 4841 ἵνα
1254 4792 1472 4862 σημάνῃ
1503 4794 1563 4846 τὸ
1596 4795 1740 4846 άπα-

1886 4807 1969 4844 em
2001 4791 2246 4844 conserit
2279 4805 2514 4858 magnus
2546 4788 2880 4858 Apostolus,
2935 4798 2993 4840 ut
3028 4786 3274 4855 passioni
3320 4787 3430 4841 mi-

160 4866 268 4932 Θὲς,
314 4870 408 4923 καὶ
445 4870 528 4924 ὅτι
561 4873 660 4925 ούκ
689 4873 749 4938 ἐξ
782 4874 1185 4943 ὲλαττωθέντος·
1215 4881 1309 4934 τοῦ
1355 4884 1587 4954 Πατρὸς,
1618 4885 1738 4939 οὐδὲ

1888 4885 1995 4938 ime
2027 4883 2327 4936 obnoxium
2361 4881 2699 4951 signiﬁcaret
2722 4924 2737 4947 ,
2771 4878 3121 4949 splendorem
3157 4879 3303 4932 hunc
3337 4894 3433 4933 ne-

160 4960 483 5029 μειωθέντος
516 4964 635 5016 τόδε
664 4965 1028 5037 ἀπαύγασμα,
1063 4972 1165 5024 οὐκ
1200 4973 1599 5041 ἀνυπόστατον,
1627 4964 1744 5028 ἀλλ’

1882 4987 1947 5027 ne
1975 4988 2040 5026 ex
2077 4973 2470 5026 detrimentum
2513 4988 2680 5041 passo
2704 5010 2718 5032 ,
2757 4979 2852 5024 aut
2892 4971 3186 5024 imminuto
3224 4969 3386 5024 Patre
3413 5014 3426 5038 ,

157 5051 213 5103 ἐν
251 5051 424 5122 ἑτέρῳ
465 5054 578 5124 ἔχει
612 5056 672 5109 τὸ
704 5054 862 5112 εἶναι.
899 5060 990 5131 Μὴ
1022 5057 1115 5115 οὖν
1151 5063 1311 5117 τοῦτο
1346 5068 1611 5139 ἐννοήσῃς
1649 5070 1744 5122 ἐπὶ

1882 5080 1963 5118 sse
2001 5064 2121 5118 sine
2159 5065 2524 5118 subsistentia
2554 5104 2568 5126 ,
2606 5080 2773 5133 quam
2816 5064 2868 5116 in
2906 5063 3015 5115 alio
3067 5063 3313 5117 haberet.
3351 5062 3430 5119 Ne

155 5142 248 5196 τοῦ
278 5144 415 5197 Θεοῦ
453 5147 650 5215 Λόγου·
682 5148 846 5217 βλέπε
899 5153 1006 5222 γὰρ
1050 5153 1105 5207 τί
1135 5154 1297 5220 εὐθὺς
1349 5157 1378 5208 6
1418 5159 1740 5223 Ἀπόστολος

1884 5171 2024 5224 aque
2085 5157 2188 5210 hoc
2241 5156 2309 5210 de
2368 5156 2476 5210 Deo
2521 5154 2704 5209 Verho
2760 5156 3066 5224 intelligas.
3119 5155 3429 5210 Considera

157 5236 352 5302 ἐπάγει
375 5253 389 5267 ⁸
432 5257 452 5289 ι
491 5240 600 5292 Καὶ⁴
629 5245 916 5314 χαρακτὴρ
947 5248 1045 5316 τῆς
1077 5247 1435 5312 ὑποστάσεως
1483 5251 1672 5306 αὐτοῦ.
1714 5271 1732 5304 ι

1882 5247 1981 5300 illm
2016 5263 2138 5316 (tua:
2171 5248 2356 5301 statim
2381 5247 2540 5316 103
2559 5248 2858 5315 Apostolus
2889 5247 3075 5299 Subiit
3105 5265 3117 5298 :
3157 5246 3252 5300 «Ει
3289 5247 3426 5300 cha—

160 5327 368 5398 Ὠσπερ
425 5329 532 5398 γὰρ
586 5333 614 5383 6
671 5333 862 5405 Πατὴρ
923 5337 1310 5405 ἐνυπόστατος,
1345 5341 1517 5406 οὕτως
1570 5346 1661 5398 καὶ
1702 5347 1731 5398 6

1882 5347 2020 5394 teter
2071 5340 2429 5410 bypostascos
2481 5342 2648 5394 illius.
2683 5359 2702 5391 ι
2756 5338 3228 5404 Quemadmodum
3277 5339 3424 5392 enim

157 5417 281 5482 Υἱὸς
317 5422 700 5488 ὲνυπόστατος
739 5426 839 5478 οὐκ
868 5427 1104 5498 ἄναρχος
1161 5431 1190 5483 6
1228 5431 1376 5497 Υἱὸς,
1410 5435 1584 5499 αἴτιος
1621 5439 1729 5509 γὰρ

1882 5441 2016 5496 ater,
2065 5432 2136 5484 ita
2172 5440 2226 5486 et
2258 5429 2431 5488 Filius
2474 5434 2874 5503 eubypostatus
2903 5438 3026 5484 est:
3059 5446 3170 5483 non
3213 5430 3424 5499 absque

159 5511 319 5564 αὑτοῦ
371 5515 402 5566 6
457 5515 672 5587 Πατὴρ,
731 5517 850 5571 καθ’
871 5519 907 5571 ὃ·
926 5519 1140 5589 Πατὴρ,
1171 5521 1232 5575 οὐ
1269 5523 1389 5578 καθ’
1415 5525 1442 5578 ὃ
1471 5527 1728 5598 Κτίστης.

1884 5524 2118 5595 rincipio
2153 5523 2363 5594 Filius,
2403 5534 2666 5596 tanquam
2721 5525 2816 5595 qui
2874 5525 3206 5595 principium
3258 5522 3423 5578 habet

225 5692 267 5725 ’⁷
311 5690 552 5763 Sophon.
595 5711 630 5761 ι,
663 5696 715 5752 8.
793 5698 837 5731 ⁷⁸
896 5698 1062 5756 llebr.
1103 5716 1139 5767 ι,
1166 5703 1217 5758 5.
