3882 6036
451 255 552 320 187

1921 268 1984 328 S.
2023 267 2187 330 NILI

3585 263 3724 328 188

446 369 665 425 Patrem
689 413 702 434 .
736 379 797 426 ιιι
829 372 1048 427 Patrem
1069 415 1083 439 ,
1117 391 1226 432 non
1257 387 1316 433 ιιι
1343 377 1680 434 Creatorem.
1711 377 1847 433 Vide
1879 393 2014 448 prae-

2125 378 2268 448 Ὂρα
2297 379 2354 433 δέ
2387 379 2504 444 πῶς
2533 379 2678 452 λέγει
2721 379 2782 435 ἐν
2815 379 3171 449 Εὐαγγελίοις
3195 375 3326 433 αὒτδ
3355 379 3414 434 τὸ
3432 379 3710 449 ἀπαύγα-

446 469 626 526 terea,
655 465 932 533 quomodo
979 466 1238 536 loquatur
1281 470 1542 539 splendor
1591 471 1696 526 iste
1745 470 1798 525 in
1833 469 2012 524 Evan-

444 551 642 617 geliis:
676 555 964 626 «Egosum
995 557 1086 610 lux
1115 560 1302 613 mundi
1333 561 1411 625 7°;
1441 579 1459 610 ι
1483 560 1664 615 lumen
1691 574 1754 615 ex
1783 560 2011 616 lumine.

444 645 749 702 Character
795 648 942 702 aliud
991 651 1269 719 quidpiam
1317 659 1404 706 est
1443 651 1513 706 ab
1565 667 1670 718 eo,
1721 655 1882 722 cujus
1928 657 2016 706 est

443 736 762 802 character,
825 755 934 794 non
1001 757 1399 813 usquequaque
1446 744 1617 812 aliud,
1653 744 1748 800 sed
1797 751 2014 799 tantum

444 829 747 882 secundum
781 829 1138 900 bypostasim.

619 917 1013 976 CCLXXXVII.
1044 951 1116 964 —-
1151 921 1550 980 PHILOROMO
1581 923 1836 980 COIIITI.

515 1009 573 1066 Si
615 1011 884 1067 bellorum
927 1013 1168 1069 laborem
1217 1030 1284 1068 ac
1326 1017 1563 1071 validam
1617 1018 2012 1072 monachorum

443 1118 682 1174 pugnam
706 1143 723 1168 ,
750 1119 912 1174 quam
944 1120 1069 1160 cum
1100 1106 1434 1162 facinorosis
1464 1107 1805 1163 damnumbus
1831 1110 2018 1162 conti-

445 1193 572 1248 nuis
605 1193 944 1250 adversariis
985 1195 1214 1260 ineunt,
1251 1205 1306 1252 et
1342 1214 1626 1268 nunquam
1667 1209 2009 1262 cessantem,

443 1299 548 1339 nec
593 1285 700 1340 sibi
738 1287 945 1355 aliquid
997 1289 1403 1344 condonantem
1453 1291 1650 1346 salutis
1687 1307 1912 1352 curam,
1961 1298 2015 1344 et

444 1375 724 1442 studium,
766 1387 821 1432 et
857 1380 1176 1434 innumeras
1207 1381 1404 1435 anima:
1453 1383 1738 1437 molestias
1793 1397 2014 1436 amaro-

443 1483 692 1538 remque,
748 1471 844 1540 qui
903 1487 970 1526 ex
1041 1473 1214 1528 variis
1263 1473 1699 1528 adversariarum
1751 1475 2014 1528 virtutum

443 1561 844 1618 tentationibus
887 1564 1174 1632 provenit,
1230 1565 1698 1634 comprehendere
1752 1566 1959 1635 poteris
1997 1583 2011 1622 :

2116 483 2246 537 σμα*
2284 486 2304 519 ι
2357 468 2498 538 Ἐγώ
2518 472 2635 541 είμι
2661 469 2720 525 τδ
2739 471 2856 540 φῶς
2885 469 2980 524 τοῦ
3005 470 3232 541 κόσμου,
3269 490 3288 522 ι
3320 471 3437 538 φῶς
3481 472 3547 524 ἐκ
3577 489 3724 539 {pm-

2114 559 2223 622 τός.
2263 558 2322 612 Ὁ
2350 561 2640 632 χαρακτὴρ
2669 560 2798 615 ἄλλο
2827 561 2880 614 τί
2901 562 3018 614 ἐστι
3047 561 3197 632 παρὰ
3222 561 3284 613 τδ
3309 562 3714 630 πρωτότυπον,

2117 650 2246 704 ἀλλο
2270 651 2326 718 δὲ
2353 651 2412 705 οὐ
2446 651 2644 724 πάντη,
2672 653 2808 708 ἀλλά
2839 652 2978 707 κατὰ
3007 654 3070 706 τὸ
3097 653 3479 714 ἐνυπόστατον.

2427 915 2588 972 ΣΠΖν.
2615 945 2684 958 -
2702 917 3050 988 ΦΙΛΟΡΟΜῼ
3086 919 3376 974 KOMHTI.

2200 1005 2327 1060 Ἐὰν
2377 1007 2615 1076 ἰσχύσεις
2648 1008 2879 1075 ξυνιδεῖν
2922 1010 3016 1063 τὸν
3059 1010 3258 1081 μόχθον
3277 1011 3386 1064 τῶν
3411 1011 3712 1082 πολέμων,

2116 1097 2210 1150 καὶ
2247 1097 2347 1168 τῆς
2394 1099 2668 1167 καρτερᾶς
2718 1099 2895 1170 μάχης
2954 1101 3062 1153 τῶν
3117 1101 3384 1171 μοναχῶν,
3417 1105 3516 1172 τῆς
3557 1103 3716 1172 πρὸς

2113 1193 2238 1254 τοὺς
2270 1191 2575 1264 ἀλάστορας
2602 1193 2882 1262 δαίμονας,
2905 1195 3028 1257 τοὺς
3060 1195 3348 1264 διηνεκεῖς,
3375 1197 3458 1248 καῖ’
3487 1196 3670 1264 δυσμε
3689 1223 3720 1234 ο

2115 1286 2247 1348 νεῖς,
2275 1285 2370 1337 καὶ
2397 1281 2496 1354 τὴν
2519 1285 2817 1348 ἄπαυστον,
2851 1287 2946 1339 καὶ
2973 1287 3253 1340 ἀνένδοτον
3283 1287 3383 1357 τῆς
3413 1288 3714 1356 σωτηρίας

2120 1371 2412 1442 μέριμναν,
2441 1373 2536 1426 καὶ
2566 1373 2849 1444 φροντίδα,
2887 1376 2979 1428 καὶ
3010 1375 3110 1438 τὰς
3147 1375 3552 1447 ἀναριθμήτους
3593 1376 3718 1445 τῆς

2115 1462 2294 1536 ψυχῆς
2315 1464 2630 1534 τηκεδόνας,
2660 1466 2756 1518 καὶ
2793 1467 2893 1536 τὴν
2923 1468 3151 1539 πικρίαν
3179 1468 3277 1538 τὴν
3304 1467 3712 1538 ἐπιγινομένην

2117 1554 2176 1608 ἐν
2205 1559 2317 1619 τοῖς
2341 1557 2607 1622 ποικίλοις
2626 1562 2955 1630 πειρασμοῖς
2977 1561 3084 1613 τῶν
3105 1561 3364 1614 ἐναντίων
3387 1561 3708 1623 δυνάμεων,

441 1667 529 1707 ne
557 1662 612 1706 tu
640 1696 655 1718 ,
691 1654 736 1708 si
763 1657 993 1722 quando
1030 1657 1293 1726 temporis
1353 1673 1649 1727 progressu
1704 1667 2012 1712 ascetarum

2124 1645 2180 1698 τὸ
2207 1647 2513 1718 τηνικαῦτα
2547 1649 2644 1720 τὴν
2672 1649 2761 1702 διὰ
2791 1650 2984 1720 χρόνου
3010 1651 3249 1721 λιπαρὰν
3288 1650 3396 1702 τῶν
3435 1651 3710 1721 ἀσκητῶν

443 1744 544 1800 tibi
577 1746 834 1809 afﬂuens,
871 1763 936 1802 ac
967 1749 1199 1818 dapsilis
1227 1765 1412 1804 mensa
1447 1751 1686 1814 videtur,
1715 1754 2014 1818 maxinmm

2124 1738 2450 1810 φαινομένην
2473 1757 2555 1792 σοι
2585 1741 2682 1794 καὶ
2721 1741 2917 1812 δαψιλῆ
2945 1743 3244 1812 τράπεζαν,
3269 1744 3572 1812 κακουχίαν
3605 1761 3714 1812 με-

439 1836 686 1900 malnm',
719 1845 774 1891 et
809 1853 1028 1907 gravem
1063 1839 1301 1909 inopiam
1327 1879 1341 1903 ,
1371 1852 1425 1894 et
1459 1841 1664 1896 victum
1695 1853 1976 1898 austerum
1997 1883 2012 1908 ,

437 1941 559 2004 eam
592 1942 719 1981 cum
751 1929 860 1984 tuis
893 1932 1175 1999 perpetuis
1212 1946 1276 1985 ac
1317 1933 1630 1990 libidinosis
1669 1935 1886 1989 luxibus
1913 1977 1928 1993 .
1959 1945 2016 1989 et

445 2017 776 2074 Iautissimis
802 2021 1072 2076 conviviis
1123 2037 1454 2092 comparans
1481 2063 1495 2088 ,
1546 2041 1611 2078 ac
1653 2027 1969 2094 dijudicans
1997 2068 2012 2092 ,

438 2111 808 2166 existimabis.
841 2111 916 2166 Nc
948 2113 1133 2182 itaque
1156 2114 1492 2172 condemnes
1512 2157 1524 2180 ,
1559 2133 1734 2187 neque
1759 2135 1854 2174 eos
1874 2160 1886 2181 ,
1921 2122 2015 2190 qui

441 2203 776 2274 quandoque
817 2204 1066 2259 solamen
1111 2206 1331 2274 aliquod
1379 2208 1800 2276 participatione
1844 2211 2015 2264 benc-

443 2308 568 2348 rum
617 2296 866 2349 ciborum
913 2310 1038 2349 cum
1090 2295 1276 2349 divina
1317 2297 1610 2360 facultate.
1663 2310 1717 2353 et
1761 2301 2016 2357 libertate

445 2389 654 2459 proba,
689 2395 746 2442 et
794 2389 958 2444 bonis
1007 2389 1475 2458 cogitationibus.
1529 2391 1749 2447 defesso
1793 2395 2017 2464 corpori

447 2481 805 2550 suppeditare
840 2482 1022 2535 conati
1061 2489 1226 2544 sunt,
1261 2485 1562 2538 monachos
1597 2485 1846 2540 irrideas.

447 2574 610 2644 107
644 2573 1067 2630 CCLXXXVIII.
1091 2575 1577 2631 —ATHANASIO
1609 2577 2012 2637 DEFENSORI.

514 2663 818 2720 Postulasti
851 2681 881 2718 a
918 2682 1024 2727 me.
1074 2666 1120 2720 si
1157 2667 1475 2722 essentialis
1525 2667 1843 2738 Sapientia,
1891 2687 2017 2724 om-

441 2755 598 2811 nium
633 2755 900 2812 Dominus
929 2757 1223 2820 Christus,
1279 2761 1432 2814 solus
1465 2760 1681 2829 jplenus
1732 2767 1786 2817 et
1839 2763 2019 2832 perfe-

441 2855 601 2913 ctus,
627 2856 744 2903 et-a
777 2850 1053 2918 principio
1087 2849 1293 2904 nullius
1326 2850 1546 2921 indigus
1580 2863 1704 2915 est;
1736 2855 2018 2924 quomodo

440 2938 511 2994 de
541 2953 608 2993 eo
651 2937 833 2992 Lucas
877 2937 1115 2991 scribit:
1155 2955 1173 2988 ι
1203 2936 1532 2994 Proficiebat
1579 2947 1769 3002 aetate,
1823 2950 1876 2996 et
1929 2957 2020 2996 sa-

2118 1829 2330 1900 γίστην,
2373 1833 2467 1884 καὶ
2499 1832 2725 1902 βαρεῖαν
2763 1833 2991 1900 ἔνδειαν,
3023 1835 3116 1887 καὶ
3153 1835 3362 1888 δίαιταν
3401 1836 3710 1904 αὐχμηρὰν

2117 1921 2433 1989 νομίσειας,
2471 1924 2952 1994 παρασυμῦάλλων
2991 1925 3213 1996 ταύτην,
3258 1925 3350 1979 καὶ
3385 1927 3710 1995 συγκρίνων

2115 2015 2236 2075 ταῖς
2287 2015 2407 2077 σαῖς
2459 2015 2754 2086 διηνεκέσι,
2806 2019 2901 2070 καὶ
2953 2018 3276 2081 ἀκολάστοις
3319 2021 3554 2089 τρυφαῖς
3603 2021 3710 2071 καὶ

2119 2102 2483 2166 πανδαισίαις.
2517 2105 2608 2176 Μὴ
2637 2107 2817 2159 τοίνυν
2845 2109 3162 2176 κατάκρινε,
3189 2109 3284 2162 καὶ
3316 2109 3520 2162 σκὸπτε
3567 2111 3709 2172 τοὺς

2117 2191 2185 2245 δι’
2201 2194 2424 2264 ἡμερῶν
2447 2196 2854 2266 δοκιμάσαντας
2880 2201 3172 2270 μοναχοὺς,
3198 2201 3549 2271 παραμυθίαν
3573 2201 3710 2254 τινὰ

2121 2285 2482 2356 μεταλήψεως
2515 2289 2700 2342 σιτίων
2727 2291 2930 2356 καλῶν,
2963 2295 3060 2348 σὺν
3105 2295 3226 2366 θείᾳ
3257 2295 3563 2365 ἐλευθερίᾳ,
3601 2297 3710 2347 καὶ

2119 2381 2404 2450 παρρησίᾳ
2438 2384 2688 2454 χρηστῇ,
2721 2385 2816 2437 καὶ
2848 2386 3128 2458 λογισμοῖς
3159 2389 3384 2457 ἀγαθοῖς
3409 2387 3489 2458 τῷ
3522 2405 3710 2442 κατα-

2119 2469 2408 2540 πονηθέντι
2436 2472 2648 2543 σώματι
2676 2477 3018 2547 χωρηγῆσαι.

2432 2561 2606 2618 ΣΠΗ’.
2629 2593 2697 2604 -—
2719 2565 3064 2636 ΑΘΑΝΑΣΙῼ
3093 2569 3374 2641 ΕΚΔΙΚῼ.

2202 2651 2435 2706 Ἑπύθου
2470 2672 2592 2722 μου,
2621 2658 2670 2709 εί
2703 2658 2966 2729 ούσιώδης
2991 2660 3173 2729 σοφία,
3195 2663 3225 2714 ὁ
3261 2665 3370 2716 τῶν
3409 2663 3548 2717 ὅλων
3595 2667 3708 2718 Δε-

2121 2743 2325 2813 σπότης
2355 2745 2608 2814 Χριστὸς,
2637 2748 2732 2801 καὶ
2773 2749 2932 2818 μόνος
2963 2751 3200 2823 πλήρης,
3227 2755 3324 2807 καὶ
3348 2755 3572 2818 τέλειος,
3603 2759 3708 2808 καὶ

2117 2835 2439 2908 ἀνελλειπὴς
2486 2839 2584 2894 ἀπ’
2612 2841 2808 2912 ἀρχῆς,
2853 2843 2970 2908 πῶς
3015 2846 3216 2916 γράφει
3261 2849 3390 2919 περὶ
3441 2849 3612 2902 αὑτοῦ
3669 2854 3710 2904 ὁ

2116 2930 2362 2993 Λουκᾶς·
2417 2932 2498 2984 ὅτι
2534 2952 2552 2982 ι
2575 2923 2938 3004 ’Προέκοπτεν
2989 2938 3210 3010 ἡλικία,
3246 2941 3340 2994 καὶ
3371 2943 3568 3010 σοφίᾳ,
3601 2944 3706 2996 καὶ

439 3033 648 3104 pientia
668 3072 682 3095 ,
719 3042 772 3087 et
797 3032 974 3102 gratia
1003 3032 1128 3085 δοῖ»
1147 3029 1266 3086 Νοιι
1297 3032 1440 3101 quod
1485 3032 1696 3088 deforis
1724 3035 2012 3098 alicunde,

2124 3021 2330 3090 χάριτις
2369 3041 2386 3073 ι
2419 3024 2529 3093 Ούχ
2555 3025 2636 3078 ὅτι
2663 3027 2858 3094 σοφίαν
2886 3028 3322 3099 προσλαμϐάνων
3349 3030 3552 3096 ἔξωθέν
3599 3051 3705 3086 πο-

439 3140 605 3194 quam
639 3124 787 3179 domi
817 3124 1087 3190 habebat,
1119 3125 1444 3194 sapientiam
1481 3134 1832 3190 assumeret;
1869 3133 2014 3182 totus

2124 3113 2231 3176 θεν,
2255 3115 2319 3184 ἢν
2344 3115 2555 3182 οἴκοθεν
2573 3113 2737 3188 εἶχεν,
2763 3124 3088 3175 κατενοεῖτο·
3113 3123 3234 3188 ὅλος
3253 3125 3362 3194 γὰρ
3383 3126 3566 3194 σοφία,
3601 3128 3708 3180 καὶ

437 3215 586 3269 enim
638 3213 944 3283 sapientia,
973 3223 1028 3267 et
1075 3214 1314 3282 cOgnitio
1364 3215 1753 3284 comprehendi
1785 3218 1971 3272 nescia
1995 3257 2012 3282 ,

439 3313 495 3360 et
524 3305 739 3374 gratia,
771 3311 826 3358 et
867 3305 1166 3359 thesaurus
1212 3306 1518 3370 gratiarum
1567 3305 2016 3361 inexhaustarum

438 3394 741 3451 secundum
777 3393 1034 3448 deitatem
1075 3402 1194 3447 erat
1221 3412 1236 3460 ;
1269 3395 1364 3450 sed
1391 3397 1536 3464 quod
1571 3397 1886 3465 proficiente
1918 3399 2018 3453 hu-

438 3500 602 3541 mana
633 3485 944 3539 Servatoris
977 3493 1139 3538 aetate
1172 3485 1488 3542 hominibus
1514 3489 1901 3544 elucidabatur
1935 3490 2020 3545 di-

438 3579 584 3633 vinae
613 3577 896 3647 Sapientiae
931 3591 996 3632 ac
1027 3579 1219 3647 gratiae
1249 3578 1535 3633 iudicatio.

783 3667 1159 3723 CCLXXXIX.
1199 3699 1263 3709 —
1293 3669 1665 3726 DRUSIANO.

511 3760 668 3816 Licet
720 3760 900 3816 adhuc
944 3777 1156 3815 cornua
1207 3761 1382 3815 vitulo
1431 3777 1538 3816 non
1573 3763 1888 3830 eruperint,
1918 3777 2016 3818 ve-

441 3863 754 3910 rumtamen
792 3853 909 3921 ipse
944 3855 1048 3907 scit
1083 3853 1231 3922 quod
1279 3861 1612 3922 erumpent;
1662 3854 1792 3908 hinc
1838 3855 2018 3924 capite.

441 3943 586 4014 quod
616 3946 719 3999 sibi
758 3946 1038 4000 adversari
1075 3947 1294 4001 videtur
1329 3947 1566 4017 impetit.
1599 3945 1692 4001 Sic
1723 3956 1780 4000 et
1808 3947 1978 4002 David
1999 3989 2014 4014 ,

437 4038 573 4093 licet
617 4035 879 4092 Servatur
907 4039 1168 4094 Christus
1216 4041 1520 4095 secundum
1558 4041 1977 4110 dispositionem
2001 4080 2016 4104 ,

439 4128 682 4182 nondum
705 4131 1074 4197 apparuisset,
1107 4129 1468 4185 nihilominus
1495 4139 1556 4184 ut
1585 4131 1852 4201 propheta
1879 4173 1893 4195 ,
1923 4147 2020 4185 un-

437 4220 634 4275 denam
681 4221 878 4275 salutis
923 4237 1096 4276 cornu
1129 4230 1452 4290 erupturum
1487 4235 1607 4276 erat
1630 4265 1644 4288 ,
1680 4233 2034 4298 agnoverat,

439 4311 546 4367 boc
576 4321 694 4376 est,
729 4330 792 4366 ex
831 4319 1040 4369 semine
1067 4324 1120 4369 et
1147 4331 1346 4386 genere
1378 4317 1622 4373 Davidis.
1671 4319 2016 4388 Quapropter

2119 3205 2318 3274 γνῶσις
2366 3209 2769 3281 ἀκατάλητπος,
2824 3211 2920 3265 καὶ
2954 3215 3134 3283 χάρις,
3164 3215 3257 3268 καὶ
3290 3216 3564 3288 θησαυρὸς
3595 3234 3704 3288 χα-

2121 3296 2285 3367 ρίτων
2322 3297 2683 3371 ἀδαπανήτων
2713 3303 2854 3357 κατὰ
2877 3306 2976 3375 τὴν
3011 3305 3261 3376 θεότητα,
3294 3307 3410 3363 ἀλλ’
3437 3309 3520 3362 ὅτι
3559 3325 3704 3381 ’πρ-ε⁴

2119 3389 2426 3460 κοπτούσης
2477 3391 2578 3460 τῆς
2627 3393 2975 3465 ἀνθρωπίνης
3012 3395 3106 3448 τοῦ
3153 3397 3406 3468 Σωτῆρος
3455 3397 3700 3468 ἡλικίας,

2119 3482 2536 3551 παρεγυμνοῦτο
2569 3486 2679 3547 τοῖς
2717 3485 3082 3558 ἀνθρώποιςή
3119 3487 3346 3555 ἔνδειξις
3382 3489 3474 3559 τῆς
3505 3489 3704 3558 θεῐκῆς

2119 3573 2311 3642 σοφίας
2345 3576 2440 3628 καὶ
2467 3575 2709 3646 χάριτος.

2565 3671 2734 3726 mea
2751 3703 2820 3711 —
2835 3673 3238 3745 ΔΡΟΥΣΙΑΝῼ.

2191 3765 2308 3820 Κᾶν
2337 3765 2410 3834 μή
2449 3781 2566 3827 πως
2599 3763 2738 3835 ἐφύη
2771 3763 2848 3834 τῷ
2883 3767 3070 3836 μόσχῳ
3093 3765 3162 3820 τά
3191 3767 3419 3838 κέρατα,
3449 3767 3561 3821 ἀλλ’
3583 3764 3696 3822 οἶδε

2119 3859 2356 3922 πάντως,
2389 3858 2472 3910 ὅτι
2523 3857 2824 3926 φυήσεται·
2854 3855 2974 3910 ὅθεν
3022 3858 3114 3912 καὶ
3154 3862 3219 3930 τῇ
3257 3860 3467 3929 κεφαλῇ
3501 3861 3562 3913 τὸ
3601 3861 3696 3914 δο-

2119 3952 2248 4003 κοῦν
2283 3950 2536 4020 πολεμεῖν
2569 3948 2856 4018 ἀμύνεται.
2885 3949 3040 4002 Οὕτω
3060 3952 3152 4004 καὶ
3182 3951 3364 4009 Δαυῒδ,
3385 3951 3487 4004 κᾶν
3524 3953 3698 4024 μήπω

2118 4045 2146 4095 ὁ
2175 4040 2362 4111 Σωτὴρ
2393 4039 2626 4110 Χριστὸς
2672 4039 2814 4092 κατὰ
2848 4041 2950 4109 τὴν
2998 4040 3314 4110 οἰκονομίαν
3343 4045 3456 4104 τοῖς
3482 4040 3700 4107 ἀνθρώ-

2119 4151 2244 4196 ποις
2276 4133 2472 4200 ὲφάνη,
2517 4131 2630 4183 ἀλλ’
2662 4130 2738 4193 ὼς
2768 4132 3054 4202 προφήτης
3077 4134 3365 4200 ἐγίνωσκε,
3401 4133 3560 4185 πόθεν
3611 4133 3701 4198 ἑξ-

2120 4225 2367 4278 ανατελεῖ
2403 4226 2500 4292 τῆς
2549 4223 2821 4293 σωτηρίας
2843 4223 2904 4274 τὸ
2938 4224 3125 4294 κέρας,
3171 4225 3449 4278 τουτέστιν
3489 4227 3554 4278 ἐκ
3597 4225 3698 4278 τοῦ

2123 4317 2456 4386 σπέρματος,
2495 4315 2587 4367 καὶ
2620 4316 2684 4366 ἐκ
2743 4315 2836 4367 τοῦ
2895 4314 3085 4382 γένους
3119 4315 3304 4368 Δαυῖδ.
3354 4317 3552 4387 Διόπερ
3599 4318 3702 4370 καὶ

441 4407 560 4476 ipse
593 4405 758 4458 David
791 4407 1006 4460 diccbat
1037 4427 1048 4462 :
1081 4427 1098 4458 ι
1132 4407 1187 4461 In
1224 4421 1276 4463 te
1307 4409 1560 4465 inimicos
1592 4419 1812 4465 nostros
1843 4427 2014 4466 cornu

2124 4407 2308 4474 ἔλεγεν
2338 4407 2498 4467 αὐτὸς
2527 4408 2554 4458 ὁ
2584 4403 2747 4458 Δαυῒδ
2793 4405 2930 4474 πρὸς
2975 4406 3066 4458 τὸν
3115 4406 3393 4478 Δεσπότην
3439 4407 3696 4475 Χριστόν

437 4507 688 4567 petemus
715 4499 756 4528 '“
787 4515 802 4563 ;
831 4517 849 4548 ι
882 4500 981 4552 hoc
1013 4509 1128 4559 est.
1170 4516 1262 4568 per
1292 4511 1375 4564 te,
1418 4510 1470 4555 et
1505 4517 1604 4571 per
1633 4511 1782 4555 tuam
1820 4511 2014 4571 poten-

438 4592 594 4654 tiam,
624 4601 678 4645 et
709 4607 880 4645 cornu
912 4593 1144 4646 viriliter
1176 4595 1527 4650 adversarios
1560 4605 1776 4650 nostros
1806 4596 2013 4648 daemo-

438 4699 538 4738 nes
565 4685 1027 4754 oppugnabimus.
1067 4684 1178 4739 Nos
1211 4687 1358 4739 enim
1389 4701 1454 4740 ex
1489 4687 1903 4756 nobismetipsis
1936 4687 2018 4740 in-

435 4776 729 4832 vincihiles
763 4778 953 4832 hostes
983 4793 1246 4847 superare
1281 4780 1601 4848 nequimus.

471 4947 672 5002 ccxc.
707 4979 774 4992 -
804 4949 1128 5008 PROCOLO
1164 4953 1371 5008 neue.
1407 4935 1978 5012 ADMINts‘TaANTI.

507 5039 1002 5098 Providentissime
1031 5045 1125 5098 tibi
1151 5086 1164 5109 ,
1197 5061 1373 5114 neque
1399 5063 1718 5102 sel-mnuum
1744 5051 2012 5119 aptitndn,

437 5146 616 5202 neque
651 5135 812 5204 108
843 5137 1214 5201 abundantia,
1265 5155 1442 5206 neque
1487 5143 1887 5197 sententiarum
1919 5161 2015 5199 co-

437 5225 526 5293 pia
549 5267 561 5284 .
589 5241 770 5296 nequc
828 5230 903 5283 rei
939 5232 1264 5282 nummariae
1300 5231 1574 5284 afﬂuentia
1599 5274 1612 5292 .
1663 5251 1841 5304 neque
1891 5251 2016 5289 cor-

435 5314 589 5383 poris
619 5317 770 5373 salus
797 5320 996 5372 tradita
1023 5329 1106 5374 est
1135 5337 1147 5384 ;
1181 5324 1380 5376 etenim
1423 5324 1470 5377 si
1517 5323 1604 5378 his
1637 5327 1800 5380 etiam
1837 5329 2009 5382 desti-

437 5413 591 5462 tutus
639 5413 1070 5480 cogitationibus
1119 5415 1476 5478 recalcitras,
1530 5429 1582 5470 et.
1633 5418 2011 5475 indesinenter

439 5498 675 5570 ineptis,
719 5518 841 5572 qua:
891 5506 1028 5558 nulli
1079 5505 1202 5560 usui
1245 5517 1376 5561 sunt
1414 5508 1712 5579 elfutiens,
1755 5529 1852 5568 ore
1903 5515 2010 5568 lato

2115 4500 2195 4552 ὅτι
2227 4517 2244 4548 ι
2269 4499 2356 4549 Ἐν
2385 4497 2465 4550 σοὶ
2487 4499 2612 4559 τοὺς
2647 4497 2873 4566 ἐχθροὺς
2897 4497 3056 4566 ἡμῶν
3079 4498 3462 4567 κερατιοῦμεν,
3493 4517 3510 4548 ι
3539 4515 3699 4552 τουτ-

2115 4592 2229 4644 έστι
2267 4589 2352 4642 διά
2393 4587 2509 4652 σοῦ,
2541 4588 2636 4642 καὶ
2665 4588 2751 4641 διὰ
2774 4591 2874 4658 τῆς
2900 4589 3000 4656 σῆς
3049 4589 3254 4658 ίσχύος,
3301 4587 3517 4642 καὶτοῦ
3563 4591 3700 4658 κρά-

2111 4700 2258 4748 τους,
2289 4683 2433 4736 κατά
2484 4683 2686 4754 κράτος
2731 4683 2858 4744 τοὺς
2907 4680 3134 4750 ἐχθροὺς
3177 4682 3336 4751 ἡμῶν
3375 4682 3698 4751 ἀμυνόμεθα

2114 4775 2394 4844 δαίμονας.
2439 4777 2632 4844 Ἡμεῖς
2694 4775 2802 4845 γὰρ
2855 4774 2978 4827 καθ’
3005 4774 3234 4837 ἑαυτοὺς
3283 4775 3372 4827 ού)
3439 4775 3697 4845 ἱσχύομεν
3763 4843 3772 4850 ι

2115 4867 2499 4939 περιγενέσθαι
2523 4867 2630 4919 τῶν
2651 4867 2898 4936 ἀοράτων
2931 4865 3160 4935 ἐχθρῶν.

2339 4963 2452 5028 Et".
2475 4993 2538 5001 —
2561 4961 2846 5029 ΠΡΟΚΔῼ
2883 4958 3451 5030 ΠΟΛΙΤΕΥΟΜΕΝῼ.

2183 5052 2556 5122 Οἰκονομικῶς
2600 5052 2699 5104 οὐκ
2751 5051 2905 5119 ἐδόθη
2961 5068 3042 5102 σοι
3085 5049 3206 5103 οὔτε
3240 5050 3414 5119 λόγων
3459 5049 3690 5137 εύφυίξ,

2111 5146 2225 5200 οὔτ’
2255 5143 2503 5212 ἀφθονία,
2535 5143 2629 5196 καὶ
2655 5142 2856 5211 πλῆθος
2897 5141 3206 5212 νοημάτων,
3239 5141 3362 5194 οὕτε
3395 5144 3698 5212 χρημάτων

2115 5237 2387 5306 δαψίλεια,
2419 5234 2536 5287 οὔτε
2559 5232 2818 5302 ὑγείατοῦ
2849 5231 3116 5301 σώματος.
3146 5233 3206 5284 Εἰ
3229 5231 3338 5303 γὰρ
3368 5235 3460 5285 καὶ
3488 5233 3696 5288 τούτων

2118 5329 2400 5400 στερηθεὶς
2445 5326 2718 5390 λακτίζεις
2765 5327 2878 5388 τοῖς
2923 5324 3222 5394 λογισμοῖς,
3265 5325 3359 5376 καὶ
3416 5325 3682 5396 φλυαρεῖς

2117 5424 2410 5486 ἀπαύστως
2461 5421 2639 5476 λαλῶν
2692 5421 2760 5474 τὰ
2806 5417 2972 5490 μηδὲν
3023 5415 3358 5485 ὠφελοῦντα,
3413 5417 3696 5470 πεπλατυ-

2119 5517 2302 5588 σμένῳ
2344 5513 2422 5586 τῷ
2457 5514 2705 5585 στόματι,
2755 5513 2850 5564 καὶ
2897 5509 3184 5577 ἀκαθέκτῳ
3235 5513 3302 5582 τῇ
3331 5509 3572 5583 γλώττῃ,
3599 5510 3696 5564 καὶ

513 5669 561 5702 τ’
599 5669 757 5728 .loan.
817 5689 936 5741 νιιι,
982 5675 1062 5730 l2.
1141 5680 1184 5712 ⁸⁰
1231 5678 1361 5734 Luc.
1405 5698 1471 5750 ιι,
1538 5683 1626 5738 52.
1707 5685 1746 5712 "
1807 5682 1954 5739 Psal.
1992 5700 2141 5740 xuii.
2179 5685 2231 5738 6.
