3882 6036
112 267 258 331 189
1410 280 1733 344 EPISTULA

1847 286 1939 346 Μ
1968 290 2112 350 LIB.
2156 289 2205 350 I.
3310 289 3412 356 190

114 377 351 445 μόνον
393 381 492 451 τὴν
520 381 717 436 σαυτοῦ
769 382 1090 447 κενοδοξίαν,
1125 384 1218 437 καὶ
1265 384 1733 460 ἀνθρωπαρεσκίαε

1850 403 2338 464 adapertaquc,et
2400 392 2585 460 lingua
2647 393 3010 448 incontinenli
3068 399 3408 454 tantumdem

113 466 568 543 πληροφορῶν,
601 473 695 525 καὶ
742 472 902 527 ἄθλια
956 475 1371 545 αἰχμαλωτίζων
1418 478 1648 546 γύναια’
1700 500 1729 534 τ

1854 493 2002 537 tuam
2038 484 2384 539 insolentiam
2406 522 2420 544 ,
2452 490 2506 536 et
2535 482 2786 551 placendi
2819 482 3133 537 hominibus
3168 484 3411 539 studium

114 556 212 610 ἂν
272 561 575 633 διεπράξω
617 564 949 637 εὐπορήσας,
998 560 1182 638 ὧνπερ
1238 568 1473 638 εὐλόγως
1524 572 1733 626 ἀπεστει

1847 572 2098 643 jactans,
2128 586 2180 628 et
2220 561 2589 627 infortunatas
2630 573 2982 627 mulierculas
3022 573 3077 627 in
3127 576 3412 644 captivita-

124 650 400 725 (λήθης
1852 675 1958 717 tem
1991 666 2238 731 ducens;
2272 664 2401 735 quid
2436 665 2551 734 ipse
2581 665 2799 721 molitus
2832 664 3059 729 fuisses,
3095 665 3139 720 si
3168 666 3256 720 illa
3284 682 3411 736 pos-

1851 752 2094 809 sedisses
2114 794 2129 817 ,
2156 754 2358 824 quibus
2395 768 2502 806 non
2531 753 2649 805 sine
2673 754 2889 806 ratione
2913 753 3276 808 destitueris?

2118 841 2342 898 CCXCI.
2376 872 2436 881 —
2478 841 2758 897 ΕΠΛΝο
2792 839 3142 896 EPISCOPO.

1918 935 2191 990 Aaronem
2224 944 2512 990 ostentans
2544 934 2597 987 in
2633 933 2876 987 omnium
2911 932 3276 987 admiratione
3309 946 3370 987 es
3393 971 3413 996 ,

1848 1032 1901 1079 et
1935 1025 2213 1094 pretiosos
2257 1022 2468 1094 lapides
2517 1022 2983 1083 circumducens,
3034 1029 3088 1076 et
3140 1022 3278 1076 bene
3324 1035 3415 1076 so-

1848 1114 2035 1167 nantia
2099 1112 2470 1165 tintinnabula
2527 1127 2767 1181 appensa
2814 1118 3075 1181 gestans;
3127 1111 3219 1179 qui
3269 1110 3415 1165 enim

1850 1206 1948 1259 tibi
1996 1204 2231 1259 subsunt
2274 1220 2339 1259 ex
2386 1205 2568 1270 clero,
2600 1205 2653 1256 hi
2684 1202 2904 1272 quidem
2937 1204 3215 1257 silentium
3256 1218 3414 1257 exer-

1848 1308 2037 1354 centes
2066 1300 2193 1353 tuba
2227 1299 2732 1368 magniloquentius
2762 1298 3018 1351 insonant
3053 1314 3067 1361 ;
3104 1297 3195 1350 alii
3228 1297 3415 1351 divino

1850 1393 2016 1447 verbo
2065 1392 2478 1462 splendidisque
2530 1391 2822 1460 colloquiis
2866 1392 2979 1445 illis
3027 1390 3416 1444 tintinnabulis

1848 1486 2248 1539 consonantius
2279 1486 2734 1553 interstrepenlcs
2757 1523 2773 1546 ,
2819 1483 3039 1536 beatum
3085 1484 3324 1538 sonitum
3359 1482 3417 1537 in

500 832 734 899 2w..-
752 833 1029 909 ᾹΙΛΙΑΝῼ
1065 838 1433 913 ΕΠΙΣΚΟΠῼ.

214 920 361 976 Τὸν
426 922 636 994 Ἀαρὼν
683 926 942 983 δεικνύων
1002 930 1254 1004 θαυμάζῃ
1300 933 1451 1004 παρὰ
1511 934 1747 1001 πάντων,

121 1014 577 1086 ἐπιφερόμενος
610 1032 669 1069 τε
714 1017 892 1082 λίθους
936 1021 1185 1090 τιμίους,
1239 1025 1333 1078 καὶ
1370 1025 1621 1091 κώδωνας
1663 1028 1751 1080 εὑ-

120 1107 350 1176 ήχους
382 1108 767 1179 ἐξηρτημένος.
818 1110 938 1163 Τῶν
970 1113 1075 1183 γὰρ
1119 1113 1222 1167 ὑπὸ
1272 1117 1355 1167 σοι
1400 1116 1747 1186 ταττομένων

121 1196 481 1268 κληρικῶν,
504 1201 553 1252 οἱ
582 1200 680 1270 μὲν
708 1201 865 1272 σιγὴν
886 1204 1179 1269 ἀσκοῦντες
1211 1206 1287 1276 τῷ
1315 1207 1414 1277 βίῳ
1445 1208 1748 1279 κεκράγασι

127 1286 484 1359 σάλπιγγος
523 1292 1049 1365 μεγαλοφωνότερον,
1082 1297 1131 1348 οί
1168 1296 1224 1349 δὲ
1276 1297 1352 1367 τῷ
1400 1298 1530 1368 θείῳ
1578 1299 1745 1368 λόγῳ,

128 1379 252 1430 καὶ
290 1383 428 1444 ταῖς
465 1382 743 1453 λαμπραῖς
772 1384 1008 1452 ὁμιλίαις
1041 1387 1400 1457 κατηχοῦντες
1435 1390 1576 1459 ὑπὲρ
1604 1390 1748 1442 ἐκεί-

128 1486 294 1531 νους
334 1473 462 1533 τοὺς
494 1472 747 1536 κώδωνας
782 1478 879 1545 τὴν
927 1478 1202 1547 μακαρίαν
1250 1480 1408 1550 ἠχὴν,
1454 1482 1533 1544 είς
1581 1481 1749 1545 αὐτὰς

127 1556 262 1621 τὰς
313 1562 488 1624 ἀκοάς
516 1561 608 1613 τοῦ
641 1563 732 1615 νοῦ
763 1566 1187 1634 είσκομίζουσιν.

549 1655 702 1721 xw.
722 1686 789 1694 -
806 1658 1043 1729 MNng
1074 1660 1380 1732 ΜΟΝΑΧῼ.

1848 1576 1999 1646 ipsas
2032 1579 2233 1632 mentis
2265 1591 2426 1631 aures
2463 1576 2780 1645 important.

2128 1666 2373 1723 CCXCII.
2406 1697 2476 1708 —-
2504 1665 2734 1721 LlNNlO
2769 1663 3126 1721 MONACHO.

228 1738 443 1792 Πᾶσαν
475 1743 572 1813 τὴν
601 1745 691 1796 ὑπ’
715 1746 940 1813 οὐρανὸν
967 1749 1378 1818 περιτροχάζειν
1429 1749 1733 1815 σπουδάζεις

1919 1756 2142 1813 Terram
2177 1774 2434 1823 omnem,
2469 1774 2587 1829 quae
2624 1759 2725 1813 sub
2754 1759 2897 1811 cmlo
2928 1769 3008 1811 est
3031 1797 3044 1820 ,
3078 1757 3415 1811 circumcur-

143 1831 555 1905 σεσαλευμένῃ
603 1838 666 1906 τῇ
719 1836 937 1908 γνώμῃ,
989 1840 1243 1911 ἀφορμὰς
1286 1841 1483 1912 μυρίας
1520 1841 1746 1895 πλαττό-

1848 1866 1969 1905 rere
1998 1850 2289 1904 deturbata
2322 1858 2503 1906 mente
2548 1850 2837 1905 contendis
2861 1892 2874 1914 ,
2918 1849 3167 1903 inﬁnitas
3215 1862 3414 1902 causas

145 1938 370 1991 μενος,
415 1926 509 1978 καὶ
558 1927 741 1996 χώρας
774 1930 837 1981 ἐκ
873 1930 1062 2000 χωρῶν
1098 1932 1461 2003 μεταμείόων.
1504 1933 1624 1986 Κᾶν
1651 1932 1733 1985 viii

1847 1940 2201 2010 conﬁngens,
2242 1950 2295 1995 et
2329 1942 2451 1995 loca
2494 1956 2558 1995 ex
2600 1942 2742 1995 locis
2790 1948 3154 1994 commutans.
3209 1936 3415 1991 Saltem

145 2014 461 2084 τοιγάρτοι
487 2014 696 2069 παῦσαι
717 2019 816 2086 τῆς
839 2018 1069 2089 πλάνης,
1097 2020 1388 2091 ἐδράσθητι
1421 2020 1480 2073 τὸ
1510 2023 1742 2091 φρονεῖν,

147 2102 451 2171 σταθερὸν
476 2106 709 2160 ἀνάλαϐε
743 2107 1018 2179 λογισμὸν,
1037 2110 1437 2179 καταφόνευσον
1458 2111 1555 2182 τὴν
1579 2113 1745 2165 ἀστα-

152 2193 305 2248 σίαν
336 2194 418 2266 τῷ
472 2197 615 2267 ξίφει
659 2199 759 2269 τῆς
800 2202 1110 2273 καρτερίας,
1138 2202 1237 2266 τὰς
1274 2203 1538 2267 ἀτάκτους
1567 2204 1746 2274 ὁρμὰς

151 2285 551 2357 ἀναχαίτισον,
603 2289 753 2354 τέλος
801 2292 983 2356 ἐπίθες
1038 2292 1113 2363 τῷ
1171 2294 1431 2365 ἀμυθήτῳ
1492 2295 1740 2366 βρασμῷ,

1846 2046 1994 2084 nunc
2024 2032 2093 2085 ab
2118 2046 2306 2086 errore
2333 2046 2491 2087 cessa
2516 2072 2530 2097 ,
2568 2033 2911 2087 intellectum
2957 2032 3110 2084 ﬁrma
3132 2071 3147 2093 ,
3193 2030 3411 2084 solitam

1846 2137 2065 2177 assume
2092 2122 2479 2192 cogitationem
2500 2162 2512 2185 ,
2545 2122 2727 2191 gladio
2762 2122 3063 2175 tolerantiae
3095 2123 3415 2175 inconstan-

1843 2213 1972 2265 tiam
2009 2211 2201 2265 caadito
2223 2250 2238 2275 ,
2268 2198 2615 2265 inordinatos
2648 2210 2884 2280 impetus
2932 2210 3085 2269 frena
3118 2249 3134 2276 ,
3182 2208 3413 2262 infando

1849 2303 2052 2357 fervori
2083 2301 2244 2355 finem
2271 2301 2491 2371 impone
2512 2344 2526 2367 ,
2556 2310 2728 2354 totum
2761 2301 3107 2371 temetipsum
3154 2299 3220 2354 ad
3265 2298 3413 2354 Chri-

152 2378 556 2449 ἐπισυνάγαγε
601 2382 720 2435 ὅλον
768 2383 959 2437 σαυτὸν
1009 2385 1146 2456 πρὸς
1183 2387 1416 2456 Χριστὸν
1446 2386 1613 2458 ψυχῇ,
1651 2388 1733 2440 καί

1847 2404 1985 2448 Stum
2016 2406 2245 2460 corpore
2271 2400 2325 2444 et
2352 2389 2533 2443 anima
2564 2390 2847 2458 recollige.

157 2469 433 2542 σώματιί
1046 2522 1049 2525 .

396 2563 554 2631 Σιιιη.
579 2594 652 2607 -
683 2566 1172 2639 ῐΙΡΙΣΚΙΛΛιΛΝῼ
1200 2571 1520 2642 ΔΙΑΚΟΝῼ.

236 2654 313 2708 El
346 2656 411 2709 ἐκ
438 2656 727 2728 προσώπου
758 2658 853 2713 τοῦ
880 2661 1148 2715 Δεσπότου
1197 2663 1351 2733 ἡμῶν
1402 2663 1574 2735 Ἰησοῦ
1609 2666 1744 2738 Χρι-

1916 2570 2075 2640 109
2108 2556 2377 2625 CCXCIII.
2407 2599 2477 2610 -
2509 2567 2986 2623 PRISCILLIANO
3019 2564 3337 2621 DlACONO.

1914 2663 1970 2716 Si
2014 2678 2078 2715 ex
2127 2676 2357 2731 persona
2408 2660 2623 2714 Domini
2661 2662 2830 2714 nostri
2864 2659 2991 2714 Jesu
3031 2659 3237 2713 Christi
3273 2673 3404 2729 pro-

155 2744 306 2799 στοῧ
367 2746 598 2817 φάσκεις
637 2749 704 2804 τὰ
754 2751 1126 2823 προϐληθέντα
1182 2754 1332 2825 παρὰ
1375 2756 1467 2809 σοῦ
1525 2757 1733 2828 ῥήματα

1847 2755 2016 2824 posita
2051 2770 2143 2823 per
2170 2764 2221 2808 te
2252 2754 2413 2827 verba
2443 2754 2644 2808 asseris
2676 2754 2880 2806 dictata
2913 2768 3034 2807 esse
3066 2768 3092 2805 a
3121 2750 3413 2805 Salomone

156 2837 429 2907 εἰρῆσθαι
459 2841 516 2892 ἐν
542 2844 607 2912 τῇ
647 2844 940 2915 Παναρέτῳ
976 2845 1079 2897 ὑπὸ
1103 2845 1192 2898 τοῦ
1224 2847 1585 2917 Σολομῶντος,
1620 2849 1737 2912 πῶς

158 2943 346 2997 φησιν
405 2931 595 2984 ἐαυτὸν
631 2934 659 2985 ὁ
700 2937 1046 3005 συγγραφεὺς
1084 2937 1176 2990 τοῦ
1232 2938 1390 3006 λόγου
1431 2938 1489 3003 ἐξ
1520 2939 1736 3010 ἡδονῆς,

1841 2847 1896 2900 in
1935 2845 2199 2899 Panareto
2227 2862 2241 2897 :
2275 2849 2630 2913 quamobrem
2662 2844 2935 2898 sermonis
2995 2844 3144 2897 illius
3176 2846 3415 2912 scriptor

1841 2938 1917 2990 ait
1951 2953 2072 2991 sese
2103 2952 2168 2990 ex
2206 2938 2481 3005 voluptate
2515 2943 2567 2988 et
2618 2951 2810 2989 somno
2854 2948 3034 2989 ortum
3068 2935 3291 2989 duxisse
3323 2935 3367 2966 δ’
3389 2935 3415 2989 2

159 3017 267 3119 καὶ
325 3016 496 3073 ὕπνου
550 3021 697 3089 λέγει
751 3027 1106 3095 γεγενῆσθαι;
1152 3028 1509 3098 ὐμολόγησον
1562 3030 1733 3082 τοίνυν

1847 3027 2067 3082 Fateare
2103 3030 2289 3097 itaque
2317 3036 2464 3080 tuam
2501 3028 2874 3082 oscitantiam.
2909 3027 3219 3083 Servatoris
3255 3042 3412 3080 nam-

156 3108 555 3179 ἠστοχηκέναι.
608 3113 670 3166 Ἦ
698 3114 805 3183 γὰρ
842 3115 934 3168 τοῦ
965 3117 1213 3187 Σωτῆρος
1254 3121 1310 3170 ὲν
1344 3122 1408 3190 τῇ
1440 3119 1599 3190 σαρκὶ
1624 3121 1728 3190 τῆς

1847 3135 1947 3189 que
1996 3119 2051 3172 in
2097 3127 2287 3173 ventre
2327 3117 2570 3187 Virginis
2622 3119 2949 3187 conceptio,
3006 3134 3235 3188 prorsus
3291 3118 3411 3174 sine

158 3200 452 3271 Παρθένου
482 3204 760 3276 σύλληψις,
792 3208 1076 3279 ἁνήδοντος
1106 3210 1382 3274 παντελῶς
1413 3213 1507 3264 κα)⁸
1550 3210 1725 3282 ἀῤῥύα

1840 3211 2147 3279 voluptate,
2169 3225 2271 3263 non
2304 3210 2605 3272 sordidata,
2642 3210 2991 3275 iutaminata,
3026 3211 3407 3276 immaculata,

161 3309 398 3390 παντος,
446 3296 705 3366 ἀμίαντός
732 3316 790 3351 τε
844 3299 939 3354 καὶ
976 3301 1202 3366 ἄσπιλος
1263 3303 1480 3375 καθαρά
1537 3321 1595 3357 τε
1643 3305 1733 3357 καὶ

1847 3316 1970 3370 pura
2005 3310 2059 3355 et
2087 3301 2408 3390 incorrupta
2445 3300 2569 3355 fuit.

163 3382 452 3455 ἄφθαρτος
489 3387 730 3456 γέγονεν.
804 3452 807 3453 ν

531 3480 685 3546 xw.
704 3482 1041 3555 -ῙΩΑΝΝῌ
1064 3484 1379 3555 ΜΟΝΑΧῼ.

251 3564 406 3621 Ἔστι
426 3570 524 3640 μὲν
559 3572 645 3625 ὅτε
675 3573 767 3626 καὶ
804 3574 951 3628 ἄλλοι
986 3575 1149 3639 ἄλλας
1186 3576 1469 3648 διαφόρους
1503 3578 1727 3632 Σατανι-

165 3655 280 3722 κάς
313 3658 587 3724 διακονίας
624 3663 933 3717 ἐκτελοῦσιν
975 3667 1024 3717 οἱ
1053 3665 1305 3736 δαίμονες
1350 3668 1486 3738 πρὸς
1531 3686 1726 3736 πειραο

171 3748 336 3819 σμδν,
370 3752 466 3804 καὶ
489 3751 694 3823 βλάϐην
748 3754 857 3808 τῶν
901 3756 1221 3827 ἀνθρώπων.
1252 3760 1406 3812 Ἐστι
1435 3760 1489 3813 δὲ
1519 3761 1606 3813 ὅτε
1639 3762 1733 3814 xai.

167 3832 253 3903 εἷς
278 3840 485 3912 δαίμων
557 3845 755 3908 πολλὰς
809 3849 1078 3901 τεκταίνει
1131 3850 1489 3919 τραυλότητας.
1522 3852 1731 3923 Ὥσπερ

166 3932 284 4003 γὰρ
332 3935 565 4006 ἐγχωρεῖ
594 3936 679 3989 τὸν
716 3938 811 3990 ’ένα
840 3938 1121 4009 ἄνθρωπον
1163 3943 1406 4013 γεωργὸν
1445 3939 1604 4006 εἶναι,
1638 3946 1732 3997 καὶ

167 4020 421 4087 τέκτονα,
450 4025 543 4077 καὶ
582 4026 805 4095 χαλκέα,
831 4028 924 4080 καὶ
957 4031 1310 4098 σκυτοτόμον,
1340 4031 1434 4083 κα)⁸
1462 4033 1728 4102 κεραμέα,

170 4112 268 4166 καὶ
296 4113 602 4185 ζωγράφον,
631 4118 722 4169 καὶ
751 4116 820 4171 τὰ
844 4119 991 4187 ἑξῆς,
1023 4119 1192 4182 οὕτως
1236 4123 1467 4191 ἐγχωρεῖ
1494 4122 1588 4175 ἕνα
1616 4124 1731 4176 δαί·

172 4218 313 4272 μονα
350 4207 443 4259 κα)⁸
470 4206 657 4277 θυμὸν,
692 4210 783 4262 καὶ
825 4210 1103 4280 πορνείαν,
1144 4211 1239 4264 καὶ
1274 4212 1596 4281 φιλοδοξίαν,
1638 4217 1732 4269 καὶ

172 4292 389 4360 φθόνον,
430 4301 520 4348 καὶ
548 4297 616 4349 τὰ
646 4297 770 4366 ἑξῆς
823 4300 1082 4369 ἐνεργεῖν.
1130 4300 1240 4353 Καὶ
1268 4301 1524 4372 πρόσεχε,
1560 4304 1677 4367 πῶς
1704 4307 1732 4358 ό

2106 3474 2378 3531 CCXCIV.
2410 3504 2475 3516 ——
2502 3473 2740 3529 JOANNI
2774 3472 3126 3530 MONACHO.

1904 3567 2292 3638 Saepenumero
2334 3568 2437 3621 alia
2484 3568 2607 3621 aliis
2650 3567 2908 3621 Satanica
2953 3564 3258 3621 ministeria
3299 3564 3411 3619 (ιω-
3466 3578 3474 3585 ·

1832 3677 2021 3715 mones
2049 3662 2101 3713 in
2126 3662 2480 3714 tentationem
2510 3671 2561 3714 et
2586 3676 2784 3715 noxam
2820 3660 3099 3713 hominum
3124 3669 3404 3713 exercent.

1833 3756 2222 3823 Swpenutnero
2266 3753 2431 3806 etiam
2483 3769 2627 3807 unus
2672 3753 2881 3807 daemon
2930 3754 3129 3805 multas
3180 3751 3408 3804 molitur

1830 3845 2235 3915 improbitates.
2268 3844 2741 3910 Quemadmodum
2774 3845 2916 3899 enim
2950 3845 3062 3898 fieri
3095 3853 3312 3913 potest,
3347 3849 3408 3895 ιιι
3518 3906 3519 3909 η

1832 3955 1973 3993 unus
2020 3939 2183 3991 homo
2220 3939 2459 4008 agricola
2494 3939 2600 4001 sit,
2645 3946 2697 3990 et
2728 3937 2902 4001 faber,
2946 3946 2999 3990 et
3048 3951 3304 3998 exeusor,
3350 3942 3406 3987 et

1830 4028 2131 4086 coriarius,
2163 4038 2217 4079 et
2265 4026 2493 4095 ligulns,
2531 4036 2582 4079 et
2618 4027 2797 4094 pictor
2821 4065 2834 4086 ,
2870 4036 2923 4079 et
2971 4026 3115 4089 alia;
3165 4025 3282 4093 pari
3313 4038 3405 4076 ra-

1830 4120 1976 4172 tione
2003 4120 2165 4172 etiam
2198 4119 2309 4171 lieri
2342 4126 2555 4186 potest,
2593 4124 2651 4170 ut
2686 4134 2826 4171 unus
2857 4118 3066 4171 daemon
3096 4126 3148 4170 et
3180 4118 3400 4169 iracun-

1831 4212 2008 4273 diam,
2040 4219 2092 4263 et
2126 4208 2540 4263 fornicationem
2566 4249 2581 4272 ,
2613 4219 2667 4263 et
2700 4210 2913 4262 inanem
2940 4210 3208 4277 gloriam,
3240 4217 3293 4260 et
3323 4208 3407 4259 in-

1845 4302 2174 4364 videntiam,
2219 4309 2273 4354 et
2313 4300 2418 4353 alia
2460 4301 2719 4355 insinuet.
2762 4299 2825 4352 Et
2862 4301 3113 4364 attende,
3154 4298 3403 4353 enmde

173 4382 335 4447 αὐτὸς
364 4385 661 4458 ἀλιτήριος,
709 4389 802 4442 καὶ
833 4391 1212 4461 μισάνθρωπος
1240 4391 1452 4463 ἐχθρὸς,
1506 4396 1599 4447 καὶ
1636 4414 1733 4464 γα-

1847 4394 2230 4456 facinorosum,
2264 4402 2317 4446 et
2356 4394 2631 4445 hominum
2662 4407 2875 4445 osorem
2913 4392 3315 4449 adversarium,
3348 4395 3403 4439 et

174 4478 563 4546 στριμαργίαν,
596 4478 688 4531 καὶ
745 4479 1082 4543 κενοδοξίαν.
1126 4482 1219 4533 καὶ
1275 4481 1634 4555 φιλαργυρίαν
1658 4484 1737 4557 τῷ

170 4562 395 4705 ξριπῷ
448 4568 822 4640 πειραζομένῳ
871 4568 1011 4622 κατὰ
1064 4571 1125 4623 τὸ
1181 4572 1524 4642 ἀνθρώπινον
1587 4592 1725 4646 προ-

200 4671 395 4705 τεινεν.

200 4671 395 4709 τεινεν.

466 4746 622 4812 Σᾎ,Ε’.
646 4778 713 4785 -
736 4748 1095 4821 ΒΕΝΟΥΣΤῼ
1122 4753 1433 4825 ΜΟΝΔΧῼ.

255 4833 314 4888 Ὀ
346 4837 681 4905 μεταϐαίνων
706 4842 768 4893 ἐκ
796 4842 975 4895 τόπων
1009 4846 1085 4907 είς
1116 4845 1312 4909 τόπους
1367 4848 1599 4917 μοναχὸς
1634 4850 1730 4902 ἐκ-

172 4922 264 4986 τὸς
288 4925 527 4996 μεγάλης
564 4929 827 5001 ἀνάγκης,
857 4932 944 4985 διὰ
970 4934 1068 5002 τὴν
1096 4936 1302 4989 οἰκείαν
1344 4938 1727 5011 μικροψυχίαν,

1836 4488 2053 4556 gulam,
2086 4492 2139 4537 et
2169 4484 2379 4537 inanem
2410 4485 2673 4552 gloriam,
2701 4493 2754 4536 et
2782 4483 3065 4535 avaritiam
3090 4482 3303 4535 Christo
3331 4478 3398 4541 ⁸³,

1832 4574 1925 4644 qui
1987 4584 2046 4627 ut
2104 4575 2267 4629 homo
2329 4574 2726 4629 tentationibus
2788 4574 3147 4637 subdebatur,
3202 4585 3401 4642 propo-

1835 4678 2042 4718 ευιδδε.

2061 4752 2311 4808 CCXCV.
2343 4785 2414 4796 —
2445 4752 2768 4808 VENUSTO
2806 4750 3159 4807 MONACHO.

1897 4844 2001 4909 Qui
2067 4859 2134 4897 ex
2207 4844 2341 4898 locis
2423 4844 2477 4896 in
2539 4845 2655 4896 loca
2708 4844 3037 4911 commigrat
3098 4841 3398 4895 monachus

1827 4935 2037 5003 absque
2115 4942 2345 5002 urgente
2392 4937 2764 4996 necessitate,
2825 4943 3048 5003 propter
3122 4947 3398 5002 propriam

173 5018 267 5070 καὶ
298 5020 754 5089 ἀνυπομονησίαν,
791 5024 883 5075 καὶ
912 5024 1201 5093 λογισμούς
1261 5044 1412 5089 τινας
1446 5028 1727 5097 ἀνθρωπί-

175 5124 318 5174 νους,
346 5112 438 5164 καὶ
461 5112 724 5177 ἀσθενεῖς,
765 5113 999 5185 νομίζων
1026 5115 1115 5168 διὰ
1138 5117 1235 5186 τῆς
1266 5117 1573 5188 ἀποδημίας
1603 5120 1730 5182 τοὺς

176 5196 463 5269 λογισμοὺς
512 5202 610 5271 τῆς
646 5202 822 5272 ψυχῆς
894 5205 1214 5268 ἐλαττῶσαι,
1255 5206 1345 5259 τὸν
1413 5207 1510 5275 μὲν
1568 5207 1729 5259 τόπον

178 5290 411 5357 ἀλλάξει,
458 5291 555 5359 τὴν
580 5292 635 5345 δὲ
666 5293 843 5364 θλίψιν
872 5295 970 5364 τῆς
1001 5296 1245 5365 καρδίας,
1288 5300 1380 5349 καὶ
1413 5298 1509 5367 τὴν
1536 5296 1730 5351 ἑαυτοῦ

1826 5022 2333 5091 pusillanimitatem
2358 5063 2372 5086 ,
2404 5023 2587 5091 [110
2637 5031 2689 5075 et
2722 5022 3128 5075 intolerantiam
3150 5059 3166 5084 ,
3201 5028 3257 5073 et
3307 5035 3401 5074 co-

1825 5112 2113 5181 gitationes
2146 5112 2429 5179 quaspiant
2474 5111 2719 5164 imbelles
2761 5111 3173 5177 humanasque,
3207 5122 3398 5161 secum

1824 5211 2137 5271 respectans
2171 5217 2233 5255 ea
2282 5204 2721 5272 peregrinatione
2775 5202 3145 5272 cogitationes
3199 5199 3399 5252 animai

1824 5296 2072 5350 minuere
2121 5310 2315 5363 posse,
2371 5296 2548 5348 locum
2582 5310 2711 5349 sane
2743 5293 3076 5363 pet-mutabit
3102 5330 3116 5353 ,
3153 5298 3395 5344 attamen

180 5384 438 5453 συνοχὴν,
474 5385 567 5437 καὶ
602 5384 694 5436 τὸν
755 5387 1059 5457 πειρασμὸν
1104 5388 1353 5457 οὐδαμῶς
1408 5388 1719 5452 ἐλαττώσει,

1847 5386 2017 5440 :ordis
2045 5386 2414 5450 al-llietiouetn,
2439 5388 2710 5456 propriam
2742 5385 3171 5438 coarctationetn
3199 5389 3254 5436 et
3273 5391 3393 5435 ten-

177 5472 293 5527 οὑδέ
332 5474 575 5545 μειώσει,
621 5475 820 5544 μᾶλλον
848 5476 902 5528 δὲ
930 5476 1175 5548 αὐξήσει,
1220 5478 1313 5531 καὶ
1364 5478 1570 5548 θρέψει,
1632 5483 1723 5534 καὶ

1847 5479 2088 5532 .ationem
2120 5477 2274 5531 nullo
2303 5478 2464 5532 modo
2507 5478 2810 5540 mutilabit,
2856 5492 3031 5546 neque
3075 5475 3391 5537 imminuet,

242 5650 286 5682 "
328 5651 452 5711 Sat).
490 5667 582 5713 vn,
611 5652 665 5705 2.
741 5652 786 5684 ⁸³
820 5650 1008 5709 Matth.
1052 5650 1298 5711 tszne.
1339 5668 1417 5714 tv.
1451 5653 1674 5710 passim.
