3888 6040
501 293 626 376 191'
1963 327 2023 387 s.
2063 329 2223 388 NILI
3636 331 3738 399 152

503 425 615 479 imo
647 427 866 496 augebit
893 468 907 492 ,
951 439 1005 484 et
1049 432 1290 498 nutriet,
1332 443 1393 515 et
1437 435 1710 504 ﬁrmabit,
1740 449 1794 495 et
1823 439 2028 496 fovebit

2205 440 2513 510 ραταιώσει,
2554 444 2647 497 καὶ
2675 443 2887 513 θάλψει,
2928 445 3016 498 καὶ
3050 446 3497 501 πολυπλασιάσει.
3531 449 3738 520 Διόπερ

502 518 916 590 auctioremque
950 524 1168 578 tandem
1203 526 1412 581 reddet.
1444 528 1741 600 Propterea
1770 547 1837 586 ne
1873 534 2034 587 remis

2284 534 2495 604 χαύνως
2545 536 2634 588 καὶ
2679 538 3124 607 ἀπεριμερίμνως
3165 537 3259 590 τὸν
3291 538 3404 609 βίον
3454 539 3740 592 διοδεύσω-

501 625 595 675 se,
632 627 808 680 neque
835 614 1243 672 inconsiderate
1282 620 1450 675 vitam
1497 633 1741 678 nostram
1787 627 2031 695 transiga

2203 643 2286 680 εν.
2350 627 2520 694 Λόγον
2590 629 2698 700 γὰρ
2765 630 2980 692 πάντως
3048 630 3318 702 ὑφέξομεν
3378 632 3488 686 τῶν
3552 633 3738 704 ἔργων

499 717 644 757 ιιιιιε.
681 703 968 762 Rationem
1017 710 1285 779 siquidem
1318 729 1546 783 prorsus
1575 700 1644 770 de
1672 716 1930 787 operibus
1964 733 2063 772 no-
2167 717 2341 788 ἡμῶν.
3379 769 3384 773 .

420 866 422 868 ν
499 795 629 849 stris
662 795 927 852 reddituri
963 815 1173 856 sumus.
1373 840 1390 864 ι
1509 814 1520 825 ⁸

2585 807 2828 875 me"...
2862 811 3307 867 ΚΑΡΠΑΛῙΩΝΙ.

868 887 1136 943 CCXCVI.
1167 921 1236 931 —
1267 891 1702 951 CARPALIONI.
2235 897 2403 967 Mtxpc

2235 894 2447 967 Μικροῦ
2472 896 2581 949 δεῖν
2609 896 2988 968 ἐξεθάμδησας
3017 901 3164 970 ἡμᾶς
3201 901 3526 970 μυθολογίας
3557 921 3738 974 προσ·-

568 969 771 1029 Parum
821 977 997 1032 abfuit
1036 982 1167 1050 quin
1202 997 1302 1036 nos
1336 984 1388 1037 in
1421 993 1701 1055 stuporem
1733 986 2062 1052 adduxeris,

2203 986 2384 1055 γαγὼν
2409 993 2532 1041 κατ’
2559 989 2689 1059 ὄναρ
2717 990 3022 1060 πλουτήσας
3040 969 3154 1056 τοῖς
3169 969 3437 1057 πλείστοις
3479 969 3734 1064 κόσμοις,

497 1061 712 1120 fabellis
745 1066 800 1120 in
835 1071 1072 1124 medium
1117 1073 1408 1140 adductis,
1456 1093 1553 1146 per
1597 1080 1868 1133 somnium
1914 1081 2032 1135 dive

2204 1080 2259 1130 αἱ
2285 1079 2362 1149 τῷ
2391 1080 2586 1150 πλήθει
2615 1081 2723 1134 τῶν
2761 1083 2990 1146 αἰώνων,
3018 1085 3111 1138 καὶ⁵
3135 1087 3200 1156 τῇ
3234 1061 3597 1157 ὲξαριθμήσει
3621 1088 3739 1140 τῶν

497 1153 678 1209 factus
702 1158 954 1226 plurimis
981 1163 1200 1219 mundis
1221 1203 1235 1228 ,
1267 1173 1320 1219 et
1351 1182 1563 1221 {conum
1597 1171 1944 1225 multitudine
1965 1213 1980 1233 ,
2013 1188 2032 1226 ε

2203 1172 2524 1226 οποδείκτων
2559 1173 2741 1243 ὁρίων,
2781 1175 2876 1227 καὶ
2916 1153 3204 1247 μεθορίωνξ
3254 1153 3370 1230 ἀλλ’
3409 1153 3738 1249 ἐντυχὼντῇ

501 1246 858 1301 terminorum
887 1260 1052 1320 atque
1079 1253 1443 1310 coniiniorum
1478 1261 1929 1324 enumeratione,
1969 1277 2036 1315 εει

2207 1262 2272 1331 ηρὸ
2301 1262 2495 1316 πολλοῦ
2524 1265 2623 1336 ήδη
2657 1266 2848 1336 χρόνον
2879 1246 3288 1341 συντεταγμένῃ
3327 1270 3433 1324 ὑπὸ
3459 1246 3742 1342 διαφόρων

497 1349 620 1402 qua:
649 1334 703 1388 in
740 1336 871 1392 folio
913 1354 1441 1402 commonstrantur.
1486 1349 1554 1402 At
1594 1351 1794 1405 multos
1819 1351 1932 1420 jam
1967 1352 2032 1407 ab

2211 1354 2471 1426 ροσώπων
2525 1359 2841 1431 ἀνατροπῇ,
2886 1361 2982 1414 καὶ
3026 1363 3300 1434 ἀνασκευῇ
3327 1402 3342 1427 ,
3405 1363 3514 1416 τῶν
3565 1363 3744 1416 τοιού-

499 1421 629 1479 hinc
660 1441 840 1485 annos
877 1435 1242 1503 compositam
1285 1451 1315 1491 a
1357 1437 1595 1495 diversis
1641 1443 2026 1498 refutationem

2210 1421 2273 1500 bv
2320 1448 2604 1521 δογμάτων
2629 1492 2644 1517 ,
2665 1421 2756 1522 ’τῇ
2775 1421 2800 1431 η
2817 1421 2990 1522 σιωπῇ
3048 1453 3248 1522 μᾶλλον
3275 1421 3494 1507 ’,σαυτὸν
3549 1453 3745 1524 προτί-

496 1525 552 1569 et
580 1517 842 1576 similium
887 1523 1205 1594 dogmatum
1253 1530 1693 1598 reprobationem
1737 1533 2062 1605 perlegens,
2170 1555 2370 1609 μησον.

496 1608 716 1666 silentio
757 1617 932 1686 magis
966 1618 1366 1690 tibihonorem
1399 1637 1680 1692 compara.

710 1704 1004 1762 CCXCVII.
1039 1740 1109 1748 —
1138 1709 1491 1766 EVERTHIO
1526 1711 1852 1770 TRIBUNO.
2103 1781 2142 1810 υ

2103 1781 2142 1810 υ
2495 1737 2651 1804 Σιικν.
2670 1766 2739 1778 -
2761 1736 3014 1808 eruere
3035 1737 3400 1810 ΤΡΙΒΟΥΝῼ.

563 1792 700 1849 Cum
733 1798 865 1850 mihi
898 1799 1103 1854 foedera
1136 1801 1276 1856 inter
1304 1818 1498 1858 canem
1525 1816 1579 1858 et
1611 1805 1856 1877 hyaenam
1887 1818 2068 1862 osten-

2243 1827 2413 1881 Ὅταν
2479 1781 2574 1899 μοί
2613 1830 2793 1902 δείξῃς
2847 1781 3078 1894 σπονδὰς
3127 1832 3288 1896 κυνὸς
3339 1781 3447 1886 ἷιαὶ
3524 1833 3740 1904 ὑαίνης,

494 1884 679 1951 deris,
712 1895 842 1943 tunc
878 1891 974 1944 tibi
1011 1892 1233 1948 credam
1288 1895 1492 1950 dicenti
1545 1900 1827 1952 excultum
1859 1901 1924 1954 ad
1962 1901 2029 1954 hu

2203 1919 2289 1971 ότε
2351 1884 2833 1991 πεισθήσομαίησοι
2891 1884 3284 1993 φιλάνθρωπον.
3317 1884 3528 1994 λέγοντι
3576 1884 3738 1980 δύνέΣ

493 1978 813 2034 manitatem
865 1997 1025 2050 posse
1059 1999 1182 2040 esse
1211 1986 1390 2040 virum
1411 2027 1429 2054 ,
1460 1989 1550 2057 qui
1586 2005 1865 2059 nunquam
1905 2008 2028 2047 exsa

1745 2006 1865 2044 llam
1905 2008 2065 2047 0353'
2170 2009 2292 2062 σθαι
2315 2004 2452 2063 εἶναι
2479 2011 2570 2064 τὸν
2593 2012 2885 2084 ἀπλήστως
2921 2015 3271 2071 πλουτοῦντα.

491 2073 711 2122 turatur
739 2068 963 2126 divitiis.

939 2159 1262 2216 CCXCVIII.
1300 2194 1366 2204 -—-
1401 2164 1612 2221 Eidem.
1703 2194 1713 2200 -

1710 2195 1713 2200 '
1771 2260 1776 2261 γ
2673 2192 2835 2259 ΣιιΗυ.
2865 2223 2936 2235 —-
2964 2193 3047 2260 Τῷ
3066 2195 3245 2261 αὐτῷ.

557 2243 746 2316 Neque
797 2248 962 2319 lupus
1009 2267 1133 2305 cum
1188 2269 1291 2308 ove
1346 2271 1587 2326 unquam
1642 2260 1954 2314 amabiliter
2005 2262 2060 2315 in

2239 2279 2374 2332 Οὑτε
2394 2279 2556 2343 λύκος
2595 2243 2848 2355 προθάτώ
2883 2243 3264 2354 ποτὲοφιλικτώς
3298 2287 3740 2361 προσωμίλησεν,

488 2339 813 2395 societatem
870 2345 1062 2411 venit;
1117 2361 1298 2416 neque
1353 2349 1781 2417 immisericors,
1832 2363 1886 2407 et
1941 2370 2023 2420 qu;

2198 2371 2288 2425 ὑτε
2319 2339 2664 2444 ἄσπλαγγίνος
2708 2339 3112 2445 καὶοάπληστος
3133 2339 3393 2448 λογίσμὺς
3429 2339 3733 2452 αιτέξίνάγίιιθο-ἶ

489 2445 773 2502 nunquam
841 2443 1198 2491 exsaturatur
1243 2441 1541 2510 cogitatio,
1594 2445 1738 2499 bona
1787 2446 2024 2500 voluntal

1440 2443 1541 2510 LiO,
1594 2445 1738 2499 bona
1787 2446 2067 2502 “Numam
2169 2463 2349 2536 θελείᾳ
2375 2441 2680 2534 φιλιοῦσθαι
2706 2460 2975 2539 ἀνέχεται.

487 2523 717 2579 amicari
746 2527 1008 2581 sustinet.

879 2619 1032 2690 111
1066 2619 1339 2676 CCXCIX.
1365 2653 1436 2664 —
1465 2623 1672 2681 Eidem.

2669 2641 2824 2710 2w.
2848 2674 2917 2683 —
2943 2643 3027 2710 τῷ
3055 2644 3236 2711 αὐτῷ.

557 2703 772 2772 Quaeris
805 2725 835 2763 a
868 2726 972 2776 me,
997 2727 1170 2781 quare
1205 2714 1258 2768 in
1291 2718 1574 2786 proprium
1616 2735 1790 2790 genus
1813 2735 2059 2777 amorem

2248 2731 2489 2804 Ἐρωτᾷς
2517 2750 2604 2801 με,
2643 2703 2747 2788 διὰ.
2765 2735 2815 2787 τί
2850 2703 3006 2790 κύνα.
3044 2703 3288 2809 κέκλίικα
3336 2737 3438 2810 τὴν
3493 2740 3733 2814 στοργὴν

485 2812 676 2853 canem
700 2803 1050 2858 vocaverim?
1082 2821 1206 2859 nam
1235 2808 1390 2863 canis
1414 2817 1500 2862 est
1535 2811 1672 2880 ipse.
1707 2812 1925 2869 rabiose
1959 2829 2020 2868 sa

2201 2820 2301 2891 τρδς
2339 2822 2400 2874 τὸ
2431 2803 2719 2892 δμόφυλον.
2755 2823 2916 2878 Κύων
2964 2826 3073 2897 γάρ
3125 2803 3273 2880 ἐστιν
3316 2803 3454 2898 αὕτη
3490 2803 3736 2898 μανικώς

485 2904 784 2959 penumero
816 2892 1269 2951 inhumanitatem
1310 2913 1552 2965 omnem,
1605 2909 1661 2956 et
1704 2918 1923 2959 omnem
1955 2905 2020 2958 im

2205 2911 2550 2983 παρὰττουσα
2575 2915 2835 2980 πολλάκις
2879 2892 3058 2971 πᾶσαν
3103 2918 3382 2990 ὠμότητα,
3419 2892 3514 2974 καὶ
3556 2922 3740 2973 πᾶσαν

484 2982 840 3053 probitatem,
875 2986 1154 3055 duritiem,
1211 2990 1563 3046 insolentiam
1597 2997 2019 3068 tenacitatemqu

2203 2982 2448 3076 ςονὴρίαν,
2471 3005 2812 3078 σκληρότητά
2827 3023 2907 3071 τε,
2927 3009 3021 3060 καὶ
3037 2982 3388 3079 ὑψαύχενίαν,
3413 3011 3506 3063 καὶ
3526 3013 3738 3080 ἀμετα-

483 3072 826 3144 discerpens.
858 3077 1026 3135 Canis
1050 3080 1238 3151 itaque
1259 3092 1345 3138 est
1373 3099 1481 3139 non
1517 3085 1918 3158 vituperabilis,
1960 3106 2018 3146 se

2204 3072 2366 3148 Μίαν.
2390 3095 2550 3149 Κύων
2584 3072 2760 3150 τοίνυν
2792 3098 2850 3150 οὑ
2885 3072 3110 3167 ψεκτὸς,
3135 3072 3415 3164 ἐπαινετὸς
3457 3072 3739 3172 δὲμᾶλλον

483 3165 779 3222 laudabilis
833 3171 1014 3239 potius
1070 3188 1198 3244 erga
1255 3174 1507 3232 homines
1541 3193 1696 3235 amor
1727 3195 1793 3236 ac
1823 3182 2018 3238 benevc

1427 3192 1507 3232 tes
1541 3193 1696 3235 amor
1727 3195 1793 3236 ac
1823 3182 2060 3238 benevo-
2097 3165 2131 3175 ’
2164 3185 2199 3255 ἡ
2231 3183 2367 3256 πρὸς
2397 3186 2717 3258 ἀνθρώπους
2750 3165 2961 3260 ἀγάπη.

483 3253 672 3312 lentia.

1023 3352 1171 3409 CCC.
1206 3386 1278 3396 --
1306 3354 1511 3414 Eidem.
1784 3407 1790 3412 .

1784 3407 1790 3412 .
2710 3367 2789 3423 T'.
2820 3397 2888 3408 —-
2905 3365 2989 3433 Τῷ
3017 3367 3195 3434 αὐτῷ.

558 3436 618 3492 Si
647 3447 911 3510 perpetuo
951 3447 1307 3502 contenderis
1339 3449 1392 3503 in
1423 3450 1702 3509 daemonas
1750 3462 1805 3511 et
1830 3455 2058 3516 allectus

2251 3459 2376 3512 Ἐάν
2413 3459 2499 3512 ἀεὶ
2551 3459 2795 3531 ἀγωνίσῃ
2839 3461 2966 3522 τοὺς
3017 3462 3297 3532 δαίμονας,
3349 3461 3444 3515 καὶ
3479 3462 3548 3517 τὰ
3589 3462 3739 3534 πάθη

484 3525 710 3595 latrare,
744 3547 852 3586 non
880 3533 1108 3590 latrabis
1135 3537 1189 3590 in
1223 3539 1494 3596 homines.

2166 3549 2437 3617 ὑλακτεῖν,
2469 3551 2568 3622 οὑχ
2594 3525 2919 3622 ὑλακτῆσεις
2948 3525 3288 3634 ἀνθρώπους.

1019 3627 1196 3682 CCCI.
1227 3660 1295 3671 -—
1327 3630 1532 3688 Eidem.

2692 3643 2814 3696 TA'.
2834 3676 2905 3687 _
2929 3643 3014 3709 Τῷ
3033 3627 3212 3709 αὐτῷ.

558 3713 864 3784 Scripsisti,
895 3728 1118 3789 propter
1150 3723 1282 3793 quid
1319 3741 1426 3779 non
1455 3743 1612 3784 cesso
1644 3729 1919 3788 baubari?
1964 3736 2061 3791 sed

2233 3732 2544 3805 Γέγραφας,
2613 3733 2760 3798 τίνος
2810 3736 2970 3807 χάριν
3010 3736 3072 3788 οὑ
3130 3734 3377 3806 παύομαι
3439 3736 3733 3801 ὑλακτετνς

484 3807 687 3874 saepius
722 3808 1048 3878 signiﬁcavi,
1089 3815 1264 3882 gratia
1321 3823 1428 3871 tua:
1475 3821 1942 3888 pusillanimitatis
2009 3846 2019 3880 ι

2201 3821 2337 3876 Αλλά
2363 3823 2620 3888 πολλάκις
2651 3825 3002 3895 σεσήμαγκα,
3034 3826 3136 3896 τῆς
3195 3827 3295 3898 σῆς
3324 3826 3489 3880 ἕνεκα
3540 3845 3736 3898 μικρο-

484 3895 884 3954 illiberalitatis.
949 3899 1068 3956 Prae
1107 3903 1475 3962 admiratione
1511 3925 1748 3981 namque
1777 3926 2019 3985 stupore:

2207 3915 2385 3985 υχίας,
2423 3915 2517 3969 καὶ
2545 3915 2852 3984 φειδωλίαςο
2890 3895 3184 3987 ὲκπλήξεις
3207 3895 3316 3989 γάρ
3347 3923 3433 3989 με,
3465 3919 3520 3972 ετ
3541 3895 3604 3990 γε
3635 3895 3740 3976 κᾶν

482 4000 570 4042 me
603 3991 997 4058 commovebis,
1030 3995 1076 4048 si
1108 3995 1192 4049 vel
1219 3997 1506 4052 minimum
1534 4012 1641 4056 tua:
1666 4003 2011 4062 inhumanita

2203 4000 2408 4076 λιγάκις
2466 4008 2706 4080 μαχήσῃ,
2763 4010 2859 4064 καὶ
2905 4009 3191 4082 πολεμήσῃ
3243 4012 3309 4081 τῇ
3372 4011 3553 4083 οἰκείᾳ
3616 4030 3738 4084 μισ-

479 4093 718 4152 pugnam
757 4091 922 4150 atque
953 4093 1230 4141 certamen
1263 4088 1476 4156 inieris.

953 4093 1230 4141 certamen
1263 4088 1476 4156 inieris.
2167 4099 2263 4153 ανθ
2273 4099 2473 4172 ρωπίᾳ.

727 4174 926 4230 CCCII.
966 4206 1026 4217 σ-
1067 4176 1290 4235 FELICI
1331 4178 1811 4246 PRESBYTERO.

2485 4191 2604 4246 TB'.
2621 4222 2693 4232 -—-
2714 4193 2955 4247 ΦΙΛΗΚΙ
2982 4193 3453 4266 ΠΡΕΣΒΥΤΕΡῼ.

551 4262 924 4323 Robustarum
995 4269 1388 4343 ﬁrmarumque
1447 4277 1754 4334 animarum
1809 4291 1894 4337 est
1955 4300 2057 4353 per

2235 4281 2513 4353 Στιὸαρῶν
2571 4284 2662 4336 καὶ
2721 4284 2965 4356 περῤὦν
3015 4285 3248 4358 ὑπάρχει
3285 4262 3509 4356 ψυχών,
3551 4286 3612 4340 τὸ
3650 4287 3738 4340 διὰ

479 4354 680 4412 multas
705 4357 1086 4416 tribulationes
1117 4365 1409 4432 praesentis
1433 4369 1619 4422 διερειιὶ
1645 4371 1746 4425 iter
1777 4389 2014 4446 peragerl

2198 4371 2374 4425 mnt‘bv
2415 4372 2646 4442 θλίψεων
2691 4354 2926 4444 βαδίζειν
2956 4376 3055 4447 τὴν
3088 4354 3195 4429 τοὺ
3227 4354 3496 4446 παρόντος
3537 4378 3733 4441 αἰῶνος

481 4446 575 4503 Sic
602 4450 746 4504 enim
801 4451 1064 4509 Dominus
1099 4453 1225 4509 forti
1259 4463 1314 4510 et
1363 4450 1637 4513 constanti
1693 4465 1875 4520 anima
1925 4482 2016 4522 usu

2198 4463 2302 4527 66v,
2354 4462 2510 4519 Οὑτω
2566 4465 2674 4538 γὰρ
2713 4467 2743 4519 ὁ
2790 4446 3298 4540 Κύριοςνκέχρηται
3332 4471 3397 4541 τῇ
3441 4469 3733 4544 εὑτονούσῃ

479 4546 588 4594 est.
2161 4556 2327 4627 tum.

769 4632 992 4690 CCClll.
1023 4666 1093 4676 --
1121 4634 1395 4692 SEVERO
1442 4638 1753 4697 PRIMATI.

551 4722 811 4798 Ethiops
847 4729 1038 4797 pellem
1080 4745 1188 4784 non
1218 4737 1416 4796 mutat,
1456 4748 1634 4802 neque
1667 4737 2056 4792 versicolorem
2443 4737 2932 4808 ΤΓ’.-ΣΕΥΗΡῼ
2980 4738 3442 4792 ΠΡΩΤΕΥΟΝΤΙ.
3559 4820 3563 4824 _

479 4816 805 4874 varietatem
843 4822 1131 4890 panthera.
1199 4820 1282 4875 'l‘u
1318 4838 1451 4877 vero
1491 4829 1720 4894 poteris,
1764 4829 2014 4884 dummod

2232 4826 2422 4895 Αἰθίοψ
2458 4826 2556 4896 μὲν
2583 4827 2682 4879 οὑκ
2714 4825 2964 4878 ἀλλάττει
2994 4825 3054 4877 τὸ
3087 4825 3284 4896 δέρμα,
3313 4826 3433 4878 οὑδὲ
3459 4820 3726 4896 πάρδαλις

476 4908 734 4965 voluntas
767 4913 892 4979 fert,
921 4921 974 4967 et
1008 4929 1036 4966 a
1071 4914 1227 4983 112
1271 4915 1564 4972 tenebrosa
1607 4921 1879 4975 sententia
1916 4922 2011 4976 libe

2195 4917 2579 4988 ἀποικίλματα
2631 4916 2836 4986 αὐτῆςο
2877 4917 2940 4970 σὺ
2970 4917 3026 4969 δὲ
3072 4917 3276 4990 δυνήσῃ
3329 4917 3424 4971 ἐὰν
3478 4916 3730 4991 θελήσῃς,

478 4998 610 5064 rari,
655 5007 708 5054 et
755 5003 921 5056 variae
975 5001 1404 5072 multiplicisque
1449 5004 1819 5074 improbitatis
1871 5010 2013 5065 inust

2197 5011 2242 5064 xi
2283 5010 2382 5078 τῆς
2417 5009 2750 5071 σκοτοειδοῦς
2789 5009 3170 5080 ἀπαλλαγῆναι
3217 5009 3465 5081 γνώμης,
3517 5012 3613 5065 καὶ
3666 5013 3732 5065 τὰ

478 5091 635 5161 signa
669 5093 911 5148 abluere.

2154 5099 2430 5170 στίγματα
2461 5099 2561 5169 τῆς
2587 5097 2936 5171 πολυμόρφου
2973 5100 3353 5154 ἐκπλύνασθαι
3380 5103 3601 5165 κακίας.

991 5189 1211 5245 CCtZlV.
1244 5222 1312 5232 —
1337 5193 1546 5247 Eidem.

2695 5193 2814 5246 TA'.
2837 5223 2906 5232 —
2924 5191 3008 5256 Τῷ
3031 5193 3207 5260 αὐτῷ.

548 5277 761 5344 Quaaris
791 5295 819 5333 a
848 5265 955 5344 me,
985 5284 1114 5351 quid
1144 5294 1248 5345 est,
1289 5285 1436 5352 quod
1481 5285 1556 5338 ait
1606 5283 1750 5338 Deus
1797 5299 1894 5354 per
1923 5299 2052 5355 pro-

2236 5286 2486 5356 Πυνθάνῃ
2516 5301 2638 5355 μου,
2671 5285 2723 5337 τί
2759 5301 2922 5354 φησιν
2973 5287 3059 5340 διά
3099 5286 3378 5359 προφήτου
3402 5287 3429 5338 ὁ
3448 5287 3583 5352 Θεὸς
3606 5329 3620 5351 ,
3651 5289 3731 5342 ὅτι

479 5370 700 5439 phetam
741 5391 750 5422 τ
789 5389 806 5421 ι
850 5372 1104 5442 Iletcgam
1157 5376 1466 5444 posteriora
1520 5382 1615 5429 tua
1649 5375 1702 5429 in
1757 5383 2014 5444 conspcct

2244 5374 2582 5442 Αποκαλύψω
2619 5374 2687 5428 τά
2715 5374 2936 5430 ὀπίσθιά
2975 5392 3068 5428 σου
3115 5377 3208 5430 ἐπὶ
3265 5377 3555 5459 πρᾴσωπόν
3611 5395 3726 5442 σου,
3775 5427 3779 5432 .

478 5459 595 5522 luo,
619 5471 674 5516 et
697 5473 825 5516 tunc
850 5465 1178 5519 videbuntur
1207 5465 1368 5520 fanda
1399 5466 1733 5538 infandaque
1764 5467 2013 5537 opprobrl

2189 5468 2260 5521 ιαὶ
2287 5467 2407 5520 τότε
2440 5467 2734 5540 ὀφθήσεται
2766 5468 2913 5521 πᾶσα
2945 5470 2978 5540 ὴ
3015 5469 3208 5540 ἀτιμία
3236 5487 3383 5524 comm
3406 5471 3495 5525 Ἐν
3514 5471 3624 5543 γάρ
3646 5472 3724 5542 τῷ

483 5560 579 5606 tua
598 5552 667 5606 ⁸⁸.
706 5572 724 5604 ›
763 5554 975 5610 Etenim
1007 5557 1059 5612 in
1092 5557 1278 5614 divino
1299 5559 1394 5614 illo
1421 5575 1486 5615 ac
1517 5561 1803 5617 tremendo
1823 5559 2018 5631 judicit

2193 5559 2296 5630 lsiq)
2321 5559 2513 5633 ἐκείνῳ
2535 5559 2627 5614 καὶ
2649 5557 2862 5632 φρικτῷ
2883 5558 3216 5634 δικαστηρίῳ
3237 5562 3418 5618 πάντα
3442 5579 3522 5617 σοι
3553 5581 3728 5636 παρα-

553 5727 603 5760 ⁶⁸
621 5726 734 5784 Jer.
767 5747 884 5800 xm,
911 5735 1000 5788 “26.
