3888 6040
201 307 328 379 193

1429 316 1956 377 EPISTULARUM
1996 318 2138 377 LIB.
2176 319 2223 377 Ι.

3334 317 3436 387 194

200 427 475 494 στήσεται
525 424 604 486 είς
655 424 944 494 πρόσωπον
1000 425 1063 478 τά
1120 426 1284 484 κακὰ.
1346 427 1488 496 άπερ
1545 426 1769 481 ἐνταῦθα

1880 428 2061 481 omnia
2093 429 2145 481 in
2187 428 2379 483 faciem
2414 436 2561 483 tuam
2609 430 2768 493 mala,
2806 446 2926 499 quae
2968 432 3054 485 hic
3086 436 3431 501 perpetrasti,

199 513 506 582 πέπρακας
530 554 546 577 ,
587 512 672 567 ἵνα
710 514 940 583 βλέπων,
984 518 1076 570 καὶ
1109 518 1360 584 ἐπιγνοὺς
1401 520 1480 581 είς
1515 518 1776 589 αἰσχύνην

199 605 313 658 καὶ
341 605 505 673 φόϐον
526 606 621 658 καὶ
647 607 846 676 τρόμον
877 608 1225 679 κατενεχθῇς.

672 697 791 749 TE'.
828 727 897 737 —
924 700 1316 771 ΚΑΛΟΚΥΡῼ.

288 785 497 840 ’Υδατα
525 785 779 850 πολλάκις
802 789 849 841 οί
888 790 1161 858 ἄνθρωποι
1191 791 1435 857 λέγονται
1460 808 1471 821 ο
1508 792 1639 860 φασὶ
1672 793 1777 863 γὰρ

199 877 258 928 οἱ
305 877 669 947 προφῆται’.ι
702 879 834 932 Ἰδοὺ
870 881 944 944 ὡς
985 880 1127 953 ὕδωρ
1168 882 1321 947 πολὺ,
1356 882 1482 955 ἔθνη
1530 884 1721 938 πολλά.
1751 905 1769 935 ι

201 967 342 1030 Καὶ,
385 987 404 1018 ι
433 969 641 1039 Πλῆθος
674 970 840 1023 ἐθνῶν
866 972 1095 1037 πολλῶν,
1119 973 1306 1043 ὥσπερ
1329 974 1469 1046 ὕδωρ
1504 976 1714 1046 ἡχησει.
1752 996 1771 1027 ι

198 1058 321 1110 Καὶ
350 1100 365 1123 ,
414 1077 432 1109 ι
476 1061 606 1114 Ἰδοὺ
666 1062 852 1129 ἀνάγω
884 1064 968 1133 ἐφ’
1014 1064 1157 1135 ὑμᾶς
1191 1064 1251 1118 τὸ
1281 1065 1423 1137 ὕδωρ
1468 1069 1623 1132 πολὺ,
1685 1069 1777 1123 τὸν

202 1149 438 1218 βασιλέα
460 1152 569 1206 τῶν
602 1154 919 1226 Ἀσσυρίων.
954 1174 972 1209 ι

739 1249 877 1315 TG".
900 1276 969 1287 —-
996 1248 1078 1314 Τῷ
1098 1251 1281 1317 αὐτῷ.

288 1336 729 1406 ΧριστδςόΘεὸς
781 1339 873 1390 καὶ
917 1339 1197 1410 Δεσπότης
1225 1340 1333 1394 τῶν
1380 1341 1535 1409 ὅλων,
1591 1341 1776 1411 σαφῶς

202 1428 308 1479 καὶ
329 1427 625 1500 διαρρήδην
656 1432 713 1481 ὲν
736 1433 848 1493 τοῖς
873 1431 1224 1500 Εὑαγγελίοις
1249 1433 1473 1486 ἀνακλεί
1509 1435 1632 1498 τοὺς
1670 1434 1777 1487 ἀπὸ

204 1520 474 1584 παντοίας
524 1522 719 1585 κακίας
765 1521 1166 1593 βεϐαρημένους
1195 1540 1209 1553 ·
1246 1524 1448 1577 «Δεῦτε
1502 1524 1636 1595 πρός
1682 1543 1773 1595 με,

204 1613 563 1682 κραυγάζων,
635 1613 790 1681 κάγὼ
847 1614 1141 1669 ἀναπαύσω
1196 1617 1401 1686 ὑμᾶς.»
1445 1616 1614 1669 Τοῦτο
1668 1618 1775 1690 γὰρ

204 1703 364 1773 αὐτῷ
391 1707 482 1757 καὶ
503 1704 600 1772 τῆς
631 1706 687 1769 ἐξ
708 1704 937 1774 οὐρανοῦ
982 1705 1208 1759 καθόδου
1239 1708 1299 1760 τὸ
1324 1709 1491 1761 αίτιον
1539 1709 1772 1778 γεγενῆ-

205 1793 339 1847 σθαι
374 1796 821 1848 διεϐεϐαιώσατοο
855 1815 873 1846 ι
900 1798 973 1849 Οὐ
998 1796 1105 1867 γὰρ
1141 1793 1303 1868 ἦλθον
1348 1798 1587 1861 δικαίους
1614 1800 1774 1853 καλέ-

205 1901 327 1947 σαι,
359 1887 541 1956 φησὶν,
571 1887 705 1940 ἀλλὰ
732 1888 1089 1959 ἁμαρτωλοὺς
1122 1890 1257 1959 πρὸς
1278 1890 1338 1943 τὸ
1380 1891 1725 1960 μετανοῆσαι.
1750 1910 1768 1943 ι

205 1978 351 2035 Καὶ,
401 1979 508 2031 «Οἱ
540 1979 809 2049 ἰσχύοντες
855 1980 915 2032 οὐ
970 1979 1258 2051 χρῄζουσιν
1310 1981 1515 2051 ἰατροῦ,
1557 1981 1672 2034 ἀλλ’
1720 1983 1773 2035 οί

202 2068 403 2132 κακῶς
436 2070 667 2139 ἔχοντες.
697 2090 715 2123 ι
748 2072 811 2123 El
857 2072 1034 2125 τοίνυν
1070 2072 1224 2126 ταῦθ’
1272 2073 1443 2136 οὕτως
1494 2073 1629 2143 ἔχει,
1672 2091 1774 2144 μη-

199 2161 399 2231 δαμῶς
421 2162 783 2229 ἀπογίνωσκε,
822 2163 1095 2233 μᾶλλονδὲ
1127 2162 1367 2234 ῥώννυσο
1392 2166 1511 2228 ταῖς
1539 2182 1768 2235 χρηστο-

202 2253 271 2306 τέ
278 2272 403 2325 ραις
434 2254 559 2308 ὲλπί
567 2272 666 2308 σιν.

493 2348 610 2399 TZ'.
628 2377 697 2387 —
716 2348 1008 2419 ΣΙΛΒΑΝῼ
1041 2349 1479 2420 ΚΟΙΝΟΒΙΩΤῌ.

296 2435 422 2488 Ἐάν
460 2435 702 2506 θέλωμεν
723 2437 810 2490 διὰ
846 2437 1061 2491 πάντων
1105 2439 1485 2508 καταπατῆσαι
1514 2439 1639 2501 τοὺς
1666 2438 1772 2491 δαί-

208 2542 402 2595 μονας,
436 2526 694 2598 δείξωμεν
727 2528 813 2581 διὰ
844 2527 1059 2581 πάντων
1094 2528 1194 2599 τὴν
1230 2531 1759 2601 ταπεινοφροσύνην,

203 2620 273 2671 τὸ
315 2618 525 2673 ἑαυτῶν
596 2619 806 2690 θέλημα
881 2620 1099 2691 μακρὰν
1162 2622 1563 2693 ἀπορῤίφαντες
1594 2638 1606 2651 '
1678 2621 1772 2675 καὶ

205 2708 405 2778 ὥσπερ
435 2710 533 2778 τὴν
554 2710 807 2779 νηστείαν
833 2710 1000 2780 ἡδέως
1025 2710 1449 2781 καταδεχόμεθα,
1478 2710 1771 2764 κελευσάν-

200 2817 317 2852 των
349 2801 478 2870 ἡμῖν
511 2800 616 2853 τῶν
644 2800 734 2852 τὸν
766 2799 876 2869 βίον
930 2802 1351 2871 προοδευκότων,
1402 2801 1542 2854 οὕτω
1587 2803 1681 2854 καὶ
1713 2800 1773 2854 τὸ

204 2894 430 2960 φαγεῖν,
462 2891 494 2961 ἢ
525 2894 665 2944 πιεῖν
699 2892 832 2963 πρός
859 2910 980 2946 τινα
1016 2893 1204 2964 χρόνον
1258 2895 1536 2965 κεκμηκὸς
1589 2894 1773 2947 διανα-

204 2982 419 3035 παῦσαι
466 2982 526 3034 ea
564 2983 719 3052 σῶμα
777 2984 1269 3054 συμϐουλευόμενοι
1326 2984 1479 3054 παρά
1542 2986 1652 3038 τῶν
1709 2982 1769 3040 εὖ

1877 518 2132 572 astobunt
2164 538 2178 573 :
2216 529 2273 573 ut
2300 519 2489 573 videns
2510 529 2563 575 et
2588 536 2925 590 cognoscens
2956 522 3011 575 in
3034 524 3432 585 confusionem,

1878 611 2126 665 timorem
2158 627 2222 667 ac
2256 623 2551 668 tremorem
2584 614 2878 669 concedas.

2305 704 2504 759 CCCV.
2536 733 2599 749 ο·-
2626 702 3015 759 CALOCYRO.

1947 793 2113 861 Aqum
2138 810 2517 864 saepenumero
2535 796 2785 869 homines
2820 807 3208 866 nuneupantur
3232 812 3247 848 :
3279 810 3435 849 nam-

1876 902 1983 955 que
2027 888 2241 957 di’cunt
2269 890 2545 958 propheta:
2582 907 2594 944 :
2639 909 2656 941 ι
2692 891 2832 944 Ecce
2882 891 3029 944 velut
3066 903 3220 959 aquae
3254 888 3437 942 mnltte

1879 979 2061 1047 populi
2088 980 2241 1033 multi
2262 980 2446 1034 ⁸⁵.»Ει
2476 1000 2489 1036 :
2525 980 2849 1035 (Multitudo
2880 983 3171 1034 multarum
3194 979 3433 1049 gentium

1876 1072 2024 1127 velut
2060 1089 2199 1142 aqua
2226 1082 2533 1144 perstrepet
2559 1075 2657 1129 ⁸⁸.»
2692 1076 2805 1128 Et:
2844 1075 3009 1128 «Ecce
3037 1088 3138 1143 ego
3164 1072 3433 1127 adducam

1879 1179 2045 1220 super
2071 1181 2166 1219 vos
2188 1180 2381 1235 aquam
2418 1168 2643 1218 multam
2667 1182 2848 1233 regem
2872 1165 3226 1236 Assyriorqu
3249 1163 3316 1216 ⁸⁷.
3337 1180 3355 1212 ι

2377 1251 2601 1308 CCCVI.
2630 1284 2694 1295 —-
2726 1253 2928 1308 Eidem.

1946 1342 2196 1398 Christus
2229 1343 2404 1406 Dens,
2454 1353 2506 1399 et
2552 1344 2794 1397 omnium
2844 1342 3127 1403 Dominus,
3178 1340 3323 1394 clare
3375 1353 3439 1391 ac

1877 1436 2052 1504 palam
2088 1437 2142 1489 in
2176 1435 2505 1506 Evangeliis,
2536 1451 2652 1499 eos,
2685 1436 2777 1505 qui
2806 1435 2956 1489 omni
2988 1448 3187 1503 genere
3219 1431 3439 1486 malitiae

1878 1536 2306 1595 praegravantur,
2337 1527 2570 1581 advocat
2600 1545 2616 1581 :
2654 1546 2672 1577 ι
2706 1526 2895 1581 Venite
2926 1525 2995 1581 ad
3024 1542 3130 1586 me.
3173 1524 3435 1587 clamans,

1876 1624 1927 1669 et
1953 1631 2050 1685 ego
2084 1617 2321 1671 reficiam
2360 1632 2454 1671 vos
2476 1615 2543 1670 ⁸⁸.
2584 1635 2603 1669 ι
2638 1618 2754 1672 Hoc
2778 1619 2923 1673 enim
2956 1617 3031 1670 illi
3060 1632 3093 1669 e
3146 1615 3286 1669 coelo
3340 1613 3439 1667 de-

1879 1721 2104 1763 scensus
2159 1708 2210 1762 in
2252 1723 2418 1763 causa
2461 1708 2634 1765 fuisse
2665 1711 3021 1765 asseveravit.
3067 1728 3084 1758 (
3120 1708 3237 1762 Νοιι
3269 1706 3436 1768 enim,

1877 1797 2074 1867 inquit,
2094 1800 2214 1851 veni
2241 1799 2420 1867 justos
2454 1814 2672 1863 vocare,
2700 1799 2795 1854 sed
2820 1807 3137 1868 peccatores
3169 1798 3232 1849 ad
3262 1796 3439 1865 paeni-

1874 1890 2094 1944 tentiam
2118 1890 2181 1943 ⁸⁸.
2220 1910 2238 1941 ›
2285 1890 2351 1943 Ει
2391 1910 2403 1943 :
2450 1909 2469 1941 ι
2506 1891 2607 1958 Qui
2641 1892 2776 1945 bene
2807 1891 3011 1954 valent,
3041 1905 3151 1943 non
3190 1888 3439 1956 indigent

1870 1979 2103 2043 medico,
2131 1981 2226 2035 sed
2249 1983 2342 2050 qui
2374 1981 2515 2035 male
2558 1998 2617 2037 se
2650 1982 2851 2037 habent
2873 1982 2939 2035 9°.
2976 2000 2993 2033 ι
3036 1979 3156 2034 Haec
3189 1981 3369 2048 itaque
3391 1978 3439 2032 si

1873 2072 1946 2125 ita
1979 2086 2038 2127 se
2070 2072 2292 2138 habent,
2340 2073 2490 2127 nullo
2524 2072 2687 2127 modo
2712 2073 2763 2125 in
2799 2072 3234 2141 desperationem
3267 2071 3439 2141 rapia-

1872 2164 1970 2230 ris,
2001 2162 2094 2219 sed
2125 2164 2307 2234 potius
2330 2178 2427 2234 spe
2457 2163 2666 2218 meliori
2698 2162 3051 2217 confirmare.

1979 2338 2134 2409 113
2180 2337 2422 2394 CCCVI].
2455 2369 2527 2380 —
2563 2336 2858 2393 SILVANO
2904 2331 3329 2391 ΟυΕΝΟΒιΤιΕ.

1943 2429 1999 2485 Si
2027 2446 2253 2500 prorsus
2286 2430 2559 2486 daemones
2596 2430 2923 2485 conculcare
2959 2429 3120 2484 nobis
3166 2428 3219 2481 in
3252 2427 3437 2480 animo

1868 2532 1975 2585 est,
2008 2538 2103 2592 per
2137 2523 2318 2576 omnia
2360 2523 2715 2578 ostendamus
2764 2521 3162 2585 lnttnilitatem,
3203 2519 3361 2588 longe
3404 2532 3435 2571 a

1870 2614 2028 2668 nobis
2061 2615 2333 2684 propriam
2356 2616 2691 2669 voluntatem
2728 2620 3093 2668 removentes.
3140 2614 3206 2667 Et
3241 2628 3434 2682 quem-

1871 2702 2160 2757 admodum
2221 2702 2488 2772 jejunium
2552 2704 2742 2758 libenti
2788 2703 2974 2757 animo
3023 2703 3430 2771 amplectimur,

1870 2797 1942 2849 ita
1973 2794 2410 2864 praecipientibus
2448 2795 2575 2859 illis,
2617 2795 2711 2864 qui
2746 2809 2844 2849 nos
2875 2803 3313 2864 praecesserunt;
3356 2795 3437 2849 sic

1872 2892 1927 2939 et
1958 2885 2261 2948 comedere,
2304 2894 2357 2938 et
2409 2885 2617 2947 bibere,
2662 2896 2714 2938 et
2768 2885 2832 2937 ad
2890 2884 3104 2953 tempus
3155 2883 3433 2939 defessum

1873 2991 2071 3044 corpus
2094 2976 2262 3045 quieti
2311 2974 2547 3040 tradere,
2584 2990 2707 3029 cum
2753 2976 2822 3029 ab
2862 2975 2990 3037 illis,
3030 2974 3121 3044 qui
3156 2990 3244 3029 res
3272 2990 3426 3043 expe-

205 3075 433 3127 είδὸτων
480 3074 795 3145 δοκιμάζειν
847 3076 939 3129 καὶ
989 3077 1194 3146 κρίνειν
1218 3076 1286 3129 τὰ
1310 3078 1631 3147 πράγματα,
1668 3078 1769 3131 ὑπ-

1880 3056 1969 3121 riri
2019 3083 2083 3121 ac
2122 3068 2424 3134 dijudicare
2462 3068 2664 3137 optimc
2694 3068 2917 3130 callent,
2966 3066 3287 3130 suademur,
3325 3066 3432 3119 ala-

204 3167 532 3235 ακούσωμεν
554 3166 867 3237 προθύμως,
900 3170 992 3220 καὶ
1028 3170 1542 3239 ἀναμφισϐητήτως.
1580 3169 1767 3222 Πλείον

201 3256 319 3326 γὰρ
348 3255 447 3325 τῆς
472 3255 724 3324 νηστείας
755 3258 787 3326 η
813 3256 934 3308 καθ’
958 3258 1203 3328 ὑπακοὴν
1240 3258 1537 3329 μετάληψις
1569 3260 1766 3330 μαστί-

204 3345 292 3411 ζει
313 3349 439 3409 τοὺς
460 3347 685 3415 δαίμονα

426 3437 555 3488 TH'.
576 3464 642 3475 -
663 3435 992 3507 ΘΑΛΑΣΣΙῼ
1022 3434 1544 3509 ΑΡΓΥΡΟΠΡΑΤῌ.

279 3529 407 3592 Πῶς
423 3546 562 3590 τινες
581 3528 687 3580 τῶν
710 3532 918 3598 γοήτων
938 3529 1036 3599 (a),
1057 3530 1176 3580 τινὰ
1195 3528 1539 3599 πλανώμενον
1560 3530 1768 3602 ἄνθρω-

207 3637 311 3672 πον
346 3618 596 3689 μνημείῳ
624 3618 1057 3681 ἐπιϐιϐάσαντες,
1098 3621 1176 3681 είς
1217 3618 1375 3689 ξένην
1433 3621 1665 3690 πατρίδα
1690 3620 1770 3685 ἐξ·

220 3708 478 3779 έπεμψαν
509 3709 726 3771 σκοτίας
760 3708 1106 3784 ὑπαρχούσης
1127 3726 1141 3772 ;
1162 3709 1316 3779 δῆλον
1350 3710 1431 3762 ὅτι
1462 3714 1527 3781 τῇ
1557 3714 1768 3783 πονηρᾷ

207 3801 517 3871 ἐπικλήσει,
557 3802 652 3854 καὶ
677 3803 742 3871 τῇ
774 3801 996 3871 δυνάμει
1025 3801 1134 3852 τῶν
1164 3802 1406 3869 φυσικῶν
1430 3804 1767 3873 πραγμάτων

205 3893 419 3962 δαίμων
443 3892 717 3961 βαστάσας
744 3891 831 3944 τὸν
850 3892 1133 3961 ἄνθρωπον
1164 3892 1397 3961 ἀλλαχοῦ
1437 3894 1763 3964 διεκόμισεν.

209 3983 399 4045 οὕτως
437 3983 611 4035 τοίνυν
654 3984 747 4035 καὶ
784 3980 1122 4050 ἀποκτηνοῦν
1158 3982 1464 4052 ἄνθρωπον,
1506 3983 1769 4049 πολλάκις

208 4074 457 4127 δοκοῦσιν
480 4076 525 4125 οἱ
558 4074 862 4144 φαρμακοὶ,
896 4073 1016 4141 οὐχὶ
1039 4071 1134 4142 τὴν
1157 4073 1343 4128 οὐσίαν
1373 4072 1467 4125 τοῦ
1506 4075 1762 4144 σώματος

212 4166 691 4237 μεταπλάττοντες,
725 4164 857 4217 ἀλλὰ
890 4163 1101 4234 μορφὴν
1128 4165 1355 4232 κτήνους
1384 4166 1760 4235 περιτιθέντες

208 4256 378 4326 αὐτῷ.
407 4256 613 4308 Οὐκοῦν
636 4256 737 4308 κᾶν
756 4256 1092 4325 σαγματισθῇ
1116 4255 1303 4324 ὥσπερ
1331 4255 1481 4317 ὄντος
1506 4259 1533 4309 ὁ
1560 4257 1767 4327 ἄνθρω-

208 4365 333 4412 πος,
358 4349 478 4401 ὅσον
510 4350 605 4417 μὲν
640 4347 860 4399 δύναται
889 4346 963 4408 ὡς
993 4346 1278 4417 ἄνθρωπος
1309 4346 1588 4416 βαστάζει,
1622 4349 1682 4402 τὸ
1709 4348 1765 4401 δὲ

207 4440 395 4494 λοιπὸν
426 4442 535 4503 τοῖς
565 4438 736 4508 ῶμοις
764 4441 791 4491 ὁ
815 4438 1021 4504 δαίμων
1056 4440 1432 4507 ἀνακουφίζει.

386 4614 589 4666 ΤΘἎ-
632 4611 957 4664 ΣΩΣΘΕΝΕΙ
1000 4605 1558 4682 ΚΟΜΕΝΤΛΡΗΣΙῼ.

294 4704 541 4772 Ἀνόητόν
594 4718 652 4753 σε
695 4703 786 4755 καί¹
819 4701 1073 4753 ἀσύνετον
1111 4702 1514 4770 καταμανθάνω
1539 4719 1553 4733 ο
1584 4705 1631 4755 εί
1662 4704 1769 4774 γὰρ

208 4796 556 4866 ἐπιλαμϐάνῃ
627 4793 721 4846 τοῦ
793 4792 1050 4862 θεοφόρου
1115 4792 1307 4862 ἀνδρὸς
1364 4794 1611 4847 Ἰωάννου
1673 4796 1767 4847 τοῦ

208 4888 510 4942 ἐπισκόπου
558 4884 1210 4947 Κωνσταντινουπόλεως,
1256 4884 1331 4947 ὡς
1377 4885 1617 4954 ὀργίλου,
1678 4888 1769 4938 καὶ

209 4981 399 5050 ὕϐρεσι
432 4976 728 5047 χαίροντος,
764 4977 821 5027 ἐν
846 4974 922 5043 τῷ
945 4974 1291 5043 ἐπιπλήττειν
1329 4977 1438 5037 τοῖς
1468 4973 1771 5045 ἐξαμαρτά-

207 5087 383 5132 νουσι,
417 5070 511 5121 καὶ
540 5065 813 5137 ἐμϐριθῶς
852 5065 1225 5118 καθάπτεσθαι
1253 5064 1361 5117 τῶν
1401 5064 1497 5135 τὴν
1535 5067 1771 5136 ἀναλγη-

212 5165 357 5226 σίαν,
382 5161 474 5214 καὶ
517 5159 613 5229 τὴν
654 5154 1010 5227 ἀναισθησίαν
1072 5155 1518 5226 ἀρρωστούντων,
1582 5158 1770 5227 καιρὸς

212 5271 296 5307 σοι
330 5252 535 5305 καὶτὸν
564 5248 868 5317 Βαπτιστὴν
913 5246 1164 5315 Ἰωάννην
1223 5246 1423 5314 λέγειν,
1460 5247 1542 5299 ὅτι
1573 5251 1764 5319 γεννή-

214 5362 362 5416 ματα
404 5341 620 5412 ἐχιδνῶν
651 5356 801 5400 τινας
832 5337 1188 5400 ἀπεκάλεσεν,
1224 5336 1394 5396 ίώδεις
1426 5336 1517 5388 τὸν
1566 5338 1765 5409 τρόπον

209 5435 593 5502 ὑπάρχοντας,
632 5430 726 5482 καὶ
781 5428 874 5480 τὸν
916 5426 1235 5479 Ἀπόστολον
1295 5426 1557 5496 ὑϐριστὴν
1623 5422 1763 5480 εἶναι

184 5530 187 5531 ⁷
280 5549 328 5580 ⁸⁵
366 5549 467 5599 lsa.
497 5560 627 5606 xvn,
670 5543 750 5595 l2.
825 5541 869 5573 ⁸⁸
900 5541 1028 5595 ibid.
1104 5518 1295 5594 8"Hlsa.
1342 5556 1456 5605 vui,
1487 5542 1538 5594 7.
1612 5542 1656 5574 ⁸³
1687 5544 1764 5597 Μιι

1908 5560 1985 5609 χι,
2012 5544 2101 5599 28.
2176 5544 2220 5576 ⁸⁸
2264 5543 2455 5597 Matth.
2490 5558 2564 5605 Ix,
2592 5543 2677 5607 13,

209 5634 294 5676 ιιι.
354 5618 381 5669 7
409 5634 423 5679 ;
450 5615 579 5667 Luc.
611 5631 689 5675 ιιι,
717 5614 770 5666 ¹7.

280 5736 358 5794 ta)
390 5729 621 5785 Allatius
646 5726 869 5795 νοητῶν,
894 5723 1372 5780 intellectualibus.
1400 5722 1557 5783 Εοιτ,

1875 3161 2043 3214 critcr
2073 3159 2300 3228 imperio
2340 3158 2649 3222 audiamus,
2695 3174 2757 3213 ac.
2787 3160 2909 3213 sine
2937 3158 3043 3212 ulla
3073 3158 3433 3211 bmsitationc-

1877 3250 2044 3320 Magis
2072 3251 2337 3319 siquidem
2374 3251 2581 3319 jejunio
2617 3252 2753 3319 ipso,
2789 3267 2908 3320 qua:
2940 3266 3035 3320 per
3060 3248 3433 3303 obedientiam

1865 3343 2100 3414 refectio
2134 3344 2208 3401 lit,
2247 3324 2519 3396 (lambentes
2554 3343 2805 3410 flagellat.

2014 3432 2281 3486 CCCVIII.
2310 3461 2381 3472 —
2404 3431 2789 3487 TllALASSlO
2828 3430 3291 3485 ARGENTARIO.

1945 3523 2232 3590 Quomodo
2267 3540 2330 3577 ex
2366 3524 2856 3593 praestigiatoribus
2908 3524 3188 3589 nonnulli,
3242 3538 3425 3591 quem-

1874 3614 1997 3669 dam
2041 3625 2407 3682 pererrantetn
2446 3617 2740 3679 hominem,
2801 3616 3097 3683 sepulturte
3128 3614 3433 3682 appositum

1876 3707 1929 3761 in
1974 3708 2204 3761 alienam
2254 3708 2485 3775 patriam
2540 3706 2894 3767 dimiserunt,
2949 3705 3192 3759 tenebris
3239 3714 3433 3758 cuncta

1873 3800 2310 3871 occupantibus?
2351 3798 2726 3863 manifestum,
2767 3814 2928 3867 prava
2962 3799 3339 3859 advocatione,
3381 3804 3433 3851 et

1875 3906 2056 3946 rerum
2090 3892 2417 3945 naturalium
2473 3893 2731 3947 facultate
2785 3910 2812 3947 a
2864 3894 3107 3947 daemone
3159 3894 3430 3947 hominem

1874 3985 2145 4039 sublatum
2182 3984 2234 4036 in
2271 3986 2429 4037 aliam
2460 3988 2733 4053 regionem
2773 3993 3205 4054 transportatum
3241 3984 3430 4038 fuisse.

1873 4074 2071 4128 Eadem
2097 4075 2278 4142 itaque
2313 4074 2521 4128 ratione
2553 4075 2828 4127 hominem
2860 4075 2914 4128 in
2943 4074 3168 4128 bestiam
3209 4089 3433 4129 convcr-
3464 4092 3475 4101 ·

1872 4174 1987 4219 tere
2020 4165 2219 4232 saepius
2264 4163 2517 4217 videntur
2555 4166 2822 4228 venefici,
2889 4180 2997 4218 non
3066 4165 3431 4218 substantiam

1873 4256 2122 4324 corporis
2161 4255 2532 4317 immutantes,
2580 4255 2672 4307 sed
2708 4253 2935 4323 pecudis
2970 4253 3199 4307 formam
3232 4253 3303 4306 illi
3339 4268 3434 4321 ap-

1832 4358 1835 4361 '
1871 4346 2177 4416 pingentes.
2204 4345 2388 4413 Itaque
2408 4344 2538 4398 licet
2557 4345 2737 4409 homo,
2756 4343 3217 4413 quemadmodum
3245 4347 3433 4398 asinus

1801 4451 1844 4505 ι)
1878 4438 2013 4492 sella
2045 4445 2433 4506 prazgravetur,
2469 4443 2731 4505 quantum
2782 4444 2955 4504 potest
3008 4435 3122 4503 ipse
3166 4447 3221 4487 ιιι
3272 4437 3433 4490 homo

1871 4529 2130 4590 sustinet,
2166 4526 2436 4596 reliquum
2471 4527 2711 4581 hutncris
2738 4527 2949 4580 (iu-mou
2983 4527 3200 4578 attollit.

2086 4616 2310 4673 CCCIX.
2358 4647 2428 4657 —
2477 4606 2815 4671 SUSTilENl
2878 4616 3430 4672 COMENTARESIO.

1940 4708 2168 4762 Fatunm
2229 4717 2280 4762 te
2314 4708 2699 4775 insulsumque
2729 4723 2851 4760 esse
2886 4705 3277 4776 deprehendo:
3304 4720 3430 4758 nam

1870 4800 1917 4854 si
1956 4800 2221 4855 deiferum
2272 4801 2444 4853 virum
2495 4798 2758 4853 Joannem
2807 4799 3122 4866 episcopum
3158 4797 3432 4852 Constan-

1869 4891 2327 4960 tinopolitanum,
2386 4901 2640 4959 tanquam
2700 4889 2995 4942 iracundia
3047 4887 3328 4950 deditum,
3378 4896 3433 4942 et

1866 4981 2090 5033 nimium
2127 4994 2186 5033 se
2224 4980 2459 5044 injuriis,
2493 4981 2544 5031 in
2578 4978 2903 5032 facinorosis
2944 4977 3431 5044 reprehendendis,

1867 5068 2253 5127 obiectantem,
2286 5078 2335 5119 et
2376 5067 2503 5131 illis,
2536 5067 2626 5135 qui
2660 5083 2766 5135 pra:
2796 5066 3092 5120 indolentia
3116 5082 3177 5119 ac
3211 5075 3432 5134 stupore

1870 5160 2006 5215 nihil
2032 5159 2455 5229 persentiscunt,
2493 5160 2699 5211 duriter
2722 5173 3022 5228 aSpcreqne
3055 5144 3431 5226 ohjn‘rgandis,

1873 5249 2060 5318 culpas
2097 5267 2108 5301 :
2142 5256 2355 5317 tempus
2382 5249 2489 5315 jam
2519 5258 2622 5303 est.
2661 5258 2788 5299 utet
2828 5246 3083 5300 Joannem
3114 5245 3431 5316 Baptistam,

1873 5342 2142 5409 genimina
2188 5340 2493 5407 viperarum
2538 5340 2831 5391 nonnullos
2865 5338 2955 5406 qui
2990 5339 3269 5392 venenosis
3313 5351 3431 5389 rno-

1868 5431 2022 5486 ribus
2046 5439 2202 5485 erant
2228 5432 2293 5495 ν’,
2335 5438 2759 5497 nuncupantem,
2800 5428 3094 5490 insimules,
3120 5436 3171 5481 et
3207 5430 3429 5495 Aposto

2772 5543 2816 5572 9°
2848 5540 2981 5594 ibid.
3016 5538 3096 5593 1‘2.
3172 5538 3214 5569 θ’
3242 5536 3427 5591 Matth.
