3888 6040
472 329 598 399 ’195

1959 335 2000 392 S
2064 331 2225 394 NILI

3645 276 3751 393 tas

489 446 603 502 lum
644 443 969 515 injuriosum
1001 459 1144 508 esse.
1173 445 1256 500 bis
1286 443 1507 500 Galatas
1547 446 1853 502 insensatos
1879 445 2060 515 appel-

2175 441 2398 516 κρίνειν,
2437 444 2516 498 ὅτι
2547 442 2792 507 Γαλάτας
2827 441 3080 514 δεύτερον
3118 442 3380 516 ἀνοήτους
3410 444 3746 516 προσεῖπεν,

489 537 692 591 lautem
720 533 1032 604 judiccs";
1061 533 1383 601 injuriaeque
1426 533 1603 588 dicam
1651 533 1932 604 prophetis
1965 533 2066 586 im-

490 627 716 697 pingas,
765 640 888 679 cum
921 639 1188 693 equorum
1245 623 1474 678 feminas
1525 625 1961 694 depericntium,
2012 633 2067 677 et

488 731 687 772 canum
736 717 966 770 latenter
995 715 1383 780 mordentium,
1431 723 1482 769 et
1521 715 1794 783 luporum,
1847 724 1902 770 et
1941 731 2065 769 cor-

491 811 676 864 nicum
736 809 1050 864 nominibus
1109 809 1338 867 rationis
1389 816 1670 878 compotes
1733 807 2062 877 iusigniant,

490 902 1008 972 reprehensionibus
1045 910 1412 970 pererrantem
1447 900 1501 952 in
1538 899 1822 954 meliorum
1857 899 2062 968 frugem

490 1002 832 1050 revocantes.
857 993 992 1060 Quid
1014 1007 1176 1063 porro
1201 993 1266 1046 de
1290 992 1532 1045 omnium
1560 991 1690 1055 Deo,
1708 999 1761 1045 et
1787 993 2066 1060 provisore

488 1088 713 1142 Christo
746 1087 958 1149 humili,
995 1086 1088 1155 qui
1124 1086 1341 1155 pr0pria
1387 1085 1670 1139 clementia
1721 1091 1774 1139 et
1811 1099 2062 1137 mansue~

491 1179 684 1232 tudine
729 1192 945 1232 omnem
981 1177 1454 1231 mansuetudinem
1501 1183 1882 1246 superaverat,
1937 1190 2062 1228 cum

489 1271 650 1326 audis
680 1269 747 1324 ab
773 1269 913 1339 ipso,
939 1271 1160 1334 stultos,
1187 1277 1243 1324 et
1272 1284 1468 1330 caecos,
1511 1279 1564 1324 et
1595 1269 1733 1322 filios
1764 1266 1984 1329 diaboli,
2010 1274 2065 1320 et

489 1360 723 1422 zizania.
771 1368 824 1414 et
870 1374 1056 1423 canes,
1105 1370 1159 1415 et
1203 1375 1419 1430 porcos.
1466 1367 1520 1414 et
1565 1359 1687 1412 aliis
1734 1357 2060 1427 quibusdam

490 1453 840 1508 mordacibus
866 1459 1188 1523 peccatores
1214 1451 1464 1517 vocitari,
1499 1448 1924 1518 prouuntiabis?

734 1637 934 1694 CCCX.
984 1668 1056 1682 --
1087 1637 1436 1696 IIELLADIO
1482 1640 1800 1698 LECTORI.

559 1724 743 1780 Otium
790 1727 1076 1783 ineruditis
1123 1729 1389 1784 malorum
1443 1745 1670 1800 operum
1727 1733 2055 1805 principium

487 1831 614 1873 esse
653 1829 707 1872 tu
736 1832 954 1888 quoque
989 1833 1095 1872 una
1125 1833 1249 1874 cum
1287 1820 1411 1876 aliis
1449 1821 1663 1888 fateris,
1697 1832 1752 1879 et
1786 1823 2062 1889 Hebraeos,

487 1921 615 1961 cum
645 1906 700 1960 in
727 1907 946 1962 deserto
969 1923 1078 1962 non
1106 1919 1252 1964 esset
1288 1910 1420 1977 illis,
1440 1911 1494 1965 in
1523 1927 1631 1982 quo
1649 1928 1708 1968 se
1728 1925 2066 1980 exercerent,

492 1997 546 2051 in
575 1997 841 2052 idolorum
872 2000 1078 2055 cultqu
1114 2001 1425 2057 concidisse
1454 2006 1744 2074 cognoscis
1770 2006 1838 2060 ".
1868 2005 1946 2062 Ne
1970 2008 2070 2062 ita-

486 2104 598 2160 que
625 2089 696 2144 ab
714 2104 878 2160 opere
897 2105 1155 2145 manuum
1187 2091 1506 2158 abhorreas,
1527 2109 1651 2148 cum
1677 2094 1808 2149 illud
1839 2097 1972 2150 utile
1997 2097 2068 2152 sit

488 2187 544 2234 et
571 2178 729 2233 valde
761 2179 1030 2234 sobrium.

548 2267 707 2338 115
735 2267 958 2324 CCCXL
989 2299 1058 2311 —
1088 2269 1392 2326 ΤΗΕΟΜΕ
1438 2271 1647 2328 REMP.
1690 2275 2012 2331 GERENTI.

560 2360 691 2415 Sine
729 2361 842 2414 ullo
878 2361 1078 2416 solatio
1125 2377 1362 2420 mmrore
1397 2365 1547 2436 angi,
1589 2375 1645 2422 et
1682 2367 1990 2439 deplorare,
2013 2381 2067 2426 et

484 2450 742 2522 ieiunare
769 2466 869 2521 pro
890 2451 1178 2508 demortuo
1199 2458 1632 2526 consanguineo,
1667 2459 2064 2516 incredulitatis

486 2557 555 2598 ac
577 2541 804 2612 abiectae
829 2543 945 2614 spei
977 2543 1240 2599 indicium
1282 2550 1396 2602 est;
1426 2547 1531 2614 Qui
1561 2549 1736 2604 credit
1768 2553 2064 2618 sepultura:

490 2649 638 2689 nunc
661 2634 922 2690 traditum
957 2650 988 2690 a
1015 2638 1248 2693 mortuis
1283 2642 1746 2708 resurrecturum,
1797 2659 1893 2713 spe
1931 2659 2065 2698 con-

492 2723 820 2790 firmabitur,
862 2724 970 2780 Deo
1004 2727 1210 2797 gratias
1258 2737 1402 2799 aget,
1457 2731 1725 2802 lacrymas
1771 2734 2062 2790 transferet

491 2820 550 2875 in
583 2819 932 2888 hilaritatem,
959 2820 1283 2878 demortuus
1337 2831 1396 2878 ut
1451 2826 1801 2895 sempiterna:
1845 2828 2062 2882 miseri-

486 2912 692 2967 cordiae
715 2911 989 2982 particeps
1012 2911 1124 2978 flat,
1156 2912 1569 2982 deprecabitur,
1602 2929 1816 2968 necnon
1847 2914 1913 2967 ad
1942 2930 2063 2985 pro-

487 3003 734 3075 priorum
759 3017 1006 3058 errorum
1030 2999 1465 3059 emcndationem
1503 3006 1843 3074 prolabetur.

974 3095 1224 3153 CCCXII.
1255 3128 1326 3138 -—
1357 3097 1565 3152 Eidem.

561 3189 820 3259 Quisquis
839 3188 1085 3258 jucunde
1114 3205 1178 3244 ac
1208 3188 1423 3244 fortiter
1449 3191 1632 3245 animo
1662 3181 1736 3244 re'i
1771 3189 2056 3245 desidera-

485 3289 556 3336 ta:
590 3281 776 3336 tulerit
802 3281 1098 3351 jacturam,
1144 3281 1191 3336 is
1235 3281 1597 3351 phiIOSOphus
1647 3282 1958 3348 vocabitur,
2006 3293 2060 3338 et

486 3373 900 3445 magnanimus,
957 3381 1012 3428 et
1050 3373 1244 3438 multa,
1294 3387 1414 3444 qua:
1470 3380 1629 3427 antea
1683 3375 2060 3440 commiserat,

484 3473 664 3521 errata
693 3464 979 3518 dissolvet.

677 3554 957 3611 CCCXIII.
992 3584 1064 3596 --
1099 3553 1494 3612 TIIESSALIO
1547 3555 1860 3614 DIACONO.

557 3647 614 3701 Si
643 3648 796 3702 cauis
827 3649 1034 3702 latrans
1059 3649 1330 3717 gigantem
1353 3649 1499 3702 vinci
1533 3651 1776 3704 nescium
1799 3649 2057 3713 oﬂ‘endet,

483 3739 722 3793 offendet
752 3741 940 3810 utique
961 3748 1014 3794 et
1038 3739 1142 3794 fide
1165 3741 1524 3810 conspicuum
1553 3741 1782 3811 spiritus
1809 3741 2061 3812 blasphe-

485 3831 628 3898 tnize,
651 3832 845 3886 anima).
867 3831 1174 3887 molestiam
1205 3833 1493 3888 exhibens.

869 3920 1143 3978 CCCXlV.
1164 3951 1237 3962 —-
1257 3921 1674 3978 DRACONTIO.

553 4011 766 4077 Timeo,
796 4013 974 4084 inquit
1004 4011 1129 4080 Job,
1164 4029 1232 4070 ne
1257 4029 1345 4069 me
1378 4015 1612 4085 caligine
1646 4014 1839 4084 perdat
1871 4013 2060 4070 Domi-

482 4121 591 4162 nus
606 4104 658 4138 ”
689 4123 703 4159 :
739 4105 842 4159 hoc
881 4114 984 4165 est,
1013 4121 1080 4160 ne
1111 4105 1409 4175 aliquando
1431 4121 1498 4160 ex
1533 4115 1679 4160 sorte
1709 4120 1923 4167 eorum,
1963 4104 2062 4175 qui

484 4197 666 4253 idonei
701 4196 829 4251 facti
871 4197 1085 4250 suntin
1127 4196 1333 4251 lumine
1374 4197 1564 4268 gloria
1605 4197 1744 4266 ejus,
1787 4212 1874 4252 me
1904 4211 2060 4265 sepa-

487 4303 639 4351 rans,
676 4289 1019 4357 scmpiteruze
1042 4288 1260 4358 caligini
1285 4288 1483 4342 tradat.
1514 4289 1860 4360 Quapropter
1884 4303 2060 4359 neque

483 4381 653 4445 lente,
679 4397 855 4450 neque
890 4396 1080 4435 secure
1107 4382 1270 4433 vitam
1309 4381 1698 4448 trausigamus.

794 4473 954 4543 116
983 4471 1235 4527 CCCXV.
1258 4504 1326 4512 —
1353 4470 1742 4528 EUBULIONI.

557 4563 808 4619 Ilzeretici
831 4566 938 4632 lupi
965 4580 1082 4629 eos,
1109 4566 1204 4634 qui
1229 4580 1257 4616 a
1286 4565 1526 4634 pessima
1555 4564 1748 4619 haeresi
1773 4563 1838 4618 ad
1860 4571 2064 4618 rectam

2167 540 2259 592 xui.
2305 537 2432 601 τοὺς
2470 537 2753 606 προφήτας
2789 532 2866 605 τῷ
2893 536 2992 604 τῆς
3042 532 3252 603 ὕϐρεως
3296 533 3607 604 ἐγκλήματι
3639 533 3749 586 ὕπ-

2167 627 2420 688 ευθύνους
2455 627 2741 696 καθιστᾷν,
2793 624 2982 697 ἐπειδὴ
3033 624 3215 678 ἵππων
3259 623 3614 696 θηλυμανῶν,
3646 625 3747 678 καὶ

2167 720 2346 775 κυνῶν
2379 718 2775 788 λαθροδάκνων,
2823 718 2915 770 καὶ
2944 715 3145 782 λύκων,
3191 717 3285 770 καὶ
3326 715 3588 787 κορὼνων
3618 716 3743 770 ὀνό-

2169 829 2335 882 ματα,
2364 814 2478 872 τοῖς
2505 811 2739 878 λογικοῖς
2761 809 3100 875 ἐπετίθεσαν,
3142 810 3277 881 πρὸς
3301 809 3591 881 διόρθωσιν
3616 811 3744 865 ἐπι-

2168 898 2443 968 σπώμενοι
2490 901 2604 962 τοῖς
2644 898 2888 969 ἐλέγχοις
2921 897 3020 952 κτδν
3049 898 3529 969 διασφαλλόμενον.
3571 888 3640 952 Τί
3691 899 3741 952 δ’

2165 992 2232 1046 ἂν
2250 993 2424 1056 εἴποις
2481 992 2608 1064 περὶ
2654 991 2748 1044 τοῦ
2805 992 3022 1046 πάντων
3079 990 3238 1056 Θεοῦ,
3282 993 3375 1046 καὶ
3423 993 3739 1062 προνοητοῦ

2164 1083 2423 1156 Χριστοῦ,
2451 1083 2544 1136 τοῦ
2573 1084 3010 1153 ταπεινόφροναςι
3061 1083 3157 1134 καὶ
3209 1084 3277 1153 τῇ
3328 1081 3505 1153 οἰκεία
3559 1083 3740 1135 ἐπιει-

2163 1173 2307 1245 κείᾳ,
2333 1173 2426 1226 καὶ
2443 1172 2728 1244 πραότητι,
2749 1175 2929 1225 πᾶσαν
2956 1171 3238 1242 πραότητα
3269 1171 3740 1240 ύπερακοντῐσαν-

2161 1285 2274 1332 τος,
2305 1268 2433 1322 ὅταν
2490 1265 2970 1340 ἀκούσῃςκαύτοῦ,
3027 1265 3266 1336 μωροὺς,
3320 1265 3414 1318 καὶ
3470 1264 3734 1332 τυφλοὺς,

2165 1356 2314 1421 υἱούς
2347 1375 2405 1410 τε
2454 1357 2548 1411 τοῦ
2585 1357 2855 1423 διαϐόλου,
2893 1355 2988 1409 καὶ
3040 1353 3279 1419 ζιζάνια,
3321 1354 3494 1416 κύνας⁹
3547 1371 3610 1406 τε
3648 1356 3739 1407 καὶ

2169 1448 2413 1518 χοίρους,
2435 1448 2530 1502 καὶ
2549 1447 2683 1502 ἀλλα
2709 1447 2832 1502 τινὰ
2854 1446 3181 1516 σκώμματα,
3200 1446 3324 1510 τοὺς
3357 1442 3740 1516 παρανομοῦν-

2161 1557 2264 1604 τας
2281 1540 2687 1605 ἀποκαλοῦντος
2707 1559 2723 1608 ;

2441 1632 2545 1686 TI'.
2575 1654 2644 1672 ά
2671 1633 2960 1706 ΕΛΛΑΔΙῼ
3017 1631 3448 1702 ΑΝΑΓΝΩΣἸᾘ.

2237 1723 2359 1776 Ὅτι
2399 1725 2433 1794 ἡ
2463 1723 2631 1794 ἀργία
2671 1725 2814 1796 ἀρχὴ
2859 1725 3189 1798 κακουργίας
3226 1727 3336 1787 τοῖς
3381 1720 3728 1779 ἀπαιδεύτοις

2168 1813 2400 1882 γίνεται,
2432 1815 2526 1868 καὶ
2557 1815 2724 1878 αὐτὸς
2765 1817 3162 1887 συνομολογεῖς,
3193 1817 3286 1870 καὶ
3307 1817 3387 1868 ὅτι
3420 1814 3494 1886 μὴ
3523 1814 3739 1883 ἔχοντες

2165 1906 2219 1958 τί
2251 1906 2452 1976 πρᾶξαι
2485 1907 2534 1960 οἱ
2577 1906 2817 1978 Ἑϐραῖοι
2843 1912 2899 1962 ἐν
2923 1912 2989 1980 τῇ
3033 1911 3224 1980 ἐρήμῳ
3255 1909 3335 1970 είς
3378 1905 3739 1976 είδωλατρίαν

2165 1998 2429 2065 ἐξέπεσαν
2460 2041 2476 2064 ,
2520 1998 2840 2067 γινώσκεις.
2890 2001 2982 2070 Μὴ
3025 1995 3117 2053 οῦν
3167 1998 3454 2070 βδελύττου
3481 1997 3544 2050 τὸ
3573 1996 3739 2067 ἔργον

2164 2091 2225 2146 τὸ
2255 2089 2364 2144 τῶν
2421 2090 2644 2163 χειρῶν,
2709 2092 2791 2145 ὅτι
2845 2091 3146 2163 ὠφέλιμον,
3182 2093 3278 2146 καὶ
3344 2091 3488 2145 πάνυ
3559 2088 3738 2160 νηφά-

2162 2180 2298 2238 λιον.

2405 2272 2450 2326 Τ
2453 2272 2554 2326 IA'.
2575 2297 2644 2311 —-
2674 2269 2901 2342 ΘΕΩΝᾼ
2927 2269 3487 2339 ΠΟΛῙΤΕΥΟΜΕΝῼ.

2235 2366 2310 2420 Τὸ
2334 2364 2773 2436 ἀπαρηγορήτως
2801 2361 3108 2424 λυπεῖσθαι,
3129 2361 3223 2414 καὶ
3251 2363 3488 2431 θρηνεῖν,
3511 2359 3610 2414 καὶ
3640 2377 3731 2430 νηο

2164 2459 2376 2512 στεύειν
2403 2460 2495 2512 ἐπὶ
2527 2457 2606 2529 τῷ
2633 2455 3018 2527 τελευτήσαντι
3055 2456 3325 2522 συγγενεῖ.
3356 2453 3580 2523 ἔλεγχός
3618 2454 3734 2505 ἐστι

2162 2550 2262 2620 τῆς
2297 2548 2554 2612 ἀπιστίας
2599 2547 2692 2601 καὶ
2727 2545 2827 2616 τῆς
2864 2545 3232 2608 ἀνελπιστίας.
3272 2545 3330 2597 '0
3363 2543 3638 2598 πιστεύων
3673 2545 3736 2596 ἐκ

2162 2641 2370 2712 νεκρῶν
2409 2637 2803 2710 ἀναστήσεσθαι
2849 2637 2940 2692 τδν
2987 2637 3111 2708 ἄρτι
3155 2634 3517 2706 τεθαμμένον,
3555 2635 3732 2690 ἐλπίδι

2163 2731 2524 2804 ῥωσθήσεται,
2557 2731 2676 2802 Θεῷ
2710 2730 3114 2802 εὐχαριστήσει,
3145 2729 3225 2791 είς
3252 2727 3518 2798 εὐθυμίαν
3555 2744 3725 2798 μεταο

2164 2825 2421 2878 σκευάσει
2451 2823 2578 2887 τοὺς
2613 2823 2868 2894 θρήνους,
2902 2820 3117 2886 εὔξεται
3145 2821 3326 2884 ἐλέους
3377 2821 3599 2874 αἰωνίου
3637 2837 3729 2872 τυ-

2160 2918 2275 2987 χεῖν
2305 2915 2396 2969 τὸν
2427 2915 2778 2986 κοιμηθέντα,
2807 2912 2944 2986 πρὸς
2990 2913 3273 2986 διόρθωσιν
3314 2912 3468 2984 ῥέψει
3509 2912 3621 2966 τῶν
3653 2914 3730 2965 οἰ-

2161 3009 2326 3062 κείων
2359 3008 2735 3079 πταισμάτων.

2663 3097 2808 3153 ΤΙΒ’.
2824 3128 2896 3140 -
2925 3097 3010 3164 Τῷ
3046 3097 3227 3164 αὐτῷ.

2230 3192 2299 3246 EI
2333 3209 2417 3256 τις
2466 3191 2806 3264 εὐχαρίστως
2850 3192 3072 3262 ῆνεγκε,
3099 3192 3194 3245 καὶ
3223 3190 3483 3262 ἀνδρείως
3512 3195 3613 3266 τὴν
3641 3195 3729 3248 τοῦ

2161 3283 2498 3353 ποθουμένου
2526 3281 2820 3353 ἀποϐολὴν,
2847 3281 3138 3350 φιλόσοφός
3168 3298 3226 3335 τε
3261 3283 3614 3354 κληθήσεται,
3641 3290 3731 3341 καὶ

2164 3376 2544 3449 μεγαλόφρων,
2579 3377 2671 3428 καὶ
2707 3374 2877 3429 πολλά
2906 3375 3216 3432 διαλύσεται
3255 3377 3362 3431 τῶν
3392 3382 3728 3451 προγενομέ-

2159 3486 2268 3524 νων
2300 3468 2734 3540 ἁμαρτημάτων.

2478 3558 2621 3612 ΤΙΓ.
2639 3589 2712 3599 —
2739 3557 3068 3632 ΘΕΣΣᾹΛΙῼ
3095 3558 3413 3631 ΔΙΛΚΟΝῼ.

2233 3651 2293 3703 El
2319 3649 2511 3724 βλάψει
2549 3651 2694 3703 κύων
2733 3649 2980 3703 ὑλακτῶν
3004 3651 3236 3720 γίγαντα
3279 3652 3723 3724 δυσμαχώτατον,

2163 3741 2354 3814 βλάψει
2378 3741 2581 3795 καὶτὸν
2603 3741 2780 3812 ἀληθῆ
2801 3743 2988 3796 πιστὸν
3007 3743 3222 3813 πνεῦμα
3239 3743 3338 3814 τῆς
3362 3745 3724 3818 βλασφημίας,

2159 3833 2525 3904 παρενοχλοῦν
2555 3836 2621 3904 τῇ
2656 3833 2823 3905 ψυχῇ.

2198 3955 2201 3958 -
2615 3927 2758 3981 TlA’.
2773 3958 2841 3966 —
2858 3929 3272 4001 ΔΡΑΚΟΝΤΙῼ.

2227 4015 2524 4088 Φοϐοῦμαι,
2559 4018 2723 4088 φησιν
2746 4021 2774 4073 ό
2806 4019 2946 4082 Ἰὼϐ,
2979 4019 3052 4090 μὴ
3083 4021 3281 4093 γνὼφῳ
3311 4038 3378 4092 με
3425 4022 3672 4094 ἐκτρίψει
3699 4023 3727 4074 ό

2158 4107 2384 4178 Κύριος·
2415 4109 2683 4173 τουτέστι,
2722 4111 2932 4180 μήποτε
2967 4110 3217 4182 ἐξορίσας
3259 4129 3327 4182 με
3365 4111 3466 4182 τῆς
3516 4113 3727 4184 μερίδος

2158 4199 2267 4253 τῶν
2295 4197 2668 4253 ίκανωθέντων
2697 4200 2755 4252 ὲν
2781 4199 2859 4270 τῷ
2890 4204 3028 4270 φωτὶ
3052 4202 3154 4271 τῆς
3187 4202 3343 4274 δόξης
3378 4203 3568 4270 αὑτοῦ,
3626 4223 3724 4257 πα-

2163 4289 2306 4361 ραδῷ
2339 4292 2407 4361 τῇ
2433 4290 2628 4361 αἰωνίᾳ
2691 4289 2905 4362 σκοτίᾳ.
2962 4293 3165 4365 Διόπερ
3225 4294 3300 4365 μὴ
3353 4295 3586 4365 χαύνως,
3617 4296 3727 4366 imi.

2161 4379 2480 4452 ἀμερίμνως
2503 4380 2594 4434 τὸν
2630 4379 2742 4450 βίον
2775 4381 3105 4453 ὁδεύσωμεν.
3285 4424 3295 4433 .

2591 4472 2739 4527 TIE'.
2753 4505 2822 4515 —
2849 4473 3284 4530 ΕΥΒΟΥΛΙΩΝΙ.

2233 4565 2294 4617 Oi
2347 4563 2612 4634 αἱρετικοὶ
2639 4563 2814 4631 λύκοι,
2845 4566 2972 4629 τοὺς
2999 4567 3107 4620 ἀπὸ
3133 4568 3234 4636 τῆς
3283 4569 3548 4638 κακίστης
3582 4569 3723 4639 αἱρέο

485 4655 646 4712 fidem
683 4657 1027 4720 transiliunt,
1067 4666 1121 4710 et
1167 4671 1276 4710 non
1319 4657 1437 4712 sine
1479 4655 1642 4710 laude
1671 4662 2060 4710 convertuntur

2175 4671 2301 4716 ςεως
2333 4654 2756 4724 μεταπηδῶντας
2790 4655 2925 4726 πρὸς
2949 4657 3046 4727 τὴν
3063 4657 3393 4729 ὀρθοδοξίαν,
3424 4662 3516 4712 καὶ
3552 4663 3722 4722 καλῶς

486 4746 555 4803 ad
588 4747 870 4818 pietatem,
902 4749 1264 4816 repedatores
1300 4747 1811 4816 ignominiososque
1844 4752 2062 4800 vocant.

693 4917 968 4979 CCCXVI.
993 4952 1062 4961 —
1090 4921 1324 4976 PIERIO
1377 4919 1835 4976 SYNCIJ‘ITICO.

552 5012 1007 5070 Humanissimus
1033 5015 1278 5068 omnium
1323 5013 1580 5067 Servatur
1606 5013 1884 5078 Christus,
1915 5016 2062 5086 quod

484 5107 552 5164 ad
579 5107 757 5178 ipsum
791 5107 1095 5178 spectabat,
1144 5123 1336 5162 omnes
1365 5106 1616 5162 homines
1648 5109 1792 5161 venit
1823 5109 2058 5164 salvare.

482 5200 870 5269 Conspicimus
917 5189 1098 5253 tamen
1163 5214 1272 5252 non
1328 5213 1518 5251 omnes
1565 5199 1891 5268 semetipsos
1947 5216 2062 5256 sua:

483 5293 649 5348 saluti
672 5290 892 5345 dedere.
916 5289 1328 5359 Cognoscamus
1349 5289 1531 5357 igitur,
1560 5305 1770 5358 nosque
1795 5291 2053 5360 metipsos

483 5385 554 5440 ob
604 5384 871 5439 desidiam
905 5390 960 5436 et
1007 5397 1228 5450 pravam
1290 5381 1624 5435 voluntatem
1685 5382 2048 5452 deploremus,

483 5490 663 5547 neque
686 5475 892 5544 optimo
923 5473 1154 5528 Domino
1185 5471 1394 5529 scelera
1437 5473 1765 5530 tribuamus.

2163 4746 2587 4816 ἐπιστρέφοντας
2637 4747 2730 4799 ἐπὶ
2759 4747 2856 4818 τὴν
2885 4748 3189 4815 εὐσέϐειαν,
3227 4752 3590 4816 ἀναποδιστᾶς
3633 4754 3722 4808 καὶ

2163 4838 2398 4906 φαύλους
2426 4838 2810 4893 ἀποκαλοῦσιν.

2440 4929 2685 4997 Τιςκ-
2718 4931 2946 5004 ΠΙΕΡΙῼ
2985 4934 3449 5007 ΣΥΓΚΛΗΤΙΚῼ.

2243 5019 2300 5070 ’0
2348 5019 2858 5090 φιλανθρωπότατος
2903 5024 3094 5096 Σωτὴρ
3130 5026 3236 5078 τῶν
3286 5026 3422 5080 ὅλων
3474 5030 3718 5099 Χριστὸς.

2158 5110 2218 5162 τό
2233 5127 2295 5178 γε
2324 5106 2458 5180 ἧκον
2494 5113 2572 5174 είς
2599 5113 2784 5177 αὑτὸν,
2816 5115 3024 5180 πάντας
3053 5116 3375 5188 ἀνθρώπους
3397 5122 3722 5190 παρεγένετο

2162 5199 2354 5254 σῶσαι.
2384 5201 2494 5253 Καὶ
2517 5201 2807 5274 βλέπομεν,
2832 5207 2913 5259 ὅτι
2949 5207 3009 5258 ού
3053 5207 3252 5272 πάντες
3281 5211 3506 5274 ἑαυτοὺς
3557 5213 3717 5265 ἐπιδιο

2159 5292 2307 5345 δόασι
2339 5295 2402 5363 τῇ
2432 5294 2675 5366 σωτηρίᾳ
2721 5297 2950 5350 ἑαυτῶν.
2981 5299 3171 5352 Τοίνυν
3223 5302 3605 5370 καταγνῶμεν,
3634 5303 3721 5354 καὶ

2160 5386 2387 5449 ἑαυτοὺς
2405 5386 2780 5460 ταλανίζωμεν
2802 5391 2900 5460 τῆς
2923 5391 3198 5462 ἀμελείας,
3216 5394 3310 5446 καὶ
3335 5397 3434 5465 τῆς
3457 5411 3721 5467 κακοφρο-

2163 5473 2350 5544 σύνης,
2374 5491 2376 5494 '
2397 5475 2489 5529 καὶ
2515 5475 2591 5548 μὴ
2622 5476 2699 5549 τῷ
2732 5479 2920 5550 ἀγαθῴ
2954 5482 3200 5554 Δεσπότῃ
3221 5483 3517 5555 ἐπάγωμεν
3537 5485 3607 5540 τὰ
3632 5487 3719 5554 ὲγ-

2165 5564 2417 5634 κλήματα
2428 5606 2440 5620 .

561 5733 609 5766 ⁹¹
633 5731 811 5791 Galat.
849 5749 931 5803 ut,
971 5733 1016 5788 l.
1083 5733 1136 5827 7"
1209 5734 1380 5795 Exod.
1420 5754 1590 5808 xxxii,
1631 5740 1858 5810 passim.
1933 5735 2098 5795 “Job
2131 5755 2207 5807 ix,
2236 5739 2317 5794 Π.
