3888 6040
162 343 264 408 197

473 459 615 513 TIZ'.
634 488 702 498 ——
729 459 1069 531 ΑΘΑΝΑΣΙῼ
1098 461 1375 531 ΕΚΔῙΚῼ.

228 550 479 620 Ὀμοιοςκ
501 549 763 621 ὑπάρχεις
816 549 892 619 τῷ
929 551 1158 617 λέγοντι,
1191 552 1273 604 ὄτι
1313 551 1543 604 ’Ήθελον
1602 552 1727 604 ίδείν

1376 347 1907 409 EPISTOLARUM
1946 351 2089 410 LIB.
2134 352 2181 409 Ι.

1752 469 1800 525 Α

3293 358 3391 424 198

1968 463 2264 518 CCCXVH.
2293 494 2358 504 --
2396 464 2787 522 ATHANASIO
2834 466 3235 523 DEFENSURI.

1898 554 2051 609 Haud
2070 557 2354 612 dissimilis
2377 573 2437 612 es
2464 558 2730 627 poscenti,
2752 560 2946 616 Videre
2968 560 3154 614 vellem
3177 562 3390 629 pluvias

151 638 395 710 ὄμϐρους
424 638 796 709 μεθύσκοντας
845 640 943 711 τὴν
980 642 1082 710 γῆν
1140 640 1376 707 ἃπασαν,
1413 643 1635 712 ριγῆσαι
1671 642 1721 695 δὲ

1832 654 2027 701 terram
2063 648 2372 702 universam
2405 649 2762 711 inebriantcs,
2796 649 2889 703 sed
2929 652 3054 702 nolo
3088 650 3288 718 frigore
3318 653 3394 705 ri-

152 733 213 784 οὐ
244 731 402 785 Θέλω.
436 732 544 784 Καὶ
581 730 698 794 πῶς
731 733 965 802 ἐγχωρεῖ
992 732 1113 802 δίχα
1144 732 1381 801 ψυχρίας
1419 733 1725 787 ἀπολαῦσαι

148 824 262 876 τῶν
285 822 533 895 ὄμϐρωνς
568 822 694 885 Πῶς
722 820 817 876 οὖν
847 824 1073 891 φάσκεις
1105 824 1411 892 ὀρέγεσθαι,
1456 826 1546 877 καὶ
1575 824 1726 893 εὔχε-

152 913 278 966 σθαι
300 913 679 982 πνευματικῆς
706 930 850 977 τινος
883 912 1177 982 ἀξιωθῆναι
1208 914 1427 982 χάριτος
1466 916 1597 968 ἄνευ
1631 911 1726 966 πό-

149 988 266 1066 νού,
284 1004 383 1056 καὶ
411 1003 671 1072 θλίψεωςς
705 1006 797 1056 Δεῖ
817 1006 923 1075 γὰρ
947 1008 1122 1057 πάντα
1151 1009 1240 1057 τὸν
1271 1006 1587 1075 βουλόμενον
1614 1006 1723 1058 εἴτε

146 1095 360 1162 λεῖκὸν,
390 1098 502 1149 εἴτε
537 1096 791 1166 μοναχὸν,
822 1097 1076 1167 οὐρανίου
1110 1098 1253 1160 τινὸς
1301 1100 1580 1167 ἐπιτυχεῖν
1624 1098 1723 1150 δω-

150 1189 306 1258 ρεᾶς,
358 1189 647 1257 ὑπομεῖναι
696 1188 905 1258 θλίψεις
950 1189 1170 1252 πολλὰς,
1208 1190 1302 1242 καὶ
1358 1191 1719 1260 πειρασμοὺς,

145 1280 243 1331 καὶ
271 1278 470 1343 λύπας,
511 1280 655 1347 ειπερ
685 1280 861 1332 πάντα
889 1280 1077 1350 ἐπέχει
1116 1280 1270 1348 λόγον
1302 1282 1563 1350 χειμῶνος
1590 1298 1721 1349 σφο-

142 1369 297 1439 δροῦ,
337 1365 438 1423 εἷθ’
462 1368 633 1434 οὕτως
658 1372 972 1443 ἀμήσασθαι
1002 1373 1129 1435 τοὺς
1166 1372 1411 1444 καρποὺς
1441 1373 1532 1425 τοῦ
1567 1373 1720 1441 ἁγίου

143 1460 291 1513 lived
298 1478 468 1531 ματος

658 1555 810 1609 Τ1Η’.
829 1585 897 1594 -
923 1556 1006 1620 Τῷ
1028 1554 1207 1619 αὐτῷ.

224 1662 244 1695 ι
274 1645 389 1698 Καὶ
442 1644 701 1709 ἐκάθισας
751 1646 935 1710 αὐτοῖς
976 1645 1165 1718 ὥσπερ
1210 1647 1448 1718 κορώνη,
1483 1666 1501 1698 ι
1536 1646 1719 1716 ἔλεγεν

140 1736 173 1789 ὁ
205 1736 495 1807 προφήτης
525 1752 537 1766 ο
576 1740 844 1802 τουτέστι,
883 1739 1050 1793 πολὺν
1089 1739 1278 1810 χρόνον
1332 1738 1719 1810 ἐπιλαθόμενος

143 1826 244 1879 τοῦ
278 1826 441 1890 Θεοῦ,
476 1830 883 1900 προσδιέτριϐες
908 1831 1206 1900 φιλοπόνως
1230 1833 1351 1895 ταῖς
1403 1831 1718 1901 ἁμαρτίαις,

143 1913 244 1967 καὶ
272 1914 362 1967 διὰ
393 1914 502 1967 τῶν
553 1919 912 1987 πταισμάτων
937 1922 1048 1982 τοῖς
1091 1919 1421 1990 ἀκαθάρτοις
1445 1920 1717 1989 δαίμοσιν.

153 2004 220 2059 Ἦ
267 2006 379 2077 γὰρ
418 2005 630 2077 κορώνη
664 2007 833 2061 πολλὰ
869 2008 963 2079 ἐτη
1001 2009 1090 2081 ζῇ,
1126 2011 1219 2065 καὶ
1246 2010 1556 2079 φιλότεκνός
1581 2012 1717 2065 ἐστι.

141 2098 295 2151 Πάνυ
318 2099 497 2152 τοίνυν
522 2101 614 2152 καὶ
644 2102 752 2163 πᾶς
770 2102 797 2153 6
828 2100 1130 2170 φιλήδονος,
1162 2102 1255 2156 καὶ
1281 2102 1613 2173 φιλόκοσμος
1640 2121 1722 2172 φι-

140 2189 230 2243 λεῖ
252 2191 348 2244 καὶ
382 2193 600 2263 στέργει
624 2196 691 2249 τὰ
726 2194 895 2248 τέκνα
914 2194 1100 2260 αὐτοῦ,
1122 2195 1457 2250 τουτέστιτά
1481 2195 1717 2267 ὀλέθρια,

140 2286 242 2338 καὶ
278 2284 508 2357 βδελυρά
536 2288 856 2356 πράγματα.

537 2377 683 2432 Τιθν.
702 2407 769 2416 -
800 2378 1015 2448 ΗΡΙΜῼ
1043 2378 1334 2433 nomen.

215 2462 336 2533 Τῆς
366 2463 706 2536 λεγομένης,
748 2468 806 2519 οὐ
867 2468 973 2538 μὴν
1028 2466 1195 2537 οὔσης
1250 2468 1566 2538 ἀνεφίκτου,
1627 2469 1724 2523 καὶ

141 2554 460 2624 ὑπερφυοῦς
516 2557 782 2626 καθέδρας
840 2557 948 2608 τῶν
1009 2558 1262 2628 ἐπάρχων
1313 2559 1599 2629 ἐπιθυμεῖν
1660 2575 1721 2611 σε

145 2646 431 2717 μανθάνω.
486 2648 723 2700 Γίνωσκε
763 2645 876 2712 οὖν,
935 2650 1284 2722 λαμπρότατε
1322 2652 1596 2722 ἄνθρωπε,
1641 2653 1723 2705 ὅτι

145 2740 329 2811 μικρὰ
363 2740 483 2811 μὲν,
519 2741 613 2793 καὶ
650 2741 873 2812 εὐτελής
911 2744 1050 2805 ἐστι,
1086 2745 1181 2795 καὶ
1215 2744 1594 2814 ὀλιγοήμερος,
1628 2743 1725 2796 καὶ

141 2833 259 2886 τῶν
284 2833 490 2904 ήρινῶν
507 2832 713 2886 ἀνθέων
737 2835 885 2888 οὐδὲν
912 2836 1265 2907 διαφέρουσα,
1287 2838 1319 2906 ή
1344 2838 1491 2907 παρὰ
1513 2836 1703 2907 ἀνθρώ-

144 2942 269 2978 πων
320 2942 402 2978 σοι
436 2927 852 2999 προσφερομένη
901 2928 1345 2997 γελοιώδης,ίκαὶ
1393 2929 1723 3000 χλευαστικὴ
1776 2974 1783 2982 .

142 3013 301 3081 δόξα,
342 3017 550 3088 μεγάλη
623 3019 680 3072 δέ
730 3021 823 3072 καὶ
875 3021 1040 3091 πολλὴ
1084 3023 1401 3092 τυγχάνειή
1436 3023 1725 3093 ἐσύστερον

1825 754 2065 809 gescere.
2122 739 2508 794 Verumtamen
2558 741 2834 809 quomodo
2902 742 3013 793 fieri
3068 750 3279 809 potest,
3333 751 3393 796 ut

1827 830 2033 897 absque
2086 831 2287 893 frigore
2331 833 2540 900 pluvias
2586 832 2874 886 obtincas‘.’
2920 832 3209 898 Quomodo
3261 848 3393 903 ergo

1825 923 2057 991 appetis,
2092 939 2398 991 exorasque
2451 924 2545 976 tibi
2594 925 2934 992 spiritualem
2988 925 3226 993 aliquam
3269 940 3394 995 gra-

1824 1012 1953 1066 tiam
1987 1013 2106 1066 sine
2138 1014 2326 1077 dolore
2351 1021 2404 1066 et
2434 1012 2764 1067 alllictione?
2802 1012 2971 1082 Opus-
2998 1020 3084 1067 est
3124 1028 3271 1075 eum,
3298 1014 3392 1082 qui

1776 1146 1785 1159 κ
1822 1099 1959 1162 vult,
1995 1100 2108 1154 sive
2140 1099 2303 1153 homo
2333 1116 2362 1155 e
2384 1101 2566 1169 vulgo,
2592 1102 2709 1155 sive
2742 1102 3045 1156 monachus
3076 1103 3166 1167 sit,
3193 1117 3393 1156 munus

1821 1189 2097 1258 quidpiam
2147 1192 2368 1245 cceleste
2415 1191 2684 1268 obtinere,
2726 1194 2925 1248 multas
2976 1193 3210 1248 sull'erre
3251 1193 3394 1248 afﬂi-

1822 1282 2053 1339 cuones.
2103 1291 2156 1334 et
2212 1284 2566 1347 tentationes,
2617 1293 2671 1338 et
2701 1285 3006 1354 angustias,
3055 1300 3176 1355 quae
3206 1285 3391 1339 omnia

1822 1372 2169 1427 validissimae
2198 1373 2393 1429 hiemis
2442 1374 2709 1429 rationem
2740 1391 2851 1445 prae
2885 1392 2943 1430 se
2976 1376 3181 1441 ferunt,
3214 1384 3269 1431 et
3309 1376 3391 1432 sic

1821 1466 2164 1532 postmodum
2201 1462 2441 1533 Spiritus
2470 1467 2646 1519 sancti
2684 1465 2895 1520 fructus
2935 1467 3235 1523 demetere.
3276 1476 3316 1529 ’,

2276 1554 2595 1610 CCCXVIII.
2622 1587 2691 1597 —
2722 1556 2930 1613 Eidem.

1895 1661 1915 1695 ι
1946 1642 2009 1696 Et
2038 1644 2227 1699 sedisti
2263 1645 2370 1700 illis
2405 1656 2659 1716 tanquam
2684 1649 2871 1702 cornix
2896 1649 2995 1712 9‘,»
3030 1648 3245 1703 dicebat
3272 1665 3394 1718 pro-

1821 1733 1980 1803 pheta
2016 1753 2028 1788 :
2060 1736 2162 1789 hoc
2194 1737 2349 1806 117
2379 1746 2482 1800 est,
2518 1740 2860 1807 permultum
2891 1749 3108 1808 tempus
3137 1739 3232 1794 Dei
3258 1741 3394 1793 Obli-

1826 1834 1914 1879 tus
1939 1825 2100 1878 anxie
2132 1826 2298 1880 nimis
2334 1826 2385 1879 in
2420 1827 2821 1897 iniquitatibus,
2857 1838 2911 1882 et
2941 1844 3036 1897 per
3076 1831 3391 1899 iniquitates

1822 1914 2166 1969 dmmonibus
2190 1916 2487 1971 immundis
2515 1918 2918 1974 immorabaris.
2950 1919 3153 1972 Cornix
3188 1920 3390 1974 etenim

1822 2004 1880 2059 in
1914 2006 2112 2060 multos
2146 2020 2319 2061 annos
2346 2010 2510 2061 vitam
2562 2010 2850 2079 protrahit,
2894 2020 2949 2064 et
2983 2010 3279 2064 liberorum
3309 2019 3394 2066 est

1822 2109 2034 2151 amans.
2070 2094 2261 2151 Omnis
2304 2097 2488 2166 itaque
2512 2100 2892 2167 voluptuarius
2920 2108 2974 2153 et
3000 2100 3204 2154 mundo
3237 2099 3393 2154 dedi-

1821 2195 1912 2244 tus
1941 2189 2165 2243 nimium
2199 2197 2345 2243 amat
2383 2199 2439 2243 et
2471 2189 2648 2259 diligit
2694 2190 2947 2260 proprios
2987 2190 3150 2257 ﬁlios,
3198 2194 3393 2249 noxias

1822 2291 2021 2345 nempe
2049 2292 2135 2330 res
2161 2286 2325 2343 atque
2362 2278 2750 2333 exsecrandas.
3062 2282 3065 2283 ⁷

2116 2367 2394 2423 CCCXIX.
2424 2398 2494 2409 —
2524 2368 2786 2426 HERIMO
2836 2368 3090 2427 COMITI.

1894 2459 2025 2525 Quae
2067 2460 2291 2527 dicitur,
2325 2477 2425 2515 nec
2456 2473 2634 2515 tamen
2686 2470 2790 2528 est,
2837 2463 3181 2518 inaccessam
3226 2473 3393 2534 atque

1820 2551 2091 2623 insignem
2137 2553 2429 2623 praesidum
2466 2555 2760 2623 provincia:
2802 2557 3118 2612 cathedram
3152 2557 3309 2612 avide
3339 2567 3396 2613 te

1824 2655 2110 2715 peroptare
2132 2646 2312 2700 audio.
2341 2646 2495 2700 Scias
2520 2647 2722 2716 itaque,
2744 2648 2828 2701 vir
2850 2649 3244 2715 illustrissime,
3272 2667 3395 2721 qua:

1822 2736 1920 2791 tibi
1952 2736 2019 2789 ab
2052 2736 2365 2791 hominibus
2416 2738 2649 2792 ridicula
2688 2747 2742 2793 et
2803 2740 3072 2795 dedecore
3128 2755 3392 2812 Oppressa

1822 2828 1995 2898 gloria
2017 2827 2281 2891 defertur,
2310 2843 2528 2897 parvam
2560 2837 2609 2881 et
2643 2830 2825 2890 vilem,
2860 2838 2913 2883 et
2945 2845 3243 2899 paucorum
3279 2831 3394 2886 die-

1822 2932 1943 2970 rum
1967 2932 2110 2979 esse,
2140 2926 2194 2970 et
2221 2932 2250 2969 a
2280 2919 2463 2973 vernis
2496 2918 2722 2972 ﬂoribus
2748 2918 2885 2972 nihil
2914 2918 3168 2986 dill‘erre;
3203 2921 3395 2990 ingen-

1824 3014 1931 3062 tem
1971 3022 2117 3071 vero,
2159 3010 2495 3077 multamque
2529 3024 2650 3077 quae
2690 3008 3067 3078 subsequitur,
3116 3009 3393 3064 deforma-

143 3105 407 3178 αἰσχύνη.
439 3108 502 3162 Εί
534 3110 713 3163 τοίνυν
747 3111 820 3182 μὴ
853 3111 1038 3182 βούλει
1066 3113 1437 3183 αίσχυνθῆναι,
1469 3113 1543 3184 μὴ
1597 3113 1721 3183 βού-

1832 3100 2051 3154 tionem.
2088 3101 2277 3169 Itaque
2317 3101 2362 3155 si
2392 3116 2497 3153 non
2525 3100 2606 3154 vis
2643 3100 2865 3169 probra,
2907 3099 3131 3169 despice
3162 3100 3392 3170 gloriam

144 3197 245 3251 λου
276 3197 600 3271 ὣξασθῆναι
620 3201 718 3273 τὴν
742 3200 1024 3267 ἔκπλυτον,
1059 3204 1153 3257 καὶ
1179 3204 1381 3275 ῥᾳδίως
1412 3204 1726 3274 ἐξαφανιξο-

149 3289 330 3361 μένην
359 3292 455 3344 καὶ
483 3293 812 3363 μειουμένην
836 3292 1013 3358 δόξαν.

580 3382 709 3436 TK'.
741 3412 806 3421 -
836 3385 1306 3455 ΦΙΡΜΙΛΛΙΑΝῼ.

230 3494 250 3528 ι
295 3476 440 3529 Ἀντὶ
484 3474 593 3530 τῶν
624 3476 873 3545 πατέρων
903 3477 1272 3548 ἐγεννήθησαν
1307 3479 1355 3531 οἱ
1405 3479 1510 3530 υἱοί
1545 3496 1662 3537 σου.
1702 3499 1721 3532 ι

149 3567 221 3620 Οἱ
272 3567 381 3639 γὰρ
419 3569 477 3619 ἐν
504 3567 581 3637 τῷ
610 3566 887 3637 Μωσαῖκῴ
914 3568 1061 3638 νόμῳ
1092 3568 1508 3639 λελατρευκότες
1536 3570 1727 3640 πρώην

148 3657 296 3728 Θεῷ,
334 3658 429 3713 καὶ
473 3659 920 3729 εὐηρεστηκότες,
975 3660 1216 3730 δεύτεροι
1250 3660 1357 3712 τῶν
1414 3661 1726 3715 ἀποστόλων

149 3748 475 3819 ἐδείχθησαν
514 3750 666 3803 κατὰ
711 3750 810 3820 τὴν
857 3751 1223 3819 Ἐκκλησίαν⁸
1280 3752 1328 3804 οἱ
1379 3752 1484 3805 υἱοὶ
1533 3752 1641 3824 γὰρ
1677 3755 1725 3806 ot

150 3839 444 3894 ἀπόστολοι
477 3836 619 3912 ἦσαν
650 3842 747 3911 τῆς
773 3842 880 3895 τῶν
922 3842 1188 3913 Ἐϐραίων
1220 3842 1543 3912 συναγωγῆς
1563 3859 1575 3872 ·
1609 3843 1725 3896 ἀλλ’

152 3932 346 4003 ἐπειδὴ
384 3932 750 4004 κατηξίωνται
778 3934 854 4005 τῷ
878 3933 1098 4004 Χριστῷ
1133 3933 1493 4004 μαθητεῦσαι,
1522 3937 1615 3988 καὶ
1639 3935 1725 3987 διὰ

152 4025 379 4077 πάντων
408 4026 747 4094 μιμήσασθαι
771 4025 861 4079 τὸν
887 4025 1235 4088 Διδάσκαλον,
1258 4027 1403 4088 υἱοὺς
1431 4026 1724 4089 ἀπέδειξαν

152 4115 365 4169 ἑαυτῶν
414 4119 480 4188 τῇ
533 4117 793 4189 πολιτείᾳ,
850 4119 942 4171 καὶ
994 4117 1072 4188 τῷ
1125 4116 1414 4188 ἀξιώματι,
1473 4118 1599 4181 τοὺς
1643 4120 1723 4171 oi-

154 4208 339 4271 κείους
389 4209 629 4281 πατέρας
678 4211 804 4272 τοὺς
851 4210 911 4261 ἐν
961 4208 1039 4280 τῷ
1082 4208 1231 4280 νόμῳ
1275 4208 1441 4263 πάλαι
1498 4208 1723 4262 δικαιω-

153 4296 369 4361 θέντας.

644 4390 821 4443 ΤΚΑ’.
841 4420 911 4429 -
932 4389 1015 4456 Τῷ
1048 4389 1229 4455 αὐτῷ.

1826 3194 1994 3256 illam,
2028 3207 2149 3263 qua:
2179 3193 2339 3247 facile
2376 3192 2656 3256 dilabitur,
2688 3191 2958 3245 amittitur
3000 3200 3166 3262 atque
3209 3192 3395 3246 immi-

1826 3286 2035 3341 nuitur.

2177 3373 2427 3431 CCCXX.
2476 3404 2542 3415 ——
2573 3372 3040 3428 FIRMILLIANO.

1902 3488 1920 3520 ι
1955 3469 2062 3523 Pro
2107 3467 2519 3538 patribustuis
2564 3468 2675 3519 nati
2714 3477 2842 3521 sunt
2871 3466 2967 3520 tibi
3003 3465 3098 3518 filii
3124 3467 3191 3517 9°.
3225 3484 3243 3517 ι
3291 3465 3396 3530 Qui

1825 3560 1970 3615 enim
2017 3562 2069 3615 in
2116 3562 2230 3629 lege
2269 3537 2505 3613 Mosaica
2542 3558 2651 3613 Deo
2689 3561 2896 3613 cultum
2931 3558 3200 3628 principio
3233 3559 3392 3612 exhi-

1825 3652 2082 3717 buerunt,
2114 3652 2301 3720 illique
2349 3650 2708 3720 placuerunt,
2747 3650 3046 3705 secundum
3090 3661 3209 3717 post
3260 3664 3397 3718 apu-

1828 3744 1996 3799 stolos
2049 3746 2101 3796 in
2153 3743 2395 3797 Ecclesia
2448 3744 2623 3795 locum
2682 3742 3036 3795 obtinuerunt
3071 3759 3084 3795 :
3120 3740 3213 3794 ﬁlii
3249 3742 3395 3795 enim
3462 3762 3468 3821 ε

1828 3835 2056 3904 apostoli
2113 3845 2270 3889 erant
2322 3832 2673 3886 Hebraeorum
2733 3829 3067 3901 Synagogaz;
3118 3829 3213 3884 sed
3269 3845 3393 3883 cum
3464 3856 3469 3889 ;

1828 3935 2012 3997 postea
2037 3927 2184 3996 digni
2232 3926 2403 3979 habiti
2460 3935 2609 3987 sunt,
2661 3932 2719 3977 ut
2764 3924 2968 3979 Christi
3011 3923 3263 3993 discipuli
3302 3923 3396 3975 [ie-

1825 4025 1969 4081 rcnt,
2017 4024 2071 4071 et
2119 4033 2210 4086 per
2260 4018 2444 4070 omnia
2501 4014 2820 4083 Magistrum
2859 4014 3227 4078 imitarentur,
3270 4013 3394 4065 vita:

1826 4109 2076 4162 instituto
2107 4116 2159 4160 et
2208 4106 2472 4177 dignitate
2513 4106 2765 4175 proprios
2810 4113 3017 4173 patres,
3054 4106 3150 4173 qui
3190 4103 3243 4156 in
3277 4103 3393 4171 lege

1820 4198 1931 4267 jam
1963 4199 2090 4250 olim
2111 4197 2396 4266 justilicati
2444 4195 2681 4258 fuerant,
2721 4194 2864 4249 ﬁlios
2892 4209 3015 4249 esse
3047 4208 3179 4250 suos
3202 4200 3392 4248 osten-
3472 4230 3479 4237 .

1822 4286 2042 4340 derunt.

2219 4377 2378 4446 118
2402 4374 2679 4430 CCCXXI.
2710 4406 2781 4415 -—
2810 4374 3021 4429 Eidem.

225 4480 447 4551 Δυνήση
474 4481 566 4533 καὶ
604 4482 777 4545 ἄλλως
805 4481 865 4535 τὸ
888 4483 1049 4553 ῥητὸν
1071 4483 1407 4550 ἐκδέξασθαι,
1425 4483 1500 4548 ὼς
1521 4483 1588 4537 τὰ
1616 4483 1721 4554 πρὸ

1897 4466 2105 4520 Poteris
2134 4469 2295 4519 etiam
2327 4469 2554 4528 dictum,
2586 4475 2640 4519 et
2670 4466 2722 4519 in
2757 4466 2918 4519 aliam
2949 4464 3275 4520 sententiam
3310 4481 3395 4517 re—

147 4570 336 4639 ὀλίγου
360 4573 548 4643 χρόνον
578 4573 906 4644 ὁμιληθέντα
936 4576 1087 4644 ἡμῖν.
1121 4594 1138 4625 ι
1174 4576 1321 4627 Ἀντί
1340 4575 1448 4629 τῶν
1470 4576 1721 4646 πατέρων

153 4679 253 4714 σου
310 4663 680 4733 ἐγεννήθησαν
732 4665 779 4717 οἱ
829 4666 933 4717 υἱοί
994 4681 1086 4718 σου
1121 4681 1135 4698 ο
1177 4684 1194 4717 ι
1232 4667 1530 4731 τουτέστιν,
1586 4667 1722 4736 ὅπερ

152 4752 348 4823 πρώην
377 4755 467 4806 ἐπὶ
506 4754 612 4807 τῶν
645 4756 895 4825 πατέρων
950 4773 1040 4808 σου
1096 4756 1385 4818 πλεονάκις
1429 4758 1582 4827 παρὰ
1628 4757 1720 4811 τοῦ

148 4843 291 4897 Θεοῦ
342 4845 611 4915 ἐζήτησας
663 4846 926 4916 χάρισμα,
979 4848 1072 4899 καὶ
1109 4846 1371 4910 πολλάκις
1431 4847 1718 4916 ἁπέτυχες,

149 4944 250 4989 καὶ
295 4938 703 5007 παρηκούσθης,
760 4937 918 4989 τοῦτο
975 4938 1061 4990 ἐπ’
1093 4940 1335 5008 ἐσχάτων
1390 4935 1485 4990 τοῦ
1535 4940 1720 5010 γήρως

151 5045 246 5081 σου
310 5026 452 5097 ὑπὲρ
499 5028 599 5097 τὴν
648 5027 991 5080 παιδοποιίαν
1037 5028 1329 5096 δεξάμενος
1383 5027 1581 5100 τέρπῃ,
1628 5029 1723 5083 καὶ

150 5112 545 5185 κατευφραίνῃ·
576 5113 863 5184 κρείσσονα
885 5116 1013 5185 γὰρ,
1047 5116 1232 5186 φησὶν,
1266 5116 1397 5169 υἱῶν
1425 5117 1519 5170 καὶ
1557 5117 1724 5187 θυγα-

148 5203 329 5275 τέρων
352 5204 559 5273 δωρεὰν
582 5205 610 5257 6
642 5204 843 5275 Κύριος
870 5206 1032 5259 δώσει
1063 5224 1163 5260 σοι.

365 5293 539 5347 TKB‘.
566 5324 637 5334 —
661 5290 998 5349 ΣΩΚΡᾹΤΕΙ
1041 5296 1508 5368 ΠΡΕΣΒΥΤΕΡῼ.
1711 5342 1717 5352 .

220 5382 303 5454 Τῇ
337 5384 513 5456 οἰκείᾳ
549 5387 577 5439 6
633 5386 763 5449 Θεὸς
801 5387 1096 5457 ἀγαθὸτητι
1134 5386 1201 5439 τὰ
1236 5386 1412 5440 πάντα
1447 5390 1720 5460 συστησά-

1821 4568 2113 4627 torquere:
2145 4574 2266 4627 qua:
2310 4566 2434 4610 ante
2485 4572 2592 4609 non
2641 4557 2870 4609 multutn
2923 4565 3139 4625 tempus
3173 4573 3200 4607 ει
3235 4557 3394 4610 nobis

1820 4661 2146 4720 pertractata
2186 4661 2334 4702 sunt.
2382 4665 2400 4696 ι
2442 4647 2544 4699 Pro
2574 4647 2823 4715 patribus
2852 4646 2962 4699 tuis
2994 4648 3105 4699 nati
3138 4654 3266 4699 sunt
3295 4646 3394 4700 tibi

1822 4741 1914 4793 lilii
1948 4758 1961 4793 ;
1998 4760 2016 4791 ι
2062 4736 2362 4808 quodquod
2419 4736 2627 4791 scilicet
2678 4736 2884 4805 pridem
2921 4745 3135 4805 patrum
3174 4744 3392 4788 tnormn

1820 4840 2065 4900 tempore
2093 4832 2291 4900 saepius
2325 4846 2353 4882 a
2393 4828 2504 4883 Deo
2536 4846 2735 4882 munus
2770 4828 3078 4897 postulasti,
3107 4835 3159 4881 et
3190 4827 3393 4897 saepius

1820 4941 1928 4980 non
1966 4923 2272 4985 obtinuisti,
2308 4938 2484 4991 neque
2527 4922 2814 4975 exauditus
2843 4937 2923 4983 es,
2958 4920 3060 4972 hoc
3094 4918 3252 4973 elIeta
3278 4918 3395 4986 jam

1819 5025 1975 5072 attate
2019 5030 2182 5085 super
2230 5015 2367 5069 alios
2404 5014 2545 5068 lilios
2590 5022 2923 5067 consecutus
2956 5012 3157 5066 laetaris
3179 5019 3231 5063 et
3260 5025 3395 5079 gau-

1820 5111 1918 5165 des
1950 5128 1963 5164 :
1996 5106 2190 5163 Melius
2222 5107 2389 5171 enim,
2425 5107 2518 5169 ait,
2550 5106 2677 5159 liliis
2704 5114 2757 5159 et
2793 5105 3031 5183 filiabus,
3063 5117 3259 5157 munus
3289 5101 3394 5157 Do-

1822 5204 2004 5258 minus
2035 5202 2130 5255 tibi
2165 5201 2385 5253 tribuet.

1979 5293 2276 5352 CCCXXII.
2314 5321 2380 5331 —
2420 5290 2713 5345 SOCltATl
2764 5286 3243 5344 PRESBYTERO.

1895 5388 2122 5459 Propria
2156 5386 2299 5439 Deus
2332 5385 2576 5439 bonitate
2612 5385 2936 5437 constitutis
2970 5382 3246 5445 omnibus,
3275 5395 3393 5433 om-

154 5491 338 5544 μενος,
383 5478 603 5547 προνοεῖ
632 5479 866 5543 πάντων,
914 5478 1013 5532 οὐκ
1051 5478 1131 5541 είς
1182 5477 1241 5533 τὸ
1281 5481 1397 5532 κατ’
1420 5478 1577 5543 ἀξίαν
1610 5481 1719 5535 τῶν

1832 5497 1975 5536 nmm
2027 5493 2212 5533 curam
2263 5477 2425 5544 gerit,
2474 5491 2583 5528 non
2625 5475 2944 5545 dignitatem
3003 5487 3214 5532 eormn,
3252 5484 3392 5538 quos

153 5567 249 5620 ὑπ’
280 5566 447 5621 αὑτοῦ
482 5571 893 5641 προνοουμένων
928 5568 1158 5639 βλέπων.
1188 5570 1303 5625 ἀλλ’
1330 5573 1408 5636 είς
1441 5572 1499 5626 τὸ
1529 5573 1717 5629 ἑαυτοῦ

1832 5575 1943 5644 ipse
1979 5572 2256 5643 praevidet,
2289 5567 2613 5640 respiciens,
2646 5567 2739 5623 sed
2782 5566 3043 5636 suiipsius
3071 5566 3391 5619 elei-tionem

225 5745 276 5778 "
298 5743 414 5804 Jer.
441 5748 599 5815 111,2,
674 5749 722 5831 ξι
752 5746 899 5806 Psal.
936 5764 1084 5816 μιν,
1113 5749 1198 5807 t7.
