3888 6040
464 309 572 380 199

1953 325 2014 385 S.
2046 324 2209 385 NILI

3616 334 3731 396 200

462 437 519 481 et
547 425 926 495 cujuscunque
972 424 1101 481 boni
1132 428 1656 499 suppeditationem.
1687 432 2033 504 Quapropter

2145 434 2449 492 ἑκλεκτικόν
2486 457 2544 494 τε
2585 443 2678 496 καὶ
2731 446 2932 509 παντὸς
2961 414 3170 515 ἀγαθοῦ
3223 449 3578 518 παρεκτικόν.
3626 455 3730 506 Διὸ

461 527 518 574 et
549 517 830 582 alimenta,
875 517 1252 574 misericordia
1305 531 1360 576 et
1405 523 1924 589 commiseratione,
1978 525 2033 579 in

463 626 588 682 eum
626 610 1046 679 respicientibus
1081 612 1324 665 exhibet.
1363 611 1428 666 Et
1470 613 1572 667 hoc
1608 613 1792 682 fuerit,
1827 615 1972 685 quod
2004 629 2037 670 a

462 701 756 757 I‘salmodo
802 702 1114 756 concinitur
1150 719 1164 758 ε
1222 721 1241 754 ι
1281 703 1597 759 Misericors
1646 714 1700 759 et
1744 707 2038 762 miserator

465 794 752 860 Dominus,
783 811 966 850 escam
996 795 1088 850 dat
1121 797 1440 854 timentibus
1474 813 1534 854 se
1553 801 1621 852 “7.
1656 818 1674 851 ι

690 887 1007 943 CCCXXIII.
1037 918 1105 930 —
1132 887 1436 946 CYRIACO
1481 890 1802 947 DlACONO.

532 977 632 1042 Ne,
663 988 722 1033 ut
748 983 936 1034 vesani
963 978 1145 1035 facere
1167 997 1416 1046 suevere,
1438 983 1710 1052 corporis,
1733 1000 1853 1053 quae
1875 999 2040 1055 gene-

461 1072 730 1126 rationem
761 1079 1087 1142 propagant,
1114 1081 1297 1142 partes
1334 1074 1608 1140 abscidas,
1659 1075 1754 1130 sed
1811 1092 2039 1146 precare

459 1178 738 1233 exoraque
797 1162 1084 1218 Dominum
1125 1165 1385 1222 invisibili
1424 1169 1666 1236 potentia
1720 1168 2036 1223 interiorem

461 1253 738 1309 hominem
769 1255 1001 1319 evirare,
1032 1271 1099 1311 ne
1127 1257 1266 1310 ultra
1309 1257 1598 1330 intelligas,
1632 1275 1809 1329 neque
1855 1269 2038 1314 mente

461 1346 710 1401 revolvas
743 1347 1048 1400 masculum
1087 1356 1141 1400 et
1171 1345 1452 1402 feminam.

821 1436 980 1507 119
1011 1437 1337 1493 CCCXXIV.
1367 1469 1435 1479 —-
1471 1439 1680 1495 Eidem.

533 1518 749 1584 Dictum
812 1533 1080 1599 Apostoli,
1148 1551 1166 1583 ι
1215 1533 1596 1588 Adhortamini
1651 1536 2034 1608 vosmetipsos,

460 1617 643 1672 donec
673 1618 833 1673 hodie
855 1621 1280 1690 cognominatur
1311 1622 1393 1686 '3;
1431 1640 1449 1671 ι
1485 1631 1538 1676 et
1564 1623 1709 1692 quod
1739 1623 1792 1676 in
1819 1621 1939 1678 Jobi
1972 1625 2038 1679 li-

462 1711 563 1764 bro
590 1709 855 1780 scriptum
886 1721 1006 1766 est:
1046 1730 1064 1761 ι
1104 1710 1329 1766 Factum
1361 1721 1466 1776 est,
1515 1722 1575 1768 ut
1618 1714 1735 1770 dies
1768 1715 1880 1770 haec
1908 1716 1976 1781 ”,
2009 1734 2029 1769 ι

2145 1725 2196 1777 ὲν
2219 1728 2287 1796 τῇ
2319 1725 2488 1798 βίϐλῳ
2529 1709 2624 1784 τοῦ
2673 1732 2812 1785 Ίώϐ·
2855 1753 2874 1786 ι
2922 1734 3169 1805 Ἐγένετο
3221 1739 3296 1806 δὲ,

461 1811 706 1864 ιιι-αιεθιιε
737 1812 911 1850 aevum
941 1799 1260 1852 universum
1299 1801 1503 1855 indicat
1534 1817 1554 1855 :
1585 1819 1730 1859 unus
1758 1805 2034 1875 siquidem
2069 1793 2112 1848 Β

459 1889 579 1944 dies
611 1898 696 1944 est
731 1889 966 1944 humana
1005 1893 1113 1945 vita
1146 1893 1347 1948 (tinnis.
1382 1895 1663 1950 Continuo
1693 1898 1860 1962 enim,
1896 1913 2038 1954 sem-

461 1995 667 2048 perque
716 1977 951 2034 Satanas
1000 1985 1273 2051 exposcit.
1329 1982 1557 2039 Faetum
1599 1988 1784 2056 itaque
1821 1999 1928 2054 est,
1978 1995 2038 2042 ut

459 2069 579 2124 dies
632 2071 782 2134 inec,
827 2072 932 2127 hoc
981 2084 1086 2134 est,
1141 2075 1249 2128 tale
1289 2075 1420 2144 quid
1469 2085 1600 2131 tunc
1637 2077 1754 2133 ﬁeri
1785 2079 2035 2150 contigit,

461 2162 624 2231 quale
677 2171 733 2217 et
785 2163 994 2219 nostris
1050 2165 1200 2220 hisce
1264 2168 1606 2237 temporibus
1657 2185 2036 2241 saepenumero

462 2253 721 2309 usuvenit
776 2254 867 2322 iis,
918 2255 1009 2325 qui
1065 2272 1095 2309 a
1151 2256 1371 2312 diabolo
1424 2268 1727 2317 tentantur.
1777 2263 1927 2319 Adeo
1979 2275 2039 2319 ut

462 2345 608 2400 haud
653 2356 804 2402 recte
856 2346 1022 2403 fuerit.
1075 2358 1458 2420 contemnere;
1495 2335 1747 2423 quinimo
1777 2356 2036 2426 depreca-

461 2438 614 2492 tione
649 2446 704 2490 et
754 2437 994 2508 Spiritus
1036 2443 1420 2497 consolatione
1460 2453 1700 2500 mentem
1733 2445 2032 2512 ﬁrmemus,

461 2545 532 2584 ne
563 2545 663 2584 nos
691 2528 1040 2586 adversarius
1073 2547 1168 2601 per
1193 2534 1636 2604 desperationem
1672 2537 1961 2608 obglutiat.

931 2621 1234 2680 CCCXXV.
1259 2657 1327 2668 -—
1353 2626 1561 2682 Eidem.

530 2733 761 2788 Occulta
809 2751 977 2790 manu
1030 2735 1177 2793 Deus
1237 2738 1378 2794 bello
1448 2748 1610 2795 vexat
1655 2741 1925 2806 Amalec,
1979 2751 2039 2798 ut

459 2825 628 2879 refert
676 2823 890 2897 Moyses
920 2827 959 2879 ¹.
988 2826 1252 2884 Dominus
1309 2830 1455 2884 enim
1503 2842 1715 2899 noster,
1750 2833 2035 2888 oculorum

460 2915 730 2987 effugiens
759 2917 1032 2981 obtutum,
1078 2933 1178 2988 pro
1213 2921 1374 2976 nobis
1403 2922 1681 2977 diabolum
1711 2937 1986 2996 oppugnat
2017 2944 2032 2982 :

463 3025 564 3064 nos
603 3025 734 3066 vero
765 3021 984 3081 propter
1016 3026 1214 3066 nomen
1249 3028 1433 3079 suum,
1464 3023 1519 3070 et
1555 3017 1833 3086 propriam
1867 3019 2037 3074 mise-

2140 529 2236 581 καὶ
2273 529 2479 600 τροφὴν
2505 533 2639 604 ἐλέῳ
2664 535 2760 589 καὶ
2785 539 3054 609 οἱκτιρμῷ
3082 538 3268 592 δίδωσι
3305 543 3418 605 τοῖς
3445 543 3524 605 εἰς
3551 543 3729 599 αὐτὸν

2138 619 2556 681 ἀναϐλέπουσιν.
2588 629 2701 682 Καὶ
2723 629 2882 684 τοῦτο
2909 633 2975 686 ἂν
3002 635 3085 704 εἴη
3118 635 3178 688 τὸ
3207 635 3313 690 ὑπὸ
3340 637 3436 691 τοῦ
3477 638 3730 710 Ψαλμῳ-

2137 711 2228 766 δοῦ
2260 714 2575 788 λεγόμενον,
2604 721 2688 775 ὅτι
2724 742 2742 775 ι
2767 725 3067 796 Ἐλεὴμων,
3092 729 3188 782 καὶ
3215 731 3516 803 οἰκτίρμων
3545 736 3576 788 6
3607 735 3732 789 Κύ-

2143 825 2256 880 ριος
2285 810 2492 881 τροφὴν
2519 811 2702 866 δίδωσι
2725 817 2838 880 τοῖς
2870 818 3224 889 φοϐουμένοις
3252 825 3438 878 αὐτόν.
3463 845 3483 877 ι

2454 902 2546 955 ΤΚ
2556 904 2627 958 Γ’.
2642 935 2711 945 -
2729 906 3045 980 ΚΥΡῙΑΚῼ
3073 912 3396 984 ΔΙΑΚΟΝῼ.

2207 994 2301 1065 Μὴ
2328 993 2467 1049 κατὰ
2489 997 2616 1061 τοὺς
2638 997 2881 1070 ἄφρονας
2907 999 3097 1071 βούλου
3123 1003 3375 1075 ἐκτεμεῖν
3394 1005 3464 1060 τὰ
3491 1007 3588 1060 τοῦ
3619 1008 3724 1062 σώ-

2143 1098 2312 1152 ματος
2362 1088 2658 1157 γεννητικὰ
2708 1088 2894 1161 μόρια,
2928 1091 3043 1145 ἀλλ’
3068 1092 3250 1164 εὐχου,
3283 1095 3379 1149 καὶ
3408 1100 3726 1167 παρακάλει.

2137 1175 2229 1228 τὸν
2258 1173 2460 1247 Κύριον
2495 1177 2712 1251 ἀοράτῳ
2735 1181 2964 1252 δυνάμει
2996 1185 3306 1255 εὐνουχίσαι
3344 1189 3436 1241 τὸν
3467 1189 3580 1243 έσω
3622 1192 3725 1245 άν-

2140 1264 2380 1337 θρωπον,
2433 1269 2520 1322 ἵνα
2557 1270 2758 1342 μηκέτι
2797 1273 3007 1346 ὲννοῇς,
3047 1278 3181 1347 μηδὲ
3218 1278 3500 1353 διαλογίζῃ
3547 1282 3725 1354 ἄρσεν

2140 1357 2237 1411 καὶ
2264 1359 2420 1430 θῆλυ.

2615 1453 2786 1510 ΤΚΔ’.
2831 1489 2900 1499 -
2935 1457 3020 1524 Τῷ
3053 1460 3232 1526 αὐτῷ.

2209 1541 2282 1595 Τὸ
2318 1543 2493 1598 εἰπεῖν
2521 1545 2612 1599 τὸν
2656 1547 3055 1607 Ἀπόστολον-’,ι
3085 1554 3459 1626 Παρακαλεῖτε
3487 1559 3727 1622 ἑαυτοὺς

2137 1632 2298 1706 ἄχρις
2325 1629 2385 1689 οὐ
2415 1636 2474 1690 τὸ
2505 1640 2747 1710 σήμερον
2807 1643 3076 1708 καλεῖται,
3118 1667 3135 1698 ι
3179 1649 3275 1702 καὶ
3321 1649 3382 1702 τὺ
3406 1653 3725 1724 γεγράφθαι

2178 1739 2287 1830 ἷτῃ
2319 1739 2488 1798 βίϐλῳ
2529 1739 2624 1784 τοῦ
2674 1739 2812 1785 Ίώϐ·
2855 1753 2874 1786 ι
2922 1739 3169 1805 Ἐγένετο
3221 1739 3296 1806 δὲ,
3326 1739 3402 1804 ὡς
3441 1743 3474 1814 ἡ
3534 1743 3728 1815 ἡμέρα

2138 1820 2297 1907 αὕτη,
2346 1836 2385 1869 ›.
2421 1820 2513 1874 τὸν
2549 1823 2793 1893 παρόντα
2851 1827 3022 1882 αἰῶνα
3053 1830 3171 1884 ὅλον
3228 1831 3397 1902 δηλοῖ·
3454 1834 3553 1905 μία
3607 1836 3729 1907 γάρ

2138 1904 2320 1978 ἡμέρα
2349 1909 2457 1972 πᾶς
2485 1911 2514 1963 6
2542 1913 2880 1983 ἀνθρώπινος
2911 1917 3044 1989 βίος.
3075 1921 3348 1992 Διηνεκῶς
3379 1904 3581 1990 τοίνυν,
3623 1904 3728 1980 καὶ

2138 1995 2225 2048 ἀεὶ
2257 1996 2549 2064 ὲξαιτεῖται
2575 2005 2603 2056 6
2623 2004 2886 2069 Σατανᾶς.
2926 2007 3172 2077 Ἐγένετο
3201 2006 3316 2075 οὖν,
3345 2015 3532 2084 φησὶν,
3565 2015 3645 2080 ὡς
3683 2018 3724 2088 ἠ

2138 2087 2322 2160 ἡμέρα
2351 2089 2513 2162 αὕτη,
2543 2097 2810 2163 τουτέστι,
2841 2100 3080 2154 τοιοῦτόν
3105 2119 3160 2155 τι
3188 2103 3310 2158 τότε
3333 2106 3533 2178 συνέϐη
3563 2087 3728 2176 γενέέ

2139 2183 2283 2244 σθαι,
2307 2178 2419 2238 οἷον
2444 2187 2539 2239 καὶ
2573 2186 2658 2256 ἐφ’
2691 2189 2847 2260 ἡμῶν
2877 2190 2970 2246 νῦν
2999 2193 3258 2259 πολλάκις
3285 2196 3572 2266 συμϐαίνει
3607 2202 3728 2264 τοῖς

2139 2271 2244 2326 ὑπὸ
2284 2276 2380 2328 τοῦ
2415 2276 2659 2332 διαϐόλου
2696 2281 3133 2353 πειραζομένοις.
3156 2287 3320 2341 ’Ὥστε
3364 2284 3456 2342 οὖν
3498 2290 3574 2361 μὴ
3610 2292 3727 2344 ὀλι-

2137 2367 2337 2432 γωρεῖν
2381 2365 2564 2434 καλὸν,
2588 2372 2653 2440 τῇ
2690 2372 3028 2445 παρακλήσει
3075 2375 3151 2441 δὲ,
3179 2377 3273 2430 καὶ
3302 2380 3370 2450 τῇ
3403 2381 3729 2452 παρηγορίᾳ

2135 2454 2231 2508 τοῦ
2261 2457 2577 2529 Πνεύματος
2615 2463 2873 2533 ρωννύειν
2900 2466 2961 2520 τὸ
2998 2468 3276 2540 φρόνημα,
3316 2471 3403 2525 ἵνα
3434 2474 3513 2544 μὴ
3543 2492 3720 2528 κατα-

2139 2548 2238 2621 πίῃ
2264 2551 2292 2604 ό
2339 2551 2530 2624 ἐχθρὸς
2559 2555 2698 2624 ἡμᾶς
2720 2555 2808 2609 ὃιά
2836 2557 2936 2628 τῆς
2974 2559 3358 2628 ἀπογνώσεως.

2627 2646 2804 2701 ΤΚΕ¹.
2831 2677 2902 2688 -
2929 2647 3011 2715 Τῷ
3038 2649 3219 2716 αὐτῷ.

2208 2731 2434 2804 Κρυφίᾳ
2496 2737 2640 2806 χειρὶ
2683 2739 2712 2790 6
2758 2737 2892 2802 Θεὸς
2920 2741 3151 2811 πολεμεῖ
3176 2743 3266 2796 τὸν
3313 2742 3582 2815 Ἀμαλὴκ,
3644 2746 3722 2810 ῶς

2135 2821 2282 2890 λέγει
2303 2825 2330 2876 6
2346 2825 2608 2897 Μωῦσῆς.
2627 2826 2684 2879 Ὀ
2702 2828 2811 2899 γὰρ
2831 2831 3108 2902 Δεσπότης
3125 2833 3284 2904 ἡμῶν
3307 2835 3552 2907 ἀοράτως
3577 2837 3721 2906 ὐπὲε·

2136 2914 2294 2986 ἡμῶν
2327 2916 2595 2986 ἀμύνεται
2620 2919 2710 2975 τὸν
2734 2921 3006 2974 διάϐολονο
3033 2925 3181 2995 ἡμᾶς
3198 2925 3256 2978 δὲ
3281 2925 3442 2998 χάριν
3469 2927 3564 2980 τοῦ
3594 2928 3718 2980 6V6-

2140 3023 2310 3076 ματος
2350 3007 2537 3072 αὐτοῦ,
2586 3012 2684 3065 καὶ
2712 3012 2806 3066 τοῦ
2837 3013 3038 3068 οἰκείου
3073 3015 3257 3080 ἐλέους
3289 3019 3587 3090 εὐεργετεῖ,
3626 3021 3719 3074 καὶ

460 3103 758 3158 ricordiam
791 3104 1071 3160 beneﬁciis
1108 3105 1291 3173 allicit,
1320 3105 1486 3174 fovet,
1512 3109 1763 3170 aediﬁcat,
1793 3111 2034 3173 ordinat,

2145 3095 2358 3164 θάλπει,
2401 3099 2496 3152 καὶ
2531 3100 2823 3172 οἰκοδομεῖ,
2862 3103 2958 3156 καὶ
2986 3105 3330 3174 καταρτίζει,
3354 3107 3718 3178 περιφράττε·

460 3195 616 3252 intus
669 3203 937 3266 extraque
1000 3199 1380 3269 circumsepit,
1436 3201 1682 3255 custodit
1744 3209 1798 3255 et
1855 3214 2034 3258 servat

2145 3205 2196 3242 τε
2232 3188 2454 3257 ἔσωθεν,
2497 3193 2592 3246 καὶ
2632 3192 2853 3258 ἔξωθεν,
2903 3196 2998 3249 καὶ
3036 3197 3382 3267 περισκέπει,
3421 3199 3519 3252 καὶ
3555 3198 3716 3265 σῶζε⁹

461 3290 855 3347 misericordize
885 3304 950 3344 ac
979 3290 1346 3346 humanitatis
1372 3307 1563 3348 amans
1594 3291 1878 3349 Dominus.

696 3380 1018 3438 CCCXXV".
1042 3412 1111 3422 —
1139 3382 1514 3439 THEODOTO
1548 3382 1811 3438 COMITI.

532 3474 711 3528 Divini
763 3474 942 3544 angeli
992 3473 1284 3529 Dominum
1336 3491 1496 3530 suum
1549 3476 1814 3532 imitando
1841 3492 2037 3531 conse-

461 3574 703 3631 ctantur,
760 3566 998 3636 ideoque
1049 3567 1287 3637 diligunt
1352 3567 1743 3625 humilitatem.
1805 3567 2038 3635 Quando

463 3658 648 3727 itaque
665 3658 969 3713 monachus
988 3658 1110 3713 vitae
1127 3673 1241 3712 sua:
1260 3674 1324 3713 ac
1341 3658 1579 3715 instituti
1603 3660 1937 3715 sublimitate
1953 3661 2039 3712 in-

465 3751 771 3817 sulescens,
839 3751 1151 3820 superbiam
1228 3751 1597 3820 amplectitur,
1678 3767 1804 3806 cum
1865 3767 2040 3820 eaque

463 3842 606 3898 adeo
639 3843 781 3897 ﬁxus
810 3851 915 3906 est,
953 3850 1012 3897 ut
1041 3843 1198 3896 avelli
1245 3858 1354 3897 non
1400 3845 1597 3913 possit.
1628 3845 1805 3914 angeli
1848 3860 2040 3913 snper-

463 3933 697 3988 bientem
758 3933 916 4002 120
962 3932 1114 3986 illum
1163 3933 1448 3996 deserunt,
1500 3935 1772 4004 longeque
1820 3949 1878 3989 se
1931 3935 2039 3989 alio

463 4023 778 4087 conferunt,
821 4031 1114 4078 renuentes
1167 4034 1370 4093 tegere,
1415 4026 1616 4078 auxilia
1665 4026 1829 4091 ferre,
1861 4038 2041 4081 custo-

463 4117 581 4172 dire
620 4123 674 4172 et
724 4131 1092 4186 propugnare,
1145 4127 1203 4169 ιιι
1241 4128 1295 4169 et
1345 4125 1525 4171 antea.
1582 4117 1891 4186 Statimque
1935 4117 2040 4171 ini-

461 4207 715 4279 quissimi
754 4209 1030 4262 daemones
1070 4208 1445 4269 advenientes.
1501 4216 1555 4262 et
1604 4210 1759 4264 beata
1810 4211 1900 4264 illa
1938 4227 2037 4264 ett-

465 4300 643 4354 stodia
695 4300 988 4370 spoliatum
1033 4300 1354 4368 amplexati,
1409 4316 1521 4370 prae
1561 4302 1819 4371 superbia
1869 4303 2036 4356 tumi-

463 4383 592 4435 dum
625 4382 680 4435 in
717 4381 1160 4446 fornicationem,
1188 4381 1648 4448 furtnm,ca2dem,
1685 4385 2034 4450 adulterium,

2137 3283 2167 3334 6
2196 3282 2610 3354 φιλοικτίρμων,
2639 3288 2731 3340 καὶ
2761 3287 3139 3357 φιλάνθρωπος
3172 3289 3394 3360 Κύριος.

2451 3373 2643 3441 Τκςι.
2662 3405 2733 3414 —-
2752 3376 3059 3449 ΘΕΟΔΟΤῼ
3101 3381 3399 3437 ΚΟΜΗΤΙ.

2207 3462 2312 3516 Τὸν
2340 3464 2618 3537 Δεσπότην
2657 3467 2864 3522 ἑαυτῶν
2891 3471 2941 3522 οἱ
2965 3472 3098 3525 θεῖοι
3135 3474 3462 3545 μιμούμενοι
3490 3477 3712 3548 ἄγγελοι

2135 3554 2236 3625 τὴν
2254 3558 2754 3630 ταπεινοφροσύνην
2778 3562 3086 3630 ἀγαπῶσιν.
3124 3567 3294 3621 Ἐπάν
3323 3567 3504 3622 τοίνυν
3545 3588 3702 3640 μονα-

2138 3648 2231 3718 χὸς
2267 3651 2638 3720 γαυρούμενος
2686 3653 2762 3723 τῷ
2799 3652 2920 3723 ὕψει
2960 3656 3058 3725 τῆς
3089 3658 3385 3724 πολιτείας,
3420 3659 3518 3732 τὴν
3549 3663 3706 3733 ὑπερ-

2139 3739 2404 3809 ηφάνειαν
2449 3743 2784 3814 ἀσπάσηται,
2847 3749 2944 3801 καὶ
2990 3748 3197 3821 ταύτης
3243 3751 3713 3818 δυσαποσπάστως

2137 3833 2258 3902 ἔχῃ.
2289 3833 2675 3890 ἀπολείπουσιν
2692 3839 2741 3890 οἱ
2769 3840 2989 3908 ἄγγελοι
3007 3841 3097 3894 τὸν
3120 3843 3597 3916 ἀλαζονευόμενον,
3616 3850 3710 3900 καὶ

2142 3926 2359 3996 μακράν
2391 3926 2738 3996 ἀφίστανται,
2784 3933 2980 4002 μηκέτι
3028 3932 3273 3998 θέλοντες
3303 3937 3549 4003 σκέπειν,
3581 3939 3712 4010 βοη-

2139 4018 2251 4072 θεῖν
2277 4037 2336 4072 τε
2387 4023 2480 4073 καὶ
2509 4025 2781 4093 φρουρεῖν,
2807 4027 2900 4077 καὶ
2918 4025 3429 4098 ἀντιλαμϐάνεσθαι,
3461 4030 3715 4100 καθάπερ

2137 4113 2232 4165 καὶ
2268 4111 2556 4183 πρότερον.
2582 4114 2756 4178 Εὐθὺς
2781 4115 2839 4169 δὲ
2869 4117 3262 4190 ἐπιδραμόντες
3289 4121 3338 4173 οί
3362 4123 3716 4193 παμπόνηροι

2136 4202 2412 4273 δαίμονες,
2446 4205 2541 4256 καὶ
2572 4205 2985 4274 συμπλακέντες
3022 4210 3100 4280 τῷ
3130 4212 3592 4282 ἀπορφανισθέντι
3613 4215 3714 4284 τῆς

2141 4297 2418 4364 μακαρίας
2446 4300 2710 4367 φρουρᾶς,
2746 4301 3144 4356 καταϐάλλουσι
3172 4304 3263 4356 τὸν
3298 4308 3714 4377 πεφυσιωμένον

2137 4389 2218 4449 εἰς
2241 4388 2516 4457 πορνείαν,
2559 4389 2591 4460 ἢ
2625 4390 2849 4460 κλοπὴν,
2891 4393 2923 4463 ἢ
2981 4396 3347 4462 φονοκτονίαν,
3375 4399 3648 4467 μοιχείαν,
3678 4400 3711 4469 ἦ

465 4485 561 4528 aut
607 4474 662 4528 in
710 4473 858 4528 aliud
901 4474 1201 4544 quidquam
1254 4492 1319 4529 ex
1370 4477 1557 4532 vetitis
1588 4478 1926 4547 praecipitem
1957 4477 2036 4531 fe-

2145 4475 2328 4547 έτερόν
2352 4495 2404 4530 τι.
2437 4479 2543 4531 τῶν
2577 4483 3061 4553 ἀπηγορευμένων.
3100 4485 3320 4551 Μείζων
3361 4489 3472 4557 γὰρ
3497 4489 3717 4541 πάντων

463 4575 617 4622 runt.
648 4566 908 4621 Omnium
957 4566 1227 4637 siquidem
1275 4569 1546 4624 scelerum
1582 4571 2042 4625 immanissimum

464 4660 644 4716 scelus
671 4668 755 4714 est
773 4661 1050 4729 superbia,
1078 4669 1132 4715 et.
1156 4677 1253 4730 per
1286 4677 1404 4716 eam
1437 4663 1707 4717 universae
1737 4663 2040 4732 iniquitatis

462 4767 656 4814 auctor
696 4758 764 4812 de
797 4759 936 4812 ecelo
963 4758 1015 4811 iu
1055 4766 1258 4811 terram
1307 4756 1536 4812 corruit.
1573 4755 1751 4810 [iteca
1781 4769 1869 4809 me
1918 4753 2040 4809 ideo

463 4850 609 4905 dicta
667 4859 816 4909 sunt.
878 4849 1022 4919 quod
1076 4863 1105 4901 a
1167 4865 1251 4903 me
1314 4848 1631 4918 postulasti,
1684 4845 2037 4916 quamobrem

462 4937 710 4990 nonnulli
755 4952 823 4990 ex
856 4936 967 5000 his,
999 4937 1093 5006 qui
1136 4952 1196 4991 se
1240 4935 1496 4991 asceticae
1529 4935 1653 4989 vitae
1691 4935 2040 4999 addixerunt,

462 5028 758 5100 aliquando
806 5029 861 5082 in
924 5028 1122 5097 impias
1187 5029 1546 5097 Operationes
1626 5025 2044 5096 horrendosque

465 5119 657 5188 lapsus
687 5119 924 5173 cadunt?
961 5118 1168 5172 Bonum
1231 5119 1417 5187 itaque
1461 5117 1631 5171 fuerit
1681 5118 1885 5172 bonum
1929 5133 2045 5171 am-

463 5211 650 5282 plecti,
682 5211 1057 5280 continuoque
1104 5210 1238 5263 illud
1270 5218 1456 5264 tenere
1505 5227 1518 5263 :
1570 5218 1624 5262 at
1659 5209 1734 5262 nil
1763 5209 2045 5264 moderata

465 5311 649 5358 mente
679 5304 1058 5373 przestantius,
1090 5317 1254 5372 quam
1287 5308 1341 5356 et
1374 5301 1632 5356 Christus
1661 5303 1907 5356 omnium
1945 5301 2043 5355 Do-

463 5395 670 5459 minus,
703 5400 756 5447 et
785 5392 950 5456 Deus,
982 5401 1037 5446 et
1073 5393 1300 5452 Auctor,
1344 5407 1468 5445 cum
1509 5391 1563 5445 in
1588 5407 1756 5447 carne
1784 5407 1906 5446 cum
1944 5393 2041 5444 hu-

465 5485 707 5539 minibus
761 5492 931 5544 esset,
1007 5483 1168 5537 nobis
1234 5483 1492 5539 omnibus
1563 5488 2039 5548 commonstravit,

464 5573 778 5642 imitarique
806 5575 1063 5643 praacepit
1095 5573 1351 5642 inquiens
1381 5592 1394 5627 :
1442 5593 1460 5625 ι
1505 5574 1708 5631 Discite
1741 5592 1770 5629 a
1801 5593 1887 5632 me
1913 5579 2040 5645 quia

2141 4568 2252 4621 τῶν
2312 4570 2801 4642 πλημμελημάτων
2840 4575 3220 4648 πλημμέλημά
3261 4578 3408 4630 ἐστιν
3454 4577 3489 4646 ἡ
3545 4578 3717 4647 ὐπερ-

2143 4664 2399 4735 ηφάνεια,
2431 4666 2524 4718 καὶ
2563 4666 2652 4720 διά
2679 4668 2881 4738 ταύτην
2910 4669 2938 4720 6
2977 4669 3158 4740 πάσης
3197 4671 3530 4741 φαυλότητος
3558 4671 3718 4741 εὐρεο

2141 4755 2238 4826 τῆς
2265 4755 2508 4821 διάϐολος
2537 4759 2603 4812 ἐκ
2627 4759 2734 4812 τῶν
2751 4759 2998 4830 οὐρανῶν
3026 4763 3106 4825 είς
3125 4763 3225 4832 τὴν
3250 4766 3352 4834 γῆν
3382 4763 3714 4835 κατερῥίφη.

2141 4846 2328 4900 Ταῦτά
2361 4867 2450 4918 μοι
2483 4851 2720 4921 εῐρηται,
2757 4850 2890 4904 διότι
2917 4851 3208 4922 ὴρὼτησάς
3237 4871 3329 4923 με,
3355 4854 3498 4917 τίνος
3524 4854 3711 4907 ἕνεκεν

2139 4940 2280 5004 τινὲς
2307 4941 2416 4994 τῶν
2464 4942 2555 4995 τὸν
2595 4943 2894 5014 ἀσκητικὸν
2939 4945 3316 5015 προελομένων
3367 4945 3485 5015 βίον
3532 4946 3713 5019 καιρῷ

2138 5048 2244 5085 τινι
2271 5032 2408 5102 πρὸς
2445 5033 2734 5102 ἀθεμίτους
2773 5037 3172 5106 καταφέρονται
3213 5037 3460 5104 πράξεις,
3487 5039 3584 5092 καὶ
3612 5056 3710 5108 φο-

2141 5121 2278 5192 ϐερά
2307 5122 2609 5193 πτώματα;
2649 5124 2830 5178 Καλὸν
2869 5128 3149 5198 τοιγάρτοι
3195 5128 3560 5193 ἀσπάζεσθαι,
3615 5127 3713 5180 καὶ

2140 5215 2362 5282 κρατεῖν
2397 5213 2660 5283 διηνεκῶς
2711 5215 2774 5268 τὸ
2837 5217 3020 5271 καλόν
3055 5218 3206 5271 οὐδὲν
3244 5219 3300 5272 δὲ
3350 5218 3572 5272 κάλλιον
3610 5221 3712 5290 τῆς

2143 5305 2628 5376 μετριοφροσύνης,
2683 5308 2874 5378 ἥντινα
2930 5310 3022 5363 καὶ
3082 5311 3315 5380 Χριστὸς
3343 5313 3370 5364 6
3410 5311 3520 5364 τῶν
3574 5313 3712 5365 ὅλων

2139 5395 2364 5467 Κύριος,
2390 5398 2485 5450 καὶ
2507 5397 2663 5462 Θεὸς,
2692 5401 2788 5452 καὶ
2813 5401 3087 5472 Δεσπότης
3107 5405 3218 5463 τοῖς
3242 5402 3553 5474 ἀνθρώποις
3584 5421 3712 5457 συν-

2139 5489 2612 5559 αναστρεφόμενος
2646 5490 2707 5544 τὸ
2742 5493 2883 5545 κατά
2911 5494 3107 5564 σάρκα,
3141 5495 3306 5546 πᾶσιν
3344 5496 3475 5555 ⁴δἐιιῖν
3511 5497 3712 5549 ἐνεδεί-

2141 5579 2289 5647 ξατο,
2339 5582 2432 5634 καὶ
2481 5582 2676 5654 ζηλοῦν
2731 5586 3024 5656 προσέταξε
3071 5586 3265 5654 λέγων’
3300 5606 3318 5638 ι
3353 5587 3570 5642 Μάθετε
3611 5587 3708 5641 ἀπ’

537 5747 583 5780 ’⁷
616 5747 761 5804 l‘sal.
798 5762 885 5816 cx,
919 5767 971 5807 ο.
1033 5749 1094 5832 ,⁸⁸
1132 5750 1298 5808 Hebr.
1332 5769 1413 5816 ιιι,
1454 5754 1540 5809 l5.
1618 5753 1662 5788 ⁹⁹
1689 5753 1792 5810 Job
1830 5770 1888 5822 ιι,
1926 5756 1978 5809 1.
2006 5814 2036 5832 ρ

2145 5757 2281 5814 ixod.
2314 5773 2443 5828 xvu,
2472 5759 2506 5816 8
2538 5774 2654 5830 sqq.
