3888 6040
126 310 241 376 201

1387 304 1918 377 EPISTULARUM
1956 318 2101 376 LIB.
2126 319 2177 377 Ι.

3271 319 3375 381 202

128 428 277 499 ἐμοῦ
304 467 323 494 ,
373 429 458 483 ὅτι
494 430 664 500 πρᾶός
700 430 816 501 εἰμι
848 432 941 486 καὶ
974 432 1227 494 ταπεινὸς
1260 435 1327 500 τῇ
1367 412 1593 502 καρδίᾳ,
1624 430 1712 484 καί

1823 431 1971 487 initis
2014 426 2133 487 sum
2184 443 2233 485 ct
2279 430 2503 485 humilis
2539 431 2723 491 corde.
2761 438 2815 485 et
2857 430 3099 500 requiem
3128 431 3375 485 stabilem

129 521 448 574 ἀνάπαυσιν
466 520 689 590 βεδαίαν
716 521 973 593 εὑρήσετε
995 526 1116 585 ταῖς
1148 522 1439 593 ὑμετέραις
1458 523 1674 593 ψυχαῖς.
1689 543 1710 577 ι

391 611 561 665 ΤΚΖ’.
592 639 663 650 -
690 611 1028 684 ιιιιιοΝιιίᾳ
1055 611 1468 684 ΣΚΡΙΝΙΑΡΙῼ.

210 698 477 771 Εὖχονται
523 701 789 765 πολλάκις
834 702 977 767 τινὲς
1026 702 1407 774 ἀπαλλαγῆναι
1434 702 1528 755 τοῦ
1581 702 1738 789 ἰδίου.

131 790 418 858 σώματος,
472 789 549 854 ὡς
582 791 719 861 πρὸς
766 790 827 844 τὸ
872 791 1204 863 ἁμαρτάνειν
1246 792 1345 861 τὴν
1385 790 1561 862 ψυχὴν
1589 808 1715 843 συν-

133 880 477 945 ελαύνοντος.
564 880 760 952 Ἐχρῆν
827 881 883 934 δὲ
942 883 1136 945 αὐτοὺς
1198 878 1401 953 μᾶλλον
1461 880 1713 951 εὔχεσθαι

132 975 523 1045 ἀπαλλαγῆναι
552 976 647 1030 τοῦ
686 978 893 1031 ἑαυτῶν
928 978 1200 1050 μοχθηροῦ
1237 980 1462 1049 τρόπου,
1501 981 1595 1034 καὶ
1614 980 1714 1050 τῆς

130 1065 445 1135 ὲμπαθοῦς,
469 1068 565 1120 καὶ
610 1067 905 1140 φιλορύπου
939 1069 1187 1140 γνώμης.

634 1240 814 1295 Τιςιιι.
840 1271 912 1282 -——
929 1239 1012 1307 Τῷ
1043 1242 1222 1309 αὐτῷ.

202 1329 275 1381 Δί
302 1330 483 1400 χεῖρες
511 1328 606 1385 τοῦ
653 1332 891 1403 Χριστοῦ
922 1337 1331 1404 προσπαγεῖσαι
1364 1335 1444 1406 τῷ
1468 1336 1708 1407 σταυρῷ,

128 1419 231 1470 καὶ
259 1419 312 1471 οἰ
344 1419 504 1480 πόδες
535 1421 996 1491 προσηλωθέντεςν
1024 1423 1344 1493 σημαίνουσι
1374 1425 1623 1494 πράξεών
1651 1444 1711 1480 τε

129 1510 414 1579 πονηρῶν,
440 1512 533 1562 καὶ
553 1509 646 1562 τοῦ
677 1510 812 1581 πρὸς
841 1514 1020 1567 πᾶσαν
1047 1514 1362 1567 δυσσέϐειαν
1393 1519 1486 1569 καὶ
1533 1519 1712 1589 ἀμαρ-

128 1597 257 1650 τίαν
286 1599 487 1669 δρόμου
542 1598 792 1669 κώλυμα,
825 1602 921 1654 καὶ
953 1602 1313 1673 κατάργησιν,
1356 1605 1452 1656 καὶ
1494 1605 1712 1675 στερεὸν

130 1691 502 1759 ὲμποδισμόν.
538 1692 617 1762 Τῇ
645 1692 753 1762 γάρ
786 1692 958 1763 ἰσχύει
988 1694 1079 1747 τοῦ
1110 1693 1437 1749 Δεσποτικοῦ
1476 1695 1709 1768 σταυροῦ

1816 523 2108 577 invenietis
2142 523 2429 577 animabus
2460 524 2662 577 vestris
2688 523 2731 575 ¹.
2767 544 2786 574 ι

1954 614 2298 669 CCCXXV”.
2338 646 2403 655 ——
2431 612 2789 689 lllPPONlCO
2824 611 3234 691 SCRINIARIO.

1888 704 2099 775 Saepius
2158 706 2404 759 nonnulli
2427 720 2617 775 preces
2664 703 2970 765 effundunt,
3013 713 3127 756 uta
3159 702 3381 771 proprio

1815 796 2119 852 liberentur
2149 812 2401 866 corpore,
2435 808 2695 865 tanquam
2746 795 2815 850 ab
2839 811 2925 856 eo,
2954 796 3098 862 quod
3138 796 3378 847 animam

1813 883 1883 938 ad
1917 883 2341 952 delinquendum
2374 883 2673 953 compellit.
2723 880 2914 935 Potius
2961 880 3074 934 illis
3130 894 3381 949 comprev

1813 974 2052 1029 candum
2087 982 2269 1039 esset,
2298 983 2413 1029 uta
2449 974 2689 1044 propriis
2737 973 3067 1028 facinorosis
3112 973 3377 1034 moribus.

1812 1070 2105 1132 menteque
2126 1062 2369 1127 sordida,
2402 1071 2455 1116 et
2478 1060 2858 1117 affectionibus
2894 1061 3142 1117 involuta
3180 1075 3380 1116 exone-

1814 1162 2090 1207 rarentur.

2145 1244 2299 1313 121
2351 1241 2718 1297 CCCXXVIII.
2746 1273 2815 1282 —
2840 1242 3048 1297 Eidem.

1885 1336 2076 1392 Manus
2104 1336 2307 1391 Christi
2344 1336 2497 1391 cruci
2527 1336 2720 1402 allixaa,
2753 1337 3032 1407 pedesque
3056 1336 3229 1389 clavis
3258 1352 3380 1407 per-

1813 1427 1998 1494 forati,
2037 1430 2302 1483 malarum
2353 1429 2654 1492 actionum,
2696 1437 2748 1483 et
2780 1428 2846 1482 ad
2875 1442 3091 1481 omnem
3130 1428 3380 1500 impieta-

1812 1529 1922 1575 tem
1975 1530 2030 1575 et
2057 1521 2239 1575 scelus
2270 1520 2507 1589 impetus
2541 1519 3010 1589 impedimentum,
3039 1529 3094 1573 et
3117 1521 3382 1575 cessatio-

1812 1626 1935 1665 nem
2000 1611 2328 1681 firmumque
2379 1611 2725 1665 obstaculum
2761 1619 2974 1665 notant.
3008 1611 3254 1680 Namque
3281 1611 3383 1664 Do-

1814 1701 2032 1756 ιιιἱηίοω
2061 1703 2248 1755 crucis
2292 1702 2495 1755 virtute
2544 1700 2966 1771 prostravimus,
2996 1716 3059 1755 ac
3094 1701 3385 1758 conculca-

129 1782 629 1850 κατεπαλαίσαμεν,
655 1784 749 1836 καὶ
773 1788 1249 1856 κατεπατήσαμεν,
1276 1787 1371 1839 καὶ
1414 1785 1708 1850 ὲξεδιασά-

1823 1794 2009 1857 vimus,
2056 1801 2113 1848 et
2172 1793 2542 1863 ablegavimus
2598 1792 2753 1861 prius
2803 1807 2903 1848 nos
2959 1793 3266 1847 vincentem
3318 1807 3381 1846 ac

132 1870 285 1941 μεθα
306 1873 408 1941 τὴν
458 1872 648 1943 πρώην
673 1874 819 1943 ἡμᾶς
846 1875 1105 1940 νικῶσαν,
1135 1876 1230 1929 καὶ⁸
1258 1875 1555 1930 ἁπατῶσαν
1612 1877 1708 1930 καὶ

130 1962 539 2035 ἐκϐιαζομένην
569 1966 862 2035 ἁμαρτίαν.

584 2058 759 2112 mea
784 2087 855 2099 —
885 2058 1260 2131 ΜΑΥΡιΑΝο.

216 2149 280 2203 '0
326 2149 422 2203 τοῦ
479 2149 614 2204 Θεοῦ
651 2151 778 2215 Υἱὸς
814 2151 1020 2221 Ἰησοῦς
1055 2150 1291 2223 Χριστὸς
1334 2153 1434 2206 οὐκ
1459 2151 1712 2218 ἐφείσατο

133 2240 469 2307 ἑαυτοῦ,ῖνα
515 2242 672 2313 ἡμῶν
712 2242 988 2314 φείσηται,
1042 2243 1072 2295 ὁ
1123 2243 1283 2314 μόνος
1331 2243 1712 2315 ἀναμάρτητος
1763 2310 1769 2319 _

132 2331 430 2384 ἀποθανὼν
460 2332 600 2404 ὑπὲρ
627 2332 734 2386 τῶν
783 2332 1147 2404 ἁμαρτωλῶν.
1185 2334 1277 2388 M'h
1311 2330 1405 2389 οὖν
1438 2336 1711 2403 ἀπογίνω-

135 2439 265 2488 σκε,
296 2423 414 2476 ἀλλ’
442 2423 665 2492 ἐπείγου
703 2425 839 2495 πρὸς
869 2424 930 2477 τὸ
963 2426 1155 2479 σῶσον.

357 2514 480 2567 TA'.
508 2544 579 2553 —
614 2510 989 2587 ΘΕΟΠΟΜΠῼ
1037 2514 1498 2588 ΣΥΓΚΛΗΤΙΚῼ.

209 2600 493 2669 Τυπικῶς,
532 2605 731 2676 μᾶλλον
770 2605 829 2660 δὲ
884 2608 1237 2678 προφητικῶς
1275 2606 1304 2660 ό
1331 2607 1427 2660 τοῦ
1465 2609 1712 2662 Ἰωσεδὲκ

138 2710 275 2747 ποτε
334 2695 539 2768 Ἰησοῦς
584 2696 738 2765 ὥφθη
769 2698 950 2769 φορῶν
977 2699 1165 2768 ἰμάτια
1218 2698 1458 2767 ῥυπαρὰ,
1490 2690 1602 2751 ἀλλ’
1630 2701 1714 2764 ἐξ-

134 2785 399 2854 εδύθητὰ
444 2787 800 2859 ῥυπανθέντα,
827 2789 921 2841 καὶ
944 2788 1229 2843 ἐνεδύσατο
1258 2790 1445 2859 ἰμάτια
1475 2792 1711 2859 καθαρά.

135 2876 314 2934 Τοῦτο
357 2877 414 2929 δὲ
465 2878 705 2946 γέγονεν.
742 2881 828 2933 ἵνα
884 2880 1100 2951 γνῶμεν
1145 2881 1239 2934 καὶ
1274 2880 1538 2951 μάθωμεν
1564 2923 1579 2943 ,
1632 2882 1712 2933 ὅτι

136 2968 324 3032 καθὼς
353 2970 693 3040 ἐφορέσαμεν
712 2970 808 3043 τὴν
830 2960 1016 3024 εἰκόνα
1039 2972 1131 3024 τού
1160 2975 1366 3042 χοῖκου,
1413 2978 1715 3041 φορεσομεν

136 3063 237 3116 καὶ
264 3062 367 3133 τὴν
407 3065 590 3116 εἰκόνα
623 3064 714 3115 τοῦ
740 3063 1083 3134 ἐπουρανίου·
1122 3062 1264 3117 κατὰ
1298 3062 1431 3116 πολὺ
1468 3064 1577 3133 γὰρ
1595 3058 1717 3135 νικᾷ

135 3156 378 3223 Χριστὸς
414 3157 534 3217 ταῖς
584 3150 810 3216 οἰκείαις
864 3155 1084 3223 ἀρεταῖς
1128 3155 1226 3216 τὰς
1262 3153 1373 3207 τῶν
1414 3154 1715 3225 ἀνθρώπων

135 3240 387 3313 κηλῖδας,
427 3244 549 3297 ὅθεν
584 3243 872 3314 εὖχεσθασι
907 3242 985 3296 δεῖ
1031 3244 1291 3313 ρυσθῆναι
1330 3247 1422 3298 καὶ
1450 3246 1696 3316 λυτρωθῆ

135 3349 229 3383 ναι
256 3332 480 3402 χρονίας
523 3332 865 3403 προλήψεως,
896 3332 990 3385 καὶ
1016 3333 1092 3404 μὴ
1125 3332 1422 3387 ἀποθανεῖν
1450 3335 1516 3405 τῇ
1550 3334 1714 3406 ὲρὸυ-

136 3423 394 3496 νεωμένη,
429 3424 523 3478 καὶ
550 3422 724 3498 ψεκτῇ
752 3425 1104 3482 καταστάσει.
1158 3494 1163 3499 ,

512 3694 758 3748 ΤΛΑ’.-
787 3695 1013 3767 ῐΛΔΡΙῼ
1038 3696 1347 3767 ΜΟΝΑΧῼ.

215 3800 237 3836 ι
287 3783 423 3836 Ἀπὸ
472 3785 716 3854 κεφαλῆς
764 3785 954 3857 Σανὶρ,
990 3789 1085 3840 καὶ
1130 3788 1370 3859 Ἐρμὼν,
1417 3808 1434 3839 ι
1490 3788 1623 3859 φησί
1654 3789 1714 3842 τὸ

137 3874 251 3929 τῶν
284 3877 541 3948 ᾀσμάτων
561 3873 764 3949 Hymn.
788 3878 954 3949 Σανὶρ
975 3878 1029 3931 δὲ
1049 3878 1407 3950 ἑρμηνεύεται
1438 3878 1579 3945 ὁδὸς
1609 3880 1715 3932 λύ-

136 3983 316 4036 χνου,
356 3965 571 4037 Ἑρμὼν
597 3967 651 4020 δὲ
678 3967 980 4038 ἀνάθημω
1010 3969 1097 4023 διὰ
1130 3970 1230 4041 τῆς
1262 3970 1503 4041 κεφαλῆς
1540 3971 1599 4023 τὸ
1630 3970 1716 4024 λο-

138 4057 385 4127 γιστικδν
410 4056 567 4128 ἡμῶν
600 4060 627 4111 ὁ
653 4057 902 4129 Σολομὼν
924 4061 1289 4131 αἰνιξάμενος.
1324 4061 1519 4125 Ὅλους
1534 4062 1713 4115 τοίνυν

137 4150 372 4215 ἑαυτοὺς
420 4148 497 4219 τῷ
531 4148 650 4219 Θεῷ
700 4150 988 4222 ἀναθῶμεν
1035 4151 1466 4223 πεζοποροῦντες
1504 4154 1714 4218 ἀόκνως

138 4242 237 4311 τὴν
263 4240 632 4312 προκειμένην
676 4243 810 4312 ἡμῖν
850 4242 1059 4314 στενὴν,
1096 4243 1192 4296 καὶ
1219 4244 1435 4315 μακρὰν
1468 4242 1585 4296 ὁδὸν
1618 4260 1715 4295 πε-

137 4334 503 4405 φοπισμὲνοις
526 4338 637 4397 τοῖς
658 4335 955 4406 ὀφθαλμοῖς
989 4335 1090 4407 τῆς
1117 4335 1292 4407 ψυχῆς
1315 4338 1380 4407 τῇ
1408 4335 1712 4406 λαμπηδόνι

136 4424 249 4477 τῶν
275 4424 433 4478 θείων
467 4427 921 4496 προσταγμάτων.

634 4520 801 4573 TAB’.
822 4551 893 4560 —
921 4517 1003 4585 Τῷ
1039 4518 1218 4584 αὐτῷ.

213 4614 297 4667 Τά
322 4614 387 4684 τῇ
406 4613 594 4685 Γραφῇ
618 4613 968 4685 ὲμφερόμενα
989 4612 1209 4684 ῥυπαρά
1234 4612 1442 4683 ἱμάτια,
1464 4612 1707 4682 λογισμοι

138 4708 249 4760 εἰσι
277 4708 527 4776 πονηροὶ,
558 4707 651 4761 καὶ
672 4708 818 4776 λόγοι
837 4706 1055 4776 φαῦλοι,
1088 4707 1180 4760 καὶ
1219 4706 1443 4776 πράξεις
1476 4707 1713 4778 παράνο-

141 4810 258 4865 μοι.
289 4795 489 4865 Διόπερ
525 4797 651 4868 περί
689 4790 782 4851 τοῦ
836 4796 1007 4850 Ἰούδα
1047 4799 1104 4851 ὲν
1132 4796 1300 4867 βίϐλῳ
1330 4796 1594 4869 Ψαλμῶν,
1623 4798 1714 4870 ep-

139 4884 301 4953 ρέθη·
336 4902 354 4934 ‹
377 4883 688 4940 Ἐνεδύσατο
716 4887 958 4959 κατάραν
983 4888 1059 4951 ὼς
1085 4886 1319 4958 ἱμάτιονο
1356 4906 1375 4939 ι
1410 4885 1523 4941 καί·
1550 4906 1570 4941 ι
1592 4887 1713 4942 Ἐν-

136 4975 492 5029 δυσάσθωσαν
521 4978 801 5048 αἰσχύνην,
829 4980 922 5033 καὶ
953 4978 1220 5051 ἐντροπὴν
1249 4978 1299 5032 οί
1333 4975 1622 5049 ζητοῦντες
1649 4977 1717 5031 τά

138 5068 292 5122 κακά
328 5087 437 5138 μοι.
476 5089 496 5121 ι
526 5069 692 5123 Οὐδὲν
719 5071 775 5124 δὲ
803 5070 976 5135 οὕτως
1007 5072 1274 5143 αἰσχύνει,
1300 5070 1411 5128 ,καὶ
1440 5072 1711 5143 ἐπάρατον

138 5159 381 5214 δείκνυσι
404 5160 495 5214 τὸν
517 5161 821 5234 ἄνθρωπον,
860 5161 935 5226 ὡς
962 5154 1227 5234 ἁμαρτία.

593 5339 761 5394 TAI".
794 5370 865 5381 —
892 5340 1242 5412 ΧΕΙΜΑΣΙῼ.

211 5428 350 5499 Περὶ
383 5428 491 5482 τῶν
528 5428 935 5502 ἑναρξαμένων,
972 5432 1069 5485 καὶ
1097 5429 1172 5502 μὴ
1216 5432 1619 5486 τελειωσάντων
1648 5428 1709 5486 τὸ

132 5518 447 5588 θαυμάσιον
469 5518 627 5591 εργον
659 5521 760 5592 τῆς
800 5518 1025 5594 ἀρετῆς,
1048 5521 1264 5595 λεχθείη
1316 5522 1383 5577 ἂν
1408 5523 1468 5577 τὸ
1494 5540 1708 5594 προφη-

207 5628 445 5700 {Matth
477 5649 555 5695 XI,
588 5632 679 5690 29.
779 5636 800 5667 ³
838 5634 1005 5690 Zach.
1039 5651 1120 5700 ιιι,
1172 5636 1224 5692 5.
1302 5636 1323 5668 ⁸
1350 5635 1507 5692 Cant.
1538 5653 1611 5695 Iv.
1637 5636 1691 5691 8.

215 5698 402 5756 ‘l’snl.
442 5717 565 5767 ιη,
598 5705 679 5759 15.

470 5797 733 5860 ΡΑτιιοι..
774 5801 888 5860 Gn.
921 5801 1010 5859 LX
1025 5800 1179 5861 ΧΙΧ.

1809 1882 2153 1947 illudentem,
2184 1890 2239 1938 et
2268 1889 2480 1937 tantum
2527 1898 2638 1937 non
2691 1892 2975 1953 cogentem
3017 1883 3380 1954 iniquitatem.

2179 2050 2504 2110 CCCXXIX.
2534 2085 2599 2094 —
2623 2049 3007 2106 MAURIANO.

1886 2148 1983 2204 Dei
2007 2145 2180 2203 Filius
2217 2146 2377 2202 Jesus
2406 2145 2664 2200 Christus
2686 2142 3012 2213 sibimetipsi
3053 2158 3162 2196 non
3194 2157 3385 2211 pepero

1812 2241 1908 2308 cit,
1938 2248 1999 2295 ut
2025 2239 2188 2294 nobis
2222 2248 2506 2309 parceret;
2539 2236 2629 2305 qui
2663 2234 2817 2288 solus
2852 2233 2971 2288 sine
3000 2243 3222 2303 peccato
3246 2243 3383 2293 erat,

1812 2349 1912 2405 pro
1945 2333 2331 2403 peccatoribus
2371 2336 2603 2383 mortem
2648 2327 2895 2396 oppetiit.
2928 2325 3004 2380 Ne
3040 2327 3223 2396 itaque
3250 2325 3384 2379 dilli-

1812 2424 1934 2488 das,
1967 2425 2063 2480 sed
2086 2424 2154 2478 ad
2193 2425 2423 2478 salutem
2455 2424 2749 2475 allaturum
2780 2417 3069 2501 contende.

1938 2515 2242 2572 CCCXXX.
2268 2545 2337 2556 —
2364 2511 2783 2569 THEOPOMPO
2814 2505 3261 2565 SYNCLETICO.

1884 2606 2165 2675 Figurate,
2226 2605 2334 2659 imo
2378 2604 2717 2674 prophetice,
2758 2599 2917 2655 Jesus
2956 2598 3203 2653 losodeci
3244 2597 3385 2649 filius

1818 2695 2115 2766 aliquando
2146 2695 2301 2749 visus
2328 2703 2412 2748 est
2441 2693 2683 2748 sordidis
2712 2690 3058 2746 vestimentis
3091 2687 3317 2742 indutus
3342 2687 3383 2740 ³.

1817 2787 2206 2843 Verumtamen
2273 2802 2394 2857 quae
2480 2786 2743 2841 sordibus
2806 2783 3107 2853 inquinata:
3174 2779 3388 2834 fuerant

1819 2883 2065 2935 vestibus
2096 2881 2383 2949 depositis,
2430 2878 2784 2932 intaminatas
2815 2874 3137 2944 assumpsit.
3173 2872 3225 2926 Id
3264 2872 3387 2924 ideo

1820 2973 2027 3027 factum
2062 2981 2169 3034 est,
2215 2978 2273 3024 ut
2297 2985 2695 3040 cognoscamus
2728 2967 3208 3035 addiscamusque,
3241 2964 3384 3034 quod

1818 3062 2280 3133 quemadmodum
2330 3061 2623 3130 imaginem
2690 3058 2972 3114 terrestris
3025 3057 3385 3127 portavimus,

1819 3157 1893 3209 ita
1928 3154 2268 3223 portabimus
2299 3159 2354 3207 et
2393 3153 2637 3207 cmlestis
2684 3152 2973 3222 imaginem
3004 3164 3019 3204 :
3075 3163 3273 3218 magno
3309 3149 3384 3202 si-

1816 3245 2036 3314 quidem
2066 3244 2356 3300 intervallo
2400 3243 2654 3299 Christus
2680 3243 2919 3313 propriis
2950 3241 3247 3295 virtutibus
3286 3239 3387 3292 ho-

1816 3336 2027 3390 minum
2089 3335 2283 3390 sordes
2344 3341 2663 3405 exsuperat.
2720 3333 3066 3403 Quapropter
3116 3330 3383 3386 orandum

1815 3436 1921 3490 est,
1954 3436 2012 3482 ut
2054 3428 2366 3483 relaxemur
2414 3426 2817 3495 liberemurque
2863 3440 2893 3478 a
2943 3425 3203 3480 diuturna
3246 3438 3384 3493 pra--

1814 3517 2083 3587 ceptione,
2142 3531 2321 3585 neque
2376 3516 2430 3569 in
2481 3516 2860 3569 contaminata
2910 3521 2965 3569 et
3024 3511 3384 3583 opprobriosa

1815 3606 2134 3662 conditione
2162 3608 2284 3661 vitae
2312 3607 2473 3662 finem
2508 3621 2799 3676 ponamus.

1958 3700 2115 3768 [22
2141 3697 2463 3754 CCCXXXI.
2489 3727 2558 3737 —
2576 3694 2858 3752 HILARIO
2891 3684 3249 3750 MONACHO)

1888 3808 1908 3843 ι
1944 3790 2017 3845 De
2045 3791 2255 3847 vertice
2307 3791 2471 3845 Sanir
2516 3798 2569 3844 et
2614 3789 2854 3844 llermon
2885 3789 2929 3854 δ,
2976 3808 2994 3841 ι
3048 3788 3102 3841 in
3154 3786 3385 3841 Cantica

1815 3883 2155 3938 canticorum
2206 3883 2432 3937 dicitur.
2502 3881 2667 3936 Sanir
2717 3882 2858 3934 viam
2907 3880 3136 3934 lucerna:
3190 3886 3381 3943 notat;

1815 3975 2056 4029 Hermon
2104 3974 2509 4043 oﬂ'erumentum
2549 3981 2655 4028 est.
2710 3969 2816 4027 Per
2876 3971 3133 4027 verticem
3171 3972 3385 4024 ratione

1816 4066 2106 4135 praeditam
2164 4066 2481 4119 facultatem
2554 4064 2713 4118 nobis
2784 4062 3043 4117 Salomon
3100 4061 3379 4115 indicavit.

1813 4153 2195 4227 Nosmetipsos
2234 4156 2423 4226 itaque
2462 4164 2610 4209 totos
2644 4153 2752 4211 Deo
2779 4169 3076 4209 voveamus
3132 4168 3199 4206 ac
3252 4150 3384 4205 olfe-

1814 4263 2020 4313 ramus,
2072 4247 2362 4317 diligenter
2424 4245 2760 4316 pr0positam
2813 4246 2975 4301 nobis
3019 4246 3162 4299 viam
3212 4259 3382 4312 angu-

1814 4348 1953 4395 stam
1982 4341 2004 4371 ⁸
2034 4354 2098 4393 ac
2133 4339 2372 4409 longam,
2404 4339 2583 4393 oculis
2629 4339 2824 4391 animae
2872 4346 3267 4408 praceptorum
3297 4336 3384 4389 di-

1736 4451 1790 4511 D
1812 4432 2066 4488 vinorum
2098 4431 2391 4502 splendore
2424 4429 2772 4495 illuminatis,
2804 4429 3016 4499 pedites
3041 4429 3313 4483 ineuntes.

2252 4520 2596 4577 CCCXXX“.
2627 4549 2697 4561 —
2728 4519 2933 4574 Eidem.

1885 4614 2122 4682 Quanta
2192 4614 2483 4682 Scriptura
2549 4595 2867 4669 referuntur
2928 4612 3147 4667 sordida
3213 4619 3386 4666 VCSU~

1811 4713 1996 4762 menta
2030 4706 2073 4770 ⁸,
2124 4705 2496 4775 cogitationes
2547 4719 2730 4776 prava:
2790 4712 2943 4768 sunt,
3000 4711 3055 4759 et
3111 4702 3386 4771 colloquia

1810 4799 1979 4864 mala,
2011 4799 2340 4867 exlegesque
2391 4796 2661 4851 actiones.
2705 4795 3110 4867 Proptereaque
3147 4794 3214 4847 de
3247 4792 3387 4846 Juda

1814 4887 1870 4942 in
1903 4887 2047 4944 libro
2074 4886 2417 4942 Psalmorum
2454 4885 2736 4941 traditur:
2789 4903 2807 4935 ι
2839 4884 3021 4938 Induit
3047 4882 3387 4937 maledictio-

1812 4995 1936 5034 nem
1977 4981 2124 5034 sicut
2168 4979 2553 5034 vestimentum
2588 4979 2632 5043 7;
2665 4995 2685 5029 ι
2716 4984 2806 5031 et:
2848 4994 2867 5027 ι
2902 4976 3230 5045 Operiantur
3260 4989 3389 5028 con.

1811 5069 2032 5126 fusione
2061 5079 2116 5127 et
2146 5056 2377 5142 pudore,
2411 5070 2503 5140 qui
2540 5076 2796 5139 quaerunt
2824 5068 2956 5123 mihi
2990 5067 3132 5119 mala
3163 5065 3208 5118 ⁸.
3242 5082 3260 5115 ι
3294 5062 3389 5119 Ni-

1808 5163 1889 5218 hil
1937 5163 2085 5219 enim
2127 5150 2303 5231 magis
2346 5162 2598 5226 infamat,
2645 5159 3157 5229 exsecrandumque
3213 5157 3389 5212 homi-

1811 5267 1934 5308 nem
1966 5242 2171 5317 reddit,
2200 5260 2449 5322 peccato.

2174 5338 2546 5398 CCCXXXIII.
2570 5373 2639 5385 —
2666 5337 3015 5406 CHIMASIO,

1887 5431 1964 5489 De
1988 5433 2079 5499 iis,
2111 5435 2207 5505 qui
2255 5434 2500 5507 aggressi
2545 5443 2695 5500 sunt,
2728 5450 2828 5490 nec
2863 5431 3184 5488 admirabile
3220 5429 3384 5482 virtu-

1816 5524 1889 5580 tis
1944 5540 2084 5596 opus
2135 5526 2419 5596 perfecere
2454 5567 2470 5592 ,
2523 5527 2906 5598 propheticum
2949 5523 3082 5578 illud
3131 5521 3337 5575 dixeris

1806 5638 1828 5672 ⁸
1854 5637 2047 5695 Matth.
2073 5656 2167 5707 vn,
2194 5642 2279 5696 Η.
2393 5642 2414 5673 ⁸
2437 5640 2604 5697 Zach.
2629 5657 2715 5705 ιιι,
2739 5641 2790 5697 3.
2904 5641 2921 5672 ⁷
2950 5637 3093 5692 Psal.
3120 5646 3269 5696 cvm,
3300 5632 3381 5686 18.

2958 5799 2988 5858 7
