3888 6040
216 303 325 367 205

522 416 568 467 ιι
591 431 605 446 ⁸
634 444 704 454 —-
727 416 1017 490 ΛΣΤΕΡῙῼ
1052 417 1487 493 ΑΝΔΓΝΩΣἸᾘ.

286 504 362 559 Οὐ
408 504 671 576 βούλομαί
704 523 765 560 σε
818 510 886 579 τῇ
921 510 1096 579 οίήσει
1125 509 1491 581 προκόπτειν,
1537 509 1674 565 ἀλλὰ
1721 506 1801 579 τῷ

215 596 365 666 ἔργῳ
409 599 509 667 τῆς
561 597 856 671 καλλίστης
916 600 1229 668 πολιτείας,
1278 600 1377 655 καὶ
1424 601 1523 665 τῆς
1566 600 1800 671 θεογνω-

217 703 361 751 σιας.
827 751 835 763 ,

743 782 821 837 6'.
861 815 932 826 —
969 784 1053 850 Τῷ
1090 784 1252 851 αὐτῷ

294 889 315 923 ί
355 873 628 944 ’Δμαρτία
655 873 764 945 γὰρ
785 876 887 930 οὐκ
918 876 1265 946 ἐλλογιεῖται.
1297 877 1373 950 μὴ
1405 877 1559 943 ὄντος
1574 877 1794 950 νόμου.»

218 966 366 1029 Ἕως
399 967 507 1037 γὰρ
545 967 773 1038 μηδέπω
804 971 1273 1042 συμπεπλήρωται
1303 971 1332 1022 ό
1362 971 1420 1025 ὲν
1452 973 1585 1043 ἡμῖν
1610 973 1799 1043 νόμος,

214 1058 618 1127 πρόστακτικὸς
670 1059 771 1130 μὲν
801 1054 877 1116 ὧν
922 1063 1213 1132 ποιητέον,
1258 1064 1693 1134 ἀπαγορευτικὸς
1742 1065 1800 1118 δὲ

212 1141 293 1200 ῶν
333 1147 409 1220 μὴ
432 1150 704 1216 ποιητέον,
739 1151 881 1206 κατά
917 1153 1015 1217 τὰς
1058 1154 1509 1225 ὑποτυπουμένας
1554 1156 1801 1224 φυσικῶς

211 1240 351 1309 ἡμῖν
408 1240 535 1311 περὶ
595 1240 817 1310 ἀγαθῶν
880 1244 974 1296 καὶ
1041 1245 1230 1298 κακῶν
1276 1240 1605 1316 ἐνθυμήσεις
1631 1286 1647 1309 ,
1679 1246 1802 1299 οὐδὲ

212 1333 555 1405 ἁμαρτάνειν
582 1333 966 1406 λελογίσμεθα.
1000 1339 1186 1409 Χωρὶς
1212 1338 1326 1410 γὰρ
1353 1340 1521 1409 νόμου
1551 1340 1801 1410 ἁμαρτία

209 1424 407 1495 νεκρά.
456 1425 958 1497 Συμπληρωθέντος
1002 1429 1059 1482 δὲ
1089 1429 1186 1483 τοῦ
1216 1432 1382 1501 νόμου
1412 1429 1506 1484 τοῦ
1545 1434 1602 1485 ὲν
1646 1432 1798 1502 ἡμῖν,

216 1514 359 1585 μετά
406 1515 499 1567 τὸν
527 1515 875 1586 ἀπαρτισμὸν
907 1517 1016 1570 τῶν
1059 1518 1297 1584 ἐννοιῶν,
1319 1520 1414 1571 καί
1442 1518 1543 1589 τῆς
1580 1519 1802 1588 ἐντολῆς

213 1604 503 1676 ἐλθούσης,
559 1605 721 1669 εὐθὺς
790 1607 959 1660 κακία
1002 1609 1062 1661 ὲν
1120 1610 1253 1680 ἡμῖν
1308 1608 1658 1680 εὑρίσκεται,
1705 1608 1801 1663 καὶ

209 1696 477 1766 ἀνέζησεν
508 1697 543 1768 ἠ
571 1697 836 1769 ἁμαρτία.

760 1793 818 1845 I'.
849 1823 915 1833 -—
958 1790 1042 1858 Τῷ
1074 1791 1253 1859 αὐτῷ.

288 1883 499 1953 Ὠσπερ
534 1884 568 1954 ἡ
599 1883 873 1955 περιτομὴ
895 1886 973 1947 είς
995 1885 1365 1956 ἁκροόυστίαν
1385 1885 1695 1952 λελόγισται
1721 1884 1801 1956 τῷ

213 1973 481 2045 μοχθηρῷ
516 1974 788 2045 Ἰουδαίῳ,
829 1974 1006 2038 οὕτως
1053 1977 1087 2045 ἡ
1123 1976 1447 2046 ἐγκράτεια,
1498 1976 1594 2029 καὶ
1644 1976 1803 2047 ήνη-

212 2068 373 2121 στεία
408 2070 491 2132 εἰς
540 2070 856 2140 κραιπάλην
883 2110 899 2133 ,
931 2070 1025 2122 καὶ
1070 2070 1378 2140 ἀπληστίαν
1418 2069 1694 2137 λογίζεται
1724 2068 1802 2139 τῷ

212 2158 365 2212 κατὰ
390 2148 521 2223 τοὺς
544 2160 819 2230 Ἕλληνας
864 2160 1206 2232 νηστεύοντι,
1242 2164 1337 2214 καὶ
1383 2161 1462 2231 τῷ
1494 2160 1635 2215 κατά
1678 2161 1803 2222 τοὺς

211 2251 555 2321 Μανιχαίους
596 2250 872 2305 ἀσιτοῦντι
897 2291 913 2316 ,
963 2253 1059 2306 καὶ
1095 2252 1163 2307 τὰ
1212 2252 1352 2307 καλά
1387 2252 1663 2324 κτίσματι
1706 2252 1802 2305 τοῦ

212 2343 357 2397 Θεοῦ
391 2344 795 2417 βδελυττομένῳ
824 2343 924 2399 ἀνθ
935 2343 1127 2415 ρώπῳ.

744 2439 850 2492 IA'.
879 2467 947 2479 -—
980 2437 1064 2502 Τῷ
1094 2436 1277 2503 αὐτῷ.

302 2528 367 2581 'II
395 2530 537 2583 κατά
563 2530 798 2601 Χριστὸν
828 2530 1126 2602 τελουμένη
1160 2530 1479 2601 ἐγκράτεια,
1511 2528 1674 2599 καλὴ,
1708 2527 1807 2582 κα)⁴

217 2622 365 2687 ἄγαν
400 2620 598 2692 ἀρίστη
641 2622 780 2684 ἐστὶ,
827 2622 923 2673 καὶ
956 2619 1261 2691 λυσιτελὴς,
1302 2619 1419 2692 ἠδὲ
1444 2620 1564 2673 κατ’
1604 2618 1803 2690 Ἐλλη-

218 2732 341 2777 νας,
370 2714 624 2767 καὶκατὰ
649 2715 984 2785 Μανιχαίους
1019 2712 1299 2785 γινομένη.
1331 2710 1527 2783 ψεκτὴ,
1555 2714 1650 2765 καὶ
1682 2714 1805 2765 ἑπι-

221 2807 457 2879 ελαὸής.
968 2834 975 2841 ·

466 2899 568 2954 IB'.
597 2930 670 2940 —
704 2900 1069 2972 ΝΗΜΕΡΤΙῼ
1107 2899 1566 2971 ΣΙΛΕΝΤῙΑΡῙῼ.

296 2989 454 3060 Μηδέ
496 3006 627 3043 ποτε
673 2989 781 3061 δῷς
835 2990 1047 3061 σεαυτῷ
1098 2991 1409 3046 ἀνάπαυσιν
1450 2990 1559 3045 ἀπὸ
1607 2986 1808 3052 παντὸς

1442 302 1975 371 EPISTOLARUM
1997 304 2145 366 LIB.
2187 306 2271 367 II.

1822 415 1873 476 Α

3369 314 3477 382 296

2120 417 2279 489 125
2318 416 2452 477 VIII.
2493 449 2563 461 —
2599 417 2898 478 AS’I’EBIO
2939 420 3265 483 LECTORI.

1972 508 2113 566 Nolo
2142 521 2197 566 te
2224 511 2543 583 opinatione
2562 553 2578 577 ,
2613 515 2708 570 sed
2744 517 2950 587 optima
2980 518 3108 573 vitae
3136 522 3352 579 ratione
3375 564 3390 589 ,
3426 532 3480 577 et

1902 601 2000 660 Dei
2033 603 2349 674 cognitione
2379 605 2448 661 ad
2483 604 2743 663 virtutem
2778 610 3058 682 progredi.

2463 779 2550 837 IX.
2589 811 2661 822 —
2699 782 2909 841 Eidem.

1978 888 1997 924 ι
2030 871 2321 928 Peccatum
2353 888 2465 929 non
2492 876 2860 946 reputabitur,
2898 878 2945 935 si
2976 878 3066 935 lex
3098 897 3209 937 non
3239 892 3323 939 est
3354 885 3417 938 ".
3460 904 3477 934 ι

1901 961 2203 1035 Quousque
2228 966 2375 1021 enim
2408 983 2517 1022 non
2548 970 2820 1039 completa
2846 978 2931 1027 est
2954 972 3011 1026 in
3039 973 3199 1030 nobis
3225 976 3332 1041 lex,
3360 992 3483 1045 quae

1897 1055 2090 1126 jubeat
2120 1072 2185 1113 ea
2208 1099 2223 1123 ,
2260 1074 2382 1129 qua:
2430 1060 2678 1116 facienda
2719 1071 2880 1130 sunt,
2920 1066 3317 1139 probibeatque
3343 1084 3480 1125 con-

1901 1149 2072 1203 traria
2111 1154 2414 1209 secundum
2454 1156 2671 1213 innatas
2708 1161 2867 1215 nobis
2898 1162 2966 1218 de
3006 1161 3173 1219 bonis
3220 1173 3275 1219 et
3320 1166 3481 1219 malis

1902 1240 2452 1309 animadversiones,
2513 1264 2743 1318 peccare
2800 1268 3072 1323 nusquam
3137 1263 3477 1327 reputamur.

1902 1328 2149 1402 Namque
2185 1335 2397 1404 absque
2429 1338 2545 1408 lege
2571 1352 2857 1409 peccatum
2892 1353 3174 1400 mortuum
3207 1356 3315 1403 est.
3346 1348 3479 1403 Cum

1902 1434 2033 1474 vero
2056 1421 2142 1476 lex
2169 1423 2222 1477 in
2252 1427 2411 1481 nobis
2435 1430 2705 1497 completa
2735 1431 2901 1487 fuerit
2928 1442 3056 1504 post
3080 1438 3481 1507 cogitationunt

1903 1513 2293 1603 perfectionem
2314 1560 2328 1582 ,
2357 1529 2411 1574 et
2442 1534 2717 1593 praecepto
2749 1524 3114 1586 adveniente.
3145 1529 3333 1583 statim
3362 1538 3483 1583 mai-'-

1906 1606 2020 1662 litia
2048 1607 2104 1663 in
2135 1610 2298 1667 nobis
2324 1613 2621 1679 invenitur,
2653 1625 2708 1671 et
2738 1628 3025 1687 peccatum
3058 1621 3279 1675 revixit.

2466 1793 2535 1847 Χ.
2593 1825 2666 1837 -
2704 1794 2917 1852 Eidem.

1972 1875 2445 1943 Quemadmodum
2502 1885 2860 1942 circumcisio
2917 1885 3238 1944 facinoroso
3292 1888 3486 1945 Iudaeo

1902 1969 1956 2022 in
1993 1972 2319 2040 praeputium
2373 1983 2708 2044 reputatur;
2760 1979 2835 2034 ita
2880 1989 2937 2036 et
2987 1983 3378 2051 continentia,
3427 1996 3483 2041 et

1898 2060 2171 2129 jejunium
2209 2064 2262 2118 in
2291 2069 2572 2135 crapulam
2600 2077 2657 2125 et
2691 2071 2746 2125 in
2778 2072 3150 2129 insatietatem
3192 2083 3484 2147 reputatur

1897 2152 2017 2215 illi,
2048 2153 2142 2223 qui
2173 2169 2328 2210 more
2354 2159 2603 2228 gentium
2625 2160 2876 2230 jejunat,
2908 2172 2964 2219 et
3010 2166 3103 2234 qui
3133 2206 3149 2230 ,
3198 2178 3258 2221 ut
3300 2165 3479 2222 Mani-

1902 2242 2041 2297 cluei
2079 2247 2355 2314 assolent,
2388 2261 2419 2300 a
2450 2248 2593 2305 cibis
2619 2251 2894 2321 abstinet,
2924 2261 2981 2310 et
3011 2250 3154 2310 liena
3184 2256 3279 2313 Dei
3314 2273 3485 2332 opera

1903 2345 2252 2393 exsecratur.

2484 2431 2570 2489 XI.
2603 2462 2674 2475 --
2708 2434 2920 2492 Eidem.

1976 2514 2111 2582 Quae
2143 2518 2448 2575 secundum
2485 2523 2763 2578 Christum
2797 2527 3139 2582 continentia
3174 2528 3482 2599 perﬁcitur,

1905 2606 2085 2674 bona,
2117 2618 2172 2665 et
2213 2628 2376 2682 quam
2408 2617 2613 2684 optima
2655 2625 2741 2672 est
2784 2626 2838 2672 et
2882 2618 3075 2679 utilis:
3119 2637 3241 2690 qua:
3279 2636 3487 2679 secun-

1908 2700 2039 2755 dum
2070 2709 2261 2773 gentes
2288 2712 2342 2758 et
2367 2703 2703 2763 Manichaeos
2724 2748 2739 2773 ,
2773 2710 3151 2780 vituperabilis
3178 2720 3233 2767 et
3261 2713 3449 2768 noxia.

2051 2879 2213 2951 126
2253 2879 2372 2937 XII.
2403 2913 2474 2924 —-
2498 2883 2860 2945 NEMERTIO
2888 2888 3347 2952 SILENTIARIO.

1979 2967 2060 3027 Ne
2086 2990 2326 3045 unquam
2361 2992 2547 3036 cesses
2575 2981 2644 3036 ab
2672 2984 2823 3039 omni
2858 3000 2949 3050 re,
2978 3002 3101 3057 quae
3129 2988 3198 3042 ad
3230 2990 3487 3060 pietatem

224 3081 367 3153 πρὸς
392 3083 454 3136 τὸ
489 3082 709 3147 εύσεόὲς
744 3082 1113 3147 συντείνοντος
1147 3083 1476 3156 πράγματος
1497 3099 1512 3115 ο
1546 3085 1668 3147 ταῖς
1698 3082 1805 3154 γὰρ

1924 3063 2197 3122 :onducit.
2225 3066 2283 3123 In
2315 3072 2722 3132 cessationibus
2747 3077 2895 3132 enim
2928 3093 2992 3134 ac
3018 3080 3148 3137 otiis
3175 3096 3333 3139 error
3386 3086 3491 3139 im-

226 3171 595 3236 άναπαύσεσι,
624 3173 724 3227 καὶ
771 3176 891 3238 ταῖς
929 3174 1152 3242 ἀργίαις
1193 3173 1254 3228 τὸ
1295 3172 1674 3247 πλημμελοῦν,
1714 3173 1805 3227 καὶ

1924 3158 2272 3231 probitasque
2304 3164 2490 3231 potius
2521 3165 2857 3223 admittitur.
2897 3170 3005 3225 Sed
3038 3180 3092 3226 et
3125 3188 3352 3243 precare
3380 3175 3493 3232 fre-

226 3265 289 3318 τὸ
327 3263 534 3334 φαῦλον
593 3264 904 3317 ἐπιτίθεται
975 3265 1200 3335 μᾶλλον.
1280 3265 1444 3319 Ἀλλά
1495 3267 1591 3320 καὶ
1650 3265 1812 3337 εὔχου

230 3356 580 3426 συχνότερον,
615 3354 711 3408 καὶ
731 3358 798 3426 τῇ
833 3356 1141 3424 ἀναγνώσει
1180 3355 1416 3429 πρόσεχε
1441 3357 1549 3411 τῶν
1568 3361 1662 3412 τοῦ
1695 3359 1813 3412 Κυ-

231 3446 353 3517 ρίου
380 3445 621 3516 θεσμῶν,
646 3447 740 3500 καὶ
779 3447 1061 3519 περίελκε,
1086 3449 1181 3503 καὶ
1211 3447 1456 3520 περίσπα
1483 3449 1581 3521 τὴν
1614 3448 1811 3504 σαυτοῦ

229 3540 473 3593 διάνοιαν
511 3540 593 3602 είς
629 3538 730 3603 τὰς
783 3540 891 3594 τῶν
940 3540 1211 3612 δεομένων
1251 3543 1531 3608 εὐποιίας,
1575 3544 1671 3598 καὶ
1713 3544 1814 3609 τὰς

228 3629 573 3700 προστασίας
627 3629 735 3684 τῶν
773 3634 1286 3703 καταπονουμένων.
1328 3634 1440 3688 Καὶ
1490 3633 1664 3697 οὕτως
1718 3637 1814 3689 ἐκ·
1855 3677 1869 3701 ,

231 3721 407 3793 φεύξῃ
435 3722 634 3794 ῥᾳδίως
653 3722 715 3775 οὑ
752 3723 912 3794 μόνον
939 3723 1039 3796 τὴν
1070 3725 1354 3796 ἐνέργειαν
1384 3725 1484 3794 τῆς
1514 3726 1810 3797 ἁμαρτίας,

229 3813 373 3867 ἀλλά
404 3814 498 3867 καὶ
536 3814 729 3880 αὒτάς,
765 3816 841 3880 ὡς
874 3816 1041 3881 είκὸς,
1077 3818 1177 3880 τάς
1224 3817 1553 3889 προσϐολὰς,
1580 3820 1674 3872 καὶ
1713 3819 1814 3883 τάς

234 3906 461 3978 μνήμας
478 3906 576 3959 καὶ
594 3906 696 3971 τὰς
712 3907 1064 3980 ἀνακινήσεις
1091 3909 1201 3962 τῶν
1217 3893 1433 3964 ἀτόπων
1450 3912 1790 3982 πραγμάτων

765 4000 864 4055 II".
893 4030 965 4041 -—
998 4000 1080 4066 Τῷ
1103 4000 1265 4067 αὐτῷ

317 4087 559 4144 Ἐπαινῶ
586 4107 646 4143 σε
689 4091 792 4162 τῆς
816 4091 961 4145 κατὰ
988 4091 1163 4163 ψυχὴν
1216 4092 1541 4163 ἐπιμελείας
1589 4092 1813 4163 πολλῆς,

232 4182 333 4235 καὶ
368 4181 472 4251 τῆς
519 4183 871 4254 ἐγκρατείας,
907 4185 1002 4239 καὶ
1059 4186 1159 4255 τῆς
1208 4185 1423 4256 ἀποχῆς
1464 4186 1574 4240 τῶν
1628 4186 1815 4240 κακῶν

232 4272 548 4342 θεαμάτων,
607 4274 703 4328 καὶ
746 4276 848 4346 τῆς
901 4275 1253 4342 ἀνεξικακίας
1276 4317 1293 4342 ,
1340 4278 1435 4332 καὶ
1480 4277 1590 4331 τῶν
1640 4278 1815 4333 ἄλλων

231 4364 715 4436 κατορθωμάτων,
762 4360 950 4440 ὦνπερ
1001 4368 1375 4424 ὲπιδείκνυσαι
1415 4370 1474 4422 ὲν
1521 4371 1671 4442 μέσῳ
1716 4370 1813 4425 τοῦ

1910 3254 2175 3322 quentius
2203 3296 2222 3324 ,
2283 3266 2339 3313 et
2368 3257 2776 3318 Dominicorum
2824 3278 3221 3338 praceptorum
3271 3270 3492 3329 lectioni

1913 3344 2176 3403 incumbe
2196 3390 2211 3415 ,
2241 3358 2296 3404 et
2328 3353 2544 3408 attrahe
2566 3394 2581 3417 .
2615 3362 2670 3411 et
2701 3358 2917 3428 applica
2948 3370 3185 3416 mentem
3234 3370 3384 3418 tuam
3436 3365 3493 3419 iu

1911 3452 2213 3505 egenorum
2266 3441 2689 3501 beneﬁcentiam
2734 3456 2791 3503 et
2842 3451 3149 3519 patrocinia
3197 3467 3495 3525 oppresso-

1913 3546 2061 3588 rum.
2115 3530 2318 3604 Sicque
2368 3535 2515 3593 facili
2564 3541 2785 3610 negotio
2833 3544 3067 3600 evitabis
3119 3560 3231 3601 non
3277 3554 3493 3602 tantum

1914 3619 2230 3692 iniquitatis
2260 3627 2505 3683 actiones
2527 3669 2542 3691 .
2578 3631 2674 3685 sed
2706 3639 2760 3687 et
2797 3633 2979 3705 ipsos,
3013 3644 3071 3689 ut
3102 3650 3203 3706 par
3232 3644 3353 3702 est,
3390 3637 3497 3691 im-

1914 3724 2080 3785 petus.
2111 3724 2167 3772 et
2206 3722 2499 3777 memorias
2537 3730 2592 3778 et
2630 3732 2813 3782 Inotus
2877 3742 3061 3783 rerum
3102 3730 3491 3799 absurdarum.

2462 3992 2599 4049 XIII.
2633 4025 2703 4037 —-
2733 3995 2940 4053 Eidem.

1985 4075 2212 4132 Multam
2241 4085 2390 4135 tuam
2418 4084 2567 4137 circa
2595 4084 2832 4139 animam
2865 4085 3205 4157 diligentiam
3235 4096 3291 4144 et
3317 4090 3498 4145 conti-

1916 4171 2160 4224 nentiam
2186 4210 2202 4236 ,
2237 4180 2294 4226 et
2344 4187 2374 4226 a
2410 4175 2594 4242 pravis
2632 4177 2967 4245 spectaculis
3000 4177 3456 4249 longinquitatem
3477 4222 3494 4247 ,

1914 4267 1970 4314 et
1997 4261 2323 4331 injuriarum
2353 4266 2698 4321 tolerantiam
2719 4307 2735 4332 ,
2766 4274 3077 4339 ceteraque
3103 4269 3206 4324 alia
3234 4270 3498 4341 praeclare

1918 4362 2072 4423 gesta
2094 4394 2110 4420 ,
2137 4370 2260 4425 qua:
2286 4356 2467 4411 medio
2500 4358 2708 4413 mundo
2731 4359 3010 4416 involutus
3035 4362 3282 4418 ostendis
3302 4402 3319 4427 ,
3344 4379 3497 4418 sum-

232 4455 445 4525 κόσμου
479 4456 869 4528 στρεφόμενος.
906 4458 1047 4513 Ἀλλ’
1074 4460 1133 4513 ἓν
1165 4477 1256 4531 μοι
1283 4460 1366 4515 ἔτι
1419 4461 1558 4533 πρὸς
1606 4461 1805 4527 τούτοις

1924 4458 2143 4515 mopere
2169 4444 2436 4502 admiror.
2482 4445 2588 4502 Sed
2634 4463 2804 4503 unum
2846 4449 2980 4504 mihi
3029 4449 3212 4506 adhuc
3259 4466 3371 4523 pra:
3409 4451 3498 4506 his

230 4547 488 4616 χάρισαι,
535 4547 636 4618 τῆς
680 4548 790 4602 τῶν
824 4549 1123 4617 γελοποιῶν
1164 4550 1345 4622 λύμης
1396 4551 1585 4606 λοιπὸν
1620 4553 1805 4607 σαυτδι

1924 4538 2177 4593 omnibus
2223 4538 2572 4609 gratificare,
2620 4554 2652 4593 a
2703 4550 2855 4610 peste
2898 4555 3216 4596 scurrarum
3243 4582 3261 4609 ,
3292 4544 3497 4613 quibus

230 4638 642 4709 ἀποσχοίνισον,
673 4642 769 4694 καὶ
806 4642 917 4695 ίδού
959 4659 1043 4696 σοι
1080 4645 1109 4697 ό
1143 4645 1413 4714 στέφανος
1446 4645 1773 4701 πέπλεκται.

521 4816 617 4870 1Δ¹.
642 4846 715 4856 —
734 4817 1036 4890 ΑΝΤΩΝΙῼ
1077 4820 1536 4893 ΣΧΟΔᾹΣΤΙΚῼ.

307 4905 388 4976 Τῇ
424 4904 546 4977 θείᾳ
597 4907 766 4979 ψήφῳ
802 4907 1162 4978 βεϐαπτίσθαι
1197 4912 1527 4984 Ἰσραηλῖται
1574 4913 1816 4982 λογιζον-

229 5015 350 5063 ται,
386 4999 719 5070 περαιῶντες
756 5000 853 5072 τὴν
914 5003 1179 5075 Ἐρυθρὰν
1208 5002 1503 5071 θάλασσαν,
1534 5006 1709 5060 καίτοι
1740 5007 1816 5077 μὴ

234 5088 649 5161 βαπτισθέντες.
712 5091 900 5156 Οὕτως
947 5093 1091 5162 ἔδοξε
1131 5095 1252 5168 Θεῷ
1303 5096 1395 5151 τὸν
1435 5096 1817 5168 δευτερότοκον

247 5180 493 5252 Ἐφραῖμ
532 5180 878 5254 πρωτότοκον
927 5185 1227 5255 λέγεσθαι,
1280 5190 1377 5243 καὶ
1421 5189 1817 5261 προκρίνεσθαι

232 5275 331 5329 τοῦ
360 5274 608 5347 μείζονος
639 5278 935 5351 Μανασσῆ,
975 5280 1041 5333 ἵν’
1082 5284 1242 5352 ἡμεῖς
1272 5279 1526 5354 ζητῶμεν
1561 5282 1662 5346 τὰς
1691 5283 1813 5338 τού-

233 5385 342 5422 των
375 5369 665 5440 σημασίας.

717 5460 819 5516 ιε’.
840 5482 911 5504 -ι-
939 5461 1333 5535 ΘΕΟΣΕΒΕΙῼ.

305 5548 372 5603 Al
401 5549 549 5619 παρά
587 5549 665 5621 τῷ
698 5554 950 5625 προφήτῃ
986 5556 1232 5627 Ζαχαρία
1258 5554 1351 5609 δύο
1381 5560 1582 5627 χρυσαῖ
1599 5556 1809 5623 ἐλαῖαι,

308 5725 537 5783 "llum.
599 5744 655 5791 v,
715 5729 801 5782 13.
878 5730 923 5762 "
973 5731 1109 5786 (ten.
1160 5747 1349 5798 XLVIII,
1390 5734 1477 5788 I9.

1914 4628 2189 4695 inhaeres,
2221 4630 2593 4688 discinditor:
2635 4640 2690 4687 et
2721 4648 2789 4689 en
2815 4633 2932 4704 jam
2979 4633 3078 4689 tibi
3124 4649 3333 4691 corona
3364 4650 3500 4691 con-

1912 4726 2063 4777 texta
2087 4731 2191 4778 est.

2163 4808 2304 4864 XIV.
2320 4809 2711 4867 -ANTONI(|
2743 4810 3244 4869 SCHOLASTICO.

1988 4897 2187 4954 Divino
2208 4897 2431 4954 decreto
2452 4899 2717 4955 Israelita:
2750 4916 2901 4957 mare
2930 4901 3178 4957 Rubrum
3213 4903 3499 4974 trajicien-

1916 4999 2036 5056 tes,
2071 4992 2198 5047 licet
2239 4992 2501 5063 baptizati
2550 5008 2659 5047 non
2708 4993 2950 5061 fuerint,
3001 4995 3270 5066 baptizati
3316 5009 3499 5054 tamen

1915 5084 2325 5142 existimantur.
2358 5088 2452 5142 Sic
2477 5089 2590 5145 Deo
2614 5089 2792 5144 visum
2821 5098 2904 5145 est
2925 5129 2941 5153 ,
2975 5089 3221 5147 secundo
3253 5092 3496 5162 genitum

1917 5180 2179 5250 Ephraim
2211 5184 2642 5255 primogenitum
2675 5183 2822 5247 dici,
2872 5193 2927 5239 et
2968 5185 3166 5255 majori
3206 5194 3339 5242 nato
3383 5185 3498 5242 Ma-

1919 5292 2100 5332 nassae
2127 5276 2393 5333 anteferri
2423 5278 2491 5345 “,
2522 5285 2584 5333 ut
2607 5294 2715 5335 nos
2742 5278 2940 5335 horum
2972 5280 3316 5352 signiﬁcatus
3343 5281 3501 5336 avide

1919 5367 2328 5438 perquiramus.

2290 5456 2449 5527 127
2481 5455 2597 5511 XV.
2631 5488 2698 5497 -—
2733 5456 3140 5514 THEOSEBIO.

1992 5552 2123 5609 Duae
2146 5554 2288 5625 apud
2318 5554 2639 5625 prophetam
2675 5552 2999 5609 Zachariam
3031 5554 3187 5608 oliva:
3219 5561 3399 5607 aureae
3430 5551 3497 5615 ".

1559 5734 1598 5765 ιτ
1633 5732 1799 5789 Zach.
1843 5750 1954 5802 xiv,
1990 5734 2045 5788 5.
