3888 6040
395 322 499 385 207
1886 315 1947 377 S.
1984 312 2149 375 NILI
3544 317 3659 380 208

394 450 526 500 eos,
569 432 664 505 qui
708 431 764 488 in
798 430 1093 488 Christum
1136 427 1526 495 crediderunt,
1572 437 1692 485 tum
1739 444 1807 485 ex
1858 429 1967 485 lie-

2097 428 2197 491 τούς
2245 444 2305 481 τε
2349 425 2411 493 ἐξ
2447 426 2739 495 Ἰουδαίων,
2778 426 3037 493 καὶτοὺς
3065 426 3176 483 ἀπὸ
3215 428 3326 482 τῶν
3358 428 3531 483 ἐθνῶν
3580 429 3660 498 τῷ

392 528 588 593 limis,
627 536 738 581 tum
772 524 1165 596 ex'gentibus,
1198 522 1369 579 veluti
1401 524 1454 578 in
1502 524 1697 578 umbra
1731 532 1921 578 notant
1953 541 1967 577 :

2097 521 2293 591 ίριστῷ
2335 521 2696 586 πιστεύοντας
2728 519 3174 592 σκιογραφοῦσιν,
3213 522 3410 584 οἵτινες
3455 520 3655 592 πρώην

394 621 491 691 qui
520 620 673 689 prius
704 632 831 672 cum
859 625 1050 673 essent
1080 625 1135 670 ut
1162 616 1331 687 paleae
1362 656 1378 681 ,
1414 615 1642 697 demum.
1667 630 1764 685 per
1810 616 1971 670 Iidem

2097 612 2368 685 ιχυρὼδεις
2426 614 2782 684 ὑπάρχοντες,
2825 612 3053 686 ὕστερον
3099 614 3188 669 διά
3236 616 3500 679 πίστεως,
3554 613 3653 668 καὶ

394 720 451 767 et
481 709 864 782 pmnitentiam
892 707 1169 777 ingentem
1197 704 1633 761 misericordiam
1664 706 1971 768 consecuti,

2097 704 2365 766 ιετανοίας
2416 706 2665 775 μεγάλως
2716 705 3063 777 ἐλεηθέντες,
3116 708 3311 779 χρυσοῖ
3362 724 3511 771 τινες
3556 705 3652 777 τὴν

395 801 549 858 aurei
577 809 762 856 mente
792 800 898 853 visi
931 806 1084 854 sunt.
1347 846 1355 859 ,

2097 794 2300 865 γνώμην
2328 798 2653 865 πεφήνασιν.

634 888 781 943 XVI.
815 917 887 931 --
916 883 1269 942 AGATHONI
1310 883 1728 942 DECEMBRIO.

2360 887 2475 953 ις’.
2507 915 2579 928 -
2609 887 2910 941 ΑΓΑΘΩΝΙ
2947 886 3367 959 ΔΕΚΕΜΒΡῙῼ.

464 981 603 1037 Cum
647 980 894 1037 Isboseth
941 976 1321 1034 interfectores
1366 980 1565 1033 beatus
1623 975 1795 1029 David
1827 976 1977 1030 occi-

2147 976 2285 1038 Τοὺς
2323 976 2416 1029 τοῦ
2460 975 2695 1030 Ἰσϐοσθέ
2716 977 3007 1049 ἀναιρέτας
3033 978 3062 1030 ὁ
3096 978 3364 1048 μάκαριος
3386 976 3651 1045 φονεύσας

396 1072 599 1132 disset.
628 1085 927 1140 eorumque
953 1085 1150 1125 manus
1196 1068 1474 1139 pedesque
1518 1068 1882 1133 abscidisset,
1920 1066 1976 1120 in

2097 1062 2264 1126 Iau’iS,
2299 1066 2391 1116 καὶ
2431 1066 2620 1135 χεῖρας
2653 1064 2857 1119 τούτων
2887 1065 2982 1119 καλ⁸
3023 1065 3189 1128 πόδας
3227 1067 3530 1135 ἀποκόψας,
3564 1068 3652 1119 ἐπὶ

395 1164 548 1220 fonte
572 1172 626 1219 et
647 1164 702 1217 in
732 1178 871 1233 aqua
902 1161 1192 1233 suspendit
1223 1163 1287 1215 ‘3.
1320 1160 1425 1217 Per
1453 1162 1567 1216 haec
1598 1167 1756 1215 notat
1776 1199 1790 1223 ,
1826 1158 1976 1229 quod

2097 1155 2174 1224 τῆς
2194 1156 2424 1225 κρήνης,
2456 1157 2551 1209 καὶ
2576 1157 2667 1209 ἐπὶ
2692 1158 2782 1210 τοῦ
2807 1156 2999 1219 ῦδατος
3032 1158 3360 1228 ἐκρέμασεν.
3391 1160 3654 1230 Σημαίνεο

397 1256 700 1313 secundum
724 1254 1004 1309 Christum
1042 1254 1137 1319 ﬁt,
1174 1254 1512 1324 baptismate
1550 1251 1851 1322 amputatis
1884 1266 1979 1304 ex-

392 1349 590 1404 tremis
615 1348 857 1402 mutilari
887 1356 943 1402 et
987 1347 1267 1411 interimi,
1306 1346 1400 1417 qui
1433 1354 1559 1399 ante
1596 1344 1758 1398 Iidem
1787 1357 1890 1397 nos
1923 1342 1977 1395 iu

397 1442 768 1511 captivitatem
802 1440 1186 1506 abduxerunt,
1234 1440 1559 1509 animasque
1590 1444 1817 1494 nostras
1847 1449 1980 1490 con-

398 1534 745 1589 trucidarunt
763 1573 778 1599 ,
806 1533 1110 1587 daemones.

923 1620 1089 1676 XVII.
1115 1652 1185 1661 —
1212 1621 1424 1676 Eidem.

470 1713 602 1771 Post
636 1714 934 1769 Mosaicam
980 1713 1097 1783 spei
1150 1712 1396 1766 melioris
1428 1711 1601 1781 legem
1636 1708 1975 1780 superindu-

398 1814 544 1861 ctam
598 1805 771 1860 fuisse
824 1803 1007 1859 edocti
1061 1818 1295 1868 sumus,
1346 1817 1441 1871 per
1490 1817 1655 1869 quam
1710 1800 1979 1875 inhzerere

399 1897 512 1952 Deo
561 1910 880 1967 possumus.
932 1895 1122 1965 Itaque
1172 1913 1191 1947 ι
1227 1893 1684 1964 Appropinquale
1732 1891 1876 1957 Deo,
1926 1896 1982 1945 et

401 1988 863 2060 appropinquabit
900 1989 1060 2044 vobis
1089 1989 1157 2054 ¹⁹,
1196 2007 1215 2039 ›
1254 1996 1312 2042 ιιι
1332 1988 1575 2043 Jacobus
1602 1987 1697 2041 ait.
1726 1986 1982 2041 Attamen

399 2079 719 2137 Judaaorum
773 2081 1017 2151 populus
1064 2080 1288 2137 nolebat
1344 2095 1442 2150 per
1499 2094 1651 2149 spem
1705 2090 1759 2134 et
1821 2078 1982 2132 Iidem

401 2188 572 2244 prope
623 2172 778 2236 ﬁeri,
813 2171 1160 2243 Dominoque
1189 2172 1585 2243 couglutinari.
1637 2171 1984 2241 Quapropter

403 2266 576 2321 David
604 2266 826 2320 dicebat
857 2282 871 2319 :
906 2283 926 2316 ι
960 2264 1043 2318 Ira
1076 2264 1329 2321 ascendit
1355 2265 1411 2319 in
1443 2262 1615 2319 Israel
1642 2264 1688 2294 ¹⁰
1717 2281 1731 2317 :
1764 2280 1782 2313 ι
1810 2277 1985 2332 quan-

404 2354 696 2425 doquidem
728 2370 839 2410 non
865 2355 1103 2411 credidit
1135 2353 1281 2420 Deo,
1312 2370 1492 2425 neque
1518 2355 1764 2424 speravit
1807 2356 1858 2408 in
1894 2371 1984 2409 sa-

404 2446 585 2502 Iutare
615 2446 784 2501 illius.
820 2447 937 2517 Ipse
965 2462 1189 2504 rursum
1224 2446 1370 2503 Deus
1394 2461 1500 2519 per
1540 2446 1749 2503 visaiam
1800 2463 1983 2501 enun-

405 2540 568 2593 tiavit
596 2558 611 2594 :
644 2558 662 2591 ι
698 2539 941 2608 Populus
973 2540 1077 2594 iste
1106 2538 1269 2595 labiis
1298 2553 1385 2593 me
1418 2547 1599 2604 amat,
1648 2554 1746 2593 cor
1797 2547 1982 2592 autem

406 2642 599 2681 eorum
634 2626 794 2697 longe
823 2638 909 2680 est
943 2646 969 2679 ιι
1007 2646 1089 2679 me
1119 2630 1187 2679 ²¹.
1222 2646 1239 2676 ν

836 2718 998 2787 128
1032 2716 1214 2771 XVIII.
1246 2747 1315 2758 —
1349 2715 1555 2771 Eidem.

485 2809 565 2864 Ex
610 2809 874 2880 improbis
919 2810 1166 2879 plerique
1198 2809 1457 2865 tenebras
1491 2809 1545 2863 in
1576 2808 1745 2862 corde
1772 2822 1872 2861 suo
1902 2815 1984 2862 te-

409 2903 579 2958 tricas
609 2901 753 2955 clam
780 2916 904 2956 esse
934 2901 1061 2956 aliis
1096 2901 1416 2961 hominibus
1445 2900 1756 2970 cupientes,
1790 2900 1986 2968 ingen-

406 3004 494 3050 tes
523 2995 668 3049 risus
697 2993 905 3059 edunt,
938 2994 1298 3065 laztitiamque
1327 2994 1496 3047 veluti
1528 2995 1581 3047 in
1614 2993 1831 3047 theatro
1864 3006 1989 3060 per-

2077 1243 2168 1297 διὰ
2194 1245 2421 1310 τούτων,
2456 1246 2539 1299 ὅτι
2568 1246 2648 1316 τῷ
2696 1245 2838 1301 κατά
2886 1247 3123 1317 Χριστὸν
3157 1249 3424 1319 γινομένῳ
3460 1250 3653 1320 βαπτίο

2081 1354 2249 1406 σματι
2276 1336 2792 1409 ἀκροτηριάζονται,
2825 1341 2923 1391 καὶ
2950 1338 3299 1409 ἀναιροῦνται
3325 1342 3374 1393 oi
3415 1341 3524 1410 πρὸ
3557 1341 3655 1411 τῆς

2080 1430 2317 1493 πίστεως
2367 1432 2399 1500 ή
2411 1432 2518 1502 μᾶς
2555 1430 2989 1502 δουλωσάμενοι,
3020 1430 3115 1484 καὶ
3149 1431 3249 1495 τὰς
3273 1432 3451 1503 ψυχὰς
3500 1433 3655 1504 ἡμῶν

2080 1522 2503 1589 ἀποκτείναντες
2535 1522 2809 1591 δαίμονες.

2604 1618 2701 1670 IZ'.
2727 1645 2799 1658 —
2834 1615 2918 1682 Τῷ
2947 1616 3126 1683 αὐτῷ.

2152 1705 2309 1760 Μετὰ
2345 1707 2437 1761 τὸν
2493 1708 2789 1761 Μωσαῖκὸν
2836 1708 3001 1778 νόμον
3046 1708 3401 1778 ἐπεισαγωγὴ
3439 1709 3656 1781 ἐδείχθη

2082 1801 2181 1870 τῆς
2204 1798 2515 1869 κρείττονος
2540 1799 2777 1865 ἐλπίδος,
2806 1800 2874 1853 δι’
2896 1795 2966 1870 ἧς
2985 1801 3224 1869 ἐγγίζειν
3245 1801 3323 1872 τῷ
3349 1800 3467 1870 Θεῷ
3495 1801 3651 1855 δυνά⁹

2084 1886 2245 1957 μεθα.
2272 1889 2482 1943 Οὐκοῦν
2515 1909 2532 1942 ι
2558 1890 2845 1960 Ἐγγίσατε
2875 1892 2954 1963 τῷ
2983 1891 3123 1962 Θεῷ,
3147 1892 3241 1946 καὶ
3275 1894 3449 1960 ἐγγιεῖ
3470 1892 3655 1961 ὑμῖν..

2081 1978 2225 2033 καθά
2252 1996 2417 2050 φησιν
2451 1980 2728 2045 Ἰάκωϐος.
2767 1982 2824 2035 Ὁ
2856 1982 2914 2035 δὲ
2944 1982 3053 2036 τῶν
3093 1982 3362 2035 ἰουδαεων
3394 1982 3522 2045 λαὸς
3557 1982 3658 2036 οὐκ

2080 2070 2241 2141 ἤθελε
2288 2070 2353 2123 δι’
2381 2072 2592 2135 ἐλπίδος
2626 2072 2723 2127 καὶ
2766 2074 3001 2138 πίστεως
3036 2074 3306 2143 ἐγγίζειν,
3332 2076 3428 2127 καὶ
3463 2073 3659 2127 κολλᾶ-

2084 2161 2210 2215 σθαι
2235 2163 2446 2234 Κυρίῳ,
2472 2164 2662 2235 διόπερ
2693 2165 2856 2218 Δαυῖδ
2881 2165 3089 2234 ἔλεγεν,
3126 2167 3211 2219 ὅτι
3242 2183 3264 2217 ι
3300 2164 3469 2236 Ὀργὴ
3492 2165 3660 2218 ἀνέϐη

2083 2255 2176 2307 ἐπὶ
2203 2253 2581 2326 τὸν¹ῐσραὴλ,ι
2605 2256 2903 2328 ἐπειδήπερ
2931 2257 3031 2311 οὐκ
3058 2258 3378 2311 ἐπίστευσεν
3412 2255 3490 2326 τῷ
3518 2256 3662 2327 Θεῷ,

2082 2345 2205 2398 οὐδὲ
2240 2345 2472 2416 ἤλπισεν
2501 2349 2594 2401 ἐπὶ
2624 2348 2684 2401 τὸ
2719 2349 2983 2420 σωτήριον
3014 2346 3203 2402 αὑτοῦ.
3231 2347 3340 2401 Καὶ
3373 2347 3534 2410 αὐτὸς
3558 2347 3666 2400 πά-

2036 2476 2041 2483 .
2083 2433 2219 2488 λινὸ
2248 2436 2380 2499 Θεὸς
2417 2437 2607 2509 εἴρηκε
2636 2438 2725 2492 διὰ
2759 2437 2853 2492 τοῦ
2899 2439 3155 2492 Ἡσαΐου·
3191 2457 3210 2490 ι
3249 2438 3307 2491 ’0
3344 2436 3470 2501 λαὸς
3505 2433 3667 2501 οὗτος

2084 2526 2288 2597 χείλεσι
2324 2545 2392 2597 με
2423 2530 2638 2601 ἀγαπᾷ,
2670 2531 2704 2601 ἡ
2726 2530 2782 2584 δὲ
2808 2530 3005 2602 καρδία
3025 2530 3208 2586 αὐτῶν
3235 2530 3426 2601 πόρρω
3463 2530 3667 2600 ἀπέχει

2084 2620 2179 2672 ἀπ’
2209 2619 2366 2690 ἐμοῦ.
2402 2638 2421 2672 ι

2604 2711 2710 2767 IH'.
2741 2741 2811 2752 —
2852 2711 2938 2777 Τῷ
2965 2710 3146 2777 αὐτῷ.

2154 2802 2352 2855 Πολλοὶ
2378 2801 2485 2855 τῶν
2524 2802 2745 2871 φαύλων
2769 2802 2830 2854 τὸ
2862 2803 2921 2856 ἐν
2949 2805 3014 2873 τῇ
3059 2802 3257 2874 καρδίᾳ
3284 2802 3469 2858 αὐτῶν
3496 2803 3665 2875 ἀμειο

2082 2892 2173 2956 δές
2222 2893 2412 2957 σκότος
2446 2892 2732 2947 λανθάνειν
2784 2895 2912 2957 τοὺς
2953 2894 3274 2965 ἀνθρώπους
3326 2895 3669 2965 βουλόμενοι,

2086 2985 2424 3056 καγχάζαυσι
2480 2986 2708 3056 μεγάλα,
2740 2987 2833 3038 καὶ
2881 2986 2977 3054 τὴν
3022 2987 3323 3058 ἱλαρότητα
3356 2987 3669 3059 θεατρίζειν

410 3088 638 3158 vulgare
666 3087 893 3157 populis
930 3086 1209 3141 videntur.
1260 3086 1432 3141 Porro
1463 3086 1782 3140 necessario
1813 3085 1984 3139 scien-

2097 3076 2360 3129 δοκοῦσιν.
2400 3076 2538 3130 Ἀλλ’
2567 3078 2865 3145 ἀναγκαῖον
2891 3076 3110 3141 εἰδέναι,
3135 3077 3209 3139 ὡς
3235 3078 3415 3147 πάσης
3437 3076 3672 3145 στυγνό-

402 3186 539 3240 dum
566 3191 653 3238 est
675 3223 691 3249 ,
720 3198 817 3239 eos
844 3183 993 3237 intus
1022 3182 1173 3237 omni
1202 3181 1429 3235 tristitia
1455 3179 1648 3249 plenos
1675 3192 1799 3233 esse
1818 3216 1834 3242 ,
1862 3189 1991 3230 cum

402 3291 506 3332 eos
530 3275 741 3346 justum
776 3274 1035 3345 gaudium
1066 3280 1380 3327 aversatum
1413 3270 1745 3325 deseruerit.

646 3363 789 3421 XIX.
823 3393 895 3405 -—-
925 3362 1356 3420 PANTONYMO
1386 3359 1751 3417 SATRAP/E.

479 3453 686 3513 Iudaeis
726 3457 798 3512 de
843 3464 937 3511 tua
982 3454 1193 3508 familia
1237 3468 1337 3508 cur
1382 3452 1589 3507 victum
1629 3461 1682 3504 et
1722 3449 1989 3502 amictum

401 3551 589 3614 «invito
620 3551 807 3606 animo
840 3559 892 3605 te
921 3548 1279 3619 suppeditare
1309 3544 1558 3600 ostendis
1578 3583 1594 3608 ,
1628 3544 1785 3613 quasi
1818 3541 1991 3594 Iacul—

414 3651 554 3698 tates
604 3652 727 3698 tuas
777 3643 831 3696 in
882 3649 1140 3704 exteros,
1190 3638 1548 3709 pervicaces.
1604 3631 1885 3701 improbos
1933 3637 1988 3685 et

413 3734 623 3789 deliros
656 3732 1026 3803 proiunderes
1054 3731 1078 3783 ?

768 3823 885 3878 ΧΧ.
918 3852 991 3862 -
1022 3818 1297 3874 ΗΙΡΑἸῚΟ
1337 3813 1640 3871 EPHORO.

486 3912 607 3968 Non
638 3930 832 3969 omnes
862 3913 1192 3968 demortuos
1213 3909 1394 3980 justos
1425 3906 1604 3961 Iactos
1632 3919 1757 3959 esse
1797 3905 1991 3959 existi-

413 4020 573 4060 mans
602 4006 887 4076 apostolus
918 4004 1124 4059 Paulus
1155 4002 1348 4059 scribit
1375 4018 1389 4056 :
1422 4018 1440 4051 ι
1471 3998 1575 4065 Qui
1606 3998 1771 4051 vitam
1816 3996 1990 4059 obiit,

2089 3185 2252 3238 τητος
2283 3168 2516 3239 πλήρεις
2544 3170 2880 3239 ὑπάρχουσιν
2910 3168 3144 3235 ἑνδοθεν,
3176 3172 3277 3241 τῆς
3303 3168 3519 3233 δικαίας
3538 3168 3673 3222 τού-

2087 3277 2216 3324 τους
2246 3262 2694 3333 ἀποστραφείσης
2727 3264 2923 3331 χαρᾶς.
3314 3262 3317 3265 λ

2355 3351 2453 3408 ΙΘ’.
2480 3381 2545 3395 α·-
2577 3354 3007 3425 ΙΙΑΝΤΩΝΥΜῼ
3039 3355 3387 3426 ΣΑΤΡΛΠῌ.

2156 3440 2296 3505 Τοὺς
2332 3441 2621 3507 Ἰουδαίους
2655 3442 2733 3513 (I)
2766 3442 2843 3513 μὴ
2889 3441 3138 3512 εὐψυχῶν
3185 3439 3472 3510 διαθρέψαι
3495 3477 3512 3503 ,
3566 3437 3672 3492 καὶ

2088 3534 2367 3604 ἀμφιάσαι
2400 3534 2639 3601 οἰκέτας,
2676 3535 2820 3588 διατί
2859 3534 3157 3603 ἐνδεικτιᾷς
3194 3532 3357 3601 δῆθεν
3399 3530 3473 3594 ὼς
3507 3530 3671 3584 ἀλλος

2089 3626 2258 3697 τρίοις
2278 3626 2476 3692 ἔξωθεν
2509 3625 2970 3698 προσερχομένοις
3010 3624 3335 3695 ἁγερώχοις,
3363 3626 3459 3678 καὶ
3496 3640 3672 3693 πονη-

2086 3721 2228 3791 ροῖς,
2256 3720 2351 3772 καὶ
2392 3719 2579 3789 λήροις
2608 3718 2706 3789 τὴν
2738 3718 2973 3788 ὕπαρξιν
3004 3717 3347 3787 σκορπίζων;

2506 3811 2594 3863 Κ’.
2619 3839 2691 3854 --
2722 3810 2976 3881 ΥΠΑΤΙῼ
3013 3810 3249 3880 Eoum.

2163 3902 2276 3973 Οὐχ
2297 3903 2379 3956 ὅτι
2408 3902 2619 3965 πάντας
2642 3902 2767 3965 τοὺς
2799 3901 3057 3964 θανόντας
3081 3899 3467 3955 δεδικαιῶσθαι
3482 3899 3670 3969 οἰόμε-

2093 4009 2185 4055 νος
2217 3993 2246 4045 ὁ
2298 3991 2593 4055 ἀπόστολος
2632 3990 2845 4055 Παῦλος
2884 3991 3118 4061 γράφει,
3158 3991 3241 4044 ὃτι
3297 4008 3316 4042 ι
3348 3990 3405 4043 '0
3457 3991 3671 4045 ἀποθα-

410 4098 749 4170 ᾕυοιιίίοειιιιε
798 4105 884 4154 est
914 4112 941 4150 a
988 4103 1215 4167 peccato
1255 4097 1344 4160 υς
1378 4112 1397 4146 ι
1422 4107 1554 4148 vere
1603 4091 1750 4147 enim
1800 4102 1984 4143 omnes

2097 4080 2202 4136 νὼν
2225 4081 2568 4135 δεδικαίωται
2597 4081 2705 4135 ἀπὸ
2734 4081 2834 4152 τῆς
2863 4082 3137 4152 ἁμαρτίας
3156 4099 3172 4114 ο
3209 4100 3227 4134 ι
3262 4082 3429 4145 ὅντως
3460 4083 3567 4153 γὰρ
3601 4084 3675 4135 ἂν

416 4191 568 4261 impii
602 4200 656 4245 et
699 4189 906 4260 iniqui,
940 4203 1065 4243 cum
1110 4187 1236 4242 vita:
1278 4186 1443 4241 Iinem
1479 4182 1804 4255 posuerint,
1849 4178 1984 4249 justi

2100 4174 2341 4237 ἅπαντες
2373 4173 2613 4237 ἀσεϐεῖς,
2670 4174 2765 4228 καὶ
2811 4174 3119 4245 παράνομοι
3154 4173 3533 4228 δεδικαιῶσθαι
3577 4174 3674 4227 δό-

416 4282 548 4337 facti
574 4297 699 4337 esse
726 4281 1062 4337 videbuntur
1090 4298 1103 4335 :
1134 4278 1228 4335 sed
1263 4276 1410 4346 quod
1435 4275 1621 4330 omnis
1650 4274 1813 4328 homo
1833 4310 1848 4336 ,
1877 4272 1984 4338 jam

2098 4264 2282 4330 ξουσιν
2326 4262 2635 4331 ἐξελθόντες
2665 4265 2758 4319 τοῦ
2791 4265 2939 4337 βίου·
2976 4266 3091 4319 ἀλλ’
3124 4267 3206 4319 ὅτι
3245 4268 3354 4329 πᾶς
3385 4267 3675 4338 ἄνθρωπος

417 4383 703 4444 peccatum
757 4388 867 4427 non
922 4372 1167 4433 faciens,
1219 4384 1341 4424 cum
1376 4383 1407 4422 a
1454 4381 1620 4438 prava
1668 4364 1984 4433 operatione

2102 4354 2298 4426 μηκέτι
2333 4355 2477 4426 δρῶν
2514 4356 2610 4425 τὴν
2651 4356 2960 4441 ἁμαρτίαν,
2997 4357 3086 4411 διὰ
3128 4357 3188 4410 τὸ
3231 4356 3542 4413 παύσασθαι
3570 4359 3678 4428 τῆς

417 4460 736 4525 cessaverit,
756 4468 810 4514 et
832 4458 1077 4513 videatur
1093 4458 1300 4527 iniquis
1321 4454 1632 4511 actionibus
1654 4454 1984 4514 demet-tuus1

2104 4447 2314 4519 φαύλης
2336 4446 2634 4517 ἐνεργείας,
2660 4448 2734 4512 ὡς
2767 4447 2938 4502 δοκῶν
2968 4449 3336 4520 νενεκρῶσθαι
3361 4451 3479 4512 ταῖς
3509 4466 3679 4520 πονη-

418 4552 509 4608 hie
537 4566 647 4606 non
677 4558 963 4622 peccator,
1000 4550 1094 4605 sed
1120 4550 1343 4620 justus,
1388 4562 1490 4603 nec
1534 4548 1745 4614 absque
1785 4544 1984 4596 rationi

2106 4541 2227 4613 ραῖς
2272 4537 2553 4610 πράξεσιν,
2587 4534 2741 4602 οὗτος
2798 4539 2980 4593 οὐκέτι
3022 4540 3377 4611 ἁμαρτωλὸς,
3412 4541 3547 4595 ἀλλὰ
3598 4542 3679 4594 δί⁹

417 4651 522 4699 est.
574 4642 665 4697 Sic
722 4642 909 4712 itaque
960 4642 1231 4712 scriptum
1288 4640 1574 4707 intellige:
1620 4635 1723 4701 Qui
1777 4642 1984 4704 peccati

2103 4648 2257 4693 καιος
2294 4630 2530 4699 εὐλόγως
2569 4631 2917 4703 χρηματίζει.
2946 4630 3133 4695 Οὕτως
3167 4632 3346 4684 τοίνυν
3389 4632 3583 4702 νόησον
3620 4636 3680 4683 τὸ

420 4743 674 4789 rnortuus
704 4742 982 4800 est,cum
1018 4733 1153 4788 illud
1200 4732 1442 4803 amplius
1496 4744 1608 4783 non
1657 4733 1868 4798 patret,
1914 4724 1984 4795 jul

2103 4722 2509 4794 γεγραμμένον,
2545 4722 2625 4775 ὅτι
2659 4722 2716 4775 '0
2740 4722 3023 4775 ἀποθανὼν
3051 4726 3117 4794 τῇ
3152 4723 3415 4795 ἁμαρτίᾳ,
3444 4724 3671 4789 ἐπειὸἦ⁴

417 4835 543 4881 stus
577 4826 760 4882 Iactus
789 4835 894 4882 est.

2103 4832 2211 4888 περ
2234 4812 2433 4887 μηκέτι
2468 4814 2699 4885 πράττει
2734 4814 2927 4881 αὐτὴν,
2959 4813 3323 4869 δεδικαίωται.

755 4918 900 4976 XXI.
928 4948 1001 4958 —-
1030 4914 1307 4972 ISIDOBO
1336 4908 1659 4970 LECTORI.

2386 4907 2518 4961 KA'.
2550 4936 2620 4948 --
2654 4905 2911 4977 ΙΣΙΔΩΡῼ
2947 4907 3381 4978 ΑΝΑΓΝΩΣΤῌ.

491 5008 688 5068 Petrus
736 5013 1119 5082 apostolorum
1174 5010 1433 5079 princeps
1487 5006 1563 5060 ait
1594 5023 1609 5060 :
1639 5022 1659 5057 ι
1689 5001 1748 5058 Si
1799 5015 1984 5071 expro-

2176 4997 2387 5069 Πέτρος
2438 4997 2468 5050 ό
2526 4994 2916 5067 πρωτοστάτης
2959 4993 3068 5046 τῶν
3118 4996 3434 5049 ἀποστόλων
3479 4998 3682 5064 φησίν·

419 5100 663 5156 bramini
693 5103 749 5158 in
775 5105 999 5158 nomine
1023 5101 1185 5171 129
1204 5099 1433 5165 Christi,
1457 5098 1604 5154 beati
1631 5095 1765 5153 estis
1786 5095 1871 5161 ²³;
1902 5112 1921 5147 ι
1947 5107 1984 5151 el

2115 5108 2135 5143 ι
2156 5090 2219 5142 Ei.
2242 5087 2567 5152 ὀνειδίζεσθε
2589 5088 2647 5139 ἐν
2676 5086 2899 5157 ὀνόματι
2924 5084 3181 5157 Χριστοῦ,
3208 5086 3469 5158 μακάριοί
3500 5089 3643 5139 ἐστε.
3665 5110 3681 5136 ι

421 5191 693 5252 Dominus
724 5194 862 5251 dixit
894 5210 991 5265 per
1019 5193 1218 5249 Isaiam
1243 5210 1297 5246 ει
1319 5188 1691 5261 Opprobrium
1721 5187 1984 5247 hominun

2109 5183 2221 5239 Καὶ
2258 5185 2289 5236 ό
2314 5181 2517 5251 Κύριος
2551 5179 2741 5252 εἴρηκε
2782 5178 2871 5232 διὰ
2912 5178 3005 5233 τοῦ
3038 5179 3300 5235 Ἡσαΐου·
3349 5180 3687 5249 Ὀνειδισμὸν

495 5370 537 5401 ¹⁸
570 5370 610 5423 ll
642 5370 776 5426 Rep.
810 5384 884 5437 tv,
914 5368 1001 5422 I2.
1080 5366 1263 5422 “Jac.
1299 5384 1373 5433 tv,
1409 5369 1463 5424 8.
1576 5371 1621 5403 ²⁰
1648 5370 1789 5426 Psal.
1823 5388 1979 5426 mm

2097 5371 2155 5425 LI.
2236 5368 2276 5398 ²²
2329 5366 2434 5421 Isa.
2478 5382 2625 5438 χχιχ.
2665 5366 2748 5421 I5.
2844 5364 2890 5397 “
2943 5363 3102 5418 Rom.
3136 5378 3210 5429 vi,
3243 5364 3293 5417 7.
3397 5362 3443 5393 ”
3481 5359 3500 5413 I
3535 5359 3684 5414 Petr.

424 5455 477 5505 ν,
507 5439 597 5495 Η.
2013 5437 2017 5438 ί
2500 5437 2526 5477 τ

496 5598 575 5668 (I)
625 5596 764 5667 Lege
800 5596 925 5658 τοὺς
944 5593 1137 5668 ίδίους,
1167 5593 1232 5668 ad
1266 5593 1411 5648 hunc
1432 5609 1653 5668 sensum
1686 5613 1702 5650 :
1741 5596 1999 5663 Quando-
2103 5572 2428 5652 extrinsecus
2452 5593 2802 5668 advenientes,
2836 5590 3101 5668 improbos
3141 5601 3192 5647 et
3246 5602 3548 5668 nugator-es.
3602 5591 3683 5668 fg-

426 5658 632 5738 quidém
674 5658 902 5737 propriis
933 5658 1373 5738 [amulisvictum
1402 5674 1451 5718 et
1495 5658 1998 5738 vestitum—vlibenter
2104 5668 2481 5738 cultqtss‘tuas
2526 5663 2869 5735 profundas?
2911 5658 3271 5720 Contentus
3319 5658 3683 5717 'Monume.

423 5735 749 5807 suppeditas,
772 5735 873 5791 ‘cur
913 5744 1013 5790 tete
1054 5735 1250 5789 scilicet
1283 5744 1510 5789 ostentus
1539 5737 1693 5806 quasi
1723 5737 1775 5791 in
1800 5739 1999 5794 alienos
2104 5737 2168 5792 (ἰ.
2198 5736 2264 5803 II,
2306 5736 2430 5791 556.
