3888 6040
220 313 363 377 209

1486 317 2017 382 EPISTULARUM
2050 320 2195 379 LIB.
2237 322 2319 379 1ῐ.

3409 312 3518 380 2P0

223 428 862 502 ἀνθρώπωνιμηδαμῶς
918 434 1214 507 φοϐηθῆτε.
1252 454 1281 487 ›-
1318 436 1396 489 Δι’
1443 435 1608 488 αὑτοῦ
1647 436 1704 489 δὲ
1734 434 1833 506 βοᾷ

1957 447 2006 488 ie
2036 434 2279 489 timeatis
2312 434 2377 489 ".
2407 453 2425 485 ι
2453 432 2557 488 Per
2580 433 2822 504 seipsnm
2854 432 2921 487 in-
2943 430 3253 500 Evangelia
3266 429 3512 486 clamat:

228 517 306 568 ὲν
332 516 419 587 τῷ
450 519 767 592 Εὑαγγελίῳ
784 539 797 552 ·
826 542 844 574 ι
863 524 1140 596 Μακάριοί
1166 526 1313 589 ὲστε,
1345 527 1475 579 ὅταν
1500 525 1834 579 ὀνειδίσωσιν

227 606 442 676 ὑμᾶς·
473 612 693 683 χαίρετε
722 654 738 678 ,
768 616 862 667 καὶ
886 616 1240 686 ἀγαλλιᾶσθε,
1271 619 1352 671 ὃτι
1390 619 1421 670 6
1454 617 1646 689 μισθὸς
1679 615 1834 686 ὑμῶν

230 701 429 765 πολὺς
451 703 509 756 έν
531 706 643 766 τοῖς
671 705 937 776 οὐρανοῖς.
976 727 994 760 ι
1036 709 1147 762 Καὶ
1166 711 1193 761 6
1215 709 1510 773 ἀπόστολος
1540 709 1597 762 δὲ
1625 708 1834 771 Παῦλος

230 790 305 843 ὲν
364 796 431 864 τῇ
468 794 604 865 πρὸς
655 796 951 867 Ἑϐραίους.
997 798 1306 870 Ἐπιστολῇ.
1353 800 1556 870 σφόδρα
1606 799 1834 871 ἐπῄνεσε

232 883 389 945 τοὺς
422 885 505 947 είς
550 884 638 937 τὸν
672 887 903 956 Σωτῆρα
941 889 1177 957 Χριστὸν
1215 888 1438 958 ἔχοντας
1476 889 1703 955 ζέουσαν
1744 889 1835 942 πί-

235 986 404 1026 στιν.
432 973 497 1027 Εἰ
516 973 695 1026 τοίνυν
718 975 871 1028 ταῦθ’
897 974 1072 1038 οὕτως
1096 976 1231 1044 ἔχει,
1256 976 1503 1045 μηδόλως
1523 975 1834 1045 ἁθυμήσῃς,

238 1062 404 1132 μηδὲ
433 1064 674 1135 πτοηθῇς
712 1066 1165 1138 ὲξονειδιζόμενος
1195 1067 1261 1119 δι’
1297 1066 1567 1130 εὕκλειαν,
1593 1066 1683 1117 καὶ
1710 1066 1836 1135 τρό-

236 1169 382 1207 πων
411 1156 782 1227 χρηστότητα,
829 1159 925 1210 καὶ
962 1157 1222 1229 λαμπρὰν
1252 1158 1555 1223 εὐσέϐειαν,
1590 1157 1695 1210 ὑπὸ
1728 1147 1837 1210 τῶν

235 1242 574 1317 ἀϐελτέρων
611 1264 691 1310 τε,
724 1249 819 1301 καὶ
848 1249 1045 1313 ἀθέων,
1075 1250 1171 1304 καὶ
1210 1249 1469 1321 μυσαρῶν
1504 1250 1834 1321 ἀνθρώπων·

238 1335 359 1387 καὶ
406 1336 513 1408 γὰρ
546 1339 607 1391 οἰδ
644 1340 836 1409 πόρνοι
867 1340 1209 1408 καταγελῶσι
1255 1341 1363 1393 τῶν
1398 1341 1834 1412 σωφρονούντων,

237 1425 357 1477 καὶ
388 1428 440 1479 οἱ
488 1427 704 1491 ἀσεϐεῖς
737 1430 1030 1483 σκόπτουσι
1074 1430 1203 1491 τοὺς
1234 1429 1626 1494 εὐσεϐοῦντας,
1664 1432 1759 1484 καὶ
1788 1433 1836 1484 οἱ

241 1515 498 1585 πονηροὶ
525 1518 648 1582 τοὺς
685 1519 923 1587 ἀγαθοὺς
954 1519 1409 1591 μυκτηρίζουσιν,
1442 1521 1537 1574 καὶ
1566 1522 1615 1573 οἱ
1646 1520 1841 1590 τυφλοὶ

242 1605 716 1673 πολυϐλέποντας,
731 1612 1121 1683 κικλήσκουσιν
1148 1614 1398 1676 ἑαυτοὺς,
1425 1613 1522 1666 καὶ
1561 1615 1609 1666 οἱ
1641 1614 1839 1683 φαυλό-

244 1714 418 1752 τατοι
447 1702 735 1766 κροτοῦσι,
778 1704 871 1755 καὶ
914 1703 1351 1775 ἀνακηρύττουσι
1406 1704 1504 1765 τὰς
1542 1705 1865 1776 ἁμαρτίας,

1944 543 1962 577 ι
2003 523 2155 579 Beati
2186 526 2357 588 estis,
2389 542 2514 580 cum
2548 525 2931 579 maledixerint
2962 523 3162 589 vobis;
3192 522 3424 592 gaudete
3462 528 3518 574 et

1938 618 2250 681 exsultate,
2278 620 2539 687 quoniam
2572 633 2789 673 merces
2833 626 3013 672 vestra
3060 614 3293 684 cepiosav
3329 620 3414 669 est
3458 611 3513 666 in

1939 710 2098 765 caelis
2128 711 2196 765 ’⁸.
2222 729 2242 763 ι
2264 710 2331 765 Ει
2357 711 2558 765 Paulus
2587 708 2868 780 apostolus
2895 707 3138 779 Epistula
3163 704 3512 761 ad-Hebrzeos

1939 802 2175 856 maxime
2202 803 2507 856 admiratus
2533 809 2618 856 est
2641 816 2758 866 eos,
2784 801 2874 870 qui
2900 800 2957 854 in
2990 799 3329 852 Salvatorem
3354 794 3513 849 Gbri-

1941 896 2088 944 stum
2129 888 2333 943 habent
2372 888 2654 942 ardentem
2697 888 2855 942 [idem
2896 888 2963 941 ".
2995 886 3120 940 Haec
3146 885 3330 953 itaque
3357 882 3402 937 si
3437 882 3511 936 ita

1942 999 2001 1040 se
2025 982 2262 1051 habent,
2293 999 2365 1039 ne
2391 998 2623 1055 prorsus
2651 984 2893 1037 animum
2922 979 3301 1051 despondeas,
3332 992 3514 1046 neque

1941 1076 2141 1132 timore
2166 1076 2429 1131 concidas
2452 1115 2468 1137 ,
2496 1084 2720 1146 propter
2751 1074 2953 1128 famam
2974 1112 2992 1140 ,
3017 1079 3073 1127 et
3104 1085 3316 1125 morum
3343 1068 3524 1137 atquin

1940 1173 2107 1223 tatem
2130 1206 2146 1232 ,
2175 1174 2229 1221 et
2262 1165 2610 1237 splendidam
2641 1165 2902 1235 pietatem
2922 1205 2939 1233 ,
2969 1179 3000 1217 a
3035 1160 3257 1217 vesanis
3276 1200 3291 1225 ,
3329 1157 3516 1227 impiis

1940 1257 2409 1326 exsecrandisque
2462 1257 2780 1311 hominibus
2843 1253 3157 1309 maledictis
3207 1248 3511 1320 impetitus.

1943 1348 2160 1403 Etenim
2196 1348 2434 1404 adulteri
2470 1350 2824 1403 continentes
2858 1345 3131 1409 irrident,
3166 1351 3221 1396 et
3255 1341 3379 1412 pios
3408 1339 3517 1392 im~

1944 1439 2020 1511 pii
2054 1440 2503 1507 calumniantur,
2523 1447 2581 1494 et
2608 1439 2813 1509 probos
2846 1435 3081 1507 improbi
3110 1448 3248 1490 naso
3290 1446 3518 1503 suspen-

1943 1532 2117 1595 dunt,
2147 1532 2391 1601 caecique
2420 1531 2650 1585 multum
2681 1545 2740 1585 se
2772 1530 2895 1584 visu
2936 1528 3143 1598 pollere
3181 1523 3514 1596 gloriantur,

1943 1634 1998 1679 et
2029 1623 2255 1693 pessimi
2299 1623 2606 1693 plaudunt,
2649 1629 2709 1677 et
2765 1621 3090 1689 iniquitates
3130 1617 3420 1687 evulgan‘t,
3462 1619 3519 1667 et

1946 1712 2403 1783 probrosissimos
2423 1711 2678 1781 vituperii
2705 1710 2955 1772 allectus,
2980 1709 3339 1763 decernentes
3360 1704 3519 1758 dulce

245 1790 359 1841 καὶ
388 1790 458 1842 τά
488 1792 739 1862 αἴσχιστα
764 1794 912 1865 πάθη
950 1793 1051 1863 τῆς
1098 1796 1344 1864 ἀτιμίας,
1381 1792 1746 1866 ψηφιζόμενοι
1783 1796 1843 1849 τὸ

1957 1819 2190 1857 imarum
2222 1820 2367 1859 esse.
2393 1803 2503 1858 Nos
2529 1818 2671 1857 vero
2688 1803 2871 1872 potius
2895 1816 2994 1856 eos
3016 1797 3266 1853 ludibrio
3296 1794 3519 1849 habebi-

246 1882 463 1950 πικρὸν
519 1883 691 1951 γλυκὺ
775 1879 935 1938 εἶναι.
992 1886 1133 1939 Ἀλλ’
1184 1888 1347 1957 ἡμεῖς
1408 1887 1608 1957 μᾶλλον
1662 1888 1842 1943 αὐτῶν

246 1972 714 2044 καταγελάσομεν
751 2015 766 2038 ,
813 1978 908 2030 καὶ
965 1978 1460 2048 ιιαταγνωσόμεθα,
1500 1979 1843 2049 πενθήσομέν

220 2076 345 2123 τε,
411 2062 508 2116 καὶ
556 2065 1048 2138 καταθρηνήσομεν
1086 2068 1186 2137 τὴν
1233 2068 1343 2120 τῶν
1383 2068 1639 2121 τοιούτων
1692 2068 1843 2122 ἀπώ-

246 2151 317 2204 λε
325 2169 438 2208 ιαν.

724 2246 853 2302 KB’.
884 2275 955 2288 -
993 2248 1378 2319 ΝΙΚΟΔΗΜῼ.

346 2333 621 2401 Ὀφείλεις
646 2337 991 2409 εὐχαριστεῖν
1024 2339 1101 2409 τῷ
1129 2338 1270 2411 Θεῷ,
1299 2341 1383 2394 ὅτι
1414 2340 1515 2395 οὐκ
1544 2341 1690 2413 ἔχεις
1716 2342 1869 2415 χρήοι

257 2443 442 2495 ματα.
475 2427 563 2481 ἕνα
592 2428 666 2500 μὴ
690 2431 1003 2503 ἀπαιτηθῇς
1049 2433 1108 2485 ὲν
1137 2434 1324 2505 ἡμέρᾳ
1350 2434 1584 2504 κρίσεως
1604 2434 1696 2487 τὸν
1721 2434 1845 2488 τού-

253 2534 375 2569 των
409 2518 592 2587 λόγον⁸
638 2538 657 2571 ‹
686 2516 756 2592 ᾯ
804 2524 932 2594 γὰρ,
970 2523 1125 2593 φησὶ,
1156 2524 1292 2577 πολὺ
1324 2524 1561 2591 δέδοται,
1585 2526 1847 2600 περισσό-

256 2625 429 2679 τερον
476 2611 872 2680 ἀπαιτήσουσιν
922 2616 972 2668 οἱ
1020 2617 1329 2686 πράκτορες
1376 2617 1634 2685 ἄγγελοιο
1675 2636 1695 2669 ι
1750 2617 1845 2672 καὶ

258 2701 484 2771 πολλὴν
531 2704 686 2773 δίκην
738 2705 921 2774 ὑφέξει
963 2706 1073 2760 τῶν
1130 2706 1392 2761 δοθέντων
1463 2710 1763 2780 χρημάτων
1816 2710 1846 2762 6

260 2792 568 2857 πλούσιος,
634 2797 731 2849 καὶ
778 2797 1001 2867 ἀκριϐὲς
1069 2796 1415 2865 λογοθέσιον,
1475 2799 1571 2852 καὶ
1609 2800 1846 2869 φρικτὴν

258 2883 662 2940 δυσκουσσίονα
690 2927 705 2952 ,
747 2887 973 2959 πότερον
1030 2887 1250 2951 καλῶς,
1302 2888 1336 2959 ἢ
1379 2889 1564 2953 κακῶς
1614 2889 1846 2963 διῴκησε

258 2973 338 3027 τὰ
387 2976 465 3039 είς
517 2976 679 3030 αὐτὸν
724 2977 1078 3049 περιελθόντα
1129 2979 1564 3054 κατάςιπρόνοιαν
1598 2981 1755 3038 Θεοῦ.

580 3160 704 3213 ΚΓ.
728 3192 815 3203 --Δ
835 3162 1187 3235 ΑΦΡΟΔΙΣΙῼ
1223 3164 1545 3237 ΔῘΑΚΟΝῼ.

342 3250 438 3321 Μὴ
467 3250 748 3327 θαρσήσῃς
778 3254 857 3325 τῷ
885 3257 1032 3328 γήρᾳ
1051 3273 1065 3287 ·
1099 3258 1194 3310 καὶ
1219 3257 1328 3326 γὰρ
1357 3258 1452 3310 καὶ
1476 3258 1731 3328 γέροντες
1759 3257 1851 3311 πί-

268 3359 537 3396 πτουσιν·
569 3344 828 3399 ἐπικαλοῦ
875 3347 933 3400 δὲ
962 3349 1054 3400 τὸν
1098 3348 1333 3419 Χριστὸν
1386 3349 1476 3402 ἀεὶ
1527 3348 1662 3419 πρὸς
1723 3349 1851 3420 βοή-

1943 1910 2106 1958 mus,
2144 1903 2194 1950 et
2237 1895 2765 1955 condemnabimus,
2813 1901 2869 1949 et
2923 1890 3191 1947 similium
3240 1885 3515 1942 excidium

1942 1987 2409 2055 complorabimus
2440 2000 2505 2040 ac
2538 1984 2872 2055 lugebimus.

2409 2247 2572 2303 XXII.
2605 2280 2671 2290 ——
2700 2244 3070 2300 NICODEMO.
3130 2266 3132 2268 τ

2016 2342 2218 2399 Gratia:
2248 2343 2345 2396 tibi
2378 2343 2603 2412 agendae
2637 2349 2769 2395 sunt
2804 2339 2943 2401 Deo,
2972 2336 3120 2407 quod
3150 2334 3399 2406 pecuniis
3424 2331 3521 2386 de-

1945 2437 2230 2501 Stituaris,
2277 2452 2346 2492 ne
2391 2437 2479 2491 die
2518 2435 2721 2505 judicii
2767 2434 2835 2490 de
2871 2448 3059 2489 earum
3101 2429 3313 2485 ratione
3354 2442 3520 2493 expc.

1945 2531 2144 2587 scaris.
2177 2548 2196 2581 ι
2226 2529 2329 2584 Cui
2376 2528 2555 2594 enim,
2605 2528 2719 2590 ait,
2768 2525 3006 2579 multum
3032 2523 3214 2577 datum
3236 2525 3337 2581 est,
3361 2517 3429 2572 ab
3454 2532 3553 2571 eo»

1945 2625 2125 2696 majus
2153 2630 2410 2693 expetent
2455 2622 2630 2691 angeli
2661 2627 2949 2674 exactores
2977 2617 3022 2648 "
3054 2632 3067 2668 :
3103 2633 3121 2666 ι
3149 2625 3201 2668 et
3229 2614 3382 2668 dives
3424 2626 3522 2680 pro
3558 2642 3563 2645 »

1947 2714 2232 2772 concessis
2262 2713 2367 2768 sibi
2400 2713 2653 2783 pecuniis
2686 2710 2875 2765 acrius
2907 2708 2961 2762 in
2993 2705 3263 2776 judicium
3296 2702 3522 2757 vocabi-

1948 2820 2057 2873 tur,
2080 2808 2351 2862 rationem
2378 2805 2711 2860 exactiorem
2738 2801 3072 2859 redditurus.
3096 2795 3379 2852 horrenda:
3407 2795 3529 2850 dis-

1947 2900 2193 2956 cussioni
2246 2896 2673 2966 subjiciendus,
2723 2911 2792 2947 an
2847 2892 2986 2947 bene
3032 2889 3115 2944 vel
3167 2888 3344 2949 male,
3402 2901 3526 2956 qua:

1949 2992 2203 3048 Numinis
2244 2988 2593 3062 providentia
2618 2988 2686 3041 in
2730 2986 2910 3055 ipsum
2950 2995 3250 3053 pervenere
3289 2976 3529 3032 admini-

1950 3091 2262 3243 8"“2'35
2295 3168 2482 3224 χχιιι.
2507 3197 2576 3208 -
2597 3160 3015 3220 APHRODISIO
3052 3154 3370 3214 DIACO‘NO.

2023 3264 2101 3319 Ne
2132 3264 2267 3318 lidas
2310 3262 2539 3315 nimium
2590 3257 2791 3322 senio;
2838 3268 3079 3323 namque
3131 3251 3431 3305 concidunt
3473 3253 3549 3302 et”

1954 3373 2114 3414 senes
2145 3356 2269 3426 ipsi.
2306 3352 2413 3408 Sed
2446 3352 2723 3406 Christum
2757 3347 2953 3402 invoca
2985 3343 3250 3399 continuo
3286 3341 3339 3394 in
3374 3340 3532 3394 auxi-

268 3429 451 3494 θειαν,
482 3430 548 3483 ἵν’
575 3432 738 3495 αὐτός
764 3450 857 3486 σου
913 3437 1147 3509 φρουρὸς
1177 3439 1273 3492 καὶ
1294 3434 1544 3502 ἀσειστος
1583 3438 1846 3509 ἀσφάλεια

1957 3450 2106 3513 lium,
2128 3457 2186 3502 ut
2216 3447 2306 3501 ille
2340 3445 2438 3499 tibi
2472 3451 2661 3498 custos
2690 3450 2747 3496 et
2778 3440 3113 3495 inconcussa
3141 3433 3414 3491 securitas
3436 3431 3552 3503 sit,

270 3524 528 3594 γένηται.

595 3620 722 3675 KA'.
751 3648 823 3662 -ρ
856 3620 1129 3692 ΧΑΡΙΣΙῼ
1165 3620 1534 3694 ΕΠΙΣΚΟΠῼ.

352 3708 693 3763 Πυνθάνεταί
723 3728 824 3781 μου
856 3713 890 3783 ἡ
938 3712 1097 3781 τιμία
1139 3727 1235 3764 σου
1264 3710 1432 3782 ψυχὴ,
1467 3712 1522 3765 τί
1552 3708 1620 3766 ἂν
1659 3711 1745 3784 εἴη
1795 3712 1852 3768 τὲ

274 3800 667 3871 γεγραμμένον
693 3802 798 3857 ὑπὸ
823 3800 917 3855 τοῦ
948 3802 1295 3867 Ἀποστόλου,
1324 3804 1407 3857 ὅτι
1439 3821 1458 3856 ι
1488 3805 1727 3876 Δύναμις
1754 3804 1855 3876 τῆς

276 3891 555 3962 ἁμαρτίας
574 3893 604 3945 6
623 3894 785 3964 νόμος
804 3895 919 3947 ἐστὶ
940 3893 1210 3961 Μωσέως;
1226 3914 1245 3947 ι
1272 3896 1383 3965 Οὐχ
1397 3896 1479 3949 ὅτι
1498 3896 1857 3967 πταισμάτων

274 3984 306 4035 6
321 3981 467 4047 θεῖος
479 3984 641 4054 νόμος
663 3985 897 4056 ὑπάρχει
918 3985 1221 4057 ποιητικὸς,
1246 3985 1398 4039 ὥσπε
1405 4004 1437 4058 ρ
1450 3987 1594 4051 τινὲς
1610 3989 1859 4043 ἀπαίδευ-

273 4095 365 4131 τοι
381 4079 569 4144 κακῶς
583 4082 954 4152 νενομίκασιν⁵
972 4081 1085 4135 οὐδ’
1099 4082 1181 4135 ὅτι
1200 4081 1564 4152 ἰσχυροποιεῖν
1577 4083 1677 4154 τὴν
1689 4084 1860 4154 ἀμαρο

276 4171 405 4224 τίαν
427 4171 584 4226 εἴωθε
604 4190 619 4203 ·
648 4172 722 4244 μὴ
748 4173 977 4241 γένοιτο.
996 4172 1089 4244 Μὴ
1114 4169 1207 4227 οὖν
1230 4172 1337 4245 γὰρ
1365 4173 1563 4243 μᾶλλον
1585 4176 1677 4228 καὶ
1702 4191 1861 4245 περι-

277 4264 530 4327 κόπτειν,
556 4263 591 4337 ἢ
631 4266 727 4317 καὶ
756 4264 1101 4333 έξαφανίζειν
1127 4263 1226 4327 τὰς
1258 4264 1534 4335 ἁμαρτίας
1576 4265 1820 4335 πέφυκεν
1839 4282 1853 4297 ο

2220 3619 2411 3675 XXIV.
2446 3648 2523 3663 -ι
2556 3614 2882 3673 (IllABlSIO
2922 3610 3279 3668 EPISCOPO.

2027 3717 2409 3778 Percontaris,
2442 3715 2529 3767 vir
2564 3711 2916 3772 honorande,
2948 3707 3079 3778 quid
3116 3704 3247 3759 illud
3283 3702 3357 3757 sit
3384 3698 3530 3769 quod

1957 3810 2225 3876 scriptum
2259 3814 2343 3859 est
2374 3820 2469 3874 per
2501 3802 2822 3871 Apostolum
2855 3818 2869 3854 :
2899 3817 2919 3851 ι
2952 3797 3199 3851 Potentia
3218 3794 3426 3866 peccati
3446 3792 3533 3845 lex

1956 3906 2042 3953 est
2071 3898 2271 3967 Moysis
2302 3895 2413 3948 "‘h
2438 3893 2569 3949 .Non
2595 3892 2739 3963 quod
2758 3891 3178 3946 commissorum
3199 3887 3438 3956 turpium
3457 3884 3534 3939 di-

1955 3990 2082 4043 vina
2133 3989 2213 4043 lex
2268 3984 2749 4057 procreatrix-sit,
2779 3978 3240 4052 quemadmodum
3280 3975 3532 4030 nonnulli

1961 4081 2158 4136 insulsi
2198 4080 2360 4134 nimis
2396 4092 2561 4149 prave
2586 4076 3015 4134 existimarunt;
3049 4086 3227 4140 neque
3266 4067 3411 4139 quod
3444 4082 3535 4122 ro-

1961 4172 2064 4226 bur
2092 4179 2317 4242 peccato
2341 4170 2564 4224 tribuat.
2592 4167 2750 4222 Absit
2776 4166 2901 4219 hoc.
2926 4163 3182 4230 Quinimo
3205 4160 3388 4230 potius
3412 4169 3539 4227 pec-

1961 4274 2081 4321 cata
2114 4263 2375 4333 impedit,
2398 4259 2798 4330 disperditque.
2825 4257 2929 4312 Sed
2954 4259 3099 4327 quod
3124 4254 3346 4308 robuste
3368 4248 3535 4304 nimis

279 4353 402 4408 ἀλλ⁹
431 4354 512 4408 ὅτι
541 4355 786 4418 δυνατῶς
810 4356 1162 4426 ἐλέγξας-τὴν
1181 4355 1289 4410 τῶν
1319 4355 1538 4426 φαύλως
1565 4356 1846 4428 δρωμένων

1963 4372 2145 4412 rerum
2180 4355 2320 4409 male
2352 4364 2631 4423 gestarum
2662 4349 3058 4405 absurditatem
3093 4342 3534 4416 reprehendens,

278 4446 539 4511 ἀτοπίαν,
570 4448 668 4501 καὶ
695 4448 1061 4519 δημοσιεύσας
1088 4447 1187 4519 τὴν
1231 4448 1394 4517 φύσιν
1435 4449 1543 4503 τῶν
1572 4450 1857 4520 ἀπρεπῶν,

279 4540 591 4612 ἐμφράττει
621 4539 681 4592 τὸ
723 4541 1081 4611 ἀναίσχυντον
1108 4540 1284 4611 στόμα
1323 4540 1433 4594 τῶν
1468 4541 1739 4595 Ἰουδαίων
1774 4559 1859 4593 σεο

284 4631 639 4701 μνυνομένων
681 4633 781 4702 μὲν
827 4633 922 4687 ἐπὶ
957 4632 1035 4703 τῷ
1067 4634 1195 4704 θείῳ
1223 4633 1536 4703 γράμματι,
1570 4635 1662 4688 καὶ
1696 4651 1861 4704 κορυ-

282 4722 632 4777 ϐαντιῶντων
674 4724 961 4794 διηνεκῶς,
999 4726 1183 4778 πᾶσαν
1223 4726 1279 4779 δὲ
1326 4726 1603 4795 ἁμαρτίαν
1643 4726 1861 4795 ἀφόϐως

283 4811 693 4882 ἐργαζομένων,
728 4815 824 4866 καὶ
871 4814 959 4866 διὰ
988 4813 1087 4883 τῆς
1124 4812 1503 4883 ,παραϐάσεως
1540 4811 1634 4866 τοῦ
1672 4812 1859 4882 νόμου,

282 4906 378 4957 τὸν
409 4905 709 4976 νομοθέτην
751 4905 1155 4976 ἀτιμαζόντων.·
1178 4905 1320 4973 Πρὸς
1356 4905 1465 4975 γὰρ
1491 4904 1554 4974 δὴ
1588 4904 1648 4957 τὸ
1680 4904 1861 4976 πρόσ-

284 5014 441 5051 ωπον
477 4998 585 5051 τῶν
621 4996 701 5069 τῷ
732 5000 882 5069 νόμῳ
914 4997 1373 5067 ὲγκαυχωμένων,
1415 4997 1512 5051 καὶ
1540 4994 1865 5060 ἀλαζονευο-

291 5091 491 5161 μένων,
521 5090 552 5144 6
577 5091 721 5155 θεῖος
761 5090 1082 5153 Ἀπόστολος
1114 5088 1286 5144 ταῦτά
1328 5106 1388 5143 τε
1418 5088 1512 5143 καὶ
1540 5087 1611 5142 τά
1642 5088 1867 5142 τοιαῦτα
1879 5115 1889 5139 ;.

287 5180 734 5251 ἀποφθέγγεσθαι
752 5182 973 5235 εἴωθεν.

606 5270 732 5324 KE’.
765 5300 798 5314 σ-
821 5300 833 5310 ο
874 5271 1197 5341 ΕΡΜΟΛΑῼ
1234 5271 1542 5341 ΜΟΝΑΧῼ.

365 5362 513 5414 Ἀνω
555 5362 716 5432 βλέπε
749 5365 884 5434 πρὸς
913 5363 1066 5415 Θεόν.
1108 5362 1172 5415 Τί
1223 5380 1304 5415 σοι
1352 5363 1587 5425 καὶτοῖς
1617 5363 1861 5429 γηῖνοιςς

1960 4459 2017 4506 et
2051 4450 2438 4504 indecorarum
2478 4446 2757 4500 actionum
2794 4452 3049 4497 naturam
3084 4438 3411 4507 divulgans,
3444 4434 3534 4488 in-

1958 4541 2331 4598 verecundnm
2364 4538 2677 4594 Iudaeorum
2723 4550 2790 4591 os
2810 4533 3102 4598 .occludit,
3134 4530 3227 4601 qui
3261 4528 3317 4583 in
3349 4525 3536 4581 divina

1958 4638 2140 4690 littera
2176 4634 2509 4706 gloriantur,
2553 4642 2607 4686 et
2659 4643 2813 4684 more
2860 4626 3227 4698 corybantum
3275 4626 3540 4691 perpetuo

1960 4726 2279 4789 insaniunt,
2309 4733 2364 4779 et
2388 4739 2553 4778 omne
2578 4732 2863 4792 peccatum
2894 4716 3163 4787 intrepide
3185 4718 3539 4784 perpetrant,

1961 4826 2016 4871 et
2069 4818 2204 4886 legis
2254 4814 2700 4885 transgressione
2752 4811 3122 4880 legislatorem
3176 4805 3535 4859 inbonorant.

1961 4907 2210 4977 Namque
2246 4907 2302 4961 in
2340 4921 2632 4977 personam
2672 4918 2864 4959 eorum
2887 4942 2903 4966 ,
2935 4900 3029 4970 qui
3070 4899 3187 4968 lege
3236 4895 3542 4967 gloriantur

1963 5006 2016 5053 et
2048 4996 2404 5067 superbiunt,
2437 4995 2659 5050 divinus
2710 4989 3014 5062 Apostolus
3071 4990 3186 5041 haec
3233 4996 3288 5039 et
3338 4983 3541 5038 similia

1965 5090 2150 5144 dicere
2180 5089 2487 5142 consuevit.

2222 5264 2389 5320 XXV.
2424 5296 2492 5306 —
2526 5259 2906 5318 llERMOLAO
2944 5258 3301 5316 MONACHU.

2044 5359 2275 5415 Sursum
2312 5357 2376 5410 ad
2409 5354 2583 5410 Deum
2621 5354 2825 5424 aspice.
2864 5352 3007 5419 Quid
3045 5351 3142 5405 tibi
3176 5360 3231 5405 et
3263 5347 3545 5405 terrenis?

286 5454 380 5522 Μὴ
418 5453 539 5506 θέλε
564 5455 826 5527 καθορᾷν,
862 5456 915 5508 τί
958 5456 1187 5525 πράττει
1218 5454 1247 5506 6
1290 5455 1551 5524 κοσμικός
1573 5471 1587 5484 ο
1618 5455 1846 5524 ἀπέστης

1972 5449 2153 5512 Cave,
2189 5463 2259 5502 ne
2297 5445 2428 5515 quid
2467 5451 2618 5515 gerat
2658 5443 2938 5506 nnmdus,
2981 5440 3182 5495 intueri
3218 5436 3547 5492 contendas.

282 5543 400 5614 γὰρ
429 5543 522 5597 τοῦ
551 5525 781 5615 κόσμου,
810 5547 913 5599 και
946 5547 1046 5617 τῆς
1078 5546 1315 5617 ἀγχόνης
1345 5545 1440 5599 τοῦ
1474 5546 1610 5616 βίου.
1650 5545 1739 5616 Μὴ
1772 5543 1846 5600 οὗε

1975 5538 2273 5611 Seiunctus
2301 5551 2359 5593 es
2396 5551 2427 5591 a
2453 5532 2661 5590 mundo
2681 5525 2783 5599 ,ει
2814 5546 2996 5585 rerum
3025 5528 3428 5584 mundanarum
3466 5526 3551 5579 lao.

366 5719 409 5748 ”
435 5715 537 5772 lsa.
567 5735 637 5783 ιι,
663 5719 713 5772 7.
788 5720 833 5751 ’⁸
873 5718 1059 5774 Matth.
1105 5735 1157 5781 ν.
1198 5719 1278 5785 ιιι,
1320 5720 1398 5773 12.
1477 5721 1521 5751 ’⁸
1552 5720 1716 5773 llcbr.
1756 5737 1805 5774 ιι.
1845 5759 1846 5767 η

2011 5720 2056 5751 ³⁷
2118 5717 2254 5772 Luc.
2304 5728 2404 5776 xu,
2457 5712 2547 5767 48.
2621 5712 2666 5745 ’⁸
2727 5711 2745 5765 l
2792 5712 2919 5767 Cor.
2965 5726 3052 5772 xv,
3110 5707 3211 5762 56..
