3888 6040
352 300 453 366 211

1828 316 1889 376 S.
1916 316 2078 377 NlLI

3499 316 3613 381 212

350 433 513 489 queo.
553 416 633 474 Ne
678 418 864 489 itaque
900 419 1213 475 actionibus
1250 423 1549 481 mundanis
1588 427 1881 483 incumbas
1906 469 1921 491 ,

2049 434 2129 502 ίρα
2150 431 2210 485 τὸ
2254 433 2507 502 βιωτικδν
2537 432 2717 503 ἔργον,
2761 431 2896 485 ἀλλὰ
2926 433 3160 503 πρόσεχε
3194 431 3404 503 σεαυτῷ
3434 434 3613 505 μόνῳ,

354 508 509 580 131
542 509 639 565 sed
669 510 769 564 tibi
797 511 899 566 soli
930 511 1172 577 attende,
1198 515 1588 583 examinaque,
1627 516 1925 586 quomodo,

352 605 411 650 ut
436 610 708 652 bonorum
735 608 1045 654 ascetarum
1068 610 1154 656 est
1172 640 1190 667 ,
1220 616 1359 670 opus
1384 611 1538 658 tuum
1566 607 1926 677 compleatur.

355 686 766 743 «Considerate
813 692 960 744 enim
1006 690 1317 762 diligenter,
1348 695 1623 764 quomodo
1687 698 1933 756 ambule-

350 780 422 833 tis
454 780 520 845 ",
545 791 600 838 et
624 777 892 847 quoddam
912 782 1035 838 vitae
1081 783 1395 840 institutum
1437 788 1756 857 sequimini,
1791 809 1811 845 ι
1843 790 1933 847 di-

351 871 538 925 vinmn
565 872 769 926 clamat
792 883 1145 943 praceptum.

554 961 661 1016 XX
673 960 832 1018 Vl.--
859 963 1202 1022 PROCOPIO
1260 966 1745 1027 PRESBYTERO.

422 1051 479 1106 Si
513 1052 566 1107 in
603 1052 762 1122 pejus
789 1057 1211 1111 conversionem
1244 1058 1530 1130 vituperas
1555 1101 1573 1129 ,
1614 1077 1931 1117 conversio-

354 1158 476 1197 nem
509 1142 565 1195 in
591 1144 754 1213 pejus
793 1144 996 1199 devita.
1042 1165 1061 1197 ι
1098 1146 1203 1212 Qui
1253 1149 1424 1212 enim,
1468 1151 1566 1214 ait,
1623 1166 1930 1209 conversus

352 1229 521 1286 fuerit
549 1244 722 1297 retro,
775 1250 884 1289 non
926 1245 1011 1291 est
1050 1238 1190 1295 bene
1228 1239 1536 1310 dispositus
1585 1242 1652 1296 ad
1699 1257 1929 1314 regnum

354 1323 623 1378 ewiorum
657 1326 723 1379 ³ο.
760 1344 779 1377 ι

617 1415 834 1473 XXVII.
863 1449 937 1460 -—
964 1418 1366 1477 FRUMENTIO
1394 1422 1655 1479 COMITI.

431 1524 453 1559 ι
498 1506 863 1565 Circumcisio
906 1511 1044 1565 nihil
1087 1519 1193 1576 est,
1228 1515 1303 1567 ait
1336 1515 1654 1583 Apostolus.
1702 1524 1756 1569 et
1792 1531 1931 1586 prae-

346 1597 577 1666 ‘putium
609 1594 1232 1658 nihiletWJNeutrum
1280 1605 1427 1660 enim
1456 1605 1511 1659 in
1548 1607 1779 1659 salutem
1809 1606 1931 1661 ani-

357 1701 460 1740 mze
487 1694 544 1741 et
567 1685 883 1744 divinorum
913 1692 1287 1762 cognitionem
1330 1694 1614 1750 conducit.
1646 1695 1924 1760 Quidnam

2037 526 2130 576 καὶ
2164 523 2436 594 φρόντιζε,
2466 526 2612 587 ὅπως
2639 525 2781 578 κατὰ
2814 525 2875 577 τὸ
2905 526 3113 595 πρέπον
3155 528 3266 589 τοῖς
3314 527 3612 593 ἀσκηταῖς,

2034 614 2307 686 πραχθείη
2347 613 2408 667 τὸ
2454 615 2613 685 ἔργον
2667 632 2785 669 σου.
2838 635 2857 666 ι
2898 616 3140 668 Βλέπετε
3181 615 3289 686 γὰρ
3339 614 3612 683 ἀκριϐῶς,

2033 704 2154 767 πῶς
2196 707 2572 776 περιπατεῖτε,
2624 706 2721 760 καὶ
2759 706 2878 770 πῶς
2925 705 3293 771 πολιτεύεσθε,
3332 724 3353 759 ι
3409 704 3507 777 βοᾷ
3547 705 3616 758 τὸ

2033 796 2178 852 θεῖον
2217 798 2518 867 ἐπίταγμα.

2254 976 2403 1043 κεῖν.
2434 1006 2505 1016 —-
2534 975 2887 1047 ΠΡΟΚΟΠΙῼ
2920 972 3395 1043 ΠΡΕΣΒΥΤΕΡῼ.

2102 1068 2165 1121 El
2192 1065 2381 1137 ψέγεις
2400 1067 2500 1139 τὴν
2529 1069 2608 1131 είς
2631 1067 2692 1120 τὸ
2719 1068 2898 1138 χεῖρον
2924 1066 3185 1139 στροφὴν,
3210 1066 3380 1138 φεῦγε
3407 1064 3507 1135 τὴν
3531 1064 3617 1127 είς

2028 1159 2091 1212 τὸ
2117 1161 2297 1229 χεῖρον
2329 1159 2588 1230 στροφήν.
2626 1178 2645 1211 ι
2688 1159 2745 1212 Ὀ
2770 1160 2879 1230 γὰρ
2906 1159 3186 1229 στραφεὶς,
3216 1159 3401 1226 φησὶν,
3436 1157 3515 1219 είς
3545 1155 3617 1211 τὰ

2029 1251 2225 1314 όπίσω,
2258 1250 2359 1303 οὐκ
2383 1249 2529 1303 ἐστιν
2561 1249 2781 1315 εὔθετος
2802 1253 2868 1322 τῇ
2900 1249 3145 1322 βασιλείᾳ
3169 1249 3278 1303 τῶν
3306 1247 3610 1320 οὐρανῶν.»

2303 1425 2433 1479 KZ'.
2461 1455 2533 1466 —
2559 1425 3008 1496 opomemm
3034 1424 3333 1479 KUMHTI.

2106 1532 2126 1563 ‹
2162 1499 2441 1585 Περιτομὴ
2474 1514 2626 1570 οὐδέν
2654 1516 2796 1579 ἐστι,
2841 1515 3006 1585 φησὶν
3051 1517 3079 1568 ὁ
3141 1513 3481 1578 Ἀπόστολος,
3517 1530 3595 1566 κα

2028 1606 2361 1674 ἀκροϐυστία
2397 1607 2551 1661 οὐδέν
2584 1609 2750 1662 ἐστιν.
2781 1627 2800 1659 ι
2851 1606 3144 1678 Οὐδέτερον
3179 1606 3291 1678 γὰρ
3319 1606 3428 1660 τῶν
3455 1608 3619 1677 sipu-

2032 1696 2211 1767 μένων
2234 1696 2601 1767 συμϐάλλεται
2639 1697 2778 1767 πρὸς
2805 1697 3078 1769 σωτηρίαν
3102 1697 3302 1768 ψυχῆς,
3340 1698 3435 1751 καὶ
3475 1698 3625 1751 θειο-

353 1777 521 1845 igitur
556 1779 848 1844 condncet,
889 1790 944 1836 et
987 1784 1421 1839 emolumentum
1459 1786 1669 1841 homini
1698 1786 1929 1843 aﬂcret?

2049 1786 2195 1855 πέραν
2225 1787 2444 1854 γνῶσιν.
2482 1786 2547 1839 Τί
2576 1783 2670 1840 οὖν
2704 1786 2772 1841 ἂν
2799 1789 2888 1858 είη
2912 1788 2973 1841 τὸ
3000 1787 3335 1850 λυσιτελοῦν,
3372 1789 3467 1841 καὶ
3488 1788 3624 1859 ὄνη-

354 1869 646 1926 Manifesta
675 1872 987 1927 divinorum
1014 1886 1410 1947 praeceptorum
1440 1880 1715 1935 custodia.

598 2067 837 2126 XXVIII.
867 2102 938 2112 —
968 2070 1284 2127 HIPPASIO
1317 2071 1649 2128 TRIBUNO.

419 2161 891 2228 Quemadmodum
926 2172 1011 2218 est
1053 2165 1300 2217 ciborum
1332 2164 1625 2234 jejunium,
1662 2165 1737 2219 ita
1762 2173 1847 2220 est
1878 2173 1933 2221 et

352 2253 450 2307 ira:
479 2252 775 2322 jejunium,
819 2261 874 2308 et
913 2254 1232 2313 ambitionis
1269 2254 1588 2311 dominatus
1630 2258 1928 2325 jejunium,

350 2350 405 2396 et
434 2342 771 2406 invidentiae,
805 2352 860 2399 et
883 2344 1185 2413 jactantize,
1225 2356 1279 2401 et
1313 2348 1579 2410 avaritiae,
1605 2356 1659 2401 et
1696 2348 1929 2416 injuria-

353 2448 476 2487 rum
508 2437 805 2499 memorize,
838 2443 894 2489 et
932 2438 1239 2504 repentinae
1278 2438 1406 2500 iraa,
1437 2445 1491 2491 et
1530 2439 1927 2502 somnolentiae,

352 2530 409 2578 et
446 2525 723 2595 segnitiei,
768 2533 827 2581 et
875 2527 1242 2592 curiositatis,
1283 2534 1339 2583 et
1376 2528 1833 2598 perturbationis,
1874 2536 1931 2585 et

355 2617 639 2672 similium.

638 2709 832 2765 XXIX.
864 2741 936 2752 --
966 2708 1250 2769 THYRSO
1284 2709 1644 2770 MONACIIO.

426 2823 484 2878 Si
510 2824 728 2879 curiose
754 2825 1144 2894 perscrutaris,
1176 2834 1232 2881 et
1260 2825 1452 2881 sedulo
1477 2841 1567 2882 res
1588 2841 1804 2893 eorum,
1834 2825 1930 2897 qui

356 2915 756 2970 contumeliose
796 2916 953 2988 132
986 2932 1045 2972 se
1107 2925 1325 2987 gerunt,
1361 2919 1688 2989 expiscaris,
1743 2917 1930 2974 cordis

356 3011 436 3064 tui
467 3010 671 3065 oblitus
712 3027 794 3071 es,
844 3013 1037 3065 cellam
1085 3018 1233 3064 tuam
1281 3026 1391 3065 non
1436 3012 1602 3073 nosti,
1632 3026 1663 3063 a
1699 3012 1929 3066 veritate

2036 1894 2120 1930 σιν
2148 1878 2440 1949 προξενῶν
2485 1878 2564 1948 τῷ
2599 1878 2909 1952 ἀνθρώπως
2959 1880 3128 1951 Δῆλον
3170 1880 3252 1934 ὅτι
3297 1881 3332 1952 ἡ
3382 1881 3623 1953 τήρησις

2032 1970 2140 2023 τῶν
2168 1969 2397 2023 ἐντολῶν
2424 1970 2516 2023 τού
2549 1970 2707 2027 Θεοῦ.

2351 2083 2486 2138 KH'.
2520 2116 2592 2125 —
2620 2084 2901 2154 ΙΠΠΔΣῙῼ
2929 2084 3295 2157 ΤΡΙΒΟΥΝῼ.

2104 2175 2316 2245 Ὠσπερ
2345 2176 2461 2228 ἐστὶ
2491 2174 2794 2246 βρωμάτων
2830 2175 3088 2246 νηστεία,
3134 2174 3278 2229 οὕτω
3305 2175 3402 2228 καὶ
3439 2174 3624 2247 θυμοῦ

2032 2264 2255 2334 νηστεία
2288 2264 2426 2330 ἐστὶ,
2458 2265 2554 2317 καὶ
2590 2264 2878 2336 φιλαρχίας
2898 2265 3139 2335 νηστεία,
3172 2266 3268 2319 καὶ
3289 2265 3620 2337 βασκανίας,

2032 2355 2126 2409 καὶ
2172 2355 2410 2426 κόμπου,
2455 2356 2550 2409 καὶ
2590 2356 3026 2428 φιλοχρηματίας
3072 2375 3154 2421 τε,
3186 2360 3281 2412 καὶ
3309 2359 3621 2431 ὀξυχολίας,

2032 2446 2127 2499 καὶ
2152 2446 2440 2516 ύπνηλίας,
2486 2447 2581 2501 καὶ
2611 2447 2810 2513 νωθίας
2835 2488 2852 2515 ,
2892 2450 2986 2504 καὶ
3023 2451 3365 2522 περιεργίας,
3397 2454 3493 2505 καὶ
3519 2470 3626 2506 τα·

2035 2538 2229 2610 ραχῆς,
2265 2538 2361 2592 καὶ
2397 2538 2506 2593 τῶν
2545 2538 2803 2612 καθεξῆς.
3247 2554 3262 2563 ’

2406 2714 2538 2770 κον.
2569 2746 2644 2757 -
2672 2716 2895 2788 ΘΥΡΣῼ
2929 2716 3241 2788 ΜΟΝᾹΧῼ.

2114 2826 2242 2881 Ἐὰν
2263 2827 2747 2901 πολυπραγμονῇς,
2790 2832 2885 2884 καὶ
2935 2831 3106 2901 ἡδέως
3164 2830 3501 2906 περιεργάζει
3542 2849 3625 2887 τα

2031 2922 2335 2992 πράγματα
2364 2921 2471 2975 τῶν
2503 2921 2599 2992 τὴν
2639 2922 3028 2992 ἀσχημοσύνην
3059 2923 3476 2993 ἐργαζομένων,
3506 2925 3617 2977 ἐπ·-

2031 3011 2222 3064 ελόιθου
2256 3012 2356 3079 τῆς
2409 3011 2635 3065 σεαυτοῦ
2670 3011 2916 3084 καρδίας,
2956 3012 3057 3065 ούκ
3089 3009 3234 3075 οἶδας
3268 3013 3366 3082 τὴν
3417 3012 3621 3066 κέλλαν

355 3106 601 3168 aberras,
654 3117 749 3172 per
799 3100 946 3155 invia
994 3102 1099 3155 iter
1137 3103 1359 3172 carpis,
1420 3112 1474 3158 et
1517 3102 1808 3159 considera
1860 3102 1929 3158 ad

2049 3119 2152 3166 που,
2183 3100 2492 3171 ἐπλανήθης
2520 3101 2629 3155 ἀπὸ
2657 3101 2756 3171 τῆς
2783 3100 3061 3172 ἀληθείας,
3092 3102 3188 3156 καὶ
3219 3101 3436 3157 ἀνοδίαν
3466 3101 3625 3173 βαδί-

344 3208 651 3264 λιξυοιιιηοω
674 3194 892 3250 tandem
922 3192 1083 3248 linem
1117 3193 1399 3251 devenias.

889 3304 1059 3363 XXX.
1091 3338 1163 3348 —
1193 3308 1399 3365 Eidem.

424 3395 896 3466 Quemadmodum
926 3398 1066 3468 ipse,
1099 3398 1146 3453 si
1176 3400 1408 3469 gratiam
1433 3400 1565 3454 mihi
1588 3399 1772 3454 datam
1802 3399 1929 3456 aliis

354 3504 575 3558 quoque
601 3502 712 3542 non
738 3487 1239 3551 communicavero,
1274 3489 1542 3543 rationem
1571 3491 1627 3544 in
1654 3491 1743 3545 die
1772 3490 1925 3559 judi-

354 3580 425 3634 cii
450 3578 768 3633 redditurus
802 3587 1219 3649 sum,tanquam
1256 3581 1402 3650 quod
1436 3582 1662 3635 silentio
1683 3581 1930 3650 spiritale

355 3670 623 3725 talentum
655 3668 1012 3737 snﬂ'oderim;
1046 3671 1121 3726 ita
1152 3680 1208 3726 et
1238 3678 1297 3725 tu
1329 3672 1384 3725 in
1411 3671 1504 3741 jus
1535 3672 1846 3737 vocaberis,
1883 3673 1931 3728 si

353 3771 409 3815 et
440 3762 567 3816 aliis
607 3759 823 3817 idoneis
869 3775 981 3816 non
1023 3762 1292 3832 eIargitus
1340 3762 1549 3829 fueris,
1596 3764 1931 3834 cognitionis

357 3869 557 3909 munus
590 3853 815 3908 caeleste
849 3852 948 3906 tibi
982 3854 1384 3909 concreditum.
1419 3838 1600 3911 Testis
1632 3855 1780 3909 enim
1813 3854 1931 3924 ipse

355 3960 503 4011 sum,
537 3945 767 4000 multam
802 3944 900 4000 tibi
927 3946 1329 4016 suppeditatam
1358 3962 1483 4002 esse
1514 3945 1768 4002 Numinis
1798 3962 1928 4016 gra-

354 4040 510 4100 tiam.
561 4038 634 4093 ob
684 4054 899 4093 morum
966 4038 1332 4103 nobilitatem,
1395 4039 1517 4093 vitae
1576 4040 1924 4109 gravitatem,

355 4146 571 4202 unaque
592 4145 720 4186 cum
757 4130 1232 4202 praestantissimis
1266 4130 1551 4186 monachis
1587 4131 1927 4186 contenden-

354 4236 464 4280 tem
488 4222 850 4293 diligentiam.
883 4221 1038 4288 Quod
1075 4238 1210 4278 sane
1254 4222 1309 4276 in
1340 4222 1528 4277 habitu
1562 4222 1838 4290 saaculari,
1874 4233 1929 4279 et

356 4314 576 4386 publica
604 4314 961 4384 expeditione
982 4314 1306 4369 admirabile
1329 4323 1435 4371 est.

624 4426 823 4483 XXXI.
854 4456 925 4472 --
954 4427 1304 4495 ΡΗΟΤΙΝᾹΞ,
1342 4437 1399 4484 et
1437 4425 1647 4487 DOR...

2041 3190 2187 3257 ζειςο
2226 3190 2320 3245 καὶ
2352 3189 2536 3261 βλέπε,
2568 3190 2705 3260 πρὸς
2729 3192 2882 3244 ποῖον
2919 3190 3116 3263 ἐλεύσῃ
3141 3189 3332 3262 πέρας.

2574 3304 2648 3358 Λ’.
2692 3333 2765 3343 --
2799 3302 2884 3369 Τῷ
2910 3302 3090 3369 αὐτῷ.

2114 3397 2326 3467 Ὥσπερ
2353 3394 2485 3466 ἐγὼ,
2507 3396 2555 3448 εί
2588 3395 2662 3466 μὴ
2697 3394 2983 3466 μεταδοίην
3016 3394 3224 3467 ἑτέροις
3237 3394 3337 3464 τῆς
3364 3391 3622 3463 δοθείσης

2043 3505 2135 3560 μοι
2166 3490 2410 3559 χάριτος,
2457 3486 2614 3554 λόγον
2653 3484 2834 3554 ὑφέξω
2885 3487 2944 3538 ἐν
2995 3485 3175 3557 ἡμέρᾳ
3229 3484 3500 3555 κρίσεως,
3536 3484 3621 3547 ώς

2040 3579 2343 3652 κατορύξας
2376 3582 2440 3651 τῇ
2476 3580 2653 3649 σιωπῇ
2678 3577 2739 3630 τὸ
2764 3576 3129 3648 πνευματικὸν
3142 3576 3423 3640 τάλαντον,
3442 3574 3622 3639 οὕτως

2040 3674 2135 3727 καὶ
2164 3673 2229 3729 σὺ
2251 3670 2479 3735 εὐθύνας
2505 3668 2879 3741 ἁπαιτηθήσῃ,
2916 3668 3013 3723 ἐὰν
3044 3668 3119 3740 μὴ
3159 3669 3256 3721 καὶ
3286 3666 3465 3731 ἄλλοις
3493 3667 3622 3720 ίκα-

2040 3767 2153 3827 νοῖς
2187 3764 2503 3835 χορηγήοῃς
2530 3762 2630 3834 τὴν
2658 3760 3116 3831 ἐμπιστευθεῖσαν
3141 3778 3223 3814 σοι
3246 3760 3494 3832 οὐράνιον
3514 3758 3621 3811 δω-

2043 3854 2172 3928 ρεὰν
2200 3857 2301 3926 τῆς
2325 3852 2601 3922 γνώσεως.
2633 3852 2912 3923 Μαρτυρῶ
2942 3851 3052 3925 γάρ
3091 3868 3174 3906 σοι
3206 3850 3404 3920 πολλὴν
3437 3848 3619 3920 ἔχοντι

2040 3951 2202 4023 χάριν
2221 3947 2378 4014 Θεοῦ,
2408 3949 2476 4002 δι’
2506 3948 2789 4017 εὐγένειαν
2816 3950 3051 4019 τρόπων,
3082 3949 3177 4002 καὶ
3206 3948 3317 4020 βίον
3351 3944 3621 4017 σεμνότα-

2020 4061 2153 4107 τον,
2180 4044 2274 4097 καὶ
2296 4041 2612 4112 ἐπιμέλειαν
2637 4040 3020 4113 ἀμιλλωμένην
3040 4043 3152 4105 τοῖς
3178 4038 3488 4113 κρατίστοις
3504 4035 3619 4090 τῶν

2045 4135 2329 4208 μοναχῶνο
2367 4136 2504 4206 ὅπερ
2547 4133 2856 4205 θαυμαστὸν
2891 4133 3111 4203 βλέπειν
3141 4133 3200 4187 ἐν
3246 4132 3487 4204 σχήματι
3516 4146 3617 4184 κο-

2043 4226 2247 4300 σμικῷ,
2280 4227 2377 4281 καὶ
2399 4227 2637 4298 δημοσίᾳ
2667 4225 2946 4298 στρατείᾳ.

2321 4423 2446 4477 AA'.
2474 4453 2545 4463 —-
2567 4421 2869 4494 ΦΩΤΕΙΝῌ
2900 4438 2995 4475 και
3020 4423 3167 4475 ΔΩΡ.
3206 4461 3223 4477 .
3268 4457 3284 4475 .
3312 4460 3328 4476 .

426 4517 678 4576 Vestram
709 4521 877 4574 vitam
899 4520 1282 4575 intaminatam
1311 4522 1572 4574 memoria
1598 4520 1922 4587 recolentes,

2102 4516 2224 4584 Μνη
2234 4514 2551 4585 μονεύοντες
2569 4518 2670 4587 τῆς
2703 4486 3003 4585 ἀμολύντον
3026 4513 3181 4585 ὑμῶν
3209 4512 3376 4583 ζωῆς,
3400 4510 3622 4576 δοξάζο-

355 4610 589 4683 gloriam
622 4610 844 4668 Christo
869 4612 1099 4676 damus,
1132 4627 1258 4667 cum
1293 4611 1501 4667 Davide
1530 4613 1889 4668 enuntiantes
1918 4630 1933 4668 :

2035 4623 2137 4678 μεν
2160 4606 2252 4659 τὸν
2285 4606 2538 4677 Χριστὸν,
2565 4605 2816 4675 λέγοντες
2845 4606 2944 4659 σὺν
2973 4604 3051 4676 τῷ
3074 4603 3237 4657 Δαυῖδ
3254 4618 3269 4633 ’
3300 4620 3321 4654 ι
3369 4602 3460 4666 Ὠς
3480 4602 3618 4669 ἀγα-

361 4722 383 4757 ς
416 4705 591 4772 Quam
624 4703 826 4760 dilecta
861 4705 1218 4760 tabernacula
1252 4713 1341 4758 tua
1374 4711 1429 4758 et
1456 4704 1674 4765 altaria,
1710 4703 1929 4760 Domine

2049 4696 2182 4767 πητὰ
2214 4697 2282 4750 τὰ
2312 4696 2649 4769 σκηνώματα
2679 4714 2796 4762 σου,
2824 4695 2919 4750 καὶ
2941 4695 3010 4749 τὰ
3036 4694 3295 4763 θυσιαστή
3307 4710 3413 4763 ρια,
3439 4691 3614 4761 Κύριε

357 4798 625 4850 virtutum
653 4795 731 4849 "l
770 4813 789 4848 ι
832 4793 975 4851 Vere
1003 4796 1207 4850 etenim
1236 4795 1610 4855 tabernacula.
1636 4802 1689 4849 et
1722 4796 1935 4861 altaria,

356 4897 411 4941 et
450 4888 739 4958 templum,
768 4898 824 4943 et
866 4902 1099 4943 munera
1131 4887 1226 4942 Dei
1257 4902 1355 4958 per
1386 4886 1763 4957 virginitatem
1809 4901 1939 4957 ape-

358 4980 578 5037 ruistis.

564 5085 787 5142 XXXII.
812 5116 886 5129 —
910 5084 1298 5143 MENANDRO
1331 5085 1739 5143 DOMESTICO.

428 5197 606 5268 Nolo,
642 5201 879 5257 insultas
920 5202 1153 5258 auribus
1192 5200 1434 5269 nostris,
1467 5216 1497 5255 a
1532 5210 1764 5271 paterno
1813 5216 1930 5260 meo

2032 4790 2142 4843 τῶν
2167 4790 2475 4860 δυνάμεωνῑ
2509 4810 2527 4843 ι
2574 4789 2814 4860 Ἀληθῶς
2842 4787 2952 4860 γὰρ
3002 4786 3339 4859 σκηνώματά
3381 4802 3443 4838 τε
3468 4823 3484 4847 ,
3518 4782 3616 4836 καὶ

2036 4881 2416 4953 θυσιαστήρια,
2471 4882 2567 4936 καὶ
2595 4880 2745 4945 ναὸς,
2792 4880 2887 4934 καὶ
2929 4880 3192 4950 κειμήλια
3224 4876 3361 4932 Θεοῦ
3398 4874 3489 4929 διὰ
3512 4872 3617 4945 τῆς

2035 4974 2335 5044 παρθενίας
2361 4973 2659 5043 πεφήνατε.

2280 5085 2403 5139 AB’.
2434 5114 2504 5127 -
2524 5084 2903 5156 ΜΕΝΑΝΔΡῼ
2937 5080 3350 5152 ΔΩΜΕΣΤΙΚῼ.

2106 5201 2180 5255 Οὐ
2215 5199 2494 5272 βούλομαι,
2523 5200 2725 5270 λέγεις,
2754 5197 3013 5269 ἐκστῆναι
3058 5192 3153 5248 τοῦ
3199 5191 3453 5265 πατρῴου
3496 5188 3618 5244 Ἐλο

356 5291 699 5348 Hellenismo
732 5292 1085 5350 desciscere:
1128 5308 1364 5362 namque
1422 5290 1475 5346 id
1515 5293 1929 5363 vituperandum

2049 5292 2323 5365 tqvmpoﬁ'
2357 5291 2720 5347 ἐπονείδιστον
2748 5290 2857 5360 γὰρ
2883 5286 3044 5342 τοῦτό
3072 5303 3134 5351 γε
3174 5281 3348 5356 οἶμαι.
3399 5282 3465 5336 Τί
3494 5280 3611 5348 οὖν,

360 5392 515 5456 puto.
540 5381 929 5441 Verumtamen
962 5386 1052 5440 dic
1082 5386 1238 5451 mihi,
1266 5386 1351 5440 vir
1379 5384 1720 5451 admirande,
1757 5386 1803 5441 si
1838 5400 1929 5455 pa-

2049 5383 2154 5436 είπέ
2179 5399 2290 5454 μοι,
2316 5381 2606 5453 θαυμάσιε,
2636 5384 2685 5437 εί
2706 5384 2735 5435 ὁ
2779 5382 2961 5453 πατήρ
2992 5397 3088 5433 σου
3123 5375 3423 5451 λῄσταρχός
3444 5392 3550 5439 τις,
3579 5375 3610 5445 ἢ

360 5488 446 5532 ter
473 5484 603 5532 tuus
632 5476 950 5547 praedonum
993 5477 1287 5549 princeps,
1339 5487 1434 5532 aut
1476 5476 1631 5547 133
1684 5476 1929 5532 ebrietati

2049 5473 2330 5544 μεθυστὴς,
2361 5473 2395 5546 ἢ
2428 5473 2641 5543 πόρνος,
2669 5472 3078 5544 ἦτοκογλύφος,
3110 5471 3143 5544 ἢ
3170 5471 3371 5543 θρασὺς
3411 5468 3446 5527 ἢ
3470 5484 3612 5537 τυμ‹

360 5566 603 5633 deditus,
630 5576 729 5623 aut
757 5569 994 5635 adulter,
1024 5578 1120 5625 aut
1146 5568 1449 5636 fenerator,
1490 5577 1583 5623 aut
1613 5568 1816 5637 audax,
1841 5574 1929 5623 aul

2049 5564 2289 5638 δωρύχος
2319 5565 2634 5636 ἐτύγχανεν,
2655 5566 2717 5619 οὐ
2747 5566 2921 5630 θέλεις
2942 5563 3178 5637 σώφρονι
3209 5560 3450 5631 Λογισμῷ
3480 5574 3613 5631 χρη-

435 5747 486 5783 ”
511 5747 715 5817 Ephcs.
746 5767 800 5816 v,
849 5752 933 5807 15.
1011 5753 1055 5785 ³ο
1091 5751 1226 5809 Luc.
1262 5769 1338 5818 xx,
1388 5753 1479 5825 6‘3.t
1556 5754 1594 5787 ³⁸
1632 5753 1805 5811 ICor.
1859 5769 1929 5809 vn

2049 5757 2076 5805 ν.
2155 5751 2198 5783 ³³
2238 5744 2380 5805 Psal.
2405 5764 2637 5811 Lxmn,
2675 5746 2722 5801 l.
