3888 6040
170 298 315 365 213

1389 314 1921 377 EPISTOLARUM
1949 315 2095 374 LIB.
2128 314 2211 375 II.

3343 300 3451 367 ενι

168 414 443 485 σάμενος
469 456 485 480 ,
522 434 785 489 κρειττων
831 421 1085 488 γενέσθαι
1138 427 1241 492 τῆς
1287 426 1382 481 τοῦ
1419 427 1632 492 ἀδίκου,
1686 426 1768 478 καλ

1886 418 2261 490 sepulcrorum
2306 417 2535 474 el'llossm'
2561 415 2782 477 luisset,
2820 429 3003 468 annon
3047 428 3277 484 cuperes
3320 429 3452 484 pru-

166 503 423 560 ἀνοσίου
452 508 660 578 πατρὸς
693 513 1138 585 κακοφροσύνηςς

348 705 472 761 AI".
495 736 567 747 —
594 708 999 777 ΧΡΥΣΟΓΟΝῼ
1043 713 1487 777 ΠΡΕΣΒΥΤΕΡο
1515 717 1636 771 ΚΑΙ

790 781 1187 855 ΗΓΟΥΜΕΝῼ.

283 865 576 939 Ἦρώτησέ
605 886 695 941 με,
726 871 761 942 ή
805 872 1050 945 ὑμετέρα
1091 875 1301 946 ἀγάπη,
1339 876 1394 930 τί
1421 878 1591 943 ἐστιν,
1638 879 1775 949 ὅπερ

173 954 408 1024 φάσκει
440 959 577 1031 πρὸς
615 959 705 1014 τὸν
734 960 915 1016 Θεὸνὸ
951 964 1194 1036 Βαρούχ·
1224 968 1306 1022 ὅτι
1355 986 1374 1021 ι
1411 969 1484 1022 Σὺ
1524 966 1576 1021 εί
1642 969 1777 1023 καθ-

171 1045 214 1115 ἠ
227 1063 408 1114 μενος
427 1050 520 1103 τὸν
536 1050 727 1111 αἰῶνα.
746 1054 841 1106 καὶ
862 1055 1018 1124 ήμεῖς
1039 1056 1401 1127 ἀπολλύμενοι
1420 1058 1509 1112 τὸν
1524 1059 1696 1114 αίῶνα
1713 1077 1728 1124 ;
1750 1078 1769 1117 ι

185 1137 264 1191 ’0
301 1141 440 1201 Θεὸς
489 1143 673 1215 ἐπειδὴ
704 1145 1061 1211 ἀναλλοίωτος
1120 1150 1217 1204 καὶ
1246 1150 1512 1224 ἄτρεπτος
1542 1153 1776 1225 ὑπάρχει

170 1228 471 1301 διηνεκῶς
498 1274 513 1298 ,
542 1235 698 1306 δῆλον
740 1238 822 1292 ὄτι
873 1240 933 1293 ὲν
964 1243 1030 1312 τῇ
1064 1242 1255 1297 ἑαυτοῦ
1305 1245 1572 1316 καθῆσθαι
1616 1248 1778 1319 ἀτρε-

173 1324 433 1397 πτότητι
456 1327 544 1380 διὰ
572 1328 772 1393 παντὸς
794 1332 1039 1402 εῐρηται’
1074 1336 1235 1406 ἡμεῖς
1262 1335 1321 1390 δὲ
1340 1340 1563 1407 τρεπτοὶ
1601 1338 1774 1405 ὄντες,

178 1417 408 1487 ῥᾳδίως
440 1420 790 1492 ἀπολλύμεθα
818 1425 1075 1481 ἑκάστοτε
1123 1427 1270 1482 ἄλλοι
1298 1429 1413 1484 ἀντ’
1437 1430 1612 1485 ἄλλων
1644 1432 1775 1486 πολ-

171 1505 358 1572 λάκις
392 1511 665 1582 γινόμενοι
686 1552 702 1575 ,
742 1515 837 1569 καὶ
877 1518 971 1585 ἀφ’
999 1518 1199 1590 ὲτέρων
1244 1520 1517 1593 λογισμῶν
1544 1524 1629 1593 ἐφ’
1658 1525 1775 1578 ἐτέ-

177 1616 329 1671 ρους
362 1602 655 1675 λογισμοὺς
684 1608 921 1678 συνεχῶς
946 1611 1376 1678 μεταϐαίνοντες.

476 1696 595 1750 ΛΔ’.
622 1727 691 1737 --
716 1700 1056 1773 ΣΩΚΡΛΤΙῼ
1092 1704 1505 1762 ΕΞΚΕΠἸῸΡΙ.

1878 511 2033 566 denti
2062 526 2308 582 sanoque
2328 510 2560 566 consilio
2584 518 2766 570 utens.
2792 508 2984 578 injusti
3013 521 3077 559 ac
3109 506 3258 575 impii
3285 509 3462 575 patris-

1878 601 2232 673 improbitate
2264 602 2455 658 sanior
2483 599 2755 657 evadere?

1977 713 2214 769 XXXIII.
2249 744 2319 755 —
2352 707 3353 837 CIIBerSa%%PiQ“PRESBYTEBO.

1947 874 2248 933 Postulasti
2270 915 2285 939 ,
2309 877 2505 933 dilecte
2532 876 2628 941 mi,
2651 875 2782 945 quid
2810 882 2914 935 est,
2932 873 3074 943 quod
3091 870 3303 926 Baruch
3326 869 3460 925 dicit

1877 966 1945 1021 ad
1992 967 2161 1024 Deum
2194 987 2208 1024 :
2250 988 2269 1021 ι
2307 968 2389 1025 Tu
2419 985 2479 1024 es
2512 968 2711 1024 sedens
2744 967 2798 1021 in
2828 967 3048 1030 saecula,
3085 973 3139 1022 et
3170 979 3271 1018 nos
3309 960 3455 1033 peri-

1876 1075 2002 1116 mus
2029 1062 2083 1116 in
2118 1061 2383 1117 saeculum
2407 1062 2487 1115 “‘I
2520 1081 2539 1113 ι
2576 1060 2718 1116 Deus
2748 1073 2874 1113 cum
2907 1057 3269 1113 immutabilis
3292 1065 3455 1125 atque

1877 1155 2219 1213 invariabilis
2252 1164 2519 1229 perpetuo
2548 1159 2641 1220 sit,
2671 1153 3023 1209 manifestum
3065 1161 3169 1213 est,
3212 1165 3336 1206 eum
3389 1149 3445 1202 in

1877 1247 2100 1316 prepria
2155 1247 2348 1304 sedere
2396 1247 2843 1302 immntabilitate
2887 1247 2941 1300 in
2975 1252 3240 1299 aeternum
3264 1243 3353 1305 ³³⁸,
3391 1250 3452 1296 ut

1874 1337 2096 1392 dicitur.
2124 1338 2196 1391 At
2225 1354 2348 1404 nos,
2374 1337 2469 1409 qui
2497 1337 2566 1393 de
2595 1335 2742 1392 facili
2780 1344 3079 1398 mutamur,
3118 1343 3173 1389 et
3204 1332 3441 1402 singulis

1877 1426 2073 1483 diebus
2104 1429 2393 1493 morimur,
2422 1428 2514 1483 alii
2544 1435 2708 1498 atque
2738 1426 2830 1481 alii
2857 1426 3061 1497 saepius
3102 1423 3256 1487 facti,
3298 1433 3353 1477 et
3383 1436 3451 1477 ex

1875 1519 2000 1575 aliis
2030 1520 2085 1575 in
2118 1521 2258 1577 alias
2287 1521 2654 1591 cogitationes
2677 1518 2985 1590 saepissime
3010 1524 3379 1572 transeuntes.

2076 1700 2392 1756 XXXIV.—
2421 1699 2763 1758 SOCRATIO
2824 1694 3218 1753 EXCEPTOBI

267 1799 294 1833 ι
333 1781 401 1837 Δί
439 1784 694 1856 δυνάμεις
746 1788 853 1841 τῶν
896 1790 1141 1860 οὐρανῶν
1186 1794 1607 1868 σαλευθήσονται
1649 1799 1768 1853 κατ’

1948 1807 1968 1841 ι
2015 1791 2255 1849 Virtutes
2296 1794 2560 1848 ctelorum
2591 1789 3094 1846 commovebuntur
3128 1787 3182 1839 in
3212 1785 3299 1840 die
3321 1784 3461 1853 justi

176 1871 419 1946 ἐκείνην
447 1875 548 1947 τὴν
586 1878 800 1950 ήμύραν
827 1881 929 1951 τῆς
967 1883 1379 1955 δικαιοκρισίας.
1424 1905 1443 1939 ι
1479 1889 1772 1943 Τουτέστιν

175 1965 246 2016 αῖ
304 1966 599 2036 ἀγγελικαὶ
649 1973 895 2043 στρατιαὶ
943 1974 1023 2046 τῷ
1054 1978 1364 2050 Δεσποτικῷ
1404 1980 1774 2053 ύπηρετοῦσαι

179 2057 602 2128 προστάγματι,
636 2060 695 2125 ἐξ
723 2063 1060 2135 ἡμερότητος
1086 2066 1165 2130 είς
1194 2066 1365 2140 ὀργὴν
1390 2070 1773 2144 κινηθήσονται

180 2182 201 2200 .
245 2186 264 2200 .
300 2184 319 2200 .
356 2184 373 2201 .
402 2148 607 2212 πάντας
630 2150 756 2215 τοὺς
791 2156 1059 2225 πονηροὺς
1079 2140 1438 2229 ἀνθρώπουςί

921 2247 1046 2302 ΛΕ’.

262 2332 337 2386 Οἱ
367 2334 599 2399 ἀνόσιοι,
622 2337 716 2392 καὶ
740 2338 909 2405 ἄθεοι,
938 2341 1164 2412 πονηροί
1193 2360 1275 2407 τε,
1306 2345 1403 2400 καὶ
1429 2346 1657 2418 ἄθεσμοι
1679 2349 1773 2403 τοῦ

182 2424 416 2481 Σατανᾶ
440 2427 689 2501 λογισμοὶ
719 2433 794 2504 μὴ
828 2434 1156 2506 θροείτωσάν
1184 2456 1265 2504 σε,
1294 2440 1429 2511 μηδὲ
1463 2442 1775 2513 καταπλητ-

179 2513 464 2580 τέτωσαν,
516 2521 590 2590 μή
628 2537 687 2574 τε
743 2524 850 2595 μὴν
900 2527 1469 2597 παρασκευαζέτωσαν
1522 2532 1772 2603 ἀθυμεῖν,

184 2605 292 2659 καὶ
319 2606 607 2664 ἐκλύεσθαι
630 2612 729 2684 τὴν
758 2614 858 2685 σὴν
892 2616 1101 2687 ἀγαθὴν
1139 2619 1348 2692 ψυχὴν,
1378 2622 1556 2676 πίστει
1605 2641 1774 2694 γεγα⁸

182 2698 471 2772 νωμὲνήν,
495 2704 591 2756 καὶ
621 2704 697 2776 τῷ
723 2708 940 2780 σταυρῷ
959 2709 1053 2763 τοῦ
1076 2711 1313 2783 Χριστοῦ
1340 2717 1777 2789 φραττομένην.⁸

344 2814 486 2881 Aq’.
515 2845 587 2856 —
614 2818 1057 2876 ΔΗΜΟΣΘΕΝΕΙ
1100 2824 1309 2879 ΠΛΤΡῙ
1343 2827 1630 2885 ΠΟΛΕΩΣ.

266 2925 338 2979 El
360 2927 446 3019 μὴ
474 2929 581 2984 τῶν
614 2934 923 3007 μακαρίων,
955 2938 1051 2993 καὶ
1089 2939 1261 3005 ὄντως
1300 2942 1461 2998 θείων
1489 2946 1587 3016 τῆς
1634 2948 1779 3019 Γρα-

190 3016 307 3087 9ῆς
358 3018 532 3089 λόγων
558 3025 690 3096 ἐρᾷς
712 3067 726 3091 ,
762 3029 981 3100 κτήνεσι
1022 3034 1131 3097 τοῖς
1175 3034 1422 3107 ἀνοήτοις
1465 3037 1561 3091 καὶ
1598 3016 1778 3110 ἀλογί-

190 3125 351 3175 στοις
380 3118 819 3195 παρεικασθήσῃ.

620 3214 741 3269 ΛΖ’.
762 3245 834 3256 -
862 3217 1349 3295 κΑΑΑιΣτιΑΝο.

279 3293 487 3373 Ὥσπερ
513 3302 830 3376 ὀρεγόμενοι
865 3311 965 3381 τῆς
995 3312 1140 3383 ζωῆς
1174 3293 1397 3382 ἐσθίειν,
1445 3319 1541 3373 καὶ
1571 3319 1769 3385 πίνειν,

194 3392 439 3463 φράζειν
457 3413 536 3462 τε,
569 3400 665 3451 καὶ
696 3401 1002 3472 ἀκροᾶσθαι
1032 3403 1323 3477 εἰώθαμεν,
1372 3409 1515 3463 οὕτω
1561 3413 1655 3465 καὶ
1702 3415 1771 3484 τῇ

192 3481 504 3552 ἀναγνώσει
535 3486 644 3541 τῶν
663 3490 756 3542 τοῦ
778 3490 913 3547 Θεοῦ
942 3493 1138 3563 λογίων
1173 3501 1528 3571 προσανέχειν
1560 3481 1771 3571 όφείλοζ

195 3591 306 3644 μεν
332 3575 647 3649 ἀκορέστως
673 3584 739 3652 τῇ
767 3582 981 3656 γνώμῃ.

568 3673 699 3727 Λιιι.
734 3704 805 3715 -
836 3677 1388 3754 ΑΣΚΛΗΠΙΟΔΟΤῼ.

268 3756 336 3809 Τί
368 3775 449 3812 σοι
479 3758 668 3829 ὄφελος
704 3763 813 3817 τῶν
841 3767 938 3835 μὲν
969 3770 1198 3823 οἰκετῶν
1228 3771 1440 3841 ἄρχειν,
1479 3777 1601 3839 ταῖς
1649 3779 1770 3832 ἐπι-

192 3846 419 3919 θυμίαις
444 3851 502 3905 δὲ
519 3851 809 3921 δουλεύειν,
839 3856 1028 3932 ὥσπερ
1063 3866 1287 3934 πικραῖς
1315 3865 1623 3931 δεσποίναις
1646 3886 1661 3935 ;

442 4023 564 4079 ΛΘ.
597 4055 669 4067 -—
693 4028 1038 4106 ΔΥΞΕΝΤῘῼ
1070 4035 1486 4111 ῙΛΛΟΥΣΤΗῼ

264 4112 574 4186 Μονογενὴς
604 4117 731 4186 Υίὺς
770 4123 864 4175 καὶ
884 4124 1058 4192 Λόγος
1083 4125 1179 4180 τοῦ
1204 4128 1438 4200 Πατρὸς,
1465 4131 1574 4197 ζῶν
1601 4134 1772 4205 Λόγος

191 4205 365 4294 ἔστιν,
412 4209 506 4261 καὶ
557 4211 919 4278 ἐνυπόστατος
944 4218 1117 4287 Λόγος
1162 4221 1418 4294 ὑπάρχει,
1447 4225 1676 4292 ἀπαθῶς
1706 4230 1771 4283 ὲκ

191 4290 410 4362 Πατρὸς
432 4295 538 4366 πρὸ
561 4297 781 4354 πάντων
808 4303 1038 4371 αἰώνων,
1077 4311 1174 4362 καὶ
1197 4290 1404 4380 χρόνων
1436 4290 1769 4390 γεγεννήμε-

188 4397 302 4445 νος.
339 4384 495 4453 μόνος
523 4388 588 4441 ἐκ
625 4391 1133 4470 μόνουιμονογενὴς,
1167 4417 1285 4470 φως
1316 4405 1380 4456 ὲκ
1408 4404 1605 4473 φωτὸς,
1635 4384 1768 4473 Θεὸς

188 4474 446 4545 ἀληθινὸς
494 4481 560 4534 ἐκ
616 4483 766 4537 Θεοῦ
801 4486 1082 4560 ἀληθινοῦ,
1133 4492 1212 4562 τῷ
1248 4494 1363 4565 ἰδίῳ
1408 4496 1586 4569 Ha.th
1624 4501 1766 4556 κατά

189 4565 373 4621 ¹πάντα
404 4569 611 4641 ὅμοιος,
646 4574 893 4647 δυνάμει,
940 4580 1119 4653 οὐσίᾳ,
1160 4585 1477 4658 ἀγαθότητι,
1526 4565 1765 4665 ἐξουσίᾳ,

188 4657 287 4710 καὶ
308 4660 455 4733 πάσῃ
480 4663 800 4738 τελειότητι,
823 4668 899 4733 ὡς
923 4675 1119 4743 χωρεῖν
1145 4674 1237 4727 τὸν
1259 4657 1479 4750 Πατέρα
1508 4682 1565 4733 ὲν
1595 4657 1765 4753 αὑτῶ,

191 4752 289 4803 καὶ
318 4754 614 4822 χωρεῖσθαι
644 4758 749 4813 ὑπὸ
782 4762 876 4815 τοῦ
912 4765 1146 4839 Πατρὸς,
1177 4768 1397 4825 πάντων
1431 4774 1631 4828 ύλικῶν
1656 4752 1767 4847 Δή-

193 4843 489 4913 μιουργδς,
523 4847 623 4900 σὺν
662 4848 741 4919 τῷ
786 4851 981 4923 Πατρὶ,
1023 4856 1117 4908 καὶ
1142 4854 1222 4929 τῷ
1251 4857 1413 4931 ἁγίῳ,
1440 4862 1535 4923 καὶ
1569 4843 1769 4934 opaco-
1814 4870 1819 4879 ·

192 4934 312 5007 «ίῳ,
336 4937 431 4991 καὶ
459 4943 823 5014 προσκυνητῷ
856 4944 1155 5017 Πνεύματι.

722 5056 813 5110 Μ’.
845 5087 916 5097 -—
954 5058 1038 5125 Τῷ
1060 5060 1241 5128 αὐτῷ.

270 5166 345 5219 ’οε
361 5168 655 5239 μονογενὴς
678 5169 829 5235 Υἱὸς,
860 5174 955 5227 καὶ
983 5175 1157 5242 Λόγος
1190 5176 1285 5232 τοῦ
1320 5178 1479 5245 Θεοῦ,
1501 5182 1600 5234 καὶ
1627 5198 1768 5252 μετα

189 5257 247 5311 τὸ
280 5260 739 5332 ηηματισθῆναι,
777 5265 899 5335 ήτοι
927 5268 1329 5341 σωματωθῆναι
1363 5274 1429 5325 ἐκ
1474 5273 1572 5345 τῆς
1605 5275 1768 5343 ἀγίας

190 5350 489 5421 Παρθένου,
526 5354 628 5407 οὐκ
652 5355 1045 5423 ἐκπέπτωκεν,
1085 5360 1199 5413 καὶη
1219 5362 1634 5437 ἀπηλλοτριώθη
1666 5367 1768 5439 τῆς

192 5440 324 5504 ἰδίας
354 5440 627 5514 θεότητος,
661 5445 843 5516 ἔμεινε
881 5447 991 5519 γάρ
1020 5448 1155 5513 Θεὸς
1182 5452 1275 5506 καὶ
1318 5454 1458 5523 μετά
1500 5456 1598 5525 τὴν
1628 5458 1764 5528 σάρ-

189 5547 376 5602 ιιωσιν,
401 5534 534 5600 Θεὸς
565 5537 668 5606 μὲν
699 5537 952 5611 ἀληθινὸς
982 5540 1125 5595 κατά
1151 5541 1213 5596 τὺ
1257 5544 1507 5616 ἀόρατον,
1556 5548 1766 5621 ἀνθρω-

716 5686 734 5705 ο

267 5715 310 5747 ⁸³
340 5716 573 5772 Barucli.
608 5734 688 5780 ill.
715 5722 768 5776 5.
848 5724 914 5757 ³⁸*
942 5722 1086 5781 Psal.
1140 5743 1403 5791 vaxvm,
1463 5729 1562 5785 57..
1631 5731 1672 5761 ³³

1869 1878 2066 1949 judicii
2110 1882 2175 1937 ³⁵.
2221 1902 2240 1933 ι
2288 1882 2403 1937 Hoc
2451 1892 2571 1947 est,
2628 1880 2856 1952 angelici
2908 1879 3189 1934 exercitus
3240 1876 3455 1930 Domini

1873 1972 2161 2028 audientes
2231 1973 2464 2042 imperio
2536 1988 2606 2027 ex
2685 1970 3120 2026 mansuetudine
3191 1969 3243 2020 in
3319 1969 3454 2021 iram

1872 2060 2406 2128 commovebuntur,
2476 2067 2533 2116 et
2603 2074 2803 2130 pravos
2862 2058 3112 2112 homines
3169 2055 3456 2110 universos

1872 2149 2126 2220 perdent.
2220 2178 2221 2181 η

2545 2239 2762 2296 XXXV.

1949 2336 2253 2401 Perversae,
2279 2343 2334 2393 et
2365 2335 2568 2407 impiae,
2599 2348 2912 2406 pravaaque,
2939 2341 2995 2387 et
3033 2330 3257 2396 exleges
3296 2329 3455 2383 Sata-

1875 2446 1960 2486 nae
2003 2430 2363 2502 cogitationes
2404 2444 2474 2483 ne
2528 2438 2582 2484 te
2627 2426 2978 2491 conturbent,
3021 2438 3199 2492 neque
3249 2433 3457 2492 perter-

1876 2528 2054 2584 reant,
2088 2535 2265 2588 neque
2295 2518 2348 2573 id
2374 2523 2703 2588 operentur,
2729 2522 2787 2568 ut
2819 2514 3059 2568 animum
3089 2512 3493 2580 despondeas...

1874 2622 1930 2667 et
1970 2620 2061 2665 tua
2096 2611 2237 2665 bona
2258 2610 2442 2664 anima
2470 2607 2576 2663 ﬁde
2598 2606 2945 2672 collustrata,
2971 2610 3026 2659 et
3052 2601 3457 2658 Christbcmce
3477 2634 3499 2651 .-

1875 2700 2242 2768 circumsepta
2272 2696 2630 2753 dissolvatur.

1881 2811 2041 2884 1315.
2080 2809 2421 2865 xxxv1.-—
2458 2803 2907 2863 DEMOSTHENI
2961 2797 3495 2859 mansurum;

1950 2925 2005 2979 Si
2041 2926 2197 2979 beata
2232 2933 2288 2979 et
2326 2939 2454 2980 vere
2486 2922 2675 2978 divina
2720 2919 3026 2989 Scriptura:
3070 2915 3284 2985 eloquia
3336 2925 3455 2967 stu-

1878 3019 2032 3073 diose
2062 3036 2168 3072 non
2192 3018 2422 3089 appetis,
2442 3016 2708 3088 iumentis
2754 3012 3142 3084 insipientibus
3163 3018 3218 3066 et
3244 3009 3455 3063 ratione

1801 3123 1845 3181 (ζ
1878 3112 2158 3168 destitutis
2187 3110 2589 3166 assimilaberis
2619 3108 2686 3160 "1’

2226 3198 2491 3254 XXXVII.
2511 3227 2587 3255 ,-
2617 3191 3117 3252 CALLISTI'ANO-

1944 3291 2433 3359 Quemadmodum,
2473 3290 2601 3343 dum
2640 3289 2807 3345 vitam
2841 3283 3373 3358 appetimusmdete
3400 3293 3454 3335 et

1874 3386 2083 3447 bibere,
2137 3385 2395 3454 loqui-et
2434 3383 2623 3438 audire
2677 3383 2992 3446 suevimtts,
3029 3380 3103 3433 ita
3150 3386 3204 3432 et
3249 3376 3453 3430 divinis

1872 3480 2108 3547 eloquiis
2164 3476 2508 3549 perlegendis
2558 3474 2995 3532 insaturabiliter
3053 3480 3234 3527 mente
3285 3485 3451 3540 opera

1873 3568 2052 3624 danda
2086 3576 2191 3623 ost.

2178 3677 2463 3735 XXXVIII.
2483 3710 2553 3722 ——
2581 3675 3128 3735 ASCLEPIODOTO.

1944 3770 2081 3836 Quis
2111 3773 2206 3825 tibi
2260 3786 2393 3826 usus
2445 3772 2610 3826 fuerit
2662 3770 2839 3826 servis
2890 3766 3123 3837 quidem.
3159 3766 3448 3835 imperare,

1876 3861 2158 3918 desideriis
2214 3878 2347 3917 vero
2386 3874 2649 3932 tanquam
2701 3861 3008 3915 immitibus
3056 3856 3296 3912 dominis
3331 3872 3448 3910 ster-

1878 3953 1989 4009 vire
2017 3954 2039 4008 ?

2088 4044 2326 4099 XXXIX.
2355 4073 2429 4085 —-
2451 4041 2804 4098 AUXENTIO
2844 4036 3244 4093 ιιιυδτιιιο..

1951 4138 2273 4208 Uuigcnitus
2330 4137 2522 4200 Filius,
2576 4145 2632 4190 et
2690 4134 2933 4189 Verbum
2993 4130 3198 4193 Patris,
3258 4129 3451 4184 vivens

1876 4231 2132 4297 Verbum,
2165 4237 2219 4285 et
2248 4230 2469 4300 propria
2520 4228 2833 4297 subsistens
2879 4222 3161 4296 hypostasi
3207 4220 3448 4275 Verbum

1873 4334 1977 4387 est,
2026 4340 2092 4379 ex
2133 4324 2291 4377 Patre
2320 4330 2450 4377 ante
2490 4322 2672 4376 omnia
2706 4320 2928 4380 saecula,
2957 4327 3009 4373 et
3040 4326 3284 4384 tempora
3330 4311 3451 4365 sine

1878 4417 1987 4470 ulla
2037 4415 2295 4486 passione
2341 4413 2589 4485 genitus,
2634 4412 2792 4469 solus
2839 4426 2905 4465 ex
2955 4411 3073 4464 solo
3111 4404 3445 4506 llnigenjtus,

1875 4509 2053 4563 lumen
2084 4524 2149 4563 ex
2193 4507 2424 4568 lumine,
2463 4504 2607 4560 Deus
2636 4501 2901 4558 verus.de
2944 4499 3056 4553 Deo
3103 4512 3271 4563 vero,
3298 4494 3447 4548 Patri

1865 4599 1921 4653 in
1976 4599 2233 4653 omnibus
2281 4596 2504 4660 similis,
2545 4593 2820 4666 potentia,
2869 4590 3135 4653 essentia,
3177 4585 3442 4642 bonitate.

1865 4688 2205 4745 auctoritate
2223 4697 2277 4742 et
2311 4687 2465 4742 omni
2511 4680 3050 4756 perlectione,,,adeo
3084 4686 3144 4733 ut
3171 4676 3225 4733 in
3263 4676 3445 4743 seipso

1863 4781 2045 4851 capiat
2072 4779 2309 4843 Patrem,
2334 4788 2387 4833 et
2413 4776 2665 4847 capiatur
2690 4791 2716 4827 a
2742 4773 2939 4839 Patre;
2965 4785 3152 4829 rerum
3176 4766 3443 4828 munium,

1866 4884 1987 4938 quae
2016 4868 2259 4923 materiae
2314 4866 2572 4929 subsunt,
2630 4861 2915 4922 Conditor,
2979 4874 3107 4913 cum
3165 4856 3350 4917 Patre,
3391 4862 3443 4906 et

1864 4966 2079 5023 sancto,
2102 4966 2159 5013 et
2186 4954 2668 5019 consubstantiali,
2700 4963 2754 5007 et
2784 4949 3066 5005 adorando
3090 4946 3323 5018 Spiritu.

2343 5066 2502 5139 135
2529 5065 2645 5122 XL.
2677 5095 2750 5106 —
2780 5062 3005 5118 Eidem-

1940 5179 2265 5252 Unigenitus
2320 5178 2518 5244 Filius,
2571 5176 2766 5235 et-Dei
2827 5174 3067 5230 Verbum
3110 5172 3276 5227 etiam
3323 5181 3449 5242 post

1866 5274 2119 5340 formam,
2152 5288 2359 5344 corpus
2401 5286 2622 5343 nempe,
2660 5284 2729 5326 ex
2755 5274 2947 5325 sancta
2972 5265 3199 5335 Virgine
3228 5279 3447 5319 assum-

1864 5379 2036 5438 piam,
2095 5382 2206 5421 non
2258 5366 2634 5438 degeneravit,
2691 5375 2926 5433 nequea
2956 5359 3179 5431 praprio
3229 5357 3449 5413 deitatis

1865 5469 2011 5515 statu
2040 5466 2221 5515 motus
2250 5468 2370 5525 est;
2400 5472 2641 5528 namque
2668 5456 2839 5512 etiam
2858 5463 2983 5527 post
3009 5451 3444 5509 incarnationem

1875 5552 2016 5609 Dens
2076 5552 2402 5624 permansit,
2454 5549 2599 5608 Deus
2650 5549 2872 5621 quidem
2923 5561 3089 5602 verus
3140 5539 3447 5599 secundum

1732 5730 1927 5785 Matth.
1986 5746 2135 5794 xxiv,
2186 5732 2277 5786 29.
2356 5730 2417 5761 ”'
2459 5725 2604 5782 Psal.
2636 5722 2941 5787 xl.vm,l5.
