3888 6040
442 280 549 345 215

1907 273 1969 334 S.
2014 270 2179 331 NILI

3593 259 3735 325 216

440 393 587 463 quod
643 406 753 447 non
806 391 1043 455 videtur,
1096 398 1149 445 et
1202 389 1508 445 secundum
1557 388 1705 459 quod
1760 386 1997 451 videtur,

2121 401 2199 447 τος
2229 384 2286 438 δὲ
2318 384 2567 455 ἀληθινὸς
2613 382 2765 437 κατὰ»
2798 382 2859 435 τὺ
2901 381 3085 452 ὀρώμε
3099 396 3212 441 νον,
3254 377 3354 432 οὐκ
3380 374 3548 436 ἄνους
3586 372 3731 444 γὰρ

444 490 609 539 homo
635 497 821 539 verus.
853 481 1040 553 Neque
1068 483 1211 537 enim
1235 481 1356 537 sine
1375 486 1556 537 mente
1583 490 1637 535 et
1659 478 1841 535 anima
1865 485 2003 537 erat.

443 589 501 630 ut
530 576 727 632 ell‘utiit
762 574 1158 644 Apollinarius.

737 666 873 722 XLI.
901 692 971 707 «-
1000 664 1360 721 EUTHYMIO
1387 662 1703 719 DIACONO.

511 778 615 832 Alii
637 777 858 848 quidem
886 777 942 829 in
968 775 1187 838 vinetis,
1225 780 1279 828 et
1303 772 1540 838 olivetis,
1573 781 1627 826 et
1645 769 1931 840 jumentis,
1955 776 2010 823 et

442 885 721 924 servorum
773 865 1145 928 multitudine,
1179 873 1233 919 et
1262 864 1475 919 aedibus
1505 878 1641 916 auro
1674 867 2012 932 argentoque

442 959 764 1029 splendidis,
798 965 852 1010 et
878 956 1114 1010 terrenis
1144 954 1449 1008 ditionibus
1482 953 1742 1023 gaudent.
1764 949 1848 1004 Tu
1877 964 2032 1009 vero.

441 1049 855 1118 praeclarissime
885 1047 1089 1102 Christi
1118 1062 1293 1110 serve,
1320 1044 1527 1115 Regem
1564 1042 1894 1098 invisibilem
1924 1041 2011 1095 in—

441 1139 845 1194 tellectualihus
898 1137 1272 1192 indesinenter
1321 1137 1502 1191 oculis
1553 1148 1809 1197 cernens,
1862 1132 2013 1187 illius

440 1230 728 1283 suavitatis
770 1229 1070 1300 particeps,
1116 1239 1169 1283 et
1211 1242 1434 1290 amore,
1482 1227 1577 1295 qui
1614 1223 1855 1280 discindi
1902 1238 2011 1278 non

441 1328 630 1391 potest,
653 1321 734 1375 illi
757 1322 1066 1391 colligatus,
1085 1335 1292 1390 speque
1315 1333 1444 1390 erga
1463 1333 1586 1375 eum
1605 1318 1845 1371 animum
1860 1326 2011 1369 tuum

438 1413 744 1476 enutriens,
757 1419 812 1467 et
826 1412 1267 1482 dilectione,qua:
1278 1426 1388 1465 non
1405 1411 1711 1475 marcescit,
1728 1407 2016 1463 tetedelec-

440 1514 585 1567 tans,
616 1507 872 1575 precibus
886 1505 1163 1560 continuis
1182 1512 1236 1559 et
1256 1504 1592 1575 psalmorum
1612 1501 1869 1557 cantibus
1884 1514 2014 1554 con-

440 1594 596 1645 tinuo
611 1593 932 1647 incumbens
953 1600 1007 1645 et
1027 1606 1309 1646 sermones
1326 1589 1641 1660 spirituales
1658 1587 2013 1658 amplectens,

443 1682 826 1751 prophetarum
858 1684 951 1737 illa
984 1684 1295 1739 exclamas:
1331 1702 1351 1735 ι
1387 1680 1721 1738 Recordatus
1749 1695 1869 1734 sum
1895 1677 2023 1740 Dei,

440 1782 494 1829 et
515 1774 727 1829 laetatus
748 1791 866 1829 sum
902 1776 967 1828 “z
1005 1794 1024 1827 ι
1054 1774 1159 1829 Et:
1199 1796 1218 1827 ‹
1253 1774 1656 1843 Superlzntabor
1690 1773 1741 1825 in
1780 1770 2012 1825 Domino

445 1882 584 1931 meo,
618 1882 727 1920 non
772 1868 1012 1921 laboravi
1053 1882 1291 1937 sequens
1340 1866 1627 1920 Dominum
1674 1879 1855 1919 meum
1886 1862 1952 1915 ³⁷.
1986 1882 2003 1914 ι

446 1956 743 2011 Exsultabo
776 1958 981 2028 itaque,
1008 1958 1406 2012 humanissime
1439 1957 1687 2022 Domine,
1718 1958 1774 2011 in
1804 1970 2012 2011 sermo-

444 2050 604 2104 nibus
636 2051 768 2113 tuis,
812 2049 1269 2119 quemadmodum
1306 2049 1400 2119 qui
1432 2048 1654 2103 divitias
1683 2049 1915 2111 invenit,
1956 2055 2012 2102 et

446 2140 680 2207 praedam
706 2140 929 2193 multam
964 2140 1027 2191 ³⁸.
1063 2138 1473 2209 Proptereaque
1506 2138 1759 2193 Salvator
1785 2146 1840 2193 et
1867 2138 2011 2193 Con-

443 2232 587 2285 ditor
615 2231 861 2286 omnium
898 2232 998 2286 tibi
1049 2231 1387 2302 respondet:
1428 2228 1698 2284 Gaudium
1749 2239 1925 2294 tuum,
1959 2236 2015 2282 et

442 2322 865 2377 exsultationem
894 2332 1044 2376 tuam
1080 2324 1265 2377 nullus
1296 2323 1466 2376 l'urari
1503 2322 1701 2391 poterit
1721 2321 1766 2354 ³³
1797 2338 1810 2374 :
1843 2319 2013 2373 Maria

444 2414 716 2483 siquidem
746 2417 1006 2484 optimam
1037 2416 1200 2485 elegit
1241 2415 1553 2470 divinarum
1598 2412 2012 2481 disciplinarum

444 2519 667 2574 semper
690 2505 953 2560 virentem
987 2516 1197 2575 partem
1226 2504 1294 2557 ⁸ο.
1327 2503 1562 2570 Quando
1592 2504 1777 2573 itaque
1804 2514 2015 2555 sermm

446 2612 543 2652 nes
581 2597 740 2669 136
762 2598 867 2653 mei
898 2599 951 2653 in
976 2607 1031 2653 te
1057 2598 1307 2653 habitant
1328 2595 1729 2661 recordatione,
1756 2592 2013 2649 recorda-

444 2690 545 2742 hor
593 2691 670 2744 tui
718 2691 772 2743 in
814 2706 985 2761 regno
1034 2705 1177 2745 meo.
1231 2691 1334 2745 Et:
1374 2707 1392 2737 ο
1430 2687 1510 2744 Ne
1556 2688 1774 2752 timeas,
1827 2693 2012 2741 tecum

444 2782 587 2833 enim
615 2797 710 2835 ero
740 2782 997 2837 omnibus
1028 2782 1221 2838 diebus
1245 2782 1313 2847 “,
1347 2799 1366 2832 ι
1396 2796 1463 2835 ει
1495 2780 1642 2836 omni
1665 2778 2013 2833 tribulatione

446 2871 688 2927 liberans
716 2882 770 2929 te
793 2872 864 2939 ",
905 2881 961 2930 et
994 2874 1235 2944 eripiens
1264 2888 1297 2928 e
1327 2887 1496 2929 manu
1536 2870 1914 2927 insidiantium
1942 2868 2009 2921 “.

639 3066 802 3124 XLII.
838 3100 906 3113 —-—
940 3066 1385 3124 CHRYSEROTI
1412 3062 1792 3122 δοΡΗιδΤᾹῑ.

515 3180 575 3237 Si
613 3182 1062 3253 Iinguacissimus
1128 3183 1396 3253 Apollinis
1463 3184 1640 3254 tripus
1691 3185 2015 3241 adveniente

447 3275 503 3328 in
538 3288 757 3328 carnem
798 3274 1043 3328 omnium
1086 3273 1317 3327 Domino
1358 3272 1580 3327 Christo
1612 3274 1776 3328 silere
1803 3273 2012 3343 jussus,

449 3372 648 3436 praeter
689 3366 929 3435 gentium
968 3365 1431 3434 exspectationem
1467 3366 1570 3435 (sic
1602 3366 1747 3421 enim
1779 3366 2015 3422 addece-

449 3459 561 3527 bat)
613 3459 909 3525 odmutuit,
952 3456 1411 3529 quemadmodum
1454 3460 1722 3525 universi,
1769 3460 1863 3526 qui
1910 3460 2017 3516 sub

449 3551 593 3606 cmlo
615 3559 764 3616 sunt,
798 3551 1119 3606 intuentur:
1154 3567 1325 3621 quare
1349 3560 1407 3605 tu
1437 3551 1555 3621 ipse
1586 3568 1761 3622 neque
1784 3552 2013 3622 pudore,

451 3658 628 3714 neque
653 3643 853 3698 rubore
898 3643 1233 3699 suti'underis
1288 3644 1357 3705 de
1394 3645 1504 3701 tuis
1538 3644 1921 3715 insipientibus
1953 3658 2019 3698 ac

453 3732 963 3789 infortunatissimis
1020 3733 1127 3788 diis
1158 3749 1349 3789 curam
1396 3751 1615 3805 gerens,
1664 3735 1929 3797 absurda,
1964 3739 2019 3789 et

452 3839 517 3879 ea
549 3839 672 3891 qua:
694 3838 803 3877 non
834 3831 984 3886 sunt,
1010 3822 1349 3879 defensans?
1382 3822 1773 3880 Verumtamen
1808 3823 1855 3878 si
1883 3821 2017 3876 mihi

452 3915 698 3982 credere,
743 3930 1079 3985 causamque
1121 3924 1268 3969 tuam
1315 3914 1779 3969 rationabiliorem
1838 3912 2021 3969 facere

454 4007 551 4063 tibi
578 4009 632 4061 in
662 4008 847 4062 animo
872 4007 1059 4072 fuerit,
1082 4007 1442 4062 vaticinantis
1480 4006 1711 4077 tripodis
1740 4006 2019 4061 silentium

452 4116 600 4156 nunc
632 4100 979 4171 potissimum
1008 4099 1370 4154 aamulareris.
1896 4090 1899 4093 λ
1932 4105 1937 4110 ·

723 4210 905 4266 XLIII.
934 4240 1006 4251 —
1031 4209 1380 4265 FAUSTINO
1406 4210 1756 4266 MONACIIO.

521 4318 663 4385 Quid
720 4321 1004 4390 gravaris?
1047 4320 1176 4389 quid
1221 4321 1553 4375 maceraris?
1616 4320 1747 4391 quid
1789 4319 2021 4377 vocibus

2106 477 2196 547 δὴ.
2222 476 2319 531 καὶ
2344 476 2571 548 ἄψυχος,
2597 475 2847 546 καθάπερ
2881 473 3140 544 βεὸὁηκεν
3186 466 3637 537 Ἀπολλινάριος.

2424 660 2564 716 MA'.
2589 688 2663 701 -
2689 644 2998 729 Erermo
3038 652 3359 725 ΔῐΔΚΟΝῼ.

2184 774 2399 844 Ἕτεροι
2432 772 2532 843 μὲν
2564 771 2651 825 ἐπ’
2679 768 3021 840 ἀμπελῶσιν,
3056 767 3152 820 καὶ
3174 759 3531 825 ὲλαιῶσι,καὶ
3562 760 3723 829 κτή-

2110 884 2250 931 νεσι,
2277 867 2371 920 καί¹
2392 864 2586 936 πλήθει
2613 862 2723 916 τῶν
2752 861 2999 925 οἰκετῶν,
3025 860 3120 913 καὶ
3139 856 3308 918 οίκοις
3336 851 3717 924 περιφανέσι,

2112 958 2300 1030 χρυσῷ
2327 976 2410 1024 τε,
2441 959 2534 1012 καὶ
2559 957 2786 1029 ἀργύρῳ
2811 995 2827 1021 ,
2871 954 2966 1009 καὶ⁸
2994 955 3106 1015 τοῖς
3134 949 3315 1011 ἄλλοις
3359 947 3581 1017 γηῒνοις
3611 944 3717 996 εὐ-

2104 1038 2432 1124 ’φραίνονται
2478 1052 2773 1127 κτήμασιν.
2820 1050 2895 1102 Σὺ
2942 1047 2999 1101 δέ
3042 1063 3128 1114 γε,
3173 1042 3501 1111 πανεύτρημε
3532 1036 3711 1091 δοῦλε

2112 1143 2370 1214 Χριστοῦ,
2398 1146 2488 1197 τὸν
2520 1144 2747 1215 ἀόρατον
2776 1139 3007 1193 Βασιλέα
3051 1139 3166 1200 τοῖς
3201 1135 3410 1201 νοητοῖς
3448 1128 3715 1184 ἀδιαλείο

2114 1251 2262 1299 πτως
2289 1235 2562 1305 θεώμενος
2596 1232 2917 1303 ὀφθαλμοῖς,
2953 1229 3047 1281 καὶ
3077 1226 3177 1297 τῆς
3214 1224 3424 1279 ἐκείνου
3454 1216 3711 1290 τερπνό-

2112 1347 2273 1397 τητος
2299 1327 2613 1389 ἀπολαύων,
2653 1326 2748 1381 καὶ
2773 1323 2853 1394 τῷ
2880 1321 3236 1390 άδιασπάστῳ
3269 1315 3417 1385 πόθῳ
3442 1313 3711 1367 συνδεδε-

2119 1421 2276 1490 μένος
2307 1418 2475 1489 αὺτῷ,
2512 1417 2686 1471 ἐλπίδι
2714 1432 2774 1469 τε
2802 1417 2867 1485 τῇ
2902 1415 2983 1477 είς
3018 1410 3177 1466 αὐτὸν
3207 1408 3546 1480 τρεφόμενος
3591 1402 3703 1473 τὴν

2113 1514 2311 1585 ψυχὴν,
2338 1512 2434 1567 καὶ
2464 1511 2891 1581 ὲναὸρυνόμενος
2920 1509 2987 1578 τῇ
3015 1503 3313 1577 ἀμαράντῳ
3344 1500 3565 1569 ἀγάπῃ,
3602 1497 3705 1550 εύ-

2116 1608 2235 1677 χαῖς
2263 1623 2322 1660 τε
2346 1604 2613 1675 συνεχέσι,
2639 1603 2734 1657 καὶ
2756 1599 3097 1673 ψαλμῳδίαις
3119 1591 3569 1667 προσκαρτερῶν.
3598 1590 3705 1646 καὶ

2117 1695 2593 1767 ἑνοτερνιζόμενος
2621 1695 2749 1758 τοὺς
2790 1690 3195 1762 πνευματικοὺς
3225 1686 3416 1754 λόγους
3434 1726 3450 1751 ,
3474 1683 3550 1736 τά
3582 1682 3703 1738 τῶν

2118 1786 2413 1860 προφητῶν
2448 1785 2647 1856 ὲκϐοᾷς
2669 1800 2684 1815 ·
2721 1801 2743 1836 ι
2790 1781 3099 1854 Ἐμνήσθην
3144 1777 3238 1831 τοῦ
3266 1775 3433 1839 Θεοῦ,
3467 1772 3569 1827 καὶ
3592 1771 3704 1839 ηὖ-

2112 1878 2374 1950 φράνθην.
2412 1896 2432 1928 ›
2456 1877 2598 1929 Καί·
2635 1893 2655 1927 ι
2701 1870 3323 1946 ’Υπερευφρανθήσομαι
3374 1868 3434 1919 ὲν
3471 1862 3556 1934 τῷ
3578 1864 3701 1915 Κυ-

2119 1970 2216 2040 ρίῳ
2253 1985 2377 2040 μου,
2400 1967 2500 2021 οὐκ
2529 1963 2795 2020 ἐκοπίασα
2834 1959 3246 2017 κατακολουθῶν
3270 1957 3446 2010 ὀπίσω
3474 1951 3697 2024 Κυρίου

2118 2080 2240 2130 μου.
2266 2079 2291 2115 ι,
2325 2056 2746 2127 ’Δγαλλιάσομαι
2770 2048 3031 2116 τοίνυν,ῶ
3054 2048 3400 2121 φιλάνθρωπε
3417 2045 3696 2103 Δέσποτα,

2113 2153 2207 2207 ἐπὶ
2248 2155 2360 2215 τοῖς
2403 2149 2581 2219 λόγοις
2611 2165 2726 2211 σου,
2777 2146 3031 2216 καθάπερ
3076 2144 3106 2196 ό
3139 2138 3391 2214 εὑρηκὼς
3427 2135 3693 2193 πλοῦτον,

2114 2248 2208 2301 καὶ
2242 2245 2413 2299 σκύλα
2449 2242 2637 2296 πολλά.
2673 2240 2763 2294 Διὸ
2800 2234 3256 2308 ἀνταποκρίνεταί
3292 2250 3374 2286 σοι
3413 2230 3443 2282 ὁ
3468 2228 3692 2297 Σωτὴρ,

2112 2340 2205 2392 καὶ
2224 2337 2466 2405 Κτίστης
2486 2333 2891 2394 τῶν-ἁπάντων,
2920 2331 3111 2398 ὅτιπερ
3130 2325 3227 2397 τὴν
3245 2324 3418 2396 χαράν
3447 2338 3567 2384 σου,
3597 2320 3694 2371 καὶ

2111 2429 2210 2500 τὴν
2240 2426 2559 2495 ἀγαλλίασιν
2586 2423 2757 2486 οὐδεὶς
2781 2420 3119 2490 ἀποσυλῆσαι
3150 2417 3455 2487 δυνήσεται.
3494 2411 3694 2481 Μαρία

2113 2521 2223 2591 γὰρ
2247 2520 2347 2589 τὴν
2385 2516 2596 2587 ἀγαθὴν
2635 2514 2955 2581 ἐξελέξατο,
2985 2511 3093 2564 τῶν
3141 2508 3300 2562 θείων
3346 2504 3692 2577 μαθημάτων

2113 2612 2341 2681 ἀειθαλῆ
2373 2610 2588 2681 μερίδα.
2626 2606 2840 2677 Ἐπειδὴ
2868 2602 2961 2658 οὖν
2985 2603 3034 2656 οἱ
3062 2600 3212 2669 λόγοι
3242 2615 3343 2669 μου
3367 2597 3426 2680 εν
3464 2596 3549 2649 σοὶ
3585 2610 3691 2647 και

2113 2698 2478 2770 τασκηνοῦσι,
2508 2697 2671 2768 μνείᾳ
2704 2690 3085 2767 μνησθησομαί
3122 2707 3217 2744 σου
3252 2691 3309 2742 ὲν
3338 2690 3405 2758 τῇ
3441 2684 3692 2757 βασιλείᾳ

2120 2814 2241 2867 μου.
2269 2794 2411 2848 Καί·
2450 2810 2469 2845 ι
2507 2788 2788 2862 Μηδαμῶς
2821 2785 3084 2857 φοϐηθῇς,
3126 2781 3263 2854 μετὰ
3301 2781 3394 2835 σοῦ
3426 2779 3536 2849 γὰρ
3567 2777 3691 2830 ἔσο-

2121 2903 2220 2955 μαι
2256 2884 2343 2938 διὰ
2362 2882 2583 2946 παντὸς,
2619 2900 2637 2933 ι
2668 2881 2733 2934 ὲκ
2760 2880 2940 2948 πάσης
2964 2893 3024 2929 σε
3049 2872 3406 2943 λυτρούμενος
3429 2869 3687 2939 θλίψεως,

2119 2976 2217 3029 καὶ
2242 2972 2565 3045 ἐξαρπάζων
2593 2970 2657 3023 ὲκ
2684 2967 2863 3039 χειρὸς
2896 2963 3004 3019 τῶν
3033 2960 3509 3016 ἐπιϐουλευόντων.

2412 3085 2547 3140 MB'.
2569 3113 2641 3124 -—
2667 3078 3051 3135 ΧΡΥΣΕΡΩΤΙ
3078 3075 3388 3147 ΣΟΦΙΣΤῌ.

2186 3201 2248 3253 Ei
2279 3201 2308 3252 ὁ
2331 3196 2775 3267 πολυφωνότατος
2795 3192 2891 3247 τοῦ
2923 3190 3258 3253 ’Λπόλλωνος
3277 3186 3507 3260 τρίπους
3530 3184 3687 3254 σιγᾷν

2117 3288 2594 3363 προστεταγμένος
2640 3285 2731 3339 διὰ
2780 3284 2881 3354 τῆς
2930 3280 3199 3352 ὲνσάρκου
3252 3276 3556 3349 παρουσίας
3590 3272 3684 3325 τοῦ

2118 3384 2333 3440 πάντων
2361 3378 2632 3433 Δεσπότου
2678 3373 2916 3446 Χριστοῦ
2946 3373 3097 3445 παρά
3132 3371 3231 3441 τὴν
3276 3368 3385 3423 τῶν
3420 3365 3685 3437 Ἑλλήνων

2119 3472 2448 3546 προσδοκίαν
2478 3468 2798 3539 πρεπόντως
2828 3465 3168 3535 πεφίμωται,
3219 3458 3403 3523 καθὼς
3449 3459 3685 3519 ἅπαντες

2118 3565 2167 3616 oi
2199 3562 2297 3634 τὴν
2326 3561 2415 3631 ὑφ’
2461 3559 2596 3631 ἡλίῳ
2641 3556 2931 3627 νεμόμενοι
2965 3554 3272 3624 βλέπουσιν,
3320 3550 3466 3613 τίνος
3500 3549 3685 3602 ἕνεκεν

2119 3656 2281 3718 αὐτὸς
2307 3649 2665 3722 ὲντραπῆναι,
2691 3648 2725 3719 ἢ
2746 3646 3100 3717 αἰσχυνθῆναι
3127 3644 3187 3699 ού
3212 3642 3409 3713 βούλει,
3431 3640 3522 3694 τὸν
3547 3638 3685 3707 ὑπὲρ

2120 3746 2225 3800 τῶν
2254 3744 2573 3812 ἀλογίστων,
2600 3740 2695 3796 καὶ
2715 3738 3023 3793 παναθλίων
3050 3736 3187 3790 θεῶν
3208 3752 3303 3788 σου
3327 3733 3484 3801 λόγον
3508 3730 3683 3785 ποιού-

2124 3854 2306 3907 μενος,
2359 3834 2453 3889 καὶ
2499 3829 2949 3901 ἀντιποιούμενος
2998 3829 3097 3900 τῆς
3147 3825 3395 3889 ἀτοπίας,
3446 3822 3543 3877 καὶ
3586 3822 3683 3890 τῆς

2120 3928 2515 3999 ἀπροσωπίας;
2560 3923 2701 3978 Ἀλλ’
2734 3922 2893 3993 εῐπερ
2924 3922 3047 3992 ἐμοὶ
3078 3918 3361 3988 πεισθῆναι
3383 3914 3679 3986 θελήσειας,

2125 4021 2324 4091 μᾶλλον
2354 4016 2787 4089 εὐπροσωπῆσαι
2818 4014 2918 4085 τὴν
2962 4011 3205 4081 ἀφωνίαν
3254 4008 3454 4081 μᾶλλον
3489 4005 3680 4077 ἀρτίως

2124 4112 2386 4184 ζηλώσεις
2411 4108 2507 4163 τοῦ
2534 4106 2797 4180 μαντικοῦ
2816 4104 3090 4176 τρίποδος.

2434 4223 2568 4278 MP.
2599 4249 2670 4263 —
2695 4217 3036 4288 ΦΑΥΣΤΙΝῼ
3066 4213 3374 4283 ΜΟΝΑΧῼ.

2195 4338 2261 4391 Τί
2296 4335 2490 4407 θλίϐῃς
2523 4334 2577 4388 τί
2610 4333 2830 4399 ἀλύεις;
2861 4330 2913 4383 τί
2946 4329 3157 4401 μέμφῃ,
3197 4328 3291 4381 καὶ
3328 4321 3676 4393 καταμέμφῃ,

459 4410 636 4467 instas
656 4452 672 4476 ,
711 4422 766 4465 et
803 4411 1057 4467 assiduas
1087 4413 1228 4481 jacis
1259 4427 1356 4467 ore
1387 4413 1674 4483 querelas,
1707 4427 1929 4469 morose
1958 4420 2014 4465 tu

2129 4427 2496 4501 μεμψίμοιρε;
2527 4425 2592 4479 Τί
2614 4423 3027 4493 ἀνυπομόνητον
3057 4419 3251 4474 σαυτὸν
3278 4414 3561 4479 δεικνύεις,
3592 4413 3675 4465 καλ

454 4519 521 4560 ac
553 4506 821 4574 querule?
844 4504 1023 4572 Quare
1039 4514 1090 4562 te
1117 4508 1516 4577 impatientem,
1546 4515 1601 4561 et
1625 4508 1815 4577 pusilli
1847 4507 2017 4561 animi

452 4600 630 4654 virum
664 4600 924 4671 evulgans
963 4600 1308 4655 advenientia
1344 4616 1451 4654 non
1485 4600 1763 4655 sustines?
1788 4599 2024 4654 Memen-

455 4702 532 4757 to,
570 4691 699 4763 quid
730 4692 820 4747 ille
860 4693 916 4747 in
958 4692 1438 4748 adhortationibus
1474 4691 1672 4745 dixerit
1708 4709 1724 4744 :
1768 4707 1789 4741 ι
1818 4688 1941 4755 Fili,
1975 4690 2024 4744 si

450 4784 761 4840 accesseris
791 4784 1000 4840 servire
1040 4784 1289 4849 Domino,
1315 4798 1564 4853 prmpara
1595 4782 1831 4836 animam
1872 4790 2023 4834 tuam

454 4876 523 4932 ad
546 4878 926 4941 tentationem,
958 4877 1132 4947 dirige
1159 4891 1256 4930 cor
1285 4886 1465 4940 tuum,
1500 4883 1556 4930 et
1582 4875 1817 4939 sustine,
1859 4882 1915 4927 et
1954 4890 2025 4930 ne

455 4970 716 5032 turberis,
751 4984 928 5038 neque
979 4968 1089 5020 cito
1130 4982 1367 5037 exposco
1412 4966 1741 5021 solutionem
1782 4974 2026 5035 tempore

454 5060 793 5115 inductionis
822 5060 890 5112 “.
927 5078 945 5111 ι
974 5058 1156 5124 Quare
1188 5059 1247 5113 id
1280 5058 1690 5113 animadvertas
1732 5058 1889 5128 137
1939 5074 2031 5113 ve-

455 5153 572 5216 lim,
600 5151 722 5207 sine
749 5151 843 5205 Dei
874 5149 1087 5218 judicio
1114 5150 1273 5214 nihil,
1304 5150 1452 5220 quod
1483 5150 1703 5222 adligat,
1739 5151 1901 5203 alicui
1932 5151 2027 5203 ad-

455 5241 665 5295 venire.
704 5239 1051 5307 Quapropter
1108 5257 1127 5288 ‹
1170 5238 1362 5295 Virum
1407 5240 1593 5303 indue,
1623 5248 1678 5294 et
1736 5238 2029 5292 ruboretur

454 5346 550 5384 cor
588 5340 779 5398 tuum"
805 5335 862 5383 et
901 5329 1119 5384 sustine
1166 5329 1459 5387 Dominum
1484 5332 1553 5392 ⁸⁸,
1590 5351 1609 5384 ι
1660 5338 1719 5385 ut
1748 5330 1825 5385 tui
1863 5331 2028 5385 mise-

453 5430 670 5475 neatur.

2130 4518 2615 4592 μικροψυχότατον,
2645 4515 2719 4587 μὴ
2749 4515 2930 4585 φέρων
2949 4511 3018 4564 τά
3064 4509 3344 4580 συμϐάντα
3365 4524 3379 4573 ;
3404 4503 3675 4572 Μνήσθητι

2118 4610 2213 4665 τοῦ
2254 4611 2505 4678 λέγοντος
2558 4609 2616 4663 ὲν
2652 4609 2773 4671 ταῖς
2812 4604 3200 4676 παραινέσεσι·
3258 4618 3277 4652 ι
3325 4599 3541 4661 Τέκνον,
3588 4594 3676 4647 ἐὰν

2121 4704 2398 4776 προσέρχῃ
2421 4700 2690 4754 δουλεύειν
2719 4696 2799 4769 τῷ
2830 4695 3047 4768 Κυρίῳ.
3075 4693 3361 4763 ἑτοίμασον
3388 4690 3485 4761 τὴν
3508 4689 3676 4760 ψυχήν

2122 4812 2217 4849 σου
2251 4797 2331 4859 είς
2368 4791 2701 4866 πειρασμὸν,
2747 4788 2967 4842 εὔθυνον
3013 4785 3112 4856 τὴν
3160 4782 3389 4854 καρδίαν
3446 4796 3557 4846 σου,
3588 4776 3673 4831 καὶ

2121 4885 2488 4956 καρτέρησον,
2535 4879 2631 4934 καὶ
2682 4878 2757 4949 μὴ
2787 4876 3078 4948 ταράττου,
3113 4873 3249 4945 μηδὲ
3278 4871 3507 4943 τάχιστα
3535 4868 3673 4940 ζήτει

2121 4976 2276 5030 λύσιν
2308 4977 2366 5028 ἐν
2393 4972 2571 5043 καιρῷ
2606 4971 2919 5041 ἐπαγωγῆς.
2951 4988 2969 5020 ι
3000 4967 3242 5019 Γίνωσκε
3288 4968 3419 5036 γὰρ,
3446 4965 3525 5018 ὅτι
3557 4963 3669 5018 ἄνευ

2124 5067 2361 5138 κρίσεως
2389 5062 2557 5128 Θεοῦ,
2599 5058 2752 5114 οὐδὲν
2785 5058 2894 5110 τῶν
2933 5053 3194 5125 θλιϐερῶν
3232 5050 3523 5124 ἐπέρχεταί
3555 5067 3667 5106 τινι.

2123 5158 2321 5227 Διόπερ
2352 5173 2372 5206 ι
2416 5152 2716 5224 Ἀνδρίζου,
2748 5150 2844 5203 καὶ
2866 5143 3241 5218 κραταιούσθω
3267 5144 3302 5212 ἡ
3346 5141 3540 5213 καρδία
3567 5159 3668 5208 σου,

2125 5248 2221 5303 καὶ
2245 5247 2533 5317 ὑπόμεινον
2559 5244 2651 5298 τὸν
2678 5241 2903 5313 Κύριον,
2951 5258 2971 5290 ι
3009 5238 3098 5291 ἵνα
3128 5253 3187 5289 σε
3213 5235 3429 5306 ἐλεήσῃ.

532 5618 575 5651 ³⁸
603 5612 746 5677 Psal.
796 5642 975 5685 Lxxw,
1013 5627 1063 5681 ι.
1142 5630 1182 5659 ³⁷
1213 5600 1303 5681 Jer
1376 5643 1505 5687 xvii,
1560 5630 1645 5681 l6.
1724 5630 1767 5660 ³³
1804 5625 1946 5682 Psal.
1974 5639 2165 5685 cxvm,
2210 5620 2332 5672 162.
2414 5618 2456 5649 '9
2497 5617 2654 5687 Joan_.
2688 5630 2798 5687 va.
2832 5613 2918 5665 22;
2974 5612 3043 5687 _‘_°
3079 5611 3209 5684 an.
3248 5626 3301 5673 κ,
3344 5610 3429 5664 42.
3510 5609 3546 5639 δ’
3579 5613 3663 5662 lsu.

466 5702 580 5748 ιιι.
628 5691 709 5745 I0.
795 5695 837 5726 “
872 5680 1241 5763 Psal.71.\xm,
1277 5696 1365 5752 I8.
1442 5680 1505 5730 "V
1535 5680 1657 5755 Psal
1714 5680 1961 5761 “3,16.

2121 5680 2279 5746 Etcli.
2318 5706 2378 5753 ιι,
2416 5687 2461 5739 l.
2542 5686 2585 5717 ὀδ
2620 5684 2763 5738 Psal.
2794 5697 2940 5745 mn,
2970 5680 3055 5736 Μ.
