3888 6040
151 274 290 344 217
1390 287 1928 352 EPISTULARUM
1953 290 2102 352 LIB.
2130 292 2212 352 II.

532 400 664 457 ω’.
693 432 765 443 -
791 404 1098 477 ΚΥΡΙΛΔῼ
1127 407 1441 477 ΜΟΝΑΧῼ.

2160 403 2347 463 XLIV.
2371 432 2444 445 —-
2469 400 2772 458 CYRILLO
2811 400 3168 458 MONACIIO.

240 490 400 556 Πῶς
435 495 633 564 μικρὸν
676 494 856 565 λέγεις
901 497 1169 569 ὑπάρχειν
1224 501 1531 570 ἁμάρτημα
1555 541 1569 565 ,
1607 498 1675 553 δι’
1710 491 1773 552 οὗ

1946 497 2194 565 Quanam
2237 497 2452 551 ratione
2484 512 2710 566 parvum
2750 510 2874 550 esse
2905 503 3190 565 peccatum
3217 504 3451 553 conten-

152 577 326 644 Θεὸς
368 581 660 650 ἀθετεῖται,
691 586 785 637 καὶ
812 585 943 649 Θεὸς
985 588 1312 657 ἁτιμάζεται
1348 590 1437 643 διὰ
1466 590 1564 661 τῆς
1595 607 1776 660 παρα-

1883 589 1960 644 dis
1984 631 2000 656 ,
2030 589 2191 659 cujus
2221 602 2386 642 causa
2429 585 2573 641 Deus
2629 585 2910 654 abjicitur,
2953 591 3008 638 et
3041 582 3184 638 Deus
3232 584 3449 639 divino.-

154 668 418 737 ϐάσεως
469 672 628 727 θείων
678 676 1074 747 ὲνταλμάτωνς
1129 680 1245 732 Κᾶν
1296 681 1405 752 γάρ
1459 698 1543 743 τις
1604 680 1773 751 ἄνδρα

1883 696 1995 735 rum
2053 688 2453 750 praeceptorum
2510 676 2969 748 praevaricatione
3038 677 3452 730 contemnitur?

154 761 441 867 (posterior;
467 803 484 828 ,
522 764 641 867 καὶ.
669 763 868 835 βρέφος
921 768 1216 839 ἀποκτείνῃ
1241 808 1256 831 ,
1313 771 1507 838 φονεὺς
1555 771 1773 833 πάντως

1883 775 2001 829 Sive
2031 775 2179 829 enim
2212 773 2486 842 quispiam
2521 772 2699 825 virum
2744 770 3017 828 trucidet.
3050 768 3166 823 sive
3208 768 3452 823 infantu-

157 850 462 925 ὑπάρχει,
490 855 583 907 καὶ
613 854 687 918 ὼς
718 858 912 925 φονεὺς
940 858 1208 928 κρίνεται.
1242 860 1365 923 Πῶς
1395 861 1570 914 τοίνυν
1596 863 1773 927 ποιεῖς

1883 868 1984 920 lum
2032 866 2353 929 interimat,
2409 862 2684 918 homicida
2722 861 2900 915 modis
2943 860 3200 914 omnibus
3234 868 3347 922 est,
3396 871 3451 914 et

156 942 229 994 τὸ
282 950 589 1017 πταῖσμα,
633 947 699 1001 δι’
732 943 792 1003 οῦ
833 949 1056 1024 ὲκκλείῃ
1097 953 1197 1023 τῆς
1232 952 1512 1023 βασιλείας
1542 954 1651 1008 τῶν
1682 955 1775 1009 ού-

1883 959 2040 1015 veluti
2096 957 2385 1012 homicida:
2440 957 2558 1010 dies
2619 955 2696 1008 illi
2750 952 2974 1015 dicitur,
3037 960 3092 1005 et
3132 966 3329 1005 nomen
3379 951 3449 1005 ad

3334 284 3443 351 218
3472 328 3479 329 κ

160 1035 379 1103 μνῶν
398 1054 417 1103 ;

708 1218 842 1275 ME'.
869 1248 937 1265 -—
970 1220 1054 1287 Τῷ
1083 1221 1264 1288 αὐτῷ.

244 1305 367 1378 Μὴ
389 1309 648 1379 γόγγυζε,
679 1311 933 1383 ἄνθρωπε
958 1328 973 1344 ·
1003 1314 1282 1384 ἀλλότριον
1305 1315 1412 1386 γὰρ
1444 1317 1674 1387 μοναχοῦ
1709 1318 1770 1372 τὸ

160 1400 516 1467 γογγύζειν,
542 1403 644 1456 κᾶν
677 1404 838 1474 μέχρι
864 1404 1093 1459 θανάτου
1125 1406 1454 1462 κινδυνεύειν
1495 1426 1556 1463 σε
1587 1413 1768 1484 συμϐῇ

162 1493 555 1547 ἐπιτελοῦντα
585 1495 645 1547 τὸ
689 1496 1109 1567 ὲπιταττόμενόν
1153 1515 1235 1551 σοι
1278 1499 1434 1569 παρὰ
1471 1501 1569 1571 τῆς
1615 1503 1769 1557 ἁδελ-

163 1582 454 1650 φότητος.
488 1604 511 1636 ι
561 1586 617 1639 '0
670 1586 778 1655 γὰρ
835 1587 1022 1656 ὑμῶν,
1081 1590 1277 1658 φησὶν,
1335 1589 1584 1655 ἁκούων,
1633 1591 1769 1661 ἐμοῦ

1867 1050 2082 1121 judices
2136 1050 2403 1103 defertur.
2459 1046 2711 1112 Quanam
2768 1045 2933 1114 igitur
2990 1045 3203 1097 ratione
3259 1043 3447 1097 scelus

1870 1152 2060 1215 patras
2085 1184 2101 1209 ,
2140 1156 2241 1214 pro
2270 1156 2381 1212 quo
2414 1154 2582 1208 regno
2616 1138 2885 1200 crelorum
2921 1137 3070 1192 foras
3099 1135 3451 1191 extruderis‘.’

2406 1230 2574 1286 XLV.
2595 1260 2665 1271 —
2697 1229 2904 1283 Eidem.

1937 1325 2018 1381 Ne
2050 1337 2402 1389 murmures,
2437 1323 2511 1376 mi
2550 1323 2716 1375 homo
2750 1338 2763 1374 :
2801 1333 2983 1387 neque
3026 1319 3179 1372 enim
3220 1317 3452 1372 addecet

1871 1418 2203 1474 monachum
2239 1414 2637 1478 murmuratio,
2673 1413 2799 1466 licet
2822 1411 3057 1466 evidenti
3090 1411 3214 1464 vitae
3247 1409 3451 1464 discri-

1872 1510 2050 1573 mine,
2087 1508 2188 1563 tibi
2226 1522 2256 1561 a
2295 1506 2643 1562 fraternitate
2709 1502 3018 1571 impositum
3079 1502 3448 1573 peragendum

1870 1602 1963 1658 sit.
2004 1619 2025 1657 ι
2061 1600 2167 1666 Qui
2198 1599 2345 1655 enim
2376 1612 2476 1653 vos
2505 1597 2695 1659 audit,
2751 1597 2867 1660 ait,
2909 1610 2993 1649 me
3024 1595 3216 1656 audit,
3264 1601 3318 1647 ct
3353 1592 3449 1661 qui

164 1675 411 1741 ἀκούει,
433 1677 527 1730 καὶ
554 1679 583 1730 ό
607 1677 882 1748 τολμήσας
905 1678 1049 1747 ὑμᾶς
1082 1679 1372 1749 ἀθετῆσαι,
1392 1680 1492 1751 ἐμὲ
1514 1681 1716 1736 ἀθετεῖ.
1745 1701 1764 1734 ι

1883 1706 1972 1746 ros
2002 1690 2246 1762 spernit,
2282 1705 2369 1747 me
2398 1689 2607 1757 spernit
2624 1686 2671 1719 “
2707 1706 2727 1740 ι
2764 1686 2829 1740 Ει
2875 1684 3174 1755 Apostolus
3205 1682 3397 1737 scribit
3431 1700 3445 1736 :

165 1766 300 1820 Καὶ
326 1770 359 1821 ὁ
390 1770 716 1833 Ἀπόστολος
745 1769 945 1840 γράφει
974 1787 988 1800 ·
1035 1789 1053 1822 ι
1098 1772 1191 1843 Μὴ
1230 1772 1553 1841 γογγύζετε,
1588 1773 1770 1840 καθώς

1883 1804 1897 1839 ι
1933 1783 2013 1839 Ne
2043 1781 2525 1838 murmuraveritis
2548 1820 2564 1842 ,
2597 1778 3060 1850 quemadmodum
3084 1792 3149 1830 ex
3183 1773 3449 1829 lsraelitis

166 1876 340 1922 τινες
392 1860 503 1913 τῶν
562 1861 912 1932 Ἰσραηλιτῶν
963 1861 1309 1930 ἐγόγγυσαν,
1347 1865 1439 1918 καὶ
1490 1865 1770 1921 ἀπώλοντο

170 1947 297 2000 Imb
333 1948 433 2003 τοῦ
459 1948 801 2020 ὀλοθρευτοῦ.
838 1969 861 2001 ι
898 1950 962 2005 Εἰ
996 1952 1175 2030 τοίνυν
1223 1953 1406 2024 βούλει
1455 1957 1530 2027 μὴ
1570 1959 1769 2012 ἀπολέ-

170 2038 360 2106 εθαι,
406 2041 667 2096 πέπαυσο
703 2042 811 2095 τῶν
862 2043 1213 2113 γογγυσμῶν.
1271 2048 1347 2101 Ἦ
1389 2048 1508 2111 πῶς
1567 2050 1769 2123 δυνήσῃ

168 2131 333 2201 πρὸς
372 2131 576 2202 Κύριον
602 2132 927 2187 διαπετάσαι
956 2134 1053 2195 τὰς
1082 2138 1303 2205 χεῖρας,
1348 2138 1442 2191 καὶ
1488 2138 1768 2205 εὔξασθαι,

172 2218 336 2272 κατὰ
366 2219 467 2290 τὴν
500 2222 794 2291 παράδοσιν
826 2222 922 2275 τοῦ
962 2223 1286 2279 Ἀποστόλου
1309 2265 1324 2289 ,
1376 2227 1544 2298 χωρὶς
1579 2228 1769 2298 ὀργῆς,

172 2312 278 2362 καὶ
318 2310 689 2383 διαλογισμῶν
710 2331 723 2344 ·
750 2315 823 2368 Τὸ
853 2314 960 2389 γὰρ
988 2316 1280 2384 γογγύζειν
1311 2316 1503 2389 κύημα
1527 2319 1764 2391 ὑπάρχει

176 2404 388 2475 δργῆςο

502 2496 648 2565 nar.
674 2528 744 2543 -ρ
772 2501 1115 2572 ΗΛΙΟΔΩΡῼ
1155 2502 1469 2577 ΜΟΝΑΧῼ.

220 2584 396 2640 Ὅσοι
428 2588 527 2656 μὲν
558 2588 772 2653 πολλοῖς
806 2592 1010 2655 πόνοις,
1056 2594 1148 2646 καὶ
1205 2593 1412 2665 ἱδρῶσι,
1457 2595 1553 2649 καὶ
1594 2596 1772 2668 χρόνῳ

182 2677 402 2747 μακρῷ
448 2680 745 2749 μαχόμενοι
765 2683 884 2749 ταῖς
910 2682 1144 2756 ἡδοναῖς,
1185 2685 1336 2756 μόλις
1371 2686 1502 2740 ποτὲ
1539 2686 1633 2739 τοῦ
1673 2704 1773 2758 χα-

184 2774 470 2845 ρίσματος
499 2773 764 2846 ἐπέτυχον
808 2778 907 2847 τῆς
959 2777 1224 2841 ἀπαθείας
1249 2817 1265 2841 ,
1301 2778 1517 2843 τούτοις
1558 2798 1772 2851 συγχω-

1869 1877 1964 1948 qui
1983 1881 2423 1935 murmurarunt,
2442 1879 2498 1926 et
2514 1872 2799 1941 perierunt
2818 1869 2887 1924 ab
2899 1868 3202 1922 extermina
3212 1877 3329 1919 tore
3343 1863 3408 1916 ⁸⁷.
3422 1882 3445 1915 ›

1868 1968 2057 2038 Itaque
2088 1967 2132 2023 si
2169 1966 2247 2020 tui
2283 1965 2435 2020 salus
2469 1977 2618 2017 cura:
2653 1962 2747 2015 tibi
2778 1968 2898 2021 est.
2934 1974 3093 2014 cessa
3132 1972 3163 2011 a
3195 1970 3444 2011 murmu-

1870 2060 2208 2116 rationibus.
2242 2054 2344 2110 Sin
2394 2057 2613 2118 minus,
2647 2051 2926 2121 quomodo
2964 2048 3208 2119 potueris
3237 2047 3302 2100 ad
3342 2047 3448 2099 Do-

1870 2152 2081 2205 minum
2130 2164 2328 2201 manus
2378 2142 2737 2214 protendere,
2776 2155 3080 2210 precesque
3132 2137 3449 2196 etl'undere,

1869 2251 1931 2296 ut
1960 2241 2261 2311 Apostolus
2285 2236 2574 2298 tradebat,
2601 2233 2813 2302 absque
2853 2231 2935 2285 ira
2965 2241 3021 2285 et
3050 2228 3449 2299 disputationi-

1869 2334 1976 2391 bus
2003 2333 2093 2387 “7
2129 2328 2499 2386 Murmuratio
2530 2341 2769 2396 namque
2801 2322 3102 2379 iracundiae
3134 2320 3278 2376 fetus
3307 2327 3415 2375 est.

2018 2515 2178 2586 138
2207 2510 2394 2567 XLVI.
2424 2539 2495 2552 —
2520 2505 2917 2563 HELIODORO
2957 2501 3310 2558 MONACHO.

1943 2609 2273 2676 Quicunque
2329 2602 2521 2659 multis
2557 2599 2845 2656 laboribus
2900 2605 2954 2651 et
3002 2593 3340 2656 sudoribus,
3398 2596 3454 2644 et

1871 2701 2041 2769 longo
2098 2706 2346 2766 tempore
2408 2707 2534 2748 cum
2591 2687 2970 2759 voluptatibus
3030 2683 3450 2744 conﬂictantes,

1870 2793 2092 2851 tandem
2127 2784 2425 2859 aliquando
2458 2785 2536 2840 ita
2587 2782 2777 2837 animo
2825 2776 3129 2848 comparati
3181 2782 3340 2837 sum,
3391 2781 3452 2826 ut

185 2867 459 2935 ρήσωμεν
504 2868 793 2938 συντυχίας
828 2868 1097 2921 ποιεῖσθαι
1131 2868 1267 2941 πρὸς
1291 2869 1774 2942 ἀσκητρίας.¹’οσοι

1883 2887 2045 2941 nullis
2076 2877 2583 2953 perturbationibus
2614 2878 3086 2929 commoveantur,
3117 2867 3185 2921 iis
3222 2879 3319 2934 per
3351 2878 3455 2917 nos

183 2957 245 3010 δὲ
287 2958 438 3011 κατά
467 2975 527 3011 σε
571 2960 770 3014 πάθεσι
805 2959 1106 3030 φιληδόνοις
1140 2963 1565 3033 πεφορτισμένοι
1610 2964 1771 3028 είσὶν,

1883 2978 2112 3035 facultas
2167 2975 2275 3038 sit,
2332 2966 2787 3027 consuetudinem
2851 2972 3270 3027 sermonemque
3326 2970 3452 3009 cum

184 3049 572 3120 εἰργέσθωσαν
592 3052 692 3121 τῆς
712 3050 969 3121 τοιαύτης
999 3051 1423 3124 σφαλερωτάτης
1457 3054 1769 3123 ἐντεύξεως,

1883 3069 2204 3126 mulieribus
2246 3079 2370 3121 sese
2414 3058 2809 3116 exercentibus
2856 3054 3083 3107 habere.
3136 3048 3241 3115 Qui
3281 3062 3453 3111 vero,

184 3115 399 3211 ἵναμὴ
436 3144 530 3195 καὶ
558 3115 657 3206 τάξ
687 3144 821 3206 ιδίας
866 3115 1068 3213 eum,
1100 3115 1195 3199 uel
1224 3143 1324 3207 τὰς
1357 3115 1644 3217 ἀλλοτρίας

1883 3170 1939 3216 ut
1966 3167 2086 3214 tute
2113 3173 2204 3219 es,
2237 3151 2629 3208 affectionibus
2662 3148 2730 3202 ad
2761 3148 3072 3216 voluptates
3108 3141 3296 3212 pronis
3328 3154 3459 3192 one-

190 3234 480 3306 βάραθρον
519 3234 768 3306 ῥίψωσιν.
816 3237 980 3290 Ἄνευ
1027 3236 1135 3307 γὰρ
1181 3238 1557 3309 ἀπαραιτήτου
1606 3240 1769 3304 τινὸς,

1883 3261 2091 3316 rantur,
2128 3251 2197 3303 ab
2226 3242 2612 3316 hujuscemodi
2647 3234 3142 3311 periculosissimis
3166 3228 3456 3299 colloquiis

189 3327 297 3379 καὶ
348 3327 659 3395 ἀναγκαίας,
686 3328 899 3401 χρείας,
931 3328 991 3381 ού
1025 3328 1105 3381 δεῖ
1139 3328 1358 3399 βλέπειν
1392 3330 1635 3401 θηλείας,
1666 3332 1774 3386 κᾶν

1883 3348 2199 3404 arceantur,
2235 3354 2302 3392 ne
2329 3335 2580 3407 proprias
2614 3331 2828 3385 animas
2858 3328 3176 3394 alienasque
3200 3322 3254 3375 in
3293 3320 3458 3374 bara-

190 3418 488 3474 κανονικαὶ
518 3412 641 3485 ὦσι,
673 3420 775 3476 κᾶν
808 3420 1090 3491 κοσμικαί.
1122 3421 1246 3485 Τοῖς
1275 3421 1334 3475 δὲ
1368 3423 1772 3494 προτρέπουσιν

1883 3438 2067 3494 tbrum
2105 3431 2474 3504 praecipitent.
2518 3425 2744 3493 Absque
2765 3421 2912 3475 enim
2946 3415 3264 3472 necessario
3312 3426 3456 3472 usu,

192 3511 354 3579 ἡμᾶς
394 3512 474 3575 εἰς
517 3513 643 3574 τοὺς
685 3513 891 3571 ἑαυτῶν
933 3512 1117 3576 οῖκους
1169 3512 1443 3583 βιωτικοῖς
1490 3517 1768 3587 ἀνδράσιν,

1883 3538 1934 3587 et
1961 3528 2057 3600 qui
2098 3502 2292 3581 evitari
2343 3536 2452 3576 non
2488 3525 2699 3589 potest,
2736 3514 3026 3575 mulieres,
3062 3510 3179 3564 sive
3221 3506 3328 3560 illa:
3355 3502 3459 3557 sub

193 3601 348 3655 ὥστε
378 3602 518 3673 ὑπὲρ
547 3603 724 3659 αὐτῶν
748 3604 1077 3677 ποιήσασθαι
1111 3608 1440 3677 προσευχὰς,
1466 3607 1687 3665 λεκτέον
1710 3611 1773 3665 τὸ

1883 3597 2061 3693 regula
2082 3660 2095 3681 ,
2130 3619 2247 3673 sive
2276 3615 2467 3669 libera:
2498 3611 2666 3665 vitam
2695 3607 2909 3661 ducunt
2936 3644 2951 3665 ,
2988 3597 3320 3693 aspicienda:
3350 3609 3461 3690 non

193 3694 296 3748 τοῦ
338 3695 672 3764 Εὐαγγελίου
704 3698 761 3750 ὲν
793 3698 1262 3770 ταπεινοφροσύνῃ
1284 3738 1301 3764 ,
1342 3700 1425 3754 ὃτι
1452 3717 1466 3731 ·
1511 3702 1625 3755 Οὐκ
1658 3690 1776 3772 είμλ⁵

1883 3679 2024 3770 sunt.
2056 3706 2381 3765 Hominibus
2427 3709 2609 3755 autem
2657 3693 3063 3754 smcularibus,
3112 3686 3204 3755 qui
3251 3697 3353 3737 nos
3402 3679 3460 3733 in

133 3812 136 3815 λ
201 3785 393 3848 ἱκανὸς
438 3788 495 3840 ὲν
542 3788 783 3859 ἀρεταῖς,
820 3788 907 3841 ῖνα.
942 3788 1170 3843 εἰσέλθω
1197 3791 1279 3854 είς
1318 3789 1411 3843 τὸν
1459 3788 1606 3845 οἶκόν
1644 3811 1772 3847 σου·

1883 3801 2136 3875 proprias
2198 3794 2346 3851 aedes
2401 3790 2568 3847 etiam
2626 3786 2987 3841 adhortantes
3049 3778 3349 3833 advocant,
3401 3777 3462 3873 ut

198 3880 329 3932 ἐπεὶ
385 3879 441 3932 δὲ
474 3880 749 3947 πιστεύεις
780 3882 1105 3951 ὠφελεῖσθαι
1142 3883 1208 3937 δι’
1248 3886 1414 3955 εὐχῆς
1451 3885 1566 3941 τῶν
1609 3904 1776 3957 μονα·

1883 3861 2120 3969 ίπιίίιιὶε
2148 3902 2343 3961 preces
2372 3885 2481 3939 Deo
2534 3878 2831 3935 fundamus
2857 3918 2872 3940 ,
2908 3871 3041 3928 illud
3090 3861 3459 3969 Pivariqelii'iu

200 3972 340 4042 χῶν,
379 3992 399 4025 ι
425 3972 666 4042 γενέσθω
717 3990 820 4039 σοι,
879 3974 1056 4038 καθὼς
1087 3976 1182 4033 καὶ
1237 3952 1583 4041 ἐπίστευσας.
1666 3982 1776 4035 Καὶ

1883 3952 2187 4058 dejectione
2214 3978 2384 4034 animi
2411 3972 2750 4045 respondere
2781 3968 3050 4023 debemus
3076 3980 3089 4016 :
3115 3958 3235 4013 Non
3258 3957 3292 4009 ii
3327 3952 3460 4007 mihi

203 4068 407 4129 πάντες
459 4066 517 4119 δὲ
571 4068 623 4120 οἱ
671 4067 993 4134 ἀγαπῶντες
1040 4067 1138 4139 τὴν
1185 4069 1458 4141 ἡμετέραν
1505 4071 1776 4125 εὐτέλειαν

1883 4054 1962 4135 ἰιι⁷
1988 4074 2292 4132 virtutibus
2332 4080 2662 4140 progressus
2706 4068 2875 4121 sunt,
2930 4065 2991 4110 ut
3034 4054 3256 4107 domum
3313 4057 3460 4100 tuam

205 4157 446 4227 πατέρες
493 4157 589 4212 καὶ
621 4157 842 4228 ἀδελφοὶ
886 4159 1404 4231 παρακληθήσονται
1452 4162 1584 4232 παρέ
1640 4163 1774 4233 ἐμοῦ

1883 4170 2156 4226 introeam
2185 4163 2229 4194 ⁸⁸
2278 4179 2293 4214 :
2328 4163 2709 4214 verumtamen
2748 4164 2873 4204 cum
2908 4147 2962 4201 id
3019 4150 3177 4198 certo
3231 4148 3419 4193 teneas
3444 4173 3459 4197 .

205 4248 613 4317 προσεύξασθαι
661 4251 899 4321 γνησίως
939 4251 1079 4323 ὑπὲρ
1125 4228 1235 4307 τῶν
1286 4228 1586 4323 δεηθέντων

1883 4259 2286 4317 monachorum
2319 4262 2509 4322 preces
2540 4245 2637 4299 tibi
2671 4242 2988 4311 adiumento
3022 4236 3265 4296 futuras,
3316 4247 3335 4280 ι
3370 4228 3463 4282 ﬁat

206 4340 395 4396 τικῶν.

1883 4351 2023 4415 tibi,
2063 4349 2209 4402 sicut
2242 4338 2527 4399 credidisti
2549 4336 2619 4391 ιθ.
2661 4354 2680 4386 ι
2720 4333 2784 4388 Ει
2816 4347 3010 4386 omnes
3053 4328 3149 4398 qui
3214 4330 3461 4379 nostram

208 4436 475 4489 vilitatem
513 4436 748 4505 diligunt
775 4444 965 4505 patres
995 4436 1347 4509 fratresque,
1395 4455 1485 4498 me
1513 4449 1923 4515 intercessope,
1957 4458 2060 4516 pro
2083 4436 2374 4511 requisitis
2406 4448 2437 4487 a
2500 4426 2864 4488 saecularibus
2917 4422 3158 4492 legitime
3219 4432 3284 4471 ac
3344 4414 3463 4469 sin.

209 4542 335 4582 cere
365 4526 533 4583 Deum
569 4529 1034 4598 deprecabuntur.

541 4618 673 4674 MZ'.
700 4648 769 4661 -
800 4619 1098 4692 manus
1123 4618 1430 4696 ΜΟΝΔΧῼ.

280 4707 568 4762 Βέλτιστον
607 4708 705 4762 νῦν
746 4709 1180 4779 ἐπιφθέγξασθαί
1235 4726 1318 4764 σοι
1370 4712 1434 4765 τὸ
1480 4712 1574 4767 τοῦ
1621 4715 1786 4786 Ἰερε-

215 4800 342 4870 μίου
374 4814 390 4831 ’
436 4819 455 4852 ι
495 4796 567 4853 Ὦ
606 4800 733 4864 λαὸς
765 4802 947 4871 μωρὸς
993 4803 1087 4855 καὶ.
1127 4802 1407 4873 ἀκάρδιος.
1459 4822 1479 4858 ι
1516 4805 1645 4859 Δέον
1671 4807 1783 4878 γὰρ

212 4891 564 4964 αἰσχύνεσθαί
597 4910 656 4945 σε
690 4894 786 4946 ἐπὶ
811 4896 923 4957 τοῖς
942 4893 1166 4962 φαύλοις
1195 4894 1509 4967 πράγμασι,
1547 4898 1642 4951 καὶ
1663 4900 1789 4962 ταῖς

213 4985 572 5050 κενοδοξίαις,
624 4984 718 5037 καὶ
744 4987 866 5047 ταῖς
900 4985 1327 5057 ἁθυροστομίαις
1348 5026 1365 5053 ,
1415 4987 1538 5041 τότε
1571 4988 1783 5060 πλήττῃ

214 5078 333 5139 ταῖς
369 5075 528 5145 χερσὶ
550 5116 566 5141 ,
608 5075 703 5130 καὶ
729 5078 852 5138 ταῖς
899 5074 1088 5139 ἄλλαις
1136 5077 1468 5148 ἀγερωχίαις
1513 5078 1787 5151 ὲναὸρύνῃ

221 5166 419 5237 μᾶλλον
450 5166 663 5230 τούτοις
684 5207 699 5231 ,
749 5168 847 5221 καὶ
888 5167 1095 5239 τέρπῃ,
1137 5169 1231 5223 καὶ
1260 5169 1353 5222 ἐπὶ
1381 5169 1601 5224 πάντων
1652 5187 1791 5224 καυ-

215 5258 400 5325 χᾶσαι,
431 5254 527 5308 καὶ
554 5257 796 5318 ἐπαινεῖς
828 5256 1045 5320 σαυτὸν,
1073 5254 1310 5324 δαψιλῶς
1343 5257 1611 5323 δοξάζεις.
1639 5257 1783 5312 Ἀλλ’

218 5346 561 5417 αἰσχύνθητι,
602 5348 769 5416 φησίν
795 5348 824 5400 ὁ
857 5347 1013 5414 ἅγιος
1058 5349 1345 5419 προφήτης
1375 5351 1441 5403 ὲκ
1490 5350 1785 5422 προσώπου

217 5438 309 5492 τοῦ
358 5438 516 5505 Θεοῦ,
566 5438 662 5492 καὶ
710 5438 842 5492 λάϐε
874 5438 972 5510 τὴν
1019 5440 1244 5511 ἀτιμίαν
1279 5458 1405 5508 σου,
1435 5443 1582 5506 ὅπως
1609 5441 1676 5497 ἂν
1704 5443 1785 5506 είς

220 5529 569 5599 συναίσθησιν
594 5528 788 5598 ἐλθὼν,
827 5530 1023 5586 σαυτὸν
1055 5531 1316 5603 ἐπιγνῷς,
1358 5532 1455 5587 καὶ
1481 5532 1785 5601 καταγνοὺς

1806 4634 1857 4696 D

2150 4610 2339 4669 XLVII
2390 4638 2461 4649 —
2487 4600 2812 4661 LEON-IDJE
2840 4595 3195 4654 MONACHO.

1955 4708 2235 4780 Optimam
2288 4716 2435 4757 nunc
2464 4698 2718 4769 equidem
2757 4704 2843 4751 est
2864 4732 2880 4757 ,
2916 4690 3050 4746 illud
3081 4689 3179 4743 tibi
3209 4685 3464 4743 Ieremia:

1878 4801 2097 4860 edicere
2126 4817 2142 4854 :
2171 4816 2193 4851 ι
2224 4794 2270 4851 0
2296 4793 2497 4865 popule
2541 4791 2707 4846 stulte
2731 4794 2788 4843 et
2815 4799 3014 4841 excors
3042 4784 3110 4836 “.
3149 4800 3170 4833 ›
3207 4781 3459 4849 Namque

1878 4909 2004 4950 cum
2034 4905 2185 4962 opus,
2204 4898 2353 4945 esset
2376 4894 2431 4941 te
2455 4883 2657 4938 rubore
2686 4877 2930 4934 sullundi
2951 4917 2966 4941 ,
2999 4875 3071 4930 ob
3099 4889 3191 4929 res
3222 4887 3421 4943 pravas
3443 4910 3461 4935 ,

1880 4989 1939 5036 et
1962 4982 2185 5035 inanem
2227 4975 2461 5046 gloriam
2489 5014 2506 5038 ,
2558 4980 2611 5025 et
2651 4970 2851 5039 lingua:
2880 4964 3273 5037 petulantiam,
3328 4971 3465 5016 tunc

1882 5072 2141 5127 manibus
2170 5068 2388 5139 plaudis
2412 5104 2428 5131 ,
2464 5072 2523 5120 et
2553 5062 2686 5117 aliis
2716 5076 2812 5131 per
2845 5069 2899 5114 te
2928 5058 3227 5113 insolenter
3252 5055 3421 5127 gestis
3446 5092 3463 5119 ,

1883 5164 2147 5233 superbis
2173 5169 2229 5216 et
2269 5158 2571 5216 oblectat-is
2592 5196 2609 5223 ,
2657 5164 2712 5214 et
2748 5162 2877 5209 ante
2910 5152 3053 5208 alios
3080 5150 3258 5220 iactas
3279 5187 3294 5211 ,
3324 5158 3379 5203 et
3411 5154 3465 5202 te

1888 5255 2048 5326 139
2086 5253 2344 5311 laudibus
2394 5249 2558 5309 etl‘ers
2582 5291 2600 5317 ,
2632 5256 2687 5304 et
2715 5243 3220 5303 albundantioribus
3254 5253 3466 5326 praeco-

1884 5314 2272 5403 nii's'extollis.
2300 5314 2696 5400 Verumtamen
2735 5341 2936 5396 rubore
2965 5333 3304 5398 suffundere,
3335 5314 3464 5387 Ean-

1885 5449 2011 5497 ctus
2041 5439 2310 5511 prOpbeta
2357 5452 2428 5493 ex
2474 5449 2712 5507 persona
2742 5433 2837 5487 Dei
2881 5431 3085 5486 clamat
3117 5445 3132 5481 :
3177 5425 3245 5478 Et
3273 5423 3465 5491 accipe

1884 5534 2245 5605 opprobrium
2294 5540 2452 5588 tuum
2496 5529 2569 5599 ⁸⁸,
2622 5533 2685 5584 ιιι
2727 5525 2945 5582 tandem
2995 5517 3293 5592 aliquando
3338 5529 3464 5586 per-

189 5672 195 5685 .
248 5743 258 5746 -
290 5670 503 5746 u-Luc.
532 5672 698 5746 3.16;
738 5674 816 5706 “⁸⁷
844 5675 865 5730 I
895 5675 1023 5732 Cor.
1060 5693 1111 5742 ι,
1146 5677 1224 5732 Ιθ.
1302 5677 1346 5711 ⁵⁸
1378 5676 1399 5733 l
1430 5676 1668 5735 Timotb.
1694 5693 1756 5746 tt,

1916 5676 1962 5710 δ’
1984 5674 2120 5735 Luc.
2150 5691 2248 5742 vn,
2275 5673 2331 5732 6.
2361 5674 2408 5708 ”
2428 5672 2583 5730 Matt.
2612 5687 2736 5738 vui,
2765 5670 2855 5727 15.
2930 5670 2971 5703 ⁸³
3002 5668 3197 5735 Jcr.,v,
3238 5660 3329 5717 21.
3406 5658 3455 5689 ³⁵⁸

222 5743 415 5799 Ezeclt.
460 5758 567 5808 xvr,
618 5744 705 5799 5‘3.
