3888 6040
362 299 470 363 219

1855 300 1915 356 S.
1962 297 2124 356 NlLI

3491 277 3634 339 220

373 410 680 467 seutiscens
706 449 722 474 ,
756 416 808 464 te
836 409 1012 478 ipsum
1042 425 1366 479 cognoscas,
1387 419 1443 465 et
1472 421 1563 464 tua
1591 411 1938 477 improbitate

2060 411 2137 479 τῆς
2173 405 2368 460 σαυτοῦ
2403 400 2766 471 φαυλότητος,
2810 394 3042 465 δυνηθῇς
3085 389 3417 460 φωτισθῆναι
3442 405 3457 418 ο
3511 388 3635 454 δρ-

363 500 726 556 condemnata
755 500 937 569 possis
968 502 1286 556 illuminari.
1320 502 1562 572 Namque
1596 505 1787 554 animae
1819 517 1935 554 ma-

364 593 603 646 tutinum
651 599 736 646 est
774 601 1128 661 peccatorum
1173 595 1451 662 cognitio,
1499 603 1550 649 et
1597 597 1936 649 coudcnma-

365 685 444 738 tio
467 723 482 748 ,
522 692 576 739 et
614 684 807 740 salutis
843 685 1198 754 principium.

1039 775 1267 830 XLVIII.

443 865 552 919 Deo
584 874 733 920 tuam
771 866 1206 922 imbecillitatem
1261 867 1468 921 fateare
1491 908 1505 931 ,
1545 874 1606 920 ut
1640 866 1724 920 vis
1756 865 1944 937 gratiae

369 959 695 1026 splendeat,
736 969 790 1014 et
825 974 990 1029 supra
1019 969 1272 1014 naturam
1306 958 1530 1013 Domini
1558 958 1813 1013 voluntas
1851 959 1946 1013 mi-

370 1051 558 1103 racula
591 1051 813 1106 elliciat.

422 1160 608 1216 XLIX.
641 1162 1153 1223 —ALEXANDRO
1193 1161 1523 1218 MONACIIO
1563 1161 1651 1216 EX
1687 1161 1913 1217 GRAM-

1028 1232 1310 1287 MATICO.

447 1342 466 1374 ι
509 1322 733 1385 Venite,
772 1324 850 1378 ait
879 1325 1145 1395 propheta
1170 1366 1184 1389 ,
1223 1334 1280 1378 et
1313 1324 1682 1380 ascendamus
1711 1325 1765 1378 in
1791 1339 1950 1378 mon-

370 1421 478 1466 tcm
513 1413 722 1468 Domini
746 1417 818 1467 ⁸³.
871 1435 888 1466 ι
929 1415 1046 1470 Non
1084 1423 1266 1470 autem
1295 1456 1311 1480 ,
1349 1415 1540 1470 Venite
1571 1424 1626 1470 et
1670 1431 1771 1470 nos
1820 1429 1952 1485 pra?

380 1506 578 1573 cipitcs
611 1506 938 1573 dejiciamus
971 1508 1025 1560 in
1057 1507 1358 1562 adversarii
1394 1507 1712 1576 voraginem
1764 1526 1776 1561 :
1815 1507 1951 1561 nihil

373 1600 521 1651 enim
549 1637 563 1660 ,
622 1610 680 1653 ut
715 1615 903 1654 verum
958 1601 1154 1663 fatear,
1189 1600 1461 1668 terrigena
1507 1599 1774 1669 sapientia
1825 1615 1954 1670 pro-

2037 501 2064 553 θ
2075 517 2164 570 ρος
2187 498 2292 567 γὰρ
2320 495 2499 565 ψυχῆς
2525 488 2937 562 ἁμαρτημάτων
2985 483 3279 552 ἐπίγνωσις
3317 481 3411 533 καὶ
3434 479 3630 531 κατὰ·

2037 607 2260 660 γνωσις,
2292 587 2388 641 καὶ
2427 585 2569 655 ἀρχὴ
2598 578 2892 651 σωτηρίας.

2744 775 2888 829 ΜΗ’.

2120 871 2487 942 Ὀμολόγησον
2518 867 2596 938 τῷ
2630 866 2748 937 Θεῷ
2785 866 2881 936 τὴν
2929 861 3129 918 σαυτοῦ
3171 858 3486 922 ἀσθένειαν,
3522 855 3628 909 ἵνα

2041 964 2103 1018 τὺ
2152 962 2375 1018 δυνατὸν
2434 959 2690 1030 ἀστράψῃ
2743 957 2842 1026 τῆς
2891 955 3157 1026 χάριτος,
3207 951 3301 1003 καὶ
3353 948 3627 1001 ἐπέκεινα

2043 1053 2257 1123 φύσεως
2289 1051 2750 1122 θαυματουργήσῃ
2774 1047 2834 1100 τὸ
2870 1045 3194 1099 Δεσποτικδν
3225 1041 3493 1112 βούλημα.

2045 1164 2254 1222 ΜΘ’.-
2291 1161 2695 1231 ΑΛΕΞΑΝΔΡῼ
2755 1158 3042 1231 ΜΟΝᾼΧῼ

3105 1157 3243 1210 ΑΠΟ
3291 1152 3628 1207 ΓΡΑΜΜΑ-

2710 1229 2944 1282 ΤΙΚΩΝ.

2124 1345 2143 1379 ι
2177 1325 2341 1378 Δεῦτε
2367 1365 2381 1387 ,
2413 1324 2577 1392 φησὶν
2603 1324 2631 1376 6
2668 1321 2974 1391 προφήτης,
3009 1316 3102 1371 καὶ
3129 1314 3420 1384 ἀναδῶμεν
3446 1314 3528 1376 είς
3558 1310 3630 1362 τὸ

2050 1416 2173 1487 ὅρος
2209 1415 2302 1469 τοῦ
2341 1414 2565 1484 Κυρίου.
2605 1431 2625 1464 ι
2662 1410 2817 1480 Οὐχὶ,
2841 1407 3005 1461 Δεῦτε
3029 1448 3044 1470 ,
3099 1406 3193 1460 καὶ
3236 1417 3629 1473 κατακρημνι-

2054 1507 2270 1577 σθῶμεν
2317 1508 2396 1570 είς
2432 1504 2532 1576 τὴν
2577 1501 2672 1556 τοῦ
2717 1499 2913 1572 ἐχθροῦ
2960 1499 3239 1570 φάραγγα.
3296 1495 3458 1548 Οὐδὲν
3507 1494 3630 1561 γάρ

2053 1598 2266 1668 ἀληθῶς
2308 1598 2540 1667 ὑπάρχει
2583 1593 2892 1664 κοιλότερον
2935 1590 3035 1661 τῆς
3085 1588 3357 1659 κοσμικῆς
3401 1586 3625 1654 σοφίας,

375 1689 606 1745 ίιιιιιΙίιιε
631 1730 647 1750 .
679 1691 996 1760 depressius
1022 1733 1037 1757 ,
1079 1691 1382 1757 humilius;
1433 1691 1562 1746 licet
1610 1693 1953 1762 impudenter

2060 1691 2172 1744 οὺδέ
2214 1686 2636 1761 χθαμαλώτερόν
2665 1702 2723 1738 τε
2745 1724 2760 1747 ,
2792 1684 2888 1738 καὶ
2930 1678 3465 1752 χαμαιπετέστερον,
3513 1675 3629 1729 κᾶν

375 1781 511 1834 satis
559 1781 613 1833 in
665 1782 835 1834 altum
887 1783 1106 1835 volatus
1159 1782 1411 1836 attollere
1438 1797 1572 1836 suos
1605 1785 1948 1852 protiteatur.

2060 1781 2113 1843 ἐξ
2149 1751 2530 1851 ἀναισχυντίας
2546 1751 2823 1831 -ίπτᾶσθαι
3057 1771 3237 1842 ὑψηλά
3278 1767 3630 1837 ἐπαγγέλλη-

375 1857 720 1939 Quaproptcr
767 1871 992 1926 divinus
1048 1873 1227 1927 aiebat
1259 1872 1558 1941 Apostolus
1593 1890 1605 1926 :
1665 1891 1683 1923 ι
1723 1873 1954 1942 Sapien-

375 1961 505 2012 tiam
539 1961 727 2015 mundi
766 1962 934 2030 hujus
965 1980 1088 2019 esse
1119 1966 1408 2019 stultitiam
1436 1966 1579 2035 apud
1618 1963 1784 2019 Deum
1811 1966 1880 2020 “.
1929 1986 1948 2019 ι

376 2052 513 2106 Cum
546 2055 689 2107 enim
743 2055 983 2109 mundus
1014 2072 1110 2124 per
1155 2055 1482 2125 sapientiam
1529 2055 1694 2109 Deum
1723 2072 1829 2110 non
1861 2071 1956 2111 co-

375 2146 664 2216 gnovisset
683 2185 696 2210 ,
741 2145 887 2202 Deus
917 2147 1236 2216 sapientum
1262 2147 1546 2201 scientiam
1580 2147 1801 2201 stultam
1830 2149 1956 2203 red-

375 2235 558 2308 didit,
592 2237 813 2306 eloquio
851 2253 914 2291 ac
940 2238 1185 2293 dictione
1235 2239 1498 2303 rudibus,
1545 2241 1914 2308 cognitionem
1937 2280 1954 2306 ,

375 2307 432 2380 ἰιι
484 2341 591 2395 qua
636 2327 825 2382 nullus
875 2341 1031 2381 error
1079 2328 1496 2389 admittebatur,
1548 2307 1957 2399 possidentibus

376 2418 676 2485 apostolis,
733 2417 981 2472 subdens
1027 2419 1318 2473 universas
1361 2430 1589 2488 gentes,
1631 2431 1688 2476 et
1737 2436 1955 2477 omnem

374 2506 622 2577 linguam
669 2508 982 2563 Graecorum
1010 2517 1063 2564 et
1090 2510 1467 2565 barbarorum.
1490 2510 1626 2566 llinc
1643 2514 1958 2582 quicunque

377 2598 597 2668 pietatis
633 2599 970 2668 prteconium
1025 2600 1402 2670 amplectitur,
1435 2603 1566 2657 totis
1611 2603 1819 2657 viribus
1870 2604 1986 2656 in-‘

378 2689 590 2743 curnbit
615 2732 629 2755 ,
671 2690 1048 2758 apostolorum
1096 2691 1300 2760 regulis
1329 2692 1742 2763 obtemperans,
1775 2703 1832 2747 ut
1862 2709 1956 2748 eo-

380 2795 504 2832 rum
555 2780 778 2834 dicendi
827 2779 1059 2834 l'ormam
1093 2782 1364 2851 exquisite
1397 2793 1743 2853 assequatur,
1777 2786 1956 2840 nullo-

379 2886 484 2940 que
521 2870 679 2942 140
709 2871 868 2924 modo
903 2873 972 2926 ab
999 2888 1188 2926 eorum
1217 2872 1423 2928 illibata
1450 2876 1749 2931 traditione
1789 2876 1958 2932 deﬂe-

379 2971 510 3015 ctat.
573 2963 1040 3018 Absurdissimum
1091 2965 1276 3034 itaque
1307 2966 1510 3031 fuerit,
1568 2984 1706 3032 nos.
1759 2970 1851 3040 qui
1889 2971 1956 3024 ad

2052 1891 2162 1928 ται.
2207 1872 2298 1926 Διό
2331 1888 2496 1942 φησιν
2541 1871 2570 1923 6
2618 1869 2759 1934 θεῖος
2798 1865 3154 1930 Ἀπόστολος,
3187 1864 3271 1916 ότι
3301 1878 3322 1914 ι
3361 1853 3429 1915 Ἠ
3459 1859 3630 1928 σοφία

2052 1966 2145 2022 τοῦ
2191 1965 2398 2035 κόσμου
2442 1963 2634 2017 τούτου
2669 1960 2852 2031 μωρία
2898 1957 3052 2028 παρὰ
3093 1954 3172 2026 τῷ
3215 1952 3336 2024 Θεῷ
3381 1953 3551 2005 ἐστιν.
3597 1967 3622 2001 ι

2066 2058 2283 2129 Ἐπειδὴ
2307 2056 2415 2128 γὰρ
2440 2055 2468 2107 6
2495 2054 2698 2123 κόσμος
2745 2051 2849 2105 οὐκ
2884 2049 3030 2118 ἔγνω
3069 2047 3158 2101 διά
3182 2047 3284 2117 τῆς
3311 2043 3504 2112 σοφίας
3527 2040 3628 2093 τὸν

2053 2151 2203 2214 Θεὸν,
2235 2147 2515 2218 ἐμώρανεν
2539 2147 2568 2199 6
2607 2144 2739 2208 Θεὸς
2775 2142 2875 2212 τὴν
2911 2140 3102 2210 σοφίαν
3129 2138 3239 2193 τῶν
3267 2135 3467 2205 σοφῶν,
3506 2135 3632 2195 τοῖς

2058 2241 2291 2303 ἰδιώταις
2323 2239 2420 2308 μὲν
2447 2240 2514 2308 τῇ
2550 2235 2771 2307 φράσει,
2799 2233 2862 2287 τὸ
2887 2232 3222 2286 ἀδιάπτωτον
3247 2226 3305 2281 δέ
3337 2225 3477 2278 κατά
3518 2222 3628 2291 τὴν

2055 2332 2254 2400 γνῶσιν
2304 2328 2516 2399 ἔχουσιν
2568 2323 2888 2388 ἀποστόλοις
2912 2362 2928 2387 ,
2977 2318 3252 2384 ὑποτάξας
3301 2317 3410 2370 πᾶν
3444 2313 3626 2377 ἔθνος,

2056 2424 2152 2476 καὶ
2203 2423 2381 2475 πᾶσαν
2448 2417 2700 2488 γλῶσσαν
2739 2415 3006 2486 Ἑλλήνων
3033 2429 3126 2478 τε,
3168 2409 3263 2463 καὶ
3306 2405 3623 2478 βαρϐάρων.

2060 2513 2219 2566 Ὅθεν
2264 2512 2492 2575 ἕκαστος
2541 2509 2650 2564 τῶν
2700 2508 2779 2579 τῷ
2825 2505 3141 2579 κηρύγματι
3191 2502 3292 2573 τῆς
3343 2497 3627 2560 εὐσεϐείας

2057 2603 2418 2673 προσιόντων,
2470 2600 2709 2671 σπουδὴν
2757 2600 2939 2653 πᾶσαν
2987 2595 3225 2658 τίθεται,
3267 2593 3380 2653 τοῖς
3433 2588 3627 2642 κανόσι

2057 2692 2165 2747 τῶν
2208 2691 2519 2746 ἀποστόλων
2566 2691 2855 2759 ἑπόμενος,
2898 2687 2990 2741 τὸν
3036 2685 3258 2738 ἐκείνων
3297 2677 3630 2752 χαρακτῆρα

2060 2786 2154 2838 σὺν
2177 2782 2430 2854 ἀκριϐείᾳ
2455 2780 2759 2850 μιμεῖσθαι,
2782 2778 2877 2833 καὶ
2899 2777 3147 2849 μηδαμοῦ
3169 2768 3632 2844 παρατρέπεσθαι

2055 2878 2155 2946 τῆς
2182 2876 2407 2929 ἐκείνων
2432 2872 2664 2944 ἀμώμου
2694 2871 3063 2944 παραδόσεως.
3095 2868 3216 2921 Τῶν
3261 2865 3626 2920 ἀτοπωτάτων

2057 2969 2233 3022 τοίνυν
2282 2965 2348 3019 ἃν
2385 2963 2472 3035 εἴη
2499 3005 2514 3028 ,
2550 2962 2860 3033 προϐάντας
2890 2961 3037 3030 ἡμᾶς
3081 2957 3158 3027 τῷ
3203 2957 3317 3026 δρει
3350 2956 3452 3024 τῆς
3480 2953 3627 3008 κατὰ

381 3064 623 3108 montem
670 3056 903 3110 excelsae
936 3065 990 3109 et
1021 3055 1349 3112 Christiana:
1377 3058 1735 3129 philosophiae
1769 3075 1955 3115 ascen-

2060 3058 2292 3131 Χριστὸν
2348 3055 2559 3126 ὑψηλῆς
2613 3054 2959 3123 φιλοσοφίας,
3024 3050 3160 3122 μετά
3215 3048 3276 3103 τὸ
3328 3047 3624 3102 διαπτῦσαι

381 3144 568 3198 dimus
591 3187 606 3209 ,
642 3154 770 3215 post
802 3148 1086 3217 gentilium
1113 3149 1355 3217 ejuratas
1395 3152 1732 3220 praestigias,
1770 3161 1824 3208 et
1861 3170 1959 3207 eo-

381 3250 504 3288 rum
537 3237 814 3291 tumidum
861 3239 1078 3293 dicendi
1114 3257 1287 3306 genus
1327 3244 1676 3298 exsibilatum
1703 3285 1717 3309 ,
1767 3262 1958 3301 rursus

383 3321 449 3375 ad
481 3322 660 3378 inanis
690 3325 874 3394 gloriae
924 3329 1156 3398 vanique
1189 3330 1354 3389 studii
1388 3333 1957 3390 tenebricosissimam

382 3414 686 3468 convallem
741 3417 1035 3484 protrudi,
1086 3427 1142 3473 et
1191 3421 1477 3490 prudentia
1518 3423 1632 3491 jam
1689 3425 1959 3493 perfectos

384 3503 568 3557 denuo
615 3505 1034 3572 rejuvenescere
1057 3548 1072 3572 ,
1107 3518 1164 3564 et
1190 3511 1369 3564 instar
1409 3510 1800 3567 inlantulorum
1833 3529 1958 3569 car-

387 3590 568 3654 mina,
602 3592 929 3663 iambosque
953 3597 1173 3650 maximi
1205 3601 1478 3655 aestimare
1499 3641 1514 3666 ,
1551 3603 1748 3671 quibus
1776 3605 1958 3660 nullus

386 3682 652 3753 indiguit,
672 3701 851 3754 neque
882 3688 1075 3756 Apollo
1107 3690 1517 3749 Alexandrinus
1547 3693 1783 3751 disertus
1809 3739 1824 3762 ,
1857 3713 1958 3766 po-

388 3785 504 3827 tum
540 3775 747 3830 Christi
803 3777 1094 3848 discipulis
1141 3781 1442 3848 exhibens,
1493 3800 1672 3854 neque
1711 3787 1959 3844 Clemens

388 3863 666 3919 Romanus
714 3867 1109 3939 philosophus,
1162 3888 1338 3942 neque
1394 3879 1667 3932 innumeri
1714 3880 1804 3934 alii
1843 3896 1958 3934 ma-

391 3955 549 4026 gistri
585 3959 809 4012 virtutis
831 4000 846 4026 ,
899 3967 955 4014 et
1004 3965 1400 4031 grammatistae
1430 3968 1796 4037 apostolorum
1827 3986 1958 4025 suc-

387 4062 637 4101 cessores
684 4066 699 4114 ;
740 4066 808 4104 ne
839 4052 1032 4104 metris
1058 4062 1111 4107 et
1136 4055 1472 4112 carminibus
1494 4073 1712 4115 crucem
1747 4059 1959 4116 Domini

390 4148 726 4193 evacuarent
750 4181 764 4205 ,
799 4149 853 4195 et
896 4151 1087 4196 contra
1119 4143 1360 4201 divinam
1408 4149 1578 4218 legem
1602 4187 1621 4216 ,
1654 4151 1755 4205 mel
1797 4167 1960 4222 super

389 4227 564 4282 altare
591 4230 788 4284 oll'erre
805 4233 1341 4303 deprehenderentur
1377 4239 1444 4296 ".
1476 4259 1494 4291 ι
1521 4241 1622 4296 Mel
1650 4242 1794 4297 enim
1821 4260 1851 4298 e
1881 4245 1961 4298 la-

388 4317 495 4372 biis
517 4321 761 4376 mulieris
780 4326 1084 4381 meretricis
1102 4327 1331 4382 distillat
1348 4331 1412 4397 ",
1426 4351 1443 4382 ι
1457 4332 1556 4386 hoc
1575 4341 1659 4388 est
1673 4335 1958 4402 gentilium

2057 3153 2154 3222 τὴν
2193 3148 2509 3219 Ἑλληνικὴν
2552 3147 2840 3217 τερθρείαν
2867 3184 2884 3208 ,
2935 3143 3029 3198 καὶ
3060 3142 3323 3214 ἀτιμάσαι
3352 3141 3453 3211 τὴν
3483 3157 3622 3210 κομι-

2058 3241 2264 3314 πῳδίαν
2307 3239 2509 3303 αὐτῶν,
2555 3237 2716 3292 πάλιν
2749 3239 2827 3300 είς
2858 3236 2957 3307 τὴν
2988 3235 3087 3306 τῆς
3112 3232 3483 3304 κουφοδοξίας,
3528 3230 3624 3284 καὶ

2057 3334 2157 3402 τῆς
2191 3329 2584 3402 ματαιοπονίας
2628 3325 3033 3399 καταφέρεσθαι
3078 3324 3491 3395 σκοτεινοτάτην
3523 3324 3624 3391 φά-

2060 3442 2268 3496 ραγγα,
2315 3424 2410 3477 καὶ
2449 3424 2576 3486 τοὺς
2603 3421 2840 3484 τελείους
2881 3419 2980 3490 τὴν
3026 3417 3202 3489 φρένα
3235 3417 3397 3473 πάλιν
3425 3417 3621 3470 παιδα-

2061 3515 2354 3588 ριεύεσθαι,
2386 3513 2480 3568 καὶ
2506 3512 2661 3584 δίκην
2708 3511 3008 3584 μειρακίων
3056 3509 3187 3580 περὶ
3219 3507 3412 3563 πολλοῦ
3454 3510 3622 3560 ποιεῖ-

2059 3607 2182 3660 σθαι
2221 3607 2291 3661 τὰ
2338 3605 2478 3676 ἔπη,
2520 3605 2616 3658 καὶ⁹
2655 3604 2781 3668 τοὺς
2823 3603 3084 3675 ἰάμϐους,
3120 3594 3195 3656 ὧν
3233 3600 3422 3672 χρείαν
3447 3599 3622 3661 οὐδεὶς

2059 3695 2233 3767 ἔσχεν,
2264 3696 2365 3749 οὐκ
2412 3694 2682 3757 Ἀπολλὼς
2727 3695 2756 3746 6
2799 3691 3176 3761 Ἀλεξανδρεὺς
3202 3689 3380 3758 λόγιος
3413 3689 3442 3742 6
3473 3705 3621 3741 ποτι-

2060 3787 2190 3855 στὴς
2212 3786 2322 3839 τῶν
2349 3784 2584 3857 Χριστοῦ
2615 3783 2892 3854 μαθητῶν,
2923 3783 2982 3837 οὗ
3011 3782 3242 3852 Κλήμης
3267 3782 3296 3834 6
3338 3779 3632 3850 Ῥωμαίων»

2059 3877 2369 3947 φιλόσοφος,
2396 3877 2495 3930 οὐκ
2525 3875 2673 3930 ἄλλοι
2701 3876 2884 3946 μυρίοι
2909 3875 3210 3944 φιλόσοφοι,
3239 3872 3334 3927 καὶ
3357 3887 3618 3944 γραμμα-

2057 3968 2240 4021 τισταὶ
2283 3967 2525 4038 δεύτεροι
2555 3965 2666 4020 τῶν
2696 3965 3008 4019 ἀποστόλων
3054 3964 3370 4035 λεγόμενοι,
3411 3963 3500 4016 ἵνα
3548 3961 3618 4032 μὴ

2057 4059 2146 4114 διὰ
2193 4055 2286 4113 τοῦ
2338 4058 2570 4129 μέτρου,
2625 4056 2721 4110 καὶ
2760 4059 2859 4127 τῆς
2891 4057 3173 4119 ἐποποιῒας
3211 4054 3492 4110 κενώσωσι
3532 4053 3619 4106 τὸν

2059 4151 2287 4222 σταυρὸν
2318 4149 2412 4204 τοῦ
2443 4149 2651 4221 Κυρίου
2670 4187 2685 4210 ,
2733 4151 2826 4203 καὶ
2853 4148 3144 4220 φωραθῶσι
3173 4147 3322 4218 παρὰ
3358 4147 3448 4199 τὸν
3483 4145 3621 4198 θεῖον

2057 4245 2220 4315 νόμον
2270 4242 2333 4296 τὸ
2385 4241 2505 4311 μέλι
2537 4239 2901 4310 ἀναφέροντες
2944 4240 3038 4292 ἐπὶ⁸
3087 4239 3150 4292 τὸ
3217 4239 3615 4308 θυσιαστήριον.

2065 4356 2083 4388 ι
2107 4335 2245 4389 Μέλι
2277 4331 2386 4403 γὰρ
2405 4331 2698 4396 ἀποστάζει
2718 4330 3054 4401 ἀπὸχειλέων
3069 4331 3326 4399 γυναικὸς
3356 4329 3609 4401 πόρνης,ι

390 4412 683 4465 verborum
733 4424 930 4469 ornatu
959 4426 1015 4472 et
1047 4418 1340 4487 splendore
1365 4460 1381 4486 ,
1421 4439 1542 4492 qua:
1571 4425 1705 4480 satis
1731 4442 1955 4496 persua-

2060 4425 2259 4497 δηλαδὴ
2309 4425 2408 4494 τῆς
2449 4423 2716 4493 Ἑλλήνων
2740 4422 3127 4486 καλλιεπείας,
3181 4423 3303 4494 ῆτις
3356 4424 3421 4491 τῇ
3455 4419 3617 4490 πολλῇ

387 4503 550 4557 dente
599 4508 1000 4564 consuetudine
1026 4551 1041 4575 ,
1079 4511 1362 4582 decipiens
1419 4516 1586 4570 stulte
1633 4517 1918 4587 deceptum
1943 4557 1959 4583 ,

383 4601 452 4647 ut
480 4596 556 4647 ait
590 4595 844 4652 Salomon
866 4641 882 4665 ,
923 4601 1244 4674 laqueisque
1271 4621 1334 4660 ex
1369 4606 1530 4660 labiis
1560 4609 1766 4663 exortis
1807 4609 1962 4663 colli-

391 4695 527 4756 gat,
582 4704 646 4742 ac
694 4690 877 4745 divina
927 4694 1278 4765 philosophia
1307 4697 1635 4762 extrudens,
1689 4699 1744 4754 in
1782 4700 1959 4769 ipsum

2057 4517 2258 4588 πιθανῇ
2306 4516 2489 4586 ὁμιλίᾳ
2540 4513 2868 4582 ἐξαπατῶσα
2899 4513 2990 4567 τὸν
3048 4511 3447 4584 κομψευθέντα,
3483 4510 3624 4564 καθά

2057 4626 2222 4680 φησιν
2245 4609 2274 4661 ὁ
2297 4607 2569 4678 Σολομὼν,
2605 4609 2821 4680 βρόχοις
2847 4622 2906 4660 τε
2931 4607 3043 4669 τοῖς
3071 4605 3178 4660 ἀπὸ
3204 4602 3425 4675 χειλέων
3458 4620 3619 4656 κατα-

2063 4699 2271 4770 δεσμεῖ,
2306 4699 2399 4753 καὶ
2425 4699 2690 4764 ἐξοκεῖλαι
2743 4696 3208 4768 παρασκευάσασα
3237 4694 3337 4763 τῆς
3362 4694 3455 4746 τοῦ
3489 4693 3615 4746 Θεοῦ

391 4778 643 4847 laqueum
673 4789 728 4835 et
760 4782 814 4836 in
873 4785 1208 4854 profundum
1277 4787 1475 4842 inferni
1517 4790 1714 4845 misere
1746 4800 1955 4861 captum

2060 4789 2394 4861 φιλοσοφίας,
2423 4791 2505 4852 είς
2534 4790 2666 4842 αὐτὸ
2687 4790 2750 4841 τὸ
2781 4789 3067 4858 πέταυρον,
3099 4788 3194 4841 καὶ
3222 4789 3296 4849 είς
3331 4785 3492 4838 αὐτὸν
3525 4785 3619 4839 τὸν

389 4874 711 4941 praecipitat.
751 4875 827 4931 Ne
871 4877 1058 4947 itaque
1110 4880 1352 4935 numeris
1395 4881 1678 4946 attendas,
1723 4883 1852 4937 licet
1904 4883 1955 4936 in

2060 4882 2305 4953 πυθμένα
2346 4879 2441 4935 τοῦ
2492 4880 2619 4951 ᾆδον
2655 4878 3012 4942 καταϐιϐάζει
3053 4878 3146 4932 τὸν
3175 4876 3373 4939 ἀθλίως
3403 4875 3612 4930 ἁλόντα.

389 4977 486 5017 eos
515 4965 702 5018 animo
758 4971 1122 5038 propensiore
1162 4974 1241 5028 sis
1267 5010 1283 5036 ,
1321 4972 1595 5042 nimisque
1649 4974 1757 5030 illis
1803 4973 1962 5028 addi-

391 5064 516 5110 ctus
544 5097 559 5120 ,
613 5075 681 5114 ne
720 5059 968 5116 divinum
1023 5065 1398 5133 apostolorum
1427 5065 1796 5120 characterem
1828 5066 1963 5119 abo-

392 5146 544 5214 lens,
572 5167 731 5218 quem
765 5155 922 5209 avide
976 5155 1140 5211 nimis
1178 5164 1337 5211 antea
1361 5155 1665 5226 exprimere
1688 5158 1962 5227 elegeras,

392 5236 449 5290 in
493 5247 790 5294 extremam
838 5244 1242 5300 deformitatem
1277 5245 1486 5300 incidas
1509 5285 1527 5311 ,
1552 5254 1716 5316 atque
1745 5248 1964 5303 innote-

392 5341 516 5382 scas
543 5369 556 5390 ,
598 5347 790 5400 parum
824 5336 920 5391 tibi
952 5354 1098 5392 cura:
1123 5353 1246 5394 esse
1276 5340 1504 5394 salutem
1537 5349 1686 5395 tuam
1727 5352 1952 5411 propter

392 5418 632 5472 studium
679 5425 1023 5493 carminum;
1065 5427 1438 5496 prejudicium
1479 5444 1639 5494 vero,
1691 5440 1747 5485 et
1791 5437 1953 5500 typus

375 5514 446 5561 'et
475 5507 702 5579 laqueus
736 5514 858 5571 aliis
892 5515 990 5572 ﬁas
1015 5555 1031 5583 ,
1061 5519 1154 5590 qui
1203 5519 1592 5591 immorigerati
1621 5560 1638 5590 ,
1674 5520 1816 5576 viles
1870 5536 1957 5577 se-

464 5685 510 5717 "
556 5685 662 5742 Isa.
718 5704 778 5754 ιι,
835 5690 887 5746 5.
966 5693 1010 5724 ⁸⁸
1051 5693 1070 5748 I
1110 5693 1238 5751 Cor.
1281 5711 1362 5761 ιιι,
1402 5697 1486 5754 I9.

2057 4975 2149 5045 Μὴ
2185 4973 2365 5027 τοίνυν
2404 4970 2524 5025 θέλε
2557 4969 2913 5040 προσανέχειν
2935 4968 3013 5038 τῷ
3048 4968 3250 5039 μέτρῳ,
3278 4967 3383 5021 κᾶν
3418 4970 3467 5019 εί
3495 4966 3612 5019 λίαν

2059 5068 2195 5141 πρὸς
2224 5067 2354 5120 αὐτὸ
2400 5065 2686 5135 συνήθειαν
2718 5066 2813 5118 καὶ
2842 5063 3032 5134 ἵμερον
3075 5062 3374 5132 κέκτησαι,
3425 5060 3514 5114 ἶνα
3544 5059 3613 5130 μὴ

2059 5158 2326 5227 ἀφανίσας
2369 5155 2480 5208 τῶν
2512 5154 2706 5208 ἀλιέων
2741 5153 2834 5207 τὸν
2884 5153 3024 5205 θεῖον
3057 5151 3384 5223 χαρακτῆρα
3404 5190 3420 5216 ,
3452 5150 3613 5222 ὅνπερ

2063 5250 2160 5302 σὺν
2183 5248 2329 5318 πόθῳ
2364 5246 2542 5317 πολλῷ
2573 5246 2764 5318 πρώην
2789 5243 3164 5316 ἀναμάξασθαι
3197 5242 3454 5314 προείλω,
3485 5243 3612 5314 πρὸς

2061 5341 2160 5411 τὴν
2188 5340 2422 5410 ἐσχάτην
2463 5338 2562 5410 μὲν
2589 5338 2827 5411 ἐκπέσῃς
2853 5335 3127 5408 ἀμορφίαν
3149 5376 3165 5401 ,
3195 5335 3353 5405 δῆλος
3394 5333 3450 5387 δὲ
3489 5335 3611 5406 γένῃ

2061 5431 2274 5502 ἀμελῶν
2300 5432 2394 5500 τῆς
2435 5429 2633 5483 σαυτοῦ
2665 5429 2938 5496 σωτηρίας
2984 5426 3076 5480 διὰ
3112 5427 3209 5497 τῆς
3237 5426 3368 5497 περὶ
3408 5425 3477 5478 τά
3515 5427 3610 5494 ἔπη
3659 5455 3665 5458 -

2065 5523 2297 5594 σπουδῆς
2316 5563 2331 5590 ,
2364 5521 2648 5593 πρόκριμα
2689 5521 2747 5576 δέ
2771 5559 2788 5590 ,
2818 5522 2914 5576 καὶ
2949 5517 3118 5582 τύπος
3141 5556 3157 5585 ,
3199 5518 3294 5572 ml.
3320 5516 3487 5585 παγίς
3516 5515 3610 5568 δει-

1565 5695 1610 5729 ⁸⁸
1644 5693 1817 5754 Levit.
1852 5714 1912 5760 tt,
1949 5697 2143 5765 ll,12.
2217 5699 2264 5730 ³⁸
2286 5696 2445 5752 Prov.
2469 5711 2525 5762 v,
2548 5694 2602 5749 5.
