  <div class='ocr_page' id='page_1' title='image "/cluster/home/n/w/nwhite01/storage/ocr_20150623/79/hvd.32044010610517/118.png"; bbox 0 0 3888 6040; ppageno 0'>
   <div class='ocr_carea' id='block_1_1' title="bbox 76 306 1705 386">
    <p class='ocr_par' dir='ltr' id='par_1_1' title="bbox 76 306 1701 382">
     <span class='ocr_line' id='line_1_1' title="bbox 76 306 1701 382; baseline 0.001 -6"><span class='ocrx_word' id='word_1_1' title='bbox 76 306 201 376; x_wconf 66' lang='lat'><strong>231</strong></span> <span class='ocrx_word' id='word_1_2' title='bbox 318 308 325 311; x_wconf 49' lang='grc'><em>’</em></span> <span class='ocrx_word' id='word_1_3' title='bbox 1340 320 1701 382; x_wconf 69' lang='grc' dir='ltr'><strong>ΕΡΙδΤΟιΑ</strong></span> 
     </span>
    </p>
   </div>
   <div class='ocr_carea' id='block_1_2' title="bbox 1817 306 3401 386">
    <p class='ocr_par' dir='ltr' id='par_1_2' title="bbox 1822 314 3401 386">
     <span class='ocr_line' id='line_1_2' title="bbox 1822 314 3401 386; baseline 0.005 -8"><span class='ocrx_word' id='word_1_4' title='bbox 1822 319 1877 377; x_wconf 82' lang='grc' dir='ltr'><strong>Μ</strong></span> <span class='ocrx_word' id='word_1_5' title='bbox 1918 323 2064 383; x_wconf 86' lang='lat' dir='ltr'><strong>LIB.</strong></span> <span class='ocrx_word' id='word_1_6' title='bbox 2108 325 2191 385; x_wconf 94' lang='lat' dir='ltr'><strong>II.</strong></span> <span class='ocrx_word' id='word_1_7' title='bbox 3294 314 3401 386; x_wconf 67' lang='lat'><strong>222</strong></span> 
     </span>
    </p>
   </div>
   <div class='ocr_carea' id='block_1_3' title="bbox 75 398 1705 505">
    <p class='ocr_par' dir='ltr' id='par_1_3' title="bbox 75 424 1705 505">
     <span class='ocr_line' id='line_1_3' title="bbox 75 424 1705 505; baseline 0.006 -28"><span class='ocrx_word' id='word_1_8' title='bbox 75 424 313 495; x_wconf 72' lang='grc' dir='ltr'>χθείης</span> <span class='ocrx_word' id='word_1_9' title='bbox 356 430 578 495; x_wconf 72' lang='grc' dir='ltr'>ἄλλοις,</span> <span class='ocrx_word' id='word_1_10' title='bbox 626 430 812 484; x_wconf 80' lang='grc' dir='ltr'>ὁπόσοι</span> <span class='ocrx_word' id='word_1_11' title='bbox 841 431 1100 493; x_wconf 75' lang='grc' dir='ltr'>ἄτακτοι,</span> <span class='ocrx_word' id='word_1_12' title='bbox 1146 433 1240 486; x_wconf 73' lang='grc' dir='ltr'><strong>καὶ</strong></span> <span class='ocrx_word' id='word_1_13' title='bbox 1284 436 1583 505; x_wconf 70' lang='grc' dir='ltr'>συρφετοὶ,</span> <span class='ocrx_word' id='word_1_14' title='bbox 1617 436 1705 487; x_wconf 63' lang='grc' dir='ltr'>καὶ</span> 
     </span>
    </p>
   </div>
   <div class='ocr_carea' id='block_1_4' title="bbox 1817 398 3398 505">
    <p class='ocr_par' dir='ltr' id='par_1_4' title="bbox 1817 422 3398 501">
     <span class='ocr_line' id='line_1_4' title="bbox 1817 422 3398 501; baseline 0.007 -18"><span class='ocrx_word' id='word_1_15' title='bbox 1817 444 2058 501; x_wconf 82' lang='lat' dir='ltr'><strong>gnesque</strong></span> <span class='ocrx_word' id='word_1_16' title='bbox 2083 448 2206 486; x_wconf 92' lang='lat' dir='ltr'><strong>cum</strong></span> <span class='ocrx_word' id='word_1_17' title='bbox 2230 433 2361 500; x_wconf 86' lang='lat' dir='ltr'><strong>sint,</strong></span> <span class='ocrx_word' id='word_1_18' title='bbox 2398 432 2601 487; x_wconf 88' lang='lat' dir='ltr'><strong>nullam</strong></span> <span class='ocrx_word' id='word_1_19' title='bbox 2628 422 2847 489; x_wconf 80' lang='lat' dir='ltr'><strong>virtutis</strong></span> <span class='ocrx_word' id='word_1_20' title='bbox 2884 434 3148 488; x_wconf 88' lang='lat' dir='ltr'><strong>rationem</strong></span> <span class='ocrx_word' id='word_1_21' title='bbox 3177 434 3398 494; x_wconf 66' lang='lat' dir='ltr'><strong>habent.</strong></span> 
     </span>
    </p>
   </div>
   <div class='ocr_carea' id='block_1_5' title="bbox 75 519 1705 597">
    <p class='ocr_par' dir='ltr' id='par_1_5' title="bbox 75 519 1705 597">
     <span class='ocr_line' id='line_1_5' title="bbox 75 519 1705 597; baseline 0.006 -27"><span class='ocrx_word' id='word_1_22' title='bbox 75 519 335 586; x_wconf 76' lang='grc' dir='ltr'>βλάκες</span> <span class='ocrx_word' id='word_1_23' title='bbox 360 524 726 593; x_wconf 74' lang='grc' dir='ltr'>ὑπάρχοντες,</span> <span class='ocrx_word' id='word_1_24' title='bbox 753 524 1012 593; x_wconf 81' lang='grc' dir='ltr'>οὐδεμίαν</span> <span class='ocrx_word' id='word_1_25' title='bbox 1036 525 1092 577; x_wconf 80' lang='grc' dir='ltr'>δὲ</span> <span class='ocrx_word' id='word_1_26' title='bbox 1116 526 1370 595; x_wconf 75' lang='grc' dir='ltr'><strong>φροντίδα</strong></span> <span class='ocrx_word' id='word_1_27' title='bbox 1397 526 1498 594; x_wconf 88' lang='grc' dir='ltr'><strong>τῆς</strong></span> <span class='ocrx_word' id='word_1_28' title='bbox 1520 527 1705 597; x_wconf 77' lang='grc' dir='ltr'>ἀρετῆς</span> 
     </span>
    </p>
   </div>
   <div class='ocr_carea' id='block_1_6' title="bbox 1817 519 3398 597">
    <p class='ocr_par' dir='ltr' id='par_1_6' title="bbox 1824 524 3398 597">
     <span class='ocr_line' id='line_1_6' title="bbox 1824 524 3398 597; baseline 0.003 -20"><span class='ocrx_word' id='word_1_29' title='bbox 1824 524 1919 577; x_wconf 89' lang='lat' dir='ltr'><strong>sed</strong></span> <span class='ocrx_word' id='word_1_30' title='bbox 1953 525 2212 580; x_wconf 90' lang='lat' dir='ltr'><strong>omnibus</strong></span> <span class='ocrx_word' id='word_1_31' title='bbox 2238 527 2361 581; x_wconf 73' lang='lat' dir='ltr'><strong>vita:</strong></span> <span class='ocrx_word' id='word_1_32' title='bbox 2392 542 2507 582; x_wconf 64' lang='lat' dir='ltr'><strong>suae</strong></span> <span class='ocrx_word' id='word_1_33' title='bbox 2538 526 2736 582; x_wconf 85' lang='lat' dir='ltr'><strong>diebus</strong></span> <span class='ocrx_word' id='word_1_34' title='bbox 2761 529 2907 581; x_wconf 84' lang='lat' dir='ltr'><strong>circa</strong></span> <span class='ocrx_word' id='word_1_35' title='bbox 2950 527 3066 581; x_wconf 79' lang='lat' dir='ltr'><strong>haec</strong></span> <span class='ocrx_word' id='word_1_36' title='bbox 3094 528 3398 597; x_wconf 84' lang='lat' dir='ltr'><strong>ineptiunt,</strong></span> 
     </span>
    </p>
   </div>
   <div class='ocr_carea' id='block_1_7' title="bbox 74 608 1705 690">
    <p class='ocr_par' dir='ltr' id='par_1_7' title="bbox 74 608 1705 688">
     <span class='ocr_line' id='line_1_7' title="bbox 74 608 1705 688; baseline 0.005 -26"><span class='ocrx_word' id='word_1_37' title='bbox 74 608 388 680; x_wconf 76' lang='grc' dir='ltr'>ἔχουσιν,</span> <span class='ocrx_word' id='word_1_38' title='bbox 419 614 546 678; x_wconf 82' lang='grc' dir='ltr'>ὅλας</span> <span class='ocrx_word' id='word_1_39' title='bbox 575 616 632 668; x_wconf 87' lang='grc' dir='ltr'>δὲ</span> <span class='ocrx_word' id='word_1_40' title='bbox 664 614 763 678; x_wconf 81' lang='grc' dir='ltr'><strong>τὰς</strong></span> <span class='ocrx_word' id='word_1_41' title='bbox 805 616 1018 685; x_wconf 73' lang='grc' dir='ltr'>ἡμέρας</span> <span class='ocrx_word' id='word_1_42' title='bbox 1060 615 1159 685; x_wconf 87' lang='grc' dir='ltr'><strong>τῆς</strong></span> <span class='ocrx_word' id='word_1_43' title='bbox 1194 615 1340 688; x_wconf 79' lang='grc' dir='ltr'>ζωῆς</span> <span class='ocrx_word' id='word_1_44' title='bbox 1386 618 1515 688; x_wconf 76' lang='grc' dir='ltr'>περὶ</span> <span class='ocrx_word' id='word_1_45' title='bbox 1548 616 1705 670; x_wconf 73' lang='grc' dir='ltr'>ταῦτα</span> 
     </span>
    </p>
   </div>
   <div class='ocr_carea' id='block_1_8' title="bbox 1817 608 3399 690">
    <p class='ocr_par' dir='ltr' id='par_1_8' title="bbox 1823 615 3399 690">
     <span class='ocr_line' id='line_1_8' title="bbox 1823 615 3399 690; baseline 0.003 -21"><span class='ocrx_word' id='word_1_46' title='bbox 1823 631 1917 685; x_wconf 88' lang='lat' dir='ltr'><strong>per</strong></span> <span class='ocrx_word' id='word_1_47' title='bbox 1945 615 2099 687; x_wconf 59' lang='lat'><strong>151</strong></span> <span class='ocrx_word' id='word_1_48' title='bbox 2133 619 2526 673; x_wconf 78' lang='lat' dir='ltr'><strong>exsecrandam</strong></span> <span class='ocrx_word' id='word_1_49' title='bbox 2553 657 2569 680; x_wconf 96' lang='lat'><strong>,</strong></span> <span class='ocrx_word' id='word_1_50' title='bbox 2602 633 2798 672; x_wconf 87' lang='lat' dir='ltr'><strong>vanam</strong></span> <span class='ocrx_word' id='word_1_51' title='bbox 2841 629 2895 673; x_wconf 87' lang='lat' dir='ltr'><strong>et</strong></span> <span class='ocrx_word' id='word_1_52' title='bbox 2926 619 3139 673; x_wconf 88' lang='lat' dir='ltr'><strong>inanem</strong></span> <span class='ocrx_word' id='word_1_53' title='bbox 3172 620 3399 690; x_wconf 85' lang='lat' dir='ltr'><strong>gloriam</strong></span> 
     </span>
    </p>
   </div>
   <div class='ocr_carea' id='block_1_9' title="bbox 74 704 1720 779">
    <p class='ocr_par' dir='ltr' id='par_1_9' title="bbox 74 704 1720 779">
     <span class='ocr_line' id='line_1_9' title="bbox 74 704 1720 779; baseline 0.004 -25"><span class='ocrx_word' id='word_1_54' title='bbox 74 704 515 777; x_wconf 79' lang='grc' dir='ltr'>ἁδολεσχοῦσι,</span> <span class='ocrx_word' id='word_1_55' title='bbox 544 707 633 761; x_wconf 84' lang='grc' dir='ltr'><strong>διὰ</strong></span> <span class='ocrx_word' id='word_1_56' title='bbox 656 709 753 777; x_wconf 86' lang='grc' dir='ltr'><strong>τῆς</strong></span> <span class='ocrx_word' id='word_1_57' title='bbox 781 707 1076 777; x_wconf 76' lang='grc' dir='ltr'>ἐπαράτου,</span> <span class='ocrx_word' id='word_1_58' title='bbox 1106 709 1198 760; x_wconf 79' lang='grc' dir='ltr'>καὶ</span> <span class='ocrx_word' id='word_1_59' title='bbox 1222 708 1720 779; x_wconf 85' lang='grc' dir='ltr'>παρασεσυρμένης</span> 
     </span>
    </p>
   </div>
   <div class='ocr_carea' id='block_1_10' title="bbox 75 797 1719 872">
    <p class='ocr_par' dir='ltr' id='par_1_10' title="bbox 75 797 1719 872">
     <span class='ocr_line' id='line_1_10' title="bbox 75 797 1719 872; baseline 0.003 -23"><span class='ocrx_word' id='word_1_60' title='bbox 75 797 473 865; x_wconf 78' lang='grc' dir='ltr'>κενοδοξίας,</span> <span class='ocrx_word' id='word_1_61' title='bbox 502 801 595 855; x_wconf 74' lang='grc' dir='ltr'>τὸν</span> <span class='ocrx_word' id='word_1_62' title='bbox 628 800 827 872; x_wconf 80' lang='grc' dir='ltr'>μικρὸν</span> <span class='ocrx_word' id='word_1_63' title='bbox 861 801 1024 871; x_wconf 76' lang='grc' dir='ltr'>ἄρτον</span> <span class='ocrx_word' id='word_1_64' title='bbox 1050 801 1159 853; x_wconf 82' lang='grc' dir='ltr'>τῶν</span> <span class='ocrx_word' id='word_1_65' title='bbox 1188 801 1385 868; x_wconf 79' lang='grc' dir='ltr'>ὀλίγων</span> <span class='ocrx_word' id='word_1_66' title='bbox 1414 799 1719 871; x_wconf 83' lang='grc' dir='ltr'>ἀνθρώπων</span> 
     </span>
    </p>
   </div>
   <div class='ocr_carea' id='block_1_11' title="bbox 76 889 1717 963">
    <p class='ocr_par' dir='ltr' id='par_1_11' title="bbox 76 889 1717 963">
     <span class='ocr_line' id='line_1_11' title="bbox 76 889 1717 963; baseline 0.004 -24"><span class='ocrx_word' id='word_1_67' title='bbox 76 889 391 943; x_wconf 64' lang='grc' dir='ltr'>ἐπαινεῖν</span> <span class='ocrx_word' id='word_1_68' title='bbox 442 890 605 962; x_wconf 88' lang='grc' dir='ltr'>δῆθεν</span> <span class='ocrx_word' id='word_1_69' title='bbox 662 892 1156 963; x_wconf 81' lang='grc' dir='ltr'>προαιρουμένων,</span> <span class='ocrx_word' id='word_1_70' title='bbox 1195 891 1580 963; x_wconf 67' lang='grc' dir='ltr'>δουλοπρεπιῖκ</span> <span class='ocrx_word' id='word_1_71' title='bbox 1635 910 1717 959; x_wconf 83' lang='grc' dir='ltr'><strong>τε,</strong></span> 
     </span>
    </p>
   </div>
   <div class='ocr_carea' id='block_1_12' title="bbox 77 981 1720 1057">
    <p class='ocr_par' dir='ltr' id='par_1_12' title="bbox 77 981 1720 1057">
     <span class='ocr_line' id='line_1_12' title="bbox 77 981 1720 1057; baseline 0.003 -25"><span class='ocrx_word' id='word_1_72' title='bbox 77 981 193 1033; x_wconf 76' lang='grc' dir='ltr'>καὶ</span> <span class='ocrx_word' id='word_1_73' title='bbox 232 984 410 1050; x_wconf 78' lang='grc' dir='ltr'>ἄγαν</span> <span class='ocrx_word' id='word_1_74' title='bbox 444 984 840 1057; x_wconf 77' lang='grc' dir='ltr'>βρεφοπρεπῶς</span> <span class='ocrx_word' id='word_1_75' title='bbox 885 985 1253 1055; x_wconf 73' lang='grc' dir='ltr'><strong>κομιζόμενοι,</strong></span> <span class='ocrx_word' id='word_1_76' title='bbox 1288 986 1347 1050; x_wconf 81' lang='grc' dir='ltr'>ἐξ</span> <span class='ocrx_word' id='word_1_77' title='bbox 1374 981 1436 1040; x_wconf 75' lang='grc' dir='ltr'><strong>οὗ</strong></span> <span class='ocrx_word' id='word_1_78' title='bbox 1469 985 1543 1055; x_wconf 81' lang='grc' dir='ltr'>μὴ</span> <span class='ocrx_word' id='word_1_79' title='bbox 1582 1002 1720 1056; x_wconf 83' lang='grc' dir='ltr'>τρα-</span> 
     </span>
    </p>
   </div>
   <div class='ocr_carea' id='block_1_13' title="bbox 79 1074 1718 1146">
    <p class='ocr_par' dir='ltr' id='par_1_13' title="bbox 79 1074 1718 1146">
     <span class='ocr_line' id='line_1_13' title="bbox 79 1074 1718 1146; baseline -0.001 -19"><span class='ocrx_word' id='word_1_80' title='bbox 79 1075 408 1143; x_wconf 74' lang='grc' dir='ltr'>φήσονται</span> <span class='ocrx_word' id='word_1_81' title='bbox 450 1077 511 1129; x_wconf 84' lang='grc' dir='ltr'><strong>τὺ</strong></span> <span class='ocrx_word' id='word_1_82' title='bbox 568 1076 790 1130; x_wconf 84' lang='grc' dir='ltr'>σύνολον</span> <span class='ocrx_word' id='word_1_83' title='bbox 838 1077 936 1145; x_wconf 81' lang='grc' dir='ltr'>τὴν</span> <span class='ocrx_word' id='word_1_84' title='bbox 973 1077 1184 1146; x_wconf 79' lang='grc' dir='ltr'>ψυχὴν,</span> <span class='ocrx_word' id='word_1_85' title='bbox 1228 1075 1365 1130; x_wconf 83' lang='grc' dir='ltr'>ἀλλὰ</span> <span class='ocrx_word' id='word_1_86' title='bbox 1413 1076 1507 1129; x_wconf 78' lang='grc' dir='ltr'>καὶ</span> <span class='ocrx_word' id='word_1_87' title='bbox 1546 1074 1718 1145; x_wconf 83' lang='grc' dir='ltr'>λιμώ-</span> 
     </span>
    </p>
   </div>
   <div class='ocr_carea' id='block_1_14' title="bbox 80 1163 1719 1239">
    <p class='ocr_par' dir='ltr' id='par_1_14' title="bbox 80 1163 1719 1239">
     <span class='ocr_line' id='line_1_14' title="bbox 80 1163 1719 1239; baseline 0.003 -23"><span class='ocrx_word' id='word_1_88' title='bbox 80 1163 345 1228; x_wconf 78' lang='grc' dir='ltr'>ξουσιν.</span> <span class='ocrx_word' id='word_1_89' title='bbox 379 1168 509 1221; x_wconf 81' lang='grc' dir='ltr'>Δέον</span> <span class='ocrx_word' id='word_1_90' title='bbox 542 1166 651 1239; x_wconf 87' lang='grc' dir='ltr'><strong>γὰρ</strong></span> <span class='ocrx_word' id='word_1_91' title='bbox 678 1168 909 1238; x_wconf 76' lang='grc' dir='ltr'>ζητῆσαι.</span> <span class='ocrx_word' id='word_1_92' title='bbox 940 1167 1091 1239; x_wconf 82' lang='grc' dir='ltr'>παρὰ</span> <span class='ocrx_word' id='word_1_93' title='bbox 1124 1166 1220 1221; x_wconf 86' lang='grc' dir='ltr'><strong>τοῦ</strong></span> <span class='ocrx_word' id='word_1_94' title='bbox 1248 1167 1384 1221; x_wconf 90' lang='grc' dir='ltr'>Θεοῦ</span> <span class='ocrx_word' id='word_1_95' title='bbox 1414 1167 1522 1221; x_wconf 85' lang='grc' dir='ltr'>τῶν</span> <span class='ocrx_word' id='word_1_96' title='bbox 1554 1167 1719 1221; x_wconf 81' lang='grc' dir='ltr'>δυνά-</span> 
     </span>
    </p>
   </div>
   <div class='ocr_carea' id='block_1_15' title="bbox 83 1258 1713 1331">
    <p class='ocr_par' dir='ltr' id='par_1_15' title="bbox 83 1258 1713 1331">
     <span class='ocr_line' id='line_1_15' title="bbox 83 1258 1713 1331; baseline 0 -22"><span class='ocrx_word' id='word_1_97' title='bbox 83 1274 301 1326; x_wconf 83' lang='grc' dir='ltr'>μεων,</span> <span class='ocrx_word' id='word_1_98' title='bbox 363 1260 461 1313; x_wconf 73' lang='grc' dir='ltr'>καὶ</span> <span class='ocrx_word' id='word_1_99' title='bbox 491 1259 650 1329; x_wconf 82' lang='grc' dir='ltr'><strong>δόξης</strong></span> <span class='ocrx_word' id='word_1_100' title='bbox 683 1258 943 1330; x_wconf 81' lang='grc' dir='ltr'><strong>ἀληθοῦς,</strong></span> <span class='ocrx_word' id='word_1_101' title='bbox 977 1260 1072 1313; x_wconf 80' lang='grc' dir='ltr'>καὶ</span> <span class='ocrx_word' id='word_1_102' title='bbox 1106 1260 1273 1331; x_wconf 83' lang='grc' dir='ltr'>τιμῆς</span> <span class='ocrx_word' id='word_1_103' title='bbox 1302 1258 1484 1330; x_wconf 82' lang='grc' dir='ltr'><strong>πλήρη</strong></span> <span class='ocrx_word' id='word_1_104' title='bbox 1516 1259 1713 1327; x_wconf 76' lang='grc' dir='ltr'>ἄρτονο</span> 
     </span>
    </p>
   </div>
   <div class='ocr_carea' id='block_1_16' title="bbox 80 1348 1720 1423">
    <p class='ocr_par' dir='ltr' id='par_1_16' title="bbox 80 1348 1720 1423">
     <span class='ocr_line' id='line_1_16' title="bbox 80 1348 1720 1423; baseline 0.001 -22"><span class='ocrx_word' id='word_1_105' title='bbox 80 1349 140 1401; x_wconf 70' lang='grc' dir='ltr'><strong>οἱ</strong></span> <span class='ocrx_word' id='word_1_106' title='bbox 194 1348 272 1404; x_wconf 78' lang='grc' dir='ltr'>δὲ</span> <span class='ocrx_word' id='word_1_107' title='bbox 312 1352 637 1406; x_wconf 79' lang='grc' dir='ltr'>τούναντίον</span> <span class='ocrx_word' id='word_1_108' title='bbox 674 1352 1035 1423; x_wconf 82' lang='grc' dir='ltr'>πράττουσιν,</span> <span class='ocrx_word' id='word_1_109' title='bbox 1089 1353 1153 1406; x_wconf 87' lang='grc' dir='ltr'><strong>ἐκ</strong></span> <span class='ocrx_word' id='word_1_110' title='bbox 1203 1351 1476 1422; x_wconf 80' lang='grc' dir='ltr'><strong>κοσμικῆς</strong></span> <span class='ocrx_word' id='word_1_111' title='bbox 1528 1351 1720 1419; x_wconf 79' lang='grc' dir='ltr'>σοφίας</span> 
     </span>
    </p>
   </div>
   <div class='ocr_carea' id='block_1_17' title="bbox 84 1442 1719 1516">
    <p class='ocr_par' dir='ltr' id='par_1_17' title="bbox 84 1442 1719 1516">
     <span class='ocr_line' id='line_1_17' title="bbox 84 1442 1719 1516; baseline 0.007 -24"><span class='ocrx_word' id='word_1_112' title='bbox 84 1442 460 1511; x_wconf 73' lang='grc' dir='ltr'>ἀνωφελοῦς</span> <span class='ocrx_word' id='word_1_113' title='bbox 502 1444 739 1515; x_wconf 75' lang='grc' dir='ltr'>οἰόμενοι</span> <span class='ocrx_word' id='word_1_114' title='bbox 787 1443 1104 1515; x_wconf 80' lang='grc' dir='ltr'>τρέφεσθαι.</span> <span class='ocrx_word' id='word_1_115' title='bbox 1164 1445 1312 1516; x_wconf 83' lang='grc' dir='ltr'>Τιμὴ</span> <span class='ocrx_word' id='word_1_116' title='bbox 1355 1444 1413 1498; x_wconf 82' lang='grc' dir='ltr'>δὲ</span> <span class='ocrx_word' id='word_1_117' title='bbox 1459 1443 1719 1512; x_wconf 77' lang='grc' dir='ltr'>γυναικὸς</span> 
     </span>
    </p>
   </div>
   <div class='ocr_carea' id='block_1_18' title="bbox 84 1532 1719 1608">
    <p class='ocr_par' dir='ltr' id='par_1_18' title="bbox 84 1532 1719 1608">
     <span class='ocr_line' id='line_1_18' title="bbox 84 1532 1719 1608; baseline 0.007 -20"><span class='ocrx_word' id='word_1_118' title='bbox 84 1532 347 1605; x_wconf 79' lang='grc' dir='ltr'>πόρνης</span> <span class='ocrx_word' id='word_1_119' title='bbox 373 1536 508 1589; x_wconf 78' lang='grc' dir='ltr'>ὡσεὶ</span> <span class='ocrx_word' id='word_1_120' title='bbox 541 1537 633 1590; x_wconf 69' lang='grc' dir='ltr'>καὶ</span> <span class='ocrx_word' id='word_1_121' title='bbox 659 1537 977 1608; x_wconf 55' lang='grc' dir='ltr'>ἐνὸςνᾶρτου</span> <span class='ocrx_word' id='word_1_122' title='bbox 1000 1579 1016 1602; x_wconf 95' lang='grc'><strong>,</strong></span> <span class='ocrx_word' id='word_1_123' title='bbox 1052 1538 1281 1608; x_wconf 75' lang='grc' dir='ltr'>ἀτιμίας</span> <span class='ocrx_word' id='word_1_124' title='bbox 1309 1536 1593 1607; x_wconf 62' lang='grc' dir='ltr'>γέμοντας,</span> <span class='ocrx_word' id='word_1_125' title='bbox 1623 1535 1719 1589; x_wconf 62' lang='grc' dir='ltr'><strong>καὶ</strong></span> 
     </span>
    </p>
   </div>
   <div class='ocr_carea' id='block_1_19' title="bbox 84 1621 1719 1701">
    <p class='ocr_par' dir='ltr' id='par_1_19' title="bbox 84 1621 1719 1701">
     <span class='ocr_line' id='line_1_19' title="bbox 84 1621 1719 1701; baseline 0 -26"><span class='ocrx_word' id='word_1_126' title='bbox 84 1621 427 1687; x_wconf 78' lang='grc' dir='ltr'>ἀσθενείας</span> <span class='ocrx_word' id='word_1_127' title='bbox 454 1623 675 1701; x_wconf 86' lang='grc' dir='ltr'>πολλῆς.</span> <span class='ocrx_word' id='word_1_128' title='bbox 709 1626 781 1678; x_wconf 77' lang='grc' dir='ltr'><strong>Σὺ</strong></span> <span class='ocrx_word' id='word_1_129' title='bbox 811 1625 867 1679; x_wconf 79' lang='grc' dir='ltr'>δέ</span> <span class='ocrx_word' id='word_1_130' title='bbox 896 1642 960 1695; x_wconf 89' lang='grc' dir='ltr'><strong>γε</strong></span> <span class='ocrx_word' id='word_1_131' title='bbox 1004 1625 1097 1679; x_wconf 83' lang='grc' dir='ltr'>τὸν</span> <span class='ocrx_word' id='word_1_132' title='bbox 1144 1625 1254 1678; x_wconf 84' lang='grc' dir='ltr'><strong>τῶν</strong></span> <span class='ocrx_word' id='word_1_133' title='bbox 1281 1625 1394 1679; x_wconf 78' lang='grc' dir='ltr'>ἄνω</span> <span class='ocrx_word' id='word_1_134' title='bbox 1435 1622 1719 1692; x_wconf 74' lang='grc' dir='ltr'>δυνάμεων</span> 
     </span>
    </p>
   </div>
   <div class='ocr_carea' id='block_1_20' title="bbox 84 1713 1717 1787">
    <p class='ocr_par' dir='ltr' id='par_1_20' title="bbox 84 1713 1717 1787">
     <span class='ocr_line' id='line_1_20' title="bbox 84 1713 1717 1787; baseline -0.001 -20"><span class='ocrx_word' id='word_1_135' title='bbox 84 1714 295 1782; x_wconf 71' lang='grc' dir='ltr'>ἄρτον</span> <span class='ocrx_word' id='word_1_136' title='bbox 348 1715 617 1786; x_wconf 82' lang='grc' dir='ltr'>διηνεκῶς</span> <span class='ocrx_word' id='word_1_137' title='bbox 656 1716 881 1787; x_wconf 71' lang='grc' dir='ltr'>αἴτησον</span> <span class='ocrx_word' id='word_1_138' title='bbox 905 1733 920 1749; x_wconf 81' lang='grc'><em>’</em></span> <span class='ocrx_word' id='word_1_139' title='bbox 966 1717 1129 1787; x_wconf 78' lang='grc' dir='ltr'>ἄρτον</span> <span class='ocrx_word' id='word_1_140' title='bbox 1163 1716 1272 1785; x_wconf 78' lang='grc' dir='ltr'>γὰρ</span> <span class='ocrx_word' id='word_1_141' title='bbox 1310 1713 1573 1786; x_wconf 77' lang='grc' dir='ltr'>οὐρανοῦ,</span> <span class='ocrx_word' id='word_1_142' title='bbox 1623 1713 1717 1767; x_wconf 75' lang='grc' dir='ltr'>καὶ</span> 
     </span>
    </p>
   </div>
   <div class='ocr_carea' id='block_1_21' title="bbox 87 1807 1681 1878">
    <p class='ocr_par' dir='ltr' id='par_1_21' title="bbox 87 1807 1681 1878">
     <span class='ocr_line' id='line_1_21' title="bbox 87 1807 1681 1878; baseline -0.002 -17"><span class='ocrx_word' id='word_1_143' title='bbox 87 1807 289 1877; x_wconf 73' lang='grc' dir='ltr'>ἄρτον</span> <span class='ocrx_word' id='word_1_144' title='bbox 327 1808 581 1876; x_wconf 83' lang='grc' dir='ltr'>ἀγγέλων</span> <span class='ocrx_word' id='word_1_145' title='bbox 606 1808 805 1877; x_wconf 75' lang='grc' dir='ltr'>ἔφαγεν</span> <span class='ocrx_word' id='word_1_146' title='bbox 839 1808 1146 1878; x_wconf 75' lang='grc' dir='ltr'>ἄνθρωπος,</span> <span class='ocrx_word' id='word_1_147' title='bbox 1177 1828 1195 1860; x_wconf 86' lang='grc' dir='ltr'><strong>ι</strong></span> <span class='ocrx_word' id='word_1_148' title='bbox 1228 1810 1335 1871; x_wconf 80' lang='grc' dir='ltr'>πᾶς</span> <span class='ocrx_word' id='word_1_149' title='bbox 1364 1808 1513 1869; x_wconf 81' lang='grc' dir='ltr'>ὅστις</span> <span class='ocrx_word' id='word_1_150' title='bbox 1546 1807 1681 1859; x_wconf 88' lang='grc' dir='ltr'>πνεύ</span> 
     </span>
    </p>
   </div>
   <div class='ocr_carea' id='block_1_22' title="bbox 92 1899 1716 1972">
    <p class='ocr_par' dir='ltr' id='par_1_22' title="bbox 92 1899 1716 1972">
     <span class='ocr_line' id='line_1_22' title="bbox 92 1899 1716 1972; baseline 0 -21"><span class='ocrx_word' id='word_1_151' title='bbox 92 1916 250 1967; x_wconf 80' lang='grc' dir='ltr'>ματι</span> <span class='ocrx_word' id='word_1_152' title='bbox 292 1900 390 1972; x_wconf 77' lang='grc' dir='ltr'>ζῇ,</span> <span class='ocrx_word' id='word_1_153' title='bbox 412 1902 506 1956; x_wconf 75' lang='grc' dir='ltr'>καὶ</span> <span class='ocrx_word' id='word_1_154' title='bbox 538 1901 808 1970; x_wconf 82' lang='grc' dir='ltr'>πνεύματι</span> <span class='ocrx_word' id='word_1_155' title='bbox 838 1904 1060 1971; x_wconf 82' lang='grc' dir='ltr'>στοιχεί,</span> <span class='ocrx_word' id='word_1_156' title='bbox 1094 1920 1112 1953; x_wconf 77' lang='grc' dir='ltr'><strong>ι</strong></span> <span class='ocrx_word' id='word_1_157' title='bbox 1151 1902 1380 1963; x_wconf 75' lang='grc' dir='ltr'>καὶτοῖς</span> <span class='ocrx_word' id='word_1_158' title='bbox 1420 1899 1716 1968; x_wconf 82' lang='grc' dir='ltr'>ἐκκλησια-</span> 
     </span>
    </p>
   </div>
   <div class='ocr_carea' id='block_1_23' title="bbox 94 1989 1716 2063">
    <p class='ocr_par' dir='ltr' id='par_1_23' title="bbox 94 1989 1716 2063">
     <span class='ocr_line' id='line_1_23' title="bbox 94 1989 1716 2063; baseline -0.001 -18"><span class='ocrx_word' id='word_1_159' title='bbox 94 1995 343 2056; x_wconf 80' lang='grc' dir='ltr'>στικοτς</span> <span class='ocrx_word' id='word_1_160' title='bbox 374 1994 600 2063; x_wconf 75' lang='grc' dir='ltr'>θεσμοῖς</span> <span class='ocrx_word' id='word_1_161' title='bbox 634 1992 1037 2059; x_wconf 79' lang='grc' dir='ltr'>ἐξακολουθῶν,</span> <span class='ocrx_word' id='word_1_162' title='bbox 1073 1992 1173 2062; x_wconf 85' lang='grc' dir='ltr'><strong>τῆς</strong></span> <span class='ocrx_word' id='word_1_163' title='bbox 1204 1991 1398 2060; x_wconf 80' lang='grc' dir='ltr'>σοφίας</span> <span class='ocrx_word' id='word_1_164' title='bbox 1441 1990 1542 2059; x_wconf 88' lang='grc' dir='ltr'><strong>τῆς</strong></span> <span class='ocrx_word' id='word_1_165' title='bbox 1575 1989 1716 2044; x_wconf 80' lang='grc' dir='ltr'>ἄνω-</span> 
     </span>
    </p>
   </div>
   <div class='ocr_carea' id='block_1_24' title="bbox 96 2080 1712 2157">
    <p class='ocr_par' dir='ltr' id='par_1_24' title="bbox 96 2080 1712 2157">
     <span class='ocr_line' id='line_1_24' title="bbox 96 2080 1712 2157; baseline -0.001 -22"><span class='ocrx_word' id='word_1_166' title='bbox 96 2084 203 2136; x_wconf 84' lang='grc' dir='ltr'><strong>θεν</strong></span> <span class='ocrx_word' id='word_1_167' title='bbox 244 2087 675 2157; x_wconf 76' lang='grc' dir='ltr'>κατερχομένης</span> <span class='ocrx_word' id='word_1_168' title='bbox 710 2086 1068 2157; x_wconf 78' lang='grc' dir='ltr'>μετέσχηκεν.</span> <span class='ocrx_word' id='word_1_169' title='bbox 1106 2086 1307 2156; x_wconf 75' lang='grc' dir='ltr'>’Ἄρτον</span> <span class='ocrx_word' id='word_1_170' title='bbox 1334 2080 1427 2138; x_wconf 80' lang='grc' dir='ltr'>οὖν</span> <span class='ocrx_word' id='word_1_171' title='bbox 1459 2081 1712 2154; x_wconf 85' lang='grc' dir='ltr'>οὐρανοῦ,</span> 
     </span>
    </p>
   </div>
   <div class='ocr_carea' id='block_1_25' title="bbox 93 2174 1715 2248">
    <p class='ocr_par' dir='ltr' id='par_1_25' title="bbox 93 2174 1715 2248">
     <span class='ocr_line' id='line_1_25' title="bbox 93 2174 1715 2248; baseline -0.001 -21"><span class='ocrx_word' id='word_1_172' title='bbox 93 2175 207 2228; x_wconf 71' lang='grc' dir='ltr'>καὶ</span> <span class='ocrx_word' id='word_1_173' title='bbox 238 2176 426 2246; x_wconf 76' lang='grc' dir='ltr'>ἄρτον</span> <span class='ocrx_word' id='word_1_174' title='bbox 454 2177 700 2245; x_wconf 80' lang='grc' dir='ltr'>ἀγγέλων</span> <span class='ocrx_word' id='word_1_175' title='bbox 726 2215 740 2239; x_wconf 91' lang='grc'><strong>,</strong></span> <span class='ocrx_word' id='word_1_176' title='bbox 786 2179 888 2229; x_wconf 79' lang='grc' dir='ltr'>οὐκ</span> <span class='ocrx_word' id='word_1_177' title='bbox 937 2177 1101 2248; x_wconf 80' lang='grc' dir='ltr'>ἄρτον</span> <span class='ocrx_word' id='word_1_178' title='bbox 1130 2174 1387 2244; x_wconf 83' lang='grc' dir='ltr'>γυναικὸς</span> <span class='ocrx_word' id='word_1_179' title='bbox 1432 2175 1640 2245; x_wconf 85' lang='grc' dir='ltr'>πόρνης</span> <span class='ocrx_word' id='word_1_180' title='bbox 1687 2174 1715 2226; x_wconf 90' lang='grc' dir='ltr'><strong>ό</strong></span> 
     </span>
    </p>
   </div>
   <div class='ocr_carea' id='block_1_26' title="bbox 98 2266 1717 2339">
    <p class='ocr_par' dir='ltr' id='par_1_26' title="bbox 98 2266 1717 2339">
     <span class='ocr_line' id='line_1_26' title="bbox 98 2266 1717 2339; baseline -0.001 -20"><span class='ocrx_word' id='word_1_181' title='bbox 98 2268 393 2332; x_wconf 82' lang='grc' dir='ltr'>τοιοῦτος·</span> <span class='ocrx_word' id='word_1_182' title='bbox 428 2270 618 2322; x_wconf 85' lang='grc' dir='ltr'>ἐσθίει.</span> <span class='ocrx_word' id='word_1_183' title='bbox 662 2269 858 2322; x_wconf 69' lang='grc' dir='ltr'>Πολλοὶ</span> <span class='ocrx_word' id='word_1_184' title='bbox 908 2268 1017 2321; x_wconf 84' lang='grc' dir='ltr'>τῶν</span> <span class='ocrx_word' id='word_1_185' title='bbox 1062 2268 1356 2339; x_wconf 82' lang='grc' dir='ltr'>αίρετικῶν</span> <span class='ocrx_word' id='word_1_186' title='bbox 1401 2266 1572 2320; x_wconf 79' lang='grc' dir='ltr'>πολλὰ</span> <span class='ocrx_word' id='word_1_187' title='bbox 1602 2269 1717 2319; x_wconf 82' lang='grc' dir='ltr'>ἐπι-</span> 
     </span>
    </p>
   </div>
   <div class='ocr_carea' id='block_1_27' title="bbox 101 2360 1715 2432">
    <p class='ocr_par' dir='ltr' id='par_1_27' title="bbox 101 2360 1715 2432">
     <span class='ocr_line' id='line_1_27' title="bbox 101 2360 1715 2432; baseline 0.001 -21"><span class='ocrx_word' id='word_1_188' title='bbox 101 2360 460 2425; x_wconf 79' lang='grc' dir='ltr'>συνέταξαν,</span> <span class='ocrx_word' id='word_1_189' title='bbox 494 2360 605 2414; x_wconf 77' lang='grc' dir='ltr'>ἀλλ’</span> <span class='ocrx_word' id='word_1_190' title='bbox 629 2362 781 2415; x_wconf 81' lang='grc' dir='ltr'>οὐδὲν</span> <span class='ocrx_word' id='word_1_191' title='bbox 804 2361 1113 2431; x_wconf 81' lang='grc' dir='ltr'>ὠφέλησαν.</span> <span class='ocrx_word' id='word_1_192' title='bbox 1141 2363 1286 2415; x_wconf 87' lang='grc' dir='ltr'>Διότι</span> <span class='ocrx_word' id='word_1_193' title='bbox 1306 2362 1715 2432; x_wconf 80' lang='grc' dir='ltr'>ἀνεμοφθόρους</span> 
     </span>
    </p>
   </div>
   <div class='ocr_carea' id='block_1_28' title="bbox 103 2435 1714 2524">
    <p class='ocr_par' dir='ltr' id='par_1_28' title="bbox 103 2435 1714 2524">
     <span class='ocr_line' id='line_1_28' title="bbox 103 2435 1714 2524; baseline 0.002 -22"><span class='ocrx_word' id='word_1_194' title='bbox 103 2448 275 2519; x_wconf 74' lang='grc' dir='ltr'>εἶχον</span> <span class='ocrx_word' id='word_1_195' title='bbox 327 2451 458 2514; x_wconf 78' lang='grc' dir='ltr'>τοὺς</span> <span class='ocrx_word' id='word_1_196' title='bbox 501 2453 760 2523; x_wconf 86' lang='grc' dir='ltr'>στάχυας,</span> <span class='ocrx_word' id='word_1_197' title='bbox 804 2451 880 2516; x_wconf 84' lang='grc' dir='ltr'>ὥς</span> <span class='ocrx_word' id='word_1_198' title='bbox 907 2469 1072 2522; x_wconf 87' lang='grc' dir='ltr'>φησιν</span> <span class='ocrx_word' id='word_1_199' title='bbox 1101 2454 1129 2507; x_wconf 84' lang='grc' dir='ltr'><strong>ὁ</strong></span> <span class='ocrx_word' id='word_1_200' title='bbox 1158 2435 1463 2524; x_wconf 75' lang='grc' dir='ltr'>προφήτης,</span> <span class='ocrx_word' id='word_1_201' title='bbox 1495 2454 1714 2522; x_wconf 79' lang='grc' dir='ltr'>δράγμα</span> 
     </span>
    </p>
   </div>
   <div class='ocr_carea' id='block_1_29' title="bbox 101 2541 1713 2615">
    <p class='ocr_par' dir='ltr' id='par_1_29' title="bbox 101 2541 1713 2615">
     <span class='ocr_line' id='line_1_29' title="bbox 101 2541 1713 2615; baseline 0.006 -22"><span class='ocrx_word' id='word_1_202' title='bbox 101 2541 220 2594; x_wconf 72' lang='grc' dir='ltr'><strong>οὐκ</strong></span> <span class='ocrx_word' id='word_1_203' title='bbox 258 2542 394 2613; x_wconf 73' lang='grc' dir='ltr'>ἔχον</span> <span class='ocrx_word' id='word_1_204' title='bbox 441 2544 595 2614; x_wconf 74' lang='grc' dir='ltr'>ἰσχὺν</span> <span class='ocrx_word' id='word_1_205' title='bbox 639 2544 736 2597; x_wconf 89' lang='grc' dir='ltr'><strong>τοῦ</strong></span> <span class='ocrx_word' id='word_1_206' title='bbox 771 2546 993 2614; x_wconf 86' lang='grc' dir='ltr'>ποιῆσαι</span> <span class='ocrx_word' id='word_1_207' title='bbox 1028 2544 1273 2615; x_wconf 77' lang='grc' dir='ltr'>ἄλευρον.</span> <span class='ocrx_word' id='word_1_208' title='bbox 1312 2544 1374 2599; x_wconf 80' lang='lat' dir='ltr'><strong>Ei</strong></span> <span class='ocrx_word' id='word_1_209' title='bbox 1407 2545 1464 2598; x_wconf 82' lang='grc' dir='ltr'>δὲ</span> <span class='ocrx_word' id='word_1_210' title='bbox 1497 2545 1713 2613; x_wconf 80' lang='grc' dir='ltr'>θαυμά-</span> 
     </span>
    </p>
   </div>
   <div class='ocr_carea' id='block_1_30' title="bbox 36 2632 1712 2708">
    <p class='ocr_par' dir='ltr' id='par_1_30' title="bbox 36 2632 1712 2708">
     <span class='ocr_line' id='line_1_30' title="bbox 36 2632 1712 2708; baseline 0.004 -23"><span class='ocrx_word' id='word_1_211' title='bbox 36 2702 47 2705; x_wconf 21' lang='lat' dir='ltr'><strong>m</strong></span> <span class='ocrx_word' id='word_1_212' title='bbox 107 2632 239 2708; x_wconf 57' lang='grc' dir='ltr'>ζεις</span> <span class='ocrx_word' id='word_1_213' title='bbox 271 2635 408 2698; x_wconf 81' lang='grc' dir='ltr'>τοὺς</span> <span class='ocrx_word' id='word_1_214' title='bbox 435 2636 747 2706; x_wconf 71' lang='grc' dir='ltr'>γράφοντας</span> <span class='ocrx_word' id='word_1_215' title='bbox 775 2636 844 2689; x_wconf 83' lang='grc' dir='ltr'><strong>τὰ</strong></span> <span class='ocrx_word' id='word_1_216' title='bbox 885 2636 1012 2707; x_wconf 74' lang='grc' dir='ltr'>ἔπη,</span> <span class='ocrx_word' id='word_1_217' title='bbox 1052 2636 1171 2708; x_wconf 83' lang='grc' dir='ltr'>ὥρα</span> <span class='ocrx_word' id='word_1_218' title='bbox 1204 2653 1285 2690; x_wconf 90' lang='grc' dir='ltr'><strong>σοι</strong></span> <span class='ocrx_word' id='word_1_219' title='bbox 1317 2637 1414 2690; x_wconf 76' lang='grc' dir='ltr'>καὶ</span> <span class='ocrx_word' id='word_1_220' title='bbox 1462 2637 1712 2691; x_wconf 85' lang='grc' dir='ltr'>Ἀπολλι-</span> 
     </span>
    </p>
   </div>
   <div class='ocr_carea' id='block_1_31' title="bbox 106 2725 1713 2799">
    <p class='ocr_par' dir='ltr' id='par_1_31' title="bbox 106 2725 1713 2799">
     <span class='ocr_line' id='line_1_31' title="bbox 106 2725 1713 2799; baseline 0.006 -26"><span class='ocrx_word' id='word_1_221' title='bbox 106 2725 321 2796; x_wconf 56' lang='grc' dir='ltr'>νάρίιον</span> <span class='ocrx_word' id='word_1_222' title='bbox 342 2727 436 2780; x_wconf 78' lang='grc' dir='ltr'>τὸν</span> <span class='ocrx_word' id='word_1_223' title='bbox 468 2727 705 2797; x_wconf 82' lang='grc' dir='ltr'>δυσσεϐῆ</span> <span class='ocrx_word' id='word_1_224' title='bbox 729 2731 823 2782; x_wconf 73' lang='grc' dir='ltr'>καὶ</span> <span class='ocrx_word' id='word_1_225' title='bbox 856 2729 1176 2798; x_wconf 85' lang='grc' dir='ltr'>καινοτόμον</span> <span class='ocrx_word' id='word_1_226' title='bbox 1200 2729 1519 2799; x_wconf 78' lang='grc' dir='ltr'>θαυμάζειν,</span> <span class='ocrx_word' id='word_1_227' title='bbox 1542 2729 1713 2783; x_wconf 75' lang='grc' dir='ltr'>πολλὰ</span> 
     </span>
    </p>
   </div>
   <div class='ocr_carea' id='block_1_32' title="bbox 109 2814 1711 2891">
    <p class='ocr_par' dir='ltr' id='par_1_32' title="bbox 109 2814 1711 2891">
     <span class='ocr_line' id='line_1_32' title="bbox 109 2814 1711 2891; baseline 0.004 -22"><span class='ocrx_word' id='word_1_228' title='bbox 109 2814 248 2871; x_wconf 73' lang='grc' dir='ltr'>λίαν</span> <span class='ocrx_word' id='word_1_229' title='bbox 288 2820 663 2891; x_wconf 81' lang='grc' dir='ltr'>μετρήσαντα,</span> <span class='ocrx_word' id='word_1_230' title='bbox 705 2823 797 2875; x_wconf 77' lang='grc' dir='ltr'>καὶ</span> <span class='ocrx_word' id='word_1_231' title='bbox 826 2823 1257 2891; x_wconf 80' lang='grc' dir='ltr'>ὲποποιήσαντα,</span> <span class='ocrx_word' id='word_1_232' title='bbox 1288 2822 1382 2875; x_wconf 76' lang='grc' dir='ltr'>καὶ</span> <span class='ocrx_word' id='word_1_233' title='bbox 1409 2840 1711 2891; x_wconf 88' lang='grc' dir='ltr'>ματαιοπο-</span> 
     </span>
    </p>
   </div>
   <div class='ocr_carea' id='block_1_33' title="bbox 109 2909 1708 2986">
    <p class='ocr_par' dir='ltr' id='par_1_33' title="bbox 109 2909 1708 2986">
     <span class='ocr_line' id='line_1_33' title="bbox 109 2909 1708 2986; baseline 0.004 -24"><span class='ocrx_word' id='word_1_234' title='bbox 109 2909 401 2981; x_wconf 77' lang='grc' dir='ltr'>νήσαντα,</span> <span class='ocrx_word' id='word_1_235' title='bbox 435 2915 527 2965; x_wconf 81' lang='grc' dir='ltr'>καὶ</span> <span class='ocrx_word' id='word_1_236' title='bbox 558 2914 720 2966; x_wconf 79' lang='grc' dir='ltr'>παντὶ</span> <span class='ocrx_word' id='word_1_237' title='bbox 749 2913 927 2986; x_wconf 83' lang='grc' dir='ltr'>καιρῷ</span> <span class='ocrx_word' id='word_1_238' title='bbox 955 2916 1011 2967; x_wconf 83' lang='grc' dir='ltr'><strong>ἐν</strong></span> <span class='ocrx_word' id='word_1_239' title='bbox 1043 2912 1224 2981; x_wconf 82' lang='grc' dir='ltr'>λόγοις</span> <span class='ocrx_word' id='word_1_240' title='bbox 1256 2915 1506 2983; x_wconf 82' lang='grc' dir='ltr'>ἀνοήτοις</span> <span class='ocrx_word' id='word_1_241' title='bbox 1538 2931 1708 2969; x_wconf 81' lang='grc' dir='ltr'>κατα-</span> 
     </span>
    </p>
   </div>
   <div class='ocr_carea' id='block_1_34' title="bbox 111 3002 1709 3077">
    <p class='ocr_par' dir='ltr' id='par_1_34' title="bbox 111 3002 1709 3077">
     <span class='ocr_line' id='line_1_34' title="bbox 111 3002 1709 3077; baseline 0.004 -23"><span class='ocrx_word' id='word_1_242' title='bbox 111 3002 414 3072; x_wconf 75' lang='grc' dir='ltr'>τριϐέντα,</span> <span class='ocrx_word' id='word_1_243' title='bbox 449 3006 739 3077; x_wconf 83' lang='grc' dir='ltr'>οἰδήσαντά</span> <span class='ocrx_word' id='word_1_244' title='bbox 761 3023 821 3058; x_wconf 89' lang='grc' dir='ltr'><strong>τε</strong></span> <span class='ocrx_word' id='word_1_245' title='bbox 852 3008 966 3069; x_wconf 82' lang='grc' dir='ltr'>τοῖς</span> <span class='ocrx_word' id='word_1_246' title='bbox 991 3005 1244 3076; x_wconf 83' lang='grc' dir='ltr'>ἀκερδέσι</span> <span class='ocrx_word' id='word_1_247' title='bbox 1280 3006 1388 3059; x_wconf 81' lang='grc' dir='ltr'><strong>τῶν</strong></span> <span class='ocrx_word' id='word_1_248' title='bbox 1420 3006 1587 3067; x_wconf 78' lang='grc' dir='ltr'>ἐπῶν,</span> <span class='ocrx_word' id='word_1_249' title='bbox 1615 3007 1709 3060; x_wconf 75' lang='grc' dir='ltr'><strong>καὶ</strong></span> 
     </span>
    </p>
   </div>
   <div class='ocr_carea' id='block_1_35' title="bbox 1697 1837 1710 1847">
    <p class='ocr_par' dir='ltr' id='par_1_35' title="bbox 1697 1837 1710 1847">
     <span class='ocr_line' id='line_1_35' title="bbox 1697 1837 1710 1847; baseline 0 0"><span class='ocrx_word' id='word_1_250' title='bbox 1697 1837 1710 1847; x_wconf 75' lang='grc' dir='ltr'><strong><em>ο</em></strong></span> 
     </span>
    </p>
   </div>
   <div class='ocr_carea' id='block_1_36' title="bbox 1821 709 3401 781">
    <p class='ocr_par' dir='ltr' id='par_1_36' title="bbox 1821 709 3401 781">
     <span class='ocr_line' id='line_1_36' title="bbox 1821 709 3401 781; baseline 0.002 -19"><span class='ocrx_word' id='word_1_251' title='bbox 1821 709 2087 776; x_wconf 87' lang='lat' dir='ltr'><strong>pusillmn</strong></span> <span class='ocrx_word' id='word_1_252' title='bbox 2117 726 2315 779; x_wconf 88' lang='lat' dir='ltr'><strong>panem</strong></span> <span class='ocrx_word' id='word_1_253' title='bbox 2343 725 2644 781; x_wconf 89' lang='lat' dir='ltr'><strong>paucorum</strong></span> <span class='ocrx_word' id='word_1_254' title='bbox 2671 711 2953 769; x_wconf 88' lang='lat' dir='ltr'><strong>hominum</strong></span> <span class='ocrx_word' id='word_1_255' title='bbox 2981 752 2996 776; x_wconf 90' lang='lat'><strong>,</strong></span> <span class='ocrx_word' id='word_1_256' title='bbox 3028 712 3281 767; x_wconf 81' lang='lat' dir='ltr'><strong>laudibus</strong></span> <span class='ocrx_word' id='word_1_257' title='bbox 3304 728 3401 767; x_wconf 80' lang='lat' dir='ltr'><strong>ex-</strong></span> 
     </span>
    </p>
   </div>
   <div class='ocr_carea' id='block_1_37' title="bbox 1821 802 3398 873">
    <p class='ocr_par' dir='ltr' id='par_1_37' title="bbox 1821 802 3398 873">
     <span class='ocr_line' id='line_1_37' title="bbox 1821 802 3398 873; baseline 0.001 -19"><span class='ocrx_word' id='word_1_258' title='bbox 1821 802 2011 856; x_wconf 85' lang='lat' dir='ltr'><strong>tollere</strong></span> <span class='ocrx_word' id='word_1_259' title='bbox 2035 818 2191 871; x_wconf 74' lang='lat' dir='ltr'><strong>aeque</strong></span> <span class='ocrx_word' id='word_1_260' title='bbox 2216 802 2379 873; x_wconf 79' lang='lat' dir='ltr'><strong>atque</strong></span> <span class='ocrx_word' id='word_1_261' title='bbox 2423 803 2764 857; x_wconf 86' lang='lat' dir='ltr'><strong>studentiqu</strong></span> <span class='ocrx_word' id='word_1_262' title='bbox 2791 844 2807 868; x_wconf 94' lang='lat'><strong>,</strong></span> <span class='ocrx_word' id='word_1_263' title='bbox 2861 820 3149 858; x_wconf 89' lang='lat' dir='ltr'><strong>servorum</strong></span> <span class='ocrx_word' id='word_1_264' title='bbox 3198 804 3398 865; x_wconf 90' lang='lat' dir='ltr'><strong>instar,</strong></span> 
     </span>
    </p>
   </div>
   <div class='ocr_carea' id='block_1_38' title="bbox 1822 894 3403 968">
    <p class='ocr_par' dir='ltr' id='par_1_38' title="bbox 1822 894 3403 968">
     <span class='ocr_line' id='line_1_38' title="bbox 1822 894 3403 968; baseline 0.002 -20"><span class='ocrx_word' id='word_1_265' title='bbox 1822 894 2096 964; x_wconf 89' lang='lat' dir='ltr'><strong>nimisque</strong></span> <span class='ocrx_word' id='word_1_266' title='bbox 2130 896 2413 965; x_wconf 73' lang='lat' dir='ltr'><strong>pueriliter</strong></span> <span class='ocrx_word' id='word_1_267' title='bbox 2449 897 2775 966; x_wconf 74' lang='lat' dir='ltr'><strong>deportant,</strong></span> <span class='ocrx_word' id='word_1_268' title='bbox 2810 912 2920 968; x_wconf 93' lang='lat' dir='ltr'><strong>quo</strong></span> <span class='ocrx_word' id='word_1_269' title='bbox 2955 914 3182 968; x_wconf 86' lang='lat' dir='ltr'><strong>prorsus</strong></span> <span class='ocrx_word' id='word_1_270' title='bbox 3220 899 3403 951; x_wconf 89' lang='lat' dir='ltr'><strong>anima</strong></span> 
     </span>
    </p>
   </div>
   <div class='ocr_carea' id='block_1_39' title="bbox 1820 987 3399 1058">
    <p class='ocr_par' dir='ltr' id='par_1_39' title="bbox 1820 987 3399 1058">
     <span class='ocr_line' id='line_1_39' title="bbox 1820 987 3399 1058; baseline 0.001 -17"><span class='ocrx_word' id='word_1_271' title='bbox 1820 1001 2009 1041; x_wconf 88' lang='lat' dir='ltr'><strong>eorum</strong></span> <span class='ocrx_word' id='word_1_272' title='bbox 2037 1003 2144 1041; x_wconf 90' lang='lat' dir='ltr'><strong>non</strong></span> <span class='ocrx_word' id='word_1_273' title='bbox 2174 987 2471 1053; x_wconf 89' lang='lat' dir='ltr'><strong>nutrietur,</strong></span> <span class='ocrx_word' id='word_1_274' title='bbox 2527 988 2639 1042; x_wconf 90' lang='lat' dir='ltr'><strong>imo</strong></span> <span class='ocrx_word' id='word_1_275' title='bbox 2684 990 2864 1058; x_wconf 91' lang='lat' dir='ltr'><strong>potius</strong></span> <span class='ocrx_word' id='word_1_276' title='bbox 2894 991 3036 1044; x_wconf 79' lang='lat' dir='ltr'><strong>fame</strong></span> <span class='ocrx_word' id='word_1_277' title='bbox 3062 990 3399 1044; x_wconf 84' lang='lat' dir='ltr'><strong>enecabitnr.</strong></span> 
     </span>
    </p>
   </div>
   <div class='ocr_carea' id='block_1_40' title="bbox 1821 1077 3404 1153">
    <p class='ocr_par' dir='ltr' id='par_1_40' title="bbox 1821 1077 3404 1153">
     <span class='ocr_line' id='line_1_40' title="bbox 1821 1077 3404 1153; baseline 0.003 -22"><span class='ocrx_word' id='word_1_278' title='bbox 1821 1077 1956 1133; x_wconf 84' lang='lat' dir='ltr'><strong>Nam</strong></span> <span class='ocrx_word' id='word_1_279' title='bbox 1997 1097 2120 1133; x_wconf 89' lang='lat' dir='ltr'><strong>cum</strong></span> <span class='ocrx_word' id='word_1_280' title='bbox 2166 1096 2195 1134; x_wconf 90' lang='lat' dir='ltr'><strong>a</strong></span> <span class='ocrx_word' id='word_1_281' title='bbox 2231 1082 2339 1135; x_wconf 90' lang='lat' dir='ltr'><strong>Deo</strong></span> <span class='ocrx_word' id='word_1_282' title='bbox 2368 1082 2670 1143; x_wconf 84' lang='lat' dir='ltr'><strong>virtutum,</strong></span> <span class='ocrx_word' id='word_1_283' title='bbox 2706 1089 2760 1136; x_wconf 88' lang='lat' dir='ltr'><strong>et</strong></span> <span class='ocrx_word' id='word_1_284' title='bbox 2793 1097 2937 1136; x_wconf 72' lang='lat' dir='ltr'><strong>vera:</strong></span> <span class='ocrx_word' id='word_1_285' title='bbox 2972 1084 3191 1153; x_wconf 85' lang='lat' dir='ltr'><strong>gloriae,</strong></span> <span class='ocrx_word' id='word_1_286' title='bbox 3221 1091 3274 1137; x_wconf 92' lang='lat' dir='ltr'><strong>et</strong></span> <span class='ocrx_word' id='word_1_287' title='bbox 3301 1082 3404 1136; x_wconf 92' lang='lat' dir='ltr'><strong>ho-</strong></span> 
     </span>
    </p>
   </div>
   <div class='ocr_carea' id='block_1_41' title="bbox 1823 1172 3403 1243">
    <p class='ocr_par' dir='ltr' id='par_1_41' title="bbox 1823 1172 3403 1243">
     <span class='ocr_line' id='line_1_41' title="bbox 1823 1172 3403 1243; baseline 0 -17"><span class='ocrx_word' id='word_1_288' title='bbox 1823 1172 1977 1226; x_wconf 90' lang='lat' dir='ltr'><strong>noris</strong></span> <span class='ocrx_word' id='word_1_289' title='bbox 2010 1173 2228 1241; x_wconf 87' lang='lat' dir='ltr'><strong>plenum</strong></span> <span class='ocrx_word' id='word_1_290' title='bbox 2265 1188 2458 1243; x_wconf 90' lang='lat' dir='ltr'><strong>panem</strong></span> <span class='ocrx_word' id='word_1_291' title='bbox 2498 1189 2723 1243; x_wconf 88' lang='lat' dir='ltr'><strong>poscere</strong></span> <span class='ocrx_word' id='word_1_292' title='bbox 2756 1173 3112 1237; x_wconf 81' lang='lat' dir='ltr'><strong>debuissent,</strong></span> <span class='ocrx_word' id='word_1_293' title='bbox 3142 1174 3195 1226; x_wconf 91' lang='lat' dir='ltr'><strong>hi</strong></span> <span class='ocrx_word' id='word_1_294' title='bbox 3231 1188 3403 1243; x_wconf 81' lang='lat' dir='ltr'><strong>Oppo-</strong></span> 
     </span>
    </p>
   </div>
   <div class='ocr_carea' id='block_1_42' title="bbox 1820 1264 3403 1335">
    <p class='ocr_par' dir='ltr' id='par_1_42' title="bbox 1820 1264 3403 1335">
     <span class='ocr_line' id='line_1_42' title="bbox 1820 1264 3403 1335; baseline -0.001 -17"><span class='ocrx_word' id='word_1_295' title='bbox 1820 1264 1982 1318; x_wconf 90' lang='lat' dir='ltr'><strong>situm</strong></span> <span class='ocrx_word' id='word_1_296' title='bbox 2025 1265 2269 1333; x_wconf 76' lang='lat' dir='ltr'><strong>faciunt,</strong></span> <span class='ocrx_word' id='word_1_297' title='bbox 2324 1282 2391 1321; x_wconf 74' lang='lat' dir='ltr'><strong>ex</strong></span> <span class='ocrx_word' id='word_1_298' title='bbox 2435 1266 2684 1321; x_wconf 68' lang='lat' dir='ltr'><strong>saeculari</strong></span> <span class='ocrx_word' id='word_1_299' title='bbox 2737 1264 3043 1335; x_wconf 89' lang='lat' dir='ltr'><strong>sapientia,</strong></span> <span class='ocrx_word' id='word_1_300' title='bbox 3096 1280 3217 1334; x_wconf 69' lang='lat' dir='ltr'><strong>quae</strong></span> <span class='ocrx_word' id='word_1_301' title='bbox 3267 1265 3403 1318; x_wconf 90' lang='lat' dir='ltr'><strong>nulli</strong></span> 
     </span>
    </p>
   </div>
   <div class='ocr_carea' id='block_1_43' title="bbox 1821 1356 3398 1426">
    <p class='ocr_par' dir='ltr' id='par_1_43' title="bbox 1821 1356 3398 1426">
     <span class='ocr_line' id='line_1_43' title="bbox 1821 1356 3398 1426; baseline 0.002 -18"><span class='ocrx_word' id='word_1_302' title='bbox 1821 1356 1945 1410; x_wconf 84' lang='lat' dir='ltr'><strong>usui</strong></span> <span class='ocrx_word' id='word_1_303' title='bbox 1992 1364 2113 1421; x_wconf 88' lang='lat' dir='ltr'><strong>est,</strong></span> <span class='ocrx_word' id='word_1_304' title='bbox 2162 1357 2543 1412; x_wconf 69' lang='lat' dir='ltr'><strong>existimantes</strong></span> <span class='ocrx_word' id='word_1_305' title='bbox 2589 1357 2694 1412; x_wconf 83' lang='lat' dir='ltr'><strong>sibi</strong></span> <span class='ocrx_word' id='word_1_306' title='bbox 2738 1358 2998 1411; x_wconf 89' lang='lat' dir='ltr'><strong>alimenta</strong></span> <span class='ocrx_word' id='word_1_307' title='bbox 3039 1356 3398 1426; x_wconf 82' lang='lat' dir='ltr'><strong>suppeditari.</strong></span> 
     </span>
    </p>
   </div>
   <div class='ocr_carea' id='block_1_44' title="bbox 1820 1444 3404 1501">
    <p class='ocr_par' dir='ltr' id='par_1_44' title="bbox 1820 1444 3404 1501">
     <span class='ocr_line' id='line_1_44' title="bbox 1820 1444 3404 1501; baseline 0.001 -2"><span class='ocrx_word' id='word_1_308' title='bbox 1820 1445 2009 1499; x_wconf 85' lang='lat' dir='ltr'><strong>Honor</strong></span> <span class='ocrx_word' id='word_1_309' title='bbox 2043 1461 2173 1500; x_wconf 87' lang='lat' dir='ltr'><strong>vero</strong></span> <span class='ocrx_word' id='word_1_310' title='bbox 2203 1447 2449 1501; x_wconf 86' lang='lat' dir='ltr'><strong>mulieris</strong></span> <span class='ocrx_word' id='word_1_311' title='bbox 2500 1446 2807 1501; x_wconf 83' lang='lat' dir='ltr'><strong>meretricis</strong></span> <span class='ocrx_word' id='word_1_312' title='bbox 2839 1453 2923 1500; x_wconf 87' lang='lat' dir='ltr'><strong>est</strong></span> <span class='ocrx_word' id='word_1_313' title='bbox 2970 1446 3111 1501; x_wconf 79' lang='lat' dir='ltr'><strong>idem</strong></span> <span class='ocrx_word' id='word_1_314' title='bbox 3145 1460 3208 1499; x_wconf 90' lang='lat' dir='ltr'><strong>ac</strong></span> <span class='ocrx_word' id='word_1_315' title='bbox 3241 1444 3404 1501; x_wconf 89' lang='lat' dir='ltr'><strong>unius</strong></span> 
     </span>
    </p>
   </div>
   <div class='ocr_carea' id='block_1_45' title="bbox 1820 1532 3400 1604">
    <p class='ocr_par' dir='ltr' id='par_1_45' title="bbox 1820 1532 3400 1604">
     <span class='ocr_line' id='line_1_45' title="bbox 1820 1532 3400 1604; baseline 0.002 -20"><span class='ocrx_word' id='word_1_316' title='bbox 1820 1534 1976 1601; x_wconf 87' lang='lat' dir='ltr'><strong>panis</strong></span> <span class='ocrx_word' id='word_1_317' title='bbox 2030 1534 2366 1604; x_wconf 89' lang='lat' dir='ltr'><strong>ignominia,</strong></span> <span class='ocrx_word' id='word_1_318' title='bbox 2416 1542 2468 1590; x_wconf 88' lang='lat' dir='ltr'><strong>et</strong></span> <span class='ocrx_word' id='word_1_319' title='bbox 2507 1534 2675 1588; x_wconf 87' lang='lat' dir='ltr'><strong>multa</strong></span> <span class='ocrx_word' id='word_1_320' title='bbox 2725 1534 3045 1590; x_wconf 81' lang='lat' dir='ltr'><strong>inﬁrmitate</strong></span> <span class='ocrx_word' id='word_1_321' title='bbox 3099 1534 3267 1604; x_wconf 84' lang='lat' dir='ltr'><strong>pleni.</strong></span> <span class='ocrx_word' id='word_1_322' title='bbox 3317 1532 3400 1587; x_wconf 87' lang='lat' dir='ltr'><strong>Tu</strong></span> 
     </span>
    </p>
   </div>
   <div class='ocr_carea' id='block_1_46' title="bbox 1820 1625 3399 1697">
    <p class='ocr_par' dir='ltr' id='par_1_46' title="bbox 1820 1625 3399 1697">
     <span class='ocr_line' id='line_1_46' title="bbox 1820 1625 3399 1697; baseline 0.004 -23"><span class='ocrx_word' id='word_1_323' title='bbox 1820 1637 1986 1691; x_wconf 87' lang='lat' dir='ltr'><strong>porro</strong></span> <span class='ocrx_word' id='word_1_324' title='bbox 2007 1639 2371 1693; x_wconf 87' lang='lat' dir='ltr'><strong>supernarum</strong></span> <span class='ocrx_word' id='word_1_325' title='bbox 2399 1625 2665 1679; x_wconf 90' lang='lat' dir='ltr'><strong>virtutum</strong></span> <span class='ocrx_word' id='word_1_326' title='bbox 2694 1641 2887 1696; x_wconf 89' lang='lat' dir='ltr'><strong>panem</strong></span> <span class='ocrx_word' id='word_1_327' title='bbox 2913 1626 3174 1680; x_wconf 89' lang='lat' dir='ltr'><strong>continuo</strong></span> <span class='ocrx_word' id='word_1_328' title='bbox 3199 1640 3360 1697; x_wconf 90' lang='lat' dir='ltr'><strong>posce</strong></span> <span class='ocrx_word' id='word_1_329' title='bbox 3384 1643 3399 1681; x_wconf 87' lang='lat'><strong>:</strong></span> 
     </span>
    </p>
   </div>
   <div class='ocr_carea' id='block_1_47' title="bbox 1820 1716 3406 1786">
    <p class='ocr_par' dir='ltr' id='par_1_47' title="bbox 1820 1716 3406 1786">
     <span class='ocr_line' id='line_1_47' title="bbox 1820 1716 3406 1786; baseline 0.004 -22"><span class='ocrx_word' id='word_1_330' title='bbox 1820 1728 2014 1783; x_wconf 84' lang='lat' dir='ltr'><strong>panem</strong></span> <span class='ocrx_word' id='word_1_331' title='bbox 2047 1716 2191 1769; x_wconf 87' lang='lat' dir='ltr'><strong>enim</strong></span> <span class='ocrx_word' id='word_1_332' title='bbox 2223 1717 2345 1771; x_wconf 64' lang='grc' dir='ltr'>ειειί</span> <span class='ocrx_word' id='word_1_333' title='bbox 2372 1755 2387 1779; x_wconf 92' lang='grc'><strong>,</strong></span> <span class='ocrx_word' id='word_1_334' title='bbox 2413 1723 2468 1771; x_wconf 88' lang='lat' dir='ltr'><strong>et</strong></span> <span class='ocrx_word' id='word_1_335' title='bbox 2497 1731 2691 1785; x_wconf 89' lang='lat' dir='ltr'><strong>panem</strong></span> <span class='ocrx_word' id='word_1_336' title='bbox 2716 1718 3031 1786; x_wconf 82' lang='lat' dir='ltr'><strong>angelorum</strong></span> <span class='ocrx_word' id='word_1_337' title='bbox 3067 1717 3230 1772; x_wconf 92' lang='lat' dir='ltr'><strong>homo</strong></span> <span class='ocrx_word' id='word_1_338' title='bbox 3253 1732 3406 1770; x_wconf 79' lang='lat' dir='ltr'><strong>com-</strong></span> 
     </span>
    </p>
   </div>
   <div class='ocr_carea' id='block_1_48' title="bbox 1823 1805 3397 1877">
    <p class='ocr_par' dir='ltr' id='par_1_48' title="bbox 1823 1805 3397 1877">
     <span class='ocr_line' id='line_1_48' title="bbox 1823 1805 3397 1877; baseline 0.002 -21"><span class='ocrx_word' id='word_1_339' title='bbox 1823 1805 1931 1857; x_wconf 75' lang='lat' dir='ltr'><strong>eilit</strong></span> <span class='ocrx_word' id='word_1_340' title='bbox 1960 1805 2028 1867; x_wconf 65' lang='grc'><strong>⁸⁷,</strong></span> <span class='ocrx_word' id='word_1_341' title='bbox 2070 1824 2088 1856; x_wconf 84' lang='grc' dir='ltr'><strong>ι</strong></span> <span class='ocrx_word' id='word_1_342' title='bbox 2122 1806 2214 1874; x_wconf 87' lang='lat' dir='ltr'><strong>qui</strong></span> <span class='ocrx_word' id='word_1_343' title='bbox 2252 1806 2448 1877; x_wconf 88' lang='lat' dir='ltr'><strong>spiritu</strong></span> <span class='ocrx_word' id='word_1_344' title='bbox 2486 1806 2710 1869; x_wconf 89' lang='lat' dir='ltr'><strong>vivit,et</strong></span> <span class='ocrx_word' id='word_1_345' title='bbox 2749 1807 2940 1876; x_wconf 84' lang='lat' dir='ltr'><strong>spiritu</strong></span> <span class='ocrx_word' id='word_1_346' title='bbox 2984 1806 3227 1861; x_wconf 86' lang='lat' dir='ltr'><strong>ambulat</strong></span> <span class='ocrx_word' id='word_1_347' title='bbox 3272 1806 3337 1869; x_wconf 73' lang='grc'><strong>⁸⁸,</strong></span> <span class='ocrx_word' id='word_1_348' title='bbox 3381 1825 3397 1854; x_wconf 74' lang='grc' dir='ltr'><strong>ι</strong></span> 
     </span>
    </p>
   </div>
   <div class='ocr_carea' id='block_1_49' title="bbox 1820 1896 3401 1969">
    <p class='ocr_par' dir='ltr' id='par_1_49' title="bbox 1820 1896 3401 1969">
     <span class='ocr_line' id='line_1_49' title="bbox 1820 1896 3401 1969; baseline 0.001 -20"><span class='ocrx_word' id='word_1_349' title='bbox 1820 1904 1875 1949; x_wconf 90' lang='lat' dir='ltr'><strong>et</strong></span> <span class='ocrx_word' id='word_1_350' title='bbox 1910 1896 2308 1952; x_wconf 83' lang='lat' dir='ltr'><strong>ecclesiasticis</strong></span> <span class='ocrx_word' id='word_1_351' title='bbox 2339 1899 2551 1968; x_wconf 75' lang='lat' dir='ltr'><strong>legibus</strong></span> <span class='ocrx_word' id='word_1_352' title='bbox 2579 1900 2972 1969; x_wconf 82' lang='lat' dir='ltr'><strong>obtemperans</strong></span> <span class='ocrx_word' id='word_1_353' title='bbox 2993 1940 3007 1963; x_wconf 92' lang='lat'><strong>,</strong></span> <span class='ocrx_word' id='word_1_354' title='bbox 3030 1897 3312 1967; x_wconf 81' lang='lat' dir='ltr'><strong>sapientiae</strong></span> <span class='ocrx_word' id='word_1_355' title='bbox 3336 1913 3401 1951; x_wconf 61' lang='lat' dir='ltr'><strong>ex</strong></span> 
     </span>
    </p>
   </div>
   <div class='ocr_carea' id='block_1_50' title="bbox 1819 1988 3401 2062">
    <p class='ocr_par' dir='ltr' id='par_1_50' title="bbox 1819 1988 3401 2062">
     <span class='ocr_line' id='line_1_50' title="bbox 1819 1988 3401 2062; baseline 0.001 -22"><span class='ocrx_word' id='word_1_356' title='bbox 1819 1989 1930 2041; x_wconf 89' lang='lat' dir='ltr'><strong>alto</strong></span> <span class='ocrx_word' id='word_1_357' title='bbox 1965 1988 2309 2044; x_wconf 75' lang='lat' dir='ltr'><strong>advenientis</strong></span> <span class='ocrx_word' id='word_1_358' title='bbox 2360 1990 2635 2062; x_wconf 88' lang='lat' dir='ltr'><strong>particeps</strong></span> <span class='ocrx_word' id='word_1_359' title='bbox 2668 1990 2745 2045; x_wconf 82' lang='lat' dir='ltr'><strong>ﬁt.</strong></span> <span class='ocrx_word' id='word_1_360' title='bbox 2789 1990 2988 2043; x_wconf 85' lang='lat' dir='ltr'><strong>Panem</strong></span> <span class='ocrx_word' id='word_1_361' title='bbox 3026 1990 3209 2059; x_wconf 88' lang='lat' dir='ltr'><strong>itaque</strong></span> <span class='ocrx_word' id='word_1_362' title='bbox 3236 1989 3360 2043; x_wconf 71' lang='lat' dir='ltr'><strong>cmli</strong></span> <span class='ocrx_word' id='word_1_363' title='bbox 3385 2030 3401 2051; x_wconf 92' lang='lat'><strong>,</strong></span> 
     </span>
    </p>
   </div>
   <div class='ocr_carea' id='block_1_51' title="bbox 1817 2081 3405 2153">
    <p class='ocr_par' dir='ltr' id='par_1_51' title="bbox 1817 2081 3405 2153">
     <span class='ocr_line' id='line_1_51' title="bbox 1817 2081 3405 2153; baseline 0.001 -20"><span class='ocrx_word' id='word_1_364' title='bbox 1817 2088 1871 2133; x_wconf 87' lang='lat' dir='ltr'><strong>et</strong></span> <span class='ocrx_word' id='word_1_365' title='bbox 1898 2095 2094 2147; x_wconf 87' lang='lat' dir='ltr'><strong>panem</strong></span> <span class='ocrx_word' id='word_1_366' title='bbox 2127 2081 2445 2150; x_wconf 79' lang='lat' dir='ltr'><strong>angelorum</strong></span> <span class='ocrx_word' id='word_1_367' title='bbox 2469 2122 2483 2146; x_wconf 99' lang='lat'><strong>,</strong></span> <span class='ocrx_word' id='word_1_368' title='bbox 2535 2099 2644 2137; x_wconf 92' lang='lat' dir='ltr'><strong>non</strong></span> <span class='ocrx_word' id='word_1_369' title='bbox 2695 2098 2889 2153; x_wconf 86' lang='lat' dir='ltr'><strong>panem</strong></span> <span class='ocrx_word' id='word_1_370' title='bbox 2928 2083 3175 2137; x_wconf 86' lang='lat' dir='ltr'><strong>mulieris</strong></span> <span class='ocrx_word' id='word_1_371' title='bbox 3226 2098 3405 2136; x_wconf 85' lang='lat' dir='ltr'><strong>mere-</strong></span> 
     </span>
    </p>
   </div>
   <div class='ocr_carea' id='block_1_52' title="bbox 1818 2172 3403 2229">
    <p class='ocr_par' dir='ltr' id='par_1_52' title="bbox 1818 2172 3403 2229">
     <span class='ocr_line' id='line_1_52' title="bbox 1818 2172 3403 2229; baseline 0.003 -7"><span class='ocrx_word' id='word_1_372' title='bbox 1818 2172 1972 2227; x_wconf 83' lang='lat' dir='ltr'><strong>tricis</strong></span> <span class='ocrx_word' id='word_1_373' title='bbox 2007 2172 2168 2227; x_wconf 89' lang='lat' dir='ltr'><strong>homo</strong></span> <span class='ocrx_word' id='word_1_374' title='bbox 2220 2174 2267 2227; x_wconf 92' lang='lat' dir='ltr'><strong>is</strong></span> <span class='ocrx_word' id='word_1_375' title='bbox 2313 2174 2572 2229; x_wconf 87' lang='lat' dir='ltr'><strong>comedit.</strong></span> <span class='ocrx_word' id='word_1_376' title='bbox 2618 2174 2693 2229; x_wconf 81' lang='lat' dir='ltr'><strong>Ex</strong></span> <span class='ocrx_word' id='word_1_377' title='bbox 2745 2175 3019 2229; x_wconf 68' lang='lat' dir='ltr'><strong>hazreticis</strong></span> <span class='ocrx_word' id='word_1_378' title='bbox 3046 2175 3202 2229; x_wconf 89' lang='lat' dir='ltr'><strong>multi</strong></span> <span class='ocrx_word' id='word_1_379' title='bbox 3231 2175 3403 2228; x_wconf 85' lang='lat' dir='ltr'><strong>multa</strong></span> 
     </span>
    </p>
   </div>
   <div class='ocr_carea' id='block_1_53' title="bbox 1818 2264 3399 2336">
    <p class='ocr_par' dir='ltr' id='par_1_53' title="bbox 1818 2264 3399 2336">
     <span class='ocr_line' id='line_1_53' title="bbox 1818 2264 3399 2336; baseline -0.001 -18"><span class='ocrx_word' id='word_1_380' title='bbox 1818 2264 2041 2332; x_wconf 87' lang='lat' dir='ltr'><strong>scriptis</strong></span> <span class='ocrx_word' id='word_1_381' title='bbox 2076 2265 2454 2329; x_wconf 78' lang='lat' dir='ltr'><strong>tradiderunt,</strong></span> <span class='ocrx_word' id='word_1_382' title='bbox 2489 2282 2611 2336; x_wconf 63' lang='lat' dir='ltr'><strong>quae</strong></span> <span class='ocrx_word' id='word_1_383' title='bbox 2651 2276 2832 2321; x_wconf 89' lang='lat' dir='ltr'><strong>tamen</strong></span> <span class='ocrx_word' id='word_1_384' title='bbox 2882 2266 3013 2319; x_wconf 90' lang='lat' dir='ltr'><strong>nulli</strong></span> <span class='ocrx_word' id='word_1_385' title='bbox 3050 2265 3171 2319; x_wconf 88' lang='lat' dir='ltr'><strong>usui</strong></span> <span class='ocrx_word' id='word_1_386' title='bbox 3213 2264 3399 2327; x_wconf 81' lang='lat' dir='ltr'><strong>fuere,</strong></span> 
     </span>
    </p>
   </div>
   <div class='ocr_carea' id='block_1_54' title="bbox 1815 2354 3402 2427">
    <p class='ocr_par' dir='ltr' id='par_1_54' title="bbox 1815 2354 3402 2427">
     <span class='ocr_line' id='line_1_54' title="bbox 1815 2354 3402 2427; baseline 0.001 -22"><span class='ocrx_word' id='word_1_387' title='bbox 1815 2354 1961 2423; x_wconf 89' lang='lat' dir='ltr'><strong>quod</strong></span> <span class='ocrx_word' id='word_1_388' title='bbox 2002 2370 2030 2407; x_wconf 92' lang='lat' dir='ltr'><strong>a</strong></span> <span class='ocrx_word' id='word_1_389' title='bbox 2066 2364 2230 2410; x_wconf 89' lang='lat' dir='ltr'><strong>vento</strong></span> <span class='ocrx_word' id='word_1_390' title='bbox 2281 2365 2572 2426; x_wconf 85' lang='lat' dir='ltr'><strong>corruptas</strong></span> <span class='ocrx_word' id='word_1_391' title='bbox 2630 2358 2812 2427; x_wconf 81' lang='lat' dir='ltr'><strong>spicas</strong></span> <span class='ocrx_word' id='word_1_392' title='bbox 2843 2356 3194 2419; x_wconf 90' lang='lat' dir='ltr'><strong>habuerunt,</strong></span> <span class='ocrx_word' id='word_1_393' title='bbox 3235 2362 3295 2407; x_wconf 90' lang='lat' dir='ltr'><strong>ut</strong></span> <span class='ocrx_word' id='word_1_394' title='bbox 3326 2355 3402 2408; x_wconf 88' lang='lat' dir='ltr'><strong>ait</strong></span> 
     </span>
    </p>
   </div>
   <div class='ocr_carea' id='block_1_55' title="bbox 1817 2445 3401 2517">
    <p class='ocr_par' dir='ltr' id='par_1_55' title="bbox 1817 2445 3401 2517">
     <span class='ocr_line' id='line_1_55' title="bbox 1817 2445 3401 2517; baseline 0 -19"><span class='ocrx_word' id='word_1_395' title='bbox 1817 2447 2080 2516; x_wconf 89' lang='lat' dir='ltr'><strong>propheta</strong></span> <span class='ocrx_word' id='word_1_396' title='bbox 2104 2465 2136 2503; x_wconf 88' lang='lat'><strong>.:</strong></span> <span class='ocrx_word' id='word_1_397' title='bbox 2172 2446 2480 2517; x_wconf 81' lang='lat' dir='ltr'><strong>Manipulus</strong></span> <span class='ocrx_word' id='word_1_398' title='bbox 2514 2465 2623 2503; x_wconf 88' lang='lat' dir='ltr'><strong>non</strong></span> <span class='ocrx_word' id='word_1_399' title='bbox 2653 2449 2858 2504; x_wconf 85' lang='lat' dir='ltr'><strong>habens</strong></span> <span class='ocrx_word' id='word_1_400' title='bbox 2891 2449 3062 2505; x_wconf 88' lang='lat' dir='ltr'><strong>robur</strong></span> <span class='ocrx_word' id='word_1_401' title='bbox 3095 2446 3161 2500; x_wconf 90' lang='lat' dir='ltr'><strong>ad</strong></span> <span class='ocrx_word' id='word_1_402' title='bbox 3196 2445 3401 2499; x_wconf 78' lang='lat' dir='ltr'><strong>facien-</strong></span> 
     </span>
    </p>
   </div>
   <div class='ocr_carea' id='block_1_56' title="bbox 1813 2538 3399 2602">
    <p class='ocr_par' dir='ltr' id='par_1_56' title="bbox 1813 2538 3399 2602">
     <span class='ocr_line' id='line_1_56' title="bbox 1813 2538 3399 2602; baseline -0.001 -10"><span class='ocrx_word' id='word_1_403' title='bbox 1813 2538 1937 2592; x_wconf 86' lang='lat' dir='ltr'><strong>dam</strong></span> <span class='ocrx_word' id='word_1_404' title='bbox 1970 2538 2200 2592; x_wconf 81' lang='lat' dir='ltr'><strong>larinam</strong></span> <span class='ocrx_word' id='word_1_405' title='bbox 2231 2541 2296 2595; x_wconf 81' lang='lat'><strong>&quot;.</strong></span> <span class='ocrx_word' id='word_1_406' title='bbox 2331 2539 2386 2594; x_wconf 90' lang='lat' dir='ltr'><strong>Si</strong></span> <span class='ocrx_word' id='word_1_407' title='bbox 2420 2557 2549 2597; x_wconf 90' lang='lat' dir='ltr'><strong>vero</strong></span> <span class='ocrx_word' id='word_1_408' title='bbox 2571 2541 2607 2597; x_wconf 88' lang='lat' dir='ltr'><strong>ii</strong></span> <span class='ocrx_word' id='word_1_409' title='bbox 2631 2542 2732 2597; x_wconf 89' lang='lat' dir='ltr'><strong>tibi</strong></span> <span class='ocrx_word' id='word_1_410' title='bbox 2755 2558 2810 2601; x_wconf 88' lang='grc' dir='ltr'><strong>ιιι</strong></span> <span class='ocrx_word' id='word_1_411' title='bbox 2843 2539 3207 2595; x_wconf 90' lang='lat' dir='ltr'><strong>admiratione</strong></span> <span class='ocrx_word' id='word_1_412' title='bbox 3238 2548 3399 2602; x_wconf 87' lang='lat' dir='ltr'><strong>sunt,</strong></span> 
     </span>
    </p>
   </div>
   <div class='ocr_carea' id='block_1_57' title="bbox 1813 2632 3394 2705">
    <p class='ocr_par' dir='ltr' id='par_1_57' title="bbox 1813 2632 3394 2705">
     <span class='ocr_line' id='line_1_57' title="bbox 1813 2632 3394 2705; baseline 0.002 -22"><span class='ocrx_word' id='word_1_413' title='bbox 1813 2632 1904 2700; x_wconf 92' lang='lat' dir='ltr'><strong>qui</strong></span> <span class='ocrx_word' id='word_1_414' title='bbox 1941 2634 2186 2687; x_wconf 88' lang='lat' dir='ltr'><strong>carmina</strong></span> <span class='ocrx_word' id='word_1_415' title='bbox 2240 2636 2614 2703; x_wconf 89' lang='lat' dir='ltr'><strong>scripserunt,</strong></span> <span class='ocrx_word' id='word_1_416' title='bbox 2672 2635 2879 2705; x_wconf 87' lang='lat' dir='ltr'><strong>poteris</strong></span> <span class='ocrx_word' id='word_1_417' title='bbox 2924 2646 2979 2688; x_wconf 86' lang='lat' dir='ltr'><strong>et</strong></span> <span class='ocrx_word' id='word_1_418' title='bbox 3013 2633 3283 2703; x_wconf 91' lang='lat' dir='ltr'><strong>impium,</strong></span> <span class='ocrx_word' id='word_1_419' title='bbox 3338 2639 3394 2687; x_wconf 76' lang='lat' dir='ltr'><strong>et</strong></span> 
     </span>
    </p>
   </div>
   <div class='ocr_carea' id='block_1_58' title="bbox 1813 2725 3398 2794">
    <p class='ocr_par' dir='ltr' id='par_1_58' title="bbox 1813 2725 3398 2794">
     <span class='ocr_line' id='line_1_58' title="bbox 1813 2725 3398 2794; baseline 0.001 -17"><span class='ocrx_word' id='word_1_420' title='bbox 1813 2735 2128 2780; x_wconf 86' lang='lat' dir='ltr'><strong>novatorem</strong></span> <span class='ocrx_word' id='word_1_421' title='bbox 2186 2726 2590 2794; x_wconf 82' lang='lat' dir='ltr'><strong>Apollinarium</strong></span> <span class='ocrx_word' id='word_1_422' title='bbox 2647 2726 2849 2782; x_wconf 88' lang='lat' dir='ltr'><strong>habere</strong></span> <span class='ocrx_word' id='word_1_423' title='bbox 2909 2726 2960 2780; x_wconf 90' lang='lat' dir='ltr'><strong>in</strong></span> <span class='ocrx_word' id='word_1_424' title='bbox 3001 2725 3398 2787; x_wconf 87' lang='lat' dir='ltr'><strong>admiratione,</strong></span> 
     </span>
    </p>
   </div>
   <div class='ocr_carea' id='block_1_59' title="bbox 1812 2814 3396 2888">
    <p class='ocr_par' dir='ltr' id='par_1_59' title="bbox 1812 2814 3396 2888">
     <span class='ocr_line' id='line_1_59' title="bbox 1812 2814 3396 2888; baseline 0.001 -21"><span class='ocrx_word' id='word_1_425' title='bbox 1812 2814 1903 2883; x_wconf 92' lang='lat' dir='ltr'><strong>qni</strong></span> <span class='ocrx_word' id='word_1_426' title='bbox 1945 2818 2350 2887; x_wconf 86' lang='lat' dir='ltr'><strong>quamplurima</strong></span> <span class='ocrx_word' id='word_1_427' title='bbox 2388 2819 2635 2873; x_wconf 87' lang='lat' dir='ltr'><strong>numeris</strong></span> <span class='ocrx_word' id='word_1_428' title='bbox 2687 2828 2743 2873; x_wconf 89' lang='lat' dir='ltr'><strong>et</strong></span> <span class='ocrx_word' id='word_1_429' title='bbox 2776 2818 3021 2872; x_wconf 89' lang='lat' dir='ltr'><strong>carmine</strong></span> <span class='ocrx_word' id='word_1_430' title='bbox 3051 2817 3396 2888; x_wconf 88' lang='lat' dir='ltr'><strong>composuit,</strong></span> 
     </span>
    </p>
   </div>
   <div class='ocr_carea' id='block_1_60' title="bbox 1811 2906 3399 2979">
    <p class='ocr_par' dir='ltr' id='par_1_60' title="bbox 1811 2906 3399 2979">
     <span class='ocr_line' id='line_1_60' title="bbox 1811 2906 3399 2979; baseline 0.003 -22"><span class='ocrx_word' id='word_1_431' title='bbox 1811 2913 1865 2957; x_wconf 92' lang='lat' dir='ltr'><strong>et</strong></span> <span class='ocrx_word' id='word_1_432' title='bbox 1898 2906 2097 2959; x_wconf 82' lang='lat' dir='ltr'><strong>frustra</strong></span> <span class='ocrx_word' id='word_1_433' title='bbox 2131 2907 2344 2961; x_wconf 83' lang='lat' dir='ltr'><strong>labores</strong></span> <span class='ocrx_word' id='word_1_434' title='bbox 2371 2909 2693 2979; x_wconf 80' lang='lat' dir='ltr'><strong>insumpsit,</strong></span> <span class='ocrx_word' id='word_1_435' title='bbox 2719 2917 2772 2963; x_wconf 83' lang='lat' dir='ltr'><strong>et</strong></span> <span class='ocrx_word' id='word_1_436' title='bbox 2799 2924 2896 2979; x_wconf 77' lang='lat' dir='ltr'><strong>per</strong></span> <span class='ocrx_word' id='word_1_437' title='bbox 2920 2917 3093 2963; x_wconf 91' lang='lat' dir='ltr'><strong>totum</strong></span> <span class='ocrx_word' id='word_1_438' title='bbox 3129 2924 3241 2963; x_wconf 68' lang='lat' dir='ltr'><strong>suae</strong></span> <span class='ocrx_word' id='word_1_439' title='bbox 3274 2908 3399 2962; x_wconf 65' lang='lat' dir='ltr'><strong>vita;</strong></span> 
     </span>
    </p>
   </div>
   <div class='ocr_carea' id='block_1_61' title="bbox 1814 2999 3397 3071">
    <p class='ocr_par' dir='ltr' id='par_1_61' title="bbox 1814 2999 3397 3071">
     <span class='ocr_line' id='line_1_61' title="bbox 1814 2999 3397 3071; baseline 0.003 -23"><span class='ocrx_word' id='word_1_440' title='bbox 1814 3005 2025 3065; x_wconf 86' lang='lat' dir='ltr'><strong>tempus</strong></span> <span class='ocrx_word' id='word_1_441' title='bbox 2083 3000 2136 3053; x_wconf 91' lang='lat' dir='ltr'><strong>in</strong></span> <span class='ocrx_word' id='word_1_442' title='bbox 2198 3002 2578 3071; x_wconf 89' lang='lat' dir='ltr'><strong>insipientibus</strong></span> <span class='ocrx_word' id='word_1_443' title='bbox 2630 3001 2983 3056; x_wconf 88' lang='lat' dir='ltr'><strong>sermonibus</strong></span> <span class='ocrx_word' id='word_1_444' title='bbox 3035 2999 3397 3071; x_wconf 79' lang='lat' dir='ltr'><strong>congerendis</strong></span> 
     </span>
    </p>
   </div>
   <div class='ocr_carea' id='block_1_62' title="bbox 114 3090 1705 3178">
    <p class='ocr_par' dir='ltr' id='par_1_62' title="bbox 114 3090 1705 3167">
     <span class='ocr_line' id='line_1_62' title="bbox 114 3090 1705 3167; baseline 0.001 -20"><span class='ocrx_word' id='word_1_445' title='bbox 114 3090 543 3166; x_wconf 69' lang='grc' dir='ltr'>φλεγμήναντα.</span> <span class='ocrx_word' id='word_1_446' title='bbox 577 3099 671 3150; x_wconf 78' lang='grc' dir='ltr'><strong>καὶ</strong></span> <span class='ocrx_word' id='word_1_447' title='bbox 699 3098 1056 3167; x_wconf 81' lang='grc' dir='ltr'>ὑδεριάσαντα</span> <span class='ocrx_word' id='word_1_448' title='bbox 1087 3099 1200 3160; x_wconf 85' lang='grc' dir='ltr'>τοῖς</span> <span class='ocrx_word' id='word_1_449' title='bbox 1220 3097 1523 3167; x_wconf 88' lang='grc' dir='ltr'>λογισμοῖς,</span> <span class='ocrx_word' id='word_1_450' title='bbox 1558 3118 1575 3150; x_wconf 86' lang='grc' dir='ltr'><strong>ι</strong></span> <span class='ocrx_word' id='word_1_451' title='bbox 1612 3098 1705 3151; x_wconf 73' lang='grc' dir='ltr'>καὶ</span> 
     </span>
    </p>
   </div>
   <div class='ocr_carea' id='block_1_63' title="bbox 1817 3090 3397 3178">
    <p class='ocr_par' dir='ltr' id='par_1_63' title="bbox 1817 3090 3397 3163">
     <span class='ocr_line' id='line_1_63' title="bbox 1817 3090 3397 3163; baseline 0.004 -23"><span class='ocrx_word' id='word_1_452' title='bbox 1817 3090 2170 3158; x_wconf 85' lang='lat' dir='ltr'><strong>semetipsum</strong></span> <span class='ocrx_word' id='word_1_453' title='bbox 2222 3094 2458 3152; x_wconf 87' lang='lat' dir='ltr'><strong>attrivit.</strong></span> <span class='ocrx_word' id='word_1_454' title='bbox 2505 3093 2709 3163; x_wconf 86' lang='lat' dir='ltr'><strong>quique</strong></span> <span class='ocrx_word' id='word_1_455' title='bbox 2754 3095 3060 3147; x_wconf 79' lang='lat' dir='ltr'><strong>Carminum</strong></span> <span class='ocrx_word' id='word_1_456' title='bbox 3110 3091 3397 3147; x_wconf 90' lang='lat' dir='ltr'><strong>inutilibus</strong></span> 
     </span>
    </p>
   </div>
   <div class='ocr_carea' id='block_1_64' title="bbox 115 3185 1714 3261">
    <p class='ocr_par' dir='ltr' id='par_1_64' title="bbox 115 3185 1714 3261">
     <span class='ocr_line' id='line_1_64' title="bbox 115 3185 1714 3261; baseline 0.004 -23"><span class='ocrx_word' id='word_1_457' title='bbox 115 3186 153 3253; x_wconf 78' lang='grc' dir='ltr'><strong>ἡ</strong></span> <span class='ocrx_word' id='word_1_458' title='bbox 187 3185 422 3253; x_wconf 84' lang='grc' dir='ltr'>γλῶσσα</span> <span class='ocrx_word' id='word_1_459' title='bbox 472 3187 635 3242; x_wconf 84' lang='grc' dir='ltr'>αὐτοῦ</span> <span class='ocrx_word' id='word_1_460' title='bbox 673 3188 884 3244; x_wconf 71' lang='grc' dir='ltr'>διῆλθεν</span> <span class='ocrx_word' id='word_1_461' title='bbox 930 3190 1025 3244; x_wconf 75' lang='grc' dir='ltr'>ἐπὶ</span> <span class='ocrx_word' id='word_1_462' title='bbox 1049 3190 1146 3261; x_wconf 88' lang='grc' dir='ltr'><strong>τῆς</strong></span> <span class='ocrx_word' id='word_1_463' title='bbox 1193 3190 1299 3261; x_wconf 88' lang='grc' dir='ltr'><strong>γῆς</strong></span> <span class='ocrx_word' id='word_1_464' title='bbox 1328 3230 1343 3255; x_wconf 93' lang='grc'><strong>,</strong></span> <span class='ocrx_word' id='word_1_465' title='bbox 1376 3210 1396 3244; x_wconf 75' lang='grc' dir='ltr'><strong>ι</strong></span> <span class='ocrx_word' id='word_1_466' title='bbox 1436 3190 1513 3255; x_wconf 85' lang='grc' dir='ltr'>ὡς</span> <span class='ocrx_word' id='word_1_467' title='bbox 1552 3191 1714 3245; x_wconf 86' lang='grc' dir='ltr'>Δαυῒδ</span> 
     </span>
    </p>
   </div>
   <div class='ocr_carea' id='block_1_65' title="bbox 114 3275 340 3348">
    <p class='ocr_par' dir='ltr' id='par_1_65' title="bbox 114 3275 340 3348">
     <span class='ocr_line' id='line_1_65' title="bbox 114 3275 340 3348; baseline 0.018 -18"><span class='ocrx_word' id='word_1_468' title='bbox 114 3275 340 3348; x_wconf 79' lang='grc' dir='ltr'>ἔλεγεν.</span> 
     </span>
    </p>
   </div>
   <div class='ocr_carea' id='block_1_66' title="bbox 451 3458 1407 3533">
    <p class='ocr_par' dir='ltr' id='par_1_66' title="bbox 451 3458 1407 3533">
     <span class='ocr_line' id='line_1_66' title="bbox 451 3458 1407 3533; baseline 0.007 -22"><span class='ocrx_word' id='word_1_469' title='bbox 451 3458 535 3513; x_wconf 79' lang='lat' dir='ltr'><strong>N&#39;.</strong></span> <span class='ocrx_word' id='word_1_470' title='bbox 561 3487 634 3499; x_wconf 88' lang='lat'><strong><em>—</em></strong></span> <span class='ocrx_word' id='word_1_471' title='bbox 660 3460 1073 3514; x_wconf 79' lang='grc' dir='ltr'><strong>ΑΡΙΣΤΟΚΛΕΙ</strong></span> <span class='ocrx_word' id='word_1_472' title='bbox 1100 3460 1407 3533; x_wconf 81' lang='grc' dir='ltr'><strong>ΜΟΝΑΧῼ.</strong></span> 
     </span>
    </p>
   </div>
   <div class='ocr_carea' id='block_1_67' title="bbox 197 3547 1709 3625">
    <p class='ocr_par' dir='ltr' id='par_1_67' title="bbox 197 3547 1709 3625">
     <span class='ocr_line' id='line_1_67' title="bbox 197 3547 1709 3625; baseline 0.005 -24"><span class='ocrx_word' id='word_1_473' title='bbox 197 3547 580 3614; x_wconf 75' lang='grc' dir='ltr'>Διστασιάζειν</span> <span class='ocrx_word' id='word_1_474' title='bbox 607 3549 791 3613; x_wconf 75' lang='grc' dir='ltr'>ἔοικας</span> <span class='ocrx_word' id='word_1_475' title='bbox 815 3551 951 3621; x_wconf 77' lang='grc' dir='ltr'>πρὸς</span> <span class='ocrx_word' id='word_1_476' title='bbox 978 3552 1191 3616; x_wconf 79' lang='grc' dir='ltr'>ἑαυτὸν,</span> <span class='ocrx_word' id='word_1_477' title='bbox 1217 3552 1358 3607; x_wconf 84' lang='grc' dir='ltr'>καλὰ</span> <span class='ocrx_word' id='word_1_478' title='bbox 1385 3554 1484 3625; x_wconf 84' lang='grc' dir='ltr'>μὲν</span> <span class='ocrx_word' id='word_1_479' title='bbox 1509 3552 1709 3618; x_wconf 83' lang='grc' dir='ltr'>λαλῶν.</span> 
     </span>
    </p>
   </div>
   <div class='ocr_carea' id='block_1_68' title="bbox 121 3640 1709 3718">
    <p class='ocr_par' dir='ltr' id='par_1_68' title="bbox 121 3640 1709 3718">
     <span class='ocr_line' id='line_1_68' title="bbox 121 3640 1709 3718; baseline 0.008 -28"><span class='ocrx_word' id='word_1_480' title='bbox 121 3640 281 3693; x_wconf 85' lang='grc' dir='ltr'>κακὰ</span> <span class='ocrx_word' id='word_1_481' title='bbox 308 3641 366 3694; x_wconf 83' lang='grc' dir='ltr'>δὲ</span> <span class='ocrx_word' id='word_1_482' title='bbox 398 3641 670 3713; x_wconf 84' lang='grc' dir='ltr'>πράττων,</span> <span class='ocrx_word' id='word_1_483' title='bbox 702 3645 796 3697; x_wconf 77' lang='grc' dir='ltr'>καὶ</span> <span class='ocrx_word' id='word_1_484' title='bbox 822 3644 1030 3699; x_wconf 84' lang='grc' dir='ltr'>λυττῶν</span> <span class='ocrx_word' id='word_1_485' title='bbox 1064 3646 1251 3718; x_wconf 83' lang='grc' dir='ltr'>ὥσπερ</span> <span class='ocrx_word' id='word_1_486' title='bbox 1303 3649 1352 3700; x_wconf 82' lang='lat' dir='ltr'><strong>oi</strong></span> <span class='ocrx_word' id='word_1_487' title='bbox 1396 3648 1578 3711; x_wconf 80' lang='grc' dir='ltr'>κύνες,</span> <span class='ocrx_word' id='word_1_488' title='bbox 1614 3650 1709 3702; x_wconf 82' lang='grc' dir='ltr'>καὶ</span> 
     </span>
    </p>
   </div>
   <div class='ocr_carea' id='block_1_69' title="bbox 123 3731 1704 3810">
    <p class='ocr_par' dir='ltr' id='par_1_69' title="bbox 123 3731 1704 3810">
     <span class='ocr_line' id='line_1_69' title="bbox 123 3731 1704 3810; baseline 0.008 -28"><span class='ocrx_word' id='word_1_489' title='bbox 123 3731 347 3795; x_wconf 76' lang='grc' dir='ltr'>πάντας</span> <span class='ocrx_word' id='word_1_490' title='bbox 375 3733 732 3789; x_wconf 80' lang='grc' dir='ltr'>καθυλακτῶν</span> <span class='ocrx_word' id='word_1_491' title='bbox 770 3737 1038 3804; x_wconf 81' lang='grc' dir='ltr'>ἀφειδῶς,</span> <span class='ocrx_word' id='word_1_492' title='bbox 1091 3738 1184 3792; x_wconf 77' lang='grc' dir='ltr'>καὶ</span> <span class='ocrx_word' id='word_1_493' title='bbox 1231 3740 1704 3810; x_wconf 82' lang='grc' dir='ltr'>ἀπερυθριάστως.</span> 
     </span>
    </p>
   </div>
   <div class='ocr_carea' id='block_1_70' title="bbox 136 3822 1709 3905">
    <p class='ocr_par' dir='ltr' id='par_1_70' title="bbox 136 3822 1709 3905">
     <span class='ocr_line' id='line_1_70' title="bbox 136 3822 1709 3905; baseline 0.009 -30"><span class='ocrx_word' id='word_1_494' title='bbox 136 3822 309 3877; x_wconf 75' lang='grc' dir='ltr'>Ἀλλὰ</span> <span class='ocrx_word' id='word_1_495' title='bbox 336 3824 431 3877; x_wconf 88' lang='grc' dir='ltr'><strong>νῦν</strong></span> <span class='ocrx_word' id='word_1_496' title='bbox 453 3824 585 3892; x_wconf 91' lang='grc' dir='ltr'>γοῦν</span> <span class='ocrx_word' id='word_1_497' title='bbox 612 3827 925 3898; x_wconf 84' lang='grc' dir='ltr'>διόρθωσαι,</span> <span class='ocrx_word' id='word_1_498' title='bbox 972 3829 1192 3898; x_wconf 84' lang='grc' dir='ltr'>ἁδελφὲ,</span> <span class='ocrx_word' id='word_1_499' title='bbox 1232 3832 1379 3893; x_wconf 76' lang='grc' dir='ltr'>ὅπως</span> <span class='ocrx_word' id='word_1_500' title='bbox 1409 3832 1484 3902; x_wconf 82' lang='grc' dir='ltr'>μὴ</span> <span class='ocrx_word' id='word_1_501' title='bbox 1511 3834 1709 3905; x_wconf 80' lang='grc' dir='ltr'>διαμά-</span> 
     </span>
    </p>
   </div>
   <div class='ocr_carea' id='block_1_71' title="bbox 123 3913 1494 3989">
    <p class='ocr_par' dir='ltr' id='par_1_71' title="bbox 123 3913 1494 3989">
     <span class='ocr_line' id='line_1_71' title="bbox 123 3913 1494 3989; baseline 0.007 -24"><span class='ocrx_word' id='word_1_502' title='bbox 123 3930 335 3982; x_wconf 81' lang='grc' dir='ltr'>χωνται</span> <span class='ocrx_word' id='word_1_503' title='bbox 369 3913 436 3969; x_wconf 72' lang='grc' dir='ltr'><strong>τὰ</strong></span> <span class='ocrx_word' id='word_1_504' title='bbox 463 3914 602 3986; x_wconf 80' lang='grc' dir='ltr'>ἔργα</span> <span class='ocrx_word' id='word_1_505' title='bbox 632 3933 726 3969; x_wconf 91' lang='grc' dir='ltr'><strong>σου</strong></span> <span class='ocrx_word' id='word_1_506' title='bbox 754 3917 833 3988; x_wconf 86' lang='grc' dir='ltr'>τῷ</span> <span class='ocrx_word' id='word_1_507' title='bbox 872 3917 1054 3989; x_wconf 86' lang='grc' dir='ltr'>σεμνῷ</span> <span class='ocrx_word' id='word_1_508' title='bbox 1095 3919 1494 3989; x_wconf 76' lang='grc' dir='ltr'>ὲπαγγέλματι.</span> 
     </span>
    </p>
   </div>
   <div class='ocr_carea' id='block_1_72' title="bbox 450 4007 1385 4084">
    <p class='ocr_par' dir='ltr' id='par_1_72' title="bbox 450 4007 1385 4084">
     <span class='ocr_line' id='line_1_72' title="bbox 450 4007 1385 4084; baseline 0.006 -25"><span class='ocrx_word' id='word_1_509' title='bbox 450 4007 578 4062; x_wconf 88' lang='lat' dir='ltr'><strong>NA&#39;.</strong></span> <span class='ocrx_word' id='word_1_510' title='bbox 604 4036 677 4050; x_wconf 81' lang='lat'>—</span> <span class='ocrx_word' id='word_1_511' title='bbox 705 4009 1031 4081; x_wconf 78' lang='grc' dir='ltr'><strong>ΒΙΚΕΝΤΙῼ</strong></span> <span class='ocrx_word' id='word_1_512' title='bbox 1081 4012 1385 4084; x_wconf 65' lang='lat' dir='ltr'><strong>Assum.</strong></span> 
     </span>
    </p>
   </div>
   <div class='ocr_carea' id='block_1_73' title="bbox 194 4095 1707 4177">
    <p class='ocr_par' dir='ltr' id='par_1_73' title="bbox 194 4095 1707 4177">
     <span class='ocr_line' id='line_1_73' title="bbox 194 4095 1707 4177; baseline 0.007 -29"><span class='ocrx_word' id='word_1_513' title='bbox 194 4095 367 4149; x_wconf 83' lang='grc' dir='ltr'>Ὅσον</span> <span class='ocrx_word' id='word_1_514' title='bbox 405 4097 576 4160; x_wconf 80' lang='grc' dir='ltr'>δοκεῖς</span> <span class='ocrx_word' id='word_1_515' title='bbox 606 4099 666 4152; x_wconf 81' lang='grc' dir='ltr'>τὸ</span> <span class='ocrx_word' id='word_1_516' title='bbox 706 4100 865 4169; x_wconf 84' lang='grc' dir='ltr'>σῶμα</span> <span class='ocrx_word' id='word_1_517' title='bbox 899 4101 1316 4172; x_wconf 83' lang='grc' dir='ltr'>σκληραγωγεῖν</span> <span class='ocrx_word' id='word_1_518' title='bbox 1361 4105 1424 4174; x_wconf 79' lang='grc' dir='ltr'>τῇ</span> <span class='ocrx_word' id='word_1_519' title='bbox 1463 4105 1707 4177; x_wconf 79' lang='grc' dir='ltr'>ἐπιπόνῳ</span> 
     </span>
    </p>
   </div>
   <div class='ocr_carea' id='block_1_74' title="bbox 125 4189 1705 4266">
    <p class='ocr_par' dir='ltr' id='par_1_74' title="bbox 125 4189 1705 4266">
     <span class='ocr_line' id='line_1_74' title="bbox 125 4189 1705 4266; baseline 0.008 -26"><span class='ocrx_word' id='word_1_520' title='bbox 125 4189 222 4241; x_wconf 78' lang='grc' dir='ltr'>καὶ</span> <span class='ocrx_word' id='word_1_521' title='bbox 250 4190 565 4262; x_wconf 75' lang='grc' dir='ltr'>τραχυτέρα</span> <span class='ocrx_word' id='word_1_522' title='bbox 606 4190 818 4263; x_wconf 80' lang='grc' dir='ltr'>διαίτῃ,</span> <span class='ocrx_word' id='word_1_523' title='bbox 867 4192 1104 4264; x_wconf 85' lang='grc' dir='ltr'>τοσοῦτῳ</span> <span class='ocrx_word' id='word_1_524' title='bbox 1140 4193 1339 4262; x_wconf 85' lang='grc' dir='ltr'>μᾶλλον</span> <span class='ocrx_word' id='word_1_525' title='bbox 1370 4195 1466 4266; x_wconf 77' lang='grc' dir='ltr'>τὴν</span> <span class='ocrx_word' id='word_1_526' title='bbox 1506 4198 1705 4252; x_wconf 90' lang='grc' dir='ltr'>σαυτοῦ</span> 
     </span>
    </p>
   </div>
   <div class='ocr_carea' id='block_1_75' title="bbox 125 4280 1705 4355">
    <p class='ocr_par' dir='ltr' id='par_1_75' title="bbox 125 4280 1705 4355">
     <span class='ocr_line' id='line_1_75' title="bbox 125 4280 1705 4355; baseline 0.009 -24"><span class='ocrx_word' id='word_1_527' title='bbox 125 4280 360 4350; x_wconf 73' lang='grc' dir='ltr'>καρδίαν</span> <span class='ocrx_word' id='word_1_528' title='bbox 404 4283 778 4347; x_wconf 86' lang='grc' dir='ltr'>ταπείνωσον,</span> <span class='ocrx_word' id='word_1_529' title='bbox 824 4286 1241 4351; x_wconf 76' lang='grc' dir='ltr'>κατευτελίζων,</span> <span class='ocrx_word' id='word_1_530' title='bbox 1290 4291 1383 4342; x_wconf 76' lang='grc' dir='ltr'><strong>καὶ</strong></span> <span class='ocrx_word' id='word_1_531' title='bbox 1416 4290 1705 4355; x_wconf 81' lang='grc' dir='ltr'>ἐξουδενῶν</span> 
     </span>
    </p>
   </div>
   <div class='ocr_carea' id='block_1_76' title="bbox 129 4372 1705 4455">
    <p class='ocr_par' dir='ltr' id='par_1_76' title="bbox 129 4372 1705 4455">
     <span class='ocr_line' id='line_1_76' title="bbox 129 4372 1705 4455; baseline 0.01 -32"><span class='ocrx_word' id='word_1_532' title='bbox 129 4373 353 4435; x_wconf 80' lang='grc' dir='ltr'>σαυτὸν,</span> <span class='ocrx_word' id='word_1_533' title='bbox 391 4372 478 4427; x_wconf 78' lang='grc' dir='ltr'>ἵνα</span> <span class='ocrx_word' id='word_1_534' title='bbox 524 4374 599 4446; x_wconf 86' lang='grc' dir='ltr'>μὴ</span> <span class='ocrx_word' id='word_1_535' title='bbox 636 4377 737 4446; x_wconf 88' lang='grc' dir='ltr'><strong>τῆς</strong></span> <span class='ocrx_word' id='word_1_536' title='bbox 768 4378 1073 4443; x_wconf 82' lang='grc' dir='ltr'>κενοδοξίας</span> <span class='ocrx_word' id='word_1_537' title='bbox 1105 4379 1289 4452; x_wconf 85' lang='grc' dir='ltr'>χώραν</span> <span class='ocrx_word' id='word_1_538' title='bbox 1341 4382 1611 4455; x_wconf 64' lang='grc' dir='ltr'>λαὸοὗσης</span> <span class='ocrx_word' id='word_1_539' title='bbox 1645 4388 1705 4439; x_wconf 88' lang='grc' dir='ltr'><strong>ἐν</strong></span> 
     </span>
    </p>
   </div>
   <div class='ocr_carea' id='block_1_77' title="bbox 1817 3180 3396 3254">
    <p class='ocr_par' dir='ltr' id='par_1_77' title="bbox 1817 3180 3396 3254">
     <span class='ocr_line' id='line_1_77' title="bbox 1817 3180 3396 3254; baseline 0.003 -21"><span class='ocrx_word' id='word_1_540' title='bbox 1817 3180 2016 3233; x_wconf 88' lang='lat' dir='ltr'><strong>studiis</strong></span> <span class='ocrx_word' id='word_1_541' title='bbox 2048 3181 2340 3247; x_wconf 89' lang='lat' dir='ltr'><strong>intumuit,</strong></span> <span class='ocrx_word' id='word_1_542' title='bbox 2394 3186 2748 3249; x_wconf 66' lang='lat' dir='ltr'><strong>exaestuavit,</strong></span> <span class='ocrx_word' id='word_1_543' title='bbox 2790 3193 2844 3238; x_wconf 92' lang='lat' dir='ltr'><strong>et</strong></span> <span class='ocrx_word' id='word_1_544' title='bbox 2890 3184 3045 3254; x_wconf 87' lang='lat' dir='ltr'><strong>quasi</strong></span> <span class='ocrx_word' id='word_1_545' title='bbox 3087 3199 3226 3254; x_wconf 82' lang='lat' dir='ltr'><strong>aqua</strong></span> <span class='ocrx_word' id='word_1_546' title='bbox 3260 3182 3396 3239; x_wconf 78' lang='lat' dir='ltr'><strong>sub-</strong></span> 
     </span>
    </p>
   </div>
   <div class='ocr_carea' id='block_1_78' title="bbox 1817 3276 3395 3347">
    <p class='ocr_par' dir='ltr' id='par_1_78' title="bbox 1817 3276 3395 3347">
     <span class='ocr_line' id='line_1_78' title="bbox 1817 3276 3395 3347; baseline 0.004 -23"><span class='ocrx_word' id='word_1_547' title='bbox 1817 3279 1906 3326; x_wconf 89' lang='lat' dir='ltr'><strong>tus</strong></span> <span class='ocrx_word' id='word_1_548' title='bbox 1934 3280 2113 3327; x_wconf 90' lang='lat' dir='ltr'><strong>cutem</strong></span> <span class='ocrx_word' id='word_1_549' title='bbox 2157 3276 2581 3344; x_wconf 76' lang='lat' dir='ltr'><strong>cogitationibus</strong></span> <span class='ocrx_word' id='word_1_550' title='bbox 2622 3276 2844 3332; x_wconf 83' lang='lat' dir='ltr'><strong>inﬂatus</strong></span> <span class='ocrx_word' id='word_1_551' title='bbox 2888 3284 2974 3331; x_wconf 87' lang='lat' dir='ltr'><strong>est</strong></span> <span class='ocrx_word' id='word_1_552' title='bbox 3008 3294 3022 3331; x_wconf 89' lang='lat'><strong>:</strong></span> <span class='ocrx_word' id='word_1_553' title='bbox 3064 3295 3083 3328; x_wconf 79' lang='grc' dir='ltr'><strong>ι</strong></span> <span class='ocrx_word' id='word_1_554' title='bbox 3120 3285 3174 3331; x_wconf 92' lang='lat' dir='ltr'><strong>et</strong></span> <span class='ocrx_word' id='word_1_555' title='bbox 3210 3276 3395 3347; x_wconf 83' lang='lat' dir='ltr'><strong>lingua</strong></span> 
     </span>
    </p>
   </div>
   <div class='ocr_carea' id='block_1_79' title="bbox 1815 3363 3391 3436">
    <p class='ocr_par' dir='ltr' id='par_1_79' title="bbox 1815 3363 3391 3436">
     <span class='ocr_line' id='line_1_79' title="bbox 1815 3363 3391 3436; baseline 0.006 -20"><span class='ocrx_word' id='word_1_556' title='bbox 1815 3363 1935 3433; x_wconf 80' lang='lat' dir='ltr'><strong>ejus</strong></span> <span class='ocrx_word' id='word_1_557' title='bbox 1976 3367 2245 3434; x_wconf 85' lang='lat' dir='ltr'><strong>percurrit</strong></span> <span class='ocrx_word' id='word_1_558' title='bbox 2280 3383 2445 3436; x_wconf 87' lang='lat' dir='ltr'><strong>super</strong></span> <span class='ocrx_word' id='word_1_559' title='bbox 2476 3378 2676 3422; x_wconf 86' lang='lat' dir='ltr'><strong>terram</strong></span> <span class='ocrx_word' id='word_1_560' title='bbox 2707 3369 2751 3400; x_wconf 80' lang='lat'><strong>‘°</strong></span> <span class='ocrx_word' id='word_1_561' title='bbox 2790 3388 2808 3421; x_wconf 73' lang='grc' dir='ltr'><strong>ι</strong></span> <span class='ocrx_word' id='word_1_562' title='bbox 2866 3377 2923 3422; x_wconf 83' lang='grc' dir='ltr'><strong>ιιι</strong></span> <span class='ocrx_word' id='word_1_563' title='bbox 2958 3368 3123 3422; x_wconf 81' lang='lat' dir='ltr'><strong>David</strong></span> <span class='ocrx_word' id='word_1_564' title='bbox 3152 3369 3391 3427; x_wconf 79' lang='lat' dir='ltr'><strong>dicebat.</strong></span> 
     </span>
    </p>
   </div>
   <div class='ocr_carea' id='block_1_80' title="bbox 2038 3455 3178 3527">
    <p class='ocr_par' dir='ltr' id='par_1_80' title="bbox 2038 3455 3178 3527">
     <span class='ocr_line' id='line_1_80' title="bbox 2038 3455 3178 3527; baseline -0.001 -13"><span class='ocrx_word' id='word_1_565' title='bbox 2038 3455 2195 3527; x_wconf 68' lang='grc'><strong>142</strong></span> <span class='ocrx_word' id='word_1_566' title='bbox 2238 3456 2297 3511; x_wconf 74' lang='grc' dir='ltr'>ι.</span> <span class='ocrx_word' id='word_1_567' title='bbox 2322 3487 2392 3497; x_wconf 91' lang='grc'><strong>-</strong></span> <span class='ocrx_word' id='word_1_568' title='bbox 2419 3456 2785 3513; x_wconf 84' lang='lat' dir='ltr'><strong>ARISTOCLI</strong></span> <span class='ocrx_word' id='word_1_569' title='bbox 2826 3458 3178 3514; x_wconf 80' lang='lat' dir='ltr'><strong>MONACHO.</strong></span> 
     </span>
    </p>
   </div>
   <div class='ocr_carea' id='block_1_81' title="bbox 1885 3544 3393 3621">
    <p class='ocr_par' dir='ltr' id='par_1_81' title="bbox 1885 3544 3393 3621">
     <span class='ocr_line' id='line_1_81' title="bbox 1885 3544 3393 3621; baseline 0.005 -20"><span class='ocrx_word' id='word_1_570' title='bbox 1885 3544 1967 3601; x_wconf 90' lang='lat' dir='ltr'><strong>Tu</strong></span> <span class='ocrx_word' id='word_1_571' title='bbox 2001 3556 2053 3601; x_wconf 91' lang='lat' dir='ltr'><strong>te</strong></span> <span class='ocrx_word' id='word_1_572' title='bbox 2080 3548 2198 3617; x_wconf 88' lang='lat' dir='ltr'><strong>ipse</strong></span> <span class='ocrx_word' id='word_1_573' title='bbox 2225 3564 2254 3601; x_wconf 90' lang='lat' dir='ltr'><strong>a</strong></span> <span class='ocrx_word' id='word_1_574' title='bbox 2293 3550 2584 3619; x_wconf 84' lang='lat' dir='ltr'><strong>temetipso</strong></span> <span class='ocrx_word' id='word_1_575' title='bbox 2622 3550 2944 3621; x_wconf 82' lang='lat' dir='ltr'><strong>discrepare</strong></span> <span class='ocrx_word' id='word_1_576' title='bbox 2975 3551 3180 3606; x_wconf 83' lang='lat' dir='ltr'><strong>videris</strong></span> <span class='ocrx_word' id='word_1_577' title='bbox 3203 3592 3219 3615; x_wconf 91' lang='lat'><strong>,</strong></span> <span class='ocrx_word' id='word_1_578' title='bbox 3261 3550 3393 3608; x_wconf 91' lang='lat' dir='ltr'><strong>dum</strong></span> 
     </span>
    </p>
   </div>
   <div class='ocr_carea' id='block_1_82' title="bbox 1814 3640 3390 3716">
    <p class='ocr_par' dir='ltr' id='par_1_82' title="bbox 1814 3640 3390 3716">
     <span class='ocr_line' id='line_1_82' title="bbox 1814 3640 3390 3716; baseline 0.004 -23"><span class='ocrx_word' id='word_1_579' title='bbox 1814 3640 2024 3710; x_wconf 84' lang='lat' dir='ltr'><strong>Optima</strong></span> <span class='ocrx_word' id='word_1_580' title='bbox 2053 3657 2287 3711; x_wconf 74' lang='lat' dir='ltr'><strong>quaeque</strong></span> <span class='ocrx_word' id='word_1_581' title='bbox 2334 3642 2568 3712; x_wconf 88' lang='lat' dir='ltr'><strong>loquens</strong></span> <span class='ocrx_word' id='word_1_582' title='bbox 2595 3683 2610 3706; x_wconf 95' lang='lat'><strong>,</strong></span> <span class='ocrx_word' id='word_1_583' title='bbox 2649 3645 2889 3713; x_wconf 84' lang='lat' dir='ltr'><strong>pessima</strong></span> <span class='ocrx_word' id='word_1_584' title='bbox 2929 3660 3094 3715; x_wconf 90' lang='lat' dir='ltr'><strong>opere</strong></span> <span class='ocrx_word' id='word_1_585' title='bbox 3128 3655 3390 3716; x_wconf 68' lang='lat' dir='ltr'><strong>praestas,</strong></span> 
     </span>
    </p>
   </div>
   <div class='ocr_carea' id='block_1_83' title="bbox 1811 3735 3392 3802">
    <p class='ocr_par' dir='ltr' id='par_1_83' title="bbox 1811 3735 3392 3802">
     <span class='ocr_line' id='line_1_83' title="bbox 1811 3735 3392 3802; baseline 0.002 -15"><span class='ocrx_word' id='word_1_586' title='bbox 1811 3742 1866 3787; x_wconf 90' lang='lat' dir='ltr'><strong>et</strong></span> <span class='ocrx_word' id='word_1_587' title='bbox 1894 3749 2050 3802; x_wconf 66' lang='lat' dir='ltr'><strong>aeque</strong></span> <span class='ocrx_word' id='word_1_588' title='bbox 2074 3749 2139 3787; x_wconf 88' lang='lat' dir='ltr'><strong>ac</strong></span> <span class='ocrx_word' id='word_1_589' title='bbox 2169 3749 2336 3789; x_wconf 89' lang='lat' dir='ltr'><strong>canes</strong></span> <span class='ocrx_word' id='word_1_590' title='bbox 2363 3774 2377 3797; x_wconf 89' lang='lat'><strong>,</strong></span> <span class='ocrx_word' id='word_1_591' title='bbox 2412 3735 2465 3789; x_wconf 93' lang='lat' dir='ltr'><strong>in</strong></span> <span class='ocrx_word' id='word_1_592' title='bbox 2506 3735 2711 3790; x_wconf 84' lang='lat' dir='ltr'><strong>rabiem</strong></span> <span class='ocrx_word' id='word_1_593' title='bbox 2747 3744 2939 3800; x_wconf 89' lang='lat' dir='ltr'><strong>actus,</strong></span> <span class='ocrx_word' id='word_1_594' title='bbox 2981 3738 3034 3791; x_wconf 92' lang='lat' dir='ltr'><strong>in</strong></span> <span class='ocrx_word' id='word_1_595' title='bbox 3066 3753 3256 3792; x_wconf 85' lang='lat' dir='ltr'><strong>omnes</strong></span> <span class='ocrx_word' id='word_1_596' title='bbox 3284 3738 3392 3790; x_wconf 87' lang='lat' dir='ltr'><strong>lar-</strong></span> 
     </span>
    </p>
   </div>
   <div class='ocr_carea' id='block_1_84' title="bbox 1811 3827 3391 3896">
    <p class='ocr_par' dir='ltr' id='par_1_84' title="bbox 1811 3827 3391 3896">
     <span class='ocr_line' id='line_1_84' title="bbox 1811 3827 3391 3896; baseline 0.003 -16"><span class='ocrx_word' id='word_1_597' title='bbox 1811 3828 1952 3894; x_wconf 86' lang='lat' dir='ltr'><strong>giter</strong></span> <span class='ocrx_word' id='word_1_598' title='bbox 1983 3827 2248 3896; x_wconf 89' lang='lat' dir='ltr'><strong>nulloque</strong></span> <span class='ocrx_word' id='word_1_599' title='bbox 2278 3828 2482 3881; x_wconf 80' lang='lat' dir='ltr'><strong>rubore</strong></span> <span class='ocrx_word' id='word_1_600' title='bbox 2515 3827 2760 3883; x_wconf 76' lang='lat' dir='ltr'><strong>sun‘usus</strong></span> <span class='ocrx_word' id='word_1_601' title='bbox 2788 3869 2802 3892; x_wconf 95' lang='lat'><strong>,</strong></span> <span class='ocrx_word' id='word_1_602' title='bbox 2844 3829 3109 3888; x_wconf 80' lang='lat' dir='ltr'><strong>oblati-as.</strong></span> <span class='ocrx_word' id='word_1_603' title='bbox 3143 3831 3211 3883; x_wconf 84' lang='lat' dir='ltr'><strong>At</strong></span> <span class='ocrx_word' id='word_1_604' title='bbox 3245 3845 3391 3884; x_wconf 89' lang='lat' dir='ltr'><strong>nunc</strong></span> 
     </span>
    </p>
   </div>
   <div class='ocr_carea' id='block_1_85' title="bbox 1811 3919 3385 3994">
    <p class='ocr_par' dir='ltr' id='par_1_85' title="bbox 1811 3919 3385 3994">
     <span class='ocr_line' id='line_1_85' title="bbox 1811 3919 3385 3994; baseline 0.003 -21"><span class='ocrx_word' id='word_1_605' title='bbox 1811 3920 2047 3988; x_wconf 86' lang='lat' dir='ltr'><strong>teipsnm</strong></span> <span class='ocrx_word' id='word_1_606' title='bbox 2081 3921 2297 3989; x_wconf 88' lang='lat' dir='ltr'><strong>corrige</strong></span> <span class='ocrx_word' id='word_1_607' title='bbox 2321 3961 2336 3985; x_wconf 83' lang='lat'><strong>,</strong></span> <span class='ocrx_word' id='word_1_608' title='bbox 2371 3919 2563 3983; x_wconf 77' lang='lat' dir='ltr'><strong>frater,</strong></span> <span class='ocrx_word' id='word_1_609' title='bbox 2598 3937 2667 3976; x_wconf 91' lang='lat' dir='ltr'><strong>ne</strong></span> <span class='ocrx_word' id='word_1_610' title='bbox 2698 3936 2728 3974; x_wconf 91' lang='lat' dir='ltr'><strong>a</strong></span> <span class='ocrx_word' id='word_1_611' title='bbox 2764 3922 2915 3990; x_wconf 83' lang='lat' dir='ltr'><strong>gravi</strong></span> <span class='ocrx_word' id='word_1_612' title='bbox 2957 3923 3385 3994; x_wconf 87' lang='lat' dir='ltr'><strong>venerandoque</strong></span> 
     </span>
    </p>
   </div>
   <div class='ocr_carea' id='block_1_86' title="bbox 1807 4010 2904 4080">
    <p class='ocr_par' dir='ltr' id='par_1_86' title="bbox 1807 4010 2904 4080">
     <span class='ocr_line' id='line_1_86' title="bbox 1807 4010 2904 4080; baseline 0.001 -16"><span class='ocrx_word' id='word_1_613' title='bbox 1807 4010 1933 4064; x_wconf 66' lang='lat' dir='ltr'><strong>vita:</strong></span> <span class='ocrx_word' id='word_1_614' title='bbox 1962 4019 2071 4065; x_wconf 72' lang='lat' dir='ltr'><strong>tua:</strong></span> <span class='ocrx_word' id='word_1_615' title='bbox 2102 4012 2354 4065; x_wconf 87' lang='lat' dir='ltr'><strong>instituto</strong></span> <span class='ocrx_word' id='word_1_616' title='bbox 2383 4027 2549 4080; x_wconf 91' lang='lat' dir='ltr'><strong>opera</strong></span> <span class='ocrx_word' id='word_1_617' title='bbox 2581 4011 2904 4065; x_wconf 87' lang='lat' dir='ltr'><strong>dissideant.</strong></span> 
     </span>
    </p>
   </div>
   <div class='ocr_carea' id='block_1_87' title="bbox 2073 4101 3071 4158">
    <p class='ocr_par' dir='ltr' id='par_1_87' title="bbox 2073 4101 3071 4158">
     <span class='ocr_line' id='line_1_87' title="bbox 2073 4101 3071 4158; baseline 0.005 -6"><span class='ocrx_word' id='word_1_618' title='bbox 2073 4148 2077 4152; x_wconf 91' lang='lat'><strong>.</strong></span> <span class='ocrx_word' id='word_1_619' title='bbox 2134 4101 2218 4158; x_wconf 91' lang='lat' dir='ltr'><strong>Ll.</strong></span> <span class='ocrx_word' id='word_1_620' title='bbox 2250 4133 2317 4143; x_wconf 90' lang='lat'><strong><em>—</em></strong></span> <span class='ocrx_word' id='word_1_621' title='bbox 2346 4101 2713 4157; x_wconf 68' lang='lat' dir='ltr'><strong>VINCENTIO</strong></span> <span class='ocrx_word' id='word_1_622' title='bbox 2751 4101 3071 4158; x_wconf 63' lang='lat' dir='ltr'><strong>ASCETIE.</strong></span> 
     </span>
    </p>
   </div>
   <div class='ocr_carea' id='block_1_88' title="bbox 1879 4194 3388 4264">
    <p class='ocr_par' dir='ltr' id='par_1_88' title="bbox 1879 4194 3388 4264">
     <span class='ocr_line' id='line_1_88' title="bbox 1879 4194 3388 4264; baseline 0 -15"><span class='ocrx_word' id='word_1_623' title='bbox 1879 4196 2096 4262; x_wconf 89' lang='lat' dir='ltr'><strong>Quanto</strong></span> <span class='ocrx_word' id='word_1_624' title='bbox 2141 4212 2343 4264; x_wconf 78' lang='lat' dir='ltr'><strong>corpus</strong></span> <span class='ocrx_word' id='word_1_625' title='bbox 2393 4205 2548 4250; x_wconf 89' lang='lat' dir='ltr'><strong>tuttm</strong></span> <span class='ocrx_word' id='word_1_626' title='bbox 2606 4196 2969 4249; x_wconf 84' lang='lat' dir='ltr'><strong>laboriosiore</strong></span> <span class='ocrx_word' id='word_1_627' title='bbox 3020 4205 3073 4250; x_wconf 88' lang='lat' dir='ltr'><strong>et</strong></span> <span class='ocrx_word' id='word_1_628' title='bbox 3109 4194 3388 4264; x_wconf 86' lang='lat' dir='ltr'><strong>asperiore</strong></span> 
     </span>
    </p>
   </div>
   <div class='ocr_carea' id='block_1_89' title="bbox 1806 4283 3388 4357">
    <p class='ocr_par' dir='ltr' id='par_1_89' title="bbox 1806 4283 3388 4357">
     <span class='ocr_line' id='line_1_89' title="bbox 1806 4283 3388 4357; baseline -0.003 -14"><span class='ocrx_word' id='word_1_629' title='bbox 1806 4290 1919 4343; x_wconf 90' lang='lat' dir='ltr'><strong>vita</strong></span> <span class='ocrx_word' id='word_1_630' title='bbox 1952 4289 2163 4343; x_wconf 86' lang='lat' dir='ltr'><strong>duriter</strong></span> <span class='ocrx_word' id='word_1_631' title='bbox 2190 4283 2252 4343; x_wconf 69' lang='lat' dir='ltr'><strong>ac</strong></span> <span class='ocrx_word' id='word_1_632' title='bbox 2284 4289 2509 4342; x_wconf 87' lang='lat' dir='ltr'><strong>minime</strong></span> <span class='ocrx_word' id='word_1_633' title='bbox 2538 4288 2883 4357; x_wconf 83' lang='lat' dir='ltr'><strong>indulgenter</strong></span> <span class='ocrx_word' id='word_1_634' title='bbox 2908 4286 3006 4341; x_wconf 88' lang='lat' dir='ltr'><strong>tibi</strong></span> <span class='ocrx_word' id='word_1_635' title='bbox 3033 4287 3231 4340; x_wconf 78' lang='lat' dir='ltr'><strong>videris</strong></span> <span class='ocrx_word' id='word_1_636' title='bbox 3266 4303 3388 4357; x_wconf 82' lang='lat' dir='ltr'><strong>per-</strong></span> 
     </span>
    </p>
   </div>
   <div class='ocr_carea' id='block_1_90' title="bbox 1808 4377 3387 4448">
    <p class='ocr_par' dir='ltr' id='par_1_90' title="bbox 1808 4377 3387 4448">
     <span class='ocr_line' id='line_1_90' title="bbox 1808 4377 3387 4448; baseline -0.003 -15"><span class='ocrx_word' id='word_1_637' title='bbox 1808 4389 2074 4440; x_wconf 87' lang='lat' dir='ltr'><strong>tractare,</strong></span> <span class='ocrx_word' id='word_1_638' title='bbox 2131 4387 2281 4433; x_wconf 85' lang='lat' dir='ltr'><strong>tanto</strong></span> <span class='ocrx_word' id='word_1_639' title='bbox 2338 4380 2509 4448; x_wconf 86' lang='lat' dir='ltr'><strong>magis</strong></span> <span class='ocrx_word' id='word_1_640' title='bbox 2542 4394 2638 4433; x_wconf 92' lang='lat' dir='ltr'><strong>cor</strong></span> <span class='ocrx_word' id='word_1_641' title='bbox 2666 4389 2817 4433; x_wconf 88' lang='lat' dir='ltr'><strong>tuum</strong></span> <span class='ocrx_word' id='word_1_642' title='bbox 2864 4377 3130 4441; x_wconf 88' lang='lat' dir='ltr'><strong>humilia,</strong></span> <span class='ocrx_word' id='word_1_643' title='bbox 3194 4386 3387 4433; x_wconf 84' lang='lat' dir='ltr'><strong>temet-</strong></span> 
     </span>
    </p>
   </div>
   <div class='ocr_carea' id='block_1_91' title="bbox 128 4464 1705 4543">
    <p class='ocr_par' dir='ltr' id='par_1_91' title="bbox 128 4464 1702 4543">
     <span class='ocr_line' id='line_1_91' title="bbox 128 4464 1702 4543; baseline 0.011 -29"><span class='ocrx_word' id='word_1_644' title='bbox 128 4464 231 4528; x_wconf 78' lang='grc' dir='ltr'>σοὶ,</span> <span class='ocrx_word' id='word_1_645' title='bbox 273 4466 399 4519; x_wconf 75' lang='grc' dir='ltr'>ἀντὶ</span> <span class='ocrx_word' id='word_1_646' title='bbox 426 4466 621 4533; x_wconf 88' lang='grc' dir='ltr'>πυοοῦ,</span> <span class='ocrx_word' id='word_1_647' title='bbox 657 4469 846 4541; x_wconf 85' lang='grc' dir='ltr'>κνίδην</span> <span class='ocrx_word' id='word_1_648' title='bbox 890 4471 1134 4543; x_wconf 84' lang='grc' dir='ltr'>θερίσῃς,</span> <span class='ocrx_word' id='word_1_649' title='bbox 1178 4474 1273 4527; x_wconf 76' lang='grc' dir='ltr'>καὶ</span> <span class='ocrx_word' id='word_1_650' title='bbox 1301 4476 1349 4528; x_wconf 91' lang='grc' dir='ltr'><strong>οί</strong></span> <span class='ocrx_word' id='word_1_651' title='bbox 1376 4475 1535 4529; x_wconf 80' lang='grc' dir='ltr'>κόποι</span> <span class='ocrx_word' id='word_1_652' title='bbox 1563 4477 1702 4531; x_wconf 74' lang='grc' dir='ltr'>ἀπό·</span> 
     </span>
    </p>
   </div>
   <div class='ocr_carea' id='block_1_92' title="bbox 1817 4464 3385 4543">
    <p class='ocr_par' dir='ltr' id='par_1_92' title="bbox 1817 4470 3385 4542">
     <span class='ocr_line' id='line_1_92' title="bbox 1817 4470 3385 4542; baseline -0.001 -17"><span class='ocrx_word' id='word_1_653' title='bbox 1817 4474 1986 4542; x_wconf 81' lang='lat' dir='ltr'><strong>ipsum</strong></span> <span class='ocrx_word' id='word_1_654' title='bbox 2018 4471 2357 4541; x_wconf 83' lang='lat' dir='ltr'><strong>vilipendens</strong></span> <span class='ocrx_word' id='word_1_655' title='bbox 2386 4487 2450 4526; x_wconf 84' lang='lat' dir='ltr'><strong>ac</strong></span> <span class='ocrx_word' id='word_1_656' title='bbox 2487 4470 2641 4525; x_wconf 88' lang='lat' dir='ltr'><strong>nihili</strong></span> <span class='ocrx_word' id='word_1_657' title='bbox 2678 4471 2921 4534; x_wconf 77' lang='lat' dir='ltr'><strong>faciens,</strong></span> <span class='ocrx_word' id='word_1_658' title='bbox 2959 4488 3025 4525; x_wconf 89' lang='lat' dir='ltr'><strong>ne</strong></span> <span class='ocrx_word' id='word_1_659' title='bbox 3076 4471 3129 4525; x_wconf 89' lang='lat' dir='ltr'><strong>in</strong></span> <span class='ocrx_word' id='word_1_660' title='bbox 3164 4481 3214 4525; x_wconf 88' lang='lat' dir='ltr'><strong>te</strong></span> <span class='ocrx_word' id='word_1_661' title='bbox 3247 4485 3385 4524; x_wconf 89' lang='lat' dir='ltr'><strong>vana</strong></span> 
     </span>
    </p>
   </div>
   <div class='ocr_carea' id='block_1_93' title="bbox 126 4553 339 4611">
    <p class='ocr_par' dir='ltr' id='par_1_93' title="bbox 126 4553 339 4611">
     <span class='ocr_line' id='line_1_93' title="bbox 126 4553 339 4611; baseline 0.023 -4"><span class='ocrx_word' id='word_1_662' title='bbox 126 4553 339 4611; x_wconf 77' lang='grc' dir='ltr'>λννται.</span> 
     </span>
    </p>
   </div>
   <div class='ocr_carea' id='block_1_94' title="bbox 408 4732 1418 4817">
    <p class='ocr_par' dir='ltr' id='par_1_94' title="bbox 408 4732 1418 4817">
     <span class='ocr_line' id='line_1_94' title="bbox 408 4732 1418 4817; baseline 0.017 -32"><span class='ocrx_word' id='word_1_663' title='bbox 408 4732 534 4787; x_wconf 82' lang='grc' dir='ltr'><strong>ΝΒ¹.</strong></span> <span class='ocrx_word' id='word_1_664' title='bbox 561 4765 630 4775; x_wconf 93' lang='grc'><strong>--</strong></span> <span class='ocrx_word' id='word_1_665' title='bbox 656 4736 1055 4813; x_wconf 75' lang='grc' dir='ltr'><strong>ΠᾹΝΗΓΥΡΙῼ</strong></span> <span class='ocrx_word' id='word_1_666' title='bbox 1103 4745 1418 4817; x_wconf 75' lang='grc' dir='ltr'><strong>ΜΟΝΔΧῼ.</strong></span> 
     </span>
    </p>
   </div>
   <div class='ocr_carea' id='block_1_95' title="bbox 198 4822 1704 4910">
    <p class='ocr_par' dir='ltr' id='par_1_95' title="bbox 198 4822 1704 4910">
     <span class='ocr_line' id='line_1_95' title="bbox 198 4822 1704 4910; baseline 0.014 -35"><span class='ocrx_word' id='word_1_667' title='bbox 198 4822 305 4876; x_wconf 81' lang='grc' dir='ltr'>Ἕκ</span> <span class='ocrx_word' id='word_1_668' title='bbox 322 4840 484 4878; x_wconf 83' lang='grc' dir='ltr'>τινων</span> <span class='ocrx_word' id='word_1_669' title='bbox 505 4830 753 4897; x_wconf 85' lang='grc' dir='ltr'>σημείων</span> <span class='ocrx_word' id='word_1_670' title='bbox 777 4834 973 4903; x_wconf 88' lang='grc' dir='ltr'>νοήσας</span> <span class='ocrx_word' id='word_1_671' title='bbox 997 4835 1026 4888; x_wconf 83' lang='grc' dir='ltr'>ὁ</span> <span class='ocrx_word' id='word_1_672' title='bbox 1054 4839 1309 4909; x_wconf 85' lang='grc' dir='ltr'>πονηρὸς,</span> <span class='ocrx_word' id='word_1_673' title='bbox 1340 4840 1425 4892; x_wconf 82' lang='grc' dir='ltr'>ὅτι</span> <span class='ocrx_word' id='word_1_674' title='bbox 1454 4840 1704 4910; x_wconf 79' lang='grc' dir='ltr'>εὐλογίας</span> 
     </span>
    </p>
   </div>
   <div class='ocr_carea' id='block_1_96' title="bbox 125 4909 1705 5002">
    <p class='ocr_par' dir='ltr' id='par_1_96' title="bbox 125 4909 1705 5002">
     <span class='ocr_line' id='line_1_96' title="bbox 125 4909 1705 5002; baseline 0.015 -37"><span class='ocrx_word' id='word_1_675' title='bbox 125 4909 350 4985; x_wconf 86' lang='grc' dir='ltr'>λογικῆς</span> <span class='ocrx_word' id='word_1_676' title='bbox 392 4917 700 4990; x_wconf 82' lang='grc' dir='ltr'>τετύχηκας</span> <span class='ocrx_word' id='word_1_677' title='bbox 742 4921 835 4977; x_wconf 78' lang='grc' dir='ltr'>διὰ</span> <span class='ocrx_word' id='word_1_678' title='bbox 889 4925 989 4995; x_wconf 86' lang='grc' dir='ltr'><strong>τῆς</strong></span> <span class='ocrx_word' id='word_1_679' title='bbox 1038 4927 1210 4999; x_wconf 86' lang='grc' dir='ltr'>καλῆς</span> <span class='ocrx_word' id='word_1_680' title='bbox 1261 4932 1565 5002; x_wconf 80' lang='grc' dir='ltr'>ἐργασίας,</span> <span class='ocrx_word' id='word_1_681' title='bbox 1594 4909 1705 4989; x_wconf 82' lang='grc' dir='ltr'>καὶ</span> 
     </span>
    </p>
   </div>
   <div class='ocr_carea' id='block_1_97' title="bbox 127 5003 1705 5090">
    <p class='ocr_par' dir='ltr' id='par_1_97' title="bbox 127 5003 1705 5090">
     <span class='ocr_line' id='line_1_97' title="bbox 127 5003 1705 5090; baseline 0.016 -36"><span class='ocrx_word' id='word_1_682' title='bbox 127 5003 286 5074; x_wconf 81' lang='grc' dir='ltr'>χάριν</span> <span class='ocrx_word' id='word_1_683' title='bbox 321 5005 614 5077; x_wconf 82' lang='grc' dir='ltr'>οὐρανόθεν</span> <span class='ocrx_word' id='word_1_684' title='bbox 648 5010 881 5081; x_wconf 75' lang='grc' dir='ltr'>εἴληφας</span> <span class='ocrx_word' id='word_1_685' title='bbox 907 5055 922 5079; x_wconf 90' lang='grc'><strong>,</strong></span> <span class='ocrx_word' id='word_1_686' title='bbox 973 5017 1226 5090; x_wconf 85' lang='grc' dir='ltr'>καθάπερ</span> <span class='ocrx_word' id='word_1_687' title='bbox 1269 5023 1298 5074; x_wconf 86' lang='grc' dir='ltr'><strong>ό</strong></span> <span class='ocrx_word' id='word_1_688' title='bbox 1340 5021 1567 5084; x_wconf 77' lang='grc' dir='ltr'>Ἰακὼϐ,</span> <span class='ocrx_word' id='word_1_689' title='bbox 1606 5025 1705 5078; x_wconf 75' lang='grc' dir='ltr'>καὶ</span> 
     </span>
    </p>
   </div>
   <div class='ocr_carea' id='block_1_98' title="bbox 130 5095 1704 5189">
    <p class='ocr_par' dir='ltr' id='par_1_98' title="bbox 130 5095 1704 5189">
     <span class='ocr_line' id='line_1_98' title="bbox 130 5095 1704 5189; baseline 0.015 -44"><span class='ocrx_word' id='word_1_690' title='bbox 130 5095 328 5189; x_wconf 63' lang='grc' dir='ltr'>παντες</span> <span class='ocrx_word' id='word_1_691' title='bbox 354 5098 404 5150; x_wconf 76' lang='lat' dir='ltr'><strong>oi</strong></span> <span class='ocrx_word' id='word_1_692' title='bbox 434 5102 674 5170; x_wconf 87' lang='grc' dir='ltr'>γνησίως</span> <span class='ocrx_word' id='word_1_693' title='bbox 697 5102 1108 5172; x_wconf 86' lang='grc' dir='ltr'>δεδουλευκότες</span> <span class='ocrx_word' id='word_1_694' title='bbox 1138 5111 1277 5182; x_wconf 87' lang='grc' dir='ltr'>Θεῷ,</span> <span class='ocrx_word' id='word_1_695' title='bbox 1323 5116 1391 5185; x_wconf 74' lang='grc' dir='ltr'><strong>τῇ</strong></span> <span class='ocrx_word' id='word_1_696' title='bbox 1431 5113 1704 5189; x_wconf 75' lang='grc' dir='ltr'>βασκανία</span> 
     </span>
    </p>
   </div>
   <div class='ocr_carea' id='block_1_99' title="bbox 129 5185 1699 5280">
    <p class='ocr_par' dir='ltr' id='par_1_99' title="bbox 129 5185 1699 5280">
     <span class='ocr_line' id='line_1_99' title="bbox 129 5185 1699 5280; baseline 0.015 -44"><span class='ocrx_word' id='word_1_697' title='bbox 129 5185 356 5256; x_wconf 76' lang='grc' dir='ltr'>πληγεὶς</span> <span class='ocrx_word' id='word_1_698' title='bbox 386 5191 415 5243; x_wconf 83' lang='grc' dir='ltr'>ὁ</span> <span class='ocrx_word' id='word_1_699' title='bbox 443 5191 853 5265; x_wconf 77' lang='grc' dir='ltr'>μισάνθρωπος,</span> <span class='ocrx_word' id='word_1_700' title='bbox 885 5200 981 5252; x_wconf 87' lang='grc' dir='ltr'>καὶ</span> <span class='ocrx_word' id='word_1_701' title='bbox 1010 5205 1357 5272; x_wconf 85' lang='grc' dir='ltr'>τετρωμένος</span> <span class='ocrx_word' id='word_1_702' title='bbox 1388 5206 1466 5276; x_wconf 84' lang='grc' dir='ltr'>τῷ</span> <span class='ocrx_word' id='word_1_703' title='bbox 1495 5185 1699 5280; x_wconf 64' lang='grc' dir='ltr'>φθόνῳ,</span> 
     </span>
    </p>
   </div>
   <div class='ocr_carea' id='block_1_100' title="bbox 134 5282 1702 5367">
    <p class='ocr_par' dir='ltr' id='par_1_100' title="bbox 134 5282 1702 5367">
     <span class='ocr_line' id='line_1_100' title="bbox 134 5282 1702 5367; baseline 0.011 -32"><span class='ocrx_word' id='word_1_704' title='bbox 134 5282 396 5351; x_wconf 77' lang='grc' dir='ltr'>μεγάλους</span> <span class='ocrx_word' id='word_1_705' title='bbox 428 5286 570 5339; x_wconf 84' lang='grc' dir='ltr'>κατὰ</span> <span class='ocrx_word' id='word_1_706' title='bbox 613 5287 709 5340; x_wconf 90' lang='grc' dir='ltr'><strong>σοῦ</strong></span> <span class='ocrx_word' id='word_1_707' title='bbox 746 5290 920 5361; x_wconf 74' lang='grc' dir='ltr'>ἀνῆψε</span> <span class='ocrx_word' id='word_1_708' title='bbox 966 5291 1094 5355; x_wconf 82' lang='grc' dir='ltr'>τοὺς</span> <span class='ocrx_word' id='word_1_709' title='bbox 1136 5297 1478 5364; x_wconf 83' lang='grc' dir='ltr'>πειρασμοὺς</span> <span class='ocrx_word' id='word_1_710' title='bbox 1512 5298 1702 5367; x_wconf 86' lang='grc' dir='ltr'>βουλό-</span> 
     </span>
    </p>
   </div>
   <div class='ocr_carea' id='block_1_101' title="bbox 133 5377 1697 5459">
    <p class='ocr_par' dir='ltr' id='par_1_101' title="bbox 133 5377 1697 5459">
     <span class='ocr_line' id='line_1_101' title="bbox 133 5377 1697 5459; baseline 0.012 -33"><span class='ocrx_word' id='word_1_711' title='bbox 133 5391 288 5442; x_wconf 86' lang='grc' dir='ltr'>μενος</span> <span class='ocrx_word' id='word_1_712' title='bbox 323 5377 419 5429; x_wconf 79' lang='grc' dir='ltr'>καὶ</span> <span class='ocrx_word' id='word_1_713' title='bbox 456 5378 708 5449; x_wconf 78' lang='grc' dir='ltr'>ἐκθλίψαι</span> <span class='ocrx_word' id='word_1_714' title='bbox 746 5382 846 5452; x_wconf 82' lang='grc' dir='ltr'>τὴν</span> <span class='ocrx_word' id='word_1_715' title='bbox 879 5383 1167 5452; x_wconf 83' lang='grc' dir='ltr'>φιλάρετον</span> <span class='ocrx_word' id='word_1_716' title='bbox 1204 5386 1407 5459; x_wconf 80' lang='grc' dir='ltr'>ψυχὴν,</span> <span class='ocrx_word' id='word_1_717' title='bbox 1441 5390 1697 5444; x_wconf 83' lang='grc' dir='ltr'>ὑποτιθέ-</span> 
     </span>
    </p>
   </div>
   <div class='ocr_carea' id='block_1_102' title="bbox 135 5466 1698 5553">
    <p class='ocr_par' dir='ltr' id='par_1_102' title="bbox 135 5466 1698 5553">
     <span class='ocr_line' id='line_1_102' title="bbox 135 5466 1698 5553; baseline 0.012 -35"><span class='ocrx_word' id='word_1_718' title='bbox 135 5466 286 5532; x_wconf 88' lang='grc' dir='ltr'>μενός</span> <span class='ocrx_word' id='word_1_719' title='bbox 333 5484 389 5520; x_wconf 69' lang='grc' dir='ltr'><strong>τε</strong></span> <span class='ocrx_word' id='word_1_720' title='bbox 436 5470 563 5533; x_wconf 77' lang='grc' dir='ltr'>τοὺς</span> <span class='ocrx_word' id='word_1_721' title='bbox 596 5475 867 5543; x_wconf 79' lang='grc' dir='ltr'>πονηροὺς</span> <span class='ocrx_word' id='word_1_722' title='bbox 907 5475 1226 5546; x_wconf 78' lang='grc' dir='ltr'>λογισμοὺς.</span> <span class='ocrx_word' id='word_1_723' title='bbox 1270 5481 1365 5532; x_wconf 80' lang='grc' dir='ltr'>καὶ</span> <span class='ocrx_word' id='word_1_724' title='bbox 1397 5480 1529 5551; x_wconf 80' lang='grc' dir='ltr'>πρὸς</span> <span class='ocrx_word' id='word_1_725' title='bbox 1559 5482 1698 5553; x_wconf 77' lang='grc' dir='ltr'>ἔργα</span> 
     </span>
    </p>
   </div>
   <div class='ocr_carea' id='block_1_103' title="bbox 131 5554 1698 5638">
    <p class='ocr_par' dir='ltr' id='par_1_103' title="bbox 131 5554 1698 5638">
     <span class='ocr_line' id='line_1_103' title="bbox 131 5554 1698 5638; baseline 0.013 -30"><span class='ocrx_word' id='word_1_726' title='bbox 131 5554 363 5629; x_wconf 74' lang='grc' dir='ltr'>βλαϐερὰ</span> <span class='ocrx_word' id='word_1_727' title='bbox 420 5560 651 5631; x_wconf 77' lang='grc' dir='ltr'>ἐκϐῆναι</span> <span class='ocrx_word' id='word_1_728' title='bbox 706 5567 1119 5624; x_wconf 83' lang='grc' dir='ltr'>κατασπεύδων.</span> <span class='ocrx_word' id='word_1_729' title='bbox 1170 5570 1281 5624; x_wconf 78' lang='grc' dir='ltr'><strong>Καὶ</strong></span> <span class='ocrx_word' id='word_1_730' title='bbox 1334 5571 1488 5638; x_wconf 81' lang='grc' dir='ltr'>ξένον</span> <span class='ocrx_word' id='word_1_731' title='bbox 1543 5574 1698 5628; x_wconf 82' lang='grc' dir='ltr'>οὐδὲν</span> 
     </span>
    </p>
   </div>
   <div class='ocr_carea' id='block_1_104' title="bbox 1804 4562 3387 4633">
    <p class='ocr_par' dir='ltr' id='par_1_104' title="bbox 1804 4562 3387 4633">
     <span class='ocr_line' id='line_1_104' title="bbox 1804 4562 3387 4633; baseline 0 -17"><span class='ocrx_word' id='word_1_732' title='bbox 1804 4563 1976 4633; x_wconf 87' lang='lat' dir='ltr'><strong>gloria</strong></span> <span class='ocrx_word' id='word_1_733' title='bbox 2013 4563 2189 4617; x_wconf 89' lang='lat' dir='ltr'><strong>locum</strong></span> <span class='ocrx_word' id='word_1_734' title='bbox 2223 4570 2526 4632; x_wconf 82' lang='lat' dir='ltr'><strong>occupante</strong></span> <span class='ocrx_word' id='word_1_735' title='bbox 2557 4576 2679 4617; x_wconf 75' lang='lat' dir='ltr'><strong>loco</strong></span> <span class='ocrx_word' id='word_1_736' title='bbox 2711 4562 2972 4618; x_wconf 79' lang='lat' dir='ltr'><strong>frumenti</strong></span> <span class='ocrx_word' id='word_1_737' title='bbox 3007 4563 3239 4617; x_wconf 89' lang='lat' dir='ltr'><strong>urticam</strong></span> <span class='ocrx_word' id='word_1_738' title='bbox 3271 4580 3387 4616; x_wconf 89' lang='lat' dir='ltr'><strong>mc-</strong></span> 
     </span>
    </p>
   </div>
   <div class='ocr_carea' id='block_1_105' title="bbox 1804 4654 2607 4725">
    <p class='ocr_par' dir='ltr' id='par_1_105' title="bbox 1804 4654 2607 4725">
     <span class='ocr_line' id='line_1_105' title="bbox 1804 4654 2607 4725; baseline -0.001 -16"><span class='ocrx_word' id='word_1_739' title='bbox 1804 4664 1922 4719; x_wconf 87' lang='lat' dir='ltr'><strong>tas,</strong></span> <span class='ocrx_word' id='word_1_740' title='bbox 1955 4665 2007 4709; x_wconf 88' lang='lat' dir='ltr'><strong>et</strong></span> <span class='ocrx_word' id='word_1_741' title='bbox 2042 4655 2257 4709; x_wconf 84' lang='lat' dir='ltr'><strong>labores</strong></span> <span class='ocrx_word' id='word_1_742' title='bbox 2286 4654 2607 4725; x_wconf 88' lang='lat' dir='ltr'><strong>perdantnr.</strong></span> 
     </span>
    </p>
   </div>
   <div class='ocr_carea' id='block_1_106' title="bbox 2092 4744 3104 4802">
    <p class='ocr_par' dir='ltr' id='par_1_106' title="bbox 2092 4744 3104 4802">
     <span class='ocr_line' id='line_1_106' title="bbox 2092 4744 3104 4802; baseline 0 -3"><span class='ocrx_word' id='word_1_743' title='bbox 2092 4744 2197 4799; x_wconf 87' lang='lat' dir='ltr'><strong>LII.</strong></span> <span class='ocrx_word' id='word_1_744' title='bbox 2225 4775 2289 4784; x_wconf 90' lang='lat'><strong>—</strong></span> <span class='ocrx_word' id='word_1_745' title='bbox 2321 4744 2721 4800; x_wconf 74' lang='lat' dir='ltr'><strong>PANEGYIHO</strong></span> <span class='ocrx_word' id='word_1_746' title='bbox 2756 4744 3104 4802; x_wconf 76' lang='lat' dir='ltr'><strong>MONACHO.</strong></span> 
     </span>
    </p>
   </div>
   <div class='ocr_carea' id='block_1_107' title="bbox 1872 4834 3383 4906">
    <p class='ocr_par' dir='ltr' id='par_1_107' title="bbox 1872 4834 3383 4906">
     <span class='ocr_line' id='line_1_107' title="bbox 1872 4834 3383 4906; baseline -0.002 -17"><span class='ocrx_word' id='word_1_747' title='bbox 1872 4836 2211 4902; x_wconf 76' lang='lat' dir='ltr'><strong>Quibusdam</strong></span> <span class='ocrx_word' id='word_1_748' title='bbox 2264 4836 2438 4906; x_wconf 88' lang='lat' dir='ltr'><strong>signis</strong></span> <span class='ocrx_word' id='word_1_749' title='bbox 2490 4837 2902 4906; x_wconf 79' lang='lat' dir='ltr'><strong>deprehendens</strong></span> <span class='ocrx_word' id='word_1_750' title='bbox 2957 4839 3227 4906; x_wconf 89' lang='lat' dir='ltr'><strong>pessimus</strong></span> <span class='ocrx_word' id='word_1_751' title='bbox 3275 4834 3383 4888; x_wconf 67' lang='lat' dir='ltr'><strong>dse—</strong></span> 
     </span>
    </p>
   </div>
   <div class='ocr_carea' id='block_1_108' title="bbox 1804 4928 3381 4998">
    <p class='ocr_par' dir='ltr' id='par_1_108' title="bbox 1804 4928 3381 4998">
     <span class='ocr_line' id='line_1_108' title="bbox 1804 4928 3381 4998; baseline -0.004 -14"><span class='ocrx_word' id='word_1_752' title='bbox 1804 4945 1970 4992; x_wconf 90' lang='lat' dir='ltr'><strong>mon,</strong></span> <span class='ocrx_word' id='word_1_753' title='bbox 2034 4940 2087 4984; x_wconf 90' lang='lat' dir='ltr'><strong>te</strong></span> <span class='ocrx_word' id='word_1_754' title='bbox 2124 4929 2378 4983; x_wconf 88' lang='lat' dir='ltr'><strong>rationali</strong></span> <span class='ocrx_word' id='word_1_755' title='bbox 2441 4930 2819 4985; x_wconf 90' lang='lat' dir='ltr'><strong>benedictione</strong></span> <span class='ocrx_word' id='word_1_756' title='bbox 2876 4944 2973 4998; x_wconf 87' lang='lat' dir='ltr'><strong>per</strong></span> <span class='ocrx_word' id='word_1_757' title='bbox 3024 4928 3163 4982; x_wconf 91' lang='lat' dir='ltr'><strong>bona</strong></span> <span class='ocrx_word' id='word_1_758' title='bbox 3216 4942 3381 4997; x_wconf 86' lang='lat' dir='ltr'><strong>opera</strong></span> 
     </span>
    </p>
   </div>
   <div class='ocr_carea' id='block_1_109' title="bbox 1802 5018 3383 5091">
    <p class='ocr_par' dir='ltr' id='par_1_109' title="bbox 1802 5018 3383 5091">
     <span class='ocr_line' id='line_1_109' title="bbox 1802 5018 3383 5091; baseline -0.003 -16"><span class='ocrx_word' id='word_1_759' title='bbox 1802 5023 2083 5091; x_wconf 67' lang='lat' dir='ltr'><strong>potitum,</strong></span> <span class='ocrx_word' id='word_1_760' title='bbox 2139 5022 2493 5089; x_wconf 80' lang='lat' dir='ltr'><strong>ccelestisque</strong></span> <span class='ocrx_word' id='word_1_761' title='bbox 2541 5022 2764 5090; x_wconf 71' lang='lat' dir='ltr'><strong>gratiae,</strong></span> <span class='ocrx_word' id='word_1_762' title='bbox 2820 5018 3278 5088; x_wconf 86' lang='lat' dir='ltr'><strong>quemadmodqu</strong></span> <span class='ocrx_word' id='word_1_763' title='bbox 3326 5026 3383 5071; x_wconf 89' lang='lat' dir='ltr'><strong>et</strong></span> 
     </span>
    </p>
   </div>
   <div class='ocr_carea' id='block_1_110' title="bbox 1796 5109 3382 5182">
    <p class='ocr_par' dir='ltr' id='par_1_110' title="bbox 1796 5109 3382 5182">
     <span class='ocr_line' id='line_1_110' title="bbox 1796 5109 3382 5182; baseline -0.004 -14"><span class='ocrx_word' id='word_1_764' title='bbox 1796 5113 1991 5180; x_wconf 86' lang='lat' dir='ltr'><strong>Jacob,</strong></span> <span class='ocrx_word' id='word_1_765' title='bbox 2030 5122 2085 5169; x_wconf 89' lang='lat' dir='ltr'><strong>et</strong></span> <span class='ocrx_word' id='word_1_766' title='bbox 2113 5128 2338 5177; x_wconf 87' lang='lat' dir='ltr'><strong>omnes,</strong></span> <span class='ocrx_word' id='word_1_767' title='bbox 2374 5115 2467 5181; x_wconf 90' lang='lat' dir='ltr'><strong>qui</strong></span> <span class='ocrx_word' id='word_1_768' title='bbox 2506 5114 2738 5182; x_wconf 76' lang='lat' dir='ltr'><strong>ingenue</strong></span> <span class='ocrx_word' id='word_1_769' title='bbox 2769 5125 3003 5179; x_wconf 84' lang='lat' dir='ltr'><strong>vereque</strong></span> <span class='ocrx_word' id='word_1_770' title='bbox 3039 5109 3148 5164; x_wconf 90' lang='lat' dir='ltr'><strong>Deo</strong></span> <span class='ocrx_word' id='word_1_771' title='bbox 3178 5109 3382 5165; x_wconf 88' lang='lat' dir='ltr'><strong>servie-</strong></span> 
     </span>
    </p>
   </div>
   <div class='ocr_carea' id='block_1_111' title="bbox 1799 5202 3379 5277">
    <p class='ocr_par' dir='ltr' id='par_1_111' title="bbox 1799 5202 3379 5277">
     <span class='ocr_line' id='line_1_111' title="bbox 1799 5202 3379 5277; baseline -0.007 -14"><span class='ocrx_word' id='word_1_772' title='bbox 1799 5220 1960 5267; x_wconf 84' lang='lat' dir='ltr'><strong>runt.</strong></span> <span class='ocrx_word' id='word_1_773' title='bbox 1997 5208 2317 5277; x_wconf 87' lang='lat' dir='ltr'><strong>participem</strong></span> <span class='ocrx_word' id='word_1_774' title='bbox 2354 5205 2557 5260; x_wconf 79' lang='lat' dir='ltr'><strong>factum</strong></span> <span class='ocrx_word' id='word_1_775' title='bbox 2584 5247 2601 5270; x_wconf 92' lang='lat'><strong>,</strong></span> <span class='ocrx_word' id='word_1_776' title='bbox 2639 5203 2936 5259; x_wconf 89' lang='lat' dir='ltr'><strong>invidentia</strong></span> <span class='ocrx_word' id='word_1_777' title='bbox 2973 5204 3064 5257; x_wconf 89' lang='lat' dir='ltr'><strong>illa</strong></span> <span class='ocrx_word' id='word_1_778' title='bbox 3098 5202 3379 5256; x_wconf 85' lang='lat' dir='ltr'><strong>hominum</strong></span> 
     </span>
    </p>
   </div>
   <div class='ocr_carea' id='block_1_112' title="bbox 1798 5294 3381 5369">
    <p class='ocr_par' dir='ltr' id='par_1_112' title="bbox 1798 5294 3381 5369">
     <span class='ocr_line' id='line_1_112' title="bbox 1798 5294 3381 5369; baseline -0.005 -15"><span class='ocrx_word' id='word_1_779' title='bbox 1798 5316 1927 5355; x_wconf 88' lang='lat' dir='ltr'><strong>osor</strong></span> <span class='ocrx_word' id='word_1_780' title='bbox 1955 5314 2250 5369; x_wconf 78' lang='lat' dir='ltr'><strong>percussus</strong></span> <span class='ocrx_word' id='word_1_781' title='bbox 2269 5339 2285 5361; x_wconf 97' lang='lat'><strong>,</strong></span> <span class='ocrx_word' id='word_1_782' title='bbox 2324 5306 2374 5352; x_wconf 87' lang='lat' dir='ltr'><strong>et</strong></span> <span class='ocrx_word' id='word_1_783' title='bbox 2406 5297 2535 5352; x_wconf 92' lang='lat' dir='ltr'><strong>odio</strong></span> <span class='ocrx_word' id='word_1_784' title='bbox 2568 5298 2793 5353; x_wconf 86' lang='lat' dir='ltr'><strong>saucius</strong></span> <span class='ocrx_word' id='word_1_785' title='bbox 2820 5296 3068 5367; x_wconf 87' lang='lat' dir='ltr'><strong>ingentes</strong></span> <span class='ocrx_word' id='word_1_786' title='bbox 3098 5294 3227 5349; x_wconf 81' lang='lat' dir='ltr'><strong>inte</strong></span> <span class='ocrx_word' id='word_1_787' title='bbox 3256 5302 3381 5347; x_wconf 84' lang='lat' dir='ltr'><strong>tcu-</strong></span> 
     </span>
    </p>
   </div>
   <div class='ocr_carea' id='block_1_113' title="bbox 1806 5384 3378 5460">
    <p class='ocr_par' dir='ltr' id='par_1_113' title="bbox 1806 5384 3378 5460">
     <span class='ocr_line' id='line_1_113' title="bbox 1806 5384 3378 5460; baseline -0.005 -14"><span class='ocrx_word' id='word_1_788' title='bbox 1806 5393 2038 5446; x_wconf 85' lang='lat' dir='ltr'><strong>tationes</strong></span> <span class='ocrx_word' id='word_1_789' title='bbox 2061 5390 2304 5444; x_wconf 84' lang='lat' dir='ltr'><strong>incendit</strong></span> <span class='ocrx_word' id='word_1_790' title='bbox 2331 5429 2346 5452; x_wconf 94' lang='lat'><strong>,</strong></span> <span class='ocrx_word' id='word_1_791' title='bbox 2381 5404 2448 5444; x_wconf 89' lang='lat' dir='ltr'><strong>eo</strong></span> <span class='ocrx_word' id='word_1_792' title='bbox 2482 5405 2684 5460; x_wconf 87' lang='lat' dir='ltr'><strong>scopo.</strong></span> <span class='ocrx_word' id='word_1_793' title='bbox 2718 5397 2777 5442; x_wconf 92' lang='lat' dir='ltr'><strong>ut</strong></span> <span class='ocrx_word' id='word_1_794' title='bbox 2804 5390 3041 5442; x_wconf 90' lang='lat' dir='ltr'><strong>animam</strong></span> <span class='ocrx_word' id='word_1_795' title='bbox 3082 5384 3378 5439; x_wconf 87' lang='lat' dir='ltr'><strong>virtutibus</strong></span> 
     </span>
    </p>
   </div>
   <div class='ocr_carea' id='block_1_114' title="bbox 1804 5479 3377 5552">
    <p class='ocr_par' dir='ltr' id='par_1_114' title="bbox 1804 5479 3377 5552">
     <span class='ocr_line' id='line_1_114' title="bbox 1804 5479 3377 5552; baseline -0.007 -14"><span class='ocrx_word' id='word_1_796' title='bbox 1804 5483 2041 5539; x_wconf 77' lang='lat' dir='ltr'><strong>deditam</strong></span> <span class='ocrx_word' id='word_1_797' title='bbox 2091 5482 2347 5552; x_wconf 83' lang='lat' dir='ltr'><strong>dejiciat,</strong></span> <span class='ocrx_word' id='word_1_798' title='bbox 2404 5497 2705 5551; x_wconf 85' lang='lat' dir='ltr'><strong>pravasque</strong></span> <span class='ocrx_word' id='word_1_799' title='bbox 2752 5479 3115 5551; x_wconf 82' lang='lat' dir='ltr'><strong>cogitationes</strong></span> <span class='ocrx_word' id='word_1_800' title='bbox 3172 5489 3377 5544; x_wconf 86' lang='lat' dir='ltr'><strong>suppo-</strong></span> 
     </span>
    </p>
   </div>
   <div class='ocr_carea' id='block_1_115' title="bbox 1804 5564 3376 5645">
    <p class='ocr_par' dir='ltr' id='par_1_115' title="bbox 1804 5564 3376 5645">
     <span class='ocr_line' id='line_1_115' title="bbox 1804 5564 3376 5645; baseline -0.006 -17"><span class='ocrx_word' id='word_1_801' title='bbox 1804 5590 1976 5641; x_wconf 87' lang='lat' dir='ltr'><strong>nens,</strong></span> <span class='ocrx_word' id='word_1_802' title='bbox 2027 5583 2081 5629; x_wconf 91' lang='lat' dir='ltr'><strong>et</strong></span> <span class='ocrx_word' id='word_1_803' title='bbox 2118 5574 2187 5628; x_wconf 88' lang='lat' dir='ltr'><strong>ad</strong></span> <span class='ocrx_word' id='word_1_804' title='bbox 2235 5574 2581 5645; x_wconf 83' lang='lat' dir='ltr'><strong>operationes</strong></span> <span class='ocrx_word' id='word_1_805' title='bbox 2620 5573 2823 5627; x_wconf 79' lang='lat' dir='ltr'><strong>.noxias</strong></span> <span class='ocrx_word' id='word_1_806' title='bbox 2890 5568 3241 5641; x_wconf 88' lang='lat' dir='ltr'><strong>compellens.</strong></span> <span class='ocrx_word' id='word_1_807' title='bbox 3291 5564 3376 5619; x_wconf 65' lang='lat' dir='ltr'><strong>Nil</strong></span> 
     </span>
    </p>
   </div>
   <div class='ocr_carea' id='block_1_116' title="bbox 221 5735 1705 5818">
    <p class='ocr_par' dir='ltr' id='par_1_116' title="bbox 221 5735 1705 5814">
     <span class='ocr_line' id='line_1_116' title="bbox 221 5735 1705 5814; baseline 0.011 -24"><span class='ocrx_word' id='word_1_808' title='bbox 221 5737 241 5767; x_wconf 89' lang='grc'><strong><em>⁷</em></strong></span> <span class='ocrx_word' id='word_1_809' title='bbox 270 5735 415 5792; x_wconf 87' lang='lat' dir='ltr'><strong>Psal.</strong></span> <span class='ocrx_word' id='word_1_810' title='bbox 445 5757 652 5809; x_wconf 81' lang='lat' dir='ltr'><strong>uxvu,</strong></span> <span class='ocrx_word' id='word_1_811' title='bbox 680 5742 770 5810; x_wconf 65' lang='grc' dir='ltr'><strong>ΞΗ,</strong></span> <span class='ocrx_word' id='word_1_812' title='bbox 798 5744 888 5799; x_wconf 70' lang='lat'><strong>9.5.</strong></span> <span class='ocrx_word' id='word_1_813' title='bbox 964 5745 1010 5778; x_wconf 76' lang='grc'>⁸⁸</span> <span class='ocrx_word' id='word_1_814' title='bbox 1033 5747 1211 5803; x_wconf 79' lang='lat' dir='ltr'><strong>Galat.</strong></span> <span class='ocrx_word' id='word_1_815' title='bbox 1241 5766 1294 5814; x_wconf 91' lang='lat' dir='ltr'><strong>v,</strong></span> <span class='ocrx_word' id='word_1_816' title='bbox 1324 5749 1414 5805; x_wconf 75' lang='lat'><strong>9.5.</strong></span> <span class='ocrx_word' id='word_1_817' title='bbox 1495 5750 1538 5782; x_wconf 84' lang='lat'>”</span> <span class='ocrx_word' id='word_1_818' title='bbox 1570 5747 1705 5807; x_wconf 81' lang='lat' dir='ltr'><strong>Osee</strong></span> 
     </span>
    </p>
   </div>
   <div class='ocr_carea' id='block_1_117' title="bbox 1817 5735 2577 5818">
    <p class='ocr_par' dir='ltr' id='par_1_117' title="bbox 1827 5746 2577 5818">
     <span class='ocr_line' id='line_1_117' title="bbox 1827 5746 2577 5818; baseline -0.007 -12"><span class='ocrx_word' id='word_1_819' title='bbox 1827 5766 1889 5818; x_wconf 86' lang='lat' dir='ltr'><strong>tt,</strong></span> <span class='ocrx_word' id='word_1_820' title='bbox 1922 5749 1974 5803; x_wconf 88' lang='lat'><strong>7.</strong></span> <span class='ocrx_word' id='word_1_821' title='bbox 2052 5750 2097 5781; x_wconf 74' lang='grc' dir='ltr'><strong>⁸ο</strong></span> <span class='ocrx_word' id='word_1_822' title='bbox 2123 5749 2271 5806; x_wconf 86' lang='lat' dir='ltr'><strong>Psal.</strong></span> <span class='ocrx_word' id='word_1_823' title='bbox 2314 5764 2486 5813; x_wconf 70' lang='grc' dir='ltr'>ωιτη,</span> <span class='ocrx_word' id='word_1_824' title='bbox 2521 5746 2577 5801; x_wconf 86' lang='lat'><strong>9.</strong></span> 
     </span>
    </p>
   </div>
  </div>
