3888 6040
111 262 222 328 2⁸25

1325 255 1858 317 EPISTOLARUM
1894 256 2039 316 LIB.
2083 257 2109 315 Ι
2117 257 2165 315 l.

3283 255 3391 319 226

109 374 224 427 τῶν
255 370 582 426 ἀποστόλων
610 368 915 441 γενόμενοι,
966 367 1152 439 λύχνοι
1177 367 1322 430 τινὲς
1356 368 1604 439 ὑπῆρχον
1648 366 1709 420 ὲν

1816 380 1900 420 res
1929 367 2322 436 apostolorum,
2364 365 2602 420 lucernae
2629 373 2787 420 erant
2830 365 2887 420 i'n
2917 368 3161 422 tenebris
3196 381 3389 424 tucen-

115 466 320 534 σκοτιᾷ
364 462 661 533 φαίνοντες,
682 464 777 516 καὶ
803 461 1029 533 ἀστέρες
1048 459 1331 525 ἀπλανεῖς,
1359 459 1459 529 τὴν
1496 456 1709 527 ἀφεγγῆ

111 556 209 609 τοῦ
243 555 601 628 ἀνθρωπίνου
634 554 749 624 βίου
809 553 1247 621 καταυγάζοντες
1282 550 1470 612 νύκτα,
1504 552 1598 603 καὶ
1625 548 1710 601 λι·-

118 647 307 717 μένων
336 648 592 718 πρόϐολοι
626 648 701 718 τῷ
730 647 851 701 καθ’
890 645 1118 707 ἑαυτοὺς
1172 643 1512 712 ἀχειμάστῳ,
1545 642 1711 694 πᾶσιν

112 739 352 801 εὔκολος
380 738 788 800 ὑποδεικνύντες
820 737 880 789 τὸ
911 736 1188 810 διαφυγεῖν
1210 732 1460 794 ἀϐλαϐῶς
1482 730 1579 792 τὰς
1601 728 1711 783 τῶν

118 830 319 883 παθῶν
358 830 684 902 προσϐολάς.
708 829 877 890 Αὐτὸς
907 828 962 881 δὲ
988 825 1257 886 τοσαύτας
1284 823 1459 893 ψυχὰς
1490 823 1711 891 ὑποχει-

122 926 275 994 ρίους
311 920 763 993 ἕχων,ὲξώρισας
813 920 911 991 μὲν
959 919 1055 990 τὴν
1092 916 1313 987 ἀρετὴν,
1360 916 1451 968 καὶ
1494 913 1712 984 μακρὰν

120 1015 506 1084 ὲιρνγάδευσας
530 1053 545 1080 ,
581 1012 658 1083 τῷ
696 1013 752 1065 δὲ
807 1012 985 1065 σκότει
1033 1010 1132 1079 τῆς
1165 1008 1447 1078 πονηρίας,
1485 1007 1579 1059 καὶ
1614 1006 1713 1076 τῆς

121 1104 486 1174 κακοηθείας,
536 1103 597 1157 τὸ
651 1103 850 1157 σαυτοῦ
911 1102 1202 1172 πρόσωπον
1263 1094 1706 1169 ἡδέωςέγκαλύ-

120 1206 217 1245 πτε
230 1210 304 1255 ις,
334 1196 431 1246 καὶ
460 1194 538 1256 είς
571 1192 881 1258 κακοεξίαν,
916 1193 1010 1245 καὶ
1040 1188 1306 1260 χειμῶνα,
1338 1188 1432 1240 καὶ
1467 1185 1714 1256 ταραχὰς

120 1282 450 1343 ἀπαύστους
500 1281 787 1351 ἐμϐάλλεις
835 1283 960 1343 τοὺς
998 1279 1280 1346 ἀδελφοὺς,
1310 1278 1404 1330 καὶ
1451 1276 1713 1330 ἀπολέσαι

124 1372 387 1437 σπεύδεις
431 1373 556 1437 τοὺς
609 1372 850 1443 σωθῆναι
883 1371 1213 1439 ὀφείλοντας.
1258 1370 1368 1423 Καὶ
1404 1369 1486 1431 τίς
1516 1385 1575 1421 σε
1605 1367 1715 1440 ἄρα

122 1466 401 1537 λυτρώσει
430 1467 525 1535 τῆς
554 1465 775 1519 αἰωνίου
805 1464 1079 1527 κολάσεως
1097 1462 1385 1534 ςιφοόερδν
1405 1462 1510 1532 γὰρ
1535 1461 1595 1514 τὸ
1614 1464 1716 1533 έμ-

122 1559 317 1610 πεσεῖν
351 1560 434 1621 είς
460 1559 647 1628 χεῖρας
667 1555 803 1609 Θεοῦ
835 1556 1057 1620 ζῶντος.
1092 1574 1111 1607 ι

523 1730 657 1785 NH'.
690 1760 762 1772 -
784 1731 988 1803 ΑΕΤΙῼ
1016 1731 1328 1803 ΜυΝΑΧῼ.

206 1822 438 1893 Ἐπειδὴ
461 1823 583 1893 οὐχὶ
614 1823 1115 1894 ταπεινοφροσύνης
1164 1824 1342 1894 χάριν,
1384 1824 1518 1878 άλλά
1560 1842 1713 1878 κενο-

125 1913 306 1978 δοξίας
344 1915 583 1987 μετέρχῃ
614 1916 712 1987 τὴν
734 1915 1060 1984 ἀνάγνωσιν,
1098 1916 1187 1969 διὰ
1214 1915 1371 1970 τοῦτο
1404 1917 1709 1988 παραμένει

132 2021 210 2058 σοι
238 2006 270 2058 ὁ
304 2006 410 2075 τῆς
440 2006 693 2076 πορνείας
734 2007 1035 2077 πειρασμός
1058 2024 1072 2038 ο
1103 2009 1164 2060 οὐ
1192 2008 1302 2079 γὰρ
1340 2010 1607 2080 συμφέρει
1634 2009 1712 2081 τῷ

128 2095 326 2164 ἄφρονι
357 2095 561 2165 τρυφὴ,
621 2096 741 2149 οὐδὲ
796 2095 873 2166 τῷ
916 2098 1281 2167 τετυφωμένῳ
1312 2099 1371 2151 τὸ
1396 2101 1482 2151 ἀεὶ
1511 2102 1711 2168 ἀναγι-

129 2186 391 2252 νώσκειν,
426 2189 518 2240 καὶ
542 2188 641 2258 τῆς
667 2187 965 2260 ὑψηγορίας
994 2189 1306 2245 ἀπολαύειν.
1351 2192 1413 2243 Ἦ
1435 2192 1539 2263 γάρ
1579 2191 1713 2260 γνῶ-

134 2294 213 2339 σις
254 2281 448 2345 φυσιεῖ
485 2277 677 2352 [φυσῖα
692 2280 738 2351 ?J
766 2283 855 2333 ἐπὶ
894 2282 1028 2335 πολὺ
1062 2282 1151 2335 τὸν
1184 2283 1708 2355 ματαιοφρονοῦντα,

131 2366 224 2418 καὶ
255 2368 718 2437 ἀπονενοημένον,
749 2372 841 2421 καὶ
864 2369 1089 2439 βλάπτει
1121 2371 1210 2424 τὸν
1236 2371 1490 2435 ἀλαζόνα,
1521 2371 1711 2442 ὥσπερ

133 2460 161 2510 ὁ
183 2453 325 2519 οἶνος
349 2459 443 2524 τὸν
473 2461 806 2530 πυρέττοντα
830 2461 1075 2531 βλάπτει.
1108 2464 1269 2517 Ὥστε
1298 2461 1390 2518 οὖν
1411 2466 1712 2537 κενωθῆναι

132 2547 191 2599 τὸ
208 2548 448 2618 φύσημα
469 2550 566 2619 τῆς
589 2550 787 2621 ψυχῆς,
812 2553 1123 2620 ἀναγκαίως
1151 2556 1179 2607 ὁ
1207 2554 1413 2625 δαίμων
1443 2556 1710 2627 ἐφέστηκε

135 2640 365 2703 πιέζων,
405 2642 497 2694 καὶ
519 2641 814 2713 ἐξελέγχων
841 2643 933 2697 τὸν
960 2648 1395 2717 πεφυσιωμένον.
1420 2649 1481 2701 Εἰ
1502 2650 1558 2702 δὲ
1587 2650 1713 2720 βού-

134 2730 212 2783 λει
243 2730 439 2784 τοῦτον
459 2732 582 2785 ἰδεῖν
612 2733 804 2787 θᾶττον
833 2737 1235 2809 ὑποχωροῦντα,
1264 2739 1485 2811 θέλησον
1510 2742 1713 2810 φθάσαι

135 2822 222 2873 τὸν
254 2826 361 2892 τῆς
391 2827 890 2897 ταπεινοφροσύνης
932 2830 1327 2885 ἀκατάσειστον
1356 2834 1586 2904 πύργον,
1619 2835 1713 2889 καὶ

137 2917 607 2988 καθοπλισάμενος
636 2924 756 2985 ταῖς
798 2920 1161 2995 ἀγρυπνίαις,
1198 2928 1291 2979 καὶ
1336 2931 1457 2992 ταῖς
1489 2929 1714 2993 πολλαῖς

138 3015 490 3082 προσευχαῖς,
521 3016 615 3066 καὶ
652 3018 716 3085 τῇ
751 3015 856 3069 τῶν
883 3018 1113 3087 ψαλμῶν
1168 3020 1371 3091 ἐπῳδῇ,
1413 3021 1711 3093 ὀφθαλμοῖς
1737 3037 1783 3099 c

138 3102 441 3177 θεωρήσεις
469 3106 563 3160 τοῦ
591 3107 784 3181 ἐχθροῦ
807 3109 904 3180 τὴν
937 3112 1233 3163 ἀπώλειαν.

455 3197 582 3253 ΝΘι.
624 3228 687 3240 ρ-
731 3200 1055 3254 χΑΡιΤυΝι
1091 3202 1396 3275 ΜΟΝΑΧῼ.

207 3287 323 3340 Οὐκ
356 3287 502 3340 ἔστιν
532 3290 773 3360 ἁμαρτία
804 3295 863 3343 τδ
909 3293 1043 3363 πρὸς
1077 3292 1250 3363 βραχὺ
1300 3296 1617 3363 προσελθεῖν
1644 3301 1711 3369 τῇ

142 3378 261 3429 καθ’
286 3381 503 3449 ἡμέραν
552 3385 725 3453 τροφῇ
781 3384 838 3435 ἐν
897 3388 961 3454 τῇ
1011 3388 1318 3458 τεταγμένῃ
1347 3387 1484 3459 ὥρᾳ.
1516 3390 1634 3461 Χρὴ
1657 3392 1716 3445 δὲ

141 3467 323 3522 λοιπὸν
356 3470 494 3540 μετὰ
515 3472 575 3525 τὸ
614 3475 1153 3544 προσταπεινωθῆναι.
1183 3481 1246 3547 τῇ
1281 3480 1438 3549 χρείᾳ.
1488 3482 1580 3533 τοῦ
1618 3481 1716 3534 σώ-

148 3576 334 3628 ματος,
364 3561 535 3627 ὀξέως
580 3563 742 3616 πάλιν
801 3565 881 3626 είς
936 3564 1028 3616 τὸν
1074 3566 1299 3634 οὐρανὸν
1348 3569 1547 3639 κοῦφον
1581 3574 1713 3624 ἀνα-

151 3651 386 3720 πέμπειν
416 3652 479 3706 τὸ
502 3655 778 3725 φρόνημα,
798 3655 964 3726 μηδὲν
988 3656 1046 3709 ἐν
1069 3657 1215 3728 αὑτῷ
1240 3663 1715 3735 συνανακουφίζων

144 3742 246 3795 τῶν
270 3743 476 3814 χοῖκῶν
504 3747 939 3816 φφντισμάτων.
1344 3774 1349 3781 ι

493 3836 567 3892 Ξν.
601 3869 667 3879 -
702 3839 995 3910 ΑΔΡΙΑΝῼ
1049 3842 1361 3914 ΜΟΝΑΧῼ.

211 3930 311 3983 Διά
348 3929 404 3983 τί
440 3932 505 3984 ὲκ
553 3932 752 4002 πολλῆς
813 3933 907 3986 καὶ
966 3935 1198 4004 ἀκαίρου
1262 3936 1541 4006 φροντίδος
1590 3954 1711 3990 κιν-

147 4018 381 4084 δυνεύεις
461 4023 541 4084 είς
614 4023 872 4076 ἀπιστίαν
940 4027 1164 4087 πεσεῖν.
1223 4026 1538 4097 προσδοκῶν
1576 4026 1710 4081 Θεοῦ

149 4109 563 4179 ἑγκάταλειψιν,
612 4114 705 4166 καὶ
762 4113 867 4166 τῶν
914 4114 1233 4185 ἐπιτηδείων
1291 4117 1388 4187 τὴν
1444 4116 1707 4189 ἔλλειψινς

153 4201 332 4270 Ἔχεις
354 4202 465 4273 γὰρ
491 4203 553 4274 δὴ
607 4207 743 4269 τέως
792 4206 943 4270 τινὰς
985 4208 1432 4277 ἐπικουροῦντας,
1486 4210 1711 4282 καὶτῆς

149 4289 343 4361 πολλῆς
387 4308 479 4343 σου
540 4292 825 4357 ἀσθενείας
882 4294 1473 4366 ἀντιλαμϐανομένους,
1510 4299 1603 4352 τόν
1646 4316 1707 4353 τε

1812 466 1897 513 tes
1920 458 1985 521 ⁸³,
2019 469 2073 514 et
2095 459 2272 514 stellae
2297 474 2410 514 non
2438 467 2688 514 errantes
2713 459 3003 513 obscuram
3029 460 3152 514 vitae
3188 470 3391 516 nostra:

1809 558 2026 604 noctein
2048 551 2528 614 collustrantes,et
2551 552 2954 620 tranquillitate
2982 552 3204 621 prepria
3236 554 3390 607 omni

1810 642 2182 698 concitatione
2207 659 2379 698 vacua
2402 656 2656 714 portuum
2701 645 3135 714 propugnacula,
3171 644 3389 698 facilem

1812 732 2068 787 omnibus
2107 743 2594 802 praemonstrantes
2623 736 2790 797 viam,
2825 745 2885 789 ut
2922 736 3043 790 sine
3069 736 3389 791 discrimine

1812 824 2287 893 perturbationum
2322 826 2567 895 impetus
2612 826 2972 881 declinarent.
3000 826 3081 880 Tu
3115 842 3246 882 vero
3276 829 3392 897 ipse

1812 923 1898 969 tot
1933 915 2148 971 animas
2180 917 2283 971 sub
2326 926 2591 987 potestate
2631 918 2841 973 habens
2890 919 3082 973 virtuti
3134 919 3388 973 exsilium

1814 1008 2134 1078 imperasti,
2194 1010 2464 1080 longeque
2507 1025 2627 1064 eam
2700 1012 2913 1081 pulsam
2975 1012 3390 1076 exterminasti;

1814 1097 2113 1168 impietatis
2164 1114 2293 1155 vero
2344 1100 2589 1155 tenebris
2643 1109 2700 1155 et
2754 1092 3140 1171 perversitatis
3192 1102 3388 1155 faciem

1813 1196 1960 1242 tuam
2003 1189 2192 1242 libenti
2234 1190 2421 1244 animo
2462 1190 2737 1259 contegis,
2777 1199 2833 1245 et
2866 1192 2920 1245 in
2970 1206 3177 1261 pravos
3210 1207 3394 1247 mores

1812 1288 1867 1335 et
1888 1287 2268 1349 tempestates,
2300 1286 2355 1333 et
2398 1296 2678 1350 nunquam
2712 1290 2995 1337 cessantes
3051 1282 3244 1336 turbas
3278 1280 3392 1335 fra-

1813 1379 1927 1425 tres
1958 1372 2211 1440 conjicis,
2236 1378 2292 1426 et
2324 1371 2620 1426 salvandos
2654 1371 2708 1426 in
2754 1372 3119 1443 perditionem
3154 1376 3392 1427 maxima

1814 1459 2166 1514 contentione
2204 1459 2510 1529 protrudis.
2575 1459 2639 1513 Et
2695 1463 2821 1529 quis
2871 1470 2924 1515 te
2977 1476 3008 1515 a
3052 1462 3392 1531 sempiterna

1798 1563 1975 1619 .poana
2011 1548 2309 1603 liberabit?
2340 1568 2359 1600 ι
2390 1547 2755 1604 Tremendum
2775 1566 3013 1621 namque
3032 1561 3118 1608 est
3151 1553 3394 1608 incidere

1814 1639 1870 1694 in
1902 1654 2098 1693 manus
2126 1637 2220 1693 Dei
2254 1639 2493 1694 viventis
2520 1640 2587 1692 ⁸⁸.
2632 1659 2650 1690 ι

2150 1728 2334 1784 LVIII.
2369 1761 2441 1770 —
2478 1729 2693 1785 AETIO
2724 1730 3057 1786 MONACHO

1880 1819 2333 1890 Quandoquidem
2359 1837 2467 1877 non
2498 1823 2849 1887 humilitatis,
2887 1824 2982 1879 sed
3010 1825 3189 1880 inanis
3207 1825 3395 1895 gloriae

1812 1917 1985 1984 gratia
2020 1913 2323 1969 lectionem
2350 1916 2621 1985 capessis,
2651 1923 2939 1986 propterea
2971 1917 3025 1971 in
3059 1928 3111 1972 te
3139 1934 3393 1987 perseve-

1811 2012 1896 2058 rat
1938 2002 2317 2060 fornicationis
2360 2006 2591 2061 tentatio
2626 2024 2639 2058 :
2678 2022 2857 2076 neque
2901 2008 3047 2063 enim
3102 2012 3394 2066 commode

1812 2093 2025 2149 accedit
2062 2094 2347 2163 insipienti
2407 2095 2608 2161 luxus,
2652 2112 2830 2166 neque
2877 2098 3137 2167 superbia
3205 2098 3394 2153 inﬂato

1812 2194 2076 2256 perpetua
2112 2186 2314 2253 lectio,
2368 2194 2423 2242 et
2458 2187 2716 2245 sublimis
2771 2188 3038 2246 dictionis
3089 2191 3391 2260 possessio.

1811 2278 2065 2350 Cognitio
2106 2278 2378 2347 siquidem
2433 2279 2618 2333 inania
2650 2280 3027 2347 meditantem,
3075 2290 3130 2335 et
3164 2281 3394 2337 demen-

1812 2377 1947 2433 tem,
1990 2385 2056 2423 ae
2096 2376 2281 2424 mente
2329 2380 2549 2439 captum
2608 2371 2792 2434 inflat,
2841 2380 2897 2426 et
2953 2373 3189 2442 superbo
3212 2382 3392 2438 nocet,

1812 2459 2272 2529 quemadmodum
2312 2461 2500 2513 vinum
2555 2460 2705 2515 febre
2749 2461 3043 2516 laboranti.
3096 2460 3395 2532 Quousque

1813 2555 1997 2623 itaque
2025 2554 2193 2608 animi
2228 2553 2496 2624 superbia
2532 2561 2793 2607 evacuata
2827 2568 2936 2607 non
2977 2562 3097 2615 est,
3138 2569 3396 2615 necessa-

1813 2643 1895 2695 rio
1913 2643 2124 2697 daemon
2156 2642 2451 2697 imminens
2473 2642 2690 2712 premit,
2717 2641 3074 2713 inﬂatumque
3094 2644 3391 2714 redarguit.

1816 2732 1873 2787 Si
1897 2747 2031 2787 vero
2057 2732 2216 2804 1&6
2231 2734 2326 2788 tibi
2350 2735 2404 2788 in
2430 2736 2614 2789 animo
2634 2742 2740 2795 est,
2766 2750 2890 2789 eum
2911 2751 3076 2804 quam
3104 2737 3391 2801 citissime,

1814 2822 1989 2877 solum
2018 2829 2252 2885 vertere,
2285 2823 2508 2887 intueri,
2534 2824 2601 2877 ad
2638 2824 2962 2878 humilitatis
2981 2826 3171 2878 turrim
3203 2826 3395 2880 incon-

1813 2930 2031 2971 cussam
2064 2917 2335 2979 accedito,
2367 2925 2530 2987 teque
2565 2918 2794 2989 vigiliis.
2822 2926 2877 2972 et
2911 2920 3097 2973 multis
3130 2920 3395 2975 orationi-

1815 3006 1939 3069 bus.
1957 3017 2011 3062 et
2034 3010 2369 3077 psalmorum
2392 3018 2577 3073 cantu,
2599 3010 2766 3063 veluti
2787 3014 3069 3064 armatura
3088 3012 3393 3078 instruens,

1816 3098 1991 3154 hostis
2022 3099 2384 3169 perditionem
2419 3101 2594 3154 oculis
2632 3100 2963 3169 conspicies.

2077 3187 2215 3243 LIX.
2239 3219 2311 3229 —
2336 3188 2712 3245 CHARITONI
2763 3188 3118 3247 MUNACHO.

1882 3279 2002 3351 Non
2034 3289 2120 3337 est
2155 3290 2453 3351 peccatum
2485 3298 2579 3350 per
2612 3282 2774 3339 breve
2811 3293 3027 3353 tempus
3073 3283 3392 3353 praescripta

1816 3372 1954 3428 hora
2014 3373 2082 3429 ad
2136 3374 2519 3444 quotidianum
2571 3375 2771 3429 vietum
2831 3376 3112 3431 accedere.
3168 3377 3393 3444 Oportet

1816 3481 1967 3529 vero,
2002 3474 2291 3536 postquam
2325 3481 2384 3521 se
2428 3466 2698 3535 quispiam
2762 3468 3089 3522 necessitate
3143 3471 3391 3539 corporis

1816 3556 2324 3626 humiliavit,quam
2362 3558 2635 3612 citissime
2666 3574 2884 3613 rursum
2910 3560 2978 3614 ad
3016 3560 3215 3614 caelum
3243 3563 3391 3630 cogi-

1816 3650 2075 3704 tationem
2122 3648 2401 3720 expedire,
2436 3650 2573 3705 nihil
2632 3666 2819 3707 secum
2865 3667 2929 3707 ex
2972 3653 3210 3707 terrenis
3238 3655 3389 3709 curis

1813 3740 2197 3797 attrahentem.

2112 3830 2227 3885 LX.
2259 3863 2332 3875 —
2362 3830 2670 3888 ADRIANO
2723 3832 3077 3892 MONACIIO.

1884 3923 2057 3989 Quam
2089 3923 2158 3978 ob
2181 3939 2407 3980 causam
2446 3938 2511 3979 ex
2540 3925 2767 3979 immani
2802 3927 3225 3998 importunaque
3254 3946 3383 3986 cura

1813 4014 2129 4069 amittenda:
2180 4016 2305 4069 fidei
2369 4015 2423 4069 in
2484 4015 2779 4070 discrimen
2832 4019 3023 4084 venis,
3094 4024 3385 4091 suspicans

1813 4104 1983 4161 Deum
2040 4114 2094 4161 te
2143 4106 2576 4171 derelicturum,
2636 4115 2693 4162 et
2735 4111 3046 4163 necessaria
3099 4113 3386 4169 defutura?

1814 4194 1994 4251 Habes
2032 4196 2177 4250 enim
2215 4197 2267 4250 in
2308 4197 2456 4251 hunc.
2489 4196 2632 4252 diem
2668 4199 2987 4267 nonnullos,
3017 4203 3111 4270 qui
3151 4203 3249 4257 tibi
3280 4206 3382 4258 mi-

1813 4289 2072 4354 nistrant,
2108 4296 2163 4343 et
2204 4289 2259 4343 in
2291 4289 2441 4360 gravi
2474 4290 2577 4345 hac
2626 4299 2719 4345 tua
2774 4293 3095 4362 aegritudine
3138 4297 3386 4351 subsidio

150 4381 319 4434 πάντα
344 4380 553 4447 ἔνδοξον
595 4382 946 4453 Ἰλλούστριον
978 4386 1202 4457 Ἥρωνα
1256 4388 1399 4441 πάνυ
1431 4389 1539 4442 ἀπὸ
1572 4406 1711 4463 καρ-

1816 4381 2063 4447 veniunt,
2096 4389 2152 4437 et
2203 4383 2344 4436 inter
2374 4382 2515 4438 alios
2548 4397 2740 4438 omnes
2782 4384 3043 4456 inclytum
3084 4388 3384 4443 illustrem-

148 4470 256 4533 δίας
278 4474 407 4534 τοὺς
444 4474 709 4543 μοναχοὺς
747 4474 990 4537 σέϐοντα,
1050 4477 1258 4529 καὶτὸν
1290 4478 1384 4530 τοῦ
1405 4480 1712 4547 ἀγιωτάτου

150 4560 441 4613 ἐπισκόπου
476 4560 811 4630 ἀδελφιδοῦν,
862 4563 956 4615 καὶ
987 4563 1147 4640 αὑτὸν
1200 4563 1579 4635 φιλομὸναχον,
1622 4567 1714 4620 καὶ

149 4652 237 4717 τὴν
261 4652 598 4723 σεμνοτάτην
644 4652 892 4705 διάκονον
932 4654 1027 4707 τοῦ
1095 4655 1333 4725 Χριστοῦ
1393 4657 1713 4729 Θεοδούλην.

152 4731 286 4809 Πλὴν
321 4742 418 4793 καὶ
454 4742 674 4805 τούτους
710 4744 774 4795 ἂν
797 4743 921 4815 δόξῃ
967 4738 1291 4815 τελευτῆσαι
1326 4747 1430 4817 πρὸ
1455 4749 1548 4802 τοῦ
1578 4754 1715 4805 ἀπο-

151 4829 323 4884 θανεῖν
347 4848 430 4897 σε,
456 4832 670 4896 πάντως
699 4834 911 4904 βλέπων
939 4838 967 4888 ὁ
985 4836 1117 4899 Θεὸς
1150 4836 1210 4889 τὸ
1245 4839 1439 4907 πρᾶον,
1467 4842 1560 4894 καὶ
1582 4841 1716 4911 ησύ-

153 4939 256 4990 χιον
284 4924 383 4993 τῆς
399 4923 575 4993 ψυχῆς
631 4942 746 4989 σου,
798 4927 897 4996 τήν
948 4942 1005 4978 τε
1046 4928 1496 4998 ἀπραγμοσύνην,
1528 4934 1623 4984 καὶ
1650 4931 1715 4985 τὸ

152 5012 491 5085 ἀπερίεργον,
532 5018 626 5067 καὶ
649 5019 747 5085 τὴν
784 5017 919 5086 πρὸς
947 5019 1007 5071 τὸ
1038 5022 1285 5090 κρεῖττον
1305 5021 1514 5092 ἀγαθὴν
1544 5040 1715 5093 προσ-

155 5107 376 5176 εδρείαν,
430 5106 491 5171 ἐξ
548 5109 831 5179 ἀμηχάνου
883 5110 1090 5180 πέμψει
1144 5128 1226 5164 σοι
1251 5103 1377 5175 τοὺς
1400 5112 1716 5185 διακονῆσαι

153 5200 283 5268 πρὸς
310 5198 408 5269 τὴν
434 5199 624 5269 χρείαν
661 5200 993 5269 ὀφείλοντας.
1036 5203 1271 5257 Δύναται
1292 5204 1401 5274 γάρ
1428 5207 1457 5259 ὁ
1492 5205 1623 5269 Θεὸς
1649 5209 1716 5261 ὲκ

152 5290 247 5342 τῶν
284 5290 446 5343 λίθων
472 5291 674 5345 τούτων
701 5292 972 5364 ἐξεγεῖραι
1021 5297 1147 5358 τοὺς
1179 5295 1475 5368 προθύμως
1505 5299 1714 5371 ὑπηρε-

151 5379 478 5449 τησομένους
503 5385 615 5446 τοῖς
634 5383 724 5437 τὸν
755 5385 962 5456 μονήρη
1000 5386 1416 5458 μετερχομένοις
1446 5388 1577 5458 βίον.
1616 5392 1711 5456 Τίς

154 5470 251 5542 γὰρ
272 5471 335 5543 δὴ
365 5473 426 5525 οὐ
461 5475 576 5545 μετ’
610 5466 830 5541 ἱκεσίας
851 5476 1050 5548 πολλῆς
1103 5476 1436 5555 χωρηγήσει,
1464 5481 1525 5534 οὐ
1549 5482 1711 5553 μόνον
1744 5484 1769 5525 9

1809 4489 1915 4542 que
1946 4471 2238 4543 Heronem,
2270 4474 2436 4529 nimis
2470 4490 2536 4529 ex
2568 4476 2735 4530 corde
2767 4478 3053 4533 monachis
3080 4480 3382 4544 addictum,

1809 4575 1861 4621 et
1900 4566 2234 4621 sanctissimi
2278 4568 2520 4638 episcopi
2550 4584 2614 4623 ex
2658 4568 2828 4623 fratre
2873 4580 3147 4641 nepotem,
3189 4576 3282 4642 qui
3331 4585 3385 4629 et
3438 4630 3443 4633 _

1807 4659 1927 4728 ipse
1956 4660 2256 4714 monachos
2300 4660 2495 4730 diligit,
2531 4668 2586 4715 et
2613 4662 3136 4718 venerabilissimam
3182 4665 3384 4721 Christi

1809 4747 2180 4804 diaconissam
2213 4749 2571 4806 Theodulam.
2603 4751 2671 4807 Et
2692 4754 2817 4808 licet
2854 4755 2934 4819 hi,
2959 4765 3249 4826 antequam
3272 4761 3387 4828 ipse

1811 4839 1923 4893 vita
1954 4839 2224 4912 fungaris,
2259 4840 2402 4897 dietn
2431 4857 2594 4897 suum
2649 4844 2905 4907 obierint,
2946 4844 3090 4902 Deus
3133 4863 3387 4904 mansue-

1812 4932 2082 4997 tudinem,
2117 4942 2173 4987 et
2202 4936 2438 5003 quietem
2469 4935 2667 4991 animae
2690 4946 2796 4992 tuae
2845 4938 3118 5005 intuitus,
3170 4956 3386 4997 necnon

1808 5024 2285 5093 tranquillitatem,
2308 5034 2364 5080 et
2394 5026 2620 5082 minime
2649 5030 2921 5085 curiosam
2954 5030 3383 5102 simplicitatem.

1809 5114 2155 5185 Optimosque
2183 5116 2252 5170 ad
2279 5116 2510 5171 meliora
2539 5126 2793 5185 conatus,
2814 5136 2881 5176 ex
2908 5121 3206 5192 improviso
3229 5123 3385 5196 147

1810 5212 2008 5276 mittet,
2044 5211 2139 5281 qui
2170 5212 2484 5268 newssitati
2508 5220 2617 5269 tua-
2647 5216 2984 5273 ministrent.
3022 5217 3207 5275 Potest
3242 5221 3387 5275 enim

1813 5301 1954 5359 Deus
1982 5318 2049 5358 ex
2080 5304 2353 5375 lapidibus
2378 5305 2532 5361 hisce
2560 5309 2831 5363 suscitare
2851 5309 2918 5373 “,
2952 5309 3047 5382 qui
3078 5311 3386 5367 libentissi-
3454 5312 3459 5317 ’

1819 5410 1906 5450 me
1935 5396 2023 5460 iis,
2049 5397 2143 5468 qui
2188 5398 2547 5454 monasticam
2586 5401 2754 5455 vitam
2794 5406 3223 5471 amplectuntur,
3254 5403 3388 5458 sub-

1819 5489 2084 5545 serviant.
2135 5488 2349 5546 Etenim
2380 5492 2504 5563 quis
2532 5508 2668 5558 non,
2707 5493 2872 5548 etiam
2902 5495 3217 5567 ingentibus
3259 5510 3389 5565 pre-

222 5644 261 5675 “
305 5644 344 5700 ll
384 5645 530 5701 Pctr.
576 5665 612 5713 ι,
654 5650 738 5705 19.
815 5651 859 5683 ⁸³
895 5649 1059 5707 Hebr.
1101 5667 1157 5715 ι,
1194 5652 1283 5709 51.
1360 5658 1405 5690 ⁸⁸
1426 5656 1616 5713 Matth.
1642 5673 1727 5728 ut,
1760 5657 1814 5715 9.
