3888 6040
464 250 566 314 227
1514 306 1521 312 ,
1942 250 1999 309 S.

3654 249 3795 313 228

467 362 624 418 cibus
658 358 878 422 additis.
924 374 1032 415 non
1067 359 1532 424 subministrabit,
1554 362 1684 417 'non
1730 368 1943 416 tantum
1972 375 2002 415 e

2255 359 2336 429 τῆς
2358 357 2567 430 χρείας,
2593 355 2732 412 ἀλλά
2778 356 2873 411 καὶ
2901 356 2974 411 τὰ
2997 356 3138 430 ὑπὲρ
3175 356 3389 431 χρείαν,
3419 360 3553 423 τοῖς
3590 359 3790 413 εὗσε-

464 468 588 524 quae
617 454 948 517 necessaria,
984 454 1079 509 sed
1109 454 1273 509 etiam
1305 469 1427 525 quae
1454 469 1619 525 supra
1651 455 1829 525 ipsum
1872 467 1999 508 usur

2255 489 2269 514 ,
2317 450 2412 503 καὶ
2436 448 2672 519 σεμνῶς,
2724 449 2820 503 καὶ
2874 450 3142 521 έναρέτως
3201 450 3441 520 βιοῦσινς
3488 452 3576 504 Εἰ
3648 451 3790 521 γὰρ

406 584 411 591 .
468 553 598 601 sunt
629 544 1031 611 abundantius,
1087 547 1175 616 pie
1212 554 1267 601 et
1306 545 1550 602 virtuose
1595 530 1941 601 viventibus!

2253 557 2413 595 omnm
2469 540 2754 612 βάρϐαροι,
2805 541 2901 595 καὶ
2950 540 3186 612 πολέμου
3251 543 3411 613 νόμῳ
3462 541 3788 605 λαϐόντες

466 636 613 691 enim
651 634 897 691 homines
931 636 1171 703 barbari,
1203 644 1257 692 et
1293 637 1385 707 qui
1412 638 1537 707 jure
1570 636 1695 692 belli
1719 635 2001 706 Hierosoly

2249 632 2498 704 νοσόλυμα
2535 633 2583 685 oi
2646 631 2998 695 Βαϐυλώνιοι,
3040 635 3140 707 τὴν
3179 635 3381 707 ἀρετὴν
3408 636 3784 708 ᾐδέσθησαν

469 744 557 783 tua
594 740 877 801 coeperunt
909 730 1212 803 Babylonii,
1265 735 1523 787 virtutem
1551 731 1800 788 Jeremiae
1821 729 2004 786 reveril

2265 723 2545 796 Ἱερεμίου,
2579 725 2676 778 καὶ
2698 726 2880 779 πᾶσαν
2901 724 3203 798 θεραπείαν
3224 728 3501 799 παρέσχον
3541 744 3782 797 etopu-

469 827 620 883 sunt,
654 835 872 876 omnem
903 821 981 875 illi
1009 837 1194 876 curam
1225 822 1565 893 corporalem
1612 837 1776 892 quam
1816 820 2004 874 muniti

2243 816 2295 884 ήν
2315 813 2812 885 μεγαλοψυχότατα,
2831 815 2893 868 οὐ
2915 816 3074 884 μόνον
3092 817 3159 869 τὰ
3180 817 3314 889 πρὸς
3330 817 3551 888 τροφὴν
3569 816 3778 870 δεδω-

470 909 784 966 centissime
810 910 1199 977 exhibuerunt,
1230 927 1340 967 non
1370 912 1548 968 solum
1575 912 1640 966 ad
1679 910 1888 964 victum
1918 924 2005 979 per

2244 922 2313 971 ες,
2330 906 2464 959 ἀλλὰ
2480 906 2573 959 καὶ
2598 906 2789 978 σκεύη,
2811 903 2893 971 οἷς
2914 906 3035 972 έθος
3060 908 3178 961 ἐστὶ
3203 908 3590 962 διακονεῖσθαι
3622 908 3779 971 τοὺς

469 1003 701 1057 tinentia
731 1004 969 1074 elargiti,
1011 1006 1106 1060 sed
1141 1020 1290 1070 vasa,
1324 1006 1526 1077 quibus
1568 1005 1745 1062 solent
1781 1003 2004 1059 conviva

2242 1002 2522 1073 ιωμένους,
2554 1002 2673 1067 πῶς
2704 1004 2805 1057 οὐκ
2852 1003 3265 1074 αίδεσθήσονται
3303 1002 3417 1074 βίον
3463 1005 3774 1075 ἐνάρετον

470 1095 684 1151 toribus
722 1095 1039 1152 ministrare
1081 1114 1097 1152 :
1139 1098 1415 1167 quomodo
1447 1098 1506 1160 ii,
1553 1096 1645 1167 qui
1677 1095 1920 1165 ejusdem
1953 1108 2005 1164 ge

2240 1094 2512 1166 5μόφυλοι,
2550 1096 2647 1149 καὶ
2701 1094 2793 1148 τδν
2839 1095 3100 1166 λογισμὸν
3130 1097 3194 1149 ὲκ
3239 1096 3493 1160 παιδείας
3522 1096 3775 1168 μᾶλλον

470 1188 619 1242 neris
635 1187 966 1250 sunt,vitam
999 1188 1186 1243 virtuti
1217 1186 1456 1243 deditam
1484 1202 1595 1242 non
1623 1185 2005 1241 reverebuntui

2286 1186 2622 1260 βαρϐαρικοῦ
2703 1188 3199 1260 διακεκαθαρμένοι
3274 1190 3413 1260 πρὸς
3465 1190 3585 1260 τὴν
3640 1188 3772 1241 τῶν

467 1285 524 1333 et
552 1279 884 1349 cogitatione
912 1294 1009 1349 per
1029 1280 1349 1350 disciplinas
1376 1282 1499 1351 plus
1517 1294 1677 1350 quam
1700 1276 1917 1333 barbari
1940 1277 2002 1346 ip:

2234 1279 2325 1333 ιῶν
2354 1279 2699 1351 κατανόησιν,
2736 1280 2831 1332 καὶ
2860 1279 3062 1351 ἀρετῆς
3087 1279 3325 1351 ζηλωταί
3354 1297 3369 1346 ;
3401 1281 3467 1334 El
3495 1279 3629 1350 γὰρ
3656 1278 3769 1332 καὶ

470 1368 540 1423 ad
559 1384 742 1425 rerum
770 1371 1037 1426 bonarum
1071 1372 1617 1441 comprehensionem
1648 1369 1956 1439 cxpurgati,
1990 1383 2005 1421 ι

2242 1369 2557 1441 δεδύνηνται
2586 1370 2792 1441 ταύτης
2837 1371 3076 1441 ἀσκηταὶ
3129 1370 3383 1439 γενέσθαι
3430 1371 3525 1425 διά
3584 1388 3768 1435 τινας

470 1462 692 1520 virtutis
719 1464 1105 1519 aemulatores?
1139 1463 1291 1519 Licet
1335 1464 1483 1519 enim
1523 1462 1591 1518 ad
1634 1462 1784 1517 illius
1831 1458 2005 1515 exerci

2231 1463 2344 1528 ίας,
2383 1461 2498 1515 ἀλλ’
2518 1458 2611 1516 οὗν
2640 1478 2705 1531 γε
2729 1461 2962 1533 τιμῶσιν
2991 1461 3184 1533 αὐτὴν,
3212 1464 3307 1516 καὶ
3329 1463 3456 1526 τοὺς
3483 1463 3766 1534 ἀθλητὰς

470 1555 607 1610 tium
636 1556 705 1611 ob
734 1557 1026 1610 nonnullas
1048 1572 1245 1612 causas
1266 1557 1556 1612 admovere
1589 1571 1649 1611 se
1671 1570 1780 1609 non
1807 1552 2005 1623 possint

2231 1554 2315 1623 τῆς
2342 1553 2851 1625 θαυμάζουσιν.Μὴ
2896 1548 2991 1607 οὖν
3037 1552 3210 1608 πολλὰ
3260 1553 3546 1625 φρόντιζε,
3602 1553 3766 1608 ἀλλὰ

470 1660 588 1701 eam
636 1646 911 1701 honorant
952 1648 1332 1714 nihilominus,
1381 1647 1642 1718 illiusque
1676 1646 1913 1701 athletas
1946 1644 2005 1699 de

2227 1643 2290 1696 τὰ
2308 1642 2410 1716 τὴν
2420 1643 2745 1714 παραίνεσιν
2771 1644 2976 1715 Πέτρου
2990 1644 3085 1697 καὶ
3114 1642 3331 1697 Παύλου
3353 1644 3762 1716 γρηγὸρησυν,

470 1740 736 1792 mirantes
768 1738 992 1792 intentis
1022 1738 1200 1795 oculis
1253 1707 1719 1810 contemplantur.
1759 1736 1837 1793 Ne
1876 1737 2005 1809 igitu

2222 1741 2241 1792 ἱ
2268 1707 2440 1809 νῆιρον
2466 1707 2547 1802 είς
2609 1707 2937 1809 προσευχὰς,
2968 1739 3066 1792 καὶ
3099 1740 3276 1794 πᾶσάν
3316 1707 3412 1795 σου
3573 1707 3757 1811 ρίέριυ

470 1828 655 1882 multis
679 1827 1103 1898 cogitationibus
1133 1839 1186 1885 te
1211 1845 1480 1895 maceres,
1510 1829 1628 1895 sed,
1662 1838 1721 1883 ut
1763 1828 1959 1885 Petrus
1989 1845 2005 1883 ε

2220 1847 2285 1883 αν
2310 1831 2389 1894 είς
2403 1831 2494 1882 τὸν
2528 1830 2661 1884 Θεὸν
2694 1832 3039 1903 ἑπιρῤίψαςΑ
3062 1832 3260 1901 Ἐγγὺς
3281 1836 3390 1903 γὰρ
3412 1833 3441 1885 6
3463 1832 3750 1904 Κύριος,ο

470 1918 670 1975 Paulus
701 1920 1064 1974 adhortantur
1108 1939 1122 1975 :
1168 1921 1429 1991 lnvigila,
1466 1930 1517 1977 et
1562 1920 1786 1976 sobrius
1836 1920 2000 1975 estoi

2223 1922 2240 1973 ι
2267 1938 2285 1972 ‹
2314 1921 2499 1993 Μηδὲν
2531 1925 2849 1993 μεριμνᾶτε,
2868 1927 3053 1995 φησιν,
3071 1925 3257 1979 ἀλλ’ὲν
3275 1927 3436 1979 παντὶ
3467 1929 3538 1997 τῇ
3568 1943 3758 1998 προσ-

467 2011 812 2067 orationibus
832 2011 899 2075 ",
932 2012 1221 2067 universas
1253 2022 1376 2067 tuas
1410 2012 1772 2083 cogitationes
1798 2013 1852 2067 in
1872 2012 2002 2068 Βειιι

2220 2017 2277 2085 (ᾗ
2322 2015 2417 2067 καὶ
2461 2018 2525 2085 τῇ
2553 2016 2735 2087 δεήσει
2763 2016 2831 2069 τὰ
2860 2019 3140 2088 αἰτήματα
3185 2019 3342 2090 ὑμῶν
3375 2020 3755 2091 γνωριζέσθω

468 2102 787 2168 remittens;
813 2119 833 2153 ι
855 2100 1035 2172 P'rope
1055 2102 1203 2157 enim
1225 2100 1491 2157 Dominus
1510 2110 1593 2157 est
1610 2102 1677 2157 “.
1711 2122 1728 2155 ι
1767 2101 1833 2157 Et
1854 2123 1867 2158 :
1896 2121 1914 2154 ι
1946 2101 2003 2157 Ni

2213 2104 2281 2168 νὸς
2312 2108 2405 2158 τὸν
2432 2105 2588 2169 Θεὸν,
2625 2125 2644 2159 ι
2676 2107 2769 2160 καὶ
2791 2107 2955 2171 αὐτὸς
2987 2109 3116 2179 ὑμῖν
3157 2112 3215 2163 ὲν
3238 2112 3381 2164 πᾶσι
3411 2116 3748 2184 προνοήσει.

467 2191 546 2246 hil
582 2192 801 2247 solliciti
829 2193 977 2258 sitis,
1016 2192 1115 2257 ait,
1155 2191 1251 2247 sed
1286 2193 1342 2247 in
1389 2194 1537 2247 omni
1574 2208 1632 2248 re
1662 2232 1679 2259 ,
1713 2193 2002 2248 orationei

2212 2197 2254 2250 ιὶ
2283 2196 2445 2250 πάλιν
2477 2198 2534 2250 ὲν
2560 2197 2729 2269 ἑτέρῳ
2753 2198 3063 2269 γέγραπται
3092 2215 3107 2231 ·
3153 2201 3493 2272 Ἐμϐλέψατε
3529 2204 3616 2267 είς
3641 2204 3747 2276 ἀρ-

470 2286 632 2351 ‘prece
668 2281 943 2350 postulata
979 2289 1160 2335 vestra
1188 2279 1300 2336 Deo
1348 2290 1481 2335 nota
1512 2281 1644 2335 [iant
1669 2281 1749 2349 “;
1784 2300 1803 2334 ι
1843 2288 1897 2336 et
1928 2282 2005 2352 ips

2214 2289 2304 2353 ta;
2343 2289 2560 2358 γενεάς.
2623 2289 2720 2352 Τίς
2768 2290 3057 2345 ἐπίστευσέ
3122 2309 3253 2346 ποτε
3278 2292 3356 2364 τῷ
3395 2296 3613 2368 Κυρίῳ,
3648 2297 3749 2350 καὶ

469 2368 626 2426 vobis
655 2371 710 2424 in
740 2370 996 2426 omnibus
1024 2370 1353 2441 providebit.
1405 2370 1471 2425 Et
1511 2386 1731 2426 rursum
1770 2372 1878 2425 alio
1922 2372 2004 2427 loc

2209 2383 2426 2454 ιερεῖδεν
2455 2383 2657 2450 αὑτόν;
2693 2384 2960 2453 Ἀνέγνως
2991 2386 3170 2440 πάντα
3196 2403 3211 2417 ο
3250 2387 3392 2459 πλὴν
3417 2388 3744 2460 ὑπομνήσο-

470 2460 736 2529 scriptum
771 2467 856 2514 est
890 2478 906 2516 :
938 2457 1214 2530 Respicite
1254 2461 1310 2515 in
1341 2462 1598 2531 antiquas
1635 2462 2005 2532 generationes

2209 2474 2249 2528 ἱν
2268 2491 2351 2528 σε.
2380 2475 2579 2546 Δανιὴλ
2601 2476 2659 2529 ὲν
2683 2473 2965 2530 Βαϐυλῶνι
3017 2477 3099 2541 είς
3127 2476 3333 2531 λάκκον
3349 2457 3601 2533 λεόντων
3630 2457 3744 2550 εμ-

471 2550 605 2616 Quis
632 2548 863 2605 credidit
892 2565 1134 2620 unquam
1162 2548 1413 2613 Domino.
1436 2558 1491 2605 et
1517 2551 1753 2622 neglexit
1780 2552 1931 2605 illum
1959 2553 2006 2583 τ’

2202 2565 2501 2636 εϐλημένος,
2536 2565 2702 2637 μηδέν
2734 2583 2795 2619 τε
2841 2566 3014 2621 δεινὸν
3039 2567 3326 2632 πεπονθὼς
3364 2568 3469 2622 ὑπὸ
3500 2548 3737 2633 τούτων,

474 2638 799 2694 Percurristi
832 2640 945 2695 haec
968 2640 1153 2694 omnia
1187 2659 1200 2695 :
1236 2640 1373 2694 illud
1398 2649 1579 2696 tamen
1633 2640 1687 2694 in
1724 2640 2009 2696 memorial

2201 2657 2380 2729 ιάθητο
2404 2656 2686 2728 λιμώττων
2706 2673 2719 2687 ’
2757 2657 3025 2712 Ἀϐϐακοὺ
3033 2676 3072 2729 μ
3100 2657 3145 2712 δ’
3166 2660 3194 2711 6
3228 2658 3519 2729 προφήτης
3542 2650 3736 2711 θεόθεν

473 2729 823 2785 adducimus.
869 2729 1058 2785 Daniel
1111 2731 1167 2783 in
1203 2730 1340 2785 urbe
1395 2730 1670 2802 Babylone
1725 2730 1781 2785 in
1831 2730 2008 2786 foveat

2201 2746 2478 2813 ίλευσθεὶς,
2535 2746 2627 2799 καὶ
2676 2747 2768 2800 ὑπ’
2833 2748 3066 2816 ἀγγέλου
3124 2747 3449 2819 βασταχθεὶς
3493 2748 3607 2803 ἀπὸ
3634 2748 3736 2819 τῆς

474 2820 701 2885 lmnum.
724 2822 1024 2892 Ρτοίεειυδν
1059 2821 1306 2892 ηίίιίὶίιυθ
1334 2822 1405 2876 ab
1450 2822 1560 2877 mis
1588 2821 1719 2876 ma“
1750 2835 2046 2893 Ρθτρεδευε
2160 2838 2419 2902 Ἰουδαίας
2455 2840 2534 2902 είς
2563 2836 2873 2901 Βαϐυλῶνα,
2897 2841 2994 2893 καί⁸
3021 2841 3102 2904 εἰς
3133 2840 3303 2894 αὐτὸν
3338 2840 3451 2893 τῶν
3504 2840 3736 2893 λεόντων

473 2912 697 2968 sedebat
723 2927 850 2967 cum
876 2912 1033 2968 *l'ame
1071 2912 1423 2984 depugnans;
1472 2910 1725 2968 Habacuc
1763 2929 1893 2968 vero
1926 2928 2008 2984 prt

2195 2930 2348 2981 ixxov
2384 2927 2687 2998 διακομίζει
2710 2927 2773 2982 τὸ
2801 2929 3041 3003 ἄριστον,
3069 2932 3163 2983 καὶ
3192 2931 3359 3002 φησιν
3390 2930 3730 3001 εὐχαριστῶν

473 3002 658 3073 pheta,
701 3002 776 3058 ita
807 3003 914 3058 Deo
951 3003 1197 3073 jubente,
1248 3012 1303 3059 et
1353 3004 1422 3059 ab
1467 3006 1661 3075 angelo
1695 3006 1948 3061 sublatus
1978 3022 2008 3061 e

2209 3020 2458 3091 μέγιστος
2483 3021 2702 3091 Δανιὴλ,
2736 3039 2757 3074 ι
2781 3002 3089 3093 Ἐμνήσθης
3109 3022 3218 3094 γάρ
3249 3039 3375 3093 μου,
3403 3024 3431 3076 6
3468 3023 3621 3088 Θεὸς,
3639 3023 3733 3077 καὶ

472 3094 660 3150 δυάίεθ
699 3095 753 3149 in
794 3094 1146 3166 Βθδῖίοηθπιι
1200 3094 1362 3168 148
1405 3103 1461 3151 ει
1516 3098 1572 3151 in
1614 3097 1789 3167 ipsam
1825 3098 2048 3153 ’θοηυω
2085 3094 2103 3097 v
2151 3113 2251 3167 οὐκ
2282 3114 2638 3183 ἐγκατέλιπες
2665 3116 2787 3179 τοὺς
2823 3112 3188 3185 ὲκξητοῦντάς
3226 3132 3305 3169 σε.
3356 3136 3375 3169 ι
3411 3116 3595 3170 Ταῦτα
3622 3116 3734 3170 τοί-

476 3188 688 3242 foveam
709 3186 994 3257 prandium
1017 3185 1193 3241 defert
1224 3205 1237 3240 :
1266 3197 1320 3242 et
1352 3187 1426 3240 ait
1455 3188 1661 3258 gratias
1686 3203 1855 3258 agens
1878 3190 2011 3242 max?

2193 3222 2270 3271 υν,
2300 3205 2395 3260 καὶ
2436 3208 2505 3260 τὰ
2540 3206 2761 3261 τοιαῦτα
2791 3207 2933 3262 κατὰ
2975 3207 3098 3262 νοῦν
3120 3207 3447 3278 λαμϐάνων,
3481 3215 3616 3281 πρὸς
3640 3208 3728 3262 τὸν

477 3293 602 3333 mus
634 3277 821 3333 Daniel
855 3297 869 3333 :
908 3295 928 3330 ι
965 3278 1259 3334 Meministi
1311 3278 1456 3333 enim
1497 3278 1649 3363 mei,/
1664 3276 1827 3341 Deus,
1854 3284 1910 3333 et
1937 3294 2009 3334 no

2187 3297 2305 3363 lsbv,
2377 3298 2474 3353 καὶ
2515 3298 2675 3371 μόνον
2746 3299 3104 3365 ἀδιαλείπτως
3156 3276 3223 3372 τῇ
3273 3300 3491 3373 διανοίᾳ
3527 3276 3722 3355 -κατά-

475 3370 818 3441 dereliquisti
849 3379 1155 3441 quaerentes
1193 3378 1247 3426 te
1268 3370 1335 3424 ".
1380 3389 1399 3423 ι
1436 3368 1564 3425 Haec
1587 3370 1777 3440 igitur,
1811 3378 1867 3425 et
1897 3371 2051 3459 simio
2153 3405 2340 3459 φευγε,

476 3463 548 3519 lia
580 3470 762 3520 mente
797 3463 1074 3528 evolvens,
1116 3463 1184 3517 ad
1218 3461 1415 3527 Deum,
1462 3474 1702 3532 eumque
1754 3459 1933 3516 solum
1968 3458 2053 3514 in-
2160 3458 2179 3513 ,1

477 3564 754 3611 cessanter
782 3553 1113 3624 cogitatione
1139 3554 1395 3622 confuge.

773 3645 912 3702 LXI.
933 3676 1002 3687 --
1024 3644 1345 3702 FLORIONI
1388 3642 1749 3700 MONACHO.

2492 3658 2611 3713 ΞΑν.
2638 3688 2705 3700 -
2735 3659 3056 3712 «mortem
3088 3658 3398 3728 MONAxo.

549 3737 629 3794 Ne
648 3737 992 3809 despondeas
1012 3737 1276 3801 animum,
1320 3736 1446 3792 licet
1477 3736 1556 3792 sis
1583 3735 1800 3790 inﬁrma
1837 3734 2052 3791 valetu-

2225 3750 2317 3821 Μὴ
2367 3748 2568 3819 ἀθύμει
2633 3749 3000 3817 ὲξασθενήσας
3044 3750 3103 3805 τὸ
3152 3751 3332 3821 σῶμα,
3374 3750 3451 3813 ὡς
3506 3749 3717 3821 μηδενὸς

480 3826 629 3892 dine,
657 3829 817 3899 quasi
850 3829 1058 3884 nullum
1083 3829 1484 3884 consolatorem
1524 3827 1833 3882 habiturus.
1890 3845 1909 3879 ι
1952 3826 2015 3881 Bc

2179 3841 2474 3911 τευξόμενος
2498 3841 2590 3895 τοῦ
2624 3842 3173 3914 παραμυθήσομένου.
3204 3860 3223 3896 ι
3247 3842 3473 3911 Ἀγαθὸν
3494 3842 3597 3911 γὰρ
3624 3858 3714 3894 πε-

482 3935 613 3973 num
642 3920 787 3975 enim
812 3928 897 3977 est
925 3933 1146 3989 sperare
1185 3919 1241 3974 in
1284 3918 1599 3983 Dominum,
1642 3932 1805 3988 quam
1835 3932 2017 3987 sperati

2176 3933 2401 3986 τοιθέναι
2448 3934 2542 3985 ἐπὶ
2580 3932 2801 4004 Κύριον,
2829 3933 2863 4003 ἢ
2895 3934 3207 3987 πεποιθέναι
3252 3935 3338 3987 ἐπ’
3363 3932 3658 4004 ἄνθρωπον.
3695 3953 3711 4005 ι

481 4010 538 4066 in
562 4011 838 4067 hominem
862 4012 928 4064 τί.
966 4030 986 4064 ι
1025 4009 1183 4065 Viam
1210 4010 1354 4065 enim
1391 4010 1618 4064 omnino
1643 4010 1709 4064 ad
1751 4017 1900 4063 tuam
1927 4024 2016 4064 cor

2178 4022 2332 4093 ἶόρον
2378 4021 2488 4093 γὰρ
2518 4022 2735 4085 πάντως
2768 4023 2906 4094 πρὸς
2947 4023 3301 4095 παραμυθίαν
3341 4041 3434 4078 σου
3459 4026 3713 4095 ἐπινοήσει

483 4102 809 4159 solationem
842 4101 985 4157 Deus
1009 4101 1366 4171 excogitabit,
1400 4115 1504 4156 nec
1526 4100 1705 4156 deerit
1732 4100 1801 4155 ad
1824 4101 2018 4155 salutet

2177 4114 2310 4178 956;,
2350 4114 2444 4166 καὶ
2471 4114 2571 4166 οὐκ
2618 4113 2887 4184 ἐπιλείψει
2952 4114 3089 4185 πρὸς
3121 4115 3395 4186 σωτηρίαν
3432 4114 3629 4168 ἐπίνοια
3652 4116 3712 4185 τῇ

483 4194 812 4265 excogitatio
835 4194 1115 4264 sapientiae
1152 4192 1312 4247 fonti.

1152 4192 1312 4247 fonti.
2159 4206 2309 4275 πηγῇ
2342 4203 2439 4274 τῆς
2470 4205 2683 4273 σοφίας.

664 4302 671 4306 ·
732 4284 890 4341 LXII.
920 4316 991 4328 —
1014 4284 1413 4342 ATIIANASIO
1460 4280 1818 4341 MONACHO.

2479 4294 2598 4348 Ξηι.
2628 4324 2700 4336 -
2729 4294 3073 4366 ΔθΑΝΑΣῐῼ
3108 4295 3418 4367 ΜΟΝΔΧῼ.

556 4378 681 4434 Cito
729 4386 784 4435 te
828 4378 998 4434 reduc
1055 4378 1115 4433 in
1162 4377 1596 4441 monasterium,
1643 4391 1711 4432 ex
1755 4390 1865 4447 quo
1922 4374 2063 4429 male

2233 4384 2457 4456 Ταχέως
2488 4385 2748 4440 ὲπάνελθε
2782 4387 2863 4450 εἰς
2895 4386 2955 4439 τὸ
2983 4387 3367 4456 μοναστήριον,
3406 4385 3524 4439 ὅθεν
3546 4386 3714 4450 κακῶς

486 4486 744 4542 egressus
807 4486 893 4537 es,
947 4485 1016 4526 ne
1060 4483 1302 4540 unquam
1335 4475 1488 4526 extra
1530 4468 1806 4524 stabulum
1852 4467 2021 4521 diutiu

2171 4474 2402 4547 ἐξῆλθες,
2430 4476 2504 4547 μή
2536 4494 2664 4529 ποτε
2697 4476 2801 4542 ἔξω
2829 4477 2928 4547 τῆς
2959 4476 3201 4548 μάνδρας
3235 4477 3328 4530 ἐπὶ
3355 4476 3489 4530 πολὺ
3522 4475 3706 4549 διατρί-

489 4568 859 4617 commoratus
898 4559 1367 4616 intellectualibus
1397 4558 1593 4614 belluis
1626 4558 1783 4613 cibus
1828 4557 2024 4627 objicia

2171 4567 2287 4638 ίκας,
2324 4568 2519 4639 βρῶμα
2545 4569 2677 4641 γένῃ
2705 4568 2814 4622 τῶν
2842 4568 3050 4638 νοητῶν
3089 4567 3312 4639 θηρίων.
3359 4568 3423 4621 Ei
3452 4566 3507 4621 δὲ
3553 4566 3706 4635 λέγοις

489 4654 590 4709 ris.
617 4653 673 4709 Si
699 4669 826 4709 vero
842 4653 1078 4709 liberare
1106 4659 1162 4708 te
1189 4652 1348 4723 culpa
1370 4660 1551 4722 putas,
1578 4651 1809 4719 ideoque
1836 4648 2024 4719 potiori

2169 4658 2461 4730 προσδοκίᾳ
2508 4658 2817 4731 κρείττονός
2871 4676 3015 4723 τινος
3044 4660 3244 4730 ἀρετῆς
3281 4657 3596 4728 ἀφίστασθαι
3621 4658 3704 4728 τῆς

487 4749 773 4819 cujusdam
806 4749 1026 4805 virtutis
1053 4748 1463 4817 exspectatione
1490 4760 1520 4799 a
1543 4744 1878 4799 monasterio
1904 4743 2022 4813 long

2169 4749 2353 4821 μονῆς,
2398 4750 2668 4821 μνήσθητι
2705 4748 2800 4804 τοῦ
2854 4750 3097 4814 εἰπόντος
3125 4752 3227 4817 ὅτι,
3277 4750 3455 4803 Ἐστὶν
3495 4749 3600 4814 666;
3627 4749 3704 4803 δο-

488 4859 805 4915 pererrare;
836 4841 1132 4899 recordare
1172 4840 1322 4896 illius
1345 4837 1551 4907 eloquii
1580 4855 1597 4893 :
1634 4835 1733 4892 Est
1775 4835 1863 4891 via
1895 4850 2023 4906 appa

2169 4843 2336 4897 κοῦσα
2364 4843 2544 4916 ἀγαθὴ
2597 4841 2735 4898 εἶναι
2774 4844 2950 4914 ἀνδρὶ,
2995 4844 3064 4898 τὰ
3102 4843 3284 4915 μέντοι
3330 4843 3595 4897 τελευταῖα
3619 4843 3704 4896 αὑ-

489 4953 618 4993 rens
640 4936 760 4991 viro
798 4935 943 4991 bona
974 4950 1118 5001 esse,
1163 4941 1409 4990 extrema
1432 4945 1563 4986 vero
1593 4929 1741 4984 illius
1781 4936 1949 4999 agunt
1990 4943 2020 4981 a

2166 4936 2265 5005 τῆς
2296 4934 2465 5011 φέρει
2484 4937 2564 4999 είς
2591 4935 2683 4989 τὸν
2702 4936 2956 5007 πυθμένα
2981 4935 3074 4990 τοῦ
3105 4936 3255 5008 ᾅδου.
3301 4935 3413 4989 ’Δεὶ
3440 4936 3540 5006 γὰρ
3571 4937 3596 4987 6
3615 4936 3701 4989 Σα-

490 5028 819 5100 profundum
869 5027 1068 5084 inferni
1100 5026 1168 5082 ".
1226 5023 1451 5094 Semper
1504 5022 1651 5077 enim
1710 5021 1943 5075 Satanas
2003 5035 2025 5073 ι]

2242 5026 2336 5088 νᾶς
2367 5024 2442 5088 ὡς
2470 5025 2563 5078 ἐπὶ
2590 5025 2651 5078 τὸ
2685 5025 2937 5079 πλεῖστον
2980 5030 3097 5091 ταῖς
3136 5027 3536 5096 εὐλογοφανίαις
3568 5031 3702 5096 ἀγκι-
3767 5023 3777 5032 ’

490 5125 786 5195 plurimum
832 5120 1256 5177 rationabilibus
1305 5118 1488 5174 causis
1527 5116 1681 5170 illius
1712 5114 2025 5169 insidiarum

2166 5114 2382 5185 στρεύει
2407 5114 2533 5179 τοὺς
2560 5114 2659 5185 τῆς
2687 5117 3101 5187 κακομηχανίας
3128 5116 3292 5170 αὐτοῦ
3338 5115 3414 5188 μὴ
3443 5116 3698 5186 ἐσχηκότας,

491 5223 654 5287 atque
683 5214 1050 5286 improbitatis
1082 5214 1399 5282 inexpertos
1427 5207 1784 5285 expiscatur.
1901 5246 1910 5254 .
2164 5207 2379 5275 πεῖραν.

772 5304 955 5360 LXIII.
983 5333 1054 5347 -
1083 5300 1383 5359 SYRIANO
1425 5298 1777 5357 MONACHO.

2498 5296 2615 5352 ΞΓ’.
2656 5327 2729 5339 -
2756 5297 3055 5367 ΣΥΡΙΑΝῼ
3092 5296 3406 5367 ΜΟΝΑΧῼ.

561 5396 779 5449 Attente
805 5393 1209 5463 prudenterque
1236 5391 1541 5445 monastico
1570 5388 1763 5443 ordine
1798 5387 2059 5441 utendum

2240 5387 2619 5456 Προσεχόντως
2650 5387 2730 5457 τῷ
2765 5387 3036 5458 μοναδικῷ
3055 5388 3315 5457 τάγματι,
3350 5387 3443 5439 καὶ
3463 5402 3696 5455 νηφαλεως

491 5497 575 5543 est
605 5505 619 5540 :
654 5487 909 5556 gymnico
939 5485 1206 5555 siquidem
1254 5482 1554 5537 certamine
1590 5488 1868 5536 certamen
1905 5477 2026 5548 ιω

2169 5477 2469 5549 κεχρῆσθαι
2490 5479 2601 5532 δεῖ·
2633 5479 2727 5532 τοῦ
2755 5482 2860 5552 γὰρ
2891 5479 3157 5549 γυμνικοῦ
3185 5479 3413 5547 ἀγῶνος,
3432 5478 3460 5529 6
3479 5478 3694 5549 ἡμέτερος

567 5627 609 5658 υ
644 5628 663 5680 1
695 5628 837 5679 Petr.
877 5641 932 5687 ν,
968 5625 1030 5690 8;
1078 5624 1099 5677 ι
1144 5624 1340 5678 Thess.
1376 5640 1429 5684 ν,
1468 5623 1549 5677 5.’
1586 5624 1641 5693 ,⁵⁸
1673 5622 1906 5693 Philipp.
1939 5636 2012 5687 tv,
2043 5620 2095 5675 5.

2174 5619 2380 5675 “Ibid.
2413 5620 2465 5674 6.
2582 5620 2625 5651 το
2660 5620 2825 5676 Eccli.
2855 5607 2915 5687 u',
2945 5621 3027 5687 ll,
3074 5621 3159 5675 ιε.
3271 5620 3314 5651 τι
3351 5617 3490 5674 Dan.
3513 5632 3602 5683 xiv,
3622 5614 3686 5669 57.

568 5696 614 5727 "
645 5695 788 5751 I’sal.
813 5710 956 5750 cxvu
1012 5696 1062 5747 7.
1139 5694 1185 5725 ⁷³
1212 5693 1372 5747 Prov.
1398 5708 1511 5758 xxv,
1547 5692 1627 5745 12.
