3888 6040
178 254 310 322 29.9
1392 261 1704 322 EPISTOL
1715 260 1924 321 ARUM
1961 261 2108 321 LIB.
2150 261 2238 320 II.
3358 260 3465 328 230

177 369 364 436 ἁγὼν
427 369 851 442 δυσχερέστερός
909 370 1078 433 ἐστιν,
1114 370 1231 422 ἐκεῖ
1269 368 1367 439 μὲν
1404 369 1512 440 γὰρ
1538 367 1757 438 ἀθλητῶπ

1886 376 2134 421 nostrum
2168 365 2496 422 laboriosius
2525 375 2608 420 est
2645 383 2659 419 :
2693 364 2765 419 ibi
2802 366 2946 420 enim
2985 367 3312 422 athletarum
3340 384 3466 424 cor-

180 459 441 530 σώματα
505 461 744 516 κλίνεται
798 461 1088 533 ὀρθοῦσθαι
1123 461 1321 532 ῥᾳδίως
1366 461 1658 529 δυνάμενα,
1703 461 1757 512 ἐν

1889 472 2045 528 pora,
2072 474 2190 527 quae
2222 457 2368 512 facili
2399 457 2618 526 negotio
2650 455 2786 524 erigi
2829 457 3035 521 valent,
3063 458 3464 525 incurvantur;

176 553 383 608 ταῦθα
410 554 466 606 δὲ
497 554 666 623 ψυχαὶ
703 554 1158 618 καταπίπτουσιν,
1191 552 1256 617 ἃς
1281 552 1427 620 ἅπαξ
1463 550 1757 623 ἁνατραπεί

1888 550 2086 605 anima:
2107 551 2425 616 concidunt,
2457 563 2597 620 quas
2631 548 2802 604 semel
2855 549 3100 606 inversas
3138 550 3229 604 vix
3259 553 3462 619 erigas.

179 659 322 709 σας,
355 645 503 715 μόλις
529 647 678 697 ἐστιν
716 647 1016 715 ἀνεγεῖραι.

486 738 600 790 EA’.
632 766 702 777 —-
730 737 1068 807 ΓΡΗΓΟΡΙῼ
1099 736 1500 806 ΗΓΟΥΜΕΝῼ.

258 827 515 898 Μωῦσῆς
542 831 569 881 6
606 828 777 897 μέγας
809 828 1135 901 ἱεροφάντης
1178 826 1282 892 ἐξω
1307 826 1406 896 τῆς
1432 824 1782 898 παρεμϐολῆς

176 917 515 988 πηξάμενος
546 917 644 989 τὴν
675 919 902 989 σκηνὴν,
939 918 1115 990 δηλοῖ,
1170 916 1247 980 ὡς
1288 916 1506 989 μακρὰν
1549 916 1757 988 θορύὸοι

1881 924 1993 971 stra
2024 916 2434 968 tabernaculum
2488 915 2829 969 constituens
2860 915 2906 945 ⁷⁵
2949 914 3169 976 innuit,
3230 913 3387 983 longe
3431 929 3460 967 a

173 1010 500 1082 πολεμικοῦ
531 1012 636 1082 χρὴ
669 1011 761 1064 τὸν
789 1011 1104 1064 διδάσκαλον
1138 1006 1300 1073 εἶναι,
1346 1011 1438 1062 καὶ
1469 1011 1655 1080 πόρρω
1684 1008 1757 1061 toi

1878 1001 2120 1062 tumultu
2148 1005 2341 1060 bellico
2371 1013 2624 1075 oportere
2673 1005 2994 1073 magistrum
3027 1019 3172 1066 esse,
3209 1012 3264 1059 et
3301 1005 3460 1074 longe

172 1104 551 1174 πεφυρμένου
585 1103 911 1158 άπόκεισθαι
955 1101 1357 1174 στρατοπέδου,
1399 1100 1535 1172 πρὸς
1573 1100 1757 1171 είρηνι·

1877 1099 1946 1154 ab
1980 1100 2195 1167 impuro
2225 1099 2555 1151 commorari
2593 1098 2837 1151 exercitu
2865 1136 2880 1160 ,
2913 1095 2980 1150 ad
3013 1096 3291 1165 pacificam
3339 1096 3460 1149 nul-

173 1193 312 1259 κον,
351 1194 446 1247 καὶ
475 1193 818 1264 ἀπολέμητον
859 1193 1202 1263 μεταστάντα
1234 1190 1370 1260 βίον.

1875 1192 2036 1261 loque
2068 1189 2302 1242 tumultu
2337 1189 2534 1242 bellico
2567 1199 2816 1241 vexatam
2865 1189 3006 1240 viam
3055 1194 3458 1242 transvectum.

559 1285 680 1337 EE'.
702 1313 772 1323 -—
793 1283 1095 1352 ΘΕΟΔΩΡῼ
1123 1281 1432 1351 ΜΟΝΑΧῼ.

2121 1280 2279 1335 LXV.
2318 1313 2381 1322 —
2428 1277 2803 1334 THEODORO
2845 1277 3200 1333 MONACHO.

255 1375 333 1429 Et
361 1375 443 1446 τῷ
471 1375 620 1445 ζυγῷ
650 1375 753 1445 τῆς
782 1373 1138 1444 πανευφήμου
1182 1371 1461 1440 ὑποταγῆς
1480 1407 1495 1432 ,
1535 1368 1626 1422 τὸν
1673 1366 1757 1438 τῆς

1945 1371 2002 1426 Si
2049 1372 2182 1442 jugo
2229 1373 2696 1427 decantatissimze
2741 1370 3069 1424 obedientia:
3124 1369 3321 1444 anima:
3349 1378 3456 1424 tute

171 1465 374 1537 ψυχῆς
404 1485 495 1520 σου
529 1466 731 1536 αὐχένα
757 1465 1070 1527 ὑπέκλινας,
1124 1463 1199 1533 μὴ
1232 1460 1757 1532 πολυπραγμονήσῃς

1872 1465 2137 1517 cervicem
2175 1463 2497 1525 submisisti,
2537 1479 2600 1515 ne
2631 1461 2833 1516 anxius
2884 1461 3158 1530 nimisque
3199 1461 3457 1515 curiosus

170 1559 283 1620 τὰς
305 1559 622 1630 οἰκονομίας
649 1557 744 1611 τοῦ
777 1556 1141 1628 προεστῶτος,
1174 1555 1334 1626 μόνον
1365 1554 1422 1607 δέ
1454 1553 1521 1606 τὰ
1544 1555 1757 1604 ἐπιτασ-

1871 1557 2172 1624 superioris
2202 1557 2281 1610 tui
2315 1558 2390 1611 rei
2430 1555 2721 1610 familiaris
2761 1554 3290 1610 administrationem
3322 1569 3456 1608 exa-

173 1651 403 1719 σόμενά
430 1668 539 1714 σοι,
575 1649 676 1703 κᾶν
706 1649 901 1720 βαρέα,
931 1649 1026 1702 καὶ
1059 1648 1289 1700 ἐπίπονα
1318 1647 1594 1714 τυγχάνοι.
1635 1659 1757 1714 προ-

1871 1650 2081 1711 mines;
2124 1658 2343 1703 tantum
2376 1667 2438 1704 ea
2470 1665 2589 1719 qua:
2619 1649 2715 1701 tibi
2748 1649 3130 1715 imponuntur,
3165 1648 3296 1702 licet
3332 1663 3457 1717 gra-

171 1711 385 1811 θύμως
412 1711 584 1794 ποιεῖν
612 1711 904 1804 σπούδαζε.
934 1742 1008 1793 Τὸ
1045 1741 1153 1811 γὰρ
1187 1711 1644 1809 περιεργάζεσθαι
1670 1711 1757 1799 τὰς

1870 1743 1953 1796 via
1984 1750 2036 1796 et
2071 1742 2344 1797 laboriosa
2379 1744 2518 1803 sint,
2562 1742 2728 1795 alacri
2777 1741 2982 1804 animo,
3016 1751 3074 1796 ut
3113 1740 3323 1795 efticias
3370 1736 3484 1794 in-'

172 1834 277 1885 τοῦ
313 1834 634 1887 διδασκάλου
674 1834 1012 1902 οἰκονομίας,
1058 1832 1152 1886 καὶ
1203 1830 1521 1901 δοκιμάζειν
1567 1828 1757 1882 ἐθέλειι

1871 1834 2086 1887 cumbe.
2118 1835 2350 1888 Curiose
2374 1850 2609 1903 namque
2641 1833 2885 1902 magistri
2911 1832 3450 1886 administrationum

171 1928 244 1980 τὰ
281 1927 422 1999 παρ’
467 1927 633 1981 αὑτοῦ
686 1925 1164 1996 προστασσόμενα,
1200 1922 1458 1994 ἐμπόδιόν
1498 1922 1613 1974 ἐστι
1668 1920 1757 1989 τῆς

1869 1923 2240 1995 perquisitio,
2321 1934 2378 1979 et
2432 1932 2828 1995 praaceptornm
2885 1923 3032 1977 illius
3086 1924 3338 1992 probatio
3372 1924 3449 1978 tui

173 2018 286 2086 σῆς
350 2017 652 2089 προκοπῆς.
701 2018 776 2071 Οὐ
824 2017 932 2086 γὰρ
965 2017 1028 2087 δὴ
1091 2015 1308 2077 πάντως
1363 2016 1498 2084 ὅπερ
1538 2011 1757 2065 πιθανὸν

1868 2016 2148 2086 profectus
2209 2016 2598 2084 impedimento
2648 2024 2753 2069 est.
2810 2014 2995 2083 Neque
3029 2018 3172 2069 enim
3223 2017 3452 2070 omnino

2167 729 2350 785 LXIV.
2380 760 2452 771 --
2481 726 2835 784 GREGORIO
2873 726 3144 784 ABBATI.

1953 823 2168 894 Moyses
2200 839 2430 892 magnus
2460 823 2555 878 ille
2579 839 2863 878 sacrorum
2890 823 3127 877 antistes
3158 828 3311 876 extra
3371 837 3461 876 ca-

172 2111 274 2162 xat
310 2108 532 2176 εῦλογον
568 2109 817 2178 φαίνεται
846 2107 924 2178 τῷ
963 2106 1194 2176 ἀπείρῳ,
1221 2104 1381 2157 τοῦτο
1425 2104 1520 2156 καὶ
1552 2102 1766 2172 άληθῶς

172 2199 412 2267 εὔλογόν
451 2203 630 2253 ἐστιν⁹
676 2199 851 2262 ἄλλως
892 2199 1000 2270 γὰρ
1039 2199 1068 2251 6
1110 2197 1382 2268 τεχνίτης,
1419 2195 1509 2248 καὶ
1541 2193 1712 2256 ἄλλως
1737 2194 1766 2246 6

171 2293 577 2363 ἀνεπιστήμων
621 2293 796 2363 κρίνει
856 2292 926 2344 τά
967 2291 1064 2361 τῆς
1120 2293 1331 2360 τέχνης.
1367 2287 1565 2339 Κανόνι
1597 2287 1706 2356 γὰρ
1738 2287 1766 2338 6

175 2383 283 2452 μὲν
310 2386 377 2453 τῇ
409 2384 691 2454 ἐπιστήμῃ
719 2383 1002 2453 κέχρηται.
1035 2384 1062 2435 6
1091 2381 1148 2434 δὲ
1187 2380 1264 2451 τῷ
1290 2380 1488 2432 εἰκότι·
1517 2377 1577 2430 τὸ
1605 2377 1660 2429 δὲ
1691 2378 1766 2429 εί-

171 2472 276 2534 κὸς
311 2472 563 2540 ὀλιγάκις
622 2472 721 2542 μὲν
758 2472 1076 2541 στοχάζεται
1131 2470 1232 2539 τῆς
1291 2468 1567 2538 ἀληθείας,
1602 2465 1670 2518 τὰ
1706 2466 1763 2519 δὲ

171 2563 358 2617 πολλὰ
390 2564 779 2634 ἀποτυγχάνει,
814 2564 1015 2634 μᾶλλον
1041 2563 1139 2633 τῆς
1171 2562 1464 2634 ὀρθότητος
1502 2559 1638 2632 πρὸς
1664 2560 1764 2630 τὴν

171 2653 402 2723 ἀπάτην
427 2652 546 2723 ἔχον
575 2653 673 2723 τὴν
715 2651 1059 2720 συγγένειαν.

550 2745 686 2812 aqu
722 2774 792 2784 -
820 2744 1041 2814 ΓΑΛΛῼ
1084 2742 1392 2813 ΜΟΝΑΧῼ.

247 2833 318 2885 Τί
347 2852 429 2887 σοι
477 2833 666 2903 ὄφελος
712 2834 813 2904 τῆς
861 2834 1146 2899 ξενιτείας.
1197 2835 1290 2886 καὶ
1321 2831 1416 2885 τοῦ
1463 2831 1626 2884 πόνου
1659 2829 1762 2900 τῆς

170 2925 492 2995 ἀσκήσεως,
543 2927 634 2980 καὶ
679 2925 778 2996 τῆς
824 2926 1023 2995 πολλῆς
1055 2923 1444 2996 ταλαιπωρίας,
1501 2923 1659 2976 πάλιν
1691 2925 1756 2994 τῇ

172 3017 384 3088 καρδίᾳ
415 3019 495 3080 είς
547 3017 820 3085 Αἴγυπτον
869 3016 1239 3086 στρεφομένῳ,
1283 3016 1379 3069 καὶ
1413 3015 1756 3086 καθεκάστην

173 3108 372 3176 σχεδὸν
415 3109 629 3179 ἡμέραν
658 3108 746 3164 διὰ
771 3108 878 3160 τῶν
904 3107 1200 3161 ἐπιστολῶν
1230 3110 1341 3170 τοῖς
1365 3108 1553 3169 οίκίοις
1589 3122 1757 3177 προσ-

172 3198 478 3268 ομιλοῦντι,
522 3201 614 3252 καὶ
639 3200 718 3270 τῷ
762 3199 1010 3271 διαπύρῳ
1061 3199 1268 3271 φίλτρῳ
1301 3199 1399 3270 τῆς
1440 3197 1760 3266 συγγενείας

172 3289 650 3360 ἀποσφαλλομένῳ
707 3290 807 3359 τῆς
862 3289 1238 3359 τελειοτητος;
1294 3289 1448 3359 Τάχα
1502 3290 1610 3358 γὰρ
1658 3288 1759 3341 οὐκ

174 3378 420 3449 ἡκουσας
464 3381 555 3434 τοῦ
591 3382 795 3451 Κυρίου
828 3381 1189 3450 ἐπιτιμῶντος
1216 3384 1284 3452 τῇ
1334 3381 1522 3452 Μαρίᾳ.
1557 3382 1613 3432 ἐν
1646 3381 1758 3443 τοῖς

176 3475 502 3542 συγγενέσιν
532 3474 863 3544 ὲπιξητούσῃ
894 3474 1076 3538 αὑτὸν,
1104 3474 1200 3527 κα)⁸
1234 3474 1327 3526 τὸν
1363 3473 1621 3542 φιλοῦντα
1647 3490 1756 3526 πα·-

175 3564 340 3634 τέρα,
369 3565 402 3634 ἢ
438 3565 650 3634 μητέρα
676 3567 814 3634 ὑπὲρ
837 3565 1019 3630 αὑτὸν,
1056 3565 1336 3636 κρίνοντος
1382 3563 1597 3629 ἀνάξιον
1632 3565 1759 3617 ἐαυ-

176 3654 294 3719 τοῦ,
335 3658 430 3709 καὶ
455 3657 544 3708 διὰ
582 3660 691 3709 τῶν
736 3659 907 3726 λόγων
939 3657 1144 3710 τούτων
1189 3657 1474 3727 ἀραρότως
1519 3657 1758 3727 ἔκλειψιν

176 3748 287 3800 τῶν
315 3750 652 3817 συγγενικῶν
678 3749 1068 3821 ὑποτιθεμένου
1101 3749 1317 3818 δεσμῶν
1343 3759 1385 3814 ;‘
1403 3749 1463 3801 Εί
1493 3748 1626 3817 γοῦν
1657 3767 1758 3802 κα-

177 3839 506 3902 ταλέλοιπας
531 3841 629 3911 τὴν
656 3841 903 3912 Χαρρὰν,
935 3842 1072 3911 ὅπερ
1102 3839 1467 3910 ἑρμηνεύεται
1500 3839 1754 3908 τρώγλη,

177 3930 342 3984 τοῦτο
365 3931 421 3983 δὲ
449 3933 700 4001 σημαίνει
729 3932 827 3996 τὰς
849 3932 1154 4002 αἰσθήσεις,
1187 3933 1280 3984 καὶ
1307 3933 1371 3983 ἐκ
1394 3932 1492 4001 τῆς
1516 3931 1758 3993 κοιλάδος

178 4023 410 4095 Χεϐρὼν
435 4024 676 4094 ἐξῆλθες,
705 4027 949 4078 τουτέστι
977 4023 1086 4078 τῶν
1129 4023 1401 4077 ταπεινῶν
1446 4022 1624 4093 ἔργων
1658 4023 1759 4092 τῆς

181 4114 478 4183 ἁμαρτίας,
509 4115 605 4167 καὶ⁵
627 4116 692 4169 ἐκ
717 4115 813 4183 τῆς
841 4117 1072 4186 ἐρήμου,
1104 4114 1228 4168 καθ’
1260 4113 1329 4185 ἢν
1361 4113 1600 4188 γίνονται.
1623 4112 1759 4167 πλά-

181 4224 289 4271 ναι,
326 4205 558 4260 σπεῦσον
586 4207 998 4278 μετοικισθῆναι
1031 4207 1174 4262 κατὰ
1217 4207 1345 4270 τοὺς
1387 4206 1755 4275 πατριάρχας,

181 4297 257 4359 είς
288 4296 567 4367 Δωθαεὶμ,
618 4298 867 4352 τουτέστι
896 4301 977 4361 είς
1002 4298 1101 4369 τὴν
1135 4298 1326 4368 ἱκανὴν
1367 4296 1611 4366 ἔκλειψιν
1659 4297 1757 4366 τῆς

1867 2107 2013 2178 quod
2048 2123 2177 2162 vero
2206 2108 2389 2162 simile
2451 2122 2516 2160 ac
2567 2106 2769 2161 rationi
2816 2121 3119 2160 consonum
3169 2106 3452 2175 ineXpi-rto

1866 2201 2100 2263 videtur,
2154 2200 2256 2252 hoc
2295 2214 2423 2252 vere
2467 2197 2670 2251 rationi
2740 2211 3047 2251 consonum
3123 2204 3229 2249 est.
3279 2197 3453 2250 Aliter

1864 2291 2009 2344 enim
2045 2291 2264 2351 artifex,
2301 2298 2355 2344 et
2381 2289 2542 2343 aliter
2569 2288 2706 2342 artis
2742 2288 2990 2356 ignarus,
3026 2302 3089 2341 ea
3141 2303 3266 2356 quae
3308 2289 3448 2343 artis

1865 2390 2012 2442 sunt,
2041 2381 2347 2448 dijudicat:
2381 2380 2568 2449 regula
2608 2379 2755 2432 enim
2807 2378 2900 2432 ille
2933 2378 3155 2441 quidem
3203 2377 3449 2431 scienter

1864 2474 2058 2534 utitur,
2091 2473 2179 2526 hic
2222 2469 2595 2525 convenienti.
2619 2468 2723 2523 Sed
2747 2469 3224 2524 conveniensraro
3239 2471 3446 2523 verita-

1863 2574 1971 2620 tem
2001 2567 2261 2625 collimat.
2286 2575 2343 2618 ιιι
2368 2564 2663 2633 plurimum
2686 2575 2812 2615 vero
2826 2561 2894 2614 ab
2917 2577 2978 2615 ea
3011 2562 3251 2626 aberrat,
3273 2563 3448 2630 magis

1863 2657 1929 2712 ad
1945 2671 2184 2713 errorem
2198 2672 2357 2725 quam
2382 2656 2446 2709 ad
2466 2653 3196 2717 rectitudinem,alftnitatem
3216 2653 3444 2709 habens.

2076 2747 2233 2817 150
2286 2746 2470 2800 LXVI.
2514 2775 2582 2786 —-
2617 2743 2845 2799 GALLO
2882 2742 3232 2803 MONACHO.

1931 2840 2065 2906 Quis
2101 2842 2197 2894 tibi
2235 2856 2370 2894 usus
2405 2837 2578 2892 fuerit
2620 2838 3122 2908 peregrinationis,
3191 2845 3243 2890 et
3287 2853 3447 2891 exrr-

1860 2929 2139 2984 citationis
2185 2929 2499 2990 laboriosa,
2527 2937 2582 2981 et
2631 2938 2737 2981 tam
2785 2927 3045 2983 immanis
3095 2925 3442 2992 afﬂictionis,

1865 3036 2078 3074 rursum
2120 3019 2286 3073 corde
2321 3020 2375 3072 in
2409 3018 2706 3089 IEgyptum
2745 3019 3065 3081 revertenti,
3108 3027 3162 3072 et
3210 3018 3444 3086 singulis

1862 3110 1976 3166 fere
2007 3111 2202 3165 diebus
2233 3126 2328 3179 per
2357 3111 2625 3179 epistolas
2679 3108 3052 3163 familiaribus
3083 3110 3440 3179 colloquenti,

1860 3213 1913 3258 et
1973 3204 2187 3257 ardenti
2225 3202 2576 3272 cognationis
2613 3202 2870 3270 cupidine
2897 3217 2925 3254 a
2971 3201 3306 3271 perfectione
3349 3201 3444 3256 de-

1858 3297 2065 3350 erranti
2093 3296 2115 3348 ?
2141 3293 2305 3349 Forte
2333 3295 2479 3348 enim
2523 3311 2630 3348 non
2683 3294 2889 3348 audisti
2916 3293 3204 3347 Dominum
3262 3293 3443 3349 Maria:

1860 3386 2321 3454 exprobrantcm,
2351 3384 2496 3453 quod
2529 3384 2673 3437 inter
2711 3383 3153 3452 consanguineos
3177 3398 3300 3436 eum
3351 3383 3439 3436 in-

1858 3477 2172 3547 quireret";
2201 3479 2359 3546 eique
2386 3476 2478 3545 qui
2509 3485 2716 3544 patrem
2749 3483 2802 3528 et
2837 3486 3062 3527 matrem
3115 3473 3235 3543 plus
3272 3488 3438 3542 quam

1859 3571 2013 3624 ilium
2065 3578 2297 3630 amaret,
2352 3570 2536 3637 seipso
2584 3566 2868 3635 indignum
2902 3566 3241 3633 judicantem
3271 3566 3338 3626 ".
3383 3571 3439 3618 et

1858 3677 1956 3730 per
1988 3661 2103 3714 [nec
2140 3660 2311 3713 verba
2345 3660 2576 3712 firmiter
2618 3659 3154 3727 consanguineorum
3189 3655 3440 3710 vinculo.

1858 3768 1981 3807 rum
2018 3751 2350 3807 solutionem
2411 3751 2860 3821 supponenlem?
2908 3750 3095 3818 Itaque
3140 3750 3185 3803 si
3241 3748 3438 3803 dereli-

1857 3844 2027 3913 quisti
2058 3841 2330 3905 Charran,
2355 3857 2478 3912 quae
2516 3845 2909 3912 interpretatur
2945 3841 3123 3905 nidus,
3171 3840 3259 3893 hic
3306 3853 3438 3893 vero

1857 3935 2038 3989 innuit
2071 3950 2305 4000 sensus,
2341 3943 2397 3988 et
2440 3950 2504 3988 ex
2536 3935 2674 3988 valle
2708 3933 2965 3986 Chebron
3011 3932 3194 3986 exiisti
3226 3932 3296 3993 ⁷⁷,
3331 3931 3436 3986 hoc

1868 4035 1954 4081 est
1975 4042 2041 4080 ex
2079 4026 2300 4080 miseris
2336 4028 2542 4094 peccati
2567 4025 2849 4094 operibus,
2872 4032 2924 4077 et
2946 4040 3009 4077 ex
3041 4023 3257 4077 deserto
3282 4038 3435 4077 eri-o-

1859 4117 2008 4173 ribus
2034 4117 2296 4183 obnoxio,
2325 4117 2618 4179 contende,
2655 4125 2708 4169 ut
2752 4115 3132 4177 transferaris,
3167 4112 3433 4182 quemad-

1859 4208 2082 4262 modum
2113 4216 2170 4263 et
2197 4208 2546 4278 patriarchae,
2575 4207 2630 4260 in
2662 4206 2912 4261 Dothaim
2937 4206 3005 4268 ⁷⁸,
3057 4205 3162 4260 hoc
3193 4212 3280 4258 est
3313 4202 3433 4275 suf-

1861 4301 2132 4355 ficientem
2191 4297 2464 4353 defectum
2519 4314 2733 4353 carnece
2793 4297 3121 4352 affectionis.
3179 4294 3432 4351 Dothaim

183 4387 455 4457 σαρκικῆς
479 4388 866 4458 προσπαθείας’
887 4388 1138 4458 Δωθαεὶμ
1157 4388 1264 4457 γὰρ
1286 4388 1466 4455 ἱκανὴ
1484 4387 1756 4454 ἔκλειψις

1866 4407 2098 4460 namque
2135 4391 2407 4459 sufﬁciens
2483 4388 2742 4460 defectus
2785 4389 3207 4457 interpretatur,
3274 4387 3432 4455 cujus

180 4477 565 4550 ἑρμηνεύεται,
609 4475 792 4552 ἧσπερ
829 4481 1105 4549 ἐπιτυχεῖν
1133 4478 1490 4548 ἀγωνίζονται
1524 4478 1748 4542 πάντες,

179 4571 296 4624 ὅσοι
326 4571 605 4643 ὀρέγονται
640 4572 739 4643 τῆς
773 4571 1198 4643 μακαριωτάτης
1232 4569 1518 4632 ἀπαθείας.

210 4683 414 4738 ΞΖ’.-
430 4683 814 4739 ΕΛΕΥθΕΡῙΩ
842 4685 1132 4738 ΜΟΝΔΧΩ
1157 4676 1294 4736 Alli)
1319 4681 1720 4736 ΝΟΥΜΕΡΩΝ.

248 4836 365 4889 Οὐκ
388 4837 720 4908 ἀποδέχομαι
743 4855 803 4890 σε
834 4838 966 4909 πρὶν
989 4838 1220 4908 ἐκκόψαι
1244 4837 1313 4893 τὰ
1336 4837 1505 4909 πάθη,
1533 4838 1750 4910 μυρίαις

1851 4493 2134 4554 compotes
2168 4484 2280 4539 fieri
2312 4483 2672 4547 contendunt,
2704 4483 3021 4553 quicunque
3055 4484 3429 4537 beatissimam

1851 4577 2001 4632 illam
2067 4577 2535 4647 perturbationum
2617 4576 2944 4630 vacuitatem
3006 4576 3429 4644 concupiscunt.

2006 4686 2215 4744 LXVII.
2252 4718 2323 4729 —
2351 4686 2794 4743 ELEUTHERIO
2819 4686 3152 4744 MONACHO
3189 4687 3279 4742 EX

2474 4759 2806 4814 NUMEHIS.

1922 4848 2040 4904 Non
2061 4849 2278 4920 excipio
2296 4857 2370 4916 te,
2397 4851 2448 4904 ni
2471 4850 2624 4919 prius
2643 4850 3086 4919 perturbationes
3109 4849 3424 4912 abscindas,

180 4926 460 4998 χρώμενον
493 4931 820 5000 συντυχίαις,
871 4932 966 4984 καὶ
999 4929 1292 5001 τραύματα
1346 4931 1439 4983 ἐπὶ
1481 4929 1757 5000 τραύμασι

1866 4937 1941 5006 ιιιὶ
1969 4936 2275 4991 innumeris
2304 4936 2694 5006 congressibus
2722 4938 2915 4999 uteris,
2936 4944 2989 4988 et
3016 4938 3239 4991 vulnera
3259 4952 3424 5006 super

181 5022 244 5089 τῇ
272 5019 479 5090 διανοίᾳ
502 5020 593 5074 διὰ
632 5021 741 5074 τῶν
763 5021 1067 5093 αἰσθήσεων
1098 5021 1428 5090 σωρεύονται
1453 5061 1467 5082 ,
1520 5021 1616 5074 καὶ
1647 5019 1756 5088 μά-

1848 5029 2077 5082 vulnera
2107 5027 2272 5080 menti
2297 5043 2392 5096 per
2425 5042 2622 5082 sensus
2645 5041 2962 5097 exaggeras,
2991 5041 3166 5096 eoque
3201 5028 3415 5098 potissi-

182 5110 316 5164 λισθ⁹
363 5111 447 5165 ὅτι
491 5113 550 5178 ἐξ
577 5111 923 5183 ⁴ίιμελημένου
973 5114 1067 5165 καί
1095 5111 1403 5183 ἀκαθάρτου
1446 5109 1560 5181 βίου
1615 5109 1754 5180 πρὸς

1866 5135 2024 5182 num,
2065 5119 2210 5189 quod
2240 5133 2307 5172 ex
2339 5119 2556 5187 abjecto
2587 5128 2642 5174 et
2675 5119 2892 5189 impuro
2921 5119 3044 5173 vita?
3076 5119 3324 5174 instituto
3356 5123 3420 5170 ad

181 5202 277 5273 τὴν
322 5203 522 5274 ἀρετὴν
573 5202 670 5256 τοῦ
719 5202 956 5274 Χριστοῦ
1010 5204 1419 5275 μετοικισθῆναι
1478 5203 1754 5275 προείλου.

183 5295 380 5365 Διόπερ
429 5294 721 5365 θεράπευε,
775 5297 850 5368 μὴ
881 5296 1065 5366 μέντοι
1113 5295 1312 5360 αῦξανε
1367 5299 1485 5360 ταῖς
1546 5296 1752 5364 ἀφυλά-

1851 5212 2107 5266 virtutem
2134 5208 2337 5265 Christi
2373 5211 2586 5264 traduci
2617 5209 2872 5279 elegeris.
2896 5207 3240 5278 Quapropter
3268 5206 3418 5274 151

1850 5316 2008 5362 sana,
2061 5316 2172 5355 non
2224 5300 2354 5355 item
2401 5299 2613 5370 adauge
2664 5300 2991 5370 improvidis
3042 5297 3422 5366 congressibus

185 5401 328 5448 κτοις
386 5387 698 5457 συντυχίαις
742 5389 811 5442 τὰ
845 5389 1126 5458 νοσήματα
1184 5389 1282 5458 τῆς
1314 5387 1512 5458 ψυχῆς.
1563 5388 1748 5440 Ἐοικε

1866 5391 2205 5461 egritudines
2232 5390 2447 5446 animae.
2483 5390 2634 5446 Mens
2680 5391 2826 5446 enim
2866 5403 3076 5451 eorum,
3107 5387 3199 5458 qui
3232 5401 3421 5441 recens

184 5476 287 5546 γὰρ
319 5478 348 5530 ὁ
376 5477 498 5543 νοῦς
521 5479 632 5534 τῶν
668 5479 996 5552 προσφάτως
1029 5481 1126 5552 τῆς
1154 5481 1353 5546 κακίας
1394 5484 1747 5552 ἀνακεχωρη-

148 5570 155 5597 ι

251 5653 297 5684 ⁷⁸
321 5651 490 5709 Exod.
526 5669 720 5719 χχχιιι,
757 5653 806 5708 7.
883 5655 926 5687 "
961 5655 1096 5710 Luc.
1140 5672 1197 5722 ιι,
1225 5656 1313 5713 49.
1391 5656 1437 5688 ⁷⁸
1472 5653 1658 5710 Matth.
1699 5674 1753 5721 ι,
1784 5656 1873 5710 57.

1854 5482 1921 5535 ab
1955 5481 2303 5551 improbitate
2333 5489 2703 5546 secesserunt,
2733 5481 2936 5537 similis
2958 5485 3040 5535 est
3068 5476 3284 5549 corpori
3309 5485 3421 5530 tum

1952 5657 1995 5686 τη
2030 5654 2163 5711 Gen.
2197 5671 2272 5710 xu
2323 5657 2374 5712 4,
2454 5655 2496 5689 σε
2534 5654 2899 5721 Gen..xxxvn,
2936 5655 3034 5723 t7.~
