3888 6040
350 238 367 263 ‘
408 233 509 300 23!
1917 232 1978 305 S.
2016 241 2021 303 ἱ

2141 244 2181 306 .I
3596 239 3731 300 Ξ.Ἱὲ

411 348 652 420 primum
689 366 755 404 ex
792 350 964 421 longe
1007 352 1273 423 gravique
1322 355 1515 410 morbo
1562 355 1993 420 convalescenti,

2141 356 2296 419 ότων,
2348 355 2560 427 σώματι
2611 354 2904 426 ἀρξαμένῳ
2964 355 3029 407 ἑκ
3086 352 3304 425 μακρᾶς
3362 351 3731 423 ἀρρωστίας

424 438 577 506 quod
604 441 802 510 exigua
832 444 1091 512 quaelibet
1142 447 1363 502 occasio
1416 446 1471 501 in
1518 449 1767 501 morbum
1812 448 1996 502 denuo

2141 447 2525 517 ναλαμϐἁνειν,
2555 440 2707 518 ᾧπερ
2738 446 2832 501 καὶ
2891 445 3064 517 μικρά
3110 462 3193 508 τις
3233 443 3531 514 πρόφασις,
3598 443 3729 511 τῆς

414 530 720 600 compellit,
758 539 1019 601 tanquam
1061 537 1207 604 quod
1258 536 1503 590 nondum
1554 538 1767 608 viribus
1806 538 1996 593 solidis

2141 542 2191 594 πὶ
2219 542 2317 612 τὴν
2370 543 2524 594 νόσον
2572 540 2886 603 ἀναλύσεως
2935 538 3082 591 αίτία
3114 536 3461 599 καθίσταται,
3505 537 3726 603 μήπω

411 621 716 677 coaluerat.
762 623 895 678 Nam
952 626 1039 682 his
1102 627 1504 685 intellectuales
1532 629 1679 685 vires
1721 645 1786 685 ac
1827 632 1998 686 robur

2146 632 2236 705 ρδς
2271 632 2423 702 ίσχὺν
2446 631 2717 703 κραταιὰν
2746 628 3105 699 πεπηγμένῳ.
3140 626 3389 680 Πλαδῶσι
3417 624 3532 695 γὰρ
3564 623 3725 676 τού-

415 716 745 771 liumesctmt
760 723 813 771 et
837 719 1187 786 quatiuntur,
1216 722 1356 775 adeo
1389 731 1451 776 ut
1485 723 1649 778 timor
1682 726 1773 787 sit,
1803 740 1871 777 ne
1902 724 1998 779 de-

2141 742 2210 787 >ις
2234 725 2282 777 oi
2310 724 2488 794 νοεροὶ
2511 724 2674 789 τόνοι,
2707 722 2804 776 καὶ
2831 719 3233 792 κραδαίνονται,
3255 717 3330 781 ὠς
3353 717 3471 780 δέος
3508 710 3716 774 εἶναι.

413 822 523 862 nuo
544 809 941 863 exsecrandum
982 811 1186 865 malum
1220 812 1450 882 irrepat.
1484 815 1631 882 quod
1674 815 1759 870 sui
1794 823 1994 869 natura

2141 817 2180 887 ,ὴ
2213 815 2626 888 νπαλινδρομήσῃ
2678 814 2739 867 τὸ
2768 813 2941 876 πάθος
2982 811 3042 864 τὺ
3086 811 3303 883 μιαρὸν,
3342 809 3603 878 πεφυκὸς
3642 811 3719 861 ὲν

411 901 632 956 noxiam
655 900 1024 955 turbationem
1042 902 1097 955 in
1129 902 1352 957 lascivia
1376 906 1619 961 excitare
1667 914 1860 960 natum
1886 916 1992 963 est.

2141 912 2163 981 ᾗ
2189 908 2447 981 ἁναχύσει
2481 904 2877 979 διερεθίζεσθαι
2905 906 3015 958 τῶν
3047 902 3357 957 ἐπιϐλασῶν
3387 902 3577 973 ὄχλον.

922 991 1151 1048 LXVIII.
1181 1024 1251 1034 -—-
1276 994 1485 1050 Eidem.

2603 997 2729 1053 EH’.
2764 1028 2835 1038 —
2868 995 2951 1063 Τῷ
2975 994 3158 1062 αὐτῷ.

484 1081 562 1137 Ex
594 1082 743 1139 Dina:
775 1084 1092 1140 liliteJacobi
1135 1086 1367 1141 historia
1396 1088 1823 1152 discito",vere
1846 1087 2001 1157 puel-

2181 1094 2277 1146 Ἐκ
2307 1094 2408 1163 τῆς
2434 1090 2573 1145 κατὰ
2603 1090 2703 1161 τὴν
2726 1090 2915 1143 Δείναν
2940 1089 3038 1159 τὴν
3063 1086 3338 1159 θυγατέρα
3356 1084 3451 1139 τοῦ
3477 1083 3717 1139 Ἰακὼό

411 1176 547 1232 laris
578 1191 644 1232 ac
675 1179 989 1235 mulierosaa
1020 1180 1217 1233 animm
1246 1194 1530 1249 esse,quae
1557 1196 1727 1249 super
1752 1181 1996 1234 habitum

2141 1185 2341 1256 πτορίας
2375 1183 2694 1252 παιδεύθητι
2714 1224 2729 1247 ,
2758 1183 2842 1236 ὅτι
2877 1179 3105 1252 χορικῆς
3137 1179 3285 1232 ἐστὶν
3314 1177 3553 1249 ἀληθῶς,
3600 1179 3713 1231 καὶ

411 1266 700 1337 proprium
744 1276 899 1332 sunt,
927 1276 981 1320 et
1010 1267 1184 1329 vires,
1217 1266 1460 1337 aggredi,
1528 1276 1581 1322 et
1626 1269 1694 1322 ab
1741 1268 1999 1337 opinione

2141 1276 2465 1339 υναικώδους
2485 1275 2686 1346 ψυχῆς,
2709 1275 2769 1327 τὸ
2798 1274 3064 1343 ἐγχειρεῖν
3085 1273 3198 1335 τοῖς
3219 1270 3358 1340 ὑπὲρ
3387 1270 3486 1339 τὴν
3505 1268 3712 1321 οίκίαν

411 1356 481 1410 de
509 1369 571 1410 se
605 1355 726 1425 ipso
753 1365 1011 1427 tanquam
1043 1357 1263 1418 idoneo,
1295 1367 1350 1411 et
1380 1366 1510 1428 apto
1546 1368 1870 1430 argumento
1904 1359 2000 1414 de-

2141 1366 2211 1433 Ξιν
2244 1384 2324 1432 τε,
2359 1368 2454 1420 καὶ
2481 1366 2731 1437 δύναμιν.
2788 1366 2883 1419 καὶ
2917 1362 3021 1418 ὑπὸ
3063 1363 3163 1432 τῆς
3210 1362 3339 1433 περὶ
3385 1361 3587 1414 ἑαυτὸν
3620 1359 3710 1420 ὡς

410 1446 543 1516 cipi.
575 1443 819 1501 Laudata
848 1448 1122 1518 siquidem
1161 1447 1298 1502 Dina
1322 1450 1431 1503 nisi
1465 1459 1731 1519 prompte'
1754 1450 1995 1504 familia-

2141 1457 2292 1513 ιανὸν
2318 1457 2637 1527 ὑπολήψεως
2669 1455 3064 1521 ἐξαπατᾶσθαι.
3093 1454 3155 1506 Ei
3189 1451 3262 1522 μὴ
3290 1451 3397 1521 γὰρ
3430 1452 3463 1520 ἡ
3489 1449 3710 1515 προλε-

414 1538 559 1592 rium
582 1553 765 1593 rerum
790 1539 1164 1609 speculatione
1184 1548 1357 1594 semet
1373 1540 1687 1608 spoliasset,
1708 1540 1783 1592 uti
1808 1548 2000 1609 potens

2141 1549 2293 1601 θεῖσα
2321 1548 2476 1601 Δείνα
2502 1547 2807 1618 προχείρως
2839 1543 3218 1600 ὲπαπεδύσατο
3244 1544 3310 1612 τῇ
3344 1541 3550 1611 θεωρίᾳ
3581 1538 3706 1589 τῶν

413 1627 580 1692 facta,
610 1630 678 1683 ab
714 1644 906 1684 eorum
960 1630 1325 1684 oblectatione
1382 1644 1494 1683 non
1539 1628 1824 1697 redargui,
1887 1644 1999 1683 non

2141 1638 2385 1710 γχωρίων
2418 1640 2780 1710 πραγμάτων,
2828 1637 2903 1700 ὡς
2929 1636 3189 1707 ἰσχύουσα
3234 1634 3393 1704 δῆθεν
3437 1632 3702 1704 meam;

415 1720 797 1790 intempestive
825 1735 980 1791 pars,
1031 1736 1154 1790 qua:
1188 1719 1481 1790 dijudicat,
1535 1721 1733 1776 animm
1796 1722 2003 1777 abolita

2330 1698 2897 1797 mdtmv'éleuﬁﬁvat
2938 1698 3203 1796 τέρψεως,
3249 1698 3349 1776 ούκ
3375 1698 3447 1773 ἂν
3489 1720 3700 1791 ἀώρως

414 1814 631 1876 fuisset,
658 1827 688 1866 a
718 1813 1004 1869 sensilium
1035 1813 1272 1883 imagine
1300 1814 1558 1877 discissa,
1590 1830 1716 1867 cum
1754 1813 2001 1868 nondum

2141 1819 2371 1891 ιεφθάρη
2418 1820 2480 1874 τὸ
2534 1819 2780 1892 κριτικὸν
2811 1819 2907 1889 τῆς
2961 1818 3138 1887 ψυχῆς
3184 1813 3548 1885 κατασχισθὲν
3583 1812 3702 1865 ὑπὸ

414 1921 583 1970 sanie,
615 1919 895 1976 generosa:
923 1920 986 1960 ac
1015 1905 1493 1975 virilicogitationi
1521 1907 1880 1961 assuevisset.

2141 1911 2203 1982 ἧς
2231 1912 2532 1983 φαντασίας
2560 1911 2668 1964 τῶν
2696 1908 2992 1979 αἰσθητῶν,
3020 1909 3186 1981 μήπω
3214 1907 3535 1975 ὑγιαίνοντι,
3562 1923 3696 1970 γεν-

2104 2004 2238 2077 ναίῳ
2263 2023 2343 2069 τε,
2373 2004 2466 2059 καὶ
2496 2004 2727 2076 ἀνδρείῳ
2751 2001 3063 2074 όμιλήσασα
3093 1996 3364 2070 λογισμῷ.

1398 2101 1479 2177 [ιι-ν
1701 2175 1707 2177 Α
1896 2175 1907 2177 _
2621 2096 2740 2150 se.
2776 2126 2847 2136 —
2876 2095 2962 2161 τῷ
2988 2092 3169 2159 αὐτῷ.

492 2194 512 2228 ι
547 2174 838 2246 Templum
868 2174 967 2230 Dei
1007 2192 1104 2231 vos
1138 2176 1276 2232 estis
1305 2176 1374 2242 ⁸⁸,
1398 2174 1429 2228 ῖ»
1470 2176 1651 2246 inquit
1683 2175 2003 2246 Apostolus.

2182 2206 2201 2241 ι
2232 2189 2377 2252 Ναὺς
2409 2187 2545 2242 Θεοῦ
2589 2188 2749 2257 ὑμεῖς
2795 2189 2940 2251 ἐστε,
2992 2206 3011 2239 ι
3053 2184 3217 2256 φησιν
3257 2186 3285 2239 ὁ
3342 2179 3695 2241 Ἀπόστολος.

417 2266 498 2324 Ne
530 2268 716 2339 itaque
741 2284 810 2324 ex
837 2268 1139 2323 immundis
1169 2269 1501 2339 imaginibus
1526 2266 1733 2337 aliquid
1767 2269 1818 2321 in
1855 2273 2005 2320 tuam

2141 2282 2206 2344 Ως
2234 2280 2301 2335 ἂν
2325 2275 2421 2335 οὖν
2468 2280 2634 2351 μηδὲν
2662 2279 2896 2352 είσέρπῃ
2949 2277 3059 2332 τῶν
3091 2277 3418 2347 ἀκαθάρτων
3464 2271 3698 2343 μορφῶν

418 2368 663 2415 mentem
698 2361 925 2431 irrepat,
961 2359 1129 2416 futuri
1171 2361 1365 2429 judicii
1415 2363 1813 2430 cogitationum
1867 2361 2005 2413 retia

2141 2373 2189 2435 ίς
2210 2373 2308 2442 τὴν
2339 2371 2437 2442 σὴν
2458 2372 2715 2436 διάνοιαν,
2741 2371 2934 2425 δίκτυα
2963 2368 3240 2439 λογισμῶν
3264 2371 3364 2439 τῆς
3386 2364 3698 2436 μελλούσης

421 2452 786 2508 circumcirca
813 2454 1068 2523 corporis
1099 2453 1317 2509 foribus
1359 2452 1605 2523 implica,
1643 2453 1713 2506 ab
1748 2451 2006 2521 imagini-

2141 2466 2345 2535 ;ρίσεως
2373 2462 2656 2527 διάπλεξον
2686 2464 2806 2526 ταῖς
2846 2462 2939 2515 τοῦ
2990 2459 3240 2532 σώματος
3288 2458 3502 2529 θυρίσιν
3522 2496 3538 2521 ,
3571 2456 3719 2517 ταῖς.

421 2546 548 2611 bus,
579 2562 703 2620 quae
732 2562 832 2618 per
854 2563 1053 2603 sensus
1084 2548 1389 2612 introeunt,
1438 2561 1637 2602 arcens
1682 2546 2009 2601 intellectio—

2143 2556 2199 2610 ιὰ
2221 2555 2330 2610 τῶν
2372 2556 2675 2625 αίσθήσεων
2720 2553 3129 2625 είσερχομέναις
3169 2553 3371 2604 εἰκόσιν
3411 2546 3695 2616 ἀποτειχί-

420 2651 574 2691 nem.
603 2634 662 2690 Si
693 2652 825 2691 vero
864 2636 1238 2692 tentationum
1267 2644 1517 2706 tempore
1545 2646 1813 2691 terrorem
1853 2634 2009 2705 152

2141 2650 2220 2699 ’ων
2240 2646 2341 2718 τὴν
2372 2645 2602 2699 ἔννοιαν.
2656 2644 2786 2697 Ἐὰν
2815 2644 2873 2697 δὲ
2902 2646 2960 2697 ὲν
3008 2643 3087 2714 τῷ
3130 2641 3307 2713 καιρῷ
3338 2640 3446 2694 τῶν
3493 2655 3693 2707 πειρα-

944 2083 1133 2139 LXIX.
1162 2114 1233 2139 ι-
1255 2086 1469 2159 Eidem.

422 2727 595 2782 divini
619 2727 815 2796 judicii
840 2727 941 2783 tibi
967 2728 1525 2798 representaverisﬁn
1543 2727 1787 2781 laetitiam
1821 2728 2011 2781 conci-

422 2819 557 2875 disti
589 2837 603 2874 :
633 2827 689 2874 et
723 2819 939 2875 azstima
960 2828 1015 2876 te
1043 2820 1285 2875 subiisse
1315 2820 1449 2874 illud
1482 2818 1737 2874 Ot-lioziae
1766 2820 2017 2874 creticu—

426 2913 543 2967 lato
583 2913 873 2981 etdentis,
921 2923 976 2968 et
1023 2912 1093 2967 ad
1155 2922 1391 2966 mortem
1454 2928 1636 2981 usque
1684 2912 2014 2981 gravissima

425 3003 614 3060 obruti
650 3004 974 3058 infirmitate
1005 3002 1073 3057 ⁸⁸.
1114 3000 1262 3058 Nihil
1292 3004 1443 3058 enim
1509 3003 1858 3064 inﬁrmitate,
1889 3016 2011 3070 quae

426 3112 496 3153 ex
524 3103 752 3165 peccato
779 3094 983 3157 oritur,
1010 3093 1299 3149 crudelius
1336 3102 1435 3146 aut
1482 3091 1853 3186 perniciosius
1901 3098 2008 3145 est.

605 3268 767 3324 LXX.
794 3297 865 3309 ——
886 3267 1166 3325 VICTORI
1204 3266 1831 3323 ΑΠΟΗΙΜΑΝΒΗΙΤΑΞ.

497 3362 974 3429 Quemadmodum
1003 3363 1061 3417 in
1112 3362 1517 3416 certaminibus
1555 3363 1829 3432 gymnicis
1851 3404 1865 3429 ,
1893 3378 2011 3433 per-

431 3464 634 3512 unctus
674 3455 823 3511 facili
888 3455 1112 3523 negotio
1142 3454 1419 3519 dissolvit,
1446 3469 1569 3524 quae
1594 3454 1664 3508 ab
1700 3454 1810 3509 illis
1840 3469 2018 3510 nexus

430 3566 527 3606 seu
568 3550 791 3603 vincula
839 3557 1274 3618 nuncupantur;
1307 3548 1353 3601 si
1415 3561 1547 3602 vero
1587 3562 1876 3616 respersus
1903 3550 2020 3616 pul-

436 3655 565 3697 vere
591 3640 780 3707 fuerit,
815 3638 1117 3695 dilllculter
1162 3638 1471 3694 adversarii
1522 3654 1723 3693 manus
1753 3641 1966 3711 repellit
2000 3657 2016 3695 :

434 3734 511 3788 ita
548 3740 604 3789 et
636 3733 690 3787 in
726 3733 829 3786 hac
859 3732 1003 3785 mole
1042 3746 1333 3794 curarum,
1370 3731 1464 3801 qui
1496 3731 1649 3787 curis
1679 3746 1790 3786 non
1837 3748 2023 3787 mace-

433 3832 612 3889 ratur,
640 3839 750 3878 non
783 3824 855 3879 ita
897 3823 1058 3878 facile
1086 3839 1117 3877 a
1142 3822 1365 3877 diabolo
1395 3822 1649 3892 capitur;
1700 3823 1747 3878 si
1797 3837 1927 3877 vero
1962 3837 2024 3879 se

2114 2739 2267 2809 σμῶν
2298 2736 2642 2808 παραλογίσῃ
2674 2736 2766 2788 τὸν
2802 2734 2965 2803 φόϐον
2999 2733 3094 2787 τοῦ
3121 2733 3265 2787 θείου
3309 2730 3691 2798 δικαστηρίου,

2113 2829 2413 2892 πέπτωκας
2457 2828 2594 2897 πρὸς
2619 2825 2715 2897 τὴν
2748 2826 2964 2896 ἡδονὴν,
3000 2825 3095 2878 καὶ
3126 2822 3315 2893 νόμιζέ
3369 2836 3460 2891 μοι
3503 2821 3566 2871 τὸ
3594 2819 3691 2872 τοῦ

2126 2918 2366 2989 Ὀχοζίου
2398 2916 2724 2970 πεπονθέναι
2776 2914 3034 2977 πεσόντος
3079 2912 3187 2966 ἀπὸ
3224 2909 3315 2964 τοῦ
3369 2906 3690 2971 δικτυωτοῦ,

2037 3045 2079 3104 C
2116 3011 2212 3065 καὶ
2245 3009 2368 3063 λίαν
2396 3007 2815 3081 ὴρῤωστηκότος
2839 3006 3000 3077 μέχρι
3036 3004 3284 3058 θανάτου.
3309 2999 3474 3104 Οὐδὲν
3510 3000 3564 3051 δὲ
3591 3016 3691 3068 χα-

2114 3101 2423 3173 λεπώτερον
2466 3100 2559 3154 καὶ
2607 3097 3039 3169 θανατικώτερον
3061 3096 3160 3167 τῆς
3196 3095 3338 3150 κατὰ
3368 3094 3469 3165 τὴν
3508 3095 3692 3164 ἁμαρ‹

2114 3193 2235 3249 τίαν
2263 3194 2596 3267 ἀρρωστίας.

2364 3288 2440 3339 0'.
2472 3315 2541 3325 -—
2572 3283 2853 3337 BIKTOPI
2901 3279 3445 3348 ΑΡΧῙΜΑΝΔΡῙΤῌ.

2190 3377 2402 3447 Ὠσπερ
2429 3376 2521 3429 ὲπὶ
2547 3373 2656 3428 τῶν
2704 3372 2988 3444 γυμνικῶν
3037 3370 3264 3439 ἀγώνων
3307 3369 3335 3419 ὁ
3367 3366 3692 3438 ὴλειμμὲνος

2118 3469 2359 3541 εὐχερῶς
2386 3466 2613 3531 διαλύει,
2646 3463 2717 3518 τὰ
2746 3464 3015 3534 λεγόμενα
3052 3459 3181 3533 παρ’
3227 3459 3398 3529 αὐτῆς
3430 3458 3649 3527 ἅμματα
3673 3498 3689 3519 ,

2120 3565 2169 3616 εί
2197 3562 2254 3615 δὲ
2283 3560 2485 3625 δέξοιτο
2506 3558 2674 3623 κόνιν,
2706 3556 2979 3618 δυσκόλως
3000 3553 3261 3624 ἐκφεύγει
3293 3552 3391 3622 τὴν
3413 3553 3571 3621 χεῖρα
3598 3548 3690 3600 τοῦ

2121 3652 2443 3709 ἀντιπάλουο
2478 3650 2651 3711 οὕτως
2682 3646 2916 3700 ἐνταῦθα
2966 3647 2995 3698 ὁ
3049 3646 3122 3715 μὴ
3169 3642 3446 3715 μεριμνῶν
3504 3642 3691 3711 δύσλη-

2123 3746 2255 3806 πτός
2287 3748 2401 3797 ἐστι
2430 3741 2506 3812 τῷ
2541 3739 2792 3809 διαϐόλῳ,
2844 3737 3144 3809 φροντίζων
3173 3735 3249 3799 δὲ,
3276 3735 3370 3787 καὶ
3399 3734 3520 3797 ταῖς
3549 3731 3692 3802 μερί-

2127 3855 2288 3910 μναις
2321 3834 2577 3904 καθάπερ
2598 3830 2746 3885 κόνει
2776 3826 3058 3901 τραχύνων
3104 3827 3167 3880 τὸ
3209 3826 3351 3879 λεῖον
3376 3824 3474 3895 τῆς
3501 3825 3691 3894 ἀμερι-

435 3916 590 3971 curis
619 3914 958 3980 oneraverit,
990 3913 1161 3969 veluti
1187 3915 1416 3983 pulvere
1441 3914 1718 3968 levitatem
1748 3914 2021 3985 tranquil-

2141 3924 2301 3988 ινίαξ
2320 3923 2415 3977 τοῦ
2444 3922 2558 3988 νοῦ,
2593 3918 2873 3990 δυσχερῶς
2906 3915 3077 3981 ἐξελεῖ
3098 3916 3200 3986 τῆς
3227 3913 3321 3967 τοῦ
3352 3914 3564 3968 Σατανᾶ
3589 3930 3693 3983 χει-

436 4007 608 4063 litatis
636 4007 836 4063 mentis
870 4020 1211 4075 cxasperans
1235 4044 1250 4070 ,
1280 4005 1577 4061 dilllculter
1609 4021 1671 4060 se
1703 4021 1734 4060 e
1766 4006 2024 4062 manibus

440 4101 661 4156 Satana:
695 4100 958 4170 explicat.
990 4097 1150 4155 Nunc
1176 4100 1378 4155 etenim
1420 4100 1603 4154 oleum
1651 4098 2026 4168 tranquillita-

440 4203 550 4249 tem
577 4208 703 4250 esse
739 4194 1055 4261 considera,
1088 4192 1370 4271 pulverem
1414 4192 1601 4247 varias
1632 4206 1697 4247 ac
1744 4192 2027 4247 multifor-

439 4302 558 4343 mes
585 4287 881 4358 praesentis
923 4287 1111 4343 saeculi
1150 4301 1337 4341 curas.

671 4377 857 4434 LXXI.
893 4411 965 4422 —
995 4375 1398 4434 DEMOCRITO
1428 4374 1786 4431 MONACIIO.

513 4469 574 4526 Si
600 4472 785 4541 planta
805 4480 989 4542 potest
1018 4471 1257 4526 fructum
1288 4469 1593 4540 producere
1612 4470 1815 4539 saepius
1844 4476 2028 4523 trans-

2055 4388 2102 4443 D

2127 4016 2238 4089 ρός.
2280 4014 2499 4068 Ἐλαιον
2529 4013 2637 4085 γάρ
2671 4027 2763 4083 μοι
2790 4008 2886 4063 νῦν
2915 4008 3014 4081 τὴν
3034 4006 3368 4079 ἀμεριμνίαν
3397 4005 3527 4072 νόει,
3555 4006 3694 4058 κόνιν

2123 4108 2181 4163 δὲ
2210 4106 2310 4172 τὰς
2348 4105 2721 4178 πολυτρόπους
2748 4101 3036 4175 φροντίδας
3060 4099 3153 4153 τοῦ
3184 4098 3454 4171 παρόντος
3485 4096 3687 4159 αἰῶνος.

2410 4374 2534 4429 οΑσ.
2580 4401 2640 4413 -
2665 4367 3070 4440 ΔΗΜΟΚΡΙΤῼ
3109 4363 3423 4435 ΜΟΝΑΧῼ.

2194 4466 2335 4520 -Ὲὰν
2356 4464 2533 4534 φυτδν
2562 4463 2765 4535 δυνηθῇ
2793 4460 3217 4532 καρποφορῆσαι
3259 4454 3497 4525 συνεχῶς
3542 4469 3693 4523 μεταο

441 4562 713 4633 plantata,
732 4562 1035 4617 dummodo
1051 4560 1345 4616 afﬂuenter
1362 4560 1645 4631 irrigetur,
1670 4559 1878 4629 poteris
1902 4571 1955 4615 et
1971 4568 2021 4615 tu

2141 4561 2517 4631 φυτευόμενον,
2556 4556 2660 4610 κᾶν
2708 4554 2980 4616 πλουσίως
3019 4550 3319 4623 ἀρδεύοιτο,
3371 4547 3571 4617 δυνήσῃ
3607 4546 3692 4598 καὶ

446 4653 685 4708 fructum
719 4652 915 4709 alierre
940 4654 1048 4708 huc
1071 4662 1240 4722 atque
1270 4651 1404 4706 illuc.
1433 4659 1809 4715 transmeans,
1828 4661 1884 4706 et
1913 4666 2034 4705 um~

2133 4651 2296 4711 αὐτὸς
2347 4648 2696 4719 δικαιοσύνης
2745 4646 2958 4719 καρπὸν
3014 4645 3265 4714 ἀγαγεῖν,
3311 4642 3439 4713 τῇδε
3488 4640 3689 4695 κάκεῖσε

443 4739 578 4797 bras
597 4748 899 4812 ventosque
934 4755 1307 4812 consequens,
1335 4749 1391 4796 et
1421 4740 1602 4796 locum
1630 4757 1850 4796 omnem
1884 4742 2021 4796 nullc

2141 4741 2501 4812 μεταϐαίνων,
2538 4740 2635 4793 καὶ
2689 4738 2868 4801 σκιὰς,
2922 4739 3019 4790 καὶ
3062 4737 3299 4806 ἀνέμους
3348 4732 3573 4795 διώκων,
3609 4731 3689 4785 καὶ

446 4831 504 4888 in
533 4833 653 4890 loco
691 4835 911 4891 stabilis
939 4835 1160 4890 curiose
1185 4833 1681 4903 circumspectans.

968 4922 1180 4979 LXXII.
1216 4952 1285 4965 --
1315 4922 1525 4980 Eidem.

525 5012 760 5072 Labrum
778 5016 924 5086 quod
949 5015 1096 5086 apud
1120 5015 1361 5089 Moysem
1382 5024 1490 5078 est,
1509 5014 1686 5070 basim
1704 5013 1942 5069 habebat
1960 5013 2029 5083 ";

2136 4834 2311 4887 πάντα
2338 4833 2504 4885 τόπον
2532 4831 2781 4891 ἀστάτως
2806 4828 3323 4899 περιεργαζόμενος.

2650 4920 2770 4979 OB’.
2800 4948 2871 4959 ——
2904 4919 2987 4983 Τῷ
3017 4914 3197 4984 αὐτῷ.

2207 5006 2460 5089 Πλρυτὴρ
2485 5011 2513 5063 ὁ
2546 5008 2698 5080 παρὰ
2729 5007 2808 5080 τῷ
2841 5006 3063 5063 Μωῦσεῑ
3089 5009 3244 5079 βάσιν
3290 4998 3473 5077 εῖχενο
3505 5002 3622 5056 διότι
3657 5003 3687 5074 ἢ

450 5108 599 5180 qnod
622 5119 819 5165 asceta-
858 5109 1173 5181 purgationi
1211 5108 1511 5170 stabilitas.
1541 5115 1597 5161 et
1627 5105 1945 5170 tolerantia,
1976 5115 2021 5160 el

2141 5103 2229 5158 τοῦ
2265 5101 2533 5173 κάθαρσις
2565 5103 2760 5175 χρῄζει
2811 5101 3194 5174 ὲδραιότητος.
3255 5100 3351 5152 καὶ
3403 5095 3687 5168 καρτερίας,

456 5203 718 5258 continua
748 5203 1003 5267 Ilrmitas,
1034 5208 1091 5258 et
1120 5201 1347 5256 immota
1380 5198 1507 5254 vitae
1547 5197 1689 5252 ratio
1719 5211 1859 5269 opus
1882 5203 2034 5252 sunt.

564 5314 722 5387 153
762 5313 995 5371 LXXIII.
1024 5346 1097 5387 -τ
1111 5312 1423 5387 ροβεριειο
1472 5308 1566 5366 EX
1600 5306 1933 5365 RHETORE

1078 5383 1429 5439 MONACIIO.

525 5478 852 5538 Colluviem.
882 5486 937 5532 et
974 5476 1258 5539 cinerem,
1317 5476 1703 5543 immanesque
1748 5471 2035 5545 gentilium

2140 5196 2236 5249 καὶ
2267 5191 2548 5265 διηνεκοῦς
2572 5194 2833 5257 στάσεως,
2867 5193 2961 5246 καὶ
2992 5189 3288 5245 ἀσαλεύτου
3312 5186 3597 5257 διαγωγῆς.

2214 5308 2331 5365 Ol".
2387 5339 2431 5349 -—
2464 5308 2767 5379 ΚΩΜΑΣῘῼ
2802 5306 2941 5361 ΑΠΟ
2968 5300 3293 5360 ΡΗΤΟΡΩΝ
3337 5302 3629 5372 ΜΟΝΑΧῼ.

2211 5469 2353 5531 Τους
2399 5481 2687 5538 φορυτους,
2731 5463 2827 5517 καὶ
2875 5464 2975 5534 τὴν
3000 5460 3244 5529 σποδιὰν,
3295 5461 3393 5516 καὶ
3435 5459 3524 5513 τὸν
3554 5454 3687 5513 πολὺν

537 5657 583 5688 "
617 5654 753 5709 Gen.
788 5673 972 5723 xxxiv,
1008 5655 1238 5726 passim.
1316 5653 1363 5684 ⁸ο
1397 5651 1438 5705 ll
1465 5653 1591 5707 Cor.
1619 5669 1694 5720 γι,
1742 5652 1825 5707 16.
1903 5653 1943 5683 ⁸¹
1979 5649 2045 5705 lV'
2082 5648 2214 5720 Reg.
2257 5666 2293 5711 ι,
2318 5647 2373 5702 9..
2450 5644 2687 5698 "Exod.
2713 5659 2897 5709 suis,
2927 5620 3015 5699 39.
