3888 6040
156 268 263 331 233

1370 261 1903 322 EPISTOLARUM
1943 261 2088 322 LIB.
2122 260 2202 320 II.

3279 259 3399 324 τοι
3494 222 3497 223 ί

157 384 408 457 βόρὸορον
438 381 543 436 τῶν
598 379 923 453 Ἑλληνικῶν
962 380 1188 454 βίϐλων,
1228 381 1316 435 ἵνα
1348 380 1401 433 τί
1428 396 1517 450 μοι
1546 396 1710 432 σπου-

1854 378 2080 434 hrorum
2113 377 2327 441 sordes,
2363 380 2498 449 quid
2527 380 2626 434 tibi
2667 388 2776 435 tam
2805 379 3000 437 sedulo
3022 420 3038 447 ,
3087 392 3383 455 postquam

154 476 311 537 δαίως
346 474 715 546 συναθροίζεις
748 476 889 547 μετὰ
918 473 1018 546 τὴν
1043 473 1326 545 ἁποταγὴν
1348 473 1408 525 ὲν
1443 472 1522 542 τῷ
1550 490 1715 543 μονα-

159 567 357 639 στηρίῳ
387 565 692 635 ἀνωφελῶς,
737 568 937 638 μᾶλλον
970 567 1015 620 δ’
1053 565 1401 632 ὲπιϐλαϐῶς;
1462 563 1715 634 Ἀποκρί-

157 659 272 729 θητι
300 661 451 730 ἡμῖν,
475 653 521 713 ὦ
550 659 648 729 τῆς
678 658 1172 731 ματαιοφροσύνης,
1199 658 1417 728 καὶτῆς
1445 655 1719 709 ταλαιπω-

160 750 272 821 ρίας
296 751 498 823 ἀνθηρὲ
528 750 935 821 χαλκαλέκτωρ.
1698 740 1712 753 ’

514 840 629 896 οΔ¹.
662 872 732 882 --
758 842 1023 913 ΠΙΣΙΜῘῼ
1050 840 1361 910 ΜΟΝΔΧῼ.
1472 845 1478 852 “

228 934 667 1006 Προσευχομένου
708 933 801 987 τοῦ
827 935 1101 988 Δεσπότου
1161 931 1336 1003 Ἰησοῦ
1381 930 1440 983 ὲν
1472 928 1551 1000 τῷ
1579 928 1717 999 ὄρει,

157 1028 390 1098 ἔλαμψεν
417 1028 477 1081 τὸ
498 1028 811 1098 πρόσωπον,
844 1029 938 1081 καὶ
957 1025 1201 1099 ἧστραψε
1223 1025 1291 1078 τὰ
1317 1024 1506 1094 ἱμάτια
1531 1020 1718 1085 αὐτοῦ,

156 1120 287 1192 ὅπερ
316 1120 631 1190 συμϐαίνειν
660 1121 850 1174 εἴωθεν
880 1122 993 1183 τοῖς
1034 1114 1463 1188 φιλοπονώτερον
1492 1115 1560 1185 τῇ
1587 1112 1721 1183 εὐχῇ

157 1213 509 1285 προσανέχειν
558 1213 917 1279 σπουδάζουσι
973 1213 1257 1282 μοναχοῖς·
1297 1206 1566 1278 ἐκλάμπει
1614 1206 1723 1275 γὰρ

156 1304 453 1376 τηνικαῦτα
475 1305 538 1359 τὸ
571 1305 862 1377 πρόσωπον
892 1304 991 1374 τῆς
1016 1302 1225 1373 ψυχῆς,
1278 1301 1373 1354 xui.
1422 1297 1723 1369 ἀστράπτει

156 1399 184 1453 ό
204 1397 408 1470 ταύτης
436 1398 666 1469 ἀόρατος
698 1396 1008 1462 στολισμδς,
1042 1397 1179 1466 ὅπερ
1206 1394 1257 1447 οἱ
1285 1391 1469 1446 πολλοὶ
1498 1390 1725 1459 ἀγνοοῦο

159 1505 258 1542 σιν.

558 1577 679 1633 οΕ’.
709 1608 778 1618 -
805 1577 976 1648 ΖΩΣᾼ
1009 1575 1315 1646 unum.

232 1670 290 1725 Ὀ
322 1671 588 1742 μακάριος
624 1668 827 1740 Πέτρος
856 1668 979 1719 ἀντὶ
999 1667 1096 1738 τῆς
1127 1665 1431 1737 ἀνθρακιᾶς
1456 1662 1551 1735 τῆς
1581 1663 1637 1715 ὲν
1657 1663 1724 1731 τῇ

1818 470 1929 527 illis
1959 472 2361 527 abrenuntiasti
2388 511 2407 532 .
2445 474 2566 529 sine
2599 474 2711 528 ullo
2752 474 3080 539 commodo,
3120 476 3231 531 imo
3273 485 3385 531 tum

1817 564 1983 619 noxie
2000 566 2058 620 in
2085 567 2424 621 monasterio
2446 567 2725 637 congeris?
2751 566 2795 623 0
2817 568 3135 623 vanissima:
3157 569 3390 638 hujusce

1817 663 1872 710 et
1900 656 2222 712 miserrima:
2250 657 2522 716 fatuitatis
2552 658 2746 715 ﬂoride
2789 662 3076 724 collector,
3118 662 3391 731 responde

1819 747 1972 803 mihi.

2096 838 2328 899 LXXIV.
2369 874 2440 884 -—-
2467 843 2721 899 PISIMIO
2763 844 3117 900 MONACIIO.

1890 929 2097 988 Orante
2134 934 2370 991 Domino
2412 935 2541 992 Jcsu
2577 938 2632 993 in
2667 950 2886 1003 monte,
2924 938 3094 992 facies
3140 936 3263 1006 ejus
3306 950 3397 990 re-

1822 1023 2196 1093 splenduit.et
2222 1029 2551 1081 vestimenta
2588 1028 2926 1083 fulserunt“
2952 1048 2966 1083 :
2990 1028 3138 1100 quod
3172 1029 3397 1083 evenire

1823 1116 2004 1169 suevit
2038 1116 2108 1172 iis
2143 1119 2235 1187 qui
2267 1120 2677 1175 contentiosius
2736 1121 3109 1188 attentiusque
3154 1120 3396 1173 orationi

1824 1205 2153 1263 incumbunt
2208 1211 2523 1266 monachis.
2564 1211 2721 1266 Tunc
2773 1215 2919 1268 enim
2971 1215 3168 1266 anima:
3228 1211 3396 1266 facies

1823 1299 2097 1367 Splendet.
2150 1303 2411 1373 illiusque
2463 1304 2760 1359 invisibilis
2818 1314 3053 1360 ornatus
3114 1313 3396 1366 coruscat,

1825 1392 1973 1461 quod
2013 1395 2259 1464 plerique
2290 1396 2566 1467 ignorant.

2167 1574 2374 1633 LXXV.
2403 1607 2473 1618 -—-
2505 1576 2707 1631 ZOSIE
2745 1576 3060 1632 ASCE'I‘IE.

1901 1667 2101 1723 Beatus
2141 1667 2339 1724 Petrus
2373 1686 2470 1739 pro
2505 1672 2810 1724 carbonum
2849 1671 3161 1734 illa'strue,
3195 1683 3318 1739 quae
3347 1667 3405 1723 in

160 1766 287 1837 αὐλῇ
322 1721 841 1833 ἱαίάῐραξένθαικσῖὶ
868 1721 1187 1833 ἐπειράσθη,
1216 1721 1365 1815 θείαν
1388 1721 1553 1832 ηὗρεν
1574 1721 1729 1810 ὕστεί1

1849 1758 2051 1830 Saipha:
2079 1762 2239 1824 atrio.
2295 1762 2386 1815 ubi
2440 1769 2495 1815 et
2534 1765 2894 1817 tentationem
2941 1762 3135 1827 subiit,
3189 1721 3306 1814 erat
3333 1760 3404 1827 “,

166 1876 249 1930 ρον
278 1858 577 1929 ἀνθρακιὰν
603 1859 658 1909 ὲν
692 1858 757 1928 τῇ
796 1855 1106 1925 Τιϐεριάδι·
1158 1855 1364 1925 γυμνὸς
1401 1852 1510 1922 γὰρ
1542 1850 1616 1904 ὢν
1643 1849 1732 1903 διὰ

162 1949 250 2021 τὴν
275 1951 504 2021 ἄρνησιν
525 1966 540 1980 ο
588 1948 723 2003 ἀλλὰ
756 1946 832 2018 μὴ
861 1947 1094 2018 νομίσῃς
1131 1964 1199 2017 με
1250 1944 1460 1999 ἀθετεῖν
1494 1943 1590 2015 τὴν
1623 1941 1732 1996 τῶν

163 2042 506 2110 Εὑαγγελίων
560 2041 822 2113 ἱστορίαν,
857 2043 951 2093 καὶ
999 2039 1058 2093 τὸ
1082 2039 1276 2110 νοητὸν
1320 2037 1728 2108 καταμίγνυμι·

164 2133 359 2205 γυμνὸς
406 2133 589 2187 τοίνυν
643 2132 904 2202 ὑπάρχων
958 2133 986 2185 ό
1044 2130 1315 2202 μακάριος
1373 2131 1601 2200 Πέτρος,
1642 2127 1736 2180 τὸν

165 2224 454 2293 ἐπενδύτην
479 2225 576 2293 τῆς
598 2224 676 2287 είς
699 2223 936 2295 Χριστὸν
958 2223 1173 2285 ἐλπίδος
1192 2220 1611 2291 περιζώννυται,
1640 2217 1736 2271 καὶ

168 2315 339 2385 βάλλει
370 2315 562 2367 ἑαυτὸν
584 2316 665 2377 εἰς
691 2315 788 2386 τὴν
830 2313 1101 2368 θάλασσαν
1131 2312 1239 2365 τῶν
1276 2309 1608 2381 οἰκτειρμῶν
1638 2307 1733 2362 τοῦ

165 2406 313 2471 Θεοῦ,
352 2407 450 2460 xui.
472 2401 604 2477 ἦλθε
628 2405 764 2477 πρὸς
810 2403 1016 2476 Ἰησοῦν
1054 2402 1242 2474 ὥσπερ
1287 2400 1473 2456 ἁλύσει
1518 2401 1626 2453 τινὶ
1657 2398 1736 2469 τῷ

168 2497 307 2566 πόθῳ
335 2497 648 2568 ἑλκόμενος,
702 2497 796 2549 καὶ
829 2495 1019 2567 ἐπειδὴ
1070 2491 1138 2566 ἦν
1192 2492 1541 2556 κεκοπιακὼς
1568 2493 1626 2545 ὲν
1659 2489 1736 2561 τῷ

144 2588 335 2659 ⁴καιρῷ
358 2586 464 2656 τῆς
494 2588 793 2658 ἀρνήσεως,
817 2588 910 2641 καὶ
943 2587 1242 2658 μοχθήσας,
1288 2586 1385 2638 xui.
1416 2581 1737 2654 πικρανθεὶς

169 2675 238 2747 τῷ
265 2676 549 2749 κλαυθμῷ,
605 2678 698 2731 xui.
745 2680 810 2749 τῇ
863 2678 1009 2750 λύπῃ
1043 2676 1329 2748 στερηθεὶς
1376 2675 1473 2728 τοῦ
1505 2674 1737 2747 Κυρίου,

169 2770 503 2841 ἀνεκτήσατο
549 2769 711 2823 αὑτὸν
758 2772 785 2823 ό
834 2770 962 2832 ἴδιος
1014 2769 1290 2838 Δεσπότης
1324 2766 1391 2838 τις
1448 2766 1738 2837 θαυμασίῳ

170 2860 329 2933 ἄρτῳ,
355 2863 455 2916 xui.
492 2861 781 2932 παραδόξῳ
809 2860 972 2933 ίχθύῖ,
998 2862 1091 2914 καὶ
1122 2860 1262 2929 μετὰ
1299 2861 1361 2912 τὸ
1388 2846 1608 2931 ἄριστον
1642 2856 1739 2911 λα-

170 2951 247 3007 λεῖ
268 2954 417 3025 αὐτῷ
450 2956 478 3007 ό
507 2954 697 3026 Σωτὴρ
756 2954 1115 3025 ἐπιθυμοῦντι
1168 2952 1400 3006 ἀκοῦσαι
1434 2954 1532 3021 τῆς
1560 2967 1739 3021 μακα-

1831 1853 2073 1908 divinam
2127 1856 2479 1925 postmodum
2532 1856 2692 1909 aliam
2740 1852 3033 1909 Tiberiade
3077 1853 3346 1923 comperit
3388 1869 3403 1906 :

1792 1942 1793 1945 “
1832 1960 2072 2016 namque
2094 1961 2218 2000 cum
2246 1954 2470 2015 propter
2500 1948 2851 2016 negationem
2884 1945 3067 2000 mulus
3109 1955 3255 2000 esset
3287 1944 3406 2012 (sed

1833 2052 1902 2092 ne
1927 2076 1942 2101 ,
1974 2053 2182 2107 quasso,
2216 2054 2304 2093 me
2346 2038 2775 2109 Evangeliorum
2808 2038 3097 2093 historiam
3154 2050 3409 2106 pessum-

1833 2128 1965 2182 dare
1990 2129 2296 2195 existimes,
2326 2129 2456 2183 dum
2502 2130 2648 2198 quod
2689 2135 2873 2183 mente
2924 2126 3199 2196 concipio,
3229 2127 3412 2179 immi-

1836 2216 2025 2288 sceo),
2068 2218 2251 2274 nudus
2282 2218 2466 2287 itaque
2496 2233 2622 2273 cum
2656 2224 2803 2272 esset
2842 2217 3041 2271 beatus
3092 2215 3317 2276 Petrus,
3355 2216 3409 2268 in

1835 2308 2119 2365 Christum
2158 2311 2271 2380 spei
2317 2312 2503 2365 tunica
2544 2310 2894 2379 accingitur,
2943 2322 3112 2377 seque
3163 2309 3217 2360 in
3263 2322 3414 2361 mare

1835 2402 2140 2485 divinarum
2170 2394 2672 2458 misericordiarum
2690 2402 2989 2472 projiciens
3009 2399 3324 2467 “,accessit
3347 2400 3411 2452 ad

1834 2494 2045 2556 Iesum,
2077 2510 2265 2550 amore
2296 2496 2462 2549 veluti
2497 2505 2695 2548 catena
2727 2492 2967 2563 quadam
3017 2498 3306 2553 attractus,
3361 2499 3415 2543 et

1838 2588 1919 2642 sic
1945 2588 2111 2642 nimis
2146 2585 2458 2651 negationis
2500 2593 2750 2655 tempore
2810 2583 3169 2654 defatigatum
3192 2622 3206 2645 ,
3259 2582 3418 2653 154

1840 2696 2071 2750 magnos
2126 2681 2345 2735 labores
2395 2687 2708 2750 expertum,
2762 2678 3028 2749 lacrymis
3082 2676 3419 2746 tristitiaque

1840 2773 2273 2845 aﬂlictum,quod
2300 2773 2531 2829 Domino
2552 2773 3013 2843 privaretur,eum
3034 2771 3137 2825 sibi
3162 2770 3418 2841 proprius

1842 2868 2111 2924 Dominus
2142 2862 2563 2932 reconciliavit,
2602 2865 2927 2922 admirando
2984 2881 3125 2936 pane
3169 2873 3224 2920 et
3266 2865 3419 2935 pisce

1842 2962 2123 3031 inopinato
2144 2959 2190 2993 ⁸⁸
2209 2980 2222 3015 :
2241 2968 2439 3031 etpost
2470 2960 2761 3031 prandium
2785 2972 2909 3013 eum
2935 2958 3221 3012 audienda:
3245 2958 3419 3012 beatae

176 3044 286 3117 ρίας
316 3044 522 3115 φωνῆς.
547 3046 642 3098 καὶ
660 3045 950 3111 ἀναπαύει,
975 3044 1069 3097 καὶ
1095 3042 1399 3113 παρηγορεί
1416 3040 1578 3093 αὑτὸν
1598 3037 1738 3092 κατὰ

1849 3054 1994 3109 vocis
2026 3052 2301 3109 desiderio
2331 3052 2661 3123 gestientem
2694 3049 3019 3118 alloquitur,
3045 3055 3101 3102 et
3148 3048 3422 3117 tranquil-

173 3137 229 3189 τὺ
254 3136 461 3207 πλῆθος
481 3137 589 3190 τῶν
616 3136 817 3190 ὀδυνῶν
845 3137 945 3206 τῆς
982 3134 1213 3206 καρδίας
1255 3133 1350 3186 τοῦ
1381 3132 1611 3203 Πέτρου,
1647 3130 1740 3183 καὶ

1849 3147 1919 3201 lat
1942 3184 1958 3209 ,
1984 3156 2037 3200 et
2066 3160 2167 3215 pro
2196 3145 2419 3199 modulo
2453 3144 2711 3199 dolorum
2744 3139 2931 3195 cordis
2973 3137 3120 3194 Petri
3168 3139 3420 3205 solatur;

172 3230 305 3285 οῦτω
335 3229 752 3299 καταγλυκάνας
779 3229 961 3295 αὐτὸν,
995 3226 1229 3299 ποιμένα
1268 3225 1370 3295 τῆς
1413 3223 1740 3294 οἰκουμένης

176 3322 382 3392 ἁπάσης
412 3321 752 3391 καθίστησιν.

501 3416 636 3481 οςσ.
671 3441 742 3451 -
774 3408 1076 3481 ΘΕΟΔΩΡῼ
1100 3408 1410 3479 ΜΟΝΑΧῼ.

245 3525 265 3559 ι
305 3507 696 3578 Εὐαρεστήσω,
722 3506 889 3575 φησιν
921 3505 949 3556 ό
974 3501 1157 3566 Δαυῖδ,
1184 3502 1240 3553 ὲν
1265 3499 1420 3572 χώρᾳ
1448 3499 1692 3564 ζώντων*
1717 3516 1737 3551 ι

177 3596 351 3671 χώραν
384 3597 621 3663 ζώντων,
678 3597 778 3649 οὐκ
830 3596 1302 3666 ἀποθνησκόντων,
1355 3593 1446 3647 τὸν
1483 3592 1745 3664 μέλλοντα

179 3690 341 3758 λέγων
370 3688 564 3744 αἰῶνα.
615 3690 677 3742 Ἠ
702 3689 811 3759 γὰρ
852 3688 1097 3758 παροῦσα
1128 3686 1243 3757 ζωῆ
1293 3685 1400 3740 τῶν
1441 3683 1746 3755 ἀνθρώπων

178 3783 261 3836 διὰ
289 3782 498 3836 πολλῶν
531 3782 775 3836 θανάτων
800 3778 1251 3851 συμπληροῦσθαι
1270 3778 1533 3846 πέφυκεν,
1564 3776 1624 3828 οὐ
1652 3774 1749 3845 μό-

183 3894 266 3929 νον
293 3879 347 3930 ὲν
370 3880 437 3947 τῇ
467 3875 610 3929 κατὰ
638 3874 733 3937 τὰς
785 3872 1205 3944 μεθηλικιώσεις
1263 3869 1533 3941 μεταϐολῇ
1552 3909 1566 3933 ,
1613 3867 1749 3922 ἀλλὰ

184 3971 268 4024 καὶ
292 3972 350 4024 ὲν
371 3972 484 4033 τοῖς
502 3970 644 4023 κατὰ
665 3954 939 4039 ἁμαρτίαν
966 3964 1183 4035 σώμασι
1206 3962 1317 4017 τῶν
1339 3961 1547 4033 ψυχῶν.
1575 3961 1749 4014 Ὅπου

184 4063 235 4117 δὲ
260 4065 360 4119 οὐκ
388 4062 535 4117 ἔστιν
570 4060 857 4123 ἀλλοίωσις
902 4058 1024 4111 οὐδὲ
1058 4057 1330 4127 σώματος,
1380 4054 1502 4107 οὐδὲ
1547 4052 1749 4122 ψυχῆς,

185 4156 298 4210 οὔτε
328 4157 438 4229 γάρ
468 4157 583 4207 ἐστι
620 4152 878 4223 λογισμοῦ
912 4146 1271 4222 παρατροπὴ,
1308 4144 1431 4199 οῦτε
1466 4144 1753 4216 μετάθεσις

186 4252 422 4320 γνώμης,
451 4247 706 4317 οὐδεμιᾶς
726 4243 1100 4315 περιστάσεως
1122 4240 1182 4293 τὸ
1204 4237 1483 4302 εὐσταθὲς,
1511 4238 1605 4290 καὶ
1622 4235 1755 4289 and.

188 4358 341 4413 ραχον
365 4340 473 4393 τῶν
494 4337 768 4408 λογισμῶν
807 4333 1254 4408 ἀφαιρουμένης,
1303 4330 1381 4401 τῷ
1420 4330 1534 4383 ὄντι
1570 4328 1754 4398 ἐκείνη

188 4432 327 4504 χώρα
361 4434 480 4485 ἔστι
502 4430 741 4494 ζώντων,
768 4428 862 4482 xui.
891 4424 1332 4497 εὐφραινομένων
1357 4420 1641 4492 διηνεκῶς.

187 4544 295 4603 ΟΖ’.
324 4575 395 4585 -
418 4543 697 4612 ΝΕΑΔΙῼ.
740 4539 1082 4612 ΟΛΥΜΙΠῼ,
1114 4532 1759 4612 λψρ-οωκριῇιογ-

281 4617 395 4685 ΛΙῼ
418 4654 432 4679 ,
463 4605 819 4683 ΧΕΙΜἉΣΙῼ,
849 4605 1205 4664 ΜΟΝᾹΧΟΙΣ
1236 4605 1647 4660 ΦΙΛΟΔῙΚΟΙΣ.

254 4797 364 4850 Νῦν
386 4795 639 4867 εὗκαιρον
668 4796 841 4848 εἰπεῖν
867 4810 988 4847 τινα
1024 4791 1133 4845 τῶν
1153 4788 1561 4861 εὐφρονοόντων
1586 4805 1757 4841 κατα-

195 4888 426 4958 μαθόντα
463 4890 563 4959 τὴν
592 4889 674 4952 είς
699 4888 760 4941 τὸ
798 4888 939 4941 θεῖον
977 4885 1131 4957 ὑμῶν
1180 4883 1611 4955 καταφρόνησιν,
1650 4882 1760 4935 τῶν

192 4984 241 5036 δὲ
282 4983 417 5054 πρὸς
454 4983 611 5049 γένος
643 4983 773 5052 ὑμῖν
805 4979 1156 5051 στρατιωτῶν
1199 4978 1261 5030 τὸ
1302 4976 1586 5030 σπουδαῖον
1630 4976 1760 5046 περὶ

192 5072 280 5143 τὴν
313 5072 641 5136 θεοσέϐειαν,
670 5074 860 5141 ὅτιπερ
882 5071 932 5122 οἱ
962 5068 1460 5123 πανευλαϐέστατοι
1493 5064 1760 5137 στρατιῶ-

196 5164 612 5235 ταινενικήκασι
643 5165 762 5225 ταῖς
810 5158 1184 5230 ψαλμῳδίαις,
1223 5158 1316 5211 καὶ
1357 5159 1479 5220 ταῖς
1519 5173 1757 5226 προσευ-

196 5260 327 5325 χαῖς,
352 5260 416 5329 τῇ
440 5274 499 5310 τε
521 5251 1009 5325 ξδιοπραγμοσῦνῃ,
1029 5252 1125 5305 καὶ
1150 5254 1216 5321 τῇ
1239 5249 1379 5303 κατὰ
1399 5249 1499 5319 τὴν
1526 5246 1758 5318 Ἐκκλη-

201 5348 309 5402 σίαν
328 5348 591 5421 ἀγρύπνῳ
611 5344 1108 5416 προσκαρτερήσει,
1130 5341 1252 5403 τοὺς
1274 5339 1755 5409 ἀπηγριωμένους,

200 5440 286 5493 καὶ
312 5432 690 5510 πανοργίλους,
732 5436 826 5490 καὶ
864 5433 1292 5505 μισοθεωτάτους
1342 5431 1452 5484 τῶν
1485 5428 1796 5500 μοναχῶν,ο

202 5530 684 5602 ἁποτιναξαμένους
725 5527 825 5597 μὲν
860 5526 962 5596 τὴν
998 5524 1227 5595 ἡσυχίαν
1266 5522 1367 5591 τὴν
1408 5519 1755 5592 πρέπουσαν,

1840 3244 1895 3292 et
1928 3236 2239 3291 edulcatum
2270 3236 2439 3290 totius
2461 3234 2614 3289 orbis
2662 3242 2934 3287 terrarum
2969 3238 3242 3299 pastorem
3288 3234 3423 3284 con-

1840 3327 2019 3385 stituit
2042 3328 2107 3382 ⁸⁷.

2053 3419 2288 3476 LXXVI.
2326 3449 2397 3462 -—
2433 3417 2813 3476 TIIEODORO
2849 3415 3205 3475 MONACHO.

1922 3534 1941 3567 ι
1968 3512 2323 3578 Placebo,ait
2352 3512 2618 3574 Duvid,in
2650 3520 2797 3567 terra
2818 3512 3117 3567 viventium
3135 3508 3184 3541 ⁸⁸
3209 3526 3222 3559 :
3251 3526 3269 3560 ι
3314 3517 3425 3561 ter-

1844 3621 1963 3662 ram
1985 3606 2303 3667 viventium,
2326 3620 2435 3659 non
2457 3604 2836 3667 morientium,
2884 3605 3125 3657 futurum
3163 3601 3427 3656 sazculum

1848 3699 2108 3755 innucns.
2133 3701 2384 3757 Prursens
2413 3713 2651 3766 namque
2679 3698 2789 3750 vita
2831 3697 3147 3751 mortalium
3177 3694 3431 3764 pluribus

1847 3792 2122 3847 mortibus
2143 3801 2339 3846 natura
2363 3805 2462 3845 sua
2486 3789 2811 3852 absolvitur,
2842 3803 2947 3842 non
2968 3793 3180 3841 tantum
3208 3774 3428 3840 aetatum

1849 3883 2265 3949 mutationibus,
2283 3882 2375 3938 sed
2396 3891 2453 3938 et
2475 3882 2530 3936 in
2553 3880 2884 3951 corporibus
2908 3880 3215 3934 animarum
3235 3891 3434 3931 secun-

1850 3974 1980 4029 dum
2036 3985 2343 4045 peccatum.
2389 3972 2491 4027 Ubi
2525 3986 2656 4027 vero
2687 3986 2797 4025 non
2830 3978 2915 4025 est
2952 3984 3130 4038 neque
3152 3967 3431 4035 corporis.

1854 4082 2031 4136 neque
2050 4067 2246 4121 animae
2273 4065 2607 4130 immutatio,
2627 4063 2737 4117 imo
2751 4077 2930 4131 neque
2961 4060 3160 4114 mentis
3177 4057 3429 4118 deﬂexio,

1855 4173 2032 4228 neque
2057 4158 2344 4213 sententiae
2373 4155 2711 4225 depravatio,
2730 4154 2878 4207 nulla
2894 4150 3310 4206 circumstantia
3324 4156 3437 4202 stu-

1854 4251 1962 4305 bile
2008 4265 2073 4305 ac
2118 4250 2367 4319 quietum
2419 4247 2808 4317 cogitationum
2844 4242 3195 4300 deturbantc.
3229 4255 3309 4295 nae
3342 4239 3436 4294 illa

1858 4359 1984 4396 vere
2031 4340 2182 4412 regio
2223 4348 2308 4397 est
2359 4340 2685 4401 viventium,
2734 4344 2786 4390 et
2813 4335 3076 4391 continuo
3103 4348 3227 4388 sese
3283 4332 3438 4385 oblc-

1781 4417 1833 4478 D
1861 4434 2152 4490 ctantium.

1867 4549 2105 4606 LXXVII
2147 4580 2216 4605 -.—
2244 4543 2529 4605 lNEADIO,
2575 4537 2905 4595 OLYMPIO.
2939 4532 3438 4606 ANDRQMACHO,

2066 4604 2284 4685 JULIO,
2314 4604 2652 4673 ClllMASIO
2687 4605 3043 4664 MONACHIS
3069 4604 3234 4659 com-

2444 4680 2831 4737 renrnosrs.

1868 4780 1871 4783 ’
1933 4782 2091 4837 Nunc
2115 4790 2587 4850 peropportunum
2633 4772 2819 4835 fuerit,
2855 4768 3166 4840 quempiam
3194 4764 3445 4820 adultum

1862 4871 2131 4943 sapientia
2155 4871 2357 4933 virum,
2385 4876 2630 4922 vestrum
2672 4861 2925 4917 Numinis
2963 4864 3364 4925 contemptum,
3388 4861 3443 4907 et

1864 4966 2127 5026 militum,
2155 4962 2248 5034 qui
2274 4961 2431 5015 vobis
2456 4973 2658 5028 genere
2687 4952 2971 5021 conjuncti
3005 4958 3158 5013 sunt,
3190 4946 3438 5034 ejusdem

1862 5052 2117 5107 Numinis
2146 5052 2353 5107 cultum
2380 5056 2701 5104 noscentem
2749 5043 2906 5114 155
2940 5042 3126 5095 dicere
3156 5055 3169 5090 :
3200 5033 3445 5091 Piissimi

1863 5148 2068 5202 milites
2092 5145 2427 5216 psalmorum
2447 5139 2721 5200 cantibus,
2755 5144 2809 5190 et
2847 5132 3213 5191 orationibus,
3242 5136 3298 5183 et
3323 5144 3447 5197 pro-

1870 5224 2111 5312 priorum
2145 5237 2491 5307 negotiorum
2523 5228 3038 5289 administratione,
3095 5233 3153 5279 et
3198 5222 3343 5292 vigili
3393 5220 3448 5273 in

1868 5332 2103 5388 ecclesia
2149 5329 2331 5385 stabili
2372 5325 2781 5398 permansione,
2810 5318 3087 5379 efferatos,
3140 5323 3194 5369 et
3226 5315 3449 5367 iracun-

1871 5427 1975 5480 dia:
2018 5422 2312 5493 mancipia,
2364 5428 2416 5475 et
2470 5417 2837 5487 impiissimos
2874 5408 3176 5465 monachos
3223 5417 3459 5474 superat

1875 5521 2024 5579 runt,
2063 5511 2156 5582 qui
2182 5505 2610 5565 convenientem
2640 5502 2747 5557 sibi
2784 5498 3021 5571 quietem
3049 5534 3064 5559 ,
3091 5501 3147 5549 et
3174 5504 3400 5563 precum
3430 5527 3446 5553 ,

264 5714 518 5770 “Matth.
549 5727 682 5774 xvn,
709 5710 765 5764 2.
862 5708 914 5741 ³⁵
951 5705 1109 5765 .Ioan.
1145 5724 1296 5772 xvm,
1335 5707 1415 5764 l8.
1518 5706 1563 5739 ⁸⁸
1587 5702 1740 5760 Joan.

1849 5715 1901 5765 ιι,
1938 5699 1987 5753 7.
2067 5696 2113 5727 ⁸⁵
2142 5690 2275 5749 Ibid.
2314 5690 2402 5747 15.
2478 5689 2524 5721 ⁸⁷
2557 5683 2691 5740 Ibid.
2721 5683 2807 5738 15.
2882 5681 2927 5714 ³⁸
2958 5676 3106 5731 Psal.
3138 5686 3285 5734 σειν,
3310 5668 3367 5724 9.

505 5806 780 5866 ΡΑτΒοι..
812 5802 902 5863 Gs
980 5801 1239 5864 LXXIX.

3007 5772 3046 5829 8
