3888 6040
323 218 492 283 ~235

1884 219 1947 280 S.
1976 218 2139 284 NILI

3543 218 3668 282 236

385 338 440 382 ct
471 327 806 400 psalmorum
844 326 1214 383 ministerium
1269 326 1639 395 abdicarunt,
1690 337 1746 385 et
1793 343 1967 385 sacra:

2088 332 2166 383 ιαὶ
2188 329 2287 402 τὴν
2315 329 2385 383 δι’
2414 330 2611 401 εὐχῶν,
2637 329 2733 384 καὶ
2755 328 2986 400 ψαλμῶν
3010 328 3372 403 λειτουργίαν,
3404 330 3501 383 καὶ
3529 331 3666 382 ἐπι-

387 419 754 490 professionis
784 430 837 473 et
865 420 1090 474 habitus
1128 419 1290 474 obliti
1323 406 1473 486 sunt,
1531 430 1586 475 et
1640 422 1819 475 locum
1844 460 1860 486 ,
1914 421 1969 474 in

388 529 500 582 quo
550 526 611 567 se
655 512 1023 577 exercebant,
1088 513 1469 580 neglexerunt,
1521 522 1577 568 et
1623 513 1973 584 impudenter

386 605 557 661 nimis
608 607 662 659 in
698 604 933 658 aliorum
973 620 1099 660 sese
1153 607 1369 675 negotia
1419 608 1729 675 ingerunt,
1793 606 1972 660 conti-

386 711 613 766 nuoque
649 696 704 750 in
733 696 981 751 externis
1011 696 1237 765 judiciis
1281 712 1403 752 sese
1432 699 1785 767 experientes
1809 740 1825 765 ,
1858 708 1973 753 tur-

387 788 488 845 bas
539 790 925 859 tumultusque
981 788 1252 844 nefandos
1284 800 1553 861 spargunt
1584 807 1597 845 :
1632 790 1771 846 adeo
1818 801 1880 846 ut
1917 798 1973 846 et

387 878 495 950 ipsi
529 879 732 951 publici
763 879 1028 951 praesides
1061 895 1159 950 pro
1201 882 1305 936 hac
1340 896 1400 936 re
1444 898 1542 939 vos
1581 882 1853 939 irrideant
1918 893 1972 939 et

387 983 765 1028 contemnant.

616 1152 896 1208 LXXVIII.
928 1185 1000 1195 —-
1026 1153 1331 1210 CYRIACO
1376 1155 1734 1212 MONACIIO.

526 1242 792 1300 Dominus
821 1256 1008 1301 noster
1037 1244 1201 1302 Jesus
1236 1246 1496 1303 Christus
1529 1248 1969 1317 transformabit,

388 1334 485 1399 ait,
516 1350 721 1406 corpus
746 1337 1078 1392 humilitatis
1101 1346 1302 1393 nostra:
1325 1341 1727 1411 conliguratum
1750 1343 1970 1413 corpori

388 1427 577 1495 gloria:
608 1442 723 1482 sua:
749 1428 819 1481 3°.
857 1447 875 1479 ι
906 1427 1063 1482 Nunc
1095 1429 1301 1484 etenim
1339 1430 1549 1485 vilitate
1578 1445 1643 1485 ac
1668 1433 1971 1501 Opprobrio

386 1518 627 1574 fortasse
670 1534 875 1589 corpus
930 1520 1231 1575 humanum
1272 1521 1607 1592 deprimitur
1661 1523 1968 1578 daemonum

388 1612 788 1682 irruptionibus
819 1610 1162 1676 inl‘estatum,
1197 1622 1251 1667 et
1280 1629 1395 1668 suae
1430 1614 1607 1683 ipsius
1638 1617 1836 1671 animae
1865 1632 1969 1671 sae-

389 1720 692 1773 penumero
740 1705 993 1774 ignaviis,
1041 1706 1188 1760 notis
1233 1706 1567 1775 quibusdam
1617 1722 1682 1763 ac
1738 1710 1971 1764 maculis

389 1800 725 1865 inspersum,
753 1811 1006 1866 saepeque
1036 1796 1204 1851 etiam
1232 1798 1285 1850 in
1318 1799 1643 1854 servitutem
1666 1802 1970 1865 redactum,

386 1891 731 1957 multumque
762 1904 791 1942 a
830 1901 1053 1958 peccato
1083 1904 1461 1960 compressum
1490 1908 1505 1957 ;
1541 1892 1594 1946 in
1638 1892 1760 1963 ipso
1807 1896 1971 1949 etiam

385 1979 680 2041 moriendi,
719 1993 785 2032 ac
811 1979 1136 2049 parentandi
1165 1989 1292 2035 actu
1334 1989 1394 2034 ut
1429 1983 1554 2046 vile,
1584 1992 1639 2037 et
1671 1985 1972 2040 inhonora-

385 2081 500 2124 tum
549 2086 647 2140 per
689 2079 892 2125 terram
929 2078 1192 2137 tractum,
1230 2080 1285 2128 et
1330 2090 1454 2128 cum
1502 2077 1742 2130 maxima
1789 2078 1972 2150 inepia

385 2162 684 2232 sepultum.
732 2180 753 2213 ‹
796 2162 1116 2217 Seminatur
1160 2164 1333 2231 enim,
1385 2166 1486 2232 ait,
1533 2167 1589 2221 in
1638 2167 1970 2239 ignominia,

386 2254 689 2308 suscitatur
719 2253 774 2307 in
802 2253 979 2323 gloria
1006 2254 1073 2309 °°.
1115 2274 1135 2307 ι
1175 2253 1433 2313 Universi
1461 2273 1593 2313 vero
1621 2261 1841 2329 generis
1869 2263 1973 2317 hu-

387 2345 535 2398 mani
584 2344 1012 2398 resurrectionis
1043 2354 1291 2415 tempore
1321 2350 1735 2419 corruptionem
1767 2364 1821 2407 et
1847 2369 1976 2407 con-

386 2443 654 2504 temptqu
676 2435 988 2500 excutiens,
1015 2438 1254 2505 resurgit
1277 2452 1484 2509 corpus
1510 2449 1762 2496 nostrum
1790 2442 1977 2499 Salva-

387 2527 527 2580 toris
559 2525 771 2581 Clu-isti
797 2528 971 2597 gloria
1010 2536 1065 2581 et
1106 2528 1486 2586 muniﬁcentia
1516 2534 1972 2602 condecoratum,

393 2619 556 2690 156
582 2634 850 2688 nusquam
883 2621 937 2674 in
971 2629 1253 2691 posterum
1278 2624 1333 2677 in
1358 2633 1645 2694 peccatum
1687 2636 1742 2682 et
1781 2644 1977 2683 corru-

387 2711 630 2780 ptionem
659 2710 1024 2777 delluxurum,
1048 2729 1329 2785 nunquam
1365 2718 1720 2782 mortalitate,
1742 2728 1796 2774 et
1821 2723 1977 2775 vani-

387 2810 523 2863 tate,
574 2811 628 2857 et
679 2805 921 2859 miseriis
974 2804 1401 2874 bumiliandum,
1471 2809 1567 2864 sed
1627 2811 1975 2869 indesineute

384 2892 806 2965 incorruptione
840 2896 895 2949 in
930 2905 1255 2966 perpetuum
1288 2914 1413 2953 cum
1443 2915 1530 2966 eo,
1562 2901 1655 2973 qui
1686 2902 1976 2959 immorta-

389 2983 597 3039 litatem
627 2986 871 3053 exhibet,
908 2987 1265 3043 duraturum.

899 3075 1138 3131 LXXIX.
1166 3108 1240 3120 —
1265 3078 1475 3135 Eidem.

463 3187 487 3224 ι
536 3167 853 3240 Imposuisti
892 3172 1147 3228 homines
1188 3188 1358 3242 super
1404 3175 1589 3245 capita
1633 3185 1826 3232 nostra
1849 3178 1917 3232 ⁹¹.
1957 3196 1977 3232 ο

387 3261 527 3318 Nam
577 3263 877 3333 aliquando
930 3263 1071 3318 Deus
1120 3265 1391 3334 permittit
1445 3266 1793 3324 daemonibus
1841 3270 1985 3325 intc-

389 3353 527 3408 riori
582 3355 752 3425 capiti
810 3364 1002 3410 nostro
1067 3344 1419 3426 impudenter
1480 3360 1745 3425 insidere,
1810 3363 1983 3418 menti

389 3462 607 3517 nempe,
626 3460 680 3504 et
700 3449 939 3503 animam
965 3451 1030 3502 ad
1056 3452 1427 3519 cogitationes
1446 3468 1648 3524 pravas
1670 3454 1982 3523 detrahere,

391 3539 724 3607 quibuscum
769 3539 930 3594 uobis
979 3542 1391 3597 colluctaudum
1443 3553 1531 3600 est
1571 3553 1628 3601 et
1658 3545 1984 3617 depugnan-

391 3629 546 3694 dum,
580 3646 754 3700 neque
776 3646 872 3685 eas
903 3633 1353 3702 approbantibus,
1413 3652 1592 3709 neque
1632 3653 1741 3693 una
1766 3654 1890 3695 cum
1916 3641 1987 3696 iis

392 3720 871 3791 conspirautibus.

910 3830 1127 3887 LXXX.
1162 3864 1237 3874 —
1273 3834 1463 3892 Eidem

460 3938 581 3995 Non
615 3943 996 4012 angustiamur
1025 3944 1080 3997 in
1118 3944 1215 4000 Dei
1243 3943 1546 4005 dilectione
1579 3950 1647 4015 ”,
1674 3947 1984 4007 Corinthiis

392 4032 693 4105 Apostolus
724 4036 953 4101 scribit;
996 4052 1094 4093 vos
1126 4053 1259 4092 vero
1289 4040 1686 4111 angustiamini
1721 4043 1778 4097 in
1808 4043 1987 4099 visce-

393 4127 549 4183 ribus
591 4127 808 4193 vestris,
844 4129 1096 4185 nolentes
1129 4146 1227 4200 per
1256 4132 1444 4202 plures
1473 4134 1711 4192 virtutes
1743 4137 1982 4190 animam

395 4220 699 4287 dilatari,et
723 4223 941 4279 divinas
959 4225 1394 4282 illutniuationes
1424 4229 1677 4299 excipere
1693 4238 1747 4284 et
1765 4245 1986 4299 capere.

395 4312 540 4371 Iliun
565 4314 721 4369 vobis
751 4315 1003 4386 cotitigit,
1033 4317 1179 4387 quod
1224 4317 1281 4371 in
1313 4316 1451 4373 Isaia
1490 4319 1715 4386 dicitur,
1751 4320 1808 4375 In
1853 4320 1988 4375 alni-

2071 422 2403 495 λαθομένους
2434 424 2529 477 τοῦ
2565 422 2713 496 ίεροῦ
2756 424 3176 495 ἐπαγγέλματός
3213 441 3273 476 τε
3309 422 3406 476 καὶ
3440 424 3668 494 σχήμα·

2070 533 2184 582 τος,
2225 517 2686 581 καταλελοιπότας
2740 518 2798 571 δὲ
2848 517 2911 571 τδ
2959 518 3090 571 ίδιον
3139 517 3501 588 ἀσκητήριον,
3557 516 3669 569 καὶ

2072 610 2609 682 ἀπηρυθριασμένως
2640 609 3072 682 ἐργολαϐοῦντας
3102 608 3170 662 τὰ
3211 608 3468 679 ἀλλότρια
3509 608 3668 678 πρά-

2073 719 2283 772 γματα,
2339 702 2431 755 καὶ
2480 701 2945 772 δοκιμαζομένους
2989 701 3253 771 διηνεκῶς
3294 702 3407 764 τοῖς
3456 698 3675 763 ἔξωθεν

2074 794 2466 865 δικαστηρίοις,
2503 794 2595 847 τὸν
2625 794 2831 863 ἄφατον
2856 793 3285 863 ἐπεισφέροντας
3313 791 3542 864 θόρυὸόν
3572 807 3670 856 τε,

2074 886 2169 940 καὶ
2209 886 2469 958 τάραχον,
2527 884 2667 939 ὥστε
2716 885 2812 939 καὶ
2868 886 3066 949 αὐτοὺς
3115 884 3269 955 ὑμῶν
3319 884 3414 937 ἐπὶ
3444 882 3670 946 τούτοις

2073 980 2403 1051 καταγελᾷν,
2451 980 2548 1033 καὶ
2575 979 2697 1034 λίαν
2724 978 3163 1049 καταγινώσκειν
3196 978 3322 1043 τοὺς
3350 976 3674 1049 ,δημοσίους

2071 1071 2363 1143 ἄρχοντας.

2409 1161 2536 1214 θην.
2562 1188 2637 1202 -
2663 1159 2977 1232 ΚΥΡΙΑΚῼ
3028 1159 3342 1230 ΜΟΝΑΚῼ.

2152 1270 2171 1304 ι
2194 1252 2253 1305 '0
2270 1252 2475 1325 Κύριος
2492 1253 2649 1324 ἡμῶν
2668 1254 2873 1325 Ἰησοῦς
2901 1253 3135 1325 Χριστὸς
3161 1249 3669 1323 μετασχηματίσει,

2074 1347 2230 1418 φησὶ,
2263 1347 2326 1401 τὸ
2366 1348 2526 1419 σῶμα
2570 1348 2670 1417 τῆς
2704 1347 3087 1411 ταπεινώσεως
3116 1346 3295 1417 ἡμῶν,
3336 1346 3677 1415 σύμμορφον

2072 1440 2152 1510 τῷ
2181 1439 2393 1510 σώματι
2419 1441 2519 1509 τῆς
2550 1439 2708 1510 δόξης
2737 1437 2925 1493 αὑτοῦ.
2955 1458 2972 1490 ι
2997 1439 3111 1491 Νῦν
3142 1438 3239 1508 μὲν
3267 1436 3374 1509 γὰρ
3391 1434 3668 1505 εὐτελείᾳ,

2074 1532 2171 1586 καὶ
2203 1533 2399 1604 ἀτιμίᾳ
2438 1531 2772 1599 διαγίνεσθαι
2801 1531 2944 1602 τάχα
2980 1530 3269 1601 συμὸαίνει
3302 1529 3362 1582 τὸ
3385 1527 3674 1599 ἀνθρώπι-

2075 1644 2165 1680 νον
2196 1626 2374 1697 σῶμα,
2400 1626 2841 1697 ἐπηρεαζόμενόν
2885 1642 2943 1678 τε
2969 1627 3088 1687 ταῖς
3120 1624 3229 1677 τῶν
3260 1622 3529 1693 δαιμόνων
3565 1621 3670 1689 ἐφ

2074 1717 2233 1781 όδοις,
2257 1718 2351 1772 καὶ
2378 1720 2496 1780 ταῖς
2526 1719 2695 1789 αὐτῆς
2725 1718 2985 1781 πολλάκις
3006 1719 3106 1788 τῆς
3120 1717 3298 1787 ψυχῆς
3324 1712 3668 1785 νωχελείαις.

2077 1807 2292 1879 μώμοις
2316 1809 2447 1874 τισὶ,
2471 1810 2564 1863 καὶ
2587 1809 2796 1875 σπίλοις
2840 1809 3190 1881 περιπίπτον,
3214 1806 3671 1877 ἐξανδραποδιζό-

2078 1899 2236 1969 μενόν
2256 1916 2316 1952 τε
2364 1899 2477 1952 ἐσθ’
2511 1901 2623 1966 ὅτε,
2663 1902 2756 1954 καὶ
2788 1901 2928 1969 ἄγαν
2974 1898 3398 1968 ταπεινούμενον
3428 1895 3533 1949 ὑπὸ
3559 1896 3669 1964 τῆς

2073 1988 2371 2060 ἁμαρτίας,
2402 1989 2497 2042 καὶ
2532 1991 2592 2043 ἐν
2645 1989 2795 2061 αὐτῷ
2833 1990 2913 2061 τῷ
2944 1990 3221 2060 θνήσκειν,
3256 1989 3353 2043 καὶ
3399 1986 3672 2056 ἐνταφιάο

2075 2080 2283 2147 ζεσθαι,
2315 2084 2373 2134 ἐν
2410 2081 2781 2147 ἐξουδενώσει,
2819 2083 2914 2136 καὶ
2947 2081 3142 2153 ἀτιμίᾳ
3188 2080 3483 2153 συρόμενον
3504 2080 3563 2132 ἐν
3594 2079 3668 2148 τῇ

2074 2176 2167 2245 γῇ,
2217 2175 2312 2229 καὶ
2348 2174 2691 2245 θαπτόμενον
2730 2177 2788 2228 ἐν
2816 2175 3063 2246 εὐτελείᾳ
3090 2175 3278 2246 πολλῇ.
3312 2194 3332 2226 ι
3370 2173 3671 2244 Σπείρεται

2073 2266 2203 2336 γὰρ,
2233 2266 2420 2337 φησιν,
2460 2267 2522 2319 ἐν
2564 2266 2779 2337 ἀτιμία,
2811 2266 3085 2337 ἐγείρεται
3141 2267 3198 2318 ἐν
3232 2265 3379 2336 δόξῃ.
3420 2283 3439 2315 ι
3478 2264 3570 2316 Ἐν
3609 2263 3670 2315 δὲ

2075 2358 2153 2429 τῷ
2173 2358 2350 2430 καιρῷ
2382 2359 2483 2427 τῆς
2515 2359 2735 2413 πάντων
2780 2358 3086 2430 ἀνθρώπων
3131 2358 3404 2429 ὲγέρσεως
3428 2397 3442 2420 ,
3473 2358 3575 2426 τήν
3607 2372 3671 2407 τε

2077 2450 2303 2523 φθορὰν,
2322 2451 2416 2504 καὶ
2444 2451 2542 2523 τὴν
2571 2451 2900 2505 ταπείνωσιν
2929 2451 3414 2521 ἀποτιναξάμενον,
3443 2450 3673 2505 ἀνίστα-

2079 2560 2173 2597 ται
2214 2543 2276 2596 τὸ
2309 2542 2467 2614 σῶμα
2511 2542 2668 2614 ὴμῶν
2721 2544 3277 2613 κατακεκοσμημένον
3308 2546 3374 2614 τῇ
3427 2540 3673 2612 Χριστοῦ

2075 2636 2170 2690 τοῦ
2196 2636 2446 2707 Σωτῆρος
2470 2635 2618 2709 δόξῃ,
2670 2636 2765 2689 καὶ
2820 2637 3298 2709 μεγαλοπρεπείᾳ,
3330 2637 3528 2707 μηκέτι
3552 2635 3671 2688 λοι-

2077 2726 2178 2779 πὸν
2214 2727 2637 2799 τραπησόμενον
2667 2730 2747 2792 εἰς
2777 2728 3072 2799 ἁμαρτίαν,
3098 2730 3193 2782 καὶ
3218 2728 3444 2800 φθορὰν,
3467 2728 3673 2799 μηκέτι

2076 2818 2620 2889 ταπεινωοησόμενον
2652 2822 2719 2892 τῇ
2759 2819 3067 2891 θνητότητι,
3094 2821 3187 2874 καὶ
3208 2823 3272 2892 τῇ
3322 2821 3671 2892 ματαιότητι,

2080 2912 2173 2964 καί⁸
2222 2914 2343 2974 ταῖς
2392 2912 2813 2984 ταλαιπωρίαις,
2842 2914 2981 2968 ἀλλὰ
3026 2915 3123 2967 σὺν
3160 2913 3541 2978 διαιωνίζοντι,
3572 2914 3671 2965 καὶ

2009 3034 2056 3096 c
2086 3004 2365 3077 ἀφθαρσίᾳ
2395 3007 2697 3078 ἀπέραντα.

2608 3101 2836 3153 οθοκ-
2872 3099 2956 3166 Τῷ
2979 3098 3161 3165 αὐτῷ.

2170 3204 2189 3237 ι
2221 3186 2583 3254 Ἐπεῦίὸασας
2609 3190 2930 3262 ἀνθρώπους
2957 3191 3049 3243 ἐπὶ
3071 3190 3167 3253 τὰς
3190 3189 3431 3258 κεφαλὰς
3454 3188 3631 3258 ἡμῶν.
3647 3206 3669 3239 ι

2094 3278 2252 3332 Ἐστι
2288 3282 2397 3353 γάρ
2438 3282 2527 3335 ὅτε
2586 3286 2881 3353 συγχωρεΓ
2910 3284 3034 3346 τοὺς
3088 3283 3345 3350 δαίμονας
3373 3286 3400 3337 ὁ
3425 3282 3558 3345 Θεὸς
3599 3285 3671 3353 τῇ

2093 3370 2241 3426 ἔνδον
2267 3374 2473 3445 κεφαλῇ
2514 3376 2747 3439 ἀναιδῶς
2782 3375 3124 3440 ἐπικαθίζειν
3144 3418 3158 3442 ,
3190 3376 3437 3429 τουτέστι
3466 3378 3532 3445 τῇ
3555 3375 3672 3427 δια-

2091 3465 2228 3536 νοίᾳ,
2263 3468 2357 3519 καὶ
2384 3467 2670 3521 καθέλκειν
2701 3468 2797 3540 τὴν
2830 3468 3010 3541 ψυχὴν
3032 3470 3168 3540 πρὸς
3193 3469 3414 3540 ἀπρεπῆ
3436 3458 3676 3538 ἐνθυμή-

2095 3574 2258 3629 ματα,
2287 3552 2371 3622 οἷς
2399 3561 2548 3630 ἡμᾶς
2575 3563 2873 3630 ἀναγκαῖον
2902 3561 3219 3627 πυκτεύειν,
3259 3562 3353 3615 καὶ
3380 3559 3671 3630 μάχεσθαι,

2095 3652 2173 3723 μὴ
2211 3652 2808 3725 συγκατατιθεμένους,
2846 3654 2980 3726 μηδὲ
3021 3654 3423 3719 συνδιάζοντας.

2618 3838 2700 3891 11'.
2729 3869 2802 3880 —
2839 3836 2925 3904 Τῷ
2964 3836 3145 3903 αὐτῷ.

2163 3929 2239 3983 Οὐ
2272 3928 2753 4001 πενοχωρούμεθα
2783 3931 2841 3983 ἐν
2873 3933 2940 4000 τῇ
2963 3929 3057 3983 τοῦ
3093 3928 3229 3982 Θεοῦ
3258 3929 3446 4000 ἀγάπῃ
3467 3971 3481 3992 ,
3509 3928 3676 3999 φησὶν

2091 4022 2119 4075 ὀ
2163 4022 2485 4087 Ἀπόστολος
2514 4022 2842 4096 Κορινθίοις,
2878 4023 3037 4094 ὑμεῖς
3071 4022 3129 4076 δὲ
3171 4020 3585 4092 στενοχωρεῖσθε
3615 4021 3675 4072 ἐν

2090 4117 2204 4178 τοῖς
2248 4114 2579 4185 σπλάγχνοις
2624 4114 2801 4186 ὑμῶν,
2844 4114 2921 4186 μὴ
2974 4113 3286 4185 βουλόμενοι
3332 4113 3420 4166 διὰ
3468 4110 3676 4165 πολλῶν

2092 4206 2301 4278 ἀρετῶν
2324 4206 2689 4278 πλατυνθῆναι
2714 4208 2813 4279 τὴν
2833 4206 3029 4277 ψυχὴν,
3052 4207 3145 4259 καὶ
3176 4206 3275 4268 τὰς
3294 4205 3443 4268 θείας
3474 4203 3675 4273 ἐλλάμ-

2091 4297 2214 4366 ψεις
2244 4297 2536 4364 δέξασθαι,
2573 4298 2670 4352 καὶ
2712 4300 2982 4368 χωρῆσαι.
3019 4295 3183 4350 Ὅθεν
3217 4296 3348 4365 ἡμῖν
3388 4293 3676 4364 συμϐαίνει

395 4407 580 4462 ctione
610 4406 911 4462 adversarii
930 4416 1001 4462 ‘et
1038 4409 1095 4461 in
1123 4410 1375 4479 angustia
1406 4412 1634 4477 mentis,
1681 4412 1871 4468 leones
1892 4452 1907 4477 ,
1934 4422 1980 4468 el

2093 4390 2153 4444 τὸ
2181 4391 2238 4442 ἐν
2270 4389 2349 4459 τῷ
2399 4390 2596 4461 Ἡσαΐᾳ
2639 4390 2951 4461 εἰρημένον,
2998 4389 3078 4442 ὅτι
3128 4390 3187 4441 ἐν
3234 4391 3303 4458 τῇ
3357 4386 3534 4455 θλίψει
3578 4385 3674 4438 τοῦ

397 4497 655 4568 aspides,
706 4505 760 4553 et
804 4499 848 4552 si
898 4514 1021 4568 qua:
1073 4499 1181 4552 alia
1230 4509 1317 4555 est
1362 4499 1599 4557 facultas
1647 4502 1990 4558 adversatrix

396 4592 512 4661 (his
551 4592 757 4645 etenim
789 4601 843 4647 et
875 4593 1156 4649 similibus
1208 4593 1674 4664 appellationibus
1709 4594 1991 4661 dmmqnes

400 4686 735 4758 innuuntur)
754 4726 768 4750 ,
796 4686 1021 4741 divitias
1053 4689 1337 4741 asinorum
1363 4697 1417 4742 et
1436 4688 1773 4743 camelorum
1800 4695 1993 4759 porta-

403 4787 532 4830 ruut
560 4777 704 4833 ”°“.
736 4777 894 4835 Asini
935 4779 1318 4849 intelliguntur
1343 4794 1467 4833 esse
1494 4781 1804 4849 segniores,
1826 4787 1881 4835 et
1902 4795 1997 4834 νο⁹

402 4864 667 4934 luptuosi,
699 4874 754 4919 et
800 4865 1066 4935 improbi;
1105 4866 1301 4920 cameli
1352 4866 1392 4920 ii
1446 4875 1600 4929 sunt,
1654 4868 1750 4938 qui
1802 4882 1996 4936 super-

402 4959 548 5011 biam
613 4967 781 5027 atque
819 4958 1167 5012 iracundiam
1212 4969 1494 5014 exercent.
1540 4961 1760 5015 Divitiis
1808 4961 1995 5030 itaque

404 5050 804 5119 improbarum,
840 5060 896 5103 et
918 5051 1305 5115 obscenarum,
1332 5062 1387 5106 et
1411 5052 1664 5120 exlegum
1697 5052 1991 5121 cogitatio-

404 5155 535 5193 num
571 5140 787 5194 animas
823 5141 1105 5195 hominum
1132 5141 1413 5196 daemones
1443 5149 1738 5195 onerautes
1760 5179 1776 5204 ,
1805 5141 1858 5194 in
1892 5156 1992 5195 va-

402 5248 539 5287 cuas
569 5248 599 5285 a
627 5232 932 5288 virtutibus
960 5235 1334 5304 operationes,
1362 5242 1416 5286 et
1451 5233 1801 5287 conditiones
1836 5248 1993 5287 com-

405 5327 636 5396 pellunt.
684 5324 833 5379 Nihil
887 5335 1073 5380 autem
1124 5334 1356 5395 peccato
1394 5324 1551 5395 157
1591 5326 1814 5395 gravius
1864 5335 1989 5380 est:

404 5430 743 5489 quapropter
789 5428 843 5473 et
885 5417 1030 5488 apud
1078 5418 1297 5473 divinos
1345 5416 1471 5472 illos
1514 5418 1704 5473 Patres
1770 5418 1994 5489 plumbo

405 5510 773 5564 assimilatur.

479 5712 524 5744 ”
562 5712 794 5782 Philipp.
827 5727 923 5777 tu,
953 5712 1043 5765 21.
1120 5713 1195 5784 ,⁸⁸
1226 5712 1247 5767 I
1278 5712 1402 5764 Cur.
1439 5728 1524 5778 xv,
1559 5711 1640 5764 15.

2097 4480 2316 4551 ἐχθροῦ,
2352 4481 2448 4534 καὶ
2475 4483 2532 4535 ἐν
2565 4484 2631 4553 τῇ
2677 4480 3005 4552 στενοχωρίᾳ
3034 4480 3133 4551 τῆς
3157 4479 3401 4541 διανοίας
3443 4479 3673 4540 λέοντες,

2097 4573 2193 4626 καὶ
2217 4572 2461 4637 ἀσπίδες,
2486 4574 2580 4627 καὶ
2608 4573 2767 4636 εἴτις
2792 4571 2924 4643 ἄλλη
2951 4571 3184 4641 δύναμις
3205 4570 3442 4631 ἐναντία,
3466 4568 3676 4630 τούτοις

2096 4665 2207 4737 γὰρ
2239 4667 2334 4719 καὶ
2364 4668 2478 4728 τοῖς
2505 4662 2768 4728 τοιούτοις
2814 4664 3042 4734 ὀνόμασι
3082 4661 3371 4715 καλοῦνται
3398 4660 3447 4713 οἱ
3487 4659 3677 4728 δαίμο-

2090 4776 2215 4824 νες,
2250 4760 2341 4812 τὸν
2392 4759 2620 4813 πλοῦτον
2665 4758 2846 4812 αὐτῶν
2898 4758 3038 4811 δνων
3095 4757 3190 4810 καὶ
3245 4755 3353 4807 τῶν
3416 4752 3676 4825 καμήλων

2091 4849 2285 4923 ἔφερον
2305 4869 2319 4883 ο
2350 4850 2488 4903 ὄνων
2522 4849 2620 4921 μὲν
2672 4847 3013 4919 νοουμένων,
3045 4845 3155 4900 τῶν
3189 4843 3561 4913 νωθεστέρων,
3587 4843 3677 4895 καὶ

2093 4943 2413 5016 φιληδόνων,
2434 4943 2531 4996 καὶ
2564 4940 2853 5012 μοχθηρῶν
2874 4957 2887 4970 ·
2913 4938 3178 5010 καμήλων
3195 4937 3252 4990 δὲ
3271 4935 3381 4989 τῶν
3402 4935 3501 5007 τὴν
3522 4936 3678 5006 ὑπερ-

2092 5037 2362 5107 ηφάνειαν
2388 5075 2403 5099 ,
2434 5035 2530 5088 καὶ
2574 5033 2675 5104 τὴν
2720 5030 3088 5104 μνησικακίαν
3137 5027 3533 5095 ὲξασκούντων.
3578 5028 3678 5081 Τὸν

2091 5123 2270 5177 τοίνυν
2292 5122 2523 5176 πλοῦτον
2552 5121 2662 5176 τῶν
2697 5120 2971 5192 πονηρῶν,
3011 5121 3106 5173 καὶ
3128 5120 3391 5190 αίσχρῶν,
3430 5119 3529 5172 καὶ
3560 5120 3680 5173 ἀνό-

2099 5232 2214 5287 μων
2263 5214 2536 5285 λογισμῶν
2581 5212 2957 5285 φορτώσαντες
2985 5213 3083 5275 τὰς
3118 5211 3293 5282 ψυχὰς
3337 5211 3444 5263 τῶν
3471 5210 3677 5281 ἀνθρώ⁴

2097 5326 2215 5361 πων
2267 5308 2318 5361 οἱ
2366 5307 2657 5378 δαίμονες,
2687 5304 2972 5360 ἐλαύνουσι
3029 5304 3109 5366 είς
3148 5302 3247 5364 τάς
3296 5303 3539 5372 ἐρήμους
3573 5300 3679 5354 τῶν

2098 5399 2309 5474 ἀρετῶν
2343 5399 2591 5469 πράξεις,
2625 5399 2718 5451 καί⁵
2746 5397 3131 5459 καταστάσεις.
3161 5396 3328 5450 Οὐδὲν
3377 5394 3423 5447 δ’
3446 5395 3679 5465 ὑπάρχει

2104 5495 2200 5563 τῆς
2230 5492 2506 5565 ἁμαρτίας
2535 5490 2858 5563 βαρύτερον,
2881 5489 2958 5542 διὸ
2982 5490 3076 5542 καὶ
3101 5489 3249 5561 παρὰ
3270 5491 3379 5551 τοῖς
3405 5486 3679 5559 θεοφόροις

2104 5587 2329 5657 ἀνδράσι
2353 5584 2586 5656 μολίϐδῳ
2612 5582 3002 5654 παρείκασται.

1751 5713 1792 5742 νι
1827 5710 1971 5765 pm].
2013 5684 2146 5773 “ei
2173 5707 2252 5763 te.
2331 5706 2375 5735 θ’
2402 5702 2441 5755 II
2476 5698 2600 5753 Cor.
2633 5712 2705 5760 Vt,
2738 5693 2821 5748 l2.
2905 5692 3151 5747 "'“Isa.
3182 5714 3305 5753 xxx.
3333 5697 3387 5751 6.
