3888 6040
200 316 307 379 237

716 425 841 477 ΠΧ.
879 454 948 465 —
981 424 1061 488 Τῷ
1102 424 1280 488 αὐτῷ.

277 513 372 567 ’Ᾱν
401 516 465 566 ἐκ
512 512 604 567 τοῦ
636 506 956 584 βάθουςτῆς
986 517 1206 584 καρδίας
1243 516 1374 586 πρὸς
1417 515 1547 569 Θεὸν
1582 518 1769 571 στενά-

198 604 400 675 εωμεν,
427 604 805 657 εἰσακούσεται
854 608 1068 669 πάντως
1098 646 1113 665 ,
1148 609 1242 660 καὶ
1283 608 1442 673 δείξει
1496 607 1771 679 θαυμάσια

195 699 312 759 τοῖς
342 697 474 759 υἱοῖς
520 695 630 748 τῶν
673 695 993 768 ἀνθρώπων,
1018 700 1111 750 καὶ
1146 699 1356 769 ποιήσει
1402 700 1501 768 τὴν
1529 699 1771 770 κάμηλον

197 784 473 870 πρόϐατον
513 802 527 817 ’
568 804 586 836 ι
626 785 774 855 Αὕτη
807 806 827 838 ι
866 786 995 858 γὰρ,
1018 789 1214 856 φησὶν,
1258 792 1329 859 «ἡ
1365 790 1643 854 ἀλλοίωσις
1671 792 1771 861 τῆς

195 879 376 943 δεξιᾶς
397 878 491 931 τοῦ
522 879 797 947 Ὑψίστου.
825 898 842 930 ι
866 882 1142 935 Καίτινων
1158 882 1384 953 ψαλμῶν
1406 885 1619 946 τίτλοι,ι
1647 885 1772 948 Τοῖς

194 966 719 1041 ἀλλοιωθησομένοις
758 991 776 1023 ι
805 973 1147 1044 ἐγράφησαν.
1185 974 1310 1027 Ἐάν
1336 975 1512 1027 τοίνυν
1541 975 1770 1029 σπουδάς

196 1080 315 1126 σεις
335 1061 425 1115 διά
449 1062 554 1115 τῶν
582 1063 791 1132 ἀρετῶν
831 1056 1025 1133 ἀρέσαι
1054 1065 1132 1136 τῷ
1159 1067 1392 1136 Σωτῆρι,
1421 1068 1772 1138 ἀποφορτίζει

191 1152 291 1205 τὸν
314 1153 507 1224 νοητόν
552 1171 644 1206 σου
677 1154 798 1207 δνον
842 1155 1245 1224 ἀχθοφοροῦντα
1277 1160 1388 1219 τοῖς
1411 1157 1649 1226 δαίμοσι,
1678 1158 1773 1211 καὶ

191 1245 381 1316 ἀσαγῆ
430 1247 683 1318 ποιήσας,
735 1246 984 1299 ἐπιϐαλεῖ
1030 1264 1111 1300 σοι
1171 1248 1239 1301 τά
1299 1248 1405 1301 τῶν
1460 1249 1771 1303 ἀποστόλων

197 1337 673 1408 ίμάτια,τουτέστι
697 1340 764 1393 τά
794 1338 911 1392 Θεῖα
941 1339 1282 1410 παιδεύματά
1301 1358 1361 1393 τε
1390 1342 1484 1393 καὶ
1505 1341 1769 1411 δόγματα,

193 1428 296 1481 καὶ
334 1427 715 1490 ἐπικαθεσθεὶς
756 1424 833 1498 τῷ
862 1427 946 1479 νοΐ
998 1444 1090 1480 σου
1137 1426 1326 1499 ὥσπερ
1362 1432 1425 1499 τῇ
1471 1429 1577 1501 ὄνῳ
1620 1430 1770 1496 ποτὲ,

193 1520 506 1591 εἰσέρχεται
538 1521 631 1573 καὶ
668 1518 764 1572 νῦν
798 1521 877 1583 εἰς
903 1517 998 1590 τὴν
1033 1520 1194 1588 ἁγίαν
1239 1522 1392 1575 πόλιν
1418 1521 1774 1593 δοξαζόμενός

191 1624 278 1671 τε,
312 1610 410 1661 καὶ
426 1610 911 1679 ἀνευφημούμενος
940 1602 1045 1664 (me
1076 1611 1291 1664 πάντων
1314 1602 1559 1679 ἀγγέλων
1591 1614 1682 1665 ἐπὶ
1705 1615 1772 1684 τῇ

197 1701 448 1772 σωτηρίᾳ
481 1701 575 1753 τοῦ
633 1701 863 1770 ἀλόγου,
906 1701 1126 1770 λογικοῦ
1174 1703 1464 1771 γενομένου
1514 1703 1603 1756 διὰ
1658 1704 1776 1773 φιλ-

1417 313 1945 374 EPISTOIARUM
1985 311 2129 370 LIB.
2172 310 2249 369 II.

3327 298 3439 375 238

2376 420 2604 474 LXXXI.
2649 450 2715 458 —-
2756 418 2959 472 Eidem.

1951 515 2007 569 Si
2042 531 2108 570 ex
2145 514 2415 585 profundo
2446 512 2627 567 cordis
2667 512 2733 565 ad
2771 511 2937 563 Deum
2978 506 3426 579 ingentuerimus,

1870 608 2093 662 omnino
2126 602 2397 669 exaudiet,
2430 614 2486 660 ct
2514 605 2763 660 ostendet
2795 601 3060 655 mirabilia
3095 599 3220 652 ﬁliis
3252 596 3430 651 homi-

1872 712 2024 759 num,
2053 704 2107 751 et
2139 695 2302 751 faciet
2330 696 2599 751 camelum
2630 710 2783 749 ovem
2818 711 2830 746 :
2871 709 2889 741 ι
2921 691 3043 746 llzec
3083 709 3099 741 ι
3136 689 3300 752 enim,
3334 688 3429 750 ait,

1868 799 1954 844 est
2013 807 2031 839 ι
2082 789 2314 842 mutatio
2365 790 2601 843 dextera:
2648 786 2861 839 Excelsi
2891 785 2959 837 9⁵.
3007 802 3025 833 ι
3072 781 3137 835 Et
3181 780 3432 834 nonnulli

1871 881 2203 950 psalmorum
2218 880 2495 944 tituli,rlis
2510 880 2599 950 qui
2623 881 3004 931 inunntantun
3022 874 3207 942 scripti
3227 869 3431 925 Stult".

1872 972 2213 1042 Quapropter
2239 973 2285 1027 si
2317 972 2599 1026 incumbes
2630 987 2725 1039 per
2756 972 2988 1022 virtutes
3023 963 3291 1018 Salvatori
3322 961 3437 1030 pla-

1871 1079 2017 1126 cere,
2052 1064 2472 1118 intellectualem
2507 1073 2657 1117 tuum
2684 1062 2896 1115 asinum
2929 1072 3069 1111 onus
3100 1053 3436 1109 daemonibus

1874 1160 2182 1222 portantem
2212 1157 2492 1215 exonerat,
2532 1158 2586 1204 et
2628 1149 2829 1203 clitella
2878 1160 3137 1207 excussa,
3195 1143 3438 1211 imponet

1875 1242 1975 1297 tibi
1999 1242 2326 1298 vestimenta
2356 1241 2747 1311 aposmlorum,
2783 1239 2887 1291 hoc
2922 1245 3004 1290 est
3032 1235 3243 1288 divinas
3270 1231 3439 1286 disci-

1876 1335 2054 1405 plinas
2088 1344 2141 1389 et
2190 1334 2472 1405 dogmata,
2508 1339 2561 1386 et
2605 1330 2851 1385 assidens
2888 1327 3053 1381 menti
3084 1337 3206 1389 tum,
3249 1338 3440 1394 quem-

1874 1420 2163 1481 admodum
2188 1425 2481 1495 aliquando
2504 1424 2658 1476 asino
2684 1422 2750 1483 θ’,
2780 1421 2968 1475 introit
2988 1428 3041 1473 et
3065 1416 3281 1471 nuncin
3307 1429 3442 1470 san-

1875 1528 2016 1571 ctam
2051 1518 2326 1572 civitatem
2352 1517 2709 1587 glorilicatus,
2740 1512 3103 1581 laudibusque
3136 1508 3442 1563 celebratus

1877 1610 1945 1664 ab
1979 1610 2236 1664 omnibus
2275 1609 2484 1679 angelis
2520 1624 2620 1677 pro
2665 1608 2845 1661 salute
2886 1603 3124 1657 rationis
3177 1599 3439 1670 expertis.

1874 1702 2022 1771 quod
2057 1702 2288 1756 rationis
2311 1717 2536 1770 compos
2571 1698 2774 1752 factum
2813 1706 2897 1751 est
2921 1712 3017 1767 per
3045 1694 3439 1748 humanitatem

196 1792 519 1862 ανθρωπίαν
553 1792 647 1845 τοῦ
687 1792 1007 1855 Κτίσαντος,
1042 1792 1241 1863 μᾶλλον
1271 1792 1327 1846 δὲ
1365 1794 1775 1861 ἀνακτίσαντος,

1890 1795 2176 1857 Creatoris,
2210 1795 2318 1849 imo
2344 1793 2707 1855 renovatoris,
2735 1791 2826 1861 qui
2852 1788 3182 1851 imtnutavit,
3218 1795 3271 1840 et
3297 1783 3443 1838 refe-

195 1882 596 1946 ἀλλοιώσαντός
653 1900 734 1947 τε,
763 1883 858 1937 καὶ
902 1883 1306 1947 ἀνανεώσαντος
1350 1884 1436 1938 διὰ
1483 1885 1583 1955 τῆς
1637 1889 1776 1956 άμε-

195 1974 375 2041 λεεας,
389 1976 595 2046 καὶτῆς
616 1974 823 2046 πλάνης
844 1974 1021 2045 ψυχὴν
1044 1974 1463 2040 παλαιωθεῖσαν,
1491 1975 1585 2028 καὶ
1608 1993 1779 2047 παρα-

196 2067 589 2139 τετραμμένην
623 2067 907 2131 ἑκουσίως.

196 2168 199 2175 ⁴
728 2158 853 2212 ΠΒ’.
885 2189 954 2202 -
985 2157 1068 2224 Τῷ
1103 2157 1283 2224 αὐτῷ.

269 2252 509 2306 Δύναταί
536 2269 619 2315 τις
666 2250 761 2305 καλ⁵
800 2253 858 2304 ὲν
901 2251 1115 2322 σώματι
1153 2251 1230 2304 ὢν
1266 2251 1532 2322 ὑπάρχειν
1563 2253 1660 2307 σὺν
1702 2253 1781 2322 τῷ

196 2344 429 2414 Χριστῷ
489 2324 633 2396 κατέ
674 2343 734 2396 τὸ
777 2344 1066 2414 εἰρημένον
1116 2342 1220 2397 ὑπὸ
1266 2343 1361 2397 τοῦ
1417 2344 1777 2398 Ἀποστόλουο

204 2455 224 2488 ι
269 2436 363 2490 Ζῶ
398 2437 455 2489 δὲ
487 2437 669 2489 οὐκέτι
701 2435 829 2504 ἐγὼ,
861 2436 925 2505 ζῇ
961 2434 1016 2487 δὲ
1058 2436 1115 2487 ὲν
1156 2435 1280 2505 ἐμοὶ
1308 2437 1563 2507 Χριστός.
1588 2457 1603 2486 ι
1638 2437 1777 2490 Πολὺ

197 2527 258 2580 δὲ
297 2527 499 2599 μᾶλλον
539 2526 852 2597 ἐκδημήσας
883 2523 974 2578 τοῦ
1005 2522 1249 2595 σαρκίον,
1279 2524 1461 2589 καθὼς
1484 2527 1645 2579 πάλιν
1684 2528 1780 2580 αὑ-

197 2619 291 2684 τὺς
313 2620 542 2693 γράφει,
565 2620 646 2673 ὅτι
670 2638 686 2670 ι
710 2617 984 2671 Ἐπιποθῶ
1004 2617 1289 2679 ἀναλῦσαι,
1310 2618 1403 2671 καὶ
1440 2619 1535 2671 σὺν
1560 2613 1780 2690 Χριστῷ

200 2707 372 2764 εἶναι.
406 2731 425 2762 ι
446 2712 513 2764 Ἠ
546 2710 654 2781 γὰρ
680 2710 826 2781 ψυχὴ
855 2708 1045 2778 νοητόν
1074 2725 1127 2760 τι
1147 2708 1332 2781 χρῆμα
1360 2704 1493 2762 οὖσα
1514 2708 1621 2761 τῶν
1654 2727 1779 2780 νοη-

199 2803 315 2856 τῶν
350 2803 579 2869 ἐφίεται,
610 2802 684 2864 ὼς
732 2800 1033 2871 ἐμφύσημα
1066 2799 1227 2859 θεῖον,
1258 2801 1351 2853 καὶ
1378 2799 1691 2871 θαυμαστόν
1728 2813 1780 2854 τι

199 2895 551 2963 τυγχάνουσα
574 2892 964 2962 δημιούργημα
983 2909 995 2923 ⁸
1028 2892 1335 2964 βαρουμένη
1369 2888 1463 2945 οὖν
1505 2892 1582 2963 τῷ
1612 2894 1782 2964 γηΐνῳ

203 2985 428 3055 σώματι
449 2982 536 3035 διὰ
555 2983 652 3052 τὴν
683 2981 1003 3053 θνητότητα,
1030 2981 1254 3045 εἰκότως
1276 2981 1369 3035 νῦν
1389 2980 1646 3053 ἐπιθυμεῖ
1665 2981 1781 3036 δια-

204 3077 443 3147 λυθῆναι
466 3117 480 3139 ,
510 3072 815 3145 εἰλικρινῶς
834 3114 849 3138 ,
882 3074 976 3126 καὶ
1024 3074 1340 3144 ἀμερίμνως
1364 3115 1380 3136 ,
1423 3074 1517 3126 καὶ
1565 3074 1782 3143 ἀφόϐως

1878 1888 1953 1941 cit
1983 1896 2204 1956 propter
2232 1887 2614 1956 negligentiam
2665 1895 2717 1938 et
2756 1896 2998 1938 errorem
3029 1879 3263 1932 animam
3293 1876 3445 1931 inve-

1882 1989 2132 2041 teratam,
2163 1988 2216 2033 et
2255 1986 2450 2049 sponte
2470 1978 2756 2031 distortam
2785 1981 2945 2043 atque
2979 1968 3267 2025 deﬂexam.

2360 2143 2618 2199 LXXXII.
2641 2172 2703 2182 —-
2734 2140 2942 2195 Eidem.

1949 2236 2431 2308 Potestquisquam
2450 2250 2611 2298 unus,
2632 2234 2758 2287 licet
2778 2233 2831 2285 in
2845 2227 3172 2298 corporesit,
3186 2240 3307 2281 esse
3322 2239 3446 2279 cum

1881 2327 2128 2389 Christo,
2152 2336 2211 2380 ut
2242 2326 2466 2381 tradidit
2485 2324 2811 2394 Aposmlus:
2839 2319 3025 2384 iV'ivo,
3050 2319 3159 2389 jam
3188 2331 3296 2371 non
3323 2332 3445 2383 ego.

1881 2419 2014 2473 vivit
2037 2434 2164 2473 vero
2187 2418 2240 2471 in
2274 2432 2357 2471 me
2380 2415 2632 2470 Christus
2648 2414 2713 2468 ³³⁸.
2739 2433 2756 2464 ι
2796 2411 2900 2467 Sed
2931 2410 3102 2477 magis
3135 2407 3437 2477 magisque,

1882 2512 1926 2566 si
1948 2527 2012 2564 ex
2039 2510 2369 2581 corpusculo
2388 2507 2704 2569 excesserit,
2727 2512 2787 2560 ut
2813 2518 3004 2558 rursus
3031 2501 3171 2555 idem
3206 2498 3399 2552 scribit
3427 2514 3442 2551 :

1888 2622 1906 2654 ι
1930 2602 2099 2669 Cupio
2121 2601 2365 2664 dissolvi,
2384 2610 2436 2655 et
2461 2614 2583 2654 esse
2600 2612 2721 2653 cum
2737 2597 2956 2650 Christo
2969 2595 3035 2647 ”.
3049 2612 3067 2644 ι
3086 2591 3278 2646 Anima
3299 2589 3441 2644 enim

1883 2710 2004 2750 cum
2025 2695 2386 2748 intellectuale
2402 2692 2529 2762 quid
2544 2692 2637 2754 sit,
2657 2687 3040 2744 intellectualia
3058 2700 3275 2754 quoque
3293 2697 3449 2752 appr»

1884 2785 1968 2847 tit,
1989 2792 2247 2852 tanquam
2267 2796 2385 2849 quae
2402 2780 2732 2851 spiraculum
2757 2776 3020 2836 divinum,
3046 2783 3099 2827 et
3118 2768 3453 2824 admirabilis

1881 2873 2126 2946 quaedam
2140 2884 2386 2929 creatura
2401 2869 2877 2939 sit.I‘raagravata]
2893 2866 3000 2937 53
3013 2863 3453 2934 itaqueterrestt'i

1883 2982 2115 3038 corpore
2161 2974 2386 3036 propter
2437 2966 2846 3025 mortalitatem,
2887 2961 3011 3029 jure
3057 2957 3253 3012 merito
3306 2970 3455 3010 nunc

1884 3057 2227 3127 concupiscit
2264 3072 2360 3127 per
2388 3065 2617 3110 mortem
2654 3052 2905 3114 dissolvi,
2929 3058 2983 3107 et
3015 3051 3248 3116 sincere,
3279 3058 3334 3103 et
3359 3064 3450 3104 se-

203 3167 447 3224 θανάτου
470 3171 703 3220 συνεῖναι
722 3167 794 3237 τῷ
811 3165 1075 3235 Δεσπότῃ,
1094 3164 1397 3217 ἀναλύσασα
1420 3166 1526 3218 ἀπὸ
1544 3164 1636 3217 τοῦ
1663 3165 1783 3237 ονη-

1890 3164 2045 3213 cure,
2079 3157 2134 3205 et
2161 3147 2432 3218 intrepide
2459 3162 2568 3200 una
2597 3161 2721 3200 cum
2752 3144 2982 3198 Domino
3009 3158 3153 3206 esse,
3182 3157 3210 3195 a
3236 3140 3453 3195 mortali

205 3262 329 3328 τοῦ,
348 3264 443 3315 ἐπὶ
460 3261 522 3313 τὸ
538 3259 803 3315 ἀθάνατόν
830 3275 910 3323 τε,
926 3257 1022 3311 καὶ
1039 3258 1103 3311 ἅτ
1113 3256 1486 3327 ρεπτον.Μετά
1501 3257 1556 3311 δὲ
1577 3257 1675 3328 τὴν
1692 3257 1787 3311 νῦν

205 3357 389 3421 λύσιν,
419 3358 476 3408 ἐν
505 3357 569 3426 τῇ
603 3352 929 3417 ἀναστάσει,
962 3349 1233 3420 ἄφθαρτον
1271 3349 1365 3402 καὶ
1390 3348 1678 3403 ἀθάνατον
1727 3348 1789 3403 τὸ

206 3451 350 3504 ἴδιον
397 3448 558 3518 σῶμα
595 3442 943 3500 ἀπολαϐοῦσα
979 3443 1313 3513 ζωοποιηθὲν
1337 3443 1415 3514 τῷ
1450 3444 1590 3513 ἁγίῳ
1623 3442 1790 3497 Πνεύ-

212 3558 373 3611 ματι,
406 3535 796 3599 συνδιαιωνίξει
828 3532 1012 3588 λοιπὸν
1034 3537 1099 3603 τῇ
1133 3534 1317 3605 ἀλύτῳ
1345 3534 1676 3607 εὐφροσύνῃ,
1695 3532 1792 3587 καὶ

210 3636 283 3705 τῇ
317 3630 699 3703 μακαριότητι.
732 3628 826 3680 καὶ
860 3629 924 3697 τῇ
965 3626 1367 3697 ἀναμαρτησίᾳ.
1393 3627 1485 3678 Δεῖ
1514 3626 1623 3696 γάρ
1656 3628 1791 3679 ἀπο-

214 3724 559 3794 καταστῆναι
590 3740 649 3775 σε
683 3724 775 3775 ἐπὶ
812 3722 910 3792 τὴν
959 3720 1209 3789 καθαρὰν
1251 3717 1433 3788 φύσιν,
1466 3719 1586 3789 ἦτοι
1619 3715 1787 3785 θείαν,

216 3822 315 3875 καὶ
343 3820 555 3890 ἀγήρω,
568 3817 772 3872 ἄλυπόν
801 3832 882 3880 τε,
909 3816 1005 3868 καὶ
1035 3815 1212 3883 πάσης
1243 3811 1520 3881 φροντίδος
1547 3811 1792 3883 ἀπηλλα-

216 3912 432 3985 γμένην
464 3911 818 3965 κατάστασιν.

753 4107 876 4162 III".
909 4122 981 4147 —‘
1010 4104 1093 4171 Τῷ
1116 4101 1291 4169 αὐτῷ.

296 4227 420 4282 Εἰσί
450 4242 593 4288 τινες
641 4219 1026 4283 καταστάσεις,
1057 4218 1152 4270 καὶ
1198 4216 1339 4283 ἔξεις
1379 4214 1440 4267 ὲν
1485 4211 1792 4287 ἀνθρώποις

218 4319 483 4392 καθαραὶ,
518 4316 657 4369 ὥστε
693 4314 783 4367 τὸν
824 4313 923 4383 μὲν
967 4310 1119 4381 ἡλίου
1150 4310 1366 4377 ἐπέχειν
1397 4305 1585 4371 τόπον,
1615 4305 1710 4359 τὸν
1734 4303 1795 4358 δὲ

220 4415 480 4487 σελήνης,
510 4409 603 4462 τὸν
624 4408 679 4461 δὲ
709 4405 965 4475 ἀστέρος
987 4405 1079 4455 καὶ
1109 4400 1239 4463 ἴδοις
1261 4400 1327 4454 άν
1355 4415 1477 4451 τινα
1504 4396 1791 4467 ἄνθρωπον

1890 3240 1993 3295 hoc
2026 3241 2080 3295 in
2104 3239 2409 3294 immortale
2436 3248 2489 3294 et
2528 3236 2862 3291 immutabile
2888 3236 3144 3290 resoluta.
3165 3231 3294 3286 Post
3314 3230 3455 3284 hanc

1890 3348 2019 3388 vero
2062 3331 2414 3393 solutionem,
2480 3329 2532 3382 in
2595 3326 2999 3382 resurrectione
3048 3326 3452 3390 incorruptum,

1890 3432 2052 3492 atque
2080 3422 2386 3476 immortale
2422 3418 2702 3489 proprium
2725 3432 2928 3485 corpus
2951 3413 3222 3484 recipiens
3242 3409 3453 3481 Spiritu

1891 3518 2085 3565 sancto
2131 3508 2469 3562 viviﬁcatum
2524 3520 2631 3558 una
2680 3505 2844 3557 simul
2898 3504 2954 3555 in
3003 3512 3278 3571 posterum
3326 3510 3453 3550 cum

1892 3602 2173 3658 insolubili
2210 3601 2416 3664 laetitia,
2449 3607 2504 3652 et
2532 3596 2823 3661 beatitate,
2871 3603 2927 3649 et
2967 3593 3241 3661 inculpata
3292 3590 3454 3643 inno-

1891 3698 2092 3763 centia,
2129 3711 2251 3766 qum
2275 3695 2449 3748 amitti
2484 3707 2591 3746 non
2626 3700 2818 3762 potest,
2852 3694 3133 3758 perennat.
3165 3683 3457 3738 Reducen-

1891 3790 1995 3845 dus
2019 3790 2162 3844 enim
2192 3803 2251 3842 es
2281 3787 2347 3841 ad
2379 3800 2606 3856 puram,
2647 3784 2730 3838 vel
2776 3781 3017 3836 divinam
3040 3821 3055 3847 ,
3083 3789 3137 3835 et
3176 3789 3456 3847 nunquam

1895 3889 2267 3936 senescentem
2302 3887 2582 3941 naturam,
2616 3890 2833 3930 necnon
2872 3874 2940 3927 ab
2966 3873 3114 3926 omni
3141 3870 3368 3927 tristitia
3398 3875 3456 3923 et

1893 3989 2023 4027 cura
2055 3973 2351 4026 immunem
2382 3984 2446 4024 ac
2479 3982 2706 4023 vacuam
2742 3966 3113 4020 conditionem

2384 4077 2667 4135 LXXXIII.
2694 4108 2763 4118 —
2788 4076 2997 4131 Eidem.

1966 4198 2106 4253 Sunt
2139 4195 2383 4267 quaedam
2412 4193 2753 4249 conditiones
2790 4198 2845 4245 et
2877 4186 3096 4243 habitus
3116 4186 3260 4239 inter
3281 4183 3459 4236 homi-

1894 4309 1993 4349 nes
2022 4290 2167 4362 puri,
2203 4288 2340 4342 adeo
2370 4296 2427 4340 ut
2456 4287 2545 4340 hic
2579 4284 2800 4355 quidem
2848 4283 3029 4336 locum
3070 4284 3256 4333 teneat
3297 4276 3457 4334 solis,

1894 4386 2035 4439 alius
2062 4384 2223 4444 lunae,
2260 4380 2400 4433 alius
2446 4378 2641 4431 stellae.
2674 4375 2741 4428 Et
2765 4372 2977 4428 videbis
3003 4386 3136 4427 sane
3166 4369 3464 4424 nonnemi-

511 4498 831 4570 Σολομῶντα
849 4461 1113 4557 ’πολλάκις
1140 4461 1522 4560 δεδοξασμένον
1652 4488 1783 4542 ἄνω-

1893 4492 2016 4533 nem
2054 4474 2345 4529 Salomone
2364 4473 2484 4542 ipso
2508 4482 2882 4539 saepenumero
2906 4480 3143 4535 superna
3169 4461 3460 4533 prudentia

220 4599 318 4667 βεν
363 4590 905 4666 φρονήσει,,ὖστερον
946 4587 1003 4639 δὲ
1030 4584 1120 4639 διὰ
1156 4583 1248 4637 τοῦ
1289 4579 1673 4644 ἀπονυστάξαι,
1701 4580 1797 4632 καὶ

223 4668 576 4761 χαυνωθῆναι
623 4682 724 4751 τῆς
778 4678 1087 4751 προσοχῆς,
1135 4671 1632 4743 ὲγκαταλειφθέντα
1693 4669 1798 4724 ὑπὸ

222 4777 386 4839 Θεοῦ,
416 4776 511 4830 καὶ
558 4772 966 4839 ἀποδυσάμενον
997 4768 1099 4837 τήν
1134 4783 1195 4819 τε
1234 4763 1542 4825 εὐλάϐειαν,
1576 4761 1670 4815 καὶ
1704 4761 1797 4814 τὸν

221 4867 392 4936 φόϐον
416 4863 511 4918 τοῦ
540 4860 883 4933 Κρείττονος,
922 4855 1017 4909 καὶ
1054 4850 1523 4908 καταπεπτωκότα
1561 4850 1641 4912 είς
1669 4849 1799 4903 ἀσέ-

225 4960 405 5021 ϐειαν,
449 4956 545 5009 κα)⁸
594 4950 870 5024 ἁμαρτίας
922 4947 1181 5019 μεγάλας,
1238 4943 1379 4999 ὥστε
1427 4941 1685 4996 δύνασθαί
1735 4958 1796 4994 σε

224 5050 429 5115 λέγειν,
457 5045 538 5098 ὅτι
584 5041 849 5112 διετράπη
874 5040 903 5092 ό
938 5038 1088 5108 ἥλιος
1124 5035 1305 5089 πεσὼν
1346 5033 1475 5104 παρ’
1506 5032 1699 5085 ἐλπίδα
1719 5032 1799 5094 είς

226 5135 674 5210 ἀθεμιτουργίας.
716 5132 931 5185 Γίνεται
972 5129 1079 5201 γὰρ
1124 5126 1349 5181 τοιαῦτα
1387 5124 1671 5185 πολλάκις,
1704 5123 1798 5177 καὶ

1893 4567 2269 4640 gloriosiorem
2301 4583 2316 4619 :
2350 4563 2722 4634 postmodum,
2777 4558 2924 4630 quod
2968 4555 3307 4618 dormitarit,
3337 4565 3392 4607 et
3430 4569 3460 4605 a

1891 4658 2245 4714 contentione
2273 4655 2364 4709 illa
2393 4652 2691 4724 quidquam
2732 4648 3037 4710 demiserit,
3072 4644 3399 4700 derelictum
3428 4657 3458 4695 a

1894 4751 2026 4815 Deo,
2058 4756 2113 4803 et
2142 4747 2366 4818 pietate,
2400 4753 2456 4800 et
2489 4741 2704 4798 Domini
2742 4746 2890 4793 metu
2926 4736 3241 4806 spoliatum,
3267 4734 3321 4788 in
3356 4733 3463 4786 im-

1894 4843 2149 4913 pietatem
2180 4847 2235 4895 et
2278 4835 2520 4908 ingentia
2558 4832 2767 4890 scelera
2795 4830 3150 4900 prolapsum;
3186 4833 3245 4880 ut
3282 4824 3461 4895 possis

1894 4935 2076 4990 dicere
2102 4952 2115 4986 :
2149 4932 2463 4987 Conversus
2494 4939 2578 4981 est
2610 4924 2727 4988 sol,
2767 4930 2961 4991 praeter
2991 4917 3458 4988 exspectationem

1897 5028 1951 5081 in
1986 5023 2250 5081 nefandas
2285 5021 2608 5088 iniquitates
2634 5015 2912 5085 delapsus.
2933 5009 3206 5066 Eveniunt
3229 5022 3465 5077 namque

1897 5116 2203 5187 saepissime
2267 5110 2510 5173 similia,
2564 5107 2728 5161 etiam
2776 5102 2969 5157 virtuti
3022 5094 3415 5154 addictissimis
3446 5136 3464 5161 ,

227 5188 374 5293 tot;
398 5188 703 5288 σπουδαίοις
741 5219 967 5292 ὕστερόν
984 5188 996 5198 ’
1021 5188 1151 5273 ποτε
1177 5219 1265 5272 διὰ
1290 5217 1390 5287 τῆς
1417 5215 1674 5287 ἀμελείας
1710 5230 1783 5283 γε·

1899 5208 2127 5280 posthac
2158 5212 2384 5274 propter
2412 5195 2800 5269 negligentiam
2845 5192 3093 5248 custodia
3128 5190 3303 5246 sancti
3338 5188 3468 5259 Spi-

229 5316 607 5391 γυμνωμένοις
643 5314 743 5383 τῆς
786 5312 1028 5382 φρουρᾶς
1079 5309 1173 5363 τοῦ
1234 5308 1389 5378 άγίου
1445 5308 1796 5378 Πνεύματος,

231 5408 613 5472 ἀναϐαίνοντος
660 5405 751 5459 τοῦ
781 5402 1250 5471 Ναϐουχοδονόσορ
1283 5402 1371 5453 ἐπ’
1396 5400 1591 5463 αὐτοὺς
1614 5400 1671 5452 ἐν
1700 5417 1799 5453 πο-

230 5502 403 5573 λέμῳ,
429 5501 524 5555 καὶ
571 5499 671 5568 τὴν
703 5496 799 5568 μὲν
834 5493 987 5547 πόλιν
1020 5492 1314 5562 ῥηγνύντος
1342 5490 1428 5544 διά
1473 5488 1801 5561 μηχανημά-

229 5613 341 5649 των
376 5590 698 5653 σατανικῶν,
721 5589 811 5643 τὸν
838 5588 895 5641 δὲ
938 5585 1181 5658 βασιλέα,
1214 5584 1305 5637 τὸν
1350 5581 1681 5653 νοῦν.φημι,
1719 5584 1784 5637 ὲκ

303 5734 350 5767 ’⁸
381 5730 525 5786 Psal.
559 5726 742 5792 ωιτη,
785 5727 869 5781 ll.
944 5725 990 5756 "‘
1014 5722 1155 5778 Psal.
1188 5738 1297 5786 ιιι,
1356 5736 1541 5786 vani,
1575 5735 1759 5773 ωιτη.

1843 5717 1887 5748 ’τ
1927 5712 2116 5768 Matth.
2151 5724 2259 5771 ut,
2296 5709 2347 5760 '7.

1903 5279 2045 5357 ritus
2072 5293 2382 5355 denudatis,
2416 5289 2743 5345 ascendente
2773 5286 2838 5340 ad
2875 5279 3471 5355 ipsosNabuchodono—

1907 5407 2054 5454 sore,
2097 5398 2150 5443 et
2187 5385 2390 5440 bellum
2435 5380 2725 5444 inferente,
2769 5384 2822 5432 et
2869 5378 3056 5431 urbem
3090 5372 3307 5444 quidem
3355 5383 3472 5422 nia-

1906 5482 2085 5540 chinis
2109 5478 2366 5534 satauicis
2397 5474 2725 5544 disjieiente,
2752 5486 2932 5540 regem
2962 5476 3165 5530 autem,
3208 5471 3470 5522 mentem,

1910 5577 2149 5646 inquam,
2185 5565 2643 5641 quemadmodum
2674 5561 3018 5625 Sedechiam,
3048 5561 3381 5619 excaecante,
3411 5557 3468 5607 et

2426 5705 2471 5738 ’⁸
2501 5703 2676 5759 Galat.
2708 5718 2769 5764 ιι,
2794 5702 2881 5756 ‘20.
2958 5701 3002 5732 θ’
3030 5695 3260 5767 Philipp.
3293 5709 3333 5761 I,
3361 5690 3453 5746 ‘25.
