3888 6040
397 346 506 411 239

1875 341 1937 401 S.
1975 338 2142 400 NILI

3538 331 3656 396 240

392 466 537 516 tilios
569 458 935 531 compedibus
972 457 1257 529 alligante,
1302 466 1356 513 et
1396 456 1453 513 in
1488 455 1819 528 Babylonem
1856 453 1961 508 suh

2085 448 2393 519 τυφλοῦντος
2412 449 2602 521 ὥσπερ
2620 447 2713 502 τὸν
2736 446 3016 512 Σεδεκίαν,
3044 445 3139 501 καὶ
3166 443 3363 509 παῖδας
3382 443 3655 516 δεσμῶν·-

390 552 646 624 allegoria
689 565 1000 620 expressam
1036 547 1196 622 159
1227 546 1563 604 abducente:
1597 554 1790 601 sancta
1833 558 1961 598 vero

392 640 585 707 David,
631 648 686 696 et
723 636 1061 702 Salomonis.
1094 646 1150 692 et
1186 643 1533 708 posterorum
1578 648 1768 705 regum
1826 631 1963 685 diri-

391 735 591 799 pienle,
629 746 750 802 qua:
786 732 838 784 in
869 728 1143 785 thesauris
1176 727 1391 792 cordis,
1432 735 1484 780 et
1525 724 1733 796 reliqua
1772 723 1963 778 multis

389 822 749 893 temporibus,
783 821 1143 892 impensoque
1182 819 1369 874 labore
1390 825 1445 873 et
1473 816 1657 873 studio
1683 828 1963 886 compara-

389 927 465 977 ta.
498 927 552 970 et
575 914 873 979 conducta,
903 921 957 967 et
994 912 1351 978 concinnata;
1386 910 1649 980 templum
1682 906 1774 963 Dei
1806 907 1975 987 inva-_

388 1009 552 1063 dente
568 1007 964 1076 eﬂicienteque,
995 1012 1055 1060 ut
1081 1021 1111 1059 a
1142 1005 1391 1076 profanis
1418 1004 1648 1076 pedibus
1671 1000 1964 1056 conculce-

392 1098 897 1170 tttr'-'.Audivique
932 1096 1283 1152 Psalmodutn
1316 1104 1606 1168 propterea
1636 1096 1963 1149 clamantem

394 1194 448 1245 in
495 1190 718 1247 ﬂetibus
748 1190 769 1222 ⁸
808 1209 822 1245 :
867 1189 1127 1244 Miserere
1184 1188 1325 1251 mei,
1377 1187 1522 1259 quod
1583 1184 1738 1240 multi
1786 1198 1963 1255 oppu-

390 1290 558 1352 gnant
580 1295 666 1335 me
697 1278 767 1347 ab
790 1280 1009 1335 excelso
1036 1279 1336 1344 daemones,
1370 1287 1426 1332 et
1448 1276 1841 1331 conculcantes
1875 1287 1962 1328 me

394 1390 488 1442 per
510 1381 681 1427 totam
715 1373 881 1426 diem.
918 1369 1190 1438 Quoniam
1221 1369 1521 1425 ascendere
1557 1366 1737 1422 fecisti
1772 1365 1961 1421 inimi-

392 1481 488 1519 cos
521 1477 673 1519 meos
706 1478 872 1533 super
908 1470 1078 1533 caput
1120 1476 1322 1516 meum.
1359 1459 1423 1513 Et
1450 1460 1742 1516 Jeremiam
1772 1459 1965 1529 lugen-

394 1568 500 1611 tem
529 1576 542 1611 :
572 1555 871 1610 Dominans
900 1562 1062 1608 antea
1093 1567 1190 1622 per
1227 1551 1365 1605 bene
1393 1558 1545 1621 gesta
1580 1551 1783 1611 anima,
1814 1563 1962 1603 nunc

389 1647 512 1717 jure
555 1646 682 1701 belli
732 1654 893 1717 capta
940 1644 1083 1699 facta
1124 1651 1209 1697 est
1260 1641 1362 1697 sub
1417 1640 1689 1705 tributo‘,
1743 1640 1963 1694 diabolo

396 1740 639 1793 serviens
672 1738 725 1791 in
757 1736 1020 1807 peccatis.
1052 1732 1427 1788 Nihilominus
1452 1734 1544 1804 qui
1584 1734 1638 1787 in
1673 1734 1788 1787 haec
1821 1733 1961 1786 mala

2068 559 2181 607 τος,
2221 543 2315 596 καὶ
2345 543 2424 605 είς
2454 542 2748 596 Βαϐυλῶνα
2774 541 2873 613 τὴν
2903 538 3379 615 άλληγορουμένην
3404 537 3650 607 ἀπάγονο

2068 652 2180 701 τος,
2205 635 2273 688 τὰ
2302 634 2360 689 δὲ
2393 633 2524 703 ἅγια
2552 632 2735 697 Δαυῒδ,
2755 632 2850 687 καὶ
2878 629 3239 703 Σολομῶντος,
3260 629 3356 683 καὶ
3384 629 3495 683 τῶν
3522 630 3656 701 ἑξῆς

2071 724 2334 798 βασιλέων
2359 766 2377 794 ,
2400 724 2769 797 λαμϐάνοντος
2793 763 2809 789 ,
2840 724 2907 778 τὰ
2960 720 3018 799 ἐν
3051 724 3163 787 τοῖς
3211 721 3506 796 θησαυροῖς
3550 722 3657 793 τῆς

2070 814 2317 887 καρδίας,
2352 815 2449 869 καὶ
2488 814 2558 867 τὰ
2590 815 2718 885 ἑξῆς
2737 855 2753 881 ,
2779 814 2848 868 τὰ
2878 813 3093 878 πολλοῖς
3136 813 3348 885 χρόνοις
3377 814 3518 885 μετά
3545 831 3657 869 κα-

2073 908 2263 979 μάτου,
2290 907 2386 961 καὶ
2417 907 2654 977 σπουδῆς
2685 906 3033 979 πορισθέντα,
3054 908 3159 961 καὶ
3188 906 3657 978 συγκομισθέντα,

2069 999 2165 1053 καὶ
2206 999 2752 1064 κατασκευασθέντα,
2800 999 3194 1071 ἐμπυρίςοντος
3245 999 3337 1051 τὸν
3369 998 3496 1053 ναὸν
3553 996 3659 1052 τοῦ

2069 1092 2303 1166 Κυρίου,
2324 1093 2418 1146 καὶ
2434 1090 2943 1165 παρασκευάζοντος
2961 1091 3068 1145 ὑπὸ
3091 1090 3333 1163 βεὸήλων
3360 1090 3660 1145 πατεῖσθαι

2070 1184 2393 1239 ποδῶν.Καὶ
2417 1184 2626 1256 ἤκουσα
2645 1184 2744 1238 τοῦ
2769 1183 3078 1257 Ψαλμῳδοῦ
3109 1184 3200 1236 διὰ
3225 1183 3384 1239 τοῦτο
3416 1182 3657 1250 βοῶντος

2069 1275 2128 1329 ἐν
2173 1272 2456 1345 ὀδυρμοῖς·
2487 1292 2506 1326 ι
2564 1273 2816 1346 Ἐλέησόν
2852 1290 2953 1345 με,
2991 1294 3010 1327 ι
3049 1274 3131 1327 ὅτι
3171 1274 3356 1327 πολλοὶ
3393 1274 3444 1327 oi
3489 1274 3657 1328 πολε-

2074 1365 2299 1438 μοῦντές
2333 1383 2400 1437 με
2445 1366 2555 1419 ἀπὸ
2583 1366 2750 1441 ὕψους
2773 1366 3048 1438 δαίμονες,
3084 1369 3178 1421 καὶ
3210 1366 3660 1430 καταπατοῦντες

2070 1476 2141 1531 με
2178 1458 2305 1529 ὅλην
2333 1460 2432 1529 τὴν
2459 1458 2695 1531 ἡμέραν,
2724 1458 2857 1513 διότι
2890 1459 3226 1524 ὲπεδίὸασας
3266 1460 3393 1523 τοὺς
3420 1458 3659 1532 ἐχθρούς

2072 1564 2175 1618 μου
2200 1548 2292 1601 ἐπὶ
2344 1547 2445 1619 τὴν
2486 1548 2728 1620 κεφαλήν
2763 1567 2866 1623 μου
2890 1565 2904 1579 ·
2939 1551 3033 1603 καὶ
3072 1549 3167 1604 τοῦ
3220 1551 3484 1622 Ἱερεμίου
3521 1551 3659 1621 θρησ-

2067 1639 2303 1705 νοῦντος,
2320 1641 2403 1695 ὃτι
2422 1642 2699 1711 Ἀρχουσα
2722 1641 2911 1714 πρώην
2927 1641 3014 1697 διά
3027 1642 3467 1715 κατορθωμάτων
3482 1643 3660 1714 ψυχὴ,

2070 1726 2166 1781 νῦν
2190 1728 2341 1798 νόμῳ
2379 1728 2621 1800 πολέμου
2652 1728 2937 1800 ληφθείσα,
2972 1729 3201 1801 ἐγενήθη
3235 1731 3316 1793 εἰς
3361 1731 3545 1803 φόρον,
3575 1730 3661 1800 τῷ

395 1831 607 1893 incidit,
631 1830 676 1885 si
705 1830 774 1883 ob
798 1828 1052 1899 pusillum
1079 1827 1322 1880 animum
1353 1826 1420 1880 ad
1454 1825 1614 1880 linem
1639 1841 1812 1895 usque
1846 1839 1971 1880 sese

2085 1818 2312 1890 διαϐόλῳ
2357 1819 2746 1892 λειτουργοῦσα
2796 1823 2857 1874 ὲν
2901 1823 3014 1884 τοῖς
3066 1821 3452 1893 ἁμαρτήμασι.
3506 1821 3658 1894 Πλὴν

395 1946 503 1983 non
530 1926 856 1990 deseruerit,
881 1922 972 1978 sed
999 1922 1322 1994 pmnitentia
1356 1920 1560 1977 ductus
1590 1922 1655 1976 ad
1677 1921 1970 1975 Dominum

395 2020 560 2075 fuerit
587 2033 906 2080 conversus,
932 2026 985 2071 et
1009 2030 1228 2070 rursum
1248 2020 1458 2068 veteres
1490 2028 1553 2067 ac
1575 2028 1702 2067 vere
1731 2012 1976 2083 philoso-

397 2114 583 2182 phicas
610 2111 854 2166 actiones
877 2110 943 2163 de
970 2121 1110 2162 novo
1141 2105 1428 2178 perfecerit
1462 2123 1476 2159 :
1500 2104 1679 2160 denuo
1702 2105 1769 2159 ad
1795 2105 1973 2171 ipsum

398 2202 613 2257 Domini
639 2201 812 2271 gratia
862 2196 1188 2269 regreditur,
1229 2194 1483 2264 dicetque
1521 2193 1585 2248 de
1618 2194 1719 2248 hoc
1757 2207 1974 2265 quoque

400 2293 776 2364 propheticum
826 2288 1102 2358 eloquium
1150 2304 1165 2341 :
1205 2284 1488 2350 Revertar,
1536 2292 1591 2339 et
1634 2284 1974 2341 rewdiﬁcabo

400 2383 813 2441 tabernaculum
848 2379 1036 2441 David,
1061 2377 1202 2448 quod
1225 2377 1498 2432 ceciderat
1531 2377 1572 2443 ',
1607 2384 1660 2430 et
1692 2376 1975 2433 confossas

400 2479 575 2549 ipsius
612 2490 701 2537 res
736 2473 994 2546 prteclare
1039 2481 1255 2543 gestas,
1294 2481 1345 2525 et
1376 2471 1589 2526 divinas
1635 2472 1977 2541 largitiones,

399 2567 782 2623 etinteriorem
811 2562 1199 2635 cognitionem,
1233 2570 1286 2617 et
1306 2560 1560 2635 dirigam,
1583 2570 1636 2616 et
1659 2569 1973 2617 exstruam:

406 2681 425 2711 ι
467 2660 531 2714 Ει
578 2658 684 2716 erit
714 2656 1015 2713 novissima
1060 2654 1232 2726 gloria
1274 2655 1562 2725 plusquam
1607 2654 1805 2726 prima,
1845 2654 1979 2710 dicit

402 2753 664 2809 Dominus
702 2751 1051 2820 omnipotens
1082 2749 1124 2802 ⁸.
1164 2766 1183 2800 ι
1217 2745 1344 2801 Hzec
1382 2761 1514 2811 vero
1555 2746 1750 2816 scripsi
1798 2745 1865 2799 ad
1911 2760 1976 2805 ea

401 2862 522 2919 quae
554 2847 607 2901 in
642 2842 872 2915 epistola
896 2851 987 2896 tua
1009 2839 1457 2903 continebantur.
1492 2838 1903 2910 respondentia.

2081 1911 2161 1964 ὅτι
2187 1913 2215 1964 ό
2241 1915 2353 1975 τοῖς
2392 1911 2654 1976 τοιούτοις
2708 1914 2897 1977 κακοῖς
2926 1913 3365 1987 περιπεπτωκὼς
3389 1954 3402 1976 ,
3449 1913 3544 1967 ὲάν
3578 1913 3665 1986 μὴ

2084 2001 2194 2056 ἀπὸ
2226 2003 2594 2075 μικροψυχίας
2621 2004 2971 2076 ἀπευδοκήσῃ
3022 2008 3103 2070 είς
3135 2006 3288 2069 τέλος
3309 2046 3325 2069 ,
3374 2006 3513 2060 ἀλλὰ
3559 2024 3661 2077 με-

2078 2093 2408 2165 ταμεληθεὶς
2430 2094 2733 2167 ἐπιστρέψῃ
2758 2094 2893 2166 πρὸς
2910 2094 3134 2166 Κύριον,
3169 2097 3263 2149 καὶ
3289 2100 3667 2168 νεαροποιήσῃ

2076 2186 2176 2249 τάς
2238 2186 2473 2256 ἀρχαίας
2520 2187 2927 2257 ὲμφιλοσόφους
2980 2187 3207 2258 πράξεις
3234 2229 3248 2253 ,
3288 2188 3662 2259 ἐπανέρχεται

2077 2279 2241 2334 πάλιν
2266 2280 2405 2350 πρὸς
2428 2280 2591 2334 αὐτὸν
2615 2282 2648 2352 ἡ
2676 2280 2983 2351 Δεσποτικὴ
3008 2282 3189 2354 χάρις,
3209 2282 3304 2334 καὶ
3337 2283 3536 2352 φράσει
3563 2283 3664 2336 καὶ

2078 2371 2213 2441 περὶ
2236 2370 2428 2424 τούτου
2458 2370 2520 2424 τὸ
2546 2370 2885 2443 προφητικὸν
2910 2371 3113 2442 λόγιον,
3158 2374 3239 2427 ὅτι
3283 2374 3659 2445 ’Λναστρέψω,

2080 2466 2177 2519 καὶ
2213 2466 2621 2537 ἀνοικοδομήσω
2680 2467 2780 2539 τὴν
2828 2467 3033 2539 σκηνὴν
3082 2466 3245 2521 Δαυῖδ
3286 2468 3388 2538 τὴν
3440 2483 3667 2521 πεπτω-

2080 2560 2241 2619 κυῖαν
2266 2600 2284 2627 ,
2311 2559 2405 2613 καί⁸
2437 2560 2507 2613 τά
2544 2560 2979 2633 κατεσκαμμένα
3016 2561 3188 2630 αὐτῆς
3230 2559 3664 2633 κατορθώματα,

2080 2651 2177 2704 καὶ
2211 2650 2331 2705 θεῖα
2359 2652 2686 2723 δωρήματα,
2723 2652 2819 2706 καὶ
2848 2652 3051 2723 γνῶσιν
3099 2653 3202 2725 τὴν
3234 2653 3532 2723 ἐσωτέραν,
3561 2651 3666 2705 καὶ

2082 2743 2398 2815 ἀνορθώσω,
2444 2746 2538 2798 καὶ
2572 2744 3014 2816 ἀνοικοδομήσωο
3066 2764 3085 2798 r
3126 2745 3238 2800 Kal.
3283 2744 3435 2798 ἔσται
3463 2745 3497 2814 ὴ
3531 2741 3667 2806 δόξα

2078 2838 2113 2908 ὴ
2145 2836 2351 2907 ἐσχάτη
2386 2837 2527 2908 ὑπὲρ
2569 2836 2668 2908 τὴν
2709 2838 2967 2910 πρώτην,
3007 2838 3155 2907 λέγει
3201 2837 3407 2908 Κύριος
3456 2852 3665 2890 παντο-

402 2938 645 3011 κράτωρ.
681 2955 701 2989 ι
744 2932 1078 3005 Γεγράφηκα
1109 2932 1166 2985 δὲ
1198 2930 1393 2996 ταῦτα,
1423 2929 1499 2993 ὼς
1527 2930 1663 3000 πρὸς
1721 2928 1791 2983 τά
1860 2927 2206 3001 ὲμφερόμενα
2253 2930 2322 3000 τῇ
2358 2927 2614 3000 ἐπιστολῇ
2645 2944 2741 2982 σου
2775 2928 3058 3002 ὑπερέχων
3095 2928 3408 2999 ἀπόκρισιν.

648 3027 935 3086 LXXXIV.
956 3056 1026 3079 -ν-
1046 3025 1350 3083 ONESIMO
1370 3024 1723 3085 MONACHO.

473 3123 532 3180 Si
566 3139 793 3196 prorsus
817 3122 927 3177 Deo
954 3120 1254 3186 existimet,
1290 3119 1385 3189 qui
1425 3120 1478 3173 in
1503 3120 1791 3191 praesentia
1820 3117 1974 3175 dives

403 3225 511 3281 est,
566 3231 694 3287 erga
744 3223 799 3270 te
843 3212 1190 3269 liberalitatis
1235 3210 1465 3281 gratiam
1525 3210 1742 3274 offerre,
1800 3212 1975 3265 multo

404 3306 581 3377 magis
604 3306 695 3360 hic
712 3302 990 3359 exhortari
1014 3309 1067 3355 te
1087 3300 1268 3362 debet,
1295 3307 1459 3372 atque
1483 3300 1643 3371 160
1668 3299 1974 3369 deprecari,

404 3409 467 3456 ut
504 3399 745 3471 digneris
771 3396 1052 3466 accipere:
1096 3409 1273 3465 neque
1300 3394 1443 3450 enim
1487 3410 1517 3447 a
1562 3404 1615 3448 te
1652 3405 1977 3465 exspectan-

406 3492 534 3547 dum
558 3500 663 3557 est,
686 3499 745 3545 ut
762 3504 940 3559 roges.
964 3486 1166 3542 Verum
1192 3487 1427 3541 hominis
1447 3486 1710 3555 jactantia
1737 3487 1976 3553 cognita,

407 3600 475 3639 ne
515 3584 689 3647 illum,
736 3580 1108 3652 Corybantum
1152 3592 1304 3633 more
1351 3577 1697 3641 dolirantem,
1727 3591 1979 3659 sermone

407 3675 671 3747 digneris.

664 3762 926 3819 LXXXV.
955 3793 1026 3804 -—
1054 3760 1333 3817 FAUS'I‘O
1381 3758 1735 3816 MONACIIO.

479 3856 663 3913 Vestis
700 3873 766 3911 ex
797 3856 923 3926 pilis
952 3863 1007 3909 et
1040 3856 1239 3919 lacera,
1284 3853 1508 3908 omnino
1535 3852 1746 3923 pusillae
1773 3866 1838 3906 ac
1873 3852 1980 3907 hu-

410 3950 559 4003 milis
592 3948 797 4014 indiget
823 3945 1211 4015 cogitationis:
1244 3944 1380 4013 justi
1412 3942 1554 3998 enim
1582 3942 1789 4013 proprii
1814 3958 1982 3997 aemu-

413 4041 611 4094 latione
638 4038 847 4093 Domini
869 4040 1035 4107 magis
1052 4044 1310 4106 exoptant
1335 4035 1717 4089 humilitatem.
1746 4034 1981 4090 Verum-

411 4142 593 4185 tamen
644 4131 688 4183 si
743 4139 799 4184 tu
851 4130 1160 4198 insolescis,
1201 4137 1255 4181 et
1286 4127 1570 4181 altercaris
1608 4127 1874 4198 quotidie.
1929 4134 1982 4182 et

412 4224 549 4278 alios
577 4222 741 4276 caedis
778 4218 1117 4286 verberibus,
1153 4227 1206 4274 et
1236 4231 1414 4275 mente
1438 4227 1626 4288 captos
1649 4234 1712 4273 ac
1740 4218 1982 4275 furentes

412 4314 685 4369 imitaris:
718 4327 881 4382 quam
927 4311 999 4366 ob
1038 4327 1259 4367 causam
1318 4328 1385 4367 ex
1430 4312 1555 4384 pilis
1607 4312 1980 4367 indumentum

411 4414 730 4459 LOIIIHXIUIII
772 4414 980 4475 gestas,
1012 4404 1255 4473 opinioni
1289 4419 1353 4459 ac
1391 4405 1484 4458 lini
1526 4411 1621 4457 tuo
1653 4402 1987 4459 adversatus?

412 4497 619 4551 Verum
638 4495 889 4549 solitaria
918 4496 1027 4549 vita
1058 4494 1338 4550 veritatem
1359 4503 1411 4550 et
1435 4494 1706 4563 justitiam
1731 4492 1983 4560 amplecti

2404 3025 2529 3080 ω’.
2559 3054 2629 3067 -
2659 3014 2971 3095 ΟΝΗΣῙΜῼ
3016 3024 3331 3095 ΜΟΝΔΧῼ.

2149 3118 2213 3172 El
2246 3117 2383 3181 ὅλως
2420 3117 2498 3188 τῷ
2529 3116 2648 3188 Θεῷ
2690 3116 2903 3188 νομίζει
2950 3118 2979 3172 ὀ
3010 3118 3152 3173 κατὰ
3186 3116 3249 3170 τὸ
3280 3116 3455 3188 παρὸν
3490 3114 3665 3169 πλούο

2002 3239 2046 3298 c
2080 3228 2215 3298 σιος,
2245 3208 2604 3281 προκομίζειν
2631 3209 2731 3282 τὴν
2764 3210 2927 3281 χάριν
2972 3211 3074 3281 τῆς
3109 3210 3192 3275 είς
3226 3210 3287 3263 σὲ
3318 3209 3662 3279 φιλοτιμίας,

2079 3297 2235 3367 οὗτος
2284 3304 2481 3375 μᾶλλον
2534 3306 2801 3375 χρεωστεῖ
2845 3303 3203 3373 παρακαλεῖν-
3243 3320 3343 3367 σε,
3396 3303 3492 3355 καὶ
3545 3303 3662 3355 ἱκε-

2076 3397 2252 3449 τεύειν
2304 3396 2438 3464 πρὸς
2479 3396 2540 3448 τὸ
2600 3394 2783 3449 λαϐεῖν
2824 3395 3087 3465 θελῆσαι,
3144 3396 3204 3449 ού
3237 3394 3346 3467 γὰρ
3388 3394 3452 3466 δὴ
3505 3394 3662 3466 παρὰ

2082 3487 2176 3540 σοῦ
2226 3487 2517 3558 ἀναμένειν
2568 3486 2771 3559 δέησιν.
2823 3487 2985 3540 Ὅθεν
3039 3486 3202 3556 γνοὺς
3251 3486 3350 3558 τὴν
3406 3486 3501 3539 τοῦ
3562 3487 3662 3540 ἀνι

2078 3579 2203 3651 δρὸς
2256 3580 2535 3651 βλακείαν,
2583 3580 2719 3652 μηδὲ
2759 3580 2920 3649 λόγου
2962 3578 3217 3647 ἀξιώσεις
3249 3579 3342 3633 τὸν
3380 3580 3659 3652 κορυϐανο

2080 3670 2304 3726 τιῶντα.
3018 3732 3019 3735 η

2430 3764 2555 3817 ΠΕ’.
2586 3792 2655 3803 ——
2680 3763 2953 3834 ΦΑΥΣΤῼ
2990 3764 3303 3837 ΜΟΝΑΧῼ.

2149 3856 2223 3910 Τὸ
2263 3856 2505 3929 τρίχινον
2554 3856 2770 3927 φόρεμα
2815 3857 2987 3910 δεῖται
3036 3856 3255 3920 πάντως
3310 3858 3663 3930 φρονήματος

2079 3947 2338 4002 ταπεινοῦ
2365 3965 2378 3977 ’
2424 3949 2537 4012 τοῖς
2589 3948 2700 4021 γὰρ
2744 3948 2974 4012 δικαίοις
3017 3948 3217 4019 μᾶλλον
3251 3948 3565 4020 πεπόθηται
3618 3950 3656 4018 ἡ

2081 4039 2571 4113 ταπεινοφροσύνη,
2604 4040 2962 4111 μιμουμένοις
2988 4039 3079 4092 τὸν
3116 4039 3327 4094 ἑαυτῶν
3356 4040 3661 4109 Δεσπότην.

2083 4134 2146 4186 EI
2179 4133 2234 4186 δὲ
2280 4132 2612 4203 ἀλαζονεύῃ.
2645 4132 2739 4184 καὶ
2787 4132 2941 4202 μάχῃ
2970 4131 3092 4185 καθ’
3126 4131 3383 4204 ἑκάστην,
3435 4130 3533 4184 καὶ
3566 4129 3663 4184 τύ·-

2082 4243 2238 4289 πτεις
2275 4225 2450 4290 τινὰς,
2479 4225 2726 4288 καὶτοὺς
2759 4224 3171 4296 φρενητιῶντας
3196 4226 3476 4296 ἀπομιμῇ,
3510 4223 3665 4287 τινος

2081 4318 2244 4388 χάριν
2293 4318 2387 4371 καὶ
2457 4317 2519 4369 τὸ
2564 4316 2804 4387 τρίχινον
2859 4319 3085 4386 φορεῖς;
3159 4316 3501 4387 Ἀσύμδατον
3549 4315 3669 4387 γὰρ

2084 4409 2290 4479 ἔνδυμα
2326 4411 2392 4479 τῇ
2423 4406 2616 4479 γνώμῃ
2644 4424 2658 4438 ’
2688 4409 2717 4461 ὁ
2740 4407 2797 4461 δὲ
2828 4409 3072 4479 μονήρης
3118 4408 3233 4479 βίος
3268 4409 3369 4477 τὴν
3394 4407 3669 4479 ἀλήθειαν

2085 4502 2180 4555 καὶ
2210 4500 2308 4570 τὴν
2340 4500 2685 4572 δικαιοσύνην
2719 4500 3032 4570 φιλοκαλεῖν
3080 4501 3285 4570 ὀφείλει
3306 4539 3320 4565 ,
3376 4500 3476 4570 ούχ
3522 4499 3669 4553 ὐπύον

412 4588 591 4650 debet,
630 4602 738 4641 non
768 4586 1137 4652 histrioniam,
1164 4597 1218 4642 et
1252 4602 1495 4654 scenam,
1520 4595 1572 4641 et
1603 4587 1807 4641 larvam
1837 4586 1971 4641 veri-

2088 4607 2272 4661 κρισιν
2293 4631 2306 4654 ,
2356 4591 2451 4644 καὶ
2493 4591 2719 4661 σκηνὴν,
2759 4591 2855 4646 καὶ
2880 4595 3226 4665 προσωπεῖον
3244 4594 3349 4664 τῆς
3374 4591 3666 4663 ἀληθείας,

414 4675 541 4731 latis
571 4681 626 4729 et
652 4674 898 4730 Iustitia.

892 4763 1176 4820 LXXXVI.
1207 4796 1278 4808 —
1301 4763 1504 4819 Eidem.

490 4877 508 4909 r
541 4857 807 4921 Ostende,
828 4858 926 4924 ait,
953 4858 1385 4913 misericordiam
1420 4867 1565 4911 tuam
1599 4857 1985 4928 cognoscenti-

414 4950 514 5003 lms
549 4957 603 5003 te
630 4949 675 5001 ".
706 4966 725 5000 ι
749 4947 854 5014 Qui
883 4947 1052 5012 enim,
1073 4956 1146 5027 ,ιιι
1176 4955 1257 5014 ιιι,
1285 4945 1597 5017 cognitione
1636 4946 1983 5017 delinquunt,

414 5039 760 5111 gravioribus
796 5037 977 5109 pmnis
1009 5038 1411 5095 multabuntur.
1440 5039 1750 5108 Augescet'e
1776 5040 1982 5112 itaque,

414 5131 745 5202 extendique
765 5130 939 5203 magis
971 5146 1035 5187 ac
1063 5132 1234 5201 magis
1260 5130 1698 5188 misericordiam
1723 5149 1911 5189 exora.

410 5238 727 5321 LXXXVII.
768 5270 837 5282 -
878 5238 1299 5296 ALEXANDRO
1357 5241 1977 5302 ARCHIMANDRITIE.

488 5350 709 5409 Noctem
752 5355 1006 5416 jllunem
1069 5356 1320 5408 humana:
1387 5355 1515 5410 vitae
1575 5356 1983 5415 innumerormn

414 5447 678 5519 praeclare
720 5456 1001 5529 gestorum
1044 5438 1351 5503 facinorum
1401 5448 1574 5505 radiis
1619 5451 1983 5517 collustrans,

418 5539 695 5607 quomodo
721 5539 776 5593 in
806 5539 1112 5595 caelestium
1148 5540 1464 5613 angelorum
1494 5543 1619 5597 albo
1642 5560 1751 5600 non
1777 5547 1988 5603 enitue-

420 5626 523 5687 ris.
568 5643 694 5681 eum
751 5628 1255 5700 incorruptibilibus
1306 5632 1417 5687 illis
1481 5634 1633 5705 161
1690 5636 1986 5695 virtutibus

2090 4683 2186 4738 καὶ
2214 4684 2314 4753 τῆς
2338 4683 2704 4753 δικαιοσύνης.

2581 4776 2722 4842 Πςι.
2747 4804 2819 4816 -
2862 4773 2946 4840 τῷ
2984 4776 3165 4841 αὐτῷ.

2168 4885 2189 4917 r
2213 4864 2570 4937 Παράτεινον,
2604 4867 2793 4937 φησὶν,
2812 4867 2874 4921 τὸ
2898 4867 3047 4931 ἔλεός
3077 4885 3171 4921 σου
3195 4869 3308 4933 τοῖς
3328 4867 3662 4936 γινώσκουσί

2092 4974 2172 5012 σε.
2211 4976 2231 5011 ι
2260 4960 2323 5012 Ol
2349 4958 2457 5030 γὰρ
2507 4957 2707 5027 γνώσει
2746 4959 3149 5029 ἁμαρτάνοντες
3188 4959 3341 5014 κατά
3375 4977 3459 5025 σε,
3498 4959 3667 5030 χαλε-

2091 5048 2345 5119 πωτέρας
2382 5048 2658 5113 τεύξονται
2688 5048 2984 5114 κολάσεως.
3017 5050 3435 5123 Μεγαλυνθῆναι
3456 5050 3669 5116 τοίνυν,

2090 5141 2184 5196 καὶ
2209 5140 2507 5213 ἐκταθῆναι
2537 5143 2675 5211 ἀγαν
2708 5142 2798 5197 τὸν
2828 5143 2977 5198 ἔλεον
3015 5144 3341 5217 πρεσὸεύου.

2258 5256 2384 5309 IIZ'.
2412 5285 2482 5297 —
2509 5254 2914 5329 ΑΛΕΞΑΝΔΡῼ
2942 5258 3488 5334 ΔΡΧΙΜΔΝΔΡΙΤῌ.

2163 5367 2277 5435 Τὴν
2300 5367 2515 5439 ἀφεγγῆ
2542 5366 2715 5422 νύκτα
2740 5368 2834 5422 τοῦ
2866 5367 3215 5441 ἀνθρωπίνου
3244 5372 3383 5444 βίου,
3412 5376 3533 5438 ταῖς
3558 5374 3669 5429 τῶν

2096 5458 2309 5530 μυρίων
2353 5458 2860 5532 ἀνδραγαθημάτων
2908 5479 3000 5517 σου
3047 5464 3231 5519 ἀκτῖσι
3277 5465 3667 5535 καταυγάζων,

2092 5550 2210 5613 πῶς
2240 5550 2339 5621 τὴν
2379 5552 2489 5606 τῶν
2531 5553 2869 5623 ἐπουρανίων
2916 5556 3165 5626 ἀγγέλων
3212 5558 3542 5625 καταλόγοις
3588 5557 3671 5628 μὴ

2094 5642 2573 5715 συναριθμηθείης,
2610 5644 2969 5716 ἀμιλλόμενος
3000 5651 3122 5713 ταῖς
3169 5648 3470 5719 ἀφθάρτοις
3522 5647 3669 5700 ὲκεί-

496 5762 562 5793 ”
597 5761 660 5816 IV
687 5761 819 5834 Reg.
854 5780 978 5830 xxv,
1012 5768 1036 5822 I
1070 5752 1225 5840 seqq.
1302 5768 1485 5825 'Psal.
1510 5788 1594 5839 LV,
1631 5773 1679 5831 I.
1755 5775 1775 5807 ⁸
1805 5775 2010 5836 Thren.
2046 5796 2082 5845 ι,
2118 5782 2163 5836 l.
2238 5786 2257 5818 ⁵
2283 5784 2543 5850 Amostx,
2566 5785 2653 5840 ιι.
2733 5787 2910 5859 'Agg.
2946 5804 3006 5854 ιι,
3036 5788 3121 5844 IO.
3195 5788 3218 5821 τ
3242 5786 3669 5855 Psalauvdl.
