3888 6040
180 357 327 423 -241

1424 368 1953 430 EPISTOLARUM
1992 370 2136 431 LIB.
2154 370 2241 429 'II.

3338 364 3446 430 2η

191 492 321 538 ναις
345 472 651 546 δυνάμεσι,
683 477 746 529 τὸ
774 478 1015 549 φθαρτὸν
1046 478 1204 532 τοῦτο
1224 521 1239 546 ,
1275 479 1369 533 καὶ
1397 479 1642 544 εὐτελὲς,
1676 480 1773 534 καὶ

1890 480 2240 546 :ontendens,
2266 479 2394 535 licet
2419 479 2767 550 corruptibili
2800 479 2924 545 hoc,
2957 486 3012 534 et
3042 478 3162 543 vili,
3212 488 3266 534 et
3299 496 3447 534 mor-

189 565 393 641 ονητὸν
416 570 799 640 περικείμενος
828 572 1025 640 σκῆνος
1050 588 1065 636 ;

164 720 171 725 ,
388 658 523 715 IIH'.
554 688 626 702 --
661 663 1005 716 ΦΡΟΝΤΩΝΙ
1047 663 1590 737 ΑΡΧΙΜΛΝΔΡΙΤῌ.

168 814 169 817 η
278 749 519 805 Ἐπαινῶ
551 769 647 806 σου
688 753 755 807 τά
800 754 929 825 ῥόδα
969 755 1078 809 τῶν
1116 755 1378 826 θεοφίλων
1424 757 1634 825 λόγων,
1666 754 1769 811 κᾶν

164 840 296 921 ,τὰς
323 844 528 914 μικρὰς
546 843 787 908 ἀκάνθας
811 846 919 900 τῶν
949 848 1225 917 εὐκαίρων
1248 847 1487 918 ἐλέγχων
1516 848 1772 920 παρέπη-

188 928 317 996 εας.
346 933 686 1005 ὑπερεθίζων
721 937 901 1008 ἡμῶν,
935 938 1012 1003 ὡς
1042 938 1108 993 ἀν
1137 956 1222 1003 τις
1250 941 1416 1002 εἴποι,
1461 941 1556 993 καὶ
1589 957 1773 1012 παρα-

188 1022 414 1087 κνίζων,
437 1023 530 1078 τὸν
553 1025 691 1097 πρὸς
711 1026 810 1099 τὴν
835 1029 933 1099 σὴν
955 1030 1129 1093 ὁσίαν,
1157 1031 1250 1085 καὶ
1275 1031 1546 1102 ἀειφεγγῆ
1568 1029 1769 1104 ψυχὴν.

186 1113 481 1182 ἄσϐεστον,
508 1117 604 1170 καὶ
634 1117 946 1191 ἀμάραντον
971 1121 1167 1194 ἔρωτα.

548 1299 676 1356 ιιθι.
708 1326 776 1341 -ι-
801 1303 1053 1374 Apsmo
1103 1304 1417 1375 ΜΟΝΑΧῼ,

267 1391 443 1445 Ὀταν
472 1394 600 1447 ποτὲ
628 1394 864 1467 δυνηθῇς
889 1396 1188 1468 ἐκριζῶσαι
1217 1397 1395 1450 πάντα
1422 1395 1489 1450 τὰ
1528 1394 1770 1470 ὀλέθρια,

187 1482 288 1536 καὶ
342 1484 584 1559 μανιώδη
638 1488 817 1558 πάθη,
871 1488 1178 1559 τηνικαῦτα
1238 1489 1432 1544 σαυτὸν
1486 1490 1668 1556 ἐπίδος
1704 1492 1770 1562 τῇ

165 1574 406 1649 ,θεωρίᾳ
436 1578 545 1631 τῶν
575 1578 797 1651 ὑψηλῶν
826 1583 1139 1653 νοημάτων.
1179 1582 1243 1637 Ei
1274 1583 1331 1637 δὲ
1375 1583 1480 1655 πρὸ
1514 1583 1608 1636 τοῦ
1639 1601 1771 1636 κατι

184 1669 567 1736 ἀγωνίσασθαι
604 1673 731 1737 τοὺς
769 1673 1061 1745 πολεμίους
1104 1675 1361 1746 δαίμονας
1383 1717 1398 1741 ,
1447 1674 1774 1746 τολμήσειας

182 1761 616 1835 διαϐιασάμενος
640 1764 908 1837 ἀναϐῆναι
947 1768 1028 1833 είς
1069 1768 1129 1821 τὸ
1162 1767 1286 1840 ὅρος
1310 1772 1459 1838 παρά
1485 1766 1545 1820 τὸ
1581 1767 1773 1821 δοκοῦν

1867 574 1968 629 tali
1999 590 2231 645 corpore
2252 574 2759 629 circnmvestiaris?

1921 667 2248 725 LXXXVIII.
2282 699 2351 711 -
2386 666 2738 724 FRONTONI
2771 664 3392 721 ABCHIMANDRITE.

1944 760 2271 816 Sermonum
2308 772 2528 817 tuorum
2570 762 2681 817 Deo
2725 769 3009 832 gratorum
3060 774 3216 814 rosas
3261 758 3445 825 laudo,

1870 850 2009 908 licet
2036 862 2581 924 perapportunarum
2620 852 3077 924 redargutionum
3112 865 3311 921 parvas
3336 849 3447 919 spi-

1870 958 1972 999 nas
2028 943 2247 1015 inﬁgas,
2310 946 2675 1001 exstimulans
2736 953 3013 1008 nostrum,
3065 952 3125 997 ut
3176 924 3447 1012 quispiam

1869 1034 2098 1103 diceret,
2145 1045 2310 1109 atque
2368 1039 2660 1101 vellicans,
2721 1053 2849 1108 erga
2896 1042 3048 1090 tuam
3095 1043 3340 1090 sanctam
3394 1041 3449 1088 et

1870 1142 2150 1199 nunquam
2181 1130 2388 1186 lumine
2417 1144 2644 1184 vacuam
2677 1129 2939 1195 animam,
2968 1128 3363 1184 inexstinetutn
3392 1133 3447 1179 et

1871 1234 1981 1275 non
2012 1230 2442 1276 marcescentem
2469 1236 2736 1275 antorem.

2124 1310 2412 1367 LXXXIX.
2447 1341 2516 1353 --
2543 1310 2801 1366 AIiSINO
2844 1304 3199 1366 MONACIIO.

1939 1406 2081 1462 Cum
2131 1406 2398 1476 temporis
2429 1406 2675 1476 potueris
2712 1407 3001 1460 universas
3049 1404 3246 1458 noxias
3274 1406 3329 1456 et
3357 1398 3447 1453 Iu-

1876 1501 2050 1555 riosas
2079 1498 2519 1569 perturbationes
2555 1498 2881 1568 exstirpare,
2916 1506 3049 1551 tunc
3084 1495 3306 1551 demum
3357 1502 3442 1547 te-

1873 1591 2167 1663 metipsum
2191 1591 2514 1646 sublimium
2543 1588 3050 1645 co'nslderatlonum
3081 1584 3447 1657 speculatinni

1871 1689 2029 1744 dede.
2058 1672 2116 1742 Si
2150 1701 2281 1742 vero
2312 1694 2437 1741 ante
2468 1686 2811 1740 adversarios
2837 1683 3111 1737 daemones
3146 1678 3448 1735 debellatos

1874 1796 2041 1836 ausus
2074 1780 2244 1836 fueris
2275 1794 2369 1850 per
2397 1779 2505 1833 vim
2538 1779 2592 1832 in
2623 1787 2862 1832 montem
2898 1774 3216 1837 ascendere,
3254 1777 3447 1841 prmter

185 1853 268 1925 τῷ
312 1855 442 1923 θείῳ
485 1856 785 1930 βουλήματι
809 1898 827 1921 ,
860 1859 922 1912 οὐ
963 1860 1126 1932 τεύξῃ
1177 1860 1469 1931 βοηθείας,
1504 1861 1599 1915 καὶ
1629 1877 1770 1930 συμ-

1892 1875 1923 1928 d
1958 1872 2105 1943 quod
2138 1872 2339 1927 divinae
2372 1870 2642 1926 voluntati
2667 1868 2994 1923 collubitum
3037 1874 3153 1928 est,
3184 1862 3449 1917 auxilium

188 1946 405 2018 μαχίας
431 1948 593 2014 Θεοῦ,
633 1949 730 2004 καὶ
760 1950 1066 2023 τρώσουσίν
1098 1970 1159 2005 σε
1197 1954 1247 2007 οἱ
1285 1953 1472 2024 ἐχθροὶ
1518 1953 1772 2025 καθάπερ

186 2042 243 2093 aI
277 2041 555 2111 μέλισσαι.

280 2128 281 2131 “
726 2139 797 2207 ις.
824 2166 891 2180 —-—
922 2139 1006 2206 Τῷ
1052 2141 1234 2209 αὐτῷ.

262 2224 454 2280 Ἄλλοι
482 2229 826 2302 καθεκάστην
852 2234 964 2296 τοῖς
996 2233 1179 2298 πόνοις
1209 2236 1307 2306 τὴν
1337 2237 1567 2308 καρδίαν
1597 2239 1774 2311 δαμά-

184 2312 371 2379 Count,
408 2319 501 2371 καὶ
540 2320 798 2393 ἐκτήκειν
836 2324 903 2394 τῇ
936 2324 1231 2397 ἐγκρατείᾳ
1273 2329 1659 2394 σπουδάζουσι.
1699 2333 1772 2386 Σὺ

181 2403 243 2457 δέ
270 2408 342 2477 τῇ
386 2408 741 2483 πολυτροφίᾳ,
776 2413 870 2465 καὶ
903 2416 1022 2478 ταῖς
1063 2417 1434 2487 οἰνοφλυγίαις
1462 2420 1606 2476 κατὰ
1637 2439 1771 2493 σαρ-

185 2497 304 2551 κῶν
338 2500 553 2555 ἑαυτῶν
581 2504 819 2576 ῥαγῆναι
846 2506 1202 2572 κινδυνεύεις.

514 2612 634 2678 ιιΑι.
662 2642 730 2656 --
760 2614 1143 2688 ΑΜφιΑοχιᾳ
1168 2618 1478 2691 ΜΟΝΑΧῼ.

256 2722 331 2776 Τί
381 2727 556 2797 πτοῇ,
610 2726 719 2781 ὑπὸ
769 2726 866 2781 τοῦ
913 2729 1224 2800 πνεύματος
1263 2730 1367 2803 τῆς
1417 2733 1774 2805 βλασφημίας

186 2814 591 2885 κεντούμενος;
650 2817 937 2899 Μνήσθητι
986 2819 1068 2874 ὅτι
1121 2822 1364 2895 χρισθεὶς
1409 2824 1438 2878 ό
1504 2827 1775 2899 μακάριος

189 2902 363 2958 Δαυῖδ
393 2905 471 2976 τῷ
500 2907 750 2980 μυστικῷ
778 2898 967 2982 ὲὶῖαίῳ,
991 2908 1153 2978 εὐθὺς
1179 2912 1273 2968 τὸν
1304 2916 1499 2980 Σαοὺλ,
1530 2917 1625 2971 καὶ
1654 2919 1776 2972 ἐπί-

186 2994 390 3052 ϐουλον
417 2993 605 3072 ηὗρεν.

706 3092 822 3158 ιιιιυ.
857 3121 928 3133 -
961 3091 1047 3159 Τῷ
1079 3092 1240 3159 αὐτῷ

1872 1974 1927 2019 et
1960 1964 2275 2034 prmsidlum
2333 1961 2428 2017 Dei
2471 1975 2579 2015 non
2608 1960 2900 2015 invenies:
2933 1964 2989 2014 et
3035 1954 3360 2011 sauciabunt
3397 1958 3453 2006 te

1872 2057 2061 2112 hostes
2089 2052 2549 2127 quemadmodum
2584 2067 2736 2123 apes.

2451 2144 2561 2199 XC.
2591 2173 2664 2185 -—
2694 2142 2897 2195 Eidem.

1944 2235 2251 2291 Laboribus
2279 2233 2525 2306 quotidie
2556 2244 2654 2288 cor
2692 2232 2785 2284 alii
2813 2228 3157 2301 perdomant.
3186 2234 3239 2282 et
3270 2223 3451 2280 conti-

1875 2328 2076 2382 nentiz‘e
2104 2326 2287 2382 studio
2313 2341 2372 2380 se
2404 2330 2684 2379 macerant
2714 2341 2728 2376 :
2763 2330 2820 2375 tu
2856 2328 3036 2375 autem
3060 2317 3451 2374 abundantior;

1874 2418 2230 2486 en‘usiorique
2290 2418 2437 2472 victu
2486 2424 2542 2467 et
2580 2408 2943 2468 ebrietatibus
2989 2422 3193 2478 corpus
3247 2405 3445 2475 impin-

1873 2524 2070 2580 guans,
2101 2504 2369 2576 disrumpi
2403 2501 2754 2576 periclitaris.

2016 2614 2173 2694 162
2198 2620 2338 2676 XCI.
2367 2651 2436 2661 —
2464 2616 2933 2675 AMPHILOCHIO
2964 2610 3316 2671 MONACIIO.

1946 2733 2087 2799 Quid
2120 2731 2310 2786 tremis
2345 2730 2553 2793 animo,
2593 2729 2726 2784 dum
2768 2745 2799 2783 a
2843 2725 3202 2797 blasphemia:
3252 2719 3452 2789 spiritu

1878 2816 2178 2891 pungeris?
2217 2814 2526 2874 Recordare
2569 2816 2717 2887 quod
2772 2816 2967 2871 beatus
3004 2810 3177 2865 David
3218 2808 3454 2880 mystico

1877 2912 1999 2965 oleo
2028 2918 2331 2981 perunctus
2361 2905 2653 2963 confestim
2678 2905 2901 2962 Saulem
2929 2905 2973 2969 ⁸,
3000 2910 3055 2959 et
3076 2899 3453 2957 insidiatorem

1869 3002 2106 3059 invenit.

2429 3087 2591 3144 XCII.
2614 3121 2685 3131 —
2705 3084 2911 3144 Eidem.

271 3178 440 3234 Ἀλλὰ
466 3181 559 3235 καὶ
598 3182 664 3236 σὺ
709 3178 961 3249 ἀοράτως
1003 3184 1265 3257 ἐχρίσθης
1288 3225 1303 3249 ,
1352 3186 1666 3258 προσελθὼν
1696 3186 1773 3259 τῷ

1946 3181 2054 3238 Sed
2084 3190 2140 3237 et
2171 3190 2228 3235 tu
2261 3194 2481 3251 quoque
2504 3179 2851 3235 invisibiliter
2886 3184 3090 3231 unctus
3115 3189 3198 3239 es.
3229 3188 3353 3229 cum
3383 3172 3454 3227 ad

188 3273 443 3344 σχήματι
486 3276 563 3348 τῷ
610 3277 818 3349 σεμνῷ.
856 3276 1081 3351 Χρίσμα
1130 3281 1242 3349 ἐγὼ
1296 3282 1437 3336 θεῖον
1474 3283 1626 3336 καλῶ
1675 3282 1771 3356 τὴν

191 3367 538 3425 ἐπελθοῦσαν
570 3388 653 3426 σοι
687 3372 847 3445 χάριν
876 3372 972 3427 τοῦ
1001 3374 1157 3443 ἁγίου
1189 3375 1521 3446 Πνεῦματος.

514 3556 628 3623 era
660 3587 731 3599 -
765 3556 1089 3629 nomen)
1118 3560 1432 3631 MUNAxn.

277 3645 606 3715 Ἀναγκαῖον
640 3649 736 3704 καὶ
773 3651 920 3722 ἡμᾶς
972 3650 1339 3723 μιμουμένους
1366 3652 1456 3704 τὸν
1499 3652 1772 3724 Ἀϐραάμ,

187 3738 295 3812 τὴν
329 3740 437 3793 τῶν
462 3740 791 3812 ἀκροθινίων
819 3742 1054 3815 δεκάτην
1076 3742 1408 3815 προσφέρειν
1437 3742 1515 3815 τῷ
1544 3746 1734 3817 Κυρίῳ
1755 3764 1769 3778 ο

168 3824 342 3902 ἀὕτη
367 3832 413 3885 δ’
442 3831 509 3895 ἀν
540 3831 624 3903 εἴη
669 3831 781 3886 τῶν
812 3832 943 3887 δέκα
990 3832 1220 3887 ἐντολῶν
1263 3836 1296 3904 η
1341 3832 1771 3905 ὑπερανέχουσα,

172 3943 220 4001 ⁵ς
257 3923 356 3993 ἀφ’
384 3918 504 3994 ἦς.ό
537 3924 700 3995 νόμος
727 3925 1013 3998 κρέμεται,
1050 3927 1144 3980 καὶ
1189 3927 1237 3979 oi
1277 3927 1557 3997 προφῆται
1583 3945 1598 3958 ·
1621 3946 1775 3983 τουτ-

195 4015 322 4068 ἐστι
354 4014 415 4068 τὸ
444 4016 727 4086 ἀγαπῆσαι
770 4015 862 4068 τὸν
910 4016 1044 4070 Θεὸν
1079 4015 1140 4081 ἐξ
1178 4016 1307 4086 ὅλης
1347 4014 1547 4087 ψυχῆς,
1580 4019 1673 4071 καὶ
1716 4018 1776 4083 ἐξ

190 4106 327 4178 ὅλης
362 4107 667 4175 δυνάμεως.
703 4126 723 4160 ι
766 4107 1052 4180 Πλήρωμα
1085 4106 1196 4181 γὰρ
1218 4108 1384 4179 νόμου
1415 4109 1515 4179 τὴν
1546 4110 1770 4181 ἀγάπην

192 4196 438 4271 ὁρίζεται
477 4197 506 4251 ό
535 4199 678 4264 θεῖος
717 4199 1061 4263 Ἀπόστολος.

482 4291 595 4356 ιιΑο.
625 4315 696 4331 ρ-
722 4290 1118 4362 ΔΡΑΚΟΝΤΙῼ
1159 4290 1470 4362 ΜΟΝΑΧῼ.

267 4380 381 4451 Τὴν
415 4379 514 4450 μὲν
558 4380 669 4434 τῶν
703 4381 909 4451 νοητῶν
939 4382 1252 4452 Αἰγυπτίων
1291 4381 1517 4436 ὄπισθεν
1550 4383 1776 4438 διώκου-

194 4488 301 4525 σαν
350 4473 609 4543 στρατιάν
643 4474 1005 4539 κατοπτεύεις
1029 4516 1043 4541 ,
1095 4476 1190 4529 καὶ
1222 4476 1321 4547 τὴν
1363 4475 1642 4530 θάλασσαν
1673 4478 1772 4550 ἔμοι

1876 3273 2247 3328 venerandum
2280 3271 2527 3326 habitum
2556 3270 2864 3326 accessisti.
2895 3266 3009 3339 Ego
3039 3282 3212 3338 porro
3233 3263 3452 3320 unctiu-

1876 3383 1996 3421 nem
2028 3366 2268 3421 divinam
2295 3378 2452 3429 voco,
2481 3360 2859 3418 advenientem
2885 3361 2986 3416 tibi
3016 3360 3248 3433 gratiam
3282 3355 3456 3428 Spiri-

1874 3469 1963 3515 tus
1996 3459 2194 3514 sancti.

2156 3548 2345 3605 XCIII.
2372 3578 2442 3589 --
2471 3545 2792 3602 DIONYSIO
2814 3541 3168 3601 MONACHO.

1942 3643 2180 3699 Necesse
2227 3650 2312 3696 est
2350 3655 2454 3695 nos
2491 3640 2814 3693 acmulantes
2844 3637 3118 3691 Abraham
3151 3633 3455 3703 spoliorum

1874 3734 2147 3789 decimam
2189 3732 2422 3787 Domino
2454 3730 2655 3785 offerre
2678 3731 2723 3792 ’,
2756 3740 2877 3798 quae
2909 3727 3072 3781 fuerit
3104 3725 3344 3797 primum
3373 3725 3455 3778 iu-

1874 3833 1957 3879 ter
1999 3823 2187 3879 decem
2224 3831 2493 3893 praecepta
2534 3822 2711 3875 locum
2759 3834 3072 3885 occupans,
3117 3833 3182 3872 ex
3211 3832 3318 3887 qua
3368 3816 3456 3869 lex

1874 3916 2092 3986 pendet,
2121 3922 2176 3968 et
2212 3913 2487 3983 prbphetaa
2522 3929 2536 3964 :
2577 3910 2810 3979 Diligere
2838 3924 3034 3977 nempe
3054 3906 3218 3960 Deum
3248 3919 3314 3959 ex
3339 3911 3458 3955 toto

1873 4007 2061 4068 corde,
2093 4014 2148 4061 et
2172 4022 2236 4061 ex
2261 4006 2390 4060 totis
2418 4004 2633 4058 viribus
2664 4003 2729 4055 ιο.
2755 4020 2772 4053 ι
2795 4001 3265 4070 Complementum
3309 3996 3453 4049 enim

1876 4100 2011 4171 legis
2045 4098 2267 4152 divinus
2301 4097 2599 4168 Apostolus
2640 4093 2989 4148 dilectionem
3017 4106 3143 4146 esse
3167 4088 3356 4144 deﬁnit
3386 4087 3455 4136 ⁸⁸.

2115 4254 2298 4336 xciv.
2328 4311 2393 4320 -
2431 4274 2824 4332 DRACUNTIO
2853 4272 3203 4330 MONACHO.

1947 4368 2403 4426 Intellectualium
2434 4366 2818 4437 Aﬁgyptiorum
2864 4371 3015 4419 retro
3042 4370 3092 4417 te
3119 4374 3453 4432 persequen-

1878 4477 1983 4522 tem
2016 4463 2318 4521 erercitum
2359 4459 2614 4524 intueris,
2654 4463 2707 4513 ct
2757 4464 2885 4511 ante
2918 4470 3069 4509 mare
3102 4466 3455 4524 spumescen-

196 4540 438 4635 πρόσθεν
466 4564 797 4637 ἀφροφόρων
829 4567 923 4618 καὶ
960 4540 1303 4637 παμμιάρων
1332 4568 1541 4634 παθῶν,
1585 4568 1677 4622 τὸν
1705 4540 1773 4623 ’δὲ

1890 4562 2015 4615 Lium
2071 4554 2648 4620 exsccrandarumque
2705 4548 3216 4621 perturbationum;
3284 4540 3452 4597 Deum

194 4652 336 4708 Θεὸν
364 4635 810 4727 ὑπερασπίζοντά
861 4674 991 4723 σου,
1028 4635 1124 4712 καὶ
1173 4635 1393 4731 ἀοράτῳ
1444 4661 1589 4732 χειρὶ
1615 4702 1630 4727 ,
1678 4662 1773 4715 καὶ

1890 4662 2059 4707 autem
2089 4654 2545 4721 propugnantem,
2567 4640 2900 4699 etinvisibili
2930 4654 3118 4701 manu,
3149 4646 3204 4694 et
3227 4635 3457 4692 brachio

199 4743 451 4818 βραχίονι
495 4745 687 4821 ὑψηλῷ
732 4749 860 4815 τοὺς
891 4749 1121 4821 ἐχθροὺς
1150 4750 1497 4821 ἀμυνόμενον
1518 4793 1535 4820 ,
1564 4754 1659 4807 καὶ
1688 4752 1776 4819 ἐξ·-

199 4839 526 4912 αιροὺμενόν
555 4857 618 4895 σε
646 4841 749 4896 οὐκ
777 4842 1006 4916 ἐνθυμῇ.

484 4932 598 4987 ιε’.
621 4963 693 4976 -
722 4934 1136 5007 ΚΛΕΟΒΟΥΛῼ
1172 4936 1482 5007 ΜΟΝΑΧῼ.

278 5042 299 5075 ι
332 5022 446 5078 Καὶ
476 5024 603 5079 ἔθου
648 5024 802 5089 τόξον
833 5026 1070 5096 χαλκοῦν
1116 5029 1243 5091 τοὺς
1276 5028 1564 5101 βραχίονάς
1596 5047 1718 5101 μου,
1751 5048 1771 5081 ι

200 5112 322 5183 οὖλὶ
356 5113 510 5180 τόξον
535 5115 781 5186 κήρινον,
813 5115 1060 5181 ὑπεῖκον,
1085 5117 1180 5171 καὶ
1211 5119 1490 5173 ὑπενδίδον
1520 5121 1631 5183 τοῖς
1659 5116 1776 5173 δαί-

182 5210 352 5271 "post,
388 5203 616 5267 καὶτοῖς
642 5202 893 5270 πάθεσιν,
934 5206 1137 5271 εὐθέως
1177 5209 1285 5263 ἀπὸ
1320 5210 1545 5278 πρώτης
1575 5210 1779 5279 συμϐο-

200 5288 300 5363 λῆς
342 5292 623 5362 κλώμενον
651 5295 710 5347 ἐν
741 5294 985 5367 πολέμῳ,
1016 5296 1150 5351 ἀλλὰ
1182 5297 1338 5362 τόξον
1372 5297 1626 5368 χαλκοῦν.
1654 5300 1777 5371 Χρὴ

202 5382 311 5452 γὰρ
349 5384 554 5455 στερρὰ
592 5386 687 5439 καὶ
731 5386 988 5441 ἀνένδοτα
1032 5389 1337 5457 κτήσασθαι
1383 5389 1533 5459 παρά
1569 5389 1777 5460 Κυρίου

200 5473 343 5527 ὅπλα
387 5475 603 5541 πολλοῖς
647 5478 905 5548 πολέμοις
946 5478 1055 5531 τῶν
1101 5479 1358 5534 ἐναντίων
1402 5480 1773 5553 ἀντιπαρατά-

202 5562 422 5634 ξασθαι,
460 5569 556 5623 καὶΙ
580 5569 866 5641 διαρκέσαι
893 5571 1185 5642 δυνάμενα.

274 5792 299 5826 ⁸
336 5792 353 5847 I
387 5792 521 5866 Reg.
562 5810 651 5863 xv,
684 5795 769 5853 15.
844 5797 865 5829 ⁹
893 5794 1038 5853 'Geu.
1074 5812 1185 5862 xlv,
1214 5796 1303 5851 ‘20.

1410 5798 1452 5830 ¹⁶
1488 5797 1678 5853 Matth.
1710 5812 1848 5864 nu,
1886 5796 1974 5861 57,
2011 5795 2101 5851 ιῑο.

1880 4746 2099 4801 excelso
2143 4743 2333 4798 hostes
2362 4740 2745 4803 ulciscentem,
2773 4742 2829 4791 et
2871 4733 3198 4790 liberantem
3241 4738 3315 4793 te,
3356 4724 3456 4780 tibi

1883 4839 2064 4893 animo
2075 4851 2184 4891 non
2200 4840 2582 4905 repraesentas.

2099 4925 2254 4997 163
2294 4921 2454 4978 XCV.
2485 4916 2851 4978 CLEOBULO
2888 4910 3241 4970 MONACHO.

1960 5037 1981 5069 ι
2014 5016 2081 5071 Ει
2108 5015 2339 5086 posuisti
2380 5013 2635 5084 sagittam
2666 5022 2863 5065 :eream
2890 5005 3118 5063 brachia
3147 5017 3267 5057 mea
3293 5001 3339 5034 ¹¹
3367 5019 3380 5056 :
3428 5021 3447 5053 ι

1876 5125 1987 5164 non
2016 5109 2271 5178 sagittam
2316 5119 2537 5161 ceream
2570 5102 2884 5168 cedentem,
2916 5114 2981 5154 ac
3010 5099 3157 5154 vires
3190 5095 3456 5151 daemoni-

1878 5202 1983 5257 bus
2021 5199 2457 5261 submittentem,
2502 5204 2557 5250 et
2608 5190 3143 5264 perturbationibus,
3191 5203 3316 5259 quae
3345 5196 3456 5241 sta-

1878 5296 1975 5347 tim
2022 5293 2077 5347 in
2119 5292 2238 5362 ipso
2273 5290 2451 5361 primo
2494 5288 2701 5358 impetu
2732 5285 2876 5340 inter
2917 5282 3269 5354 pugnandum
3304 5279 3454 5332 fran-

1877 5392 2057 5456 gatur;
2108 5382 2204 5437 sed
2263 5382 2521 5452 sagittam
2570 5390 2793 5433 aeream.
2840 5373 3089 5444 Namque
3142 5387 3173 5427 a
3224 5369 3455 5425 Domino

1858 5476 2036 5529 arma
2070 5472 2441 5543 comparanda
2473 5477 2603 5527 sunt
2626 5468 2808 5525 valida
2838 5473 2895 5523 et
2935 5467 3289 5527 inconcussa,
3330 5473 3451 5530 qua:
3488 5516 3517 5538 Α

1881 5565 2075 5621 multis
2117 5563 2560 5620 adversariorum
2620 5560 2943 5617 incursibus
2998 5571 3121 5613 sese
3173 5558 3453 5624 opponant

1881 5666 2046 5729 atque
2078 5659 2359 5718 resistant.
3412 5670 3417 5673 η

2184 5794 2224 5826 ¹¹
2267 5783 2423 5849 ίὶυιιι.
2464 5809 2585 5853 xm,
2633 5790 2715 5845 13.
2795 5792 2838 5822 ¹²
2869 5790 3013 5847 ιιδίιι.
3050 5784 3313 5850 ινιιμῖδΐ
