3888 6040
410 380 544 444 =2i3
925 445 956 464 ,

673 496 854 553 xcv-l.
884 531 950 542 -
982 467 1381 561 PHILU‘MENO
1420 505 1773 572 ENCLISTO,

511 589 558 644 Ο
576 591 837 659 przeclara
864 603 1041 648 vestra
1086 604 1208 664 post
1237 598 1604 654 secessionem
1643 601 1831 671 gesta!
1863 615 1896 656 ο
1917 615 2008 656 ve-

437 692 552 738 stra
585 683 890 739 secundum
934 685 1195 741 virtutem
1246 697 1448 759 tropaea
1475 691 1489 744 !
1515 707 1548 745 0
1585 707 1750 762 supra
1785 692 2005 746 modum

435 783 674 832 vestram
716 774 772 829 in
807 777 1120 834 inclusione
1155 779 1396 848 inanem,
1445 783 1720 838 scenicam
1756 791 1812 837 et
1840 782 2008 839 dissi-

437 865 699 919 mulatam
729 867 854 921 vita:
898 868 1205 924 rationem!
1251 871 1387 924 nihil
1409 871 1556 926 enim
1586 873 1654 928 ab
1693 873 1782 938 iis,
1824 873 1915 943 qui
1949 871 2004 927 in

438 955 560 1011 loro
586 959 991 1015 contentiosius
1024 962 1396 1032 negotiantur,
1435 972 1492 1020 et
1531 965 1851 1020 innumeras
1882 966 2006 1021 lites

435 1048 730 1118 variasque
767 1051 1060 1106 verborum
1098 1053 1446 1109 velitationes
1480 1054 1534 1109 in
1563 1055 1832 1126 praetoriis
1875 1070 2008 1110 con-

436 1145 629 1193 suunt.
665 1146 718 1193 te
743 1153 864 1194 esse
893 1139 1242 1205 dissimilem,
1270 1153 1326 1198 ut
1358 1144 1580 1210 videris,
1612 1155 1875 1213 autumo;
1913 1161 2008 1200 ne-
2067 1168 2069 1170 ·

435 1225 583 1294 gotia
609 1228 855 1282 omnium
889 1245 1148 1299 generum
1184 1234 1522 1304 excogitans,
1549 1251 1678 1290 cum
1722 1235 2006 1292 iracundia

436 1320 836 1389 perstrepitans
851 1329 906 1376 et
925 1322 1182 1392 fremens,
1207 1341 1274 1380 ex
1295 1328 1478 1383 caveis
1514 1327 1732 1394 ferreis,
1761 1328 2004 1398 injuriis,

435 1404 680 1464 dicteriis
705 1409 953 1467 laedoriis
979 1429 1044 1469 ac
1076 1416 1317 1485 querelis
1355 1405 1548 1473 obvios
1594 1434 1841 1489 quosque
1869 1434 2004 1475 one-

435 1514 604 1568 rans;
630 1519 772 1574 saepe
797 1507 961 1562 etiam
986 1509 1198 1564 eductis
1238 1527 1331 1582 per
1359 1513 1560 1566 ostium
1600 1514 1854 1570 manibus
1897 1513 2008 1567 fra-

437 1600 552 1647 tres
581 1596 904 1664 verberans,
936 1602 1192 1668 tumultu,
1214 1603 1446 1672 strepitu
1478 1612 1532 1659 et
1563 1603 1795 1660 turbidis
1824 1606 2008 1661 conci-

436 1684 679 1754 tatisque
705 1690 950 1746 motibus
979 1691 1168 1747 cellam
1203 1691 1472 1748 misellam
1507 1695 1807 1767 complens,
1827 1696 2006 1768 lacry-

435 1786 674 1830 mantem
708 1777 967 1846 fortasse,
1003 1781 1132 1835 licet
1174 1796 1240 1836 ea
1271 1796 1438 1838 sensu
1467 1783 1762 1855 animaque
1787 1785 2009 1842 desera-

1927 399 1989 458 S.
2012 397 2179 459 NIH

3579 399 3694 463 2&4

2355 511 2485 578 Lg.
2520 542 2589 552 —
2635 511 3038 582 ΦΙΛΟΥΜΕΝῼ
3077 510 3434 582 ΕΓΚΛΙΣΊᾨ.

2182 592 2324 674 Εὖγε
2361 605 2472 659 τῶν
2517 605 2797 677 ὑμετέρων
2851 604 2996 659 κατὰ
3033 605 3132 675 τὴν
3175 603 3524 676 ἀναχώρησιν
3562 603 3696 676 ἀρι-

2113 697 2471 768 στευμάτωνί’
2518 694 2647 768 εὖγε
2679 698 2790 752 τῶν
2831 695 3113 769 ὑμετέρων
3162 695 3288 751 καθ’
3323 695 3528 768 ἀρετὴν
3555 713 3694 768 τρο-

2111 789 2323 845 παίωνί
2358 791 2625 863 ὑπέρευγε
2645 790 2744 860 τῆς
2773 789 3047 862 ὑμετέρας
3075 789 3216 843 κατὰ
3245 789 3337 843 τὸν
3358 787 3695 858 ἐγκλεισμδν

2115 883 2387 954 ματαίας,
2448 884 2546 938 καὶ
2598 883 2900 954 σκηνικῆς,
2952 882 3049 936 καὶ
3095 879 3694 954 κατεσχηματισμένης

2088 976 2406 1049 διαγωγῆς.
2441 977 2561 1032 Τῶν
2586 976 2694 1048 γὰρ
2719 978 2777 1030 ἐν
2807 979 2876 1049 τῇ
2917 977 3092 1046 ἀγορᾷ
3124 974 3346 1046 θερμῶς
3376 976 3662 1044 ἐμπορευο
3682 1003 3695 1014 ο

2115 1070 2313 1142 μένων,
2351 1069 2445 1122 καὶ¹
2479 1069 2586 1124 τῶν
2617 1069 2717 1133 τὰς
2751 1067 2951 1140 μυρίας
2984 1067 3158 1131 δίκας,
3187 1067 3281 1121 καὶ
3307 1066 3406 1129 τὰς
3436 1063 3696 1127 ποικίλας

2110 1160 2444 1232 λογομαχίας
2469 1163 2527 1215 ἐν
2573 1161 2926 1233 πραιτωρίοις
2957 1159 3288 1222 πλεκόντων,
3330 1157 3483 1212 οὐδὲν
3510 1157 3695 1220 δοκεῖς

2110 1251 2464 1318 διαλλάττειν,
2499 1252 2853 1326 πραγματίας
2883 1253 3143 1316 παντοίας
3181 1248 3434 1314 ἐπινοῶν,
3467 1245 3692 1318 κράζων

2114 1345 2232 1416 μετ’
2264 1342 2455 1414 ὀργῆς.
2502 1345 2595 1397 καὶ
2635 1342 2868 1414 βρύχων,
2901 1341 3011 1398 ἀπὸ
3051 1343 3153 1414 τῆς
3176 1341 3519 1411 γαλαιάγρας
3547 1337 3691 1392 καθ-

2112 1433 2370 1503 υϐρίζων,
2400 1433 2495 1488 καὶ
2518 1434 2802 1500 σκώπτων,
2827 1436 2920 1488 καὶ
2950 1434 3228 1506 λοιδορῶν,
3253 1432 3351 1486 καὶ
3381 1429 3692 1502 διαμεμφόο

2117 1543 2277 1596 μενος
2313 1526 2440 1589 τοὺς
2485 1527 3025 1598 παρατυγχάνοντας,
3074 1525 3186 1579 Εσθ⁹
3228 1525 3318 1579 ὅτε
3358 1524 3418 1578 δέ
3463 1523 3559 1576 καὶ
3587 1521 3694 1583 τὰς

2118 1618 2254 1681 ἰδίας
2279 1621 2465 1689 χεῖρας
2494 1618 2819 1690 προσφέρων
2855 1619 2957 1689 τῆς
2989 1617 3226 1691 θυρίδος,
3257 1616 3506 1676 καὶτοὺς
3534 1613 3693 1668 ἀδελο

2115 1712 2248 1780 φοὺς
2275 1710 2509 1772 τύπτων,
2537 1709 2784 1782 θορύόου,
2808 1712 2901 1765 καὶ
2929 1711 3195 1783 ταραχῆς,
3216 1709 3308 1765 καί
3333 1707 3562 1781 τύρϐης,
3589 1705 3694 1760 καὶ

2118 1803 2527 1867 ἀκαταστασίας
2571 1802 2794 1874 πληρῶν
2825 1804 2924 1876 τὴν
2969 1804 3208 1874 ἐλεεινὴν
3244 1802 3463 1873 κέλλαν,
3494 1798 3693 1853 στενάεν

439 1874 548 1932 tur,
579 1869 650 1923 ob
699 1869 1080 1935 crudelitatem
1117 1879 1172 1926 et
1216 1874 1642 1930 amaritudinem
1686 1876 1858 1944 illius,
1889 1894 2010 1948 qua:

2120 1897 2310 1962 ζουσαν
2329 1896 2489 1965 τάχα,
2513 1866 2622 1948 κᾶν
2645 1866 2892 1965 ύπάρχεί
2907 1866 3227 1964 ἀναίσθητος
3241 1909 3322 1958 τε,
3349 1891 3442 1944 καὶ
3451 1866 3689 1958 νάψυχος,

393 1959 493 2010 .in
543 1961 660 2029 ipsa
715 1961 878 2018 veluti
936 1959 991 2014 in
1031 1961 1334 2017 bestiarum
1391 1980 1576 2032 cavea,
1633 1967 1851 2022 inclusa
1905 1979 2011 2034 est,

435 2045 585 2110 ferar,
635 2048 747 2101 imo
816 2047 948 2104 feris
999 2049 1137 2118 ipsis
1185 2051 1516 2108 efferatioris
1575 2057 1852 2112 monachi.
1916 2056 2012 2112 Dic

435 2138 594 2204 mihi,
643 2139 826 2203 sodes,
865 2142 996 2211 quid
1040 2144 1096 2197 in
1127 2143 1284 2199 lucro
1325 2146 1559 2214 posuisti
1589 2146 1642 2201 in
1682 2149 2012 2206 domuncula

434 2229 722 2296 inclusus,
768 2232 968 2287 animas
1005 2244 1111 2288 tua;
1157 2235 1247 2290 cui
1295 2237 1418 2292 usui
1457 2235 1611 2293 fuisti
1665 2238 1826 2312 164
1870 2241 2014 2297 inter

431 2323 699 2378 murellos
777 2339 980 2395 corpus
1053 2327 1440 2385 abscondens?
1497 2330 1699 2387 Factus
1735 2341 1820 2388 est
1841 2333 2009 2400 enim,

430 2413 530 2476 ait,
555 2412 834 2483 Ephraim,
853 2416 1018 2472 veluti
1047 2418 1202 2488 panis
1227 2419 1628 2478 subeinericius
1651 2439 1924 2495 nunquam
1951 2441 2012 2482 se

433 2505 498 2557 ad
523 2505 747 2560 meliora
772 2509 1176 2564 convertens“.
1195 2510 1333 2577 Quid
1357 2513 1494 2568 lucri
1514 2514 1611 2569 tibi
1639 2513 2008 2572 fuitcellulam

431 2595 785 2664 possedisse?
842 2597 1070 2665 Quando
1097 2602 1264 2671 igitur
1293 2605 1688 2662 monachorum
1743 2623 2012 2662 veneran-

431 2685 564 2742 dum
619 2687 864 2744 habitum
923 2691 1198 2759 induisti?
1247 2695 1381 2761 Quis
1434 2696 1604 2753 abbas
1632 2698 1775 2765 bona
1823 2699 2012 2755 dicens

430 2780 618 2848 verba,
651 2797 874 2844 manum
905 2785 1198 2860 apposuit?
1239 2785 1519 2848 Undenam
1554 2803 1808 2853 emnosos
1847 2791 2012 2854 hosce

412 2867 908 2944 ‘exsecrandosque
941 2869 1122 2932 mores
1152 2877 1420 2933 hausisti?
1457 2878 1692 2940 Ubinam
1730 2891 1859 2938 sunt
1887 2897 2012 2949 ora-

433 2963 644 3016 tionum
681 2964 1012 3020 inconcussa
1041 2975 1096 3020 et
1121 2983 1249 3038 erga
1278 2967 1445 3023 Deum
1477 2986 1670 3026 secura
1701 2973 2013 3043 colloquia?

431 3068 670 3122 quonam
701 3057 942 3125 psalmos
982 3067 1036 3112 et
1062 3057 1296 3128 hymnos
1324 3063 1674 3118 amandasti?
1699 3079 1808 3134 quo
1859 3071 2012 3118 tran-

431 3145 636 3212 quillas
674 3148 1034 3216 cogitationes
1078 3149 1312 3220 iugasti?
1340 3169 1449 3222 quo
1484 3164 1867 3221 sacrosanctas
1909 3172 2008 3226 pa-

433 3248 578 3290 trum
637 3237 1029 3298 instructiones
1091 3243 1383 3312 pepulisti?
1439 3259 1546 3316 quo
1590 3247 1768 3302 mellis
1835 3249 2010 3302 instar

432 3343 700 3384 emanans
731 3330 970 3402 lacryma
1017 3333 1186 3388 abiit?
1234 3351 1344 3406 quo
1381 3338 1529 3396 socia
1585 3338 1832 3408 ejusdem
1881 3343 2008 3400 tori.

430 3427 486 3473 et
534 3420 670 3476 mdis
720 3423 1109 3479 monachorum
1171 3442 1298 3496 pax,
1336 3439 1389 3482 et
1423 3429 1599 3498 quies,
1633 3439 1686 3484 et
1741 3433 2012 3501 tranquil.

431 3512 579 3576 litas,
619 3521 672 3567 et
705 3514 870 3576 fides?
895 3520 1197 3582 Quamnam
1239 3519 1468 3589 habebis
1512 3522 1765 3580 liduciam
1796 3524 2012 3580 dicendi

434 3601 487 3656 in
514 3601 603 3657 dic
625 3604 1045 3661 retributionis?
1479 3627 1482 3630 ’

732 3720 939 3777 XCVII.
967 3753 1038 3764 -ο
1059 3722 1333 3781 FAUSTO
1372 3726 1726 3784 MONACIIO.

420 3871 428 3878 _
514 3832 532 3862 ι
554 3811 1032 3881 Commoveantur,
1055 3817 1130 3872 ait
1149 3817 1215 3885 ‘5,
1237 3818 1589 3882 fundamenta
1607 3830 1817 3878 terra.)
1841 3821 2011 3876 Illud:

440 3928 459 3955 ι
487 3905 953 3966 Cominoveantur
981 3908 1332 3966 Iundamenta
1358 3920 1537 3979 teme,
1563 3932 1584 3964 ν
1613 3913 1732 3968 loco
1757 3915 1906 3968 illius
1927 3913 2013 3968 di-

432 4005 582 4052 ctum
614 3995 630 4051 ἑ
662 3999 795 4065 Quae
823 4001 877 4054 in
906 4001 1179 4070 profundo
1201 4005 1385 4059 cordis
1407 4005 1773 4075 cogitationes
1804 4015 1952 4074 sunt,
1983 4020 2012 4063 a

441 4091 687 4152 sinistris
717 4092 782 4146 ad
812 4093 1092 4149 dexteram
1125 4096 1572 4151 transvehantur.

685 4183 914 4240 XCVIII.
945 4218 1017 4228 —
1042 4185 1386 4244 EUTltOPIO
1421 4189 1776 4245 MONACHO.

512 4277 568 4330 Si
601 4277 695 4340 tibi
730 4278 784 4331 in
820 4279 1008 4333 animo
1040 4289 1125 4334 est
1167 4281 1466 4337 ascendere
1499 4283 1567 4336 ad
1620 4284 1797 4338 altare
1840 4281 2014 4348 illius,

435 4382 560 4433 qua:
609 4367 664 4420 in
700 4367 857 4422 caelis
892 4376 1000 4434 est,
1051 4367 1419 4435 Hierusalem,
1474 4387 1569 4441 per
1619 4372 2013 4427 nmltil‘ormcm

439 4459 698 4510 virtutem
730 4467 784 4512 et
815 4458 1180 4513 humilitatem
1230 4463 1525 4530 proliciens
1571 4461 1829 4525 ascende,
1874 4477 2014 4531 quas

2114 1990 2206 2044 ἐπὶ
2232 1991 2299 2060 τῇ
2332 1988 2584 2060 ὰπηνείᾳ,
2606 1988 2702 2041 καὶ
2731 1987 2926 2058 πικρία
2963 1985 3056 2040 τοῦ
3081 1987 3138 2039 ἐν
3175 1985 3313 2055 αύτῇ
3352 1981 3606 2051 καθάπερ
3632 1979 3692 2032 ἐν

2111 2099 2216 2136 τινι
2247 2079 2444 2151 ζὼγρῳ
2485 2078 2961 2141 κατακλεισθέντος
3001 2075 3190 2148 θηρίου
3211 2115 3227 2142 ,
3264 2074 3466 2145 μᾶλλον
3499 2073 3556 2126 δέ
3589 2071 3692 2142 θη-

2115 2173 2469 2246 ριωδεστὲρου
2490 2171 2595 2226 τῶν
2618 2171 2821 2242 θηρίων
2848 2170 3187 2241 μονάζοντος.
3208 2165 3343 2221 Εἰπέ
3373 2183 3483 2236 μοι,
3513 2179 3693 2234 παρα-

2113 2265 2286 2330 καλῶ,
2315 2266 2367 2318 τί
2394 2264 2733 2337 κεκέρδακας
2766 2262 2844 2332 τῷ
2887 2261 3094 2330 οίκιδίῳ
3137 2255 3587 2320 κατακλεισθείςς
3634 2250 3692 2314 τί

2115 2360 2331 2432 ῶνησας
2361 2359 2459 2431 τὴν
2491 2357 2685 2433 σαυτοῦ
2718 2357 2898 2428 ψυχὴν
2931 2357 3045 2420 τοῖς
3085 2351 3384 2426 τοιχαρίοις
3427 2349 3491 2403 τὸ
3526 2347 3691 2416 σῶμα

2113 2450 2498 2522 ἐγκεκρυφώς;
2538 2447 2799 2519 Ἑγενήθη
2829 2446 2958 2518 γὰρ,
2986 2443 3172 2516 φησὶν,
3215 2439 3456 2513 Ἐφραῒμ
3500 2433 3692 2504 καθὼς

2113 2543 2437 2615 ἐγκρυφίας,
2465 2539 2539 2612 μὴ
2570 2538 3073 2612 μεταστρεφόμενος
3099 2533 3236 2606 πρὸς
3257 2532 3318 2585 τδ
3334 2532 3604 2600 κρεῖττον.
3620 2525 3690 2615 Τί

2114 2651 2198 2687 σοι
2224 2613 2416 2702 δφελος
2448 2629 2632 2700 λαχεῖν
2678 2626 2774 2680 τοῦ
2818 2625 3123 2696 δωματίου;
3155 2621 3296 2675 Πότε
3341 2619 3449 2690 ἄρα
3496 2615 3559 2669 τδ
3604 2613 3694 2667 ἐνε

2111 2723 2259 2794 δυμα
2279 2722 2340 2775 τὸ
2361 2720 2556 2791 σεμνὸν
2582 2718 2691 2773 τῶν
2717 2716 2966 2789 μοναχῶν
2993 2714 3226 2778 ύπέδυςς
3253 2714 3404 2774 ποῖος
3432 2709 3489 2762 δὲ
3511 2707 3690 2769 άσὸᾶς

2112 2814 2210 2885 τὴν
2237 2815 2393 2884 χεῖρα
2428 2812 2526 2882 τῆς
2557 2809 2804 2878 εὐλογίας
2846 2807 3143 2878 ἐπέθηκενς
3189 2803 3453 2898 Πόθενδέ
3493 2799 3694 2898 stop-ei:-

2112 2903 2291 2975 ληφας
2318 2902 2388 2955 τὰ
2425 2898 2761 2971 συρφετώδη,
2805 2898 2902 2951 καὶ
2944 2895 3299 2951 κατάπτυστα
3327 2892 3472 2962 non;
3509 2888 3624 2944 Ποῦ
3653 2887 3690 2958 ἡ

2113 2993 2520 3065 ἀπερίσπαστος
2555 2991 2664 3045 τῶν
2691 2988 2887 3060 εὐχῶν,
2911 2987 3009 3042 καὶ
3042 2985 3344 3056 άμέριμνος
3373 2981 3513 3054 πρὸς
3555 2979 3693 3034 Θεδν

2112 3085 2336 3156 ὁμιλία;
2394 3082 2504 3136 Ποῦ
2558 3079 2824 3154 ἐξώρισας
2879 3078 3006 3141 τοὺς
3065 3075 3352 3147 ψαλμοὺς,
3406 3073 3504 3126 καὶ
3565 3069 3693 3131 τοὺς

2037 3209 2080 3267 C
2116 3176 2348 3246 ῦμνουςς
2407 3173 2516 3228 Ποῦ
2577 3171 2952 3267 ἐφυγάδευσας
2982 3170 3070 3267 ab
3121 3167 3347 3267 ησύχων
3399 3163 3691 3267 φρόνημας

2113 3269 2224 3328 Ποῦ
2278 3267 2596 3328 κατέλειπες
2641 3265 2738 3328 τὰς
2778 3264 2931 3336 ἱεράς
2977 3261 3196 3332 διδαχὰς
3234 3257 3343 3310 τῶν
3392 3255 3694 3325 πατέρωνδ

2117 3360 2227 3416 Ποῦ
2261 3361 2465 3430 οἴχεται
2497 3358 2558 3410 τὸ
2586 3357 2902 3428 μελισταγές
2937 3355 3212 3426 δάκρυον;
3242 3348 3352 3404 Ποῦ
3396 3350 3430 3417 ἡ
3462 3345 3694 3415 σύντρο·

2115 3471 2236 3523 φος,
2287 3454 2380 3505 καὶ
2436 3450 2704 3513 σύνευνος,
2735 3448 2829 3500 καὶ
2860 3447 3163 3516 ὁμόσκηνος
3205 3441 3313 3496 τῶν
3351 3438 3695 3512 μοναζόντων

2115 3547 2327 3617 εἰρήνη,
2357 3543 2450 3596 καὶ
2478 3541 2710 3610 γαλήνη,
2754 3539 2850 3592 καὶ
2874 3537 3101 3609 ἠρεμία,
3133 3534 3230 3588 καὶ
3267 3533 3488 3594 πίστις;
3523 3527 3696 3582 Ποίαν

2118 3636 2305 3708 σχοίης
2333 3633 2648 3711 παρρησίαν
2673 3632 2729 3684 ἐν
2758 3631 2943 3700 ἡμέρᾳ
2973 3629 3071 3697 τῆς
3098 3623 3548 3690 ἀνταποδόσεως;

2465 3727 2579 3793 ιιΖο.
2609 3755 2680 3764 -
2715 3721 2982 3792 ΦΛΥΣΤῼ
3021 3716 3331 3786 ΜΟΝΑΧῼ.

2193 3839 2211 3871 ι
2242 3817 2595 3889 Σαλευθήτω,
2659 3814 2826 3886 φησὶ.
2884 3813 2953 3866 τὰ
3004 3808 3231 3880 θεμέλια
3265 3807 3366 3876 τῆς
3397 3804 3525 3874 γῆς.
3562 3819 3581 3854 ι
3619 3799 3696 3856 Τὸ

2113 3908 2316 3974 τοίνυν,
2347 3927 2365 3958 ι
2393 3905 2716 3976 Σαλευθήτω
2746 3903 2814 3956 τά
2843 3899 3068 3972 θεμέλια
3098 3897 3197 3970 τῆς
3224 3897 3348 3968 γῆς,
3371 3915 3390 3951 ι
3417 3894 3540 3948 ἀντὶ
3568 3891 3692 3957 τοῦ,

2116 4000 2180 4056 Οἱ
2225 4000 2281 4062 ἐν
2333 3996 2410 4068 τῷ
2464 3996 2617 4066 βάθει
2664 3995 2762 4064 τῆς
2810 3989 3038 4061 καρδίας
3083 3987 3373 4058 λογισμοὶ,
3424 3983 3536 4039 άπὸ
3585 3981 3695 4037 τῶν

2119 4091 2324 4151 σκαιῶν
2353 4088 2446 4143 ἐπὶ
2480 4089 2547 4150 τά
2561 4084 2853 4155 δεξιώτερα
2887 4080 3330 4154 μεταγέσθωσαν.

2433 4180 2555 4246 ur.
2579 4205 2651 4218 --
2679 4174 3024 4244 ΕΥΊῬΟΠΙῼ
3061 4170 3371 4240 ΜΟΝΑΧῼ.

2187 4273 2252 4327 Εἰ
2283 4271 2463 4343 βούλει
2492 4267 2734 4323 ἀνελθεῖν
2760 4268 2840 4329 είς
2868 4265 2929 4318 τὸ
2962 4263 3346 4333 θυσιαστήριον
3366 4261 3465 4329 τῆς
3495 4258 3554 4310 ἐν
3582 4257 3696 4320 τοῖς

2095 4365 2365 4440 ⁴οὐρανοῖς
2402 4359 2785 4432 Ἰερουσαλὴμ,
2834 4357 2902 4410 δι’
2943 4357 3147 4427 ἀρετῆς
3193 4350 3550 4414 πολυειδοῦς,
3600 4349 3699 4402 καὶ

2117 4452 2621 4525 ταπεινοφροσύνης
2651 4451 2974 4522 προκόπτων
2999 4445 3252 4517 ἀνάϐηθι,
3272 4445 3367 4507 τὰς
3393 4441 3696 4514 εἰρημένας

439 4546 635 4601 beatus
685 4545 858 4602 David
903 4551 1258 4606 ascensiones
1297 4551 1709 4617 decantaverat,
1755 4553 1922 4608 corde
1958 4554 2010 4610 in

2120 4548 2196 4618 τῷ
2235 4545 2491 4619 μακαρίῳ
2528 4543 2690 4602 Δαυτδ
2719 4541 3031 4604 ἀναϐάσεις,
3065 4539 3124 4590 ὲν
3157 4540 3224 4608 τῇ
3256 4532 3455 4588 σαυτοῦ
3493 4531 3698 4603 καρδίᾳ⁵

444 4653 542 4692 tuo
563 4654 875 4708 praeparans
894 4643 1088 4696 inloco
1116 4642 1478 4714 lacrymarum
1511 4645 1762 4699 humana:
1782 4646 1905 4698 vitae
1923 4645 2010 4698 “2

442 4730 508 4790 Et
556 4731 892 4802 ploratuurn,
950 4742 1005 4789 et
1056 4733 1427 4805 lacrymarum
1492 4736 1786 4790 humanam
1846 4735 2012 4788 vitam

438 4823 654 4893 plenam
701 4839 826 4879 esse
874 4825 1172 4880 manifesto
1202 4827 1477 4890 addisces,
1519 4827 1675 4898 165
1711 4828 2014 4882 infantulos

440 4917 793 4984 conspiciens
846 4919 898 4970 in
947 4918 1223 4990 lacrymas
1267 4933 1328 4974 se
1375 4917 1753 4984 ellundentes,
1813 4918 1943 4973 dum
1984 4934 2015 4974 e

335 5035 339 5039 «
440 5013 689 5066 materno
738 5014 928 5061 ventre
975 5015 1300 5077 emergunt;
1355 5017 1411 5062 et
1457 5016 1745 5078 postquam
1783 5017 2014 5064 mortem

438 5099 752 5166 oppetierit,
787 5100 1046 5158 miserum
1091 5099 1367 5162 hominem
1395 5098 1648 5168 lacrymis
1676 5116 1893 5170 quoque
1921 5118 2017 5156 ex-

440 5191 576 5257 cipi.
610 5191 714 5243 Per
751 5193 1010 5246 virtutem
1057 5192 1245 5262 itaque
1282 5191 1522 5246 ascende
1559 5203 1612 5246 et
1654 5194 2014 5251 humilitatem

441 5282 508 5336 ad
535 5282 709 5337 altare
739 5283 896 5349 illud,
928 5300 1037 5338 non
1074 5284 1378 5353 perlapsus
1408 5291 1460 5336 et
1490 5285 1826 5352 superbiam.

961 5374 1150 5440 XCIX.
1189 5406 1259 5414 —
1307 5373 1511 5439 Eidem.

507 5467 782 5522 'l‘imorem
803 5468 899 5522 tibi
919 5468 1147 5522 incutiat
1166 5467 1378 5522 Domini
1403 5469 1606 5530 dictqu
1627 5471 1767 5534 ’5'”,
1788 5486 1894 5526 non
1916 5487 2013 5542 per

444 5557 626 5616 {calas
651 5558 894 5617 malitiae.
932 5568 988 5612 ct
1014 5559 1362 5625 jactabunda:
1379 5562 1728 5631 cogitationis
1758 5563 1813 5617 in
1836 5565 2008 5618 altare

445 5646 747 5701 ascendere
800 5648 1118 5716 imperans;
1173 5666 1239 5705 ne
1283 5666 1379 5720 per
1429 5653 1730 5710 nuditatem
1783 5663 1875 5709 tua
1922 5655 2015 5711 dc-

2120 4637 2546 4701 κατασκευάζων
2581 4637 2638 4689 ἐν
2672 4634 2748 4705 τῷ
2777 4633 2926 4701 τόπῳ
2951 4629 3045 4684 τοῦ
3073 4625 3430 4697 κλαυθμῶνος
3468 4623 3573 4691 τῆς
3606 4624 3700 4676 ἁνο

2123 4733 2404 4802 θρωπίνης
2444 4729 2612 4800 ζωῆς.
2661 4727 2782 4780 Ὅτι
2834 4725 2943 4794 γὰρ
2973 4718 3273 4790 κλαυθμοῦ.
3321 4716 3418 4771 atat
3463 4714 3699 4775 πένθους

2121 4826 2336 4898 πλήρης
2367 4823 2475 4876 τῶν
2512 4818 2814 4890 ἀνθρώπων
2841 4819 2866 4870 ὁ
2905 4815 3037 4885 βίος,
3076 4812 3298 4884 μαθήσῃ
3330 4808 3541 4878 σαφῶς,
3578 4805 3700 4898 βλέ-

2121 4897 2245 4970 πων
2272 4916 2341 4969 τὰ
2373 4915 2548 4986 βρέφη
2594 4910 2845 4965 κλαίοντα
2874 4907 2970 4975 τῆς
3019 4901 3257 4973 γαστρὸς
3302 4899 3402 4968 τῆς
3434 4897 3700 4969 μητρῴας

2123 5007 2526 5080 προκύπτοντα,
2560 5002 2655 5055 καὶ
2685 5001 2820 5070 μετὰ
2847 4998 2907 5052 τὸ
2940 4996 3122 5049 θανεῖν
3157 4994 3316 5046 πάλιν
3337 4990 3428 5044 τὸν
3460 4988 3697 5043 ἐλεεινὸν

2120 5079 2484 5168 θρηνούμενον
2520 5092 2826 5162 ἄνθρωπον.
2869 5087 2950 5140 Δι’
2989 5085 3190 5154 ἀρετῆς
3217 5083 3397 5136 τοίνυν
3434 5079 3695 5151 ὰνέρχου,

2117 5187 2214 5244 καὶ
2235 5183 2740 5255 ταπεινοφροσύνης
2778 5180 2913 5250 πρὸς
2955 5180 3134 5231 ἐκεῖνο
3170 5175 3231 5230 τὸ
3276 5173 3694 5246 θυσιαστήριον,

2117 5283 2194 5354 μὴ
2223 5281 2312 5335 διά
2336 5276 2716 5347 πταισμάτων,
2745 5274 2841 5326 καὶ
2869 5268 3297 5341 ὑπερηφανείας.

2632 5364 2747 5431 ιβ’.
2779 5394 2848 5404 -
2880 5361 2963 5426 Τῷ
2988 5360 3169 5425 αὐτῷ.

2189 5461 2426 5516 Φοϐείτω
2461 5475 2521 5512 σε
2562 5457 2623 5511 τὸ
2654 5453 2981 5508 Δεσποτικον
3024 5453 3277 5523 γράμμα,
3318 5449 3698 5522 παρακελευὸ.

2130 5574 2290 5629 μενον
2324 5555 2400 5625 μὴ
2429 5549 2739 5606 ἀναϐαίνειν
2781 5545 2869 5599 διὰ
2915 5543 3190 5615 βαθμίδων
3219 5543 3440 5620 κακίας,
3470 5542 3570 5608 καὶ
3598 5543 3693 5594 ἰπ-

2121 5647 2366 5720 ηρμένου
2443 5641 2788 5714 φρονήματος
2851 5637 2932 5701 είς
2983 5636 3045 5690 τὸ
3123 5635 3547 5707 θυσιαστήριον,
3610 5632 3698 5696 ἵνα

526 5825 729 5880 "Osce
753 5841 844 5892 vn,
871 5829 922 5882 8.
1005 5830 1044 5860 “
1079 5828 1220 5886 Psal.
1259 5848 1440 5901 Luxu,
1469 5836 1518 5890 5.
1602 5837 1661 5868 ""
1698 5837 1837 5893 Psal.
1878 5851 2102 5900 mum,
2133 5834 2184 5886 li.
2269 5832 2382 5864 ‘5'“
2419 5828 2586 5884 Exod.
2628 5843 2715 5890 xx,
2751 5823 2840 5878 ‘25.
