3888 6040
172 379 295 446 245

1409 382 1947 449 EPISTOLARUM
1984 384 2129 445 LIB.
2168 382 2252 446 II.

3341 381 3452 449 246

190 489 269 560 μή
295 492 298 495 λ
323 487 681 563 ἀποκαλυφθῇ
720 492 756 563 ή
814 492 1167 565 ἀσχημοσύνη
1216 509 1314 547 σου
1348 493 1420 547 δι’
1468 494 1772 566 ἐγκαταλη-

1895 492 2127 551 'ormitas
2178 494 2480 561 reveletur;
2518 500 2574 550 et
2608 501 2741 551 tunc
2782 504 3161 566 cognoscent,
3200 495 3297 561 ait,
3355 497 3449 551 ubi

182 579 362 650 deut;-
394 582 489 635 καὶ
516 582 639 636 τότε
668 582 991 653 γνώσονται,
1027 587 1182 657 φησὶ,
1221 585 1327 641 ποῦ
1355 588 1502 643 ἐστιν
1527 588 1706 643 αὑτῶν
1727 588 1765 658 ἠ

1895 592 1954 639 st
1980 599 2172 641 eorum
2212 584 2467 640 materia.

184 670 314 744 ὕλη.

518 767 597 822 P'.
627 797 699 809 --
730 768 1084 844 ΛΑΜΠΑΔΙῼ
1118 772 1429 845 ΜοΝΑΧᾳ.

260 858 337 913 Οὑ
396 860 604 932 μόνονό
664 862 864 929 Ἰούδας
913 864 1004 918 τὸν
1057 866 1264 937 Κύριον
1328 866 1611 937 προύδωκε
1658 867 1769 921 τῶν

187 950 352 1005 θείων
383 954 666 1024 κριμάτων
692 957 1134 1027 καταφρονήσας,
1169 959 1304 1012 ἀλλά
1330 959 1439 1029 γάρ
1482 960 1578 1013 καὶ
1608 960 1660 1013 oi
1692 961 1767 1031 μὴ

188 1044 527 1117 πληροῦντες
564 1046 637 1101 τά
686 1048 803 1103 θεῖα
831 1051 1230 1122 προστάγματα
1260 1052 1598 1123 Χριστιανοὶ,
1638 1069 1771 1123 προ-

187 1138 342 1192 δὼαι
391 1138 715 1207 λογίζονται,
767 1142 1263 1215 καταφρονοῦντες,
1298 1143 1393 1197 καὶ
1442 1143 1771 1208 αὑθαδιαζό-

189 1249 375 1301 μενοι,
414 1232 510 1285 καὶ
564 1235 680 1297 τοῖς
726 1234 949 1301 οίκείοις
997 1240 1252 1310 πονηροῖς
1292 1235 1772 1302 ὲξακολουθοῦντες

189 1322 519 1395 θελήμασιν.

704 1419 829 1473 I’A'.
857 1448 929 1458 -—
966 1419 1051 1485 Τῷ
1080 1418 1264 1486 αὐτῷ.

276 1508 339 1561 '0
372 1507 459 1562 διὰ
489 1509 582 1563 τὸν
623 1510 789 1579 φόϐον
820 1511 916 1565 τοῦ
967 1511 1105 1566 Θεοῦ
1148 1512 1342 1566 ἑαυτὸν
1388 1510 1662 1577 ὑποτάξας
1706 1512 1773 1583 τῇ

186 1598 305 1651 τῶν
332 1601 786 1671 συνασκουμένων
815 1603 1109 1675 ὑπηρεσίᾳ,
1151 1603 1246 1657 ἐὰν
1287 1602 1513 1673 ὕστερον
1542 1600 1774 1673 ἄρξηται

191 1690 620 1763 σκληρύνεσθαι,
667 1694 765 1748 καὶ
812 1694 1356 1766 ὑπερηφανεύεσθαι,
1406 1694 1500 1748 καὶ
1550 1696 1775 1765 κρατεῖν

188 1780 439 1852 ἀργύρια
469 1783 560 1835 ἐπὶ
606 1781 749 1853 λόγῳ
805 1783 939 1855 ἰδίῳ,
971 1778 1123 1849 οὗτος
1177 1784 1306 1848 τοὺς
1357 1783 1535 1847 θείους
1574 1784 1775 1854 νόμους

2180 786 2243 844 C.
2278 818 2349 829 —
2382 786 2737 845 LAMPADIO
2775 788 3136 847 MONACHO.

1939 876 2061 934 Non
2115 889 2326 935 tantum
2383 881 2556 937 ludas
2610 881 2900 938 Dominum
2959 884 3186 939 tradidit.
3246 883 3453 939 divinis

1871 968 2075 1038 spretis
2114 969 2378 1037 iudiciis,
2430 970 2526 1025 sed
2567 978 2622 1024 et
2666 971 2761 1041 qui
2806 971 2990 1025 divina
3034 980 3300 1043 praecepta
3342 989 3454 1028 non

1872 1059 2176 1130 adimplent
2217 1060 2549 1124 Christiani,
2582 1061 2896 1132 proditores
2941 1072 3291 1134 reputanlur,
3332 1080 3455 1134 pes-

1874 1152 2221 1214 snntdantes.
2256 1160 2311 1206 et
2355 1154 2716 1222 pertinaciter
2748 1155 3095 1220 resistentes,
3133 1165 3190 1212 ct
3217 1155 3454 1227 propriis

1872 1245 2059 1313 pravis
2087 1244 2530 1300 obsecundantes
2558 1245 2881 1301 desideriis‘

2442 1424 2527 1478 Cl.
2571 1456 2639 1467 —-
2673 1424 2881 1480 Eidem.

1946 1509 2049 1576 Qui
2086 1510 2287 1566 timore.
2318 1513 2412 1568 Dei
2455 1516 2814 1585 semetipsum
2848 1516 3224 1587 exercentium
3261 1531 3320 1571 se
3352 1515 3456 1570 mi-

1877 1600 2107 1656 nisterio
2149 1602 2383 1665 addixit,
2433 1605 2479 1660 si
2516 1612 2703 1673 postea
2748 1605 3106 1661 indttrescere
3146 1606 3362 1675 incipit,
3400 1614 3457 1660 et

1877 1691 2237 1760 insolescere,
2262 1710 2632 1766 nummosque
2656 1697 2873 1751 ratione
2897 1699 3116 1768 propria
3150 1687 3452 1769 possidere.

1878 1783 1969 1837 hic
2014 1785 2235 1841 divinas
2285 1786 2432 1857 leges
2486 1798 2867 1859 transgressus
2904 1798 3009 1851 est,
3045 1800 3102 1843 et
3140 1789 3363 1859 abiecit,
3399 1798 3457 1843 et

188 1873 438 1943 παρέϐη,
463 1875 556 1928 καὶ
606 1875 1083 1945 παρηγκωνίσατο,
1117 1875 1353 1947 ὴθέτησέ
1393 1893 1452 1929 τε
1498 1875 1597 1939 τὰς
1640 1893 1769 1929 συν-

1895 1873 2108 1944 ὼᾶετο,
2149 1889 2207 1934 et
2238 1856 2671 1936 renuntiationis
2714 1889 2768 1934 et
2798 1856 3457 1951 submissionls—profes-

189 1962 390 2035 θήκας,
424 1968 521 2020 καὶ
576 1966 674 2038 τὴν
724 1967 1038 2038 ὁμολογίαν,
1070 1970 1171 2039 τῆς
1222 1987 1287 2023 τε
1332 1971 1634 2040 άποιιαγῆς,
1675 1969 1771 2023 καὶ

187 2056 296 2125 τῆς
323 2056 642 2125 ὑποταξίας,
675 2059 771 2113 καὶ
798 2058 1015 2129 λέγεται
1047 2061 1333 2133 προδότης,
1358 2061 1632 2135 προέδωκε
1663 2062 1773 2135 γάρ

187 2146 287 2201 τὸν
312 2149 707 2219 προφθάσαντα
733 2152 912 2222 λόγον.

392 2241 516 2295 re.
546 2273 616 2284 —
650 2244 986 2316 ΕΥΣΤΑθιᾳ
1023 2245 1572 2318 ΑΡΧΙΜΑΝΔΡῙΤῌ.

282 2332 555 2401 Ὀγκῶδες
576 2335 831 2391 θυλάκιον
867 2337 1173 2402 σπουδαίως
1198 2337 1528 2406 φιλοκαλεῖς,
1550 2336 1647 2391 καὶ
1673 2336 1775 2407 τῆς

190 2424 403 2495 σαρκὸς
432 2426 493 2479 τὸ
528 2427 685 2491 λίπος
717 2429 1015 2501 προθύμως
1052 2433 1337 2503 περιποιῇ,
1378 2430 1534 2501 δίκην
1562 2430 1776 2504 ὄρνιθος

196 2515 426 2580 σιτίζων
467 2518 661 2572 σαυτὸν
706 2521 767 2573 ὲν
817 2522 993 2593 σκότῳ
1031 2522 1130 2592 τῆς
1175 2521 1420 2591 ἀγνοίας.
1456 2522 1567 2576 Καὶ
1616 2521 1776 2575 ποίαν

191 2608 308 2678 ἄρα
352 2611 669 2681 παρρησίαν
709 2612 986 2684 εὑρήσεις,
1043 2614 1175 2668 ὃταν
1224 2613 1354 2687 ἔλθῃ
1401 2614 1429 2668 ό
1461 2613 1664 2686 κρίνων
1707 2614 1777 2669 τά

195 2714 498 2769 συμπαντα
522 2717 538 2766 ;

538 2792 659 2847 Pl".
680 2822 751 2834 -
776 2794 1084 2867 ΕΥΜΑΘΙῼ
1125 2797 1435 2869 ΜΟΝΑΧῼ.

272 2883 395 2938 Ὅτ’
442 2885 509 2940 ἀν
541 2902 684 2949 τινες
736 2886 847 2940 τῶν
894 2887 1140 2957 ἀδελφῶν
1192 2889 1299 2961 πρὸ
1340 2890 1438 2961 τῆς
1466 2889 1576 2943 τῶν
1618 2890 1779 2960 μολυ-

194 2976 431 3046 σμάτων
479 2976 773 3043 παντελοῦς
804 2979 1144 3051 καθάρσεως,
1185 2981 1407 3049 καὶτῆς
1444 2982 1779 3055 τελεωτέρας

193 3065 370 3130 ἕξεως
398 3067 672 3127 διδάσκειν
704 3069 1093 3141 ἐπιχειροῦσιν,
1123 3071 1425 3142 τηνικαῦτα
1451 3073 1499 3124 oi
1526 3071 1779 3142 δαίμονες

197 3156 477 3226 γελῶντες
506 3158 642 3229 πρὸς
684 3160 913 3223 ἑαυτοὺς
940 3159 1247 3214 διανεύουσι
1277 3160 1505 3215 τοιαῦτα
1534 3160 1780 3232 ὁμιλοῦν-

192 3261 314 3310 τες,
378 3248 476 3303 καὶ
531 3246 802 3314 λέγοντες·
855 3242 1023 3315 Οὗτος
1078 3250 1156 3322 τῷ
1213 3252 1547 3324 προσήκοντι
1600 3251 1780 3323 καιρῴ

195 3337 474 3408 ἡμέτερον
492 3339 781 3408 γενήσεται
805 3338 1069 3410 λάφυρον,
1092 3340 1363 3394 νουθετεῖν
1392 3341 1607 3412 τολμῶν
1632 3340 1782 3413 παρὰ

194 3428 432 3500 γνώμην
462 3430 691 3503 Κυρίου.
715 3433 914 3503 Διόπερ
943 3434 1017 3503 μὴ
1043 3433 1360 3503 θελήσωμεν
1384 3434 1780 3504 ὀμφακίζοντες

192 3521 307 3585 ἔτι,
342 3522 437 3575 καὶ
497 3524 717 3593 μήποτε·
764 3526 1029 3596 πέπειρον
1075 3523 1167 3578 τὸν
1218 3524 1413 3596 βότρυν
1450 3527 1782 3597 κτησάμενοι

197 3612 501 3677 νουθετεῖν,
550 3616 646 3670 καῖ¹
692 3615 969 3674 διδάσκειν
1002 3615 1242 3688 ἑτέρους,
1275 3616 1363 3670 ἵνα
1420 3616 1496 3689 μή
1529 3615 1639 3671 τῶν
1669 3617 1784 3672 δαι-

198 3697 389 3769 μόνων
421 3700 710 3773 γενώμεθα
739 3704 1009 3772 παίγνιον.

542 3795 660 3849 PA'.
684 3822 753 3833 —
786 3797 1096 3868 tam»an
1133 3796 1444 3869 ΜΟΝΑΧῼ.

289 3883 351 3937 '0
381 3886 748 3955 πεντηκοστὸς
803 3888 1063 3959 τέταρτος
1118 3886 1332 3957 ψαλμδς
1380 3888 1657 3959 μέμνηται
1690 3888 1786 3958 φό-

200 3977 327 4042 ϐου,
353 3978 579 4050 τρόμου,
615 3981 710 4034 καὶ
742 3981 969 4047 σκότους
1002 3982 1451 4053 ἁμαρτημάτων·
1494 4001 1512 4035 ι
1542 3983 1652 4035 Καὶ
1700 3982 1785 4045 τίς

197 4067 369 4123 δώσει
406 4088 520 4140 μοι,
575 4072 725 4142 φησὶ,
766 4073 1044 4146 πτέρυγας
1072 4072 1255 4137 καθὼς
1297 4075 1649 4144 περιστερᾶς,
1691 4071 1787 4126 καὶ

208 4163 653 4235 πετασθήσομαι,
690 4185 708 4217 ι
760 4167 856 4219 καὶ
894 4165 1278 4237 ὑπερϐήσομαι
1329 4164 1400 4219 τὰ
1467 4164 1789 4235 ἐνοχλοῦντα

201 4252 377 4317 κακὰ,
409 4254 506 4307 καὶ
563 4255 754 4323 φθάσω
805 4255 942 4327 πρὸς
988 4257 1079 4308 τὸν
1108 4255 1263 4319 Θεὸν,
1303 4254 1402 4309 καὶ
1446 4254 1788 4309 καταπαύσω

202 4344 349 4414 πρὸς
395 4344 582 4411 αὑτὸν,
613 4347 709 4399 καὶ
755 4345 1287 4417 προσαναπαύσομαι
1326 4344 1407 4416 τῷ
1442 4345 1558 4416 ἰδίῳ
1598 4346 1787 4417 φιλαν-

204 4434 417 4505 θρώπῳ
445 4435 693 4508 Δεσπότῃ
716 4452 731 4497 ;
759 4435 933 4498 Αὐτὸς
962 4436 1071 4506 γάρ
1105 4438 1253 4490 ἐστιν
1281 4437 1314 4507 ἡ
1344 4434 1651 4499 ἀνάπαυσις
1676 4434 1788 4488 τῶν

1880 1970 2093 2026 sionem
2152 1971 2416 2039 violavit,
2483 1973 2801 2043 diciturque
2866 1972 3133 2043 proditor.
3203 1971 3468 2028 Prodidit-

1877 2064 2051 2129 enim,
2083 2079 2250 2134 quam
2277 2066 2434 2136 prius
2480 2066 2764 2136 amplexus
2796 2066 2996 2133 fuerat,
3033 2065 3323 2121 rationem.

1884 2251 2047 2323 166
2073 2281 2146 2295 -—
2174 2250 2283 2306 CII.
2306 2280 2377 2292 -—
2399 2248 2798 2305 EUSTA'I‘HIO
2828 2246 3455 2306 ARCIIIMANDRIT/E.

1950 2343 2276 2399 Tumentem
2315 2344 2597 2398 sacculum
2644 2342 2934 2411 diligenter
2976 2341 3136 2405 colis,
3168 2341 3460 2411 carnisque

1881 2436 2266 2506 pinguedinem
2297 2436 2554 2490 alacriter
2588 2450 2855 2502 procuras
2877 2476 2892 2498 ,
2939 2434 3175 2504 teipsum
3215 2447 3368 2503 aeque
3394 2448 3461 2485 ae

1882 2526 2000 2578 avis
2029 2524 2083 2578 in
2106 2524 2352 2579 tenebris
2386 2525 2714 2594 ignorantia:
2754 2524 3023 2578 nutriens.
3068 2522 3131 2576 Et
3162 2537 3458 2593 quamnam

1883 2616 1982 2671 tibi
2014 2615 2321 2671 libertatem
2358 2616 2578 2671 dicendi
2608 2615 2982 2687 comparabis,
3020 2631 3146 2671 cum
3179 2616 3271 2686 qui
3312 2613 3462 2685 judi-

1884 2714 1973 2762 cat
1996 2708 2182 2763 omnia
2213 2709 2542 2764 advenerit?

2156 2797 2289 2854 CIII.
2322 2830 2397 2841 -—
2438 2798 2801 2855 EUMATIIIO
2837 2796 3193 2854 MONACIIO.

1952 2888 2089 2944 Cum
2129 2906 2197 2945 ex
2250 2890 2513 2948 fratribus
2552 2894 2826 2958 nonnulli,
2883 2901 3179 2963 antequam
3233 2892 3461 2946 omnino

1886 2981 2082 3037 sordes
2111 2981 2411 3053 deponant,
2447 2994 2502 3038 et
2533 2984 2884 3055 perfectioris
2914 2986 3140 3040 habitus
3168 2985 3460 3055 participes

1888 3072 2039 3140 fiant,
2069 3073 2270 3130 docere
2298 3076 2714 3147 aggrediuntur,
2752 3084 2885 3131 tunc
2910 3075 3186 3132 daemones
3208 3092 3315 3130 non
3340 3076 3463 3131 sine

1887 3165 2026 3227 risu.
2072 3164 2215 3221 inter
2257 3182 2317 3222 se
2355 3167 2583 3222 nutibus
2616 3168 2883 3231 indicant,
2927 3168 3042 3222 bac
3081 3167 3462 3235 colloquentes

1885 3255 2285 3326 dicentesqtte:
2329 3255 2429 3312 Ilic
2483 3268 2799 3330 opportuno
2846 3266 3092 3329 tempore
3131 3266 3318 3312 nostra
3355 3257 3461 3312 erit

1881 3346 2089 3417 praeda,
2118 3362 2243 3402 cum
2281 3356 2482 3418 praeter
2510 3359 2747 3427 mentem
2776 3348 2994 3404 Domini
3022 3349 3163 3403 alios
3190 3348 3462 3404 instruere

1883 3437 2070 3494 audet.
2113 3438 2481 3510 Quapropter,
2525 3456 2594 3495 ne
2641 3440 2824 3495 acerbi
2865 3440 3065 3504 adhuc,
3100 3455 3200 3495 nec
3243 3447 3461 3494 matura

1883 3546 1988 3586 uva
2013 3543 2330 3602 comparata
2363 3533 2744 3593 adhortemnr.
2794 3533 3044 3603 aliosque
3078 3532 3461 3593 instruamus.

1883 3636 1954 3677 ne
1989 3622 2336 3679 daemonibus
2365 3622 2532 3678 ludus
2560 3623 2914 3693 objiciamur.

2049 3818 2056 3826 ‘
2154 3799 2288 3856 CIV.
2326 3830 2396 3843 -—
2429 3797 2785 3855 EUPIIEMIO
2821 3796 3180 3855 MONACIIO.

1955 3887 2459 3960 Quinquagesimus
2506 3898 2741 3960 quartus
2798 3890 3041 3960 psalmus
3084 3898 3295 3951 metus,
3341 3895 3459 3943 tre-

1886 3982 2057 4037 moris
2078 3990 2131 4037 et
2151 3983 2504 4037 tenebrarum
2528 3991 2876 4053 peccatorum
2905 3981 3189 4036 meminit:
3217 3980 3324 4034 (Et
3340 3980 3466 4051 quis

1885 4070 2039 4125 dabit
2064 4070 2221 4137 mihi,
2246 4073 2344 4136 ait,
2370 4088 2580 4142 pennas
2598 4072 2742 4127 sicut
2765 4071 3031 4127 columba:
3048 4079 3098 4125 et
3120 4070 3338 4136 volabo,
3367 4089 3386 4122 ι
3411 4080 3468 4125 et

1888 4163 2236 4231 pertransibo
2291 4163 2407 4217 haec
2472 4164 2705 4218 molesta
2763 4163 2928 4226 mala,
2977 4170 3035 4217 et
3082 4162 3341 4217 accedam
3397 4162 3465 4221 ad

1890 4252 2084 4316 Deum.
2120 4262 2174 4308 et
2200 4255 2488 4324 quiescam
2526 4256 2584 4310 in
2623 4256 2766 4327 ipso.
2807 4262 2862 4311 et
2903 4270 3013 4309 una
3046 4269 3171 4309 cum
3207 4268 3329 4308 meo
3361 4253 3467 4307 bn-

1888 4362 2052 4402 mano
2079 4347 2317 4403 Domino
2345 4350 2686 4418 requiescam
2718 4350 2799 4403 ⁸τῖ
2822 4349 2937 4418 Ipse
2967 4347 3115 4403 enim
3139 4353 3225 4401 est
3246 4346 3467 4415 requies

1887 4453 2079 4493 eorum
2102 4482 2118 4505 ,
2158 4440 2253 4509 qui
2287 4455 2349 4495 se.
2387 4440 2657 4511 improbis
2693 4439 2900 4509 peccati
2945 4438 3241 4494 sudoribus
3273 4436 3472 4492 defati-

213 4529 274 4580 ὲν
304 4530 421 4590 τοῖς
453 4527 745 4599 μοχθηροῖς
783 4528 969 4601 ἱδρῶσι
1006 4529 1107 4599 τῆς
1136 4530 1414 4601 ἁμαρτίας
1448 4530 1780 4600 κεκοπιημέ-

1895 4541 2111 4601 garunt.
2145 4529 2285 4585 Hinc
2313 4530 2517 4587 clamat
2558 4548 2573 4585 :
2616 4549 2635 4583 ι
2683 4528 2875 4585 Venite
2904 4530 2971 4583 ad
3002 4545 3109 4588 me.
3150 4544 3343 4584 omnes
3371 4528 3469 4598 qui

198 4634 318 4670 νων
339 4632 355 4647 ·
389 4616 513 4670 ὅθεν
545 4617 673 4688 βοᾷο
711 4636 728 4670 ι
758 4619 923 4672 Δεῦτε
954 4619 1088 4688 πρός
1125 4636 1213 4690 με,
1238 4620 1439 4683 πάντες
1470 4621 1520 4674 οἱ
1550 4618 1786 4674 κοπιῶν·

202 4724 300 4771 τις
346 4709 444 4762 καὶ
507 4704 954 4780 πεφορτισμένοι,
1007 4709 1163 4779 κάγὼ
1211 4709 1512 4765 ἀναπαύσω
1559 4712 1724 4781 ὑμᾶς.
1758 4729 1779 4763 ι

202 4797 382 4861 Εἰδὼς
414 4800 592 4854 τοίνυν
623 4802 651 4853 ὁ
689 4800 875 4863 Δαυῒδ,
918 4801 972 4854 τί
999 4801 1065 4855 δι’
1103 4801 1225 4855 ὅλου
1248 4802 1342 4856 τοῦ
1390 4801 1603 4873 ψαλμοῦ
1628 4801 1787 4856 λελά-⁸

202 4888 366 4959 ληκε,
398 4891 493 4943 καὶ
529 4890 866 4961 ὀμματώσας
906 4893 1032 4957 τοὺς
1065 4892 1524 4965 ἀγωνιζομένους,
1560 4896 1654 4949 καὶ
1680 4913 1787 4950 πα-

208 4974 559 5050 ρασκεύάσας
592 4982 667 5054 μὴ
702 4981 1101 5052 ἀπογινώσκειν
1132 4985 1285 5050 ποτὲ,
1319 4987 1400 5049 είς
1429 4984 1620 5040 ἐλπίδα
1656 4986 1789 5057 ἀγα·

207 5071 312 5141 θὴν
339 5071 433 5123 τὸν
467 5070 679 5143 ψαλμὸν
718 5073 1059 5129 καταπαύειέ

731 5166 856 5221 ΡΕ’.
880 5197 949 5208 -
976 5166 1059 5233 Τῷ
1088 5166 1269 5234 αὐτῷ.

298 5255 425 5308 Ἐὰν
476 5255 636 5326 ἡμεῖς
679 5250 891 5322 ἀόκνως
947 5258 1257 5331 ὲκτελῶμεν
1312 5260 1373 5312 τὸ
1424 5258 1793 5330 πνευματικὸν

211 5345 399 5416 ἔργον,
430 5347 526 5399 καὶ
566 5348 942 5419 φροντίςωμεν
986 5351 1268 5421 νηφόντως
1302 5350 1402 5423 τὴν
1447 5367 1793 5422 κεχρεωστη-

214 5438 389 5509 μένην
414 5440 546 5509 ἡμῖν
581 5439 675 5494 τοῦ
699 5441 923 5505 κανόνος
947 5442 1041 5496 τοῦ
1073 5444 1246 5497 ποιεῖν
1273 5442 1599 5514 ὑπηρεσίαν,
1632 5443 1793 5513 δῆλον

211 5530 298 5583 ὅτι
325 5529 507 5601 πολλῷ
546 5531 706 5586 πλέον
745 5532 775 5584 ό
812 5533 944 5598 Θεὸς
983 5533 1284 5606 φροντίζων
1337 5533 1497 5605 ήμῶν
1527 5533 1789 5607 διεγείρει

192 5620 397 5692 ιψυχάς
446 5622 844 5689 εὐσεϐεστάτας
888 5626 1023 5699 πρὸς
1065 5627 1127 5681 τὸ
1163 5626 1341 5682 πάντα
1389 5625 1459 5680 τά
1505 5625 1643 5699 πρὸς
1689 5628 1792 5691 τὰς

292 5799 335 5832 ⁸⁷
365 5798 510 5857 Psal.
537 5817 646 5867 Ltv,
683 5802 736 5856 7.
816 5803 856 5836 ‘°
875 5801 1060 5858 Matth.
1090 5819 1166 5862 XI.
1196 5804 1267 5858 23

1890 4624 2183 4688 laboratis,
2216 4630 2274 4678 et
2309 4623 2527 4679 onerati
2580 4623 2736 4690 estis,
2787 4632 2843 4678 et
2885 4638 2986 4690 ego
3023 4622 3264 4677 reficiam
3310 4620 3469 4692 167

1890 4730 1991 4771 vos
2025 4716 2089 4769 ¹⁸.
2128 4734 2148 4767 ι
2178 4716 2363 4783 Quare
2407 4712 2576 4771 David
2604 4731 2728 4770 cum
2757 4716 2924 4786 probe
2958 4722 3174 4770 teneret
3194 4713 3465 4784 quidquid

1893 4824 1991 4879 per
2040 4818 2218 4863 totum
2273 4808 2546 4880 psalmum
2597 4808 2967 4871 disseruerat,
3018 4816 3075 4861 et
3128 4805 3473 4861 certantibus

1893 4900 2090 4956 oculos
2127 4900 2347 4963 indens,
2383 4909 2439 4954 et
2482 4915 2804 4970 praeparans
2854 4899 2923 4953 ad
2964 4913 3247 4967 nunquam
3287 4896 3473 4951 animo

1894 4992 2374 5064 despondendnm,
2400 4992 2458 5046 in
2488 4992 2631 5048 bona
2661 5008 2762 5062 spe
2803 4991 3016 5062 psalmo
3046 4991 3205 5045 linem
3230 4987 3380 5043 facit.

2456 5172 2568 5230 CV.
2604 5206 2676 5218 -—
2711 5173 2920 5231 Eidem.

1967 5263 2025 5319 Si
2062 5278 2165 5320 nos
2196 5264 2456 5321 alacriter
2486 5264 2776 5336 spirituale
2802 5278 2941 5334 opus
2969 5261 3309 5333 perficimus,
3346 5276 3475 5332 prn-

1894 5356 2202 5425 denterque
2253 5355 2614 5425 exsequimur
2668 5354 2950 5417 debitum.
3003 5354 3151 5423 quod
3193 5367 3226 5407 a
3283 5360 3473 5407 sancta

1898 5445 2086 5516 regula
2120 5445 2280 5501 nebis
2320 5446 2646 5516 imponitur,
2685 5443 3079 5530 ministerittm,
3114 5442 3471 5498 manifestum

1896 5541 2003 5596 est,
2055 5531 2229 5585 multo
2282 5532 2456 5604 magis
2508 5531 2677 5587 Deum
2735 5531 2896 5588 nobis
2958 5545 3147 5585 curatn
3196 5536 3474 5600 gerentem

1896 5623 2142 5679 excitare
2177 5623 2460 5697 piissimas
2506 5624 2722 5680 animas
2763 5623 2832 5679 ad
2874 5621 3289 5693 ttobisoonmia,
3325 5634 3473 5692 quae.
