3888 6040
298 362 310 369 ’
370 372 550 438 $947

1909 379 1971 438 S.
2015 380 2177 439 NILI

3586 368 3699 443 248

438 496 660 555 cunque
686 498 825 555 opus
856 483 1086 547 fuerint.
1116 484 1611 541 subministranda.
1642 484 1801 553 Quod
1831 485 1878 542 si
1907 501 2011 542 nos

2123 482 2307 558 χρείας
2334 487 2654 560 διακονῆσαι
2684 486 2837 557 ἡμῖν.
2877 485 3005 543 Ἐάν
3032 485 3090 541 δὲ
3113 474 3279 558 ἧμεῗς
3299 470 3571 559 όκνῶμεν,
3596 490 3696 542 καὶ

436 573 791 642 negligimus,
823 573 1145 644 nullamque
1175 574 1362 637 deiis,
1394 576 1499 645 qui
1534 590 1595 630 se
1626 576 1694 631 ad
1727 577 2013 648 spirituale

434 679 576 733 opus
616 660 936 736 acci’ngunt,
966 682 1155 721 curam
1204 669 1466 737 gerimus,
1517 684 1760 741 quanam
1794 673 2012 728 ratione

436 756 505 813 de
533 758 690 812 nobis
720 772 909 812 curam
942 757 1131 813 haberi
1163 761 1454 816 volumus?

763 850 895 906 CVI.
930 880 1000 890 —
1034 850 1299 906 MARINO
1336 852 1692 910 MONACHO.

507 937 589 993 Ne
642 954 878 995 man-ore
931 947 1029 994 tuo
1081 950 1133 997 te
1181 956 1468 1010 maceres,
1521 936 1717 1014 neque
1757 944 2010 1001 tabescas

438 1031 632 1097 miser,
675 1032 1053 1102 magnitudine
1078 1033 1442 1090 tentationum
1481 1050 1799 1105 Oppressus,
1830 1052 2012 1108 neque

436 1121 732 1191 obstupeas
757 1123 1017 1192 pondere,
1047 1131 1103 1178 et
1131 1125 1308 1194 spissa
1332 1125 1655 1196 irruptione,
1688 1136 1744 1182 et
1770 1128 2006 1196 excidio,

434 1220 489 1264 et
527 1211 953 1282 depopulatione
995 1213 1447 1271 intellectualium
1494 1217 1878 1275 barbarorum.
1919 1217 2011 1275 Et-

433 1306 582 1360 enim
610 1320 920 1375 speramus,
945 1308 992 1362 si
1019 1322 1145 1361 cum
1170 1308 1470 1378 gratiarum
1496 1308 1713 1364 actione
1731 1309 2011 1365 sustinue-

438 1398 633 1457 rimus,
667 1395 901 1451 salutem
941 1397 1119 1467 magis
1161 1413 1228 1452 ex
1268 1397 1531 1462 inimicis,
1571 1406 1627 1454 et
1667 1414 1735 1455 ex
1782 1401 1870 1465 iis,
1914 1401 2010 1472 qui

437 1501 542 1539 nus
573 1485 703 1540 odio
737 1486 942 1541 habent
969 1488 1035 1552 η,
1067 1489 1418 1559 conquirere.

961 1578 1120 1633 CVII.
1162 1609 1232 1620 —
1270 1578 1478 1635 Eidem.

507 1665 675 1740 Plaga
719 1683 841 1724 mea
887 1671 1100 1736 valida,
1146 1673 1224 1727 ait
1252 1671 1520 1729 Jeremias
1562 1673 1833 1745 propheta
1865 1675 1911 1708 '°
1942 1690 2010 1731 ex

436 1773 672 1829 persona
696 1773 884 1823 nostra
908 1770 1100 1818 texens
1126 1763 1583 1821 lamentationes:
1620 1773 1681 1821 ut
1708 1767 1840 1837 quid
1866 1782 2007 1837 prae-

2095 576 2409 649 ,ἀμελῶμεν
2438 576 2549 632 τῶν
2594 575 2996 632 ἐπιϐαλλόντων
3026 577 3107 649 τῷ
3156 578 3515 651 πνευματικῷ
3542 579 3696 653 πρά-

2114 684 2307 738 γματι,
2338 667 2457 732 πῶς
2485 666 2745 739 ἀξιοῦμεν
2772 666 3188 740 φροντίζεσθαι;

2449 867 2589 934 Ρςυ.
2622 896 2691 907 -ι
2721 866 2988 940 ΜΑΡΙΝῼ
3024 866 3338 940 Momm.

2181 958 2464 1030 Μηδαμῶς
2505 958 2846 1031 δυσχέραινε,
2886 958 3022 1032 μηδὲ
3060 958 3340 1033 δυσφόρει,
3379 961 3448 1032 τῇ
3503 978 3692 1034 παραο

2109 1051 2264 1105 τάσει
2305 1052 2412 1105 τῶν
2438 1051 2760 1122 πειρασμῶν
2795 1052 3136 1122 πιεζόμενος,
3174 1051 3309 1123 μηδὲ
3349 1051 3559 1119 ξενίζον
3594 1053 3688 1108 ἐπὶ

2110 1142 2189 1213 τῷ
2221 1140 2396 1214 βάρει,
2428 1143 2525 1198 καὶ
2548 1146 2617 1215 τῇ
2665 1146 2833 1215 συχνῇ
2869 1143 3135 1208 ὲπιθέσει,
3168 1145 3264 1199 καὶ
3300 1147 3366 1216 τῇ
3408 1146 3686 1217 ἐκπορθή-

2112 1250 2215 1298 σει,
2257 1235 2349 1288 καὶ
2388 1233 2568 1299 διώξει
2595 1234 2704 1288 τῶν
2760 1234 2966 1306 νοητῶν
3011 1235 3324 1309 βαρϐάρων.
3360 1236 3687 1307 Ἐλπίζομεν

2109 1324 2238 1395 γὰρ,
2272 1325 2367 1379 ὲάν
2411 1326 2529 1397 μετ’
2573 1326 2923 1399 εὐχαριστίας
2963 1327 3363 1399 ὑπομείνωμεν,
3413 1329 3686 1400 σωτηρίαν

2114 1417 2314 1487 μᾶλλον
2340 1418 2404 1470 ὲκ
2436 1418 2546 1471 τῶν
2594 1418 2808 1490 ἐχθρῶν
2834 1420 3143 1492 εὑρίσκειν,
3174 1421 3270 1474 καὶ
3316 1420 3426 1474 τῶν
3463 1420 3686 1494 μισούν-

2108 1525 2217 1563 των
2245 1510 2413 1580 ἡμᾶς.

2634 1600 2753 1655 PZ'.
2770 1631 2840 1642 ——
2872 1600 2956 1667 Τῷ
2977 1600 3156 1667 αὐτῷ.

2189 1690 2257 1744 Ἦ
2285 1690 2466 1763 πλήγη
2495 1708 2597 1763 μου
2621 1692 2838 1764 στερεά,
2872 1695 3035 1764 φησιν
3071 1694 3343 1767 Ἱερεμίας
3373 1695 3683 1767 προφήτηςι

2110 1780 2171 1847 ἐξ
2199 1783 2468 1855 ἡμετέρου
2506 1783 2800 1857 προσώπου
2833 1785 2962 1849 τοὺς
2988 1785 3256 1858 ὀδυρμοὺς
3288 1786 3531 1856 ὑφαίνων
3556 1803 3571 1818 ·
3597 1787 3685 1839 ἵνα

436 1852 622 1907 valent
664 1853 848 1918 nobis,
890 1855 984 1924 qui
1022 1870 1122 1911 nos
1148 1856 1521 1912 contristant?
1552 1836 1774 1923 coxisti,
1806 1836 2001 1913 etnon

2123 1836 2171 1925 εί
2191 1836 2253 1925 οἵ
2272 1836 2568 1938 λυποῦντες
2596 1836 2666 1945 με
2697 1836 3185 1947 κατισχύόυσ-ί-μου
3201 1836 3683 1949 ξἰέιῆέιξέυσᾷςξ

394 1984 413 2011 .,
435 1945 734 2014 pepercisti
764 1948 830 2003 υ.
871 1945 1260 2017 Archimagiro
1299 1964 1537 2020 namque
1576 1949 2005 2018 Nahuzardano,

434 2042 490 2087 et
540 2033 638 2105 iis,
696 2035 857 2106 168
904 2036 1000 2107 qui
1054 2052 1179 2095 cum
1224 2052 1290 2093 eo
1337 2046 1530 2105 erant,
1584 2040 1884 2111 tradidisti.
1944 2041 2010 2096 Et

436 2120 693 2179 Ilabacuc
714 2125 931 2180 dicebat
950 2126 1016 2180 ad
1044 2126 1354 2181 Dominum.
1377 2125 1449 2182 Ut
1470 2128 1600 2199 quid
1626 2128 1757 2186 siles
1779 2131 2010 2188 videns?

434 2223 491 2269 et
514 2215 719 2287 impius
753 2218 984 2289 deglutit
1011 2219 1250 2288 justum,
1284 2228 1343 2275 et
1374 2221 1579 2276 toleras
1611 2222 1696 2277 ³η

944 2306 1123 2364 CVIII.
1167 2339 1239 2351 -—-
1275 2308 1485 2366 Eidem.

506 2395 628 2452 Non
670 2405 883 2454 tantum
919 2412 1261 2472 peccatores,
1305 2402 1399 2457 sed
1438 2405 1532 2473 qui
1571 2406 1738 2461 etiam
1769 2407 2009 2463 maxime

436 2488 601 2545 bonis
630 2491 898 2562 operibus
932 2507 1155 2564 operam
1200 2512 1405 2554 navare
1441 2499 1713 2564 nituntur,
1753 2515 2010 2570 saepenuv

440 2597 593 2636 mero
644 2582 994 2650 deseruntur,
1046 2593 1105 2640 ut
1150 2588 1492 2659 patientiam,
1544 2600 1600 2645 et
1657 2590 2007 2648 tolerantiam

437 2671 749 2739 addiscant,
787 2686 839 2731 et
866 2677 1181 2746 superbiam
1227 2679 1418 2735 vitent.
1460 2681 1525 2737 Et
1556 2681 1846 2752 Scriptura
1880 2683 1959 2739 ait
1990 2702 2004 2740 :
2054 2704 2060 2711 ·

443 2782 463 2815 ι
499 2763 614 2820 Sub
640 2766 823 2838 impiis
866 2769 1074 2824 cadunt
1102 2772 1423 2843 prmscripto
1460 2782 1723 2843 tempore,
1756 2784 1811 2830 et
1844 2776 2008 2833 intel-

408 2908 414 2917 ,
436 2856 699 2913 lectuales
712 2858 856 2916 aedes
875 2860 943 2915 ab
961 2862 1143 2933 impiis
1158 2862 1584 2920 devastantur“.
1599 2867 2005 2939 »Βυτειιιηῳιοε

440 2967 460 3001 ι
483 2945 700 3015 Iustus,
723 2950 818 3016 ait,
850 2951 1122 3021 abimpiis
1155 2952 1437 3009 deridetur
1465 2955 1549 3023 “;
1576 2956 1828 3025 —Deus,
1861 2958 2010 3017 Deus

412 3059 629 3109 meus,
664 3047 887 3107 attende
915 3047 1074 3114 mihi,
1109 3056 1170 3103 ut
1204 3049 1337 3122 quid
1360 3048 1702 3122 dereliquisti
1744 3054 1948 3119 me"?
1984 3074 2004 3108 ι

2112 1962 2208 2015 καὶ
2234 1963 2337 2017 οὐκ
2379 1964 2603 2033 ἐφείσω.
2632 1963 2724 2035 Τῷ
2750 1965 2859 2036 γὰρ
2886 1967 3266 2039 ἀρχιμαγείρῳ
3296 1967 3686 2037 Ναϐουζαρδάν

2111 2067 2202 2121 με.
2236 2051 2463 2117 καὶτοῖς
2491 2054 2630 2123 ἀμφ’
2647 2053 2809 2107 αὑτὸν
2834 2050 3157 2119 ἐκδέδωκας.
3174 2054 3284 2109 Kal
3307 2057 3336 2108 6
3360 2054 3686 2126 Ἀμϐακοὺμ

2109 2141 2246 2213 πρὸς
2279 2143 2481 2215 Κύριον
2526 2143 2711 2213 ἔλεγεν
2731 2161 2747 2177 ⁸
2772 2145 2893 2198 Ἵνα
2938 2144 2992 2197 τί
3023 2146 3391 2217 παρασιωπᾷς
3444 2145 3683 2216 βλέπων,

2107 2235 2190 2289 ὅτι
2217 2236 2246 2289 ό
2276 2234 2480 2309 ἀσεϐὴς
2502 2236 2791 2292 καταπίνει
2814 2237 2907 2291 τὸν
2931 2236 3160 2303 δίκαιον,
3192 2239 3291 2293 καὶ
3312 2238 3480 2311 ἀνέχῃ
3501 2255 3517 2304 ;

2622 2328 2752 2385 PH’.
2773 2358 2844 2369 -—
2874 2326 2959 2392 Τῷ
2989 2327 3169 2394 αὐτῷ.

2180 2417 2256 2471 Οὑ
2296 2418 2457 2489 μόνον
2490 2418 2809 2489 ἁμαρτωλοὶ
2837 2418 3136 2490 ἄνθρωποι,
3172 2419 3309 2475 ἀλλά
3356 2422 3452 2475 καὶ
3475 2422 3526 2475 οἱ
3559 2421 3681 2475 λίαν

2109 2508 2293 2579 πάσης
2309 2509 2675 2582 ἀνδραγαθίας
2695 2509 3018 2580 ἀντέχεσθαι
3050 2511 3393 2577 σπεύδοντες,
3423 2512 3685 2577 πολλάκις

2107 2600 2698 2672 ὲγκαταλιμπάνονται,
2746 2601 2885 2670 πρός
2917 2618 2978 2655 τε
3012 2600 3073 2655 τὸ
3113 2602 3431 2673 διδαχθῆναι
3477 2604 3683 2674 ὑπομοο

2108 2692 2227 2763 νὴν,
2256 2693 2351 2746 καὶ
2394 2692 2710 2764 καρτερίαν.
2742 2694 2835 2747 καὶ
2867 2693 3004 2765 πρὸς
3037 2694 3356 2765 ἀποτροπὴν
3391 2696 3492 2764 τῆς
3517 2696 3686 2766 ὑπερο

2108 2784 2399 2855 ηφανείαςο
2434 2785 2528 2839 καὶ
2559 2783 2635 2849 ὤς
2681 2802 2846 2857 φησιν
2872 2786 2906 2856 ὴ
2940 2778 3131 2857 Γραφή
3151 2803 3167 2819 -
3202 2805 3220 2837 ‹
3247 2786 3553 2840 Πίπτουσιν
3581 2786 3686 2839 ὑπὸ

2107 2878 2221 2940 τοῖς
2263 2876 2487 2946 ἀνόμοις
2525 2877 2716 2949 χρόνον
2763 2877 2981 2939 τακτὸν,
3034 2878 3131 2931 καὶ
3164 2878 3292 2941 τοὺς
3348 2877 3578 2948 νοητοὺς
3609 2878 3686 2931 σί-

2108 2986 2240 3034 κους
2286 2970 2678 3042 ὲκπορθοῢνται
2725 2971 2829 3024 ὑπὸ
2877 2970 3116 3043 ἀνόμων.
3151 2988 3170 3022 ι
3193 2971 3304 3023 Καὶ
3330 2970 3492 3023 πάλιν
3514 2985 3531 3002 ·
3567 2986 3590 3023 α
3628 2969 3685 3023 '0

2107 3061 2336 3127 δίκαιος,
2367 3062 2555 3133 φησὶν,
2585 3061 2694 3116 ὑπὸ
2734 3062 2842 3116 τῶν
2875 3061 3091 3133 ἀνόμων
3120 3059 3511 3129 καταγελᾶται.
3531 3088 3602 3100 ——
3626 3059 3686 3114 '0

437 3135 505 3189 Et
533 3138 664 3193 alibi
714 3140 983 3209 scriptum
1012 3149 1096 3198 est
1131 3160 1145 3197 :
1188 3160 1208 3195 σ
1248 3143 1470 3200 Gratias
1520 3161 1623 3215 ago
1668 3147 1792 3213 tibi,
1839 3147 2006 3216 Deus,

2123 3152 2265 3219 θεὸς,
2294 3155 2324 3207 ό
2349 3153 2481 3217 Θεός
2517 3169 2642 3223 μου,
2689 3153 2925 3225 πρόσχες
2960 3169 3071 3223 μοι,
3105 3153 3193 3205 ἵνα
3231 3152 3283 3204 τί
3329 3149 3688 3219 ἐγκατέλιπές

433 3229 584 3298 quod
630 3232 950 3301 percussisti
1003 3249 1113 3296 me,
1155 3244 1209 3291 et
1245 3237 1492 3291 avertistl
1546 3238 1742 3293 faciem
1796 3246 1944 3294 tuam
1976 3255 2008 3294 a

2123 3262 2214 3318 με;
2246 3264 2265 3298 ι
2311 3246 2422 3299 Καὶ
2466 3245 2627 3300 πάλιν
2678 3246 3027 3317 γέγραπται·
3080 3264 3100 3297 ι
3148 3243 3472 3316 Εὑχαριστῶ
3526 3242 3689 3306 σοι,ὑ

414 3338 542 3383 me.
582 3329 637 3377 et
672 3330 798 3393 post
848 3325 964 3380 haec
1014 3326 1365 3384 misereberis
1409 3329 1537 3386 mei.
1581 3351 1600 3383 ι
1630 3330 1698 3385 Ει
1744 3347 2007 3389 rursum:

440 3431 460 3463 ι
503 3413 750 3479 Quantas
800 3416 1094 3473 ostendisti
1139 3417 1270 3473 mihi
1320 3404 1733 3488 tribulationes,
1783 3424 2008 3488 multas,

411 3515 491 3575 ,οι
518 3506 713 3570 malas,
762 3514 817 3565 et
848 3522 1105 3566 reversus
1140 3511 1431 3567 viviﬁeasti
1466 3529 1574 3575 me,
1603 3524 1656 3569 et
1694 3531 1760 3570 ex
1790 3517 2011 3587 abyssis

432 3603 597 3652 teme
620 3598 858 3655 eduxisti
882 3601 1012 3657 me?
1044 3601 1419 3672 Multiplicasti
1464 3620 1633 3676 super
1665 3623 1753 3663 me
1797 3610 2013 3679 magni-

435 3687 684 3744 tudinem
711 3696 882 3755 tuam,
919 3699 977 3746 et
1016 3707 1275 3749 reversus
1312 3696 1636 3752 consolatus
1663 3714 1722 3753 es
1760 3714 1847 3754 me
1869 3701 1935 3753 ".
1986 3718 2004 3751 ι

978 3959 1115 4017 CIX.
1157 3991 1228 4001 -—-
1261 3960 1469 4017 Eidem.

508 4050 765 4124 Ingentes
796 4052 1158 4122 aegritudines
1178 4053 1600 4124 despicationis,
1626 4063 1683 4109 et
1704 4054 2010 4124 jactantiae,

436 4152 494 4201 et
522 4143 760 4216 propriae
776 4143 1224 4209 existimationis,
1249 4152 1304 4200 et
1333 4146 1597 4202 similium
1626 4145 1683 4199 in
1717 4145 1928 4202 intimis
1949 4160 2015 4202 ac

437 4237 742 4294 latentibus
797 4238 1177 4307 penetralibus
1234 4237 1668 4301 abscondentes.
1718 4239 2011 4295 hominum

438 4330 754 4400 plerosque,
785 4343 1000 4399 nosque
1036 4331 1306 4400 metipsos
1348 4330 1652 4400 saepissime
1695 4346 1790 4402 per
1821 4331 2018 4386 incon-

438 4421 797 4479 siderantiam
827 4422 1089 4479 fallimus.
1123 4421 1232 4478 Sed
1262 4438 1497 4493 magnus
1543 4424 1853 4478 animarum
1913 4438 2015 4477 no-

2110 3337 2268 3404 Θεδς,
2302 3336 2387 3391 ὅτι
2417 3337 2695 3403 ὲπάταξάς
2739 3355 2827 3409 με,
2864 3337 2958 3392 καὶ
3015 3336 3367 3408 ἀπέστρεψας
3424 3334 3486 3388 τὸ
3518 3334 3691 3407 πρόσ-

2111 3429 2259 3482 ωπόν
2300 3446 2392 3482 σου
2424 3428 2520 3484 ἀπ’
2557 3428 2715 3500 ἐμοῦ,
2746 3429 2840 3482 καὶ
2889 3427 3029 3498 μετὰ
3062 3425 3233 3481 ταῦτα
3269 3427 3516 3498 ὲλεήσεις
3547 3441 3637 3496 με.
3663 3442 3683 3475 ι

2112 3523 2222 3575 Καὶ
2264 3521 2455 3577 πάλιν
2486 3541 2504 3573 ι
2529 3522 2701 3586 Ὅσας
2743 3520 2950 3585 ἕδειξάς
2986 3538 3077 3591 μοι
3104 3519 3311 3590 θλίψεις
3342 3517 3562 3583 πολλάς,
3592 3517 3691 3571 καὶ

2112 3615 2308 3681 κακὰς,
2344 3615 2440 3669 καὶ
2472 3612 2804 3684 ἐπιστρέψας
2828 3610 3197 3680 ἐζωοποίησάς
3236 3626 3326 3680 με,
3349 3609 3445 3662 καὶ
3484 3607 3552 3660 ἐκ
3578 3605 3691 3660 τῶν

2112 3707 2364 3762 ἀϐύσσων
2385 3707 2481 3778 τῆς
2511 3705 2615 3776 γῆς
2642 3705 2913 3777 ἀνήγαγες
2945 3719 3047 3774 με;
3081 3699 3456 3762 Ἐπλεώνασας
3482 3699 3568 3751 ἐπ’
3586 3696 3689 3768 ἐμὲ

2111 3796 2211 3866 τὴν
2243 3794 2631 3866 μεγαλωσύνην
2662 3811 2778 3861 σου,
2821 3795 2917 3848 καὶ
2945 3791 3277 3865 ἐπιστρέψας
3307 3787 3691 3862 παρεκάλεσάς

2117 3904 2207 3957 με.
2239 3907 2257 3940 ι

2626 3976 2750 4032 ΡΘ’.
2781 4007 2850 4018 -
2877 3975 2963 4043 Τῷ
2988 3972 3169 4041 αὐτῷ.
3528 4050 3529 4055 γ

2185 4069 2412 4139 Μεγάλα
2438 4070 2719 4141 νοσήματα
2749 4068 3072 4140 ὑπεροψίας,
3108 4067 3203 4121 καὶ
3230 4064 3423 4134 τύφου,
3454 4056 3549 4117 καὶ
3569 4060 3696 4131 οἰή-

2117 4180 2275 4227 σεως,
2310 4164 2405 4218 καὶ
2456 4164 2567 4217 τῶν
2614 4162 2870 4216 τοιούτων
2910 4163 2968 4215 ὲν
3007 4162 3122 4224 τοῖς
3163 4158 3427 4230 κρυπτοῖς
3474 4153 3698 4223 ἔχοντες

2114 4256 2404 4326 ταμιείοις,
2438 4253 2566 4317 τοὺς
2609 4253 2839 4317 πολλοὺς
2866 4253 2977 4307 τῶν
3014 4250 3352 4323 ἀνθρώπων,
3394 4245 3489 4301 καὶ
3541 4244 3699 4316 ἡμᾶς

2117 4347 2316 4410 αὑτοὺς
2353 4344 2614 4408 πολλάκις
2658 4344 2995 4414 λανθάνομεν
3022 4343 3112 4397 διά
3160 4341 3222 4395 τὸ
3263 4339 3692 4395 ἀνεπίσκεπτον.

2130 4439 2268 4491 Ἀλλ’
2307 4440 2336 4492 6
2389 4438 2563 4509 μέγας
2618 4437 2726 4490 τῶν
2756 4435 2947 4506 ψυχῶν
2989 4434 3148 4505 ἡμῶν
3200 4431 3384 4503 ἰατρὸς
3416 4424 3698 4489 οἶδε,πῶς

439 4524 684 4572 strarum
715 4515 961 4572 medicus
982 4516 1201 4571 abunde
1230 4516 1691 4587 novit,quomodo
1714 4516 2011 4571 abscondi-

2123 4530 2512 4601 ἐπιμελήσεται
2545 4528 2652 4583 τῶν
2685 4529 2953 4601 κρυφίων.
3006 4525 3099 4598 Μὴ
3133 4520 3228 4579 οὖν
3267 4518 3695 4592 ἀγανακτῶμεν.

443 4605 518 4661 tis
572 4619 733 4674 opem
791 4602 952 4659 ferat.
995 4601 1077 4660 Ne
1119 4604 1288 4675 igitur
1338 4619 1481 4675 :rgre
1527 4604 1795 4668 feramus,
1837 4619 2014 4674 neque

442 4695 686 4751 animum
705 4693 1167 4765 despondeamns,
1190 4709 1368 4765 neque
1389 4695 1767 4765 desperemus,
1792 4700 2016 4763 propter

440 4806 527 4856 ea,
552 4803 678 4860 qua:
698 4790 857 4844 nobis
878 4803 988 4842 non
1016 4789 1321 4859 incongrue
1343 4788 1608 4843 Dominus
1639 4787 1884 4843 adducit.

782 4950 785 4953 λ
899 4881 1059 4953 139
1094 4881 1209 4937 ex.
1247 4912 1321 4925 —
1358 4881 1567 4936 Eidem.

513 4976 670 5034 Multi
704 4977 761 5032 in
800 4977 1094 5047 praesentis
1140 4976 1325 5031 saeculi
1368 4974 1774 5031 valetudinario
1814 4973 2018 5029 infirmi

439 5070 652 5139 jacent,
691 5080 746 5125 et
794 5069 889 5124 alii
937 5069 1281 5124 resolutione
1320 5083 1621 5122 nervorum
1660 5067 2019 5122 infestantur.

444 5163 658 5229 Quibus
686 5163 948 5219 omnibus
971 5176 1084 5216 non
1115 5175 1223 5216 una
1248 5161 1522 5215 medicina
1547 5159 1821 5230 congruit,
1844 5174 2023 5230 neque

445 5258 665 5316 confert
693 5259 952 5314 omnibus
984 5272 1095 5312 una
1124 5256 1431 5325 eademque
1474 5269 1665 5310 mensa
1692 5273 1706 5309 :
1740 5256 2023 5326 propriam

443 5352 597 5408 enim
643 5350 845 5421 cuique
890 5358 947 5405 et
992 5349 1348 5413 medicinam,
1402 5357 1460 5403 et
1505 5348 1690 5403 victus
1744 5349 2019 5405 rationem

446 5442 697 5501 medicus
719 5440 988 5512 assignat.

983 5531 1123 5589 CXI.
1164 5561 1234 5573 -
1276 5530 1485 5586 Eidem.

516 5622 639 5689 Hie,
669 5624 770 5690 ait,
799 5631 1038 5694 aegrotus
1085 5623 1247 5679 melle
1294 5623 1635 5695 frequentius
1681 5625 2020 5695 permulcea-

2122 4623 2256 4695 μηδὲ
2308 4620 2730 4695 μικροψυχῶμεν
2752 4660 2768 4684 ,
2826 4620 2925 4673 καὶ
2974 4614 3437 4687 ἀποδυσπετῶμεν
3485 4611 3572 4681 ἐφ’
3606 4602 3697 4671 οἷς

2118 4717 2252 4786 ἡμῖν
2286 4714 2638 4786 ἁρμοζόντως
2672 4714 2871 4785 ἐπάγει
2903 4713 2933 4766 6
2964 4710 3192 4784 Κύριος.

2634 4893 2749 4947 -Pl'.
2773 4921 2844 4931 -—
2872 4888 2956 4955 ἳὶῖ)
2984 4887 3163 4954 αὐτῷ.

2192 4984 2383 5039 Πολλοὶ
2435 4980 2495 5041 ὲν
2533 4984 2613 5055 τῷ
2663 4982 2999 5053 νοσοκομείῳ
3046 4980 3141 5033 τοῦ
3190 4978 3457 5049 παρόντος
3496 4974 3696 5038 αἰῶνος

2120 5079 2461 5150 ὑπάρχουσιν
2489 5077 2786 5149 ἄρρωστοι,
2822 5076 2917 5128 καὶ
2944 5071 3327 5144 παραλυτικοί.
3359 5069 3435 5124 Οὑ
3465 5068 3599 5122 πᾶσι
3629 5064 3696 5119 δὲ

2119 5170 2154 5238 ἡ
2180 5168 2317 5237 αὑτὴ
2347 5158 2579 5238 ἁρμόζει
2610 5164 2921 5238 φαρμακία,
2954 5163 3015 5216 οὑ
3045 5162 3103 5215 δὲ
3131 5163 3297 5215 πᾶσιν
3324 5161 3358 5231 ἡ
3391 5158 3531 5229 αὑτὴ
3554 5172 3698 5226 συμο

2086 5278 2089 5279 ⁷
2120 5261 2374 5315 ϐάλλεται
2403 5258 2670 5331 τράπεζα.
2694 5256 2872 5327 ’Ἄλλῳ
2912 5254 3020 5325 γὰρ
3046 5253 3222 5316 ἄλλως
3248 5251 3347 5325 τὴν
3374 5248 3695 5322 περιωδίαν,

2119 5352 2216 5407 καὶ
2233 5342 2341 5424 τὴν
2362 5351 2571 5405 δίαιταν
2597 5347 2896 5419 προσφέρει
2923 5348 2951 5400 6
2984 5343 3189 5415 ἰατρός.

2615 5524 2765 5579 ΡῙΑ⁹.
2789 5553 2859 5565 —-
2902 5521 2986 5576 Τῶ
3016 5519 3196 5585 αὐτῷ.

2198 5613 2391 5685 Οὗτος,
2421 5619 2610 5692 φησὶν,
2641 5619 2671 5671 6
2713 5618 2995 5689 ἄρρωστος
3036 5612 3115 5684 τῷ
3148 5611 3321 5683 μέλιτι
3359 5601 3691 5679 παρηγορειο

525 5764 566 5794 η
597 5762 728 5817 Luc.
760 5778 799 5826 t,
824 5762 916 5815 7|.
991 5764 1036 5794 ¹⁰
1062 5762 1171 5818 Jer.
1198 5764 1400 5828 xv,18.
1479 5768 1518 5798 ²¹
1548 5764 1748 5822 Tltren.
1782 5780 1846 5831 ιι,
1884 5764 1975 5819 21.

2140 5761 2347 5817 Habac.
2391 5774 2430 5826 ι,
2463 5758 2547 5815 I5.
2586 5757 2630 5790 ’³
2656 5754 2757 5811 Job
2779 5769 2874 5818 xu,
2913 5751 2966 5807 5.
3044 5750 3087 5783 ”
3116 5748 3253 5804 Ibid.
3292 5746 3342 5801 4.
3440 5744 3485 5776 ’⁸
3514 5741 3661 5807 Psal.

479 5848 592 5897 ut,
632 5833 679 5886 I.
774 5833 817 5864 ³⁸
848 5832 991 5888 Psal.
1028 5849 1154 5898 tu,
1184 5834 1281 5899 ΞΟ,
1315 5835 1403 5888 21.
