  <div class='ocr_page' id='page_1' title='image "/cluster/home/n/w/nwhite01/storage/ocr_20150623/79/hvd.32044010610517/133.png"; bbox 0 0 3888 6040; ppageno 0'>
   <div class='ocr_carea' id='block_1_1' title="bbox 420 352 2158 437">
    <p class='ocr_par' dir='ltr' id='par_1_1' title="bbox 420 352 2158 437">
     <span class='ocr_line' id='line_1_1' title="bbox 420 352 2158 437; baseline 0.009 -15"><span class='ocrx_word' id='word_1_1' title='bbox 420 357 524 422; x_wconf 76' lang='lat'><strong>251</strong></span> <span class='ocrx_word' id='word_1_2' title='bbox 1889 373 1950 435; x_wconf 87' lang='lat' dir='ltr'><strong>s.</strong></span> <span class='ocrx_word' id='word_1_3' title='bbox 1992 352 2158 437; x_wconf 73' lang='lat' dir='ltr'><strong>Nm</strong></span> 
     </span>
    </p>
   </div>
   <div class='ocr_carea' id='block_1_2' title="bbox 660 439 1998 563">
    <p class='ocr_par' dir='ltr' id='par_1_2' title="bbox 660 470 1775 541">
     <span class='ocr_line' id='line_1_2' title="bbox 660 470 1775 541; baseline 0.01 -12"><span class='ocrx_word' id='word_1_4' title='bbox 660 470 870 529; x_wconf 73' lang='lat' dir='ltr'><strong>CXV&quot;.</strong></span> <span class='ocrx_word' id='word_1_5' title='bbox 903 505 972 516; x_wconf 91' lang='lat'><strong>—-</strong></span> <span class='ocrx_word' id='word_1_6' title='bbox 1001 473 1394 538; x_wconf 80' lang='lat' dir='ltr'><strong>THEOPHILO</strong></span> <span class='ocrx_word' id='word_1_7' title='bbox 1423 483 1775 541; x_wconf 82' lang='lat' dir='ltr'><strong>MONACHO.</strong></span> 
     </span>
    </p>
   </div>
   <div class='ocr_carea' id='block_1_3' title="bbox 2110 439 3313 563">
    <p class='ocr_par' dir='ltr' id='par_1_3' title="bbox 2429 439 3313 563">
     <span class='ocr_line' id='line_1_3' title="bbox 2429 439 3313 563; baseline -0.001 -18"><span class='ocrx_word' id='word_1_8' title='bbox 2429 439 2574 545; x_wconf 62' lang='lat' dir='ltr'><strong>riz&#39;.</strong></span> <span class='ocrx_word' id='word_1_9' title='bbox 2599 521 2668 532; x_wconf 89' lang='grc'><strong><em>-</em></strong></span> <span class='ocrx_word' id='word_1_10' title='bbox 2684 490 2976 563; x_wconf 73' lang='grc' dir='ltr'>θευψιΑςι</span> <span class='ocrx_word' id='word_1_11' title='bbox 3002 471 3313 562; x_wconf 65' lang='lat' dir='ltr'><strong>Momm).</strong></span> 
     </span>
    </p>
   </div>
   <div class='ocr_carea' id='block_1_4' title="bbox 482 561 1998 656">
    <p class='ocr_par' dir='ltr' id='par_1_4' title="bbox 482 561 1998 646">
     <span class='ocr_line' id='line_1_4' title="bbox 482 561 1998 646; baseline 0.01 -28"><span class='ocrx_word' id='word_1_12' title='bbox 482 561 584 629; x_wconf 83' lang='lat' dir='ltr'><strong>Nc,</strong></span> <span class='ocrx_word' id='word_1_13' title='bbox 612 571 674 618; x_wconf 91' lang='lat' dir='ltr'><strong>ut</strong></span> <span class='ocrx_word' id='word_1_14' title='bbox 704 580 763 619; x_wconf 84' lang='lat' dir='ltr'><strong>se</strong></span> <span class='ocrx_word' id='word_1_15' title='bbox 816 581 941 621; x_wconf 88' lang='lat' dir='ltr'><strong>sors</strong></span> <span class='ocrx_word' id='word_1_16' title='bbox 973 569 1184 638; x_wconf 75' lang='lat' dir='ltr'><strong>tulerit,</strong></span> <span class='ocrx_word' id='word_1_17' title='bbox 1235 580 1290 626; x_wconf 91' lang='lat' dir='ltr'><strong>et</strong></span> <span class='ocrx_word' id='word_1_18' title='bbox 1323 574 1444 630; x_wconf 90' lang='lat' dir='ltr'><strong>sine</strong></span> <span class='ocrx_word' id='word_1_19' title='bbox 1506 576 1712 646; x_wconf 60' lang='lat' dir='ltr'><strong>praevio</strong></span> <span class='ocrx_word' id='word_1_20' title='bbox 1748 577 1998 633; x_wconf 82' lang='lat' dir='ltr'><strong>examine</strong></span> 
     </span>
    </p>
   </div>
   <div class='ocr_carea' id='block_1_5' title="bbox 2110 561 3690 656">
    <p class='ocr_par' dir='ltr' id='par_1_5' title="bbox 2178 561 3690 656">
     <span class='ocr_line' id='line_1_5' title="bbox 2178 561 3690 656; baseline -0.001 -17"><span class='ocrx_word' id='word_1_21' title='bbox 2178 583 2270 656; x_wconf 82' lang='grc' dir='ltr'><strong>Μὴ</strong></span> <span class='ocrx_word' id='word_1_22' title='bbox 2306 582 2383 647; x_wconf 85' lang='grc' dir='ltr'>ὼς</span> <span class='ocrx_word' id='word_1_23' title='bbox 2415 582 2592 656; x_wconf 75' lang='grc' dir='ltr'>ἔτυχε,</span> <span class='ocrx_word' id='word_1_24' title='bbox 2627 586 2723 639; x_wconf 57' lang='grc' dir='ltr'><strong>καλ⁹</strong></span> <span class='ocrx_word' id='word_1_25' title='bbox 2747 561 3124 648; x_wconf 79' lang='grc' dir='ltr'>ἀσασανίστως</span> <span class='ocrx_word' id='word_1_26' title='bbox 3156 580 3530 655; x_wconf 83' lang='grc' dir='ltr'>μετατιθῶμεν</span> <span class='ocrx_word' id='word_1_27' title='bbox 3551 582 3690 638; x_wconf 68' lang='grc' dir='ltr'>δαυ-</span> 
     </span>
    </p>
   </div>
   <div class='ocr_carea' id='block_1_6' title="bbox 413 655 1998 748">
    <p class='ocr_par' dir='ltr' id='par_1_6' title="bbox 413 655 1992 732">
     <span class='ocr_line' id='line_1_6' title="bbox 413 655 1992 732; baseline 0.007 -21"><span class='ocrx_word' id='word_1_28' title='bbox 413 670 521 711; x_wconf 82' lang='lat' dir='ltr'><strong>nos</strong></span> <span class='ocrx_word' id='word_1_29' title='bbox 549 671 616 710; x_wconf 79' lang='lat' dir='ltr'><strong>ex</strong></span> <span class='ocrx_word' id='word_1_30' title='bbox 642 655 782 712; x_wconf 89' lang='lat' dir='ltr'><strong>locis</strong></span> <span class='ocrx_word' id='word_1_31' title='bbox 831 658 884 711; x_wconf 90' lang='lat' dir='ltr'><strong>iu</strong></span> <span class='ocrx_word' id='word_1_32' title='bbox 915 659 1019 714; x_wconf 89' lang='lat' dir='ltr'><strong>alia</strong></span> <span class='ocrx_word' id='word_1_33' title='bbox 1058 662 1176 715; x_wconf 89' lang='lat' dir='ltr'><strong>loca</strong></span> <span class='ocrx_word' id='word_1_34' title='bbox 1209 673 1640 722; x_wconf 82' lang='lat' dir='ltr'><strong>transmutemus</strong></span> <span class='ocrx_word' id='word_1_35' title='bbox 1671 683 1688 732; x_wconf 89' lang='lat'><strong>;</strong></span> <span class='ocrx_word' id='word_1_36' title='bbox 1727 668 1836 723; x_wconf 92' lang='lat' dir='ltr'><strong>imo</strong></span> <span class='ocrx_word' id='word_1_37' title='bbox 1869 682 1992 723; x_wconf 86' lang='lat' dir='ltr'><strong>cum</strong></span> 
     </span>
    </p>
   </div>
   <div class='ocr_carea' id='block_1_7' title="bbox 2110 655 3689 748">
    <p class='ocr_par' dir='ltr' id='par_1_7' title="bbox 2110 655 3689 748">
     <span class='ocr_line' id='line_1_7' title="bbox 2110 655 3689 748; baseline 0.002 -19"><span class='ocrx_word' id='word_1_38' title='bbox 2110 675 2228 740; x_wconf 76' lang='grc' dir='ltr'>τοὺς</span> <span class='ocrx_word' id='word_1_39' title='bbox 2260 655 2385 730; x_wconf 13' lang='grc' dir='ltr'>ίάπδ</span> <span class='ocrx_word' id='word_1_40' title='bbox 2425 655 2613 731; x_wconf 87' lang='grc' dir='ltr'>τόπων</span> <span class='ocrx_word' id='word_1_41' title='bbox 2661 677 2743 742; x_wconf 83' lang='grc' dir='ltr'>εἰς</span> <span class='ocrx_word' id='word_1_42' title='bbox 2805 677 3024 743; x_wconf 80' lang='grc' dir='ltr'><strong>τόπους,</strong></span> <span class='ocrx_word' id='word_1_43' title='bbox 3061 676 3260 748; x_wconf 75' lang='grc' dir='ltr'>μᾶλλον</span> <span class='ocrx_word' id='word_1_44' title='bbox 3292 676 3351 730; x_wconf 84' lang='grc' dir='ltr'>δὲ</span> <span class='ocrx_word' id='word_1_45' title='bbox 3386 675 3689 748; x_wconf 74' lang='grc' dir='ltr'>στήκωμεν</span> 
     </span>
    </p>
   </div>
   <div class='ocr_carea' id='block_1_8' title="bbox 411 747 1998 841">
    <p class='ocr_par' dir='ltr' id='par_1_8' title="bbox 411 747 1998 830">
     <span class='ocr_line' id='line_1_8' title="bbox 411 747 1998 830; baseline 0.009 -32"><span class='ocrx_word' id='word_1_46' title='bbox 411 747 676 816; x_wconf 72' lang='lat' dir='ltr'><strong>patientia</strong></span> <span class='ocrx_word' id='word_1_47' title='bbox 709 749 1084 805; x_wconf 87' lang='lat' dir='ltr'><strong>consistamus</strong></span> <span class='ocrx_word' id='word_1_48' title='bbox 1135 763 1379 819; x_wconf 76' lang='lat' dir='ltr'><strong>orantes,</strong></span> <span class='ocrx_word' id='word_1_49' title='bbox 1414 765 1473 810; x_wconf 91' lang='lat' dir='ltr'><strong>ut</strong></span> <span class='ocrx_word' id='word_1_50' title='bbox 1530 766 1756 811; x_wconf 71' lang='lat' dir='ltr'><strong>sanctus</strong></span> <span class='ocrx_word' id='word_1_51' title='bbox 1785 756 1998 830; x_wconf 85' lang='lat' dir='ltr'><strong>Moyses</strong></span> 
     </span>
    </p>
   </div>
   <div class='ocr_carea' id='block_1_9' title="bbox 2110 747 3690 841">
    <p class='ocr_par' dir='ltr' id='par_1_9' title="bbox 2110 747 3690 841">
     <span class='ocr_line' id='line_1_9' title="bbox 2110 747 3690 841; baseline 0.001 -20"><span class='ocrx_word' id='word_1_52' title='bbox 2110 767 2231 839; x_wconf 75' lang='grc' dir='ltr'>μεθ’</span> <span class='ocrx_word' id='word_1_53' title='bbox 2262 765 2540 839; x_wconf 82' lang='grc' dir='ltr'><strong>ὑπομονῆς</strong></span> <span class='ocrx_word' id='word_1_54' title='bbox 2566 768 3010 841; x_wconf 80' lang='grc' dir='ltr'><strong>προσευχόμενοι,</strong></span> <span class='ocrx_word' id='word_1_55' title='bbox 3049 767 3229 838; x_wconf 72' lang='grc' dir='ltr'>καθὼς</span> <span class='ocrx_word' id='word_1_56' title='bbox 3258 767 3442 838; x_wconf 79' lang='grc' dir='ltr'>ἔλεγεν</span> <span class='ocrx_word' id='word_1_57' title='bbox 3471 747 3690 836; x_wconf 73' lang='grc' dir='ltr'>δαγοος</span> 
     </span>
    </p>
   </div>
   <div class='ocr_carea' id='block_1_10' title="bbox 3563 376 3690 444">
    <p class='ocr_par' dir='ltr' id='par_1_10' title="bbox 3563 376 3690 444">
     <span class='ocr_line' id='line_1_10' title="bbox 3563 376 3690 444; baseline -0.016 0"><span class='ocrx_word' id='word_1_58' title='bbox 3563 376 3690 444; x_wconf 71' lang='grc'><strong>252</strong></span> 
     </span>
    </p>
   </div>
   <div class='ocr_carea' id='block_1_11' title="bbox 412 836 2001 913">
    <p class='ocr_par' dir='ltr' id='par_1_11' title="bbox 412 836 2001 913">
     <span class='ocr_line' id='line_1_11' title="bbox 412 836 2001 913; baseline 0.008 -23"><span class='ocrx_word' id='word_1_59' title='bbox 412 836 481 890; x_wconf 92' lang='lat' dir='ltr'><strong>ad</strong></span> <span class='ocrx_word' id='word_1_60' title='bbox 550 837 832 893; x_wconf 82' lang='lat' dir='ltr'><strong>Israelitas</strong></span> <span class='ocrx_word' id='word_1_61' title='bbox 873 840 1092 895; x_wconf 83' lang='lat' dir='ltr'><strong>aiebat:</strong></span> <span class='ocrx_word' id='word_1_62' title='bbox 1122 861 1141 894; x_wconf 80' lang='grc' dir='ltr'><strong>ι</strong></span> <span class='ocrx_word' id='word_1_63' title='bbox 1176 842 1350 911; x_wconf 87' lang='lat' dir='ltr'><strong>State,</strong></span> <span class='ocrx_word' id='word_1_64' title='bbox 1379 845 1595 912; x_wconf 85' lang='lat' dir='ltr'><strong>audete,</strong></span> <span class='ocrx_word' id='word_1_65' title='bbox 1633 863 1703 903; x_wconf 91' lang='lat' dir='ltr'><strong>ne</strong></span> <span class='ocrx_word' id='word_1_66' title='bbox 1736 848 2001 913; x_wconf 89' lang='lat' dir='ltr'><strong>timeatis,</strong></span> 
     </span>
    </p>
   </div>
   <div class='ocr_carea' id='block_1_12' title="bbox 410 926 1999 1006">
    <p class='ocr_par' dir='ltr' id='par_1_12' title="bbox 410 926 1999 1006">
     <span class='ocr_line' id='line_1_12' title="bbox 410 926 1999 1006; baseline 0.009 -25"><span class='ocrx_word' id='word_1_67' title='bbox 410 933 466 981; x_wconf 91' lang='lat' dir='ltr'><strong>et</strong></span> <span class='ocrx_word' id='word_1_68' title='bbox 506 926 762 984; x_wconf 77' lang='lat' dir='ltr'><strong>videbitis</strong></span> <span class='ocrx_word' id='word_1_69' title='bbox 794 930 1065 985; x_wconf 76' lang='lat' dir='ltr'><strong>auxilium</strong></span> <span class='ocrx_word' id='word_1_70' title='bbox 1103 947 1135 986; x_wconf 86' lang='lat' dir='ltr'><strong>a</strong></span> <span class='ocrx_word' id='word_1_71' title='bbox 1166 933 1300 998; x_wconf 93' lang='lat' dir='ltr'><strong>Deo,</strong></span> <span class='ocrx_word' id='word_1_72' title='bbox 1329 942 1476 1006; x_wconf 89' lang='lat' dir='ltr'><strong>quod</strong></span> <span class='ocrx_word' id='word_1_73' title='bbox 1503 938 1752 994; x_wconf 77' lang='lat' dir='ltr'><strong>facturus</strong></span> <span class='ocrx_word' id='word_1_74' title='bbox 1780 945 1867 994; x_wconf 87' lang='lat' dir='ltr'><strong>est</strong></span> <span class='ocrx_word' id='word_1_75' title='bbox 1901 954 1999 994; x_wconf 87' lang='lat' dir='ltr'><strong>vo-</strong></span> 
     </span>
    </p>
   </div>
   <div class='ocr_carea' id='block_1_13' title="bbox 384 1017 656 1075">
    <p class='ocr_par' dir='ltr' id='par_1_13' title="bbox 384 1017 656 1075">
     <span class='ocr_line' id='line_1_13' title="bbox 384 1017 656 1075; baseline 0 -3"><span class='ocrx_word' id='word_1_76' title='bbox 384 1045 392 1052; x_wconf 84' lang='lat'><strong>-</strong></span> <span class='ocrx_word' id='word_1_77' title='bbox 427 1017 515 1075; x_wconf 85' lang='lat' dir='ltr'><strong>bis</strong></span> <span class='ocrx_word' id='word_1_78' title='bbox 535 1019 600 1074; x_wconf 76' lang='lat'><strong>“.</strong></span> <span class='ocrx_word' id='word_1_79' title='bbox 636 1038 656 1072; x_wconf 70' lang='grc' dir='ltr'><strong>ι</strong></span> 
     </span>
    </p>
   </div>
   <div class='ocr_carea' id='block_1_14' title="bbox 689 1153 1720 1216">
    <p class='ocr_par' dir='ltr' id='par_1_14' title="bbox 689 1153 1720 1216">
     <span class='ocr_line' id='line_1_14' title="bbox 689 1153 1720 1216; baseline 0.009 -8"><span class='ocrx_word' id='word_1_80' title='bbox 689 1153 992 1210; x_wconf 77' lang='lat' dir='ltr'><strong>CXVlll.-—</strong></span> <span class='ocrx_word' id='word_1_81' title='bbox 1009 1155 1420 1213; x_wconf 68' lang='lat' dir='ltr'><strong>ANASTASL‘E</strong></span> <span class='ocrx_word' id='word_1_82' title='bbox 1444 1157 1720 1216; x_wconf 80' lang='lat' dir='ltr'><strong>VIRGINI.</strong></span> 
     </span>
    </p>
   </div>
   <div class='ocr_carea' id='block_1_15' title="bbox 481 1238 2006 1320">
    <p class='ocr_par' dir='ltr' id='par_1_15' title="bbox 481 1238 2006 1320">
     <span class='ocr_line' id='line_1_15' title="bbox 481 1238 2006 1320; baseline 0.009 -24"><span class='ocrx_word' id='word_1_83' title='bbox 481 1238 738 1300; x_wconf 81' lang='lat' dir='ltr'><strong>Gratulor</strong></span> <span class='ocrx_word' id='word_1_84' title='bbox 770 1247 891 1313; x_wconf 85' lang='lat' dir='ltr'><strong>tibi,</strong></span> <span class='ocrx_word' id='word_1_85' title='bbox 919 1249 1063 1317; x_wconf 87' lang='lat' dir='ltr'><strong>quod</strong></span> <span class='ocrx_word' id='word_1_86' title='bbox 1109 1257 1203 1303; x_wconf 89' lang='lat' dir='ltr'><strong>tua</strong></span> <span class='ocrx_word' id='word_1_87' title='bbox 1236 1251 1344 1304; x_wconf 88' lang='lat' dir='ltr'><strong>vita</strong></span> <span class='ocrx_word' id='word_1_88' title='bbox 1371 1251 1500 1304; x_wconf 88' lang='lat' dir='ltr'><strong>luna</strong></span> <span class='ocrx_word' id='word_1_89' title='bbox 1531 1252 1766 1308; x_wconf 85' lang='lat' dir='ltr'><strong>lucidior</strong></span> <span class='ocrx_word' id='word_1_90' title='bbox 1804 1267 1910 1320; x_wconf 89' lang='lat' dir='ltr'><strong>est,</strong></span> <span class='ocrx_word' id='word_1_91' title='bbox 1942 1263 2006 1310; x_wconf 86' lang='lat' dir='ltr'><strong>e-t</strong></span> 
     </span>
    </p>
   </div>
   <div class='ocr_carea' id='block_1_16' title="bbox 411 1333 2004 1413">
    <p class='ocr_par' dir='ltr' id='par_1_16' title="bbox 411 1333 2004 1413">
     <span class='ocr_line' id='line_1_16' title="bbox 411 1333 2004 1413; baseline 0.009 -29"><span class='ocrx_word' id='word_1_92' title='bbox 411 1335 470 1384; x_wconf 80' lang='lat' dir='ltr'><strong>tu</strong></span> <span class='ocrx_word' id='word_1_93' title='bbox 506 1333 574 1388; x_wconf 91' lang='lat' dir='ltr'><strong>de</strong></span> <span class='ocrx_word' id='word_1_94' title='bbox 614 1335 789 1406; x_wconf 90' lang='lat' dir='ltr'><strong>teipsa</strong></span> <span class='ocrx_word' id='word_1_95' title='bbox 829 1339 1133 1395; x_wconf 82' lang='lat' dir='ltr'><strong>humillime</strong></span> <span class='ocrx_word' id='word_1_96' title='bbox 1162 1342 1354 1396; x_wconf 81' lang='lat' dir='ltr'><strong>sentis.</strong></span> <span class='ocrx_word' id='word_1_97' title='bbox 1408 1341 1659 1413; x_wconf 88' lang='lat' dir='ltr'><strong>Namque</strong></span> <span class='ocrx_word' id='word_1_98' title='bbox 1698 1343 1841 1399; x_wconf 91' lang='lat' dir='ltr'><strong>inter</strong></span> <span class='ocrx_word' id='word_1_99' title='bbox 1889 1361 2004 1400; x_wconf 80' lang='lat' dir='ltr'><strong>ma-</strong></span> 
     </span>
    </p>
   </div>
   <div class='ocr_carea' id='block_1_17' title="bbox 411 1423 2004 1497">
    <p class='ocr_par' dir='ltr' id='par_1_17' title="bbox 411 1423 2004 1497">
     <span class='ocr_line' id='line_1_17' title="bbox 411 1423 2004 1497; baseline 0.008 -19"><span class='ocrx_word' id='word_1_100' title='bbox 411 1423 560 1478; x_wconf 75' lang='lat' dir='ltr'><strong>xime</strong></span> <span class='ocrx_word' id='word_1_101' title='bbox 586 1426 930 1482; x_wconf 85' lang='lat' dir='ltr'><strong>admirabilia</strong></span> <span class='ocrx_word' id='word_1_102' title='bbox 955 1431 1291 1486; x_wconf 91' lang='lat' dir='ltr'><strong>censendum</strong></span> <span class='ocrx_word' id='word_1_103' title='bbox 1322 1439 1426 1497; x_wconf 87' lang='lat' dir='ltr'><strong>est,</strong></span> <span class='ocrx_word' id='word_1_104' title='bbox 1447 1435 1683 1488; x_wconf 88' lang='lat' dir='ltr'><strong>animam</strong></span> <span class='ocrx_word' id='word_1_105' title='bbox 1702 1434 1755 1488; x_wconf 91' lang='lat' dir='ltr'><strong>in</strong></span> <span class='ocrx_word' id='word_1_106' title='bbox 1783 1442 2004 1490; x_wconf 88' lang='lat' dir='ltr'><strong>terreno</strong></span> 
     </span>
    </p>
   </div>
   <div class='ocr_carea' id='block_1_18' title="bbox 415 1521 2002 1591">
    <p class='ocr_par' dir='ltr' id='par_1_18' title="bbox 415 1521 2002 1591">
     <span class='ocr_line' id='line_1_18' title="bbox 415 1521 2002 1591; baseline 0.007 -22"><span class='ocrx_word' id='word_1_107' title='bbox 415 1525 649 1586; x_wconf 89' lang='lat' dir='ltr'><strong>corpore</strong></span> <span class='ocrx_word' id='word_1_108' title='bbox 699 1521 1014 1589; x_wconf 82' lang='lat' dir='ltr'><strong>angelorum</strong></span> <span class='ocrx_word' id='word_1_109' title='bbox 1086 1521 1534 1591; x_wconf 70' lang='lat' dir='ltr'><strong>incorporearum</strong></span> <span class='ocrx_word' id='word_1_110' title='bbox 1575 1524 1705 1580; x_wconf 66' lang='lat' dir='ltr'><strong>vitae</strong></span> <span class='ocrx_word' id='word_1_111' title='bbox 1733 1525 2002 1581; x_wconf 88' lang='lat' dir='ltr'><strong>rationem</strong></span> 
     </span>
    </p>
   </div>
   <div class='ocr_carea' id='block_1_19' title="bbox 409 1614 2004 1685">
    <p class='ocr_par' dir='ltr' id='par_1_19' title="bbox 409 1614 2004 1685">
     <span class='ocr_line' id='line_1_19' title="bbox 409 1614 2004 1685; baseline 0.007 -24"><span class='ocrx_word' id='word_1_112' title='bbox 409 1624 688 1665; x_wconf 71' lang='lat' dir='ltr'><strong>exercere.</strong></span> <span class='ocrx_word' id='word_1_113' title='bbox 729 1614 790 1667; x_wconf 83' lang='lat' dir='ltr'><strong>Et</strong></span> <span class='ocrx_word' id='word_1_114' title='bbox 823 1616 929 1668; x_wconf 86' lang='lat' dir='ltr'><strong>tale</strong></span> <span class='ocrx_word' id='word_1_115' title='bbox 959 1614 1090 1684; x_wconf 89' lang='lat' dir='ltr'><strong>quid</strong></span> <span class='ocrx_word' id='word_1_116' title='bbox 1128 1615 1283 1668; x_wconf 89' lang='lat' dir='ltr'><strong>innui</strong></span> <span class='ocrx_word' id='word_1_117' title='bbox 1324 1616 1656 1685; x_wconf 85' lang='lat' dir='ltr'><strong>suspicabar</strong></span> <span class='ocrx_word' id='word_1_118' title='bbox 1708 1631 1834 1672; x_wconf 92' lang='lat' dir='ltr'><strong>cum</strong></span> <span class='ocrx_word' id='word_1_119' title='bbox 1867 1618 2004 1679; x_wconf 74' lang='lat' dir='ltr'><strong>dici-</strong></span> 
     </span>
    </p>
   </div>
   <div class='ocr_carea' id='block_1_20' title="bbox 420 1691 2004 1776">
    <p class='ocr_par' dir='ltr' id='par_1_20' title="bbox 420 1691 2004 1776">
     <span class='ocr_line' id='line_1_20' title="bbox 420 1691 2004 1776; baseline 0.007 -22"><span class='ocrx_word' id='word_1_120' title='bbox 420 1708 513 1755; x_wconf 91' lang='lat' dir='ltr'><strong>tur</strong></span> <span class='ocrx_word' id='word_1_121' title='bbox 549 1721 561 1756; x_wconf 92' lang='lat'>:</span> <span class='ocrx_word' id='word_1_122' title='bbox 605 1722 622 1753; x_wconf 78' lang='grc' dir='ltr'><strong>ι</strong></span> <span class='ocrx_word' id='word_1_123' title='bbox 648 1701 911 1760; x_wconf 84' lang='lat' dir='ltr'><strong>Fundasti</strong></span> <span class='ocrx_word' id='word_1_124' title='bbox 952 1717 1172 1770; x_wconf 87' lang='lat' dir='ltr'><strong>terram,</strong></span> <span class='ocrx_word' id='word_1_125' title='bbox 1209 1715 1263 1760; x_wconf 93' lang='lat' dir='ltr'><strong>et</strong></span> <span class='ocrx_word' id='word_1_126' title='bbox 1311 1691 1765 1776; x_wconf 41' lang='lat' dir='ltr'><strong>permanetftua</strong></span> <span class='ocrx_word' id='word_1_127' title='bbox 1794 1709 2004 1764; x_wconf 83' lang='lat' dir='ltr'><strong>descri-</strong></span> 
     </span>
    </p>
   </div>
   <div class='ocr_carea' id='block_1_21' title="bbox 2105 859 3682 936">
    <p class='ocr_par' dir='ltr' id='par_1_21' title="bbox 2105 859 3682 936">
     <span class='ocr_line' id='line_1_21' title="bbox 2105 859 3682 936; baseline 0 -23"><span class='ocrx_word' id='word_1_128' title='bbox 2105 860 2327 931; x_wconf 82' lang='grc' dir='ltr'>Μοῦσῆς</span> <span class='ocrx_word' id='word_1_129' title='bbox 2358 860 2492 932; x_wconf 81' lang='grc' dir='ltr'>πρὸς</span> <span class='ocrx_word' id='word_1_130' title='bbox 2524 861 2648 925; x_wconf 76' lang='grc' dir='ltr'>τοὺς</span> <span class='ocrx_word' id='word_1_131' title='bbox 2675 861 3033 933; x_wconf 79' lang='grc' dir='ltr'><strong>Ἰσραηλίτας,</strong></span> <span class='ocrx_word' id='word_1_132' title='bbox 3070 879 3089 913; x_wconf 76' lang='grc' dir='ltr'><strong>ι</strong></span> <span class='ocrx_word' id='word_1_133' title='bbox 3119 861 3378 936; x_wconf 69' lang='grc' dir='ltr'>Στήκετε,</span> <span class='ocrx_word' id='word_1_134' title='bbox 3397 859 3682 931; x_wconf 78' lang='grc' dir='ltr'><strong>θαρσεῖτε,</strong></span> 
     </span>
    </p>
   </div>
   <div class='ocr_carea' id='block_1_22' title="bbox 2107 947 3688 1028">
    <p class='ocr_par' dir='ltr' id='par_1_22' title="bbox 2107 947 3688 1028">
     <span class='ocr_line' id='line_1_22' title="bbox 2107 947 3688 1028; baseline -0.003 -20"><span class='ocrx_word' id='word_1_135' title='bbox 2107 951 2184 1022; x_wconf 78' lang='grc' dir='ltr'>μὴ</span> <span class='ocrx_word' id='word_1_136' title='bbox 2213 951 2484 1022; x_wconf 77' lang='grc' dir='ltr'>φοϐεῖσθε,</span> <span class='ocrx_word' id='word_1_137' title='bbox 2511 947 2617 1006; x_wconf 60' lang='grc' dir='ltr'>καὶ</span> <span class='ocrx_word' id='word_1_138' title='bbox 2649 952 2845 1023; x_wconf 75' lang='grc' dir='ltr'>ὄψεσθε</span> <span class='ocrx_word' id='word_1_139' title='bbox 2891 953 2991 1028; x_wconf 77' lang='grc' dir='ltr'>τὴν</span> <span class='ocrx_word' id='word_1_140' title='bbox 3027 954 3178 1025; x_wconf 80' lang='grc' dir='ltr'>παρὰ</span> <span class='ocrx_word' id='word_1_141' title='bbox 3206 952 3298 1009; x_wconf 84' lang='grc' dir='ltr'><strong>τοῦ</strong></span> <span class='ocrx_word' id='word_1_142' title='bbox 3322 952 3528 1028; x_wconf 77' lang='grc' dir='ltr'><strong>Κυρίου</strong></span> <span class='ocrx_word' id='word_1_143' title='bbox 3540 952 3688 1025; x_wconf 72' lang='grc' dir='ltr'>βοή-</span> 
     </span>
    </p>
   </div>
   <div class='ocr_carea' id='block_1_23' title="bbox 2071 1040 2855 1118">
    <p class='ocr_par' dir='ltr' id='par_1_23' title="bbox 2071 1040 2855 1118">
     <span class='ocr_line' id='line_1_23' title="bbox 2071 1040 2855 1118; baseline 0.001 -22"><span class='ocrx_word' id='word_1_144' title='bbox 2071 1040 2074 1042; x_wconf 65' lang='grc'>’</span> <span class='ocrx_word' id='word_1_145' title='bbox 2105 1043 2276 1111; x_wconf 85' lang='grc' dir='ltr'>θειαν,</span> <span class='ocrx_word' id='word_1_146' title='bbox 2306 1046 2372 1116; x_wconf 77' lang='grc' dir='ltr'>ἢν</span> <span class='ocrx_word' id='word_1_147' title='bbox 2410 1046 2625 1117; x_wconf 85' lang='grc' dir='ltr'>ποιήσει</span> <span class='ocrx_word' id='word_1_148' title='bbox 2655 1046 2800 1118; x_wconf 81' lang='grc' dir='ltr'>ὑμῖν.</span> <span class='ocrx_word' id='word_1_149' title='bbox 2836 1065 2855 1097; x_wconf 82' lang='grc' dir='ltr'><strong>ι</strong></span> 
     </span>
    </p>
   </div>
   <div class='ocr_carea' id='block_1_24' title="bbox 2355 1159 3425 1231">
    <p class='ocr_par' dir='ltr' id='par_1_24' title="bbox 2355 1159 3425 1231">
     <span class='ocr_line' id='line_1_24' title="bbox 2355 1159 3425 1231; baseline 0.005 -21"><span class='ocrx_word' id='word_1_150' title='bbox 2355 1160 2508 1212; x_wconf 63' lang='lat' dir='ltr'><strong>mnu</strong></span> <span class='ocrx_word' id='word_1_151' title='bbox 2539 1189 2607 1200; x_wconf 64' lang='grc' dir='ltr'><strong>-η</strong></span> <span class='ocrx_word' id='word_1_152' title='bbox 2646 1159 3035 1231; x_wconf 62' lang='lat' dir='ltr'><strong>amarunt</strong></span> <span class='ocrx_word' id='word_1_153' title='bbox 3083 1159 3425 1230; x_wconf 77' lang='grc' dir='ltr'><strong>ΠΛΡΘΕΝῼ.</strong></span> 
     </span>
    </p>
   </div>
   <div class='ocr_carea' id='block_1_25' title="bbox 2174 1250 3690 1324">
    <p class='ocr_par' dir='ltr' id='par_1_25' title="bbox 2174 1250 3690 1324">
     <span class='ocr_line' id='line_1_25' title="bbox 2174 1250 3690 1324; baseline 0 -20"><span class='ocrx_word' id='word_1_154' title='bbox 2174 1250 2420 1321; x_wconf 77' lang='grc' dir='ltr'>Εὐφημῶ</span> <span class='ocrx_word' id='word_1_155' title='bbox 2453 1267 2511 1303; x_wconf 92' lang='grc' dir='ltr'><strong>σε</strong></span> <span class='ocrx_word' id='word_1_156' title='bbox 2553 1251 2691 1322; x_wconf 74' lang='grc' dir='ltr'>ὑπὲρ</span> <span class='ocrx_word' id='word_1_157' title='bbox 2721 1253 2819 1321; x_wconf 84' lang='grc' dir='ltr'>τὴν</span> <span class='ocrx_word' id='word_1_158' title='bbox 2844 1252 3071 1322; x_wconf 79' lang='grc' dir='ltr'>σελήνην</span> <span class='ocrx_word' id='word_1_159' title='bbox 3103 1251 3180 1323; x_wconf 82' lang='grc' dir='ltr'>τῷ</span> <span class='ocrx_word' id='word_1_160' title='bbox 3209 1251 3310 1322; x_wconf 74' lang='grc' dir='ltr'><strong>βίῳ</strong></span> <span class='ocrx_word' id='word_1_161' title='bbox 3361 1251 3690 1324; x_wconf 88' lang='grc' dir='ltr'>λαμπρυνο-</span> 
     </span>
    </p>
   </div>
   <div class='ocr_carea' id='block_1_26' title="bbox 2107 1342 3687 1415">
    <p class='ocr_par' dir='ltr' id='par_1_26' title="bbox 2107 1342 3687 1415">
     <span class='ocr_line' id='line_1_26' title="bbox 2107 1342 3687 1415; baseline 0.001 -20"><span class='ocrx_word' id='word_1_162' title='bbox 2107 1343 2295 1414; x_wconf 82' lang='grc' dir='ltr'><strong>μένην,</strong></span> <span class='ocrx_word' id='word_1_163' title='bbox 2342 1343 2437 1399; x_wconf 66' lang='lat' dir='ltr'><strong>xui.</strong></span> <span class='ocrx_word' id='word_1_164' title='bbox 2486 1342 3017 1415; x_wconf 77' lang='grc' dir='ltr'>ταπεινοφρονοῦσαν</span> <span class='ocrx_word' id='word_1_165' title='bbox 3047 1342 3515 1414; x_wconf 79' lang='grc' dir='ltr'>ὑπερϐαλλόντως.</span> <span class='ocrx_word' id='word_1_166' title='bbox 3554 1342 3687 1396; x_wconf 82' lang='grc' dir='ltr'><strong>Τῶν</strong></span> 
     </span>
    </p>
   </div>
   <div class='ocr_carea' id='block_1_27' title="bbox 2103 1433 3685 1507">
    <p class='ocr_par' dir='ltr' id='par_1_27' title="bbox 2103 1433 3685 1507">
     <span class='ocr_line' id='line_1_27' title="bbox 2103 1433 3685 1507; baseline 0.001 -20"><span class='ocrx_word' id='word_1_167' title='bbox 2103 1434 2212 1506; x_wconf 79' lang='grc' dir='ltr'><strong>γὰρ</strong></span> <span class='ocrx_word' id='word_1_168' title='bbox 2239 1434 2684 1506; x_wconf 80' lang='grc' dir='ltr'>παραδοξοτάτων</span> <span class='ocrx_word' id='word_1_169' title='bbox 2712 1435 2778 1490; x_wconf 84' lang='grc' dir='ltr'>ἂν</span> <span class='ocrx_word' id='word_1_170' title='bbox 2808 1436 2892 1506; x_wconf 61' lang='lat' dir='ltr'><strong>atq</strong></span> <span class='ocrx_word' id='word_1_171' title='bbox 2927 1435 3143 1507; x_wconf 78' lang='grc' dir='ltr'><strong>βλέπειν</strong></span> <span class='ocrx_word' id='word_1_172' title='bbox 3170 1435 3346 1507; x_wconf 73' lang='grc' dir='ltr'>ψυχὴν</span> <span class='ocrx_word' id='word_1_173' title='bbox 3383 1436 3442 1488; x_wconf 78' lang='grc' dir='ltr'>ὲν</span> <span class='ocrx_word' id='word_1_174' title='bbox 3461 1433 3685 1507; x_wconf 79' lang='grc' dir='ltr'>σώματι</span> 
     </span>
    </p>
   </div>
   <div class='ocr_carea' id='block_1_28' title="bbox 2104 1526 3686 1602">
    <p class='ocr_par' dir='ltr' id='par_1_28' title="bbox 2104 1526 3686 1602">
     <span class='ocr_line' id='line_1_28' title="bbox 2104 1526 3686 1602; baseline 0.001 -23"><span class='ocrx_word' id='word_1_175' title='bbox 2104 1529 2276 1598; x_wconf 81' lang='grc' dir='ltr'>γηΐνῳ</span> <span class='ocrx_word' id='word_1_176' title='bbox 2327 1528 2602 1582; x_wconf 77' lang='grc' dir='ltr'>πολιτείαν</span> <span class='ocrx_word' id='word_1_177' title='bbox 2656 1526 2993 1602; x_wconf 79' lang='grc' dir='ltr'>ἐξασκοῦσαν</span> <span class='ocrx_word' id='word_1_178' title='bbox 3055 1527 3302 1598; x_wconf 79' lang='grc' dir='ltr'>ἀγγέλων</span> <span class='ocrx_word' id='word_1_179' title='bbox 3345 1526 3686 1598; x_wconf 80' lang='grc' dir='ltr'><strong>ἀσωμάτων.</strong></span> 
     </span>
    </p>
   </div>
   <div class='ocr_carea' id='block_1_29' title="bbox 2104 1615 3680 1694">
    <p class='ocr_par' dir='ltr' id='par_1_29' title="bbox 2104 1615 3680 1694">
     <span class='ocr_line' id='line_1_29' title="bbox 2104 1615 3680 1694; baseline -0.001 -22"><span class='ocrx_word' id='word_1_180' title='bbox 2104 1619 2215 1672; x_wconf 79' lang='grc' dir='ltr'>Καὶ</span> <span class='ocrx_word' id='word_1_181' title='bbox 2250 1619 2487 1674; x_wconf 89' lang='grc' dir='ltr'>τοιοῦτον</span> <span class='ocrx_word' id='word_1_182' title='bbox 2514 1619 2624 1688; x_wconf 75' lang='grc' dir='ltr'><strong>ἐγὼ</strong></span> <span class='ocrx_word' id='word_1_183' title='bbox 2642 1620 2851 1694; x_wconf 67' lang='grc' dir='ltr'>ἤκουσά</span> <span class='ocrx_word' id='word_1_184' title='bbox 2870 1638 3000 1677; x_wconf 86' lang='grc' dir='ltr'>ποτε</span> <span class='ocrx_word' id='word_1_185' title='bbox 3021 1615 3159 1675; x_wconf 78' lang='grc' dir='ltr'>εἶναι</span> <span class='ocrx_word' id='word_1_186' title='bbox 3186 1619 3249 1673; x_wconf 85' lang='grc' dir='ltr'><strong>τὺ</strong></span> <span class='ocrx_word' id='word_1_187' title='bbox 3267 1619 3680 1690; x_wconf 82' lang='grc' dir='ltr'>γεγραμμένον,</span> 
     </span>
    </p>
   </div>
   <div class='ocr_carea' id='block_1_30' title="bbox 2103 1710 3688 1784">
    <p class='ocr_par' dir='ltr' id='par_1_30' title="bbox 2103 1710 3688 1784">
     <span class='ocr_line' id='line_1_30' title="bbox 2103 1710 3688 1784; baseline 0 -20"><span class='ocrx_word' id='word_1_188' title='bbox 2103 1711 2184 1764; x_wconf 87' lang='grc' dir='ltr'>ὃτι</span> <span class='ocrx_word' id='word_1_189' title='bbox 2217 1728 2236 1763; x_wconf 79' lang='grc' dir='ltr'><strong>ι</strong></span> <span class='ocrx_word' id='word_1_190' title='bbox 2259 1710 2652 1782; x_wconf 83' lang='grc' dir='ltr'>Ἐθεμελίωσας</span> <span class='ocrx_word' id='word_1_191' title='bbox 2673 1712 2770 1784; x_wconf 77' lang='grc' dir='ltr'>τὴν</span> <span class='ocrx_word' id='word_1_192' title='bbox 2790 1713 2919 1784; x_wconf 77' lang='grc' dir='ltr'>γῆν,</span> <span class='ocrx_word' id='word_1_193' title='bbox 2936 1713 3032 1768; x_wconf 71' lang='grc' dir='ltr'>καὶ</span> <span class='ocrx_word' id='word_1_194' title='bbox 3061 1712 3322 1783; x_wconf 81' lang='grc' dir='ltr'>διαμένει.</span> <span class='ocrx_word' id='word_1_195' title='bbox 3336 1710 3414 1781; x_wconf 83' lang='grc' dir='ltr'>Τῇ</span> <span class='ocrx_word' id='word_1_196' title='bbox 3431 1711 3688 1775; x_wconf 77' lang='grc' dir='ltr'><strong>διατάξει</strong></span> 
     </span>
    </p>
   </div>
   <div class='ocr_carea' id='block_1_31' title="bbox 409 1793 1998 1891">
    <p class='ocr_par' dir='ltr' id='par_1_31' title="bbox 409 1793 1998 1870">
     <span class='ocr_line' id='line_1_31' title="bbox 409 1793 1998 1870; baseline 0.007 -24"><span class='ocrx_word' id='word_1_197' title='bbox 409 1793 596 1862; x_wconf 88' lang='lat' dir='ltr'><strong>ptione</strong></span> <span class='ocrx_word' id='word_1_198' title='bbox 620 1809 900 1859; x_wconf 83' lang='lat' dir='ltr'><strong>permanet</strong></span> <span class='ocrx_word' id='word_1_199' title='bbox 923 1798 1043 1853; x_wconf 88' lang='lat' dir='ltr'><strong>dies</strong></span> <span class='ocrx_word' id='word_1_200' title='bbox 1066 1798 1131 1852; x_wconf 85' lang='grc'><strong>³³.</strong></span> <span class='ocrx_word' id='word_1_201' title='bbox 1169 1818 1187 1852; x_wconf 83' lang='grc' dir='ltr'><strong>ι</strong></span> <span class='ocrx_word' id='word_1_202' title='bbox 1209 1797 1332 1854; x_wconf 84' lang='lat' dir='ltr'><strong>Dies</strong></span> <span class='ocrx_word' id='word_1_203' title='bbox 1363 1801 1656 1870; x_wconf 87' lang='lat' dir='ltr'><strong>siquidem,</strong></span> <span class='ocrx_word' id='word_1_204' title='bbox 1681 1803 1779 1867; x_wconf 86' lang='lat' dir='ltr'><strong>ait,</strong></span> <span class='ocrx_word' id='word_1_205' title='bbox 1799 1801 1998 1858; x_wconf 89' lang='lat' dir='ltr'><strong>intelli-</strong></span> 
     </span>
    </p>
   </div>
   <div class='ocr_carea' id='block_1_32' title="bbox 2110 1793 3686 1891">
    <p class='ocr_par' dir='ltr' id='par_1_32' title="bbox 2110 1802 3686 1877">
     <span class='ocr_line' id='line_1_32' title="bbox 2110 1802 3686 1877; baseline 0 -21"><span class='ocrx_word' id='word_1_206' title='bbox 2110 1819 2201 1856; x_wconf 93' lang='grc' dir='ltr'><strong>σου</strong></span> <span class='ocrx_word' id='word_1_207' title='bbox 2230 1802 2472 1874; x_wconf 84' lang='grc' dir='ltr'>διαμένει</span> <span class='ocrx_word' id='word_1_208' title='bbox 2497 1806 2530 1876; x_wconf 74' lang='grc' dir='ltr'><strong>ἡ</strong></span> <span class='ocrx_word' id='word_1_209' title='bbox 2557 1805 2760 1877; x_wconf 80' lang='grc' dir='ltr'>ἡμέρα.</span> <span class='ocrx_word' id='word_1_210' title='bbox 2807 1823 2826 1857; x_wconf 78' lang='grc' dir='ltr'><strong>ι</strong></span> <span class='ocrx_word' id='word_1_211' title='bbox 2864 1805 3108 1877; x_wconf 81' lang='grc' dir='ltr'>Ἡμέραν</span> <span class='ocrx_word' id='word_1_212' title='bbox 3154 1804 3282 1876; x_wconf 81' lang='grc' dir='ltr'>γὰρ,</span> <span class='ocrx_word' id='word_1_213' title='bbox 3314 1805 3501 1874; x_wconf 73' lang='grc' dir='ltr'>φησὶν,</span> <span class='ocrx_word' id='word_1_214' title='bbox 3542 1805 3686 1876; x_wconf 82' lang='grc' dir='ltr'><strong>ήμῖν</strong></span> 
     </span>
    </p>
   </div>
   <div class='ocr_carea' id='block_1_33' title="bbox 413 1885 1999 1966">
    <p class='ocr_par' dir='ltr' id='par_1_33' title="bbox 413 1885 1999 1966">
     <span class='ocr_line' id='line_1_33' title="bbox 413 1885 1999 1966; baseline 0.008 -28"><span class='ocrx_word' id='word_1_215' title='bbox 413 1885 587 1952; x_wconf 65' lang='lat' dir='ltr'><strong>gelida</strong></span> <span class='ocrx_word' id='word_1_216' title='bbox 623 1895 708 1942; x_wconf 90' lang='lat' dir='ltr'><strong>est</strong></span> <span class='ocrx_word' id='word_1_217' title='bbox 728 1888 1002 1945; x_wconf 84' lang='lat' dir='ltr'><strong>luminosa</strong></span> <span class='ocrx_word' id='word_1_218' title='bbox 1024 1891 1316 1962; x_wconf 78' lang='lat' dir='ltr'><strong>virginitas</strong></span> <span class='ocrx_word' id='word_1_219' title='bbox 1339 1892 1393 1946; x_wconf 91' lang='lat' dir='ltr'><strong>in</strong></span> <span class='ocrx_word' id='word_1_220' title='bbox 1417 1893 1638 1948; x_wconf 90' lang='lat' dir='ltr'><strong>mortali</strong></span> <span class='ocrx_word' id='word_1_221' title='bbox 1659 1895 1999 1966; x_wconf 91' lang='lat' dir='ltr'><strong>corpusculo</strong></span> 
     </span>
    </p>
   </div>
   <div class='ocr_carea' id='block_1_34' title="bbox 413 1975 2000 2057">
    <p class='ocr_par' dir='ltr' id='par_1_34' title="bbox 413 1975 2000 2057">
     <span class='ocr_line' id='line_1_34' title="bbox 413 1975 2000 2057; baseline 0.011 -30"><span class='ocrx_word' id='word_1_222' title='bbox 413 1975 650 2041; x_wconf 86' lang='lat' dir='ltr'><strong>lirmata,</strong></span> <span class='ocrx_word' id='word_1_223' title='bbox 674 1987 727 2032; x_wconf 85' lang='lat' dir='ltr'><strong>et</strong></span> <span class='ocrx_word' id='word_1_224' title='bbox 755 1979 1023 2036; x_wconf 78' lang='lat' dir='ltr'><strong>Altissimi</strong></span> <span class='ocrx_word' id='word_1_225' title='bbox 1049 1982 1274 2038; x_wconf 85' lang='lat' dir='ltr'><strong>dextera</strong></span> <span class='ocrx_word' id='word_1_226' title='bbox 1311 1983 1559 2039; x_wconf 81' lang='lat' dir='ltr'><strong>fundata.</strong></span> <span class='ocrx_word' id='word_1_227' title='bbox 1579 1984 1684 2040; x_wconf 88' lang='lat' dir='ltr'><strong>Sed</strong></span> <span class='ocrx_word' id='word_1_228' title='bbox 1705 1985 2000 2057; x_wconf 86' lang='lat' dir='ltr'><strong>deprecare</strong></span> 
     </span>
    </p>
   </div>
   <div class='ocr_carea' id='block_1_35' title="bbox 410 2070 2001 2144">
    <p class='ocr_par' dir='ltr' id='par_1_35' title="bbox 410 2070 2001 2144">
     <span class='ocr_line' id='line_1_35' title="bbox 410 2070 2001 2144; baseline 0.009 -28"><span class='ocrx_word' id='word_1_229' title='bbox 410 2077 511 2132; x_wconf 88' lang='lat' dir='ltr'><strong>pro</strong></span> <span class='ocrx_word' id='word_1_230' title='bbox 543 2081 651 2129; x_wconf 85' lang='lat' dir='ltr'><strong>me,</strong></span> <span class='ocrx_word' id='word_1_231' title='bbox 677 2083 876 2136; x_wconf 87' lang='lat' dir='ltr'><strong>sponsa</strong></span> <span class='ocrx_word' id='word_1_232' title='bbox 912 2070 1283 2138; x_wconf 87' lang='lat' dir='ltr'><strong>immaculata,</strong></span> <span class='ocrx_word' id='word_1_233' title='bbox 1309 2071 1512 2144; x_wconf 83' lang='lat' dir='ltr'><strong>Regem</strong></span> <span class='ocrx_word' id='word_1_234' title='bbox 1543 2074 1845 2139; x_wconf 88' lang='lat' dir='ltr'><strong>Christum,</strong></span> <span class='ocrx_word' id='word_1_235' title='bbox 1878 2078 2001 2131; x_wconf 74' lang='lat' dir='ltr'><strong>diu-</strong></span> 
     </span>
    </p>
   </div>
   <div class='ocr_carea' id='block_1_36' title="bbox 411 2157 1999 2240">
    <p class='ocr_par' dir='ltr' id='par_1_36' title="bbox 411 2157 1999 2240">
     <span class='ocr_line' id='line_1_36' title="bbox 411 2157 1999 2240; baseline 0.013 -34"><span class='ocrx_word' id='word_1_236' title='bbox 411 2157 592 2211; x_wconf 89' lang='lat' dir='ltr'><strong>turnis</strong></span> <span class='ocrx_word' id='word_1_237' title='bbox 622 2169 676 2212; x_wconf 89' lang='lat' dir='ltr'><strong>et</strong></span> <span class='ocrx_word' id='word_1_238' title='bbox 711 2160 1005 2217; x_wconf 80' lang='lat' dir='ltr'><strong>indefessis</strong></span> <span class='ocrx_word' id='word_1_239' title='bbox 1032 2164 1331 2232; x_wconf 84' lang='lat' dir='ltr'><strong>laboribus,</strong></span> <span class='ocrx_word' id='word_1_240' title='bbox 1362 2175 1417 2221; x_wconf 92' lang='lat' dir='ltr'><strong>et</strong></span> <span class='ocrx_word' id='word_1_241' title='bbox 1447 2183 1658 2222; x_wconf 90' lang='lat' dir='ltr'><strong>morum</strong></span> <span class='ocrx_word' id='word_1_242' title='bbox 1689 2176 1999 2240; x_wconf 84' lang='lat' dir='ltr'><strong>temperan-</strong></span> 
     </span>
    </p>
   </div>
   <div class='ocr_carea' id='block_1_37' title="bbox 410 2246 1999 2329">
    <p class='ocr_par' dir='ltr' id='par_1_37' title="bbox 410 2246 1999 2329">
     <span class='ocr_line' id='line_1_37' title="bbox 410 2246 1999 2329; baseline 0.013 -31"><span class='ocrx_word' id='word_1_243' title='bbox 410 2246 507 2308; x_wconf 87' lang='lat' dir='ltr'><strong>tia,</strong></span> <span class='ocrx_word' id='word_1_244' title='bbox 551 2258 664 2302; x_wconf 89' lang='lat' dir='ltr'><strong>tum</strong></span> <span class='ocrx_word' id='word_1_245' title='bbox 726 2251 946 2322; x_wconf 79' lang='lat' dir='ltr'><strong>vigiliis,</strong></span> <span class='ocrx_word' id='word_1_246' title='bbox 1004 2254 1261 2328; x_wconf 88' lang='lat' dir='ltr'><strong>lacrymis</strong></span> <span class='ocrx_word' id='word_1_247' title='bbox 1311 2258 1533 2329; x_wconf 80' lang='lat' dir='ltr'><strong>irriguis</strong></span> <span class='ocrx_word' id='word_1_248' title='bbox 1593 2269 1647 2316; x_wconf 90' lang='lat' dir='ltr'><strong>et</strong></span> <span class='ocrx_word' id='word_1_249' title='bbox 1698 2261 1999 2319; x_wconf 86' lang='lat' dir='ltr'><strong>innumeris</strong></span> 
     </span>
    </p>
   </div>
   <div class='ocr_carea' id='block_1_38' title="bbox 405 2336 1999 2423">
    <p class='ocr_par' dir='ltr' id='par_1_38' title="bbox 405 2336 1999 2423">
     <span class='ocr_line' id='line_1_38' title="bbox 405 2336 1999 2423; baseline 0.013 -34"><span class='ocrx_word' id='word_1_250' title='bbox 405 2336 529 2393; x_wconf 88' lang='lat' dir='ltr'><strong>aliis</strong></span> <span class='ocrx_word' id='word_1_251' title='bbox 571 2339 728 2410; x_wconf 77' lang='grc'><strong>172</strong></span> <span class='ocrx_word' id='word_1_252' title='bbox 761 2345 1020 2413; x_wconf 68' lang='lat' dir='ltr'><strong>praeclare</strong></span> <span class='ocrx_word' id='word_1_253' title='bbox 1057 2349 1254 2416; x_wconf 78' lang='lat' dir='ltr'><strong>gestis;</strong></span> <span class='ocrx_word' id='word_1_254' title='bbox 1297 2349 1620 2417; x_wconf 89' lang='lat' dir='ltr'><strong>libertatem,</strong></span> <span class='ocrx_word' id='word_1_255' title='bbox 1671 2368 1790 2423; x_wconf 73' lang='lat' dir='ltr'><strong>qua:</strong></span> <span class='ocrx_word' id='word_1_256' title='bbox 1818 2353 1999 2410; x_wconf 88' lang='lat' dir='ltr'><strong>verbis</strong></span> 
     </span>
    </p>
   </div>
   <div class='ocr_carea' id='block_1_39' title="bbox 405 2429 1998 2527">
    <p class='ocr_par' dir='ltr' id='par_1_39' title="bbox 405 2429 1998 2527">
     <span class='ocr_line' id='line_1_39' title="bbox 405 2429 1998 2527; baseline 0.008 -45"><span class='ocrx_word' id='word_1_257' title='bbox 405 2429 636 2496; x_wconf 80' lang='lat' dir='ltr'><strong>exprimi</strong></span> <span class='ocrx_word' id='word_1_258' title='bbox 725 2435 937 2504; x_wconf 81' lang='lat' dir='ltr'><strong>nequit,</strong></span> <span class='ocrx_word' id='word_1_259' title='bbox 1005 2437 1199 2508; x_wconf 86' lang='lat' dir='ltr'><strong>adepta</strong></span> <span class='ocrx_word' id='word_1_260' title='bbox 1250 2440 1391 2510; x_wconf 89' lang='lat' dir='ltr'><strong>apud</strong></span> <span class='ocrx_word' id='word_1_261' title='bbox 1433 2441 1712 2511; x_wconf 89' lang='lat' dir='ltr'><strong>invisum,</strong></span> <span class='ocrx_word' id='word_1_262' title='bbox 1769 2433 1998 2527; x_wconf 69' lang='lat' dir='ltr'><strong>intami.</strong></span> 
     </span>
    </p>
   </div>
   <div class='ocr_carea' id='block_1_40' title="bbox 406 2530 1284 2599">
    <p class='ocr_par' dir='ltr' id='par_1_40' title="bbox 406 2530 1284 2599">
     <span class='ocr_line' id='line_1_40' title="bbox 406 2530 1284 2599; baseline 0.016 -28"><span class='ocrx_word' id='word_1_263' title='bbox 406 2530 594 2574; x_wconf 84' lang='lat' dir='ltr'><strong>natum</strong></span> <span class='ocrx_word' id='word_1_264' title='bbox 616 2534 975 2598; x_wconf 88' lang='lat' dir='ltr'><strong>sanctumque</strong></span> <span class='ocrx_word' id='word_1_265' title='bbox 1000 2544 1284 2599; x_wconf 85' lang='lat' dir='ltr'><strong>sponsum.</strong></span> 
     </span>
    </p>
   </div>
   <div class='ocr_carea' id='block_1_41' title="bbox 618 2631 1850 2701">
    <p class='ocr_par' dir='ltr' id='par_1_41' title="bbox 618 2631 1850 2701">
     <span class='ocr_line' id='line_1_41' title="bbox 618 2631 1850 2701; baseline 0.013 -17"><span class='ocrx_word' id='word_1_266' title='bbox 618 2631 878 2689; x_wconf 83' lang='lat' dir='ltr'><strong>CXIX.—</strong></span> <span class='ocrx_word' id='word_1_267' title='bbox 905 2635 1211 2694; x_wconf 80' lang='lat' dir='ltr'><strong>RHEGINO</strong></span> <span class='ocrx_word' id='word_1_268' title='bbox 1232 2640 1850 2701; x_wconf 66' lang='lat' dir='ltr'><strong>ARCHIMANDRITE.</strong></span> 
     </span>
    </p>
   </div>
   <div class='ocr_carea' id='block_1_42' title="bbox 480 2727 1997 2817">
    <p class='ocr_par' dir='ltr' id='par_1_42' title="bbox 480 2727 1997 2817">
     <span class='ocr_line' id='line_1_42' title="bbox 480 2727 1997 2817; baseline 0.015 -37"><span class='ocrx_word' id='word_1_269' title='bbox 480 2727 713 2788; x_wconf 81' lang='lat' dir='ltr'><strong>Mundus</strong></span> <span class='ocrx_word' id='word_1_270' title='bbox 768 2736 959 2790; x_wconf 90' lang='lat' dir='ltr'><strong>mundi</strong></span> <span class='ocrx_word' id='word_1_271' title='bbox 1008 2746 1064 2791; x_wconf 92' lang='lat' dir='ltr'><strong>tu</strong></span> <span class='ocrx_word' id='word_1_272' title='bbox 1108 2755 1171 2796; x_wconf 88' lang='lat' dir='ltr'><strong>es</strong></span> <span class='ocrx_word' id='word_1_273' title='bbox 1200 2757 1214 2806; x_wconf 91' lang='lat'><strong>;</strong></span> <span class='ocrx_word' id='word_1_274' title='bbox 1243 2754 1578 2814; x_wconf 86' lang='lat' dir='ltr'><strong>quapropter</strong></span> <span class='ocrx_word' id='word_1_275' title='bbox 1618 2746 1672 2801; x_wconf 91' lang='lat' dir='ltr'><strong>in</strong></span> <span class='ocrx_word' id='word_1_276' title='bbox 1707 2747 1997 2817; x_wconf 88' lang='lat' dir='ltr'><strong>temetipso</strong></span> 
     </span>
    </p>
   </div>
   <div class='ocr_carea' id='block_1_43' title="bbox 409 2826 1996 2905">
    <p class='ocr_par' dir='ltr' id='par_1_43' title="bbox 409 2826 1996 2905">
     <span class='ocr_line' id='line_1_43' title="bbox 409 2826 1996 2905; baseline 0.016 -37"><span class='ocrx_word' id='word_1_277' title='bbox 409 2827 719 2875; x_wconf 87' lang='lat' dir='ltr'><strong>creaturam</strong></span> <span class='ocrx_word' id='word_1_278' title='bbox 767 2826 1079 2881; x_wconf 85' lang='lat' dir='ltr'><strong>universam</strong></span> <span class='ocrx_word' id='word_1_279' title='bbox 1133 2831 1303 2884; x_wconf 86' lang='lat' dir='ltr'><strong>veluti</strong></span> <span class='ocrx_word' id='word_1_280' title='bbox 1341 2831 1397 2885; x_wconf 90' lang='lat' dir='ltr'><strong>in</strong></span> <span class='ocrx_word' id='word_1_281' title='bbox 1446 2836 1672 2905; x_wconf 88' lang='lat' dir='ltr'><strong>speculo</strong></span> <span class='ocrx_word' id='word_1_282' title='bbox 1731 2839 1996 2894; x_wconf 86' lang='lat' dir='ltr'><strong>meditare</strong></span> 
     </span>
    </p>
   </div>
   <div class='ocr_carea' id='block_1_44' title="bbox 408 2915 1996 2990">
    <p class='ocr_par' dir='ltr' id='par_1_44' title="bbox 408 2915 1996 2990">
     <span class='ocr_line' id='line_1_44' title="bbox 408 2915 1996 2990; baseline 0.013 -25"><span class='ocrx_word' id='word_1_283' title='bbox 408 2920 466 2965; x_wconf 86' lang='lat' dir='ltr'><strong>et</strong></span> <span class='ocrx_word' id='word_1_284' title='bbox 492 2915 677 2969; x_wconf 88' lang='lat' dir='ltr'><strong>omnia</strong></span> <span class='ocrx_word' id='word_1_285' title='bbox 709 2916 763 2971; x_wconf 92' lang='lat' dir='ltr'><strong>in</strong></span> <span class='ocrx_word' id='word_1_286' title='bbox 810 2919 1161 2990; x_wconf 88' lang='lat' dir='ltr'><strong>temetipsum</strong></span> <span class='ocrx_word' id='word_1_287' title='bbox 1187 2921 1477 2980; x_wconf 80' lang='lat' dir='ltr'><strong>referendo</strong></span> <span class='ocrx_word' id='word_1_288' title='bbox 1517 2929 1808 2985; x_wconf 88' lang='lat' dir='ltr'><strong>considera</strong></span> <span class='ocrx_word' id='word_1_289' title='bbox 1846 2947 1859 2982; x_wconf 88' lang='lat'><strong>:</strong></span> <span class='ocrx_word' id='word_1_290' title='bbox 1896 2945 1996 2985; x_wconf 90' lang='lat' dir='ltr'><strong>nec</strong></span> 
     </span>
    </p>
   </div>
   <div class='ocr_carea' id='block_1_45' title="bbox 409 3011 1992 3080">
    <p class='ocr_par' dir='ltr' id='par_1_45' title="bbox 409 3011 1992 3080">
     <span class='ocr_line' id='line_1_45' title="bbox 409 3011 1992 3080; baseline 0.013 -24"><span class='ocrx_word' id='word_1_291' title='bbox 409 3020 530 3072; x_wconf 73' lang='lat' dir='ltr'><strong>quze</strong></span> <span class='ocrx_word' id='word_1_292' title='bbox 556 3016 710 3060; x_wconf 85' lang='lat' dir='ltr'><strong>extra</strong></span> <span class='ocrx_word' id='word_1_293' title='bbox 743 3017 890 3072; x_wconf 85' lang='lat' dir='ltr'><strong>sunt,</strong></span> <span class='ocrx_word' id='word_1_294' title='bbox 927 3011 1144 3067; x_wconf 90' lang='lat' dir='ltr'><strong>intuere</strong></span> <span class='ocrx_word' id='word_1_295' title='bbox 1177 3031 1192 3080; x_wconf 91' lang='lat'><strong>;</strong></span> <span class='ocrx_word' id='word_1_296' title='bbox 1223 3016 1417 3072; x_wconf 92' lang='lat' dir='ltr'><strong>oculos</strong></span> <span class='ocrx_word' id='word_1_297' title='bbox 1455 3018 1524 3072; x_wconf 85' lang='lat' dir='ltr'><strong>ad</strong></span> <span class='ocrx_word' id='word_1_298' title='bbox 1564 3020 1830 3076; x_wconf 87' lang='lat' dir='ltr'><strong>interiora</strong></span> <span class='ocrx_word' id='word_1_299' title='bbox 1855 3037 1992 3076; x_wconf 90' lang='lat' dir='ltr'><strong>con-</strong></span> 
     </span>
    </p>
   </div>
   <div class='ocr_carea' id='block_1_46' title="bbox 410 3095 1994 3174">
    <p class='ocr_par' dir='ltr' id='par_1_46' title="bbox 410 3095 1994 3174">
     <span class='ocr_line' id='line_1_46' title="bbox 410 3095 1994 3174; baseline 0.015 -31"><span class='ocrx_word' id='word_1_300' title='bbox 410 3101 584 3157; x_wconf 86' lang='lat' dir='ltr'><strong>verte,</strong></span> <span class='ocrx_word' id='word_1_301' title='bbox 611 3095 665 3148; x_wconf 90' lang='lat' dir='ltr'><strong>in</strong></span> <span class='ocrx_word' id='word_1_302' title='bbox 707 3097 1077 3154; x_wconf 84' lang='lat' dir='ltr'><strong>intellectuale</strong></span> <span class='ocrx_word' id='word_1_303' title='bbox 1122 3103 1318 3158; x_wconf 66' lang='lat' dir='ltr'><strong>animae</strong></span> <span class='ocrx_word' id='word_1_304' title='bbox 1343 3121 1486 3174; x_wconf 89' lang='lat' dir='ltr'><strong>penu</strong></span> <span class='ocrx_word' id='word_1_305' title='bbox 1518 3121 1750 3164; x_wconf 90' lang='lat' dir='ltr'><strong>mentem</strong></span> <span class='ocrx_word' id='word_1_306' title='bbox 1775 3126 1994 3167; x_wconf 90' lang='lat' dir='ltr'><strong>omnem</strong></span> 
     </span>
    </p>
   </div>
   <div class='ocr_carea' id='block_1_47' title="bbox 2101 1895 3687 1970">
    <p class='ocr_par' dir='ltr' id='par_1_47' title="bbox 2101 1895 3687 1970">
     <span class='ocr_line' id='line_1_47' title="bbox 2101 1895 3687 1970; baseline 0 -22"><span class='ocrx_word' id='word_1_307' title='bbox 2101 1895 2316 1960; x_wconf 80' lang='grc' dir='ltr'>νοητέον</span> <span class='ocrx_word' id='word_1_308' title='bbox 2365 1895 2464 1968; x_wconf 80' lang='grc' dir='ltr'>τὴν</span> <span class='ocrx_word' id='word_1_309' title='bbox 2525 1898 2791 1970; x_wconf 85' lang='grc' dir='ltr'>φωτοειδῆ</span> <span class='ocrx_word' id='word_1_310' title='bbox 2827 1897 3150 1970; x_wconf 82' lang='grc' dir='ltr'>παρθενίαν,</span> <span class='ocrx_word' id='word_1_311' title='bbox 3203 1896 3566 1969; x_wconf 81' lang='grc' dir='ltr'>ὲδραζομένην</span> <span class='ocrx_word' id='word_1_312' title='bbox 3618 1897 3687 1948; x_wconf 70' lang='grc' dir='ltr'>ἐν</span> 
     </span>
    </p>
   </div>
   <div class='ocr_carea' id='block_1_48' title="bbox 2099 1986 3684 2062">
    <p class='ocr_par' dir='ltr' id='par_1_48' title="bbox 2099 1986 3684 2062">
     <span class='ocr_line' id='line_1_48' title="bbox 2099 1986 3684 2062; baseline 0 -22"><span class='ocrx_word' id='word_1_313' title='bbox 2099 1986 2177 2057; x_wconf 86' lang='grc' dir='ltr'>τῷ</span> <span class='ocrx_word' id='word_1_314' title='bbox 2205 1987 2382 2060; x_wconf 81' lang='grc' dir='ltr'>θνητῷ</span> <span class='ocrx_word' id='word_1_315' title='bbox 2409 1988 2639 2061; x_wconf 89' lang='grc' dir='ltr'>σαρκίῳ.</span> <span class='ocrx_word' id='word_1_316' title='bbox 2676 1990 2771 2044; x_wconf 82' lang='grc' dir='ltr'>καὶ</span> <span class='ocrx_word' id='word_1_317' title='bbox 2812 1989 3232 2062; x_wconf 80' lang='grc' dir='ltr'>θεμελιουμένην</span> <span class='ocrx_word' id='word_1_318' title='bbox 3276 1993 3343 2061; x_wconf 83' lang='grc' dir='ltr'><strong>τῇ</strong></span> <span class='ocrx_word' id='word_1_319' title='bbox 3397 1990 3546 2060; x_wconf 80' lang='grc' dir='ltr'>δεξιᾷ</span> <span class='ocrx_word' id='word_1_320' title='bbox 3577 1986 3684 2041; x_wconf 81' lang='grc' dir='ltr'><strong>τοῦ</strong></span> 
     </span>
    </p>
   </div>
   <div class='ocr_carea' id='block_1_49' title="bbox 2111 2079 3683 2155">
    <p class='ocr_par' dir='ltr' id='par_1_49' title="bbox 2111 2079 3683 2155">
     <span class='ocr_line' id='line_1_49' title="bbox 2111 2079 3683 2155; baseline -0.001 -20"><span class='ocrx_word' id='word_1_321' title='bbox 2111 2079 2388 2151; x_wconf 79' lang='grc' dir='ltr'>Ὑψίστου.</span> <span class='ocrx_word' id='word_1_322' title='bbox 2429 2080 2570 2136; x_wconf 79' lang='grc' dir='ltr'>Ἀλλ’</span> <span class='ocrx_word' id='word_1_323' title='bbox 2608 2081 2910 2154; x_wconf 75' lang='grc' dir='ltr'>ὑπερεύχου</span> <span class='ocrx_word' id='word_1_324' title='bbox 2945 2100 3060 2155; x_wconf 84' lang='grc' dir='ltr'>μοι,</span> <span class='ocrx_word' id='word_1_325' title='bbox 3099 2083 3298 2154; x_wconf 81' lang='grc' dir='ltr'>ἀμωμε</span> <span class='ocrx_word' id='word_1_326' title='bbox 3344 2082 3550 2152; x_wconf 83' lang='grc' dir='ltr'>νύμφη,</span> <span class='ocrx_word' id='word_1_327' title='bbox 3578 2079 3683 2134; x_wconf 85' lang='grc' dir='ltr'><strong>τοῦ</strong></span> 
     </span>
    </p>
   </div>
   <div class='ocr_carea' id='block_1_50' title="bbox 2100 2160 3680 2246">
    <p class='ocr_par' dir='ltr' id='par_1_50' title="bbox 2100 2160 3680 2246">
     <span class='ocr_line' id='line_1_50' title="bbox 2100 2160 3680 2246; baseline 0.001 -19"><span class='ocrx_word' id='word_1_328' title='bbox 2100 2160 2363 2243; x_wconf 81' lang='grc' dir='ltr'>βασιλέως</span> <span class='ocrx_word' id='word_1_329' title='bbox 2418 2173 2678 2246; x_wconf 82' lang='grc' dir='ltr'>Χριστοῦ,</span> <span class='ocrx_word' id='word_1_330' title='bbox 2733 2175 2915 2246; x_wconf 79' lang='grc' dir='ltr'>πολλῷ</span> <span class='ocrx_word' id='word_1_331' title='bbox 2939 2175 3142 2246; x_wconf 76' lang='grc' dir='ltr'>χρόνῳ,</span> <span class='ocrx_word' id='word_1_332' title='bbox 3162 2175 3258 2229; x_wconf 75' lang='grc' dir='ltr'>καὶ</span> <span class='ocrx_word' id='word_1_333' title='bbox 3281 2175 3464 2238; x_wconf 84' lang='grc' dir='ltr'>πόνοις</span> <span class='ocrx_word' id='word_1_334' title='bbox 3489 2175 3680 2243; x_wconf 83' lang='grc' dir='ltr'>ἀκαμ-</span> 
     </span>
    </p>
   </div>
   <div class='ocr_carea' id='block_1_51' title="bbox 2100 2263 3682 2340">
    <p class='ocr_par' dir='ltr' id='par_1_51' title="bbox 2100 2263 3682 2340">
     <span class='ocr_line' id='line_1_51' title="bbox 2100 2263 3682 2340; baseline 0.001 -23"><span class='ocrx_word' id='word_1_335' title='bbox 2100 2264 2246 2330; x_wconf 87' lang='grc' dir='ltr'>πέσι,</span> <span class='ocrx_word' id='word_1_336' title='bbox 2284 2265 2380 2319; x_wconf 79' lang='grc' dir='ltr'>καὶ</span> <span class='ocrx_word' id='word_1_337' title='bbox 2421 2266 2733 2340; x_wconf 85' lang='grc' dir='ltr'>μετριότητι</span> <span class='ocrx_word' id='word_1_338' title='bbox 2788 2267 3028 2339; x_wconf 87' lang='grc' dir='ltr'>τρόπων,</span> <span class='ocrx_word' id='word_1_339' title='bbox 3072 2269 3169 2322; x_wconf 79' lang='grc' dir='ltr'>καὶ</span> <span class='ocrx_word' id='word_1_340' title='bbox 3198 2266 3551 2338; x_wconf 82' lang='grc' dir='ltr'>ἀγρυπνίαις,</span> <span class='ocrx_word' id='word_1_341' title='bbox 3583 2263 3682 2318; x_wconf 78' lang='grc' dir='ltr'><strong>δάο</strong></span> 
     </span>
    </p>
   </div>
   <div class='ocr_carea' id='block_1_52' title="bbox 2099 2357 3685 2432">
    <p class='ocr_par' dir='ltr' id='par_1_52' title="bbox 2099 2357 3685 2432">
     <span class='ocr_line' id='line_1_52' title="bbox 2099 2357 3685 2432; baseline 0 -22"><span class='ocrx_word' id='word_1_342' title='bbox 2099 2374 2263 2429; x_wconf 87' lang='grc' dir='ltr'>κρυσι</span> <span class='ocrx_word' id='word_1_343' title='bbox 2286 2357 2700 2429; x_wconf 80' lang='grc' dir='ltr'>ψεκαζομὲνοις,</span> <span class='ocrx_word' id='word_1_344' title='bbox 2737 2359 2969 2425; x_wconf 78' lang='grc' dir='ltr'>καὶτοῖς</span> <span class='ocrx_word' id='word_1_345' title='bbox 2994 2360 3173 2425; x_wconf 72' lang='grc' dir='ltr'>ἄλλοις</span> <span class='ocrx_word' id='word_1_346' title='bbox 3209 2360 3452 2432; x_wconf 76' lang='grc' dir='ltr'>μυρίοις,</span> <span class='ocrx_word' id='word_1_347' title='bbox 3485 2375 3685 2429; x_wconf 82' lang='grc' dir='ltr'>κατορ-</span> 
     </span>
    </p>
   </div>
   <div class='ocr_carea' id='block_1_53' title="bbox 2099 2446 3681 2526">
    <p class='ocr_par' dir='ltr' id='par_1_53' title="bbox 2099 2446 3681 2526">
     <span class='ocr_line' id='line_1_53' title="bbox 2099 2446 3681 2526; baseline 0 -23"><span class='ocrx_word' id='word_1_348' title='bbox 2099 2448 2333 2520; x_wconf 83' lang='grc' dir='ltr'>θώμασι,</span> <span class='ocrx_word' id='word_1_349' title='bbox 2386 2451 2696 2524; x_wconf 73' lang='grc' dir='ltr'>παρρησίαν</span> <span class='ocrx_word' id='word_1_350' title='bbox 2751 2452 2987 2525; x_wconf 65' lang='grc' dir='ltr'>ἄρρητον</span> <span class='ocrx_word' id='word_1_351' title='bbox 3036 2446 3368 2526; x_wconf 70' lang='grc' dir='ltr'>κεκτημένη,</span> <span class='ocrx_word' id='word_1_352' title='bbox 3397 2450 3540 2524; x_wconf 85' lang='grc' dir='ltr'>πρὸς</span> <span class='ocrx_word' id='word_1_353' title='bbox 3582 2449 3681 2504; x_wconf 79' lang='grc' dir='ltr'>τὸν</span> 
     </span>
    </p>
   </div>
   <div class='ocr_carea' id='block_1_54' title="bbox 2097 2541 3402 2617">
    <p class='ocr_par' dir='ltr' id='par_1_54' title="bbox 2097 2541 3402 2617">
     <span class='ocr_line' id='line_1_54' title="bbox 2097 2541 3402 2617; baseline 0 -19"><span class='ocrx_word' id='word_1_354' title='bbox 2097 2541 2349 2614; x_wconf 85' lang='grc' dir='ltr'>ἀόρατον,</span> <span class='ocrx_word' id='word_1_355' title='bbox 2382 2545 2474 2598; x_wconf 79' lang='grc' dir='ltr'>καὶ</span> <span class='ocrx_word' id='word_1_356' title='bbox 2505 2544 2823 2616; x_wconf 82' lang='grc' dir='ltr'>ἁμόλυντον,</span> <span class='ocrx_word' id='word_1_357' title='bbox 2845 2545 2940 2598; x_wconf 75' lang='grc' dir='ltr'>καὶ</span> <span class='ocrx_word' id='word_1_358' title='bbox 2969 2545 3122 2614; x_wconf 76' lang='grc' dir='ltr'>ἅγιον</span> <span class='ocrx_word' id='word_1_359' title='bbox 3151 2546 3402 2617; x_wconf 81' lang='grc' dir='ltr'>νυμφίον.</span> 
     </span>
    </p>
   </div>
   <div class='ocr_carea' id='block_1_55' title="bbox 2328 2654 3440 2728">
    <p class='ocr_par' dir='ltr' id='par_1_55' title="bbox 2328 2654 3440 2728">
     <span class='ocr_line' id='line_1_55' title="bbox 2328 2654 3440 2728; baseline 0.001 -20"><span class='ocrx_word' id='word_1_360' title='bbox 2328 2654 2479 2711; x_wconf 84' lang='grc' dir='ltr'><strong>ΡΙΘ¹.</strong></span> <span class='ocrx_word' id='word_1_361' title='bbox 2505 2685 2578 2696; x_wconf 93' lang='grc'><strong><em>-</em></strong></span> <span class='ocrx_word' id='word_1_362' title='bbox 2605 2656 2863 2728; x_wconf 77' lang='grc' dir='ltr'><strong>ΡΗΓΙΝῼ</strong></span> <span class='ocrx_word' id='word_1_363' title='bbox 2888 2657 3440 2728; x_wconf 75' lang='grc' dir='ltr'><strong>ΑΡΧΙΜΑΝΔΡΙΤῌ.</strong></span> 
     </span>
    </p>
   </div>
   <div class='ocr_carea' id='block_1_56' title="bbox 2166 2744 3682 2821">
    <p class='ocr_par' dir='ltr' id='par_1_56' title="bbox 2166 2744 3682 2821">
     <span class='ocr_line' id='line_1_56' title="bbox 2166 2744 3682 2821; baseline 0.004 -24"><span class='ocrx_word' id='word_1_364' title='bbox 2166 2744 2386 2815; x_wconf 83' lang='grc' dir='ltr'>Κόσμος</span> <span class='ocrx_word' id='word_1_365' title='bbox 2429 2747 2635 2818; x_wconf 78' lang='grc' dir='ltr'>κόσμου</span> <span class='ocrx_word' id='word_1_366' title='bbox 2693 2749 2991 2821; x_wconf 83' lang='grc' dir='ltr'>ὑπάρχεις·</span> <span class='ocrx_word' id='word_1_367' title='bbox 3035 2749 3326 2820; x_wconf 83' lang='grc' dir='ltr'>τοιγαροῦν</span> <span class='ocrx_word' id='word_1_368' title='bbox 3362 2749 3422 2802; x_wconf 84' lang='grc' dir='ltr'>ὲν</span> <span class='ocrx_word' id='word_1_369' title='bbox 3463 2747 3682 2818; x_wconf 84' lang='grc' dir='ltr'>σεαυτῷ</span> 
     </span>
    </p>
   </div>
   <div class='ocr_carea' id='block_1_57' title="bbox 2096 2833 3678 2904">
    <p class='ocr_par' dir='ltr' id='par_1_57' title="bbox 2096 2833 3678 2904">
     <span class='ocr_line' id='line_1_57' title="bbox 2096 2833 3678 2904; baseline 0.004 -18"><span class='ocrx_word' id='word_1_370' title='bbox 2096 2833 2194 2904; x_wconf 83' lang='grc' dir='ltr'>τὴν</span> <span class='ocrx_word' id='word_1_371' title='bbox 2209 2834 2384 2888; x_wconf 86' lang='grc' dir='ltr'>κτίσιν</span> <span class='ocrx_word' id='word_1_372' title='bbox 2404 2838 2584 2891; x_wconf 79' lang='grc' dir='ltr'>πᾶσαν</span> <span class='ocrx_word' id='word_1_373' title='bbox 2607 2837 2929 2902; x_wconf 88' lang='grc' dir='ltr'>κατόπτευε,</span> <span class='ocrx_word' id='word_1_374' title='bbox 2959 2839 3056 2893; x_wconf 74' lang='grc' dir='ltr'>καὶ</span> <span class='ocrx_word' id='word_1_375' title='bbox 3083 2839 3152 2893; x_wconf 85' lang='grc' dir='ltr'>τὰ</span> <span class='ocrx_word' id='word_1_376' title='bbox 3171 2840 3349 2894; x_wconf 80' lang='grc' dir='ltr'>πάντα</span> <span class='ocrx_word' id='word_1_377' title='bbox 3375 2842 3456 2903; x_wconf 82' lang='grc' dir='ltr'><strong>είς</strong></span> <span class='ocrx_word' id='word_1_378' title='bbox 3483 2837 3678 2893; x_wconf 72' lang='grc' dir='ltr'>ἑαυτὸν</span> 
     </span>
    </p>
   </div>
   <div class='ocr_carea' id='block_1_58' title="bbox 2097 2924 3681 3002">
    <p class='ocr_par' dir='ltr' id='par_1_58' title="bbox 2097 2924 3681 3002">
     <span class='ocr_line' id='line_1_58' title="bbox 2097 2924 3681 3002; baseline 0.005 -26"><span class='ocrx_word' id='word_1_379' title='bbox 2097 2924 2290 2978; x_wconf 75' lang='grc' dir='ltr'>ἐννόει.</span> <span class='ocrx_word' id='word_1_380' title='bbox 2329 2926 2420 2998; x_wconf 81' lang='grc' dir='ltr'><strong>Μὴ</strong></span> <span class='ocrx_word' id='word_1_381' title='bbox 2482 2926 2645 2996; x_wconf 82' lang='grc' dir='ltr'>βλέπε</span> <span class='ocrx_word' id='word_1_382' title='bbox 2691 2928 2830 2999; x_wconf 84' lang='grc' dir='ltr'>πρὸς</span> <span class='ocrx_word' id='word_1_383' title='bbox 2855 2927 3089 2996; x_wconf 75' lang='grc' dir='ltr'>τὰέξω,</span> <span class='ocrx_word' id='word_1_384' title='bbox 3134 2929 3424 2983; x_wconf 82' lang='grc' dir='ltr'>σύννευσον</span> <span class='ocrx_word' id='word_1_385' title='bbox 3446 2931 3585 3002; x_wconf 85' lang='grc' dir='ltr'>πρὸς</span> <span class='ocrx_word' id='word_1_386' title='bbox 3605 2929 3681 2984; x_wconf 73' lang='grc' dir='ltr'>τὰ.</span> 
     </span>
    </p>
   </div>
   <div class='ocr_carea' id='block_1_59' title="bbox 2096 3004 3676 3092">
    <p class='ocr_par' dir='ltr' id='par_1_59' title="bbox 2096 3004 3676 3092">
     <span class='ocr_line' id='line_1_59' title="bbox 2096 3004 3676 3092; baseline 0.006 -23"><span class='ocrx_word' id='word_1_387' title='bbox 2096 3015 2226 3079; x_wconf 75' lang='grc' dir='ltr'>ἔσω,</span> <span class='ocrx_word' id='word_1_388' title='bbox 2256 3016 2555 3090; x_wconf 77' lang='grc' dir='ltr'>σύστρεψον</span> <span class='ocrx_word' id='word_1_389' title='bbox 2574 3019 2664 3073; x_wconf 82' lang='grc' dir='ltr'>τὸν</span> <span class='ocrx_word' id='word_1_390' title='bbox 2679 3004 2943 3074; x_wconf 77' lang='grc' dir='ltr'>νοῦν’ὃλον</span> <span class='ocrx_word' id='word_1_391' title='bbox 2973 3022 3056 3084; x_wconf 79' lang='grc' dir='ltr'><strong>εἰς</strong></span> <span class='ocrx_word' id='word_1_392' title='bbox 3081 3020 3142 3074; x_wconf 83' lang='grc' dir='ltr'>τὸ</span> <span class='ocrx_word' id='word_1_393' title='bbox 3167 3020 3350 3092; x_wconf 78' lang='grc' dir='ltr'>νοερὸν</span> <span class='ocrx_word' id='word_1_394' title='bbox 3371 3019 3470 3092; x_wconf 82' lang='grc' dir='ltr'>τῆς</span> <span class='ocrx_word' id='word_1_395' title='bbox 3495 3020 3676 3092; x_wconf 79' lang='grc' dir='ltr'>ψυχῆς</span> 
     </span>
    </p>
   </div>
   <div class='ocr_carea' id='block_1_60' title="bbox 2095 3110 3678 3185">
    <p class='ocr_par' dir='ltr' id='par_1_60' title="bbox 2095 3110 3678 3185">
     <span class='ocr_line' id='line_1_60' title="bbox 2095 3110 3678 3185; baseline 0.003 -24"><span class='ocrx_word' id='word_1_396' title='bbox 2095 3112 2360 3179; x_wconf 86' lang='grc' dir='ltr'>ταμιεῖον,</span> <span class='ocrx_word' id='word_1_397' title='bbox 2421 3110 2708 3168; x_wconf 80' lang='grc' dir='ltr'>ἁνείδωλον</span> <span class='ocrx_word' id='word_1_398' title='bbox 2755 3111 2834 3184; x_wconf 82' lang='grc' dir='ltr'>τῷ</span> <span class='ocrx_word' id='word_1_399' title='bbox 2885 3111 3078 3185; x_wconf 60' lang='grc' dir='ltr'>Κυπρίῳ</span> <span class='ocrx_word' id='word_1_400' title='bbox 3141 3112 3238 3168; x_wconf 80' lang='grc' dir='ltr'><strong>τὸν</strong></span> <span class='ocrx_word' id='word_1_401' title='bbox 3299 3111 3428 3168; x_wconf 81' lang='grc' dir='ltr'>ναὸν</span> <span class='ocrx_word' id='word_1_402' title='bbox 3482 3111 3678 3184; x_wconf 76' lang='grc' dir='ltr'>εὐτρέο</span> 
     </span>
    </p>
   </div>
   <div class='ocr_carea' id='block_1_61' title="bbox 407 3169 2276 3270">
    <p class='ocr_par' dir='ltr' id='par_1_61' title="bbox 407 3169 2276 3270">
     <span class='ocr_line' id='line_1_61' title="bbox 407 3169 2276 3270; baseline 0.013 -35"><span class='ocrx_word' id='word_1_403' title='bbox 407 3193 684 3250; x_wconf 86' lang='lat' dir='ltr'><strong>converte,</strong></span> <span class='ocrx_word' id='word_1_404' title='bbox 714 3194 768 3240; x_wconf 90' lang='lat' dir='ltr'><strong>et</strong></span> <span class='ocrx_word' id='word_1_405' title='bbox 811 3187 932 3243; x_wconf 83' lang='lat' dir='ltr'><strong>sine</strong></span> <span class='ocrx_word' id='word_1_406' title='bbox 971 3192 1158 3245; x_wconf 80' lang='lat' dir='ltr'><strong>rerum</strong></span> <span class='ocrx_word' id='word_1_407' title='bbox 1208 3191 1541 3266; x_wconf 80' lang='lat' dir='ltr'><strong>imaginibus</strong></span> <span class='ocrx_word' id='word_1_408' title='bbox 1600 3200 1858 3270; x_wconf 90' lang='lat' dir='ltr'><strong>templum</strong></span> <span class='ocrx_word' id='word_1_409' title='bbox 1890 3200 1994 3257; x_wconf 89' lang='lat' dir='ltr'><strong>Do-</strong></span> <span class='ocrx_word' id='word_1_410' title='bbox 2021 3169 2064 3229; x_wconf 64' lang='grc' dir='ltr'>α</span> <span class='ocrx_word' id='word_1_411' title='bbox 2096 3215 2276 3252; x_wconf 79' lang='grc' dir='ltr'>πισον.</span> 
     </span>
    </p>
   </div>
   <div class='ocr_carea' id='block_1_62' title="bbox 413 3275 858 3348">
    <p class='ocr_par' dir='ltr' id='par_1_62' title="bbox 413 3275 858 3348">
     <span class='ocr_line' id='line_1_62' title="bbox 413 3275 858 3348; baseline 0.013 -22"><span class='ocrx_word' id='word_1_412' title='bbox 413 3275 563 3330; x_wconf 84' lang='grc' dir='ltr'>ιιιίηο</span> <span class='ocrx_word' id='word_1_413' title='bbox 591 3291 858 3348; x_wconf 71' lang='lat' dir='ltr'><strong>praepara.</strong></span> 
     </span>
    </p>
   </div>
   <div class='ocr_carea' id='block_1_63' title="bbox 686 3389 1780 3460">
    <p class='ocr_par' dir='ltr' id='par_1_63' title="bbox 686 3389 1780 3460">
     <span class='ocr_line' id='line_1_63' title="bbox 686 3389 1780 3460; baseline 0.013 -16"><span class='ocrx_word' id='word_1_414' title='bbox 686 3389 852 3445; x_wconf 82' lang='lat' dir='ltr'><strong>CXX.</strong></span> <span class='ocrx_word' id='word_1_415' title='bbox 881 3421 947 3431; x_wconf 89' lang='lat'>—</span> <span class='ocrx_word' id='word_1_416' title='bbox 975 3393 1400 3454; x_wconf 80' lang='lat' dir='ltr'><strong>ALEXANDRO</strong></span> <span class='ocrx_word' id='word_1_417' title='bbox 1427 3398 1780 3460; x_wconf 81' lang='lat' dir='ltr'><strong>MONACHO.</strong></span> 
     </span>
    </p>
   </div>
   <div class='ocr_carea' id='block_1_64' title="bbox 481 3476 1997 3560">
    <p class='ocr_par' dir='ltr' id='par_1_64' title="bbox 481 3476 1997 3560">
     <span class='ocr_line' id='line_1_64' title="bbox 481 3476 1997 3560; baseline 0.015 -29"><span class='ocrx_word' id='word_1_418' title='bbox 481 3476 722 3560; x_wconf 85' lang='lat' dir='ltr'><strong>Servans</strong></span> <span class='ocrx_word' id='word_1_419' title='bbox 763 3498 923 3538; x_wconf 81' lang='lat' dir='ltr'><strong>serva</strong></span> <span class='ocrx_word' id='word_1_420' title='bbox 973 3487 1214 3543; x_wconf 90' lang='lat' dir='ltr'><strong>animam</strong></span> <span class='ocrx_word' id='word_1_421' title='bbox 1262 3498 1436 3557; x_wconf 89' lang='lat' dir='ltr'><strong>tuam,</strong></span> <span class='ocrx_word' id='word_1_422' title='bbox 1488 3509 1590 3549; x_wconf 91' lang='lat' dir='ltr'><strong>nec</strong></span> <span class='ocrx_word' id='word_1_423' title='bbox 1620 3497 1782 3551; x_wconf 88' lang='lat' dir='ltr'><strong>malis</strong></span> <span class='ocrx_word' id='word_1_424' title='bbox 1820 3506 1997 3554; x_wconf 86' lang='lat' dir='ltr'><strong>retro-</strong></span> 
     </span>
    </p>
   </div>
   <div class='ocr_carea' id='block_1_65' title="bbox 408 3571 1990 3650">
    <p class='ocr_par' dir='ltr' id='par_1_65' title="bbox 408 3571 1990 3650">
     <span class='ocr_line' id='line_1_65' title="bbox 408 3571 1990 3650; baseline 0.015 -28"><span class='ocrx_word' id='word_1_425' title='bbox 408 3571 571 3635; x_wconf 80' lang='lat' dir='ltr'><strong>actis,</strong></span> <span class='ocrx_word' id='word_1_426' title='bbox 602 3573 803 3641; x_wconf 82' lang='lat' dir='ltr'><strong>quibus</strong></span> <span class='ocrx_word' id='word_1_427' title='bbox 836 3576 975 3630; x_wconf 86' lang='lat' dir='ltr'><strong>bene</strong></span> <span class='ocrx_word' id='word_1_428' title='bbox 1008 3579 1434 3650; x_wconf 88' lang='lat' dir='ltr'><strong>abrenuntiasti,</strong></span> <span class='ocrx_word' id='word_1_429' title='bbox 1457 3593 1693 3641; x_wconf 89' lang='lat' dir='ltr'><strong>mentem</strong></span> <span class='ocrx_word' id='word_1_430' title='bbox 1723 3587 1946 3644; x_wconf 87' lang='lat' dir='ltr'><strong>adverte</strong></span> <span class='ocrx_word' id='word_1_431' title='bbox 1974 3608 1990 3646; x_wconf 89' lang='lat'><strong>:</strong></span> 
     </span>
    </p>
   </div>
   <div class='ocr_carea' id='block_1_66' title="bbox 413 3660 1995 3742">
    <p class='ocr_par' dir='ltr' id='par_1_66' title="bbox 413 3660 1995 3742">
     <span class='ocr_line' id='line_1_66' title="bbox 413 3660 1995 3742; baseline 0.013 -30"><span class='ocrx_word' id='word_1_432' title='bbox 413 3660 469 3713; x_wconf 92' lang='lat' dir='ltr'><strong>in</strong></span> <span class='ocrx_word' id='word_1_433' title='bbox 526 3673 762 3717; x_wconf 89' lang='lat' dir='ltr'><strong>montem</strong></span> <span class='ocrx_word' id='word_1_434' title='bbox 797 3667 1302 3734; x_wconf 86' lang='lat' dir='ltr'><strong>perturbationibus</strong></span> <span class='ocrx_word' id='word_1_435' title='bbox 1353 3686 1585 3726; x_wconf 81' lang='lat' dir='ltr'><strong>vacuum</strong></span> <span class='ocrx_word' id='word_1_436' title='bbox 1644 3676 1900 3742; x_wconf 89' lang='lat' dir='ltr'><strong>ascende,</strong></span> <span class='ocrx_word' id='word_1_437' title='bbox 1928 3693 1995 3732; x_wconf 87' lang='lat' dir='ltr'><strong>ne</strong></span> 
     </span>
    </p>
   </div>
   <div class='ocr_carea' id='block_1_67' title="bbox 407 3755 1993 3844">
    <p class='ocr_par' dir='ltr' id='par_1_67' title="bbox 407 3755 1993 3844">
     <span class='ocr_line' id='line_1_67' title="bbox 407 3755 1993 3844; baseline 0.013 -36"><span class='ocrx_word' id='word_1_438' title='bbox 407 3755 710 3824; x_wconf 79' lang='lat' dir='ltr'><strong>aliquando</strong></span> <span class='ocrx_word' id='word_1_439' title='bbox 739 3775 846 3812; x_wconf 89' lang='lat' dir='ltr'><strong>una</strong></span> <span class='ocrx_word' id='word_1_440' title='bbox 874 3776 1000 3815; x_wconf 91' lang='lat' dir='ltr'><strong>cum</strong></span> <span class='ocrx_word' id='word_1_441' title='bbox 1029 3763 1237 3819; x_wconf 90' lang='lat' dir='ltr'><strong>mundo</strong></span> <span class='ocrx_word' id='word_1_442' title='bbox 1271 3775 1564 3836; x_wconf 85' lang='lat' dir='ltr'><strong>peccatore</strong></span> <span class='ocrx_word' id='word_1_443' title='bbox 1613 3768 1739 3841; x_wconf 88' lang='lat' dir='ltr'><strong>igne</strong></span> <span class='ocrx_word' id='word_1_444' title='bbox 1788 3773 1993 3844; x_wconf 86' lang='lat' dir='ltr'><strong>sempi-</strong></span> 
     </span>
    </p>
   </div>
   <div class='ocr_carea' id='block_1_68' title="bbox 411 3850 1108 3920">
    <p class='ocr_par' dir='ltr' id='par_1_68' title="bbox 411 3850 1108 3920">
     <span class='ocr_line' id='line_1_68' title="bbox 411 3850 1108 3920; baseline 0.011 -19"><span class='ocrx_word' id='word_1_445' title='bbox 411 3855 572 3902; x_wconf 89' lang='lat' dir='ltr'><strong>terno</strong></span> <span class='ocrx_word' id='word_1_446' title='bbox 595 3850 1108 3920; x_wconf 79' lang='lat' dir='ltr'><strong>comprehendaris.</strong></span> 
     </span>
    </p>
   </div>
   <div class='ocr_carea' id='block_1_69' title="bbox 966 3967 1467 4028">
    <p class='ocr_par' dir='ltr' id='par_1_69' title="bbox 966 3967 1467 4028">
     <span class='ocr_line' id='line_1_69' title="bbox 966 3967 1467 4028; baseline 0.01 -6"><span class='ocrx_word' id='word_1_447' title='bbox 966 3967 1151 4024; x_wconf 76' lang='lat' dir='ltr'><strong>CXXI.</strong></span> <span class='ocrx_word' id='word_1_448' title='bbox 1177 3969 1467 4028; x_wconf 75' lang='lat' dir='ltr'><strong>—Eidem.</strong></span> 
     </span>
    </p>
   </div>
   <div class='ocr_carea' id='block_1_70' title="bbox 476 4052 1986 4138">
    <p class='ocr_par' dir='ltr' id='par_1_70' title="bbox 476 4052 1986 4138">
     <span class='ocr_line' id='line_1_70' title="bbox 476 4052 1986 4138; baseline 0.014 -32"><span class='ocrx_word' id='word_1_449' title='bbox 476 4052 602 4108; x_wconf 65' lang='lat' dir='ltr'><strong>Haec</strong></span> <span class='ocrx_word' id='word_1_450' title='bbox 643 4056 740 4110; x_wconf 92' lang='lat' dir='ltr'><strong>tibi</strong></span> <span class='ocrx_word' id='word_1_451' title='bbox 777 4072 806 4110; x_wconf 69' lang='grc' dir='ltr'>ει</span> <span class='ocrx_word' id='word_1_452' title='bbox 856 4057 1085 4116; x_wconf 88' lang='lat' dir='ltr'><strong>Domino</strong></span> <span class='ocrx_word' id='word_1_453' title='bbox 1143 4061 1435 4133; x_wconf 66' lang='lat' dir='ltr'><strong>deprecare</strong></span> <span class='ocrx_word' id='word_1_454' title='bbox 1468 4084 1482 4120; x_wconf 93' lang='lat'><strong>:</strong></span> <span class='ocrx_word' id='word_1_455' title='bbox 1520 4064 1707 4138; x_wconf 83' lang='lat' dir='ltr'><strong>Aperi,</strong></span> <span class='ocrx_word' id='word_1_456' title='bbox 1742 4069 1986 4137; x_wconf 85' lang='lat' dir='ltr'><strong>Domine,</strong></span> 
     </span>
    </p>
   </div>
   <div class='ocr_carea' id='block_1_71' title="bbox 2374 3409 3391 3482">
    <p class='ocr_par' dir='ltr' id='par_1_71' title="bbox 2374 3409 3391 3482">
     <span class='ocr_line' id='line_1_71' title="bbox 2374 3409 3391 3482; baseline 0.004 -21"><span class='ocrx_word' id='word_1_457' title='bbox 2374 3409 2504 3462; x_wconf 86' lang='lat' dir='ltr'><strong>PK&#39;.</strong></span> <span class='ocrx_word' id='word_1_458' title='bbox 2532 3437 2605 3448; x_wconf 90' lang='grc'><strong><em>--</em></strong></span> <span class='ocrx_word' id='word_1_459' title='bbox 2638 3409 3042 3482; x_wconf 76' lang='grc' dir='ltr'><strong>ΑΔΕΞΑΝΔΡῼ</strong></span> <span class='ocrx_word' id='word_1_460' title='bbox 3079 3411 3391 3482; x_wconf 78' lang='grc' dir='ltr'><strong>ΜΟΝΔΧῼ.</strong></span> 
     </span>
    </p>
   </div>
   <div class='ocr_carea' id='block_1_72' title="bbox 2167 3496 3674 3574">
    <p class='ocr_par' dir='ltr' id='par_1_72' title="bbox 2167 3496 3674 3574">
     <span class='ocr_line' id='line_1_72' title="bbox 2167 3496 3674 3574; baseline 0.004 -23"><span class='ocrx_word' id='word_1_461' title='bbox 2167 3496 2362 3572; x_wconf 75' lang='grc' dir='ltr'>Σώξων</span> <span class='ocrx_word' id='word_1_462' title='bbox 2398 3499 2538 3565; x_wconf 78' lang='grc' dir='ltr'>σῶζε</span> <span class='ocrx_word' id='word_1_463' title='bbox 2561 3499 2659 3572; x_wconf 78' lang='grc' dir='ltr'>τὴν</span> <span class='ocrx_word' id='word_1_464' title='bbox 2690 3501 2914 3556; x_wconf 77' lang='grc' dir='ltr'>σεαυτοῦ</span> <span class='ocrx_word' id='word_1_465' title='bbox 2941 3503 3118 3573; x_wconf 83' lang='grc' dir='ltr'>ψυχήν</span> <span class='ocrx_word' id='word_1_466' title='bbox 3138 3520 3153 3535; x_wconf 75' lang='grc'><strong>⁹</strong></span> <span class='ocrx_word' id='word_1_467' title='bbox 3213 3503 3288 3574; x_wconf 84' lang='grc' dir='ltr'>μὴ</span> <span class='ocrx_word' id='word_1_468' title='bbox 3336 3501 3674 3574; x_wconf 70' lang='grc' dir='ltr'>περιϐλέπου</span> 
     </span>
    </p>
   </div>
   <div class='ocr_carea' id='block_1_73' title="bbox 2095 3588 3677 3666">
    <p class='ocr_par' dir='ltr' id='par_1_73' title="bbox 2095 3588 3677 3666">
     <span class='ocr_line' id='line_1_73' title="bbox 2095 3588 3677 3666; baseline 0.003 -23"><span class='ocrx_word' id='word_1_469' title='bbox 2095 3592 2175 3655; x_wconf 86' lang='grc' dir='ltr'><strong>είς</strong></span> <span class='ocrx_word' id='word_1_470' title='bbox 2206 3591 2275 3646; x_wconf 87' lang='grc' dir='ltr'>τὰ</span> <span class='ocrx_word' id='word_1_471' title='bbox 2297 3592 2473 3646; x_wconf 80' lang='grc' dir='ltr'>ὀπίσω</span> <span class='ocrx_word' id='word_1_472' title='bbox 2516 3593 2681 3655; x_wconf 85' lang='grc' dir='ltr'>κακὰ,</span> <span class='ocrx_word' id='word_1_473' title='bbox 2713 3588 2908 3666; x_wconf 78' lang='grc' dir='ltr'>οἷσπερ</span> <span class='ocrx_word' id='word_1_474' title='bbox 2937 3595 3030 3648; x_wconf 74' lang='grc' dir='ltr'>καὶ</span> <span class='ocrx_word' id='word_1_475' title='bbox 3060 3594 3242 3658; x_wconf 85' lang='grc' dir='ltr'>καλῶς</span> <span class='ocrx_word' id='word_1_476' title='bbox 3273 3595 3556 3661; x_wconf 74' lang='grc' dir='ltr'>ἁπετάξωο</span> <span class='ocrx_word' id='word_1_477' title='bbox 3590 3596 3677 3660; x_wconf 76' lang='grc' dir='ltr'><strong>είς</strong></span> 
     </span>
    </p>
   </div>
   <div class='ocr_carea' id='block_1_74' title="bbox 2093 3683 3673 3759">
    <p class='ocr_par' dir='ltr' id='par_1_74' title="bbox 2093 3683 3673 3759">
     <span class='ocr_line' id='line_1_74' title="bbox 2093 3683 3673 3759; baseline 0.003 -23"><span class='ocrx_word' id='word_1_478' title='bbox 2093 3683 2156 3736; x_wconf 83' lang='grc' dir='ltr'>τὸ</span> <span class='ocrx_word' id='word_1_479' title='bbox 2181 3684 2305 3754; x_wconf 77' lang='grc' dir='ltr'>ὅρος</span> <span class='ocrx_word' id='word_1_480' title='bbox 2329 3685 2427 3754; x_wconf 82' lang='grc' dir='ltr'>τῆς</span> <span class='ocrx_word' id='word_1_481' title='bbox 2479 3685 2745 3750; x_wconf 80' lang='grc' dir='ltr'>ἀπαθείας</span> <span class='ocrx_word' id='word_1_482' title='bbox 2788 3687 3088 3758; x_wconf 82' lang='grc' dir='ltr'>ἀνάδραμε,</span> <span class='ocrx_word' id='word_1_483' title='bbox 3125 3689 3333 3758; x_wconf 86' lang='grc' dir='ltr'>μήποτε</span> <span class='ocrx_word' id='word_1_484' title='bbox 3375 3705 3673 3759; x_wconf 84' lang='grc' dir='ltr'>συμπαρα-</span> 
     </span>
    </p>
   </div>
   <div class='ocr_carea' id='block_1_75' title="bbox 2093 3776 3667 3852">
    <p class='ocr_par' dir='ltr' id='par_1_75' title="bbox 2093 3776 3667 3852">
     <span class='ocr_line' id='line_1_75' title="bbox 2093 3776 3667 3852; baseline 0.004 -23"><span class='ocrx_word' id='word_1_485' title='bbox 2093 3776 2304 3850; x_wconf 81' lang='grc' dir='ltr'>ληφθῇς</span> <span class='ocrx_word' id='word_1_486' title='bbox 2333 3776 2412 3850; x_wconf 83' lang='grc' dir='ltr'>τῷ</span> <span class='ocrx_word' id='word_1_487' title='bbox 2432 3778 2742 3850; x_wconf 82' lang='grc' dir='ltr'>ἁμαρτωλῷ</span> <span class='ocrx_word' id='word_1_488' title='bbox 2766 3779 2970 3851; x_wconf 64' lang='grc' dir='ltr'>,κόσμῳ</span> <span class='ocrx_word' id='word_1_489' title='bbox 2997 3781 3077 3844; x_wconf 81' lang='grc' dir='ltr'><strong>εἰς</strong></span> <span class='ocrx_word' id='word_1_490' title='bbox 3101 3780 3162 3834; x_wconf 83' lang='grc' dir='ltr'>τὸ</span> <span class='ocrx_word' id='word_1_491' title='bbox 3191 3778 3302 3852; x_wconf 88' lang='grc' dir='ltr'><strong>πῦρ</strong></span> <span class='ocrx_word' id='word_1_492' title='bbox 3327 3780 3389 3835; x_wconf 86' lang='grc' dir='ltr'>τὸ</span> <span class='ocrx_word' id='word_1_493' title='bbox 3426 3779 3667 3835; x_wconf 78' lang='grc' dir='ltr'>αἰώνιον.</span> 
     </span>
    </p>
   </div>
   <div class='ocr_carea' id='block_1_76' title="bbox 2567 3982 3190 4050">
    <p class='ocr_par' dir='ltr' id='par_1_76' title="bbox 2567 3982 3190 4050">
     <span class='ocr_line' id='line_1_76' title="bbox 2567 3982 3190 4050; baseline 0.003 -13"><span class='ocrx_word' id='word_1_494' title='bbox 2567 3983 2746 4038; x_wconf 79' lang='grc' dir='ltr'><strong>ΡΚΑ⁹.</strong></span> <span class='ocrx_word' id='word_1_495' title='bbox 2781 4013 2851 4024; x_wconf 88' lang='grc'><strong><em>-</em></strong></span> <span class='ocrx_word' id='word_1_496' title='bbox 2899 3982 2983 4050; x_wconf 80' lang='grc' dir='ltr'>Τῷ</span> <span class='ocrx_word' id='word_1_497' title='bbox 3011 3983 3190 4050; x_wconf 76' lang='grc' dir='ltr'>αὐτῷ.</span> 
     </span>
    </p>
   </div>
   <div class='ocr_carea' id='block_1_77' title="bbox 2159 4075 3670 4148">
    <p class='ocr_par' dir='ltr' id='par_1_77' title="bbox 2159 4075 3670 4148">
     <span class='ocr_line' id='line_1_77' title="bbox 2159 4075 3670 4148; baseline 0.003 -18"><span class='ocrx_word' id='word_1_498' title='bbox 2159 4075 2399 4130; x_wconf 89' lang='grc' dir='ltr'>Τοιαῦτα</span> <span class='ocrx_word' id='word_1_499' title='bbox 2456 4077 2615 4148; x_wconf 69' lang='grc' dir='ltr'>εῦχου</span> <span class='ocrx_word' id='word_1_500' title='bbox 2667 4076 2804 4148; x_wconf 82' lang='grc' dir='ltr'>πρὸς</span> <span class='ocrx_word' id='word_1_501' title='bbox 2866 4075 2955 4130; x_wconf 80' lang='grc' dir='ltr'>τὸν</span> <span class='ocrx_word' id='word_1_502' title='bbox 3001 4076 3244 4148; x_wconf 70' lang='grc' dir='ltr'>Κύριονο</span> <span class='ocrx_word' id='word_1_503' title='bbox 3302 4077 3567 4146; x_wconf 77' lang='grc' dir='ltr'>Ἀνοιξον,</span> <span class='ocrx_word' id='word_1_504' title='bbox 3619 4075 3670 4134; x_wconf 76' lang='grc' dir='ltr'>ὦ</span> 
     </span>
    </p>
   </div>
   <div class='ocr_carea' id='block_1_78' title="bbox 403 4147 1998 4240">
    <p class='ocr_par' dir='ltr' id='par_1_78' title="bbox 403 4147 1987 4226">
     <span class='ocr_line' id='line_1_78' title="bbox 403 4147 1987 4226; baseline 0.011 -26"><span class='ocrx_word' id='word_1_505' title='bbox 403 4147 626 4201; x_wconf 87' lang='lat' dir='ltr'><strong>divitem</strong></span> <span class='ocrx_word' id='word_1_506' title='bbox 661 4157 810 4203; x_wconf 91' lang='lat' dir='ltr'><strong>tuam</strong></span> <span class='ocrx_word' id='word_1_507' title='bbox 861 4167 1080 4206; x_wconf 74' lang='lat' dir='ltr'><strong>&quot;ianum</strong></span> <span class='ocrx_word' id='word_1_508' title='bbox 1109 4154 1176 4218; x_wconf 70' lang='grc'><strong>³⁵,</strong></span> <span class='ocrx_word' id='word_1_509' title='bbox 1213 4163 1267 4209; x_wconf 90' lang='lat' dir='ltr'><strong>et</strong></span> <span class='ocrx_word' id='word_1_510' title='bbox 1319 4157 1609 4226; x_wconf 88' lang='lat' dir='ltr'><strong>spirituale</strong></span> <span class='ocrx_word' id='word_1_511' title='bbox 1659 4161 1987 4218; x_wconf 77' lang='lat' dir='ltr'><strong>beneficium</strong></span> 
     </span>
    </p>
   </div>
   <div class='ocr_carea' id='block_1_79' title="bbox 2110 4147 3670 4240">
    <p class='ocr_par' dir='ltr' id='par_1_79' title="bbox 2110 4168 3670 4240">
     <span class='ocr_line' id='line_1_79' title="bbox 2110 4168 3670 4240; baseline 0.004 -20"><span class='ocrx_word' id='word_1_512' title='bbox 2110 4169 2357 4236; x_wconf 67' lang='grc' dir='ltr'>ὶὲσποτα,</span> <span class='ocrx_word' id='word_1_513' title='bbox 2380 4169 2479 4238; x_wconf 80' lang='grc' dir='ltr'>τὴν</span> <span class='ocrx_word' id='word_1_514' title='bbox 2503 4168 2765 4221; x_wconf 85' lang='grc' dir='ltr'>πλουσίαν</span> <span class='ocrx_word' id='word_1_515' title='bbox 2792 4184 2886 4223; x_wconf 80' lang='grc' dir='ltr'><strong>σου</strong></span> <span class='ocrx_word' id='word_1_516' title='bbox 2926 4171 3085 4240; x_wconf 89' lang='grc' dir='ltr'>χεῖρα</span> <span class='ocrx_word' id='word_1_517' title='bbox 3111 4171 3190 4230; x_wconf 78' lang='grc' dir='ltr'><strong>εἰς</strong></span> <span class='ocrx_word' id='word_1_518' title='bbox 3213 4171 3478 4240; x_wconf 76' lang='grc' dir='ltr'>χορηγίαν</span> <span class='ocrx_word' id='word_1_519' title='bbox 3507 4191 3670 4226; x_wconf 77' lang='grc' dir='ltr'>πνευ-</span> 
     </span>
    </p>
   </div>
   <div class='ocr_carea' id='block_1_80' title="bbox 405 4241 1998 4334">
    <p class='ocr_par' dir='ltr' id='par_1_80' title="bbox 405 4241 1983 4314">
     <span class='ocr_line' id='line_1_80' title="bbox 405 4241 1983 4314; baseline 0.014 -24"><span class='ocrx_word' id='word_1_520' title='bbox 405 4241 720 4309; x_wconf 72' lang='lat' dir='ltr'><strong>suppedlta,</strong></span> <span class='ocrx_word' id='word_1_521' title='bbox 775 4250 832 4296; x_wconf 92' lang='lat' dir='ltr'><strong>et</strong></span> <span class='ocrx_word' id='word_1_522' title='bbox 883 4243 1139 4312; x_wconf 76' lang='lat' dir='ltr'><strong>quzelibet</strong></span> <span class='ocrx_word' id='word_1_523' title='bbox 1200 4249 1572 4314; x_wconf 85' lang='lat' dir='ltr'><strong>amarissima,</strong></span> <span class='ocrx_word' id='word_1_524' title='bbox 1631 4260 1686 4308; x_wconf 89' lang='lat' dir='ltr'><strong>et</strong></span> <span class='ocrx_word' id='word_1_525' title='bbox 1739 4255 1983 4312; x_wconf 85' lang='lat' dir='ltr'><strong>crudelis</strong></span> 
     </span>
    </p>
   </div>
   <div class='ocr_carea' id='block_1_81' title="bbox 2110 4241 3670 4334">
    <p class='ocr_par' dir='ltr' id='par_1_81' title="bbox 2110 4260 3670 4334">
     <span class='ocr_line' id='line_1_81' title="bbox 2110 4260 3670 4334; baseline 0.004 -21"><span class='ocrx_word' id='word_1_526' title='bbox 2110 4261 2329 4330; x_wconf 83' lang='grc' dir='ltr'>ιατικῆς</span> <span class='ocrx_word' id='word_1_527' title='bbox 2389 4261 2738 4332; x_wconf 76' lang='grc' dir='ltr'>εὐεργεσίας,</span> <span class='ocrx_word' id='word_1_528' title='bbox 2799 4260 2894 4314; x_wconf 76' lang='grc' dir='ltr'>καὶ</span> <span class='ocrx_word' id='word_1_529' title='bbox 2952 4262 3100 4314; x_wconf 82' lang='grc' dir='ltr'>πᾶσα</span> <span class='ocrx_word' id='word_1_530' title='bbox 3147 4263 3498 4334; x_wconf 83' lang='grc' dir='ltr'>πικροτάτη,</span> <span class='ocrx_word' id='word_1_531' title='bbox 3575 4267 3670 4320; x_wconf 70' lang='grc' dir='ltr'>καὶ</span> 
     </span>
    </p>
   </div>
   <div class='ocr_carea' id='block_1_82' title="bbox 403 4330 1998 4428">
    <p class='ocr_par' dir='ltr' id='par_1_82' title="bbox 403 4330 1985 4416">
     <span class='ocr_line' id='line_1_82' title="bbox 403 4330 1985 4416; baseline 0.013 -35"><span class='ocrx_word' id='word_1_532' title='bbox 403 4330 612 4389; x_wconf 79' lang='lat' dir='ltr'><strong>anima,</strong></span> <span class='ocrx_word' id='word_1_533' title='bbox 648 4332 1111 4400; x_wconf 86' lang='lat' dir='ltr'><strong>quemadmodum</strong></span> <span class='ocrx_word' id='word_1_534' title='bbox 1164 4345 1221 4391; x_wconf 90' lang='lat' dir='ltr'><strong>et</strong></span> <span class='ocrx_word' id='word_1_535' title='bbox 1250 4353 1393 4406; x_wconf 84' lang='lat' dir='ltr'><strong>mea,</strong></span> <span class='ocrx_word' id='word_1_536' title='bbox 1425 4341 1744 4412; x_wconf 88' lang='lat' dir='ltr'><strong>implebitur</strong></span> <span class='ocrx_word' id='word_1_537' title='bbox 1794 4346 1985 4416; x_wconf 87' lang='lat' dir='ltr'><strong>probi-</strong></span> 
     </span>
    </p>
   </div>
   <div class='ocr_carea' id='block_1_83' title="bbox 2110 4330 3671 4428">
    <p class='ocr_par' dir='ltr' id='par_1_83' title="bbox 2110 4330 3671 4428">
     <span class='ocr_line' id='line_1_83' title="bbox 2110 4330 3671 4428; baseline 0.003 -22"><span class='ocrx_word' id='word_1_538' title='bbox 2110 4354 2302 4424; x_wconf 75' lang='grc' dir='ltr'>ὶπηνης</span> <span class='ocrx_word' id='word_1_539' title='bbox 2321 4330 2494 4423; x_wconf 70' lang='grc' dir='ltr'>ψυχὴ,</span> <span class='ocrx_word' id='word_1_540' title='bbox 2521 4351 2768 4424; x_wconf 85' lang='grc' dir='ltr'>καθάπερ</span> <span class='ocrx_word' id='word_1_541' title='bbox 2800 4355 2892 4405; x_wconf 80' lang='grc' dir='ltr'>καὶ</span> <span class='ocrx_word' id='word_1_542' title='bbox 2922 4355 2955 4424; x_wconf 89' lang='grc' dir='ltr'><strong>ή</strong></span> <span class='ocrx_word' id='word_1_543' title='bbox 2982 4353 3110 4425; x_wconf 81' lang='grc' dir='ltr'>ὲμὴ,</span> <span class='ocrx_word' id='word_1_544' title='bbox 3138 4330 3506 4426; x_wconf 76' lang='grc' dir='ltr'>πλησθήσεται</span> <span class='ocrx_word' id='word_1_545' title='bbox 3532 4375 3671 4428; x_wconf 86' lang='grc' dir='ltr'>χρη-</span> 
     </span>
    </p>
   </div>
   <div class='ocr_carea' id='block_1_84' title="bbox 404 4424 1998 4518">
    <p class='ocr_par' dir='ltr' id='par_1_84' title="bbox 404 4424 1986 4506">
     <span class='ocr_line' id='line_1_84' title="bbox 404 4424 1986 4506; baseline 0.014 -32"><span class='ocrx_word' id='word_1_546' title='bbox 404 4430 536 4488; x_wconf 70' lang='lat' dir='ltr'><strong>tate,</strong></span> <span class='ocrx_word' id='word_1_547' title='bbox 564 4432 616 4476; x_wconf 90' lang='lat' dir='ltr'><strong>et</strong></span> <span class='ocrx_word' id='word_1_548' title='bbox 655 4424 878 4479; x_wconf 71' lang='lat' dir='ltr'><strong>elferata</strong></span> <span class='ocrx_word' id='word_1_549' title='bbox 909 4441 1277 4485; x_wconf 89' lang='lat' dir='ltr'><strong>mansuescet.</strong></span> <span class='ocrx_word' id='word_1_550' title='bbox 1327 4431 1482 4488; x_wconf 87' lang='lat' dir='ltr'><strong>Licet</strong></span> <span class='ocrx_word' id='word_1_551' title='bbox 1513 4437 1658 4490; x_wconf 90' lang='lat' dir='ltr'><strong>enim</strong></span> <span class='ocrx_word' id='word_1_552' title='bbox 1691 4453 1788 4506; x_wconf 89' lang='lat' dir='ltr'><strong>per</strong></span> <span class='ocrx_word' id='word_1_553' title='bbox 1825 4439 1986 4496; x_wconf 87' lang='lat' dir='ltr'><strong>breve</strong></span> 
     </span>
    </p>
   </div>
   <div class='ocr_carea' id='block_1_85' title="bbox 2110 4424 3669 4518">
    <p class='ocr_par' dir='ltr' id='par_1_85' title="bbox 2110 4424 3669 4518">
     <span class='ocr_line' id='line_1_85' title="bbox 2110 4424 3669 4518; baseline 0.004 -21"><span class='ocrx_word' id='word_1_554' title='bbox 2110 4445 2379 4516; x_wconf 74' lang='grc' dir='ltr'>πτότητος,</span> <span class='ocrx_word' id='word_1_555' title='bbox 2413 4445 2508 4498; x_wconf 70' lang='grc' dir='ltr'>καὶ</span> <span class='ocrx_word' id='word_1_556' title='bbox 2547 4445 2580 4516; x_wconf 83' lang='grc' dir='ltr'>ἡ</span> <span class='ocrx_word' id='word_1_557' title='bbox 2613 4445 3004 4514; x_wconf 79' lang='grc' dir='ltr'>ἐξαγριωθεῖσα</span> <span class='ocrx_word' id='word_1_558' title='bbox 3067 4424 3508 4518; x_wconf 82' lang='grc' dir='ltr'>ήμερωθήσεται.</span> 
     </span>
    </p>
   </div>
   <div class='ocr_carea' id='block_1_86' title="bbox 403 4509 1998 4614">
    <p class='ocr_par' dir='ltr' id='par_1_86' title="bbox 403 4517 1984 4590">
     <span class='ocr_line' id='line_1_86' title="bbox 403 4517 1984 4590; baseline 0.011 -24"><span class='ocrx_word' id='word_1_559' title='bbox 403 4523 624 4584; x_wconf 85' lang='lat' dir='ltr'><strong>tempus</strong></span> <span class='ocrx_word' id='word_1_560' title='bbox 653 4517 723 4571; x_wconf 92' lang='lat' dir='ltr'><strong>ob</strong></span> <span class='ocrx_word' id='word_1_561' title='bbox 745 4535 917 4573; x_wconf 83' lang='lat' dir='ltr'><strong>meam</strong></span> <span class='ocrx_word' id='word_1_562' title='bbox 945 4523 1234 4590; x_wconf 74' lang='lat' dir='ltr'><strong>segnitiem</strong></span> <span class='ocrx_word' id='word_1_563' title='bbox 1263 4523 1560 4582; x_wconf 86' lang='lat' dir='ltr'><strong>derelictus</strong></span> <span class='ocrx_word' id='word_1_564' title='bbox 1589 4529 1692 4582; x_wconf 90' lang='lat' dir='ltr'><strong>sim</strong></span> <span class='ocrx_word' id='word_1_565' title='bbox 1724 4547 1738 4584; x_wconf 89' lang='lat'>:</span> <span class='ocrx_word' id='word_1_566' title='bbox 1766 4547 1984 4584; x_wconf 82' lang='lat' dir='ltr'><strong>verum—</strong></span> 
     </span>
    </p>
   </div>
   <div class='ocr_carea' id='block_1_87' title="bbox 2110 4509 3672 4614">
    <p class='ocr_par' dir='ltr' id='par_1_87' title="bbox 2110 4509 3672 4614">
     <span class='ocr_line' id='line_1_87' title="bbox 2110 4509 3672 4614; baseline 0.003 -23"><span class='ocrx_word' id='word_1_567' title='bbox 2110 4537 2205 4610; x_wconf 70' lang='grc' dir='ltr'>γὰρ</span> <span class='ocrx_word' id='word_1_568' title='bbox 2240 4509 2404 4607; x_wconf 45' lang='grc' dir='ltr'>’πρὸς</span> <span class='ocrx_word' id='word_1_569' title='bbox 2463 4509 2668 4614; x_wconf 54' lang='grc' dir='ltr'>ὀλίγον</span> <span class='ocrx_word' id='word_1_570' title='bbox 2711 4509 3134 4610; x_wconf 60' lang='grc' dir='ltr'>ἐγκατελείφθην</span> <span class='ocrx_word' id='word_1_571' title='bbox 3315 4509 3450 4613; x_wconf 76' lang='grc' dir='ltr'><strong>¹τὴν</strong></span> <span class='ocrx_word' id='word_1_572' title='bbox 3501 4544 3672 4614; x_wconf 80' lang='grc' dir='ltr'>ἐμαυ-</span> 
     </span>
    </p>
   </div>
   <div class='ocr_carea' id='block_1_88' title="bbox 404 4608 1998 4706">
    <p class='ocr_par' dir='ltr' id='par_1_88' title="bbox 404 4614 1983 4689">
     <span class='ocr_line' id='line_1_88' title="bbox 404 4614 1983 4689; baseline 0.011 -30"><span class='ocrx_word' id='word_1_573' title='bbox 404 4615 588 4661; x_wconf 87' lang='lat' dir='ltr'><strong>tamen</strong></span> <span class='ocrx_word' id='word_1_574' title='bbox 648 4619 933 4680; x_wconf 75' lang='lat' dir='ltr'><strong>postquam</strong></span> <span class='ocrx_word' id='word_1_575' title='bbox 969 4614 1132 4667; x_wconf 89' lang='lat' dir='ltr'><strong>etiam</strong></span> <span class='ocrx_word' id='word_1_576' title='bbox 1189 4614 1559 4688; x_wconf 85' lang='lat' dir='ltr'><strong>dereliquisti,</strong></span> <span class='ocrx_word' id='word_1_577' title='bbox 1618 4631 1773 4689; x_wconf 89' lang='lat' dir='ltr'><strong>potes</strong></span> <span class='ocrx_word' id='word_1_578' title='bbox 1799 4622 1983 4676; x_wconf 89' lang='lat' dir='ltr'><strong>denuo</strong></span> 
     </span>
    </p>
   </div>
   <div class='ocr_carea' id='block_1_89' title="bbox 2110 4608 3670 4706">
    <p class='ocr_par' dir='ltr' id='par_1_89' title="bbox 2110 4608 3670 4706">
     <span class='ocr_line' id='line_1_89' title="bbox 2110 4608 3670 4706; baseline 0.007 -27"><span class='ocrx_word' id='word_1_579' title='bbox 2110 4608 2183 4684; x_wconf 66' lang='grc' dir='ltr'><strong>ςοῦ</strong></span> <span class='ocrx_word' id='word_1_580' title='bbox 2219 4630 2506 4701; x_wconf 87' lang='grc' dir='ltr'>νωχελίαν,</span> <span class='ocrx_word' id='word_1_581' title='bbox 2535 4608 2546 4620; x_wconf 57' lang='grc'><em>’</em></span> <span class='ocrx_word' id='word_1_582' title='bbox 2574 4630 2711 4685; x_wconf 74' lang='grc' dir='ltr'>ἀλλὰ</span> <span class='ocrx_word' id='word_1_583' title='bbox 2742 4631 2894 4703; x_wconf 80' lang='grc' dir='ltr'>δύνῃ,</span> <span class='ocrx_word' id='word_1_584' title='bbox 2941 4634 3034 4686; x_wconf 84' lang='grc' dir='ltr'><strong>καί</strong></span> <span class='ocrx_word' id='word_1_585' title='bbox 3090 4608 3228 4702; x_wconf 69' lang='grc' dir='ltr'>μετὰ</span> <span class='ocrx_word' id='word_1_586' title='bbox 3274 4635 3373 4706; x_wconf 82' lang='grc' dir='ltr'>τὴν</span> <span class='ocrx_word' id='word_1_587' title='bbox 3407 4608 3670 4704; x_wconf 60' lang='grc' dir='ltr'><strong>⁷ὲγκίιτὰε</strong></span> 
     </span>
    </p>
   </div>
   <div class='ocr_carea' id='block_1_90' title="bbox 403 4695 1998 4798">
    <p class='ocr_par' dir='ltr' id='par_1_90' title="bbox 403 4695 1980 4782">
     <span class='ocr_line' id='line_1_90' title="bbox 403 4695 1980 4782; baseline 0.011 -31"><span class='ocrx_word' id='word_1_588' title='bbox 403 4700 655 4755; x_wconf 89' lang='lat' dir='ltr'><strong>emittere</strong></span> <span class='ocrx_word' id='word_1_589' title='bbox 703 4695 964 4772; x_wconf 83' lang='lat' dir='ltr'><strong>Spiritum</strong></span> <span class='ocrx_word' id='word_1_590' title='bbox 1019 4715 1270 4761; x_wconf 83' lang='lat' dir='ltr'><strong>sanctum</strong></span> <span class='ocrx_word' id='word_1_591' title='bbox 1303 4748 1317 4771; x_wconf 89' lang='lat'><strong>,</strong></span> <span class='ocrx_word' id='word_1_592' title='bbox 1359 4721 1408 4761; x_wconf 85' lang='lat' dir='ltr'><strong>et</strong></span> <span class='ocrx_word' id='word_1_593' title='bbox 1454 4726 1629 4764; x_wconf 88' lang='lat' dir='ltr'><strong>meam</strong></span> <span class='ocrx_word' id='word_1_594' title='bbox 1669 4721 1980 4782; x_wconf 88' lang='lat' dir='ltr'><strong>corruptam</strong></span> 
     </span>
    </p>
   </div>
   <div class='ocr_carea' id='block_1_91' title="bbox 2110 4695 3663 4798">
    <p class='ocr_par' dir='ltr' id='par_1_91' title="bbox 2110 4695 3663 4798">
     <span class='ocr_line' id='line_1_91' title="bbox 2110 4695 3663 4798; baseline 0.003 -22"><span class='ocrx_word' id='word_1_595' title='bbox 2110 4695 2714 4792; x_wconf 53' lang='grc' dir='ltr'>.ειψιν,”ὲξαποστεϊλαι</span> <span class='ocrx_word' id='word_1_596' title='bbox 2765 4695 2925 4778; x_wconf 74' lang='grc' dir='ltr'>πάλιν</span> <span class='ocrx_word' id='word_1_597' title='bbox 2966 4726 3026 4778; x_wconf 78' lang='grc' dir='ltr'>τὸ</span> <span class='ocrx_word' id='word_1_598' title='bbox 3071 4695 3296 4798; x_wconf 62' lang='grc' dir='ltr'>ῐίνεῦμα</span> <span class='ocrx_word' id='word_1_599' title='bbox 3329 4695 3342 4706; x_wconf 53' lang='grc'><em>’</em></span> <span class='ocrx_word' id='word_1_600' title='bbox 3375 4728 3436 4781; x_wconf 82' lang='grc' dir='ltr'>τὸ</span> <span class='ocrx_word' id='word_1_601' title='bbox 3475 4695 3663 4797; x_wconf 45' lang='grc' dir='ltr'>’ἅγιοι</span> 
     </span>
    </p>
   </div>
   <div class='ocr_carea' id='block_1_92' title="bbox 404 4799 1998 4890">
    <p class='ocr_par' dir='ltr' id='par_1_92' title="bbox 404 4799 1980 4874">
     <span class='ocr_line' id='line_1_92' title="bbox 404 4799 1980 4874; baseline 0.011 -32"><span class='ocrx_word' id='word_1_602' title='bbox 404 4799 606 4844; x_wconf 85' lang='lat' dir='ltr'><strong>terram</strong></span> <span class='ocrx_word' id='word_1_603' title='bbox 642 4809 906 4849; x_wconf 87' lang='lat' dir='ltr'><strong>renovare</strong></span> <span class='ocrx_word' id='word_1_604' title='bbox 943 4815 954 4850; x_wconf 95' lang='lat'><em>:</em></span> <span class='ocrx_word' id='word_1_605' title='bbox 989 4805 1043 4850; x_wconf 87' lang='lat' dir='ltr'><strong>ut</strong></span> <span class='ocrx_word' id='word_1_606' title='bbox 1067 4807 1199 4853; x_wconf 90' lang='lat' dir='ltr'><strong>tunc</strong></span> <span class='ocrx_word' id='word_1_607' title='bbox 1241 4800 1396 4870; x_wconf 78' lang='lat'><strong>173</strong></span> <span class='ocrx_word' id='word_1_608' title='bbox 1425 4803 1732 4857; x_wconf 87' lang='lat' dir='ltr'><strong>consoleris</strong></span> <span class='ocrx_word' id='word_1_609' title='bbox 1764 4805 1819 4857; x_wconf 91' lang='lat' dir='ltr'><strong>in</strong></span> <span class='ocrx_word' id='word_1_610' title='bbox 1845 4820 1980 4874; x_wconf 77' lang='lat' dir='ltr'><strong>Ope-</strong></span> 
     </span>
    </p>
   </div>
   <div class='ocr_carea' id='block_1_93' title="bbox 2110 4799 3667 4890">
    <p class='ocr_par' dir='ltr' id='par_1_93' title="bbox 2110 4816 3667 4890">
     <span class='ocr_line' id='line_1_93' title="bbox 2110 4816 3667 4890; baseline 0.005 -23"><span class='ocrx_word' id='word_1_611' title='bbox 2110 4817 2174 4870; x_wconf 80' lang='lat' dir='ltr'><strong>:ai.</strong></span> <span class='ocrx_word' id='word_1_612' title='bbox 2202 4816 2547 4870; x_wconf 83' lang='grc' dir='ltr'>ἀνακαινίσαι</span> <span class='ocrx_word' id='word_1_613' title='bbox 2599 4816 2700 4888; x_wconf 83' lang='grc' dir='ltr'>τὴν</span> <span class='ocrx_word' id='word_1_614' title='bbox 2750 4817 3362 4890; x_wconf 81' lang='grc' dir='ltr'>κατεφθαρμένην·μου</span> <span class='ocrx_word' id='word_1_615' title='bbox 3420 4821 3546 4890; x_wconf 78' lang='grc' dir='ltr'>γῆν,</span> <span class='ocrx_word' id='word_1_616' title='bbox 3580 4821 3667 4876; x_wconf 82' lang='grc' dir='ltr'>ἵνα</span> 
     </span>
    </p>
   </div>
   <div class='ocr_carea' id='block_1_94' title="bbox 405 4880 1998 4988">
    <p class='ocr_par' dir='ltr' id='par_1_94' title="bbox 405 4880 1976 4960">
     <span class='ocr_line' id='line_1_94' title="bbox 405 4880 1976 4960; baseline 0.011 -27"><span class='ocrx_word' id='word_1_617' title='bbox 405 4880 558 4935; x_wconf 87' lang='lat' dir='ltr'><strong>ribus</strong></span> <span class='ocrx_word' id='word_1_618' title='bbox 588 4884 721 4947; x_wconf 89' lang='lat' dir='ltr'><strong>tuis,</strong></span> <span class='ocrx_word' id='word_1_619' title='bbox 764 4901 889 4938; x_wconf 83' lang='lat' dir='ltr'><strong>cum</strong></span> <span class='ocrx_word' id='word_1_620' title='bbox 916 4885 1219 4942; x_wconf 76' lang='lat' dir='ltr'><strong>defecerint</strong></span> <span class='ocrx_word' id='word_1_621' title='bbox 1242 4904 1274 4944; x_wconf 90' lang='lat' dir='ltr'><strong>e</strong></span> <span class='ocrx_word' id='word_1_622' title='bbox 1307 4900 1449 4944; x_wconf 88' lang='lat' dir='ltr'><strong>terra</strong></span> <span class='ocrx_word' id='word_1_623' title='bbox 1487 4904 1822 4960; x_wconf 88' lang='lat' dir='ltr'><strong>peccatores,</strong></span> <span class='ocrx_word' id='word_1_624' title='bbox 1875 4896 1976 4952; x_wconf 88' lang='lat' dir='ltr'><strong>hoc</strong></span> 
     </span>
    </p>
   </div>
   <div class='ocr_carea' id='block_1_95' title="bbox 2110 4880 3664 4988">
    <p class='ocr_par' dir='ltr' id='par_1_95' title="bbox 2110 4880 3664 4988">
     <span class='ocr_line' id='line_1_95' title="bbox 2110 4880 3664 4988; baseline 0.004 -26"><span class='ocrx_word' id='word_1_625' title='bbox 2110 4909 2195 4962; x_wconf 83' lang='grc' dir='ltr'><strong>ότε</strong></span> <span class='ocrx_word' id='word_1_626' title='bbox 2209 4908 2514 4980; x_wconf 75' lang='grc' dir='ltr'>εὐφρανθῇς</span> <span class='ocrx_word' id='word_1_627' title='bbox 2543 4909 2634 4962; x_wconf 72' lang='grc' dir='ltr'><strong>ἐπὶ</strong></span> <span class='ocrx_word' id='word_1_628' title='bbox 2649 4880 2758 4972; x_wconf 74' lang='grc' dir='ltr'>τοῖς</span> <span class='ocrx_word' id='word_1_629' title='bbox 2773 4880 2952 4982; x_wconf 73' lang='grc' dir='ltr'>ἔργοις</span> <span class='ocrx_word' id='word_1_630' title='bbox 2978 4880 3092 4976; x_wconf 70' lang='grc' dir='ltr'>σου,</span> <span class='ocrx_word' id='word_1_631' title='bbox 3107 4880 3464 4975; x_wconf 62' lang='grc' dir='ltr'>ἐκλειπόντων</span> <span class='ocrx_word' id='word_1_632' title='bbox 3479 4880 3664 4988; x_wconf 47' lang='grc' dir='ltr'>’ἁμαρ-</span> 
     </span>
    </p>
   </div>
   <div class='ocr_carea' id='block_1_96' title="bbox 404 4971 1979 5049">
    <p class='ocr_par' dir='ltr' id='par_1_96' title="bbox 404 4971 1979 5049">
     <span class='ocr_line' id='line_1_96' title="bbox 404 4971 1979 5049; baseline 0.011 -25"><span class='ocrx_word' id='word_1_633' title='bbox 404 4979 487 5025; x_wconf 89' lang='lat' dir='ltr'><strong>est</strong></span> <span class='ocrx_word' id='word_1_634' title='bbox 514 4971 822 5029; x_wconf 67' lang='lat' dir='ltr'><strong>daemonum</strong></span> <span class='ocrx_word' id='word_1_635' title='bbox 849 4979 1136 5049; x_wconf 67' lang='lat' dir='ltr'><strong>praestigias</strong></span> <span class='ocrx_word' id='word_1_636' title='bbox 1159 4996 1191 5036; x_wconf 92' lang='lat' dir='ltr'><strong>e</strong></span> <span class='ocrx_word' id='word_1_637' title='bbox 1226 4982 1395 5036; x_wconf 89' lang='lat' dir='ltr'><strong>corde</strong></span> <span class='ocrx_word' id='word_1_638' title='bbox 1424 4999 1566 5038; x_wconf 89' lang='lat' dir='ltr'><strong>meo.</strong></span> <span class='ocrx_word' id='word_1_639' title='bbox 1598 4983 1809 5040; x_wconf 88' lang='lat' dir='ltr'><strong>Similia</strong></span> <span class='ocrx_word' id='word_1_640' title='bbox 1833 4989 1979 5042; x_wconf 90' lang='lat' dir='ltr'><strong>enim</strong></span> 
     </span>
    </p>
   </div>
   <div class='ocr_carea' id='block_1_97' title="bbox 406 5066 1978 5146">
    <p class='ocr_par' dir='ltr' id='par_1_97' title="bbox 406 5066 1978 5146">
     <span class='ocr_line' id='line_1_97' title="bbox 406 5066 1978 5146; baseline 0.012 -32"><span class='ocrx_word' id='word_1_641' title='bbox 406 5066 669 5118; x_wconf 89' lang='lat' dir='ltr'><strong>nonnulla</strong></span> <span class='ocrx_word' id='word_1_642' title='bbox 705 5081 873 5136; x_wconf 90' lang='lat' dir='ltr'><strong>prope</strong></span> <span class='ocrx_word' id='word_1_643' title='bbox 906 5069 1066 5122; x_wconf 86' lang='lat' dir='ltr'><strong>linem</strong></span> <span class='ocrx_word' id='word_1_644' title='bbox 1122 5072 1270 5125; x_wconf 89' lang='lat' dir='ltr'><strong>tertii</strong></span> <span class='ocrx_word' id='word_1_645' title='bbox 1323 5080 1379 5127; x_wconf 91' lang='lat' dir='ltr'><strong>et</strong></span> <span class='ocrx_word' id='word_1_646' title='bbox 1431 5075 1720 5129; x_wconf 86' lang='lat' dir='ltr'><strong>centesimi</strong></span> <span class='ocrx_word' id='word_1_647' title='bbox 1781 5078 1978 5146; x_wconf 87' lang='lat' dir='ltr'><strong>psalmi</strong></span> 
     </span>
    </p>
   </div>
   <div class='ocr_carea' id='block_1_98' title="bbox 401 5150 1168 5229">
    <p class='ocr_par' dir='ltr' id='par_1_98' title="bbox 401 5150 1168 5229">
     <span class='ocr_line' id='line_1_98' title="bbox 401 5150 1168 5229; baseline 0.014 -24"><span class='ocrx_word' id='word_1_648' title='bbox 401 5150 550 5207; x_wconf 78' lang='lat' dir='ltr'><strong>dicta</strong></span> <span class='ocrx_word' id='word_1_649' title='bbox 581 5171 703 5211; x_wconf 81' lang='lat' dir='ltr'><strong>esse</strong></span> <span class='ocrx_word' id='word_1_650' title='bbox 743 5162 1168 5229; x_wconf 85' lang='lat' dir='ltr'><strong>comperiemus.</strong></span> 
     </span>
    </p>
   </div>
   <div class='ocr_carea' id='block_1_99' title="bbox 942 5359 1401 5419">
    <p class='ocr_par' dir='ltr' id='par_1_99' title="bbox 942 5359 1401 5419">
     <span class='ocr_line' id='line_1_99' title="bbox 942 5359 1401 5419; baseline 0.007 -4"><span class='ocrx_word' id='word_1_651' title='bbox 942 5359 1154 5416; x_wconf 62' lang='lat' dir='ltr'><strong>CXX&quot;.</strong></span> <span class='ocrx_word' id='word_1_652' title='bbox 1193 5362 1401 5419; x_wconf 83' lang='lat' dir='ltr'><strong>Eidem.</strong></span> 
     </span>
    </p>
   </div>
   <div class='ocr_carea' id='block_1_100' title="bbox 479 5448 2050 5528">
    <p class='ocr_par' dir='ltr' id='par_1_100' title="bbox 479 5448 2050 5528">
     <span class='ocr_line' id='line_1_100' title="bbox 479 5448 2050 5528; baseline 0.008 -24"><span class='ocrx_word' id='word_1_653' title='bbox 479 5449 537 5504; x_wconf 90' lang='lat' dir='ltr'><strong>Si</strong></span> <span class='ocrx_word' id='word_1_654' title='bbox 569 5448 736 5505; x_wconf 89' lang='lat' dir='ltr'><strong>Deum</strong></span> <span class='ocrx_word' id='word_1_655' title='bbox 759 5467 994 5508; x_wconf 83' lang='lat' dir='ltr'><strong>maerore</strong></span> <span class='ocrx_word' id='word_1_656' title='bbox 1015 5452 1300 5517; x_wconf 73' lang='lat' dir='ltr'><strong>allicimus,</strong></span> <span class='ocrx_word' id='word_1_657' title='bbox 1319 5471 1444 5510; x_wconf 92' lang='lat' dir='ltr'><strong>cum</strong></span> <span class='ocrx_word' id='word_1_658' title='bbox 1469 5460 1780 5528; x_wconf 85' lang='lat' dir='ltr'><strong>spernimus</strong></span> <span class='ocrx_word' id='word_1_659' title='bbox 1805 5475 1868 5515; x_wconf 86' lang='lat' dir='ltr'><strong>ac</strong></span> <span class='ocrx_word' id='word_1_660' title='bbox 1890 5476 1983 5516; x_wconf 82' lang='lat' dir='ltr'><strong>ne-</strong></span> <span class='ocrx_word' id='word_1_661' title='bbox 2046 5450 2050 5452; x_wconf 13' lang='grc' dir='ltr'><strong><em>Ὗ</em></strong></span> 
     </span>
    </p>
   </div>
   <div class='ocr_carea' id='block_1_101' title="bbox 405 5541 1984 5625">
    <p class='ocr_par' dir='ltr' id='par_1_101' title="bbox 405 5541 1984 5625">
     <span class='ocr_line' id='line_1_101' title="bbox 405 5541 1984 5625; baseline 0.01 -32"><span class='ocrx_word' id='word_1_662' title='bbox 405 5541 680 5609; x_wconf 79' lang='lat' dir='ltr'><strong>gligimus,</strong></span> <span class='ocrx_word' id='word_1_663' title='bbox 698 5544 1082 5601; x_wconf 87' lang='lat' dir='ltr'><strong>incumbamus</strong></span> <span class='ocrx_word' id='word_1_664' title='bbox 1117 5549 1300 5616; x_wconf 92' lang='lat' dir='ltr'><strong>potius</strong></span> <span class='ocrx_word' id='word_1_665' title='bbox 1332 5564 1454 5604; x_wconf 92' lang='lat' dir='ltr'><strong>eum</strong></span> <span class='ocrx_word' id='word_1_666' title='bbox 1479 5551 1756 5610; x_wconf 88' lang='lat' dir='ltr'><strong>oblectare</strong></span> <span class='ocrx_word' id='word_1_667' title='bbox 1781 5569 1878 5625; x_wconf 90' lang='lat' dir='ltr'><strong>per</strong></span> <span class='ocrx_word' id='word_1_668' title='bbox 1896 5554 1984 5609; x_wconf 88' lang='lat' dir='ltr'><strong>di-</strong></span> 
     </span>
    </p>
   </div>
   <div class='ocr_carea' id='block_1_102' title="bbox 407 5631 1177 5707">
    <p class='ocr_par' dir='ltr' id='par_1_102' title="bbox 407 5631 1177 5707">
     <span class='ocr_line' id='line_1_102' title="bbox 407 5631 1177 5707; baseline 0.012 -24"><span class='ocrx_word' id='word_1_669' title='bbox 407 5631 630 5700; x_wconf 82' lang='lat' dir='ltr'><strong>ligentia</strong></span> <span class='ocrx_word' id='word_1_670' title='bbox 646 5648 696 5684; x_wconf 90' lang='grc' dir='ltr'><strong>ιιι</strong></span> <span class='ocrx_word' id='word_1_671' title='bbox 727 5644 782 5686; x_wconf 87' lang='lat' dir='ltr'><strong>ct</strong></span> <span class='ocrx_word' id='word_1_672' title='bbox 809 5635 951 5690; x_wconf 86' lang='lat' dir='ltr'><strong>bona</strong></span> <span class='ocrx_word' id='word_1_673' title='bbox 991 5651 1177 5707; x_wconf 86' lang='lat' dir='ltr'><strong>Opera.</strong></span> 
     </span>
    </p>
   </div>
   <div class='ocr_carea' id='block_1_103' title="bbox 2082 5000 3704 5077">
    <p class='ocr_par' dir='ltr' id='par_1_103' title="bbox 2082 5000 3704 5077">
     <span class='ocr_line' id='line_1_103' title="bbox 2082 5000 3704 5077; baseline 0.004 -23"><span class='ocrx_word' id='word_1_674' title='bbox 2082 5002 2268 5054; x_wconf 85' lang='grc' dir='ltr'>τωλῶν</span> <span class='ocrx_word' id='word_1_675' title='bbox 2300 5001 2407 5056; x_wconf 78' lang='grc' dir='ltr'><strong>ἀπὸ</strong></span> <span class='ocrx_word' id='word_1_676' title='bbox 2433 5001 2530 5071; x_wconf 85' lang='grc' dir='ltr'>τῆς</span> <span class='ocrx_word' id='word_1_677' title='bbox 2564 5000 2689 5070; x_wconf 78' lang='grc' dir='ltr'>γῆς,</span> <span class='ocrx_word' id='word_1_678' title='bbox 2715 5003 2963 5056; x_wconf 80' lang='grc' dir='ltr'>τουτέστι</span> <span class='ocrx_word' id='word_1_679' title='bbox 3003 5003 3111 5057; x_wconf 86' lang='grc' dir='ltr'>τῶν</span> <span class='ocrx_word' id='word_1_680' title='bbox 3155 5006 3484 5077; x_wconf 83' lang='grc' dir='ltr'>δαιμονικῶν</span> <span class='ocrx_word' id='word_1_681' title='bbox 3518 5023 3660 5077; x_wconf 85' lang='grc' dir='ltr'>μαγ-</span> <span class='ocrx_word' id='word_1_682' title='bbox 3702 5007 3704 5011; x_wconf 74' lang='grc'><em>’</em></span> 
     </span>
    </p>
   </div>
   <div class='ocr_carea' id='block_1_104' title="bbox 2083 5093 3661 5170">
    <p class='ocr_par' dir='ltr' id='par_1_104' title="bbox 2083 5093 3661 5170">
     <span class='ocr_line' id='line_1_104' title="bbox 2083 5093 3661 5170; baseline 0.004 -24"><span class='ocrx_word' id='word_1_683' title='bbox 2083 5094 2438 5164; x_wconf 85' lang='grc' dir='ltr'>γανευμάτων</span> <span class='ocrx_word' id='word_1_684' title='bbox 2464 5093 2571 5146; x_wconf 81' lang='grc' dir='ltr'><strong>ἀπὸ</strong></span> <span class='ocrx_word' id='word_1_685' title='bbox 2601 5093 2697 5163; x_wconf 84' lang='grc' dir='ltr'>τῆς</span> <span class='ocrx_word' id='word_1_686' title='bbox 2727 5093 2951 5166; x_wconf 86' lang='grc' dir='ltr'>καρδίας</span> <span class='ocrx_word' id='word_1_687' title='bbox 2987 5113 3109 5166; x_wconf 91' lang='grc' dir='ltr'>μου.</span> <span class='ocrx_word' id='word_1_688' title='bbox 3143 5097 3378 5151; x_wconf 83' lang='grc' dir='ltr'>Τοιαῦτα</span> <span class='ocrx_word' id='word_1_689' title='bbox 3407 5099 3516 5170; x_wconf 83' lang='grc' dir='ltr'>γάρ</span> <span class='ocrx_word' id='word_1_690' title='bbox 3544 5117 3661 5154; x_wconf 85' lang='grc' dir='ltr'>τινα</span> 
     </span>
    </p>
   </div>
   <div class='ocr_carea' id='block_1_105' title="bbox 2085 5185 3658 5261">
    <p class='ocr_par' dir='ltr' id='par_1_105' title="bbox 2085 5185 3658 5261">
     <span class='ocr_line' id='line_1_105' title="bbox 2085 5185 3658 5261; baseline 0.004 -22"><span class='ocrx_word' id='word_1_691' title='bbox 2085 5187 2388 5256; x_wconf 82' lang='grc' dir='ltr'>εὑρήσομεν</span> <span class='ocrx_word' id='word_1_692' title='bbox 2436 5185 2700 5256; x_wconf 80' lang='grc' dir='ltr'>εἰρημένα</span> <span class='ocrx_word' id='word_1_693' title='bbox 2731 5187 2868 5259; x_wconf 84' lang='grc' dir='ltr'>πρὸς</span> <span class='ocrx_word' id='word_1_694' title='bbox 2916 5188 2996 5261; x_wconf 78' lang='grc' dir='ltr'>τῷ</span> <span class='ocrx_word' id='word_1_695' title='bbox 3057 5188 3203 5243; x_wconf 82' lang='grc' dir='ltr'>τέλει</span> <span class='ocrx_word' id='word_1_696' title='bbox 3238 5189 3332 5244; x_wconf 86' lang='grc' dir='ltr'><strong>τοῦ</strong></span> <span class='ocrx_word' id='word_1_697' title='bbox 3367 5191 3658 5246; x_wconf 79' lang='grc' dir='ltr'>ὲκατοστοῦ</span> 
     </span>
    </p>
   </div>
   <div class='ocr_carea' id='block_1_106' title="bbox 2087 5276 2534 5350">
    <p class='ocr_par' dir='ltr' id='par_1_106' title="bbox 2087 5276 2534 5350">
     <span class='ocr_line' id='line_1_106' title="bbox 2087 5276 2534 5350; baseline 0.002 -20"><span class='ocrx_word' id='word_1_698' title='bbox 2087 5278 2269 5350; x_wconf 87' lang='grc' dir='ltr'>τρίτου</span> <span class='ocrx_word' id='word_1_699' title='bbox 2299 5276 2534 5349; x_wconf 69' lang='grc' dir='ltr'>ψαλμοῦ.</span> 
     </span>
    </p>
   </div>
   <div class='ocr_carea' id='block_1_107' title="bbox 2571 5371 3174 5442">
    <p class='ocr_par' dir='ltr' id='par_1_107' title="bbox 2571 5371 3174 5442">
     <span class='ocr_line' id='line_1_107' title="bbox 2571 5371 3174 5442; baseline 0.015 -20"><span class='ocrx_word' id='word_1_700' title='bbox 2571 5371 2754 5428; x_wconf 85' lang='grc' dir='ltr'><strong>.ΡΚΒ’.</strong></span> <span class='ocrx_word' id='word_1_701' title='bbox 2774 5405 2845 5416; x_wconf 93' lang='grc'><strong>-</strong></span> <span class='ocrx_word' id='word_1_702' title='bbox 2880 5373 2969 5440; x_wconf 82' lang='grc' dir='ltr'>Τῷ</span> <span class='ocrx_word' id='word_1_703' title='bbox 2994 5374 3174 5442; x_wconf 84' lang='grc' dir='ltr'>αὐτῷ.</span> 
     </span>
    </p>
   </div>
   <div class='ocr_carea' id='block_1_108' title="bbox 2162 5461 3664 5541">
    <p class='ocr_par' dir='ltr' id='par_1_108' title="bbox 2162 5461 3664 5541">
     <span class='ocr_line' id='line_1_108' title="bbox 2162 5461 3664 5541; baseline 0.005 -25"><span class='ocrx_word' id='word_1_704' title='bbox 2162 5461 2226 5516; x_wconf 79' lang='lat' dir='ltr'><strong>Ei</strong></span> <span class='ocrx_word' id='word_1_705' title='bbox 2253 5463 2530 5535; x_wconf 90' lang='grc' dir='ltr'>λυποῦμεν</span> <span class='ocrx_word' id='word_1_706' title='bbox 2577 5463 2668 5519; x_wconf 76' lang='grc' dir='ltr'>τὸν</span> <span class='ocrx_word' id='word_1_707' title='bbox 2700 5464 2833 5519; x_wconf 84' lang='grc' dir='ltr'>Θεὸν</span> <span class='ocrx_word' id='word_1_708' title='bbox 2875 5467 3368 5539; x_wconf 85' lang='grc' dir='ltr'>καταφρονοῦντες,</span> <span class='ocrx_word' id='word_1_709' title='bbox 3408 5469 3504 5522; x_wconf 71' lang='grc' dir='ltr'>καὶ</span> <span class='ocrx_word' id='word_1_710' title='bbox 3532 5471 3664 5541; x_wconf 78' lang='grc' dir='ltr'><strong>ἁμε-</strong></span> 
     </span>
    </p>
   </div>
   <div class='ocr_carea' id='block_1_109' title="bbox 2089 5554 3691 5635">
    <p class='ocr_par' dir='ltr' id='par_1_109' title="bbox 2089 5554 3691 5635">
     <span class='ocr_line' id='line_1_109' title="bbox 2089 5554 3691 5635; baseline 0.004 -26"><span class='ocrx_word' id='word_1_711' title='bbox 2089 5554 2329 5620; x_wconf 86' lang='grc' dir='ltr'>λοῦντες,</span> <span class='ocrx_word' id='word_1_712' title='bbox 2372 5557 2761 5629; x_wconf 77' lang='grc' dir='ltr'>σπουδάσωμεν</span> <span class='ocrx_word' id='word_1_713' title='bbox 2825 5559 3025 5631; x_wconf 83' lang='grc' dir='ltr'>μᾶλλον</span> <span class='ocrx_word' id='word_1_714' title='bbox 3077 5561 3344 5635; x_wconf 70' lang='grc' dir='ltr'>εὐφρᾶναι</span> <span class='ocrx_word' id='word_1_715' title='bbox 3405 5561 3567 5618; x_wconf 84' lang='grc' dir='ltr'>αὐτὸν</span> <span class='ocrx_word' id='word_1_716' title='bbox 3595 5559 3691 5615; x_wconf 61' lang='grc' dir='ltr'>δι⁹η</span> 
     </span>
    </p>
   </div>
   <div class='ocr_carea' id='block_1_110' title="bbox 2091 5648 2958 5724">
    <p class='ocr_par' dir='ltr' id='par_1_110' title="bbox 2091 5648 2958 5724">
     <span class='ocr_line' id='line_1_110' title="bbox 2091 5648 2958 5724; baseline 0.006 -22"><span class='ocrx_word' id='word_1_717' title='bbox 2091 5648 2427 5719; x_wconf 71' lang='grc' dir='ltr'>ἐπιμελείας,</span> <span class='ocrx_word' id='word_1_718' title='bbox 2450 5650 2538 5704; x_wconf 72' lang='grc' dir='ltr'>καὶ</span> <span class='ocrx_word' id='word_1_719' title='bbox 2572 5650 2958 5724; x_wconf 81' lang='grc' dir='ltr'>ἁγαθοεργίας.</span> 
     </span>
    </p>
   </div>
   <div class='ocr_carea' id='block_1_111' title="bbox 481 5812 2343 5908">
    <p class='ocr_par' dir='ltr' id='par_1_111' title="bbox 481 5812 2343 5894">
     <span class='ocr_line' id='line_1_111' title="bbox 481 5812 2343 5894; baseline 0.01 -30"><span class='ocrx_word' id='word_1_720' title='bbox 481 5812 524 5843; x_wconf 84' lang='grc'><strong><em>³⁸</em></strong></span> <span class='ocrx_word' id='word_1_721' title='bbox 568 5812 736 5868; x_wconf 75' lang='lat' dir='ltr'><strong>Exod.</strong></span> <span class='ocrx_word' id='word_1_722' title='bbox 769 5830 882 5878; x_wconf 75' lang='lat' dir='ltr'><strong>xiv,</strong></span> <span class='ocrx_word' id='word_1_723' title='bbox 913 5815 992 5871; x_wconf 76' lang='lat' dir='ltr'><strong>l5.</strong></span> <span class='ocrx_word' id='word_1_724' title='bbox 1072 5819 1114 5850; x_wconf 76' lang='grc'><strong>³³</strong></span> <span class='ocrx_word' id='word_1_725' title='bbox 1150 5819 1293 5877; x_wconf 78' lang='lat' dir='ltr'><strong>Psal.</strong></span> <span class='ocrx_word' id='word_1_726' title='bbox 1338 5838 1532 5893; x_wconf 76' lang='lat' dir='ltr'><strong>cxvnl,</strong></span> <span class='ocrx_word' id='word_1_727' title='bbox 1568 5823 1655 5892; x_wconf 83' lang='lat'><strong>90,</strong></span> <span class='ocrx_word' id='word_1_728' title='bbox 1690 5828 1777 5884; x_wconf 77' lang='lat'><strong>91.</strong></span> <span class='ocrx_word' id='word_1_729' title='bbox 1856 5828 1900 5862; x_wconf 76' lang='lat'>&quot;&#39;</span> <span class='ocrx_word' id='word_1_730' title='bbox 1924 5827 2069 5886; x_wconf 84' lang='lat' dir='ltr'><strong>Psal.</strong></span> <span class='ocrx_word' id='word_1_731' title='bbox 2102 5844 2221 5894; x_wconf 85' lang='lat' dir='ltr'><strong>cm,</strong></span> <span class='ocrx_word' id='word_1_732' title='bbox 2253 5828 2343 5884; x_wconf 70' lang='lat'><strong>28.</strong></span> 
     </span>
    </p>
   </div>
  </div>
