3888 6040
203 349 324 415 253

683 462 854 516 PKI".
883 494 953 505 —
993 462 1078 529 Τῷ
1125 464 1305 531 αὐτῷ.

274 554 456 623 Φησὶν
480 555 515 623 ἠ
556 554 864 625 προφητεία
885 570 901 587 ο
932 572 949 606 ι
974 555 1048 609 Τὸ
1077 555 1220 627 ὕδωρ
1248 559 1346 629 τῆς
1365 559 1634 631 Νευριεὶμ
1660 558 1790 631 ἔρη-

201 660 311 711 μον
355 644 528 707 ἔσται,
587 645 682 699 καὶ
741 645 1166 717 ξηρανθήσεται,
1200 649 1297 702 καὶ
1329 650 1359 702 ὁ
1386 650 1579 721 χόρτος
1619 652 1788 722 αὐτῆς

196 738 320 798 πᾶς
351 736 622 807 ἐκλείψει·
658 738 849 809 χόρτος
893 740 1002 810 γὰρ
1049 738 1211 811 ξηρὸς
1245 741 1346 796 οὐκ
1375 742 1549 799 ἔσται.
1594 762 1614 797 ι
1643 744 1789 797 Νευ-

200 828 367 896 ριεὶμ
397 829 760 899 ἑρμηνεύεται
814 829 1148 898 ψευδοδοξία.
1200 832 1297 886 Ἐκ
1359 835 1653 906 προχείρου
1689 834 1789 905 μὲν

195 915 298 970 οὖν
327 922 536 990 ἑκάστη
559 921 768 991 αἵρεσις
810 922 1038 977 νοείσθω
1068 925 1440 996 ἐρημουμένη,
1468 927 1562 980 καὶ
1603 926 1791 996 ξηραι-

195 1010 413 1078 νομένη
434 1010 525 1063 διὰ
570 1012 671 1070 τὰς
698 1011 1055 1078 διδασκαλίας
1074 1014 1182 1067 τῶν
1229 1015 1667 1087 όρθοτομούντων
1696 1015 1789 1069 τὸν

196 1097 372 1165 λόγον
402 1101 499 1170 τῆς
529 1101 805 1171 ἀληθείας.
839 1102 983 1175 Πλὴν
1010 1104 1090 1157 ὃτι
1115 1106 1212 1159 καὶ
1241 1107 1274 1177 ἡ
1318 1107 1563 1178 ἁμαρτία
1600 1106 1790 1176 ψευδο·-

195 1187 362 1252 δοξία
392 1191 557 1244 ἐστίν’
583 1192 754 1245 δοκῶν
787 1193 895 1263 γάρ
923 1211 1006 1257 τις
1037 1194 1100 1247 τὸ
1134 1195 1209 1265 μὴ
1250 1195 1434 1258 καλὸν,
1467 1195 1789 1266 μετέρχεται

195 1278 419 1350 τούτῳ·
448 1280 584 1335 ὲπάν
616 1282 673 1336 δὲ
698 1286 731 1353 ἡ
764 1284 1010 1355 ἁμαρτία
1042 1286 1365 1357 καταργηθῇ
1395 1286 1483 1338 διὰ
1498 1287 1596 1356 τῆς
1622 1302 1791 1356 μετα-

196 1370 384 1436 νοίας,
411 1372 567 1443 δῆλον
598 1375 681 1427 ὅτι
712 1375 983 1447 ἐξηράνθη
1000 1379 1028 1431 ὁ
1047 1377 1265 1448 χόρτος⁹
1290 1379 1415 1431 ὅταν
1430 1377 1487 1430 δὲ
1515 1377 1609 1431 καὶ
1630 1377 1791 1441 αὐτὸς

197 1462 229 1512 ὁ
258 1460 433 1534 ξηρὸς
458 1465 647 1536 χόρτος
675 1468 740 1520 ὲκ
769 1467 945 1520 ποδῶν
996 1469 1243 1539 γένηται,
1293 1467 1576 1523 ἀπώλοντο
1603 1468 1700 1524 καὶ
1731 1469 1789 1521 αί

204 1552 434 1623 μνῆμαι
464 1554 573 1607 τῶν
598 1555 784 1619 κακῶς
807 1558 1233 1629 πεπραγμένων.

529 1739 700 1795 PKA'.
738 1769 808 1779 -
835 1740 1130 1812 rerum
1157 1738 1471 1811 ΜΟΝΔΧῼ.

1420 360 1958 427 EPISTULARUM
2000 367 2143 426 LIB.
2182 369 2262 427 II.

1805 477 1855 533 Δ

3356 374 3465 439 254

2312 502 2317 509 ε
2392 474 2621 529 CXXIII.
2652 477 2932 531 ~—Eitlem.

1964 561 2300 621 Vaticinium
2337 565 2413 621 ait
2446 585 2459 621 :
2502 587 2520 619 ι
2553 567 2707 638 Aqua
2746 568 2990 623 Neuriitn
3030 570 3134 625 erit
3157 570 3470 639 deserta,et

1864 655 2295 721 exsiccabitur,
2329 666 2384 712 et
2448 656 2614 713 herba
2670 659 2841 728 ipsius
2897 660 3149 716 universa
3193 663 3406 719 deﬁciet
3450 679 3468 720 :

1894 745 2061 801 herba
2086 748 2229 802 enim
2259 750 2405 805 sicca
2434 765 2542 804 non
2576 751 2683 805 erit
2700 752 2798 805 ³⁸.»
2817 751 3064 806 Neuriim
3095 761 3249 807 notat
3277 753 3469 809 falsam

1894 839 1963 895 de
1992 841 2155 895 rebus
2184 843 2522 913 opinionem.
2548 844 2604 896 In
2627 855 2882 913 promptu
2915 846 3101 914 itaque
3126 860 3469 914 quaecunque

1895 928 2121 986 haeresis
2146 932 2506 1002 intelligatur,
2539 949 2662 1003 quae
2710 935 3012 997 desolatur,
3044 945 3097 990 et
3128 952 3342 998 eorum,
3375 936 3471 1005 qui

1894 1033 2041 1078 recte
2067 1024 2292 1078 verbum
2325 1026 2575 1081 veritatis
2605 1033 2961 1096 pertractant,
2996 1027 3255 1082 doctrina
3295 1027 3476 1082 exsic-

1893 1124 2071 1170 catur.
2094 1114 2464 1172 Nihilominus
2527 1119 2691 1172 etiam
2721 1126 2777 1173 et
2806 1128 3089 1189 peccatum
3120 1118 3259 1175 falsa
3286 1118 3476 1190 Opinio

1894 1205 2107 1261 fuerit:
2164 1222 2401 1276 namque
2439 1223 2714 1264 nonnemo
2752 1209 2900 1279 quod
2959 1212 3161 1264 bonum
3215 1224 3327 1264 non
3366 1219 3474 1277 est,

1893 1307 1955 1353 ut
2000 1299 2200 1353 bonum
2254 1301 2691 1370 apprehendens,
2724 1302 2860 1357 illud
2916 1302 3178 1371 consequi
3233 1301 3475 1368 studet;

1894 1404 2020 1442 cum
2083 1404 2212 1443 vero
2252 1400 2536 1458 peccatum
2573 1406 2669 1461 per
2711 1390 3091 1461 paenitentiam
3153 1390 3477 1460 abrogatum

1893 1479 2076 1543 fuerit,
2124 1481 2471 1535 n'tanifestum
2501 1480 2560 1534 ﬁt
2610 1480 2837 1537 herbam
2880 1482 3209 1536 exsiccatam
3273 1480 3477 1546 fuisse;

1894 1586 2022 1625 cum
2048 1586 2177 1626 vero
2204 1582 2256 1625 et
2278 1572 2396 1641 ipsa
2424 1570 2594 1625 herba
2609 1572 2756 1626 sicea
2773 1571 2843 1627 de
2865 1572 3046 1627 medio
3061 1572 3276 1633 sublata
3296 1571 3480 1639 fuerit.

1896 1665 2173 1720 memoria:
2202 1680 2391 1719 eorum
2411 1680 2532 1734 qua:
2551 1680 2716 1732 prave
2732 1673 2883 1735 gesta
2906 1672 3054 1727 sunt,
3080 1665 3481 1734 deperduntur.

2173 1754 2805 1812 CXXIV.—EULYSIO
2847 1756 3198 1813 MONACHO.

284 1847 431 1903 Οὔτε
465 1851 500 1921 ἠ
528 1850 719 1921 ἀρετὴ,
749 1850 873 1904 οὔτε
925 1852 957 1922 ἡ
1000 1852 1167 1906 κακία
1197 1851 1346 1922 μένει
1376 1850 1790 1922 ἀμετάπτωτος,

1964 1845 2155 1916 Neque
2186 1848 2384 1912 virtus,
2441 1862 2621 1918 neque
2682 1848 2895 1902 malitia
2938 1856 3188 1904 remanet
3219 1855 3481 1903 constans

204 1941 306 1993 καὶ
338 1938 617 2011 ἀκίνητος,
652 1941 840 2012 ἐπειδὴ
883 1942 1271 2011 ὲθελότρεπτόν
1312 1944 1430 1995 ἐστι
1458 1941 1797 2012 ἀνθρώπινον

202 2030 393 2097 γένος.
468 2031 675 2103 Ὀνπερ
740 2034 920 2085 τοίνυν
974 2032 1381 2102 ὑπολαμϐάνεις
1432 2034 1524 2087 τὸν
1573 2034 1798 2104 ἀδελφὸν

201 2120 585 2188 ἁμελέστατον
647 2117 806 2185 εἶναι,
832 2122 1003 2193 ὅνπερ
1040 2122 1280 2193 νομίζεις
1330 2124 1654 2193 ἁμαρτωλὸν
1697 2125 1800 2178 ὑπ-

204 2211 426 2281 άρχειν,
482 2213 583 2266 οὐκ
630 2210 800 2279 οἶδας,
840 2216 1049 2284 μήποτε
1103 2216 1227 2269 καθ’
1271 2214 1463 2269 ἑαυτὸν
1514 2216 1795 2283 στενάξας,

204 2304 304 2355 καὶ
342 2305 808 2376 μεταϐαλλόμενος
830 2308 922 2360 ἐπὶ
948 2307 1009 2359 τὸ
1036 2310 1303 2378 κρεῖττον,
1338 2307 1493 2377 παρά
1537 2309 1655 2378 Θεῷ
1686 2309 1797 2361 σώ-

205 2391 391 2456 ζεται.
425 2395 496 2446 Σὺ
527 2396 582 2448 δὲ
602 2396 811 2465 ἀγονῶν
834 2397 1126 2463 εὐτελίζεις
1157 2398 1413 2462 πολλάκις
1424 2399 1515 2455 τὸν
1537 2399 1795 2465 τοιοῦτον,

206 2488 309 2539 καὶ
330 2488 617 2560 λοιδορεῖς,
663 2490 757 2543 καὶ
823 2491 1037 2563 πικρῶς
1069 2491 1416 2563 κατακρίνεις
1444 2492 1535 2547 τὸν
1570 2491 1710 2562 ὑπὲρ
1736 2492 1797 2546 σὲ

218 2577 535 2650 σωζόμενον
564 2581 659 2635 ἀνθ
669 2598 873 2652 ρωπον.

709 2784 885 2837 PKE'.
916 2813 981 2825 --
1015 2784 1101 2850 Τῷ
1122 2784 1303 2852 αὐτῷ.

286 2872 477 2926 Κακία
506 2874 703 2928 κακίαν
735 2877 1046 2945 ἐφέλκεται,
1085 2879 1180 2931 καὶ
1211 2880 1381 2943 πάθος
1412 2879 1574 2934 πάθει
1600 2879 1793 2933 πολλὰ·

212 2981 300 3026 κις
334 2966 692 3021 συνάπτεταιυ
729 2969 965 3039 συγγενῆ
992 2970 1100 3042 γὰρ
1126 2971 1394 3044 ἀλλήλων,
1426 2973 1521 3025 καὶ
1558 2971 1798 3043 συνεργά

212 3056 283 3109 τὰ
315 3056 500 3126 φαῦλα
521 3059 888 3129 καθέστηκεν.

701 3167 893 3238 PK-T'.
918 3199 986 3209 —
1020 3167 1104 3235 Τῷ
1134 3169 1313 3236 αὐτῷ.
1562 3240 1564 3247 λ

284 3260 366 3312 Τὸ
396 3258 600 3327 πλῆθος
618 3261 728 3315 τῶν
762 3263 890 3333 παρ’
917 3259 1074 3333 ἡμῶν
1111 3260 1406 3335 δρωμένων
1429 3260 1667 3331 ψεκτῶς,
1696 3261 1797 3331 τὴν

216 3349 443 3401 πάντων
480 3348 699 3419 χείρονα
751 3350 861 3403 τῶν
915 3352 1101 3405 κακῶν
1164 3352 1500 3417 κενοδοξίαν,
1553 3350 1648 3405 καὶ
1708 3349 1799 3405 τὸν

217 3439 393 3508 τῦφον
436 3440 693 3505 πολλάκις
738 3444 803 3496 ὲκ
862 3444 963 3512 τῆς
995 3444 1331 3514 ἀναλγησίας
1369 3444 1708 3516 ἐπισύρεται.
1740 3442 1800 3496 ⁸0

216 3532 275 3584 δέ
328 3549 389 3599 γε
447 3533 630 3598 πάσας
682 3536 1170 3607 ἐκκεκομὸωμένος
1224 3537 1647 3606 ἀπαραλείπτως
1701 3537 1801 3600 τὰς

219 3621 445 3692 ἀρετὰς,
472 3622 747 3694 ἀλλότριον
766 3624 958 3679 ἑαυτὸν
975 3627 1305 3697 καταστήσει
1323 3626 1422 3695 τῆς
1441 3628 1688 3696 ἀνοήτου,
1709 3625 1803 3679 καὶ

223 3714 442 3782 μωροῖς,
458 3713 553 3766 καὶ
574 3714 780 3785 σαθρᾶς
797 3716 1123 3783 κενοδοξίας,
1140 3718 1235 3771 καλ⁸
1248 3716 1344 3769 τοῦ
1369 3716 1594 3787 ματαίου
1608 3717 1671 3769 τύ
1680 3733 1797 3785 φου.

399 3824 564 3879 PKZ'.
588 3855 659 3867 ——
686 3826 1025 3897 ΦΙΛΟΞΕΝῼ
1079 3828 1621 3898 ΑΡΧΙΜΑΝΔΡΙΤῌ.

306 3917 586 3986 Ἀληθινὸν
624 3917 734 3988 ἐγὼ
761 3920 1151 3991 προσαγορεύω
1196 3921 1401 3973 ἐκεῖνον
1436 3918 1799 3990 Ἰσραηλίτην,

221 4007 318 4061 τὸν
350 4008 438 4063 διά
467 4012 566 4081 τῆς
594 4009 827 4082 θεωρίας
878 4011 1132 4065 ἁπάντων
1177 4010 1287 4064 τῶν
1327 4010 1664 4080 κτισμάτων,
1694 4009 1802 4064 τῶν

222 4116 280 4152 τε
320 4100 394 4173 μὴ
451 4102 793 4173 φαινομένων
837 4102 1104 4173 βλέποντα
1133 4101 1222 4155 τὸν
1271 4100 1378 4155 τῶν
1408 4101 1542 4157 ὅλων
1574 4100 1803 4172 ποιητὴν

225 4193 380 4247 Θεόν.

550 4286 731 4339 PKH'.
761 4288 1132 4363 emunita
1158 4287 1469 4358 ΜΟΝΑΧῼ.

304 4397 322 4427 ι
360 4377 568 4441 Πάντα,
609 4380 763 4448 φησὶ,
806 4379 1022 4452 καθαρὰ
1069 4382 1182 4442 τοῖς
1234 4380 1514 4449 καθαροῖς,
1554 4400 1572 4432 ι
1612 4384 1723 4438 τοῖς
1748 4383 1805 4436 δὲ

1823 3184 1870 3243 C

1896 1949 1951 1994 et
1988 1939 2389 2005 immutabilis;
2448 1939 2900 2009 quandoquidem
2947 1954 3124 2010 genus
3179 1938 3480 1993 bumanutn

1896 2038 2092 2100 sponte
2126 2045 2226 2085 sua
2259 2030 2536 2084 immutari
2560 2041 2941 2101 comparatum
2968 2038 3072 2085 est.
3093 2028 3267 2096 Quem
3292 2029 3483 2098 itaque

1894 2136 1961 2174 ex
1995 2121 2254 2175 fratribus
2312 2121 2840 2193 negligentissimum
2888 2125 3195 2187 existimas,
3241 2120 3401 2194 174
3426 2130 3483 2176 et

1896 2214 2146 2285 opinaris
2177 2224 2523 2286 peccatorem
2555 2231 2700 2277 esse,
2727 2215 2912 2271 nescis
2944 2232 3011 2270 an
3058 2217 3358 2285 aliquando
3392 2215 3483 2270 ille

1896 2305 2043 2360 intra
2086 2320 2149 2361 se
2201 2306 2609 2375 ingemiscens,
2663 2313 2719 2360 et
2773 2307 2827 2361 itt
2869 2306 3065 2362 melius
3119 2307 3479 2366 immutatus.

1897 2397 2044 2467 apud
2090 2397 2260 2452 Deum
2295 2399 2559 2455 salvetur.
2596 2398 2663 2454 Et
2700 2408 2757 2453 tu
2790 2400 3054 2467 ignorans
3102 2399 3264 2453 talem
3300 2397 3482 2451 homi-

1899 2503 2022 2543 nem
2054 2503 2435 2557 saepenumero
2470 2489 2630 2544 nihili
2663 2489 2844 2553 ducis,
2876 2499 2933 2543 et
2958 2489 3228 2542 conviciis
3256 2499 3482 2551 oneras,

1895 2587 1951 2635 et
1981 2579 2194 2635 duriter
2217 2580 2546 2643 contemnis,
2583 2580 2678 2650 qui
2712 2588 2895 2635 tamen
2935 2580 3144 2649 potius,
3195 2592 3361 2648 quam
3393 2584 3480 2639 tu,

1897 2673 2163 2727 salvatur.

2427 2777 2716 2835 CXXV.—
2738 2776 2923 2832 Eidem

1967 2872 2172 2927 Malitia
2198 2872 2459 2926 malitiam
2502 2872 2749 2938 attrahit,
2782 2880 2835 2926 et
2864 2870 3205 2941 perturbatio
3235 2868 3482 2939 saepissi-

1897 2981 1985 3021 me
2002 2962 2774 3035 perturbationiconiungitur
2803 2981 2815 3016 :
2849 2978 3013 3032 prava
3028 2960 3303 3030 siquidem
3332 2959 3486 3029 ejus-

1906 3060 2023 3115 dem
2045 3058 2263 3130 generis
2292 3064 2443 3124 sunt,
2475 3066 2529 3111 et
2558 3056 2663 3109 sibi
2698 3056 2928 3109 invicem
2958 3054 3240 3125 suppetias
3272 3051 3480 3109 ferunt.

2393 3163 2632 3220 CXXVI.
2666 3163 2948 3219 ——Eidem.

1970 3258 2195 3321 Eorum,
2228 3274 2349 3328 quae
2378 3271 2406 3310 a
2448 3257 2611 3315 nobis
2650 3259 2946 3313 criminose
2975 3263 3262 3326 geruntur,
3295 3254 3482 3324 cupia,

1903 3352 2168 3408 malorum
2225 3353 2466 3408 omnium
2499 3351 2793 3422 pessimam
2823 3350 3143 3419 jactautiam
3201 3356 3255 3401 et
3291 3361 3486 3416 super-

1902 3445 2045 3500 biam
2078 3461 2221 3514 saepe
2252 3461 2319 3500 ex
2358 3444 2677 3512 stupiditate
2726 3443 3044 3509 contrahit;
3071 3442 3163 3512 qui
3187 3456 3336 3497 vero
3363 3456 3487 3495 om-

1902 3532 2065 3591 nibus
2106 3537 2325 3591 abunde
2383 3544 2469 3590 est
2530 3534 2831 3589 virtutibus
2885 3542 3207 3596 exornatus,
3241 3533 3479 3586 alienum

1903 3642 1962 3681 se
1989 3643 2018 3680 a
2047 3626 2321 3693 demente,
2362 3626 2531 3680 stulta
2581 3633 2637 3681 et
2661 3626 2863 3681 detrita
2912 3623 3284 3695 jactantia,et
3328 3620 3519 3684 inani,

1902 3726 2117 3773 tumore
2135 3720 2456 3772 constituet.
3400 3716 3403 3719 λ

1971 3826 2228 3881 CXXVII.
2253 3857 2325 3867 -—-
2353 3825 2751 3882 PHILOXENO
2787 3819 3409 3881 ARCIIIMANDRITIE.

1972 3920 2094 3991 lpse
2118 3934 2219 3989 ego
2240 3934 2364 3974 vere
2386 3933 2705 3988 germanum
2739 3917 3043 3971 Israclitam
3073 3914 3305 3967 dixerim
3335 3928 3484 3976 eum,

1902 4013 1993 4084 qui
2027 4027 2125 4082 per
2172 4012 2419 4066 omnium
2450 4017 2856 4073 creaturarum,
2902 4008 3017 4061 sive
3046 4006 3150 4058 illae
3201 4004 3486 4058 obtutibus

1903 4112 2148 4180 pateant,
2183 4103 2300 4160 sive
2335 4103 2390 4156 in
2422 4102 2680 4156 clanculo
2739 4102 2965 4165 lateant,
3025 4095 3483 4168 speculationem,

1906 4197 2153 4253 omnium
2190 4194 2363 4249 Deum
2393 4201 2675 4247 auctorem
2708 4192 2973 4246 intuetur.

2217 4283 2847 4341 CXXVlll.——ELPID|O
2874 4277 3229 4337 MONACIIO.

1983 4400 2002 4431 ι
2028 4378 2244 4445 Omnia,
2277 4379 2479 4447 inquit,
2515 4378 2719 4430 munda
2749 4374 2970 4429 mundis
2996 4372 3074 4438 ⁸⁶;
3120 4390 3139 4423 ι
3176 4365 3487 4423 infidelibus

228 4467 499 4533 ἀπίστοις,
524 4470 619 4522 καὶ
673 4471 967 4539 ὲμπαθέσι,
1002 4471 1445 4541 φιλαμαρτήμοσί
1475 4489 1554 4533 τε,
1588 4473 1682 4525 καὶ
1712 4491 1797 4540 με·

1909 4484 2090 4527 autem
2124 4481 2179 4526 et
2234 4471 2418 4540 pravis
2472 4467 2863 4522 adiectionibus
2924 4464 3148 4530 deditis,
3189 4461 3490 4530 pronisque

230 4560 607 4629 μολυσμένοις,
636 4564 815 4616 πάντα
843 4561 1145 4634 ἀκάθαρτα,
1168 4563 1264 4616 καὶ⁸
1292 4564 1502 4633 πονηρὰ
1533 4564 1797 4632 φαίνεται,

1913 4564 2069 4634 175
2101 4564 2166 4617 ad
2205 4563 2566 4632 peccandum,
2624 4571 2677 4616 et
2714 4558 3017 4629 inquinatis
3047 4556 3227 4611 omnia
3277 4554 3489 4621 impura

229 4654 321 4705 nl.
338 4654 517 4706 πάντα
537 4654 735 4717 αὐτοὺς
757 4655 893 4724 πρὸς
904 4654 1179 4725 ἁμαρτίαν
1203 4654 1432 4720 ὲξέλκει,
1448 4656 1559 4709 εἴτε
1588 4656 1801 4729 βρῶμα,

170 4742 175 4745 ’
232 4746 336 4797 εἴτε
370 4747 540 4817 πόμα,
573 4745 683 4799 εἴτε
712 4745 950 4816 φόρεμα,
984 4747 1093 4800 εἴτε
1132 4748 1318 4813 τόπος,
1360 4748 1468 4801 εἴτε
1518 4751 1727 4820 χρόνος,
1769 4751 1802 4822 ἢ

234 4835 541 4900 πρόςωπον,
577 4835 611 4907 ἢ
659 4838 914 4907 πρᾶγμα,
952 4835 986 4907 ἢ
1018 4836 1222 4907 ὁμιλίαν
1260 4837 1292 4908 ἢ
1331 4838 1568 4907 βλέμμαν
1603 4839 1636 4911 ἦ
1667 4838 1803 4909 ἁφὴ⁹

234 4923 572 4994 ῆδσφρησις.
607 4929 640 4998 ἢ
668 4929 826 5000 ἀκοὴ,
861 4929 895 4999 ἢ
927 4929 1136 4998 γεῦσις,
1160 4931 1267 4981 πᾶν
1296 4930 1596 5000 συλλήϐδην
1631 4932 1805 4983 εἰπεῖν

236 5015 489 5084 πρᾶγμα,
510 5013 545 5085 ἢ
570 5009 729 5078 εἶδος,
746 5020 781 5085 ἦ
811 5019 1038 5090 κίνημα,
1066 5020 1199 5072 ὼθεῖ
1216 5022 1342 5084 τοὺς
1369 5022 1641 5085 τοιούτους
1670 5021 1806 5092 πρὸς

237 5105 529 5175 ἁμαρτίαν,
562 5106 657 5159 καὶ
705 5108 1020 5165 ἐκκαλεῖται
1081 5112 1216 5180 πρὸς
1274 5110 1371 5182 τὴν
1436 5113 1802 5183 παρανομίαν.

240 5198 447 5265 Ὥσπερ
474 5197 783 5252 τούναντίον
846 5200 976 5262 τοὺς
1018 5203 1267 5266 πιστοὺς,
1319 5203 1414 5255 καὶ
1463 5204 1677 5271 ἁγνοὺς,
1710 5204 1806 5257 καὶ

238 5288 503 5353 εὐλαϐεῖς,
554 5289 652 5343 καὶ
712 5288 881 5352 σώους
909 5291 969 5342 τὸ
998 5290 1275 5361 φρόνημα,
1322 5296 1498 5346 πάντα
1550 5294 1806 5366 διεγείρει

239 5382 373 5451 πρὸς
434 5381 785 5453 εὐχαριστίαν
836 5381 993 5443 Θεοῦ,
1020 5384 1114 5435 καὶ
1149 5384 1425 5453 ἄπληστον
1455 5387 1803 5457 ὑμνολογίαν,

240 5473 331 5531 καὶ
359 5475 693 5543 χειραγωγεί
745 5473 882 5543 πρὸς
908 5475 1089 5526 πᾶσαν
1133 5474 1499 5549 δικαιοσύνην,
1541 5480 1636 5534 καὶ
1680 5498 1804 5552 νοη-

245 5561 457 5627 ματίξει
481 5561 615 5630 πρὸς
645 5561 745 5633 τὴν
774 5563 986 5617 τελείαν
1017 5565 1319 5621 εὐσέϐειαν.

306 5799 353 5833 ³⁵
384 5803 490 5859 lsa.
518 5820 604 5871 xv,
630 5807 683 5859 6.
759 5807 801 5838 “
832 5806 917 5862 Tit
966 5825 1003 5872 ι,
1036 5809 1113 5864 lii.

1908 4672 2183 4728 pravaque
2206 4654 2529 4724 judicautur
2555 4672 2569 4719 ;
2600 4654 2895 4721 omniaque
2930 4665 3027 4705 eos
3055 4649 3120 4703 ad
3147 4646 3489 4719 peccandum

1907 4749 2262 4821 compellunt,
2295 4748 2410 4802 sive
2443 4746 2603 4802 cibus
2649 4746 2740 4809 sit,
2779 4745 2896 4799 sive
2926 4750 3117 4811 potus,
3160 4742 3275 4796 sive
3324 4737 3491 4792 indu-

1907 4851 2173 4903 mentum,
2223 4840 2338 4895 sive
2387 4839 2565 4901 locus,
2618 4838 2734 4893 sive
2787 4846 3026 4906 tempus,
3064 4835 3180 4889 sive
3216 4844 3477 4904 persona,

1909 4936 2027 4990 sive
2058 4949 2220 5002 opus,
2251 4933 2367 4987 sive
2385 4932 2746 5001 colloquium,
2782 4930 2899 4984 sive
2932 4929 3111 4991 visus,
3141 4927 3257 4982 sive
3283 4933 3488 4982 tactus,

1903 5028 2019 5082 sive
2047 5026 2335 5090 odoratus,
2370 5025 2483 5079 sive
2508 5024 2740 5088 auditio,
2764 5022 2879 5076 sive
2903 5030 3122 5091 gustus,
3151 5027 3205 5074 et
3237 5025 3293 5071 ut
3322 5013 3489 5067 verbo

1901 5120 2187 5180 extricem,
2216 5119 2584 5189 quodcunque
2631 5115 2767 5171 illud
2802 5117 2897 5182 sit,
2921 5117 3035 5169 sive
3091 5111 3319 5181 species,
3376 5108 3491 5162 sive

1902 5212 2278 5277 motus,hosce
2296 5210 2362 5264 ad
2387 5221 2607 5281 peccata
2638 5209 2964 5279 praecipitat,
2988 5215 3041 5262 et
3065 5205 3130 5259 ad
3154 5203 3485 5271 impietatem

1902 5303 2722 5369 adhortatur.Quemadmodum
2745 5309 2967 5356 econtra
2990 5300 3257 5361 tideles,et
3280 5305 3485 5357 castus,

1903 5404 1957 5450 et
1984 5396 2123 5465 pios,
2148 5402 2201 5449 et
2232 5393 2435 5449 mentis
2460 5402 2745 5463 compotes
2784 5392 2967 5447 omnia
3020 5390 3086 5442 ad
3112 5387 3350 5457 agendas
3383 5384 3489 5435 Deo
3526 5396 3537 5411 ί

1911 5487 2138 5557 gratias,
2171 5495 2224 5540 et
2262 5500 2547 5555 nunquam
2579 5493 2893 5540 cessantem
2926 5480 3300 5535 laudationem
3330 5475 3484 5529 excr-

1916 5586 2050 5641 tant,
2086 5587 2140 5631 et
2177 5577 2241 5632 ad
2267 5578 2579 5632 universam
2606 5574 2876 5645 justitiam
2917 5571 3147 5629 ducunt,
3178 5577 3231 5620 et
3260 5565 3325 5617 ad
3371 5564 3488 5631 pie-

1918 5673 2081 5721 tatem
2119 5667 2359 5723 numeris
2390 5665 2649 5722 omnibus
2683 5663 2989 5720 absolutam
3028 5660 3170 5713 viam
3205 5661 3480 5711 sternunt.
