3888 6040
1909 314 2025 374 8.1

2136 314 2179 373 ,Ι
3519 296 3719 371 ,256

651 423 888 479 CXXIX.
916 457 987 467 -—
1010 424 1370 483 NEMERTIO
1408 424 1766 482 MONACIIO.

2392 423 2567 476 PKB’.
2596 449 2667 462 --
2690 417 3055 486 numneris
3087 414 3400 484 ΜΟΝΑΧῼ.

493 515 706 588 Saepius
736 528 788 572 te
810 519 1029 574 timoris
1059 518 1293 589 spiritus
1321 518 1649 589 perquisivit
1674 559 1688 581 ,
1718 532 1821 573 nec
1850 517 2006 573 inve-

2178 518 2453 589 Ἒζῆτησέ
2483 535 2542 571 σε
2572 516 2837 578 πολλάκις
2872 513 2935 567 τὸ
2961 512 3180 581 πνεῦμα
3216 509 3317 579 τῆς
3336 506 3573 569 δειλίας.
3612 503 3722 558 καὶ

398 609 507 681 [nit
553 629 563 660 :
605 607 854 664 nonduin
886 610 1032 664 enim
1064 609 1145 664 illi
1180 609 1561 666 instituendus
1613 610 1852 665 traditus
1891 609 2011 665 fue-

2140 613 2206 683 ὒχ
2229 607 2385 683 ηὗρε,
2407 610 2543 663 διότι
2571 607 2729 662 οὔπω
2755 604 3008 675 ἐξεδόθης
3032 602 3169 673 πρὸς
3182 599 3496 672 γυμνασίαν
3516 594 3715 666 αὐτῷ,

398 715 534 765 ηεαδ.
565 700 635 755 At
670 717 818 755 nunc
852 709 905 757 te
939 703 1150 757 invenit
1171 745 1189 771 ,
1230 710 1287 759 et
1316 711 1481 758 noctu
1509 702 1708 775 dieque
1727 716 2008 773 nunquam

2139 705 2201 759 ῦν
2229 704 2286 758 δέ
2309 697 2543 775 σεηῦρε,
2576 702 2674 756 καὶ
2733 696 3080 769 ἐπιταράττει,
3144 690 3438 761 παννύχιόν
3489 705 3556 741 τε
3605 688 3717 740 καὶ

421 789 798 848 intermittens
843 795 1165 849 conturbat.
1196 793 1589 850 Verumtamen
1644 810 1713 850 ne
1774 796 2012 865 despon-

2136 795 2471 867 ιανημέριον.
2504 792 2664 847 Ἀλλὰ
2719 792 2794 863 μὴ
2847 789 3163 860 ἀθυμήσῃς,
3203 784 3500 854 ὑπόμεινον
3544 778 3613 833 δὲ
3638 778 3717 832 δι’

420 882 595 948 deas,
642 883 740 939 sed
772 886 989 943 sustine
1036 885 1526 955 deprecationibus
1566 885 1857 942 Dominum
1908 901 2010 941 ex-

2138 890 2274 961 ὺχῆς
2301 886 2394 941 τὸν
2426 886 2656 957 Κύριον,
2718 879 3057 954 προσδοκῶν,
3113 879 3262 942 ὅπως
3313 874 3573 946 ἐξέληται
3619 888 3717 931 σε,

418 310 529 375 255

391 1025 395 1029 .
421 985 687 1045 spectans
707 1017 723 1041 ,
749 987 809 1031 ut
836 986 888 1033 te
910 978 1231 1049 frequenter
1251 988 1379 1037 ante
1404 979 1580 1052 ipsius
1609 980 1803 1036 oculos
1830 980 2012 1053 ιπη-

2136 980 2353 1052 τυνεχῶς
2380 979 2669 1037 κατέναντι
2692 976 2804 1031 τῶν
2834 970 3135 1045 ὀφθαλμῶν
3169 968 3334 1025 αὑτοῦ
3384 966 3717 1040 φυρόμενον

422 1067 531 1122 mis
562 1069 872 1125 madentem
902 1071 1128 1139 eripiat.

950 1160 1168 1219 CXXX.
1188 1189 1261 1204 -ο
1282 1160 1495 1217 Eidem.

493 1250 800 1308 Asseveras
836 1260 894 1308 te
932 1254 1112 1309 solum
1164 1269 1398 1325 prorsus
1433 1268 1544 1310 non
1588 1269 1753 1326 posse
1801 1254 1859 1309 in
1894 1253 2011 1310 cel-
2080 1278 2083 1281 ·

427 1346 537 1401 lnla
569 1344 798 1415 degere,
846 1354 1048 1417 printer
1081 1348 1559 1417 exspectationem
1597 1347 1873 1401 immenso
1902 1347 2015 1401 da:-

394 1466 397 1469 ν
427 1437 611 1492 monis
648 1447 796 1492 metu
828 1452 1153 1507 oppressura
1180 1478 1196 1502 ,
1234 1447 1362 1508 post
1393 1437 1696 1492 maximum
1732 1438 2014 1492 abrenun-

392 1533 681 1594 ,tiationis
713 1541 929 1603 tempus
979 1541 1035 1588 et
1065 1533 1373 1588 solitariam
1412 1533 1467 1587 in
1500 1533 1722 1587 deserto
1767 1546 2009 1599 moram;

391 1670 397 1679 ι
422 1626 643 1682 ascisce
671 1641 804 1694 ergo
838 1625 942 1680 tibi
988 1624 1081 1680 Dei
1132 1632 1410 1679 amantem
1431 1664 1447 1689 ,
1502 1624 1766 1695 piumque
1794 1626 1972 1678 virum
1998 1662 2014 1688 ,

424 1717 522 1786 qui
556 1733 661 1771 una
694 1724 883 1772 tecum
925 1717 1238 1780 inhabitet,
1270 1717 1551 1787 simulque
1573 1732 1766 1787 preces
1801 1718 2010 1782 fundat,

2106 1075 2360 1146 δάκρυσα

2625 1159 2750 1216 PA'.
2787 1190 2860 1202 -—
2890 1159 2975 1226 τῷ
3001 1156 3179 1224 αὐτῷ.
3379 1236 3382 1239 Δ

2181 1258 2246 1312 El
2278 1254 2417 1317 ὅλως
2448 1250 2630 1318 λέγεις
2681 1251 2880 1323 μηκέτι
2920 1249 3186 1304 δύνασθαι
3218 1246 3397 1318 μόνως
3423 1243 3618 1309 διάεαι
3650 1243 3718 1295 ἐν

2109 1350 2189 1423 τῷ
2218 1350 2438 1420 κελλίῳ,
2479 1347 2781 1416 νικώμενος
2840 1344 2973 1416 παρ’
3012 1342 3236 1405 ἐλπίδας
3264 1339 3345 1412 τῷ
3401 1338 3716 1411 ἀμετρήτῳ

2109 1443 2262 1514 φόϐῳ
2293 1440 2389 1496 τοῦ
2420 1439 2725 1511 δαιμονίου,
2779 1437 2918 1509 μετὰ
2965 1434 3220 1489 τοσοῦτον
3273 1436 3374 1504 τῆς
3414 1429 3717 1498 ἀποταγῆς

2111 1536 2324 1607 χρόνον,
2359 1534 2454 1587 καὶ
2503 1532 2605 1603 τῆς
2640 1530 2976 1601 πκαταμόνας
3008 1529 3097 1581 ἐπ’
3126 1524 3363 1597 ἐρημίας
3386 1521 3714 1594 διατριϐῆς,

2079 1683 2083 1688 ,
2115 1624 2425 1697 προσλαϐοῦ
2455 1624 2549 1677 νῦν
2579 1639 2703 1677 τινα
2736 1620 2984 1691 θεοφιλῆ,
3017 1618 3112 1673 καὶ
3140 1617 3349 1686 εὐλαϐῆ
3388 1615 3713 1685 ἄνθρωπον,

2116 1716 2211 1767 καὶ
2236 1712 2554 1766 συνοικείτω
2581 1728 2685 1775 σοι,
2714 1709 2808 1765 καὶ
2865 1707 3229 1779 συνευχέσθω,
3267 1705 3588 1778 συψαλλέτω
3622 1718 3713 1765 τε,

392 1830 393 1833 η
422 1784 480 1861 et
508 1809 799 1868 concinet,
836 1815 893 1861 et
912 1806 1120 1877 vigiliis
1146 1807 1309 1878 176
1334 1784 1688 1869 imm—oretur,
1724 1824 2015 1877 quousque

2136 1806 2214 1860 ιαὶ
2241 1802 2692 1875 συναγρυπνείτω
2727 1802 2891 1873 μέχρι
2927 1801 3028 1871 τῆς
3063 1817 3123 1854 τε
3156 1799 3307 1863 θείας
3339 1795 3712 1869 ἀντιλήψεως,

421 1895 671 1951 divinum
704 1895 972 1952 auxilium
1008 1894 1329 1963 advenerit,
1361 1898 1768 1967 improbusque
1798 1898 2015 1953 dminon

422 1990 787 2046 abscesserit.

840 2108 845 2113 ί
931 2081 1173 2139 CXXXI.
1203 2112 1276 2125 -—
1308 2082 1520 2140 Eidem.

499 2173 665 2230 Certe
695 2173 833 2229 mihi
875 2176 1139 2243 suadeor,
1168 2191 1271 2232 nec
1301 2178 1450 2234 ullus
1473 2178 1668 2232 haesito
1695 2218 1710 2240 ,
1744 2192 1844 2249 per
1879 2177 2021 2233 divi-

424 2282 557 2321 num
590 2268 849 2337 angelum
889 2268 1197 2323 daemonem
1223 2271 1513 2339 expulsum
1546 2270 1665 2327 fore
1692 2272 2016 2342 fugandum.

425 2357 696 2413 Dominus
735 2358 1014 2428 siquidem
1058 2358 1271 2430 virgam
1309 2373 1663 2431 peccatorum
1701 2363 2016 2418 daemonum

425 2465 596 2520 super
627 2459 837 2506 sortem
865 2450 1148 2521 jnstorum
1204 2450 1248 2483 ⁸⁷
1305 2467 1522 2524 semper
1547 2455 1876 2510 debacchari
1909 2472 2018 2511 non

396 2542 596 2597 .sinet.
620 2540 917 2613 Propterea
942 2541 1114 2597 dicit:
1146 2561 1165 2595 ι
1188 2542 1530 2615 Exspectans
1559 2549 1879 2615 exspectavi
1916 2549 2019 2602 Do-

428 2635 639 2688 minum
663 2674 678 2699 ,
709 2634 805 2706 qui
837 2635 1200 2690 tentationem
1235 2636 1460 2703 intulit,
1490 2649 1546 2695 et
1578 2639 1815 2695 attendit
1847 2640 2015 2705 mihi,

423 2736 483 2781 et
514 2726 796 2782 exaudivit
827 2742 1022 2798 preces
1054 2743 1206 2787 meas
1226 2728 1295 2784 ³⁸.
1338 2747 1357 2782 ι

914 2912 1181 2971 CXXXII.
1214 2945 1288 2956 --
1316 2914 1528 2974 Eidem.

398 3060 399 3065 η
503 3001 582 3057 Ειι
618 3002 716 3058 tibi
737 3004 917 3074 gratia
940 3043 956 3068 ,
1010 3014 1067 3060 et
1099 3005 1305 3061 virtute
1331 3044 1348 3070 ,
1376 3016 1433 3063 et
1482 3007 1824 3064 humanitate
1850 3024 2012 3080 super

424 3095 616 3152 omnia
643 3095 849 3151 Christi
887 3095 981 3152 Dei
1028 3097 1233 3153 excelsi
1258 3139 1274 3163 ,
1307 3106 1435 3152 octo
1475 3101 1747 3155 mensium
1773 3102 2014 3171 spatium
2039 3129 2085 3189 ο
2116 3095 2580 3168 θρωπίᾳΧριστοῦ
2593 3095 2687 3149 τοῦ
2708 3095 3045 3163 πανυψὶστου
3067 3095 3204 3145 Θεοῦ
3224 3095 3537 3161 ὀκτάμηνος
3566 3105 3584 3140 ἰ

430 3198 886 3241 nrzeterszressum
923 3196 1042 3241 est.
1084 3197 1140 3241 et
1188 3190 1633 3241 inmrobissimus
1665 3193 1897 3241 sniritus
1932 3193 2017 3241 [ιι-
2118 3190 2304 3241 ἦλθεν.
2336 3189 2432 3241 καὶ
2464 3186 2755 3241 ἐξεδιώγθτι
2825 3186 2935 3240 ἀπὸ
2968 3184 3062 3239 σοῦ
3105 3182 3169 3237 τὸ
3198 3183 3420 3239 ἀνόσιον
3452 3178 3584 3235 πνεῦ

2080 3184 2085 3251 ξ
2118 3190 2304 3262 ἦλθεν,
2336 3189 2432 3243 καὶ
2464 3186 2756 3259 ὲξεδιώχθη
2825 3186 2935 3240 ἀπὸ
2968 3184 3062 3239 σοῦ
3105 3184 3169 3237 τὸ
3198 3184 3420 3239 ἀνόσιον
3452 3184 3709 3251 πνεῦμαο

2078 3330 2083 3336 .
2121 3288 2216 3343 καὶ
2279 3286 2445 3341 πάλιν
2507 3283 2646 3358 μετὰ
2691 3283 2928 3355 θάρσους
3012 3279 3176 3353 μόνος
3230 3278 3333 3351 τὴν
3384 3276 3583 3332 κέλλαν
3631 3273 3715 3328 ol-

395 3261 399 3266 .
430 3198 886 3259 praetergressum
923 3196 1042 3249 est.
1084 3197 1140 3244 et
1188 3190 1633 3261 improbissimus
1665 3193 1897 3264 spiritus
1932 3193 2017 3248 l'u-

427 3288 592 3351 gatus
632 3289 717 3335 est
764 3297 779 3337 :
830 3292 885 3336 et
923 3291 979 3336 tu
1010 3282 1197 3338 denuo
1234 3284 1431 3338 cellam
1470 3285 1625 3341 solus
1659 3286 2021 3343 conﬁdentis-

437 3372 577 3428 sime
609 3373 913 3430 inhabitas.

646 3468 934 3527 CXXXIII.
962 3502 1030 3517 ——
1059 3471 1402 3528 PALLADIO
1444 3470 1803 3529 MONACIIO.

508 3558 582 3614 Ut
616 3562 851 3628 videris,
880 3560 1177 3618 Jonatham
1206 3562 1393 3620 Saulis
1421 3566 1592 3619 lilium
1622 3566 1829 3635 spiritu
1861 3580 2024 3619 remn-

433 3648 588 3704 laris.
642 3650 740 3706 Ille
776 3652 1085 3721 siquidem,
1124 3663 1183 3708 ut
1234 3655 1467 3708 historia
1514 3655 1778 3718 traditur,
1833 3654 2018 3710 dixit:

436 3758 458 3790 ι
488 3738 816 3796 Snmmitate
838 3744 1041 3814 sceptri
1070 3744 1175 3799 mei
1205 3746 1421 3815 gustavi
1448 3746 1516 3801 de
1539 3746 1729 3807 melle,
1761 3754 1816 3800 et
1837 3741 2025 3798 vident

433 3828 583 3881 οιτιιιί
625 3830 729 3883 mei
755 3830 818 3883 ”.
866 3850 883 3882 ι
930 3833 994 3885 At
1040 3844 1097 3887 tu
1134 3833 1349 3903 "spiritu
1399 3834 1792 3889 intellectualis
1839 3836 2017 3889 mellis

394 3926 401 3933 ‘
434 3919 714 3989 particeps
745 3918 930 3977 lactus
968 3921 1282 3977 divinorum
1316 3938 1634 3978 sermonum
1656 3965 1671 3985 .
1714 3924 1877 3979 melle
1908 3925 2028 3995 ipso

395 4007 398 4011 ’
434 4011 755 4065 suaviorum
780 4052 795 4075 ,
826 4012 1006 4067 oculis
1039 4014 1237 4067 animae
1285 4013 1441 4069 vides
1488 4030 1611 4085 quae
1641 4031 1671 4070 a
1698 4016 1888 4071 multis
1918 4033 2027 4071 nun

398 4088 515 4158 ‘ita
572 4102 736 4157 facile
789 4101 1216 4174 dignescuntur.
1272 4105 1414 4160 Hinc
1462 4106 1708 4175 quaeris,
1749 4123 1915 4177 quam
1958 4109 2028 4164 ob

435 4209 662 4251 causam
697 4193 752 4249 in
787 4196 1109 4251 summitate
1138 4195 1323 4259 baculi
1345 4194 1585 4253 Iacobus
1616 4198 1933 4255 adoraverit
1957 4200 2026 4254 “.

825 4383 983 4455 177
1024 4381 1310 4439 CXXXIV.
1336 4413 1408 4428 —-
1438 4382 1651 4441 Eidem.

2118 1898 2216 1952 καὶ
2242 1897 2343 1961 τῆς
2380 1895 2699 1958 ἀπελάσεως
2728 1892 2822 1947 τοῦ
2840 1890 3080 1963 πονηροῦ
3114 1890 3392 1980 δαίμονος.

2602 2083 2777 2139 ΡΛΔ⁸.
2810 2113 2886 2126 —-
2919 2083 3007 2151 Τῷ
3033 2079 3215 2148 αὐτῷ.

2189 2179 2523 2251 Πέπεισμαι,
2556 2178 2653 2233 καὶ
2698 2179 3221 2250 πεπληροφόρημαι,
3268 2173 3351 2227 ὅτι
3380 2171 3717 2241 ἑκστήσεται

2076 2304 2081 2305 ν
2118 2274 2228 2327 ἀπὸ
2255 2271 2351 2326 σοῦ
2377 2270 2716 2342 φυγαδευθὲν
2743 2272 2834 2327 διὰ
2863 2269 3020 2339 ἁγίου
3040 2267 3276 2336 ἀγγέλου
3296 2265 3360 2320 τὸ
3382 2263 3486 2333 τῆς
3505 2260 3717 2323 δειλίας

2117 2366 2415 2437 δαιμόνιον.
2474 2366 2600 2419 Ούκ-
2625 2364 2829 2436 ἀφήσει
2883 2363 2994 2433 γὰρ
3043 2359 3250 2432 Κύριος
3288 2355 3554 2428 διηνεκῶς
3610 2355 3717 2423 τὴν

2078 2498 2081 2499 ν
2121 2458 2319 2530 ῥάϐδον
2350 2457 2461 2510 τῶν
2512 2454 2857 2528 ἁμαρτωλῶν
2912 2453 3207 2524 δαιμόνων,
3244 2450 3340 2503 ἐπὶ
3379 2448 3472 2503 τὸν
3499 2444 3714 2515 κλῆρον

2115 2546 2227 2602 τῶν
2285 2546 2511 2601 δικαίων
2550 2545 2875 2616 ἀνθρώπων.
2938 2542 3139 2611 Διόπερ
3200 2538 3356 2607 λέγει
3382 2553 3398 2568 υ
3455 2552 3475 2587 ι
3544 2533 3716 2585 Ὑπο-

2121 2640 2298 2711 μένων
2346 2639 2618 2709 ὑπέμεινα
2668 2637 2763 2690 τὸν
2820 2634 3025 2706 Κύριον
3064 2631 3155 2685 τὸν
3210 2626 3559 2697 ἐπαγαγόντα
3620 2642 3715 2695 μοι

2116 2731 2209 2785 τὸν
2240 2729 2567 2801 πειρασμὸν,
2601 2728 2697 2783 καὶ
2723 2726 2992 2799 προσέσχε
3021 2740 3134 2794 μοι,
3165 2720 3260 2776 καὶ
3286 2720 3577 2792 είσήκουσε
3609 2719 3715 2789 τῆς

2115 2821 2351 2893 δεήσεώς
2383 2839 2507 2894 μου.
2553 2840 2574 2874 ι

2614 2912 2784 2968 PAB'.
2814 2942 2885 2954 -—
2918 2909 3004 2976 Τῷ
3028 2908 3212 2975 αὐτῷ.

2200 3006 2334 3061 Ίδοὺ
2358 3008 2425 3078 τῇ
2454 3005 2660 3077 χάριτι,
2701 3006 2796 3058 καὶ
2856 3004 2923 3074 τῇ
2978 3002 3232 3072 δυνάμει,
3268 2996 3366 3055 καὶ
3422 2999 3491 3070 τῇ
3521 2995 3716 3066 φιλαν-

2116 3096 2333 3168 θρωπίᾳ
2344 3095 2580 3168 Χριστοῦ
2593 3094 2687 3149 τοῦ
2708 3093 3045 3163 πανυψίστου
3067 3091 3204 3145 Θεοῦ
3224 3090 3537 3161 ὀκτάμηνος
3566 3102 3713 3157 παρ-

2122 3381 2258 3442 κεῖς.

2402 3467 2571 3525 ΡΑΓσ.
2610 3498 2679 3511 -
2718 3466 3067 3537 ΠΑΛΛΛΔΙῼ
3102 3464 3420 3535 ΜΟΝΑΧῼ.

2206 3563 2294 3626 Ὠς
2323 3562 2521 3624 ἔοικεν,
2572 3562 2832 3616 Ἰωνὰθαν
2885 3559 3028 3615 κατὰ
3051 3559 3114 3613 τὸ
3167 3559 3390 3629 πνεῦμα
3409 3557 3591 3629 ζηλοῖς
3620 3558 3717 3613 τὸν

2122 3653 2226 3723 τοῦ,
2267 3652 2438 3706 Σαοὺλ
2497 3653 2632 3707 υἱόν.
2677 3652 2914 3716 Ἐκεῖνος
2962 3653 3061 3722 μὲν
3116 3652 3228 3722 γὰρ
3278 3650 3403 3705 καθ’
3450 3651 3709 3721 ἱστορίαν,

2123 3747 2288 3816 φησιν
2328 3746 2409 3799 ὅτι
2446 3763 2466 3797 ι
2508 3743 2857 3815 Ἐγευσάμην
2905 3743 3000 3797 τοῦ
3036 3742 3255 3814 μέλιτος
3304 3741 3385 3812 τῷ
3439 3743 3594 3815 ἄκρῳ
3614 3739 3709 3795 τοῦ

2127 3841 2409 3911 σκήπτρου
2447 3854 2572 3909 μου,
2636 3836 2733 3891 καὶ
2788 3835 3073 3907 βλέπουσιν
3106 3836 3154 3887 oi
3207 3834 3478 3906 ὀφθαλμοί
3528 3851 3650 3905 μου.
3682 3853 3701 3886 ι

2126 3930 2198 3982 Σὺ
2219 3929 2275 3982 δέ
2296 3944 2359 3996 γε
2387 3921 2777 3997 πνευματικῶς
2831 3922 2925 3976 τοῦ
2954 3922 3145 3994 νοητοῦ
3190 3923 3408 3993 μέλιτος
3476 3922 3709 3994 μεταλα-

2128 4021 2261 4085 ϐὼν,
2291 4021 2399 4075 τῶν
2435 4019 2652 4091 μέλιτος
2701 4015 3053 4088 γλυκυτέρων
3101 4015 3359 4088 ρημάτωι
3392 4016 3485 4069 τοῦ
3508 4017 3705 4088 Κρείτο

2128 4132 2281 4179 τονος
2313 4113 2533 4185 βλέπεις
2558 4116 2672 4177 τοῖς
2703 4113 2803 4183 τῆς
2824 4111 3000 4182 ψυχῆς
3023 4110 3237 4181 ὄμμασι
3269 4108 3339 4162 τὰ
3367 4113 3479 4172 τοῖς
3502 4109 3706 4173 πολλοῖς

2128 4207 2420 4263 δυσθέατα.
2491 4206 2603 4259 Καὶ
2644 4204 2827 4276 ζητεῖν
2879 4202 3068 4257 λοιπὸν
3119 4201 3292 4272 ἤρξω,
3335 4201 3479 4255 διατι
3536 4203 3624 4257 ἐπὶ
3648 4202 3706 4256 τὸ

2130 4301 2300 4370 ἄκρον
2334 4298 2432 4369 τῆς
2461 4296 2658 4368 ῥάϐδου
2692 4297 2720 4348 ὁ
2750 4294 2944 4350 Ἰακὼὸ
2972 4300 3372 4367 προσεκύνησε.

2626 4392 2791 4446 ΡΛΔν.
2820 4419 2894 4432 -
2934 4389 3017 4456 Τῷ
3044 4389 3225 4456 αὐτῷ.

510 4472 634 4529 Tibi
672 4473 931 4546 equidem
980 4476 1221 4547 perfecte
1270 4477 1609 4548 depurgate,
1661 4485 1719 4533 et
1769 4476 1841 4533 ab
1873 4476 2025 4532 omni

2203 4485 2296 4538 Σοὶ
2334 4483 2433 4555 μὲν
2465 4482 2863 4554 κεκαθαρμένῳ
2890 4483 3138 4547 τελείως,
3183 4484 3279 4538 καὶ
3336 4484 3517 4556 πάσης
3545 4484 3707 4557 ἀπηλ-

439 4565 599 4630 labe,
628 4573 685 4622 et
709 4566 992 4636 iactantiae
1018 4576 1236 4624 tumore
1264 4569 1498 4624 immuni
1521 4609 1537 4633 ,
1573 4584 1757 4641 opera;
1787 4572 2022 4640 pretium

438 4657 606 4714 fuerit
648 4659 1031 4715 subtilissimis
1064 4660 1551 4732 speculationibus
1593 4661 1840 4717 exerceri
1883 4678 1899 4717 :
1941 4662 2027 4717 in-

438 4752 687 4821 quinatis
712 4766 872 4818 vero,
912 4759 968 4807 et
999 4753 1096 4822 qui
1145 4752 1394 4809 nondum
1430 4753 1765 4824 opprobria,
1812 4761 1868 4809 et
1910 4767 2027 4809 cce-

405 4844 571 4896 ‘num
624 4843 825 4899 veteris
894 4843 1139 4899 hominis
1202 4845 1440 4902 lavacris
1486 4846 1825 4910 abluerunt,
1874 4845 2028 4900 nullo

442 4933 605 4989 modo
637 4934 1014 5005 permittimus
1065 4939 1422 4993 sanctissima
1466 4938 1636 4994 verba
1667 4938 1751 4993 vel
1796 4938 2030 4993 summis

439 5016 630 5095 digitis
684 5034 1066 5097 pertractare,
1116 5044 1411 5100 quousque
1465 5029 1587 5085 sani
1644 5028 1927 5094 evadant,
1980 5037 2036 5085 et

440 5120 737 5189 aliquando
786 5131 1189 5193 expurgentur.
1241 5120 1381 5176 Nam
1443 5122 1567 5177 ait:
1614 5138 1641 5174 r
1675 5121 1857 5177 Nolite
1902 5121 2037 5177 dare

442 5220 694 5265 sanctum
725 5213 961 5269 canibus
993 5254 1011 5281 ,
1058 5230 1242 5284 neque
1288 5216 1622 5286 margaritas
1647 5215 1833 5287 porcis
1864 5214 2036 5287 proji-

443 5303 551 5357 cile
575 5304 642 5357 τί.
693 5321 710 5355 ι

633 5392 899 5451 CXXXV.
928 5429 1003 5440 ——
1032 5394 1440 5453 APHTHONIO
1482 5395 1841 5456 MONACHO.

514 5483 634 5540 Non
667 5496 877 5541 tantum
912 5488 1325 5559 Scripturarum
1357 5492 1521 5548 lectio
1556 5491 1611 5547 in
1645 5499 1904 5563 promptu
1933 5491 2028 5557 sit,

444 5569 542 5634 sed
576 5586 633 5631 et
660 5578 876 5663 oratio,
922 5590 978 5635 et
1013 5581 1299 5652 psalmus.
1341 5592 1397 5638 et
1428 5584 1809 5651 continentia,
1844 5584 2027 5655 vigilia

519 5755 560 5786 "
602 5753 746 5811 Psal.
777 5770 959 5824 cuw,
989 5760 1043 5816 '5.

1156 5761 1200 5793 ³⁸
1228 5760 1373 5820 Psal.
1401 5780 1592 5832 χχχιχ,
1638 5767 1686 5821 1.
1766 5768 1807 5799 ³³
1844 5765 1865 5821 ι
1898 5766 2028 5837 Reg.
2060 5782 2173 5835 xw,
2200 5767 2291 5823 9.7.

2131 4575 2386 4649 λαγμένῳ
2410 4575 2645 4647 κηλῖδος,
2671 4574 2765 4629 καὶ
2790 4575 2883 4630 τοῦ
2914 4576 3015 4646 τῆς
3054 4576 3347 4643 ἀλαζονίας
3374 4580 3703 4649 φυσήματος,

2132 4665 2333 4738 πρέπει
2356 4667 2650 4737 ἀναζητεῖν
2708 4664 2920 4737 ὑψηλὰς
2965 4666 3245 4739 θεωρίας·
3296 4670 3408 4732 τοῖς
3450 4667 3508 4721 δὲ
3545 4684 3703 4738 μεμο-

2129 4756 2438 4828 λυσμένοις,
2464 4756 2561 4810 καὶ
2599 4756 2768 4827 μήπω
2816 4755 3246 4827 ἀπονιψαμένοις
3289 4757 3358 4810 τὰ
3410 4755 3589 4825 αἴσχη.
3616 4754 3704 4807 καὶ

2128 4850 2256 4914 τοὺς
2291 4850 2515 4913 σπίλους
2541 4847 2637 4903 τοῦ
2657 4847 2891 4902 παλαιοῦ
2913 4845 3225 4918 ἀνθρώπου,
3258 4846 3491 4907 θύδόλως
3523 4842 3735 4925 ψαύειν(

2134 4941 2527 5013 συγχωροῦμεν
2628 4940 2740 4994 τῶν
2799 4940 3085 5009 παναγίων
3146 4938 3343 5004 λόγων,
3410 4936 3599 5008 μέχρις
3642 4935 3703 4991 ἂν

2133 5032 2399 5103 ύγιάνωσί
2426 5049 2508 5098 τε,
2544 5032 2639 5086 καὶ
2666 5031 2985 5102 καθαρθῶσί
3014 5044 3168 5083 ποτε.
3200 5044 3221 5079 ι
3255 5027 3349 5098 Μὴ
3392 5028 3530 5083 δῶτε
3578 5031 3727 5101 γὰρ.⁸

2132 5126 2291 5195 φησὶ,
2315 5124 2379 5179 τὸ
2405 5125 2561 5194 ἅγιον
2613 5123 2693 5196 τῷ
2726 5124 2870 5191 κυνὶ,
2897 5122 3032 5193 μηδὲ
3066 5120 3195 5185 τοὺς
3226 5120 3573 5192 μαργαρίτας
3600 5125 3701 5186 τοῖς

2133 5219 2337 5291 χοίροις
2367 5216 2735 5290 προσϐάλητε.
2774 5235 2795 5268 ι

2449 5400 2619 5458 PAE'.
2654 5428 2727 5440 -
2762 5398 3057 5470 ΛΦΘΟΝΙῼ
3094 5396 3407 5468 ΜΟΝΑΧῼ.

2205 5494 2298 5566 Μὴ
2361 5492 2521 5564 μόνον
2638 5491 2750 5544 τῶν
2804 5491 2843 5543 Γ
2848 5490 3039 5560 ραφῶν
3081 5489 3338 5559 παρέστω
3386 5485 3697 5555 ἀνάγνωσις,

2136 5585 2270 5639 ἀλλὰ
2297 5585 2394 5640 καὶ
2417 5582 2572 5655 εὐχὴ,
2603 5582 2697 5636 καὶ
2724 5581 2959 5653 ψαλμδς,
2982 5583 3075 5635 καὶ
3097 5582 3413 5649 ἐγκράτεια,
3441 5576 3697 5651 ἀγρυπνία

2376 5766 2417 5798 ⁸ο
2457 5764 2592 5820 Gen.
2638 5779 2806 5827 λινιι,
2838 5762 2927 5817 ῦί.
3008 5763 3049 5805 ’³
3084 5760 3272 5817 Matth.
3305 5775 3407 5825 vn,
3442 5759 3500 5816 θ.
