3888 6040
454 281 597 347 259‘

1935 289 1994 348 S.
2032 286 2196 349 NlLI

3617 280 3739 344 26k)-

455 402 723 456 adversus
752 412 973 461 nostros
999 405 1187 463 hostes
1224 405 1596 475 intendimus,
1631 417 1894 481 tantoque
1924 426 2031 465 ma.

2141 412 2249 465 τῶν
2275 410 2484 483 ἐχθρῶν
2507 409 2661 482 ἡμῶν
2704 410 2794 464 διά
2859 411 2957 481 τῆς
2990 409 3356 480 ἐνοχλήσεως·
3390 407 3575 461 πλεῖον
3614 408 3724 475 γὰρ

452 494 538 562 gis
557 491 611 545 in
636 492 904 549 bonorum
928 498 1390 566 promissionibus
1414 502 1746 568 stabilimur,
1774 518 2042 574 quantum

454 596 486 633 a
521 582 862 652 voluptuosis
892 588 1301 660 immundisque
1330 592 1672 649 daemonibus
1692 594 2040 649 aﬂlictamur.

451 669 589 725 Nam
616 689 743 728 cum
781 676 1085 737 adversarii
1116 681 1357 751 ingentia
1388 699 1511 739 esse
1528 685 1704 747 bona.
1734 703 1856 757 quae
1888 686 2043 743 nobis

424 764 709 823 ’Cltristus
746 771 1038 837 promisit,
1089 775 1296 843 optime
1330 777 1598 841 calleant,
1642 779 1905 834 adversus
1941 796 2041 836 nos

454 855 661 925 ingenti
691 861 975 917 iracundia
1006 865 1382 921 exardescunt
1408 910 1422 933 ,
1454 878 1508 923 et
1539 869 1840 926 invidentia
1869 888 2043 944 oppu-

352 940 357 953 “
453 957 622 1017 gnant
648 951 906 1007 obscenis
928 963 982 1007 et
1014 954 1444 1025 improbissimis
1474 960 1863 1017 aﬂectionibus
1888 940 1922 1029 ,-
1946 940 2039 1020 ve-

453 1037 844 1111 hementerque
882 1043 1129 1115 atlligunt
1170 1047 1457 1114 homines,
1509 1052 1602 1120 qui
1666 1053 1734 1107 ad
1778 1055 2040 1112 virtutem

454 1132 817 1187 contendunt.
873 1136 1222 1208 Quapropter
1273 1140 1400 1196 licet
1444 1146 1769 1212 appetentia:
1804 1146 2042 1203 intume-

452 1229 647 1285 scant,
700 1222 1259 1297 inﬂammenturque,
1310 1237 1365 1283 et
1412 1234 1726 1302 voluptates
1768 1236 2038 1303 sordidae;

452 1311 579 1367 licet
603 1329 735 1369 caro
769 1316 1009 1372 admotis
1041 1318 1285 1374 stimulis
1318 1322 1521 1391 satiat;
1558 1324 1685 1378 licet
1717 1326 1898 1382 omnis
1930 1329 2041 1382 cir-

452 1406 835 1474 cumspectio,
892 1416 948 1462 et
982 1423 1257 1477 perversae
1310 1412 1469 1481 180
1515 1414 1718 1469 diaboli
1774 1416 2041 1472 machinae

451 1510 554 1550 nos
582 1511 900 1567 oppugnent
928 1518 942 1553 :
970 1501 1230 1556 universa
1261 1503 1401 1567 haec,
1439 1515 1494 1558 et
1519 1504 1623 1558 tide
1646 1543 1664 1568 ,
1702 1513 1756 1559 et
1795 1506 2041 1576 psalmo-

450 1601 573 1640 rum
597 1597 869 1644 concentu
888 1631 902 1652 ,
937 1601 990 1646 et
1017 1593 1248 1648 lectione
1269 1634 1283 1659 ,
1321 1604 1376 1649 et
1403 1595 1738 1652 demissione
1767 1598 1957 1665 animi,
1984 1607 2041 1655 et

451 1679 577 1732 aliis
637 1681 1082 1747 certaminibus,
1133 1692 1188 1739 et
1245 1700 1413 1755 super
1472 1687 1580 1740 alia
1615 1688 1858 1745 nominis
1905 1687 2039 1747 Jesu

449 1770 657 1828 Christi
693 1773 787 1829 Dei
817 1775 1206 1832 humanissimi
1231 1816 1246 1840 ,
1276 1778 1693 1850 Salvatorisque
1724 1781 1905 1836 nostri
1934 1783 2037 1837 im-
2069 1776 2109 1831 Β

450 1864 760 1932 ploratione
795 1879 1145 1936 superamus.
1167 1865 1357 1939 Neque
1381 1869 1498 1925 ﬁeri
1528 1880 1711 1937 potest
1735 1880 1795 1927 ut
1817 1873 2035 1929 adversi

448 1951 729 2007 daemones
785 1970 887 2009 nos
933 1967 1285 2028 oppugnent,
1324 1960 1379 2013 ni
1424 1961 1581 2030 prius
1615 1976 1717 2018 nos
1748 1979 1846 2034 per
1876 1964 2037 2021 ﬁdem

449 2040 723 2095 modicam
754 2042 1007 2099 timorem
1061 2046 1310 2100 divinum
1341 2062 1439 2117 per
1487 2054 1840 2105 transennam
1873 2067 2040 2124 aspe-

450 2130 696 2184 xerimus
721 2172 737 2196 ,
764 2139 820 2185 et
869 2147 899 2185 a
949 2132 1185 2189 Domino
1222 2136 1387 2193 nobis
1418 2146 1694 2209 praecepta
1730 2141 2040 2212 neglexeri-

450 2237 590 2276 mus.
647 2224 787 2278 Sunt
839 2226 1025 2295 itaque
1078 2231 1329 2283 nonnulli
1391 2230 1710 2300 daemones,
1763 2234 1859 2305 qui
1914 2250 2039 2292 sese

449 2313 708 2371 humanis
740 2319 1071 2387 corporibus
1101 2319 1396 2378 iudueutes
1418 2361 1436 2387 ,
1477 2339 1783 2396 omnesque
1828 2329 2039 2384 instru-

451 2404 623 2458 menti
663 2406 810 2461 vires
863 2405 1148 2475 fellantes,
1192 2420 1248 2466 et
1286 2414 1606 2484 languorem
1650 2420 1870 2489 corpori
1904 2436 2039 2476 con-

449 2492 744 2562 ciliantes,
783 2496 910 2553 licet
954 2494 1112 2555 nu'lla
1146 2502 1292 2557 adsit
1330 2505 1628 2561 inﬁrmitas
1652 2549 1667 2573 ,
1700 2511 1787 2564 vel
1829 2513 2038 2568 valetu-

448 2586 596 2640 dinis
615 2587 868 2655 initium;
907 2592 1040 2661 quin
1066 2593 1234 2648 etiam
1265 2596 1333 2650 ad
1358 2597 1471 2652 hac
1501 2599 1687 2655 animo
1716 2602 1994 2659 tristitiam
2016 2644 2032 2669 ,

449 2685 505 2751 et
535 2686 788 2749 tepentes
821 2683 1186 2753 cogitationes
1215 2687 1523 2744 immittunt
1556 2710 1568 2746 :
1606 2708 1730 2763 quae
1769 2710 2035 2765 generosa

450 2769 712 2826 ﬁrmitate
739 2813 755 2837 ,
791 2780 845 2827 et
872 2774 1133 2843 prudenti
1166 2779 1334 2834 corde
1361 2781 1645 2851 ejicientes
1665 2825 1680 2850 ,
1712 2787 1894 2840 omnia
1925 2788 2036 2842 cir-

448 2862 841 2931 cumspicieuti
883 2863 991 2920 Deo
1026 2866 1406 2927 adhaereamus
1446 2874 1695 2932 dicentes
1736 2894 1751 2931 :
1809 2897 1827 2929 ι
1874 2877 2036 2949 Eripe

449 2966 539 3007 me
575 2968 643 3006 ex
680 2953 923 3011 inimicis
977 2959 1116 3013 meis
1140 3001 1156 3026 ,
1209 2960 1354 3018 Deus
1380 3004 1395 3029 ,
1437 2976 1490 3020 et
1522 2966 1591 3021 ab
1621 2968 2037 3053 insurgentibus

416 3040 505 3099 'in
559 3060 650 3100 me
687 3046 859 3102 libera
900 3064 987 3105 me
1006 3049 1054 3082 ⁵³
1102 3068 1117 3103 ε
1158 3070 1177 3104 ›
1214 3055 1394 3110 releva
1447 3057 1689 3114 animam
1737 3076 1913 3117 meam
1964 3040 2033 3119 ex

450 3120 615 3194 malis
646 3153 841 3195 eorum
880 3143 1166 3213 operibus.
1203 3146 1678 3214 Quemadmodum
1713 3169 1842 3210 vero
1877 3154 2034 3211 Sam-

450 3229 576 3284 soni
628 3232 927 3302 quondam
990 3224 1237 3307 propter'
1264 3240 1725 3313 intemperantem
1772 3247 2031 3318 volupta-

450 3331 559 3376 tem
608 3325 837 3396 contigit
886 3325 942 3381 in
991 3344 1187 3385 manus
1245 3333 1646 3405 allophylorum
1698 3338 1941 3395 incidere
1962 3340 2029 3404 “,

450 3421 509 3469 et
536 3430 658 3484 quae
686 3416 798 3486 jam
835 3418 902 3472 de
928 3435 994 3473 eo
1025 3423 1231 3491 scripta
1262 3433 1428 3490 sunt,
1456 3430 1669 3498 perpeti
1698 3448 1711 3483 :
1746 3430 1851 3486 hoc
1885 3432 2031 3488 idem

447 3513 504 3587 et
532 3522 682 3561 nunc
724 3510 1039 3578 depravatis
1081 3515 1458 3584 voluptatibus
1499 3519 1733 3576 irretitis
1775 3524 2029 3595 obtingit.

448 3594 701 3669 Namque
727 3618 852 3655 cum
889 3604 1095 3671 sordidi
1123 3607 1389 3663 daHHOttis
1424 3611 1649 3681 impetui
1678 3594 2032 3684 cogitationis

450 3689 694 3747 hominis
733 3693 918 3748 locum
966 3697 1254 3766 dederint,
1292 3701 1497 3757 divina.
1526 3707 1702 3774 gratia
1741 3706 1808 3761 ad
1840 3718 2031 3764 custo-

449 3783 598 3838 diam
621 3786 818 3842 animae
844 3790 1149 3861 advigilans
1178 3795 1461 3860 concedit,
1489 3809 1545 3852 et
1574 3799 1854 3856 daemones
1886 3802 2032 3858 irre-

454 3873 614 3929 titum
645 3878 975 3949 arripientes
1000 3923 1014 3949 ,
1043 3898 1258 3938 omnem
1299 3886 1353 3940 iu
1384 3904 1450 3942 eo
1476 3890 1850 3958 pudibundam
1883 3894 2034 3966 cogi-

449 3967 721 4022 tationem
771 3982 1076 4039 excavant,
1118 3986 1172 4031 et
1227 3972 1708 4039 indissolubilibus
1756 3985 2031 4042 titillatio-

448 4071 581 4111 num
612 4074 791 4123 prava:
817 4064 1121 4134 voluptatis
1143 4069 1378 4126 vinculis
1404 4072 1648 4143 illigant,
1677 4085 1734 4130 et
1762 4075 1818 4131 in
1850 4078 2034 4148 supel-

448 4144 686 4201 lectilem
716 4152 943 4205 malitize
974 4156 1353 4216 conducentes
1375 4202 1391 4227 ,
1425 4164 1837 4222 consuetudine
1861 4184 2031 4240 prava

446 4241 604 4321 mola:
634 4257 859 4313 operam
892 4247 1027 4305 dare
1065 4255 1418 4311 constituunt
1443 4296 1459 4321 ,
1490 4257 1882 4334 deservireque
1912 4263 2031 4320 dia-

444 4332 572 4388 bolo
611 4336 809 4393 diebus
839 4355 905 4396 ac
949 4345 1206 4403 noctibus
1239 4347 1491 4420 integris.

538 4521 695 4592 181
735 4522 888 4589 Quod
924 4528 969 4582 si
1008 4530 1338 4601 resipiscens
1393 4551 1515 4592 sese
1570 4538 2027 4612 circumspexerit

444 4612 626 4667 anima
684 4620 922 4685 peccatis
973 4621 1286 4693 illaqueati,
1337 4643 1461 4683 cum
1510 4629 1699 4687 dolore
1744 4633 1927 4689 cordis
1956 4634 2024 4688 ad

442 4702 610 4759 Deum
644 4705 995 4775 ingemuerit.
1025 4721 1079 4767 et
1110 4714 1305 4773 mediis
1334 4719 1590 4787 precibus
1623 4737 1688 4777 ac
1711 4722 1854 4778 votis
1883 4724 2026 4779 invi-

445 4796 704 4853 sibilibus
725 4797 943 4856 Domini
978 4804 1212 4874 pedibus
1253 4810 1565 4879 adhaeserit,
1607 4814 1727 4869 intit
1754 4813 2021 4875 Dominus

439 4888 681 4958 angelis,
725 4892 1188 4959 quemadmodum
1228 4898 1295 4955 de
1345 4900 1690 4959 Sunamitide
1743 4904 2016 4963 Elisazus:

443 4976 619 5035 Sinite
647 4994 767 5035 eam
804 4984 990 5039 venire
1027 4987 1095 5040 ad
1135 5004 1243 5052 me,
1275 4998 1329 5045 et
1369 5007 1437 5047 ne
1481 4993 1747 5062 rejiciatis
1794 5011 1913 5051 eam
1947 4997 2017 5053 “.

438 5067 591 5126 Licet
641 5072 789 5128 enim
845 5076 1053 5131 nullam
1090 5080 1345 5137 virtutem
1397 5085 1693 5154 possideat,
1740 5104 1919 5160 neque
1960 5092 2019 5149 in

437 5161 640 5218 virtute
673 5165 794 5235 ejus
826 5183 956 5239 erga
979 5185 1065 5225 me
1100 5180 1311 5228 tantum
1350 5174 1565 5235 ﬁduciae
1591 5178 1663 5235 sit
1696 5197 1713 5236 :
1743 5181 2018 5238 nihilomi-

436 5269 544 5310 nus
570 5258 788 5326 quando
818 5260 965 5318 illius
995 5279 1090 5317 cor
1127 5281 1354 5336 prorsus
1393 5284 1642 5327 amarum
1668 5281 1754 5330 est
1806 5283 1865 5331 et
1897 5277 2017 5333 sine

440 5349 551 5403 ullo
576 5365 831 5423 respectu
863 5358 1005 5425 apud
1046 5374 1131 5413 me
1163 5362 1448 5430 provoluta
1479 5372 1563 5419 est
1586 5381 1716 5425 cum
1756 5368 2017 5441 lacrymis

436 5450 493 5496 et
538 5443 851 5511 aﬂlictione,
888 5448 1063 5518 ipsam
1107 5453 1324 5523 excipio
1373 5455 1658 5527 salvoque.
1705 5456 1855 5530 Opus
1882 5476 2015 5517 vero

442 5529 601 5585 nobis
648 5544 735 5590 est
762 5540 1284 5611 omnipotentissimi
1319 5553 1372 5600 et
1404 5529 1801 5617 sapientissimi
1839 5551 2015 5625 Spiri-

441 5631 528 5676 tus
555 5624 751 5690 virtus,
784 5638 837 5685 et
880 5633 1056 5701 gratia
1101 5636 1259 5692 nobis
1298 5639 1556 5697 alacriter
1612 5624 2014 5716 conquirenda.

2143 504 2254 557 τῶν
2288 505 2346 557 ὲν
2373 504 2729 571 ἐπαγγελίαις
2762 502 2983 571 ἀγαθῶν
3019 498 3404 573 βεϐαιούμεθα,
3434 500 3493 552 ἐν
3520 496 3601 569 τῷ
3635 499 3727 549 ἐπὶ

2142 594 2397 649 τοσοῦτον
2446 596 2803 666 πειράζεσθαι
2877 595 2982 648 ὐπὸ
3047 594 3155 647 τῶν
3208 592 3583 661 φιλοσάρκων,
3635 590 3728 641 καὶ

2146 686 2408 758 ῥυπαρῶν
2447 686 2739 757 δαιμόνων.
2792 686 3006 750 Εἰδότες
3056 685 3168 756 γὰρ
3197 685 3246 739 οί
3271 683 3478 756 ἐχθροὶ,
3509 683 3594 734 ὅτι
3634 697 3728 751 με·

2143 777 2285 847 γάλα
2313 777 2492 847 ἀγαθά
2518 780 2547 832 ὀ
2569 777 2772 848 Κύριος
2792 777 3157 849 ἐπηγγείλατο
3177 778 3328 848 ἡμῖν,
3344 775 3552 845 σφόδρα
3572 772 3729 842 ὀργί-

2144 869 2325 936 ζονται
2356 871 2478 924 καθ’
2508 870 2685 942 ἡμῶν,
2713 870 2809 924 καὶ
2855 870 3239 941 βασκαίνοντες
3282 867 3727 930 ἀντιτάσσονται,

2142 961 2229 1015 διὰ
2250 961 2363 1015 τῶν
2394 961 2660 1032 αἰσχρῶν,
2695 962 2790 1015 καὶ
2813 960 3160 1030 φαυλοτάτων
3209 958 3419 1021 παθῶν,
3469 957 3570 1011 καὶ
3607 956 3730 1010 λίαν

2142 1052 2482 1107 ἐκθλίϐουσιν
2533 1053 2661 1116 τοὺς
2722 1053 2857 1122 πρὸς
2915 1053 3017 1124 τὴν
3080 1050 3279 1123 ἀρετὴν
3331 1050 3729 1120 ἐπειγομένους

2141 1142 2481 1212 ἀνθρώπους.
2537 1144 2628 1196 Διὸ
2683 1142 2787 1196 κᾶν
2846 1143 3134 1214 ἐπιθυμίαι
3185 1141 3585 1213 φλεγμαίνωσι,
3636 1140 3731 1191 καὶ

2142 1236 2327 1307 ἡδοναὶ
2363 1236 2630 1308 ῥυπαραὶ,
2693 1236 2798 1290 κᾶν
2830 1238 2864 1305 ἠ
2902 1236 3038 1306 σὰρξ
3070 1234 3470 1305 ἐπεγειρομένη
3502 1233 3728 1303 σκιρτῷ

2142 1328 2246 1381 κᾶν
2280 1328 2428 1381 πᾶσα
2462 1328 2806 1394 ἐπίνοια,καῖ
2825 1327 3151 1411 κακοτεχνία
3173 1326 3454 1396 διαϐολικὴ
3485 1324 3729 1396 πειράζῃ

2140 1422 2308 1491 ἡμᾶς,
2343 1420 2523 1475 πάντα
2547 1421 2931 1493 ὑπερνικῶμεν
2962 1421 3052 1475 διὰ
3081 1420 3337 1485 πίστεως,
3370 1420 3465 1472 καὶ
3495 1417 3730 1488 ψαλμῳ-

2139 1513 2278 1579 δίας,
2334 1514 2430 1568 καὶ
2485 1512 2867 1584 ἀναγνώσεως,
2903 1514 2996 1567 καὶ⁵
3051 1511 3584 1583 ταπεινοφροσύνης.
3636 1510 3730 1562 καὶ

2139 1605 2249 1659 τῶν
2284 1605 2462 1660 ἄλλων
2511 1606 2932 1676 ἀγωνισμάτων,
2972 1606 3068 1659 καὶ
3106 1605 3246 1683 ὑπὲρ
3299 1604 3479 1658 πάντα
3503 1602 3594 1655 διὰ
3625 1602 3729 1671 τῆς

2141 1698 2482 1771 ἐπικλήσεως
2535 1698 2629 1753 τοῦ
2677 1698 2943 1771 ὀνόματος
2980 1696 3156 1770 Ἰησοῦ
3194 1696 3442 1770 ξΧριστοῦ
3472 1696 3569 1749 τοῦ
3601 1695 3725 1765 φιλο

2138 1789 2426 1863 ανθρώπου
2456 1790 2592 1844 Θεοῦ
2641 1790 2737 1844 καὶ
2791 1790 3045 1859 Σωτῆρος
3080 1788 3255 1860 ἡμῶν.
3292 1787 3368 1841 Οὐ
3410 1786 3644 1841 δυνατὸν
3668 1785 3727 1839 δὲ

2138 1881 2462 1951 κατισχύσαι
2492 1879 2650 1951 ἡμῶν
2692 1879 2820 1943 τοὺς
2874 1879 3167 1950 πολεμίους
3197 1877 3481 1949 δαίμονας,
3516 1875 3616 1930 ἐὰν
3652 1876 3728 1946 μὴ

2138 1974 2360 2044 πρῶτον
2392 1974 2556 2043 ἡμεῖς
2593 1970 2688 2025 τοῦ
2745 1971 2892 2026 θείου
2923 1972 3090 2041 φόϐου
3123 1970 3635 2041 καταφρονήσωμεν
3661 1968 3727 2021 δι’

2136 2064 2531 2134 ὀλιγοπιστίαν,
2569 2066 2665 2119 καὶ
2696 2064 3068 2136 ἀμελήσωμεν
3108 2064 3216 2119 τῶν
3248 2063 3355 2117 ὐπὸ
3380 2062 3475 2117 τοῦ
3510 2061 3727 2133 Κυρίου

2137 2157 2484 2228 ἐνταλμένων
2504 2159 2657 2229 ἡμῖν.
2686 2156 2841 2211 Είσὶν
2865 2152 2962 2211 οὖν
2993 2172 3140 2221 τινες
3168 2154 3419 2225 δαίμονες
3438 2153 3499 2207 τὸ
3516 2153 3729 2226 ἀνθρώ·

2136 2266 2292 2303 πινον
2322 2249 2646 2313 ὐποδύοντες
2707 2248 2890 2320 σῶμα,
2953 2248 3050 2302 καὶ
3110 2249 3292 2302 πᾶσαν
3338 2245 3436 2300 τοῦ
3481 2244 3726 2316 ὀργάνου

2140 2341 2403 2412 μύζοντες
2448 2341 2549 2413 τὴν
2593 2340 2826 2411 δύναμιν
2858 2381 2873 2405 ,
2919 2339 3211 2411 ἀδράνειάν
3256 2355 3319 2393 τε
3358 2337 3455 2392 καὶ
3502 2336 3731 2390 ἔκλυσιν

2137 2436 2321 2489 πᾶσαν
2350 2434 2537 2504 σχεδὸν
2564 2433 2801 2496 ἐνιόντες
2867 2434 2982 2491 τοῖς
3036 2430 3246 2503 μέλεσι,
3279 2431 3459 2486 καίτοι
3491 2430 3729 2501 μηδενὸς

2138 2526 2406 2598 παρόντος
2463 2526 2769 2597 νοσήματος
2820 2523 2853 2596 ἢ
2904 2524 3235 2597 ἀρρωστίας.
3260 2524 3438 2578 Ἀλλά
3472 2541 3537 2593 γε
3586 2522 3728 2594 πρὸς

2134 2619 2367 2683 τούτοις,
2400 2618 2496 2673 καὶ
2539 2620 2620 2683 εἱς
2679 2616 2881 2689 πολλὴν
2915 2617 3156 2689 ἀθυμίαν
3188 2616 3288 2671 καὶ
3327 2616 3551 2689 χλιαρὸν
3583 2616 3725 2687 φρό-

2136 2731 2285 2784 νημα
2342 2713 2674 2785 ἐμϐάλλουσι
2719 2711 2820 2784 τὴν
2869 2711 3071 2783 ψυχὴν,
3114 2710 3370 2777 οὕστινας
3389 2712 3725 2782 διωσάμενοι

2135 2804 2369 2878 γενναίῳ
2390 2806 2659 2878 λογισμῷ,
2713 2806 2808 2860 καὶ
2832 2804 3079 2877 νηφαλίῳ
3117 2806 3319 2876 καρδίᾳ
3339 2804 3417 2875 τῷ
3442 2805 3725 2857 παντεπὸ⁴

2135 2916 2246 2973 πτῃ
2265 2899 2384 2971 Θεῷ
2405 2900 2473 2953 δι’
2496 2900 2661 2970 εὐχῆς
2712 2897 3067 2969 κολληθῶμεν
3117 2896 3365 2966 λέγοντες
3390 2913 3405 2928 ’
3435 2915 3456 2948 ι
3500 2896 3723 2963 Ἐξελοῦ

2139 3011 2207 3065 με
2228 2994 2291 3046 ὲκ
2319 2992 2427 3046 τῶν
2463 2991 2674 3063 ἐχθρῶν
2699 3009 2824 3063 μου,
2850 2993 2880 3046 ὀ
2903 2990 3057 3055 Θεὸς,
3090 2991 3186 3045 καὶ
3209 2993 3273 3045 ἐκ
3297 2990 3406 3044 τῶν
3422 2991 3723 3044 ἐπανιστα-

2139 3086 2316 3155 μένων
2344 3085 2432 3139 ἐπ’
2465 3085 2565 3154 ἐμὲ
2614 3082 2893 3156 λύτρωσαί
2922 3100 3010 3155 με.
3042 3102 3061 3135 ι
3108 3084 3591 3155 Ἀποκατάστησον
3619 3085 3722 3154 τὴν

2132 3176 2312 3247 ψυχήν
2340 3194 2441 3247 μου
2481 3176 2589 3230 ἀπὸ
2619 3176 2723 3246 τῆς
2781 3174 3121 3249 κακουργίας
3170 3174 3375 3231 αὐτῶν.
3419 3175 3639 3245 Ὥσπερ
3663 3175 3721 3228 δέ

2131 3266 2210 3338 τῷ
2238 3266 2478 3338 Σαμψὼν
2512 3267 2831 3339 συμϐέϐηκέ
2886 3285 3017 3323 ποτε
3048 3267 3137 3322 διά
3159 3266 3473 3339 φιληδονίαν
3503 3268 3588 3331 είς
3606 3270 3720 3337 χεῖτ

2134 3376 2233 3431 ρας
2266 3360 2527 3431 ἐμπεσεῖν
2557 3360 2668 3414 τῶν
2718 3360 3052 3430 ἀλλοφύλων,
3088 3361 3185 3416 καὶ
3228 3360 3418 3415 παθεῖν
3441 3361 3629 3415 ἐκεῖνα
3650 3362 3719 3416 τά

2130 3452 2496 3524 γεγραμμένα
2525 3452 2654 3525 περὶ
2679 3453 2865 3519 αὐτοῦ,
2896 3453 3056 3507 τοῦτο
3081 3454 3179 3508 καὶ
3202 3451 3298 3507 νῦν
3322 3454 3543 3517 πάντως
3573 3454 3719 3507 κατά

2128 3543 2307 3615 ψυχὴν
2364 3545 2576 3612 γίνεται
2627 3545 2707 3617 τῷ
2755 3546 3236 3617 ἀγκιστρευομένῳ
3286 3548 3426 3610 ταίςὶ
3449 3549 3717 3616 πονηραῖς

2129 3637 2381 3707 ἡδοναῖς·
2413 3640 2480 3708 τῇ
2541 3638 2651 3710 γάρ
2703 3637 2976 3711 προσϐολῇ
3021 3638 3116 3693 τοῦ
3171 3638 3416 3709 ῥυπαροῦ
3460 3639 3718 3710 δαίμονος

2130 3728 2688 3801 ἐπακολουθησάντων
2756 3730 2868 3784 τῶν
2913 3731 3191 3801 λογισμῶν
3236 3730 3337 3785 τοῦ
3385 3731 3713 3802 ἀνθρώπου,

2130 3819 2427 3888 ἀφίσταται
2470 3821 2569 3891 μὲν
2602 3822 2636 3892 ἡ
2665 3822 2981 3894 φρουροῦσα
3024 3823 3125 3894 τὴν
3159 3822 3341 3895 ψυχὴν
3378 3822 3498 3877 θεῖα
3528 3823 3711 3894 χάρις,

2130 3911 2510 3983 ἐπιλαϐόμενοι
2537 3912 2594 3967 δὲ
2616 3912 2712 3967 τοῦ
2728 3915 3089 3987 ἀγρευθέντος
3109 3917 3158 3969 οἱ
3178 3916 3450 3986 δαίμονες,
3488 3915 3715 3987 ἐξορύτ-

2129 4021 2313 4058 τουσιν
2339 4002 2503 4059 αὐτοῦ
2560 4006 2671 4059 πᾶν
2702 4006 3038 4078 σωφρονικὸν
3072 4007 3274 4079 νόημα,
3309 4007 3713 4077 δεσμεύουσιδέ

2130 4099 2243 4159 τοῖς
2275 4095 2557 4160 δυσλύτοις
2589 4096 2699 4150 τῶν
2751 4097 3169 4169 γαργαλισμῶν,
3198 4098 3297 4153 καὶ⁷
3339 4101 3454 4161 τοῖς
3477 4100 3713 4179 αἰσχρᾶς

2130 4186 2427 4259 ἐπιθυμίας
2451 4187 2690 4259 δεσμοῖς,
2744 4190 2839 4243 καὶ
2890 4191 2973 4253 είς
3010 4191 3111 4262 τὴν
3148 4190 3325 4258 γάζαν
3375 4190 3713 4260 κατάγοντες

2128 4278 2229 4346 τῆς
2257 4278 2459 4343 κακίας
2514 4279 3029 4350 παρασκευάζουσιν
3090 4280 3311 4352 άλήθειν
3334 4276 3406 4353 τῇ
3451 4282 3714 4353 συνηθείᾳ

2128 4371 2196 4439 τῇ
2228 4372 2393 4441 κακῇ.
2426 4370 2523 4423 καὶ
2580 4370 3035 4442 ἐξυπηρετεῖσθαι
3079 4371 3159 4427 τῶ
3190 4372 3423 4443 διαϐόλῳ
3446 4374 3547 4438 τὰς
3570 4375 3713 4445 ἡμέ-

2056 4457 2101 4515 D
2130 4478 2250 4532 ρας,
2280 4462 2374 4516 καὶ
2402 4461 2502 4526 τάς
2521 4461 2723 4528 νύκτας
2752 4464 2898 4529 ὅλας.

2212 4551 2337 4606 Ἔάν
2359 4551 2417 4606 δὲ
2445 4552 2649 4625 δυνηθῇ
2680 4555 2761 4619 είς
2776 4555 2975 4627 ἑαυτὴν
2996 4556 3277 4630 ἐλθοῦσαὴ
3298 4557 3444 4629 ψυχὴ
3464 4557 3561 4611 τοῦ
3590 4560 3712 4621 ταῖς

2126 4643 2426 4715 ἁμαρτίαις
2464 4645 2884 4715 παγιδευθέντος
2951 4650 3201 4717 στενάξαι
3251 4650 3390 4721 πρὸς
3420 4649 3554 4702 Θεὸν
3591 4651 3713 4719 μετ’

2124 4734 2319 4805 ὀδύνης
2370 4736 2620 4808 καρδίας,
2680 4738 2778 4793 καὶ
2838 4740 3247 4811 περιπλακῆναι
3278 4741 3346 4795 δι’
3382 4742 3570 4812 εὐχῆς,
3612 4742 3707 4794 καὶ

2127 4829 2337 4895 ἱκεσίας
2393 4832 2507 4893 τοῖς
2556 4830 2813 4903 ἀοράτοις
2839 4833 2935 4885 τοῦ
2970 4834 3245 4887 Δεσπότου
3301 4835 3431 4888 ποσὶ
3460 4835 3633 4894 λέγει,
3670 4828 3701 4881 ὁ

2124 4920 2329 4992 Κύριος
2368 4924 2482 4987 τοῖς
2520 4923 2797 4993 ἀγγέλοις,
2833 4924 3022 4999 ῶσπερ
3050 4928 3079 4981 ὀ
3111 4922 3411 4981 Ἐλισσαῖος
3437 4919 3568 4990 περὶ
3604 4918 3707 4990 τῆς

2120 5013 2487 5085 Σωμανίτιδος
2510 5031 2526 5047 ο
2562 5017 2765 5085 Ἀφετε
2807 5018 2978 5081 αὐτὴν
3015 5011 3297 5081 προσιέναι
3340 5027 3455 5081 μοι,
3499 5012 3597 5065 καὶ
3630 5012 3707 5082 μὴ

2118 5105 2412 5159 ἀπόσεισθε
2444 5104 2636 5177 αὐτήν,
2674 5105 2791 5154 Κᾶν
2823 5100 2937 5173 γὰρ
2974 5101 3245 5173 μηδεμίαν
3287 5101 3555 5174 κέκτηται
3586 5104 3709 5175 ἀρε-

2116 5194 2237 5263 τὴν,
2274 5197 2370 5249 καὶ
2401 5191 2714 5265 παρρησίαν
2745 5193 2883 5264 πρός
2912 5210 3001 5265 με,
3036 5195 3172 5250 ἀλλά
3201 5213 3264 5265 γε
3292 5195 3381 5250 διά
3405 5195 3467 5250 τὸ
3501 5198 3688 5251 κατώ-

2122 5287 2280 5341 δυνον
2308 5281 2449 5339 εῖναι
2495 5286 2663 5356 αὐτῆς
2717 5285 2817 5357 τὴν
2845 5286 3093 5358 καρδίαν,
3133 5287 3230 5342 καὶ
3272 5288 3507 5349 ἀναιδῶς
3534 5306 3705 5360 προσ-

2124 5376 2489 5433 κυλινδεῖσθαι
2543 5394 2635 5449 μοι
2706 5378 2845 5449 μετά
2906 5379 3202 5451 δακρύων,
3268 5381 3362 5435 καλ⁸
3426 5381 3696 5451 θλίψεως.

2122 5470 2513 5542 προσδέχομαι,
2555 5469 2650 5523 καὶ
2692 5468 2868 5536 σώζω.
2914 5471 3091 5542 Χρεία
3117 5471 3176 5527 δὲ
3214 5474 3348 5543 ἡμῖν
3381 5472 3474 5525 τοῦ
3506 5489 3705 5526 παντο-

2119 5560 2381 5633 δυνάμου,
2404 5562 2501 5617 καὶ
2527 5563 2807 5633 πανσόφου
2838 5562 2979 5618 Πνεύ
2988 5581 3177 5636 ματος,
3201 5564 3490 5635 δυνάμεώς
3513 5583 3576 5619 τε
3606 5567 3701 5619 καὶ

2127 5652 2372 5724 χάριτος,
2405 5653 2551 5726 άπερ
2577 5656 2758 5721 ζητεῖν
2785 5654 3035 5728 εὐθύμως
3059 5657 3365 5727 ὀφείλομεν.
3400 5655 3560 5713 Οὕτω
3592 5658 3698 5729 γὰρ

510 5737 559 5768 ⁸³
588 5736 733 5794 Psal.
771 5759 923 5812 Lvm,
956 5746 1008 5801 4.
1085 5750 1132 5783 ⁸⁸
1160 5750 1340 5811 Judic.
1372 5774 1484 5825 xu,
1520 5763 1748 5829 passim.
1826 5765 1870 5797 ⁸³
1901 5767 1963 5821 ιγ
2006 5766 2145 5840 Reg.
2191 5785 2267 5833 tv,
2296 5768 2387 5825 57.
