3888 6040
158 259 269 326 261

1382 267 1918 330 EPISTOLARUM
1959 270 2105 331 LIB.
2145 272 2230 333 II.

3325 280 3434 346 262

157 380 230 432 ἂν
255 375 318 431 τδ
339 375 437 448 μὲν
457 376 608 442 τόξον
629 375 736 432 τῶν
753 375 996 433 δυνατῶν
1018 382 1084 453 τῇ
1102 382 1271 454 κακίᾳ
1289 381 1560 453 δαιμόνων
1577 383 1740 438 ἀσθε-

1846 381 1956 438 llac
1993 383 2264 456 siquidem
2313 387 2528 444 ratione
2573 379 2989 460 generosarum,
3025 405 3090 446 ac
3122 395 3427 462 potentium

160 471 322 541 νήπι
377 467 844 534 κατατοξευόντων
879 472 1028 543 ἡμᾶς
1075 475 1188 539 τοῖς
1245 475 1344 544 τῆς
1398 475 1744 547 ἡδυπαθείας

158 563 482 632 λογισμοῖς,
525 561 717 636 ὥσπερ
764 565 878 617 τισὶ
934 566 1356 636 πεπυρωμένοις
1413 567 1660 638 βέλεσιν·
1695 568 1745 621 οί

157 653 219 708 δὲ
261 655 326 709 τὸ
355 655 486 727 πρὶν
535 654 896 727 ἡσθενηκότες
929 659 1144 725 πιστοὶ,
1204 657 1431 730 ὕστερον
1496 659 1747 731 μεγάλως

160 745 710 816 ὲνδυναμωθήσονται
752 747 832 810 είς
860 746 959 817 τὴν
1006 747 1116 802 τῶν
1154 749 1412 804 ἐναντίων
1444 750 1742 820 ἀναίρεσιν.

159 833 278 887 Καὶ
294 833 453 888 τοῦτο
501 833 611 906 ἄρα
639 836 808 900 ἔστιν,
840 837 979 909 ὅπερ
1015 839 1440 910 προφητεύουσα
1472 842 1505 912 ή
1543 858 1738 895 πιστο-

158 927 302 998 τάτη
367 929 550 1001 μήτηρ
607 927 703 983 τοῦ
757 923 1012 1003 Σαμουὴλ
1062 932 1247 1002 ἔλεγε,
1292 934 1458 1000 Τόξον
1499 934 1746 990 δυνατῶν

159 1019 452 1092 ἠσθένησε,
471 1021 567 1075 καὶ
589 1024 636 1076 οί
665 1023 1022 1088 ἀσθενοῦντες
1055 1025 1462 1097 περιεζώσαντο
1489 1026 1748 1098 δύναμιν.’

159 1112 375 1176 Σκοπὸς
400 1112 480 1183 τῷ
524 1113 878 1187 δημιουργῷ,
923 1116 1021 1171 καὶ
1068 1117 1348 1190 ζωγράφῳ
1390 1119 1490 1190 τῆς
1542 1121 1744 1185 κακίας

157 1203 396 1274 δαίμονι.
423 1206 502 1269 εἰς
530 1205 755 1276 βαρεῖαν
792 1207 883 1262 καὶ
910 1209 1343 1280 ἀπαραμύθητον
1364 1210 1542 1279 λύπην
1566 1212 1742 1284 ἐμϐα-

158 1297 277 1351 λεῖν
318 1299 550 1352 ἕκαστον
600 1300 886 1372 ἄνθρωπον
907 1343 920 1364 .
969 1305 1064 1358 καὶ
1124 1305 1434 1376 ἀποστῆσαι
1483 1309 1739 1374 πίστεως,

155 1392 378 1458 ἐλπίδος
398 1394 493 1447 καὶ
518 1394 620 1463 τῆς
643 1393 791 1458 θείας
818 1395 1058 1467 ἀγάπης,
1083 1395 1364 1469 ἆπερὲστὶ
1399 1399 1741 1471 καιριώτερά

154 1503 213 1538 τε
264 1485 364 1539 καί⁵
407 1485 673 1560 κράτιστα
721 1487 821 1558 τῆς
877 1487 958 1552 είς
1001 1490 1235 1560 Χριστὸν
1287 1490 1587 1556 εὐσεϐείας.
1643 1494 1742 1549 Διά

152 1575 315 1629 τοῦτο
343 1576 438 1630 καί
463 1595 617 1642 τινας
641 1578 752 1633 τῶν
789 1580 998 1634 πιστῶν
1031 1582 1442 1653 παρασκευάζει
1479 1584 1743 1649 πολλάκις

154 1667 242 1720 διὰ
292 1667 398 1740 τῆς
452 1669 760 1740 κτηνώδους
798 1677 1089 1745 κινήσεως,
1125 1669 1239 1729 ¹καῖ
1283 1677 1374 1729 ἐπὶ
1423 1677 1589 1731 αὑτοῦ
1641 1675 1736 1730 τοῦ

152 1755 317 1828 ἁγίου
348 1761 500 1814 οίκου
529 1761 672 1833 ῥέειν
693 1762 877 1835 γονὴν,
905 1765 1052 1830 ὅπως
1073 1764 1170 1836 τὴν
1199 1765 1378 1837 ψυχὴν
1411 1767 1506 1821 τοῦ
1525 1767 1736 1822 παθόν-

151 1869 242 1917 τος
260 1853 465 1926 ὲνέγκῃ
491 1855 566 1916 είς
585 1856 952 1928 ἀπελπισμὸν,
985 1857 1080 1911 καὶ
1099 1857 1358 1928 ἀθυμίαν,
1387 1862 1480 1915 καὶ
1505 1861 1718 1914 τελείαν

151 1945 488 2015 ἀπόγνωσιν.
523 1949 693 2004 Ὅταν
724 1950 833 2022 γὰρ
865 1949 944 2021 τῷ
968 1952 1165 2023 χρόνῳ,
1199 1954 1296 2007 καὶ
1315 1954 1389 2026 τῷ
1415 1953 1561 2026 ἔργῳ
1599 1971 1738 2027 προ-

150 2034 298 2109 κόψῃ
338 2054 440 2100 τις,
472 2037 592 2092 τότε
620 2039 670 2093 οί
725 2040 973 2111 πολέμιοι
1029 2042 1138 2096 τῶν
1187 2044 1466 2116 σαρκικῶν
1514 2045 1736 2116 ἡδονῶν,

153 2127 246 2180 καὶ⁹
270 2128 584 2201 ἐπιθυμιῶν
610 2130 932 2200 ὲπαφίενται
956 2133 1106 2204 αὐτῷ
1139 2135 1279 2206 πρὸς
1300 2137 1605 2206 γυμνάσιον
1637 2137 1739 2191 αύ-

149 2219 269 2283 τοῦ,
302 2222 402 2274 καὶ
425 2223 688 2295 δοκίμιον.
732 2221 867 2280 Εἶτα
911 2227 1274 2299 λυπούμενος,
1329 2231 1422 2283 καὶ
1475 2247 1740 2302 στενοχω-

154 2311 422 2382 ρούμενος
475 2313 845 2383 ἀναγκάζεται
890 2316 1078 2372 λοιπὸν
1139 2319 1572 2386 ταπεινοῦσθαι,
1641 2323 1739 2375 καὶ

151 2401 395 2467 πενθεῖν,
413 2403 508 2457 καὶ
519 2405 711 2459 ἑαυτὸν
727 2406 885 2476 μόνον
902 2409 1272 2480 κατακρίνειν,
1291 2412 1385 2465 καὶ
1403 2413 1739 2482 μέμφεσθαι.

151 2490 262 2542 Καὶ
279 2491 454 2555 οὕτως
466 2493 552 2548 διὰ
574 2495 682 2548 τῶν
702 2499 1024 2570 πειρασμῶν
1041 2499 1246 2578 τούτων
1280 2503 1635 2574 δοκιμασθεὶς
1652 2506 1743 2578 ερ-

149 2599 309 2652 χεται
332 2585 467 2656 πρὸς
487 2585 586 2656 τὴν
601 2588 788 2642 πασῶν
803 2589 911 2644 τῶν
941 2576 1153 2664 ἀρετῶν
1179 2596 1516 2668 ὑψηλοτέραν
1531 2576 1743 2670 διάκρι-

155 2691 262 2728 σιν.
294 2673 477 2746 Ἀπερ
498 2671 591 2731 οῦν
607 2678 801 2733 πολλοὶ
818 2680 893 2754 μὴ
910 2687 1416 2756 προπαιδευθεῇτες,
1464 2693 1598 2763 μηδὲ
1614 2691 1745 2746 ταύ-

151 2783 246 2838 την
266 2769 628 2840 κτησάμενοι,
651 2772 799 2838 τινὲς
825 2776 924 2846 μὲν
941 2778 1125 2833 αύτῶν
1163 2780 1521 2849 ξενισθέντες,
1543 2787 1639 2840 καὶ
1655 2786 1745 2840 θο-

153 2857 488 2949 ρυᾶηθέντες
513 2861 606 2916 τὸν
646 2863 772 2918 νοῦν
792 2867 850 2934 ἐξ
876 2869 1224 2940 ἀπροσεξίας,
1251 2874 1346 2928 καὶ
1377 2876 1740 2949 ἀδιακρισίας,

152 2947 386 3047 sancio;
424 2950 665 3021 ἔσφαξαν
701 2957 971 3047 μαχαίρᾳ,
1011 2961 1158 3026 τινὲς
1183 2962 1242 3016 δὲ
1279 2947 1743 3047 κατεκρήμνησαν

152 3039 386 3130 εαυτοὺς
415 3045 675 3117 ἀφορήτῳ
704 3046 871 3121 λύπῃ,
899 3052 995 3106 καὶ
1025 3055 1334 3123 ἀπογνώσει
1360 3039 1734 3130 συσχεθέντες,

152 3129 336 3200 ἕτεροι
362 3130 420 3186 δὲ
445 3135 512 3188 τὰ
542 3138 856 3208 γεννητικά
876 3141 1042 3214 μόρια
1070 3144 1358 3215 κόψαντες,
1387 3129 1738 3222 καὶίαύτοφο-

150 3226 342 3278 νευταὶ
377 3226 585 3282 ἑαυτῶν
609 3232 676 3302 τῇ
716 3233 1035 3305 προαιρέσει
1064 3239 1350 3306 γεγονότες
1386 3244 1434 3296 οἱ
1478 3243 1734 3310 τάλανες,

151 3317 440 3410 ῦπὲπεσαν
465 3323 532 3392 τῇ
579 3321 912 3399 ἀποστολικῇ
967 3330 1081 3400 ἀρᾷ
1136 3331 1235 3384 καὶ
1282 3335 1569 3409 κωμῳδίᾳ,
1610 3339 1742 3410 περὶ

151 3403 227 3463 ὧν
261 3428 460 3482 φησιν’
495 3415 728 3484 Ὄφελον
755 3418 850 3472 καὶ
879 3422 1248 3492 ἀποκόψονται
1279 3428 1330 3480 oi
1373 3403 1741 3484 ἀναστατοῦν-

149 3517 242 3565 τες
273 3503 444 3574 ὑμᾶς.
471 3507 657 3562 ¹Ἄλλοι
677 3509 734 3562 δὲ
757 3511 854 3564 καὶ
882 3511 1076 3568 ἔλαϐον
1107 3519 1589 3590 συναρπασθέντες
1633 3522 1741 3576 ὑπὸ

151 3592 245 3645 τοῦ
277 3593 519 3661 Σατανᾶ,
561 3598 657 3652 καὶ
679 3593 827 3654 οὗτοι
864 3601 1164 3659 ὑπεύθυνοι
1197 3607 1484 3676 γεγονότες
1511 3613 1577 3680 τῇ
1605 3627 1742 3677 προ·

154 3686 363 3756 φητικῇ
411 3688 684 3757 ἀποφάσει
742 3689 974 3766 λεγούσῃ
1001 3711 1020 3728 ο
1069 3698 1250 3762 (Τοὺς
1293 3698 1351 3751 δὲ
1391 3700 1745 3766 ὲκκλίνοντας

153 3777 230 3839 εἰς
266 3776 371 3842 τὰς
403 3781 778 3852 πραγγαλιάς
820 3786 1020 3854 ἀπάξει
1045 3789 1250 3862 Κύριος
1275 3793 1416 3862 μετά
1443 3792 1552 3848 τῶν
1573 3796 1743 3866 ἐργα-

155 3866 403 3940 ζομένων
430 3873 532 3944 τὴν
554 3876 806 3947 ἀνομίαν.
847 3898 868 3932 ι
888 3879 946 3933 Ὀ
974 3878 1154 3935 τοίνυν
1180 3882 1259 3954 τῷ
1284 3885 1509 3957 τοιούτῳ
1527 3886 1743 3958 δαίμονι

154 3963 735 4041 ἀντιστρατευόμενος,
766 3972 865 4026 καὶ
897 3975 1286 4046 ἀντιπράττων
1317 3977 1564 4048 δηλονότι
1603 3980 1739 4052 πρὸς

153 4053 242 4108 τὸν
263 4055 485 4127 δολερὸν
515 4061 718 4116 σκοπὸν
743 4063 1122 4137 ἁρμοζόμενος
1151 4071 1217 4140 τῇ
1239 4069 1486 4144 ὑπομονῇ
1519 4074 1740 4145 χρᾶται,

156 4148 249 4200 καὶ
285 4151 354 4220 τῇ
403 4153 778 4227 μακροθυμίᾳ,
842 4158 939 4211 καὶ
968 4157 1038 4212 δι’
1088 4159 1278 4232 εὐχῆς,
1340 4163 1438 4216 καὶ
1488 4165 1745 4235 νηστείας

158 4240 462 4308 ἀνενδότου,
519 4247 616 4300 καὶ
682 4249 942 4316 πίστεως,
984 4253 1082 4306 καὶ
1119 4253 1358 4322 ἐλπίδος,
1395 4258 1490 4311 καὶ
1532 4259 1744 4325 τελείας

158 4334 255 4405 τῆς
298 4337 436 4408 πρὸς
474 4339 606 4393 Θεὸν
675 4342 900 4414 ἀγάπης
965 4346 1433 4418 καταπολεμήσει,
1471 4353 1566 4404 καὶ
1609 4368 1744 4406 κατι

1848 475 2054 530 malitia
2093 474 2426 542 daemonum,
2463 487 2520 535 et
2569 481 2815 536 mollitiei
2849 481 3297 554 cogitationibus,
3333 502 3431 542 ve-

1847 566 1944 622 luti
1974 568 2304 639 quibusdam
2337 571 2526 642 ignitis
2545 572 2867 641 jaculisnos
2893 576 3193 645 petentittm
3218 579 3431 648 sagitta:

1845 667 2198 730 torpescent;
2236 663 2426 720 fideles
2457 680 2586 720 vero
2626 667 2859 721 antehac
2889 667 3232 734 vacillantes,
3265 678 3430 739 atque

1844 753 2059 810 remissi
2091 756 2444 825 postmodum
2493 759 2866 830 maximopere
2899 761 2952 816 in
2983 761 3222 816 hostium
3255 763 3430 818 inter-

1854 843 2144 899 necionem
2197 845 2552 901 invalescent.
2586 847 2653 902 Et
2688 848 2791 903 hoc
2839 859 2941 915 est,
2986 851 3129 919 quod
3167 849 3428 905 fidissima

1847 934 2120 994 Samuelis
2151 952 2328 992 mater
2355 938 2544 993 divino
2592 939 2827 996 Numine
2865 941 3049 996 afllata
3099 945 3432 1013 praenuntia-

1843 1029 1978 1085 bat:
2008 1029 2221 1101 Sagitta
2269 1032 2624 1087 robustorum
2677 1034 2948 1089 infirmata
2983 1045 3086 1101 est,
3120 1046 3174 1090 et
3203 1036 3425 1090 invalidi

1841 1122 2056 1178 viribus
2091 1138 2212 1178 sese
2236 1125 2597 1179 accinxerunt
2623 1124 2690 1179 “.
2727 1126 2952 1181 Auctori
2981 1129 3286 1198 pietorique
3310 1143 3426 1182 ma-

1843 1212 1974 1268 litiae
2002 1213 2235 1269 dtrmoni
2284 1230 2486 1285 scopus
2521 1225 2625 1278 est.
2676 1216 2731 1270 in
2763 1233 2980 1288 gravem
3011 1228 3174 1290 atque
3223 1220 3428 1275 insola-

1844 1304 2005 1361 bilem
2038 1320 2329 1362 maerorem
2352 1307 2604 1364 homines
2637 1308 2916 1374 inducere,
2950 1317 3004 1364 et
3047 1327 3072 1363 a
3103 1311 3225 1374 fide,
3255 1327 3349 1382 spe
3371 1318 3426 1367 et

1841 1397 2112 1455 charitate
2142 1398 2349 1464 divina,
2372 1415 2493 1470 qme
2525 1401 3094 1457 accommodatissima
3123 1413 3176 1458 et
3207 1405 3426 1475 potissi-

1840 1504 1930 1544 ma
1961 1498 2091 1545 sunt
2112 1491 2320 1545 cultum
2352 1507 2479 1561 erga
2507 1491 2792 1546 Christum
2827 1508 3048 1547 servare
3073 1494 3422 1561 incolumem,

1840 1595 2003 1650 quam
2037 1581 2360 1654 longissime
2415 1598 2719 1638 removere.
2775 1582 3073 1654 Pr0pterea
3128 1588 3425 1641 nonnullos

1842 1671 2082 1736 fidelium
2138 1687 2284 1743 saepe
2345 1673 2546 1743 sazpius
2581 1675 2825 1729 motione
2881 1675 3124 1730 belluina
3172 1677 3226 1731 in
3283 1679 3422 1748 ipsis

1840 1763 2002 1817 etiam
2026 1765 2399 1820 sacrosanctis
2429 1765 2638 1820 aedibus
2665 1781 2853 1821 semen
2897 1767 3231 1836 profundere
3254 1771 3421 1840 cogit,

1841 1863 1901 1909 ut
1929 1857 2168 1912 animam
2201 1857 2299 1911 tali
2341 1857 2463 1912 labe
2495 1857 2931 1914 contaminatam
2974 1860 3028 1913 in
3056 1860 3420 1918 defectionem
3483 1933 3487 1936 ι

1840 1950 2126 2022 suiipsius,
2151 1959 2206 2008 et
2231 1951 2678 2022 desperationem
2711 1960 2958 2007 exactam
2989 1954 3230 2011 inducat.

1910 2042 2047 2098 Cum
2083 2044 2228 2098 enim
2260 2060 2556 2116 progressu
2599 2049 2886 2118 temporis,
2928 2059 2981 2104 et
3014 2050 3179 2105 rebus
3209 2053 3425 2123 egregie

1849 2136 2022 2208 gestis
2046 2136 2322 2207 quispiam
2356 2154 2680 2209 progressus
2716 2139 2925 2206 fecerit,
2967 2140 3124 2212 182
3153 2150 3265 2197 tum
3299 2160 3422 2198 car-

1841 2229 2049 2284 nalium
2103 2229 2488 2300 voluptatum,
2539 2240 2594 2286 et
2657 2231 3056 2288 desideriorum
3108 2235 3298 2290 hostes
3354 2231 3454 2292 ad”

1843 2321 2020 2392 ipsius
2052 2321 2426 2378 rudimentum
2459 2332 2625 2393 atque
2667 2325 3088 2396 probationem,
3143 2328 3296 2382 liberi
3339 2345 3428 2383 τεο

1843 2415 2121 2470 laxantur.
2160 2413 2514 2472 Postmodum
2554 2418 2887 2490 aegritudine
2916 2428 3235 2475 contractus
3261 2432 3428 2490 atque

1843 2502 1898 2557 in
1931 2504 2215 2574 angustias
2235 2509 2577 2576 compulsus,
2613 2507 2873 2578 deinceps
2898 2525 3021 2565 sese
3053 2510 3105 2564 in
3139 2511 3424 2565 humilita-

1841 2601 1950 2649 tem
1980 2597 2322 2661 submittere,
2358 2599 2414 2652 in
2450 2615 2740 2655 mmrorem
2767 2601 2951 2671 dejici,
2985 2610 3040 2658 et
3065 2606 3421 2674 semetipsum

1844 2688 2194 2746 solummodo
2236 2693 2608 2749 condemnare
2655 2703 2710 2749 et
2771 2710 3036 2752 accusare
3087 2699 3324 2770 cogitur.
3361 2699 3427 2754 Et

1844 2783 1924 2836 sic
1963 2783 2158 2840 mediis
2191 2783 2343 2840 hisce
2373 2786 2758 2841 vexationibus
2791 2789 3076 2857 probatus,
3113 2791 3179 2845 ad
3211 2791 3423 2848 discre-

1843 2876 2047 2930 tionem
2081 2876 2380 2931 virtutibus
2431 2877 2692 2932 omnibus
2738 2881 3098 2936 excelsiorem
3150 2883 3422 2953 pervolat.

1844 2971 2054 3036 Quibus
2092 2985 2218 3025 cum
2273 2972 2522 3043 plerique
2563 2973 2936 3044 prminstructi
2992 2991 3101 3029 non
3167 2975 3424 3042 fuissent,

1766 3100 1812 3160 Ο
1846 3079 2022 3134 neque
2049 3063 2196 3117 illam
2229 3065 2628 3134 possedissent,
2670 3065 2866 3136 partim
2912 3067 3155 3122 novitate
3189 3069 3267 3122 rei
3297 3085 3425 3138 per-

1841 3155 2068 3221 turbati,
2097 3155 2402 3226 incertique
2437 3156 2506 3213 de
2539 3158 2800 3214 omnibus
2848 3159 3046 3214 redditi
3079 3176 3144 3214 ex
3182 3161 3415 3230 segnitie

1839 3253 1894 3301 et
1930 3245 2327 3315 disceptatione
2373 3261 2481 3301 non
2525 3247 2770 3316 iudicata
2798 3287 2813 3310 ,
2879 3248 3029 3303 ferro
3087 3249 3190 3305 sibi
3245 3250 3420 3306 fatum

1843 3335 2208 3403 accersivere;
2247 3338 2445 3407 partim
2473 3339 2781 3409 praecipites
2835 3353 2898 3394 se
2940 3339 3232 3406 dederunt,
3292 3358 3428 3397 mue-

1842 3444 1966 3484 rore
1996 3428 2358 3495 intolerando,
2391 3439 2446 3484 et
2471 3430 2858 3500 desperatione
2901 3434 3190 3502 Oppressi;
3225 3436 3425 3503 partim

1843 3519 2103 3575 membris
2131 3522 2459 3590 genitalibus
2494 3523 2744 3590 abrasis,
2792 3534 2846 3579 et
2883 3533 3113 3580 mortem
3177 3527 3429 3581 sibimet-

1841 3612 1975 3682 ipsis
2027 3611 2392 3666 voluntariam
2447 3613 2757 3683 irmganles
2825 3615 3034 3682 miseri,
3089 3631 3212 3671 sese
3251 3619 3428 3673 male-

1843 3705 2068 3761 dictioni
2101 3707 2418 3776 apostolica:
2437 3715 2491 3761 et
2533 3707 2739 3761 derisui
2773 3708 2985 3762 comico
3021 3708 3331 3778 subiecere,
3359 3711 3429 3766 de

1843 3799 2042 3868 quibus
2071 3799 2146 3854 ait
2176 3816 2189 3853 :
2227 3796 2448 3852 Utinam
2469 3807 2523 3854 et
2545 3799 2961 3868 abscindantur,
2993 3801 3087 3871 qui
3113 3802 3428 3873 inquietant

1842 3906 1975 3958 vos;
2013 3892 2212 3962 partim
2259 3892 2588 3946 mulieribus
2641 3893 2943 3962 innupsere
2976 3909 3007 3949 a
3064 3894 3267 3949 Satana
3301 3912 3430 3951 cor-

1843 3984 2006 4054 repti,
2037 3991 2092 4039 et
2122 3983 2178 4038 lti
2206 3999 2427 4054 quoque
2459 3985 2685 4038 obnoxii
2738 3985 2869 4038 facti
2917 3985 3140 4041 decreto
3189 3988 3430 4057 prophe-

1845 4075 1954 4130 tico
1978 4073 2186 4129 dicenti
2220 4093 2234 4129 :
2273 4093 2292 4126 ι
2335 4075 2680 4130 Deelinantes
2715 4075 2769 4129 in
2801 4075 3167 4146 obligationes
3191 4078 3429 4134 adducet

1846 4165 2111 4222 Dominus
2159 4181 2284 4221 cum
2356 4167 2720 4238 operantibus
2797 4168 3115 4238 iniquitates
3153 4171 3220 4224 ⁸⁷.
3264 4190 3283 4222 ι
3323 4171 3428 4238 Qui

1846 4275 1979 4316 vero
2004 4259 2171 4316 simili
2203 4260 2437 4314 dazmoni
2460 4259 2797 4327 obluctatur,
2840 4261 3132 4332 obstatque
3160 4263 3307 4319 illius
3329 4281 3429 4319 au-

1847 4353 2023 4410 dacia:
2055 4364 2110 4410 et
2150 4352 2436 4424 proposito
2464 4352 2751 4418 insidioso,
2805 4354 3098 4410 tolerantia
3147 4357 3342 4418 utitur.
3378 4369 3432 4414 et

158 4428 514 4496 αγωνίσεται,
551 4432 646 4485 καὶ
680 4435 897 4506 κινήσει
929 4436 1147 4502 πάντως
1171 4439 1265 4492 τὸν
1287 4441 1531 4514 ῥυπαρὸν
1552 4442 1742 4499 τοῦτον

1850 4448 2287 4520 longanimitate,
2342 4455 2396 4501 et
2447 4448 2728 4517 precibus,
2761 4457 2837 4503 -ει
2877 4447 3104 4518 jejuniis
3150 4466 3431 4520 nunquam

158 4518 252 4570 καὶ
282 4520 596 4593 ἀκάθαρτον
623 4524 858 4597 δαίμονα
885 4531 952 4600 τῇ
979 4529 1202 4602 βοηθείᾳ
1231 4531 1326 4586 τοῦ
1351 4534 1559 4606 Κυρίου
1583 4536 1744 4607 ήμῶν

170 4607 346 4678 Ἰησοῦ
411 4612 674 4684 Χριστοῦ.
726 4617 913 4690 Ἀρκεῖ
941 4619 1050 4691 γὰρ
1103 4622 1240 4691 ἡμῖν
1301 4622 1437 4694 πρὸς
1468 4623 1572 4689 τὴν
1623 4627 1745 4679 κατ’

161 4697 374 4784 ἱγθρῶν
418 4703 634 4776 ἄμυναν
679 4707 742 4760 τὸ
768 4709 941 4780 ὄνομα
972 4713 1148 4782 Ἰησοῦ
1190 4714 1429 4784 Χριστοῦ
1456 4715 1553 4769 τοῦ
1605 4734 1746 4771 παν-

165 4777 386 4875 ’ξψξστνι
423 4791 582 4848 Θεοῦ.
616 4794 825 4866 Πολλῆς
850 4777 907 4851 δὲ
944 4777 1076 4870 ἡμίν
1121 4777 1260 4873 πρὸς
1292 4802 1386 4856 τὸν
1420 4801 1557 4857 Θεὸν
1585 4804 1746 4875 χρεία

165 4868 422 4968 δεήξτεαζς.
453 4875 541 4968 ἕνα
569 4886 643 4948 μὴ
666 4868 996 4968 εκπέσωμεν
1014 4892 1114 4961 τῆς
1133 4868 1358 4966 ἀρετῆς.
1387 4896 1508 4950 Ὅτι
1654 4897 1750 4951 δυ-

175 4958 328 5056 βαῖδν
354 4960 420 5056 ἐξ
449 4959 796 5056 δικῇιοσύνηε
829 4983 911 5033 εις
941 4982 1220 5055 ἁμαρτίαν
1260 4991 1614 5056 μεταπεσεῖν,
1655 4989 1752 5042 καὶ

170 5047 422 5149 ἀπίξι-τοῦ
477 5051 684 5149 πάθους
731 5057 813 5149 είς
839 5056 899 5109 τὸ
923 5047 1172 5127 ἐμπάοες
1220 5047 1748 5149 μεταμορφωθῆναι,

171 5137 365 5232 κράζει
403 5141 540 5210 πρὸς
567 5143 661 5197 τὸν
689 5143 894 5217 Κύριον
915 5149 948 5217 ὴ
981 5154 1289 5223 προφητεία
1312 5171 1328 5184 ο
1367 5137 1386 5207 ὲ
1426 5137 1753 5232 ’Ἐγενόμεθα

171 5228 317 5327 ῶςτδ
345 5234 650 5327 ἀπ’ἀρχῆς,
681 5237 770 5291 ὅτε
795 5239 896 5293 οὐκ
917 5235 1095 5311 ἦρξας
1120 5246 1154 5316 ἡ
1162 5246 1301 5314 μῶν,
1328 5249 1448 5304 οὐδὲ
1471 5228 1750 5327 ἐπεκλήθη

171 5321 231 5373 τὸ
243 5323 416 5394 ὄνομά
447 5343 538 5380 σου
572 5329 657 5397 ἐφ’
680 5331 850 5401 ἡμᾶς,
879 5351 899 5384 ι
928 5335 1023 5389 καί
1044 5337 1215 5406 ἐσμεν
1241 5339 1571 5414 ἀκάθαρτοι.
1603 5321 1749 5401 ’Δλιλί

173 5414 404 5488 ἐγχωρεῖ
431 5420 525 5472 καὶ
569 5421 709 5491 μετά
737 5423 836 5496 τὴν
869 5418 1290 5500 συμϐεϐηκυῖαν
1336 5434 1546 5490 πτῶσιν
1584 5439 1750 5495 πάλιν

174 5511 352 5578 τυχεῖν
379 5509 468 5566 διὰ
496 5512 598 5584 τῆς
634 5517 923 5585 μετανοίας
951 5519 1053 5590 τῆς
1075 5523 1134 5575 ὲν
1171 5525 1236 5592 τῇ
1271 5527 1416 5599 ἀρχῇ
1451 5529 1744 5600 ἀπαθείας,

249 5684 293 5712 ⁸⁸
324 5681 492 5756 ιῐιρε.
522 5701 583 5753 ιι,
633 5689 677 5742 ι.
756 5690 799 5722 ⁸⁷
831 5691 974 5748 Psal.
1007 5710 1190 5766 cxxtv,

1852 4540 2220 4603 cessantibus,
2250 4547 2306 4595 et
2343 4539 2466 4605 fide,
2491 4549 2544 4594 et
2582 4555 2701 4610 Spe.
2734 4547 2792 4594 et
2821 4540 3076 4595 absoluto
3099 4557 3227 4612 erga
3264 4543 3432 4598 Deum

1851 4646 2037 4687 amore
2088 4631 2416 4704 profligabit,
2443 4646 2506 4686 ac
2528 4638 2856 4700 prosternet,
2874 4640 2928 4686 et
2955 4631 3246 4687 debellabit
3277 4649 3436 4704 pror-

1853 4737 1949 4779 sus
2012 4723 2159 4778 ltunc
2213 4721 2522 4784 sordidmn,
2575 4731 2740 4792 atque
2793 4723 3068 4793 impurum
3134 4725 3435 4780 dzemonem

1848 4812 2076 4867 Domini
2099 4813 2275 4868 nostri
2306 4811 2435 4867 Jesu
2459 4812 2662 4868 Christi
2681 4813 2978 4882 adiutorio.
3008 4813 3255 4884 Namque
3299 4818 3436 4871 satis

1851 4904 2016 4959 nobis
2063 4919 2338 4974 superque
2391 4915 2476 4959 est
2525 4905 2590 4957 ad
2654 4904 3010 4974 proterendos
3069 4905 3255 4961 hostes
3305 4905 3435 4962 Jesu

1845 4993 2062 5050 Christi
2090 4993 2183 5048 Dei
2213 4995 2578 5050 excelsissimi
2610 5010 2830 5048 nomen.
2869 4994 3150 5065 Frequens
3189 5011 3316 5051 vero
3343 4998 3437 5051 de-

1828 5115 1829 5118 η
1857 5085 2101 5157 precatio
2129 5084 2198 5140 ad
2228 5083 2398 5141 Deum
2432 5086 2593 5140 nobis
2617 5102 2758 5156 opus
2783 5093 2887 5151 est,
2943 5103 3012 5142 ne
3037 5087 3240 5143 virtute
3295 5089 3438 5144 exci-

1850 5178 2072 5233 damus.
2096 5175 2344 5246 Namque
2378 5177 2536 5247 183
2575 5177 2692 5233 fieri
2734 5193 2914 5249 posse,
2953 5187 3012 5234 ut
3042 5195 3105 5235 ex
3129 5179 3345 5250 justitia
3384 5181 3438 5237 in

1853 5276 2142 5335 peccatum
2195 5283 2296 5322 nos
2343 5269 2564 5332 collabi,
2617 5276 2672 5324 et
2724 5285 2788 5325 ex
2833 5270 3034 5325 affectu
3067 5271 3134 5324 ad
3185 5271 3260 5337 id,
3293 5272 3438 5340 quod

1853 5356 2100 5424 passioni
2147 5357 2446 5412 obnoxium
2486 5367 2591 5422 est,
2653 5361 3064 5427 transformari,
3119 5363 3324 5417 clamat
3371 5363 3441 5417 ad

1853 5443 2144 5502 Dominum
2172 5448 2494 5502 vaticinium
2527 5466 2542 5502 :
2582 5469 2600 5501 ι
2645 5449 2959 5506 Elliciamur
2986 5451 3146 5507 sicuti
3174 5467 3203 5506 a
3235 5451 3442 5521 princi-

1852 5535 1965 5606 pio,
1995 5553 2120 5594 cum
2142 5553 2252 5594 non
2287 5539 2526 5598 habebas
2556 5541 2993 5600 dominationem
3025 5543 3082 5600 in
3109 5557 3235 5609 nos,
3266 5557 3444 5615 neque
