3888 6040
437 282 549 349 263

1910 274 1975 337 S.
2006 272 2171 337 NILI

3597 264 3729 328 26.,

435 395 753 449 invocatum
791 385 982 447 fuerat
1033 400 1235 445 nomen
1294 394 1450 442 tuum
1480 400 1649 458 super
1684 399 1785 441 nos
1813 383 1885 451 “,
1920 402 1939 437 ι
1970 392 2025 439 et

2139 383 2219 437 ιαὶ
2260 380 2468 453 ἰσχύος.
2514 382 2633 447 Πᾶς
2669 378 2779 451 γὰρ
2805 380 2834 434 ό
2857 376 2951 434 διὰ
2997 378 3285 449 μετάνοιαν
3314 376 3410 432 καὶ
3455 376 3715 448 δεήσεως

436 499 629 541 sumus
649 482 873 552 impuri.
901 481 1285 537 Verumtamen
1310 478 1423 534 fieri
1444 487 1644 550 potest,
1667 486 1791 550 post
1811 478 2028 548 lapsum

436 589 636 631 rursus
685 573 867 628 denuo
919 573 1102 629 media
1134 572 1462 643 paenitentia
1513 570 1570 625 in
1611 571 1852 641 priorem
1894 568 2029 623 affe-

437 677 626 724 ctuum
649 666 986 722 vacuitatem
1014 676 1071 721 et
1098 666 1272 721 robur
1325 663 1547 720 reverti.
1592 664 1697 730 Qui
1736 664 1885 719 enim
1929 676 2026 733 per

437 760 820 830 paenitentiam
873 768 929 814 et
956 759 1260 814 orationem
1290 758 1507 828 quaerit,
1540 766 1785 828 tempore
1814 755 2032 821 debito,

439 852 508 907 de
527 851 738 922 integro
766 866 829 906 es
875 852 1099 922 praealto
1124 851 1503 907 advenientem
1524 850 1630 904 vim
1656 860 1711 906 et
1732 848 2025 932 aﬂ‘ectuttm

440 943 770 999 vacuitatem
796 952 1190 1013 consequetur.
1232 943 1461 997 Attento
1495 942 1680 996 animo
1708 941 1899 1011 excipe
1928 956 2031 994 vav

440 1033 690 1089 licinium
724 1052 741 1089 :
782 1035 1173 1100 Exsuscitare,
1200 1031 1538 1098 Jerusalem,
1565 1040 1621 1088 et
1661 1032 1826 1087 indue
1855 1031 2026 1087 robur

441 1123 658 1179 brachii
684 1123 857 1186 tui.et
886 1123 1231 1181 exsuscitare
1261 1132 1321 1177 ut
1354 1123 1409 1178 in
1443 1123 1714 1194 principio
1739 1121 2027 1192 diei,quo-

442 1218 591 1272 niam
626 1216 801 1288 fugati
836 1224 968 1272 sunt
987 1232 1017 1271 a
1048 1227 1103 1272 te
1126 1217 1304 1281 dolor,
1325 1217 1586 1272 mmstitia
1607 1225 1660 1272 et
1685 1216 1939 1287 planctus
1956 1215 2022 1270 ⁸³.

442 1309 695 1381 Magnum
736 1324 901 1379 porro
932 1310 987 1363 in
1024 1309 1271 1365 adversis
1305 1310 1389 1363 vel
1417 1316 1581 1364 tenue
1623 1309 1857 1363 bonum.
1881 1306 2033 1363 Licet

442 1399 588 1455 enim
619 1409 842 1468 propter
872 1406 1061 1454 nostra
1084 1407 1306 1470 peccata
1328 1398 1437 1454 Deo
1458 1400 1584 1453 odio
1606 1400 1799 1463 simus,
1818 1414 2031 1454 verum-

443 1495 624 1545 tamen
657 1490 853 1545 iterum
890 1500 1109 1559 peracta
1144 1491 1465 1561 paenitentia
1498 1491 1826 1560 diligemur;
1862 1487 2030 1545 Deum

444 1595 610 1650 porro
668 1580 956 1635 Dominum
1010 1581 1466 1635 humanissimum
1522 1597 1625 1635 nos
1671 1581 1850 1635 denuo
1911 1597 2030 1635 am-

443 1672 631 1742 plecti,
658 1688 867 1741 suaque
892 1672 1161 1727 charitate
1194 1672 1393 1727 laetitiis
1420 1674 1680 1729 omnibus
1716 1674 2025 1741 incessere;

444 1764 595 1829 audi,
634 1763 765 1834 quid
803 1765 919 1833 ipse
957 1764 1103 1820 dicat
1149 1764 1501 1819 intellectuali
1535 1764 1860 1830 Jerusalem,
1908 1767 2029 1819 aui-

444 1871 547 1910 ma:
575 1872 768 1926 nempe
809 1866 1013 1911 nostra!
1050 1874 1064 1912 :
1103 1876 1122 1909 ι
1157 1854 1224 1910 Ει
1261 1872 1458 1927 ponam
1500 1865 1552 1912 te
1593 1858 1852 1926 gaudium
1888 1857 2031 1913 sem-

442 1948 741 2017 piternum,
797 1956 854 2001 et
905 1947 1149 2001 laetitiam
1200 1948 1254 2001 in
1305 1948 1660 2018 generatione
1716 1950 2030 2021 generatio-

444 2050 575 2090 num
599 2035 667 2089 ⁸ο.
694 2053 713 2087 ι
740 2033 815 2091 Ne
846 2035 1029 2107 itaque
1049 2037 1269 2091 modum
1302 2039 1355 2091 in
1380 2038 1813 2094 controversiam
1834 2055 2028 2111 ponas.

444 2128 583 2183 Cum
632 2128 780 2183 enim
840 2127 985 2185 Deus
1034 2130 1269 2184 voluerit
1301 2146 1365 2186 ex
1422 2139 1568 2186 statu
1618 2131 1793 2203 pejori
1844 2148 1935 2188 res
1974 2132 2032 2188 in

444 2218 642 2273 melius
667 2217 982 2285 immutare,
1020 2220 1205 2274 omnia
1223 2221 1501 2275 contraria
1528 2220 1625 2278 Dei
1664 2230 1799 2277 nutu
1827 2224 2031 2295 migra-

444 2329 617 2393 bunt,
672 2337 727 2385 et
780 2332 1150 2388 novabuntur.
1201 2332 1473 2399 Quoniam
1526 2336 1595 2391 de
1649 2337 1934 2407 prazfacili,
1978 2346 2034 2393 et

446 2420 595 2475 nulla
626 2421 872 2476 adhibita
910 2439 1060 2478 mora
1089 2423 1353 2483 Dominus
1378 2426 1775 2482 humanitatem
1810 2443 2028 2483 omnem

446 2515 683 2575 variare,
727 2521 783 2570 et
815 2515 977 2570 aliam
1037 2515 1220 2573 facere
1278 2518 1510 2588 poterit;
1571 2520 2030 2589 quemadmodum

448 2603 571 2658 sine
596 2604 802 2660 cortice
829 2606 1099 2675 stipitem,
1129 2615 1185 2662 et
1223 2608 1552 2664 aritudinem
1577 2611 1747 2680 scirpi
1772 2610 2041 2677 Aaronis,

448 2697 616 2753 citius
655 2699 850 2762 multo,
881 2714 1044 2770 quam
1094 2701 1151 2756 in
1189 2708 1338 2756 terra
1371 2701 1498 2758 altis
1535 2702 1725 2779 defixae
1756 2704 2034 2760 radicibus

449 2788 667 2859 plantae,
696 2790 910 2847 fructus
935 2792 1241 2863 producere
1273 2797 1533 2866 praecepit
1556 2795 1640 2863 ⁸¹;
1674 2797 1718 2853 si
1748 2798 1892 2852 enim
1927 2799 2035 2853 illa:

449 2882 639 2937 multis
689 2898 960 2939 annorum
1008 2894 1062 2941 et
1098 2895 1406 2958 temporum
1452 2888 1781 2946 decursibus
1821 2889 2034 2947 fructus

449 2975 733 3043 emittunt;
763 2984 816 3030 at
841 2976 955 3043 illa,
986 2986 1149 3034 nocte
1178 2995 1286 3033 una
1320 2980 1482 3052 184
1500 2982 1684 3035 omnia
1714 2982 1878 3038 simul
1904 2982 2039 3037 folia

2125 476 2334 547 ζητεῖν,
2377 473 2608 547 λήψεται
2639 471 2719 543 τῷ
2740 471 3071 543 προσήκοντι
3109 470 3287 541 καιρῷ
3321 467 3486 523 πάλιν
3510 467 3619 539 τῆς
3652 468 3719 532 ἐξ

2123 567 2291 639 ὕψους
2324 566 2569 639 δύναμιν,
2628 565 2724 620 καὶ
2750 564 3040 619 ἀπάθειαν.
3096 562 3347 634 Πρόσχες
3377 563 3446 632 τῇ
3484 576 3718 631 προφη-

2121 662 2249 735 τεία
2288 677 2305 695 ·
2350 679 2370 713 ι
2410 660 2718 732 Ἐξεγείρου
2767 655 3142 729 Ἰερουσαλὴμ,
3190 655 3285 709 καὶ
3335 653 3551 707 ἔνδυσαι
3611 650 3720 722 τὴν

2127 756 2282 827 ἰσχὺν
2308 753 2403 808 τοῦ
2438 751 2723 824 βραχίονός
2749 768 2864 814 σου,
2898 750 2993 803 καὶ
3056 748 3331 820 ἐξεγείρων
3363 748 3440 811 ὡς
3468 748 3527 800 ὲν
3553 747 3714 816 ἀρχῇ

2124 847 2356 919 ὴμιρακς,
2388 845 2523 900 διότι
2547 844 2759 915 ἀπέδρα
2787 846 2895 899 ἀπὸ
2920 842 3015 895 σοῦ
3047 841 3227 911 ὀδύνη,
3254 841 3420 913 λύπη,
3455 841 3553 895 καὶ
3580 854 3718 893 στε-

2124 940 2352 1010 ναγμός.
2375 957 2393 990 ι
2456 936 2614 1005 Μέγα
2642 936 2699 989 δέ
2735 936 2885 989 ἐστιν
2911 937 2969 988 ὲν
2994 937 3210 1000 κακοῖς,
3247 933 3342 987 καὶ
3373 933 3435 988 τὸ
3498 932 3715 1003 μικρὸν

2123 1034 2346 1103 ἀγαθόν.
2371 1033 2433 1086 Ei
2470 1032 2579 1102 γὰρ
2614 1031 2709 1083 καὶ
2756 1028 3113 1101 μεμισήμεθα
3152 1028 3259 1082 ὑπὸ
3303 1025 3439 1081 Θεοῦ
3484 1024 3577 1080 διὰ
3610 1025 3722 1089 τὰς

2125 1126 2398 1197 ἁμαρτίας
2427 1123 2604 1194 ἡμῶν,
2636 1121 2777 1177 ἀλλὰ
2797 1124 2892 1176 καὶ
2926 1121 3087 1176 πάλιν
3105 1120 3589 1191 ἀγωπηθησόμεθα
3620 1118 3720 1173 διὰ

2125 1217 2227 1287 τῆς
2282 1216 2597 1288 μετανοίας.
2670 1212 2797 1268 Ὅτι
2843 1212 2955 1284 γὰρ
3004 1212 3171 1266 πάλιν
3216 1208 3719 1283 προσλαμϐάνεται

2127 1310 2274 1381 ἡμᾶς
2301 1309 2330 1362 ὀ
2360 1305 2871 1377 πολυεύσπλαγχνος
2900 1303 3307 1376 Δεσπότης,καὶ
3326 1300 3726 1373 κατευφραίνει

2126 1404 2194 1474 τῇ
2225 1403 2501 1470 ἀγαπήσει
2537 1398 2725 1463 αὑτοῦ,
2756 1398 2920 1469 βλέπε
2951 1397 3004 1451 τί
3033 1396 3188 1467 λέγει
3208 1398 3275 1467 τῇ
3301 1397 3465 1466 νοητῇ
3514 1395 3727 1464 Ἰερου-

2129 1493 2331 1566 σαλὴμ,
2373 1492 2624 1547 τουτέστι
2672 1492 2739 1564 τῇ
2769 1490 2918 1563 ψυχῇ
2958 1489 3153 1560 ἡμῶν·
3195 1489 3343 1542 «Καὶ
3371 1484 3622 1559 θήσομαι
3660 1501 3727 1538 σε

2128 1588 2444 1659 ὰγαλλίαμα
2473 1586 2823 1652 αίώνιον,κα“ι
2849 1582 3191 1655 εὐφροσύνην
3210 1582 3404 1653 γενεᾶς
3431 1580 3668 1650 γενεῶν.
3700 1598 3721 1632 ι

2131 1682 2223 1753 Μὴ
2248 1676 2341 1736 οῦν
2382 1680 2766 1752 ἁμφιὸἀλλης,
2824 1676 2961 1741 πῶς.
3016 1678 3187 1731 Ὅταν
3250 1676 3361 1748 γὰρ
3422 1673 3721 1745 βουληθῇὸ

2137 1775 2268 1839 Θεὸς
2295 1773 2404 1829 ἀπὸ
2447 1773 2540 1828 τοῦ
2584 1772 2825 1844 χείρονος
2867 1771 2960 1824 ἐπὶ
3000 1772 3251 1842 κρεῖττον
3290 1767 3628 1839 μεταδάλειν
3656 1764 3729 1817 τὰ

2137 1867 2457 1939 πράγματα,
2485 1865 2561 1937 τῷ
2591 1864 2925 1936 ὲπιτάγματι
2962 1862 3054 1917 τοῦ
3098 1860 3234 1914 Θεοῦ
3279 1860 3456 1914 πάντα
3514 1856 3728 1926 ἐκστή-

2138 1974 2290 2013 σεται
2340 1957 2412 2012 τὰ
2444 1955 2853 2027 ἐναντιούμενα.
2888 1954 3014 2009 Ὀτι
3051 1953 3309 2016 εὐκόλως,
3339 1951 3433 2005 καὶ
3482 1948 3730 2020 ἑτοίμως

2136 2050 2427 2121 δυνήσεται
2452 2049 2657 2119 Κύριος
2692 2050 2793 2120 τὴν
2820 2048 3220 2118 ἀνθρωπότητα
3278 2041 3722 2116 μετασκευάσαι,

2137 2143 2213 2207 ὡς
2264 2142 2362 2212 τὴν
2427 2141 2668 2211 ἆφλοιον,
2721 2141 2818 2195 καὶ
2874 2139 3043 2209 ξηρὰν
3094 2137 3287 2209 ῥάϐδον
3327 2134 3422 2190 τοῦ
3475 2130 3700 2205 Ἀαρὼν
3710 2172 3726 2199 ,

2137 2232 2430 2305 ταχύτερον
2455 2233 2562 2286 τῶν
2591 2231 2648 2285 ὲν
2680 2234 2747 2303 τῇ
2771 2234 2842 2303 γῇ
2867 2230 3254 2303 ἐρῤιζωμὲνων
3285 2226 3472 2298 φυτῶν
3503 2241 3729 2295 καρπο-

2139 2327 2375 2396 φορῆσαι
2415 2324 2778 2395 προσέταξενο
2808 2325 2969 2394 εἴπερ
3005 2323 3186 2376 ἐκεῖνα
3232 2320 3454 2383 πολλαῖς
3487 2316 3727 2389 χρόνων,

2139 2418 2232 2471 καὶ
2259 2417 2467 2489 καιρῶν
2492 2419 2721 2489 τροπαῖς
2774 2417 3137 2487 καρποφορεῖ,
3182 2412 3323 2484 αὕτη
3351 2411 3411 2466 δὲ
3444 2410 3552 2464 ὑπὸ
3591 2409 3728 2479 μίαν

2138 2509 2308 2564 νύκτα
2354 2510 2532 2565 πάντα
2573 2506 2713 2580 ὁμοῦ
2768 2507 2966 2579 φύλλα,
3019 2506 3113 2560 καὶ
3167 2505 3325 2575 ἄνθη,
3362 2503 3457 2557 καὶ
3502 2500 3727 2571 καρπὸν

2140 2602 2441 2675 προήγαγε.
2505 2602 2596 2674 Μὴ
2644 2598 2738 2657 οὖν
2804 2601 2880 2666 ὡς
2931 2600 3126 2671 ἔτυχε,
3185 2599 3282 2652 καὶ
3333 2594 3727 2656 ἀϐασανίστως

2143 2694 2535 2766 μετατιθῶμεν,
2554 2695 2651 2749 καὶ
2683 2694 2880 2757 αὐτοὺς
2930 2691 3039 2748 ἀπὸ
3064 2693 3245 2745 τόπων
3277 2688 3359 2753 εἰς
3392 2688 3597 2749 τόπους
3626 2686 3727 2746 τὰς

2141 2790 2207 2843 ὲκ
2229 2789 2335 2842 τῶν
2367 2788 2642 2859 λογισμῶν
2667 2788 2944 2859 ὀχλήσεις,
2981 2787 3076 2841 καὶ
3101 2783 3309 2853 θλίψεις
3334 2779 3722 2850 ἐκφεύγοντες.

2141 2881 2359 2936 Μᾶλλον
2388 2881 2445 2935 δὲ
2478 2881 2576 2936 καὶ
2608 2882 2898 2951 στήκωμεν
2954 2877 3074 2951 μεθ’
3105 2875 3385 2947 ὑπομονῆς
3413 2868 3724 2944 προσευχό-

2146 2992 2319 3046 μενοι,
2366 2974 2624 3045 καθάπερ
2680 2972 2923 3044 Μωῦσῆς
2969 2971 3124 3039 ἔλεγε
3176 2969 3260 3038 τῷ
3285 2964 3540 3038 Ἰσραήλ·
3578 2962 3722 3032 Στή-

450 3071 507 3118 et
543 3062 730 3130 ﬂores,
766 3064 1007 3119 fructum
1041 3069 1243 3122 attulit.
1270 3067 1348 3124 Ne
1377 3071 1561 3140 itaque
1594 3070 1672 3124 uti
1700 3068 1842 3126 forte
1867 3070 2032 3137 cadit,

2142 3082 2290 3131 κετε,
2357 3065 2453 3119 καὶ⁵
2506 3063 2778 3133 θαρσεῖτε,
2817 3063 2892 3135 μὴ
2924 3061 3197 3132 φοϐεῖσθε,
3232 3060 3328 3114 καὶ
3364 3055 3563 3128 ὕφεσθε
3624 3052 3731 3121 τὴν

450 3160 506 3207 et
536 3153 745 3226 absque
776 3158 1030 3214 examine
1058 3168 1275 3217 nosmet
1311 3161 1379 3217 de
1427 3161 1566 3217 locis
1600 3162 1666 3217 ad
1697 3162 1816 3217 loca
1852 3171 2045 3218 trans-;

451 3246 746 3313 vehamur,
781 3265 847 3304 ex
900 3253 1330 3321 cogitationibus
1367 3253 1557 3310 turbas
1605 3262 1663 3309 et
1703 3252 2036 3312 afflictiones

2142 3157 2293 3229 παρὰ
2321 3156 2415 3211 τοῦ
2479 3157 2616 3211 Θεοῦ
2673 3155 2971 3227 βοήθειαν,
3036 3155 3106 3227 ἢν
3163 3153 3382 3223 ποιήσει
3427 3149 3563 3220 ὑμῖν
3627 3148 3724 3217 σή-

2146 3269 2331 3325 μερον.

451 3338 912 3399 interntiscentes.
937 3344 1196 3410 Quiuimo
1231 3354 1648 3415 perseverantes
1670 3361 1796 3401 cum
1820 3348 2106 3418 patientia,
2130 3356 2449 3409 exoremus,
2470 3350 2534 3399 ut
2570 3340 2789 3413 Moyses
2834 3340 3024 3397 Israeli
3092 3339 3311 3395 dicebat
3343 3356 3356 3394 :
3428 3337 3606 3400 State,
3668 3333 3729 3389 et;

453 3430 672 3497 audete,
709 3448 779 3488 ne
813 3433 1075 3498 timeatis,
1125 3443 1182 3490 et
1216 3436 1474 3493 videbitis
1516 3438 1784 3493 auxilium
1826 3455 1857 3495 a
1889 3437 2022 3506 Deo,
2061 3439 2207 3512 quod
2233 3437 2392 3494 vobis
2430 3435 2575 3492 Deus
2607 3434 2768 3490 hodie
2799 3433 2989 3490 alleret
3013 3434 3080 3490 δ’.

930 3527 1111 3583 CXLI.
1138 3560 1207 3570 —
1247 3529 1570 3589 DIACONO.

524 3615 662 3671 Cum
694 3618 900 3677 videris
942 3620 1217 3678 hominem
1243 3640 1351 3679 non
1394 3624 1543 3690 fidei,
1578 3626 1671 3680 sed
1703 3626 1910 3681 mundo
1942 3626 2043 3682 ad-

458 3707 689 3775 dictum,
726 3713 1068 3782 temporariae
1100 3716 1387 3785 sapientiae
1418 3717 1685 3773 inanitate
1719 3719 2045 3787 superbien-

2616 3530 2801 3585 PMA'.
2818 3561 2884 3572 -
2898 3530 3221 3600 AtAKONn.

2220 3620 2390 3680 Ὅταν
2438 3622 2554 3698 ἴδῃς
2575 3623 2863 3695 ἄνθρωπον
2893 3623 3142 3685 ἄπιστον,
3162 3620 3260 3674 καὶ
3290 3616 3624 3688 φιλόκοσμον
3644 3619 3727 3685 ἑγ-

2146 3715 2499 3788 καυχὼμενον
2547 3716 2613 3785 τῇ
2637 3713 2962 3783 ματαιότητι
2986 3713 3091 3782 τῆς
3145 3709 3485 3782 προσκαίρου
3505 3708 3722 3778 σοφίας,

366 4830 377 4839 υ
466 4812 738 4866 sermonis
768 4812 1180 4883 exprimuntur,
1225 4816 1355 4870 vilia
1389 4823 1549 4880 sunt,
1596 4824 1653 4872 et
1701 4817 1903 4886 pusilla
1932 4831 2055 4872 cer-

458 3811 591 3866 tem,
622 3809 677 3856 et
708 3802 975 3859 divinitus
1014 3804 1338 3876 inspiratam
1387 3807 1732 3880 Scripturam
1765 3812 2032 3881 neglectui

2147 3810 2242 3862 καὶ
2258 3805 2599 3870 εὐτελίζοντα
2618 3803 2717 3874 τὴν
2730 3802 3087 3857 θεόπνευστον
3112 3800 3359 3872 Γραφὴν,
3376 3798 3453 3863 ὡς
3468 3798 3545 3869 μὴ
3569 3799 3731 3851 arma

461 3892 779 3958 habentem,
814 3897 961 3965 quod
993 3898 1246 3954 formulis
1274 3908 1329 3954 et
1366 3900 1672 3956 Atticorum
1700 3917 1853 3958 more
1878 3918 2032 3958 voces

2150 3897 2679 3964 κίζουσαν,γίνωσκε
2693 3894 2880 3948 τοῦτον
2898 3895 3117 3965 Ναιμὰν
3134 3893 3401 3964 ὑπάρχειν
3417 3892 3508 3945 ’ὡν
3533 3892 3724 3961 Σύρον,

461 3996 569 4035 non
598 3986 819 4052 promit,
851 4001 974 4040 eum
1008 3985 1345 4043 Naamanum
1380 3990 1585 4062 Syrum
1610 4008 1735 4049 esse
1763 3994 2032 4061 existima,

2150 3987 2565 4060 λελεπρωμένον
2594 3986 2714 4042 ὅλον
2730 3986 2821 4041 διὰ
2840 3988 2942 4057 τῆς
2965 3986 3242 4051 ἀπιστίας,
3260 3986 3389 4056 πρὶν
3410 3982 3617 4052 ἐπιγνῷ
3638 3980 3729 4033 τὸν

461 4085 637 4133 totum
697 4080 846 4151 lepra
900 4094 1120 4153 propter
1169 4084 1455 4154 perﬁdiam
1483 4125 1499 4151 ,
1539 4094 1833 4157 antequam
1880 4087 2032 4143 bene-

2152 4080 2447 4154 εὐεργέτην
2473 4080 2628 4144 Θεὸν,
2662 4080 2758 4134 καὶ
2793 4078 2998 4150 Κύριον
3030 4078 3138 4132 τῶν
3174 4078 3334 4140 ὅλων,
3376 4076 3533 4137 ὅστις
3583 4074 3733 4141 ἄγαν·

462 4168 746 4237 factorem,
772 4181 826 4229 et
864 4176 1107 4231 omnium
1149 4175 1439 4232 Dominum
1487 4178 1659 4233 Deum
1696 4190 2032 4249 agnosceret1

2155 4175 2254 4246 μὲν
2285 4171 2562 4243 ἐθαύμαζε
2586 4171 2713 4237 τοὺς
2754 4171 3042 4242 μεγίστους
3070 4172 3170 4240 τῆς
3208 4166 3505 4239 Δαμασκοῦ
3558 4180 3727 4219 ποτα-

462 4263 725 4328 obsitum,
762 4266 855 4335 qui
907 4282 1167 4338 perquam
1220 4269 1458 4325 maxime
1512 4269 1765 4341 ingentes
1795 4270 2027 4327 Datnasc

2156 4265 2292 4335 μοὺς
2334 4263 2600 4335 μηδαμῶς
2651 4261 2983 4333 δυναμένους
3015 4262 3113 4315 ἕνα
3161 4260 3365 4330 λεπρὸν
3416 4256 3726 4320 ἀπαλλάξαι

463 4352 679 4418 ﬂuvios,
712 4356 865 4410 nullo
885 4359 1049 4414 modo
1076 4360 1163 4415 vel
1193 4376 1365 4415 unum
1398 4361 1562 4431 lepra:
1594 4363 1744 4417 notis
1782 4378 2032 4434 compun-

2153 4357 2251 4427 τῆς
2287 4356 2646 4410 καταστίκτου
2685 4356 2915 4428 λέπρας,
2950 4354 3203 4425 ηὑτέλιζε
3260 4354 3319 4408 δὲ
3357 4352 3450 4406 τδν
3476 4354 3535 4405 ὲν
3562 4353 3628 4423 τῇ
3657 4351 3729 4419 γῇ

463 4450 613 4496 ctum
650 4457 846 4498 sanare
872 4445 1135 4509 valentes,
1178 4448 1621 4512 commendabat,
1666 4463 1722 4505 et
1749 4448 2032 4506 Jordanen

2152 4446 2246 4500 τοῦ
2281 4446 2496 4518 Ἰσραὴλ
2524 4446 2815 4519 Ἰορδάνην.
2846 4447 3088 4517 Ἔχομεν
3113 4449 3222 4517 γὰρ
3252 4444 3349 4498 καὶ
3379 4445 3564 4514 ἡμεῖς,
3600 4458 3726 4510 νοη-

465 4534 523 4603 in
547 4542 693 4591 terra
718 4534 883 4593 Israel
907 4539 1309 4611 aspernabatur
1327 4541 1393 4597 ⁸⁸.
1428 4539 1675 4613 Namque
1705 4559 1807 4599 nos
1830 4559 2032 4614 quoqut

2152 4541 2235 4593 τοὶ
2270 4539 2596 4610 Ἰσραηλῖται
2615 4538 2788 4605 ὄντες,
2815 4540 2885 4594 τὰ
2906 4540 3006 4610 τῆς
3024 4538 3174 4601 θείας
3196 4537 3419 4609 Γραφῆς
3447 4535 3732 4605 Ἰορδάνεια

466 4623 864 4684 intellectuales
898 4628 1162 4686 Israelita:
1189 4630 1389 4687 divina:
1426 4631 1729 4704 Scriptum
1755 4634 2032 4690 Jordanie:

2157 4630 2372 4703 ῥεῖθρα,
2426 4632 2574 4704 ᾇπερ
2619 4631 2762 4685 κατά
2826 4631 2926 4701 μὲν
2967 4630 3069 4701 τὴν
3102 4629 3384 4700 προφορὰν
3415 4626 3511 4681 τοῦ
3550 4626 3729 4694 λόγου,

463 4714 665 4773 ﬂuenta
696 4719 1071 4788 possidemus,
1122 4737 1264 4791 quae,
1299 4738 1427 4777 cum
1474 4725 1786 4794 prolatione
1837 4732 2032 4777 tanton

2153 4721 2419 4793 οὐδαμινά
2460 4736 2520 4777 τε
2565 4723 2660 4777 καὶ
2714 4722 2976 4792 ἐλάχιστα
3031 4720 3307 4790 φαίνεται,
3366 4719 3509 4771 κατὰ
3544 4717 3603 4770 δὲ
3635 4715 3729 4768 τὰς

2154 4814 2416 4885 δυνάμεις
2470 4814 2583 4867 τῶν
2637 4813 2953 4885 μυστηρίων
3003 4812 3113 4865 τῶν
3153 4809 3555 4881 κεκρυμμένων
3617 4798 3725 4858 τοῖς

466 4909 675 4955 nuntur
710 4920 724 4957 :
758 4913 1136 4961 verumtamen
1162 4907 1466 4962 secundum
1496 4906 1789 4963 facultates
1817 4922 2032 4962 arcano

2154 4906 2395 4978 Χριστοῦ
2432 4906 2779 4977 διδάγμασιν,
2808 4906 2962 4959 ὕδατι
2998 4905 3279 4975 artuum
3311 4903 3392 4952 είς
3421 4886 3726 4978 ζωὴνηαίὠο

467 5006 588 5046 rum
610 4992 1064 5051 absconditoruui
1090 4998 1147 5053 in
1179 4998 1386 5053 Christi
1408 4998 1684 5066 doctrina,
1710 5014 1852 5070 aqua
1884 4998 2032 5054 subsi

2159 4977 2297 5063 νιον,
2344 4995 2649 5067 ἱατρεύοντί
2678 5014 2759 5061 τε,
2791 4997 2889 5050 καὶ
2929 4994 3267 5049 καθαίροντι»
3306 4978 3402 5032 καὶ
3436 4977 3721 5070 φωτίζοντι

467 5081 636 5138 Iiente
689 5085 745 5138 in
792 5086 962 5142 vitam
1019 5097 1282 5144 aeternam
1330 5091 1397 5157 “,
1455 5106 1686 5155 omnes,
1742 5069 1836 5161 qui
1897 5091 2032 5146 fiden

2157 5088 2367 5150 πάντας
2392 5087 2520 5152 τοὺς
2549 5085 2926 5139 πνσιιυοντας,
2958 5071 3216 5143 ὑπερφυῆ
3247 5088 3304 5123 τε
3330 5069 3612 5139 τυγχάνει,
3639 5084 3738 5155 κα.

469 5174 895 5243 amplectuntur,
934 5187 1189 5245 curante,
1223 5189 1564 5250 expurgante
1593 5188 1648 5235 et
1688 5159 2032 5236 illuminante

2157 5168 2463 5238 θαυμαστὰ,
2487 5162 2675 5227 ἔνδοξα
2701 5180 2783 5229 τε,
2814 5162 2911 5217 καὶ
2968 5160 3397 5235 ὐπερυψούμενα
3417 5162 3496 5223 είς
3523 5159 3735 5223 αἰῶνα,

466 5278 635 5336 supra
686 5275 937 5324 naturam
994 5280 1147 5335 sunt,
1197 5278 1254 5325 et
1287 5270 1657 5336 admirabilia,
1718 5270 1957 5340 gloriosa
2001 5276 2059 5322 ct
2157 5259 2372 5321 αἰῶνος.

468 5359 872 5426 superexaltata
896 5360 951 5414 in
985 5361 1186 5416 saecula
1218 5361 1429 5415 saeculi.

595 5447 754 5519 185
801 5448 1003 5506 CXLII.
1034 5483 1107 5493 —
1132 5450 1537 5509 NICOTYCHO
1591 5451 1912 5509 DIACONO.

542 5535 648 5602 Qui
696 5539 873 5617 oculis
924 5557 1035 5598 non
1063 5542 1407 5614 objiciuntur
1457 5542 1701 5600 Madinei
1750 5544 2052 5608 damnones,

2442 5442 2624 5499 PMB'.
2646 5473 2716 5483 —
2743 5441 3101 5510 ΝΙΚΟΤΥΧῼ
3136 5438 3456 5511 ΔΙΑΚΟΝῼ.

2232 5536 2298 5591 Οἱ
2328 5536 2553 5605 ἀφανεῖς
2575 5533 2832 5588 Μαδινὲοι
2864 5532 3139 5602 δαίμονες,
3173 5531 3271 5595 τὰς
3320 5529 3530 5584 ἑαυτῶν
3564 5528 3727 5596 θυγα-

544 5675 730 5752 “Isa.
773 5698 930 5747 ικιιι,
960 5681 1048 5737 l9.
1119 5683 1166 5718 δ’
1197 5682 1303 5736 Esa.
1328 5684 1477 5752 t.l,9,
1508 5684 1598 5739 II.
1674 5684 1721 5715 ⁸⁸
1747 5681 1854 5739 lsa.
1892 5697 1983 5745 ιχ,
2020 5680 2032 5733 1

2184 5678 2225 5710 ⁸¹
2256 5675 2419 5732 Num.
2449 5688 2584 5743 xvn,
2624 5671 2679 5727 8.
2753 5672 2798 5705 "
2836 5670 3005 5727 Exod.
3037 5686 3150 5736 stv,
3186 5670 3272 5723 15.
3349 5666 3485 5721 "IV
3518 5666 3653 5736 Reg.
3680 5682 3725 5729 ν,

478 5748 710 5815 9358i“!-
785 5754 833 5786 "
858 5752 1019 5809 Joan.
1046 5768 1120 5819 tv,
1156 5752 1245 5807 ﬂ.
