3888 6040
109 323 213 384 265
1307 330 1678 392 EPISTOLA]

1781 326 1827 378 Μ
1865 331 2011 396 LIB.
2044 330 2125 390 Il.
3222 328 3327 391 266

109 437 309 509 τέρας,
368 437 568 510 δηλαδὴ
629 440 727 503 τάς
774 441 1003 511 αίσχράς
1078 441 1400 512 ἐνθυμήσεις
1457 443 1535 513 τῷ
1582 442 1657 513 νῷ

1781 440 1898 493 ilias
1935 441 2211 509 proprias,
2256 439 2524 493 obscenas
2566 452 2761 506 nempe
2811 437 3188 507 cogitationes,
3243 438 3329 490 ius

108 529 550 600 παριστάνουσιν,
581 530 922 607 ἐρεθιζούσας
958 533 1165 595 τοῦτον,
1193 534 1284 587 καὶ
1323 534 1443 587 λίαν
1485 550 1663 603 παρα-

1781 531 2002 583 elleetui
2029 537 2440 599 repraesentant,
2464 543 2587 583 eum
2609 530 2964 596 pruritantes,
2987 528 3331 597 maximeque

107 621 375 685 καλούσας
396 622 712 693 καμφθῆναι
742 624 877 695 πρὸς
904 625 965 679 τὸ
993 626 1204 695 ἄτιμον,
1244 626 1336 679 καὶ
1380 626 1663 689 λυττῶδες,

1781 622 1829 674 nl
1865 636 2102 683 sacrum,
2144 622 2476 683 intestabile,
2516 622 2788 675 rabiosum
2825 620 3330 689 exsecrandumque

107 714 200 767 καὶ
224 715 501 786 ἐπάρατον
528 714 712 786 ἔργον.
746 718 844 771 Ἂν
891 718 1021 786 γοῦν
1067 718 1245 790 συμϐῇ
1282 719 1564 789 ὀλισθῆσαι
1590 718 1666 786 τῷ

1782 729 1900 781 ιριιε
1926 714 2360 769 exstimulantes.
2393 716 2580 783 Itaque
2622 714 2669 767 si
2707 714 2757 766 id
2792 711 3075 774 acciderit,
3112 721 3172 766 ut
3216 712 3331 782 spi-

104 803 376 874 πνεύματι
403 806 462 859 ὲν
489 809 555 878 τῇ
590 807 808 879 καμίνῳ
838 810 935 879 τῆς
974 809 1191 880 ἡδονῆς,
1223 811 1316 863 mi.
1363 810 1462 879 τὴν
1522 809 1666 861 ἔνδον

1781 806 1869 857 ’ἰιιι
1893 806 1985 858 illo
2018 808 2071 857 in
2102 807 2375 860 caminum
2405 822 2633 875 proruas
2657 806 2973 875 voluptatis,
3017 815 3071 859 et
3104 805 3331 859 interio-
3391 792 3397 797 ’

107 895 328 968 μοιχίαν
355 897 682 952 ἀποτελέσαι
707 901 850 953 κατὰ
874 901 934 953 τὸ
971 903 1220 972 ἀόρατον,
1259 902 1450 973 ὥσπερ
1476 902 1607 954 ποτε
1636 902 1663 953 ὁ

1781 913 1877 951 'em
1912 897 2346 963 fornicationem,
2376 914 2497 968 qua:
2529 898 2668 953 visui
2706 914 2813 951 non
2838 898 3116 966 ohjicitur,
3147 898 3331 952 absol-

105 988 320 1059 Ζαμϐρὶ
336 989 477 1045 κατὰ
503 990 562 1043 τὸ
594 991 916 1063 φαινόμενον
942 993 1033 1046 ἐπὶ
1054 993 1147 1047 τοῦ
1181 994 1479 1059 Μωῦσέως,
1507 993 1666 1062 χρεία

1781 1006 1882 1051 ras,
1902 988 2358 1058 quemadmodum
2390 988 2681 1057 aliquando
2708 987 2958 1049 Zambre.
2991 997 3116 1042 ante
3144 988 3331 1042 oculos

103 1076 292 1132 λοιπὸν
324 1079 529 1144 Φινεὲς,
549 1081 792 1135 τουτέστι
820 1082 913 1135 τοῦ
955 1085 1142 1152 ἱερέως
1173 1084 1328 1153 λόγου
1366 1084 1667 1146 κτείνοντος

1781 1084 2007 1136 )ιιιιιίιιηι
2033 1092 2273 1152 tempore
2305 1081 2525 1151 Moysis,
2572 1094 2701 1135 tunc
2730 1097 2868 1151 opus
2889 1088 2974 1136 est
3005 1079 3235 1135 Phinees
3259 1080 3328 1141 ⁸⁵,

104 1170 182 1239 τῷ
208 1171 541 1243 σειρομάστῃ
555 1172 653 1240 τῆς
667 1172 903 1242 φοϐερᾶς
919 1174 1162 1245 διδαχῆς,
1180 1177 1274 1228 καὶ
1294 1175 1472 1239 ὲξολοθ
1482 1172 1666 1245 ρεύον-

1781 1189 1870 1227 :toc
1897 1182 1979 1227 est
2005 1173 2310 1230 sacerdotis
2344 1188 2615 1233 sermone,
2642 1173 2734 1242 qui
2774 1172 3036 1227 terribilis
3067 1171 3333 1225 doctrina:

102 1276 196 1322 τος
231 1260 326 1313 τόν
371 1278 432 1313 τε
481 1261 733 1333 Ἑϐραῖον
762 1262 855 1316 τὸν
897 1305 911 1318 .
931 1303 944 1317 .
964 1302 977 1317 .
997 1303 1012 1317 .
1036 1302 1051 1317 .
1080 1306 1095 1320 .
1114 1304 1127 1317 .
1150 1306 1165 1329 ,
1193 1266 1287 1319 καὶ
1315 1265 1413 1338 τὴν
1463 1266 1671 1319 Μαδια-

1781 1266 2059 1320 siromaste
2095 1264 2393 1325 interimat,
2445 1264 2845 1331 Hebrmu'uque
2895 1263 3227 1323 adulterum,
3279 1270 3335 1314 et

108 1350 282 1411 νῖτιν,
344 1351 585 1404 τουτέστι
636 1354 727 1405 τὸν
771 1352 1091 1424 φιλόπορνον
1134 1355 1354 1424 τρόπον,
1422 1356 1516 1408 καὶ
1569 1355 1666 1424 τὴν

1781 1354 2196 1419 Madianititlem,
2230 1354 2331 1407 hoc
2363 1362 2467 1416 est,
2523 1354 2855 1423 impudicam
2913 1354 3249 1415 institutum,
3279 1361 3335 1404 ct

106 1440 520 1509 γαργαλίσασάν
567 1459 626 1495 τε
682 1443 776 1496 καὶ
831 1443 968 1513 πρὸς
994 1444 1055 1496 τὸ
1110 1444 1281 1507 πάθος
1339 1442 1670 1513 πυρώσασαν

1781 1448 1860 1517 ιιιί
1903 1448 2233 1513 irritaverat,
2257 1454 2309 1500 et
2330 1445 2396 1499 ad
2429 1446 2678 1500 allectum
2705 1445 3041 1505 incenderat,
3073 1446 3331 1512 impetum

108 1531 441 1603 προσϐολήν.

1781 1537 2069 1608 disperdat.

415 1623 591 1677 PMl'".
611 1624 1007 1695 -ζξΠΑΜΦῙΛῼ
1035 1620 1353 1694 ΔῙΔΚΟΝῼ.

2003 1624 2230 1680 CXLIII.
2262 1654 2329 1665 ——
2357 1623 2705 1679 PAMPHILO
2768 1622 3083 1678 DIACO‘NO.

178 1710 255 1762 Τὸ
276 1710 457 1773 λέγειν
486 1714 575 1767 τὸν
600 1714 942 1784 Σολομῶντα,
971 1732 990 1765 ι
1016 1715 1225 1785 Καρδία
1263 1714 1453 1784 ἀνδρὸς
1470 1713 1670 1791 ἀἰσθη-

1842 1719 2158 1775 Verbisiilis
2185 1718 2527 1772 Salomonis:
2555 1736 2571 1767 ι
2601 1717 2961 1771 Corhominis
2985 1716 3332 1778 sensitivum,

106 1802 259 1871 τικὴ,
302 1802 523 1875 λυπηρά
546 1807 579 1872 η
606 1806 751 1877 ψυχὴ
790 1807 973 1865 αὐτοῦ.
1011 1825 1031 1859 ι
1061 1806 1216 1859 τοῦτο
1243 1805 1410 1875 δηλοῖ,
1439 1806 1672 1876 ὅτιπερὸ

1781 1812 1945 1867 tristis
1960 1812 2139 1864 anima
2166 1811 2312 1863 illius
2331 1809 2398 1871 ⁵⁸,
2421 1828 2438 1859 ι
2467 1809 2734 1873 innuitur,
2762 1824 2906 1870 eum,
2935 1809 3025 1877 qui
3059 1809 3197 1861 male
3217 1823 3247 1861 a
3276 1823 3336 1861 se

106 1891 404 1962 λαμϐάνων
427 1894 673 1967 αἴσθησιν
710 1896 817 1949 τῶν
848 1895 1069 1966 φαύλως
1095 1892 1243 1964 αὐτῷ
1300 1894 1669 1963 πραχθέντων,

108 1984 203 2036 καὶ
234 1985 591 2057 μνημονεύων
623 1987 722 2057 τῆς
772 1988 1005 2060 φρικτῆς
1034 1980 1307 2052 κολάσεως
1332 1986 1433 2058 τῆς
1452 1986 1671 2042 αίωνίου

107 2075 371 2147 ἐκείνης,
424 2080 489 2149 τῇ
549 2080 770 2150 ἑκουσίᾳ
830 2080 974 2153 λύπῃ
1064 2080 1160 2134 καὶ
1223 2083 1288 2151 τῇ
1342 2080 1674 2152 μεταμελείᾳ

107 2164 300 2220 ἑαυτὸν
328 2168 619 2239 θεραπεύει
646 2170 752 2242 πρὸ
779 2171 879 2241 τῆς
939 2171 1115 2237 ἐξόδου
1146 2171 1238 2223 τοῦ
1291 2170 1427 2241 βίου.
1461 2171 1579 2224 Ὅτ⁶
1601 2170 1674 2224 ’ἂν

113 2258 192 2322 δὲ,
219 2260 410 2330 φησιν,
456 2262 810 2333 εὐφραίνηται
837 2264 865 2316 ὁ
899 2262 1139 2326 τοιοῦτος
1156 2304 1171 2330 ,
1198 2262 1296 2315 ούκ
1324 2261 1674 2333 ὲπιμίγνυται

108 2347 292 2422 ὕϐρει.
339 2351 461 2408 Κᾶν
492 2353 602 2426 γὰρ
636 2354 886 2424 παροῦσα
911 2354 1063 2425 τύχοι
1093 2353 1337 2423 ἀφθόνως
1374 2355 1407 2424 ἡ
1433 2353 1673 2425 σαρκικὴ

105 2445 447 2518 εὐφροσύνη,
491 2449 585 2501 καὶ
620 2447 819 2520 τρυφὴ,
870 2447 969 2500 οὐκ
1012 2445 1347 2513 ἐξολισθὴσει
1392 2446 1549 2516 ’πρὸς
1574 2445 1675 2517 τὴν

106 2536 546 2608 ὑπερηφάνειαν.
604 2539 751 2609 Αὕτη
802 2539 909 2608 γὰρ
971 2537 1127 2610 ὖϐρις
1181 2539 1329 2609 παρὰ
1394 2538 1676 2608 φρονίμοις

105 2630 496 2700 κικλήσκεται.

602 2722 775 2775 ΡΜΔ’.
810 2751 879 2761 -—
910 2719 994 2786 Τῷ
1014 2718 1191 2785 αὐτῷ.

188 2812 433 2883 Ἀσαφὲς
463 2813 641 2882 λέγεις
683 2815 947 2886 ὑπάρχειν
970 2813 1031 2866 τὸ
1078 2812 1238 2886 ῥηθέν
1267 2828 1280 2843 ·
1319 2831 1336 2863 ι
1360 2812 1473 2882 M’q‘
1507 2824 1678 2881 προσο

101 2904 328 2977 αγάγῃς
380 2905 568 2959 ἀσεϐεῖ
613 2906 782 2975 νομὴν
819 2904 1063 2959 δικαίων.
1088 2924 1106 2956 ι
1168 2905 1321 2974 Ἔχει
1355 2904 1454 2973 μὲν
1482 2897 1574 2955 οὖν
1614 2900 1676 2977 τὸ

105 2976 405 3069 emtum
432 2996 598 3067 ἄλλην
628 2997 945 3069 ἑρμηνείαν,
992 2995 1195 3067 ταύτην
1245 2996 1398 3064 δέχου
1452 2976 1674 3064 ἀρτίως.

102 3086 275 3158 Νομὴ
324 3088 539 3142 πάντων
600 3086 826 3153 πιστῶν,
877 3087 972 3141 καὶ
1021 3085 1219 3158 τροφὴ,
1262 3086 1357 3139 καὶ
1398 3084 1677 3154 ἔνδυμα,ὁ
1702 3126 1746 3185 c

104 3178 309 3251 Σωτὴρ
348 3179 580 3249 Χριστὸς
613 3180 866 3251 ὑπάρχει·
890 3181 947 3232 ὲν
977 3177 1126 3247 αύτῷ
1166 3176 1274 3248 γὰρ
1311 3174 1675 3245 ἐκτίσθημεν,

111 3292 132 3324 ι
165 3274 270 3326 καὶ
291 3271 494 3343 ζῶμεν,
514 3272 607 3325 καὶ
633 3270 947 3340 κινούμεθα,
981 3270 1075 3322 καὶ
1108 3268 1294 3338 ἐσμέν.
1309 3285 1328 3319 ι
1347 3265 1567 3337 Ἐπειδὴ
1585 3262 1679 3319 οὖν

104 3365 210 3418 καὶ
245 3362 309 3417 τὸ
338 3364 667 3415 Δεσποτικὸν
712 3362 892 3433 σῶμα,
928 3361 1020 3413 καὶ
1048 3357 1186 3429 αἷμα
1222 3356 1316 3411 τοῦ
1339 3356 1474 3409 Θεοῦ
1502 3356 1679 3424 Λόγου

102 3454 201 3507 διὰ
229 3453 332 3524 τὴν
359 3454 664 3523 οἰκονομίαν
686 3452 824 3524 νομὴ
852 3452 1109 3522 τυγχάνει
1139 3447 1485 3522 Χριστιανῶν
1514 3447 1683 3502 ἁπάν-

101 3561 247 3609 των,
282 3545 379 3598 καὶ
422 3545 599 3616 τούτῳ
622 3544 700 3615 τῷ
743 3544 1025 3615 μυστηρίῳ
1075 3543 1364 3613 τρέφονται
1386 3543 1480 3595 καὶ
1526 3540 1680 3594 ποτί-

106 3636 324 3701 ζον-ταν
388 3636 584 3690 ἄτοπον
614 3636 681 3692 ἂν
730 3636 816 3707 εἴη
871 3634 1208 3707 μεταδιδόναι
1255 3632 1350 3689 τοῦ
1404 3631 1682 3705 λεχθέντος

111 3728 422 3799 μυστηρίου
455 3728 608 3798 ἀνδρί
645 3745 755 3781 τινι
809 3727 995 3780 ἀσεϐεῖ
1043 3727 1135 3779 καὶ
1162 3725 1338 3796 δολίῳ,
1370 3723 1552 3787 καθὼς
1602 3722 1682 3794 τῷ

112 3822 280 3893 μάγῳ
292 3821 492 3889 Σίμωνι
509 3821 664 3891 δῆθεν
681 3819 952 3873 πιστεύειν
974 3817 1508 3889 καθυποκρινομένῳ.
1525 3815 1681 3868 Ἀλλὰ

110 3911 256 3983 μηδὲ
272 3910 369 3981 τὴν
389 3910 685 3982 βαθυτέραν
705 3910 810 3963 τῶν
829 3909 1135 3980 σεϐασμίων
1176 3908 1370 3977 λογίων
1392 3905 1682 3971 ἀνάπτυξιν

108 4003 451 4074 προσφέρειν
493 4002 558 4056 ἂν
592 4004 819 4073 ἀμυήτῳ
858 4002 965 4054 τινί
1012 4001 1106 4055 καὶ
1123 4000 1341 4073 πονηρῷ
1389 4002 1679 4074 ἀνθρώπῳ.

116 4114 137 4147 ι
158 4095 257 4166 Μὴ
278 4095 383 4165 δῷς
417 4094 545 4165 γὰρ,
575 4095 728 4164 φησὶ,
757 4094 818 4147 τὸ
843 4096 996 4163 ἆγιον
1023 4093 1101 4165 τῷ
1137 4094 1280 4157 κυνὶ,
1303 4093 1421 4164 μηδ’
1440 4093 1681 4163 ἔμπροσ-

110 4190 208 4242 θεν
248 4190 448 4260 χοίρων
506 4188 673 4261 βάλῃς
718 4190 845 4250 τοὺς
876 4186 1240 4258 μαργαρίτας.
1290 4206 1307 4238 ι
1342 4187 1507 4240 Πάλιν
1527 4186 1585 4238 δέ
1614 4201 1682 4256 με

107 4278 434 4351 ἠρώτησας,
481 4278 596 4340 πῶς
638 4275 744 4347 χρὴ
788 4279 929 4328 νοεῖν
953 4275 1014 4328 τὸ
1044 4273 1430 4346 γεγραμμένον
1482 4273 1682 4345 ὁμοίως

111 4374 272 4444 παρὰ
299 4372 377 4442 τῷ
400 4370 721 4440 Σολομῶντι,
766 4388 785 4421 ι
811 4369 900 4440 Μὴ
931 4369 1216 4440 ἀπατηθῇς
1254 4367 1516 4439 χορτασίᾳ
1569 4384 1684 4420 κοι·

1771 1918 2025 1973 perverse
2057 1910 2205 1971 gesta
2250 1900 2599 1970 perseutiscit
2655 1901 3023 1971 terribilisque
3077 1914 3139 1953 ac
3192 1914 3337 1953 sem-

1772 1996 1997 2066 piternae
2032 1994 2178 2049 illius
2235 1992 2536 2062 punitiouis
2585 1992 2927 2057 recordatur,
2969 2006 3205 2046 muarore
3247 2006 3337 2044 vo-

1772 2087 2007 2141 iuntario
2049 2093 2103 2139 et
2139 2085 2519 2154 paenitentia,
2577 2091 2866 2153 antequam
2915 2100 2945 2137 e
2997 2085 3107 2137 vita
3156 2095 3333 2143 exeat,

1772 2180 2123 2248 semetipsum
2160 2192 2374 2231 curare.
2407 2178 2541 2231 Cum
2570 2192 2718 2238 vero,
2752 2176 2847 2237 ait,
2886 2176 2935 2229 is
2958 2176 3192 2239 laetatur,
3227 2190 3335 2227 non

1772 2270 2156 2326 commiscetur
2191 2284 2313 2322 cum
2346 2267 2575 2337 ﬂagitio.
2604 2266 2756 2320 Licet
2788 2267 2927 2319 enim
2972 2248 3188 2318 abunde
3213 2279 3337 2317 cor-

1772 2375 1939 2433 porea
1978 2361 2159 2415 lmtitia
2190 2360 2354 2425 adsit,
2400 2360 2671 2428 luxusque
2703 2358 2905 2423 amitat,
2956 2370 3230 2426 nunquam
3283 2356 3338 2408 in

1773 2454 2085 2524 superbiam
2112 2454 2382 2507 illabetur.
2433 2454 2559 2506 Haec
2590 2453 2735 2506 enim
2773 2450 3034 2520 ﬂagitium
3074 2448 3218 2519 apud
3250 2463 3338 2503 sae

1774 2546 1983 2617 pientes
2014 2560 2210 2599 nomen
2245 2545 2427 2599 habet.

2162 2725 2323 2798 186
2377 2721 2604 2782 CXLIV.
2635 2755 2707 2766 --
2733 2724 2939 2779 Eidem.

1844 2819 2058 2876 Dictum
2089 2820 2242 2885 illud,
2281 2828 2341 2873 ut
2376 2818 2494 2888 ipse
2509 2820 2610 2882 ais,
2635 2818 2933 2873 obscurum
2961 2824 3044 2870 est
3070 2832 3084 2870 :
3106 2812 3215 2869 (Ne
3246 2830 3341 2884 ap-

1776 2922 1948 2984 ponas
2002 2912 2170 2981 impio
2199 2912 2383 2965 cibum
2427 2912 2705 2981 jnstorum
2734 2910 2799 2962 ⁵⁷.
2829 2928 2847 2959 ι
2886 2908 3060 2963 liabet
3087 2907 3341 2977 equidem

1777 3004 1984 3059 dictum
2020 3003 2125 3058 hoc
2164 3013 2219 3059 et
2272 3003 2431 3057 aliam
2469 3004 2650 3058 verbis
2702 3001 3005 3070 subjectam
3039 3003 3341 3063 notionem,

1777 3110 1940 3166 quam
1969 3108 2116 3149 nunc
2145 3093 2362 3148 habeto.
2400 3093 2568 3149 Cibus
2597 3092 2839 3147 omnium
2869 3091 3130 3154 ﬁdelium,
3160 3098 3216 3145 et
3246 3090 3345 3143 ali-

1780 3194 2043 3251 mentum,
2080 3192 2136 3241 et
2184 3186 2570 3241 vestimentum
2603 3184 2853 3239 Salvator
2903 3183 3156 3238 Christus
3204 3190 3289 3237 est
3327 3197 3341 3234 :

1778 3278 1835 3334 in
1873 3292 1938 3333 eo
1964 3275 2235 3349 siquidem
2266 3278 2455 3343 creati,
2506 3295 2525 3328 ι
2564 3286 2620 3332 et
2666 3276 2924 3338 vivimus,
2954 3282 3007 3329 et
3040 3286 3339 3333 movemur,

1778 3376 1833 3424 et
1854 3384 2046 3424 sumus
2066 3370 2110 3402 ⁵⁷
2133 3373 2169 3424 ‘.
2208 3388 2227 3422 ›
2270 3369 2404 3423 Cum
2431 3369 2615 3437 itaque
2645 3375 2698 3423 et
2741 3366 3082 3420 Dominicum
3113 3380 3342 3433 corpus,

1778 3467 1833 3515 et
1894 3461 2121 3529 sanguis
2171 3459 2262 3514 Dei
2318 3458 2476 3513 Verbi
2532 3473 2627 3528 per
2691 3456 3126 3512 incarnationem
3182 3453 3341 3508 Verbi

1778 3554 2214 3609 Christianorum
2272 3551 2514 3607 omnium
2551 3551 2708 3606 cibus
2736 3550 2826 3614 sit,
2858 3564 3032 3617 eoque
3061 3561 3263 3602 arcano
3290 3556 3345 3599 et

1780 3647 1999 3701 alantur
2056 3654 2112 3701 et
2165 3653 2457 3716 petentur,
2526 3644 2822 3699 absurdum
2871 3641 3124 3711 equidem
3182 3640 3344 3693 fuerit

1778 3738 2023 3810 praedicti
2056 3737 2241 3793 arcani
2266 3737 2440 3790 virmn
2479 3736 2789 3804 improbum
2826 3733 3189 3801 dolosumque
3218 3744 3345 3799 par-

1780 3831 1995 3900 ticipem
2034 3828 2232 3890 facere,
2272 3826 2436 3882 veluti
2485 3822 2760 3878 Simonem
2827 3823 3082 3893 Magum,
3139 3821 3229 3892 qui
3287 3836 3346 3875 se

1780 3922 2006 3976 credere
2056 3917 2352 3973 simulabat
2382 3916 2467 3970 ⁵⁸ε
2510 3916 2760 3984 quinimo
2812 3923 2868 3969 et
2925 3912 3340 3983 profundiorem

1780 4008 2214 4066 venerandorum
2274 4007 2615 4077 eloquiornm
2670 4005 3176 4074 interpretationem
3225 4004 3344 4056 viro

1782 4101 2052 4172 improbo,
2086 4100 2318 4155 necdum
2347 4098 2565 4152 initiato
2615 4098 2964 4153 concredere.
3004 4115 3025 4149 ι
3051 4095 3129 4152 Ne
3157 4095 3344 4149 tradas

1781 4194 1949 4259 enim,
1970 4194 2064 4257 ait,
2089 4200 2340 4248 sanctum
2370 4190 2518 4251 cani,
2555 4204 2658 4244 nee
2687 4200 2815 4244 ante
2841 4198 3038 4259 pereos
3073 4188 3343 4257 margari-

1782 4295 1870 4340 tas
1893 4284 2152 4355 projieias
2182 4284 2249 4336 ⁸⁹.
2287 4302 2305 4335 ι
2350 4281 2621 4337 Praeterea
2663 4297 2691 4335 a
2742 4296 2827 4335 me
2858 4280 3175 4350 postulasti,
3210 4295 3344 4347 qua-

1783 4390 1907 4429 nam
1937 4375 2148 4428 ratione
2169 4371 3051 4441 Salomonisilludintelligendum
3083 4371 3155 4424 sit
3180 4389 3192 4423 :
3226 4389 3245 4420 ι
3273 4370 3346 4422 Ne

108 4467 322 4529 λίαςς»
370 4464 444 4517 Ού
503 4464 610 4533 γάρ
671 4462 760 4525 ἂν,
807 4461 1143 4532 φιλόχριστε,
1205 4460 1459 4531 καθάπερ
1511 4458 1677 4530 ἄρτου

1781 4465 2030 4522 illudaris
2065 4465 2318 4519 satietate
2343 4464 2548 4519 ventris
2571 4462 2656 4517 ὀἳ
2690 4483 2707 4515 ι
2735 4460 2852 4516 Non
2884 4463 3053 4528 enim,
3086 4475 3118 4516 ο
3139 4461 3344 4516 Christi

110 4554 302 4609 κοινοῦ
331 4555 426 4608 καὶ
453 4552 616 4618 οἴνου,
638 4553 774 4622 πρὸς
803 4551 1119 4623 πλησμονὴν
1154 4551 1255 4620 τῆς
1294 4551 1547 4620 γαστρὸς,
1578 4549 1679 4619 τῆς

109 4646 427 4718 φρικώδους
451 4647 661 4714 ἐκείνης
684 4643 776 4697 καὶ
802 4643 1051 4712 ποθεινῆς
1069 4642 1347 4713 τραπέζης
1386 4641 1681 4711 μετέχομεν

109 4740 213 4792 ἐπὶ
247 4739 349 4807 τῆς
394 4736 736 4805 Ἐκκλησίαςο
772 4734 997 4805 βραχέος
1023 4734 1079 4786 δὲ
1109 4734 1306 4804 μέρους
1334 4731 1479 4795 τινὸς
1514 4748 1683 4802 μετα-

106 4831 324 4884 δίδοται
345 4830 474 4899 ἡμῖν
507 4826 611 4880 ὑπὸ
667 4826 776 4879 τῶν
803 4826 880 4895 τῷ
907 4825 1026 4895 Θεῷ
1069 4824 1545 4895 λειτουργούντων,
1587 4822 1683 4876 καὶ

112 4918 615 4989 μεταλαμϐάνομεν
647 4920 725 4981 εἰς
752 4917 885 4985 ὕψος
905 4916 1237 4980 ἀτενίζοντες
1259 4918 1367 4976 τοῖς
1381 4915 1478 4984 τῆς
1504 4913 1682 4984 ψυχῆς

104 5011 437 5081 ὀφθαλμοῖς,
470 5009 603 5077 πρὸς
630 5008 691 5060 τὸ
716 5005 1110 5077 ηθαρισθῆναι
1174 5005 1679 5076 πλημμελημάτων,

106 5103 214 5155 καὶ
276 5099 550 5171 ἁγιασμοῦ
625 5100 717 5153 καὶ
792 5097 1058 5168 σωτηρίας
1118 5098 1316 5167 τυχεῖν.
1376 5096 1553 5150 Καλὸν
1624 5094 1682 5147 δὲ

104 5190 347 5262 νομίζω,
400 5191 496 5245 καὶ
520 5192 685 5261 ἐν’τῇ
733 5191 882 5261 κοινῇ
935 5188 1182 5260 τραπέζῃ
1221 5189 1279 5242 ἐν
1308 5189 1426 5252 ταῖς
1483 5185 1682 5250 οἰκίαις

104 5282 276 5352 ἡμῶν
301 5280 376 5353 μὴ
405 5282 719 5336 ἀπατᾶσθαι
770 5281 1036 5352 χορτασίᾳ
1073 5281 1302 5343 κοιλίας,
1337 5281 1580 5332 τουτέστι
1608 5277 1684 5349 μὴ

107 5371 471 5443 ὑπερϐαίνειν
490 5373 558 5426 τά
576 5374 699 5445 ὅρια
730 5373 831 5442 τῆς
861 5372 1161 5439 ἀναγκαίας
1211 5371 1399 5442 χρείας
1418 5388 1431 5402 ·
1480 5373 1676 5441 μέτρον

105 5464 226 5534 γὰρ
255 5462 323 5531 δὴ
354 5460 579 5533 ἄριστον
606 5463 707 5531 τῆς
750 5460 859 5515 τῶν
894 5460 1198 5533 βρωμάτων
1222 5461 1256 5531 ἢ
1284 5460 1391 5513 τῶν
1418 5461 1676 5531 πομάτων

107 5558 389 5629 χρήσεως,
425 5556 458 5625 ή
492 5555 648 5625 χρεία
670 5554 903 5625 ὑπάρχει
930 5553 1025 5606 τοῦ
1045 5553 1313 5624 σώματος.

207 5670 456 5724 "Num.
489 5687 615 5735 xxv,
663 5669 686 5721 1
731 5684 852 5739 sqq.
964 5670 1012 5702 ⁸⁵
1052 5669 1215 5723 Prov.
1261 5687 1371 5735 xlv,
1410 5671 1491 5727 10.

111 5742 167 5775 ⁸¹
191 5742 381 5797 Matth.
412 5755 509 5806 vtI,
539 5742 593 5795 6.
669 5740 713 5772 °°
754 5741 910 5793 Prov.
946 5755 1097 5806 ιιιν,
1135 5740 1218 5794 15.

286 5840 553 5901 ΡΑτ-ιιοι..
587 5839 701 5899 Gn.
738 5837 1023 5897 LXXIX.

1601 5672 1644 5703 "
1688 5670 1847 5725 Prov.
1892 5684 2035 5734 xxtv,
2082 5669 2166 5723 15.

1786 4560 1980 4622 amice,
2010 4556 2177 4613 veluti
2202 4557 2510 4611 communis
2536 4556 2694 4627 panis
2720 4565 2774 4610 et
2813 4556 2949 4616 vini,
2983 4554 3048 4609 ad
3083 4553 3344 4608 saturita-

1785 4659 1891 4705 tem
1943 4650 2192 4711 ventris,
2239 4647 2319 4701 sic
2373 4648 2670 4703 tremendae
2732 4647 2879 4701 illius
2936 4662 3000 4701 ac
3048 4644 3349 4713 concupita:

1786 4755 1989 4795 mensae
2022 4740 2075 4792 in
2105 4736 2348 4793 Ecclesia
2372 4738 2799 4807 participamus;
2836 4737 2932 4792 sed
2962 4736 3187 4790 minima
3218 4751 3348 4805 par-

1786 4832 1955 4885 ticula
1994 4832 2150 4886 nobis
2187 4846 2217 4885 a
2265 4830 2371 4885 Deo
2425 4829 2868 4884 ministrantibus
2930 4827 3241 4889 exhibetur,
3295 4834 3350 4878 et

1787 4924 2274 4989 communicamus,
2328 4922 2522 4977 animae
2555 4922 2743 4976 oculos
2791 4922 2845 4974 in
2896 4920 3173 4975 excelsum
3212 4919 3349 4972 dirid

1784 5021 1995 5083 gentes,
2051 5021 2110 5067 ut
2148 5028 2177 5066 a
2231 5012 2472 5083 peccatis
2505 5012 2853 5072 mundemur,
2905 5016 2959 5064 et
3003 5010 3348 5064 sanctitatem

1782 5115 1946 5175 atque
1971 5105 2199 5160 salutem
2223 5117 2646 5175 consequamur.
2676 5102 2951 5171 Optimum
2977 5101 3139 5155 etiam
3166 5098 3352 5153 existi-
3465 5156 3483 5169 χ

1785 5211 1896 5258 mo,
1932 5211 2034 5249 nos
2087 5197 2141 5249 in
2177 5210 2364 5249 mensa
2416 5192 2696 5249 communi
2732 5193 2872 5261 apud
2928 5190 3075 5245 aedes
3130 5195 3348 5243 nostras

1785 5286 2037 5340 satietate
2068 5286 2271 5338 ventris
2297 5300 2406 5338 non
2434 5283 2614 5345 illudi,
2671 5298 2805 5337 usus
2834 5295 3026 5351 nempe
3054 5278 3351 5333 necessarii
3400 5330 3403 5331 ν

1781 5376 1987 5431 limites
2011 5390 2118 5429 non
2140 5375 2416 5430 excedere.
2440 5367 2691 5429 Mensura
2720 5386 2951 5442 namque
2975 5370 3082 5425 cibi
3106 5384 3172 5424 ac
3194 5379 3352 5438 potus

1785 5468 1986 5538 Optima
2018 5467 2198 5531 fuerit,
2233 5466 2536 5522 necessitas
2562 5464 2824 5534 corporis.

2279 5666 2347 5705 δ”
2370 5670 2489 5724 Act.
2522 5682 2653 5731 xvtt,
2679 5667 2768 5721 ‘38.
2877 5662 2922 5693 "
2960 5662 3081 5714 Art.
3109 5673 3227 5717 vnt,
3264 5656 3347 5708 i5.

2928 5824 2961 5881 9
