3888 6040
558 322 663 384 $67

696 435 854 506 [87
885 433 1088 489 CXLV.
1118 465 1189 478 --
1218 435 1573 492 EULAMPIO
1609 435 1993 492 SOPHIS'UE.

630 528 770 595 Quid
809 527 941 582 mihi
967 528 1279 584 Graacorum
1319 530 1618 600 sapientes,
1650 539 1910 597 protensa
1956 530 2125 585 barba

555 633 887 690 praegraves,
923 629 976 673 et
1005 617 1380 674 bumeralibus
1429 619 1749 685 adornatos,
1805 620 2127 690 tumideque

559 708 798 772 inﬂatos,
832 709 1026 762 baculo
1059 709 1335 778 barbaque
1368 709 1776 764 venerationem
1814 711 1920 765 sibi
1954 726 2126 764 aucu-

558 811 771 872 pantes,
801 803 1120 872 protendis?
1166 802 1370 858 Paulus
1395 803 1540 857 enim
1589 803 1889 857 aulaeorum
1923 811 2124 869 textor,

557 893 625 946 de
658 893 745 946 via
779 896 963 957 homo,
1008 902 1062 949 et
1094 896 1236 964 apud
1269 910 1460 950 omnes
1509 895 1848 965 contemptui
1884 895 2123 962 habitus,

557 983 816 1040 Graeciam
849 985 1194 1054 reliquasque
1227 985 1486 1042 barbaras
1522 1000 1710 1055 gentes
1745 987 2028 1042 universas
2059 987 2126 1042 ad

557 1074 725 1132 Deum
759 1079 1050 1131 convertit.
1092 1079 1194 1144 Qui
1233 1094 1361 1132 vero
1408 1079 1552 1148 apud
1585 1096 1682 1136 vos
1736 1080 2126 1134 circumfertur

555 1166 913 1235 omniumque
939 1166 1194 1221 manibus
1235 1167 1450 1232 teritur,
1488 1166 1665 1234 Plato,
1707 1169 1870 1223 tertio
1901 1173 1954 1222 in
1983 1169 2125 1222 Sici-

554 1261 683 1316 liam
716 1261 1084 1333 adnavigans,
1139 1279 1263 1318 cum
1295 1265 1588 1319 verborum
1630 1265 1849 1319 illorum
1888 1272 2122 1331 tumore,

554 1354 693 1410 etde
726 1371 785 1410 se
815 1365 1074 1426 concepta
1105 1357 1388 1426 splendida
1429 1357 1706 1428 Opinione,
1759 1372 1935 1426 neque
1960 1358 2123 1413 unius

556 1447 774 1517 tyranni
803 1462 1027 1517 compos
1058 1447 1238 1504 factus
1267 1458 1374 1516 est;
1411 1448 1505 1504 sed
1538 1449 1618 1504 sic
1648 1449 1843 1502 misere
1865 1447 2122 1514 decessit,

556 1547 706 1594 utet
751 1540 1056 1595 libertatem
1119 1542 1292 1610 ipsam
1349 1541 1619 1596 amiserit.
1669 1541 1771 1595 Ast
1823 1540 2120 1594 anlzeorum

554 1637 753 1692 textor,
812 1645 922 1684 non
985 1630 1230 1685 Siciliam
1283 1639 1530 1694 tantum,
1580 1645 1690 1684 non
1739 1630 1972 1696 Italiam,
2023 1629 2122 1685 sed

557 1720 872 1776 universum
906 1731 1177 1778 terrarum
1231 1722 1417 1776 orbem
1467 1722 1671 1792 pietate
1716 1721 2123 1792 praedicationis

550 1827 806 1868 emensus
834 1821 939 1868 est.

659 1904 888 1960 CXLVI.
929 1937 1000 1947 —
1028 1904 1422 1964 PHILOXENO
1468 1905 2014 1963 CENSOPHYLACI.

621 1994 808 2068 Neque
840 1998 893 2052 in
937 1998 1099 2054 rebus
1135 1999 1394 2055 secundis
1431 2013 1498 2054 ac
1546 1999 1737 2054 faustis
1764 1999 2122 2070 corybantum

551 2104 706 2144 more
727 2090 944 2154 insano,
979 2098 1143 2160 atque
1183 2090 1334 2144 inani
1370 2098 1583 2146 tumore
1617 2089 1794 2144 inﬂari
1838 2090 2120 2152 debemus,

554 2192 732 2247 neque
787 2177 843 2230 in
901 2176 1146 2233 adversis
1201 2181 1553 2235 successibus
1597 2179 1896 2235 bestiarum
1948 2180 2123 2235 instar

553 2267 892 2338 despondere
949 2270 1210 2334 animum,
1255 2277 1310 2326 et
1345 2286 1377 2325 a
1411 2287 1648 2326 maerore
1699 2271 1980 2326 absorberi
2020 2289 2035 2327 :
2068 2270 2118 2325 id

554 2374 790 2430 namque
820 2360 1000 2429 pusilli
1032 2361 1196 2415 animi
1214 2369 1376 2432 atque
1399 2362 1634 2418 imbellis
1659 2373 1758 2418 est.
1789 2361 1855 2415 Et
1881 2377 2121 2432 prazsens

556 2449 670 2504 haec
700 2450 809 2504 vita
841 2452 1181 2521 corruptioni
1216 2453 1452 2507 obnoxia
1498 2469 1677 2509 scena:
1713 2453 1978 2510 assimilis
2012 2465 2116 2510 est.

555 2541 736 2609 Quare
784 2559 959 2614 neque
1011 2543 1346 2598 fortunatum
1383 2561 1507 2600 esse
1551 2561 1769 2616 semper
1807 2546 1863 2602 in
1899 2547 2116 2614 iisdem,

556 2649 732 2704 neque
764 2633 889 2688 huic
913 2635 1224 2704 oppositum
1249 2636 1444 2690 stabile
1475 2635 1660 2690 fuerit.

772 2723 1022 2780 CXLVII.
1045 2757 1114 2770 «-
1144 2726 1471 2783 LYCURGO
1528 2726 1912 2784 ILLUSTRIO.

624 2815 758 2882 Quis
808 2826 861 2870 te
901 2832 1010 2870 non
1065 2817 1345 2872 irridebit?
1384 2819 1519 2884 Quis
1549 2819 1616 2873 de
1649 2819 1756 2872 isto
1789 2827 1880 2872 tuo
1936 2818 2120 2874 studio

554 2906 720 2960 nullis
770 2905 1134 2960 circumcluso
1182 2906 1379 2962 tinibus
1426 2922 1537 2962 non
1587 2908 1903 2963 accusabit?
1955 2909 2117 2980 188

553 2995 689 3062 Quis
719 2998 946 3050 stultum
975 2995 1212 3052 furorem
1247 3013 1353 3051 non
1395 2998 1756 3068 reprehendet
1777 3041 1792 3062 ,
1825 3000 1916 3070 qui
1957 3002 2115 3055 colli-

553 3087 745 3156 gerulis
766 3088 1009 3156 pecuniis
1032 3103 1309 3158 nunquam
1341 3071 1700 3157 exsaturaris,
1736 3106 1910 3160 eaque
1946 3089 2117 3160 possi-

554 3177 683 3234 dere
703 3178 1010 3243 existimas,
1035 3195 1175 3249 quae,
1211 3182 1448 3236 moriens
1477 3189 1531 3235 et
1569 3180 1622 3234 in
1666 3182 1938 3251 regionem
1964 3183 2110 3235 illam

554 3282 583 3321 a
620 3270 914 3324 tremendis
948 3271 1155 3342 angelis
1177 3271 1383 3324 catenis
1414 3270 1629 3326 vinctus
1647 3271 1986 3339 deportatus,
2008 3287 2112 3325 una

552 3371 731 3416 tecum
764 3363 1064 3418 convehere
1100 3378 1206 3417 non
1234 3365 1465 3432 poteris;
1508 3363 1965 3443 quinimodiostis
1998 3379 2115 3416 niu-

556 3471 660 3510 nus
691 3455 926 3526 peragis,
955 3470 1078 3510 cum
1112 3455 1530 3519 inhumanitate,
1571 3469 1633 3509 ac
1662 3455 1892 3519 crudeli,
1931 3455 2116 3510 elfera-

553 3556 720 3616 toque
753 3549 1032 3616 proposito
1067 3561 1325 3618 perquam
1373 3547 1834 3616 improbissimatn
1877 3547 2113 3600 animam

555 3645 702 3690 tuam
739 3639 792 3690 in
827 3638 989 3690 rebus
1016 3637 1320 3706 potissimis
1367 3637 1536 3697 laedis,
1595 3636 2010 3706 propendesque
2060 3637 2115 3690 in

555 3728 1060 3798 aﬂiuemjuvenem,
1091 3729 1182 3798 qui
1217 3743 1533 3797 magnarum
1568 3727 1760 3781 harum
1786 3739 2000 3780 :uarum
2032 3725 2116 3781 fa-

543 3822 841 3885 cultatum,
886 3830 946 3875 ut
979 3831 1061 3877 est
1111 3822 1391 3877 hominum
1447 3822 1654 3892 Opinio,
1693 3821 1863 3877 hzeres
1898 3821 2116 3878 futurus

553 3913 676 3968 est?
705 3911 811 3968 bed
842 3912 1104 3966 annuntio
1131 3912 1228 3967 tibi
1249 3914 1424 3977 triste,
1447 3920 1500 3968 et
1521 3914 1661 3984 quod
1694 3914 1927 3969 maxime
1948 3915 2117 3969 velles

555 4015 615 4060 ut
642 4019 752 4060 non
774 4019 1015 4076 praesens
1058 4003 1294 4060 adesset.
1335 4005 1506 4060 Breve
1538 4013 1660 4076 post
1691 4013 1907 4074 tempus
1937 4005 2117 4060 dulcis

554 4100 645 4152 hic
672 4098 843 4153 haeres
873 4105 1022 4162 tuus,
1047 4097 1100 4151 in
1118 4113 1279 4168 quem
1304 4100 1508 4163 omnia,
1529 4097 1736 4167 scripto
1761 4099 1925 4158 etiam
1945 4097 2116 4164 edito,

551 4190 764 4253 vivens,
799 4197 854 4244 et
892 4189 1133 4258 sapiens,
1183 4203 1521 4260 corporeque
1549 4189 1688 4244 bene
1731 4190 1943 4252 valens,
1996 4204 2118 4257 quze

553 4290 649 4336 tua
679 4281 996 4346 intererant,
1021 4281 1394 4345 transvexisti,
1430 4290 1662 4335 mortem
1695 4281 1890 4345 obibit,
1917 4287 1972 4336 et
2007 4289 2120 4336 tres

552 4389 759 4443 eosque
787 4375 932 4429 solos
966 4374 1264 4444 sepultura:
1285 4375 1498 4428 cubitos
1529 4373 1892 4428 haereditabit.
1927 4372 2120 4443 Tuque

2023 326 2081 386 S.
2124 328 2284 388 NILI

2151 459 2201 514 Δ

2153 1793 2200 1853 Β

2513 443 2690 498 PME'.
2713 473 2780 484 —
2808 442 3164 518 summa
3178 445 3486 520 ΣΟΦΙΣΊᾙ.

2298 533 2363 586 Τί
2428 529 2518 604 μοι
2573 537 2902 611 προσφέρεις
2951 539 3074 602 τοὺς
3113 538 3220 592 τῶν
3247 540 3513 610 Ἐλλήνων
3570 539 3796 605 σοφοὺς,

2225 623 2349 686 τοὺς
2379 623 2563 694 βαθεῖς
2587 628 2711 690 τοὺς
2755 626 3022 696 πώγωνας
3051 628 3326 693 ἕλκοντας,
3360 630 3456 684 καὶ
3482 627 3798 697 ἀναϐεϐλη·

2230 713 2425 782 μένους
2456 711 2553 775 τὰς
2573 713 2870 784 ἐπωμίδας,
2905 717 2999 769 καὶ
3039 715 3178 786 μέγα
3209 717 3493 785 φυσῶντας
3522 717 3586 770 τὸ
3614 715 3800 768 δοκεῖν

2228 803 2584 872 σεμνύνεσθαι
2636 809 2700 878 τῇ
2753 806 3022 879 βακτηρίᾳ
3079 809 3172 862 καὶ
3198 811 3263 880 τῇ
3303 809 3532 881 ὑπήνης
3577 807 3799 871 Παῦλος

2226 895 2334 966 γὰρ
2359 897 2387 948 ό
2415 899 2732 966 σκηνοποιὸς
2761 901 3267 970 κατηυτελισμένος,
3289 901 3388 970 τὴν
3423 900 3659 954 Ἐλλάδα
3704 899 3797 952 καὶ

2225 987 2324 1056 τὴν
2346 985 2614 1058 βάρϐαρον
2647 991 2824 1042 πᾶσαν
2864 990 3138 1062 ἀπέτρεψε
3179 992 3312 1062 πρὸς
3337 991 3498 1044 Θεόν·
3533 993 3560 1043 ό
3578 990 3642 1043 δὲ
3667 989 3796 1059 παρ’

2227 1078 2352 1140 ὑμῖν
2371 1080 2650 1148 κὰγόμενος
2707 1082 2798 1134 καὶ
2831 1083 3258 1153 περιφερόμενος
3297 1083 3540 1145 Πλάτων,
3608 1080 3797 1148 τρίτον

2226 1167 2306 1230 είς
2336 1169 2580 1223 Σικελίαν
2608 1170 2796 1238 ἐλθὼν,
2833 1172 2972 1243 μετὰ
2995 1175 3088 1225 τοῦ
3125 1172 3337 1242 κόμπου
3373 1174 3480 1225 τῶν
3529 1171 3794 1242 ῥημάτων
3821 1171 3824 1174 ’

2230 1259 2474 1324 ἐκείνων,
2528 1262 2662 1332 μετά
2698 1263 2795 1332 τῆς
2833 1263 3152 1334 ὑπολήψεως
3192 1263 3292 1333 τῆς
3322 1264 3605 1334 λαμπρᾶς,
3670 1261 3793 1313 οὐδὲ

2225 1348 2343 1412 ἐνὸς
2384 1353 2698 1420 περιγέγονε
2735 1352 3018 1422 τυράννουο
3068 1353 3180 1406 ἀλλ’
3214 1352 3388 1417 οὕτως
3443 1353 3650 1414 ἀθλίως
3687 1355 3793 1406 ἀπ-

2225 1438 2471 1508 ήλλαξεν,
2502 1442 2575 1503 ὡς
2590 1442 2682 1494 καὶ
2708 1443 2876 1511 αὐτῆς
2898 1445 3144 1496 ἐκπεσεῖν
3166 1447 3262 1514 τῆς
3289 1442 3626 1512 ἐλευθερίας.
3665 1441 3792 1495 Ὀδέ

2225 1545 2288 1597 γε
2337 1532 2657 1600 σκηνοποιὸς
2706 1533 2766 1585 οὐ
2826 1533 3074 1587 Σικελίαν
3137 1535 3316 1606 μόνον,
3377 1536 3485 1586 οὐδ’
3533 1533 3791 1599 Ἰταλίαν,

2223 1621 2358 1674 ἀλλά
2394 1624 2571 1675 πᾶσαν
2593 1623 2668 1694 τῷ
2697 1625 3007 1696 κηρύγματι
3045 1625 3142 1696 τῆς
3164 1625 3446 1690 εὐσεὸείας
3468 1626 3571 1696 τὴν
3606 1626 3791 1678 οἰκου-

2229 1713 2394 1785 μένην
2417 1715 2741 1785 ἐπέδραμεν.

2400 1899 2594 1967 PMG'.
2614 1932 2680 1942 —
2711 1901 3046 1974 ΦΙΛΟΞΕΝῼ
3075 1903 3602 1959 ΚΗΝΣΟΦΥΛΑΚΙ.

2295 1989 2431 2044 Οὔτε
2481 1993 2538 2045 ὲν
2578 1997 2700 2056 ταῖς
2755 1993 3040 2065 εὐθυμίαις
3113 1995 3470 2067 κορυϐαντιᾷν
3530 1995 3618 2049 δεῖ
3699 1996 3792 2051 καὶ

2221 2083 2490 2152 φυσᾶσθαι
2551 2085 2811 2156 ματαίως,
2866 2086 2978 2139 οὒτ’
3017 2087 3075 2139 ὲν
3127 2090 3246 2151 ταῖς
3289 2086 3786 2158 σκυθρωποτέραις

2219 2176 2584 2229 καταστάσεσι
2618 2177 2979 2231 καταπίπτειν
3025 2177 3234 2246 ἀλόγως
3275 2178 3368 2232 κα)⁵
3395 2179 3790 2242 καταποντίζε-

2221 2268 2342 2321 σθαι
2387 2269 2490 2322 ὑπὸ
2526 2270 2624 2338 τῆς
2677 2269 2872 2341 λύπης.
2948 2269 3232 2341 Ἀνάνδρου
3307 2271 3414 2342 γὰρ
3464 2271 3646 2342 ψυχῆς
3698 2271 3789 2324 καὶ

2223 2357 2470 2428 μαλακῆς
2498 2357 2654 2411 τοῦτό
2680 2375 2763 2428 γε,
2819 2358 2985 2413 Οὐδὲν
3014 2359 3071 2412 δὲ
3117 2360 3321 2432 σκηνῆς
3363 2361 3391 2412 ό
3425 2360 3787 2432 φθειρόμενος

2217 2443 2373 2513 οὗτος
2425 2449 2700 2521 διενήχοχε
2767 2450 2901 2521 βίος.
2959 2449 3094 2505 Οὔτε
3158 2451 3288 2520 γοῦν
3337 2451 3396 2505 τὸ
3447 2453 3787 2523 εὐπρακτεῖν

2218 2544 2336 2596 κατ’
2391 2544 2570 2611 αὑτὸν,
2614 2543 2737 2598 οὔτε
2798 2545 2902 2616 μὴν
2957 2545 3267 2599 τούναντίον
3335 2548 3642 2616 φανήσεται
3702 2544 3788 2616 βέ-

2219 2634 2394 2689 6αιον.

2433 2729 2607 2783 PM-Z'.
2624 2759 2693 2769 —
2717 2730 3084 2802 ΛΥΚΟΥΡΓῼ
3122 2731 3553 2802 ῙΛΛΟΥΣΤΡΙῼ.

2286 2822 2381 2884 Τίς
2411 2838 2469 2874 σε
2493 2821 2592 2873 οὐκ
2626 2822 2691 2874 ἂν
2719 2821 3006 2887 γελάσεται
3031 2859 3046 2884 ,
3088 2821 3171 2885 τίς
3199 2839 3258 2874 σε
3294 2822 3392 2874 οὐκ
3411 2819 3475 2873 ἂν
3499 2818 3779 2890 μέμψεται

2215 2913 2316 2984 τῆς
2350 2913 2654 2982 ἀπεράντου
2680 2911 2918 2982 σπουδῆς
2947 2929 2962 2978 ;
3020 2913 3115 2976 Τίς
3144 2929 3201 2965 σε
3224 2913 3284 2964 οὐ
3322 2911 3652 2982 μυκτηρίσει
3683 2911 3781 2980 τῆς

2217 3003 2446 3074 ἄφρονος
2504 3003 2699 3074 μανίας
2734 3044 2748 3068 ,
2807 3003 3110 3071 συνάγοντα
3177 3005 3276 3074 μὲν
3335 3002 3655 3073 ἁκορέστως
3716 3002 3783 3054 τὰ

2215 3090 2451 3144 τοσαῦτα
2511 3093 2806 3162 χρήματα,
2863 3093 3112 3162 κατέχειν
3179 3093 3234 3145 δὲ
3289 3092 3571 3156 δοκοῦντα,
3635 3093 3780 3162 ὅπερ

2219 3180 2480 3252 μηδαμῶς
2533 3181 2736 3254 δυνήσῃ
2782 3181 3158 3252 συνεξενεγκαι
3211 3182 3480 3254 θνήσκων,
3519 3181 3661 3252 πρὸς
3693 3183 3781 3234 τὸν

2214 3273 2331 3325 ἐκεῖ
2371 3274 2569 3344 κόσμον
2610 3276 2712 3327 ὑπὸ
2759 3276 3001 3347 φρικτῶν
3061 3276 3304 3344 ἀγγέλων
3360 3275 3660 3346 συρόμενος
3698 3274 3780 3328 δέ·

2217 3380 2394 3434 σμιος,
2444 3363 2639 3436 ἐχθροῦ
2686 3367 2742 3419 δὲ
2781 3370 3011 3438 πρᾶγμα
3061 3365 3336 3431 ποιοῦντα,
3368 3367 3425 3424 ὲν
3453 3365 3530 3436 τῷ
3562 3365 3653 3418 διὰ
3684 3366 3780 3434 τῆς

2215 3456 2604 3526 ἀπανθρωπίας
2673 3459 2764 3510 καὶ
2817 3459 2915 3527 τῆς
2968 3458 3231 3529 ἁνηλεοῦς
3311 3459 3405 3511 καὶ
3455 3457 3778 3528 ἀμειλίκτου

2215 3546 2438 3617 γνώμης
2464 3549 2720 3618 βλάπτειν
2770 3550 2838 3603 τὰ
2869 3551 3100 3620 μέγιστα
3124 3551 3223 3622 τὴν
3241 3551 3615 3622 ἀνοσιωτάτην
3649 3567 3780 3603 σαυ-

2215 3639 2309 3692 τοῦ
2353 3641 2549 3712 ψυχὴν,
2610 3642 2962 3714 προσκεῖσθαι
2988 3643 3043 3696 δὲ
3077 3642 3153 3713 τῷ
3199 3645 3450 3711 συγγενεῖ
3510 3643 3780 3712 νεανίσκῳ

2217 3729 2553 3801 νομιζομένῳ
2594 3732 2946 3803 κληρονομεῖν
2979 3732 3077 3803 τὴν
3108 3731 3205 3801 σὴν
3254 3733 3494 3804 μεγάλην
3548 3732 3775 3798 οὑσίανς

2229 3824 2368 3875 Ἀλλ’
2399 3824 2814 3893 εὐαγγελίζομαί
2846 3841 2927 3877 σοι
2969 3824 3166 3896 πικρόν
3208 3841 3260 3878 τι
3292 3825 3384 3877 καὶ
3437 3824 3558 3876 λίαν
3613 3823 3779 3878 ἀϐού-

2217 3916 2376 3985 λητον
2397 3931 2410 3946 ο
2445 3915 2757 3986 τεθνήξεται
2798 3915 2905 3986 γὰρ
2944 3915 3059 3986 μετ’
3099 3915 3317 3984 όλίγονό
3345 3914 3552 3984 γλυκὺς
3581 3914 3780 3988 κληρο-

2220 4005 2376 4075 νόμοι,
2417 4023 2532 4070 σου,
2563 4009 2641 4067 εἰς
2662 4005 2828 4074 ὅνπερ
2860 4006 2952 4058 καὶ
2975 4005 3149 4060 πάντα
3177 4005 3468 4076 ἐγγράφως
3524 4006 3658 4070 ζῶν,
3690 4006 3779 4060 καὶ

2221 4099 2451 4169 φρονῶν,
2485 4099 2579 4150 καὶ
2599 4097 2887 4169 εὑρωστῶν
2907 4097 3080 4150 διέθου
3117 4098 3182 4150 τά
3213 4098 3534 4167 διαφέροντά
3565 4115 3672 4162 σοι,
3692 4101 3780 4152 καὶ

2221 4189 2310 4243 τοῦ
2349 4189 2630 4259 μνήματος
2663 4191 2789 4252 τοὺς
2833 4191 2980 4260 τρεῖς
3010 4188 3103 4241 καὶ
3154 4189 3348 4256 μόνους
3380 4187 3780 4258 κληρονομήσει

2221 4284 2434 4352 πήχεις.
2461 4282 2568 4338 Καὶ
2599 4281 2816 4343 πάντως
2844 4279 3166 4352 ἑκπλαγήσῃ
3192 4277 3403 4348 βλέπων
3430 4278 3547 4330 νέον
3579 4277 3782 4330 θαπτό-

2225 4392 2381 4445 μενον
2444 4374 2548 4443 πρὸ
2604 4373 2862 4444 γέροντος
2925 4370 3298 4441 πολυχρονίου.
3358 4369 3512 4439 Τάχα
3574 4369 3633 4422 δὲ
3684 4370 3781 4423 οὐκ

555 4468 782 4521 omnino
811 4467 1182 4537 obstupesces,
1213 4475 1340 4522 ante
1371 4483 1556 4523 senem
1588 4467 1775 4522 multis
1807 4468 1966 4521 annis
1989 4482 2115 4538 gra-

2225 4465 2556 4535 ὲκπλαγήσει
2580 4464 2670 4516 ἐπὶ
2692 4462 2883 4533 τούτῳ,
2909 4461 3028 4514 οὐδέ
3050 4479 3110 4530 γε
3137 4459 3452 4530 ξενισθήσῃ,
3481 4459 3782 4531 προτεθεα-

559 4574 680 4613 vcm
730 4557 985 4626 juvenem
1032 4559 1327 4629 sepultura:
1377 4559 1699 4612 tradendum
1742 4559 2110 4628 conspiciens.

556 4649 621 4703 Et
652 4649 792 4705 forte
832 4651 998 4706 etiam
1028 4666 1136 4706 non
1167 4651 1543 4721 obstupesces,
1597 4666 1774 4721 neque
1809 4651 1887 4704 uti
1940 4650 2006 4704 de
2059 4665 2118 4704 re

555 4758 694 4796 nova
729 4742 1108 4808 admiraberis,
1142 4744 1340 4800 similia
1372 4745 1602 4798 intuitus
1646 4744 1768 4798 aliis
1800 4744 1962 4797 etiam
1992 4743 2117 4796 Illu-

551 4833 704 4888 striis
747 4833 1101 4904 Aristophani
1146 4843 1197 4889 et
1226 4833 1507 4889 Crescenti
1555 4831 1842 4886 accidisse.
1886 4830 2118 4884 Verum-

555 4934 736 4978 tamen
766 4940 930 4989 nunc,
955 4927 1030 4979 uti
1063 4941 1161 4996 par
1179 4933 1280 4991 est,
1312 4926 1368 4980 in
1393 4939 1582 4979 sanam
1612 4932 1845 4977 mentem
1876 4922 2114 4989 rediens,

558 5019 765 5088 ingenti
814 5019 1074 5088 ingluviei
1108 5019 1268 5073 linem
1313 5018 1554 5086 impone,
1584 5030 1759 5083 neque
1790 5014 2119 5083 periturum,

558 5111 654 5166 sed
700 5122 846 5165 tuam
880 5113 1116 5166 animam
1160 5109 1541 5188 iniquitatibus
1589 5107 1828 5161 deditam
1873 5105 2121 5174 deplora,

555 5209 715 5271 teque
746 5201 923 5270 ipsum
953 5201 1235 5272 corrigito,
1263 5200 1513 5267 bonaque
1542 5211 1708 5266 opera
1756 5194 2119 5264 amplectitor,

556 5301 848 5362 antequam
878 5307 908 5348 e
937 5292 1220 5362 praesentis
1253 5290 1440 5344 saeculi
1463 5303 1627 5344 scena
1655 5301 1843 5349 exeas,
1884 5286 2126 5354 illucque

555 5383 791 5454 migres,
839 5384 932 5439 ubi
979 5384 1033 5437 in
1075 5391 1352 5453 posterum
1390 5379 1593 5435 nemini
1651 5393 1716 5432 ex
1753 5377 1987 5431 mortuis
2018 5388 2118 5445 pro

556 5472 776 5530 delictis
829 5471 1190 5544 respondendi
1224 5471 1366 5526 ullus
1412 5469 1632 5528 dabitur
1671 5469 1844 5532 locus,
1893 5467 1983 5520 ubi
2024 5480 2120 5520 ne-

555 5581 662 5636 que
692 5567 926 5630 amicus,
959 5581 1134 5636 neque
1175 5578 1390 5626 servus,
1443 5577 1616 5632 nequc
1674 5561 2119 5630 consanguineus

555 5653 867 5720 defendere,
899 5661 992 5708 aut
1019 5667 1212 5725 pmnas
1246 5652 1415 5708 luenti
1449 5649 1815 5721 sempiternas
1837 5648 2118 5719 suppetias

559 5746 701 5801 ferre
735 5746 954 5804 Doterit.

2221 4559 2380 4628 μένος
2405 4555 2503 4625 ήδη
2535 4553 2756 4607 τοιαῦτα
2786 4551 3167 4622 συμὸεϐηκότα
3209 4553 3320 4612 τοῖς
3361 4549 3542 4611 ἄλλοις
3582 4547 3784 4601 Ἰλλου-

2218 4649 2453 4718 στρίοις,
2498 4646 2887 4716 Ἀριστοφάνει,
2947 4647 3040 4697 καὶ
3092 4643 3423 4714 Κρήσκεντι.
3462 4639 3629 4692 Ἀλλὰ
3691 4641 3785 4693 νῦν

2215 4742 2346 4809 γοῦν
2376 4740 2617 4810 ἐκνήψας
2669 4736 3078 4810 προσηκόντως,
3141 4736 3390 4788 πέπαυσο
3428 4733 3528 4802 τῖς
3580 4732 3785 4800 πολλῆς

2215 4831 2545 4901 ἀπληστίας,
2568 4829 2662 4883 καὶ
2696 4830 2770 4899 μὴ
2799 4829 2892 4882 τὸν
2929 4827 3187 4897 τελευτᾷν
3224 4825 3485 4896 μέλλοντα
3513 4823 3782 4897 κλαύσῃς,

2219 4923 2356 4978 ἀλλά
2394 4922 2492 4993 τὴν
2545 4920 2743 4975 σαυτοῦ
2783 4919 2958 4990 ψυχὴν
3017 4918 3374 4988 φιλοπόνηρον
3433 4915 3788 4986 ὑπάρχουσαν

2220 5015 2507 5088 θρήνησον,
2537 5012 2792 5081 καὶπρὸς
2845 5011 3135 5082 διόρθωσιν
3186 5007 3350 5080 ρέψον
3394 5007 3489 5060 καὶ
3521 5005 3787 5074 ἀγαθοερο

2220 5109 2361 5177 γίας,
2421 5108 2547 5178 πρὶν
2605 5104 2837 5172 ἐξελθεῖν
2885 5121 2942 5156 σε
2974 5103 3075 5172 τῆς
3114 5101 3320 5172 σκηνῆς
3382 5098 3477 5152 τοῦ
3517 5098 3788 5169 παρόντος

2220 5199 2431 5264 αἰῶνος,
2469 5199 2562 5252 καὶ
2614 5197 2965 5269 πορευθῆναι,
3033 5195 3161 5250 ἔνθα
3213 5193 3404 5266 μηδεὶς
3440 5191 3631 5244 λοιπὸν
3685 5189 3789 5243 τῶν

2225 5293 2655 5348 ὲναποθανόντων
2681 5295 2792 5355 τοῖς
2839 5292 3172 5362 πταίσμασιν
3203 5290 3428 5362 εὑρήσει
3487 5283 3789 5351 ἀπολογίας

2225 5387 2426 5457 χώραν,
2480 5386 2606 5440 ἔνθα
2657 5386 2732 5458 μὴ
2785 5385 2958 5454 φίλος,
3003 5385 3076 5456 μὴ
3123 5383 3328 5448 δοῦλος,
3390 5380 3465 5451 μὴ
3516 5373 3788 5445 συγγενὴς

2227 5476 2595 5546 συνηγορήσαι
2634 5475 2669 5547 ἢ
2712 5474 2977 5547 βοηθῆσαι
3016 5472 3362 5543 κολαζομένῳ
3383 5470 3465 5534 εἰς
3494 5467 3628 5531 τοὺς
3662 5462 3791 5520 αἰῶ-

2225 5565 2572 5637 ναςηίσχύσει.
