  <div class='ocr_page' id='page_1' title='image "/cluster/home/n/w/nwhite01/storage/ocr_20150623/79/hvd.32044010610517/142.png"; bbox 0 0 3888 6040; ppageno 0'>
   <div class='ocr_carea' id='block_1_1' title="bbox 99 346 206 408">
    <p class='ocr_par' dir='ltr' id='par_1_1' title="bbox 99 346 206 408">
     <span class='ocr_line' id='line_1_1' title="bbox 99 346 206 408; baseline 0.019 -2"><span class='ocrx_word' id='word_1_1' title='bbox 99 346 206 408; x_wconf 74' lang='lat'><strong>269</strong></span> 
     </span>
    </p>
   </div>
   <div class='ocr_carea' id='block_1_2' title="bbox 331 466 1435 539">
    <p class='ocr_par' dir='ltr' id='par_1_2' title="bbox 331 466 1435 539">
     <span class='ocr_line' id='line_1_2' title="bbox 331 466 1435 539; baseline 0.005 -21"><span class='ocrx_word' id='word_1_2' title='bbox 331 466 514 519; x_wconf 79' lang='lat' dir='ltr'><strong>PMH&#39;.</strong></span> <span class='ocrx_word' id='word_1_3' title='bbox 547 495 616 510; x_wconf 76' lang='grc' dir='ltr'>-ν</span> <span class='ocrx_word' id='word_1_4' title='bbox 652 466 997 539; x_wconf 80' lang='grc' dir='ltr'><strong>ΝΙΚΑΝΔΡῼ</strong></span> <span class='ocrx_word' id='word_1_5' title='bbox 1026 468 1435 524; x_wconf 79' lang='grc' dir='ltr'><strong>ΕΞΚΕΠΤΟΡΙ.</strong></span> 
     </span>
    </p>
   </div>
   <div class='ocr_carea' id='block_1_3' title="bbox 167 555 1661 633">
    <p class='ocr_par' dir='ltr' id='par_1_3' title="bbox 167 555 1661 633">
     <span class='ocr_line' id='line_1_3' title="bbox 167 555 1661 633; baseline 0.002 -24"><span class='ocrx_word' id='word_1_6' title='bbox 167 555 441 619; x_wconf 77' lang='grc' dir='ltr'><strong>Πολλάκις</strong></span> <span class='ocrx_word' id='word_1_7' title='bbox 482 574 564 609; x_wconf 86' lang='grc' dir='ltr'><strong>σοι</strong></span> <span class='ocrx_word' id='word_1_8' title='bbox 594 556 825 628; x_wconf 77' lang='grc' dir='ltr'>εἴρηκα,</span> <span class='ocrx_word' id='word_1_9' title='bbox 875 560 967 612; x_wconf 75' lang='grc' dir='ltr'>καὶ</span> <span class='ocrx_word' id='word_1_10' title='bbox 1006 559 1099 614; x_wconf 75' lang='grc' dir='ltr'><strong>νῦν</strong></span> <span class='ocrx_word' id='word_1_11' title='bbox 1136 561 1194 615; x_wconf 90' lang='grc' dir='ltr'><strong>δέ</strong></span> <span class='ocrx_word' id='word_1_12' title='bbox 1222 579 1402 633; x_wconf 85' lang='grc' dir='ltr'>φημι,</span> <span class='ocrx_word' id='word_1_13' title='bbox 1452 561 1534 613; x_wconf 85' lang='grc' dir='ltr'>ὅτι</span> <span class='ocrx_word' id='word_1_14' title='bbox 1569 559 1661 613; x_wconf 80' lang='grc' dir='ltr'><strong>διὰ</strong></span> 
     </span>
    </p>
   </div>
   <div class='ocr_carea' id='block_1_4' title="bbox 96 649 1656 729">
    <p class='ocr_par' dir='ltr' id='par_1_4' title="bbox 96 649 1656 729">
     <span class='ocr_line' id='line_1_4' title="bbox 96 649 1656 729; baseline 0.006 -28"><span class='ocrx_word' id='word_1_15' title='bbox 96 649 200 717; x_wconf 80' lang='grc' dir='ltr'>τῆς</span> <span class='ocrx_word' id='word_1_16' title='bbox 237 651 472 720; x_wconf 81' lang='grc' dir='ltr'><strong>μαγείας</strong></span> <span class='ocrx_word' id='word_1_17' title='bbox 499 653 601 705; x_wconf 81' lang='grc' dir='ltr'><strong>ὑπὸ</strong></span> <span class='ocrx_word' id='word_1_18' title='bbox 625 652 719 706; x_wconf 76' lang='grc' dir='ltr'>τοῦ</span> <span class='ocrx_word' id='word_1_19' title='bbox 749 655 1003 719; x_wconf 82' lang='grc' dir='ltr'><strong>Τυανέως</strong></span> <span class='ocrx_word' id='word_1_20' title='bbox 1038 657 1394 711; x_wconf 78' lang='grc' dir='ltr'><strong>Ἀπολλωνίου</strong></span> <span class='ocrx_word' id='word_1_21' title='bbox 1428 674 1656 729; x_wconf 87' lang='grc' dir='ltr'>γεγενη-</span> 
     </span>
    </p>
   </div>
   <div class='ocr_carea' id='block_1_5' title="bbox 99 740 1657 818">
    <p class='ocr_par' dir='ltr' id='par_1_5' title="bbox 99 740 1657 818">
     <span class='ocr_line' id='line_1_5' title="bbox 99 740 1657 818; baseline 0.007 -26"><span class='ocrx_word' id='word_1_22' title='bbox 99 740 243 809; x_wconf 71' lang='grc' dir='ltr'>μένα</span> <span class='ocrx_word' id='word_1_23' title='bbox 282 742 585 813; x_wconf 87' lang='grc' dir='ltr'>τελέσματα</span> <span class='ocrx_word' id='word_1_24' title='bbox 607 784 622 807; x_wconf 89' lang='grc'><strong>,</strong></span> <span class='ocrx_word' id='word_1_25' title='bbox 667 745 831 815; x_wconf 83' lang='grc' dir='ltr'>μηδὲν</span> <span class='ocrx_word' id='word_1_26' title='bbox 868 746 1145 811; x_wconf 81' lang='grc' dir='ltr'>παντελῶς</span> <span class='ocrx_word' id='word_1_27' title='bbox 1183 748 1431 818; x_wconf 79' lang='grc' dir='ltr'>οὐράνιον</span> <span class='ocrx_word' id='word_1_28' title='bbox 1466 749 1657 818; x_wconf 72' lang='grc' dir='ltr'>ἔχοντα</span> 
     </span>
    </p>
   </div>
   <div class='ocr_carea' id='block_1_6' title="bbox 98 831 1655 910">
    <p class='ocr_par' dir='ltr' id='par_1_6' title="bbox 98 831 1655 910">
     <span class='ocr_line' id='line_1_6' title="bbox 98 831 1655 910; baseline 0.005 -27"><span class='ocrx_word' id='word_1_29' title='bbox 98 831 469 903; x_wconf 80' lang='grc' dir='ltr'>εὐεργέτημα,</span> <span class='ocrx_word' id='word_1_30' title='bbox 496 834 631 906; x_wconf 89' lang='grc' dir='ltr'>μηδέ</span> <span class='ocrx_word' id='word_1_31' title='bbox 650 854 703 888; x_wconf 89' lang='grc' dir='ltr'><strong>τι</strong></span> <span class='ocrx_word' id='word_1_32' title='bbox 731 837 865 907; x_wconf 79' lang='grc' dir='ltr'>πρὸς</span> <span class='ocrx_word' id='word_1_33' title='bbox 884 839 1061 908; x_wconf 77' lang='grc' dir='ltr'>ψυχὴν</span> <span class='ocrx_word' id='word_1_34' title='bbox 1084 840 1421 910; x_wconf 86' lang='grc' dir='ltr'>ἀναφέροντα</span> <span class='ocrx_word' id='word_1_35' title='bbox 1447 840 1655 910; x_wconf 83' lang='grc' dir='ltr'><strong>κέρδος,</strong></span> 
     </span>
    </p>
   </div>
   <div class='ocr_carea' id='block_1_7' title="bbox 96 922 1659 1001">
    <p class='ocr_par' dir='ltr' id='par_1_7' title="bbox 96 922 1659 1001">
     <span class='ocr_line' id='line_1_7' title="bbox 96 922 1659 1001; baseline 0.005 -27"><span class='ocrx_word' id='word_1_36' title='bbox 96 922 250 976; x_wconf 76' lang='grc' dir='ltr'>οὐδὲν</span> <span class='ocrx_word' id='word_1_37' title='bbox 280 924 555 994; x_wconf 74' lang='grc' dir='ltr'>διαφέρειν</span> <span class='ocrx_word' id='word_1_38' title='bbox 587 924 790 990; x_wconf 80' lang='grc' dir='ltr'>δόξειεν</span> <span class='ocrx_word' id='word_1_39' title='bbox 815 930 1012 997; x_wconf 80' lang='grc' dir='ltr'>δρακὸς</span> <span class='ocrx_word' id='word_1_40' title='bbox 1044 928 1247 1000; x_wconf 81' lang='grc' dir='ltr'><strong>κριθῶν</strong></span> <span class='ocrx_word' id='word_1_41' title='bbox 1273 930 1514 1001; x_wconf 87' lang='grc' dir='ltr'>χάριτος,</span> <span class='ocrx_word' id='word_1_42' title='bbox 1548 932 1659 993; x_wconf 83' lang='grc' dir='ltr'>τοῖς</span> 
     </span>
    </p>
   </div>
   <div class='ocr_carea' id='block_1_8' title="bbox 95 1012 1659 1089">
    <p class='ocr_par' dir='ltr' id='par_1_8' title="bbox 95 1012 1659 1089">
     <span class='ocr_line' id='line_1_8' title="bbox 95 1012 1659 1089; baseline 0.006 -26"><span class='ocrx_word' id='word_1_43' title='bbox 95 1013 237 1081; x_wconf 73' lang='grc' dir='ltr'>πρὸς</span> <span class='ocrx_word' id='word_1_44' title='bbox 275 1012 341 1066; x_wconf 85' lang='grc' dir='ltr'><strong>τὰ</strong></span> <span class='ocrx_word' id='word_1_45' title='bbox 375 1015 671 1084; x_wconf 75' lang='grc' dir='ltr'>ἐπουράνια</span> <span class='ocrx_word' id='word_1_46' title='bbox 702 1017 884 1069; x_wconf 82' lang='grc' dir='ltr'>ἐκεῖνα</span> <span class='ocrx_word' id='word_1_47' title='bbox 904 1057 918 1081; x_wconf 94' lang='grc'><strong>,</strong></span> <span class='ocrx_word' id='word_1_48' title='bbox 951 1019 1045 1071; x_wconf 77' lang='grc' dir='ltr'>καὶ</span> <span class='ocrx_word' id='word_1_49' title='bbox 1075 1018 1326 1089; x_wconf 82' lang='grc' dir='ltr'>ἄφθαρτα</span> <span class='ocrx_word' id='word_1_50' title='bbox 1345 1059 1359 1081; x_wconf 93' lang='grc'><strong>,</strong></span> <span class='ocrx_word' id='word_1_51' title='bbox 1388 1020 1481 1071; x_wconf 71' lang='grc' dir='ltr'>καὶ</span> <span class='ocrx_word' id='word_1_52' title='bbox 1508 1019 1659 1072; x_wconf 84' lang='grc' dir='ltr'>λύσιν</span> 
     </span>
    </p>
   </div>
   <div class='ocr_carea' id='block_1_9' title="bbox 96 1102 1657 1177">
    <p class='ocr_par' dir='ltr' id='par_1_9' title="bbox 96 1102 1657 1177">
     <span class='ocr_line' id='line_1_9' title="bbox 96 1102 1657 1177; baseline 0.006 -23"><span class='ocrx_word' id='word_1_53' title='bbox 96 1102 175 1172; x_wconf 88' lang='grc' dir='ltr'><strong>μὴ</strong></span> <span class='ocrx_word' id='word_1_54' title='bbox 202 1104 471 1174; x_wconf 74' lang='grc' dir='ltr'><strong>σχήσοντα</strong></span> <span class='ocrx_word' id='word_1_55' title='bbox 492 1104 671 1172; x_wconf 77' lang='grc' dir='ltr'>ἀγαθὰ</span> <span class='ocrx_word' id='word_1_56' title='bbox 697 1108 947 1177; x_wconf 82' lang='grc' dir='ltr'><strong>κεχηνόσι</strong></span> <span class='ocrx_word' id='word_1_57' title='bbox 975 1112 1156 1177; x_wconf 79' lang='grc' dir='ltr'>σοφοῖς</span> <span class='ocrx_word' id='word_1_58' title='bbox 1177 1126 1236 1161; x_wconf 87' lang='grc' dir='ltr'><strong>τε</strong></span> <span class='ocrx_word' id='word_1_59' title='bbox 1262 1110 1354 1163; x_wconf 71' lang='grc' dir='ltr'><strong>καὶ</strong></span> <span class='ocrx_word' id='word_1_60' title='bbox 1377 1110 1657 1163; x_wconf 82' lang='grc' dir='ltr'>εὐσεϐέσιν</span> 
     </span>
    </p>
   </div>
   <div class='ocr_carea' id='block_1_10' title="bbox 94 1195 1661 1276">
    <p class='ocr_par' dir='ltr' id='par_1_10' title="bbox 94 1195 1661 1276">
     <span class='ocr_line' id='line_1_10' title="bbox 94 1195 1661 1276; baseline 0.008 -29"><span class='ocrx_word' id='word_1_61' title='bbox 94 1195 428 1266; x_wconf 84' lang='grc' dir='ltr'>ἀνθρώποις.</span> <span class='ocrx_word' id='word_1_62' title='bbox 473 1199 563 1270; x_wconf 82' lang='grc' dir='ltr'><strong>Μὴ</strong></span> <span class='ocrx_word' id='word_1_63' title='bbox 600 1200 779 1253; x_wconf 82' lang='grc' dir='ltr'>τοίνυν</span> <span class='ocrx_word' id='word_1_64' title='bbox 826 1202 1071 1273; x_wconf 77' lang='grc' dir='ltr'>θαύμαζε</span> <span class='ocrx_word' id='word_1_65' title='bbox 1121 1203 1188 1256; x_wconf 76' lang='grc' dir='ltr'><strong>τὰ</strong></span> <span class='ocrx_word' id='word_1_66' title='bbox 1225 1204 1359 1275; x_wconf 76' lang='grc' dir='ltr'>ἔργα</span> <span class='ocrx_word' id='word_1_67' title='bbox 1385 1206 1482 1275; x_wconf 85' lang='grc' dir='ltr'>τῆς</span> <span class='ocrx_word' id='word_1_68' title='bbox 1530 1222 1661 1276; x_wconf 86' lang='grc' dir='ltr'>γοη-</span> 
     </span>
    </p>
   </div>
   <div class='ocr_carea' id='block_1_11' title="bbox 92 1288 1660 1363">
    <p class='ocr_par' dir='ltr' id='par_1_11' title="bbox 92 1288 1660 1363">
     <span class='ocr_line' id='line_1_11' title="bbox 92 1288 1660 1363; baseline 0.008 -25"><span class='ocrx_word' id='word_1_69' title='bbox 92 1288 269 1350; x_wconf 82' lang='grc' dir='ltr'>τείας,</span> <span class='ocrx_word' id='word_1_70' title='bbox 308 1290 440 1361; x_wconf 80' lang='grc' dir='ltr'>μηδὲ</span> <span class='ocrx_word' id='word_1_71' title='bbox 476 1290 631 1361; x_wconf 83' lang='grc' dir='ltr'>θροοῦ</span> <span class='ocrx_word' id='word_1_72' title='bbox 686 1293 781 1345; x_wconf 77' lang='grc' dir='ltr'><strong>ἐπὶ</strong></span> <span class='ocrx_word' id='word_1_73' title='bbox 830 1294 1056 1360; x_wconf 76' lang='grc' dir='ltr'>τούτοις,</span> <span class='ocrx_word' id='word_1_74' title='bbox 1095 1296 1399 1363; x_wconf 84' lang='grc' dir='ltr'>ἀπάλλαξον</span> <span class='ocrx_word' id='word_1_75' title='bbox 1438 1298 1495 1350; x_wconf 82' lang='grc' dir='ltr'>δὲ</span> <span class='ocrx_word' id='word_1_76' title='bbox 1532 1316 1660 1350; x_wconf 87' lang='grc' dir='ltr'>σαυ-</span> 
     </span>
    </p>
   </div>
   <div class='ocr_carea' id='block_1_12' title="bbox 92 1380 1659 1461">
    <p class='ocr_par' dir='ltr' id='par_1_12' title="bbox 92 1380 1659 1461">
     <span class='ocr_line' id='line_1_12' title="bbox 92 1380 1659 1461; baseline 0.008 -29"><span class='ocrx_word' id='word_1_77' title='bbox 92 1380 184 1432; x_wconf 80' lang='grc' dir='ltr'>τὸν</span> <span class='ocrx_word' id='word_1_78' title='bbox 222 1384 321 1453; x_wconf 79' lang='grc' dir='ltr'>τῆς</span> <span class='ocrx_word' id='word_1_79' title='bbox 361 1383 657 1455; x_wconf 81' lang='grc' dir='ltr'>εὐπτοήτου</span> <span class='ocrx_word' id='word_1_80' title='bbox 701 1384 928 1456; x_wconf 77' lang='grc' dir='ltr'>γνώμης</span> <span class='ocrx_word' id='word_1_81' title='bbox 956 1426 973 1455; x_wconf 88' lang='grc'><strong>,</strong></span> <span class='ocrx_word' id='word_1_82' title='bbox 1009 1388 1102 1442; x_wconf 70' lang='grc' dir='ltr'>καὶ</span> <span class='ocrx_word' id='word_1_83' title='bbox 1138 1389 1233 1442; x_wconf 80' lang='grc' dir='ltr'><strong>τοῦ</strong></span> <span class='ocrx_word' id='word_1_84' title='bbox 1268 1388 1659 1461; x_wconf 86' lang='grc' dir='ltr'>μειρακιώδους</span> 
     </span>
    </p>
   </div>
   <div class='ocr_carea' id='block_1_13' title="bbox 95 1475 467 1544">
    <p class='ocr_par' dir='ltr' id='par_1_13' title="bbox 95 1475 467 1544">
     <span class='ocr_line' id='line_1_13' title="bbox 95 1475 467 1544; baseline 0.013 -4"><span class='ocrx_word' id='word_1_85' title='bbox 95 1475 467 1544; x_wconf 80' lang='grc' dir='ltr'>φρονήματος-</span> 
     </span>
    </p>
   </div>
   <div class='ocr_carea' id='block_1_14' title="bbox 297 1567 1445 1641">
    <p class='ocr_par' dir='ltr' id='par_1_14' title="bbox 297 1567 1445 1641">
     <span class='ocr_line' id='line_1_14' title="bbox 297 1567 1445 1641; baseline 0.007 -22"><span class='ocrx_word' id='word_1_86' title='bbox 297 1567 478 1622; x_wconf 83' lang='grc' dir='ltr'><strong>ΡΜΘ¹.</strong></span> <span class='ocrx_word' id='word_1_87' title='bbox 508 1600 578 1607; x_wconf 91' lang='grc'><strong>-</strong></span> <span class='ocrx_word' id='word_1_88' title='bbox 609 1570 959 1641; x_wconf 80' lang='grc' dir='ltr'><strong>ΠΑΛΑΤΙΝῼ</strong></span> <span class='ocrx_word' id='word_1_89' title='bbox 992 1572 1445 1628; x_wconf 77' lang='grc' dir='ltr'><strong>ΠΡΩΤΕΥΟΝΤΙ.</strong></span> 
     </span>
    </p>
   </div>
   <div class='ocr_carea' id='block_1_15' title="bbox 164 1657 1654 1736">
    <p class='ocr_par' dir='ltr' id='par_1_15' title="bbox 164 1657 1654 1736">
     <span class='ocr_line' id='line_1_15' title="bbox 164 1657 1654 1736; baseline 0.009 -29"><span class='ocrx_word' id='word_1_90' title='bbox 164 1657 560 1731; x_wconf 85' lang='grc' dir='ltr'>Συνεχέστερον</span> <span class='ocrx_word' id='word_1_91' title='bbox 613 1662 882 1729; x_wconf 81' lang='grc' dir='ltr'>φάσκεις·</span> <span class='ocrx_word' id='word_1_92' title='bbox 945 1663 1068 1727; x_wconf 89' lang='grc' dir='ltr'>Πῶς</span> <span class='ocrx_word' id='word_1_93' title='bbox 1117 1664 1348 1735; x_wconf 88' lang='grc' dir='ltr'>δύναμαι</span> <span class='ocrx_word' id='word_1_94' title='bbox 1397 1665 1654 1736; x_wconf 86' lang='grc' dir='ltr'>σωθῆναι,</span> 
     </span>
    </p>
   </div>
   <div class='ocr_carea' id='block_1_16' title="bbox 96 1749 1656 1830">
    <p class='ocr_par' dir='ltr' id='par_1_16' title="bbox 96 1749 1656 1830">
     <span class='ocr_line' id='line_1_16' title="bbox 96 1749 1656 1830; baseline 0.006 -29"><span class='ocrx_word' id='word_1_95' title='bbox 96 1749 313 1820; x_wconf 87' lang='grc' dir='ltr'>μυρίοις</span> <span class='ocrx_word' id='word_1_96' title='bbox 342 1751 520 1823; x_wconf 80' lang='grc' dir='ltr'>βρύων</span> <span class='ocrx_word' id='word_1_97' title='bbox 546 1756 658 1815; x_wconf 86' lang='grc' dir='ltr'>τοῖς</span> <span class='ocrx_word' id='word_1_98' title='bbox 691 1754 789 1822; x_wconf 82' lang='grc' dir='ltr'>τῆς</span> <span class='ocrx_word' id='word_1_99' title='bbox 829 1756 1008 1827; x_wconf 79' lang='grc' dir='ltr'>ψυχῆς</span> <span class='ocrx_word' id='word_1_100' title='bbox 1045 1757 1276 1824; x_wconf 75' lang='grc' dir='ltr'>ἕλκεσιν,</span> <span class='ocrx_word' id='word_1_101' title='bbox 1318 1760 1412 1811; x_wconf 83' lang='grc' dir='ltr'>καὶ</span> <span class='ocrx_word' id='word_1_102' title='bbox 1444 1760 1656 1830; x_wconf 77' lang='grc' dir='ltr'>ἀμυθή-</span> 
     </span>
    </p>
   </div>
   <div class='ocr_carea' id='block_1_17' title="bbox 91 1843 1653 1921">
    <p class='ocr_par' dir='ltr' id='par_1_17' title="bbox 91 1843 1653 1921">
     <span class='ocr_line' id='line_1_17' title="bbox 91 1843 1653 1921; baseline 0.008 -29"><span class='ocrx_word' id='word_1_103' title='bbox 91 1857 198 1893; x_wconf 87' lang='grc' dir='ltr'><strong>των</strong></span> <span class='ocrx_word' id='word_1_104' title='bbox 250 1843 709 1915; x_wconf 76' lang='grc' dir='ltr'>ἐμπεπλησμένος</span> <span class='ocrx_word' id='word_1_105' title='bbox 758 1847 980 1912; x_wconf 87' lang='grc' dir='ltr'>κακῶν,</span> <span class='ocrx_word' id='word_1_106' title='bbox 1034 1850 1130 1901; x_wconf 73' lang='grc' dir='ltr'>καὶ</span> <span class='ocrx_word' id='word_1_107' title='bbox 1172 1850 1501 1921; x_wconf 82' lang='grc' dir='ltr'>φλεγόμενος</span> <span class='ocrx_word' id='word_1_108' title='bbox 1550 1852 1653 1905; x_wconf 81' lang='grc' dir='ltr'><strong>ὑπὸ</strong></span> 
     </span>
    </p>
   </div>
   <div class='ocr_carea' id='block_1_18' title="bbox 89 1933 1650 2012">
    <p class='ocr_par' dir='ltr' id='par_1_18' title="bbox 89 1933 1650 2012">
     <span class='ocr_line' id='line_1_18' title="bbox 89 1933 1650 2012; baseline 0.008 -29"><span class='ocrx_word' id='word_1_109' title='bbox 89 1933 189 2002; x_wconf 84' lang='grc' dir='ltr'>τῆς</span> <span class='ocrx_word' id='word_1_110' title='bbox 215 1933 353 1997; x_wconf 78' lang='grc' dir='ltr'>ἰδίας</span> <span class='ocrx_word' id='word_1_111' title='bbox 380 1936 656 2008; x_wconf 85' lang='grc' dir='ltr'>μοχθηρᾶς</span> <span class='ocrx_word' id='word_1_112' title='bbox 676 1940 1062 2010; x_wconf 86' lang='grc' dir='ltr'>συνειδήσεως;</span> <span class='ocrx_word' id='word_1_113' title='bbox 1092 1941 1352 2012; x_wconf 70' lang='grc' dir='ltr'>Πρόοχες,</span> <span class='ocrx_word' id='word_1_114' title='bbox 1378 1942 1650 2011; x_wconf 86' lang='grc' dir='ltr'>ἄνθρωπε,</span> 
     </span>
    </p>
   </div>
   <div class='ocr_carea' id='block_1_19' title="bbox 89 2024 1654 2103">
    <p class='ocr_par' dir='ltr' id='par_1_19' title="bbox 89 2024 1654 2103">
     <span class='ocr_line' id='line_1_19' title="bbox 89 2024 1654 2103; baseline 0.007 -27"><span class='ocrx_word' id='word_1_115' title='bbox 89 2024 196 2077; x_wconf 71' lang='grc' dir='ltr'>κᾶν</span> <span class='ocrx_word' id='word_1_116' title='bbox 226 2026 291 2078; x_wconf 85' lang='grc' dir='ltr'>ὲκ</span> <span class='ocrx_word' id='word_1_117' title='bbox 328 2027 528 2095; x_wconf 84' lang='grc' dir='ltr'>μέρους</span> <span class='ocrx_word' id='word_1_118' title='bbox 561 2032 623 2100; x_wconf 82' lang='grc' dir='ltr'>τῇ</span> <span class='ocrx_word' id='word_1_119' title='bbox 666 2029 1005 2103; x_wconf 83' lang='grc' dir='ltr'>θεοπνεύστῳ</span> <span class='ocrx_word' id='word_1_120' title='bbox 1044 2033 1267 2103; x_wconf 80' lang='grc' dir='ltr'>Γραφῇ,</span> <span class='ocrx_word' id='word_1_121' title='bbox 1310 2035 1401 2086; x_wconf 76' lang='grc' dir='ltr'>καὶ</span> <span class='ocrx_word' id='word_1_122' title='bbox 1440 2036 1539 2088; x_wconf 82' lang='grc' dir='ltr'>οὐκ</span> <span class='ocrx_word' id='word_1_123' title='bbox 1588 2035 1654 2089; x_wconf 84' lang='grc' dir='ltr'>ἂν</span> 
     </span>
    </p>
   </div>
   <div class='ocr_carea' id='block_1_20' title="bbox 90 2113 1653 2192">
    <p class='ocr_par' dir='ltr' id='par_1_20' title="bbox 90 2113 1653 2192">
     <span class='ocr_line' id='line_1_20' title="bbox 90 2113 1653 2192; baseline 0.008 -29"><span class='ocrx_word' id='word_1_124' title='bbox 90 2113 280 2182; x_wconf 82' lang='grc' dir='ltr'>σχοίης</span> <span class='ocrx_word' id='word_1_125' title='bbox 328 2117 517 2186; x_wconf 78' lang='grc' dir='ltr'>χρείαν</span> <span class='ocrx_word' id='word_1_126' title='bbox 542 2119 640 2188; x_wconf 80' lang='grc' dir='ltr'>τῆς</span> <span class='ocrx_word' id='word_1_127' title='bbox 687 2118 826 2188; x_wconf 81' lang='grc' dir='ltr'><strong>ὲμῆς</strong></span> <span class='ocrx_word' id='word_1_128' title='bbox 861 2119 1161 2185; x_wconf 80' lang='grc' dir='ltr'>νουθεσίας.</span> <span class='ocrx_word' id='word_1_129' title='bbox 1188 2122 1366 2175; x_wconf 81' lang='grc' dir='ltr'>’Βλέπε</span> <span class='ocrx_word' id='word_1_130' title='bbox 1397 2123 1450 2175; x_wconf 87' lang='grc' dir='ltr'><strong>τί</strong></span> <span class='ocrx_word' id='word_1_131' title='bbox 1490 2140 1653 2192; x_wconf 83' lang='grc' dir='ltr'>φησιν</span> 
     </span>
    </p>
   </div>
   <div class='ocr_carea' id='block_1_21' title="bbox 86 2206 1655 2284">
    <p class='ocr_par' dir='ltr' id='par_1_21' title="bbox 86 2206 1655 2284">
     <span class='ocr_line' id='line_1_21' title="bbox 86 2206 1655 2284; baseline 0.007 -26"><span class='ocrx_word' id='word_1_132' title='bbox 86 2208 115 2258; x_wconf 89' lang='grc' dir='ltr'><strong>ό</strong></span> <span class='ocrx_word' id='word_1_133' title='bbox 144 2206 414 2275; x_wconf 80' lang='grc' dir='ltr'>Σολομῶν·</span> <span class='ocrx_word' id='word_1_134' title='bbox 452 2226 469 2260; x_wconf 77' lang='grc' dir='ltr'><strong>ι</strong></span> <span class='ocrx_word' id='word_1_135' title='bbox 515 2208 936 2280; x_wconf 82' lang='grc' dir='ltr'>Ἑλεημοσύναις</span> <span class='ocrx_word' id='word_1_136' title='bbox 958 2213 1064 2284; x_wconf 80' lang='grc' dir='ltr'><strong>γὰρ</strong></span> <span class='ocrx_word' id='word_1_137' title='bbox 1103 2214 1196 2267; x_wconf 78' lang='grc' dir='ltr'>καὶ</span> <span class='ocrx_word' id='word_1_138' title='bbox 1243 2215 1489 2269; x_wconf 83' lang='grc' dir='ltr'>πίστεσιν</span> <span class='ocrx_word' id='word_1_139' title='bbox 1521 2218 1655 2269; x_wconf 89' lang='grc' dir='ltr'>ἀπο-</span> 
     </span>
    </p>
   </div>
   <div class='ocr_carea' id='block_1_22' title="bbox 84 2301 1653 2380">
    <p class='ocr_par' dir='ltr' id='par_1_22' title="bbox 84 2301 1653 2380">
     <span class='ocr_line' id='line_1_22' title="bbox 84 2301 1653 2380; baseline 0.008 -28"><span class='ocrx_word' id='word_1_140' title='bbox 84 2301 442 2371; x_wconf 82' lang='grc' dir='ltr'>καθαίρονται</span> <span class='ocrx_word' id='word_1_141' title='bbox 497 2304 779 2375; x_wconf 86' lang='grc' dir='ltr'>ἁμαρτίαι.</span> <span class='ocrx_word' id='word_1_142' title='bbox 824 2324 843 2357; x_wconf 75' lang='grc' dir='ltr'><strong>ι</strong></span> <span class='ocrx_word' id='word_1_143' title='bbox 878 2306 1015 2377; x_wconf 83' lang='grc' dir='ltr'>Ὅρα</span> <span class='ocrx_word' id='word_1_144' title='bbox 1062 2308 1116 2360; x_wconf 89' lang='grc' dir='ltr'><strong>τί</strong></span> <span class='ocrx_word' id='word_1_145' title='bbox 1170 2309 1522 2379; x_wconf 87' lang='grc' dir='ltr'>συμϐουλεύει</span> <span class='ocrx_word' id='word_1_146' title='bbox 1575 2310 1653 2380; x_wconf 84' lang='grc' dir='ltr'>τῷ</span> 
     </span>
    </p>
   </div>
   <div class='ocr_carea' id='block_1_23' title="bbox 82 2392 1654 2474">
    <p class='ocr_par' dir='ltr' id='par_1_23' title="bbox 82 2392 1654 2474">
     <span class='ocr_line' id='line_1_23' title="bbox 82 2392 1654 2474; baseline 0.007 -28"><span class='ocrx_word' id='word_1_147' title='bbox 82 2392 560 2466; x_wconf 77' lang='grc' dir='ltr'>Ναϐουχοδονόσορ</span> <span class='ocrx_word' id='word_1_148' title='bbox 581 2398 776 2468; x_wconf 79' lang='grc' dir='ltr'>Δανιὴλ</span> <span class='ocrx_word' id='word_1_149' title='bbox 808 2399 835 2450; x_wconf 89' lang='grc' dir='ltr'>ὁ</span> <span class='ocrx_word' id='word_1_150' title='bbox 873 2400 1190 2472; x_wconf 76' lang='grc' dir='ltr'>προφήτης’</span> <span class='ocrx_word' id='word_1_151' title='bbox 1229 2421 1247 2453; x_wconf 79' lang='grc' dir='ltr'><strong>ι</strong></span> <span class='ocrx_word' id='word_1_152' title='bbox 1282 2401 1392 2464; x_wconf 85' lang='grc' dir='ltr'>Τὰς</span> <span class='ocrx_word' id='word_1_153' title='bbox 1425 2404 1654 2474; x_wconf 83' lang='grc' dir='ltr'>ἀνομίας</span> 
     </span>
    </p>
   </div>
   <div class='ocr_carea' id='block_1_24' title="bbox 87 2485 1652 2563">
    <p class='ocr_par' dir='ltr' id='par_1_24' title="bbox 87 2485 1652 2563">
     <span class='ocr_line' id='line_1_24' title="bbox 87 2485 1652 2563; baseline 0.006 -28"><span class='ocrx_word' id='word_1_154' title='bbox 87 2500 181 2536; x_wconf 85' lang='grc' dir='ltr'><strong>σου</strong></span> <span class='ocrx_word' id='word_1_155' title='bbox 211 2485 270 2537; x_wconf 83' lang='grc' dir='ltr'>ὲν</span> <span class='ocrx_word' id='word_1_156' title='bbox 304 2486 692 2555; x_wconf 83' lang='grc' dir='ltr'>ὲλεημοσύναις</span> <span class='ocrx_word' id='word_1_157' title='bbox 731 2487 1008 2560; x_wconf 87' lang='grc' dir='ltr'>λύτρωσαι</span> <span class='ocrx_word' id='word_1_158' title='bbox 1032 2531 1046 2556; x_wconf 91' lang='grc'><strong>,</strong></span> <span class='ocrx_word' id='word_1_159' title='bbox 1088 2494 1185 2545; x_wconf 76' lang='grc' dir='ltr'>καὶ</span> <span class='ocrx_word' id='word_1_160' title='bbox 1231 2492 1329 2557; x_wconf 87' lang='grc' dir='ltr'><strong>τὰς</strong></span> <span class='ocrx_word' id='word_1_161' title='bbox 1381 2492 1652 2563; x_wconf 83' lang='grc' dir='ltr'>ἁμαρτίας</span> 
     </span>
    </p>
   </div>
   <div class='ocr_carea' id='block_1_25' title="bbox 88 2577 1652 2658">
    <p class='ocr_par' dir='ltr' id='par_1_25' title="bbox 88 2577 1652 2658">
     <span class='ocr_line' id='line_1_25' title="bbox 88 2577 1652 2658; baseline 0.008 -31"><span class='ocrx_word' id='word_1_162' title='bbox 88 2592 181 2628; x_wconf 86' lang='grc' dir='ltr'><strong>σου</strong></span> <span class='ocrx_word' id='word_1_163' title='bbox 228 2577 286 2628; x_wconf 81' lang='grc' dir='ltr'>ἐν</span> <span class='ocrx_word' id='word_1_164' title='bbox 329 2578 633 2650; x_wconf 70' lang='grc' dir='ltr'>οἰκτιρμοῖς</span> <span class='ocrx_word' id='word_1_165' title='bbox 683 2582 946 2652; x_wconf 86' lang='grc' dir='ltr'>πενήτων.</span> <span class='ocrx_word' id='word_1_166' title='bbox 982 2602 1001 2634; x_wconf 74' lang='grc' dir='ltr'><strong>ι</strong></span> <span class='ocrx_word' id='word_1_167' title='bbox 1034 2584 1292 2655; x_wconf 83' lang='grc' dir='ltr'>Πείσθητι</span> <span class='ocrx_word' id='word_1_168' title='bbox 1338 2585 1417 2655; x_wconf 84' lang='grc' dir='ltr'><strong>τῷ</strong></span> <span class='ocrx_word' id='word_1_169' title='bbox 1466 2585 1652 2658; x_wconf 84' lang='grc' dir='ltr'>Σηράχ</span> 
     </span>
    </p>
   </div>
   <div class='ocr_carea' id='block_1_26' title="bbox 86 2665 1653 2744">
    <p class='ocr_par' dir='ltr' id='par_1_26' title="bbox 86 2665 1653 2744">
     <span class='ocr_line' id='line_1_26' title="bbox 86 2665 1653 2744; baseline 0.01 -28"><span class='ocrx_word' id='word_1_170' title='bbox 86 2665 478 2735; x_wconf 68' lang='grc' dir='ltr'>παραινοῦντιο</span> <span class='ocrx_word' id='word_1_171' title='bbox 536 2686 555 2719; x_wconf 77' lang='grc' dir='ltr'><strong>ι</strong></span> <span class='ocrx_word' id='word_1_172' title='bbox 614 2668 731 2741; x_wconf 81' lang='grc' dir='ltr'>Πῦρ</span> <span class='ocrx_word' id='word_1_173' title='bbox 798 2671 1187 2744; x_wconf 79' lang='grc' dir='ltr'>φλογιζόμενον</span> <span class='ocrx_word' id='word_1_174' title='bbox 1264 2676 1653 2731; x_wconf 86' lang='grc' dir='ltr'>άποσϐἐννυσιν</span> 
     </span>
    </p>
   </div>
   <div class='ocr_carea' id='block_1_27' title="bbox 84 2753 1653 2837">
    <p class='ocr_par' dir='ltr' id='par_1_27' title="bbox 84 2753 1653 2837">
     <span class='ocr_line' id='line_1_27' title="bbox 84 2753 1653 2837; baseline 0.007 -30"><span class='ocrx_word' id='word_1_175' title='bbox 84 2753 253 2825; x_wconf 77' lang='grc' dir='ltr'>ὕδωρ,</span> <span class='ocrx_word' id='word_1_176' title='bbox 280 2758 376 2809; x_wconf 75' lang='grc' dir='ltr'>καὶ</span> <span class='ocrx_word' id='word_1_177' title='bbox 397 2759 678 2830; x_wconf 79' lang='grc' dir='ltr'>ἁμαρτιῶν</span> <span class='ocrx_word' id='word_1_178' title='bbox 699 2761 869 2830; x_wconf 84' lang='grc' dir='ltr'>φλόγα</span> <span class='ocrx_word' id='word_1_179' title='bbox 887 2764 1165 2818; x_wconf 88' lang='grc' dir='ltr'>σϐέννυσιν</span> <span class='ocrx_word' id='word_1_180' title='bbox 1182 2766 1304 2834; x_wconf 84' lang='grc' dir='ltr'>ὲλεη</span> <span class='ocrx_word' id='word_1_181' title='bbox 1316 2765 1538 2837; x_wconf 91' lang='grc' dir='ltr'>μοσύνη.</span> <span class='ocrx_word' id='word_1_182' title='bbox 1554 2785 1570 2817; x_wconf 84' lang='grc' dir='ltr'><strong>ι</strong></span> <span class='ocrx_word' id='word_1_183' title='bbox 1583 2796 1653 2808; x_wconf 88' lang='grc'><strong><em>-</em></strong></span> 
     </span>
    </p>
   </div>
   <div class='ocr_carea' id='block_1_28' title="bbox 90 2848 1652 2928">
    <p class='ocr_par' dir='ltr' id='par_1_28' title="bbox 90 2848 1652 2928">
     <span class='ocr_line' id='line_1_28' title="bbox 90 2848 1652 2928; baseline 0.007 -29"><span class='ocrx_word' id='word_1_184' title='bbox 90 2866 113 2899; x_wconf 76' lang='grc' dir='ltr'><strong>ι</strong></span> <span class='ocrx_word' id='word_1_185' title='bbox 134 2848 500 2920; x_wconf 84' lang='grc' dir='ltr'>Ἐλεημοσύνη</span> <span class='ocrx_word' id='word_1_186' title='bbox 520 2851 627 2923; x_wconf 81' lang='grc' dir='ltr'>γὰρ</span> <span class='ocrx_word' id='word_1_187' title='bbox 647 2855 709 2907; x_wconf 84' lang='grc' dir='ltr'>ὲκ</span> <span class='ocrx_word' id='word_1_188' title='bbox 732 2853 962 2909; x_wconf 86' lang='grc' dir='ltr'>θανάτου</span> <span class='ocrx_word' id='word_1_189' title='bbox 987 2857 1190 2928; x_wconf 78' lang='grc' dir='ltr'>ῥύεται,</span> <span class='ocrx_word' id='word_1_190' title='bbox 1208 2857 1462 2911; x_wconf 79' lang='grc' dir='ltr'>ιθανάτου</span> <span class='ocrx_word' id='word_1_191' title='bbox 1483 2857 1652 2926; x_wconf 86' lang='grc' dir='ltr'>λέγων</span> 
     </span>
    </p>
   </div>
   <div class='ocr_carea' id='block_1_29' title="bbox 85 2940 1652 3019">
    <p class='ocr_par' dir='ltr' id='par_1_29' title="bbox 85 2940 1652 3019">
     <span class='ocr_line' id='line_1_29' title="bbox 85 2940 1652 3019; baseline 0.006 -27"><span class='ocrx_word' id='word_1_192' title='bbox 85 2940 180 2993; x_wconf 78' lang='grc' dir='ltr'>τοῦ</span> <span class='ocrx_word' id='word_1_193' title='bbox 228 2941 317 2995; x_wconf 74' lang='grc' dir='ltr'><strong>διὰ</strong></span> <span class='ocrx_word' id='word_1_194' title='bbox 364 2943 661 3012; x_wconf 82' lang='grc' dir='ltr'>καταδίκης</span> <span class='ocrx_word' id='word_1_195' title='bbox 699 2944 936 3015; x_wconf 82' lang='grc' dir='ltr'>φοϐερᾶς</span> <span class='ocrx_word' id='word_1_196' title='bbox 994 2947 1089 3000; x_wconf 75' lang='grc' dir='ltr'>καὶ</span> <span class='ocrx_word' id='word_1_197' title='bbox 1120 2948 1440 3019; x_wconf 81' lang='grc' dir='ltr'>φρικώδους,</span> <span class='ocrx_word' id='word_1_198' title='bbox 1468 2949 1560 3001; x_wconf 65' lang='grc' dir='ltr'><strong>καὶ</strong></span> <span class='ocrx_word' id='word_1_199' title='bbox 1592 2947 1652 3002; x_wconf 82' lang='grc' dir='ltr'>τὸ</span> 
     </span>
    </p>
   </div>
   <div class='ocr_carea' id='block_1_30' title="bbox 84 3033 1306 3110">
    <p class='ocr_par' dir='ltr' id='par_1_30' title="bbox 84 3033 1306 3110">
     <span class='ocr_line' id='line_1_30' title="bbox 84 3033 1306 3110; baseline 0.008 -26"><span class='ocrx_word' id='word_1_200' title='bbox 84 3033 301 3102; x_wconf 79' lang='grc' dir='ltr'>σκότος,</span> <span class='ocrx_word' id='word_1_201' title='bbox 350 3035 426 3099; x_wconf 85' lang='grc' dir='ltr'><strong>ὡς</strong></span> <span class='ocrx_word' id='word_1_202' title='bbox 457 3036 647 3108; x_wconf 84' lang='grc' dir='ltr'>Τωϐὴθ</span> <span class='ocrx_word' id='word_1_203' title='bbox 681 3038 773 3091; x_wconf 63' lang='grc' dir='ltr'><strong>καὶ¹</strong></span> <span class='ocrx_word' id='word_1_204' title='bbox 807 3038 1110 3110; x_wconf 89' lang='grc' dir='ltr'>Σολομῶντι</span> <span class='ocrx_word' id='word_1_205' title='bbox 1141 3040 1306 3095; x_wconf 83' lang='grc' dir='ltr'>δοκεῖ.</span> 
     </span>
    </p>
   </div>
   <div class='ocr_carea' id='block_1_31' title="bbox 382 3212 1344 3289">
    <p class='ocr_par' dir='ltr' id='par_1_31' title="bbox 382 3212 1344 3289">
     <span class='ocr_line' id='line_1_31' title="bbox 382 3212 1344 3289; baseline 0.008 -26"><span class='ocrx_word' id='word_1_206' title='bbox 382 3212 509 3265; x_wconf 82' lang='lat' dir='ltr'><strong>PN’.</strong></span> <span class='ocrx_word' id='word_1_207' title='bbox 537 3242 608 3252; x_wconf 93' lang='lat'><strong>—</strong></span> <span class='ocrx_word' id='word_1_208' title='bbox 640 3214 896 3286; x_wconf 82' lang='grc' dir='ltr'><strong>ΡΗΙἸΝῼ</strong></span> <span class='ocrx_word' id='word_1_209' title='bbox 925 3216 1344 3289; x_wconf 81' lang='grc' dir='ltr'><strong>ΣΚΡΙΝΙᾹΡΙῼ.</strong></span> 
     </span>
    </p>
   </div>
   <div class='ocr_carea' id='block_1_32' title="bbox 150 3300 1648 3380">
    <p class='ocr_par' dir='ltr' id='par_1_32' title="bbox 150 3300 1648 3380">
     <span class='ocr_line' id='line_1_32' title="bbox 150 3300 1648 3380; baseline 0.007 -27"><span class='ocrx_word' id='word_1_210' title='bbox 150 3300 271 3353; x_wconf 86' lang='grc' dir='ltr'>Οὐκ</span> <span class='ocrx_word' id='word_1_211' title='bbox 301 3301 583 3372; x_wconf 79' lang='grc' dir='ltr'>ἄνθρωπος</span> <span class='ocrx_word' id='word_1_212' title='bbox 612 3303 765 3374; x_wconf 75' lang='grc' dir='ltr'>ψιλὸς</span> <span class='ocrx_word' id='word_1_213' title='bbox 796 3308 824 3359; x_wconf 85' lang='grc' dir='ltr'>ὁ</span> <span class='ocrx_word' id='word_1_214' title='bbox 848 3307 1027 3370; x_wconf 85' lang='grc' dir='ltr'>κοινὸς</span> <span class='ocrx_word' id='word_1_215' title='bbox 1059 3310 1247 3379; x_wconf 81' lang='grc' dir='ltr'>Σωτὴρ</span> <span class='ocrx_word' id='word_1_216' title='bbox 1281 3310 1374 3363; x_wconf 78' lang='grc' dir='ltr'>καὶ</span> <span class='ocrx_word' id='word_1_217' title='bbox 1424 3310 1648 3380; x_wconf 76' lang='grc' dir='ltr'>εὐεργέ-</span> 
     </span>
    </p>
   </div>
   <div class='ocr_carea' id='block_1_33' title="bbox 75 3393 1646 3474">
    <p class='ocr_par' dir='ltr' id='par_1_33' title="bbox 75 3393 1646 3474">
     <span class='ocr_line' id='line_1_33' title="bbox 75 3393 1646 3474; baseline 0.008 -30"><span class='ocrx_word' id='word_1_218' title='bbox 75 3408 183 3462; x_wconf 82' lang='grc' dir='ltr'><strong>της</strong></span> <span class='ocrx_word' id='word_1_219' title='bbox 222 3393 490 3463; x_wconf 76' lang='grc' dir='ltr'>Χριστὸς,</span> <span class='ocrx_word' id='word_1_220' title='bbox 537 3394 669 3460; x_wconf 84' lang='grc' dir='ltr'>Θεὸς</span> <span class='ocrx_word' id='word_1_221' title='bbox 708 3397 765 3451; x_wconf 86' lang='grc' dir='ltr'>δὲ</span> <span class='ocrx_word' id='word_1_222' title='bbox 798 3399 997 3469; x_wconf 81' lang='grc' dir='ltr'>μᾶλλον</span> <span class='ocrx_word' id='word_1_223' title='bbox 1034 3403 1091 3454; x_wconf 84' lang='grc' dir='ltr'>ἐν</span> <span class='ocrx_word' id='word_1_224' title='bbox 1119 3401 1433 3474; x_wconf 79' lang='grc' dir='ltr'>ἀνθρωπίνῃ</span> <span class='ocrx_word' id='word_1_225' title='bbox 1460 3403 1646 3471; x_wconf 75' lang='grc' dir='ltr'>ὀφθεὶς</span> 
     </span>
    </p>
   </div>
   <div class='ocr_carea' id='block_1_34' title="bbox 82 3486 1644 3568">
    <p class='ocr_par' dir='ltr' id='par_1_34' title="bbox 82 3486 1644 3568">
     <span class='ocr_line' id='line_1_34' title="bbox 82 3486 1644 3568; baseline 0.008 -32"><span class='ocrx_word' id='word_1_226' title='bbox 82 3488 308 3556; x_wconf 78' lang='grc' dir='ltr'>μορφῇ,</span> <span class='ocrx_word' id='word_1_227' title='bbox 360 3486 453 3539; x_wconf 58' lang='grc' dir='ltr'><strong>καὶ⁸</strong></span> <span class='ocrx_word' id='word_1_228' title='bbox 493 3489 556 3557; x_wconf 78' lang='grc' dir='ltr'>τῇ</span> <span class='ocrx_word' id='word_1_229' title='bbox 612 3488 717 3561; x_wconf 73' lang='grc' dir='ltr'>ἰδίᾳ</span> <span class='ocrx_word' id='word_1_230' title='bbox 760 3490 1156 3564; x_wconf 80' lang='grc' dir='ltr'>ἀναμαρτήτῳ,</span> <span class='ocrx_word' id='word_1_231' title='bbox 1210 3494 1303 3546; x_wconf 75' lang='grc' dir='ltr'>καὶ</span> <span class='ocrx_word' id='word_1_232' title='bbox 1354 3495 1644 3568; x_wconf 82' lang='grc' dir='ltr'>ἀμωμήτῳ</span> 
     </span>
    </p>
   </div>
   <div class='ocr_carea' id='block_1_35' title="bbox 79 3581 1642 3660">
    <p class='ocr_par' dir='ltr' id='par_1_35' title="bbox 79 3581 1642 3660">
     <span class='ocr_line' id='line_1_35' title="bbox 79 3581 1642 3660; baseline 0.008 -28"><span class='ocrx_word' id='word_1_233' title='bbox 79 3581 296 3650; x_wconf 69' lang='grc' dir='ltr'>σαρκὶ,</span> <span class='ocrx_word' id='word_1_234' title='bbox 342 3581 431 3633; x_wconf 74' lang='grc' dir='ltr'>τὸν</span> <span class='ocrx_word' id='word_1_235' title='bbox 464 3582 604 3653; x_wconf 82' lang='grc' dir='ltr'>ὑπὲρ</span> <span class='ocrx_word' id='word_1_236' title='bbox 655 3582 764 3635; x_wconf 85' lang='grc' dir='ltr'><strong>τῶν</strong></span> <span class='ocrx_word' id='word_1_237' title='bbox 824 3585 1178 3655; x_wconf 84' lang='grc' dir='ltr'>ἀνθρωπίνων</span> <span class='ocrx_word' id='word_1_238' title='bbox 1228 3588 1642 3660; x_wconf 81' lang='grc' dir='ltr'>ἁμαρτημάτων</span> 
     </span>
    </p>
   </div>
   <div class='ocr_carea' id='block_1_36' title="bbox 77 3670 1204 3749">
    <p class='ocr_par' dir='ltr' id='par_1_36' title="bbox 77 3670 1204 3749">
     <span class='ocr_line' id='line_1_36' title="bbox 77 3670 1204 3749; baseline 0.007 -25"><span class='ocrx_word' id='word_1_239' title='bbox 77 3670 313 3741; x_wconf 76' lang='grc' dir='ltr'>θάνατον</span> <span class='ocrx_word' id='word_1_240' title='bbox 339 3674 633 3742; x_wconf 78' lang='grc' dir='ltr'>ὑπομείνας</span> <span class='ocrx_word' id='word_1_241' title='bbox 663 3674 965 3747; x_wconf 80' lang='grc' dir='ltr'>βουλήματι</span> <span class='ocrx_word' id='word_1_242' title='bbox 997 3678 1204 3749; x_wconf 84' lang='grc' dir='ltr'>οἰκείῳ.</span> 
     </span>
    </p>
   </div>
   <div class='ocr_carea' id='block_1_37' title="bbox 383 3850 1340 3933">
    <p class='ocr_par' dir='ltr' id='par_1_37' title="bbox 383 3850 1340 3933">
     <span class='ocr_line' id='line_1_37' title="bbox 383 3850 1340 3933; baseline 0.013 -30"><span class='ocrx_word' id='word_1_243' title='bbox 383 3850 556 3909; x_wconf 82' lang='grc' dir='ltr'><strong>ΡΝΑ’.</strong></span> <span class='ocrx_word' id='word_1_244' title='bbox 592 3886 662 3894; x_wconf 88' lang='grc'><strong>-</strong></span> <span class='ocrx_word' id='word_1_245' title='bbox 687 3855 945 3928; x_wconf 71' lang='grc' dir='ltr'>ΑοΥιςιᾳ</span> <span class='ocrx_word' id='word_1_246' title='bbox 978 3859 1340 3933; x_wconf 84' lang='grc' dir='ltr'><strong>ΤΡΙΒΟΥΝῼ.</strong></span> 
     </span>
    </p>
   </div>
   <div class='ocr_carea' id='block_1_38' title="bbox 149 3942 1643 4023">
    <p class='ocr_par' dir='ltr' id='par_1_38' title="bbox 149 3942 1643 4023">
     <span class='ocr_line' id='line_1_38' title="bbox 149 3942 1643 4023; baseline 0.011 -28"><span class='ocrx_word' id='word_1_247' title='bbox 149 3942 317 3996; x_wconf 84' lang='grc' dir='ltr'>Πόσοι</span> <span class='ocrx_word' id='word_1_248' title='bbox 363 3944 592 4008; x_wconf 84' lang='grc' dir='ltr'>ποσάκις</span> <span class='ocrx_word' id='word_1_249' title='bbox 638 3945 913 4017; x_wconf 76' lang='grc' dir='ltr'>ἄνθρωποι</span> <span class='ocrx_word' id='word_1_250' title='bbox 962 3950 1206 4018; x_wconf 88' lang='grc' dir='ltr'>κόρακας</span> <span class='ocrx_word' id='word_1_251' title='bbox 1288 3954 1478 4023; x_wconf 81' lang='grc' dir='ltr'>παγίσι</span> <span class='ocrx_word' id='word_1_252' title='bbox 1547 3960 1643 4011; x_wconf 71' lang='grc' dir='ltr'>καὶ</span> 
     </span>
    </p>
   </div>
   <div class='ocr_carea' id='block_1_39' title="bbox 73 4030 1642 4115">
    <p class='ocr_par' dir='ltr' id='par_1_39' title="bbox 73 4030 1642 4115">
     <span class='ocr_line' id='line_1_39' title="bbox 73 4030 1642 4115; baseline 0.011 -33"><span class='ocrx_word' id='word_1_253' title='bbox 73 4030 283 4101; x_wconf 77' lang='grc' dir='ltr'>δικτύῳ</span> <span class='ocrx_word' id='word_1_254' title='bbox 306 4031 590 4102; x_wconf 82' lang='grc' dir='ltr'>ὲθήρασαν,</span> <span class='ocrx_word' id='word_1_255' title='bbox 619 4036 711 4088; x_wconf 74' lang='grc' dir='ltr'>καὶ</span> <span class='ocrx_word' id='word_1_256' title='bbox 732 4037 959 4105; x_wconf 79' lang='grc' dir='ltr'>ἠγνόουν</span> <span class='ocrx_word' id='word_1_257' title='bbox 987 4041 1036 4091; x_wconf 78' lang='grc' dir='ltr'>οἱ</span> <span class='ocrx_word' id='word_1_258' title='bbox 1061 4041 1379 4106; x_wconf 86' lang='grc' dir='ltr'>πιασθέντες</span> <span class='ocrx_word' id='word_1_259' title='bbox 1408 4045 1642 4115; x_wconf 89' lang='grc' dir='ltr'>κόρακες</span> 
     </span>
    </p>
   </div>
   <div class='ocr_carea' id='block_1_40' title="bbox 75 4123 1636 4208">
    <p class='ocr_par' dir='ltr' id='par_1_40' title="bbox 75 4123 1636 4208">
     <span class='ocr_line' id='line_1_40' title="bbox 75 4123 1636 4208; baseline 0.01 -34"><span class='ocrx_word' id='word_1_260' title='bbox 75 4123 180 4192; x_wconf 76' lang='grc' dir='ltr'>τὴν</span> <span class='ocrx_word' id='word_1_261' title='bbox 214 4123 396 4176; x_wconf 80' lang='grc' dir='ltr'>αὐτῶν</span> <span class='ocrx_word' id='word_1_262' title='bbox 431 4124 603 4196; x_wconf 86' lang='grc' dir='ltr'>θήραν</span> <span class='ocrx_word' id='word_1_263' title='bbox 635 4143 696 4178; x_wconf 86' lang='grc' dir='ltr'><strong>τε</strong></span> <span class='ocrx_word' id='word_1_264' title='bbox 754 4128 844 4180; x_wconf 81' lang='grc' dir='ltr'>καὶ</span> <span class='ocrx_word' id='word_1_265' title='bbox 877 4128 1166 4201; x_wconf 75' lang='grc' dir='ltr'>σύλληψινς</span> <span class='ocrx_word' id='word_1_266' title='bbox 1202 4134 1292 4187; x_wconf 74' lang='grc' dir='ltr'><strong>Σοὶ</strong></span> <span class='ocrx_word' id='word_1_267' title='bbox 1321 4135 1376 4188; x_wconf 82' lang='grc' dir='ltr'>δὲ</span> <span class='ocrx_word' id='word_1_268' title='bbox 1421 4153 1636 4208; x_wconf 81' lang='grc' dir='ltr'>προμη-</span> 
     </span>
    </p>
   </div>
   <div class='ocr_carea' id='block_1_41' title="bbox 74 4214 1638 4297">
    <p class='ocr_par' dir='ltr' id='par_1_41' title="bbox 74 4214 1638 4297">
     <span class='ocr_line' id='line_1_41' title="bbox 74 4214 1638 4297; baseline 0.01 -31"><span class='ocrx_word' id='word_1_269' title='bbox 74 4214 268 4267; x_wconf 85' lang='grc' dir='ltr'>νύουσι</span> <span class='ocrx_word' id='word_1_270' title='bbox 295 4255 312 4281; x_wconf 91' lang='grc'><strong>,</strong></span> <span class='ocrx_word' id='word_1_271' title='bbox 358 4215 536 4280; x_wconf 86' lang='grc' dir='ltr'>καθὼς</span> <span class='ocrx_word' id='word_1_272' title='bbox 566 4217 744 4287; x_wconf 84' lang='grc' dir='ltr'>λέγεις</span> <span class='ocrx_word' id='word_1_273' title='bbox 770 4260 785 4284; x_wconf 93' lang='grc'><strong>,</strong></span> <span class='ocrx_word' id='word_1_274' title='bbox 833 4220 895 4272; x_wconf 84' lang='grc' dir='ltr'>τὸ</span> <span class='ocrx_word' id='word_1_275' title='bbox 928 4222 1119 4292; x_wconf 84' lang='grc' dir='ltr'>μέλλον</span> <span class='ocrx_word' id='word_1_276' title='bbox 1146 4226 1195 4277; x_wconf 88' lang='grc' dir='ltr'>οἱ</span> <span class='ocrx_word' id='word_1_277' title='bbox 1236 4226 1469 4297; x_wconf 88' lang='grc' dir='ltr'>κόρακες</span> <span class='ocrx_word' id='word_1_278' title='bbox 1488 4268 1503 4293; x_wconf 94' lang='grc'><strong>,</strong></span> <span class='ocrx_word' id='word_1_279' title='bbox 1544 4230 1638 4282; x_wconf 76' lang='grc' dir='ltr'>καὶ</span> 
     </span>
    </p>
   </div>
   <div class='ocr_carea' id='block_1_42' title="bbox 73 4307 1637 4389">
    <p class='ocr_par' dir='ltr' id='par_1_42' title="bbox 73 4307 1637 4389">
     <span class='ocr_line' id='line_1_42' title="bbox 73 4307 1637 4389; baseline 0.011 -32"><span class='ocrx_word' id='word_1_280' title='bbox 73 4307 429 4376; x_wconf 87' lang='grc' dir='ltr'>προγνῶσται</span> <span class='ocrx_word' id='word_1_281' title='bbox 498 4310 588 4362; x_wconf 74' lang='grc' dir='ltr'>καὶ</span> <span class='ocrx_word' id='word_1_282' title='bbox 633 4311 909 4381; x_wconf 83' lang='grc' dir='ltr'>προφῆται</span> <span class='ocrx_word' id='word_1_283' title='bbox 957 4312 1064 4365; x_wconf 86' lang='grc' dir='ltr'><strong>τῶν</strong></span> <span class='ocrx_word' id='word_1_284' title='bbox 1104 4316 1327 4384; x_wconf 81' lang='grc' dir='ltr'>μηδέπω</span> <span class='ocrx_word' id='word_1_285' title='bbox 1356 4319 1637 4389; x_wconf 85' lang='grc' dir='ltr'>παρόντων</span> 
     </span>
    </p>
   </div>
   <div class='ocr_carea' id='block_1_43' title="bbox 71 4398 1631 4480">
    <p class='ocr_par' dir='ltr' id='par_1_43' title="bbox 71 4398 1631 4480">
     <span class='ocr_line' id='line_1_43' title="bbox 71 4398 1631 4480; baseline 0.008 -29"><span class='ocrx_word' id='word_1_286' title='bbox 71 4398 423 4470; x_wconf 77' lang='grc' dir='ltr'>εὑρίσκονται</span> <span class='ocrx_word' id='word_1_287' title='bbox 453 4400 707 4468; x_wconf 79' lang='grc' dir='ltr'>κόρακες,</span> <span class='ocrx_word' id='word_1_288' title='bbox 738 4403 787 4454; x_wconf 82' lang='grc' dir='ltr'>οἱ</span> <span class='ocrx_word' id='word_1_289' title='bbox 818 4403 914 4473; x_wconf 84' lang='grc' dir='ltr'>τὴν</span> <span class='ocrx_word' id='word_1_290' title='bbox 947 4406 1066 4457; x_wconf 80' lang='grc' dir='ltr'>κατ’</span> <span class='ocrx_word' id='word_1_291' title='bbox 1094 4407 1271 4459; x_wconf 79' lang='grc' dir='ltr'>αὐτῶν</span> <span class='ocrx_word' id='word_1_292' title='bbox 1305 4410 1631 4480; x_wconf 79' lang='grc' dir='ltr'>μηχανηθεῖο</span> 
     </span>
    </p>
   </div>
   <div class='ocr_carea' id='block_1_44' title="bbox 1312 357 2147 421">
    <p class='ocr_par' dir='ltr' id='par_1_44' title="bbox 1312 357 2147 421">
     <span class='ocr_line' id='line_1_44' title="bbox 1312 357 2147 421; baseline 0.004 -3"><span class='ocrx_word' id='word_1_293' title='bbox 1312 357 1841 418; x_wconf 80' lang='lat' dir='ltr'><strong>EPISTOLARUM</strong></span> <span class='ocrx_word' id='word_1_294' title='bbox 1882 360 2024 418; x_wconf 90' lang='lat' dir='ltr'><strong>LIB.</strong></span> <span class='ocrx_word' id='word_1_295' title='bbox 2070 364 2147 421; x_wconf 85' lang='lat' dir='ltr'><strong>Il.</strong></span> 
     </span>
    </p>
   </div>
   <div class='ocr_carea' id='block_1_45' title="bbox 1687 467 3246 542">
    <p class='ocr_par' dir='ltr' id='par_1_45' title="bbox 1687 467 3246 542">
     <span class='ocr_line' id='line_1_45' title="bbox 1687 467 3246 542; baseline 0.011 -17"><span class='ocrx_word' id='word_1_296' title='bbox 1687 469 1734 525; x_wconf 77' lang='grc' dir='ltr'><strong>Α</strong></span> <span class='ocrx_word' id='word_1_297' title='bbox 1835 467 1995 538; x_wconf 79' lang='lat'><strong>189</strong></span> <span class='ocrx_word' id='word_1_298' title='bbox 2024 470 2300 528; x_wconf 57' lang='lat' dir='ltr'><strong>CXLVIII.</strong></span> <span class='ocrx_word' id='word_1_299' title='bbox 2339 504 2406 513; x_wconf 94' lang='lat'><strong><em>—</em></strong></span> <span class='ocrx_word' id='word_1_300' title='bbox 2452 474 2798 533; x_wconf 78' lang='lat' dir='ltr'><strong>NICANDRO</strong></span> <span class='ocrx_word' id='word_1_301' title='bbox 2838 480 3246 542; x_wconf 80' lang='lat' dir='ltr'><strong>EXCEPTORI.</strong></span> 
     </span>
    </p>
   </div>
   <div class='ocr_carea' id='block_1_46' title="bbox 3221 382 3324 445">
    <p class='ocr_par' dir='ltr' id='par_1_46' title="bbox 3221 382 3324 445">
     <span class='ocr_line' id='line_1_46' title="bbox 3221 382 3324 445; baseline 0.029 -3"><span class='ocrx_word' id='word_1_302' title='bbox 3221 382 3324 445; x_wconf 80' lang='lat'><strong>270</strong></span> 
     </span>
    </p>
   </div>
   <div class='ocr_carea' id='block_1_47' title="bbox 1832 559 3325 649">
    <p class='ocr_par' dir='ltr' id='par_1_47' title="bbox 1832 559 3325 649">
     <span class='ocr_line' id='line_1_47' title="bbox 1832 559 3325 649; baseline 0.015 -36"><span class='ocrx_word' id='word_1_303' title='bbox 1832 559 1983 630; x_wconf 61' lang='lat' dir='ltr'><strong>Saepe</strong></span> <span class='ocrx_word' id='word_1_304' title='bbox 2029 564 2125 617; x_wconf 86' lang='lat' dir='ltr'><strong>tibi</strong></span> <span class='ocrx_word' id='word_1_305' title='bbox 2170 565 2320 628; x_wconf 82' lang='lat' dir='ltr'><strong>dixi,</strong></span> <span class='ocrx_word' id='word_1_306' title='bbox 2366 576 2420 620; x_wconf 91' lang='lat' dir='ltr'><strong>et</strong></span> <span class='ocrx_word' id='word_1_307' title='bbox 2469 584 2613 623; x_wconf 90' lang='lat' dir='ltr'><strong>nunc</strong></span> <span class='ocrx_word' id='word_1_308' title='bbox 2664 586 2857 627; x_wconf 85' lang='lat' dir='ltr'><strong>rursus</strong></span> <span class='ocrx_word' id='word_1_309' title='bbox 2914 576 3162 643; x_wconf 89' lang='lat' dir='ltr'><strong>inculco;</strong></span> <span class='ocrx_word' id='word_1_310' title='bbox 3204 595 3325 649; x_wconf 73' lang='lat' dir='ltr'><strong>qua:</strong></span> 
     </span>
    </p>
   </div>
   <div class='ocr_carea' id='block_1_48' title="bbox 1760 652 3323 740">
    <p class='ocr_par' dir='ltr' id='par_1_48' title="bbox 1760 652 3323 740">
     <span class='ocr_line' id='line_1_48' title="bbox 1760 652 3323 740; baseline 0.015 -37"><span class='ocrx_word' id='word_1_311' title='bbox 1760 652 1950 721; x_wconf 70' lang='lat' dir='ltr'><strong>magiae</strong></span> <span class='ocrx_word' id='word_1_312' title='bbox 1978 669 2079 723; x_wconf 87' lang='lat' dir='ltr'><strong>ope</strong></span> <span class='ocrx_word' id='word_1_313' title='bbox 2103 672 2131 709; x_wconf 94' lang='lat' dir='ltr'><strong>a</strong></span> <span class='ocrx_word' id='word_1_314' title='bbox 2158 655 2380 727; x_wconf 83' lang='lat' dir='ltr'><strong>Tyaneo</strong></span> <span class='ocrx_word' id='word_1_315' title='bbox 2401 659 2690 729; x_wconf 84' lang='lat' dir='ltr'><strong>Apollonio</strong></span> <span class='ocrx_word' id='word_1_316' title='bbox 2718 664 2963 719; x_wconf 90' lang='lat' dir='ltr'><strong>absoluta</strong></span> <span class='ocrx_word' id='word_1_317' title='bbox 2984 677 3114 723; x_wconf 92' lang='lat' dir='ltr'><strong>suut</strong></span> <span class='ocrx_word' id='word_1_318' title='bbox 3136 686 3323 740; x_wconf 89' lang='lat' dir='ltr'><strong>opera,</strong></span> 
     </span>
    </p>
   </div>
   <div class='ocr_carea' id='block_1_49' title="bbox 1759 745 3325 817">
    <p class='ocr_par' dir='ltr' id='par_1_49' title="bbox 1759 745 3325 817">
     <span class='ocr_line' id='line_1_49' title="bbox 1759 745 3325 817; baseline 0.015 -23"><span class='ocrx_word' id='word_1_319' title='bbox 1759 755 1883 796; x_wconf 89' lang='lat' dir='ltr'><strong>cum</strong></span> <span class='ocrx_word' id='word_1_320' title='bbox 1918 745 1975 798; x_wconf 92' lang='lat' dir='ltr'><strong>in</strong></span> <span class='ocrx_word' id='word_1_321' title='bbox 2017 761 2075 800; x_wconf 92' lang='lat' dir='ltr'><strong>se</strong></span> <span class='ocrx_word' id='word_1_322' title='bbox 2116 749 2324 802; x_wconf 92' lang='lat' dir='ltr'><strong>nullum</strong></span> <span class='ocrx_word' id='word_1_323' title='bbox 2369 753 2593 806; x_wconf 87' lang='lat' dir='ltr'><strong>omnino</strong></span> <span class='ocrx_word' id='word_1_324' title='bbox 2634 754 2860 811; x_wconf 62' lang='lat' dir='ltr'><strong>caeleste</strong></span> <span class='ocrx_word' id='word_1_325' title='bbox 2893 759 3325 817; x_wconf 77' lang='lat' dir='ltr'><strong>emolumentum</strong></span> 
     </span>
    </p>
   </div>
   <div class='ocr_carea' id='block_1_50' title="bbox 1760 838 3326 921">
    <p class='ocr_par' dir='ltr' id='par_1_50' title="bbox 1760 838 3326 921">
     <span class='ocr_line' id='line_1_50' title="bbox 1760 838 3326 921; baseline 0.015 -37"><span class='ocrx_word' id='word_1_326' title='bbox 1760 838 2000 897; x_wconf 85' lang='lat' dir='ltr'><strong>teneant,</strong></span> <span class='ocrx_word' id='word_1_327' title='bbox 2046 852 2225 907; x_wconf 88' lang='lat' dir='ltr'><strong>neque</strong></span> <span class='ocrx_word' id='word_1_328' title='bbox 2277 840 2397 893; x_wconf 89' lang='lat' dir='ltr'><strong>usui</strong></span> <span class='ocrx_word' id='word_1_329' title='bbox 2456 842 2653 896; x_wconf 72' lang='lat' dir='ltr'><strong>anima:</strong></span> <span class='ocrx_word' id='word_1_330' title='bbox 2710 845 2840 908; x_wconf 87' lang='lat' dir='ltr'><strong>sint,</strong></span> <span class='ocrx_word' id='word_1_331' title='bbox 2896 848 3032 901; x_wconf 91' lang='lat' dir='ltr'><strong>nihil</strong></span> <span class='ocrx_word' id='word_1_332' title='bbox 3079 864 3109 903; x_wconf 90' lang='lat' dir='ltr'><strong>a</strong></span> <span class='ocrx_word' id='word_1_333' title='bbox 3151 852 3326 921; x_wconf 85' lang='lat' dir='ltr'><strong>gratia</strong></span> 
     </span>
    </p>
   </div>
   <div class='ocr_carea' id='block_1_51' title="bbox 1760 926 3329 1009">
    <p class='ocr_par' dir='ltr' id='par_1_51' title="bbox 1760 926 3329 1009">
     <span class='ocr_line' id='line_1_51' title="bbox 1760 926 3329 1009; baseline 0.015 -33"><span class='ocrx_word' id='word_1_334' title='bbox 1760 926 2020 994; x_wconf 87' lang='lat' dir='ltr'><strong>manipuli</strong></span> <span class='ocrx_word' id='word_1_335' title='bbox 2056 927 2240 983; x_wconf 84' lang='lat' dir='ltr'><strong>hordei</strong></span> <span class='ocrx_word' id='word_1_336' title='bbox 2277 931 2493 987; x_wconf 79' lang='lat' dir='ltr'><strong>dillerre</strong></span> <span class='ocrx_word' id='word_1_337' title='bbox 2521 935 2850 992; x_wconf 89' lang='lat' dir='ltr'><strong>videbuntur</strong></span> <span class='ocrx_word' id='word_1_338' title='bbox 2872 940 3231 1009; x_wconf 89' lang='lat' dir='ltr'><strong>sapientibus,</strong></span> <span class='ocrx_word' id='word_1_339' title='bbox 3263 960 3329 999; x_wconf 91' lang='lat' dir='ltr'><strong>ac</strong></span> 
     </span>
    </p>
   </div>
   <div class='ocr_carea' id='block_1_52' title="bbox 1759 1016 3325 1102">
    <p class='ocr_par' dir='ltr' id='par_1_52' title="bbox 1759 1016 3325 1102">
     <span class='ocr_line' id='line_1_52' title="bbox 1759 1016 3325 1102; baseline 0.015 -35"><span class='ocrx_word' id='word_1_340' title='bbox 1759 1016 1863 1083; x_wconf 92' lang='lat' dir='ltr'><strong>piis</strong></span> <span class='ocrx_word' id='word_1_341' title='bbox 1888 1016 2218 1085; x_wconf 89' lang='lat' dir='ltr'><strong>hominibus,</strong></span> <span class='ocrx_word' id='word_1_342' title='bbox 2241 1024 2333 1092; x_wconf 88' lang='lat' dir='ltr'><strong>qui</strong></span> <span class='ocrx_word' id='word_1_343' title='bbox 2360 1024 2426 1077; x_wconf 90' lang='lat' dir='ltr'><strong>ad</strong></span> <span class='ocrx_word' id='word_1_344' title='bbox 2450 1027 2694 1081; x_wconf 67' lang='lat' dir='ltr'><strong>coelestia</strong></span> <span class='ocrx_word' id='word_1_345' title='bbox 2721 1030 2835 1091; x_wconf 88' lang='lat' dir='ltr'><strong>illa,</strong></span> <span class='ocrx_word' id='word_1_346' title='bbox 2860 1039 2915 1084; x_wconf 91' lang='lat' dir='ltr'><strong>et</strong></span> <span class='ocrx_word' id='word_1_347' title='bbox 2944 1032 3325 1102; x_wconf 72' lang='lat' dir='ltr'><strong>indepravata,</strong></span> 
     </span>
    </p>
   </div>
   <div class='ocr_carea' id='block_1_53' title="bbox 1758 1114 3327 1184">
    <p class='ocr_par' dir='ltr' id='par_1_53' title="bbox 1758 1114 3327 1184">
     <span class='ocr_line' id='line_1_53' title="bbox 1758 1114 3327 1184; baseline 0.014 -25"><span class='ocrx_word' id='word_1_348' title='bbox 1758 1114 1813 1160; x_wconf 89' lang='lat' dir='ltr'><strong>et</strong></span> <span class='ocrx_word' id='word_1_349' title='bbox 1850 1124 1970 1177; x_wconf 72' lang='lat' dir='ltr'><strong>quas</strong></span> <span class='ocrx_word' id='word_1_350' title='bbox 2009 1127 2287 1181; x_wconf 82' lang='lat' dir='ltr'><strong>nunquam</strong></span> <span class='ocrx_word' id='word_1_351' title='bbox 2328 1115 2701 1173; x_wconf 87' lang='lat' dir='ltr'><strong>dissolventur</strong></span> <span class='ocrx_word' id='word_1_352' title='bbox 2733 1121 2897 1184; x_wconf 87' lang='lat' dir='ltr'><strong>bona,</strong></span> <span class='ocrx_word' id='word_1_353' title='bbox 2935 1125 3217 1183; x_wconf 76' lang='lat' dir='ltr'><strong>anhelant.</strong></span> <span class='ocrx_word' id='word_1_354' title='bbox 3248 1124 3327 1181; x_wconf 85' lang='lat' dir='ltr'><strong>Ne</strong></span> 
     </span>
    </p>
   </div>
   <div class='ocr_carea' id='block_1_54' title="bbox 1758 1198 3328 1285">
    <p class='ocr_par' dir='ltr' id='par_1_54' title="bbox 1758 1198 3328 1285">
     <span class='ocr_line' id='line_1_54' title="bbox 1758 1198 3328 1285; baseline 0.014 -34"><span class='ocrx_word' id='word_1_355' title='bbox 1758 1198 1941 1269; x_wconf 90' lang='lat' dir='ltr'><strong>itaque</strong></span> <span class='ocrx_word' id='word_1_356' title='bbox 1970 1204 2159 1273; x_wconf 62' lang='lat' dir='ltr'><strong>magiae</strong></span> <span class='ocrx_word' id='word_1_357' title='bbox 2192 1221 2356 1274; x_wconf 87' lang='lat' dir='ltr'><strong>opera</strong></span> <span class='ocrx_word' id='word_1_358' title='bbox 2386 1209 2698 1274; x_wconf 87' lang='lat' dir='ltr'><strong>admireris,</strong></span> <span class='ocrx_word' id='word_1_359' title='bbox 2742 1229 2917 1283; x_wconf 88' lang='lat' dir='ltr'><strong>neque</strong></span> <span class='ocrx_word' id='word_1_360' title='bbox 2947 1232 3046 1285; x_wconf 82' lang='lat' dir='ltr'><strong>pro</strong></span> <span class='ocrx_word' id='word_1_361' title='bbox 3080 1218 3188 1272; x_wconf 90' lang='lat' dir='ltr'><strong>illis</strong></span> <span class='ocrx_word' id='word_1_362' title='bbox 3210 1226 3328 1272; x_wconf 81' lang='lat' dir='ltr'><strong>tur-</strong></span> 
     </span>
    </p>
   </div>
   <div class='ocr_carea' id='block_1_55' title="bbox 1759 1290 3325 1381">
    <p class='ocr_par' dir='ltr' id='par_1_55' title="bbox 1759 1290 3325 1381">
     <span class='ocr_line' id='line_1_55' title="bbox 1759 1290 3325 1381; baseline 0.015 -38"><span class='ocrx_word' id='word_1_363' title='bbox 1759 1290 1939 1355; x_wconf 85' lang='lat' dir='ltr'><strong>beris,</strong></span> <span class='ocrx_word' id='word_1_364' title='bbox 2011 1296 2122 1349; x_wconf 90' lang='lat' dir='ltr'><strong>imo</strong></span> <span class='ocrx_word' id='word_1_365' title='bbox 2179 1300 2528 1367; x_wconf 87' lang='lat' dir='ltr'><strong>temetipsum</strong></span> <span class='ocrx_word' id='word_1_366' title='bbox 2600 1318 2629 1356; x_wconf 88' lang='lat' dir='ltr'><strong>a</strong></span> <span class='ocrx_word' id='word_1_367' title='bbox 2696 1308 2965 1361; x_wconf 74' lang='lat' dir='ltr'><strong>sententia</strong></span> <span class='ocrx_word' id='word_1_368' title='bbox 3025 1310 3325 1381; x_wconf 89' lang='lat' dir='ltr'><strong>stupiditati</strong></span> 
     </span>
    </p>
   </div>
   <div class='ocr_carea' id='block_1_56' title="bbox 1758 1381 2934 1462">
    <p class='ocr_par' dir='ltr' id='par_1_56' title="bbox 1758 1381 2934 1462">
     <span class='ocr_line' id='line_1_56' title="bbox 1758 1381 2934 1462; baseline 0.015 -28"><span class='ocrx_word' id='word_1_369' title='bbox 1758 1381 2013 1452; x_wconf 84' lang='lat' dir='ltr'><strong>obnoxia,</strong></span> <span class='ocrx_word' id='word_1_370' title='bbox 2040 1394 2093 1439; x_wconf 92' lang='lat' dir='ltr'><strong>et</strong></span> <span class='ocrx_word' id='word_1_371' title='bbox 2121 1385 2352 1455; x_wconf 86' lang='lat' dir='ltr'><strong>juvenili</strong></span> <span class='ocrx_word' id='word_1_372' title='bbox 2388 1393 2718 1462; x_wconf 79' lang='lat' dir='ltr'><strong>cogitatione</strong></span> <span class='ocrx_word' id='word_1_373' title='bbox 2744 1397 2934 1451; x_wconf 90' lang='lat' dir='ltr'><strong>libera.</strong></span> 
     </span>
    </p>
   </div>
   <div class='ocr_carea' id='block_1_57' title="bbox 2003 1564 3073 1633">
    <p class='ocr_par' dir='ltr' id='par_1_57' title="bbox 2003 1564 3073 1633">
     <span class='ocr_line' id='line_1_57' title="bbox 2003 1564 3073 1633; baseline 0.014 -16"><span class='ocrx_word' id='word_1_374' title='bbox 2003 1564 2235 1621; x_wconf 75' lang='lat' dir='ltr'><strong>CXLIX.</strong></span> <span class='ocrx_word' id='word_1_375' title='bbox 2278 1599 2347 1609; x_wconf 93' lang='lat'><strong>—-</strong></span> <span class='ocrx_word' id='word_1_376' title='bbox 2384 1568 2726 1628; x_wconf 68' lang='lat' dir='ltr'><strong>PALATINO</strong></span> <span class='ocrx_word' id='word_1_377' title='bbox 2762 1574 3073 1633; x_wconf 71' lang='lat' dir='ltr'><strong>PRIMATI.</strong></span> 
     </span>
    </p>
   </div>
   <div class='ocr_carea' id='block_1_58' title="bbox 1831 1651 3324 1740">
    <p class='ocr_par' dir='ltr' id='par_1_58' title="bbox 1831 1651 3324 1740">
     <span class='ocr_line' id='line_1_58' title="bbox 1831 1651 3324 1740; baseline 0.014 -35"><span class='ocrx_word' id='word_1_378' title='bbox 1831 1651 2152 1723; x_wconf 68' lang='lat' dir='ltr'><strong>Saepissime</strong></span> <span class='ocrx_word' id='word_1_379' title='bbox 2178 1659 2444 1722; x_wconf 91' lang='lat' dir='ltr'><strong>inculcas,</strong></span> <span class='ocrx_word' id='word_1_380' title='bbox 2473 1678 2707 1731; x_wconf 91' lang='lat' dir='ltr'><strong>quanam</strong></span> <span class='ocrx_word' id='word_1_381' title='bbox 2744 1668 2957 1722; x_wconf 86' lang='lat' dir='ltr'><strong>ratione</strong></span> <span class='ocrx_word' id='word_1_382' title='bbox 2991 1670 3194 1724; x_wconf 88' lang='lat' dir='ltr'><strong>salvari</strong></span> <span class='ocrx_word' id='word_1_383' title='bbox 3228 1687 3324 1740; x_wconf 89' lang='lat' dir='ltr'><strong>po-</strong></span> 
     </span>
    </p>
   </div>
   <div class='ocr_carea' id='block_1_59' title="bbox 1760 1743 3323 1832">
    <p class='ocr_par' dir='ltr' id='par_1_59' title="bbox 1760 1743 3323 1832">
     <span class='ocr_line' id='line_1_59' title="bbox 1760 1743 3323 1832; baseline 0.015 -37"><span class='ocrx_word' id='word_1_384' title='bbox 1760 1748 1898 1806; x_wconf 90' lang='lat' dir='ltr'><strong>tero,</strong></span> <span class='ocrx_word' id='word_1_385' title='bbox 1927 1743 2231 1803; x_wconf 89' lang='lat' dir='ltr'><strong>innumeris</strong></span> <span class='ocrx_word' id='word_1_386' title='bbox 2255 1750 2449 1806; x_wconf 62' lang='lat' dir='ltr'><strong>anima:</strong></span> <span class='ocrx_word' id='word_1_387' title='bbox 2472 1754 2747 1810; x_wconf 85' lang='lat' dir='ltr'><strong>ulceribus</strong></span> <span class='ocrx_word' id='word_1_388' title='bbox 2769 1768 3009 1825; x_wconf 75' lang='lat' dir='ltr'><strong>scatens,</strong></span> <span class='ocrx_word' id='word_1_389' title='bbox 3035 1763 3323 1832; x_wconf 80' lang='lat' dir='ltr'><strong>malisque,</strong></span> 
     </span>
    </p>
   </div>
   <div class='ocr_carea' id='block_1_60' title="bbox 1759 1839 3323 1918">
    <p class='ocr_par' dir='ltr' id='par_1_60' title="bbox 1759 1839 3323 1918">
     <span class='ocr_line' id='line_1_60' title="bbox 1759 1839 3323 1918; baseline 0.015 -30"><span class='ocrx_word' id='word_1_390' title='bbox 1759 1850 1879 1904; x_wconf 75' lang='lat' dir='ltr'><strong>quae</strong></span> <span class='ocrx_word' id='word_1_391' title='bbox 1908 1839 2090 1894; x_wconf 79' lang='lat' dir='ltr'><strong>verbis</strong></span> <span class='ocrx_word' id='word_1_392' title='bbox 2121 1844 2351 1910; x_wconf 81' lang='lat' dir='ltr'><strong>exprimi</strong></span> <span class='ocrx_word' id='word_1_393' title='bbox 2385 1840 2683 1914; x_wconf 88' lang='lat' dir='ltr'><strong>nequeunt,</strong></span> <span class='ocrx_word' id='word_1_394' title='bbox 2718 1850 3178 1918; x_wconf 81' lang='lat' dir='ltr'><strong>confertissimus,</strong></span> <span class='ocrx_word' id='word_1_395' title='bbox 3211 1865 3263 1911; x_wconf 90' lang='lat' dir='ltr'><strong>et</strong></span> <span class='ocrx_word' id='word_1_396' title='bbox 3290 1875 3323 1912; x_wconf 75' lang='grc' dir='ltr'><strong>ιι</strong></span> 
     </span>
    </p>
   </div>
   <div class='ocr_carea' id='block_1_61' title="bbox 1757 1930 3322 2017">
    <p class='ocr_par' dir='ltr' id='par_1_61' title="bbox 1757 1930 3322 2017">
     <span class='ocr_line' id='line_1_61' title="bbox 1757 1930 3322 2017; baseline 0.014 -36"><span class='ocrx_word' id='word_1_397' title='bbox 1757 1930 1985 1999; x_wconf 66' lang='lat' dir='ltr'><strong>propria:</strong></span> <span class='ocrx_word' id='word_1_398' title='bbox 2034 1944 2214 2000; x_wconf 69' lang='lat' dir='ltr'><strong>prava:</strong></span> <span class='ocrx_word' id='word_1_399' title='bbox 2254 1938 2603 1993; x_wconf 67' lang='lat' dir='ltr'><strong>conscientia:</strong></span> <span class='ocrx_word' id='word_1_400' title='bbox 2631 1943 2891 1997; x_wconf 91' lang='lat' dir='ltr'><strong>continuo</strong></span> <span class='ocrx_word' id='word_1_401' title='bbox 2928 1944 3160 2002; x_wconf 79' lang='lat' dir='ltr'><strong>ﬂainmis</strong></span> <span class='ocrx_word' id='word_1_402' title='bbox 3196 1964 3322 2017; x_wconf 88' lang='lat' dir='ltr'><strong>pcr-</strong></span> 
     </span>
    </p>
   </div>
   <div class='ocr_carea' id='block_1_62' title="bbox 1756 2024 3322 2108">
    <p class='ocr_par' dir='ltr' id='par_1_62' title="bbox 1756 2024 3322 2108">
     <span class='ocr_line' id='line_1_62' title="bbox 1756 2024 3322 2108; baseline 0.013 -33"><span class='ocrx_word' id='word_1_403' title='bbox 1756 2024 1951 2077; x_wconf 85' lang='lat' dir='ltr'><strong>ustus?</strong></span> <span class='ocrx_word' id='word_1_404' title='bbox 1991 2024 2225 2080; x_wconf 87' lang='lat' dir='ltr'><strong>Adverte</strong></span> <span class='ocrx_word' id='word_1_405' title='bbox 2269 2030 2530 2092; x_wconf 86' lang='lat' dir='ltr'><strong>animum,</strong></span> <span class='ocrx_word' id='word_1_406' title='bbox 2580 2034 2653 2085; x_wconf 87' lang='lat' dir='ltr'><strong>mi</strong></span> <span class='ocrx_word' id='word_1_407' title='bbox 2710 2034 2891 2101; x_wconf 82' lang='lat' dir='ltr'><strong>Immo,</strong></span> <span class='ocrx_word' id='word_1_408' title='bbox 2944 2039 3025 2092; x_wconf 88' lang='lat' dir='ltr'><strong>vel</strong></span> <span class='ocrx_word' id='word_1_409' title='bbox 3066 2041 3322 2108; x_wconf 88' lang='lat' dir='ltr'><strong>pusillum</strong></span> 
     </span>
    </p>
   </div>
   <div class='ocr_carea' id='block_1_63' title="bbox 1754 2113 3411 2191">
    <p class='ocr_par' dir='ltr' id='par_1_63' title="bbox 1754 2113 3411 2191">
     <span class='ocr_line' id='line_1_63' title="bbox 1754 2113 3411 2191; baseline 0.013 -25"><span class='ocrx_word' id='word_1_410' title='bbox 1754 2113 2015 2169; x_wconf 90' lang='lat' dir='ltr'><strong>divinitus</strong></span> <span class='ocrx_word' id='word_1_411' title='bbox 2058 2116 2338 2186; x_wconf 58' lang='lat' dir='ltr'><strong>inspirata;</strong></span> <span class='ocrx_word' id='word_1_412' title='bbox 2394 2120 2714 2191; x_wconf 70' lang='lat' dir='ltr'><strong>Scriptum,</strong></span> <span class='ocrx_word' id='word_1_413' title='bbox 2752 2132 2804 2179; x_wconf 91' lang='lat' dir='ltr'><strong>et</strong></span> <span class='ocrx_word' id='word_1_414' title='bbox 2852 2142 2969 2182; x_wconf 91' lang='lat' dir='ltr'><strong>mea</strong></span> <span class='ocrx_word' id='word_1_415' title='bbox 3013 2129 3324 2187; x_wconf 85' lang='lat' dir='ltr'><strong>adhortatio</strong></span> <span class='ocrx_word' id='word_1_416' title='bbox 3402 2116 3411 2126; x_wconf 69' lang='grc'><strong>’</strong></span> 
     </span>
    </p>
   </div>
   <div class='ocr_carea' id='block_1_64' title="bbox 1756 2205 3320 2286">
    <p class='ocr_par' dir='ltr' id='par_1_64' title="bbox 1756 2205 3320 2286">
     <span class='ocr_line' id='line_1_64' title="bbox 1756 2205 3320 2286; baseline 0.012 -27"><span class='ocrx_word' id='word_1_417' title='bbox 1756 2205 1853 2259; x_wconf 88' lang='lat' dir='ltr'><strong>tibi</strong></span> <span class='ocrx_word' id='word_1_418' title='bbox 1881 2220 2019 2275; x_wconf 85' lang='lat' dir='ltr'><strong>Opus</strong></span> <span class='ocrx_word' id='word_1_419' title='bbox 2066 2223 2173 2261; x_wconf 90' lang='lat' dir='ltr'><strong>non</strong></span> <span class='ocrx_word' id='word_1_420' title='bbox 2225 2209 2411 2265; x_wconf 81' lang='lat' dir='ltr'><strong>fuerit.</strong></span> <span class='ocrx_word' id='word_1_421' title='bbox 2463 2211 2766 2270; x_wconf 86' lang='lat' dir='ltr'><strong>Considera</strong></span> <span class='ocrx_word' id='word_1_422' title='bbox 2816 2218 2947 2286; x_wconf 91' lang='lat' dir='ltr'><strong>quid</strong></span> <span class='ocrx_word' id='word_1_423' title='bbox 2992 2219 3138 2281; x_wconf 87' lang='lat' dir='ltr'><strong>dicat</strong></span> <span class='ocrx_word' id='word_1_424' title='bbox 3166 2224 3320 2277; x_wconf 83' lang='lat' dir='ltr'><strong>Salo-</strong></span> 
     </span>
    </p>
   </div>
   <div class='ocr_carea' id='block_1_65' title="bbox 1754 2298 3324 2384">
    <p class='ocr_par' dir='ltr' id='par_1_65' title="bbox 1754 2298 3324 2384">
     <span class='ocr_line' id='line_1_65' title="bbox 1754 2298 3324 2384; baseline 0.012 -34"><span class='ocrx_word' id='word_1_425' title='bbox 1754 2311 1881 2351; x_wconf 93' lang='lat' dir='ltr'><strong>mon</strong></span> <span class='ocrx_word' id='word_1_426' title='bbox 1917 2298 1959 2328; x_wconf 78' lang='grc'>⁶¹</span> <span class='ocrx_word' id='word_1_427' title='bbox 2006 2313 2020 2351; x_wconf 91' lang='lat'><strong>:</strong></span> <span class='ocrx_word' id='word_1_428' title='bbox 2065 2318 2083 2349; x_wconf 77' lang='grc' dir='ltr'><strong>ι</strong></span> <span class='ocrx_word' id='word_1_429' title='bbox 2117 2300 2489 2373; x_wconf 81' lang='lat' dir='ltr'><strong>Eleemosynis</strong></span> <span class='ocrx_word' id='word_1_430' title='bbox 2521 2307 2688 2370; x_wconf 91' lang='lat' dir='ltr'><strong>enim,</strong></span> <span class='ocrx_word' id='word_1_431' title='bbox 2721 2317 2775 2362; x_wconf 89' lang='lat' dir='ltr'><strong>et</strong></span> <span class='ocrx_word' id='word_1_432' title='bbox 2805 2308 2908 2364; x_wconf 75' lang='lat' dir='ltr'><strong>fide</strong></span> <span class='ocrx_word' id='word_1_433' title='bbox 2949 2324 3324 2384; x_wconf 79' lang='lat' dir='ltr'><strong>expurgantur</strong></span> 
     </span>
    </p>
   </div>
   <div class='ocr_carea' id='block_1_66' title="bbox 1755 2390 3325 2476">
    <p class='ocr_par' dir='ltr' id='par_1_66' title="bbox 1755 2390 3325 2476">
     <span class='ocr_line' id='line_1_66' title="bbox 1755 2390 3325 2476; baseline 0.011 -33"><span class='ocrx_word' id='word_1_434' title='bbox 1755 2397 2002 2458; x_wconf 83' lang='lat' dir='ltr'><strong>peccata.</strong></span> <span class='ocrx_word' id='word_1_435' title='bbox 2046 2411 2063 2443; x_wconf 80' lang='grc' dir='ltr'><strong>ι</strong></span> <span class='ocrx_word' id='word_1_436' title='bbox 2090 2390 2228 2448; x_wconf 81' lang='lat' dir='ltr'><strong>Vide</strong></span> <span class='ocrx_word' id='word_1_437' title='bbox 2253 2396 2382 2464; x_wconf 90' lang='lat' dir='ltr'><strong>quid</strong></span> <span class='ocrx_word' id='word_1_438' title='bbox 2408 2395 2931 2455; x_wconf 87' lang='lat' dir='ltr'><strong>Nabuchodonosori</strong></span> <span class='ocrx_word' id='word_1_439' title='bbox 2973 2403 3156 2459; x_wconf 89' lang='lat' dir='ltr'><strong>Daniel</strong></span> <span class='ocrx_word' id='word_1_440' title='bbox 3197 2423 3325 2476; x_wconf 84' lang='lat' dir='ltr'><strong>pro-</strong></span> 
     </span>
    </p>
   </div>
   <div class='ocr_carea' id='block_1_67' title="bbox 1756 2478 3321 2570">
    <p class='ocr_par' dir='ltr' id='par_1_67' title="bbox 1756 2478 3321 2570">
     <span class='ocr_line' id='line_1_67' title="bbox 1756 2478 3321 2570; baseline 0.017 -41"><span class='ocrx_word' id='word_1_441' title='bbox 1756 2478 1919 2548; x_wconf 85' lang='lat' dir='ltr'><strong>pheta</strong></span> <span class='ocrx_word' id='word_1_442' title='bbox 1952 2484 2204 2536; x_wconf 87' lang='lat' dir='ltr'><strong>consulat</strong></span> <span class='ocrx_word' id='word_1_443' title='bbox 2241 2503 2253 2538; x_wconf 90' lang='lat'><strong>:</strong></span> <span class='ocrx_word' id='word_1_444' title='bbox 2291 2504 2309 2536; x_wconf 77' lang='grc' dir='ltr'><strong>ι</strong></span> <span class='ocrx_word' id='word_1_445' title='bbox 2348 2487 2671 2557; x_wconf 87' lang='lat' dir='ltr'><strong>lniquitates</strong></span> <span class='ocrx_word' id='word_1_446' title='bbox 2705 2499 2827 2545; x_wconf 90' lang='lat' dir='ltr'><strong>tuas</strong></span> <span class='ocrx_word' id='word_1_447' title='bbox 2861 2495 2913 2546; x_wconf 93' lang='lat' dir='ltr'><strong>in</strong></span> <span class='ocrx_word' id='word_1_448' title='bbox 2956 2497 3321 2570; x_wconf 83' lang='lat' dir='ltr'><strong>eleemosynis</strong></span> 
     </span>
    </p>
   </div>
   <div class='ocr_carea' id='block_1_68' title="bbox 1756 2571 3319 2661">
    <p class='ocr_par' dir='ltr' id='par_1_68' title="bbox 1756 2571 3319 2661">
     <span class='ocr_line' id='line_1_68' title="bbox 1756 2571 3319 2661; baseline 0.015 -37"><span class='ocrx_word' id='word_1_449' title='bbox 1756 2571 1949 2636; x_wconf 88' lang='lat' dir='ltr'><strong>libera,</strong></span> <span class='ocrx_word' id='word_1_450' title='bbox 1996 2582 2050 2629; x_wconf 81' lang='lat' dir='ltr'><strong>et</strong></span> <span class='ocrx_word' id='word_1_451' title='bbox 2098 2585 2317 2646; x_wconf 88' lang='lat' dir='ltr'><strong>peccata</strong></span> <span class='ocrx_word' id='word_1_452' title='bbox 2359 2586 2457 2634; x_wconf 84' lang='lat' dir='ltr'><strong>tua</strong></span> <span class='ocrx_word' id='word_1_453' title='bbox 2506 2580 2561 2635; x_wconf 89' lang='lat' dir='ltr'><strong>in</strong></span> <span class='ocrx_word' id='word_1_454' title='bbox 2612 2583 3063 2644; x_wconf 88' lang='lat' dir='ltr'><strong>miserationibus</strong></span> <span class='ocrx_word' id='word_1_455' title='bbox 3110 2606 3319 2661; x_wconf 74' lang='lat' dir='ltr'><strong>panpe-</strong></span> 
     </span>
    </p>
   </div>
   <div class='ocr_carea' id='block_1_69' title="bbox 1748 2666 3319 2752">
    <p class='ocr_par' dir='ltr' id='par_1_69' title="bbox 1748 2666 3319 2752">
     <span class='ocr_line' id='line_1_69' title="bbox 1748 2666 3319 2752; baseline 0.013 -35"><span class='ocrx_word' id='word_1_456' title='bbox 1748 2679 1876 2718; x_wconf 33' lang='lat' dir='ltr'><strong>‘rum</strong></span> <span class='ocrx_word' id='word_1_457' title='bbox 1923 2666 1988 2721; x_wconf 75' lang='grc'><strong>⁶¹.</strong></span> <span class='ocrx_word' id='word_1_458' title='bbox 2041 2687 2060 2720; x_wconf 78' lang='grc' dir='ltr'><strong>ι</strong></span> <span class='ocrx_word' id='word_1_459' title='bbox 2116 2669 2292 2725; x_wconf 88' lang='lat' dir='ltr'><strong>Crede</strong></span> <span class='ocrx_word' id='word_1_460' title='bbox 2350 2670 2578 2727; x_wconf 88' lang='lat' dir='ltr'><strong>Siracho</strong></span> <span class='ocrx_word' id='word_1_461' title='bbox 2633 2675 2944 2732; x_wconf 87' lang='lat' dir='ltr'><strong>adhortanti</strong></span> <span class='ocrx_word' id='word_1_462' title='bbox 3005 2699 3077 2735; x_wconf 71' lang='grc' dir='ltr'><strong>ιι</strong></span> <span class='ocrx_word' id='word_1_463' title='bbox 3136 2681 3319 2752; x_wconf 86' lang='lat' dir='ltr'><strong>Ignem</strong></span> 
     </span>
    </p>
   </div>
   <div class='ocr_carea' id='block_1_70' title="bbox 1756 2765 3320 2838">
    <p class='ocr_par' dir='ltr' id='par_1_70' title="bbox 1756 2765 3320 2838">
     <span class='ocr_line' id='line_1_70' title="bbox 1756 2765 3320 2838; baseline 0.012 -27"><span class='ocrx_word' id='word_1_464' title='bbox 1756 2772 2082 2815; x_wconf 91' lang='lat' dir='ltr'><strong>succensum</strong></span> <span class='ocrx_word' id='word_1_465' title='bbox 2124 2776 2262 2832; x_wconf 91' lang='lat' dir='ltr'><strong>aqua</strong></span> <span class='ocrx_word' id='word_1_466' title='bbox 2308 2765 2629 2836; x_wconf 76' lang='lat' dir='ltr'><strong>exstinguit,</strong></span> <span class='ocrx_word' id='word_1_467' title='bbox 2658 2777 2712 2822; x_wconf 93' lang='lat' dir='ltr'><strong>et</strong></span> <span class='ocrx_word' id='word_1_468' title='bbox 2742 2778 3087 2838; x_wconf 90' lang='lat' dir='ltr'><strong>peccatorum</strong></span> <span class='ocrx_word' id='word_1_469' title='bbox 3130 2774 3320 2829; x_wconf 87' lang='lat' dir='ltr'><strong>incen-</strong></span> 
     </span>
    </p>
   </div>
   <div class='ocr_carea' id='block_1_71' title="bbox 1755 2847 3320 2932">
    <p class='ocr_par' dir='ltr' id='par_1_71' title="bbox 1755 2847 3320 2932">
     <span class='ocr_line' id='line_1_71' title="bbox 1755 2847 3320 2932; baseline 0.013 -31"><span class='ocrx_word' id='word_1_470' title='bbox 1755 2847 1904 2903; x_wconf 90' lang='lat' dir='ltr'><strong>dium</strong></span> <span class='ocrx_word' id='word_1_471' title='bbox 1930 2852 2346 2925; x_wconf 72' lang='lat' dir='ltr'><strong>eleemosyna”.</strong></span> <span class='ocrx_word' id='word_1_472' title='bbox 2373 2875 2392 2908; x_wconf 75' lang='grc' dir='ltr'><strong>ι</strong></span> <span class='ocrx_word' id='word_1_473' title='bbox 2412 2876 2516 2909; x_wconf 85' lang='grc'><strong>-‹</strong></span> <span class='ocrx_word' id='word_1_474' title='bbox 2546 2859 2899 2932; x_wconf 82' lang='lat' dir='ltr'><strong>Eleemosyna</strong></span> <span class='ocrx_word' id='word_1_475' title='bbox 2925 2866 3068 2917; x_wconf 88' lang='lat' dir='ltr'><strong>enim</strong></span> <span class='ocrx_word' id='word_1_476' title='bbox 3093 2881 3122 2919; x_wconf 88' lang='lat' dir='ltr'><strong>a</strong></span> <span class='ocrx_word' id='word_1_477' title='bbox 3145 2875 3320 2923; x_wconf 89' lang='lat' dir='ltr'><strong>morte</strong></span> 
     </span>
    </p>
   </div>
   <div class='ocr_carea' id='block_1_72' title="bbox 1754 2941 3318 3022">
    <p class='ocr_par' dir='ltr' id='par_1_72' title="bbox 1754 2941 3318 3022">
     <span class='ocr_line' id='line_1_72' title="bbox 1754 2941 3318 3022; baseline 0.012 -28"><span class='ocrx_word' id='word_1_478' title='bbox 1754 2941 1952 2997; x_wconf 91' lang='lat' dir='ltr'><strong>liberat</strong></span> <span class='ocrx_word' id='word_1_479' title='bbox 1986 2944 2051 3009; x_wconf 76' lang='lat'><strong>“,</strong></span> <span class='ocrx_word' id='word_1_480' title='bbox 2089 2964 2109 2997; x_wconf 73' lang='grc' dir='ltr'><strong>ι</strong></span> <span class='ocrx_word' id='word_1_481' title='bbox 2150 2954 2381 3001; x_wconf 88' lang='lat' dir='ltr'><strong>mortem</strong></span> <span class='ocrx_word' id='word_1_482' title='bbox 2424 2951 2696 3019; x_wconf 87' lang='lat' dir='ltr'><strong>repellens</strong></span> <span class='ocrx_word' id='word_1_483' title='bbox 2734 2968 2832 3022; x_wconf 88' lang='lat' dir='ltr'><strong>per</strong></span> <span class='ocrx_word' id='word_1_484' title='bbox 2872 2957 3211 3012; x_wconf 88' lang='lat' dir='ltr'><strong>tremendam</strong></span> <span class='ocrx_word' id='word_1_485' title='bbox 3254 2974 3318 3013; x_wconf 90' lang='lat' dir='ltr'><strong>ac</strong></span> 
     </span>
    </p>
   </div>
   <div class='ocr_carea' id='block_1_73' title="bbox 1753 3032 3318 3107">
    <p class='ocr_par' dir='ltr' id='par_1_73' title="bbox 1753 3032 3318 3107">
     <span class='ocr_line' id='line_1_73' title="bbox 1753 3032 3318 3107; baseline 0.013 -23"><span class='ocrx_word' id='word_1_486' title='bbox 1753 3032 2054 3090; x_wconf 84' lang='lat' dir='ltr'><strong>terribilem</strong></span> <span class='ocrx_word' id='word_1_487' title='bbox 2100 3038 2609 3095; x_wconf 88' lang='lat' dir='ltr'><strong>condemnationem</strong></span> <span class='ocrx_word' id='word_1_488' title='bbox 2662 3044 2902 3107; x_wconf 84' lang='lat' dir='ltr'><strong>illatam,</strong></span> <span class='ocrx_word' id='word_1_489' title='bbox 2957 3057 3010 3101; x_wconf 87' lang='lat' dir='ltr'><strong>et</strong></span> <span class='ocrx_word' id='word_1_490' title='bbox 3060 3050 3318 3106; x_wconf 86' lang='lat' dir='ltr'><strong>tenebras</strong></span> 
     </span>
    </p>
   </div>
   <div class='ocr_carea' id='block_1_74' title="bbox 1754 3120 3099 3196">
    <p class='ocr_par' dir='ltr' id='par_1_74' title="bbox 1754 3120 3099 3196">
     <span class='ocr_line' id='line_1_74' title="bbox 1754 3120 3099 3196; baseline 0.014 -21"><span class='ocrx_word' id='word_1_491' title='bbox 1754 3120 2020 3193; x_wconf 82' lang='lat' dir='ltr'><strong>ingestas,</strong></span> <span class='ocrx_word' id='word_1_492' title='bbox 2058 3136 2117 3179; x_wconf 94' lang='lat' dir='ltr'><strong>ut</strong></span> <span class='ocrx_word' id='word_1_493' title='bbox 2141 3126 2341 3184; x_wconf 89' lang='lat' dir='ltr'><strong>Tobias</strong></span> <span class='ocrx_word' id='word_1_494' title='bbox 2362 3140 2415 3185; x_wconf 84' lang='lat' dir='ltr'><strong>et</strong></span> <span class='ocrx_word' id='word_1_495' title='bbox 2448 3133 2705 3189; x_wconf 79' lang='lat' dir='ltr'><strong>Salomon</strong></span> <span class='ocrx_word' id='word_1_496' title='bbox 2738 3138 3099 3196; x_wconf 86' lang='lat' dir='ltr'><strong>arbitrantur.</strong></span> 
     </span>
    </p>
   </div>
   <div class='ocr_carea' id='block_1_75' title="bbox 1928 3214 3136 3287">
    <p class='ocr_par' dir='ltr' id='par_1_75' title="bbox 1928 3214 3136 3287">
     <span class='ocr_line' id='line_1_75' title="bbox 1928 3214 3136 3287; baseline 0.017 -20"><span class='ocrx_word' id='word_1_497' title='bbox 1928 3214 2085 3285; x_wconf 80' lang='lat' dir='ltr'><strong>19o</strong></span> <span class='ocrx_word' id='word_1_498' title='bbox 2115 3216 2220 3272; x_wconf 89' lang='lat' dir='ltr'><strong>CL.</strong></span> <span class='ocrx_word' id='word_1_499' title='bbox 2256 3248 2327 3261; x_wconf 88' lang='grc'><strong>-</strong></span> <span class='ocrx_word' id='word_1_500' title='bbox 2367 3220 2669 3279; x_wconf 79' lang='lat' dir='ltr'><strong>RHEGINO</strong></span> <span class='ocrx_word' id='word_1_501' title='bbox 2720 3226 3136 3287; x_wconf 79' lang='lat' dir='ltr'><strong>scnINIAmo.</strong></span> 
     </span>
    </p>
   </div>
   <div class='ocr_carea' id='block_1_76' title="bbox 1816 3303 3313 3387">
    <p class='ocr_par' dir='ltr' id='par_1_76' title="bbox 1816 3303 3313 3387">
     <span class='ocr_line' id='line_1_76' title="bbox 1816 3303 3313 3387; baseline 0.017 -31"><span class='ocrx_word' id='word_1_502' title='bbox 1816 3303 1933 3358; x_wconf 89' lang='lat' dir='ltr'><strong>Non</strong></span> <span class='ocrx_word' id='word_1_503' title='bbox 1969 3308 2132 3362; x_wconf 91' lang='lat' dir='ltr'><strong>homo</strong></span> <span class='ocrx_word' id='word_1_504' title='bbox 2161 3311 2389 3382; x_wconf 79' lang='lat' dir='ltr'><strong>simplex</strong></span> <span class='ocrx_word' id='word_1_505' title='bbox 2430 3318 2737 3374; x_wconf 82' lang='lat' dir='ltr'><strong>communis</strong></span> <span class='ocrx_word' id='word_1_506' title='bbox 2768 3320 3040 3387; x_wconf 83' lang='lat' dir='ltr'><strong>Salvator,</strong></span> <span class='ocrx_word' id='word_1_507' title='bbox 3074 3332 3129 3379; x_wconf 91' lang='lat' dir='ltr'><strong>et</strong></span> <span class='ocrx_word' id='word_1_508' title='bbox 3173 3326 3313 3383; x_wconf 90' lang='lat' dir='ltr'><strong>bene</strong></span> 
     </span>
    </p>
   </div>
   <div class='ocr_carea' id='block_1_77' title="bbox 1745 3395 3310 3475">
    <p class='ocr_par' dir='ltr' id='par_1_77' title="bbox 1745 3395 3310 3475">
     <span class='ocr_line' id='line_1_77' title="bbox 1745 3395 3310 3475; baseline 0.015 -26"><span class='ocrx_word' id='word_1_509' title='bbox 1745 3395 1814 3451; x_wconf 88' lang='lat' dir='ltr'><strong>de</strong></span> <span class='ocrx_word' id='word_1_510' title='bbox 1866 3400 2124 3455; x_wconf 89' lang='lat' dir='ltr'><strong>omnibus</strong></span> <span class='ocrx_word' id='word_1_511' title='bbox 2168 3406 2398 3460; x_wconf 80' lang='lat' dir='ltr'><strong>meritus</strong></span> <span class='ocrx_word' id='word_1_512' title='bbox 2440 3406 2716 3475; x_wconf 87' lang='lat' dir='ltr'><strong>Christus,</strong></span> <span class='ocrx_word' id='word_1_513' title='bbox 2759 3412 2901 3470; x_wconf 89' lang='lat' dir='ltr'><strong>Deus</strong></span> <span class='ocrx_word' id='word_1_514' title='bbox 2962 3417 3015 3470; x_wconf 92' lang='lat' dir='ltr'><strong>in</strong></span> <span class='ocrx_word' id='word_1_515' title='bbox 3072 3418 3310 3474; x_wconf 84' lang='lat' dir='ltr'><strong>humana</strong></span> 
     </span>
    </p>
   </div>
   <div class='ocr_carea' id='block_1_78' title="bbox 1745 3487 3310 3580">
    <p class='ocr_par' dir='ltr' id='par_1_78' title="bbox 1745 3487 3310 3580">
     <span class='ocr_line' id='line_1_78' title="bbox 1745 3487 3310 3580; baseline 0.018 -41"><span class='ocrx_word' id='word_1_516' title='bbox 1745 3487 1918 3541; x_wconf 81' lang='lat' dir='ltr'><strong>forma</strong></span> <span class='ocrx_word' id='word_1_517' title='bbox 1946 3492 2122 3546; x_wconf 83' lang='lat' dir='ltr'><strong>oculis</strong></span> <span class='ocrx_word' id='word_1_518' title='bbox 2152 3493 2326 3558; x_wconf 88' lang='lat' dir='ltr'><strong>visus,</strong></span> <span class='ocrx_word' id='word_1_519' title='bbox 2370 3506 2425 3552; x_wconf 91' lang='lat' dir='ltr'><strong>et</strong></span> <span class='ocrx_word' id='word_1_520' title='bbox 2464 3502 2708 3570; x_wconf 79' lang='lat' dir='ltr'><strong>propria,</strong></span> <span class='ocrx_word' id='word_1_521' title='bbox 2738 3521 2859 3575; x_wconf 70' lang='lat' dir='ltr'><strong>qua:</strong></span> <span class='ocrx_word' id='word_1_522' title='bbox 2889 3508 3044 3563; x_wconf 93' lang='lat' dir='ltr'><strong>nullo</strong></span> <span class='ocrx_word' id='word_1_523' title='bbox 3083 3523 3310 3580; x_wconf 84' lang='lat' dir='ltr'><strong>peccato</strong></span> 
     </span>
    </p>
   </div>
   <div class='ocr_carea' id='block_1_79' title="bbox 1743 3581 3312 3673">
    <p class='ocr_par' dir='ltr' id='par_1_79' title="bbox 1743 3581 3312 3673">
     <span class='ocr_line' id='line_1_79' title="bbox 1743 3581 3312 3673; baseline 0.018 -41"><span class='ocrx_word' id='word_1_524' title='bbox 1743 3581 2020 3650; x_wconf 88' lang='lat' dir='ltr'><strong>nullisque</strong></span> <span class='ocrx_word' id='word_1_525' title='bbox 2064 3586 2323 3644; x_wconf 88' lang='lat' dir='ltr'><strong>sordibus</strong></span> <span class='ocrx_word' id='word_1_526' title='bbox 2369 3594 2775 3663; x_wconf 87' lang='lat' dir='ltr'><strong>succumbebat,</strong></span> <span class='ocrx_word' id='word_1_527' title='bbox 2817 3614 3005 3667; x_wconf 86' lang='lat' dir='ltr'><strong>carne,</strong></span> <span class='ocrx_word' id='word_1_528' title='bbox 3042 3618 3140 3670; x_wconf 91' lang='lat' dir='ltr'><strong>pro</strong></span> <span class='ocrx_word' id='word_1_529' title='bbox 3181 3620 3312 3673; x_wconf 87' lang='lat' dir='ltr'><strong>pec-</strong></span> 
     </span>
    </p>
   </div>
   <div class='ocr_carea' id='block_1_80' title="bbox 1743 3671 3311 3762">
    <p class='ocr_par' dir='ltr' id='par_1_80' title="bbox 1743 3671 3311 3762">
     <span class='ocr_line' id='line_1_80' title="bbox 1743 3671 3311 3762; baseline 0.017 -37"><span class='ocrx_word' id='word_1_530' title='bbox 1743 3671 1880 3727; x_wconf 87' lang='lat' dir='ltr'><strong>catis</strong></span> <span class='ocrx_word' id='word_1_531' title='bbox 1933 3672 2214 3730; x_wconf 90' lang='lat' dir='ltr'><strong>hominum</strong></span> <span class='ocrx_word' id='word_1_532' title='bbox 2263 3690 2493 3737; x_wconf 88' lang='lat' dir='ltr'><strong>mortem</strong></span> <span class='ocrx_word' id='word_1_533' title='bbox 2539 3686 2820 3744; x_wconf 85' lang='lat' dir='ltr'><strong>voluntate</strong></span> <span class='ocrx_word' id='word_1_534' title='bbox 2867 3693 3090 3762; x_wconf 87' lang='lat' dir='ltr'><strong>propria</strong></span> <span class='ocrx_word' id='word_1_535' title='bbox 3144 3671 3311 3750; x_wconf 84' lang='lat' dir='ltr'><strong>susti-</strong></span> 
     </span>
    </p>
   </div>
   <div class='ocr_carea' id='block_1_81' title="bbox 1742 3764 1881 3820">
    <p class='ocr_par' dir='ltr' id='par_1_81' title="bbox 1742 3764 1881 3820">
     <span class='ocr_line' id='line_1_81' title="bbox 1742 3764 1881 3820; baseline 0.029 -4"><span class='ocrx_word' id='word_1_536' title='bbox 1742 3764 1881 3820; x_wconf 89' lang='lat' dir='ltr'><strong>nuit.</strong></span> 
     </span>
    </p>
   </div>
   <div class='ocr_carea' id='block_1_82' title="bbox 2097 3863 2933 3929">
    <p class='ocr_par' dir='ltr' id='par_1_82' title="bbox 2097 3863 2933 3929">
     <span class='ocr_line' id='line_1_82' title="bbox 2097 3863 2933 3929; baseline 0.012 -10"><span class='ocrx_word' id='word_1_537' title='bbox 2097 3863 2227 3920; x_wconf 88' lang='lat' dir='ltr'><strong>CLI.</strong></span> <span class='ocrx_word' id='word_1_538' title='bbox 2263 3899 2329 3909; x_wconf 86' lang='lat'><strong>—</strong></span> <span class='ocrx_word' id='word_1_539' title='bbox 2366 3868 2574 3926; x_wconf 84' lang='lat' dir='ltr'><strong>LUCIO</strong></span> <span class='ocrx_word' id='word_1_540' title='bbox 2614 3870 2933 3929; x_wconf 75' lang='lat' dir='ltr'><strong>TRIBUNO.</strong></span> 
     </span>
    </p>
   </div>
   <div class='ocr_carea' id='block_1_83' title="bbox 1810 3948 3305 4034">
    <p class='ocr_par' dir='ltr' id='par_1_83' title="bbox 1810 3948 3305 4034">
     <span class='ocr_line' id='line_1_83' title="bbox 1810 3948 3305 4034; baseline 0.015 -29"><span class='ocrx_word' id='word_1_541' title='bbox 1810 3948 1955 4016; x_wconf 86' lang='lat' dir='ltr'><strong>Quot</strong></span> <span class='ocrx_word' id='word_1_542' title='bbox 1989 3957 2209 4023; x_wconf 91' lang='lat' dir='ltr'><strong>quoties</strong></span> <span class='ocrx_word' id='word_1_543' title='bbox 2248 3961 2497 4017; x_wconf 90' lang='lat' dir='ltr'><strong>homines</strong></span> <span class='ocrx_word' id='word_1_544' title='bbox 2532 3980 2729 4019; x_wconf 87' lang='lat' dir='ltr'><strong>corvos</strong></span> <span class='ocrx_word' id='word_1_545' title='bbox 2764 3968 2974 4034; x_wconf 88' lang='lat' dir='ltr'><strong>laqueis</strong></span> <span class='ocrx_word' id='word_1_546' title='bbox 3007 3980 3062 4024; x_wconf 91' lang='lat' dir='ltr'><strong>et</strong></span> <span class='ocrx_word' id='word_1_547' title='bbox 3096 3973 3305 4028; x_wconf 89' lang='lat' dir='ltr'><strong>retibus</strong></span> 
     </span>
    </p>
   </div>
   <div class='ocr_carea' id='block_1_84' title="bbox 1739 4052 3301 4126">
    <p class='ocr_par' dir='ltr' id='par_1_84' title="bbox 1739 4052 3301 4126">
     <span class='ocr_line' id='line_1_84' title="bbox 1739 4052 3301 4126; baseline 0.015 -31"><span class='ocrx_word' id='word_1_548' title='bbox 1739 4054 2042 4111; x_wconf 87' lang='lat' dir='ltr'><strong>ceperunt,</strong></span> <span class='ocrx_word' id='word_1_549' title='bbox 2104 4052 2365 4119; x_wconf 90' lang='lat' dir='ltr'><strong>corvique</strong></span> <span class='ocrx_word' id='word_1_550' title='bbox 2424 4055 2568 4122; x_wconf 83' lang='lat' dir='ltr'><strong>capti</strong></span> <span class='ocrx_word' id='word_1_551' title='bbox 2629 4059 2903 4126; x_wconf 80' lang='lat' dir='ltr'><strong>prepriam</strong></span> <span class='ocrx_word' id='word_1_552' title='bbox 2960 4064 3301 4118; x_wconf 87' lang='lat' dir='ltr'><strong>venationem</strong></span> 
     </span>
    </p>
   </div>
   <div class='ocr_carea' id='block_1_85' title="bbox 1739 4144 3304 4221">
    <p class='ocr_par' dir='ltr' id='par_1_85' title="bbox 1739 4144 3304 4221">
     <span class='ocr_line' id='line_1_85' title="bbox 1739 4144 3304 4221; baseline 0.014 -34"><span class='ocrx_word' id='word_1_553' title='bbox 1739 4144 2130 4207; x_wconf 87' lang='lat' dir='ltr'><strong>capturamque</strong></span> <span class='ocrx_word' id='word_1_554' title='bbox 2167 4158 2270 4195; x_wconf 93' lang='lat' dir='ltr'><strong>non</strong></span> <span class='ocrx_word' id='word_1_555' title='bbox 2325 4145 2673 4199; x_wconf 86' lang='lat' dir='ltr'><strong>didicerunt?</strong></span> <span class='ocrx_word' id='word_1_556' title='bbox 2704 4150 2767 4202; x_wconf 87' lang='lat' dir='ltr'><strong>Et</strong></span> <span class='ocrx_word' id='word_1_557' title='bbox 2807 4151 2903 4204; x_wconf 86' lang='lat' dir='ltr'><strong>tibi</strong></span> <span class='ocrx_word' id='word_1_558' title='bbox 2945 4154 3199 4221; x_wconf 85' lang='lat' dir='ltr'><strong>quidem,</strong></span> <span class='ocrx_word' id='word_1_559' title='bbox 3244 4167 3304 4209; x_wconf 85' lang='lat' dir='ltr'><strong>ut</strong></span> 
     </span>
    </p>
   </div>
   <div class='ocr_carea' id='block_1_86' title="bbox 1738 4229 3303 4315">
    <p class='ocr_par' dir='ltr' id='par_1_86' title="bbox 1738 4229 3303 4315">
     <span class='ocr_line' id='line_1_86' title="bbox 1738 4229 3303 4315; baseline 0.015 -37"><span class='ocrx_word' id='word_1_560' title='bbox 1738 4229 1971 4291; x_wconf 87' lang='lat' dir='ltr'><strong>asseris,</strong></span> <span class='ocrx_word' id='word_1_561' title='bbox 2032 4233 2181 4285; x_wconf 85' lang='lat' dir='ltr'><strong>corvi</strong></span> <span class='ocrx_word' id='word_1_562' title='bbox 2248 4231 2492 4290; x_wconf 79' lang='lat' dir='ltr'><strong>futurum</strong></span> <span class='ocrx_word' id='word_1_563' title='bbox 2562 4243 2966 4307; x_wconf 66' lang='lat' dir='ltr'><strong>praanuntiant,</strong></span> <span class='ocrx_word' id='word_1_564' title='bbox 3028 4255 3115 4308; x_wconf 91' lang='lat' dir='ltr'><strong>et,</strong></span> <span class='ocrx_word' id='word_1_565' title='bbox 3180 4264 3303 4315; x_wconf 76' lang='lat' dir='ltr'><strong>qua:</strong></span> 
     </span>
    </p>
   </div>
   <div class='ocr_carea' id='block_1_87' title="bbox 1738 4319 3301 4402">
    <p class='ocr_par' dir='ltr' id='par_1_87' title="bbox 1738 4319 3301 4402">
     <span class='ocr_line' id='line_1_87' title="bbox 1738 4319 3301 4402; baseline 0.016 -32"><span class='ocrx_word' id='word_1_566' title='bbox 1738 4319 1989 4386; x_wconf 90' lang='lat' dir='ltr'><strong>nuspiam</strong></span> <span class='ocrx_word' id='word_1_567' title='bbox 2021 4331 2169 4387; x_wconf 89' lang='lat' dir='ltr'><strong>sunt,</strong></span> <span class='ocrx_word' id='word_1_568' title='bbox 2198 4339 2385 4380; x_wconf 88' lang='lat' dir='ltr'><strong>eorum</strong></span> <span class='ocrx_word' id='word_1_569' title='bbox 2427 4328 2524 4383; x_wconf 91' lang='lat' dir='ltr'><strong>tibi</strong></span> <span class='ocrx_word' id='word_1_570' title='bbox 2565 4338 2619 4384; x_wconf 88' lang='lat' dir='ltr'><strong>et</strong></span> <span class='ocrx_word' id='word_1_571' title='bbox 2650 4334 3032 4402; x_wconf 70' lang='lat' dir='ltr'><strong>prmcinentes,</strong></span> <span class='ocrx_word' id='word_1_572' title='bbox 3060 4347 3113 4391; x_wconf 91' lang='lat' dir='ltr'><strong>et</strong></span> <span class='ocrx_word' id='word_1_573' title='bbox 3147 4347 3301 4394; x_wconf 64' lang='lat' dir='ltr'><strong>vates</strong></span> 
     </span>
    </p>
   </div>
   <div class='ocr_carea' id='block_1_88' title="bbox 1737 4410 3299 4497">
    <p class='ocr_par' dir='ltr' id='par_1_88' title="bbox 1737 4410 3299 4497">
     <span class='ocr_line' id='line_1_88' title="bbox 1737 4410 3299 4497; baseline 0.015 -36"><span class='ocrx_word' id='word_1_574' title='bbox 1737 4410 1951 4478; x_wconf 64' lang='lat' dir='ltr'><strong>praescii</strong></span> <span class='ocrx_word' id='word_1_575' title='bbox 1986 4423 2334 4483; x_wconf 85' lang='lat' dir='ltr'><strong>reputantur,</strong></span> <span class='ocrx_word' id='word_1_576' title='bbox 2383 4419 2475 4488; x_wconf 92' lang='lat' dir='ltr'><strong>qui</strong></span> <span class='ocrx_word' id='word_1_577' title='bbox 2528 4431 2719 4478; x_wconf 90' lang='lat' dir='ltr'><strong>contra</strong></span> <span class='ocrx_word' id='word_1_578' title='bbox 2768 4440 2890 4480; x_wconf 91' lang='lat' dir='ltr'><strong>sese</strong></span> <span class='ocrx_word' id='word_1_579' title='bbox 2934 4440 3299 4497; x_wconf 56' lang='lat' dir='ltr'><strong>praeparatum</strong></span> 
     </span>
    </p>
   </div>
   <div class='ocr_carea' id='block_1_89' title="bbox 73 4492 1644 4589">
    <p class='ocr_par' dir='ltr' id='par_1_89' title="bbox 73 4492 1631 4564">
     <span class='ocr_line' id='line_1_89' title="bbox 73 4492 1631 4564; baseline 0.009 -20"><span class='ocrx_word' id='word_1_580' title='bbox 73 4510 175 4545; x_wconf 86' lang='grc' dir='ltr'><strong>σαν</strong></span> <span class='ocrx_word' id='word_1_581' title='bbox 216 4492 418 4560; x_wconf 84' lang='grc' dir='ltr'>παγίδα</span> <span class='ocrx_word' id='word_1_582' title='bbox 463 4495 724 4564; x_wconf 80' lang='grc' dir='ltr'>μηδαμῶς</span> <span class='ocrx_word' id='word_1_583' title='bbox 766 4497 1095 4563; x_wconf 80' lang='grc' dir='ltr'>ἐγνωκότες,</span> <span class='ocrx_word' id='word_1_584' title='bbox 1145 4500 1239 4552; x_wconf 72' lang='grc' dir='ltr'>καὶ</span> <span class='ocrx_word' id='word_1_585' title='bbox 1285 4502 1375 4555; x_wconf 80' lang='grc' dir='ltr'>τὸν</span> <span class='ocrx_word' id='word_1_586' title='bbox 1425 4505 1631 4558; x_wconf 80' lang='grc' dir='ltr'>ἑαυτῶν</span> 
     </span>
    </p>
   </div>
   <div class='ocr_carea' id='block_1_90' title="bbox 1751 4492 3299 4589">
    <p class='ocr_par' dir='ltr' id='par_1_90' title="bbox 1757 4492 3299 4589">
     <span class='ocr_line' id='line_1_90' title="bbox 1757 4492 3299 4589; baseline 0.015 -37"><span class='ocrx_word' id='word_1_587' title='bbox 1757 4517 1988 4569; x_wconf 88' lang='lat' dir='ltr'><strong>aqueum</strong></span> <span class='ocrx_word' id='word_1_588' title='bbox 2019 4507 2167 4561; x_wconf 91' lang='lat' dir='ltr'><strong>nullo</strong></span> <span class='ocrx_word' id='word_1_589' title='bbox 2207 4510 2365 4563; x_wconf 86' lang='lat' dir='ltr'><strong>modo</strong></span> <span class='ocrx_word' id='word_1_590' title='bbox 2401 4512 2758 4582; x_wconf 85' lang='lat' dir='ltr'><strong>dignoscunt,</strong></span> <span class='ocrx_word' id='word_1_591' title='bbox 2794 4492 3183 4589; x_wconf 75' lang='lat' dir='ltr'><strong>propriumque</strong></span> <span class='ocrx_word' id='word_1_592' title='bbox 3210 4521 3299 4574; x_wconf 91' lang='lat' dir='ltr'><strong>in-</strong></span> 
     </span>
    </p>
   </div>
   <div class='ocr_carea' id='block_1_91' title="bbox 70 4582 1633 4666">
    <p class='ocr_par' dir='ltr' id='par_1_91' title="bbox 70 4582 1633 4666">
     <span class='ocr_line' id='line_1_91' title="bbox 70 4582 1633 4666; baseline 0.009 -33"><span class='ocrx_word' id='word_1_593' title='bbox 70 4582 295 4654; x_wconf 77' lang='grc' dir='ltr'>ελεθρον</span> <span class='ocrx_word' id='word_1_594' title='bbox 321 4582 695 4653; x_wconf 83' lang='grc' dir='ltr'>ἀγνοήσαντες.</span> <span class='ocrx_word' id='word_1_595' title='bbox 744 4584 1033 4655; x_wconf 85' lang='grc' dir='ltr'>Ἀπόστηθι</span> <span class='ocrx_word' id='word_1_596' title='bbox 1074 4590 1358 4657; x_wconf 75' lang='grc' dir='ltr'>τοιγαροῦν</span> <span class='ocrx_word' id='word_1_597' title='bbox 1402 4594 1502 4664; x_wconf 79' lang='grc' dir='ltr'>τῆς</span> <span class='ocrx_word' id='word_1_598' title='bbox 1540 4596 1633 4666; x_wconf 87' lang='grc' dir='ltr'><strong>ὀρ-</strong></span> 
     </span>
    </p>
   </div>
   <div class='ocr_carea' id='block_1_92' title="bbox 68 4673 1633 4753">
    <p class='ocr_par' dir='ltr' id='par_1_92' title="bbox 68 4673 1633 4753">
     <span class='ocr_line' id='line_1_92' title="bbox 68 4673 1633 4753; baseline 0.01 -28"><span class='ocrx_word' id='word_1_599' title='bbox 68 4673 394 4735; x_wconf 75' lang='grc' dir='ltr'>νεοσκοπίας</span> <span class='ocrx_word' id='word_1_600' title='bbox 421 4690 434 4703; x_wconf 80' lang='grc'><strong><em>⁸</em></strong></span> <span class='ocrx_word' id='word_1_601' title='bbox 483 4675 623 4738; x_wconf 81' lang='grc' dir='ltr'>τινὲς</span> <span class='ocrx_word' id='word_1_602' title='bbox 675 4675 781 4745; x_wconf 72' lang='grc' dir='ltr'>γὰρ</span> <span class='ocrx_word' id='word_1_603' title='bbox 815 4676 987 4748; x_wconf 80' lang='grc' dir='ltr'>ταύτῃ</span> <span class='ocrx_word' id='word_1_604' title='bbox 1030 4683 1504 4753; x_wconf 82' lang='grc' dir='ltr'>προσεσχηκότες,</span> <span class='ocrx_word' id='word_1_605' title='bbox 1556 4689 1633 4752; x_wconf 86' lang='grc' dir='ltr'>ὼς</span> 
     </span>
    </p>
   </div>
   <div class='ocr_carea' id='block_1_93' title="bbox 68 4764 1633 4846">
    <p class='ocr_par' dir='ltr' id='par_1_93' title="bbox 68 4764 1633 4846">
     <span class='ocr_line' id='line_1_93' title="bbox 68 4764 1633 4846; baseline 0.01 -30"><span class='ocrx_word' id='word_1_606' title='bbox 68 4767 212 4832; x_wconf 72' lang='grc' dir='ltr'>ἄξιοι</span> <span class='ocrx_word' id='word_1_607' title='bbox 240 4764 340 4834; x_wconf 83' lang='grc' dir='ltr'>τῆς</span> <span class='ocrx_word' id='word_1_608' title='bbox 374 4764 615 4836; x_wconf 87' lang='grc' dir='ltr'>πλάνης,</span> <span class='ocrx_word' id='word_1_609' title='bbox 660 4767 754 4820; x_wconf 81' lang='grc' dir='ltr'>καὶ</span> <span class='ocrx_word' id='word_1_610' title='bbox 800 4768 900 4831; x_wconf 85' lang='grc' dir='ltr'><strong>τάς</strong></span> <span class='ocrx_word' id='word_1_611' title='bbox 942 4769 1050 4821; x_wconf 91' lang='grc' dir='ltr'><strong>τῶν</strong></span> <span class='ocrx_word' id='word_1_612' title='bbox 1090 4773 1340 4842; x_wconf 85' lang='grc' dir='ltr'>κοράκων</span> <span class='ocrx_word' id='word_1_613' title='bbox 1377 4779 1633 4846; x_wconf 72' lang='grc' dir='ltr'>σημειούο</span> 
     </span>
    </p>
   </div>
   <div class='ocr_carea' id='block_1_94' title="bbox 71 4856 1629 4929">
    <p class='ocr_par' dir='ltr' id='par_1_94' title="bbox 71 4856 1629 4929">
     <span class='ocr_line' id='line_1_94' title="bbox 71 4856 1629 4929; baseline 0.01 -21"><span class='ocrx_word' id='word_1_614' title='bbox 71 4873 224 4925; x_wconf 85' lang='grc' dir='ltr'>μενοι</span> <span class='ocrx_word' id='word_1_615' title='bbox 272 4856 536 4925; x_wconf 80' lang='grc' dir='ltr'>πτήσεις,</span> <span class='ocrx_word' id='word_1_616' title='bbox 581 4857 680 4920; x_wconf 89' lang='grc' dir='ltr'><strong>τάς</strong></span> <span class='ocrx_word' id='word_1_617' title='bbox 721 4875 780 4909; x_wconf 87' lang='grc' dir='ltr'><strong>τε</strong></span> <span class='ocrx_word' id='word_1_618' title='bbox 818 4860 1081 4926; x_wconf 82' lang='grc' dir='ltr'>ὲνωπίας,</span> <span class='ocrx_word' id='word_1_619' title='bbox 1123 4863 1216 4916; x_wconf 77' lang='grc' dir='ltr'>καὶ</span> <span class='ocrx_word' id='word_1_620' title='bbox 1261 4864 1360 4929; x_wconf 76' lang='grc' dir='ltr'><strong>τὰς</strong></span> <span class='ocrx_word' id='word_1_621' title='bbox 1408 4868 1471 4919; x_wconf 81' lang='grc' dir='ltr'>ἐκ</span> <span class='ocrx_word' id='word_1_622' title='bbox 1519 4869 1629 4923; x_wconf 88' lang='grc' dir='ltr'><strong>τῶν</strong></span> 
     </span>
    </p>
   </div>
   <div class='ocr_carea' id='block_1_95' title="bbox 66 4946 1629 5027">
    <p class='ocr_par' dir='ltr' id='par_1_95' title="bbox 66 4946 1629 5027">
     <span class='ocr_line' id='line_1_95' title="bbox 66 4946 1629 5027; baseline 0.001 -28"><span class='ocrx_word' id='word_1_623' title='bbox 66 4946 316 5008; x_wconf 71' lang='grc' dir='ltr'>ὄπισθεν,</span> <span class='ocrx_word' id='word_1_624' title='bbox 348 4946 442 4999; x_wconf 76' lang='grc' dir='ltr'><strong>καὶ</strong></span> <span class='ocrx_word' id='word_1_625' title='bbox 474 4946 569 5006; x_wconf 84' lang='grc' dir='ltr'><strong>τάς</strong></span> <span class='ocrx_word' id='word_1_626' title='bbox 597 4947 733 5017; x_wconf 84' lang='grc' dir='ltr'>ὑπὲρ</span> <span class='ocrx_word' id='word_1_627' title='bbox 763 4948 1001 5021; x_wconf 81' lang='grc' dir='ltr'>κεφαλὴν</span> <span class='ocrx_word' id='word_1_628' title='bbox 1030 4952 1227 5006; x_wconf 84' lang='grc' dir='ltr'>κύκλον</span> <span class='ocrx_word' id='word_1_629' title='bbox 1261 4960 1629 5027; x_wconf 74' lang='grc' dir='ltr'>περιγραφού-</span> 
     </span>
    </p>
   </div>
   <div class='ocr_carea' id='block_1_96' title="bbox 69 5037 1627 5119">
    <p class='ocr_par' dir='ltr' id='par_1_96' title="bbox 69 5037 1627 5119">
     <span class='ocr_line' id='line_1_96' title="bbox 69 5037 1627 5119; baseline 0.009 -31"><span class='ocrx_word' id='word_1_630' title='bbox 69 5053 196 5100; x_wconf 88' lang='grc' dir='ltr'>σας,</span> <span class='ocrx_word' id='word_1_631' title='bbox 254 5037 345 5089; x_wconf 78' lang='grc' dir='ltr'><strong>καὶ</strong></span> <span class='ocrx_word' id='word_1_632' title='bbox 378 5037 474 5098; x_wconf 82' lang='grc' dir='ltr'>τὰς</span> <span class='ocrx_word' id='word_1_633' title='bbox 518 5037 608 5089; x_wconf 77' lang='grc' dir='ltr'><strong>ἐπὶ</strong></span> <span class='ocrx_word' id='word_1_634' title='bbox 635 5038 702 5091; x_wconf 85' lang='grc' dir='ltr'><strong>τά</strong></span> <span class='ocrx_word' id='word_1_635' title='bbox 735 5038 947 5107; x_wconf 86' lang='grc' dir='ltr'>πλάγια</span> <span class='ocrx_word' id='word_1_636' title='bbox 980 5045 1284 5114; x_wconf 83' lang='grc' dir='ltr'>φερομένας</span> <span class='ocrx_word' id='word_1_637' title='bbox 1304 5088 1318 5111; x_wconf 91' lang='grc'><strong>,</strong></span> <span class='ocrx_word' id='word_1_638' title='bbox 1358 5047 1627 5119; x_wconf 88' lang='grc' dir='ltr'>δαιμόνων</span> 
     </span>
    </p>
   </div>
   <div class='ocr_carea' id='block_1_97' title="bbox 67 5126 1626 5207">
    <p class='ocr_par' dir='ltr' id='par_1_97' title="bbox 67 5126 1626 5207">
     <span class='ocr_line' id='line_1_97' title="bbox 67 5126 1626 5207; baseline 0.01 -28"><span class='ocrx_word' id='word_1_639' title='bbox 67 5126 323 5198; x_wconf 83' lang='grc' dir='ltr'>πονηρῶν</span> <span class='ocrx_word' id='word_1_640' title='bbox 353 5127 509 5196; x_wconf 75' lang='grc' dir='ltr'>δῆλον</span> <span class='ocrx_word' id='word_1_641' title='bbox 554 5127 636 5179; x_wconf 85' lang='grc' dir='ltr'>ὅτι</span> <span class='ocrx_word' id='word_1_642' title='bbox 667 5131 1087 5201; x_wconf 84' lang='grc' dir='ltr'>συμπετομένων</span> <span class='ocrx_word' id='word_1_643' title='bbox 1123 5138 1236 5198; x_wconf 86' lang='grc' dir='ltr'>τοῖς</span> <span class='ocrx_word' id='word_1_644' title='bbox 1266 5138 1454 5207; x_wconf 78' lang='grc' dir='ltr'>κόραξι</span> <span class='ocrx_word' id='word_1_645' title='bbox 1482 5179 1498 5205; x_wconf 86' lang='grc'><strong>,</strong></span> <span class='ocrx_word' id='word_1_646' title='bbox 1530 5143 1626 5195; x_wconf 80' lang='grc' dir='ltr'>καὶ</span> 
     </span>
    </p>
   </div>
   <div class='ocr_carea' id='block_1_98' title="bbox 67 5219 1624 5307">
    <p class='ocr_par' dir='ltr' id='par_1_98' title="bbox 67 5219 1624 5307">
     <span class='ocr_line' id='line_1_98' title="bbox 67 5219 1624 5307; baseline 0.012 -36"><span class='ocrx_word' id='word_1_647' title='bbox 67 5221 204 5291; x_wconf 71' lang='grc' dir='ltr'>πρὸς</span> <span class='ocrx_word' id='word_1_648' title='bbox 251 5220 349 5290; x_wconf 79' lang='grc' dir='ltr'>τὴν</span> <span class='ocrx_word' id='word_1_649' title='bbox 396 5219 490 5272; x_wconf 78' lang='grc' dir='ltr'>τοῦ</span> <span class='ocrx_word' id='word_1_650' title='bbox 542 5220 898 5288; x_wconf 82' lang='grc' dir='ltr'>πλανωμένου</span> <span class='ocrx_word' id='word_1_651' title='bbox 949 5224 1234 5295; x_wconf 83' lang='grc' dir='ltr'>ἀνθρώπου</span> <span class='ocrx_word' id='word_1_652' title='bbox 1270 5231 1524 5287; x_wconf 83' lang='grc' dir='ltr'>ὑπόνοιαν</span> <span class='ocrx_word' id='word_1_653' title='bbox 1556 5238 1624 5307; x_wconf 83' lang='grc' dir='ltr'><strong>τῇ</strong></span> 
     </span>
    </p>
   </div>
   <div class='ocr_carea' id='block_1_99' title="bbox 66 5313 1624 5391">
    <p class='ocr_par' dir='ltr' id='par_1_99' title="bbox 66 5313 1624 5391">
     <span class='ocr_line' id='line_1_99' title="bbox 66 5313 1624 5391; baseline 0.005 -23"><span class='ocrx_word' id='word_1_654' title='bbox 66 5314 265 5383; x_wconf 82' lang='grc' dir='ltr'>πτήσει</span> <span class='ocrx_word' id='word_1_655' title='bbox 313 5313 586 5381; x_wconf 84' lang='grc' dir='ltr'>φερόντων</span> <span class='ocrx_word' id='word_1_656' title='bbox 616 5313 683 5366; x_wconf 87' lang='grc' dir='ltr'><strong>τά</strong></span> <span class='ocrx_word' id='word_1_657' title='bbox 716 5314 877 5384; x_wconf 84' lang='grc' dir='ltr'>ὄρνεα</span> <span class='ocrx_word' id='word_1_658' title='bbox 903 5331 918 5347; x_wconf 80' lang='grc' dir='ltr'><strong><em>ο</em></strong></span> <span class='ocrx_word' id='word_1_659' title='bbox 952 5318 1151 5386; x_wconf 84' lang='grc' dir='ltr'>ὁμοίως</span> <span class='ocrx_word' id='word_1_660' title='bbox 1192 5320 1374 5390; x_wconf 87' lang='grc' dir='ltr'>μέντοι</span> <span class='ocrx_word' id='word_1_661' title='bbox 1406 5326 1499 5379; x_wconf 58' lang='grc' dir='ltr'><strong>καὶ¹</strong></span> <span class='ocrx_word' id='word_1_662' title='bbox 1528 5327 1624 5391; x_wconf 84' lang='grc' dir='ltr'><strong>τὰς</strong></span> 
     </span>
    </p>
   </div>
   <div class='ocr_carea' id='block_1_100' title="bbox 65 5406 1625 5489">
    <p class='ocr_par' dir='ltr' id='par_1_100' title="bbox 65 5406 1625 5489">
     <span class='ocr_line' id='line_1_100' title="bbox 65 5406 1625 5489; baseline 0.009 -31"><span class='ocrx_word' id='word_1_663' title='bbox 65 5408 271 5459; x_wconf 82' lang='grc' dir='ltr'>τούτων</span> <span class='ocrx_word' id='word_1_664' title='bbox 298 5407 480 5473; x_wconf 82' lang='grc' dir='ltr'>φωνάς</span> <span class='ocrx_word' id='word_1_665' title='bbox 515 5406 921 5477; x_wconf 85' lang='grc' dir='ltr'>σημειούμενοι,</span> <span class='ocrx_word' id='word_1_666' title='bbox 951 5408 1368 5483; x_wconf 78' lang='grc' dir='ltr'>ἀπεξενὼθησαν</span> <span class='ocrx_word' id='word_1_667' title='bbox 1399 5419 1496 5487; x_wconf 86' lang='grc' dir='ltr'>μὲν</span> <span class='ocrx_word' id='word_1_668' title='bbox 1525 5420 1625 5489; x_wconf 82' lang='grc' dir='ltr'>τῆς</span> 
     </span>
    </p>
   </div>
   <div class='ocr_carea' id='block_1_101' title="bbox 66 5498 1621 5574">
    <p class='ocr_par' dir='ltr' id='par_1_101' title="bbox 66 5498 1621 5574">
     <span class='ocr_line' id='line_1_101' title="bbox 66 5498 1621 5574; baseline 0.008 -24"><span class='ocrx_word' id='word_1_669' title='bbox 66 5501 141 5562; x_wconf 83' lang='grc' dir='ltr'><strong>εἰς</strong></span> <span class='ocrx_word' id='word_1_670' title='bbox 168 5498 408 5570; x_wconf 83' lang='grc' dir='ltr'>Χριστὸν</span> <span class='ocrx_word' id='word_1_671' title='bbox 464 5498 553 5551; x_wconf 86' lang='grc' dir='ltr'>τὸν</span> <span class='ocrx_word' id='word_1_672' title='bbox 603 5500 834 5569; x_wconf 82' lang='grc' dir='ltr'>Σωτῆρα</span> <span class='ocrx_word' id='word_1_673' title='bbox 882 5500 1142 5567; x_wconf 89' lang='grc' dir='ltr'>πίστεως,</span> <span class='ocrx_word' id='word_1_674' title='bbox 1191 5505 1513 5574; x_wconf 84' lang='grc' dir='ltr'>ἀνηκέστοις</span> <span class='ocrx_word' id='word_1_675' title='bbox 1565 5511 1621 5563; x_wconf 82' lang='grc' dir='ltr'>δὲ</span> 
     </span>
    </p>
   </div>
   <div class='ocr_carea' id='block_1_102' title="bbox 68 5590 1619 5685">
    <p class='ocr_par' dir='ltr' id='par_1_102' title="bbox 68 5590 1619 5685">
     <span class='ocr_line' id='line_1_102' title="bbox 68 5590 1619 5685; baseline 0.007 -42"><span class='ocrx_word' id='word_1_676' title='bbox 68 5590 397 5685; x_wconf 30' lang='grc' dir='ltr'>κλιματχῆρσι</span> <span class='ocrx_word' id='word_1_677' title='bbox 418 5592 822 5661; x_wconf 84' lang='grc' dir='ltr'>περιπεσόντες,</span> <span class='ocrx_word' id='word_1_678' title='bbox 850 5592 1021 5647; x_wconf 88' lang='grc' dir='ltr'>καίτοι</span> <span class='ocrx_word' id='word_1_679' title='bbox 1047 5612 1149 5666; x_wconf 86' lang='grc' dir='ltr'><strong>χρη</strong></span> <span class='ocrx_word' id='word_1_680' title='bbox 1160 5595 1261 5650; x_wconf 79' lang='grc' dir='ltr'><strong>στά</strong></span> <span class='ocrx_word' id='word_1_681' title='bbox 1283 5597 1619 5667; x_wconf 76' lang='grc' dir='ltr'>ἐλπίσαντες,</span> 
     </span>
    </p>
   </div>
   <div class='ocr_carea' id='block_1_103' title="bbox 274 5688 387 5727">
    <p class='ocr_par' dir='ltr' id='par_1_103' title="bbox 274 5688 387 5727">
     <span class='ocr_line' id='line_1_103' title="bbox 274 5688 387 5727; baseline 0.009 -1"><span class='ocrx_word' id='word_1_682' title='bbox 274 5688 283 5699; x_wconf 47' lang='grc'>⁸</span> <span class='ocrx_word' id='word_1_683' title='bbox 336 5690 387 5727; x_wconf 55' lang='grc' dir='ltr'><strong>’Κ</strong></span> 
     </span>
    </p>
   </div>
   <div class='ocr_carea' id='block_1_104' title="bbox 1734 4594 3294 4681">
    <p class='ocr_par' dir='ltr' id='par_1_104' title="bbox 1734 4594 3294 4681">
     <span class='ocr_line' id='line_1_104' title="bbox 1734 4594 3294 4681; baseline 0.012 -32"><span class='ocrx_word' id='word_1_684' title='bbox 1734 4597 1956 4651; x_wconf 83' lang='lat' dir='ltr'><strong>teritum</strong></span> <span class='ocrx_word' id='word_1_685' title='bbox 1989 4616 2098 4655; x_wconf 91' lang='lat' dir='ltr'><strong>non</strong></span> <span class='ocrx_word' id='word_1_686' title='bbox 2131 4603 2461 4675; x_wconf 78' lang='lat' dir='ltr'><strong>intelligunt.</strong></span> <span class='ocrx_word' id='word_1_687' title='bbox 2492 4607 2635 4664; x_wconf 89' lang='lat' dir='ltr'><strong>Cave</strong></span> <span class='ocrx_word' id='word_1_688' title='bbox 2659 4610 2757 4665; x_wconf 88' lang='lat' dir='ltr'><strong>tibi</strong></span> <span class='ocrx_word' id='word_1_689' title='bbox 2781 4626 2912 4681; x_wconf 90' lang='lat' dir='ltr'><strong>ergo</strong></span> <span class='ocrx_word' id='word_1_690' title='bbox 2945 4594 3012 4665; x_wconf 88' lang='lat' dir='ltr'><strong>ab</strong></span> <span class='ocrx_word' id='word_1_691' title='bbox 3044 4615 3294 4680; x_wconf 84' lang='lat' dir='ltr'><strong>augurio.</strong></span> 
     </span>
    </p>
   </div>
   <div class='ocr_carea' id='block_1_105' title="bbox 1734 4685 3300 4770">
    <p class='ocr_par' dir='ltr' id='par_1_105' title="bbox 1734 4685 3300 4770">
     <span class='ocr_line' id='line_1_105' title="bbox 1734 4685 3300 4770; baseline 0.015 -31"><span class='ocrx_word' id='word_1_692' title='bbox 1734 4685 1990 4745; x_wconf 86' lang='lat' dir='ltr'><strong>Nonnulli</strong></span> <span class='ocrx_word' id='word_1_693' title='bbox 2029 4696 2228 4748; x_wconf 88' lang='lat' dir='ltr'><strong>etenim</strong></span> <span class='ocrx_word' id='word_1_694' title='bbox 2292 4697 2369 4751; x_wconf 91' lang='lat' dir='ltr'><strong>illi</strong></span> <span class='ocrx_word' id='word_1_695' title='bbox 2416 4703 2656 4755; x_wconf 89' lang='lat' dir='ltr'><strong>animum</strong></span> <span class='ocrx_word' id='word_1_696' title='bbox 2690 4701 3069 4770; x_wconf 84' lang='lat' dir='ltr'><strong>advertentes,</strong></span> <span class='ocrx_word' id='word_1_697' title='bbox 3110 4721 3300 4763; x_wconf 80' lang='lat' dir='ltr'><strong>errore</strong></span> 
     </span>
    </p>
   </div>
   <div class='ocr_carea' id='block_1_106' title="bbox 1731 4782 3294 4865">
    <p class='ocr_par' dir='ltr' id='par_1_106' title="bbox 1731 4782 3294 4865">
     <span class='ocr_line' id='line_1_106' title="bbox 1731 4782 3294 4865; baseline 0.013 -32"><span class='ocrx_word' id='word_1_698' title='bbox 1731 4782 1827 4834; x_wconf 88' lang='lat' dir='ltr'><strong>tali</strong></span> <span class='ocrx_word' id='word_1_699' title='bbox 1870 4784 2013 4839; x_wconf 91' lang='lat' dir='ltr'><strong>haud</strong></span> <span class='ocrx_word' id='word_1_700' title='bbox 2052 4786 2283 4857; x_wconf 84' lang='lat' dir='ltr'><strong>indigni,</strong></span> <span class='ocrx_word' id='word_1_701' title='bbox 2328 4792 2649 4862; x_wconf 84' lang='lat' dir='ltr'><strong>volatusque</strong></span> <span class='ocrx_word' id='word_1_702' title='bbox 2688 4810 2976 4850; x_wconf 83' lang='lat' dir='ltr'><strong>corvorum</strong></span> <span class='ocrx_word' id='word_1_703' title='bbox 3013 4798 3294 4865; x_wconf 86' lang='lat' dir='ltr'><strong>adversos,</strong></span> 
     </span>
    </p>
   </div>
   <div class='ocr_carea' id='block_1_107' title="bbox 1733 4884 3297 4951">
    <p class='ocr_par' dir='ltr' id='par_1_107' title="bbox 1733 4884 3297 4951">
     <span class='ocr_line' id='line_1_107' title="bbox 1733 4884 3297 4951; baseline 0.013 -30"><span class='ocrx_word' id='word_1_704' title='bbox 1733 4885 2087 4943; x_wconf 86' lang='lat' dir='ltr'><strong>aversosque,</strong></span> <span class='ocrx_word' id='word_1_705' title='bbox 2137 4886 2192 4931; x_wconf 90' lang='lat' dir='ltr'><strong>et</strong></span> <span class='ocrx_word' id='word_1_706' title='bbox 2235 4895 2401 4950; x_wconf 88' lang='lat' dir='ltr'><strong>supra</strong></span> <span class='ocrx_word' id='word_1_707' title='bbox 2450 4892 2634 4951; x_wconf 86' lang='lat' dir='ltr'><strong>caput,</strong></span> <span class='ocrx_word' id='word_1_708' title='bbox 2676 4892 2728 4937; x_wconf 87' lang='lat' dir='ltr'><strong>et</strong></span> <span class='ocrx_word' id='word_1_709' title='bbox 2765 4884 2831 4938; x_wconf 85' lang='lat' dir='ltr'><strong>ad</strong></span> <span class='ocrx_word' id='word_1_710' title='bbox 2874 4886 3016 4941; x_wconf 89' lang='lat' dir='ltr'><strong>latus</strong></span> <span class='ocrx_word' id='word_1_711' title='bbox 3054 4888 3297 4942; x_wconf 76' lang='lat' dir='ltr'><strong>circum-</strong></span> 
     </span>
    </p>
   </div>
   <div class='ocr_carea' id='block_1_108' title="bbox 1731 4962 3294 5038">
    <p class='ocr_par' dir='ltr' id='par_1_108' title="bbox 1731 4962 3294 5038">
     <span class='ocr_line' id='line_1_108' title="bbox 1731 4962 3294 5038; baseline 0.015 -24"><span class='ocrx_word' id='word_1_712' title='bbox 1731 4962 1950 5027; x_wconf 86' lang='lat' dir='ltr'><strong>itiones,</strong></span> <span class='ocrx_word' id='word_1_713' title='bbox 1985 4981 2108 5020; x_wconf 90' lang='lat' dir='ltr'><strong>cum</strong></span> <span class='ocrx_word' id='word_1_714' title='bbox 2161 4970 2391 5038; x_wconf 90' lang='lat' dir='ltr'><strong>improbi</strong></span> <span class='ocrx_word' id='word_1_715' title='bbox 2442 4972 2719 5029; x_wconf 66' lang='lat' dir='ltr'><strong>daemones</strong></span> <span class='ocrx_word' id='word_1_716' title='bbox 2765 4992 2889 5030; x_wconf 91' lang='lat' dir='ltr'><strong>cum</strong></span> <span class='ocrx_word' id='word_1_717' title='bbox 2948 4981 3130 5035; x_wconf 86' lang='lat' dir='ltr'><strong>corvis</strong></span> <span class='ocrx_word' id='word_1_718' title='bbox 3187 4997 3294 5037; x_wconf 82' lang='lat' dir='ltr'><strong>una</strong></span> 
     </span>
    </p>
   </div>
   <div class='ocr_carea' id='block_1_109' title="bbox 1730 5056 3296 5129">
    <p class='ocr_par' dir='ltr' id='par_1_109' title="bbox 1730 5056 3296 5129">
     <span class='ocr_line' id='line_1_109' title="bbox 1730 5056 3296 5129; baseline 0.015 -23"><span class='ocrx_word' id='word_1_719' title='bbox 1730 5056 1965 5121; x_wconf 86' lang='lat' dir='ltr'><strong>avolent,</strong></span> <span class='ocrx_word' id='word_1_720' title='bbox 1996 5066 2049 5113; x_wconf 91' lang='lat' dir='ltr'><strong>et</strong></span> <span class='ocrx_word' id='word_1_721' title='bbox 2070 5060 2135 5113; x_wconf 91' lang='lat' dir='ltr'><strong>ad</strong></span> <span class='ocrx_word' id='word_1_722' title='bbox 2160 5065 2491 5129; x_wconf 86' lang='lat' dir='ltr'><strong>pererrantis</strong></span> <span class='ocrx_word' id='word_1_723' title='bbox 2521 5066 2756 5124; x_wconf 91' lang='lat' dir='ltr'><strong>hominis</strong></span> <span class='ocrx_word' id='word_1_724' title='bbox 2794 5073 3120 5127; x_wconf 83' lang='lat' dir='ltr'><strong>sententiam</strong></span> <span class='ocrx_word' id='word_1_725' title='bbox 3142 5076 3296 5129; x_wconf 89' lang='lat' dir='ltr'><strong>vola-</strong></span> 
     </span>
    </p>
   </div>
   <div class='ocr_carea' id='block_1_110' title="bbox 1728 5150 3291 5225">
    <p class='ocr_par' dir='ltr' id='par_1_110' title="bbox 1728 5150 3291 5225">
     <span class='ocr_line' id='line_1_110' title="bbox 1728 5150 3291 5225; baseline 0.012 -25"><span class='ocrx_word' id='word_1_726' title='bbox 1728 5154 1816 5202; x_wconf 90' lang='lat' dir='ltr'><strong>tus</strong></span> <span class='ocrx_word' id='word_1_727' title='bbox 1864 5150 2045 5203; x_wconf 90' lang='lat' dir='ltr'><strong>avium</strong></span> <span class='ocrx_word' id='word_1_728' title='bbox 2094 5161 2294 5222; x_wconf 85' lang='lat' dir='ltr'><strong>agant,</strong></span> <span class='ocrx_word' id='word_1_729' title='bbox 2353 5155 2714 5225; x_wconf 86' lang='lat' dir='ltr'><strong>denotantes,</strong></span> <span class='ocrx_word' id='word_1_730' title='bbox 2760 5177 2968 5216; x_wconf 87' lang='lat' dir='ltr'><strong>necnon</strong></span> <span class='ocrx_word' id='word_1_731' title='bbox 3008 5173 3062 5217; x_wconf 89' lang='lat' dir='ltr'><strong>et</strong></span> <span class='ocrx_word' id='word_1_732' title='bbox 3102 5180 3291 5219; x_wconf 84' lang='lat' dir='ltr'><strong>eorum</strong></span> 
     </span>
    </p>
   </div>
   <div class='ocr_carea' id='block_1_111' title="bbox 1727 5244 3292 5317">
    <p class='ocr_par' dir='ltr' id='par_1_111' title="bbox 1727 5244 3292 5317">
     <span class='ocr_line' id='line_1_111' title="bbox 1727 5244 3292 5317; baseline 0.013 -27"><span class='ocrx_word' id='word_1_733' title='bbox 1727 5255 1890 5295; x_wconf 87' lang='lat' dir='ltr'><strong>voces</strong></span> <span class='ocrx_word' id='word_1_734' title='bbox 1929 5244 2291 5312; x_wconf 83' lang='lat' dir='ltr'><strong>excipientes,</strong></span> <span class='ocrx_word' id='word_1_735' title='bbox 2318 5247 2477 5317; x_wconf 77' lang='lat' dir='ltr'><strong>longe</strong></span> <span class='ocrx_word' id='word_1_736' title='bbox 2509 5265 2536 5301; x_wconf 92' lang='lat' dir='ltr'><strong>a</strong></span> <span class='ocrx_word' id='word_1_737' title='bbox 2568 5249 2672 5304; x_wconf 85' lang='lat' dir='ltr'><strong>ﬁde</strong></span> <span class='ocrx_word' id='word_1_738' title='bbox 2704 5252 2753 5304; x_wconf 91' lang='lat' dir='ltr'><strong>in</strong></span> <span class='ocrx_word' id='word_1_739' title='bbox 2789 5252 3067 5308; x_wconf 88' lang='lat' dir='ltr'><strong>Christum</strong></span> <span class='ocrx_word' id='word_1_740' title='bbox 3102 5255 3292 5310; x_wconf 85' lang='lat' dir='ltr'><strong>Salva-</strong></span> 
     </span>
    </p>
   </div>
   <div class='ocr_carea' id='block_1_112' title="bbox 1729 5338 3294 5417">
    <p class='ocr_par' dir='ltr' id='par_1_112' title="bbox 1729 5338 3294 5417">
     <span class='ocr_line' id='line_1_112' title="bbox 1729 5338 3294 5417; baseline 0.012 -34"><span class='ocrx_word' id='word_1_741' title='bbox 1729 5338 1900 5385; x_wconf 91' lang='lat' dir='ltr'><strong>torem</strong></span> <span class='ocrx_word' id='word_1_742' title='bbox 1942 5346 2312 5403; x_wconf 85' lang='lat' dir='ltr'><strong>recesserunt,</strong></span> <span class='ocrx_word' id='word_1_743' title='bbox 2341 5348 2394 5411; x_wconf 85' lang='lat' dir='ltr'><strong>et</strong></span> <span class='ocrx_word' id='word_1_744' title='bbox 2428 5340 2480 5393; x_wconf 93' lang='lat' dir='ltr'><strong>in</strong></span> <span class='ocrx_word' id='word_1_745' title='bbox 2513 5342 2635 5396; x_wconf 41' lang='lat' dir='ltr'><strong>vita)</strong></span> <span class='ocrx_word' id='word_1_746' title='bbox 2674 5359 2738 5398; x_wconf 91' lang='lat' dir='ltr'><strong>ac</strong></span> <span class='ocrx_word' id='word_1_747' title='bbox 2781 5344 3121 5400; x_wconf 81' lang='lat' dir='ltr'><strong>fortunarum</strong></span> <span class='ocrx_word' id='word_1_748' title='bbox 3148 5352 3294 5417; x_wconf 83' lang='lat' dir='ltr'><strong>peri-</strong></span> 
     </span>
    </p>
   </div>
   <div class='ocr_carea' id='block_1_113' title="bbox 1729 5425 3291 5508">
    <p class='ocr_par' dir='ltr' id='par_1_113' title="bbox 1729 5425 3291 5508">
     <span class='ocr_line' id='line_1_113' title="bbox 1729 5425 3291 5508; baseline 0.01 -32"><span class='ocrx_word' id='word_1_749' title='bbox 1729 5425 1850 5477; x_wconf 87' lang='lat' dir='ltr'><strong>cula</strong></span> <span class='ocrx_word' id='word_1_750' title='bbox 1898 5426 2231 5481; x_wconf 88' lang='lat' dir='ltr'><strong>inevitabilia</strong></span> <span class='ocrx_word' id='word_1_751' title='bbox 2281 5431 2609 5494; x_wconf 87' lang='lat' dir='ltr'><strong>inciderunt,</strong></span> <span class='ocrx_word' id='word_1_752' title='bbox 2663 5447 2715 5488; x_wconf 89' lang='lat' dir='ltr'><strong>et</strong></span> <span class='ocrx_word' id='word_1_753' title='bbox 2764 5436 2887 5490; x_wconf 88' lang='lat' dir='ltr'><strong>licet</strong></span> <span class='ocrx_word' id='word_1_754' title='bbox 2938 5453 3033 5506; x_wconf 79' lang='lat' dir='ltr'><strong>spe</strong></span> <span class='ocrx_word' id='word_1_755' title='bbox 3086 5440 3291 5508; x_wconf 86' lang='lat' dir='ltr'><strong>optima</strong></span> 
     </span>
    </p>
   </div>
   <div class='ocr_carea' id='block_1_114' title="bbox 1729 5514 3289 5590">
    <p class='ocr_par' dir='ltr' id='par_1_114' title="bbox 1729 5514 3289 5590">
     <span class='ocr_line' id='line_1_114' title="bbox 1729 5514 3289 5590; baseline 0.01 -25"><span class='ocrx_word' id='word_1_756' title='bbox 1729 5514 1850 5568; x_wconf 79' lang='lat' dir='ltr'><strong>freti</strong></span> <span class='ocrx_word' id='word_1_757' title='bbox 1884 5528 2106 5585; x_wconf 85' lang='lat' dir='ltr'><strong>propter</strong></span> <span class='ocrx_word' id='word_1_758' title='bbox 2140 5533 2428 5574; x_wconf 90' lang='lat' dir='ltr'><strong>corvorum</strong></span> <span class='ocrx_word' id='word_1_759' title='bbox 2474 5525 2677 5590; x_wconf 88' lang='lat' dir='ltr'><strong>optima</strong></span> <span class='ocrx_word' id='word_1_760' title='bbox 2715 5526 2823 5581; x_wconf 90' lang='lat' dir='ltr'><strong>illis</strong></span> <span class='ocrx_word' id='word_1_761' title='bbox 2856 5526 3114 5582; x_wconf 87' lang='lat' dir='ltr'><strong>adnotata</strong></span> <span class='ocrx_word' id='word_1_762' title='bbox 3152 5530 3289 5581; x_wconf 88' lang='lat' dir='ltr'><strong>vati-</strong></span> 
     </span>
    </p>
   </div>
   <div class='ocr_carea' id='block_1_115' title="bbox 1727 5606 3288 5685">
    <p class='ocr_par' dir='ltr' id='par_1_115' title="bbox 1727 5606 3288 5685">
     <span class='ocr_line' id='line_1_115' title="bbox 1727 5606 3288 5685; baseline 0.01 -29"><span class='ocrx_word' id='word_1_763' title='bbox 1727 5606 1894 5671; x_wconf 88' lang='lat' dir='ltr'><strong>cinia,</strong></span> <span class='ocrx_word' id='word_1_764' title='bbox 1920 5617 2042 5677; x_wconf 89' lang='lat' dir='ltr'><strong>post</strong></span> <span class='ocrx_word' id='word_1_765' title='bbox 2063 5609 2351 5666; x_wconf 88' lang='lat' dir='ltr'><strong>innumera</strong></span> <span class='ocrx_word' id='word_1_766' title='bbox 2376 5612 2573 5669; x_wconf 87' lang='lat' dir='ltr'><strong>damna</strong></span> <span class='ocrx_word' id='word_1_767' title='bbox 2608 5631 2671 5671; x_wconf 86' lang='lat' dir='ltr'><strong>ac</strong></span> <span class='ocrx_word' id='word_1_768' title='bbox 2700 5616 3041 5685; x_wconf 88' lang='lat' dir='ltr'><strong>discrimina,</strong></span> <span class='ocrx_word' id='word_1_769' title='bbox 3071 5617 3288 5674; x_wconf 83' lang='lat' dir='ltr'><strong>tandem</strong></span> 
     </span>
    </p>
   </div>
   <div class='ocr_carea' id='block_1_116' title="bbox 162 5766 1644 5853">
    <p class='ocr_par' dir='ltr' id='par_1_116' title="bbox 162 5766 1644 5847">
     <span class='ocr_line' id='line_1_116' title="bbox 162 5766 1644 5847; baseline 0.009 -27"><span class='ocrx_word' id='word_1_770' title='bbox 162 5768 206 5800; x_wconf 80' lang='grc'>⁸¹</span> <span class='ocrx_word' id='word_1_771' title='bbox 247 5766 413 5824; x_wconf 85' lang='lat' dir='ltr'><strong>Eccli.</strong></span> <span class='ocrx_word' id='word_1_772' title='bbox 445 5785 537 5834; x_wconf 91' lang='grc' dir='ltr'>ιιι,</span> <span class='ocrx_word' id='word_1_773' title='bbox 567 5771 655 5825; x_wconf 77' lang='lat'><strong>35.</strong></span> <span class='ocrx_word' id='word_1_774' title='bbox 732 5771 777 5803; x_wconf 77' lang='grc'><strong>⁸⁸</strong></span> <span class='ocrx_word' id='word_1_775' title='bbox 802 5770 938 5827; x_wconf 81' lang='lat' dir='ltr'><strong>Dan.</strong></span> <span class='ocrx_word' id='word_1_776' title='bbox 970 5787 1043 5841; x_wconf 83' lang='lat' dir='ltr'><strong>tv,</strong></span> <span class='ocrx_word' id='word_1_777' title='bbox 1074 5773 1162 5829; x_wconf 64' lang='grc'><strong>24.</strong></span> <span class='ocrx_word' id='word_1_778' title='bbox 1239 5773 1486 5847; x_wconf 70' lang='grc' dir='ltr'><strong>⁶³ζΕοοΙὶ.</strong></span> <span class='ocrx_word' id='word_1_779' title='bbox 1525 5793 1605 5843; x_wconf 89' lang='grc' dir='ltr'>ιιι,</span> <span class='ocrx_word' id='word_1_780' title='bbox 1636 5780 1644 5833; x_wconf 73' lang='grc' dir='ltr'><strong><em>Σ</em></strong></span> 
     </span>
    </p>
   </div>
   <div class='ocr_carea' id='block_1_117' title="bbox 1751 5766 2239 5853">
    <p class='ocr_par' dir='ltr' id='par_1_117' title="bbox 1802 5780 2239 5853">
     <span class='ocr_line' id='line_1_117' title="bbox 1802 5780 2239 5853; baseline 0.014 -17"><span class='ocrx_word' id='word_1_781' title='bbox 1802 5780 1846 5813; x_wconf 66' lang='grc'><strong>⁸-⁵</strong></span> <span class='ocrx_word' id='word_1_782' title='bbox 1887 5782 2024 5841; x_wconf 86' lang='lat' dir='ltr'><strong>Tob.</strong></span> <span class='ocrx_word' id='word_1_783' title='bbox 2062 5800 2161 5853; x_wconf 77' lang='lat' dir='ltr'><strong>xu,</strong></span> <span class='ocrx_word' id='word_1_784' title='bbox 2186 5787 2239 5842; x_wconf 91' lang='lat'><strong>8.</strong></span> 
     </span>
    </p>
   </div>
  </div>
