3888 6040
527 277 643 344 ’271

2007 280 2065 338 S.
2108 280 2271 342 NILl

3687 275 3786 340 272

543 390 714 457 tristi,
743 385 1176 458 detestandoque
1214 387 1322 442 line
1363 385 1530 441 vitam
1579 397 1903 456 posuerunt.
1945 386 2112 442 Gene-

2219 384 2301 441 διά
2349 387 2448 457 τὴν
2499 386 2606 440 τῶν
2653 385 2905 457 κοράκων
2953 385 3114 456 δῆθεν
3155 384 3446 457 καλλίστην
3475 382 3786 455 δειχθεῖσαν

534 479 780 538 rationis
812 479 958 535 enim
995 479 1214 549 injusta:
1260 494 1461 550 pravos
1496 479 1633 532 ﬁnes
1673 480 1742 542 ⁸⁵,
1777 479 1977 532 divinae
2005 487 2118 533 tra-

543 571 684 630 dunt
719 571 871 642 191
915 569 1156 626 Litteran
1207 570 1265 625 Si
1315 571 1502 640 itaque
1551 572 1648 624 tibi
1691 571 1748 624 in
1794 572 1980 625 animo
2009 581 2113 636 est,

543 664 850 720 daemonum
875 673 1131 717 venatum
1156 661 1418 733 ell'ugere,
1439 662 1644 716 nullam
1664 677 1903 732 unquam
1928 663 2118 718 obser-

537 757 815 813 vationem
843 757 999 826 longe
1031 742 1572 826 animoprospicias,
1607 771 1714 810 non
1743 757 1978 820 volatus,
2007 771 2114 809 non

541 851 723 904 avium
749 862 936 912 voces,
964 862 1071 900 non
1103 846 1463 900 animantium
1491 847 1706 913 sive,ea
1738 857 1949 900 ratione
1979 861 2114 915 prae-

541 939 654 996 dita
682 941 812 1006 sint,
851 939 965 993 sive
1001 937 1150 992 illius
1185 939 1454 1008 expertia,
1488 953 1774 1004 occursus,
1811 954 1918 992 non
1959 939 2117 993 invo-

531 1035 806 1096 cationes,
839 1047 948 1086 non
991 1046 1296 1100 regressus,
1339 1045 1446 1084 non
1499 1031 1688 1085 inanes
1725 1041 1921 1093 sortes,
1955 1039 2028 1094 et,
2055 1040 2115 1085 ut

538 1127 707 1184 verbo
735 1125 1041 1195 expediam,
1071 1123 1206 1178 nihil
1237 1123 1578 1185 observabis,
1613 1123 1718 1176 nisi
1748 1130 1956 1176 tantum
1988 1137 2114 1192 pec-

537 1226 746 1274 catum.
779 1215 969 1286 Operae
997 1215 1142 1269 enim
1181 1215 1413 1284 pretium
1451 1222 1535 1267 est
1565 1215 1634 1267 ab
1662 1229 1724 1268 ea
1757 1214 1862 1268 sibi
1900 1229 2111 1279 cavere,

537 1321 592 1366 et
623 1311 888 1365 continuo
921 1325 952 1362 a
981 1324 1040 1364 se
1069 1308 1354 1378 repellere.
1385 1307 1522 1361 Illud
1544 1322 1760 1377 quoque
1783 1321 1850 1360 ne
1875 1314 1925 1359 te
1953 1307 2114 1360 lateat

537 1402 726 1466 velim,
789 1401 1071 1456 nonnullis
1121 1399 1461 1462 hominibus,
1515 1399 1608 1469 qui
1664 1398 1946 1468 gentilium
2004 1399 2111 1451 ritu

536 1495 706 1550 noxia
725 1493 815 1548 illa
846 1501 1157 1564 captat-unt,
1191 1506 1334 1560 saepe
1363 1491 1564 1561 saepius
1592 1491 1664 1544 ita
1702 1490 1807 1544 illis
1841 1489 2111 1556 evenisse,

537 1596 602 1643 ut
631 1587 900 1657 suspicati
929 1583 1169 1648 fuerant,
1198 1600 1305 1638 non
1331 1584 1405 1646 vi,
1438 1591 1532 1635 aut
1561 1583 1886 1636 miserorum
1923 1597 2114 1636 corvo-

537 1695 684 1741 rum,
717 1685 811 1731 aut
841 1692 1154 1746 porcorum,
1181 1683 1276 1728 aut
1307 1691 1524 1737 canum,
1551 1683 1642 1728 aut
1665 1659 1946 1728 hominum
1973 1689 2113 1745 prte-

2225 485 2526 552 σημασίαν,
2563 479 2700 551 μετὰ
2725 479 2926 550 μυρίας
2956 477 3160 550 ζημίας
3187 479 3281 533 καὶ
3312 477 3600 549 βασάνους,
3638 475 3788 529 ὕστε-

2224 589 2316 645 ρον
2351 569 2574 643 πονηρῷ
2626 571 2721 624 καὶ
2751 569 3036 641 ἀπευκτέῳ
3061 569 3202 624 τέλει
3231 570 3322 625 τὸν
3355 568 3468 640 βίον
3493 569 3790 638 κατέστρε-

2220 664 2348 734 ψαν.
2390 664 2589 727 Γενεᾶς
2635 662 2744 734 γὰρ
2798 661 2980 715 ἀδίκου
3039 662 3256 734 πονηρά
3301 661 3372 716 τά
3421 661 3551 730 τέλη
3579 699 3596 722 ,
3653 659 3792 714 καθά

2222 775 2388 828 φησιν
2417 758 2452 828 ή
2481 757 2698 828 Γραφή.
2739 755 2801 810 Εί
2829 753 3010 808 τοίνυν
3037 753 3216 826 βούλει
3249 756 3510 824 ἐκφυγεῖν
3537 752 3654 805 τῶν
3685 751 3792 804 δαι-

2225 849 2402 920 μόνων
2429 849 2529 920 τὴν
2553 848 2750 920 Θήραν,
2787 846 3060 918 μηδεμίαν
3089 846 3357 918 μηδέποτε
3404 845 3790 914 παρατήρησιν

2223 940 2492 1007 σκόπευε,
2537 939 2611 1011 μὴ
2672 939 2940 1010 πτήσεις,
2999 940 3133 1010 μηδὲ
3183 939 3368 1007 φωνὰς
3416 937 3666 1008 ὀρνέων,
3722 935 3790 1005 μή

2222 1033 2554 1104 ὑπαντήσεις
2577 1032 2845 1087 παντοίων
2896 1030 3050 1096 ζώων
3075 1031 3307 1100 λογικῶν
3331 1029 3364 1100 ἢ
3391 1029 3630 1098 ἀλόγων,
3661 1029 3790 1098 μήτε

2219 1127 2320 1189 τὰς
2349 1125 2674 1196 ἀνακλήσεις
2711 1125 2806 1179 καὶ¹
2859 1127 2988 1188 τοὺς
3013 1123 3437 1194 ἀναποδισμοὺς,
3472 1123 3618 1192 μήτε
3665 1120 3790 1190 κληι-

2219 1219 2378 1282 δόνας
2420 1218 2693 1288 ματαίας,
2734 1217 2831 1270 καὶ
2871 1215 3204 1279 ἁπαξαπλῶς
3255 1214 3422 1286 μηδὲν
3461 1213 3786 1284 παρατηρή-

2221 1323 2368 1370 σεις,
2402 1307 2448 1358 εί
2491 1305 2564 1375 μὴ
2595 1305 2693 1374 τὴν
2740 1305 3035 1381 ἁμαρτίαν.
3097 1305 3384 1377 Χρήσιμον
3438 1303 3550 1375 γὰρ
3622 1321 3789 1372 παρα-

2218 1396 2508 1466 τηρεῖσθαι
2530 1395 2755 1465 ταύτην,
2775 1397 2868 1450 καὶ
2888 1395 3224 1450 ἀπωθεῖσθαι
3251 1396 3535 1466 διηνεκῶς.
3555 1396 3790 1448 Κάκεῖνο

2219 1485 2274 1539 δὲ
2317 1487 2608 1555 γινώσκειν
2659 1489 2991 1560 βουλόμεθα,
3037 1489 3230 1560 ὅτιπερ
3286 1489 3427 1542 τισὶν
3479 1487 3790 1558 ἀνθρώποις

2219 1580 2776 1651 παρατηρησαμὲνοις
2831 1581 2909 1652 τῷ
2971 1579 3271 1651 Ἑλληνικῷ
3319 1580 3430 1632 ἔθει
3485 1579 3680 1632 ἐκεῖνα
3729 1577 3792 1630 τὰ

2217 1669 2560 1743 ψυχοϐλαϐἧ,
2597 1673 2796 1744 συνέϐη
2827 1673 3085 1737 πολλάκις
3117 1671 3310 1738 οὕτως,
3343 1671 3534 1741 ῶσπερ
3561 1671 3790 1740 ὑπενόη-

538 1769 802 1834 dictione,
839 1769 930 1823 sed
959 1767 1168 1837 judicio
1199 1765 1291 1820 Dei
1331 1765 1611 1834 punientis
1649 1774 1703 1821 et
1737 1764 2112 1820 inﬁdelitatem

2220 1781 2340 1830 σαν,
2376 1763 2476 1817 οὑκ
2511 1766 2576 1818 ἐκ
2607 1766 2706 1837 τῆς
2745 1767 3046 1838 δυνάμεως,
3080 1767 3174 1820 καὶ
3204 1765 3306 1835 τῆς
3333 1765 3790 1836 προαγορεύσεως

537 1875 730 1916 eorum
791 1859 1110 1914 deridentis.
1158 1877 1176 1910 ι
1229 1857 1458 1912 Tribuat
1511 1858 1656 1912 enim
1705 1857 1804 1911 tibi
1853 1855 2114 1910 Dominus

538 1953 841 2010 secundum
880 1967 976 2006 cor
1021 1959 1200 2010 tuum,
1242 1959 1298 2004 et
1334 1952 1425 2003 liat
1454 1949 1571 2014 tibi,
1612 1949 1706 2014 ait,
1751 1949 2114 2018 quemadmo-

537 2045 668 2102 dum
693 2043 1023 2115 exspectasti
1065 2043 1110 2074 “
1143 2061 1156 2096 ε
1199 2061 1217 2093 ι
1263 2049 1316 2096 et
1344 2041 1570 2094 obruam
1605 2049 1657 2094 te
1686 2040 2113 2108 calamitatibus,

537 2147 594 2196 et
632 2137 1043 2200 afﬂictionibus,
1077 2147 1130 2190 et
1163 2135 1517 2198 meroribus,
1557 2149 1678 2203 qtue
1707 2149 1885 2202 prava:
1927 2134 2117 2189 obser-

536 2233 742 2288 vatioui
773 2233 967 2296 ﬁdens,
995 2232 1264 2286 timuisti:
1297 2235 1356 2282 ut
1375 2215 1596 2282 tandem
1620 2225 1913 2296 aliquando
1936 2224 2116 2280 delusi

537 2325 618 2381 illi
647 2325 922 2398 propriam
967 2322 1256 2379 stultitiam
1289 2320 1626 2390 detegentes,
1660 2319 1889 2374 sincera:
1939 2317 2116 2388 ι)ωηί-

539 2419 725 2474 tentia;
747 2433 872 2487 ope,
905 2413 1259 2470 exsecranda:
1288 2411 1368 2465 illi
1394 2409 1762 2465 observationi
1808 2408 1968 2464 linem
2010 2409 2115 2462 im-

537 2516 769 2580 ponant,
819 2516 873 2563 et
919 2506 1120 2560 divina!
1183 2502 1542 2574 providentia-
1593 2503 1647 2556 in
1694 2507 1975 2570 posterum
2029 2515 2116 2555 res

539 2600 792 2674 proprias
820 2597 1250 2657 committentes,
1292 2594 1568 2665 propriam
1592 2593 1830 2646 animam
1862 2591 2010 2644 oumi
2049 2606 2111 2644 ex

539 2700 692 2763 parte
720 2690 785 2745 ad
813 2689 979 2742 Deum
1017 2687 1306 2740 reducant.

2220 1855 2328 1910 τῶν
2361 1857 2562 1910 ἀθλίων
2591 1860 2864 1931 κοράκων,
2899 1860 2932 1930 ἢ
2969 1861 3188 1930 χοίρων,
3223 1858 3257 1926 ἦ
3291 1858 3486 1922 κυνῶν,
3519 1855 3552 1927 ἢ
3580 1855 3790 1926 ἀνθρώ·

2222 1968 2369 2024 πων,
2391 1950 2507 2004 ἀλλ’
2537 1953 2601 2005 ὲκ
2640 1953 2738 2023 τῆς
2765 1952 2859 2006 τοῦ
2893 1953 3026 2006 Θεοῦ
3054 1933 3316 2024 κρίσεως,
3347 1950 3676 2012 κολάζοντος
3705 1949 3792 2001 καὶ

2221 2023 2718 2116 ὲκμυκτηρίζοντος
2745 2046 2844 2116 τὴν
2871 2047 3130 2099 ἀπιστίαν
3157 2043 3358 2097 αὑτῶν.
3381 2061 3400 2092 ι
3425 2039 3546 2111 Δῴη
3575 2040 3689 2109 γάρ
3715 2055 3790 2090 σοι

2220 2136 2424 2207 Κύριος
2465 2140 2608 2192 κατὰ
2645 2139 2744 2210 τὴν
2783 2139 3012 2211 καρδίαν
3063 2155 3189 2203 σου,
3243 2135 3337 2190 καὶ
3366 2135 3658 2206 γενηθήτω
3687 2150 3787 2194 σοι,

2231 2231 2386 2299 φησὶ,
2417 2231 2562 2286 καθά
2585 2233 3010 2306 προσεδόκησας
3043 2255 3060 2287 ι
3099 2237 3192 2290 καὶ
3221 2234 3530 2304 συγκλείσω
3561 2251 3624 2286 σε
3655 2250 3790 2301 συμ⁹

2220 2325 2437 2394 φοραῖς,
2467 2325 2561 2378 καὶ
2595 2324 2812 2389 λύπαις,
2848 2326 2943 2379 καὶ
2979 2326 3243 2397 θλίψεσιν,
3277 2327 3456 2399 ἅσπερ
3489 2325 3586 2381 καὶ
3619 2324 3788 2392 πεφόι

2219 2413 2384 2481 ϐησαι
2419 2416 2483 2485 τῇ
2515 2415 2760 2487 σημασίᾳ
2787 2418 2851 2486 τῇ
2900 2417 3078 2490 φαύλῃ
3133 2419 3456 2489 πειθόμενος
3479 2433 3495 2448 ·
3529 2417 3682 2480 ὅπως
3729 2415 3792 2469 ἀν

2213 2520 2343 2556 ποτε
2375 2507 2454 2567 εἰς
2499 2507 2793 2574 ἐπίγνωσιν
2851 2509 3100 2572 ἐλθόντες
3152 2509 3253 2580 τῆς
3304 2509 3518 2562 ἑαυτῶν
3573 2523 3794 2575 ματαιο-

2213 2595 2485 2667 φροσύνης
2504 2599 2552 2650 οί
2573 2598 3024 2671 ἐξαπατηθέντες,
3045 2601 3138 2654 καὶ¹
3164 2601 3425 2671 μετανοίᾳ
3449 2598 3792 2670 χρησάμενοι

2214 2687 2412 2759 ἀγαθῇ,
2453 2687 2766 2745 παύσωνται
2807 2690 2907 2762 μὲν
2931 2694 3029 2763 τῆς
3052 2693 3496 2763 παρατηρήσεως
3523 2689 3626 2760 τῆς
3657 2689 3790 2759 βδε-

535 2785 725 2856 λυρᾶς,
776 2783 844 2851 τῇ
879 2779 934 2833 δὲ
964 2778 1084 2850 θείᾳ.
1157 2774 1385 2848 προνοίᾳ
1450 2773 1521 2826 τὰ
1565 2773 1685 2826 καθ’
1730 2773 1954 2835 ἑαυτοὺς
1993 2772 2178 2827 λοιπὸν
2219 2777 2646 2852 ἐπιτρέψαντες,
2701 2783 3038 2855 πανταχόθεν
3085 2783 3183 2855 τὴν
3235 2784 3371 2838 ίδίαν
3427 2784 3608 2857 ψυχὴν
3653 2781 3792 2854 πρὸς

535 2881 669 2934 Θεὸν
700 2877 1065 2946 ἐπανάγωσιν.

886 2986 1040 3042 CLII.
1075 3014 1146 3025 —-
1183 2981 1446 3038 MARONI
1487 2980 1744 3038 COMITI.

2555 2991 2648 3044 ΡΝ
2653 2991 2725 3045 [ιο.
2746 3021 2817 3034 -—
2839 2983 3102 3048 ΜΑΡΩΝΙ
3129 2993 3424 3048 ΚΟΜΗΤΙ.

604 3104 682 3162 Ne
707 3102 1062 3174 blaSphemiaa
1089 3098 1342 3169 spiritum
1375 3098 1574 3166 saepius
1607 3095 1700 3150 Dei
1731 3094 1956 3154 amanti,
1993 3107 2112 3162 pro-

2285 3107 2358 3161 Τὸ
2386 3109 2486 3178 τῆς
2517 3108 2866 3182 βλασφημίας
2895 3110 3137 3182 πνεῦμα,
3165 3111 3227 3164 τὺ
3256 3111 3626 3183 παρενοχλοῦν
3673 3131 3784 3167 πυ-

535 3204 724 3272 bzeque
759 3207 866 3252 tuae
893 3196 1087 3250 animae
1113 3192 1416 3246 molestiam
1441 3189 1788 3244 exhibentem
1817 3187 1927 3240 ullo
1952 3186 2113 3238 modo

535 3295 888 3352 extimescas,
921 3287 1028 3341 imo
1062 3300 1186 3340 eum
1225 3291 1281 3338 et
1317 3281 1593 3345 oratione,
1636 3289 1692 3335 et
1731 3278 2112 3340 beneﬁcentia,

534 3395 592 3442 et
629 3395 1020 3456 oppressorqu
1053 3375 1342 3441 subsidiis,
1377 3383 1430 3428 et
1465 3373 1776 3436 tolerantia,
1809 3379 1863 3426 et
1894 3370 2114 3424 humili-

533 3487 669 3545 tate,
701 3487 755 3533 et
784 3490 914 3545 erga
951 3485 1146 3530 servos
1177 3477 1304 3525 tuos
1341 3468 1500 3539 192
1543 3467 1884 3522 humanitate
1917 3479 2112 3536 percu-

539 3571 710 3636 tiens,
755 3569 977 3639 impete.
1012 3562 1138 3620 Haee
1175 3562 1345 3624 enim,
1382 3569 1438 3616 et
1467 3561 1552 3615 his
1586 3559 1787 3632 similia
1821 3574 1889 3613 ex
1929 3557 2113 3612 animo

531 3675 632 3720 tuo
654 3661 919 3733 repellere
945 3665 1175 3729 possunt
1201 3655 1498 3710 exitiosum
1532 3653 1860 3716 dmmonem,
1897 3652 1990 3722 qui
2017 3651 2112 3706 tibi

521 3757 899 3831 cogitationes
949 3753 1207 3809 eﬂ‘eratas
1273 3759 1330 3807 et
1383 3751 1580 3821 impias
1657 3757 1850 3804 contra
1912 3759 1999 3814 te,
2057 3754 2115 3802 et

533 3849 747 3904 Numen
785 3847 986 3917 ipsum,
1030 3851 1084 3898 et
1117 3851 1420 3904 creaturas,
1462 3847 1517 3894 et
1561 3845 1808 3901 sanctos,
1851 3843 1904 3891 et
1947 3851 2114 3892 vene-

529 3941 706 3997 randa
739 3935 1004 4008 mysteria
1035 3948 1328 4006 suggerere
1361 3931 1548 3988 audet.

778 4227 962 4284 CLIII.
997 4255 1067 4268 —
1101 4220 1329 4280 LAUSO
1359 4215 1862 4276 PRIMISCRINIO.

603 4343 796 4415 Neque
819 4343 1021 4398 fratres
1054 4339 1244 4403 habes,
1280 4347 1463 4406 neque
1503 4331 1642 4387 lilios
1671 4329 1946 4401 possides.
1979 4327 2113 4384 Cui-

533 4453 665 4494 nam
720 4437 888 4506 igitur
947 4449 1142 4488 aurqu
1200 4425 1634 4485 insaturabiliter
1693 4423 1941 4493 aggeris?
1991 4419 2112 4488 Quo

531 4529 682 4586 enim
724 4527 822 4583 tibi
871 4524 1117 4582 thesauri
1161 4519 1536 4594 epulentiores
1580 4527 2007 4587 congregantur,
2045 4529 2112 4571 eo

531 4636 710 4694 poenae
742 4620 838 4675 tibi
865 4628 916 4675 et
952 4619 1217 4689 potiores,
1254 4620 1309 4669 et
1342 4611 1642 4684 graviores,
1669 4619 1876 4664 aeterna
1917 4623 2114 4677 nempe

531 4713 828 4786 supplicia,
847 4715 1224 4768 reservantur.
1251 4705 1318 4761 Et
1347 4705 1554 4759 utinam
1582 4711 1730 4757 tanta
1753 4701 2108 4772 pecuniarum

530 4807 689 4878 c0pia
717 4811 1028 4876 opportuno
1054 4813 1298 4870 tempore
1331 4797 1398 4852 ad
1440 4798 1560 4867 pios
1601 4795 1916 4866 probosque
1964 4793 2112 4849 viros

532 4898 898 4969 pervenisset,
931 4903 992 4950 ιιι
1026 4893 1289 4964 scriptum
1323 4897 1408 4946 est
1436 4905 1452 4942 :
1491 4887 1976 4957 Congregaverunt
2005 4883 2110 4938 ali-

529 4989 624 5059 qui
657 4987 1044 5043 insatiabiliter
1068 4990 1376 5054 argcutum,
1403 4995 1468 5032 ex
1504 4993 1614 5048 quo
1638 4991 1747 5029 non
1787 4975 2106 5046 gustabunt,

529 5089 583 5136 et
611 5097 734 5150 quae
777 5079 881 5150 ipsi
926 5093 990 5133 ex
1027 5075 1296 5144 injustitia
1347 5071 1518 5126 multa
1569 5068 1928 5136 collegerum,
1969 5065 2108 5136 justi

531 5173 848 5228 comedent.
887 5169 1280 5226 Verumtamen
1310 5179 1418 5219 non
1451 5163 1524 5216 ita
1569 5160 1690 5224 tibi,
1725 5165 1782 5212 ut
1831 5158 1948 5228 ipse
1988 5158 2108 5228 opi-

529 5281 652 5331 nor,
691 5263 1008 5334 continget;
1056 5259 1316 5330 indignus
1374 5253 1576 5311 etenim
1625 5267 1685 5306 es
1728 5267 1742 5304 :
1783 5250 1896 5306 imo
1949 5251 2111 5322 vulgo

529 5359 722 5412 tritum
755 5355 1109 5428 proverbium
1161 5353 1216 5406 in
1251 5348 1594 5419 temetipsum
1633 5345 1812 5398 locum
1847 5343 2110 5402 habuisse

528 5447 904 5518 deprehendes
935 5464 948 5501 :
983 5443 1414 5498 Tantalistarum
1463 5453 1555 5494 res
1593 5435 1901 5492 Crotalistaa
1951 5453 2107 5495 vora-

533 5539 691 5594 bunt.

603 5715 645 5744 ⁶⁵
677 5714 806 5784 Sap,
843 5729 930 5779 ut,
959 5711 1048 5769 19.
1123 5713 1168 5746 “
1199 5711 1346 5768 Psal.
1375 5727 1492 5771 xxx.
1528 5710 1582 5765 5.

2215 3202 2464 3272 κνότερον
2485 3205 2549 3275 τῇ
2584 3206 2648 3275 σῇ
2679 3203 2908 3274 φιλοθέῳ
2967 3205 3060 3258 καὶ
3087 3203 3264 3274 ἀγαθῇ
3289 3204 3508 3276 καρδία,
3545 3204 3794 3276 μηδόλως

2217 3295 2532 3368 ὑποπτήξῃς
2555 3337 2569 3360 ,
2620 3297 2821 3367 μᾶλλον
2853 3297 2911 3350 δὲ
2943 3296 3374 3368 κατεξανάστηθι
3415 3297 3606 3351 τούτου
3633 3337 3648 3360 ,
3695 3298 3794 3352 τύ-

2217 3405 2365 3442 πτων
2393 3389 2524 3442 αὐτὸ
2550 3389 2738 3461 εὐχαῖς
2793 3391 2887 3444 καὶ
2917 3390 3216 3455 εὑποιίαις,
3249 3390 3568 3460 ἀντιλήψεσί
3594 3407 3652 3444 τε
3681 3391 3796 3446 τῶν

2215 3482 2704 3553 καταπονουμένων
2741 3483 2834 3536 καὶ
2903 3487 3022 3548 ταῖς
3073 3483 3493 3556 μακροθυμίαις,
3537 3501 3792 3538 ταπεινο-

2215 3569 2454 3641 φροσύνῃ
2504 3588 2561 3623 τε
2632 3573 2724 3624 καὶ
2763 3575 2828 3643 τῇ
2879 3574 3016 3643 πρὸς
3057 3573 3185 3637 τοὺς
3233 3573 3450 3636 οἰκέτας
3491 3575 3620 3637 τοὺς
3661 3575 3790 3638 σοὺς

2213 3659 2532 3731 ἡμερότητι.
2560 3662 2740 3716 Ταῦτα
2763 3664 2892 3736 γὰρ,
2926 3665 3019 3718 καὶ
3039 3665 3108 3718 τά
3127 3665 3374 3725 τοιαῦτα,
3407 3665 3600 3718 τοῦτον
3627 3665 3793 3720 δύνα-

2212 3769 2301 3804 ται
2335 3751 2443 3805 ἀπὸ
2470 3753 2571 3823 τῆς
2608 3754 2786 3826 ψυχῆς
2814 3773 2908 3809 σου
2948 3757 3202 3822 ἐξελάσαι
3235 3756 3323 3810 τὸν
3367 3756 3648 3826 ἀλάστορα
3673 3758 3792 3812 δαί-

2217 3859 2389 3911 μονα,
2423 3841 2720 3913 λογισμοὺς
2767 3846 2990 3918 ἀγρίους
3037 3847 3144 3900 καὶ
3199 3846 3414 3910 ἀσεϐεῖς
3461 3847 3792 3904 ὑποϐάλλειν

2211 3933 2495 4006 τολμῶντα
2543 3937 2684 3990 κατά
2726 3938 2925 3992 σαυτοῦ
2955 3956 3014 3992 τε
3039 3979 3054 4004 ,
3097 3939 3192 3993 καὶ
3221 3940 3313 3993 τοῦ
3347 3939 3505 4004 Θεοῦ,
3549 3943 3648 3995 καὶ
3677 3943 3792 3996 τῶν

2213 4023 2740 4100 δημιουργημάτων,
2781 4029 2878 4082 καὶ
2915 4028 3022 4082 τῶν
3062 4029 3231 4098 ἁγίων
3275 4030 3372 4084 καὶ
3433 4031 3653 4085 σεπτῶν
3687 4050 3792 4103 μυ-

2217 4118 2472 4190 στηρίων.

2459 4233 2624 4288 PNI‘.
2654 4264 2725 4273 -
2758 4233 2981 4305 ΛΑΥΣῼ
3026 4233 3532 4305 ΠΡΙΜΙΣΚΡΙΝΙῼ.

2283 4345 2426 4416 Μήτ’
2465 4345 2726 4414 ἀδελφοὺς
2777 4343 2952 4416 ἔχων,
3010 4346 3147 4418 μήτε
3196 4345 3362 4400 τέκνα
3413 4345 3788 4417 κτησάμενος,

2225 4436 2332 4490 τίνι
2363 4433 2470 4506 ἄρα
2498 4436 2560 4489 τὺ
2602 4436 2825 4507 χρυσίον
2856 4435 3110 4504 συνάγεις
3141 4436 3456 4507 ἀκορέστως
3481 4455 3494 4503 ;
3544 4439 3700 4508 ’θσῳ
3733 4440 3789 4493 δὲ

2218 4527 2351 4581 πολὺ
2377 4529 2437 4580 τὸ
2479 4527 2849 4600 θησαύρισμα,
2895 4529 3133 4599 τοσούτῳ
3166 4529 3347 4581 πλεῖον
3381 4531 3472 4583 καὶ
3509 4530 3792 4601 βαρυτέρα

2213 4618 2534 4688 ταμιεύεταί
2567 4637 2648 4672 σοι
2684 4621 2716 4690 ἡ
2745 4617 2960 4681 αἰώνιος
2986 4619 3227 4682 κόλασις,
3261 4619 3371 4672 Καὶ
3409 4619 3602 4687 δρελόν
3629 4639 3694 4688 γε
3719 4622 3790 4674 τὰ

2213 4710 2447 4766 τοσαῦτα
2469 4760 2472 4762 .
2493 4713 2773 4784 χρήματα,
2801 4711 2878 4781 τῷ
2913 4711 3089 4782 καιρῷ
3137 4710 3215 4782 τῷ
3243 4711 3426 4782 οἰκείῳ
3460 4713 3540 4776 είς
3585 4713 3788 4782 ἄνδρας

2214 4804 2461 4866 εὐλαϐεῖς
2510 4805 2604 4857 καὶ
2665 4804 2845 4867 ὁσίους
2875 4803 3120 4873 ἔφθασαν
3147 4843 3162 4868 ,
3199 4803 3340 4856 κατὰ
3368 4803 3428 4856 τὸ
3458 4807 3786 4876 γεγραμμέ-

2213 4913 2323 4960 νον,
2356 4897 2546 4966 ὅτιπερ
2580 4895 2946 4965 Συνήθροισάν
2975 4911 3120 4957 τινες
3161 4893 3453 4964 ἀπλήστως
3494 4895 3786 4965 ἀργύριον,

2215 4987 2274 5053 ἐξ
2313 4981 2372 5041 οὑ
2415 4988 2477 5040 οὑ
2509 4987 2795 5055 γεύσονται
2823 5004 2836 5016 ·
2877 4986 3022 5059 ἅπερ
3070 4987 3115 5040 δ’
3145 4979 3289 5041 οὗτοι
3341 4989 3681 5058 συνήνεγκαν
3727 4989 3784 5054 ἐξ

2213 5081 2426 5142 ἀδικίας
2459 5079 2698 5149 πολλῆς,
2743 5079 2912 5134 ταῦτα
2955 5080 3154 5134 δίκαιοι
3203 5079 3432 5134 ἔδονται.
3501 5079 3644 5132 Ἀλλ’
3683 5081 3782 5150 οὑχ

2213 5171 2384 5236 οὕτως
2439 5169 2644 5242 νομίζω
2700 5170 3023 5243 γενήσεσθαι
3075 5171 3167 5224 ἐπὶ
3215 5171 3338 5224 σοὶ⁹
3396 5169 3619 5238 ἀνάξιος
3673 5171 3784 5240 γὰρ

2215 5261 2502 5334 ὑπάρχεις,
2539 5261 2637 5332 τὴν
2667 5261 2722 5314 δὲ
2749 5260 2972 5332 δημώδη
3019 5261 3316 5333 παροιμίαν
3351 5261 3459 5334 δψῃ
3490 5261 3780 5332 καταλαμ-

2215 5353 2481 5408 ϐάνουσαν
2509 5370 2590 5416 σε,
2606 5353 2704 5426 τὴν
2722 5353 3001 5424 λέγουσαν·
3021 5353 3100 5408 Τά
3123 5351 3498 5407 Τανταλιστῶν
3515 5355 3782 5422 φάγονται

2211 5445 2596 5520 Κροταλισταί.
