3888 6040
98 368 212 431 273

380 477 546 528 PNA'.
578 506 647 516 ——
676 475 1024 547 ΞΑΝΘΙΠΙῙῼ
1053 474 1377 544 ΔΙΑΚΟΝῼ.

167 566 368 630 Καλῶς
391 583 456 636 γε
487 568 625 622 πάνυ
653 568 935 639 πράττεις,
963 570 1080 630 ταῖς
1110 566 1406 635 νηστείαις,
1440 564 1534 616 κοιλ⁵
1551 566 1669 626 ταῖς

96 656 451 726 χαμευνίαις,
486 660 552 728 τῇ
595 674 652 710 τε
693 661 898 730 χρηστῇ
935 657 1208 728 ἀγρυπνίᾳ
1232 697 1246 721 ,
1279 656 1374 709 καὶ
1399 658 1463 726 τῇ
1492 657 1667 726 πυκνῇ

109 752 392 820 προσευχῇ
441 750 773 803 καταπατῶν
823 768 882 804 τε
934 751 1028 804 καὶ
1085 748 1520 820 ὑπεραλλόμενος
1571 746 1670 810 τὰς

94 841 399 911 τρικυμίας
427 840 536 893 τῶν
586 840 866 911 σαρκικῶν
914 840 1133 911 ἡδονῶν,
1170 839 1288 910 Θεῷ
1325 840 1382 892 δέ
1423 838 1500 909 τῷ
1539 856 1669 893 συν-

97 930 355 1001 εργοῦντι
381 933 510 1001 ἡμῖν
537 933 622 985 ἀεὶ
659 933 739 993 εἰς
761 932 821 984 τὸ
855 931 1058 999 ἀγαθὸν
1083 931 1180 1002 τὴν
1208 930 1364 1000 νίκην
1400 929 1671 992 ἀνατιθεὶς

97 1025 159 1075 ἐν
183 1023 261 1093 τῷ
278 1022 500 1092 ψάλλειν
530 1025 666 1095 πρὸς
689 1025 851 1079 αὐτόν
873 1039 890 1056 ⁹
925 1044 942 1076 t
979 1025 1071 1088 Σὺ,
1096 1025 1361 1088 Δέσποτα,
1390 1021 1670 1087 δεσπόζεις

95 1113 195 1168 τοῦ
228 1115 463 1184 κράτους
496 1117 593 1186 τῆς
631 1115 926 1186 Θαλάσσης,
964 1117 1053 1168 τὸν
1080 1117 1135 1170 δὲ
1165 1116 1322 1170 σάλον
1353 1115 1458 1168 τῶν
1489 1116 1665 1186 κυμά·

95 1223 207 1259 των
239 1207 410 1278 αὑτῆς
441 1209 505 1260 σὺ
540 1209 967 1279 καταπραΰνεις.
1007 1228 1024 1260 ι

387 1303 558 1356 PNE'.
590 1333 660 1343 -
693 1303 973 1373 ΡΩΜΛΝῼ
1019 1302 1385 1373 ΕΠΙΣΚΟΠῼ.

167 1392 259 1448 Τὰ
278 1393 372 1448 τοῦ
403 1396 748 1467 παράφρονος
797 1396 892 1448 καὶ
921 1395 1387 1467 παρεξεστηκότος
1415 1393 1667 1446 Ναυάτου

99 1484 280 1556 βληχή
291 1504 434 1556 ματα
458 1527 472 1551 ,
519 1487 616 1557 τὴν
650 1487 746 1558 μὲν
780 1486 1055 1551 σώζουσαν
1101 1485 1387 1556 μετάνοιαν
1417 1484 1670 1555 ἐξοστρα-

97 1575 279 1636 κίζειν
326 1576 603 1648 τολμῶντα
629 1617 642 1640 ,
687 1579 954 1649 προφάσει
997 1578 1054 1632 δὲ
1105 1574 1446 1646 ἀπελπισμοῦ
1500 1575 1670 1639 ἀδεῶς

95 1668 199 1732 τὰς
223 1669 506 1740 ἁμαρτίας
531 1670 856 1741 σωρεύοντα,
892 1672 985 1725 καὶ
1018 1670 1288 1741 καθαροὺς
1317 1670 1413 1740 μὲν
1445 1669 1670 1732 ἑαυτοὺς

95 1759 366 1828 λέγοντας
397 1757 559 1826 εἶναι,
601 1762 942 1832 ἀκαθάρτους
969 1762 1024 1815 δὲ
1072 1768 1138 1832 τῇ
1173 1761 1370 1831 πράξει
1416 1762 1668 1832 εὑρισκο-

1320 356 1851 422 EPISTOLARUM
1880 361 2028 425 LIB.
2053 363 2134 424 ΙΙ.

1687 467 1737 526 Δ

2007 469 2190 525 CLIV.
2232 503 2304 512 —-
2337 470 2734 527 XANTIHPPO
2769 472 3087 531 DIACONO.

1843 560 2022 618 Probe
2057 564 2222 619 nimis
2252 567 2392 635 agis,
2424 565 2651 634 jejuniis
2680 572 2735 620 et
2774 566 2827 619 in
2859 565 3023 619 humo
3050 566 3340 620 dormitio-

1775 655 1960 715 nibus,
2005 654 2259 726 bonaque
2293 657 2498 726 vigilia,
2527 665 2580 711 et
2615 657 2884 727 frequenti
2927 657 3175 710 oratione
3207 670 3340 711 con-

1774 749 2036 811 culcans,
2093 757 2150 804 et
2206 764 2530 804 carnearum
2589 751 2930 821 voluptatum
2991 757 3342 818 tempestates

1774 841 2111 908 transiliens,
2157 840 2397 911 Deoque,
2453 845 2546 909 qui
2599 857 2817 914 semper
2871 841 3030 896 nobis
3081 840 3146 894 ad
3198 841 3340 895 bona

1773 935 2130 1004 persolvenda
2173 951 2330 1005 opem
2368 936 2491 1001 fert,
2535 937 2822 993 victoriam
2867 937 3172 997 ascribens,
3207 948 3338 987 cum

1775 1026 1841 1081 ad
1868 1043 1992 1082 eum
2026 1028 2275 1083 concinis
2317 1045 2333 1083 :
2378 1048 2397 1080 ‹
2439 1027 2543 1092 Τυ,
2580 1028 2829 1093 Domine,
2879 1025 3182 1082 dominaris
3228 1025 3353 1080 vir-

1773 1118 1877 1172 tuti
1908 1117 2097 1183 maris,
2127 1125 2182 1173 et
2207 1125 2588 1188 tempestatem
2623 1117 2888 1172 fluctuum
2921 1117 3070 1173 illius
3099 1127 3155 1170 tu
3194 1114 3348 1170 miti-

1774 1222 1872 1278 gas
1892 1207 1957 1260 ".
1999 1225 2038 1266 ι,

1985 1297 2140 1368 193
2177 1296 2332 1352 CLV.
2372 1328 2438 1339 —
2473 1295 2759 1352 ROMANO
2791 1295 3138 1352 EPISCOPO.

1848 1386 2061 1452 Insani,
2095 1403 2158 1442 ac
2189 1396 2370 1443 mente
2398 1388 2541 1458 capti
2570 1388 2762 1442 Novati
2790 1388 3021 1448 balatus,
3045 1388 3136 1456 qui
3166 1385 3343 1457 poenis

1773 1489 2161 1536 exonerantem
2201 1482 2574 1550 paenitentiam
2595 1480 2886 1536 extrudere
2913 1481 3094 1542 audet.
3115 1487 3169 1535 et
3201 1495 3341 1550 pra:-

1775 1581 1926 1629 textu
1957 1574 2354 1643 desperationis
2386 1574 2732 1644 impudenter
2758 1583 2981 1644 peccata
3019 1580 3341 1636 conservat;

1773 1676 1828 1722 et
1867 1668 2016 1722 illius
2051 1671 2316 1733 asseclas,
2353 1670 2444 1738 qui
2488 1684 2659 1738 puros
2705 1668 3027 1738 semetipsos
3069 1674 3342 1730 asserunt,

1774 1769 1828 1814 et
1854 1774 2018 1830 opere
2044 1760 2166 1830 ipso
2196 1761 2396 1831 impuri
2434 1760 2946 1831 deprehenduntur,
2987 1769 3040 1815 et
3074 1762 3128 1815 in
3167 1764 3346 1832 perni-

99 1851 324 1922 μένους,
353 1853 444 1906 καὶ
473 1855 552 1916 είς
574 1853 670 1925 τὴν
699 1831 974 1906 ἀπώλειαν
1011 1831 1435 1916 συνελαύνοντας
1463 1854 1550 1908 διὰ
1573 1855 1669 1925 τῆς

1788 1851 1918 1904 ciem
1943 1865 2058 1915 eos,
2085 1849 2179 1920 qui
2215 1867 2403 1906 eorum
2446 1853 2697 1906 amentia!
2737 1850 2894 1907 ﬁdem
2930 1851 3151 1918 habent,
3189 1867 3344 1908 com-

97 1942 470 2011 ἀπογνώσεως
499 1947 625 2010 τοὺς
661 1944 1015 2014 πειθομένους
1059 1948 1122 2014 τῇ
1171 1945 1369 2008 αὐτῶν,
1406 1947 1505 1998 οὑκ
1536 1947 1672 1998 ἀπο-

96 2033 408 2104 δεξόμεθα’
458 2038 770 2091 τούναντίον
810 2037 866 2090 δὲ
905 2036 1231 2106 μεμψόμεθά
1275 2055 1333 2090 τε
1381 2039 1475 2091 καὶ
1531 2037 1674 2091 σκώο

97 2125 297 2196 ψομεν,
332 2127 408 2192 ῶς
451 2127 559 2182 τῶν
589 2130 961 2183 ἀποστολικῶν
992 2131 1228 2185 κανόνων
1262 2131 1515 2202 ἀλλότρια
1547 2149 1676 2202 φρο-

98 2215 358 2284 νοῦντας.

336 2312 527 2379 ΡΝςν.
555 2341 625 2352 —
653 2312 1004 2383 ΛΦΡΟΔΙΣΙῼ
1033 2314 1445 2384 ΣΚΡΙΝῘΑΡΙῼ.

170 2401 238 2454 Τί
259 2402 438 2466 δοκεῖς
463 2403 742 2458 λανθάνειν
770 2407 916 2476 ἡμᾶς
945 2405 1222 2477 κακοήθης
1278 2423 1360 2470 τις
1389 2407 1483 2460 καὶ
1506 2407 1678 2470 δόλιος

102 2495 411 2567 ὑπάρχων,
447 2497 540 2550 καὶ
578 2499 792 2563 πολλοῖς
841 2499 939 2569 μὲν
989 2499 1229 2570 ἀρίστοις
1293 2500 1388 2553 καὶ
1451 2488 1678 2567 ἀγαθοῖς

101 2587 338 2659 ἀνδράσι
383 2586 643 2659 πεφυκὼς
699 2591 1110 2657 ἐπιϐουλεύειν,
1166 2591 1558 2659 συγκαλύπτων
1619 2592 1676 2644 δὲ

105 2680 307 2734 σαυτὸν
337 2681 414 2751 τῷ
444 2683 773 2754 προσωπείῳ
803 2684 901 2753 τῆς
931 2682 1362 2752 φιλοκαγαθίαςς
1410 2683 1538 2736 Ἰδοὺ
1570 2683 1677 2751 γὰρ

103 2772 168 2824 ἐκ
191 2775 306 2824 τῶν
337 2773 570 2843 καρπῶν
594 2774 654 2827 τὸ
675 2775 890 2845 δένδρον
921 2774 1279 2845 γινώσκομεν,
1304 2775 1397 2828 καὶ⁵
1427 2773 1677 2845 οὐδαμῶς

102 2863 342 2935 κρυϐείη
397 2864 558 2926 λύκος
609 2867 992 2935 περικείμενος
1049 2867 1210 2936 δορὰν
1257 2859 1567 2937 προϐάτου·
1613 2870 1678 2920 ὲκ

103 2958 213 3027 γὰρ
244 2957 314 3027 δὴ
363 2958 474 3010 τῶν
529 2959 753 3013 ὀδόντων
796 2960 891 3015 καὶ
939 2961 1049 3012 τῶν
1079 2960 1282 3030 ὀνύχων
1314 2960 1511 3031 ῥαδίως
1539 2976 1678 3028 γνωο

107 3046 398 3117 σθήσεται.
431 3050 570 3118 Φησὶ
597 3050 653 3103 δὲ
681 3051 777 3104 καὶ
802 3053 834 3120 ἡ
862 3052 1048 3122 Γραφή
1075 3068 1088 3080 °
1129 3070 1145 3103 ι
1182 3051 1377 3122 Πέρδιξ
1407 3051 1678 3121 θηρευτὴς

104 3138 403 3208 κάρτάλλῳ
429 3140 868 3203 ἐναποκλεισθείς
888 3156 900 3170 ο
931 3140 1106 3202 οὕτως
1135 3140 1285 3193 ἐστὶν
1321 3140 1675 3211 ὑπερηφάνου
1704 3166 1748 3225 c

105 3230 328 3301 καρδία.
371 3251 389 3282 ι
439 3231 643 3294 Ὄντως
687 3231 797 3304 γὰρ
857 3231 1207 3304 ὑπερήφανος
1258 3232 1350 3285 καὶ
1397 3232 1675 3304 φθονερὸς,

105 3320 230 3386 ὄφις
261 3338 326 3373 τε
359 3321 568 3375 δάκνων
623 3325 780 3394 σιγῇ.
827 3325 922 3378 καὶ
965 3324 1112 3377 κύων
1165 3325 1492 3395 σπαράττων
1524 3325 1680 3389 ἐκτὸς

101 3411 196 3464 τοῦ
247 3412 554 3484 ὑλακτῆσαι
608 3416 848 3486 γνωρίζῃ
901 3415 1050 3486 παρά
1106 3419 1310 3479 πᾶσιν,
1360 3417 1464 3470 κᾶν
1503 3417 1681 3491 λάθρα

104 3502 421 3574 κακοῦργός
465 3523 547 3568 τις
605 3507 699 3560 καὶ
759 3506 1171 3578 δυσφορώτατος
1240 3509 1333 3561 καὶ
1386 3509 1681 3579 κρυψίνους

107 3592 392 3663 πανταχοῦ
426 3595 709 3668 περιέρχῃ.
747 3597 883 3650 Θεοῦ
923 3597 979 3650 δέ
1025 3598 1183 3668 χρεία
1231 3598 1343 3651 τῶν
1391 3601 1540 3670 παρᾶ
1586 3601 1679 3654 σοῦ

105 3685 640 3758 ἐπιϐουλευομένων,
685 3690 772 3743 ἵνα
802 3689 1003 3758 λέγωσι
1031 3691 1093 3743 τὸ
1127 3692 1184 3742 ἐν
1213 3691 1289 3761 τῷ
1321 3693 1677 3763 ἐνενηκοστῷ,

105 3777 186 3830 ὅτι
223 3797 244 3830 ι
277 3778 453 3844 Αὐτὸς
480 3780 700 3852 ῥύσεται
731 3783 877 3853 ἡμᾶς
907 3784 973 3836 ἐκ
1004 3782 1228 3851 παγίδος
1256 3783 1556 3854 θηρευτῶν,
1587 3787 1682 3840 καὶ

106 3870 269 3939 λόγου
301 3872 671 3944 ταραχώδους.
711 3894 730 3927 ι
774 3875 950 3943 Σιγῶν
993 3874 1101 3945 γὰρ
1127 3874 1290 3939 αὑτὸς
1323 3876 1404 3939 είς
1434 3878 1681 3948 ταραχὴν

107 3963 406 4032 ἐμϐάλλεις
433 3967 560 4029 τοὺς
584 3965 1125 4038 ἐπιϐουλευομένους.

363 4230 532 4288 PNZ'.
567 4265 638 4274 —
667 4235 1046 4307 ΣΩΣΙΠΑΤΡῼ
1069 4237 1434 4310 ΤΡΙΒΟΥΝῼ.

178 4324 264 4395 Τῇ
301 4323 420 4396 θείᾳ
463 4325 662 4393 γνώσει
713 4328 977 4398 στοιχῶν,
1033 4331 1097 4400 τῇ
1139 4330 1335 4397 γνώσει
1379 4329 1473 4383 καὶ
1508 4331 1686 4385 πάντα

113 4419 294 4470 ποιεῖν
327 4416 666 4482 σπουδάζεις,
704 4419 1028 4490 πανάριστε,
1061 4424 1174 4484 τοῖς
1238 4422 1452 4492 ἐκείνης
1496 4423 1684 4476 κανόσι

1775 1941 2004 2012 pellunt,
2038 1943 2190 1998 nullo
2218 1943 2378 1996 modo
2408 1943 2512 2013 ipsi
2547 1944 2878 2014 recipimus;
2912 1945 3021 1999 imo
3049 1960 3144 2000 eos
3166 1960 3348 2016 repre-

1777 2033 2098 2098 hendemus,
2123 2042 2177 2090 et
2200 2035 2656 2103 vituperabimus.
2680 2035 2757 2088 uti
2782 2050 2898 2102 eos,
2923 2036 3015 2106 qui
3039 2023 3344 2092 canonibus

1774 2123 2148 2194 apostolorum
2181 2125 2460 2180 contraria
2488 2125 2750 2180 sentiunt.

1969 2303 2149 2360 CLVI.
2183 2335 2252 2344 —
2281 2303 2698 2359 APHRODISIO
2737 2303 3148 2361 SCRINIABIO.

1849 2396 1928 2450 An
1959 2397 2128 2450 latere
2164 2413 2266 2451 nos
2293 2410 2472 2467 putas,
2498 2397 2588 2467 qui
2624 2397 2893 2466 malignus
2917 2412 3000 2458 es.
3032 2406 3084 2451 et
3107 2404 3341 2452 astutam

1779 2503 1962 2543 servas
1987 2489 2090 2544 sub
2123 2496 2346 2556 pectore
2383 2488 2624 2558 vulpem,
2652 2497 2707 2541 et
2743 2488 3161 2558 quamplurimis
3202 2487 3338 2558 opti—

1779 2581 1879 2633 mis
1937 2595 2000 2634 ac
2057 2580 2464 2649 probatissimis
2515 2580 2648 2634 viris
2711 2595 2775 2633 ex
2834 2579 3054 2648 ingenio
3115 2579 3345 2634 insidias

1781 2671 1996 2738 struis,
2066 2671 2194 2726 licet
2263 2674 2612 2741 temetipsum
2678 2670 3050 2726 beneficentia
3113 2685 3344 2740 persona

1780 2763 2070 2833 conlegas?
2129 2763 2266 2817 Ecce
2316 2765 2461 2817 enim
2510 2779 2577 2818 ex
2627 2763 2900 2818 fructibus
2958 2763 3208 2818 arborem
3258 2763 3343 2818 di-

1782 2851 2098 2923 gboscimus
2133 2855 2175 2885 ⁸⁷
2215 2858 2267 2918 ’ς
2310 2855 2570 2922 nulloque
2616 2854 2779 2907 modo
2807 2854 2966 2923 lupus
3010 2854 3137 2907 licet
3185 2855 3358 2908 ovina.

1782 2943 1918 3012 pelle
1972 2942 2270 2996 adornatus
2326 2943 2492 2995 latere
2549 2943 2746 3011 poterit
2779 2961 2792 2997 :
2821 2957 3054 3012 namque
3096 2956 3160 2995 ex
3199 2942 3358 2995 -den-s

1781 3035 1930 3089 tibus
1976 3049 2039 3087 ac
2073 3035 2346 3104 unguibus
2393 3035 2538 3088 facili
2599 3034 2814 3102 negotio
2869 3033 2923 3087 in
2979 3032 3344 3102 cognitionem

1781 3125 1980 3178 veniet.
2013 3125 2076 3178 Et
2109 3123 2390 3194 Scriptura
2430 3140 2648 3194 quoque
2712 3127 2789 3178 ait
2821 3143 2835 3179 :
2881 3143 2899 3176 ‹
2938 3124 3130 3178 Perdix
3177 3139 3343 3178 vena-

1784 3215 1892 3268 trix
1922 3216 2155 3269 cartallo
2185 3215 2424 3277 inclusa,
2463 3217 2535 3268 ita
2564 3231 2623 3270 se
2658 3214 2820 3270 habet
2851 3231 2944 3269 cor
2974 3215 3280 3284 superbi“.
3322 3233 3341 3266 ι

1783 3306 1923 3362 Vere
1993 3309 2194 3378 quippe
2258 3309 2527 3377 superbus
2590 3317 2644 3362 et
2706 3309 2955 3369 invidus,
3015 3323 3347 3376 scrpensque

1784 3402 2002 3457 silentio
2053 3401 2330 3462 mordens,
2362 3411 2416 3456 et
2456 3401 2609 3456 canis
2654 3403 2864 3469 absque
2903 3403 3096 3454 latratu
3142 3402 3349 3455 disccr~

1783 3509 1917 3564 pcns
1970 3494 2322 3563 cognosceris
2372 3493 2439 3546 ab
2483 3491 2758 3556 omnibus,
2812 3493 2938 3546 licet
2992 3491 3252 3560 perditus,
3295 3500 3350 3544 et

1784 3588 2166 3649 iutoierabilis,
2200 3598 2252 3640 ct
2294 3586 2677 3641 dissimulator
2715 3600 3152 3654 qttaqumcrsum
3206 3582 3348 3636 diva-

1784 3679 1950 3750 geris.
1979 3676 2202 3748 Opeque
2224 3677 2406 3731 divina
2432 3678 2543 3733 illis
2577 3693 2715 3746 opus
2749 3676 2840 3739 sit,
2881 3676 3078 3744 quibus
3119 3674 3352 3730 insidias

1786 3771 1974 3834 struis,
2036 3778 2094 3823 ut
2150 3768 2333 3823 dicere
2390 3769 2630 3839 possint,
2682 3768 2826 3837 quod
2886 3767 2938 3820 in
2995 3768 3350 3844 nonagesimo

1787 3862 1998 3931 psalmo
2047 3861 2302 3930 legitur:
2351 3879 2369 3911 ‹
2423 3857 2542 3929 Ipse
2596 3859 2849 3913 liberabit
2913 3857 3072 3928 194.
3128 3873 3230 3913 nos
3284 3857 3351 3914 de

1785 3953 1983 4022 laqueo
2023 3952 2365 4016 venantium,
2423 3963 2478 4006 et
2522 3967 2551 4004 a
2611 3951 2778 4005 verbo
2825 3965 3020 4018 aspero
3051 3951 3114 4001 “9.
3168 3968 3186 4001 ι
3234 3949 3352 4019 Ipse

1786 4045 2056 4115 siquidem
2099 4052 2290 4099 tacens
2339 4044 2392 4097 in
2426 4045 2617 4098 turbas
2665 4040 2884 4096 insidiis
2931 4041 3042 4097 tuis
3085 4042 3353 4096 obnoxios

1787 4138 2035 4207 conjicis.
2801 4137 2806 4150 '

2021 4226 2228 4283 CLVII.
2262 4256 2331 4266 ——
2371 4223 2751 4280 SOSIPATRO
2788 4223 3114 4280 TRIBUNO.

1857 4323 2053 4378 Divino
2121 4320 2422 4390 procedens
2493 4319 2764 4384 consilio,
2833 4319 3070 4372 consilio
3135 4333 3374 4387 quoque

1787 4414 1969 4468 omnia
1999 4427 2255 4482 peragere
2280 4409 2588 4471 contendis,
2621 4424 2659 4461 ο
2687 4409 2908 4478 optime,
2957 4408 3104 4464 illius
3150 4410 3373 4479 regulis.

114 4508 208 4558 καὶ
232 4507 464 4577 ῥυθμοῖς
492 4507 775 4578 ἑπόμενος.
803 4508 967 4562 Ὅθεν
1003 4509 1096 4561 καὶ
1125 4511 1304 4562 πάντα
1347 4512 1438 4563 τὸν
1481 4512 1678 4565 σαυτοῦ

1788 4505 2162 4577 rhythmisque
2206 4501 2485 4556 obedieus.
2545 4499 2682 4553 llinc
2729 4507 2782 4553 et
2819 4500 3101 4554 universas
3155 4508 3275 4554 tuas
3324 4515 3354 4552 a

115 4596 485 4667 θεοφύλακτον
510 4598 759 4664 πλοῦτον,
788 4599 863 4660 ὡς
893 4600 984 4651 ἐπὶ
1007 4599 1066 4651 τὸ
1095 4599 1348 4653 πλεῖστον
1376 4604 1488 4663 τοῖς
1513 4620 1680 4671 μονα-

115 4689 229 4754 χοῖς
266 4686 561 4754 ἐξαντλεῖς,
595 4688 729 4757 πρὸς
770 4687 990 4753 τούτους
1021 4706 1078 4741 τε
1123 4690 1371 4760 κεχηνὼς
1404 4691 1581 4763 πολλῷ
1609 4691 1687 4764 τῷ

116 4778 292 4849 πόθῳ,
325 4779 416 4831 καὶ
443 4779 663 4841 τούτους
693 4780 977 4832 ἀναπνέων
1005 4780 1217 4854 νύκτωρ
1250 4784 1342 4834 καὶ
1399 4783 1516 4854 μεθ’
1546 4784 1685 4854 ἠμέ-

120 4887 244 4939 ραν,
287 4871 413 4942 μήθ’
445 4871 580 4934 ὅλως
613 4871 756 4942 ἔχειν
801 4873 1036 4942 νομίζων
1097 4875 1470 4946 συγγένειανῆ
1498 4877 1687 4941 τέκνα,

120 4964 302 5017 καίτοι
350 4964 618 5026 τοσούτων
652 4966 843 5019 ὄντων.
884 4967 994 5019 Καὶ
1036 4967 1164 5019 αὑτὸ
1205 4968 1260 5021 δὲ
1308 4969 1369 5021 τὸ
1407 4969 1586 5037 λέγειν
1630 4989 1688 5024 σε

120 5059 268 5110 κατὰ
321 5060 651 5129 συντυχίας,
713 5061 910 5130 κτῆνος
963 5057 1228 5130 ὑπάρχειν
1285 5061 1394 5114 τῶν
1444 5062 1691 5132 μοναχῶν

122 5151 479 5219 ἀγογγύστως
533 5168 593 5203 τε
671 5151 765 5204 καὶ
821 5151 1118 5222 προθύμως
1189 5149 1690 5222 ἐξυπηρετούμενον

125 5243 328 5306 πάσαις
370 5245 488 5307 ταῖς
530 5242 734 5297 τούτων
763 5244 994 5314 χρείαις,
1023 5244 1116 5296 καὶ
1142 5244 1302 5296 τοῦτο
1339 5245 1689 5315 ἀπηρτισμέ-

126 5351 225 5403 νης
260 5335 376 5386 ἐστὶ
401 5336 698 5407 τεκμήριον
715 5335 987 5399 γνώσεως.
1026 5334 1344 5387 Ἐπίστασαι
1366 5334 1422 5386 δὲ
1453 5334 1690 5398 πάντως,

129 5427 209 5478 ὅτι
252 5427 348 5479 σὺν
377 5428 489 5490 τοῖς
517 5429 778 5491 Λευῖταις
798 5466 814 5492 ,
863 5427 955 5481 καὶ⁸
1000 5425 1070 5479 τὰ
1102 5425 1306 5479 τούτων
1353 5428 1526 5497 κτήνη
1557 5445 1688 5480 κατ-

129 5517 398 5587 ηυλόγησε
424 5518 556 5580 Θεὸς
580 5536 637 5572 τε
665 5519 758 5572 καὶ
784 5519 1045 5588 Μωῢσῆς.
1075 5518 1261 5570 Πάντα
1284 5517 1464 5570 τοίνυν
1493 5517 1690 5584 γνώσει

131 5607 477 5680 λογιζόμενος
511 5611 649 5682 θείᾳ,
692 5610 786 5665 καὶ
814 5609 1011 5680 γνώσει
1052 5608 1227 5677 λέγων
1266 5606 1359 5660 καὶ
1415 5606 1688 5673 πράττειν,

1786 4597 2023 4652 Numine
2062 4595 2368 4650 custoditas
2406 4592 2624 4646 divitias
2664 4601 2722 4645 ut
2755 4591 3048 4661 plurimum
3087 4591 3139 4645 in
3167 4606 3357 4645 mona-

1788 4691 1924 4746 chos
1965 4690 2244 4750 exhauris,
2295 4695 2348 4741 et
2387 4688 2440 4740 in
2490 4685 2611 4739 illos
2649 4701 2908 4755 perquam
2957 4684 3357 4753 impensissime

1789 4784 2030 4848 inhians,
2069 4796 2272 4850 eosque.
2315 4778 2534 4840 reﬂans,
2576 4787 2740 4831 noctu
2793 4788 2846 4832 et
2899 4777 3163 4836 interdiu.
3205 4791 3272 4828 ao
3310 4775 3356 4830 si

1791 4876 1926 4930 nulli
1981 4874 2079 4928 tibi
2129 4879 2314 4928 essent
2366 4868 2780 4938 consanguinei,
2844 4876 2937 4922 aut
2991 4866 3109 4932 filii,
3157 4866 3358 4936 quibus

1793 4967 1997 5021 affluis.
2036 4963 2173 5017 lllud
2205 4978 2426 5032 quoque
2456 4961 2601 5031 quod
2633 4962 2774 5014 inter
2813 4960 3233 5028 colloquendum
3269 4959 3356 5013 in-

1793 5059 2002 5121 culcas,
2044 5055 2354 5125 jumentum
2411 5060 2465 5105 te
2516 5067 2639 5106 esse
2695 5051 3108 5115 monachorum,
3150 5050 3361 5118 absque

1793 5146 2250 5208 murmuratione,
2289 5142 2383 5198 sed
2419 5159 2632 5198 summa
2664 5141 2831 5195 animi
2866 5141 3148 5195 alacritate
3166 5155 3356 5195 eorum

1793 5238 2225 5296 necessitatibus
2259 5251 2560 5291 occurrens
2594 5242 2756 5304 atque
2798 5233 3117 5288 ministrans
3157 5252 3170 5287 :
3214 5243 3267 5286 et
3306 5232 3359 5287 id

1793 5349 2013 5405 quoque
2042 5330 2402 5400 dcpendentis
2437 5328 2653 5383 consilii
2698 5327 2958 5381 indicium
2982 5335 3084 5380 est.
3125 5325 3360 5379 Omnino

1795 5435 1972 5480 autem
2014 5424 2147 5478 illud
2191 5422 2324 5486 scis,
2375 5436 2482 5475 una
2528 5436 2651 5475 cum
2685 5419 2889 5475 Levitis
2919 5433 3106 5472 eorum
3142 5431 3361 5484 quoque

1790 5517 2058 5588 iumentis
2087 5515 2431 5570 benedictum
2465 5513 2634 5566 fuisse
2664 5527 2693 5565 a
2720 5511 2826 5565 Deo
2854 5518 2910 5565 et
2934 5509 3136 5580 Moyse.
3165 5506 3360 5561 Omnia

1800 5611 1988 5680 itaque
2008 5607 2197 5661 divino
2229 5605 2459 5660 consilio
2481 5606 2779 5670 mstimans,
2813 5613 2865 5658 ct
2895 5601 3124 5658 consilio
3149 5600 3359 5666 dicens,

208 5785 253 5817 "
275 5785 416 5843 Psal.
447 5803 709 5854 Lxxxvui,
737 5788 823 5846 ιο.
900 5787 1186 5862 "‘_Mattb.
1215 5801 1314 5853 vn,
1346 5789 1434 5844 16.
1511 5788 1555 5820 ⁸⁸
1588 5785 1752 5843 Εεςιί,
1791 5802 1864 5852 ιι,
1897 5785 1984 5840 52.
2064 5787 2107 5817 ⁶³
2131 5783 2272 5840 Psal.
2308 5797 2393 5847 xc,
2429 5783 2481 5836 5.
