3888 6040
545 285 649 348 275

1994 303 2054 362 S.
2078 303 2239 364 NILI

3666 326 3767 390 276

543 416 609 457 ac
633 399 892 462 eﬂiciens.
923 417 957 458 o
990 403 1096 459 Dei.
1121 421 1334 472 amans,
1363 406 1483 463 sine
1523 409 1631 464 ulla
1670 411 2008 468 hesitatione
2046 414 2094 466 in

2207 418 2436 487 φιλόθεε,
2481 426 2864 496 ἀναμφιϐόλως
2909 433 2988 494 εἰς
3042 432 3141 505 τὴν
3196 434 3467 506 βασιλείαν
3522 436 3637 490 τῶν
3678 440 3767 492 οὐ·

543 509 770 565 regnum
813 496 1075 550 cmlorum
1107 513 1230 552 cum
1265 501 1547 556 monachis
1589 519 1697 558 una
1727 505 1888 560 simul
1929 507 2102 560 intro-

542 585 672 651 ibis,
709 595 967 657 tanquam
997 591 1200 660 probus
1228 607 1414 646 eorum
1447 595 1653 650 assecla
1680 603 1735 651 et
1763 612 1949 652 eorum
2001 598 2102 651 mi-

541 678 735 743 nister,
765 691 816 735 et
850 682 1012 736 simul
1042 699 1164 738 cum
1193 684 1303 738 illis
1324 684 1380 738 in
1408 685 1780 742 haereditatem
1807 689 2097 756 bonorum,

2208 513 2382 584 ρανῶν
2433 519 2813 592 συνεισελεύσῃ
2859 522 2955 574 σὺν
2988 525 3103 586 τοῖς
3157 528 3430 597 μοναχοῖς,
3479 528 3556 591 ὡς
3605 529 3768 593 καλὸς

2202 605 2488 672 ἀκόλουθος
2513 610 2604 663 καὶ
2651 611 2927 684 ὑπηρέτης
2951 614 3173 681 τούτων,
3201 618 3293 670 καὶ
3310 619 3767 690 συγκληρονομὴ-

2204 716 2318 762 σεις
2367 700 2580 766 τούτοις
2629 702 2697 755 τὰ
2756 704 3014 776 ἅφραστα
3052 707 3232 775 ἀγαθά
3285 711 3364 774 είς
3422 712 3770 782 ἀπεράντως

539 787 663 841 qua!
696 776 863 829 verbo
896 775 1125 846 exprimi
1154 776 1377 832 minime
1401 787 1650 848 possunt,
1685 780 1740 834 in
1771 783 2100 852 sempiterna
2200 791 2419 854 αίῶνας.

539 864 736 918 saecula
762 865 1069 922 vocaberis.
1780 897 1783 900 ~

766 955 992 1011 CLVIII.
1032 987 1102 997 —
1138 957 1414 1014 CHILONI
1454 959 1866 1016 DOMESTICO.

609 1045 890 1112 lnstabile,
929 1050 1187 1119 nullaque
1224 1052 1438 1105 ratione
1471 1053 1708 1115 ﬁrmum.
1747 1053 1856 1108 imo
1887 1061 2103 1125 pertur-

536 1136 749 1201 batum,
807 1148 860 1193 et
915 1140 1054 1194 ﬂexu
1127 1142 1444 1198 facillimum
1501 1147 1713 1200 consilii
1772 1148 1851 1202 tui
1910 1147 2101 1202 Siraeh

535 1225 796 1293 innuens,
835 1229 1018 1286 dixit:
1082 1249 1099 1282 ι
1140 1231 1279 1286 Rota
1330 1249 1528 1290 currus
1591 1236 1898 1305 insipientis
1958 1237 2102 1292 inte-

535 1319 800 1374 τίσαιτο.»
831 1320 888 1374 Si
917 1326 1150 1394 prorupti
1178 1341 1399 1396 quoque
1427 1329 1525 1393 tui,
1559 1344 1620 1381 ac
1638 1327 1812 1383 facilis
1844 1331 1897 1384 in
1923 1346 2102 1386 secre-

538 1411 609 1463 tis
638 1409 945 1475 edicendis.
991 1418 1288 1486 statimque
1324 1419 1697 1485 divulgandis,
1733 1423 2102 1493 omnibusque

540 1501 699 1571 195
735 1504 829 1558 tibi
873 1508 1203 1563 concreditis
1235 1510 1565 1579 aperiendis,
1607 1515 1821 1569 consilii
1853 1515 2101 1570 testimo-

535 1594 686 1648 nium
711 1610 877 1665 supra
906 1598 1108 1653 laudati
1135 1601 1423 1670 scriptoris
1455 1613 1702 1672 exoptas,
1755 1621 1876 1676 quaa
1915 1608 2098 1661 statim

533 1686 868 1754 subduntur,
892 1690 1090 1746 habeto
1116 1711 1128 1746 :
1152 1695 1365 1749 «Audiit
1387 1697 1664 1763 enim,ait,
1693 1700 1960 1770 insipiens
1985 1717 2101 1757 ser-

532 1793 772 1846 monem,
797 1791 850 1836 et
874 1785 1150 1852 parturiit,
1171 1788 1882 1862 quemadmodum‘parturit
1910 1809 1938 1846 a
1963 1793 2102 1850 facie

531 1867 761 1926 infantis
818 1875 1125 1941 parturiens
1179 1877 1246 1931 τί.
1281 1898 1298 1927 ι
1333 1878 1480 1935 Nihil
1513 1882 1658 1937 enim
1695 1889 1970 1940 amentius
2017 1896 2102 1942 est

529 1973 697 2028 quam
732 1963 1035 2032 publicare,
1065 1976 1119 2021 et
1154 1968 1254 2022 hac
1278 1979 1441 2040 atque
1470 1972 1594 2028 illac
1621 1975 1780 2032 nobis
1809 1978 1878 2032 ab
1906 1979 2099 2035 amicis

529 2051 671 2106 clam
717 2056 1081 2128 privatimque
1116 2062 1430 2118 concredita
1469 2069 1863 2130 transmittere.
1895 2071 2102 2140 palam-

527 2160 655 2212 que.
692 2154 745 2201 et
780 2148 1036 2205 indecore
1064 2155 1340 2225 evulgare.
1371 2156 1472 2223 Qui
1513 2159 1678 2228 igitur
1706 2169 1758 2216 te
1801 2171 2096 2232 occupant,

526 2239 740 2294 morbis
763 2244 1113 2312 renuntiatis,
1146 2247 1229 2303 Iac
1261 2251 1337 2305 sis
1373 2250 1426 2304 in
1462 2262 1741 2321 posterum
1779 2255 2019 2325 sapiens.
2047 2264 2101 2310 et

529 2334 744 2396 llrn'ius.
785 2344 839 2390 et
865 2352 1192 2394 arcanorum
1226 2353 1433 2407 custos,
1469 2360 1756 2413 quousque
1787 2347 1944 2401 linem
1976 2349 2101 2403 vitze

526 2428 806 2494 posueris.
863 2432 1084 2500 proprio
1135 2434 1241 2497 ori,
1297 2445 1350 2489 et
1402 2434 1874 2492 incontinentibus
1928 2440 2098 2496 labris

527 2517 737 2572 validas
773 2518 920 2575 fores
944 2536 1248 2591 apponens,
1277 2534 1596 2596 vectemque
1625 2528 2095 2597 robustissimum,

525 2614 582 2662 et
622 2608 828 2664 silentii
859 2613 1045 2682 optimi
1089 2614 1328 2682 sigillum
1371 2619 1694 2688 appingens.
1739 2618 1832 2675 Sic
1863 2621 2009 2675 enim
2044 2629 2099 2676 et

528 2701 730 2757 divinae
752 2705 1082 2774 cognitionis
1113 2709 1405 2777 Splendore
1445 2710 1744 2768 illuminari
1781 2715 2012 2782 poteris,
2043 2723 2098 2770 et

526 2807 685 2848 sacra
719 2790 1005 2865 Scriptura
1052 2799 1252 2853 solatio
1295 2800 1394 2854 tibi
1443 2801 1571 2867 erit,
1602 2818 1726 2856 cum
1777 2805 1852 2858 ait
1886 2821 1901 2859 :
1942 2825 1961 2858 ι
1998 2806 2099 2861 Sa-

525 2884 731 2954 pientia
778 2887 1014 2944 hominis
1064 2890 1393 2947 illuminabit
1445 2891 1641 2949 faciem
1686 2895 1834 2951 illius
1865 2897 1933 2964 7’;
1974 2916 1992 2948 ι
2045 2906 2100 2953 et

525 2991 723 3032 rursus
753 2994 769 3032 :
798 2996 818 3028 ι
849 2979 1085 3036 Audiisli
1135 2998 1468 3049 sermonem,
1513 2983 1862 3042 immoriatur
1908 2987 1963 3043 in
2021 2998 2095 3047 te.

2480 971 2659 1026 PNH’.
2693 1003 2762 1015 -—
2797 975 3033 1027 ΧΙΛΩΝῘ
3066 975 3475 1046 ΔΟΜΕΣΤῘΚῼ.

2242 1121 2244 1123 ς
2272 1061 2346 1115 Τὸ
2373 1063 2749 1118 ἀκατάστατόν
2794 1081 2853 1118 τε
2878 1066 2971 1119 καὶ
3002 1065 3302 1136 ἀνίδρυτον,
3328 1066 3768 1137 τεθορυϐημένον

2207 1172 2266 1208 τε
2310 1157 2405 1210 καὶ
2435 1157 2754 1227 εὐκλόνητον
2785 1159 2884 1228 τῆς
2914 1158 3012 1230 σῆς
3040 1157 3286 1230 γνώμης,
3315 1159 3490 1230 δηλῶν
3524 1162 3552 1212 ὁ
3594 1159 3769 1230 Σιράχ

2203 1265 2375 1319 φησι·
2421 1269 2438 1301 ι
2473 1249 2677 1322 Τροχδς
2721 1250 2938 1321 ἀμάξης
2979 1251 3260 1322 σπλάγχνα
3295 1251 3502 1323 μωροῦ.
3543 1272 3562 1304 ι
3605 1251 3672 1305 El.
3713 1252 3766 1304 δὲ

2202 1339 2298 1392 καὶ
2345 1341 2473 1412 περὶ
2501 1340 2594 1394 τοῦ
2630 1343 2703 1413 μὴ
2737 1341 3084 1412 βουλεύεσθαί
3115 1342 3173 1394 σέ
3210 1359 3339 1395 ποτε
3380 1342 3617 1412 φυλάξαι
3668 1361 3766 1414 μυ-

2205 1430 2448 1499 στήριον,
2482 1430 2598 1484 ἀλλ’
2622 1431 2784 1495 εὐθὺς
2824 1430 3219 1501 ἐκφερομυθείν
3243 1471 3258 1495 ,
3288 1433 3382 1485 καὶ
3421 1435 3556 1486 πᾶσι
3597 1433 3766 1501 δημο-

2204 1521 2405 1574 σιεύειν
2433 1523 2502 1575 τὰ
2531 1521 2912 1594 τεθαρῤημένα
2949 1540 3050 1586 σοι,
3089 1523 3262 1588 θέλεις
3288 1525 3415 1578 ἰδεῖν
3453 1525 3766 1597 μαρτυρίαν

2201 1613 2293 1666 τοῦ
2318 1612 2597 1683 λεχθέντος
2625 1614 2940 1684 προσώπου,
2970 1617 3134 1670 ἄκουε
3155 1616 3488 1687 παραυτίκα·
3514 1635 3532 1668 ι
3560 1618 3766 1671 Ἤκου-

2205 1723 2265 1758 σε
2313 1707 2458 1776 γὰρ,
2511 1707 2709 1779 φησὶν,
2752 1708 2781 1760 ὁ
2839 1708 3020 1778 μωρὸς
3064 1707 3256 1777 λόγον,
3312 1709 3408 1762 καὶ
3469 1709 3762 1778 ὡδίνησεν,

2203 1797 2392 1867 ὥσπερ
2421 1797 2599 1851 ὠδίνει
2630 1798 2736 1852 ἀπὺ
2773 1798 3067 1870 προσώπου
3105 1798 3391 1871 βρέφουςὴ
3421 1799 3708 1856 τίκτουσα.
3739 1819 3759 1852 ι

2203 1890 2369 1944 Οὐδὲν
2420 1890 2477 1942 δὲ
2514 1891 2820 1962 μωρότερον
2859 1890 2953 1944 τοῦ
2985 1891 3353 1963 στηλιτεύειν,
3389 1893 3487 1946 καὶ
3528 1892 3758 1963 διαπορ-

2202 1982 2427 2053 θμεύειν
2474 1985 2602 2054 τῇδε
2660 1987 2903 2050 κάκεῖσε,
2944 1987 3038 2039 καὶ
3084 1983 3349 2056 φανεροῦν
3378 1985 3651 2057 ἀπρεπῶς
3698 1986 3764 2037 τά

2202 2076 2550 2148 θαρῤηθέντα
2578 2078 2707 2148 ἡμῖν
2731 2078 2888 2149 ’πσρά
2919 2077 3025 2130 τῶν
3057 2077 3224 2146 φίλων
3267 2078 3473 2148 κρύφα,
3510 2077 3608 2130 καὶ
3643 2075 3764 2131 κατ’

2205 2170 2360 2223 ἰδίαν.
2404 2170 2700 2240 Ἀφέμενος
2723 2171 2902 2223 τοίνυν
2932 2169 3038 2223 τῶν
3091 2169 3415 2240 νοσημάτων
3451 2169 3564 2223 τῶν
3599 2186 3761 2239 περιρ

2201 2264 2436 2334 εχόντων
2464 2279 2544 2325 σε,
2575 2262 2734 2330 γενοῦ
2758 2261 2943 2316 λοιπὸν
2973 2262 3133 2330 σοφός
3159 2279 3238 2328 τε,
3259 2261 3352 2315 καὶ
3379 2258 3654 2331 βεϐηκὼς,
3673 2260 3766 2313 καὶ

2204 2356 2523 2428 μυστηρίων
2562 2353 2756 2424 φύλαξ.
2787 2355 2890 2418 ἓως
2917 2355 2983 2409 ἂν
3008 2355 3305 2428 ἀποθάνῃς,
3331 2351 3766 2416 κατασκευάζων

2197 2448 2276 2518 τῷ
2309 2447 2496 2518 οἰκείῳ
2529 2447 2755 2517 στόματι
2809 2446 2902 2499 καὶ
2933 2448 3042 2509 τοῖς
3071 2446 3322 2514 ἀστέγοις
3359 2445 3565 2516 χείλεσι
3591 2443 3764 2515 θύραν

2202 2540 2440 2611 στερῤἀν
2484 2539 2579 2592 καὶ
2615 2538 2807 2609 μοχλὸν
2842 2537 3211 2608 ἰσχυρότατον,
3236 2539 3332 2591 καὶ
3359 2537 3459 2609 τὴν
3491 2535 3767 2607 σφραγῖδα

2199 2630 2298 2700 τῆς
2349 2632 2508 2700 σιγῆς
2554 2627 2838 2699 βελτίστης
2872 2625 3152 2690 ἐπιτιθείς.
3199 2625 3353 2680 Οὕτω
3399 2626 3510 2697 γὰρ
3547 2626 3649 2680 καὶ
3691 2623 3766 2694 τῷ

2198 2719 2299 2788 τῆς
2328 2717 2481 2780 θείας
2517 2715 2769 2785 γνώσεως
2815 2715 2954 2785 φωτὶ
2986 2714 3358 2785 ἐλλαμφθῆναι
3402 2713 3633 2787 δυνήσῃ,
3674 2713 3766 2765 καὶ

2199 2811 2236 2880 ἡ
2268 2809 2458 2880 Γραφὴ
2513 2809 2888 2881 παρηγορήσει
2933 2807 3166 2879 λέγουσα
3203 2822 3218 2836 ·
3272 2822 3291 2858 ι
3348 2805 3520 2876 Σοφία
3551 2804 3765 2878 ,ἀνδρδς

2200 2904 2391 2970 φωτιεῖ
2410 2902 2470 2954 τὸ
2493 2901 2782 2973 πρόσωπον
2799 2899 2985 2954 αὐτοῦ.
3020 2919 3040 2953 ι
3067 2900 3176 2953 Καὶ
3201 2897 3361 2953 πάλιν
3384 2913 3398 2928 ο
3431 2916 3449 2949 ι
3481 2898 3765 2958 Ἤκουσας

2198 2978 2390 3062 λόγον;
2439 2991 2815 3048 ἐναποθανέτω
2846 3009 2949 3045 σοι.
2989 2990 3212 3060 Θάρσει·
3245 2990 3306 3044 οὐ
3343 2990 3418 3062 μή
3451 3006 3511 3042 σε
3547 2987 3709 3061 ῥήξει
3737 2988 3768 3038 ό

525 3067 678 3122 Bono
711 3071 788 3124 sis
808 3072 991 3126 animo
1016 3092 1030 3127 :
1057 3090 1166 3128 non
1191 3076 1495 3146 disrumpet
1527 3085 1578 3133 te
1597 3094 1778 3136 sermo
1807 3082 1863 3137 in
1895 3098 2094 3144 arcano

2206 3086 2359 3155 λόγος
2396 3087 2424 3145 ὁ
2459 3085 2745 3157 μυστηρίῳ
2773 3084 2984 3156 λεχθείς
3016 3101 3118 3137 σοι.
3158 3102 3177 3135 ι

523 3160 627 3215 tibi
668 3165 1110 3222 communicatus
1134 3169 1199 3222 ⁷³.
1245 3188 1263 3219 ι

780 3255 956 3311 CLIX.
979 3291 1049 3300 —
1074 3261 1472 3319 GAUDENTIO
1515 3263 1832 3323 DIACONO.

595 3345 994 3408 Fornicationis
1046 3353 1255 3409 daemon
1291 3372 1441 3411 more
1493 3359 1603 3412 nati
1657 3361 1933 3419 abdomini
1993 3383 2094 3422 suo

524 3440 691 3494 catuli
730 3457 896 3510 penes
922 3459 1068 3508 eum,
1102 3448 1194 3516 qui
1231 3448 1298 3502 ab
1324 3464 1388 3504 eo
1411 3459 1673 3516 tentatur,
1707 3457 1885 3512 suevit
1927 3458 2094 3516 haere-

529 3544 706 3597 scere,
738 3547 848 3588 non
876 3543 1058 3592 tamen
1090 3539 1199 3592 vim
1231 3539 1452 3597 inferre.
1488 3543 1547 3597 In
1583 3554 1671 3599 tua
1701 3547 1885 3619 itaque
1939 3560 2095 3620 pote-

521 3630 661 3678 state
692 3633 797 3691 est,
828 3636 1031 3698 tuoque
1081 3630 1328 3695 arbitrio,
1361 3642 1455 3686 aut
1505 3635 1651 3691 hunc
1700 3655 1794 3707 per
1859 3641 2092 3710 ignomi-

519 3710 738 3766 niosum
763 3717 1082 3772 exercitium
1115 3719 1283 3786 alere,
1312 3733 1406 3775 aut
1455 3723 1719 3780 iracunde
1751 3744 1847 3797 per
1880 3722 2090 3799 preces,

521 3813 574 3859 et
608 3806 942 3875 psalmorum
971 3821 1286 3875 concentus.
1319 3823 1371 3870 et
1399 3816 1630 3884 jejunia,
1673 3828 1726 3875 et
1775 3824 2013 3894 vigilias,
2039 3835 2094 3883 et

518 3895 673 3951 humi
731 3900 988 3955 cubatum
1045 3903 1098 3956 in
1153 3905 1332 3975 fugam
1395 3919 1625 3965 vertere.
1699 3913 2091 3983 «Opponimini

517 3987 666 4041 enim
708 3989 1045 4057 adversario,
1083 4003 1142 4048 ut
1188 4011 1417 4067 magnus
1472 3997 1708 4058 Jacobus
1765 4005 1979 4074 scribit,
2037 4015 2093 4063 et

517 4077 690 4151 fugiet
711 4096 739 4134 a
765 4083 1001 4140 vobis”.
1038 4104 1056 4137 ι
1087 4149 1090 4152 ἢ

742 4173 902 4246 196
931 4174 1088 4229 CLX.
1124 4207 1192 4216 -——
1220 4175 1492 4234 PIIILONI
1524 4180 1873 4242 EPISCOPO.

588 4262 734 4319 Satis
765 4266 944 4322 idonei
967 4267 1328 4337 instructique
1364 4286 1459 4326 vos
1481 4287 1578 4341 per
1609 4278 1994 4348 vosmetipsos,
2033 4281 2086 4334 in

517 4359 849 4412 monasterio
881 4368 1064 4415 vestro
1095 4360 1438 4432 degentibus,
1475 4365 1551 4419 uti
1601 4383 1700 4437 par
1743 4379 1850 4433 est,
1880 4371 1934 4424 in
1967 4387 2089 4427 om-

2465 3259 2640 3314 PNE)’.
2666 3288 2734 3300 —
2768 3259 3158 3330 ΓΑΥΔΕΝΤῙῼ
3180 3259 3501 3329 ΔΙΑΚΟΝῼ.

2283 3359 2342 3410 Ὀ
2371 3357 2469 3426 τῆς
2495 3354 2747 3424 πορνείας
2770 3352 2977 3424 δαίμων
3002 3353 3157 3423 δίκην
3188 3351 3368 3423 λίχνου
3409 3342 3655 3404 κυνιδίου
3689 3351 3766 3421 τῷ

2202 3446 2294 3502 ὑπ’
2330 3444 2493 3500 αὐτοῦ
2542 3442 2919 3514 πειραζομένῳ
2965 3442 3121 3496 εἴωθε
3169 3441 3527 3514 παραμένειν,
3560 3442 3622 3494 οὐ
3661 3443 3766 3512 μὴν

2203 3538 2574 3603 ἐκϐιάζεσθαι.
2629 3537 2717 3589 Ἑν
2763 3535 2848 3587 σοὶ
2899 3533 3076 3587 τοίνυν
3114 3533 3380 3604 ὑπάρχει,
3437 3531 3534 3584 καὶ
3576 3534 3649 3603 τῇ
3699 3534 3761 3601 σῇ

2203 3631 2457 3701 ἐξουσίᾳ,
2511 3629 2608 3683 καὶ
2655 3626 3006 3698 βουλήσει,ῆ
3051 3625 3271 3697 τρέφειν
3317 3622 3504 3677 τοῦτον
3547 3623 3639 3676 διὰ
3666 3622 3764 3696 τῆς

2201 3723 2462 3795 ἐργασίας
2489 3722 2588 3791 τῆς
2621 3721 2818 3794 ἀτίμου
2839 3763 2854 3787 ,
2895 3721 2928 3791 ἢ
2961 3718 3284 3792 φυγαδεῠειν
3333 3717 3449 3788 μετ’
3478 3719 3651 3789 ὀργῆς
3698 3719 3764 3772 δι’

2199 3816 2371 3886 εὐχῶν
2394 3815 2489 3868 καλ⁴
2514 3813 2864 3885 ψαλμῳδιῶν,
2890 3811 3154 3883 νηστειῶν
3190 3829 3249 3864 τε
3289 3814 3383 3866 καὶ
3419 3811 3759 3884 ἀγρυπνιῶν,

2201 3910 2420 3980 καὶτῆς
2454 3907 2864 3980 χαμαικοιτίας.
2907 3927 2924 3959 ι
2968 3906 3275 3977 Ἀντίστητε
3316 3907 3423 3977 γὰρ
3457 3905 3535 3976 τῷ
3560 3905 3759 3977 ἐχθρῷ,

2199 4001 2380 4065 καθὼς
2415 4001 2615 4072 γράφει
2643 4003 2670 4054 ό
2719 4000 2894 4071 μέγας
2939 3999 3211 4063 Ἰάκωϐος,
3252 4000 3345 4053 καὶ
3384 3997 3642 4068 φεύξεται
3671 3999 3764 4065 ἀφ’

2199 4097 2372 4167 ὑμῶν.
2418 4115 2436 4148 ι

2548 4186 2665 4242 PE’.
2701 4218 2760 4226 -
2785 4186 3012 4241 omam
3046 4184 3414 4254 Emzxona.

2279 4281 2476 4336 ἰκανοί
2502 4280 2626 4333 ἐστε
2661 4278 2754 4332 καὶ
2783 4277 2937 4331 αὐτοὶ
2963 4275 3086 4329 καθ’
3123 4276 3348 4337 ἑαυτοὺς
3373 4272 3501 4336 τοὺς
3526 4270 3624 4324 τοῦ
3660 4289 3755 4343 μο-

2202 4372 2495 4443 ναστηρίου
2553 4369 2709 4440 ὑμῶν
2759 4368 3061 4433 κανονίςειν
3119 4367 3346 4428 δεόντως
3393 4364 3478 4433 ἐφ’
3534 4363 3754 4418 ἅπασιν.

517 4449 680 4504 nibus
703 4451 922 4507 vivendi
964 4455 1230 4511 rationem
1262 4460 1642 4528 praescribere.
1700 4462 2088 4522 Verumtamen

2207 4465 2424 4535 Ἐπειδὴ
2475 4464 2531 4516 δὲ
2572 4463 2700 4534 περὶ
2749 4461 2958 4532 διαίτης
3003 4458 3352 4530 ὑπεμνήσατέ
3411 4475 3479 4528 με
3527 4457 3619 4510 διὰ
3663 4458 3757 4526 τῆς

516 4556 640 4595 cum
671 4543 813 4598 inter
844 4546 1197 4606 scribendum
1231 4551 1299 4606 de
1324 4553 1504 4608 vietus
1531 4554 1745 4610 ratione
1773 4573 2087 4613 sermonem

517 4631 894 4702 institueritis,
924 4639 978 4696 id
1010 4656 1038 4693 a
1068 4643 1230 4697 nobis
1269 4657 1579 4714 poscentes,
1635 4658 1693 4701 ut
1714 4665 1889 4704 meam
1924 4651 1993 4706 de
2024 4667 2088 4706 ea

515 4729 838 4783 sententiam
898 4731 1288 4803 signiﬁcarem,
1341 4747 1488 4794 recte
1550 4740 1625 4794 ita
1689 4742 2085 4799 instituendam

512 4834 637 4874 esse
665 4820 829 4878 duco.
863 4824 999 4881 Cum
1025 4829 1177 4882 varia
1213 4829 1285 4884 sit
1339 4846 1630 4901 corporum
1693 4843 2088 4903 temperatura,

513 4915 567 4960 et
595 4923 662 4962 ex
691 4908 758 4963 iis
796 4910 910 4966 ιιωο
934 4915 1150 4986 quidem
1179 4917 1334 4974 malae
1387 4919 1708 4981 valetudini.
1740 4922 1828 4974 illa
1865 4939 2046 4992 praeva
2066 4954 2081 4964 -

513 4997 637 5054 lidzc
674 5001 1020 5070 subjaceant,
1054 5008 1227 5074 varia,
1251 5017 1306 5064 et
1332 5026 1583 5081 persona:
1611 5012 1838 5068 cuilibet
1871 5031 2092 5071 accom-

513 5094 729 5148 modata
763 5098 941 5152 victus
975 5100 1112 5153 ratio
1141 5103 1544 5170 prmscribenda
1589 5112 1692 5158 est.
1726 5109 1909 5173 Quare
1944 5109 2094 5164 bene

512 5186 822 5241 valentibus
871 5189 1204 5260 leguminum
1242 5210 1395 5256 usus,
1455 5211 1616 5252 secus
1645 5214 1704 5255 se
1760 5199 2090 5257 habentibus

513 5275 770 5330 solatium
798 5295 863 5333 ex
899 5281 1166 5347 oleribus,
1198 5285 1387 5338 morbo
1417 5287 1671 5344 remissis
1731 5297 1786 5344 et
1815 5291 2084 5361 languidis

512 5381 579 5421 ex
611 5369 872 5424 carnibus
900 5373 1241 5426 moderatum
1285 5377 1548 5430 auxilium
1577 5379 1944 5438 exhibendum
1975 5395 2080 5440 est.

713 5458 896 5519 CLXI.
928 5489 996 5504 -—
1021 5462 1369 5529 QUINTILIO
1405 5467 1905 5529 CANCELLARIO.

586 5549 642 5605 Si
676 5551 841 5608 modo
870 5563 928 5609 tu
984 5555 1096 5612 Deo
1127 5559 1322 5616 animze
1365 5559 1624 5628 oliicium,
1666 5559 1722 5620 et
1771 5567 2082 5640 diligentem

585 5725 631 5756 '°
659 5727 824 5784 Eccli.
858 5747 1049 5802 χχχιιι,
1082 5737 1136 5793 5.
1234 5741 1276 5773 “
1315 5741 1475 5806 Eccl}
1511 5757 1625 5810 arx,
1654 5743 1734 5800 ll.
1815 5748 1860 5779 τ’
1889 5746 2056 5805 Eccli.
2088 5766 2094 5789 η

2238 5753 2283 5805 ι.
2361 5753 2405 5783 ⁷³
2437 5751 2604 5808 Eccli.
2642 5766 2748 5816 χιιι,
2785 5751 2867 5806 IO.

2196 4558 2508 4628 ἐπιστολῆς,
2535 4555 2808 4621 ἀξιοῦντες
2835 4553 3140 4624 δηλωθῆναι
3168 4553 3316 4623 ὑμῖν,
3350 4551 3555 4622 νομίζω
3579 4550 3756 4613 καλῶς

2195 4652 2361 4722 ἔχειν,
2389 4649 2644 4722 διαφόρου
2686 4646 2991 4718 οὔσηςτῆς
3036 4646 3144 4699 τῶν
3173 4645 3443 4716 σωμάτων
3485 4644 3752 4716 κράσεως,

2194 4742 2420 4798 καὶτῶν
2462 4741 2560 4813 μὲν
2585 4739 2975 4801 ἀσθενούντων,
3011 4736 3119 4790 τῶν
3148 4736 3203 4789 δὲ
3239 4735 3614 4804 ὑγιαινόντων,
3647 4751 3754 4786 ποι-

2195 4835 2389 4908 κίλην,
2439 4832 2536 4887 καλ¹
2571 4832 2916 4902 ἁρμόζουσαν
2951 4831 3167 4902 ἑκάστῳ
3209 4828 3485 4901 προσώπῳ
3533 4829 3750 4894 ἐκτάξαι

2192 4928 2293 4998 τὴν
2342 4927 2552 4981 δίαιταν
2580 4941 2592 4954 °
2626 4928 2738 4987 τοῖς
2771 4925 2867 4995 μὲν
2900 4925 3202 4992 ὑγιαίνουσι
3237 4925 3335 4993 τὴν
3375 4923 3484 4975 τῶν
3514 4924 3752 4993 ὀσπρίων

2190 5020 2401 5090 χρείαν,
2438 5021 2549 5091 τοῖς
2583 5019 2639 5072 δὲ
2663 5017 2841 5085 ὀλίγον
2870 5017 3154 5071 ἀσθενοῦσι
3185 5017 3282 5088 τὴν
3312 5017 3420 5069 ἀπὸ
3451 5016 3562 5069 τῶν
3588 5017 3749 5086 λαχάη

2189 5130 2294 5166 νων
2318 5110 2693 5182 παραμυθίαν,
2727 5113 2840 5173 τοῖς
2879 5109 2936 5163 δὲ
2979 5109 3396 5181 ἑξησθενηκόσιν
3428 5109 3570 5180 ὑπὲρ
3608 5107 3742 5172 λίαν,

2187 5207 2284 5262 καὶ
2312 5207 2790 5274 καταπεπτωκόσι,
2823 5207 2920 5278 τὴν
2945 5207 3052 5260 ἀπὸ
3082 5206 3192 5260 τῶν
3221 5206 3396 5278 κρεῶν
3439 5204 3747 5277 σύμμετρον

2189 5301 2401 5372 ὀρέγειν
2430 5300 2698 5371 βοήθειαν.

2399 5478 2565 5532 ΡΞΑ’.
2583 5508 2653 5518 -ο
2675 5479 3006 5550 ΚΥΝΤΙΛῙῼ
3035 5478 3542 5548 ΚΑΓΚΕΛΛΔΡΙῼ.

2261 5573 2326 5625 Εἰ
2357 5571 2456 5643 μὲν
2490 5572 2624 5643 πρὸς
2650 5573 2780 5625 Θεὸν
2805 5572 2940 5643 ἔχων
2962 5572 3052 5625 τὸν
3075 5571 3251 5643 ἔρωτα
3273 5572 3370 5643 τῆς
3392 5570 3594 5644 ψυχῆς,
3621 5587 3745 5626 κατ·

2978 5752 3025 5787 ⁷³
3051 5749 3166 5808 Jac.
3197 5765 3271 5818 tv,
3310 5749 3363 5806 7.
