3888 6040
222 218 333 283 277

1440 236 1974 300 EPISTOLARUM
2002 236 2148 297 LIB.
2182 236 2263 295 II.

3366 229 3473 293 278

220 327 448 398 επᾴδεις
486 333 684 387 σαυτὸν
729 334 996 410 ψαλμοῖς,
1052 341 1145 394 καὶ
1197 339 1390 413 ὕμνοις
1412 382 1428 408 ,
1475 345 1572 399 καὶ
1626 345 1791 416 ᾠδαῖς

1901 347 2100 400 cultum
2139 345 2411 407 tribuens,
2448 342 2800 413 temetipsum
2863 341 3115 411 psalmis,
3147 350 3202 397 et
3232 342 3470 414 hymnis.

221 423 629 487 πνευματικαῖς
663 423 803 477 κατὰ
831 425 931 496 τὴν
978 428 1274 499 παράδοσιν
1305 430 1414 483 τῶν
1456 432 1795 499 ἀποστόλων,

219 507 648 585 ἐπαινεσώμεθά
680 533 757 571 σε.
803 518 1089 591 Ὠφέλιμον
1122 522 1228 593 γὰρ
1264 522 1325 576 τὸ
1357 523 1601 578 τοιοῦτον
1630 525 1797 579 σπού-

217 599 450 672 δασμα,
508 606 603 660 καὶ
637 607 716 680 τῷ
765 609 884 681 Θεῷ
918 613 1174 667 συνάπτω
1226 614 1317 668 τόν
1359 615 1645 685 ψάλλοντα.
1708 619 1796 671 Ἐν

217 693 336 763 γὰρ
368 694 451 765 τῷ
479 697 626 769 ᾄδειν
658 701 949 773 ἐντελεχῶς
978 723 1037 759 τε
1075 707 1169 760 καὶ
1200 709 1491 780 νουνεχῶς,
1524 710 1665 765 κατὰ
1697 710 1794 782 τὴν

216 786 549 857 ἐπιμέλειαν
579 793 673 863 τῆς
718 796 935 867 μνήμης
978 799 1071 852 τοῦ
1120 801 1461 870 κρείττονος,
1503 803 1795 857 ἐπιλανθάσι

215 890 377 929 νεται
409 879 510 948 μὲν
544 881 576 951 ἠ
606 881 751 953 ψυχὴ
773 884 880 937 τῶν
926 888 1140 958 μιαρῶν
1173 892 1265 943 καὶ
1289 890 1548 964 ὀλεθρίων
1581 894 1792 959 παθῶν,

215 969 403 1037 χαρᾶς
429 969 486 1023 δὲ
514 972 875 1046 ἀνεκλαλήτου
905 978 1226 1049 πληροῦται,
1264 985 1358 1037 καὶ
1393 984 1652 1051 ποθεινῶς
1686 989 1795 1042 λοι-

216 1060 326 1152 πὸν
360 1064 659 1130 ἐνατενίζει
687 1069 763 1140 τῷ
797 1070 944 1143 θείῳ,
980 1075 1117 1146 πρὸς
1150 1078 1283 1130 αὐτὸ
1309 1081 1403 1133 καὶ
1435 1081 1594 1152 μόνον
1626 1085 1796 1137 σπεύ-

214 1151 392 1247 δουσα
433 1160 528 1211 καὶ
564 1159 939 1237 ἀγωνιζομένη
981 1169 1299 1239 κεχηνέναι,
1344 1151 1446 1227 και
1476 1177 1643 1247 μηδὲν
1687 1178 1795 1231 τῶν

214 1245 521 1318 ὁρωμένων
543 1253 636 1306 τοῦ
665 1255 894 1323 κάλλους
934 1260 1141 1317 ἐκείνου
1168 1264 1259 1317 τοῦ
1294 1245 1793 1343 ἀοράτου-προκρί-

216 1355 413 1396 νουσα.
466 1345 529 1397 Et
576 1347 621 1400 δ’
676 1348 1095 1423 ἐξαπατώμενος
1134 1357 1237 1411 ὑπὸ
1261 1359 1355 1412 τοῦ
1412 1361 1677 1429 διαϐόλου,
1726 1365 1794 1418 δι’

216 1432 465 1538 αἰσχρᾶς
509 1439 772 1511 μελῳδίας
812 1449 1132 1516 σαγηνεύειν
1185 1452 1508 1519 σπουδάζεις
1539 1456 1795 1527 φιλήδονα

211 1539 449 1620 γυναια,
489 1538 1017 1609 κατασεσωρευμένα
1062 1544 1179 1605 ταῖς
1209 1542 1430 1609 πολλαῖς
1473 1547 1792 1620 ἁμαρτίαις,

1894 444 1949 489 et
1983 435 2365 504 spiritualibus
2391 433 2642 499 canticis,
2698 442 2759 487 ut
2812 432 3047 504 apostoli
3106 433 3470 499 tradiderunt,

1896 528 2159 581 continuo
2193 526 2536 582 concinendo
2586 526 2799 590 obruis,
2854 534 3088 580 conatus
3122 534 3247 578 tuos
3280 525 3491 599 lauda-7

1896 621 2094 676 bimus.
2135 619 2388 675 Studium
2417 620 2687 691 siquidem
2714 620 2817 674 hoc
2850 618 2985 673 utile
3013 627 3121 681 est,
3153 625 3205 671 et
3237 617 3475 687 psallen-

1899 719 2005 765 tem
2058 712 2169 766 Deo
2200 711 2501 782 agglutinat
2536 730 2550 779 ;
2585 712 2639 765 in
2676 710 2956 766 continuis
2985 710 3131 764 enim
3194 709 3471 779 cantibus,

1896 812 1949 857 et
1977 804 2356 873 prudentibus,
2382 814 2437 858 et
2463 805 2516 858 in
2543 803 2792 859 Numinis
2818 805 3133 858 memoriam
3162 804 3486 872 procuratis,

1897 896 2080 949 anima
2138 897 2602 951 exsecrandarum
2646 904 2701 951 et
2748 895 3192 966 perniciosarum
3227 893 3475 949 aﬂectio-

1896 1002 2026 1040 num
2090 989 2284 1055 obiita,
2339 989 2710 1059 inexplicabili
2761 987 2960 1058 gaudio
3018 988 3308 1057 repletur;
3346 988 3474 1040 hinc

1896 1094 2166 1149 propense
2204 1082 2497 1134 admodum
2554 1081 2608 1135 in
2650 1090 2927 1150 posterum
2978 1080 3045 1133 ad
3077 1080 3244 1134 Deum
3275 1080 3475 1135 mentis

1898 1173 2073 1227 aciem
2109 1174 2315 1243 dirigit,
2352 1175 2404 1228 in
2449 1175 2602 1228 illum
2642 1173 2821 1228 solum
2857 1171 3220 1235 contendens,
3250 1172 3475 1226 validis-

1897 1276 2003 1330 que
2038 1266 2331 1319 conatibus
2354 1264 2594 1328 inhians,
2626 1279 2692 1318 ne
2725 1263 2976 1318 umbram
3004 1262 3224 1331 quidem
3265 1278 3332 1316 ex
3365 1263 3473 1322 his,

1895 1370 2017 1425 quae
2046 1356 2222 1410 oculis
2268 1358 2574 1425 subjacent,
2627 1355 3021 1425 pulchritudini
3079 1354 3157 1408 illi
3214 1353 3479 1407 invisibili

1895 1456 2254 1516 anteponens.
2292 1448 2349 1501 Si
2378 1464 2507 1503 vero
2547 1464 2575 1502 a
2617 1447 2839 1503 diabolo
2900 1447 3164 1516 deceptus
3218 1446 3473 1511 obscenis

1895 1541 2092 1605 modis,
2150 1542 2505 1596 mulierculas
2553 1541 2927 1611 voluptatibus
3022 1540 3179 1609 197
3228 1538 3470 1602 deditas,

214 1613 595 1719 ξδελμξόμεθά
632 1643 700 1719 ξε
757 1629 854 1700 τῆς
914 1632 1225 1706 ἀκαθάρτου
1283 1613 1560 1709 γνώμης-ο
1596 1613 1637 1692 ἰ
1682 1613 1792 1714 Odi

1901 1634 2197 1704 multisque
2231 1635 2472 1705 peccatis
2509 1641 2879 1705 pra-gravatas
2916 1633 3135 1686 irretire
3155 1630 3468 1692 contendis,

213 1702 428 1799 ὡραῖος
457 1710 565 1781 γάρ
595 1706 744 1780 αἶνος
779 1718 837 1771 ἐν
867 1702 1113 1792 στόματι-
1143 1702 1490 1799 ἁμαρτωλοῦ,
1530 1748 1547 1782 ι
1582 1731 1658 1796 ὤς
1705 1702 1792 1797 τις

1901 1727 1966 1780 ob
2004 1702 2143 1781 hanc
2175 1702 2447 1798 impuram
2503 1702 2738 1783 mentem
2770 1736 2823 1782 te
2857 1727 3291 1782 detestabimur:
3334 1745 3352 1777 ‹
3375 1724 3481 1781 Ne-

215 1794 395 1863 σοφὸς
423 1798 572 1858 ἐϐόα.

536 1984 676 2075 ΡεΒι
704 2018 773 2028 -
820 1992 1133 2068 ΕΥΨΥΧΙῼ
1170 1998 1468 2075 nummo.

305 2064 623 2165 ’Hgidirqodt;
675 2095 778 2149 με,
831 2081 915 2146 τίς
961 2064 1118 2139 ἐστιν
1157 2087 1265 2159 ἄρα
1295 2092 1323 2144 ὁ
1373 2064 1700 2165 δηλούμενος
1730 2098 1789 2153 ἐν

213 2158 336 2261 τοῖς
386 2161 737 2261 Εύαγγελίοις
778 2174 1036 2230 εἰσελθεῖν
1079 2181 1160 2243 είς
1200 2158 1291 2235 τὸν
1324 2158 1501 2255 γάμον
1542 2158 1621 2260 μὴ
1651 2158 1789 2261 ἕξεων

214 2246 452 2350 ἔνδυμα..
503 2259 594 2330 Μὴ
649 2260 754 2329 ἔξω
803 2267 1165 2337 περιδλέπου,
1229 2246 1366 2329 ἀλλά
1402 2246 1559 2350 ’τῆν’
1590 2246 1787 2336 σαύτοῦ

214 2345 547 2437 περισκόπει
571 2352 830 2421 καρδίαν⁹
867 2358 1064 2424 πάντες
1090 2362 1198 2434 γὰρ
1224 2345 1540 2437 Χριστιανοὶ
1577 2373 1658 2437 είς
1695 2374 1787 2429 τὸν

212 2431 402 2534 γάμον
426 2435 523 2534 τὸν
546 2438 686 2496 Θεῖον
714 2447 878 2520 κεκλή
889 2451 1047 2519 μεθα.
1093 2431 1220 2509 Ἐάν
1243 2431 1420 2512 τοίνυν
1458 2431 1789 2534 εἰσέλθωμεν

213 2520 480 2632 λογισμὸν
509 2533 871 2632 ἠμφιεσμένοι
906 2545 1236 2622 φιλάργυρον
1262 2591 1277 2615 ,
1315 2554 1348 2625 ἢ
1380 2520 1718 2629 φιλόπορνον,
1752 2561 1785 2632 ἢ

116 2642 119 2643 ν
217 2613 593 2722 ξάσὲιανον,.ἢ
628 2628 883 2722 τάγέξῆς,
921 2613 1162 2708 δηλονότί⁹
1206 2613 1491 2717 ἀλλοτρίαν
1534 2613 1628 2703 τοῦ
1662 2613 1789 2722 φίιιἐ

216 2705 370 2811 δρρῦ-
392 2712 487 2765 καὶ
523 2714 823 2811 ἀμωμήτου
854 2705 1032 2795 γάμου
1064 2705 1399 2803 ἐνδεδυμένοι
1427 2738 1639 2811 στολὴν,
1675 2705 1790 2795 εισ-

216 2799 397 2904 ξλθεῖν
429 2808 858 2904 τετολμήκαμεν.
893 2817 1018 2873 Ὲάν
1040 2820 1095 2874 δὲ
1121 2799 1515 2894 μεταὸαλόντες
1668 2834 1789 2887 ἐπί-

218 2890 390 2962 ψογον
411 2897 657 2995 γνώμην,
671 2905 1016 2980 ἐνδυσώμεθα
1038 2890 1175 2970 κατά
1192 2916 1288 2990 τὴν
1313 2890 1556 2977 διάνοιαν
1580 2890 1790 2995 σπλάγ-

1892 1835 1998 1889 que
2040 1820 2184 1873 enim
2225 1822 2452 1890 pulchra
2514 1821 2634 1877 laus
2666 1826 2754 1875 est
2787 1819 2840 1873 in
2871 1834 2965 1874 ore
3014 1819 3319 1891 peccatoris
3342 1820 3412 1884 ⁷⁸,
3452 1837 3472 1871 ι

1891 1909 2160 1964 clamabat
2209 1910 2427 1979 sapiens
2461 1910 2647 1965 nescio
2677 1911 2818 1979 quis.

2206 2002 2410 2058 CLXII.
2441 2033 2508 2044 —
2544 2002 2930 2059 EUPSYCIIIO
2959 2002 3259 2059 VICARIO.

1960 2092 2256 2151 Postulasli
2284 2111 2313 2149 a
2338 2110 2423 2150 me
2455 2114 2469 2150 :
2502 2094 2749 2160 Quisille
2784 2103 2868 2149 est
2916 2103 3141 2149 notatus
3187 2095 3242 2147 in
3299 2092 3475 2148 Evanv-

1890 2186 2044 2254 geliis
2084 2186 2137 2240 in
2172 2185 2395 2255 nuptias
2422 2184 2701 2247 introisse,
2739 2192 2943 2238 vestem
2992 2198 3098 2237 nou
3152 2182 3359 2237 habens
3387 2183 3474 2236 ὀἳ

1888 2273 1969 2330 Nc
2016 2283 2167 2330 extra
2217 2283 2268 2329 te
2315 2273 2694 2343 circumspice,
2742 2273 2834 2327 sed
2868 2283 3017 2326 tuum
3073 2287 3168 2326 cor
3209 2271 3474 2327 attentius

1889 2366 2254 2421 considerato.
2304 2367 2502 2420 Omnes
2559 2366 2701 2418 enim
2754 2362 3052 2418 Christiani
3126 2362 3193 2416 ad
3258 2361 3476 2417 divinas

1889 2458 2112 2529 nuptias
2141 2458 2496 2512 accersimur.
2539 2456 2595 2511 Si
2646 2459 2830 2525 itaque
2883 2457 3293 2511 introiverimus
3322 2454 3474 2523 cogi-

1894 2552 2104 2607 tatione
2133 2551 2332 2615 induti,
2372 2559 2467 2604 aut
2498 2565 2682 2613 avara,
2735 2558 2829 2603 aut
2888 2550 3220 2611 meretricia,
3256 2556 3350 2603 aut
3398 2549 3477 2602 in-

1892 2644 2043 2707 vida,
2067 2644 2148 2698 vel
2178 2644 2299 2698 aliis
2334 2642 2607 2697 similibus
2637 2642 2783 2697 vitiis
2810 2642 3066 2708 obducta,
3116 2644 3292 2698 aliena
3328 2641 3477 2697 scili-

1890 2744 1978 2791 cet
1997 2751 2025 2789 a
2050 2736 2341 2806 splendore
2363 2743 2417 2788 et
2440 2734 2804 2789 immaculatis
2823 2735 3031 2804 nuptiis
3055 2742 3205 2789 veste
3226 2733 3476 2789 obvolctl

1891 2837 2005 2885 tum
2048 2829 2261 2900 ingredi
2301 2828 2558 2882 dicimur.
2593 2827 2649 2882 Si
2685 2844 2818 2883 vero
2847 2828 3119 2883 sententia
3146 2826 3473 2896 ignominiis

1895 2922 2132 2978 obnoxia
2163 2930 2392 2984 mutata,
2421 2929 2599 2976 mente
2622 2922 2833 2990 integra
2866 2927 3083 2975 nosmet
3114 2919 3462 2974 induerimus

221 3002 329 3088 χνα
375 2991 688 3065 οὶκτειρμοῦ
733 3002 826 3055 καὶ
874 3005 1262 3081 ἐλεημοσύνης,
1298 3016 1640 3088 χρηστότητα
1696 2991 1790 3074 καὶ

1901 3015 2202 3071 visceribus
2232 3015 2625 3069 misericordia:
2651 3024 2705 3068 et
2736 3013 3255 3077 commiserationis,
3288 3011 3476 3083 probi-

219 3080 444 3187 ἀγάπην
478 3087 754 3187 καθαράν,
810 3096 904 3150 καὶ
952 3080 1254 3173 πραότητα,
1299 3080 1402 3159 καί
1432 3080 1791 3181 ταπεινοφρο-

222 3180 416 3272 σύνην,
447 3180 540 3233 καὶ
566 3182 635 3237 τά
669 3185 829 3255 ὅμοια
856 3188 1085 3257 τούτοις,
1122 3194 1278 3266 δῆλον
1306 3198 1387 3252 ὅτι
1422 3180 1793 3272 ἐνεδυσάμεθα.

218 3264 292 3318 τά
350 3268 476 3360 ἀξια
517 3273 613 3327 τοῦ
672 3277 851 3349 γάμου
896 3281 1106 3351 ἱμάτια.
1167 3264 1566 3360 Περιϐαλέσθαι
1614 3264 1791 3352 τοίνυν

224 3358 550 3462 ἶπεύσωμεν
587 3367 647 3462 τὸ
676 3369 771 3422 τοῦ
821 3376 1009 3443 νοητοῦ
1042 3376 1220 3448 γάμου
1251 3358 1525 3454 σωτήριον
1566 3386 1788 3459 ἔνδυμα.

222 3450 350 3546 Τῶν
393 3454 490 3527 γὰρ
532 3459 618 3528 ἐφ’
658 3462 785 3532 ἡμῖν
822 3464 969 3520 ἐστιν
1016 3469 1315 3537 ἐνδύεσθαι,
1348 3450 1442 3529 καὶ
1486 3450 1790 3546 ἐκδύεσθαι,

222 3544 320 3597 καὶ
346 3547 444 3611 τὰς
475 3550 706 3620 ἐσθῆτας
747 3556 1016 3627 ἀμείϐειν,
1045 3564 1174 3618 ποτὲ
1200 3566 1299 3636 μὲν
1341 3568 1542 3635 καλῶς,
1578 3574 1709 3626 ποτὲ
1734 3544 1792 3628 δέ

222 3638 431 3738 κακῶς,
457 3644 552 3738 καὶ
583 3646 676 3699 νῦν
715 3650 810 3720 μὲν
838 3652 1013 3719 τοῦτο,
1047 3656 1141 3710 νῦν
1170 3658 1228 3713 δὲ
1267 3661 1443 3718 ἐκεῖνο
1487 3667 1787 3738 αἱρεῖσθαι·

223 3728 414 3804 ἐπειδὴ
449 3735 793 3806 αύτεξούσιος
823 3745 1043 3819 ἐκτίσθη
1075 3751 1103 3803 ὁ
1135 3750 1438 3822 ἄνθρωπος.

715 3835 877 3891 ΡΞΙν.
900 3869 971 3879 ——
1005 3840 1089 3907 Τῷ
1120 3844 1298 3910 αὐτῷ.

308 3914 368 3970 '0
398 3918 497 3987 μὲν
524 3921 716 3995 ἐχθρὸς
745 3928 843 3999 τῆς
887 3933 1159 4005 ἡμετέρας
1192 3934 1336 4007 ζωῆς
1363 3939 1590 4012 δαίμων,
1623 3944 1793 3999 ἐλεεῖν

225 4015 690 4086 προσποιούμενος
732 4027 1138 4096 παρασκευάζει
1185 4031 1516 4100 λογίζεσθαι,
1569 4037 1649 4091 ὅτι
1695 4040 1793 4093 οὐκ

225 4104 608 4201 ἐσταικρίσις,
631 4114 751 4168 ούδέ
778 4117 1130 4186 ἀνταπόδοσις
1157 4124 1371 4196 ἑκάστῳ
1397 4130 1535 4183 κατά
1561 4129 1631 4182 τά
1658 4130 1794 4201 ἔργα

226 4198 415 4264 αὐτοῦ,
452 4204 547 4257 καὶ
598 4205 807 4271 τούτοις
840 4212 951 4274 τοῖς
997 4214 1203 4290 ῥήμασι
1254 4216 1516 4272 λιπαίνων
1574 4198 1795 4290 φαύλως

225 4291 353 4354 τοὺς
387 4293 839 4369 ἐξαπατωμένους
872 4305 1245 4377 καταφθείρει.
1274 4308 1498 4379 Πρῶτος
1525 4313 1635 4383 γὰρ
1662 4315 1797 4367 πάν-

1898 3118 2025 3173 tate,
2060 3108 2331 3164 charitate
2362 3124 2520 3179 pura,
2562 3107 2883 3179 placiditate
2929 3115 2983 3162 ct
3046 3106 3371 3170 humilitate,
3421 3112 3480 3159 et

1894 3201 1980 3256 his
2010 3201 2309 3266 similibus,
2385 3200 2736 3255 manifestum
2770 3208 2852 3254 est
2894 3215 2997 3255 nos
3032 3199 3237 3268 nuptiis
3283 3199 3477 3268 dignas

1892 3304 2075 3349 vestes
2105 3294 2373 3365 induisse.
2418 3293 2789 3348 Circumvolvi
2818 3293 2998 3361 itaque
3019 3306 3282 3345 conemur
3315 3289 3480 3343 intel-

1893 3386 2205 3442 Iectualium
2258 3387 2566 3455 nuptiarum
2634 3397 2810 3441 vestes
2865 3388 3158 3440 salutares.
3196 3383 3253 3438 In
3289 3391 3478 3437 nostra

1909 3479 2054 3536 enim
2096 3479 2351 3534 facultate
2401 3488 2486 3535 est
2528 3478 2679 3533 indui
2735 3488 2788 3532 et
2813 3478 2959 3538 exui,
3007 3487 3295 3546 vestesque
3332 3492 3478 3530 nunc

1894 3571 2110 3641 quidem
2133 3570 2318 3640 probe,
2353 3585 2497 3625 nunc
2524 3586 2650 3624 vero
2677 3585 2841 3639 prave
2870 3577 3231 3631 commutare,
3261 3578 3313 3623 et
3335 3583 3478 3622 nunc

1895 3666 2019 3731 hoc,
2056 3680 2203 3719 nunc
2234 3664 2367 3718 illud
2391 3662 3083 3735 eligere:quandoquidem
3118 3661 3281 3714 homo
3311 3661 3474 3727 liber,

1894 3769 1947 3815 et
1975 3759 2061 3816 sui
2092 3759 2300 3813 arbitrii
2334 3757 2590 3812 dominus
2644 3763 2864 3810 creatus
2908 3762 3013 3810 est.

2418 3846 2645 3904 CLXIII.
2672 3847 2950 3902 —Eidem.

1965 3943 2152 3999 Hostis
2181 3944 2307 3996 vitae
2340 3949 2542 3996 nostra:
2563 3939 2796 4004 daemon,
2822 3936 2999 3993 nostri
3031 3936 3281 3992 misereri
3310 3935 3480 3990 simu-

1895 4037 2039 4102 lans,
2098 4050 2215 4089 eam
2263 4033 2421 4088 nobis
2482 4030 2870 4101 cogitationem
2922 4028 3144 4096 ingerit,
3180 4043 3287 4080 non
3327 4028 3476 4078 futu-

1896 4141 2017 4182 rum
2076 4123 2387 4193 judicium,
2447 4135 2624 4189 neque
2672 4118 3087 4173 retributionem
3181 4117 3480 4185 unicuique

1898 4217 2198 4274 secundum
2236 4214 2396 4284 198
2437 4228 2602 4283 Opera
2632 4227 2752 4273 sua,
2810 4219 2863 4265 et
2913 4211 3065 4264 hisce
3098 4209 3279 4263 verbis
3316 4223 3481 4277 prave

1898 4312 2122 4367 delusm
2143 4310 2412 4378 opimans.
2461 4307 2513 4359 in
2546 4304 2838 4373 perniciem
2893 4303 3022 4371 agit.
3058 4301 3358 4354 Primalum
3401 4307 3482 4356 et-

226 4398 335 4479 των
516 4388 856 4461 ἁμαρτωλῶν
888 4396 1035 4449 ἐστιν
1062 4399 1091 4451 ὁ
1122 4397 1384 4464 διάϐολος.
1427 4401 1485 4455 '0
1514 4403 1569 4456 δὲ
1603 4407 1792 4478 Σωτὴρ

1901 4406 2042 4461 enim
2080 4410 2420 4474 peccatorum
2446 4399 2686 4453 omnium
2720 4397 2972 4451 diabolus
3004 4396 3233 4450 obtinet.
3258 4393 3482 4448 Verum-

226 4474 337 4527 τῶν
369 4477 505 4532 ὅλων
534 4482 788 4553 Χριστὸς,
820 4486 849 4538 ὁ
878 4488 1039 4557 μόνος
1064 4492 1269 4563 κυρίως
1320 4494 1558 4567 καθαρὸς
1588 4500 1683 4551 καὶ

229 4584 403 4632 καιος,
437 4571 942 4659 διαμαρτυρόμενός
981 4598 1039 4633 τε
1070 4584 1164 4636 καὶ
1206 4584 1525 4656 ἐξελέγχων,
1581 4588 1798 4656 στύφων

228 4678 289 4714 τε
316 4664 408 4716 καὶ
451 4667 735 4733 παιδεύων,
762 4672 874 4750 ,καὶ
909 4673 1188 4743 προλέγων
1234 4676 1331 4748 τὴν
1370 4680 1633 4749 ἐσομένην
1675 4682 1798 4752 κρί-

235 4770 340 4818 σιν,
368 4756 597 4821 ἐκσώξει
625 4760 752 4824 τοὺς
779 4761 1132 4833 πειθομένους
1154 4764 1321 4835 αύτῷ.
1351 4768 1520 4821 Τοῦτο
1542 4767 1637 4824 οὖν
1658 4767 1799 4825 εἶναι

231 4848 418 4916 νόμιζε
449 4850 509 4903 τὸ
549 4854 965 4925 γεγραμμένον⁸
1016 4875 1034 4908 ι
1068 4858 1351 4912 Παιδεύσει
1392 4879 1457 4931 με
1497 4863 1703 4927 δίκαιος
1743 4866 1800 4919 ἐν

233 4939 393 5005 ἐλέει,
428 4942 519 4994 καὶ
546 4943 753 5012 ἐλέγξει
785 4963 881 5016 με’
926 4945 1102 5000 ἔλαιον
1141 4948 1197 5001 δὲ
1226 4951 1550 5022 ἀμαρτωλοῦ
1612 4955 1686 5026 μὴ
1721 4957 1803 5009 λι-

236 5034 462 5086 πανάτω
495 5036 593 5107 τὴν
623 5038 866 5110 κεφαλήν
898 5056 1022 5109 μου,
1056 5057 1075 5090 ι
1114 5041 1360 5095 τουτέστι
1388 5043 1449 5095 τὸ
1479 5046 1803 5117 ἡγεμονικόν

241 5142 359 5195 μου,
398 5126 520 5196 ῆτὸ
554 5128 781 5200 φρονοῦν
814 5149 934 5202 μου.

600 5221 761 5277 ΡΞΑν.
790 5254 862 5263 --
892 5224 1119 5279 artem
1159 5227 1431 5297 ΕΚΔΙΚῼ.

304 5310 438 5365 Ούαί
470 5330 572 5379 σοι,
606 5315 1043 5389 τρισταλαίπωρε
1076 5317 1327 5390 ἄνθρωπε
1357 5319 1449 5372 καὶ
1488 5319 1796 5389 τρισάθλιεί

234 5404 312 5457 ὅτι
345 5408 545 5476 μικρᾶς
574 5409 789 5482 ἡδονῆς,
847 5414 943 5466 καὶ
990 5414 1108 5485 ἅμα
1161 5414 1238 5485 τῷ
1269 5415 1586 5485 τελεσθῆναι
1635 5433 1802 5488 παρο-

238 5500 519 5573 δευούσης,
558 5503 657 5576 τὴν
687 5505 901 5561 αἰώνιον
934 5506 1268 5579 ἀνταλλάττῃ
1303 5508 1496 5578 φλόγα.
1533 5509 1667 5563 Ούαί
1699 5526 1799 5574 σοι,

305 5683 349 5717 "
380 5683 526 5742 Psal.
565 5700 690 5753 ext,
726 5687 778 5742 5.
855 5687 901 5720 "'
932 5686 1097 5744 Eccli.
1136 5703 1223 5754 xv,
1262 5688 1315 5746 9.

1906 4505 2083 4550 tamen
2130 4492 2381 4546 Salvator
2431 4490 2673 4542 ontuiutn
2706 4487 2979 4551 Christus,
3012 4489 3105 4557 qui
3163 4487 3316 4540 solus
3356 4500 3482 4540 vere

1906 4601 2079 4656 purus
2131 4594 2183 4637 et
2226 4584 2431 4652 justus,
2468 4590 2789 4635 contestans
2819 4587 2873 4635 et
2915 4580 3347 4650 reprehendens,
3399 4594 3482 4632 as-

1902 4678 2152 4745 tringens
2184 4683 2238 4728 et
2266 4674 2568 4734 instruens,
2598 4683 2652 4724 et
2679 4670 2924 4724 futurum
2948 4670 3229 4740 {judicium
3267 4685 3481 4723 annuu—

1900 4769 2073 4830 tians,
2102 4767 2392 4820 audientes
2422 4780 2480 4819 se
2509 4764 2708 4819 salvat.
2736 4763 2801 4817 Et
2831 4764 2936 4817 hoc
2998 4762 3128 4816 illud
3154 4777 3299 4826 esse,
3332 4761 3478 4829 quod

1904 4860 2115 4928 scripto
2144 4859 2400 4920 refertur,
2451 4856 2703 4911 existima
2736 4871 2749 4907 :
2812 4873 2829 4905 ι
2857 4854 3131 4921 Corripiet
3162 4869 3249 4908 me
3296 4853 3480 4922 justus

1906 4952 1963 5006 in
1995 4949 2398 5012 misericordia,
2434 4956 2487 5001 et
2514 4955 2709 5017 arguet
2746 4960 2832 4999 me
2866 4963 2881 5011 ;
2914 4945 3095 5000 oleum
3127 4959 3256 4999 vero
3286 4958 3480 5013 pecca-

1906 5046 2045 5100 toris
2104 5059 2212 5097 non
2276 5042 2575 5111 impinguet
2623 5049 2786 5110 caput
2837 5039 3110 5101 meum",
3152 5057 3170 5089 ι
3229 5037 3334 5091 hoc
3396 5045 3482 5089 est

1904 5140 2208 5211 principem
2234 5135 2429 5189 animae
2477 5142 2706 5202 partem,
2740 5142 2833 5185 aut
2864 5131 3093 5185 rationis
3136 5128 3480 5200 compotem!

2266 5225 2447 5281 CLIV.
2481 5256 2551 5267 --
2584 5221 2861 5278 VORIONI
2895 5222 3143 5277 ECDICU

1978 5321 2069 5377 Ἴτε
2088 5321 2207 5386 tibi,
2242 5329 2437 5390 terque
2467 5325 2771 5389 quaterque
2798 5315 2964 5370 miser
2987 5323 3041 5368 et
3067 5312 3257 5368 infelix
3280 5312 3477 5367 homo!

1909 5414 2052 5484 quod
2086 5413 2298 5484 pusillae
2319 5426 2487 5466 causa
2520 5407 2841 5478 voluptatis,
2875 5421 2984 5460 una
3012 5420 3137 5460 cum
3168 5405 3289 5475 ipso
3318 5406 3482 5473 Opere

1908 5507 2282 5580 expediendm,
2320 5504 2685 5576 sempiternas
2714 5500 2962 5556 ﬂammas
2990 5498 3358 5570 amplecteris.
3394 5494 3482 5552 V12

1432 5689 1480 5721 "
1520 5687 1707 5744 Matth.
1753 5701 1887 5754 xm,
1934 5686 2017 5742 II.
