3888 6040
80 314 185 378 281

1242 316 1509 375 EPISTO
1548 317 1803 377 LARUB
1834 318 1981 378 LIB.
2008 318 2090 377 II.

3212 308 3331 373 282

80 446 504 519 σκευασθείσης,
528 449 646 504 τότε
670 448 757 520 δὴ,
785 447 906 501 τότε
940 450 1051 511 τοῖς
1080 450 1425 517 γεννητικοῖς
1460 448 1670 519 μορίοις

1779 458 2032 524 quantum
2064 448 2391 521 genitalibus
2416 446 2675 502 membris
2697 446 2906 499 darmon
2940 460 3000 498 sc
3050 445 3330 514 applicans

80 539 401 608 πλησιάσας
436 542 465 594 6
500 540 727 610 δαίμων,
762 540 1024 609 αἰφνίδιον
1076 539 1144 593 τὰ
1188 540 1288 609 τῆς
1322 540 1520 611 σαρκὸς
1568 540 1653 604 ἐξ-

82 629 251 682 άπτει
282 629 656 699 φλογίσματα,
704 630 799 683 καὶ⁹
847 629 1095 702 καθάπερ
1138 629 1357 699 χαλκίον
1398 629 1468 682 τά
1522 629 1657 699 μέλη

82 720 410 791 ἀναϐράζει,
441 724 553 784 τοῖς
586 738 646 773 τε
689 720 1103 790 πεπυρωμένοις
1144 721 1318 791 βέλεσι
1362 722 1469 773 τῶν
1498 710 1659 789 ’λογι-

84 808 243 878 σμῶν
272 810 375 879 τῆς
407 811 644 881 ἀθέσμου
676 811 867 880 ἡδονῆς
882 810 1137 874 τοξεύσας
1161 811 1258 880 τὴν
1284 809 1510 881 καρδίαν
1532 825 1660 860 κατ-

83 901 302 968 ἐπείγει
347 902 480 973 πρὸς
531 901 591 954 τὸ
621 903 853 973 πονηρὸν
899 902 1077 973 ἔργον,
1110 901 1296 973 ὥσπερ
1347 902 1446 972 τὴν
1488 900 1662 953 Βαϐυ-

83 991 289 1044 λωνίαν
342 992 580 1046 ἐκκαίων
639 993 882 1064 σφοδρῶς
929 994 1179 1064 κάμινον.
1210 994 1369 1047 Ὅθεν
1413 992 1596 1046 λοιπὸν
1623 994 1657 1063 ἡ

82 1082 234 1152 ψυχὴ
268 1083 511 1155 ἐξίτηλος
535 1086 799 1156 γενομένη
822 1085 1098 1149 πολλάκις,
1129 1087 1223 1139 καὶ
1253 1085 1660 1155 ἐξασθενήσασα

82 1179 199 1239 τοῖς
239 1177 419 1239 τόνοις
449 1180 559 1241 τοῖς
607 1181 808 1247 νοεροῖς
841 1178 929 1231 διὰ
962 1176 1069 1230 τῶν
1106 1176 1522 1249 γαργαλισμῶν,
1568 1174 1662 1228 καὶ

84 1268 519 1341 ἐκνευριζομένη
536 1310 550 1335 ,
572 1270 815 1340 ἀνάγκην
839 1270 951 1341 ἔχει
968 1269 1190 1342 κράζειν
1220 1271 1288 1323 τά
1311 1271 1410 1340 τῆς
1440 1265 1661 1341 Γραφῆς

87 1363 319 1434 ῥήματα
338 1378 354 1392 ο
390 1381 409 1414 ι
445 1361 837 1437 Κυκλώσαντες
864 1362 1177 1416 ἐκύκλωσαν
1204 1379 1290 1432 με,
1322 1362 1414 1414 κιιιλ⁸
1443 1360 1665 1427 ἐξεκαύ-

86 1453 265 1521 θησαν
286 1452 364 1516 ὡς
387 1452 497 1523 π’ύρ
513 1454 569 1506 ἐν
592 1453 872 1517 ἀκάνθαις,
888 1473 907 1507 ι
931 1457 994 1525 τῇ
1018 1452 1367 1524 πυρώσειτοῦ
1387 1452 1662 1520 σώματος,

86 1540 185 1595 καὶ
220 1544 347 1605 ταῖς
376 1542 649 1613 ἀπρεπέσι
680 1545 948 1615 κινήσεσι,
981 1544 1265 1616 βάλλοντες
1301 1546 1380 1606 είς
1434 1542 1664 1616 νεφρούς

90 1651 197 1703 μου
229 1631 322 1688 τδν
366 1635 443 1689 ίὸν
467 1635 560 1690 τοῦ
601 1636 847 1708 ῥυπαροῦ
880 1637 1076 1705 ὄφεως,
1106 1637 1179 1707 μὴ
1222 1636 1541 1707 φειδόμενοι,
1572 1635 1665 1689 καὶ

93 1745 111 1777 ι
146 1728 219 1780 Ai
248 1727 386 1797 ψύαι
424 1746 523 1799 μου
552 1728 900 1800 ἐπλήσθησαν
925 1731 1341 1801 ἐμπαιγμάτων.
1364 1749 1382 1781 ι
1402 1730 1531 1783 Ἰδοὺ
1558 1729 1665 1802 γάρ

89 1818 122 1885 ή
150 1818 313 1887 ἰσχὺς
343 1818 435 1871 τοῦ
466 1819 755 1889 δράκοντος
794 1820 887 1873 ἐπὶ
909 1820 1006 1891 τῆς
1036 1820 1175 1890 ἐμῆς
1204 1820 1401 1889 ὀσφύος
1433 1820 1668 1892 ὲνήργτί·

92 1925 210 1961 σεν.
254 1930 273 1961 ι
298 1911 775 1982 Ἐταλαιπώρησα,
828 1913 923 1966 κα)⁵
956 1911 1380 1982 κατεκάμφθην’
1420 1931 1437 1963 ι
1483 1911 1667 1984 κύκλῳ

90 2001 589 2073 περιῳκοδόμημαι
621 2002 698 2073 τῷ
735 2004 833 2073 τῆς
883 2001 1309 2073 αἱσχροπαθείας
1334 2001 1665 2073 τειχίσματι.

89 2093 206 2146 Καὶ
244 2094 365 2155 πῶς
394 2095 500 2165 ἄρα
534 2094 691 2148 τοῦτο
711 2095 772 2149 τὸ
798 2097 972 2165 τεῖχος
1002 2093 1302 2166 ὑπερϐῆναι
1328 2094 1661 2165 δυνήσομαι;

96 2204 114 2236 ι
143 2185 366 2252 Παγίδα
406 2187 707 2256 ἡτοίμασαν
741 2188 790 2240 οί
824 2188 1076 2257 δαίμονες
1119 2190 1229 2250 τοῖς
1261 2186 1385 2240 ποσί
1420 2186 1667 2257 μουπκαὶ

89 2275 466 2346 κατέκαμψαν
504 2278 603 2349 τὴν
635 2278 812 2349 ψυχήν
857 2295 977 2347 μου.
1016 2299 1033 2330 ι
1068 2278 1265 2340 Σκότος
1298 2278 1405 2349 γάρ
1436 2279 1582 2330 ἐστιν
1613 2278 1671 2329 ἐν

89 2364 396 2435 ὀφθαλμοῖς
447 2385 571 2436 μου,
631 2366 741 2435 ἐγὼ
794 2367 850 2419 δὲ
903 2367 1145 2420 ἔσπευσα
1178 2366 1271 2421 τοῦ
1320 2368 1394 2439 μὴ
1426 2366 1664 2436 βλέπειν.

102 2455 372 2526 Ἀϐλεψία
418 2457 473 2513 δὲ
516 2458 729 2529 χαλεπὴ
776 2460 809 2529 ἡ
849 2458 1093 2529 πορνεία,
1141 2459 1236 2511 καὶ
1288 2461 1455 2523 πᾶσα,
1492 2458 1677 2510 συντό-

92 2564 216 2616 μως
250 2548 448 2609 εἰπεῖν,
479 2548 575 2619 τῆς
634 2549 837 2619 σαρκὸς
868 2550 1204 2620 πληροφορία
1252 2550 1346 2603 καὶ
1397 2550 1676 2620 βούλησις.

104 2638 445 2711 ’Δτγρεύομαι
469 2639 524 2692 δέ
554 2638 739 2711 ῶσπερ
763 2640 900 2695 λέων
930 2644 1007 2704 είς
1036 2643 1271 2711 σφαγὴν,
1300 2638 1395 2695 καί
1434 2641 1675 2712 φέρομαι

89 2727 286 2799 ὥσπερ
321 2728 467 2783 κύων
525 2730 604 2795 είς
644 2729 837 2801 δεσμὰ,
893 2732 986 2787 καὶ
1009 2732 1084 2795 ὡς
1118 2731 1301 2803 ὄρνεον
1339 2733 1417 2795 εἰς
1446 2731 1669 2800 παγίδα,

93 2822 202 2877 καὶ
245 2822 504 2893 πυρέττω
541 2823 771 2895 πυρετὸν
802 2823 1142 2895 ἀκαθαρσίας
1169 2823 1519 2894 λαϐρότατον.

166 2915 270 2977 Τίς
303 2912 483 2966 τοίνυν
511 2913 883 2983 παρακαλέσει
926 2914 1065 2985 ὑπὲρ
1096 2913 1231 2984 ἐμοῦ
1260 2914 1351 2967 τὸν
1395 2914 1674 2984 Δεσπότην

92 3005 189 3056 τὸν
217 3003 600 3073 φιλάνθρωπον
626 3003 798 3058 ἐλθεῖν
819 3005 898 3066 είς
926 3004 986 3056 τὸ
1013 3003 1277 3074 βοηθῆσαί
1308 3021 1418 3075 μοι,
1452 3004 1543 3056 καὶ
1576 3003 1676 3073 τῆς

92 3096 287 3167 χειρὸς
334 3096 438 3165 τῆς
483 3096 622 3166 ἐμῆς
696 3096 1029 3166 ἐφάψασθαι,
1082 3096 1270 3168 ῶσπερ
1321 3097 1453 3150 ποτέ
1504 3096 1679 3167 ἥψατο

1758 555 1982 617 repente
2004 545 2186 599 carnis
2211 543 2458 597 ﬂammas
2489 538 2790 602 succendit,
2816 546 2869 590 et
2896 535 3062 589 veluti
3099 535 3331 589 alienum

1758 638 2001 693 membra
2039 644 2097 690 ut
2127 636 2413 694 ebulliant.
2445 632 2594 693 facit,
2626 631 2917 700 ignitisque
2941 629 3328 697 cogitationum

1761 730 2024 797 iuipmba:
2056 728 2353 797 voluptatis
2384 724 2598 792 sagittis
2620 738 2717 775 cor
2749 721 3026 783 saucians,
3056 720 3106 771 in
3132 717 3333 770 malum

1760 836 1898 890 opus
1943 820 2240 889 compellit,
2274 815 2733 886 quemadmodum
2794 814 3070 867 fornacem
3106 808 3336 878 Babylo-

1759 911 1903 964 niam
1931 909 2239 962 immaniter
2265 905 2582 961 incendens.
2617 905 2750 959 Hinc
2776 903 3122 974 postmodum
3156 902 3338 952 anima

1762 1004 1959 1071 sacpius
2001 1014 2358 1059 evanescens,
2389 1005 2443 1051 et
2500 1006 2725 1067 propter
2752 995 3115 1054 titillationes,
3169 987 3340 1043 ﬁrmi-

1762 1102 1875 1148 tate
1899 1091 2257 1148 intellectuali
2287 1104 2517 1160 prorsus
2545 1090 2849 1153 laborante,
2878 1094 3156 1149 enervata,
3188 1080 3340 1135 Scri-

1762 1196 1936 1258 pturae
1967 1185 2131 1240 verba
2163 1185 2252 1239 illa
2287 1184 2601 1239 necessario
2629 1183 2845 1236 intonat
2876 1200 2889 1235 :
2938 1198 2955 1231 ι
2980 1176 3343 1233 Circumdan-

1762 1286 1847 1334 tes
1877 1276 2357 1333 circumdederunt
2384 1290 2492 1341 me,
2521 1283 2575 1330 et
2621 1280 2947 1329 exarserunt
3002 1272 3141 1326 sicut
3202 1266 3343 1338 ignis

1763 1372 1820 1427 in
1856 1370 2029 1442 spinis
2054 1372 2132 1439 ,"',
2162 1389 2181 1423 ι
2230 1368 2480 1439 corporis
2536 1366 2791 1422 incendio
2849 1374 2904 1420 et
2963 1360 3343 1418 indecentibus

1763 1464 2000 1519 motibus
2052 1461 2380 1530 ejaculantes
2417 1461 2471 1514 in
2508 1474 2667 1514 renes
2722 1472 2871 1513 meos
2932 1468 3196 1511 venenum
3244 1452 3347 1530 im-_-

1764 1555 1950 1609 mundi
1983 1552 2275 1622 serpentis,
2305 1550 2440 1605 nihil
2489 1550 2847 1613 remittentes,
2888 1566 2906 1598 ι
2945 1555 2999 1601 et
3050 1543 3217 1598 lumbi
3243 1525 3347 1594 mei

1767 1647 1977 1717 impleti
1999 1654 2129 1703 sunt
2158 1645 2508 1700 illusionibus
2531 1642 2601 1695 ⁸ο.
2641 1662 2659 1694 ι
2723 1640 2862 1696 Ecce
2927 1640 3070 1693 enim
3104 1638 3187 1689 vis
3224 1634 3351 1688 dra-

1768 1741 1923 1796 conis
1956 1756 2119 1810 super
2147 1740 2387 1793 Iumbum
2420 1753 2597 1791 meum
2622 1744 2843 1806 operata
2876 1743 2980 1790 est.
3020 1751 3039 1783 ι
3076 1731 3239 1786 Miser
3268 1728 3349 1782 fa-

1768 1836 2050 1892 ctus'sum,
2065 1840 2119 1887 et
2138 1832 2455 1887 incurvatus
2475 1845 2595 1884 sum
2612 1829 2681 1882 ει.
2699 1848 2717 1881 ι
2736 1825 3194 1882 Circumvallatus
3228 1835 3347 1877 sum

1768 1919 2121 1992 turpitudinis
2160 1935 2339 1985 muro,
2383 1928 2440 1973 et
2470 1933 2705 1988 quanam
2752 1917 2869 1986 ipse
2897 1915 3106 1969 ratione
3132 1925 3349 1968 murum

1768 2011 2141 2083 pet-transibo?
2169 2010 2326 2080 201
2365 2027 2383 2061 ι
2410 2009 2684 2079 Laqueum
2718 2012 3042 2078 paraverunt
3080 2004 3351 2058 daemones

1767 2106 1997 2178 pedibus
2030 2106 2187 2169 meis,
2214 2113 2267 2161 et
2299 2105 2651 2159 incurvarunt
2683 2104 2916 2155 animam
2935 2114 3106 2155 meam
3130 2098 3227 2151 ⁸³.»
3250 2093 3355 2149 Te-

1768 2199 1950 2254 nebrae
1974 2212 2210 2268 namque
2232 2205 2360 2252 sunt
2392 2197 2445 2250 in
2470 2196 2642 2250 oculis
2668 2196 2829 2248 meis:
2848 2194 2962 2261 ipse
3000 2198 3177 2244 autem
3203 2187 3353 2243 festi-

1768 2289 1913 2354 navi,
1944 2298 2005 2344 ut
2030 2304 2138 2343 non
2165 2290 2402 2343 viderem
2425 2287 2494 2341 ⁸³.
2526 2306 2544 2339 ι
2578 2285 2807 2341 Caecitas
2835 2282 3099 2352 siquidem
3127 2287 3232 2342 est,
3263 2292 3354 2331 ea-

1772 2397 1879 2452 que
1899 2389 2057 2435 atrox
2094 2381 2374 2443 scortatio,
2445 2379 2751 2449 omnisque,
2822 2383 2880 2429 ut
2916 2373 3104 2443 paucis
3149 2371 3351 2433 dicam,
3412 2380 3421 2391 ί·

1777 2472 1963 2527 carnis
2001 2470 2306 2527 satisfactio
2336 2479 2389 2525 et
2422 2468 2708 2540 appetitus.
2744 2468 2815 2520 At
2854 2465 3039 2533 capior
3095 2469 3355 2529 tanquam

1778 2561 1865 2616 leo
1898 2562 1949 2615 in
1995 2560 2350 2621 occisionem,
2374 2559 2652 2627 ducorque
2679 2564 2738 2609 ut
2760 2555 2913 2610 canis
2943 2554 3007 2608 ad
3039 2551 3279 2611 vincula,
3303 2555 3359 2602 et

1781 2654 1896 2709 avis
1923 2654 2098 2709 instar
2132 2652 2187 2707 in
2217 2653 2495 2720 laqueum,
2558 2649 2926 2718 incendioque
2992 2642 3355 2700 iuunuuditiei

1786 2759 1947 2816 quam
1980 2743 2217 2799 maxime
2246 2751 2618 2813 tempestuoso
2654 2750 2914 2797 exaestuo.

1852 2922 1986 2989 Quis
2018 2922 2201 2993 itaque
2231 2938 2328 2992 pro
2357 2937 2442 2978 me
2479 2921 2782 2978 beneﬁcum
2816 2921 3226 2987 humanumque
3253 2914 3360 2968 Do-

1782 3013 1988 3068 minum
2015 3014 2420 3084 deprecabitur,
2456 3024 2513 3068 ut
2546 3012 2599 3066 in
2626 3012 2889 3066 auxilium
2909 3024 3085 3063 meum
3113 3008 3357 3070 accedat,

1784 3124 2113 3178 manumque
2135 3124 2307 3163 meam
2336 3115 2541 3176 tangat,
2565 3103 3043 3175 quemadmodum,
3067 3099 3359 3169 aliquando

93 3190 199 3259 τῆς
241 3189 512 3261 πενθερᾶς
540 3189 633 3242 τοῦ
668 3191 872 3260 Πέτρου
896 3233 909 3256 ,
960 3191 1046 3244 ἵνα
1084 3190 1294 3261 ἀπέλθῃ
1331 3191 1426 3245 ἀπ’
1463 3189 1597 3261 ἐμοῦ
1651 3190 1674 3241 6

1783 3198 1929 3254 Petri
1958 3214 2176 3252 socrum
2211 3198 2387 3263 tetigit
2410 3196 2478 3259 ⁸⁸,
2500 3204 2557 3248 ιιι
2591 3196 2809 3250 recedat
2831 3210 2859 3246 a
2884 3209 2966 3247 me
2997 3189 3356 3263 perturbatio,

96 3281 436 3351 πειρασμὸς,
475 3281 561 3333 ἵνα
608 3282 908 3355 καταλείψῃ
943 3299 1008 3352 με
1040 3283 1069 3334 6
1108 3282 1400 3351 πυρπολῶν
1441 3299 1507 3353 με
1546 3283 1684 3352 ἔρως

100 3373 130 3425 6
154 3373 333 3434 δεινὸς
356 3373 451 3426 καὶ
472 3372 742 3443 βδελυρὸς,
776 3374 871 3426 καλ⁸
925 3373 1127 3443 ίσχύσω
1148 3373 1321 3436 οὕτως
1342 3372 1682 3445 διεγερθῆναι

102 3464 241 3535 πρὸς
283 3463 657 3535 σωφροσύνην,
692 3465 787 3517 καὶ
829 3464 1093 3519 διακονεῖν
1124 3464 1201 3535 τῷ
1260 3465 1374 3538 ἰδίῳ
1405 3465 1593 3535 Κυρίῳ
1626 3467 1682 3517 ἐν

96 3554 491 3627 νηφαλιότητι;
545 3555 684 3608 Ἀλλ’
732 3555 820 3608 ἵνα
894 3555 968 3627 μὴ
1038 3556 1208 3609 πολλά
1263 3558 1459 3626 γράφω
1527 3557 1679 3621 νυνὶ,

99 3644 414 3717 παρακαλῶ
471 3662 569 3710 σε,
620 3646 830 3717 ἀγαθῆς
888 3646 1041 3718 ῥίζης
1113 3648 1314 3715 ἀγαθὸν
1369 3649 1681 3719 ὑπάρχοντα

102 3742 430 3814 βλάστημα,
492 3743 757 3813 φυλάττου
825 3747 917 3799 καὶ
960 3746 1372 3816 προφυλάττου,
1439 3747 1535 3816 ὅση
1591 3745 1684 3798 δύ-

102 3853 311 3905 ναμις,
370 3834 556 3888 τοῦτον
602 3836 693 3889 τὸν
737 3840 1063 3909 μαστρωπὸν
1127 3839 1220 3893 καὶ
1291 3840 1519 3908 πονηρὸν
1570 3839 1684 3891 δαί-

110 3945 273 3998 μονα,
316 3928 579 3981 ἐκκλίνων
628 3929 726 4000 τὴν
784 3931 1070 4001 συντυχίαν
1118 3931 1209 3983 τοῦ
1264 3931 1680 4001 Διονυσοδώρου,

104 4020 202 4073 καὶ
242 4019 380 4088 μήτε
425 4019 796 4091 συνεορτάζιυν
844 4021 1011 4093 αὐτῷ,
1051 4016 1185 4092 μήτε
1224 4023 1301 4085 είς
1347 4023 1682 4094 πανηγύρεις

106 4109 413 4175 συναπιὼν,
453 4112 591 4182 μήτε
635 4112 949 4176 συνεσθίων,
999 4115 1137 4184 μήτε
1197 4115 1477 4185 συμπίνων
1510 4114 1678 4185 αύτῷ,

109 4202 247 4272 μηδέ
272 4202 647 4272 συνδιατρίψαι
674 4203 867 4274 τούτῳ,
891 4205 995 4259 κᾶν
1020 4207 1153 4277 πρὸς
1178 4195 1347 4276 βραχὺ
1377 4206 1680 4262 συνοδεύειν

106 4291 454 4361 αἱρούμενος.
490 4292 553 4346 El
583 4294 639 4347 δέ
676 4312 778 4347 που
818 4296 1025 4366 ἀνάγκη
1064 4297 1270 4366 γένοιτο
1302 4301 1579 4368 συντυχεῖν
1605 4297 1680 4369 τῷ

105 4382 356 4454 τοιούτῳ,
388 4384 462 4455 μὴ
506 4384 668 4455 βλέπε
709 4386 896 4440 τοῦτον
934 4388 1164 4458 τρανῶς,
1199 4389 1286 4442 ἵνα
1334 4391 1408 4460 μὴ
1451 4389 1537 4443 διά
1571 4390 1681 4442 τῶν

110 4475 344 4547 θυρίδων
375 4494 487 4541 σου,
512 4478 758 4531 τουτέστι
783 4478 889 4531 τῶν
929 4480 1221 4550 ὀφθαλμῶν
1257 4498 1371 4546 σου,
1399 4481 1471 4544 ὥς
1519 4498 1683 4551 φησιν

108 4566 138 4619 6
171 4568 481 4638 προφήτης,
505 4568 678 4638 ἀναϐῇ
706 4569 798 4621 ἐπὶ
823 4569 919 4641 τὴν
946 4573 1122 4641 ψυχήν
1157 4589 1247 4625 σου
1277 4573 1559 4637 ἀθάνατος
1588 4573 1687 4641 τῆς
1720 4554 1762 4609 D

111 4659 420 4729 ἁμαρτίαςο
460 4660 597 4715 ἀλλά
651 4663 800 4719 κάτω
846 4662 1079 4729 θεωρῶν
1119 4666 1197 4727 είς
1245 4662 1532 4734 τοῦδαφος,
1570 4664 1687 4734 βλο-

112 4749 271 4821 συρῷ
311 4750 390 4819 τῷ
436 4750 643 4822 ὄμματι
692 4754 784 4807 καὶ
833 4753 1090 4825 αὐστηρῷ
1136 4754 1212 4825 τῷ
1264 4756 1539 4826 προσώπῳ
1574 4756 1672 4818 τὰς

110 4842 442 4913 ἀποκρίσεις
487 4845 651 4909 δίδου,
687 4846 760 4916 μὴ
818 4846 1246 4917 καταδεχόμενος
1290 4849 1614 4916 συγγελάσαι
1653 4849 1685 4919 ἢ

115 4932 516 4988 συνλούσασθαι
564 4934 755 5005 τούτῳ.
811 4936 932 5008 Χρὴ
976 4938 1085 5008 γὰρ
1142 4936 1688 5008 προκαταλαμϐάνειν

110 5028 265 5099 ἡμᾶς
306 5026 375 5079 τά
406 5027 735 5097 ὀχυρώματα
795 5027 890 5081 καὶ
929 5028 996 5081 τά
1049 5028 1418 5099 μηχανήματα
1455 5028 1548 5081 τοῦ
1596 5029 1690 5097 ῥυ-

113 5114 296 5186 παροῦ
334 5114 533 5183 ὄφεως,
582 5118 714 5187 πρὶν
745 5118 893 5186 ἡμᾶς
932 5117 1091 5181 αὐτὸς
1145 5116 1535 5187 προκαταλάϐῃ
1571 5118 1690 5180 ταῖς

113 5207 390 5271 ποικίλαις
418 5209 680 5278 σαγήναις
716 5210 809 5261 καὶ
839 5211 950 5272 τοῖς
975 5209 1187 5279 βρόχοις
1215 5209 1303 5263 διὰ
1324 5210 1422 5280 τῆς
1446 5209 1684 5276 ἐφέσεως

116 5297 217 5351 τοῦ
254 5298 547 5369 εἰρημένου
580 5298 788 5362 παιδός.
821 5300 935 5351 Οὐκ
979 5299 1187 5366 ἀγαθάς
1234 5297 1342 5370 γὰρ
1383 5299 1570 5369 φήμας
1602 5298 1695 5351 κέ-

114 5406 313 5460 κτηται
339 5390 366 5442 6
390 5389 598 5460 λεχθεὶς
625 5390 969 5455 νεανίαςηιαλ.
1005 5390 1122 5443 δέον
1148 5389 1560 5460 ἀποδιδράσκειν
1589 5390 1689 5452 τὰς

116 5483 415 5552 ὑπολήψεις
442 5481 628 5537 αὑτοῦ.
646 5483 863 5552 Ἐπειδὴ
890 5478 981 5536 οὖν
1004 5481 1127 5551 ῥίζα
1156 5482 1253 5552 τῆς
1268 5481 1409 5535 κατά
1437 5482 1497 5534 τὸ
1526 5480 1684 5551 σῶμα

119 5574 375 5646 πράξεως
403 5574 718 5646 τυγχάνειή
749 5574 1076 5646 φιλόσαρκος
1130 5572 1346 5645 γνώμη,
1394 5574 1689 5645 πρόρριζον

191 5722 237 5752 ⁷⁸
263 5720 410 5775 ι’διιι.
444 5736 610 5783 cxvu,
637 5721 722 5791 11.
787 5721 845 5791 f°
872 5720 1251 5791 Psalaxfxxvn,
1280 5723 1333 5777 8.
1410 5719 1455 5751 '“
1495 5717 1628 5773 lbid.
1660 5716 1715 5770 7.

129 5791 231 5849 14·
268 5792 434 5848 Marc.
467 5808 506 5859 ι,
540 5791 630 5845 52.
706 5789 750 5823 ⁸⁵
779 5788 889 5848 Jcr.
924 5806 999 5860 is,
1024 5789 1113 5845 2t.

1786 3302 1875 3353 ut;
1900 3307 2021 3360 quze
2046 3306 2129 3343 me
2159 3289 2363 3359 perurit
2397 3300 2546 3341 atrox
2574 3286 2771 3355 cupido
2800 3282 3245 3351 exsccrandaque
3267 3280 3360 3335 de-

1774 3390 1953 3447 serat,
1994 3382 2184 3450 sicque
2212 3381 2354 3449 potis
2387 3378 2549 3445 liam,
2594 3378 2911 3445 exciterquc
2940 3373 3023 3426 -ad
3070 3370 3358 3426 continen-

1785 3475 1937 3538 tiam,
1976 3474 2311 3543 proprioque
2338 3470 2566 3525 Domino
2598 3470 2656 3523 in
2689 3466 3046 3537 temperantia
3089 3460 3359 3518 serviam?

1784 3566 1912 3629 Sed,
1956 3581 2023 3619 ue
2050 3565 2236 3619 multis
2288 3572 2339 3616 te
2385 3563 2436 3615 in
2474 3560 2763 3632 prmsentia
2814 3558 3065 3621 obruam,
3113 3554 3273 3609 enixe
3308 3560 3361 3607 te

1783 3674 1937 3728 rogo,
1995 3658 2087 3726 qui
2141 3656 2294 3709 bona:
2348 3653 2549 3707 radicis
2592 3652 2792 3705 bonum
2829 3665 3050 3720 germen
3092 3645 3359 3716 erumpis,

1782 3763 1914 3801 cave
1945 3748 2064 3813 tibi,
2104 3762 2167 3799 ac
2198 3754 2395 3799 cautus
2425 3758 2687 3813 praecave,
2723 3752 2985 3809 quantum
3016 3739 3131 3793 licri
3157 3747 3357 3808 potest.

1784 3856 1815 3894 a
1868 3841 2023 3894 leone
2077 3841 2200 3905 isto,
2255 3838 2616 3907 improboque
2665 3836 2946 3901 daemone,
3002 3830 3361 3903 DiOnysodori

1785 3931 2264 3992 consuetudinem,
2288 3938 2342 3984 et
2366 3927 2692 3982 commercia
2727 3928 2924 3989 vitans,
2959 3940 3065 3979 non
3103 3924 3363 3978 solemni-

1784 4031 1926 4077 tates
1959 4037 2081 4076 cum
2120 4035 2185 4075 eo
2238 4020 2560 4083 celebrans,
2609 4029 2785 4084 neque
2826 4028 2933 4067 una
2975 4027 3099 4066 cum
3139 4025 3203 4064 eo
3243 4010 3361 4063 dies

1785 4117 1952 4171 festos
1982 4122 2038 4168 et
2066 4113 2221 4166 ludos
2250 4112 2496 4182 publicos
2520 4108 2897 4178 frequentans,
2927 4119 3036 4159 non
3062 4118 3167 4157 una
3200 4101 3360 4157 simul

1783 4209 1972 4269 edens,
2008 4219 2184 4273 neque
2213 4204 2427 4263 bibens,
2468 4214 2646 4268 neque
2693 4209 3063 4259 commorans,
3101 4200 3155 4247 et
3190 4191 3236 4247 si
3269 4206 3364 4260 per

1784 4296 2045 4365 temporis
2100 4292 2443 4346 intervallum
2485 4289 2649 4345 simul
2706 4289 2810 4342 iter
2858 4302 3021 4356 agere
3075 4284 3129 4338 in
3181 4285 3363 4336 animo

1785 4388 1974 4443 fuerit.
2007 4385 2162 4452 Quod
2195 4385 2239 4439 si
2282 4382 2577 4452 aliquando
2610 4390 2826 4450 tempus
2853 4388 2905 4433 et
2930 4376 3233 4432 necessitas
3274 4373 3365 4427 ﬂa-

1783 4482 1938 4552 gitat,
1967 4491 2026 4535 ut
2064 4495 2187 4534 eum
2222 4478 2517 4532 convenias
2543 4514 2557 4537 ,
2602 4490 2671 4529 ne
2713 4480 2859 4528 recta
2897 4486 3023 4527 eum
3076 4468 3361 4529 intuearis,

1793 4592 1861 4630 ne
1892 4590 1986 4644 per
2021 4574 2164 4626 fores
2188 4582 2331 4633 tuas,
2356 4567 2547 4623 oculos
2578 4566 2789 4621 scilicet
2820 4574 2966 4627 tuos,
2998 4570 3058 4615 ut
3099 4559 3362 4631 propheta

1794 4668 2057 4736 loquitur,
2089 4665 2141 4717 in
2180 4662 2416 4716 animam
2451 4668 2598 4713 tuam
2632 4656 2836 4727 peccati
2870 4669 3018 4709 mors
3044 4653 3277 4707 introeat
3295 4650 3361 4716 3’;

1795 4761 1888 4816 sed
1936 4761 1993 4814 in
2052 4767 2251 4812 terram
2305 4755 2553 4809 obtutum
2610 4750 2821 4805 inferne
2877 4749 3144 4818 dirigens,
3185 4743 3358 4798 torvis

1795 4850 1971 4905 oculis
1999 4864 2062 4901 ac
2107 4845 2330 4901 horrido
2361 4828 2584 4912 aspectu
2634 4854 2899 4910 responsa
2934 4840 3138 4901 redde;
3188 4836 3360 4890 risum

1795 4953 2162 5000 communem,
2192 4944 2245 4990 et
2279 4933 2591 4988 communia
2624 4931 2840 4984 lavacra
2874 4935 3181 4981 contemne.
3214 4923 3363 4993 Opus

1793 5031 1991 5085 etenim
2018 5037 2124 5094 est,
2175 5035 2237 5080 ut
2282 5041 2384 5081 nos
2424 5024 2765 5079 munimenta
2801 5020 2959 5090 202
2990 5034 3053 5072 ac
3082 5016 3365 5071 machinas

1794 5118 2060 5174 immundi
2110 5116 2383 5186 serpentis
2430 5127 2898 5185 praeoccupemus,
2953 5119 3242 5178 antequam
3295 5107 3363 5160 ab

1796 5212 1915 5279 ipso
1938 5209 2146 5263 retibus
2168 5207 2337 5261 variis
2364 5216 2527 5276 atque
2557 5205 2764 5274 laqueis
2792 5203 3013 5273 perjam
3046 5200 3179 5254 dicti
3212 5199 3361 5270 pueri

1796 5301 2126 5357 desiderium
2165 5299 2503 5354 irretiamur.
2556 5297 2891 5352 Adolescens
2935 5294 3204 5363 siquidem
3263 5291 3366 5345 istc

1798 5395 1914 5450 suis
1946 5393 2171 5462 ﬂagitiis
2198 5392 2440 5446 famosus
2464 5398 2547 5445 est
2572 5405 2587 5444 τ
2617 5390 2843 5459 ideoque
2867 5386 3366 5456 suspiciones,quze

1793 5487 1918 5541 inde
1951 5483 2154 5540 exoriri
2215 5492 2469 5553 possunt,
2516 5496 2707 5536 omnes
2756 5477 3181 5534 intercludenda:
3214 5480 3361 5529 sunt.

1792 5577 1926 5632 Cum
1958 5575 2143 5646 itaque
2168 5575 2325 5631 radix
2348 5573 2744 5643 actionis,quaa
2772 5571 2828 5627 in
2857 5584 3086 5640 corpore
3115 5568 3194 5629 lit,
3216 5565 3367 5633 cogi-

1787 5718 1832 5750 ⁸⁸
1866 5714 2012 5772 Psal.
2046 5729 2157 5771 ut.
2190 5716 2241 5767 7.
2318 5715 2363 5749 ⁸³
2392 5712 2537 5772 Psal.
2566 5727 2755 5779 ιιινιει,
2792 5710 2880 5766 2L
2946 5708 2993 5741 “
3024 5703 3211 5761 Matth.
3242 5713 3361 5768 Vin,
