3888 6040
556 281 666 345 283

2037 294 2098 354 S.
2135 294 2298 354 NILl

3690 281 3787 344 284

553 391 691 444 tatio
722 390 908 446 carnis
936 406 1122 450 amans
1149 396 1402 463 exsistat,
1431 399 1692 457 radicitus
1719 401 1893 473 ipsam
1922 394 2113 465 evelle,

2219 401 2418 470 ταύτην
2448 399 2641 465 ἄνελεν,
2670 399 2799 470 πρὶν
2835 397 2970 470 πρὸς
2999 397 3064 450 τὸ
3110 395 3215 461 ἔξω
3247 394 3500 466 προκύψῃ
3527 391 3629 447 καὶ
3663 391 3782 462 βλαο

553 493 848 555 antequam
883 487 1031 543 foras
1061 501 1328 561 erumpat,
1367 501 1421 548 et
1458 493 1720 566 ﬂagitium
1753 498 2041 567 germinet,
2069 505 2123 551 et

552 574 608 627 in
639 585 890 630 truncum
942 578 1162 634 interim
1203 582 1563 643 obdurescat;
1587 584 1667 640 sic
1691 592 1750 638 ut
1783 601 2003 641 secures
2034 600 2123 638 ac-

553 667 832 722 cersenda:
861 669 990 733 sint,
1021 680 1074 724 et
1115 672 1256 742 ignis
1307 674 1499 728 sedulo
1543 676 1986 745 conquirendus,
2034 675 2122 728 in-

554 773 801 828 gensque
857 762 1122 815 auxilium
1160 763 1561 828 advocandnm,
1596 768 1661 822 ad
1695 767 1934 822 lascivia:
1961 768 2121 821 arbo-

553 864 666 904 rem
704 851 1130 919 deperdendum.
1165 856 1337 909 Radix
1363 857 1562 927 quippe
1592 875 1688 928 per
1716 868 1930 930 tempus
1952 860 2121 917 inhae-

553 952 708 1000 rens,
770 957 986 995 murum
1041 945 1342 1012 saepissime
1390 949 1592 1003 aliahre
1644 949 1976 1020 lirmiterque
2025 965 2122 1004 ex-

552 1038 822 1084 structum
847 1049 1182 1091 marcescere
1209 1036 1358 1104 facit,
1387 1049 1440 1094 et
1473 1057 1664 1095 saxum
1695 1041 1949 1111 disrupit.
1975 1041 2121 1112 Fuge

553 1121 737 1191 itaque
763 1125 1086 1194 perditionis
1107 1129 1350 1196 hamum,
1377 1143 1430 1188 et
1453 1134 1733 1203 captiones
1750 1135 1948 1190 diaboli
1971 1150 2116 1198 arce,

552 1212 809 1283 illiusque
839 1216 1063 1288 laqueos
1095 1232 1338 1291 contere,
1365 1227 1571 1295 jejunio
1602 1228 1946 1297 temetipsum
1971 1243 2121 1282 com-

551 1305 827 1372 muniens,
864 1320 919 1364 et
948 1313 1198 1367 oratione
1251 1317 1532 1381 continua,
1553 1328 1606 1372 et
1630 1319 2116 1388 genuﬂexionibus,

551 1402 606 1446 et
632 1393 814 1451 labore
847 1413 1132 1470 corporeo,
1163 1414 1215 1469 et
1245 1406 1514 1472 molestia,
1548 1409 1781 1478 aliisque
1807 1411 2118 1466 munimen-

553 1484 624 1538 tis
657 1494 712 1539 et
741 1488 980 1552 auxiliis,
1017 1508 1137 1562 quae
1171 1496 1269 1549 tibi
1299 1499 1500 1567 smpins
1541 1515 1830 1569 suggerere
1873 1503 2004 1556 mihi
2051 1504 2116 1558 li-

551 1569 703 1641 buit;
726 1592 968 1649 caneque
986 1583 1148 1636 simul
1177 1600 1298 1638 cum
1330 1587 1490 1642 beato
1522 1588 1719 1644 Davide
1749 1591 1815 1645 ad
1840 1592 2117 1648 Christum

554 1662 887 1722 Salvatorem
908 1674 1364 1741 excelsissimum,
1385 1678 1524 1732 etde
1554 1682 1713 1736 nobis
1741 1682 1944 1751 optima
1975 1700 2120 1753 quat-

2226 494 2395 562 στήση
2418 491 2478 543 τὺ
2513 490 2700 552 κακὸν,
2720 489 2814 542 καὶ
2831 486 3134 558 στελεχωθῇ
3158 485 3527 586 λοιπόνὶὥστε
3549 485 3787 586 ἀναγκα-

2225 581 2415 651 σθῆναι
2452 579 2638 645 ἀξίνας
2661 576 2988 647 φιλοκαλεῖν,
3010 575 3107 628 καὶ
3139 572 3251 646 πῦρ
3288 573 3786 672 πολ-υπραγμρνεῖν,

2224 672 2316 725 καὶ
2337 671 2536 740 πολλῆς
2565 667 2917 739 προσδεῖσθαι
2943 666 3190 737 βοηθείας
3213 665 3348 737 πρὸς
3375 663 3686 733 ἀφανισμὸν
3701 663 3788 714 τοῦ

2222 760 2434 831 δένδρου
2465 759 2565 828 τῆς
2593 757 2896 824 ἀσελγείας.
2929 754 3080 819 Ῥίζα
3107 754 3215 825 γὰρ
3247 751 3633 822 παραμείνασα
3667 748 3783 818 χρό-

2222 867 2332 914 νον,
2373 852 2466 904 καὶ
2498 853 2675 920 τοῖχον
2711 847 2972 908 πολλάκις
3023 845 3285 898 κάλλιστα
3318 840 3629 913 δομηθέντα
3643 839 3787 940 ⁶ὲσάῖ

2222 942 2451 1012 θρωσεν,
2488 943 2582 996 καὶ
2623 941 2828 1012 πέτραν
2859 937 3161 1012 διέρρηξεν.
3205 936 3378 1003 Φεῦγε
3407 931 3789 1034 τοιὶγαροῗνὶτὸ

2221 1033 2514 1105 ἄγκιστρον
2542 1033 2641 1102 τῆς
2669 1033 2892 1102 φθορᾶς,
2920 1031 3016 1083 καὶ
3046 1029 3111 1082 τὰ
3140 1029 3386 1099 θήρατρα
3417 1023 3511 1078 τοῦ
3541 1021 3784 1076 διαϐόλου

2219 1125 2606 1197 δραπέτευσον,
2645 1124 2735 1178 καὶ
2772 1125 2873 1186 τὰς
2901 1123 3132 1190 παγίδας
3163 1120 3328 1173 αὐτοῦ
3370 1115 3692 1186 σύντριψον,
3723 1117 3786 1183 τῇ

2221 1215 2442 1287 νηστείᾳ
2479 1216 2702 1269 σεαυτὸν
2730 1213 3135 1286 περιφράττων,
3169 1211 3263 1263 καὶ
3290 1211 3356 1308 τῇ
3394 1209 3576 1276 πυκνῇ
3624 1220 3787 1308 προσ·-

2219 1311 2372 1380 ευχῇ,
2403 1309 2497 1362 καὶ
2540 1311 2657 1371 ταῖς
2702 1306 3100 1376 γονυκλισίαις,
3147 1305 3240 1357 καὶ
3279 1302 3432 1371 κόπῳ
3467 1302 3784 1404 σωματικῷἶ

2219 1401 2312 1454 καὶ
2341 1399 2569 1472 σκυλμῷ
2609 1398 2906 1460 εὐσεϐείας,
2935 1396 3026 1449 καὶ
3055 1397 3166 1457 τοῖς
3193 1393 3370 1456 ἄλλοις
3410 1386 3784 1460 ἀσφαλίσμασί

2217 1501 2276 1537 τε
2326 1488 2421 1540 καὶ
2451 1485 2778 1556 βοηθήμασι,
2819 1479 3012 1553 οἷσπερ
3049 1480 3338 1542 πλεονάκις
3359 1477 3678 1539 ,ὑποθέσθαι
3708 1494 3784 1528 σοι

2218 1579 2628 1649 προεθυμήθην,
2683 1578 2776 1632 καὶ
2825 1576 2992 1647 ψάλλε
3042 1576 3158 1646 ἃμα
3208 1573 3286 1644 τῷ
3339 1573 3597 1644 μακαρίῳ
3629 1568 3784 1623 Δαυῒδ

2219 1671 2354 1742 πρὸς
2381 1670 2611 1741 Χριστὸν
2633 1670 2721 1722 τὸν
2739 1670 3067 1740 πανύψιστον
3096 1666 3326 1738 Σωτῆρα
3372 1666 3466 1719 καὶ
3490 1663 3783 1734 εὐεργέτην

551 1767 659 1820 que
694 1757 944 1810 meritum
978 1778 990 1812 :
1035 1778 1052 1810 ι
1091 1760 1315 1817 Custodi
1363 1781 1446 1820 me
1479 1781 1509 1820 a
1542 1767 1755 1838 laqueo,
1790 1786 1949 1838 quem
1992 1787 2116 1826 con-

2222 1760 2670 1829 ήμῶνἰΦύλαξόν
2697 1777 2762 1830 με
2775 1760 2880 1814 ἀπὸ
2903 1760 3145 1828 παγίδος,
3160 1755 3226 1832 ἦς
3253 1756 3658 1826 συνεστήσαντό
3676 1773 3782 1825 μοι,

550 1849 870 1901 struxerunt
896 1849 1048 1914 mihi,
1085 1861 1137 1906 et
1167 1869 1196 1907 a
1229 1858 1504 1913 scandalis
1526 1863 1870 1930 operantium
1919 1864 2118 1935 iniqui-

553 1940 714 1986 tatem
741 1935 805 1988 ⁸⁸.
842 1956 861 1988 ι
905 1940 1214 1999 llecOrdare
1243 1963 1461 2016 quoque
1487 1965 1697 2017 eorum,
1732 1953 1799 2008 de
1832 1955 2031 2024 quibus
2062 1957 2118 2012 in

550 2017 844 2094 Evangelio
889 2031 1266 2090 admonemur.
1304 2035 1423 2093 Sint
1451 2041 1617 2095 lumbi
1646 2044 1808 2098 vestri
1842 2017 2118 2115 praecincti

549 2115 933 2180 temperantia,
969 2130 1022 2172 et
1072 2121 1310 2178 lucerna:
1359 2128 1710 2194 cogitationis
1764 2131 2040 2197 ardentes,
2067 2143 2120 2189 et

548 2213 648 2255 vos
693 2203 906 2260 similes
965 2208 1283 2286 hominibus
1335 2221 1778 2286 exspectantibus
1826 2222 2116 2279 Dominum

551 2302 736 2354 suum,
755 2295 971 2361 quando
988 2299 1167 2353 veniet
1183 2281 1419 2370 decaalo,
1439 2314 1491 2360 et
1508 2307 1744 2366 inveniet
1773 2311 2060 2382 vigilantes
2074 2314 2118 2346 θ’

552 2380 641 2447 qui
688 2395 810 2434 eum
845 2384 1081 2454 legitime
1107 2391 1314 2457 colunt,
1360 2403 1413 2448 et
1441 2397 1693 2467 diligunt,
1744 2409 1804 2455 ut
1835 2380 1931 2458 eos
1966 2421 2120 2475 aeque

552 2482 617 2522 ac
663 2471 831 2526 solem
882 2476 1265 2545 splendescere
1312 2481 1476 2538 faciat
1515 2486 1568 2540 in
1619 2490 1826 2545 caelesti
1859 2509 2027 2564 regno
2050 2495 2116 2552 ⁸⁸.

550 2558 686 2613 Illud
723 2563 883 2618 etiam
911 2568 1302 2637 animadverte,
1333 2575 1490 2645 203
1523 2577 1731 2635 hostem
1763 2598 1870 2637 non
1907 2558 2118 2639 tantum

552 2650 610 2704 in
637 2664 859 2723 aspectu
893 2660 1145 2723 decoros,
1179 2663 1270 2718 sed
1300 2666 1354 2720 in
1385 2684 1478 2722 eos
1526 2671 1712 2738 etiam,
1748 2675 1861 2730 sive
1897 2677 1973 2731 illi
2009 2695 2122 2732 ma-

552 2745 717 2808 sculi,
743 2746 857 2802 sive
880 2749 1097 2807 feminae
1131 2754 1353 2822 fuerint,
1402 2761 1495 2831 qui
1518 2765 1662 2834 turpi
1689 2775 1849 2836 atque
1872 2768 2119 2824 illiberali

553 2831 696 2890 facie
728 2847 877 2903 sunt,
924 2842 1140 2912 aliquos
1168 2848 1466 2917 concitare,
1509 2868 1712 2909 caacum
1749 2859 1932 2914 animo
1967 2863 2122 2931 cupi-

553 2925 738 2983 dinem
788 2947 1106 3003 suggerens.
1139 2937 1272 2993 Nam
1303 2957 1427 2997 cum
1463 2949 1770 3017 versipellis
1821 2967 1886 3006 ac
1935 2956 2121 3013 varius

553 3017 626 3072 sit
661 3019 1024 3080 immunditiei
1059 3044 1250 3088 amans
1301 3035 1534 3105 daemon,
1581 3042 1781 3110 saepius
1842 3050 2123 3115 experitur

2221 1853 2316 1905 καὶ
2353 1852 2460 1906 ἀπὸ
2489 1853 2800 1906 σκανδάλων
2829 1852 2934 1904 τῶν
2955 1850 3335 1922 ἐργαζομένων
3362 1849 3460 1920 τὴν
3481 1848 3734 1917 ἀνομίαν.
3759 1864 3776 1898 ι

2219 1943 2481 2015 Μέμνησο
2522 1945 2578 1999 δὲ
2609 1945 2703 1997 καὶ
2755 1945 2864 1998 τῶν
2893 1947 2949 1999 ἐν
2998 1945 3075 2016 τῷ
3109 1942 3426 2013 Εὐαγγελίῳ
3468 1940 3783 2011 παραγγελ-

2224 2033 2407 2104 μάτων
2427 2050 2440 2062 ·
2467 2035 2747 2088 Ἔστωσαν
2773 2037 2826 2088 αἱ
2855 2036 3052 2104 ὀσφύες
3085 2036 3235 2106 ὑμῶν
3265 2034 3702 2104 περιεζωσμέναι
3722 2036 3789 2104 τῇ,

2223 2126 2562 2198 σωφροσύνῃ,
2605 2131 2698 2181 καὶ
2745 2130 2793 2181 οί
2834 2128 3013 2199 λύχνοι
3063 2128 3161 2196 τῆς
3199 2127 3431 2188 διανοίας
3483 2125 3782 2196 καιόμενοι,

2219 2216 2313 2270 ’καὶ
2348 2217 2503 2287 ὑμεῖς
2536 2219 2712 2288 ὅμοιοι
2739 2216 3043 2288 ἀνθρώποις
3075 2218 3523 2287 προσδεχομένοις
3556 2216 3648 2268 τὸν
3675 2215 3783 2268 Κύ-

2225 2324 2336 2377 ριον
2373 2308 2572 2371 αὐτῶν,
2603 2310 2731 2362 πότε
2758 2308 2872 2378 ἥξει
2904 2309 2962 2372 ἐξ
2990 2307 3254 2379 οὐρανῶν,
3277 2310 3371 2360 καὶ
3401 2308 3628 2377 εὑρήσει
3657 2323 3784 2376 γρη-

2223 2400 2520 2470 γοροῦντας
2573 2403 2696 2464 τοὺς
2751 2401 2984 2470 γνησίως
3031 2400 3284 2463 σέϐοντας
3331 2400 3425 2453 καὶ
3461 2397 3782 2465 ἀγαπῶντας

2222 2492 2404 2556 αὐτὸν,
2437 2495 2522 2546 ἵνα
2548 2495 2744 2565 ποιήσῃ
2776 2492 2988 2564 λάμψαι
3017 2493 3212 2556 αὐτοὺς
3239 2492 3315 2554 ὡς
3342 2492 3433 2545 τὸν
3454 2490 3609 2562 ἣλιον
3636 2491 3692 2543 ἐν
3717 2490 3778 2560 τῇ

2221 2581 2516 2652 ὲπουρανίᾳ
2555 2582 2823 2653 βασιλείᾳ.
2870 2584 3108 2635 Κάκεῖνο
3153 2581 3210 2634 δὲ
3260 2579 3536 2648 γίνωσκε,
3588 2580 3672 2633 ὅτι
3724 2579 3778 2631 οὐ

2225 2672 2383 2740 μόνον
2419 2675 2499 2736 είς
2521 2673 2617 2735 τὰς
2645 2672 2869 2737 εὐειδεῖς
2899 2672 3048 2742 ὄψεις
3078 2668 3330 2742 πειράζει
3377 2671 3529 2732 τινὰς
3571 2668 3780 2740 ἐχθρὸς,

2221 2763 2354 2816 ἀλλὰ
2379 2764 2485 2835 γὰρ
2513 2764 2608 2818 καὶ
2634 2766 2714 2828 εἰς
2743 2765 2809 2817 τὰ
2840 2765 3054 2834 δυσειδῆ
3095 2762 3188 2818 καὶ
3223 2765 3447 2835 ἄμορφα
3491 2762 3780 2833 πρόσωπα,

2223 2853 2448 2925 θηλειῶν
2477 2873 2535 2907 τε
2573 2856 2668 2908 καὶ
2713 2856 2976 2928 ἀρρένων,
3003 2856 3200 2925 τυφλόν
3231 2873 3351 2909 τινα
3391 2858 3453 2925 τῇ
3482 2855 3630 2924 ψυχῇ
3656 2854 3780 2906 ὐπο-

2223 2945 2428 3000 ϐάλλων
2461 2944 2656 3018 ἔρωτα.
2691 2948 3086 3018 Κακομὴχανος
3136 2946 3244 3016 γὰρ
3275 2946 3370 3000 καὶ
3401 2946 3650 3008 ποικίλος
3683 2945 3781 2997 ὐπ-

2224 3038 2404 3110 άρχων
2435 3041 2462 3091 ό
2491 3038 2854 3110 φιλορύπαρος
2879 3039 3103 3110 δαίμων,
3132 3036 3412 3107 δοκιμάζει
3439 3036 3700 3100 πολλάκις
3727 3038 3780 3089 ὲν

559 3107 614 3170 ιιι
660 3111 759 3166 hac
789 3117 872 3170 vel
919 3117 970 3171 in
1012 3120 1101 3174 illa
1134 3123 1304 3179 forma
1343 3143 1438 3196 per
1472 3107 1769 3188 absurdum
1823 3146 1878 3190 et
1909 3107 2116 3209 turpem

2223 3107 2393 3200 τούτῳ
2441 3130 2473 3200 ἣ
2535 3131 2592 3182 ὲν
2620 3107 2836 3200 νὲκείνῳ
2874 3107 3129 3200 τῷνείδει
3177 3127 3501 3198 παγιδεῦσαι
3553 3127 3644 3180 διὰ
3687 3127 3779 3198 τῆς

553 3204 851 3271 appetitum
883 3208 938 3262 in
978 3210 1228 3281 laqueum
1260 3218 1558 3288 conjicere.

622 3291 769 3365 Fuge
792 3297 958 3366 igitur
985 3301 1413 3363 adolescentium
1443 3313 1846 3372 immundorum
1878 3325 2120 3378 omnium

549 3381 715 3438 simul
759 3389 1132 3459 pulchrorum,
1175 3396 1338 3452 simul
1390 3404 1628 3474 turpium
1656 3413 2022 3472 commercia..
2066 3413 2121 3469 Si

549 3489 682 3530 vero
717 3478 1013 3548 aliquando
1050 3499 1161 3538 rem
1209 3487 1400 3544 dexter
1430 3495 1606 3563 egeris
1629 3534 1642 3556 ,
1682 3497 2122 3576 intellexerisque

549 3570 897 3640 temetipsum
931 3575 1001 3628 ab
1041 3576 1288 3646 improba
1332 3581 1435 3637 hac
1469 3589 1882 3654 perturbatione
1911 3570 2117 3663 vexari,

548 3667 605 3712 et
638 3659 704 3714 ad
739 3665 934 3719 animae
975 3669 1284 3738 caliginem,
1327 3683 1379 3729 et
1416 3675 1759 3734 faeculentum
1797 3692 1996 3739 statum
2025 3659 2120 3742 de;

550 3750 717 3816 ferri,
780 3758 1125 3824 apprehende
1161 3773 1395 3820 mentem
1433 3777 1604 3837 tuam,
1662 3789 1843 3844 regem
1899 3777 2116 3834 Saulem

547 3855 671 3895 esse
706 3858 734 3895 a
767 3859 936 3912 pravo
963 3847 1204 3906 lascivia:
1228 3856 1423 3923 spiritu
1448 3858 1793 3929 suifocatum,
1819 3873 1872 3918 et
1898 3865 2116 3924 Davidis

547 3927 691 3983 libro
742 3931 796 3986 in
849 3935 1085 3991 medium
1139 3938 1354 4006 delato,
1417 3959 1513 4000 cor
1572 3955 1727 4004 tuum
1777 3952 2116 4013 daemonibus

546 4019 840 4077 obnoxium
893 4025 1114 4082 incanta
1153 4031 1390 4100 Spiritus
1436 4040 1617 4093 sancti
1643 4043 1849 4108 verbis,
1892 4053 1946 4100 et
1979 4045 2116 4104 bene

545 4109 640 4164 tibi
668 4113 772 4168 erit
803 4129 928 4169 cum
962 4119 1235 4177 cecineris
1260 4123 1327 4176 ad
1375 4125 1660 4182 Dominum
1695 4148 1710 4185 :
1766 4150 1785 4182 ι
1837 4133 2114 4192 Conserva

545 4216 631 4256 me
659 4218 686 4256 a
723 4204 942 4275 laqueo,
971 4227 1132 4280 quem
1168 4225 1593 4274 construxerunt
1617 4222 1774 4288 mihi,
1812 4234 1866 4280 et
1894 4243 1924 4282 a
1955 4245 2115 4285 scan-

545 4291 686 4348 dalis
711 4300 1054 4365 operantium
1088 4303 1431 4374 iniquitatem
1459 4311 1532 4377 ”;
1574 4331 1595 4364 ι
1621 4325 1674 4369 et
1706 4333 1719 4369 :
1759 4335 1778 4368 ι
1804 4317 1997 4374 Libera
2028 4339 2113 4379 me

543 4397 576 4438 e
613 4399 774 4440 manu
811 4388 1180 4458 inimicorum,
1213 4397 1303 4465 qui
1345 4413 1754 4472 persequuntur
1784 4423 1872 4463 me
1899 4409 1966 4465 θ’.
1994 4429 2015 4464 ι
2046 4413 2111 4465 Et

545 4487 678 4529 tunc
722 4476 933 4534 daemon
981 4481 1186 4541 divinis
1234 4489 1448 4558 verbis,
1496 4501 1552 4546 et
1585 4496 1822 4553 maxime
1866 4500 2110 4570 proﬁcuo

544 4570 710 4617 cantu
746 4569 1070 4636 perterritus
1103 4587 1184 4627 ac-
1218 4580 1486 4637 reveritus
1525 4586 1768 4642 avolabit
1814 4603 1845 4642 a
1870 4569 1875 4570 γ
1900 4599 1976 4645 te.
2028 4591 2109 4646 Tu

543 4670 674 4711 vero
698 4672 764 4711 ex
796 4659 1030 4716 miseriae
1050 4663 1174 4720 lacu
1200 4684 1297 4738 per
1328 4671 1568 4731 divinam
1593 4680 1827 4749 gratiam
1853 4683 2112 4740 extrahe-

543 4746 645 4812 ris,
677 4759 732 4803 et
761 4750 973 4809 videbis
1005 4763 1139 4813 tunc
1161 4775 1354 4820 aerem
1390 4746 1730 4827 castimoniae
1763 4773 2028 4843 deditum,
2061 4786 2115 4832 et

543 4844 745 4892 statum
769 4855 964 4908 purum
993 4847 1062 4923 ab
1091 4853 1239 4907 omni
1275 4859 1685 4924 perturbatione
1707 4872 1760 4919 et
1793 4867 2115 4924 confusione

543 4928 866 4999 immunem,
892 4944 945 4990 et
976 4943 1327 5001 serenitatem
1347 4949 1734 5017 clarissimam,
1757 4964 1810 5011 et
1827 4959 2116 5014 tenebrosa

542 5020 886 5095 obscuraque
934 5043 1092 5089 nocte
1124 5040 1476 5110 exorientem,
1517 5053 1577 5099 ut
1623 5047 1808 5104 dicere
1864 5053 2040 5120 possis
2094 5071 2108 5108 :

549 5129 569 5162 ι
609 5110 734 5168 Haec
760 5114 899 5185 dies,
936 5135 1098 5190 quam
1137 5125 1267 5181 fecit
1313 5129 1600 5197 Dominus,
1649 5110 2004 5201 exsultemus.
2058 5151 2111 5196 et

543 5201 788 5258 laetemur
817 5207 870 5262 in
901 5225 964 5265 ea
992 5215 1058 5269 9‘.
1083 5234 1101 5266 ι
1126 5215 1383 5276 Reserate
1401 5224 1532 5277 mihi
1553 5227 1755 5297 itaque,
1784 5233 1959 5300 angeli
1987 5232 2104 5297 Dei,

539 5293 767 5364 iustitiae
795 5311 983 5370 portas
1017 5328 1031 5363 :
1064 5310 1122 5364 in
1155 5312 1278 5368 illas
1302 5315 1584 5387 ingressus
1613 5293 1958 5379 «conﬁtebor
1988 5327 2105 5392 tibi,

544 5387 693 5458 quod
740 5394 1015 5452 exaudisti
1054 5415 1171 5468 me,
1224 5411 1279 5459 et
1327 5404 1505 5463 factus
1558 5423 1618 5464 es
1662 5411 1795 5466 mihi
1856 5415 1908 5468 in
1956 5418 2105 5470 salu-

2227 3219 2428 3272 ἀτόπου
2462 3220 2554 3272 καὶ⁵
2583 3220 2812 3290 αἰσχρᾶς
2849 3217 3098 3291 ὀρέξεως.

2291 3313 2461 3382 Φεύγε
2507 3314 2684 3366 τοίνυν
2713 3312 2811 3375 τὰς
2842 3313 3284 3383 συναναστροφὰς
3327 3311 3434 3365 τῶν
3461 3311 3778 3382 ἀκαθάρτων

2221 3405 2379 3468 νέων,
2414 3406 2522 3458 τῶν
2555 3423 2614 3459 τε
2652 3406 2961 3476 εὐμόρφων,
2991 3406 3100 3458 τῶν
3125 3422 3184 3457 τε
3216 3405 3497 3475 ἀμόρφων.
3524 3404 3695 3457 Ὅταν
3726 3403 3776 3456 δὲ

2221 3497 2399 3568 καιρῷ
2449 3515 2553 3550 τινι
2585 3497 2935 3569 συναισθήσῃ,
2974 3497 3068 3551 καὶ
3110 3496 3423 3568 καταλάϐῃς
3465 3495 3662 3550 σαυτὸν
3697 3496 3776 3548 ἑν-

2219 3589 2374 3659 οχλού
2384 3606 2539 3660 μενον
2565 3589 2668 3642 ὐπὸ
2693 3588 2786 3642 τοῦ
2817 3589 3021 3658 φαύλου
3049 3589 3273 3654 πάθους,
3301 3591 3393 3642 καὶ
3420 3588 3556 3660 πρὸς
3586 3588 3777 3657 γνόφον

2219 3682 2397 3754 ψυχῆς
2452 3685 2545 3736 καὶ
2578 3682 2772 3752 ἰλυώδη
2801 3682 3135 3737 κατάστασιν
3168 3680 3556 3751 ἐκφερόμενον,
3595 3679 3776 3749 νόμιζε

2217 3774 2308 3827 τδν
2334 3773 2456 3828 νούν
2485 3791 2575 3827 σου
2607 3771 2746 3829 εἶναι
2775 3774 2864 3827 τὸν
2900 3774 3121 3844 βασιλέα
3155 3773 3328 3827 Σαοὺλ
3356 3771 3460 3826 ὐπὸ
3489 3771 3584 3824 τοῦ
3617 3787 3776 3840 πονη-

2221 3865 2314 3938 ρού
2373 3867 2680 3936 πνεύματος
2727 3866 2826 3936 τῆς
2883 3866 3256 3938 ὲρωτομανίας
3310 3864 3655 3934 πνιγόμενον,
3690 3864 3774 3917 καὶ

2215 3956 2312 4025 τὴν
2338 3957 2516 4027 βίϐλον
2547 3956 2640 4010 τοῦ
2671 3956 2832 4011 Δαυίδ
2861 3957 3042 4027 φέρων
3071 3959 3150 4020 είς
3175 3956 3358 4027 μέσον,
3383 3956 3657 4054 κατέπᾳδε
3682 3954 3776 4054 τὴν

2216 4047 2440 4118 καρδίαν
2493 4064 2586 4100 σου
2643 4047 2719 4110 ὼς
2765 4043 3218 4115 δαιμονιζομένην
3264 4048 3376 4108 τοῖς
3430 4046 3638 4116 ῥήμασι
3684 4043 3772 4096 τοῦ

2215 4141 2371 4209 ἁγίου
2394 4138 2726 4209 Πνεύματος,
2753 4137 2846 4191 καὶ
2873 4135 3053 4200 καλῶς
3076 4153 3160 4189 σοι
3187 4136 3338 4190 ἔσται
3366 4136 3424 4187 ὲν
3456 4134 3535 4205 τῷ
3559 4134 3780 4204 ψάλλειν.

2213 4230 2348 4301 πρὸς
2388 4229 2626 4300 Κύριοψ
2665 4247 2683 4279 ι
2714 4225 2949 4291 Φύλαξόν
2990 4243 3056 4295 με
3107 4227 3215 4279 ἀπὸ
3278 4224 3503 4293 παγίδος
3536 4219 3606 4295 ἦς
3653 4241 3773 4277 συν-

2214 4321 2508 4391 εστήσαντό
2541 4338 2649 4390 μοι,
2681 4319 2775 4372 καὶ
2797 4318 2902 4372 ἀπὸ
2930 4318 3238 4373 σκανδάλων
3265 4317 3371 4371 τῶν
3397 4316 3775 4388 ἐργαζομένων

2213 4413 2314 4484 τὴ]
2341 4413 2592 4482 ἀνομίαν·
2633 4429 2652 4463 ι
2686 4411 2812 4475 καὶ,
2853 4430 2871 4462 ι
2904 4409 3092 4465 Ῥῦσαί
3149 4427 3216 4480 με
3264 4410 3328 4462 ὲκ
3362 4410 3543 4480 χειρὸς
3571 4406 3776 4478 ἐχθρῶν

2213 4503 2321 4556 τῶν
2346 4501 2788 4556 καταδιωκόντων
2825 4519 2911 4573 με.
2939 4521 2957 4553 ι
2986 4502 3099 4555 Καὶ
3132 4501 3192 4554 τὸ
3224 4500 3322 4572 μὲν
3355 4499 3631 4569 δαιμόνιον
3656 4499 3776 4561 τούς

2215 4594 2391 4658 θείους
2414 4595 2602 4662 λόγους
2613 4594 2708 4648 καὶ
2730 4593 2826 4664 τὴν
2851 4593 3205 4665 μεγαλωφελῆ
3231 4591 3495 4662 μελῳδίαν
3522 4590 3774 4661 φοϐηθὲν,

2209 4687 2302 4742 καὶ
2320 4685 2624 4756 αἰσχυνθὲν,
2650 4685 3020 4756 ἁποπτήσεται
3048 4683 3155 4737 ἀπὸ
3183 4683 3302 4736 σοῦ’
3337 4683 3496 4746 αὐτὸς
3519 4681 3577 4734 δὲ
3603 4684 3666 4735 ὲκ
3685 4680 3773 4734 τοῦ

2209 4777 2410 4832 λάκκου
2439 4775 2539 4846 τῆς
2569 4773 2944 4845 ταλαιπωρίας
2976 4769 3352 4840 ἀνελκυσθήσῃ
3379 4769 3468 4822 διὰ
3497 4769 3599 4838 τῆς
3629 4767 3774 4830 θείας

2211 4869 2450 4940 χάριτος,
2473 4867 2566 4919 καὶ
2591 4865 2695 4935 ὄψῃ
2722 4869 2844 4918 τότε
2868 4862 3006 4932 ἀέρα
3026 4860 3175 4927 ξένον
3209 4860 3451 4928 ἁγνείας,
3486 4860 3582 4914 καὶ
3609 4860 3775 4912 κατά-

2216 4975 2402 5013 στασιν
2443 4956 2626 5026 ἀπαθῆ
2661 4972 2720 5007 τε
2768 4955 2862 5008 καὶ
2891 4952 3155 5023 καθαρὰν,
3187 4952 3279 5004 καὶ
3325 4949 3652 5019 άσύγχυτον,
3682 4949 3774 5001 καὶ

2213 5049 2428 5122 αἰθρίαν
2461 5046 2842 5118 φαιδροτάτην,
2887 5041 3396 5111 ἀναπεταννυμένην
3436 5041 3496 5104 ἐξ
3536 5038 3773 5110 ὁμιχλώ-

2210 5145 2334 5207 δους
2381 5141 2525 5205 τινὸς
2571 5141 2663 5195 καὶ
2711 5139 2944 5209 ζοφερᾶς
2971 5137 3072 5206 τῆς
3099 5133 3313 5197 νυκτὸς,
3344 5133 3471 5186 ὥστ’
3499 5131 3567 5186 ἂν
3601 5134 3772 5186 εἰπεῖν

2212 5251 2304 5289 σε·
2343 5254 2362 5286 ‹
2394 5233 2540 5305 Αὕτη
2569 5234 2602 5303 ἡ
2646 5232 2846 5304 ἡμέρα,
2885 5231 2951 5300 ἣν
2985 5227 3240 5298 ἐποίησεν
3288 5228 3316 5280 ὁ
3351 5225 3576 5299 Κύριος”
3609 5225 3769 5293 ἀγαλ-

2207 5325 2519 5398 λιασώμεθα
2556 5324 2652 5380 καὶ
2704 5321 3092 5394 εὐφρανθῶμεν
3145 5320 3202 5370 ὲν
3249 5318 3406 5388 αὐτῇ.
3437 5337 3455 5369 ι
3501 5317 3769 5383 Ἀνοίξατέ

2219 5432 2309 5486 μοι
2338 5413 2542 5480 λοιπὸν,
2567 5416 2616 5467 οἱ
2645 5412 2861 5482 ἄγγελοι
2884 5411 2978 5464 τού
2998 5407 3154 5474 Θεοῦ,
3181 5405 3355 5472 πύλας
3385 5407 3730 5480 δικαιοσύνης
3751 5425 3773 5443 ι

617 5614 662 5647 ⁸⁸
691 5614 837 5701 P53].
864 5635 984 5688 cu,
1025 5623 1078 5679 9.
1157 5624 1200 5656 ⁸⁷
1235 5621 1366 5681 Luc.
1409 5643 1506 5698 xu,
1538 5628 1628 5697 55,
1665 5631 1752 5686 36.
1830 5631 1877 5662 ⁸⁸
1905 5633 2093 5687 Matth.
2121 5649 2239 5701 xm,
2277 5634 2365 5688 45.
2442 5632 2486 5666 ⁸³
2519 5630 2667 5688 Psal.
2699 5643 2821 5696 οη,
2847 5625 2900 5687 9.
2978 5628 3021 5660 ’θ
3049 5627 3193 5684 Psal.
3224 5644 3351 5694 xxx,
3384 5630 3472 5686 16.
3552 5632 3594 5662 "
3623 5630 3757 5685 Psal.

550 5697 720 5753 cxvn,
746 5687 838 5742 σι.
