3888 6040
200 202 314 329 2'35

1417 274 1947 341 EPISTOLARUM
1983 282 2129 346 LIB.
2166 286 2251 350 II.

3318 297 3423 362 286

194 381 459 437 εἰσελθὼν
481 382 537 435 ὲν
572 382 780 446 αὐταῖς.
818 402 838 435 ‹
878 381 1371 457 Ἐξομολογησομαί
1413 405 1515 450 σοι,
1544 388 1627 441 ὅτι
1660 390 1761 442 ὲπ-

1882 409 1971 448 em
2021 397 2091 452 “.
2157 398 2320 471 205.
2374 398 2701 458 Benedictus
2761 402 2926 470 Deus,
2967 407 3060 476 qui
3096 422 3202 462 non
3227 413 3429 466 amovit

205 474 454 547 ήκουσάς
516 493 641 546 μου,
679 476 773 528 κα)⁵
803 476 988 544 ἐγένου
1041 495 1131 546 μοι
1184 479 1263 542 είς
1309 480 1603 550 σωτηρίαν.
1658 483 1764 534 Εὑ-

192 568 428 639 λογητδς
483 570 511 623 ὁ
557 568 707 632 Θεὸς,
745 568 803 633 ὃς
850 570 949 623 οὐκ
994 571 1267 641 ἀπέστησε
1304 572 1402 643 τὴν
1461 575 1764 654 προσευχήν

194 675 328 729 μου,
358 659 455 712 καὶ
480 659 540 712 τὸ
570 659 715 721 ἔλεος
746 660 909 713 αὐτοῦ
941 663 1035 715 ἀπ’
1068 662 1219 732 ἐμοῦ.
1253 683 1272 714 ι

402 750 573 804 PEH'.
602 780 670 791 -
702 751 1049 825 ΠΕΡΓΑΜΙῼ
1086 754 1560 830 ΔΕΚΕΜΠΡΙΜῼ.

264 842 363 912 Μὴ
399 843 612 912 μέμφου
663 843 752 897 τὸν
786 845 919 897 Θεὸν
963 846 1052 898 τὸν
1096 846 1200 901 τῶν
1250 850 1425 920 μελῶν
1461 849 1763 920 σοφώτατον

192 932 451 1003 ποιητὴν,
498 933 631 986 ἀλλά
662 935 759 1006 τὴν
793 935 990 989 σαυτοῦ
1022 938 1480 1012 φιλαμαρτήμονα
1517 945 1761 1014 γνώμην.

193 1025 369 1077 Οὐδὲν
396 1025 503 1094 γὰρ
536 1026 739 1095 φαῦλόν
759 1029 904 1080 ἐστιν
942 1030 1004 1081 ὲκ
1038 1030 1252 1083 πάντων
1273 1032 1380 1085 τῶν
1412 1033 1763 1104 ἀνθρωπίνων

194 1115 404 1185 μελῶν,
434 1118 552 1171 οὐδὲ
597 1119 1061 1195 κατεγνωσμένον.
1106 1122 1214 1175 Καὶ
1255 1124 1360 1196 γὰρ
1399 1126 1427 1177 ὁ
1469 1126 1763 1199 προπάτωρ

189 1209 361 1278 ἡμῶν
399 1208 569 1280 Ἀδὰμ
609 1211 704 1263 σὺν
756 1214 821 1281 τῇ
864 1212 978 1284 Εῦᾳ
1025 1214 1084 1278 ta
1134 1216 1306 1284 ἀρχῆς
1350 1217 1407 1269 ἐν
1454 1217 1765 1288 παραδείσῳ

192 1294 565 1367 ὑπάρχοντες,
599 1299 773 1352 ταῦτα
802 1296 945 1372 εἶχον
986 1303 1053 1356 τὰ
1089 1304 1223 1375 μέλη
1254 1304 1345 1358 τοῦ
1382 1306 1647 1376 σώματος,
1672 1309 1765 1361 καὶ

190 1388 456 1467 οὐδαμῶς
506 1390 800 1475 ἀπόϐλητοι
846 1393 934 1447 διὰ
976 1395 1044 1448 τὰ
1092 1397 1226 1467 μέλη
1267 1398 1585 1466 γεγόνασιν,
1631 1400 1767 1455 ἀλλά

189 1478 291 1531 διὰ
313 1478 418 1551 τὴν
467 1481 778 1551 παράϐασιν
822 1484 921 1554 τῆς
966 1484 1058 1538 τοῦ
1102 1487 1235 1541 Θεοῦ
1289 1487 1525 1559 ἐντολῆς.
1561 1490 1765 1545 Οὐκοῦν

196 1570 281 1641 μὴ
311 1570 382 1625 τὰ
412 1572 546 1643 μέλη
575 1573 816 1644 μέμφου,
855 1576 991 1630 ἀλλά
1022 1577 1120 1649 τὴν
1152 1580 1485 1650 προαίρεσιν.

718 1668 859 1720 ΡΞΘθ
878 1700 949 1709 —
981 1669 1064 1734 Τῷ
1087 1669 1264 1735 αὐτῷ.

1871 486 2174 543 orationem
2198 504 2394 557 meam,
2428 500 2483 547 et
2510 493 2937 549 misericordiam
2965 512 3120 551 suam
3144 514 3172 551 a
3195 516 3281 554 me
3305 503 3370 556 ⁸³.
3404 522 3423 554 ι

2009 750 2287 806 CLXVIII.
2321 787 2389 796 —
2414 754 2769 811 PERGAMIO
2817 756 3289 817 DECEMPRIMO.

1939 840 2017 897 Ne
2044 845 2293 912 queraris
2329 847 2395 901 de
2426 846 2553 913 Deo,
2588 851 2950 904 membrorum
2987 854 3182 923 opiﬁce
3217 855 3434 922 sapien-

1872 933 2106 1001 tissimo,
2134 937 2226 990 sed
2258 937 2324 991 de
2360 946 2450 991 tua
2483 949 2662 993 mente
2687 942 2741 995 in
2775 954 2993 1011 peccata
3018 946 3242 1014 proclivi
3272 954 3433 1014 atque

1871 1024 2082 1081 aﬂ‘ecta.
2109 1027 2326 1081 Nullum
2354 1032 2496 1083 enim
2532 1048 2595 1086 ex
2619 1035 2870 1089 omnibus
2897 1037 3135 1092 hominis
3174 1038 3433 1091 membris

1870 1132 2118 1185 pravum,
2160 1135 2336 1188 neque
2370 1121 2791 1178 condemnatum
2844 1135 2947 1180 est.
2999 1126 3063 1179 Et
3117 1129 3435 1196 progenitor

1871 1218 2061 1266 noster
2087 1211 2257 1266 Adam
2291 1229 2396 1268 una
2423 1230 2545 1269 cum
2576 1215 2683 1268 Eva
2713 1233 2741 1271 a
2780 1218 3052 1289 principio
3085 1220 3137 1272 in
3180 1202 3434 1289 paradiso

1871 1317 1995 1357 cum
2047 1310 2250 1368 essent,
2304 1304 2419 1359 bazc
2469 1308 2716 1376 corporis
2770 1309 3009 1362 membra
3060 1310 3431 1379 possidebant,

1872 1395 2132 1465 nulloque
2157 1396 2316 1451 modo
2341 1397 2710 1452 membrorum
2738 1414 2901 1453 causa
2924 1444 2938 1465 ,
2981 1401 3074 1455 sed
3102 1402 3244 1467 quod
3295 1418 3433 1472 pra:-

1872 1492 2089 1554 ceptum
2122 1484 2366 1538 divinum
2400 1486 2730 1556 transgressi
2766 1487 3007 1552 fuerunt,
3062 1490 3251 1558 rejecti
3284 1498 3433 1547 sunt.

1870 1570 1990 1629 Non
2026 1574 2210 1645 itaque
2248 1575 2514 1639 membra,
2558 1577 2651 1630 sed
2681 1560 3000 1632 electionem
3038 1594 3257 1635 accusa.

2373 1665 2603 1723 CLXIX.
2634 1699 2704 1708 —
2741 1668 2945 1722 Eidem.

273 1757 341 1809 Εί
373 1757 462 1811 τὸν
492 1757 651 1811 Δαυῒδ
685 1759 961 1830 διασύρεις
1006 1763 1135 1815 δέκα
1181 1764 1448 1834 ἐσχηκότα
1490 1768 1768 1833 γυναῖκας,

1943 1753 2000 1808 ςί
2033 1753 2291 1811 Davidem
2328 1757 2381 1810 in
2412 1757 2618 1812 crimen
2642 1774 2825 1821 vocas,
2855 1760 2995 1828 quod
3028 1760 3214 1814 decem
3236 1776 3435 1816 uxores

194 1849 462 1916 γίνωσκε,
510 1851 591 1905 ὄτι
653 1852 714 1905 οὑ
755 1853 843 1906 διὰ
889 1854 1225 1925 φιληδονίαν,
1261 1857 1395 1911 ἀλλὰ
1443 1858 1529 1913 διὰ
1585 1859 1767 1913 παιδο-

198 1941 392 1995 ποιίαν
421 1939 565 2012 εἶχεν
616 1944 803 2007 αὑτάς.
848 1947 958 1999 Καὶ
1001 1946 1169 2014 ἕδειξέ
1201 1966 1264 2017 γε
1318 1950 1474 2003 τοῦτο
1528 1951 1664 2021 μετά
1709 1951 1769 2005 τὸ

205 2033 443 2102 μιγῆναι
484 2034 714 2099 ταύταις
741 2036 833 2090 τὸν
868 2039 1203 2109 πατραλοίαν
1244 2040 1621 2113 Ἀϐεσσαλὼμ,
1661 2060 1766 2113 μη-

202 2124 329 2177 κέτι
374 2126 634 2180 εἰσελθεῖν
696 2129 832 2200 πρὸς
892 2131 1061 2195 αύτὰς
1125 2132 1415 2203 ἑλόμενος,
1459 2136 1593 2207 μηδὲ
1637 2135 1771 2208 πρὸς

202 2214 378 2286 ἄλλην
406 2219 545 2271 τινά.
572 2220 666 2282 Είς
699 2219 921 2292 ὕστερον
945 2223 1001 2275 δὲ
1030 2228 1480 2298 συγκοιμωμένης
1502 2228 1648 2299 αύτῷ
1675 2230 1773 2298 τῆς

203 2308 594 2378 Σωμανίτιδος,
635 2311 722 2365 διὰ
762 2315 821 2366 τὸ
855 2315 991 2383 ἄγαν
1044 2318 1381 2389 κατεψῦχθαι
1432 2320 1624 2386 αὐτὸν,
1681 2322 1775 2374 καὶ

203 2397 438 2470 χρῄζειν
493 2401 861 2473 θερμότητος,
926 2405 1155 2471 ούδόλως
1208 2408 1528 2473 κατεδέξατο
1575 2410 1775 2478 γνῶναι

203 2492 401 2563 αὐτὴν,
433 2494 568 2565 ὅπερ
598 2496 867 2567 μεγίστης
896 2498 1161 2564 ἀπαθείας
1182 2501 1415 2572 ὑπάρχει
1452 2502 1669 2574 δεῖγμα.

528 2675 646 2727 PO'.
667 2705 738 2713 —
765 2675 995 2747 ΕΛΕΝῌ
1035 2678 1470 2751 ΙΛΚΟΥΣΤΡΙᾼ.

272 2759 449 2833 Πιστὴ
478 2763 574 2833 μὲν
600 2764 772 2828 δοκεῖς
799 2765 1084 2836 ὑπάρχειν,
1120 2770 1231 2831 τοῖς
1261 2768 1304 2820 δ’
1331 2770 1584 2839 Ἕλλησιν
1617 2769 1781 2837 ἁμιλ-

203 2852 423 2917 λᾶσθαι,
464 2856 555 2908 καὶ
585 2858 696 2919 τοῖς
718 2857 968 2921 ἀπίστοις
1012 2842 1382 2929 ἐξομοιοῦσθαι
1440 2862 1777 2927 σπουδάζεις.

204 2947 271 2999 EI
315 2947 421 3016 γάρ
459 2947 731 3011 πιστεύεις
778 2950 1157 3020 ἀναμφιϐόλως
1217 2953 1507 3007 ἀνάστασιν
1560 2954 1782 3010 ἔσεσθαι

204 3036 426 3091 πάντων
454 3036 913 3109 τῶν,τεθνηκότων
931 3042 1067 3111 μετά
1089 3042 1185 3113 τὴν
1207 3045 1512 3098 συντέλειαν
1552 3046 1643 3099 τοῦ
1671 3062 1778 3099 παι

1870 1846 1975 1903 sibi
2002 1846 2335 1915 adjunxerit,
2366 1850 2505 1903 scito
2532 1866 2653 1904 eum
2682 1867 2789 1904 non
2823 1852 3145 1921 voluptatis,
3184 1859 3276 1907 sed
3310 1868 3435 1922 pro-

1869 1938 2226 1993 creandorum
2255 1940 2485 1994 ﬁliorum
2508 1957 2692 1996 amore
2713 1958 2810 1997 eas
2838 1943 3079 1998 duxisse.
3116 1944 3437 2014 lndicioque

1870 2032 1921 2085 id
1955 2032 2147 2098 fuerit;
2182 2048 2305 2087 nam
2328 2040 2636 2103 postquam
2667 2051 2790 2089 cum
2824 2036 2934 2090 illis
2964 2036 3233 2104 parricida
3262 2036 3438 2093 Absa—

1870 2124 1960 2179 lon
1989 2126 2307 2189 consuevit,
2356 2141 2532 2194 neque
2563 2125 2628 2178 ad
2664 2141 2780 2190 eas,
2821 2143 2997 2196 neque
3048 2125 3113 2180 ad
3159 2128 3317 2181 aliam
3347 2127 3435 2180 in-

1872 2214 2041 2271 troire
2074 2216 2271 2270 voluit.
2300 2215 2540 2271 Tandem
2565 2232 2687 2271 cum
2707 2233 2813 2271 una
2835 2234 2956 2272 cum
2980 2234 3065 2279 eo,
3092 2219 3238 2288 quod
3274 2220 3436 2273 nimis

1876 2308 2059 2377 rigens
2106 2307 2474 2376 perfrixisset,
2517 2317 2571 2362 et
2602 2309 2782 2363 calido
2814 2309 3103 2379 indigeret,
3142 2309 3437 2363 Somanitis

1876 2399 2342 2465 obdormisceret,
2395 2417 2624 2471 prorsus
2679 2418 2796 2456 eam
2836 2417 3165 2472 cognoscere
3213 2401 3435 2456 noluit:

1877 2493 2025 2562 quod
2054 2492 2123 2546 ab
2149 2493 2295 2546 omni
2316 2494 2726 2563 perturbatione
2746 2494 3041 2550 immunem
3068 2494 3240 2550 fuisse
3269 2493 3441 2549 maxio

1878 2599 1965 2640 me
1992 2583 2289 2639 convincit.
3128 2644 3131 2645 ν
3246 2650 3253 2671 τ

2154 2674 2359 2732 CLXX.
2382 2706 2453 2717 --
2479 2676 2777 2732 IIELENAS
2814 2677 3157 2733 ILLUSTRI.

1950 2767 2099 2824 Fidei
2136 2777 2339 2824 nostra:
2384 2770 2711 2831 addicta'es.
2746 2778 2804 2823 ut
2846 2771 3085 2837 videris;
3117 2787 3239 2825 cum
3270 2769 3445 2841 genti-

1880 2861 1984 2916 bus
2015 2869 2196 2915 tamen
2232 2862 2499 2926 decenas,
2524 2864 2853 2933 conarisque
2888 2864 3018 2916 totis
3044 2864 3254 2917 viribus
3284 2861 3443 2931 205

1884 2953 2219 3009 consimilem
2256 2955 2361 3009 illis
2393 2956 2578 3008 ludum
2617 2955 2824 3009 ludere.
2892 2955 3102 3009 Etenim
3131 2956 3175 3009 si
3218 2955 3446 3009 ﬁrmiter

1885 3052 2059 3108 tenes,
2108 3052 2228 3113 post
2266 3046 2553 3113 praesentis
2598 3045 2697 3098 aevi
2740 3046 3211 3113 consumptionem
3248 3044 3445 3099 delun-

209 3126 395 3195 ρόντος
432 3125 643 3190 αἰῶνος,
688 3128 740 3182 τί
766 3131 981 3194 πενθεῖς
1030 3133 1122 3185 καὶ
1163 3135 1524 3198 κατακόπτεις
1581 3135 1773 3207 σαυτὴν

1884 3144 2095 3191 ctorum
2142 3136 2387 3189 onmium
2416 3137 2877 3191 resurrectionem
2934 3136 3267 3200 adfuturam,
3314 3136 3442 3206 quid

205 3217 508 3282 ἀπαύστως
536 3220 627 3272 καὶ
661 3210 1125 3293 ἀπαρηγορήτως;
1157 3227 1275 3279 Κᾶν
1308 3226 1415 3298 γὰρ
1457 3229 1778 3299 κεκοίμηται

205 3309 235 3361 ὁ
270 3307 542 3377 βέλτιστος
574 3310 687 3373 υἱός
713 3329 804 3365 σου
840 3312 1159 3385 Νικάρετος,
1191 3320 1479 3387 μονογενής
1501 3335 1580 3371 σοι
1610 3319 1779 3389 ὑπάρ-

206 3419 343 3473 χων,
371 3401 484 3455 ἀλλ’
518 3400 611 3456 οὖν
640 3419 704 3471 γε
743 3404 850 3476 δψῃ
868 3404 1052 3458 τοῦτον
1079 3408 1134 3459 ὲν
1166 3410 1230 3478 τῇ
1263 3408 1440 3479 ἡμέρᾳ
1485 3409 1662 3481 ἐκείνῃ
1690 3409 1781 3462 εύ-

207 3493 578 3564 πρεπέστερον
609 3494 785 3567 ἡλίου,
814 3498 948 3567 μετά
1000 3499 1154 3569 δόξης
1199 3500 1434 3569 ἀρρήτου
1481 3501 1574 3554 καὶ
1616 3500 1783 3569 ἀγαλ-

207 3585 438 3649 λιάσεως
466 3586 543 3657 τῷ
574 3586 835 3659 βασιλικῷ
866 3588 1268 3659 παριστάμενον
1300 3589 1492 3660 θρόνῳ,
1526 3591 1621 3644 καὶ
1678 3590 1778 3654 τὰς

210 3676 352 3746 ὑπὲρ
389 3677 482 3729 σοῦ
527 3679 735 3741 ἱκεσίας
784 3680 1157 3751 προσφέροντα
1206 3681 1423 3751 Χριστῷ
1472 3681 1549 3751 τῷ
1598 3682 1783 3751 φιλαν-

212 3768 548 3840 θρωποτάτῳ
577 3770 796 3825 Βασιλεῖ
822 3770 929 3823 τῶν
958 3769 1187 3825 αἰώνων.
1210 3771 1319 3824 Καὶ
1347 3773 1466 3824 τότε
1511 3773 1574 3841 δὴ
1621 3790 1782 3827 σεαυ-

211 3861 315 3930 τὴν
348 3862 694 3931 μακαρίσεις,
724 3860 1001 3932 θεωροῦσα
1024 3863 1115 3916 τὸν
1156 3865 1220 3917 ἐκ
1272 3864 1369 3933 τῆς
1430 3863 1637 3927 κοιλίας
1686 3881 1780 3917 σου

216 3952 612 4029 γεγεννημένον
635 3954 748 4007 υίὸν
781 3956 861 4017 είς
904 3954 964 4007 τὸ
1018 3955 1336 4025 ἐπουράνιον
1383 3954 1637 4008 παλὰτιον
1686 3954 1782 4024 τὴν

212 4047 486 4116 διαγωγὴν
520 4046 729 4116 ἔχοντα,
756 4046 850 4098 καὶ
880 4047 1014 4117 πρὸς
1035 4047 1123 4100 τὸν
1156 4047 1286 4101 Θεὸν
1308 4047 1395 4098 τὸν
1432 4047 1608 4100 πάντα
1630 4045 1783 4114 δεδη-

219 4138 592 4207 μιουργηκότα
641 4137 1172 4209 παρρησιαζόμενος,
1224 4137 1483 4208 ρυσθέντα
1532 4138 1628 4207 μὲν
1690 4134 1781 4190 τοῦ

216 4230 422 4298 κόσμου
472 4230 565 4283 καὶ
602 4232 701 4299 τῆς
733 4230 1067 4283 πολυπλόκου
1094 4229 1367 4300 ἁμαρτίας
1403 4229 1498 4298 τῆς
1525 4232 1581 4280 ὲν
1611 4228 1783 4299 τούτῳ

217 4321 652 4392 πολιτευομένης,
683 4322 949 4392 ἀχράντου
982 4321 1037 4373 δὲ
1093 4322 1185 4373 καὶ
1227 4320 1553 4379 ἁπταίστου,
1594 4320 1785 4389 ἀμερί-

225 4429 357 4481 μνου
388 4429 447 4465 τε
496 4412 590 4466 καὶ
616 4413 892 4482 ἀφθάρτου
920 4413 999 4475 είς
1043 4412 1213 4465 αίῶνα
1244 4412 1389 4481 ζωῆς
1419 4410 1779 4499 ἀπολαύοντα.
1813 4450 1857 4505 D

219 4504 430 4558 Παῦσαι
465 4504 641 4558 τοίνυν
668 4503 871 4575 ταύτης
895 4503 994 4572 τῆς
1025 4502 1231 4572 ψεκτῆς
1266 4503 1645 4573 μικροψυχίας,
1666 4490 1671 4499 ’
1690 4500 1783 4554 καὶ

220 4595 566 4665 τῶνάφάτων
598 4595 832 4668 θρήνων,
884 4596 1057 4666 χαρὰν
1100 4594 1157 4647 δὲ
1208 4593 1480 4663 μακαρίαν
1530 4593 1784 4656 ἁνάλαϐε,

223 4688 317 4741 καὶ
345 4686 585 4758 χρηστὰς
618 4686 963 4756 προσδοκίας,
984 4686 1077 4740 καὶ
1108 4684 1316 4754 ἀγαθὰς
1345 4685 1580 4750 ἐλπίδας,
1606 4686 1691 4739 ἵνα
1713 4685 1786 4756 μὴ

224 4779 319 4833 καὶ
351 4779 442 4832 τὸν
477 4779 657 4841 καλῶς
684 4778 986 4831 ἀπελθόντα
1016 4778 1129 4832 υίόν
1172 4795 1265 4830 σου
1297 4776 1374 4847 τῷ
1408 4777 1592 4829 πένθει
1642 4794 1788 4844 παρ-

226 4869 471 4941 οργίσῃς,
502 4869 595 4923 καὶ
624 4869 715 4924 τὸν
744 4870 1179 4939 προσλαϐόμενον
1220 4869 1378 4922 αὑτὸν
1422 4869 1784 4938 φιλοστόργως

229 4962 501 5031 Δεσπότην
560 4962 936 5031 ἀγανακτῆσαι
990 4961 1130 5015 κατά
1188 4961 1280 5013 σοῦ
1342 4962 1780 5031 παρασκευάσῃς.

230 5051 547 5122 Μνημόνευε
600 5052 657 5106 δὲ
702 5051 795 5105 τοῦ
847 5050 999 5120 ἁγίου
1067 5052 1385 5105 Ἀποστόλου
1440 5038 1737 5121 γράφοντος
1768 5068 1783 5081 ·

238 5161 257 5194 ι
288 5142 361 5195 Οὐ
418 5142 555 5196 θέλω
611 5144 753 5213 ὑμᾶς
801 5142 1082 5195 λυπεῖσθαι
1118 5142 1247 5213 περὶ
1285 5141 1393 5194 τῶν
1415 5143 1785 5212 κοιμωμένων,

231 5232 416 5304 ὥσπερ
465 5233 757 5288 λυποῦνται
813 5232 1067 5303 ’Έλληνες
1130 5230 1204 5301 μὴ
1246 5230 1458 5301 ἔχοντες
1511 5231 1720 5286 ὲλπίδα.
1761 5249 1780 5283 ι

1880 3227 2113 3292 indoles,
2150 3237 2309 3298 teque
2339 3230 2622 3296 metipsam
2665 3229 3037 3283 indesinenter
3077 3237 3131 3282 et
3186 3228 3444 3283 inconso-

1881 3320 2117 3374 labiliter
2146 3306 2436 3389 maceras?
2470 3320 2617 3373 Licet
2645 3319 2788 3377 enim
2824 3319 3067 3388 optimus
3101 3328 3249 3379 tuus,
3284 3325 3446 3386 atque

1880 3413 2115 3480 unigena
2148 3412 2290 3465 ﬁlius
2327 3412 2613 3467 Nicaretus
2650 3410 3061 3472 obdormiverit,
3095 3422 3217 3461 eum
3236 3406 3437 3460 nihilo-

1888 3504 2069 3559 minus
2130 3517 2194 3556 eo
2233 3501 2319 3556 die
2364 3502 2477 3556 sole
2512 3502 2630 3571 ipso
2655 3500 3079 3570 praeclariorem.
3112 3512 3235 3552 cum
3270 3495 3445 3566 gloria

1881 3609 2001 3664 qua:
2019 3593 2195 3647 verbis
2211 3592 2441 3661 exprimi
2468 3592 2690 3646 minime
2713 3599 2909 3659 potest,
2933 3600 2985 3644 et
3003 3588 3219 3658 gaudio,
3246 3588 3445 3641 throno

1880 3686 2028 3755 regio
2055 3692 2349 3747 astantem,
2396 3698 2693 3753 precesque
2745 3697 2844 3749 pro
2895 3689 2947 3735 te
2995 3681 3213 3734 Christo
3249 3680 3445 3732 huma-

1882 3777 2112 3833 nissimo
2156 3775 2285 3845 Regi
2327 3776 2651 3830 saeculorum
2704 3771 3068 3827 ell‘uudentem
3121 3770 3443 3825 intueberis.

1882 3868 2036 3923 Tunc
2062 3868 2314 3938 equidem
2354 3866 2681 3920 fortunatam
2717 3874 2767 3919 te
2790 3866 2963 3929 dices,
3002 3865 3171 3917 ﬁlium
3200 3879 3228 3917 e
3255 3870 3447 3917 ventre

1882 3970 1975 4016 tuo
2003 3961 2344 4030 progenitum
2378 3958 2745 4027 conspiciens,
2778 3957 2830 4009 in
2859 3958 3069 4010 ctelesti
3105 3970 3447 4009 commoran—

1882 4064 1989 4107 tem
2021 4052 2250 4121 palatio,
2281 4064 2494 4117 unaque
2533 4064 2655 4102 cum
2691 4047 2801 4101 Deo
2832 4062 3016 4100 rerum
3059 4046 3301 4099 omnium
3336 4047 3448 4115 opi-

1884 4142 1983 4197 ﬁce
2016 4139 2355 4194 conﬁdenter
2389 4152 2672 4192 sermones
2720 4135 3127 4200 conferentem;
3160 4151 3189 4189 e
3220 4136 3443 4201 mundo,

1883 4233 2277 4303 multiplicique
2320 4241 2562 4300 peccato,
2594 4228 2740 4299 quod
2776 4227 2831 4281 in
2861 4243 2925 4282 eo
2963 4236 3067 4292 est,
3105 4227 3357 4290 liberum,
3391 4234 3446 4281 et

1885 4326 2236 4394 incorruptae,
2258 4322 2597 4385 illabel‘actze,
2619 4335 2832 4374 necnon
2856 4319 3071 4374 curiset
3096 4320 3447 4387 corruptione

1884 4416 2145 4469 immunis
2183 4429 2279 4483 per
2312 4428 2473 4466 omne
2504 4426 2679 4465 a:vum
2725 4411 2849 4463 vitae
2880 4409 3221 4478 participem.
3256 4407 3443 4462 Finem

1884 4508 2071 4577 itaque
2094 4522 2232 4577 pone
2253 4503 2600 4574 vituperabili
2633 4504 2800 4556 animi
2832 4501 3097 4572 angustiae
3125 4508 3178 4555 et
3207 4499 3445 4553 infandis

1883 4598 2167 4669 lacrymis;
2200 4605 2255 4652 et
2288 4597 2506 4650 beatum
2554 4595 2837 4664 gaudium,
2879 4594 3051 4647 bonas
3079 4592 3447 4661 exspectatio-

1885 4706 2002 4755 nes,
2026 4691 2359 4760 probamque
2391 4703 2539 4757 spem
2568 4702 2808 4750 resume,
2841 4700 2909 4740 ne
2952 4685 3118 4737 ﬁlium
3147 4692 3321 4747 tuum,
3354 4682 3447 4752 qui

1886 4783 2228 4838 laudabiliter
2262 4797 2328 4835 ex
2352 4781 2453 4833 hac
2478 4780 2587 4832 vita
2624 4778 2884 4841 excessit,
2916 4776 2970 4830 in
3017 4777 3150 4828 iram
3176 4774 3445 4837 concites,

1886 4885 1939 4928 et
1963 4873 2151 4937 Deum,
2180 4872 2271 4940 qui
2305 4887 2427 4925 eum
2447 4878 2695 4923 amanter
2714 4868 2877 4921 nimis
2905 4867 3137 4934 excepit,
3168 4864 3448 4918 oﬁendelts

1888 4964 2035 5018 illius
2064 4965 2196 5018 inte
2228 4963 2364 5016 iram
2397 4960 2627 5029 adigas;
2678 4973 2928 5028 sazpeque
2971 4956 3171 5011 dictum
3204 4955 3447 5024 Apostoli

1888 5053 2153 5108 memoria
2203 5052 2383 5107 recole
2416 5068 2429 5104 :
2472 5068 2490 5101 ι
2521 5049 2657 5103 Nolo
2689 5064 2787 5104 vos
2839 5047 3046 5102 tristari
3092 5047 3158 5101 de
3194 5046 3445 5108 mortuis,

1891 5143 2345 5214 quemadmodum
2387 5143 2681 5196 tristantur
2729 5146 2940 5211 gentes,
2968 5155 3090 5208 quae
3137 5153 3286 5208 spem
3335 5153 3448 5192 non

1893 5234 2212 5291 habent“.»
2238 5256 2255 5288 ι
2289 5235 2562 5291 Continuo
2598 5237 2780 5305 itaque
2806 5233 3054 5305 gaudete,
3081 5230 3449 5285 indesinenter

237 5345 257 5380 ι
296 5326 532 5379 Πάντοτε
554 5322 644 5380 οὖν
673 5326 912 5397 χαίρετε,
941 5324 1296 5387 ἀδιαλείπτως
1325 5323 1705 5393 προσεύχεσθε,
1734 5325 1773 5377 ei

1894 5336 2069 5391 orate,
2104 5329 2156 5383 in
2181 5329 2436 5385 omnibus
2459 5330 2664 5401 gratias
2689 5328 2830 5400 agite
2862 5343 2876 5382 :
2914 5326 3029 5381 haec
3057 5331 3141 5380 est
3176 5322 3323 5378 enim
3357 5335 3448 5377 νο*

234 5418 394 5471 παντὶ
411 5418 772 5490 εὐχαριστεῖτε
806 5437 818 5452 υ
865 5418 1022 5472 τοῦτο
1060 5417 1167 5489 γάρ
1195 5417 1310 5471 ἐστι
1338 5414 1400 5469 τὸ
1439 5414 1648 5486 θέλημα
1696 5415 1773 5469 τοῐ

1894 5419 2074 5475 luntas
2102 5416 2196 5474 Dei
2224 5418 2289 5473 ".
2327 5438 2348 5472 ι

234 5505 389 5559 Θεοῦ.
427 5526 447 5559 ι

304 5683 349 5716 ⁹²
401 5679 545 5739 Psal.
577 5698 742 5749 cxvu,
767 5681 855 5739 28.
933 5684 977 5717 ’³
1011 5680 1155 5739 Psal.
1196 5697 1320 5750 va,
1356 5681 1444 5738 ‘20.
1522 5684 1563 5715 ³³
1597 5680 1834 5737 l'l'hess.
1867 5698 1938 5744 ιν,
1977 5682 2055 5736 li.
2133 5683 2175 5713 θ’
2214 5680 2226 5734 l
2262 5680 2451 5738 Thess.
2488 5699 2536 5748 v,
2571 5681 2748 5737 lG-l8.
