3888 6040
489 329 608 390 ’287

575 549 592 582 ι
625 530 856 588 Mundus
889 540 1202 606 pertransit,
1223 550 1277 595 et
1297 543 1630 602 desiderium
1662 550 1737 616 ",
1769 571 1790 603 ι
1824 553 2063 612 Joannes

499 620 702 690 inquit,
737 624 806 677 ob
845 629 1173 696 puritatem,
1226 633 1374 690 lenes
1405 649 1829 714 mansuetosque
1880 661 2060 704 mores

490 709 620 765 Jesu
655 711 907 769 dilectus.
948 714 1004 772 Si
1051 719 1215 790 igitur
1255 724 1588 782 desiderium
1617 709 1944 802 pertransit,
1993 739 2058 792 Il-

487 815 612 854 nem
641 819 836 870 nempe
867 807 1047 873 habet,
1075 819 1126 865 et
1171 816 1392 880 occidit,
1426 835 1662 889 quanam
1697 825 1814 896 ipse
1845 831 2057 888 ratione

487 891 704 957 edoces,
737 905 859 964 post
885 899 1091 953 obitum
1135 909 1430 964 nonnullos
1471 913 1718 970 homines
1758 919 2056 990 voluptati-

486 982 588 1036 ltus
616 987 886 1052 addictos,
937 1007 1132 1049 rursus
1164 1009 1282 1066 post
1321 1012 1551 1058 mortem
1593 1011 1780 1064 mundi
1826 1013 2056 1084 hujusce

485 1077 710 1131 minime
741 1085 986 1149 perpetui
1015 1088 1385 1156 voluptatibus
1417 1095 1672 1153 inhiare?

676 1167 933 1228 CLXXII.
977 1205 1032 1215 —
1061 1176 1502 1238 XENOPIIONTI
1551 1185 1864 1246 DIACONO.

547 1255 836 1318 Paululum
870 1268 1155 1326 remittens
1191 1274 1455 1342 animum,
1486 1281 1666 1337 scelus
1700 1286 2045 1356 commisisti,

477 1355 898 1412 etcontinentiae
917 1359 1152 1430 gloriam
1175 1366 1484 1423 obscurasti
1509 1388 1524 1437 ;
1556 1373 1650 1427 sed
1675 1375 1856 1432 subito
1877 1395 2046 1437 sanus

477 1437 680 1504 factus,
715 1451 790 1503 et.
833 1445 914 1498 ttti
949 1462 1049 1516 par
1094 1460 1240 1515 erat,
1295 1459 1622 1512 sententiam
1685 1473 1938 1532 mutans,
1976 1469 2042 1522 ad

475 1531 770 1598 pristinum
818 1544 1022 1593 statum
1056 1543 1247 1611 pedem
1285 1547 1488 1603 referre
1534 1556 1868 1611 conveniens
1919 1575 2043 1616 esse

473 1620 821 1690 existimasti,
855 1630 1128 1696 pestifera:
1159 1633 1528 1705 desperationi
1575 1641 1672 1696 tibi
1718 1661 1746 1696 a
1795 1647 2041 1706 daemone

472 1725 744 1783 suggesta:
780 1719 986 1776 aditum
1039 1728 1356 1788 occludens.
1411 1732 1532 1802 Ipse
1581 1739 1850 1808 siquidem
1884 1755 1936 1798 et
1969 1747 2034 1801 ad

469 1807 806 1869 peccandum
859 1815 1161 1881 compellit,
1204 1829 1259 1873 et
1319 1832 1442 1890 post
1495 1835 1766 1894 patratum
1827 1837 2030 1902 scelus,

465 1905 610 1956 eum,
636 1897 726 1963 qui
755 1897 970 1956 facinus
1001 1904 1245 1974 admisit,
1279 1910 1332 1964 in
1363 1911 1804 1984 desperationem
1835 1927 2028 1992 praeci-

465 1983 618 2050 pitat.
647 1985 882 2046 Peccare
910 1993 1076 2064 igitur
1111 1999 1410 2060 humanum
1442 2017 1563 2073 est;
1594 2011 1906 2083 desperatio
1934 2035 2024 2075 sa-

462 2073 704 2129 tanicum
754 2087 807 2133 et
852 2084 1168 2142 exitiosum.
1215 2090 1352 2147 Hinc
1403 2106 1456 2150 et
1506 2100 1759 2160 diabolus
1792 2106 1904 2174 ipse
1955 2111 2026 2165 ob

460 2165 895 2234 desperationem
925 2175 977 2230 in
1009 2183 1296 2238 consimile
1325 2189 1551 2244 exitium
1585 2203 1742 2251 actus
1766 2208 1869 2263 est,
1902 2215 2024 2256 cum

461 2345 759 2403 corrobora
780 2359 855 2414 te,
878 2365 932 2409 et
963 2373 1058 2412 cor
1087 2370 1239 2418 tuum
1273 2369 1482 2424 meliori
1521 2389 1616 2440 spe
1643 2379 2021 2438 confirmatum

459 2435 788 2495 stabiliatur.
837 2443 1081 2520 Namque
1122 2469 1216 2524 spe
1258 2473 1364 2514 non
1401 2435 1920 2536 mala-conﬁdimus,
1972 2485 2022 2531 te

457 2537 605 2579 nunc
645 2531 878 2598 majores
922 2537 1138 2598 labores
1185 2548 1643 2621 amplexaturum,
1677 2569 1729 2612 et
1758 2562 2021 2618 subsecu-

457 2622 580 2668 tura
607 2620 888 2690 diligentia
932 2631 1158 2697 primam
1212 2638 1423 2695 cladem
1459 2643 1811 2716 reiecturum,
1841 2661 1893 2708 et
1928 2671 2020 2710 co.

455 2719 647 2760 ronam
676 2713 936 2772 adversus
969 2720 1205 2792 hostem,
1236 2731 1328 2798 qui
1365 2732 1458 2786 tibi
1499 2735 1790 2804 invidet-at.
1824 2759 2017 2800 conse-

454 2807 730 2858 cuturum.
781 2804 845 2860 Et
893 2811 1200 2904 videbimus
1235 2829 1298 2874 te‘
1325 2825 1672 2896 cunilaginis,
1715 2839 1768 2886 et
1802 2837 2015 2906 vestigii

451 2888 630 2957 exigui
690 2893 837 2958 vice,
887 2889 1211 2970 cupressum
1246 2911 1446 2982 altam,
1485 2917 1871 2991 imputridam,
1928 2935 2013 2981 at-

450 2993 556 3046 que
591 2982 750 3054 207
780 2987 1080 3060 odoratam,
1116 3009 1207 3053 aut
1249 3005 1481 3072 palmam
1519 2982 1853 3070 fructiferam
1885 3034 2015 3074 con-

449 3075 712 3140 tinentim,
746 3088 797 3132 et
832 3082 1079 3140 laborum
1107 3097 1496 3162 perpessionis,
1523 3109 1806 3174 tantopere
1826 3109 1894 3163 ab
1921 3111 2006 3174 iis,

447 3166 540 3232 qui
586 3171 960 3236 paenitentiam
989 3183 1236 3238 ambiunt
1262 3193 1591 3261 concupitae,
1620 3199 1794 3268 alapis
1818 3218 2011 3270 percu-

449 3257 690 3325 tientem,
732 3266 822 3331 qtti
873 3275 925 3322 te
965 3285 1060 3337 per
1089 3285 1372 3342 peccatum
1404 3257 1772 3354 percusserat,
1815 3257 2010 3350 diabo-

444 3349 577 3404 lum.
631 3354 865 3410 Alllictio
914 3363 1093 3430 enim,
1125 3383 1263 3436 qua:
1317 3385 1510 3443 sponte
1563 3384 1902 3450 assumitur,
1953 3397 2009 3444 et

442 3456 645 3522 mceror
683 3448 1045 3518 voluntarius,
1097 3463 1152 3510 et
1197 3465 1439 3530 perpessi
1495 3469 1722 3537 pulchre
1766 3474 2003 3543 labores,

1033 3517 1039 3518 ,
1197 3517 1209 3526 _
1293 3517 1307 3530 ,
1497 3517 1722 3537 των..-
1766 3517 2003 3543 ...υνηςη

441 3517 614 3586 multo
647 3546 774 3590 sunt
802 3551 999 3608 [ιι-αξιοι·
1031 3548 1200 3602 animi
1231 3557 1556 3613 sententiam
1588 3564 1770 3632 quiete
1799 3575 1850 3620 et
1871 3584 2008 3638 gau-

439 3623 532 3678 dio
587 3630 866 3687 suaviores
919 3643 974 3688 et
1037 3641 1412 3707 pretiosiores.
1457 3648 1570 3706 Erit
1604 3623 1780 3724 igitur
1829 3623 2004 3728 gloria

436 3715 824 3777 intellectualis
855 3723 1049 3784 domus
1080 3739 1185 3786 tute
1237 3747 1514 3804 postrema
1555 3759 1722 3814 super
1743 3749 2000 3819 primam,

436 3812 490 3860 et
517 3806 770 3864 thronum
789 3814 973 3885 gloria:
1001 3819 1350 3883 baereditabis
1370 3829 1436 3894 ’⁷,
1465 3840 1524 3886 ut
1553 3806 1830 3908 prophetae
1859 3841 1976 3897 amr

434 3907 608 3953 mant.

906 3997 1186 4059 CLXXIII.
1217 4039 1278 4048 —
1311 4007 1518 4068 Eidem.

501 4079 706 4140 Domus
738 4087 931 4144 animat
958 4093 1389 4170 uniuscujusque
1415 4119 1659 4174 personae
1687 4109 1996 4171 institutum

431 4185 495 4224 ac
533 4181 708 4230 status
737 4177 862 4233 vitae
887 4180 1108 4239 dicitur.
1145 4187 1242 4243 Est
1276 4207 1507 4264 namque
1530 4199 1724 4256 domus
1746 4203 1993 4272 justitia,

429 4270 486 4316 et
511 4263 708 4322 domus
746 4269 1102 4343 fortitudinis,
1138 4277 1330 4338 domus
1359 4288 1726 4359 continentiae,
1746 4263 1809 4351 et
1841 4298 1995 4352 simi-

428 4352 559 4408 lium
597 4373 612 4411 :
654 4367 707 4412 et
739 4360 855 4416 vice
883 4377 1061 4432 versa,
1101 4367 1295 4428 domus
1329 4374 1634 4444 injustitire,
1677 4384 1872 4442 domus
1925 4389 1994 4443 ti-

427 4443 618 4510 moris,
647 4447 842 4504 domus
873 4449 1266 4525 fornicationis,
1299 4472 1354 4518 et
1395 4466 1480 4522 his
1505 4471 1774 4530 simillima
1810 4495 1823 4532 :
1856 4479 1987 4535 illud

425 4532 610 4604 itaque
644 4555 658 4589 :
694 4537 898 4609 Repleti
937 4556 1065 4600 sunt
1105 4551 1439 4612 obtenebrati
1503 4569 1662 4620 terrae
1714 4568 1971 4626 domibus

423 4623 850 4702 impietatum",
903 4641 1086 4697 multis
1126 4646 1332 4703 scilicet
1377 4668 1442 4707 ac
1494 4659 1659 4714 variis
1699 4663 1981 4722 ail‘ectibus

1977 353 2035 413 S.
2075 355 2238 417 NILI

500 441 666 510 206
716 439 947 498 CLXXI.
976 475 1045 487 -—
1089 447 1528 510 ARISTARCIIO
1591 457 2064 521 PRESBYTERO.
2095 472 2142 527 Α

3629 378 3739 443 288

2363 475 2524 530 POA'.
2557 510 2624 520 _
2659 479 3038 554 ΑΡΙΣΤΑΡΧῼ
3077 485 3543 562 ΠΡΕΣΒΥΤΕΡῼ.

2239 581 2258 616 ι
2317 566 2373 619 '0
2411 569 2611 638 κόσμος
2661 573 2961 643 παράγεται
3011 579 3102 631 καὶ
3135 579 3470 654 ἡέπιθυμία,
3513 603 3532 636 ι
3567 585 3740 656 φησὶν

2162 655 2430 728 Ἰωάννης,
2469 661 2527 714 ὃν
2565 663 2735 728 ἐφίλει
2785 668 2814 718 ὁ
2866 667 3072 738 Ἰησοῦς
3115 671 3202 725 διὰ
3234 673 3330 744 τὴν
3382 655 3740 750 καθαρότητα

2159 749 2253 802 καὶ
2278 749 2339 803 τὸ
2363 755 2534 822 πρᾶον
2555 756 2650 808 καὶ
2677 755 2881 828 ἥμερον
2901 759 2992 812 τοῦ
3032 761 3210 831 ῆθους.
3247 767 3310 819 EI
3335 767 3518 822 τοίνυν
3583 749 3732 841 παρ-

2157 840 2345 906 ἀγεται
2375 845 2407 914 ἠ
2439 845 2717 916 ἐπιθυμία,
2762 851 3004 906 τουτέστι
3069 855 3296 910 παύεται
3342 860 3436 912 καὶ
3490 840 3732 915 ἀπόλλυο

2155 948 2263 994 ται,
2296 934 2411 1000 πῶς
2437 937 2596 1002 αὐτὸς
2625 941 2912 1009 διδάσκεις,
2952 947 3088 1014 μετά
3134 948 3193 1001 τὸ
3226 949 3514 1026 ἀποθανεῖν
3571 971 3730 1018 τινας

2153 1023 2469 1096 ἀνθρώπους
2499 1029 2829 1102 φιληδόνους,
2861 1035 3021 1089 πάλιν
3061 1039 3200 1108 μετὰ
3243 1023 3469 1096 θάνατον
3527 1043 3726 1098 ἐπιθυ-

2156 1117 2274 1167 αείν
2301 1116 2407 1171 τῶν
2431 1118 2526 1172 τοῦ
2551 1123 2883 1195 προσκαίρου
2900 1126 3104 1196 κόσμου
3135 1129 3304 1200 ἡδέων
3328 1148 3344 1198 ;

2389 1208 2554 1265 PUB'.
2587 1243 2655 1252 —
2695 1213 3079 1272 ΞΕΝοφςιΝτι
3138 1221 3456 1294 ΔῘΑΚΟΝῼ.

2213 1298 2426 1369 Μικρὸν
2459 1301 2759 1375 ἀμελήσας,
2787 1309 2923 1379 πρὸς
2960 1311 3235 1382 ἁμαρτίαν
3263 1317 3586 1383 πέπτωκας,
3621 1319 3719 1372 καὶ

2145 1388 2242 1460 τὴν
2266 1389 2420 1456 δόξαν
2450 1395 2548 1464 τῆς
2577 1399 2928 1469 σωφροσύνης
2952 1402 3304 1474 ὴμαύρωσαςο
3337 1407 3472 1462 ἀλλά
3503 1409 3718 1479 ταχέως

2144 1480 2337 1550 νήψας,
2366 1485 2457 1537 καὶ
2477 1488 2990 1563 μεταϐαλ[λ]όμενος
3017 1498 3417 1567 προσηκόντως,
3445 1501 3582 1572 πρὸς
3615 1502 3714 1572 τὴν

2143 1572 2410 1641 προτέραν
2439 1577 2765 1633 κατάστασιν
2791 1583 3218 1657 παλινδρομῆσαι
3239 1589 3443 1644 δίκαιον
3458 1591 3708 1662 ὲλογίσω,

2143 1662 2217 1733 μὴ
2248 1667 2687 1740 παραδεξάμενος
2716 1673 2812 1743 τὴν
2845 1675 3083 1748 ὀλέθριον
3129 1681 3455 1751 ἀπόγνωσιν,
3503 1685 3711 1754 uitare-

2142 1757 2436 1825 ρευομένην
2476 1777 2556 1813 σοι
2590 1761 2694 1814 ὑπὸ
2720 1764 2812 1817 τοῦ
2845 1765 3110 1824 διαϐόλου.
3146 1771 3316 1836 Αὐτὸς
3371 1773 3479 1842 γὰρ
3514 1775 3707 1839 καὶείς

2137 1843 2198 1896 τὸ
2226 1843 2539 1917 ἀμαρτῆσαι
2569 1851 2956 1922 προτρέπεται,
2985 1857 3148 1921 αὐτὸς
3174 1860 3266 1913 καὶ
3309 1861 3448 1931 μετά
3471 1861 3532 1916 τδ
3559 1880 3704 1934 πρα-

2136 1933 2326 2004 χθῆναι
2359 1937 2454 2008 τὴν
2487 1940 2760 2010 ἁμαρτίαν
2784 1944 2914 1999 ὠθεῖ
2955 1947 3090 2018 πρὸς
3133 1949 3438 2019 ἀπόγνωσιν
3469 1953 3566 2006 τὸν
3608 1933 3705 2020 εξ-

2133 2029 2544 2097 αμαρτήσαντα.
2601 2033 2672 2086 Τὸ
2717 2035 2816 2106 μὲν
2851 2033 2944 2092 οὖν
2994 2040 3328 2114 ἀμαρτῆσαι,
3365 2045 3702 2115 ἀνθρώπινον

2132 2117 2389 2190 ὑπάρχειο
2441 2123 2502 2175 τὸ
2547 2125 2604 2178 δὲ
2637 2127 2954 2193 ἀπελπίσαι,
3010 2136 3294 2189 σατανικδν
3343 2137 3434 2190 καὶ
3466 2139 3700 2193 πανολέ-

2132 2208 2299 2280 θριον.
2324 2213 2485 2268 Ὅθεν
2517 2217 2609 2268 καὶ
2633 2219 2794 2282 αὐτὸς
2822 2223 2850 2274 ὁ
2867 2221 3106 2288 διάϐολος
3128 2227 3192 2279 ὲκ
3211 2227 3308 2298 τῆς
3335 2227 3702 2297 ἀπογνώσεως

2129 2300 2210 2362 είς
2229 2300 2483 2374 τοιαύτην
2515 2305 2865 2381 ὲξηκοντίσθη
2891 2309 3186 2382 ἀπώλειαν,
3230 2317 3302 2388 μὴ
3328 2317 3562 2392 θελήσας
3597 2341 3696 2393 με-

2127 2393 2404 2462 τανοῆσαι.
2445 2397 2580 2482 Ἀλλ’
2618 2401 2868 2473 ἀνδρίζου
2915 2407 3008 2459 καὶ
3041 2407 3213 2477 ἴσχυε,
3265 2410 3359 2465 καὶ
3403 2413 3698 2483 κραταιού-

2130 2483 2240 2536 σθω
2265 2488 2294 2557 ή
2329 2475 2520 2558 καρδία
2553 2509 2666 2555 σου,
2695 2496 2812 2552 ταῖς
2842 2475 3229 2570 χρηστοτέραις
3253 2475 3694 2576 ἐλπίσι-νευρούσ

2129 2593 2306 2644 μενος.
2345 2581 2677 2654 Πλιστεύομεν
2701 2586 2808 2655 γὰρ
2839 2588 3060 2644 πλείονά
3101 2591 3160 2644 σέ
3187 2591 3280 2646 νῦν
3335 2597 3536 2666 μᾶλλον
3571 2601 3692 2652 ἑπι-

2123 2666 2395 2732 δείξασθαι
2435 2673 2612 2734 πόνον,
2647 2677 2737 2756 καὶ
2774 2678 2872 2747 τὴν
2895 2681 3167 2751 προτέραν
3197 2679 3366 2756 ἦτταν
3416 2689 3690 2744 ἀναπαλέ-

2126 2773 2214 2810 σαι
2257 2761 2321 2829 τῇ
2355 2761 2490 2828 μετά
2515 2747 2694 2817 ταῦτα
2731 2768 2953 2840 σπουδῇ,
2994 2771 3086 2823 καὶ
3137 2778 3688 2850 καταστεφανωθῆναι

2121 2847 2214 2898 τοῦ
2245 2850 2536 2904 ἀντιπάλου
2564 2854 2655 2907 τοῦ
2683 2855 3036 2926 ὲφθονηκὸτος
3061 2879 3159 2916 σοι.
3194 2864 3302 2917 Καὶ
3341 2847 3596 2937 ὁψόμεθά-
3627 2887 3686 2924 σε

2122 2937 2240 2991 ἀντὶ¹
2304 2943 2534 3015 κονύζης
2579 2948 2672 3000 καὶ
2738 2951 2954 3021 στοιϐῆς
2987 2953 3296 3026 ἐλαχίστης,
3349 2963 3686 3032 κυπάρισσον

2121 3029 2348 3102 ὑψηλὴν,
2382 3035 2622 3105 ἄσηπτον
2677 3041 2770 3093 καὶ
2816 3042 3010 3113 εὐώδη,
3059 3046 3092 3116 ἢ
3136 3047 3354 3116 φοίνικα
3407 3029 3682 3124 εὔκαρπον

2117 3125 2228 3186 τοῖς
2251 3125 2433 3196 κόλοψι
2457 3127 2556 3197 τῆς
2588 3131 2929 3202 ἐγκρατείας,
2949 3137 3040 3190 καὶ
3066 3137 3166 3208 τῆς
3189 3143 3561 3209 κακοπαθείας
3581 3147 3682 3218 τῆς

2113 3215 2382 3286 γλυκερᾶς
2405 3221 2516 3283 τοῖς
2555 3227 2830 3291 μετανοεῖν
2857 3230 3198 3296 σπεύδουσιν,
3231 3233 3536 3303 πλήττοντα
3588 3239 3680 3293 τὸν

2113 3305 2390 3378 πλήξαντα
2419 3328 2476 3364 σε
2506 3313 2591 3368 διὰ
2611 3319 2710 3386 τῆς
2731 3319 3002 3390 ἁμαρτίας
3017 3323 3274 3380 διάϐολον.
3301 3328 3372 3381 Τὸ
3391 3329 3500 3397 γάρ
3518 3332 3675 3386 ἑκού-

2109 3413 2220 3450 σιον
2271 3399 2532 3473 θλιϐερὸν,
2563 3406 2744 3459 καὶτὸ
2781 3409 2922 3463 κατὰ
2963 3410 3218 3484 βούλησιν
3259 3417 3514 3489 ὀδυνηρὸν
3581 3424 3674 3476 καὶ

2105 3489 2356 3544 ἐπίπονον
2393 3493 2491 3562 τῆς
2531 3495 2700 3566 καλῆς
2723 3501 3114 3571 κακοπαθείας,
3137 3506 3316 3579 πολλῷ
3344 3510 3672 3581 γλυκύτερόν

2103 3597 2162 3633 τε
2202 3584 2296 3636 καὶ
2355 3587 2761 3661 προτιμώτερον
2809 3593 2908 3662 τῆς
2945 3595 3200 3652 ἀκουσίου
3231 3600 3588 3668 ἀναπαύσεώς
3609 3623 3668 3659 τε

2103 3672 2196 3725 καὶ
2250 3674 2512 3746 τέρψεως.
2569 3680 2764 3734 Ἔσται
2813 3685 2991 3739 τοίνυν
3059 3690 3092 3756 ἡ
3143 3689 3269 3756 δόξα
3319 3693 3414 3748 τοῦ
3477 3697 3666 3764 νοητοῦ

2102 3763 2251 3818 οίκου
2283 3783 2374 3820 σου
2409 3769 2440 3838 ἠ
2472 3770 2672 3841 ἐσχάτη
2711 3774 2850 3846 ὑπὲρ
2902 3776 2999 3848 τὴν
3039 3778 3282 3850 πρώτην,
3331 3784 3424 3837 καὶ
3480 3763 3666 3854 θρύνον

2099 3855 2258 3928 δόξης
2279 3860 2864 3934 κατακληρονομήσεις,
2887 3869 2963 3932 ὡς
3007 3870 3056 3922 oi
3081 3874 3353 3944 προφῆταί
3367 3893 3520 3944 φασι.

2585 4043 2730 4095 P0!"
2760 4073 2826 4086 υ-
2861 4046 2944 4110 Τῷ
2979 4049 3156 4113 αὐτῷ.

2169 4123 2326 4190 Οἶκος
2345 4127 2536 4198 ζψυχῆς
2583 4133 2615 4200 ἡ
2663 4132 2892 4186 ἑκάστου
2947 4137 3236 4205 προσώπου
3275 4141 3516 4215 διαγωγὴ
3567 4149 3659 4202 καὶ

2095 4218 2423 4285 κατάστασις
2454 4219 2687 4290 λέγεται.
2756 4226 2910 4278 Ἐστι
2955 4229 3062 4299 γὰρ
3105 4225 3250 4296 οἶκος
3297 4233 3655 4309 δικαιοσύνης,

2095 4309 2184 4363 καὶ
2199 4306 2345 4374 οἶκος
2368 4313 2635 4384 ἀνδρείας,
2662 4316 2755 4369 καὶ
2783 4313 2929 4382 οἶκος
2985 4325 3353 4397 σωφροσύνης,
3407 4329 3502 4383 καὶ
3549 4306 3656 4387 τών

2093 4399 2219 4469 ἑξῆς
2257 4417 2270 4430 ”
2296 4402 2388 4454 καὶ
2415 4403 2478 4455 ἐκ
2509 4404 2604 4456 τοῦ
2627 4405 2900 4476 ἐναντίου,
2931 4407 3084 4472 οἶκος
3111 4415 3343 4480 ἀδικίας,
3379 4420 3472 4472 καὶ
3507 4419 3654 4487 οἶκος

2015 4507 2068 4566 ι)
2089 4489 2305 4556 δειλίας,
2326 4492 2417 4545 καὶ
2447 4488 2593 4557 οἶκος
2607 4497 2883 4567 πορνείας,
2909 4503 3004 4555 καὶ
3034 4503 3138 4558 τῶν
3162 4505 3303 4576 ἑξῆς.
3339 4508 3411 4561 Τὸ
3436 4511 3614 4565 τοίνυν
3633 4556 3648 4581 ,

2085 4601 2106 4634 ι
2137 4581 2563 4654 Ἐπληρώθησαν
2587 4589 2634 4640 οἱ
2669 4590 3038 4664 ὲσκοτισμένοι
3067 4597 3166 4666 τῆς
3194 4601 3296 4667 γῆς
3328 4600 3490 4654 οἴκων
3525 4604 3650 4660 ἀνο-

2081 4674 2238 4744 μιῶν,
2269 4693 2287 4725 ι
2317 4677 2559 4731 τουτέστι
2583 4679 2793 4735 πολλῶν
2824 4684 2916 4737 καὶ
2940 4687 3197 4740 ποικίλων
3225 4689 3432 4757 παθῶν,
3465 4695 3646 4750 ἀνοσι-

2075 4765 2317 4834 ουργίας,
2341 4767 2436 4820 καὶ
2464 4772 2806 4842 παρανομίας
2829 4774 3223 4844 μεμέστωνται.
3249 4779 3322 4832 Τὸ
3337 4779 3394 4833 δὲ
3413 4822 3426 4846 ,
3451 4800 3472 4834 ι
3494 4783 3650 4855 Ἀλή-

2079 4855 2196 4911 θεια
2247 4859 2310 4912 ὲκ
2360 4859 2457 4929 τῆς
2516 4861 2620 4932 γῆς
2671 4863 2927 4929 ἀνέτειλε,
2979 4867 3074 4919 καὶ
3122 4869 3430 4945 δικαιοσύνη
3462 4875 3526 4928 ἐκ
3551 4878 3646 4930 τοῦ

2081 4949 2314 5019 ούρανοῦ
2348 4951 2619 5020 διέκυψεν,
2648 4973 2667 5006 ι
2701 4954 2906 5024 ἠθικῶς
2924 4959 3231 5031 νοούμενον,
3255 4964 3359 5034 γῆν
3392 4969 3644 5038 σημαίνει

2077 5039 2140 5092 τὸ
2174 5039 2333 5110 σῶμα
2379 5041 2777 5098 ἀναϐλαστάνον
2822 5049 2946 5112 τοὺς
2999 5053 3242 5122 καρποὺς
3281 5055 3384 5125 τῆς
3435 5075 3646 5129 σωφρο-

2079 5131 2263 5202 σύνης,
2292 5133 2530 5198 κατὰτὸ,
2578 5135 2858 5190 Ἀνέθαλεν
2908 5141 2942 5210 ή
2982 5143 3120 5214 σάρξ
3175 5162 3274 5214 μου
3315 5149 3639 5218 σεμνότητα,

2075 5222 2433 5296 βοηθηθείσης
2461 5227 2559 5291 τῆς
2585 5227 2677 5281 τοῦ
2705 5229 2992 5301 ἀνθρώπου
3013 5237 3240 5307 καρδίας
3257 5237 3322 5291 δι’
3343 5241 3506 5312 εὐχῆς
3547 5245 3640 5296 καὶ

1863 5307 1970 5361 ica-
2070 5315 2302 5380 ἐλπίδος.
2327 5317 2522 5382 Καλῶς
2539 5320 2644 5390 γάρ
2669 5339 2812 5385 τινες
2847 5323 3040 5392 ψεῦδος
3071 5329 3168 5398 μὲν
3203 5330 3302 5400 τὴν
3361 5307 3634 5402 πορνείαν,

422 4714 719 4787 impietatis
755 4733 808 4778 et
843 4727 1148 4800 iniquitatis
1199 4741 1396 4809 oppleti
1447 4757 1593 4803 sunt.
1629 4750 1762 4806 Illud
1804 4771 1932 4810 vero
1965 4775 1978 4812 :

427 4829 448 4862 ι
489 4811 703 4872 Veritas
742 4835 806 4872 ex
847 4829 991 4878 terra
1035 4839 1154 4882 orta
1204 4840 1316 4898 est,
1367 4845 1419 4891 et
1462 4839 1678 4908 justitia
1727 4848 1791 4901 de
1841 4852 1981 4906 cmlo

419 4909 702 4976 prospexit
725 4911 791 4975 ³⁵,
833 4933 852 4964 ι
887 4917 931 4970 si
966 4919 1032 4972 ad
1083 4937 1262 4980 mores
1309 4931 1574 5000 attrahas,
1609 4942 1752 4992 terra
1781 4955 1978 5012 corpus

419 4995 670 5068 designat
705 4999 913 5062 fructus
940 5014 1288 5072 continentia:
1309 5022 1594 5092 emittens;
1627 4995 1978 5098 quemadmo-

417 5085 545 5140 dum
565 5097 616 5142 et
641 5091 770 5147 illttd
797 5113 809 5149 :
833 5095 1162 5162 Germinavit
1181 5123 1312 5164 caro
1341 5127 1458 5167 mea
1489 5121 1906 5178 sanctimoniam
1933 5127 1972 5193 ¹,

419 5358 640 5427 tionem,
681 5370 960 5427 veritatem
1000 5385 1177 5432 autem
1217 5397 1509 5456 veramque
1561 5391 1970 5455 delectationem

414 5453 804 5513 continentiam
847 5477 970 5518 esse
1019 5453 1468 5542 praescripserunt-
1505 5499 1518 5536 :
1565 5493 1618 5539 et
1655 5485 1864 5555 justitia
1903 5493 1970 5550 de

413 5543 654 5624 ccelo,es
686 5559 865 5608 mente
891 5570 1082 5628 nempe
1099 5568 1394 5636 prospexit,
1414 5571 1488 5627 ita
1513 5573 1624 5632 Deo
1652 5581 1965 5652 miserante,

2077 5408 2329 5478 ἀλήθειαν
2359 5408 2414 5462 δὲ
2439 5411 2530 5464 καὶ
2559 5411 2733 5483 ἀληθῆ
2769 5415 2960 5488 ἡδονὴν
2990 5417 3088 5489 τὴν
3120 5425 3472 5495 σωφροσύνην
3503 5427 3636 5498 ὡρί-

2077 5517 2257 5553 σαντο·
2281 5501 2588 5574 δικαιοσύνη
2618 5521 2676 5556 τε
2715 5507 2779 5558 ἐκ
2827 5507 2920 5561 τοῦ
2949 5508 3200 5581 ούρανοῦ,
3251 5517 3526 5569 τουτέστιν
3572 5520 3634 5571 ἐκ

2075 5592 2167 5645 τοῦ
2200 5593 2338 5658 νοὸς,
2377 5595 2682 5666 προέκυψεν
2702 5600 2810 5662 τοῖς
2833 5601 3163 5676 οίκτειρμοῐς
3190 5606 3285 5659 τοῦ
3314 5607 3448 5661 Θεοῦ
3477 5609 3512 5681 ἡ
3539 5609 3632 5664 τοῦ

483 5715 530 5748 ⁹⁶
567 5717 770 5779 IJoan.
803 5739 864 5796 tt,
901 5729 987 5787 I7.
1063 5737 1108 5769 ’⁷
1140 5740 1272 5813 Agg.
1305 5759 1366 5814 ll,
1397 5747 1483 5804 I0.
1559 5754 1605 5786 ³⁸
1632 5753 1778 5812 Psal.
1807 5775 1998 5830 tum,

2189 5770 2230 5800 9"
2267 5771 2408 5825 I’sal.
2447 5787 2669 5841 Lxxxw,
2707 5773 2791 5830 I2.
2871 5778 2886 5808 ¹
2915 5775 3063 5836 Psal.
3103 5795 3272 5850 xxv",
3301 5781 3353 5837 7.
