3888 6040
148 200 264 265 289

1369 194 1898 256 EPISTOLARUM
1935 194 2080 255 LIB.
2104 196 2186 255 ΙΙ.

3297 200 3396 265 290

156 308 347 383 Ἰησοῦ
374 308 624 380 δωνομή.
654 326 673 361 ‹
701 307 813 362 Καὶ
833 305 939 379 γὰρ
976 307 1005 360 6
1045 306 1248 379 Κύριος
1285 273 1452 360 ’δώσει
1502 304 1733 377 χρηστό-

1845 302 1960 360 Iesu
2023 305 2359 361 distributio.
2403 324 2421 359 ι
2453 304 2666 362 Etenim
2700 305 2966 362 Dominus
3002 308 3154 365 dabit
3183 308 3401 364 bonita-

144 421 317 475 τητα,
348 404 444 456 κειιί¹
465 403 499 472 ἡ
541 400 614 472 γῆ
643 400 798 471 ἡμῶν
841 400 1002 453 δώσει
1029 399 1121 452 τὸν
1149 399 1361 471 καρπὸν
1395 418 1414 451 ι
1445 398 1539 451 τοῦ
1565 396 1730 450 πνεύ-

149 511 352 566 ματος,
386 492 625 563 ἀγάπην,
665 490 1131 561 χαράν,.εἰρήνην,
1186 488 1587 561 μακροθυμίαν,
1637 489 1732 541 καὶ

144 586 349 647 τᾶλλα,
384 585 528 654 ἅπερ
546 582 968 656 ἀπηριθμήσατο
986 584 1013 635 6
1047 581 1312 652 μακάριος
1329 581 1536 645 Παῦλος
1564 597 1577 610 ·
1629 582 1731 653 γῆν

146 678 208 731 δὲ
246 678 343 731 ἐπὶ
372 677 465 731 τοῦ
495 676 721 747 ὑστέρου
757 674 939 745 στίχου
998 674 1094 745 τὴν
1141 673 1367 745 καρδίαν
1413 672 1729 742 ὲκληπτέον,

147 772 231 835 ὣς
273 788 443 841 φησιν
468 771 497 823 6
522 770 726 840 Κύριος
759 785 774 799 ο
807 786 825 819 ι
863 767 936 820 Τὸ
977 767 1033 821 δὲ
1079 768 1297 839 σπέρμα
1330 767 1391 820 τὸ
1437 767 1598 820 πεσὸν
1641 767 1732 819 ἐπὶ

148 863 258 933 τὴν
285 861 394 932 γῆν
421 860 520 933 τὴν
557 860 727 930 καλὴν
747 860 1164 931 ἐκαρποφόρησε
1193 858 1255 923 λ’,
1291 859 1385 911 καὶ
1417 858 1479 923 ξ’,
1499 859 1591 911 καὶ
1612 864 1676 927 ρ’.
1706 875 1725 907 ι

410 1042 574 1095 POA'.
621 1070 696 1082 —
741 1039 989 1110 ΘΕΡΙΝῼ
1031 1037 1490 1093 ΠΡΩΤΕΥΟΝΤΙ.

222 1132 354 1187 Τῶν
376 1133 779 1204 ἐπιμελομένων
814 1133 912 1202 τῆς
938 1132 1150 1195 ἐλπίδος
1178 1130 1423 1201 βοώντων
1465 1128 1598 1198 πρὸς
1642 1128 1734 1180 τὸν

149 1227 392 1298 Σωτῆρα
446 1226 702 1296 Χριστὸν,
742 1225 1074 1295 «Μνήσθητι
1123 1223 1298 1294 ἡμῶν,
1360 1220 1552 1292 Κύριε,
1605 1221 1733 1273 ὅταν

148 1319 320 1391 ἔλθῃς
358 1320 415 1371 ὲν
435 1320 499 1390 τῇ
530 1318 775 1388 βασιλείᾳ
799 1334 915 1383 σου,
952 1336 969 1367 ι
1006 1315 1459 1385 ἀνταποκρίνεται
1480 1315 1507 1366 6
1534 1312 1734 1380 ἀγαθὸς

150 1409 439 1480 Δεσπότης
465 1408 634 1476 λέγων
664 1423 677 1437 ·
714 1426 731 1458 ι
772 1406 1168 1476 Μνησθήσομαι
1209 1404 1376 1458 Ῥαὰὸ
1427 1402 1522 1455 καὶ
1562 1400 1734 1453 Βαϐυ-

150 1501 329 1564 λῶνος
378 1505 492 1565 τοῖς
563 1500 892 1570 γινώσκουσί
948 1518 1036 1568 με.
1083 1518 1102 1553 ι
1155 1495 1255 1553 Ὧν
1300 1499 1357 1552 δὲ
1404 1495 1732 1567 μνημονεύει

151 1592 419 1663 Χριστὸς,
468 1591 687 1655 τούτους
716 1594 810 1645 καὶ
851 1590 1013 1655 σώζει
1053 1592 1289 1655 πάντως,
1342 1589 1475 1643 διότι
1530 1589 1731 1658 πόρνας

151 1685 253 1731 καὶ
273 1677 515 1756 τελώνας
539 1676 604 1729 δι’
630 1675 1032 1747 εὐσπλαγχνίαν
1084 1674 1283 1747 πολλὴν
1331 1676 1409 1737 είς
1460 1671 1732 1744 βασιλείαν
1760 1704 1806 1761 Β

153 1772 422 1843 εἰσφέρει.

407 1860 574 1917 POE'.
609 1891 677 1902 -
704 1860 992 1931 «nmmo
1018 1860 1484 1933 ΠΡΕΣΒΥΤΕΡῼ.

224 1957 406 2029 Εἴπερ
468 1957 566 2029 τὴν
615 1956 752 2011 ἰδίαν
804 1955 1149 2024 πεπείκαμεν
1199 1956 1423 2027 καρδίαν
1460 1960 1518 2012 ὲν
1553 1958 1733 2031 καιρῷ

154 2051 538 2122 περιστάσεως
570 2048 851 2113 παντοίας,
883 2049 979 2101 καὶ
1001 2047 1249 2118 θλίψεως,
1290 2048 1365 2121 μὴ
1413 2050 1734 2123 ἀποτρέχειν

156 2144 299 2214 πρὸς
328 2141 675 2213 ἀνθρωπίνας
706 2141 947 2206 ἐλπίδας,
976 2140 1111 2211 μηδὲ
1149 2141 1357 2196 ἐκεῖθεν
1404 2142 1582 2197 ἕλκειν
1636 2145 1735 2208 τὰς

159 2235 442 2307 βοηθείας,
468 2234 580 2289 ἀλλ’
616 2237 672 2287 ὲν
691 2233 941 2305 δάκρυσι,
975 2234 1068 2288 καὶ
1092 2238 1431 2304 στεναγμοῖς,
1458 2236 1553 2291 καὶ
1590 2237 1736 2307 φιλο-

158 2330 314 2400 πόνῳ
346 2329 619 2401 προσευχῇ
649 2328 743 2381 καὶ
786 2326 1119 2397 ἀγρυπνίαις
1168 2327 1406 2391 εὐτόνοις
1456 2328 1734 2393 ἐξιλάσκε-

158 2421 291 2475 σθαι
324 2420 387 2473 τὸ
442 2422 709 2489 κρεῖττον,
749 2417 1002 2472 κάκεῖθεν
1064 2417 1379 2490 περιμένειν
1434 2421 1733 2492 ἀντίληψινο

156 2512 307 2566 διατί
347 2510 756 2582 θορυϐούμεθα;
779 2508 921 2563 διατί
946 2511 1011 2581 τῇ
1036 2509 1356 2580 ὀλιγοφυχίᾳ
1392 2512 1734 2583 τρυχόμεθα,

161 2604 261 2657 καὶ
293 2601 634 2671 διστάζομεν,
667 2603 762 2655 καὶ
785 2600 1224 2671 άπαγορεύομεν,
1274 2599 1350 2664 ὠς
1399 2600 1472 2673 μὴ
1509 2604 1738 2675 τάχιστα

160 2694 259 2750 τοῦ
291 2694 426 2748 Θεοῦ
458 2692 615 2765 ἡμῶν
648 2691 926 2755 ποιοῦντος
950 2692 1011 2745 τὸ
1039 2694 1278 2762 αῐτημα;
1322 2693 1433 2765 Τὴν
1478 2694 1587 2765 γὰρ
1640 2696 1738 2766 σὴν

164 2787 309 2857 πρὸς
338 2786 500 2842 αὑτὸν
523 2784 846 2856 παραμονὴν
881 2785 976 2839 καί.
1028 2785 1354 2855 προσεδρίαν
1391 2786 1741 2857 σοφιζόμενος

162 2878 319 2933 δοκεῖ
338 2875 643 2949 κρατύνειν,
664 2876 752 2929 ἵνα
782 2876 857 2945 μὴ
878 2874 1088 2945 ταχέως
1115 2876 1502 2945 κομισάμενος,
1531 2877 1741 2948 ταχέως

168 2970 551 3041 ἀναχωρήσῃς,
587 2968 680 3022 καὶ
706 2965 1054 3037 λησμονήσῃς
1093 2966 1255 3020 αὑτοῦ
1277 2968 1377 3039 τῆς
1397 2968 1607 3039 ἀγαθῆς
1657 2969 1742 3023 δό-

1830 402 1958 460 tem,
1983 406 2037 450 et
2060 406 2202 450 terra
2224 403 2411 451 nostra
2435 396 2586 451 dabit
2606 396 2840 451 fructum
2866 401 2885 429 ²
2910 418 2929 449 ι
2965 400 3216 468 spiritus,
3236 402 3402 471 208

1831 502 2094 552 amorem,
2135 487 2414 557 gaudium,
2464 503 2674 559 pacem,
2716 490 3066 544 tolerantiam
3097 493 3138 554 ³,
3185 493 3402 564 aliaque

1832 594 1859 634 a
1891 580 2051 634 beato
2098 579 2268 635 Paulo
2310 594 2646 636 enumerata.
2685 580 2852 635 Terra
2901 598 3063 651 porro
3116 582 3169 636 in
3206 568 3401 638 ultimo

1830 687 1991 727 versu
2024 687 2120 726 cor
2153 673 2526 743 accipiendum
2580 681 2684 738 est,
2740 683 2798 727 ut
2864 673 3041 743 inquit
3095 673 3399 731 Dominus:

1836 779 1855 812 ι
1896 760 2090 816 Semen
2118 763 2263 832 quod
2294 762 2493 818 cecidit
2524 763 2577 817 in
2621 772 2821 817 terram
2851 764 3048 817 bonam
3074 766 3257 818 attulit
3283 765 3401 817 fru-

1832 863 1978 909 ctum
2027 854 2391 916 tricesimum,
2448 863 2502 910 et
2555 856 2993 925 sexagesimum,
3052 864 3106 910 et
3165 856 3403 910 centesi-

1834 961 1979 999 mum
2004 944 2046 999 ⁸.
2081 964 2099 996 ι

2074 1036 2350 1091 CLXXIV.
2384 1068 2453 1079 ——
2497 1035 2803 1093 TIIERINO
2848 1037 3151 1093 PRIMATI.

1903 1126 2006 1189 Iis,
2061 1126 2155 1196 qui
2214 1126 2328 1196 spei
2380 1141 2567 1180 curam
2630 1136 2847 1195 gerunt,
2906 1129 3271 1184 clamantibus
3331 1131 3399 1184 ad

1833 1219 2108 1273 Christum
2152 1216 2489 1272 Salvatorem
2530 1236 2543 1272 :
2591 1236 2610 1268 ι
2659 1216 2970 1274 Recordare
3023 1221 3236 1286 nostri,
3295 1223 3402 1276 Do-

1833 1310 1996 1374 mine,
2041 1325 2163 1362 cum
2216 1310 2433 1363 veneris
2484 1308 2537 1362 in
2591 1324 2815 1378 regnum
2851 1319 3004 1363 tuum
3038 1312 3097 1373 ⁵,
3128 1330 3146 1362 ι
3198 1313 3402 1381 probus

1833 1401 2095 1455 Dominus
2124 1401 2416 1470 respondet
2452 1419 2466 1454 :
2504 1418 2522 1451 ι
2562 1399 2768 1454 Memor
2800 1418 2894 1455 ero
2920 1400 3092 1467 Raab,
3137 1413 3191 1458 et
3228 1404 3403 1475 Baby-

1834 1495 1973 1549 lonis
2032 1494 2331 1548 scientibus
2370 1508 2455 1547 me
2483 1494 2523 1545 ⁶.
2580 1510 2598 1543 ι
2653 1491 2897 1559 Quorum
2957 1510 3087 1551 vero
3150 1497 3402 1551 Christus

1832 1586 2171 1647 recordatur,
2200 1599 2294 1638 eos
2342 1591 2396 1637 et
2443 1584 2615 1638 salvat
2646 1586 2893 1640 omnino.
2934 1585 3178 1657 Namque
3226 1603 3401 1642 mere-

1833 1678 2002 1731 trices
2025 1684 2077 1729 et
2109 1676 2432 1744 publicanos
2462 1676 2531 1728 ob
2559 1675 2829 1745 ingentem
2884 1679 3316 1733 misericordiam
3347 1678 3401 1733 in

1832 1782 2057 1840 regnum
2091 1765 2406 1820 introducit.

2007 1857 2260 1913 CLXXV.
2296 1887 2365 1896 -—
2395 1856 2682 1913 FIRHINO
2728 1858 3207 1927 PRESBY‘TEBO.

1907 1949 1961 2004 Si
2004 1959 2194 2004 nostro
2229 1950 2604 2019 persuasimus
2639 1951 2843 2015 animo,
2888 1954 3267 2024 cujuscunque
3296 1954 3406 2008 cir-

1834 2043 2179 2098 cumstantiae
2232 2050 2471 2111 tempore
2519 2050 2572 2096 et
2616 2041 2952 2107 afﬂictionis,
3026 2061 3133 2099 non
3198 2046 3264 2099 ad
3300 2047 3404 2098 hu-

1834 2151 2051 2191 manam
2077 2151 2225 2204 spem
2243 2149 2367 2189 esse
2394 2135 2809 2196 recurrendum.
2834 2153 3010 2206 neque
3049 2138 3173 2191 inde
3204 2140 3403 2193 auxilia

1834 2227 2227 2298 extorquenda,
2255 2228 2349 2282 sed
2380 2228 2661 2297 lacrymis,
2695 2236 2749 2283 et
2783 2231 3053 2299 suspiriis,
3085 2240 3137 2285 et
3170 2227 3407 2287 Conten-

1835 2321 1992 2376 tiosis
2016 2320 2292 2391 Operibus,
2334 2334 2545 2374 necnon
2590 2320 2927 2374 continuatis
2974 2322 3205 2389 vigiliis,
3260 2325 3405 2393 quod

1836 2411 2030 2466 melius
2062 2418 2167 2474 est,
2208 2409 2378 2463 Deum
2411 2409 2743 2464 reddendum
2793 2412 3124 2481 propitium,
3170 2414 3406 2483 indeque

1837 2518 1990 2572 opem
2014 2502 2432 2573 exspectandam
2468 2520 2482 2556 :
2517 2504 2646 2572 quid
2697 2502 2861 2573 igitur
2910 2506 3237 2559 turbamur?
3271 2506 3402 2576 quid

1840 2594 2028 2649 fractis
2058 2595 2283 2650 vocibus
2331 2594 2644 2664 afﬂigimur,
2677 2603 2733 2649 et
2776 2606 3055 2658 notamus,
3087 2608 3140 2652 et
3173 2598 3407 2668 despon-

1838 2687 2049 2750 demus,
2089 2701 2241 2757 teque
2273 2701 2337 2740 ac
2363 2686 2407 2741 si
2440 2702 2545 2739 non
2589 2686 2852 2742 citissime
2885 2688 3026 2743 Deus
3063 2700 3184 2743 vota
3218 2702 3403 2746 nostra

1840 2780 1907 2833 ad
1952 2780 2157 2834 exitum
2213 2779 2472 2834 duceret?
2515 2777 2684 2833 Tuam
2734 2782 3000 2848 siquidem
3050 2799 3176 2852 erga
3228 2783 3406 2852 ipsum

1840 2870 2301 2939 perseverantiam
2334 2878 2393 2924 et
2427 2870 2799 2925 assistentiam
2837 2882 2951 2926 arte
2986 2874 3219 2941 quadam
3251 2875 3407 2929 vide-

1844 2969 1933 3014 tur
1969 2976 2314 3025 conservare,
2368 2977 2435 3015 ne
2479 2962 2589 3015 cito
2620 2964 2726 3015 voti
2776 2979 2997 3031 compos
3047 2965 3254 3032 factus,
3296 2970 3408 3022 cito

168 3079 331 3126 σεως.
371 3060 531 3114 Ἀλλὰ
563 3060 625 3114 σὺ
652 3058 726 3130 μὴ
750 3061 1061 3133 ὲκκακὴσῃς
1084 3059 1357 3129 δεόμενος,
1389 3062 1481 3114 καὶ
1520 3061 1738 3125 πάντως

1845 3052 2000 3107 etiam
2032 3064 2081 3107 te
2103 3052 2397 3116 subducas,
2430 3056 2757 3123 optima‘que
2783 3056 3088 3123 largitionis
3111 3058 3407 3111 oblivisca-

167 3153 452 3223 ἐπιτεύξῃ.
485 3148 621 3205 Εῖπε
652 3152 760 3221 γάρ
792 3153 885 3204 καὶ
926 3150 1241 3221 παραϐολήν
1267 3169 1390 3206 τινα
1451 3154 1478 3206 6
1537 3152 1736 3223 Κύριος

169 3247 231 3298 ὲν
260 3244 339 3312 τῷ
362 3242 696 3313 Εὑαγγελίῳ,
722 3244 859 3315 πρὸς
907 3243 967 3295 τὸ
1013 3243 1121 3296 δεῖν
1160 3244 1387 3297 πάντοτε
1444 3244 1739 3315 προσεύχε-

172 3333 319 3395 σθαι,
341 3334 433 3386 καί
468 3332 542 3403 μὴ
575 3334 850 3386 ὲκκακεῖν.
883 3331 1028 3404 Πλὴν
1060 3336 1280 3387 κάκεῖνο
1312 3334 1564 3403 γίνωσκε,
1590 3335 1672 3387 ὄτι
1704 3334 1738 3406 ἡ

172 3422 408 3495 ἀναϐολὴ
430 3422 647 3477 πλείονα
673 3425 830 3496 χάριν
858 3423 1014 3477 δώσει
1037 3442 1140 3489 σοι,
1157 3423 1338 3489 καθὼς
1360 3428 1386 3478 ὁ
1410 3425 1561 3494 ἅγιος
1590 3425 1742 3478 Ἀπό-

176 3514 359 3579 στολος
402 3515 591 3585 εἴρηκε
621 3530 634 3544 ·
708 3535 726 3568 ι
785 3515 874 3586 Τῷ
927 3515 984 3569 δὲ
1035 3516 1314 3588 δυναμένῳ
1369 3518 1506 3585 ὑπὲρ
1563 3518 1740 3572 πάντα

177 3604 416 3674 ποιῆσαι,
458 3607 596 3677 ὑπὲρ
622 3607 687 3659 ὲκ
712 3606 968 3678 περιττοῦ
1010 3600 1086 3661 ὧν
1109 3606 1460 3681 αἰτούμεθα,ἢ
1490 3612 1737 3679 νοοῦμεν,

176 3695 323 3765 δόξα,
352 3696 486 3769 τιμὴ
508 3696 601 3753 καὶ
636 3698 833 3768 κράτος
857 3697 937 3760 εἰς
950 3697 1075 3762 τοὺς
1112 3696 1334 3762 αἰῶνας.
1365 3717 1384 3751 ι

457 3965 640 4031 Ροςν.
672 3992 747 4003 -
791 3964 1057 4037 ΥΜΗΤῙῼ
1090 3964 1461 4035 ΕΠΙΣΚΟΠῼ.

251 4052 416 4110 οὐδὲν
444 4055 615 4119 οὕτως
643 4056 722 4118 εἰς
757 4056 972 4109 κόλασιν
996 4055 1364 4126 ἀπαραίτητον
1390 4057 1537 4125 ἄγει,
1576 4055 1650 4119 ὡς
1683 4054 1744 4109 τδ

182 4144 410 4209 πολλοὺς
443 4144 685 4217 ζηλωτὰς
705 4145 811 4199 τῶν
832 4146 1046 4199 οἰκείων
1068 4146 1335 4199 ποιεῖσθαι
1361 4145 1564 4200 κακῶν.
1594 4145 1745 4198 Γίνε-

182 4254 274 4291 ται
303 4237 411 4308 γὰρ
438 4238 470 4308 ή
495 4237 600 4291 τῶν
624 4237 715 4289 τὸν
737 4238 1032 4291 ἐπίσκοπον
1067 4238 1460 4308 μιμησαμένων
1482 4237 1743 4305 ἀπώλεια,

184 4326 469 4397 προσθήκη
513 4326 780 4398 τιμωρίας
802 4328 879 4397 τῷ
903 4328 1085 4390 κακῶς
1110 4327 1376 4392 διδάξαντι
1417 4328 1507 4380 ἐπὶ
1533 4328 1628 4398 τῆς
1654 4329 1746 4380 ὲκ-

1837 3146 1933 3201 ris.
2004 3144 2387 3199 Verumtamen
2442 3146 2605 3215 209
2669 3154 2724 3199 tu
2794 3162 2914 3201 eum
2979 3148 3109 3217 quid
3169 3165 3405 3210 exoras.

1837 3251 1905 3290 ne
1930 3235 2112 3289 animo
2142 3236 2422 3299 concidas,
2465 3246 2517 3289 et
2544 3236 2770 3290 omnino
2801 3237 2941 3292 votis
2976 3239 3084 3291 tuis
3114 3238 3409 3307 reSponde-

1836 3326 2003 3381 bitur.
2036 3326 2181 3380 Dixit
2224 3342 2441 3396 quoque
2487 3324 2801 3396 parabola‘m
2842 3326 3105 3383 Dominus
3145 3330 3196 3382 in
3233 3329 3408 3384 Eran—

1835 3419 1997 3489 gelio,
2054 3425 2111 3470 ut
2169 3418 2486 3473 insistamus
2534 3418 2589 3472 in
2651 3419 2903 3473 oratione
2958 3421 3254 3485 continuo,
3305 3436 3406 3474 nec

1837 3508 2275 3579 despondeamus
2304 3509 2512 3563 animis
2536 3511 2577 3562 ⁷.
2614 3509 2749 3563 Illud
2779 3524 3001 3578 quoque
3040 3512 3203 3573 scito,
3244 3510 3405 3563 indu-

1837 3603 1952 3657 cias
1992 3604 2252 3671 majorem
2298 3601 2396 3653 tibi
2448 3601 2679 3671 gratiam
2732 3602 3012 3667 allaturas,
3072 3609 3131 3654 ut
3187 3602 3405 3655 divinus

1836 3696 2133 3765 Apostolus
2162 3694 2338 3747 dixit:
2380 3713 2397 3745 ι
2435 3692 2650 3747 Potenti
2693 3709 2858 3763 super
2890 3695 3073 3747 omnia
3120 3694 3320 3758 facere,
3352 3701 3407 3745 et

1839 3787 2362 3858 superabundantcr.
2392 3802 2513 3854 qua:
2544 3788 2779 3855 petimus
2818 3795 2912 3840 aut
2951 3794 3132 3841 mente
3164 3787 3409 3855 concipi-

1838 3895 1979 3944 mus,
2022 3878 2096 3932 illi
2134 3878 2325 3947 gloria,
2362 3877 2537 3930 houor
2562 3886 2615 3930 et
2648 3879 2813 3931 robur
2848 3880 2899 3931 in
2937 3880 3134 3932 saecula
3161 3880 3203 3933 ⁸.
3240 3897 3259 3929 ι

2026 3969 2305 4025 CLXXVI.
2378 3999 2399 4009 -
2435 3968 2788 4023 IIYMETHIO
2819 3968 3168 4025 EI’ISCOPO.

1909 4062 2053 4116 Nihil
2104 4077 2255 4131 aeque
2295 4061 2360 4115 ad
2404 4075 2596 4130 pmnas
2644 4061 3084 4130 indepreealiiles
3138 4064 3291 4118 ducit
3344 4081 3409 4120 ac

1842 4154 2107 4223 plurimos
2130 4153 2474 4223 propriorum
2508 4152 2774 4206 scelerqu
2825 4154 3171 4208 aemulatores
3204 4155 3405 4214 facere.

1842 4244 1929 4299 Fit
1959 4247 2102 4301 enim
2137 4260 2349 4308 eorum,
2377 4247 2469 4316 qui
2514 4246 2756 4316 episcopi
2802 4258 3204 4316 persequuntur
3241 4251 3408 4305 vesti-

1844 4337 1951 4406 gia,
1988 4336 2239 4399 exitium,
2286 4337 2363 4389 illi
2420 4336 2512 4405 qui
2568 4338 2708 4391 male
2750 4337 2803 4390 in
2852 4338 3082 4393 ecclesia
3121 4338 3305 4393 docuit
3356 4350 3411 4394 et

186 4417 446 4487 κλησίας,
498 4417 590 4469 καὶ
640 4416 1060 4488 κατεγνωσμένοι
1101 4416 1399 4485 ἀναφανδὸν
1429 4416 1738 4488 πράττοντι,

1845 4426 2021 4496 palam
2074 4427 2358 4495 reprobata
2390 4427 2637 4496 peragit.
2681 4440 2970 4495 pmnarum
3035 4428 3307 4493 accessio,
3355 4436 3411 4482 et

185 4510 279 4563 καὶ
303 4508 387 4562 διὰ
420 4508 526 4561 τῶν
559 4509 1049 4579 παραιτησαμένων
1077 4510 1152 4571 ὡς
1182 4511 1410 4580 αἰσχράν
1445 4511 1540 4581 τὴν
1574 4510 1744 4581 μίμη-

188 4616 273 4651 σιν
305 4598 645 4667 κατάγνωσις
692 4600 753 4650 ού
793 4600 981 4668 μικρὰ,
1009 4599 1195 4670 ὅτιπερ
1216 4599 1530 4663 διδάσκαλος
1560 4599 1745 4653 κακῶν

186 4690 407 4758 γέγονεν
453 4690 481 4741 6
526 4688 842 4751 ἐπίσκοπος,
878 4684 952 4742 ὧν
988 4689 1085 4760 τὴν
1118 4691 1351 4761 μάθησιν
1392 4690 1748 4743 ἐπονείδιστον

188 4780 470 4850 κρίναντες
497 4777 831 4847 πεφεύγασιν
878 4781 926 4832 οἱ
976 4778 1212 4851 σώφρονι
1239 4780 1568 4851 χρησάμενοι
1598 4780 1750 4847 λογι-

191 4888 330 4943 σμῳ.

418 4964 583 5018 POZ'.
617 4994 682 5006 —
719 4963 1026 5034 ΟΝΗΣΙΜῼ
1054 4964 1509 5018 ΠΡΩἹῈΥΟΝΤῙ.

261 5054 437 5126 Ἀπερ
470 5056 757 5126 ἀπλήστως
792 5054 1180 5127 συναθροίξεις,
1221 5058 1316 5109 καὶ
1346 5058 1574 5112 κτᾶσθαι
1606 5057 1754 5111 νενό-

196 5164 378 5219 μικας,
407 5147 503 5217 οὐχ
544 5148 848 5217 ὑπάρχουσι
887 5146 989 5199 σά·
1025 5146 1102 5209 εἰς
1149 5146 1257 5217 γάρ
1294 5147 1454 5218 ἕτερα
1497 5149 1753 5218 μετελεύ-

196 5257 374 5294 σονται
399 5241 683 5311 πρόσωπα.
731 5239 788 5291 Ὀ
832 5239 928 5309 μὲν
960 5239 1069 5309 γὰρ
1103 5238 1297 5309 μόχθος
1325 5238 1436 5304 σὸς,
1480 5243 1508 5293 6
1548 5241 1602 5293 δὲ
1636 5242 1753 5311 βίος

195 5334 487 5406 ἀλλότριος.
516 5333 664 5387 Διατί
707 5329 798 5387 οῦν
836 5333 1021 5404 ὥσπερ
1063 5333 1277 5386 οἰκείων
1318 5333 1425 5386 τῶν
1455 5333 1752 5423 ἀλλοτρίως)

196 5429 464 5499 ἀντιποιῇ,
502 5426 721 5496 βαρείας
752 5424 928 5496 σαυτῷ
959 5426 1057 5488 τὰς
1078 5423 1244 5488 πέδας
1280 5424 1379 5496 τῆς
1413 5421 1544 5495 ὕλης
1568 5421 1750 5477 ’κατοι-

299 5572 320 5600 ²
352 5567 499 5623 I’sal.
532 5583 749 5631 LKXXIV,
781 5568 865 5622 I5.
978 5567 998 5598 ⁸
1036 5567 1209 5622 Galat.
1235 5584 1287 5628 ν,
1317 5568 1406 5621 22.

267 5641 286 5672 "
318 5638 454 5695 Luc.
482 5655 633 5701 xrin,
674 5642 723 5696 l.
798 5639 820 5671 ⁸
851 5639 1046 5702 lﬁplies.
1087 5654 1167 5698 ιιι.
1191 5637 1279 5690 20.

1506 5566 1529 5598 ‘
1559 5567 1896 5627 Malth.xm,
1945 5567 1997 5633 8,
2061 5567 2152 5623 Q5.

1844 4527 1941 4581 per
1969 4527 2084 4577 eos,
2120 4513 2213 4581 qui
2247 4513 2323 4566 uti
2354 4523 2564 4582 turpem
2596 4514 2957 4576 imitationem
3000 4516 3264 4582 vitarunt,
3301 4534 3408 4571 non

1846 4601 1980 4657 levis
2009 4603 2411 4667 condemnatio,
2437 4603 2579 4672 quod
2601 4618 2890 4672 pravorum
2917 4604 3171 4673 magister
3201 4606 3411 4672 episco-

1848 4710 1951 4764 pus
2001 4695 2180 4751 factus
2219 4704 2343 4759 aest,
2392 4711 2624 4765 quorum
2682 4696 3021 4766 disciplinam
3077 4698 3412 4766 vituperabi-

1853 4786 1953 4839 lem
1981 4786 2314 4855 judicantes,
2340 4789 2433 4858 qui
2467 4803 2599 4842 sana
2631 4798 2811 4843 mente
2857 4788 3113 4842 fuerunt:
3151 4791 3412 4844 condem-

1854 4886 2077 4933 narunt.

2095 4967 2396 5025 CLXXVII.
2434 4998 2495 5011 --
2528 4967 2829 5024 ONESIMO
2858 4969 3164 5024 PRIMA'I‘I.

1924 5059 2054 5124 Quae
2082 5076 2295 5128 semper
2344 5075 2444 5115 nec
2484 5064 2769 5129 expletus,
2811 5077 2910 5114 nec
2950 5062 3180 5117 satiatus
3212 5077 3409 5130 conge-

1853 5152 1952 5213 ris,
1983 5161 2039 5205 et
2075 5152 2353 5220 possidere
2379 5153 2682 5214 existimas.
2722 5168 2828 5205 non
2865 5161 2989 5205 sunt
3018 5161 3147 5216 tua;
3181 5154 3235 5206 in
3279 5154 3412 5208 alias

1855 5243 1996 5296 enim
2044 5244 2358 5312 gradientur
2410 5258 2674 5313 personas
2717 5258 2995 5310 :namque
3041 5243 3190 5297 labor
3233 5244 3411 5298 multa

1856 5348 2034 5402 opera:
2083 5342 2210 5390 tuus
2257 5342 2364 5397 est,
2415 5334 2617 5387 divitia:
2671 5350 2800 5389 vero
2862 5349 3101 5403 opeSque
3156 5336 3411 5390 aliorum.

1859 5424 2157 5490 Quamnam
2189 5427 2353 5497 igitur
2393 5425 2462 5479 ob
2496 5441 2719 5480 causam
2746 5441 2809 5480 ea
2842 5441 2963 5495 quae
2994 5427 3226 5480 aliorum
3262 5436 3410 5493 sunt,

2268 5567 2285 5599 ‘
2329 5567 2462 5623 Luc.
2491 5586 2645 5633 ut”,
2671 5569 2756 5623 42.
2869 5572 2889 5603 ⁸
2926 5568 3067 5625 Psal.
3112 5586 3330 5636 Lxxn’I,
3358 5574 3409 5629 4.
