3888 6040
510 242 614 311 291
1977 254 2040 315 S.
2080 254 2244 316 NILl
3639 272 3744 339 292

503 369 760 429 tanquam
807 361 1025 430 propria
1073 362 1437 425 consertaris,
1497 379 1690 434 graves
1743 365 2040 435 tibimetips

2167 369 2465 438 σκευάζων,
2499 375 2594 429 καὶ
2638 375 2730 429 τὸν
2766 377 3095 450 ταλανισμδν
3133 380 3227 436 τοῦ
3256 385 3539 456 προφήτου
3576 389 3743 457 ἐφέλ-

503 452 744 505 materia:
767 453 1056 521 compedes
1085 464 1396 517 exstruens,
1426 463 1482 509 et
1516 456 1716 508 malum
1752 457 1850 510 tibi
1884 473 2040 511 omen

2172 473 2321 523 κεις;
2353 461 2487 516 Οὐαὶ
2513 463 2644 535 γὰρ,
2675 467 2828 536 φησὶ,
2851 467 2929 538 τῷ
2959 473 3245 540 συνάγοντι
3268 452 3337 531 τά
3357 452 3456 531 οὐκ
3482 452 3743 535 ὅντα-αὐ.

502 543 648 613 quod
700 556 732 596 a
787 544 1049 613 propheta
1103 544 1385 609 indicitur,
1444 547 1606 615 210
1659 550 1924 603 attrahis?
1981 547 2040 602 νε

2144 548 2280 614 τοῦ,
2309 551 2402 603 καὶ
2434 551 2717 624 βαρύνοντι
2745 559 2835 609 τὸν
2866 557 3046 612 κλοιὸν
3089 562 3254 617 αὑτοῦ
3297 566 3574 636 στιϐαρῶς
3594 610 3611 634 ,
3646 573 3743 626 καὶ

501 635 647 689 enim
689 635 790 699 illi,
823 636 1022 705 inquit,
1047 637 1138 706 qui
1170 638 1378 707 colligit
1407 653 1528 706 qua:
1562 654 1660 693 sua
1694 655 1802 694 non
1835 651 1987 705 sunt,
2010 658 2040 698 e

2165 641 2262 712 τὴν
2294 644 2390 713 μὲν
2413 643 2645 716 ὓπαρξιν
2667 647 2958 704 ἀπολλύναι
2988 651 3255 721 μέλλοντι,
3295 657 3646 734 ποριζομένῳ
3683 662 3742 716 δὲ

502 737 758 796 aggravat
798 728 988 798 jugum
1027 743 1188 782 suum
1238 729 1464 784 robuste
1495 731 1548 792 ⁹;
1601 732 1646 785 is
1699 734 2064 788 substantiam

500 820 716 887 quidem
751 835 906 875 suam
941 821 1171 882 amittet,
1200 821 1412 891 sibique
1452 823 1744 877 insatiabili
1769 825 2067 894 cupiditate

497 919 729 966 aeternas
763 928 956 982 poenas
991 914 1357 982 comparabit.

603 1001 922 1056 CLXXVIII.
960 1033 1028 1042 —-
1059 1001 1411 1058 TAURIANO
1443 1003 1941 1062 EXPRIEFECTO.

566 1094 657 1149 Vae
683 1095 876 1148 anima:
907 1103 1011 1149 tuae
1043 1103 1096 1150 et
1123 1097 1246 1150 vita:
1275 1105 1404 1162 tua),
1433 1098 1849 1164 immisericors,
1889 1111 1942 1154 et
1978 1100 2055 1154 inn

496 1198 713 1242 sensate
743 1188 756 1240 ι
785 1185 1007 1256 Ignoras
1049 1186 1286 1257 quippe,
1322 1186 1518 1241 durum
1555 1189 1650 1243 tibi
1697 1205 1820 1244 esse
1867 1197 2059 1244 contra

493 1279 774 1334 stimulum
812 1280 1099 1336 calcitrare
1123 1282 1187 1345 ¹⁰,
1225 1290 1278 1336 et
1315 1281 1558 1335 terribile
1587 1281 1852 1336 adversus
1886 1280 2054 1335 Deum

491 1371 692 1426 audere
724 1386 943 1426 manum
974 1373 1240 1428 attollere.
1271 1373 1476 1442 lnjuria
1502 1373 1648 1426 enim
1675 1373 2044 1428 sanctisillata

491 1462 544 1515 in
577 1463 747 1517 Deum
769 1479 998 1532 prorsus
1024 1463 1358 1533 rependitur.
1385 1462 1634 1534 Namque
1673 1463 1892 1533 cptim-is
1922 1479 2054 1518 con-

490 1552 630 1608 siliis
659 1552 892 1618 deditos,
938 1555 1029 1624 qui
1069 1555 1133 1606 ad
1182 1552 1429 1609 Platbuis
1463 1554 1740 1608 victoriosi
1789 1555 2048 1625 martyris

2165 733 2252 788 διὰ
2285 737 2376 790 τὸν
2403 737 2675 810 ἄπληστον
2701 741 2902 812 τρόπον
2920 744 3017 815 τὴν
3049 744 3265 802 αἰώνιον
3299 750 3540 807 κόλασιν.

2333 1017 2507 1074 ΡοΗ’.
2540 1051 2609 1060 -
2640 1023 2985 1098 ΤΑΥΡΙΑΝῼ
3017 1027 3156 1080 ΑΠΟ
3203 1031 3550 1088 ΕΠΑΡΧΩΝ.

2231 1109 2367 1163 Οὐαὶ
2395 1114 2462 1183 τῇ
2504 1113 2648 1184 ψυχῇ
2699 1133 2815 1179 σου,
2848 1119 2942 1171 κα¹ι⁹
2965 1120 3317 1192 ἀπάνθρωπε,
3348 1126 3442 1178 καὶ
3489 1127 3691 1197 ἀνόητε
3717 1130 3732 1183 !

2170 1201 2406 1270 Ἀγνοεῖς
2420 1206 2548 1276 γὰρ,
2572 1208 2652 1260 ὄτι
2674 1209 2906 1280 σκληρόν
2940 1229 3022 1264 σοι
3050 1214 3184 1284 πρὸς
3203 1215 3401 1286 κέντρα
3431 1217 3734 1286 λακτίζειν,

2156 1295 2250 1347 καὶ
2269 1297 2532 1366 φρικῶδες
2546 1299 2604 1352 τὸ
2626 1301 2765 1355 κατὰ
2782 1302 2876 1354 τοῦ
2899 1303 3032 1357 Θεοῦ
3058 1304 3232 1378 αἴρειν
3256 1308 3528 1378 τολμῆσαι
3549 1313 3732 1382 χεῖρα.

2165 1384 2229 1439 Ἦ
2256 1387 2362 1458 γὰρ
2383 1388 2537 1461 ὕϐρις
2565 1393 2597 1461 ἡ
2622 1394 2761 1447 κατὰ
2785 1394 2891 1447 τῶν
2917 1396 3086 1464 ἁγίων
3101 1399 3380 1471 γινομένη,
3400 1403 3625 1466 πάντως
3645 1405 3728 1458 ὅτι

2151 1479 2230 1543 είς
2250 1480 2380 1534 Θεὸν
2408 1483 2687 1551 ἀνάγεται.
2716 1486 2853 1549 Τοὺς
2873 1487 2980 1558 γὰρ
3001 1489 3064 1558 δὴ
3091 1492 3169 1552 εἰς
3191 1490 3282 1544 τὸν
3305 1494 3470 1564 σηκὸν
3507 1495 3732 1549 Πλάτω-

2150 1588 2236 1634 νος
2252 1571 2342 1625 τοῦ
2366 1573 2671 1630 καλλινίκου
2689 1577 2961 1650 μάρτυρος
2980 1581 3388 1650 καταφυγόντας
3405 1588 3730 1657 φροντιστὰς

488 1646 746 1715 templum
764 1645 1143 1714 confugerant,
1169 1645 1218 1698 vi
1248 1645 1616 1716 incomposita
1659 1661 1872 1716 rapere,
1899 1655 1953 1700 et
1986 1647 2040 1700 in

2148 1662 2492 1746 τετολμηκὼς
2509 1666 2750 1736 ἁρπάσαι
2770 1645 2835 1739 τῇ
2862 1645 3117 1742 ἀφορήτῳ
3134 1645 3247 1744 βία,
3271 1645 3461 1739 καὶγείς
3481 1645 3729 1748 φυλακὴν

487 1751 761 1792 carcerem
792 1738 1063 1807 publicum
1092 1737 1372 1793 intrudere
1401 1753 1596 1804 ausus;
1641 1738 1875 1809 indeque
1903 1739 2040 1794 haud

2149 1723 2404 1825 ἐμϐαλεῖν
2429 1723 2712 1829 δημοσίαν,
2739 1723 2835 1815 καῖ
2863 1723 3100 1834 βρέμῶν⁸
3123 1723 3624 1838 -φῦσῶν
3671 1723 3728 1824 τε

486 1833 841 1887 tolerabiliter
865 1834 1180 1903 strepitans,
1211 1841 1264 1888 et
1303 1833 1505 1889 buccas
1535 1834 1752 1899 inﬁans,
1774 1841 1828 1889 et
1858 1851 2050 1905 super-

485 1921 609 1975 cilia
635 1921 878 1991 erigens,
908 1929 963 1976 et
994 1921 1210 1977 decreto
1243 1923 1338 1977 illo
1377 1932 1474 1978 tuo
1508 1933 1865 1996 tyrannorum
1897 1941 2049 1981 more

483 2015 764 2069 teterrimo
796 2015 1000 2070 liberos
1029 2017 1085 2071 in
1119 2018 1435 2073 servitutem
1460 2019 1759 2085 adducens,
1810 2037 2046 2092 quanam

481 2107 600 2178 ipse
640 2109 852 2164 ratione
889 2110 1035 2180 quod
1083 2111 1328 2165 futurum
1365 2123 1448 2167 est
1487 2112 1895 2178 inconsiderate
1936 2131 2048 2170 non

480 2199 727 2270 cogitas?
752 2201 1027 2269 quomodo
1057 2203 1402 2271 postmodum
1432 2212 1662 2259 ventura
1692 2221 1801 2260 non
1837 2209 2049 2262 exami-

480 2307 603 2357 nas,
636 2293 958 2349 insensate?
1005 2296 1280 2364 quomodo
1323 2311 1504 2352 rerum
1555 2297 1703 2353 vices
1751 2299 2048 2369 prrevidere

478 2398 590 2437 non
621 2384 880 2447 sustines,
906 2394 1086 2440 mente
1114 2386 1303 2455 capte?
1330 2401 1503 2456 eoque
1521 2389 1888 2458 potissimum,
1921 2404 2046 2443 cum

481 2474 550 2529 ad
576 2484 700 2529 vota
732 2483 827 2529 tua
859 2492 1023 2546 prope
1053 2486 1240 2534 astans
1274 2481 1500 2535 accedat
1545 2481 1817 2550 pessimus
1863 2482 2047 2537 consi-

481 2565 692 2628 liarius,
729 2576 783 2621 et
810 2583 971 2638 quam
1008 2569 1241 2624 maxime
1269 2571 1638 2627 exsecrandus
1670 2572 1786 2626 ﬁsci
1814 2573 2048 2627 advoca-

479 2669 568 2713 tus
592 2657 942 2723 Laurentius,
973 2660 1136 2715 homo
1167 2662 1547 2731 impiissimus,
1567 2671 1715 2721 totus
1735 2666 2045 2733 corruptela

477 2762 532 2806 et
562 2766 757 2821 vappa.
792 2751 1218 2809 Animadvertas
1245 2755 1426 2817 velim,
1465 2755 1871 2812 sanctissimum
1901 2758 2046 2816 hunc

476 2853 770 2914 martyrem
837 2860 944 2900 non
1019 2861 1142 2902 esse
1196 2848 1880 2920 contemnendum,teque
1910 2859 2045 2908 met-

475 2936 654 3005 ipsum
687 2952 927 3007 praepara
959 2939 1024 2993 ad
1052 2939 1231 2994 futura
1261 2948 1454 2996 contra
1480 2949 1533 2997 te
1557 2942 1676 2996 dira
1701 2945 2040 3014 excipienda,

475 3027 816 3081 iracundiam
853 3030 1097 3085 mortalis
1131 3031 1499 3101 imperatoris,
1536 3034 1692 3102 cujus
1730 3043 1876 3090 metu
1917 3052 2041 3107 per-

475 3118 619 3172 citus
670 3119 738 3172 ad
781 3120 982 3175 limites
1023 3121 1146 3178 illos
1191 3124 1427 3180 maxime
1468 3127 1804 3182 venerandos
1847 3129 2041 3183 confu-

475 3211 622 3282 gies,
650 3213 740 3283 qui
790 3227 820 3266 a
866 3220 917 3267 te
958 3212 1154 3282 injuria
1199 3213 1378 3268 aﬁecti
1426 3222 1574 3280 sunt,
1609 3224 1662 3270 et
1701 3219 2038 3289 contemptui

474 3299 680 3356 habiti:
735 3301 991 3373 deinceps
1041 3303 1291 3358 morbum
1341 3319 1585 3375 gravem,
1639 3308 2040 3380 molestumque

473 3395 631 3464 211
665 3396 781 3461 tibi,
818 3397 1182 3466 omnibusque
1216 3398 1361 3461 aliis,
1410 3413 1642 3469 quorum
1695 3401 1809 3470 ipse
1853 3418 2039 3459 amore

473 3485 678 3538 teneris
705 3501 719 3548 ;
759 3484 1124 3553 postmodum,
1151 3486 1450 3556 ingentium
1483 3498 1699 3545 tuarum
1732 3509 1796 3547 ac
1822 3503 2036 3564 specta-

472 3573 663 3627 bilium
699 3574 1014 3628 facultatum
1041 3578 1515 3647 proscriptionem.
1545 3582 1612 3635 Et
1644 3592 1775 3639 tunc
1804 3584 2038 3656 denique

471 3663 621 3718 Jovis
665 3674 816 3734 pater
865 3664 1138 3721 Saturnus
1183 3669 1450 3723 concinne
1499 3679 1550 3725 te
1595 3672 1919 3743 deplorabit,
1974 3693 2038 3733 ac

472 3756 714 3810 suaviter
749 3757 1091 3826 prmcidelur,
1127 3759 1272 3828 quod
1306 3769 1364 3815 tu
1389 3762 1733 3832 potissimum
1765 3767 1914 3821 illum
1950 3768 2035 3823 in-

471 3856 558 3902 ter
593 3849 730 3903 alios
779 3849 910 3903 deos
952 3851 1161 3914 colens,
1208 3867 1330 3907 cum
1377 3870 1640 3925 prospere
1688 3873 1898 3929 ageres,
1953 3861 2035 3915 la-

471 3940 676 4011 crymis
693 3941 990 4010 saepissime
1022 3942 1165 3996 inter
1199 3945 1622 4010 solemnitatem,
1644 3957 1904 4021 tanquam
1937 3969 2034 4009 ve-

471 4031 659 4087 rendis
688 4034 889 4088 misere
916 4032 1188 4097 mutilum,
1215 4043 1269 4090 et
1297 4040 1517 4108 proprio
1553 4039 1662 4096 ﬁl‘io
1692 4043 2026 4116 colligatum,

2145 1848 2245 1912 τάς
2274 1850 2524 1918 γνάθους,
2551 1854 2643 1906 κοιλ⁸
2668 1853 2765 1918 τὰς
2794 1855 2964 1926 ὀφρῦς
2994 1857 3274 1923 ἀνασπῶν,
3323 1862 3418 1914 καὶ
3468 1864 3728 1919 καταδουο

2145 1939 2400 2012 λούμενος
2422 1944 2546 2006 τοὺς
2589 1944 2902 2015 ἐλευθέρους
2955 1949 3021 2018 τῇ
3056 1953 3478 2023 παντοτυράννῳ
3507 1952 3726 2026 γνώμη,

2145 2031 2260 2095 πῶς
2281 2033 2339 2086 οὗ
2365 2033 2552 2107 λογίζῃ
2583 2037 2643 2088 τὸ
2672 2037 2880 2108 μέλλον,
2906 2039 3187 2107 ἀλόγιστε;
3213 2043 3330 2107 πῶς
3353 2045 3420 2098 τὰ
3441 2047 3726 2118 ωμϐησὸο

2148 2141 2284 2195 μενα
2307 2125 2528 2198 ὕστερον
2549 2129 2608 2182 οὐ
2635 2129 2952 2204 διασκέπτῃ.
2972 2132 3256 2204 ἀναίσθητε
3274 2153 3287 2200 ;
3308 2137 3424 2200 πῶς
3441 2137 3542 2202 τὰς
3565 2157 3730 2209 μετα-

2145 2218 2306 2285 ϐολὰς
2353 2220 2462 2274 τῶν
2501 2224 2836 2293 πραγμάτων
2882 2226 3204 2295 προϐλέπειν
3233 2229 3293 2282 οῦ
3329 2229 3522 2295 Θέλεις,
3550 2250 3728 2304 παρα-

2144 2313 2304 2383 πλὴξ,
2325 2315 2419 2368 καὶ
2445 2314 2656 2386 μάλισθ’
2676 2317 2756 2369 ὅτι
2777 2317 2912 2387 πρὸς
2927 2318 3016 2370 τὸν
3037 2320 3235 2374 σκοπὸν
3248 2321 3339 2374 τὸν
3358 2324 3578 2389 σαυτοῦ,
3599 2342 3728 2378 παν-

2145 2405 2476 2473 φαυλότατον
2522 2405 2821 2476 σύμϐουλον
2853 2407 2948 2461 καὶ
2977 2411 3444 2481 παμμιαρώτατον
3495 2415 3727 2483 ἐγγύθεν

2145 2495 2289 2566 ἔχεις
2323 2497 2414 2551 τὸν
2445 2497 2551 2551 ἀπὸ
2585 2499 2782 2567 φίσκου
2819 2501 3132 2572 συνηγόρων
3167 2504 3519 2576 Λαυρέντιον,
3555 2507 3726 2579 ἄνδρα

2143 2586 2588 2649 δυσσεϐέστατον,
2653 2588 3050 2660 διεφθαρμένον
3097 2592 3221 2657 ὅλον,
3264 2595 3361 2648 καὶ
3407 2597 3721 2668 σεσηπότας

2143 2673 2382 2728 Γίνωσκε
2430 2677 2610 2730 τοίνυν
2643 2677 2716 2748 μὴ
2749 2679 3220 2752 εὐκαταφρόνητον
3247 2685 3584 2754 τυγχάνοντα
3632 2687 3723 2740 τὸν

2145 2764 2404 2833 πανάγιον
2435 2767 2731 2839 τμάρτυρα,
2785 2770 2878 2821 καὶ
2914 2770 3109 2824 σαυτὸν
3156 2772 3447 2843 εὐτρέπιζε
3494 2777 3635 2847 πρὸς
3661 2777 3722 2830 τὸ

2144 2855 2504 2921 ὑποδέξασθαι
2543 2858 2610 2911 τὰ
2631 2859 3034 2934 ἐπελευσόμενά
3068 2883 3150 2920 σοι
3179 2865 3353 2931 δεινά,
3400 2867 3574 2943 ὀργὴν
3619 2870 3723 2942 μὲν

2141 2945 2234 3000 τοῦ
2264 2947 2458 3020 θνητοῦ
2484 2949 2768 3020 βασιλέως,
2791 2953 2858 3006 δι’
2885 2957 2951 3027 ἢν
2979 2959 3074 3011 καὶ
3097 2959 3374 3026 δειλιάσας
3396 2963 3720 3040 προσφεύξῃ

2141 3037 2288 3108 ὅροις
2308 3041 2421 3103 τοῖς
2464 3043 2842 3108 σεπτοτάτοις,
2891 3048 3087 3114 οἵτινες
3121 3052 3274 3121 παρά
3328 3054 3422 3108 σοῦ
3458 3037 3718 3130 ὖϐρίσθηξ

2147 3147 2246 3184 σαν
2304 3131 2398 3185 καὶ
2443 3130 2903 3207 ὲξητιμάσθησαν,
2954 3135 3074 3194 εἶτα
3119 3144 3275 3197 νόσον
3341 3145 3567 3218 βαρεῖαν
3620 3151 3716 3203 καὶ

2145 3222 2385 3295 χαλεπὴν
2433 3225 2628 3279 σαυτοῦ
2678 3245 2736 3281 τε
2776 3229 2871 3282 καὶ
2911 3232 3284 3288 πάντων.τῶν
3327 3239 3717 3310 περιποθήτων

2145 3327 2248 3376 σοι,
2290 3315 2425 3383 μετὰ
2448 3314 2502 3368 δὲ
2534 3315 2704 3372 ταῦτα
2736 3319 2913 3373 πάντα
2943 3321 3042 3392 τὴν
3069 3323 3329 3394 δήμευσιν
3370 3328 3469 3399 τῆς
3500 3347 3713 3400 προφε-

2144 3404 2345 3476 ροῦσης
2375 3423 2457 3460 σοι
2504 3409 2747 3480 μεγάλης
2780 3412 3114 3482 περιουσίας.
3159 3418 3268 3470 Καὶ
3305 3418 3426 3472 τότε
3465 3419 3654 3476 λοιπὸν
3684 3425 3713 3477 ό

2141 3495 2235 3550 τοῦ
2267 3498 2387 3562 Διὸς
2415 3499 2596 3571 πατὴρ
2639 3501 2846 3572 Κρόνος
2887 3503 3123 3577 λιγυρῶς
3171 3524 3230 3560 σε
3277 3505 3536 3583 θρηνήσει
3561 3555 3576 3576 ,
3619 3517 3711 3568 καὶ

2143 3587 2366 3658 κόψεται
2399 3590 2586 3660 ἡδέως,
2617 3592 2748 3645 διότι
2781 3595 3011 3665 μάλιστα
3043 3599 3136 3651 καὶ
3177 3599 3240 3652 σὺ
3273 3602 3424 3672 παρὰ
3456 3605 3586 3668 τοὺς
3618 3607 3709 3661 ἀλ*

2141 3678 2265 3744 λους
2315 3680 2469 3745 θεοὺς
2517 3682 2706 3737 τοῦτον
2742 3685 2916 3739 σέϐων
2948 3689 3006 3739 ὲν
3040 3691 3104 3760 τῇ
3159 3693 3453 3765 εὐημερίᾳ,
3488 3695 3704 3768 θρήνοις

2141 3774 2514 3844 παρεμυθήσω
2534 3775 2656 3829 καθ’
2676 3778 2868 3850 ἑορτὴν
2888 3779 3225 3848 πλειστάκις,
3248 3786 3339 3838 Ξιτε
3360 3786 3468 3839 τῶν
3489 3789 3707 3844 αἰδοίων

2139 3864 2541 3937 ἐκτετμημένον
2583 3869 2849 3938 ἐλεεινῶς,
2881 3874 2976 3926 καὶ
3027 3873 3307 3945 δεδεμένον
3329 3880 3562 3951 οἰκτρῶς
3601 3884 3704 3938 ὑπὸ

2138 3959 2337 4013 οἰκείου
2365 3962 2568 4025 παιδὸς,
2592 3965 2684 4016 καὶ
2699 3965 2776 4034 τῷ
2791 3965 3257 4041 δερμοκουκουλίῳ
3279 3976 3702 4049 κατακεκαλυμ-

2139 4049 2317 4120 μένον,
2346 4050 2441 4103 καὶ
2469 4051 2528 4103 τὸ
2567 4051 2755 4116 σκότος
2775 4055 3026 4111 οἰκοῦντα
3057 4059 3338 4130 διηνεκῶς.

469 4135 523 4183 et
545 4126 757 4181 cuculla
789 4129 1012 4196 pellicea
1057 4129 1354 4194 obtecmm,
1393 4143 1832 4206 sempiterneque
1880 4143 2134 4201 tenebras
2169 4145 2560 4199 inhabitantem
2608 4149 2922 4205 consolatus
2954 4166 3035 4205 es.

662 4216 940 4273 CLXXIX.
971 4248 1041 4259 —-
1066 4220 1415 4278 AMBLICHO
1440 4223 1818 4285 CURATORI.

537 4309 676 4375 Quid
709 4309 946 4373 laboras,
974 4326 1008 4365 ο
1046 4312 1230 4377 homo,
1269 4323 1323 4367 et
1361 4313 1564 4370 frustra
1608 4320 1839 4377 sudores
1871 4323 2027 4379 insu-

2389 4237 2551 4292 Ροθν.
2578 4269 2647 4278 —
2674 4241 2983 4315 ΑΜΒΛΙΧῼ
3012 4246 3422 4307 ΚΟΥΡΑΤΟΡΙ.

2204 4329 2269 4381 Τί
2293 4329 2530 4397 μοχθεῖς,
2563 4329 2837 4400 ἄνθρωπε,
2874 4335 2967 4387 καὶ
3012 4337 3240 4407 κάμνεις
3284 4344 3608 4417 ἀπέραντα;
3644 4346 3697 4406 τὶ

469 4400 612 4456 mis?
647 4399 788 4466 Quid
823 4392 1168 4472 temetipsum
1197 4404 1260 4457 ad
1289 4403 1454 4461 falsas
1489 4410 1755 4466 vanitates
1789 4416 2034 4484 praeripi-

470 4501 574 4513 .-μ
620 4491 771 4513 με-..
807 4492 1080 4513 οημμε-
1295 4502 1329 4513 ,κ
1365 4510 1378 4513 Α
1541 4499 1574 4513 ..
1620 4500 1629 4508 .
1765 4500 1801 4513 ,ε
1909 4505 1917 4513 .

2293 4392 2304 4397 -
2365 4392 2393 4397 .-
2519 4392 2525 4394 ν
2669 4392 2679 4400 .
2826 4392 2834 4398 .
3088 4392 3099 4407 .
3199 4392 3237 4403 γ,
3287 4392 3608 4417 πηνα...
3653 4392 3692 4406 ..

2144 4416 2484 4482 κατελαῦνεις
2543 4420 2737 4473 σαυτὸν
2791 4423 2927 4494 πρὸς
2973 4427 3072 4495 τὴν
3106 4429 3275 4503 ψευδῆ
3328 4440 3692 4513 ματαιότητας

470 4501 577 4544 tem
619 4491 771 4559 agis?
807 4492 1085 4547 Sententia
1141 4494 1245 4547 ista
1295 4502 1386 4548 tua
1437 4513 1468 4551 a
1523 4499 1708 4553 divino
1763 4500 2030 4572 Propheta

469 4581 804 4651 deploratur,
882 4592 936 4638 et
1025 4583 1167 4638 inter
1227 4601 1313 4641 res
1365 4587 1553 4642 beatas
1615 4589 2032 4661 iortunatasquc

469 4673 786 4727 collocatur.
812 4691 830 4724 ι
861 4673 1059 4731 Beatus
1083 4677 1250 4738 enim,
1276 4678 1371 4742 ait,
1397 4679 1578 4742 homo,
1609 4683 1695 4734 cui
1716 4694 1797 4736 est
1831 4700 2029 4739 nomen

471 4763 681 4819 Domini
715 4781 839 4834 spes
868 4767 1008 4835 ejus,
1045 4774 1098 4821 et
1136 4783 1244 4822 non
1280 4771 1521 4840 respexit
1563 4772 1616 4826 in
1652 4775 1943 4840 vanitates,
1975 4784 2030 4832 et

471 4859 715 4914 insanias
747 4859 914 4914 falsas
948 4860 1013 4914 “.
1055 4878 1074 4912 ι
1111 4859 1362 4931 Nunquid
1396 4877 1497 4918 nos
1537 4865 1638 4932 ipsi
1683 4880 1895 4930 sumus,
1933 4869 2026 4938 qui

469 4949 592 5004 vita:
630 4960 831 5006 nostra:
857 4952 1168 5008 necessaria
1209 4953 1564 5024 perﬁcinms?
1602 4956 1744 5013 Deus
1782 4969 1885 5024 est,
1932 4962 2026 5032 qui

469 5055 588 5095 eam
616 5040 887 5112 disponit:
923 5051 975 5098 et
1005 5043 1241 5098 humana
1277 5045 1456 5099 studia
1483 5047 1670 5104 divino
1699 5051 1904 5104 auxilio
1932 5053 2027 5109 de-

471 5132 681 5193 stituta,
717 5134 1028 5187 necessario
1070 5133 1177 5188 ﬁne
1211 5148 1313 5188 suo
1353 5133 1722 5208 frustrantur;
1748 5148 1801 5194 at
1842 5141 2024 5199 divina

469 5223 778 5293 dispositio,
803 5225 1055 5280 submoto
1083 5227 1243 5280 etiam
1278 5227 1522 5297 quolibet
1556 5231 1793 5288 humano
1824 5237 2027 5291 auxilio

468 5314 1006 5385 destituta,perfecta
1031 5317 1248 5372 exhibet
1267 5319 1428 5374 bona.
1459 5322 1668 5377 Bonum
1700 5324 1882 5396 itaque
1907 5328 2025 5385 fue-

468 5407 541 5460 rit
571 5407 769 5459 bnnum
797 5408 1070 5478 amplecti;
1097 5410 1369 5478 quodnam
1397 5428 1524 5467 vero
1548 5415 1676 5470 illud
1718 5415 1899 5484 fuerit,
1920 5421 2023 5475 nisi

470 5499 612 5567 quod
643 5498 748 5554 ﬁde
776 5499 928 5555 ﬁrma
971 5515 1035 5556 ac
1075 5516 1221 5568 vera,
1255 5502 1380 5559 altis
1411 5505 1576 5576 jactis
1606 5509 1884 5564 radicibus
1919 5527 2018 5567 nos

538 5673 560 5704 ’
587 5673 789 5734 ilabac.
820 5693 877 5745 ιι,
905 5677 960 5735 6.
1035 5680 1078 5713 “
1107 5679 1229 5737 Act.
1265 5697 1340 5750 Ix,
1369 5681 1424 5740 ὅ.
1477 5733 1479 5735 .
1515 5682 1556 5715 ⁸⁸
1591 5682 1735 5742 Psal.
1763 5700 1949 5754 χχιιι,
1989 5683 2044 5745 Β.

2136 4509 2596 4578 Τεταλανισμένον
2629 4511 2785 4566 τοῦτό
2827 4532 2911 4582 γε,
2952 4518 3070 4588 οὐχὶ
3113 4525 3548 4598 μακαριζόμενον
3583 4509 3694 4588 ⁷ὑπὸ

2135 4595 2278 4648 θείου
2331 4598 2614 4668 Προφήτου
2671 4601 2739 4691 τοᾷ
2775 4604 2973 4658 τοιόνδε
3026 4595 3297 4681 φρόνημα.
3359 4595 3692 4691 (Μακάριος

2133 4688 2260 4778 γάρ,
2289 4690 2471 4758 φησὶν,
2497 4692 2651 4763 ἀνὴρ.
2683 4689 2743 4748 οὗ
2768 4698 2881 4750 ἐστι
2907 4699 2965 4751 τὸ
2984 4699 3151 4772 ὄνομα
3177 4707 3379 4778 Κυρίου
3413 4688 3692 4777 ἐλπὶς-αὐ-

2134 4777 2246 4840 τοῦ,
2283 4782 2374 4833 καὶ
2397 4783 2497 4836 οὐκ
2531 4784 2825 4856 ἐπέϐλεψεν
2852 4791 2932 4854 είς
2957 4777 3338 4866 ματαιότητας,
3376 4803 3468 4855 καὶ
3497 4807 3688 4874 μανίας

2123 4870 2390 4940 ψευδεῖς.»
2414 4876 2504 4946 Μὴ
2531 4876 2638 4947 γὰρ
2666 4880 2828 4947 ἡμεῖς
2859 4883 3024 4952 ἐσμεν
3050 4888 3100 4938 οἱ
3128 4887 3196 4941 τὰ
3217 4889 3316 4960 τῆς
3342 4870 3689 4965 ζωῆςάνῦονζ

2123 4981 2215 5027 τες
2243 4966 2450 5019 ἑαυτῶν
2475 4983 2489 5033 ;
2537 4968 2670 5033 Θεὸς
2700 4972 2846 5025 ἐστιν
2885 4974 2913 5026 ό
2942 4976 3142 5049 ταύτην
3171 4981 3486 5053 οἰκονομῶν·
3535 4989 3629 5042 καὶ
3653 4991 3684 5062 ἠ

2128 5057 2227 5129 μὲν
2272 5057 2584 5132 ἀνθρωπίνη
2641 5063 2862 5134 σπουδὴ,
2902 5066 2976 5136 μὴ
3000 5070 3233 5138 τυχοῦσα
3276 5073 3377 5142 τῆς
3416 5075 3508 5128 τοῦ
3556 5057 3686 5132 Θεοῦ

2133 5149 2403 5221 βοηθείας,
2433 5152 2492 5217 ἐξ
2519 5154 2761 5225 ἀνάγκης
2792 5158 3157 5230 ἀποτυγχάνει
3195 5163 3288 5217 τοῦ
3330 5166 3534 5230 τέλουςο
3568 5171 3600 5240 ἠ
3631 5170 3686 5224 δὲ

2130 5243 2223 5296 τοῦ
2250 5243 2384 5298 Θεοῦ
2413 5245 2713 5315 οἰκονομία,
2746 5249 2839 5301 καὶ
2879 5249 3001 5320 δίχα
3048 5253 3146 5324 τῆς
3171 5255 3515 5330 ἀνθρωπίνης
3545 5276 3684 5331 συμ-

2131 5331 2381 5402 πράξεως
2429 5334 2608 5388 τέλεια
2650 5338 2878 5408 παρέχει
2924 5339 2993 5392 τά
3047 5343 3244 5411 ἀγαθά.
3299 5346 3476 5402 Καλὸν
3507 5351 3682 5403 τοίνυν

2128 5424 2275 5478 ἐστὶν
2310 5425 2648 5490 ἀσπάζεσθαι
2681 5429 2740 5482 τὸ
2764 5431 2947 5487 καλόν.
2985 5434 3048 5486 Τί
3075 5436 3120 5488 δ’
3144 5438 3210 5492 ἂν
3235 5439 3321 5509 εἴη
3351 5440 3532 5507 τοῦτο,
3560 5443 3594 5516 ἢ
3623 5444 3682 5498 τὸ

2123 5516 2303 5573 πίστει
2334 5517 2529 5593 βεϐαίᾳ
2585 5521 2680 5576 καὶ
2728 5522 2949 5594 ἀψευδεῖ
3006 5525 3334 5605 ριξωθέντας
3375 5533 3560 5604 ἡμᾶς,
3590 5537 3680 5594 καὶ
