3888 6040
138 202 277 267 293

1387 216 1913 278 EPISTOLARUM
1942 221 2087 281 LIB.
2129 223 2211 282 II.

3295 232 3401 296 294

144 312 714 383 ξσχυροποιηθέντας,
751 315 929 369 πᾶσαν
978 318 1072 372 ἐπὶ
1100 319 1303 386 Κύριον
1337 322 1548 391 ῥίπτειν
1575 341 1725 394 φρον-

1842 325 2040 381 robore
2076 328 2373 396 obﬁrmati,
2403 346 2622 389 omnem
2656 349 2842 391 curam
2878 348 3123 395 nostram
3178 356 3242 399 ac
3273 345 3401 400 dili-

139 402 290 459 τίδα
341 405 437 458 καὶ
469 405 768 477 μέριμναν;

368 497 496 550 PII’.
529 528 593 537 —-
624 498 913 571 ΒΑΛΕΡΙῼ
947 503 1526 579 ΚΟΥΒΙΚΟΥΛΑΡΙῼ.

237 588 364 651 Πῶς
396 589 661 660 προφῆτις
723 591 876 659 παρὰ
904 592 980 663 τῷ
1022 594 1215 665 Ἡσαΐᾳ
1254 596 1514 668 κέκληται
1548 598 1734 667 Μαρία

146 680 194 749 ἡ
226 680 485 744 Θεοτόκος
508 720 524 745 ,
569 679 769 735 ἐπύθου
807 682 982 752 ἡμῶν.
1019 685 1313 755 Ἀνάγνωθι
1343 691 1400 743 ἐν
1432 689 1509 759 τῷ
1554 691 1732 757 Εὐαγ-

144 773 353 843 γελίῳ,
384 773 465 825 ὅτι
496 790 514 823 ι
557 772 881 842 Ἐπέϐλεψεν
907 776 1002 828 ἐπὶ
1026 778 1125 848 τὴν
1153 780 1478 833 ταπείνωσιν
1500 782 1600 851 τῆς
1623 783 1736 836 δού-

160 866 273 934 λης
328 863 527 918 αὐτοῦ·
564 865 670 918 ἰδοὺ
724 868 830 938 γὰρ
861 868 967 921 ἀπὸ
1012 870 1105 923 τοῦ
1152 871 1245 924 νῦν
1287 875 1610 943 μακαριοῦσί
1664 893 1729 945 με

145 959 338 1009 πᾶσαι
362 959 418 1010 αί
444 955 647 1026 γενεαί.
691 975 709 1007 ι
747 958 855 1010 Καὶ
880 959 972 1013 ἐὰν
1007 962 1080 1033 μὴ
1132 962 1245 1035 ίδης
1287 966 1731 1037 μακαριζομένην

143 1052 261 1120 τὴν
290 1052 453 1118 ἁγίαν
477 1056 695 1125 Μαρίαν
721 1060 778 1109 ἐν
805 1056 963 1109 παντὶ
982 1056 1143 1121 ἔθνει,
1177 1057 1270 1109 καὶ
1298 1060 1355 1110 ὲν
1386 1059 1531 1129 πάσῃ
1557 1059 1732 1127 γλώσ-

145 1160 253 1213 σῃ,
284 1144 421 1198 διότι
449 1146 581 1200 Θεὸν
617 1149 963 1219 σαρκωθέντα
990 1151 1054 1203 ἐκ
1079 1148 1393 1218 Πνεύματος
1424 1150 1602 1218 ἁγίου,
1639 1152 1731 1203 καὶ

144 1236 218 1301 ἐξ
250 1238 444 1308 αὐτῆς,
476 1241 878 1312 κεκυοφόρηκέν
915 1259 974 1294 τε
1007 1242 1101 1295 καὶ
1138 1241 1288 1295 έτεκε
1350 1242 1469 1311 δίχα
1526 1243 1731 1312 φθορᾶς

142 1328 257 1380 καὶ
282 1328 563 1399 μολυσμοῦ
595 1334 869 1396 παντοίου,
899 1333 973 1403 μὴ
1005 1333 1188 1385 πείθου
1224 1334 1302 1402 τῷ
1340 1334 1563 1403 Ἡσαΐᾳ·
1598 1336 1643 1386 εί
1684 1334 1728 1387 δ’

142 1418 216 1471 ἐν
247 1421 418 1473 παντὶ
456 1421 534 1491 τῷ
576 1422 764 1493 κόσμῳ
809 1422 1168 1494 μακαρίξεται
1230 1424 1324 1476 καὶ
1379 1426 1724 1494 εὐφημεῖται,

142 1510 485 1580 ἀνυμνείται
516 1514 608 1565 καὶ
649 1513 973 1582 εὐλογεῖται,
1023 1513 1161 1583 αῦτη
1192 1517 1308 1584 τεὴ
1353 1515 1595 1584 ἄσπορος
1637 1517 1728 1568 καὶ⁵

144 1602 517 1676 ἀγεώργητος
547 1606 641 1675 γῆ,
677 1607 770 1661 καὶ
808 1608 836 1659 ό
881 1607 1085 1677 ταύτης
1117 1609 1579 1679 παμμακάριστος
1636 1609 1729 1662 καὶ

1837 417 2073 484 gentiam
2110 418 2338 476 Domino
2370 426 2819 482 committamus?

1904 508 2065 578 212
2105 508 2362 568 CLXXX.
2392 545 2463 555 —
2488 514 2787 573 VALERIO
2840 519 3330 580 CUBICULARIO.

1905 599 2151 665 Quanam
2204 606 2417 662 ratione
2458 616 2610 664 vates
2660 612 2803 679 apud
2850 611 3048 666 Isaiam
3080 613 3245 668 Maria
3281 616 3402 672 Dei-

1835 704 1965 758 para
1988 702 2335 764 nuncupatur
2354 697 2420 760 ¹²,
2442 712 2473 751 a
2504 700 2663 756 nobis
2685 702 3067 771 expostulasti.
3101 702 3320 761 Videsis
3346 708 3401 761 in

1834 775 2159 849 Evangelia.
2184 780 2473 853 «Respexit
2494 786 2853 843 humilitatem
2875 791 3089 846 ancillae
3104 808 3216 846 sua:
3238 812 3252 847 :
3273 807 3401 848 ecce

1832 868 1977 920 enim
2007 883 2073 922 ex
2118 886 2265 924 nunc
2293 872 2509 927 beatam
2540 891 2625 930 me
2652 877 2837 932 dicent
2878 896 3068 935 omnes
3093 884 3402 952 generatio-

1832 954 2007 1007 nes”.
2045 974 2063 1007 ι
2096 954 2160 1011 Ει
2189 958 2233 1012 si
2265 974 2373 1012 non
2396 965 2725 1031 compereris
2749 964 2969 1019 Mariam
2994 970 3397 1024 sanctissimam

1834 1046 1975 1113 apud
2008 1062 2200 1103 omnes
2232 1050 2504 1114 nationes,
2524 1062 2577 1107 et
2597 1054 2651 1108 in
2676 1057 2930 1112 omnibus
2963 1059 3162 1129 linguis
3184 1060 3397 1116 beatam

1833 1133 2058 1201 dictam,
2084 1140 2231 1208 quod
2261 1139 2453 1206 Deum,
2475 1146 2565 1214 qui
2595 1160 2813 1201 carnem
2843 1164 2909 1201 ex
2942 1146 3149 1217 Spiritu
3181 1163 3395 1217 sancto,

1836 1232 1892 1278 et
1932 1225 2119 1281 eadem
2166 1234 2483 1301 assumpsit,
2522 1234 2576 1288 in
2611 1245 2765 1290 utero
2791 1240 3052 1307 gestavit,
3096 1248 3149 1294 et
3191 1243 3399 1312 peperit

1830 1316 2034 1386 absque
2067 1322 2416 1391 corruptione
2445 1334 2498 1378 et
2524 1329 2669 1380 omni
2700 1329 2935 1395 macula,
2960 1346 3027 1385 ne
3048 1330 3206 1386 Iidem
3242 1332 3398 1387 adhi-

1830 1407 1960 1462 beas
1984 1408 2164 1476 lsa'ize;
2201 1412 2246 1465 si
2284 1429 2411 1467 vero
2438 1418 2580 1485 apud
2608 1418 2919 1474 universum
2950 1421 3208 1475 mundum
3236 1423 3397 1477 beata

1829 1500 2048 1567 dicitur,
2079 1510 2133 1556 et
2166 1503 2422 1561 laudibus
2467 1510 2772 1574 extollitur,
2807 1522 2860 1566 et
2893 1514 3182 1583 praeconiis
3211 1523 3265 1569 et
3294 1515 3394 1568 be-

1831 1592 2233 1651 nedictionibus
2268 1596 2593 1653 bonestatur
2631 1601 2744 1656 haec
2780 1604 2898 1657 sine
2931 1605 3161 1668 semine,
3197 1612 3249 1660 et
3273 1605 3395 1661 sine

141 1695 382 1759 αἰώνιος
402 1698 631 1767 καρπὸς,
653 1697 792 1751 διατί
820 1697 1147 1770 ζυγομαχεῖς
1167 1699 1436 1771 προφῆτιν
1462 1699 1725 1769 δεδεῖχθαι

1832 1683 1937 1736 ulla
1966 1683 2176 1738 cultura
2214 1695 2383 1755 terra,
2428 1701 2481 1743 et
2520 1691 2869 1748 beatissimus
2902 1694 3069 1757 illius,
3100 1702 3155 1748 et
3187 1695 3395 1765 sempi-

142 1788 258 1857 τὴν
285 1787 544 1842 Θεοτόκον
571 1788 786 1860 Μαρίαν
809 1805 823 1818 ·

638 2071 813 2127 ΡΠΑ’.
843 2100 911 2112 -ν
948 2072 1032 2138 Τῷ
1061 2073 1240 2138 αὐτῷ.

236 2178 259 2213 ι
301 2160 611 2227 Πεινῶντας
644 2164 940 2235 ἐνέπλησεν
965 2166 1201 2236 ἀγαθῶν,
1241 2167 1334 2220 καὶ
1365 2165 1725 2231 πλουτοῦντας

145 2251 508 2317 ἐξαπέστειλε
534 2256 743 2321 κενούς.
781 2277 800 2310 ι
833 2261 894 2312 Oi
923 2259 1031 2330 γὰρ
1062 2260 1167 2330 πρὸ
1204 2260 1302 2329 τῆς
1338 2260 1584 2331 κλήσεως
1608 2277 1725 2313 πει-

146 2344 360 2411 νῶντες
384 2349 475 2402 τὸν
513 2350 652 2403 θεῖον
686 2350 841 2419 λόγον
888 2351 1109 2416 ἐθνικοὶ,
1149 2351 1284 2421 μετά
1323 2352 1384 2405 τὸ
1415 2352 1720 2418 πιστεῦσαι,

145 2440 449 2511 τρέφονται
503 2441 844 2512 κατακόρως,
892 2444 987 2496 καὶ
1037 2443 1366 2498 ἀπολαύουσι
1411 2444 1518 2497 τῶν
1564 2444 1722 2498 θείων

144 2532 503 2603 διδαγμάτων
525 2548 542 2565 ⁸
573 2533 622 2585 οἱ
648 2532 705 2584 δέ
752 2550 815 2602 γε
844 2535 1239 2605 πλουτήσαντες
1279 2536 1425 2607 νόμῳ
1480 2536 1573 2589 καὶ
1612 2539 1722 2600 τοῖς

146 2625 467 2694 προφήταις
511 2624 769 2696 Ἑϐραῖοι,
810 2626 899 2679 διὰ
940 2627 1037 2695 τῆς
1076 2627 1331 2688 ἀπιστίας
1371 2627 1719 2698 λιμώττουσι,

148 2717 251 2771 καὶ
297 2718 505 2788 πτωχοὶ
552 2718 871 2791 πορεύονται
925 2720 1285 2784 ἀπολέσαντες
1321 2720 1417 2785 τὰς
1448 2722 1506 2788 ἐξ
1556 2721 1721 2791 ὕψους

147 2808 416 2879 χάριτας·
450 2808 583 2862 διότι
634 2810 773 2864 κατά
812 2811 938 2875 τοὺς
978 2810 1167 2880 λόγους
1198 2811 1303 2865 τῶν
1343 2812 1719 2883 προφητῶν,ἡ

146 2899 459 2970 Συναγωγὴ
487 2899 665 2953 αὐτῶν
693 2900 893 2969 βιϐλίον
920 2902 1249 2955 ἀποστασίου
1284 2902 1542 2968 λαϐοῦσα,
1566 2901 1721 2957 ὲκϐέο

147 2990 357 3061 ϐληται
386 2993 451 3045 ἐκ
470 2991 562 3045 τοῦ
590 2994 738 3046 οἴκου
768 2994 860 3047 τοῦ
892 2994 1049 3057 Θεοῦ,
1079 2995 1154 3058 ὡς
1192 2995 1438 3065 μοιχαλὶς
1464 2996 1557 3048 καὶ
1585 2995 1719 3066 πρὸς
1751 3029 1794 3086 C

148 3084 472 3156 ἀλλοτρίους
500 3084 697 3155 ἄνδρας
749 3086 1132 3156 ἐκμαινομένη,
1168 3087 1411 3139 τουτέστι
1463 3086 1590 3149 τοὺς
1612 3087 1727 3138 δαί-

153 3194 351 3247 μονοις.
389 3171 591 3246 Εἴληφε
638 3177 814 3231 τοίνυν
859 3178 920 3230 τὸ
974 3177 1066 3231 τοῦ
1116 3179 1451 3232 ἀποστασίου
1500 3178 1724 3248 βιϐλίον,

147 3271 292 3340 ὅπερ
320 3271 464 3332 τινὲς
500 3268 721 3323 καλοῦσι
758 3270 1062 3342 ῥεπούδιον,
1094 3272 1187 3324 καὶ
1227 3270 1567 3341 ἐξορισθεῖσα
1618 3269 1726 3323 τῶν

149 3364 373 3417 σεπτῶν
416 3365 753 3435 μυστηρίων,
795 3364 881 3418 διὰ
911 3364 1069 3418 τοῦτο
1105 3363 1391 3433 πτωχεύει.
1429 3365 1588 3417 Ὅθεν
1612 3364 1725 3417 ἐστι

149 3456 364 3526 ἀρτίως
413 3456 709 3527 ὀφθαλμοῖς
781 3456 1148 3511 κατοπτεῦσαι
1218 3457 1278 3510 τὸ
1338 3458 1725 3527 γεγραμμένον

148 3547 513 3617 προφητικῶς
542 3549 601 3601 ἐν
620 3552 685 3620 τῇ
719 3548 882 3619 βίϐλῳ
911 3551 1017 3602 τῶν
1052 3551 1288 3620 Κριτῶν.
1334 3551 1457 3604 Ἐπὶ
1491 3552 1587 3621 μὲν
1616 3551 1725 3621 γὰρ

150 3641 339 3693 πᾶσαν
367 3640 466 3712 τὴν
505 3641 625 3710 γῆν,
655 3643 749 3694 καὶ
781 3644 959 3695 πᾶσαν
990 3644 1088 3713 τὴν
1121 3644 1210 3712 ὑφ’
1234 3643 1389 3714 ἡλίῳ,
1424 3645 1644 3712 γέγονέν
1665 3660 1723 3696 τε

149 3730 253 3783 καὶ
284 3730 497 3797 γίνεται
529 3734 562 3802 ἡ
587 3732 772 3803 δρόσος
802 3731 901 3800 τῆς
933 3732 1187 3800 γνώσεως
1218 3733 1313 3786 τοῦ
1342 3733 1601 3805 Χριστοῦο
1631 3734 1724 3786 ἐπὶ

150 3824 211 3875 δὲ
236 3823 329 3876 τὸν
373 3825 542 3880 πόκον
583 3828 690 3881 τῶν
722 3828 989 3882 Ἰουδαίων
1025 3830 1241 3900 μόνονή
1282 3829 1515 3899 ξηρασία
1552 3829 1721 3882 ἐστίν’

151 3918 381 3989 ἁπέπτη
440 3920 549 3991 γὰρ
589 3921 683 3974 ἀπ’
730 3922 971 3993 αὐτῶνή
1014 3922 1112 3985 τὰς
1160 3922 1337 3992 ψυχὰς
1390 3920 1727 3985 ζωοποιοῦσα

152 4008 255 4062 καὶ
304 4008 561 4076 αὔξουσα,
624 4011 943 4083 δροσίζουσά
968 4030 1026 4065 τε
1053 4013 1148 4065 καὶ
1185 4012 1519 4083 ἐκτρέφουσα
1544 4012 1723 4081 χάρις.

166 4102 333 4155 Ἀλλά
362 4106 581 4157 κάκεῖνο
606 4104 792 4173 γνῶθι,
824 4106 905 4158 ὅτι
938 4108 985 4158 oi
1015 4106 1079 4159 ἐκ
1111 4105 1218 4157 τῶν
1241 4105 1522 4174 ἁμαρτιῶν
1556 4122 1724 4174 μετα-

154 4195 429 4260 νοοῦντες,
481 4198 576 4249 καὶ
607 4197 741 4267 πρὸς
773 4198 833 4250 τὸ
867 4200 1116 4267 κρεῖττον
1160 4197 1579 4267 ἐπιστρέφοντες
1629 4197 1725 4251 ἄν-

156 4285 389 4354 θρωποι,
418 4285 887 4358 ὲμπλησθήσονται
927 4288 1139 4350 πάντως
1175 4287 1281 4340 τῶν
1324 4288 1424 4357 τῆς
1475 4288 1726 4359 ποικίλης

153 4378 363 4448 ἀρετῆς
396 4379 763 4450 πανευφήμων

155 4469 570 4539 ἁμαρτημάτων
600 4469 791 4540 πρώην
819 4470 1001 4534 κακῶς
1037 4471 1438 4540 πλουτήσαντες
1454 4469 1724 4540 δαίμονες,

154 4564 483 4617 ἀπολέσουσι
524 4563 616 4615 τὸν
654 4562 901 4627 πλοῦτον,
943 4566 1108 4634 ὅνπερ
1145 4564 1237 4616 ἐπὶ
1277 4564 1386 4615 τῶν
1437 4562 1572 4616 ὄνων
1636 4563 1727 4615 καὶ

153 4656 265 4707 τῶν
303 4654 564 4725 καμήλων
594 4652 875 4722 ἐκόμιζον,
923 4654 998 4717 ῶς
1032 4672 1197 4725 φησιν
1257 4654 1511 4717 Ἡσαΐας⁸
1568 4672 1728 4724 σκορ-

154 4747 387 4817 πίζομεν
409 4747 518 4818 γὰρ
544 4748 635 4801 τὸν
667 4747 905 4801 τοιοῦτον
954 4747 1202 4812 πλοῦτον,
1233 4748 1327 4799 καὶ
1368 4745 1725 4817 ὀλοφύρεσθαι

154 4842 252 4895 καὶ
270 4842 486 4911 θρηνεῖν
512 4841 721 4912 πικρῶς
757 4841 1012 4912 ποιοῦμεν
1042 4842 1165 4904 τοὺς
1194 4840 1468 4911 δαίμονας,
1501 4841 1627 4895 ὃταν
1657 4839 1722 4912 δὴ

153 4933 294 5004 πρὸς
335 4931 619 5003 μετάνοιαν
645 4932 791 5003 ρέψω
799 4950 896 5002 μεν

646 5023 817 5077 PIIB’.
842 5054 911 5065 -——
942 5023 1025 5089 Τῷ
1052 5023 1230 5089 αὐτῷ.

219 5111 465 5183 Εἴρηκάς
494 5130 583 5183 μοι
606 5112 747 5189 ἀγαν
781 5114 1250 5186 πολυπραγμονεῖν
1272 5114 1339 5166 τὰ
1369 5114 1720 5185 ἀναγεγραμ-

157 5203 293 5274 μένα
322 5206 606 5277 ίστορικῶς
629 5207 949 5273 (εύσύνοπτα
974 5209 1081 5278 γὰρ
1107 5208 1320 5273 ταῦτα),
1353 5207 1486 5260 ἀλλὰ
1524 5207 1721 5278 μᾶλλον

152 5296 251 5367 τὴν
277 5297 461 5366 νόησιν
489 5296 595 5350 τῶν
617 5299 1013 5369 γεγραμμένων
1040 5299 1233 5369 λίχνως
1258 5298 1495 5369 διαθρεῖν
1520 5299 1720 5367 λέγεις,

153 5388 248 5441 καὶ
278 5390 357 5449 είς
383 5388 555 5455 λέξεις
603 5392 798 5461 νοητὰς
830 5391 1110 5460 βούλεσθαι
1151 5390 1322 5459 ἡδέως
1355 5390 1453 5459 τὴν
1501 5390 1726 5462 Γραφὴν

155 5480 533 5552 ἐκλαμϐάνειν.
571 5484 755 5554 Κέρας
791 5485 971 5537 τοίνυν
1013 5484 1282 5555 σωτηρίας
1326 5483 1423 5554 τὴν
1460 5484 1727 5538 ἀπάθειαν

259 5616 300 5646 ¹¹
330 5616 435 5739 ἔξω.
468 5638 588 5687 νιιι,
623 5624 675 5677 '5.
754 5622 797 5653 ¹³
827 5623 961 5678 Luc.
1004 5638 1043 5677 ι.
1077 5620 1167 5676 48.
1250 5620 1291 5651 ¹⁵
1324 5619 1461 5676 Ibid.
1487 5621 1576 5677 55.

259 5703 301 5739 ι.
372 5727 387 5739 .

172 5702 301 5747 ιιι,
333 5702 387 5741 υ.

1693 5621 1736 5653 ³⁸
1768 5622 1870 5677 Isa.
1916 5633 1968 5677 ι,
2004 5617 2056 5666 1.

1832 1782 2022 1829 ternus
2084 1775 2327 1844 fructus;
2388 1780 2517 1849 quid
2578 1782 2720 1836 ultra
2785 1785 3070 1840 contendis
3120 1786 3394 1855 postulas-

1832 1880 1968 1935 quc,
2009 1865 2291 1937 Deiparam
2326 1868 2551 1926 Mariam
2594 1873 2693 1927 tibi
2733 1877 3156 1931 commonstrari
3209 1884 3391 1931 vatem

1830 1952 2038 2011 fuisse?

2288 2048 2567 2105 CLXXXI.
2601 2081 2673 2092 —-
2710 2050 2915 2108 Eidem.

1904 2135 2267 2215 «'Esurientes
2291 2140 2533 2210 implevit
2562 2143 2737 2207 bonis,
2761 2145 3022 2202 etdivites
3050 2146 3253 2203 dimisit
3278 2149 3395 2205 ina-

1830 2242 1927 2282 nes
1962 2230 2025 2282 “.
2073 2248 2091 2280 ι
2128 2229 2231 2296 Qui
2261 2232 2407 2285 enim
2438 2241 2564 2287 ante
2595 2235 2933 2290 vocationem
2964 2238 3278 2293 esuriebant
3310 2240 3393 2293 di-
3424 2302 3433 2311 ο

1830 2320 2013 2373 vinum
2051 2324 2273 2376 verbum
2323 2326 2575 2393 gentiles,
2609 2338 2895 2397 postquam
2929 2329 3298 2396 crediderunt,
3323 2331 3392 2386 ad

1830 2413 2131 2468 satietatem
2157 2415 2526 2481 enutriuntur,
2553 2428 2605 2471 et
2628 2418 2827 2473 divinae
2860 2422 3127 2478 doctrinae
3160 2423 3391 2493 partici-

1829 2525 1923 2578 pes
1957 2512 2093 2565 liunt
2118 2527 2141 2577 ;.
2182 2512 2273 2581 qui
2317 2528 2445 2584 vero
2478 2523 2532 2566 et
2569 2514 2718 2584 lege,
2749 2523 2804 2569 et
2838 2518 3114 2586 prophetis
3150 2519 3393 2575 abunda-

1829 2610 1957 2655 runt
1990 2604 2223 2669 Hebraei,
2248 2614 2474 2674 propter
2508 2606 2947 2663 incredulitatem
2978 2610 3119 2667 fame
3138 2623 3390 2681 pereunt,

1829 2693 2131 2765 inopesque
2174 2698 2565 2763 obambulant,
2626 2716 2746 2755 cum
2788 2704 2948 2765 dona,
3000 2721 3121 2775 quae
3159 2710 3394 2776 desuper

1828 2785 2112 2852 accedunt,
2163 2790 2463 2845 amiserint.
2518 2791 2586 2846 Ut
2641 2794 2786 2847 enim
2852 2794 3035 2851 ferunt
3094 2801 3389 2869 preplietze,

1826 2880 2179 2949 congregatio
2217 2883 2458 2951 ipsorum
2484 2923 2498 2947 ,
2547 2885 2687 2939 libro
2730 2889 2939 2957 repudii
2998 2899 3224 2960 accepto
3269 2899 3392 2946 tan-

1826 2984 1987 3040 quam
2014 2970 2256 3023 adultera
2286 2970 2446 3025 domo
2476 2970 2571 3026 Dei
2597 2974 2771 3041 ejecta
2799 2984 2885 3030 est
2908 2977 2973 3042 ¹⁵,
3007 2987 3059 3031 ct
3092 2980 3143 3032 in
3182 2980 3390 3035 alienos

1826 3063 1997 3127 viros,
2029 3062 2305 3118 daemones
2340 3064 2574 3127 scilicet,
2603 3065 2827 3121 insanit.
2860 3069 3084 3138 Accepit
3111 3070 3293 3137 itaque
3326 3071 3391 3124 li-

1826 3155 2027 3210 bellum
2067 3156 2299 3226 repudii,
2346 3171 2375 3210 a
2429 3158 2865 3229 venerandisque
2912 3163 3182 3232 mysteriis
3228 3163 3387 3233 213

1824 3244 2063 3298 extorris
2118 3245 2329 3313 inopem
2376 3247 2544 3299 vitam
2584 3248 2693 3316 agit
2721 3248 2785 3301 ”.
2823 3245 2961 3302 l‘Iinc
3010 3249 3170 3303 modo
3211 3251 3389 3305 oculis

1825 3332 1971 3403 quod
2006 3335 2059 3388 in
2094 3335 2234 3389 libro
2272 3334 2526 3391 Judicum
2572 3337 2754 3392 divine
2798 3354 3129 3407 prasensum
3170 3349 3223 3395 et
3252 3357 3389 3411 pra:-

1825 3428 2028 3483 dictum
2062 3437 2166 3492 est,
2204 3429 2399 3483 intueri
2442 3446 2731 3499 possumus
2763 3433 2825 3485 ".
2863 3430 2918 3485 In
2943 3448 3156 3488 omnem
3188 3437 3388 3491 etenim

1823 3527 2048 3582 terram,
2089 3535 2209 3590 qua:
2254 3521 2355 3575 sub
2415 3524 2529 3577 sole
2558 3531 2662 3583 est,
2706 3538 2796 3577 ros
2839 3523 3166 3579 Christiana:
3199 3528 3388 3597 cogni-

1825 3610 1989 3665 tionis
2011 3620 2162 3665 ortus
2186 3622 2287 3676 est,
2308 3621 2359 3665 et
2388 3629 2533 3666 nunc
2551 3630 2769 3683 quoque
2797 3614 2941 3669 cadit
2965 3634 2979 3670 :
3012 3626 3385 3676 verumtamen

1825 3717 1991 3770 super
2020 3703 2191 3756 vellus
2224 3700 2530 3756 Judaeorum
2570 3706 2945 3759 tantummodo
2991 3706 3209 3761 siccitas
3256 3710 3385 3764 hor-

1825 3803 1927 3849 ret.
1959 3794 2201 3864 Namque
2232 3795 2300 3849 ab
2328 3796 2483 3865 ipsis,
2517 3798 2729 3851 animas
2754 3799 3055 3865 vivilicans,
3088 3802 3383 3871 adaugens,

1826 3886 2071 3940 irrorans
2105 3898 2158 3939 et
2185 3889 2468 3942 enutriens
2499 3888 2671 3957 gratia
2699 3890 2957 3944 evolavit.
3000 3891 3133 3945 Illud
3169 3908 3386 3963 quoque

1825 3982 1971 4035 scias
2006 3982 2185 4043 velim,
2227 3996 2320 4035 eos
2354 3985 2444 4051 qui
2480 3998 2508 4035 a
2533 3984 2779 4051 peccatis
2814 3986 3160 4054 resipiscunt,
3185 3996 3239 4040 et
3271 4003 3384 4057 pte-

1826 4073 2109 4127 nitentiam
2159 4083 2378 4141 agentes
2428 4073 2495 4126 ad
2549 4073 2831 4127 Dominum
2882 4076 3109 4143 gradum
3155 4076 3381 4143 faciunt,

1827 4162 2215 4217 landatissimis
2246 4165 2407 4217 variae
2434 4165 2650 4218 virtutis
2677 4163 2873 4219 eduliis
2907 4168 3131 4220 omnino
3163 4167 3278 4221 fore
3300 4184 3384 4223 re-

1827 4258 2082 4329 plendus;
2115 4256 2205 4327 qui
2231 4273 2357 4311 vero
2389 4257 2456 4311 ob
2486 4259 2686 4311 delicta
2718 4268 2904 4312 nostra
2940 4268 3097 4313 antea
3128 4260 3266 4315 male
3299 4261 3385 4315 di-

810 4380 1015 4434 σιτίωνο
1056 4345 1187 4433 οί“δ’
1217 4383 1279 4432 ἐκ
1441 4345 1723 4451 ἡμετέρων

1832 4348 1965 4403 vites
1998 4346 2123 4399 facti
2155 4354 2279 4401 sunt
2305 4346 2596 4410 dzemones,
2628 4345 2846 4399 divitias
2878 4346 3200 4413 amissuros,
3241 4363 3381 4417 quas

1826 4454 1993 4509 super
2026 4440 2209 4492 asinos
2244 4446 2297 4491 et
2322 4437 2558 4510 camelos
2597 4436 2956 4506 deportabant
2991 4438 3063 4503 ’⁸,
3111 4446 3170 4493 ιιι
3204 4439 3386 4510 inquit

1824 4508 2013 4582 Isaias.
2051 4526 2268 4579 Similes
2300 4527 2444 4579 enim
2470 4508 3077 4596 divitias-dissipamus,
3116 4538 3171 4583 et
3201 4508 3384 4603 Iac—ry-

1824 4634 1963 4683 mas,
2012 4617 2358 4685 ejulatusque
2410 4630 2627 4670 amaros
2668 4616 3009 4675 daemonibus
3058 4619 3382 4690 incutimus,

1823 4724 1948 4764 cum
1979 4708 2046 4763 ad
2073 4708 2448 4779 paenitentiam
2480 4708 2829 4773 inclinamur.

2269 5017 2580 5073 CLXXXII.
2606 5049 2677 5058 —
2706 5018 2914 5073 Eidem.

1894 5110 2089 5165 Dixisti
2122 5110 2274 5175 mihi,
2308 5118 2360 5165 te
2394 5112 2610 5167 curiose
2644 5112 2804 5168 nimis
2837 5114 3163 5184 conquirere
3206 5115 3385 5172 histo-

1821 5205 1931 5259 rias
1985 5205 2190 5273 scripto
2234 5205 2466 5266 relatas,
2515 5219 2637 5273 quae
2678 5204 2835 5260 facile
2871 5206 2926 5260 in
2968 5206 3385 5277 intelligentiam

1822 5298 2015 5353 cadere
2068 5304 2330 5366 possunt;
2376 5298 2486 5349 imo
2535 5298 2706 5366 magis
2757 5313 2967 5364 eorum,
3012 5315 3132 5369 qua:
3180 5300 3387 5368 scripto

1822 5391 2075 5446 mandata
2100 5396 2249 5451 sunt,
2282 5389 2608 5443 sententiam
2637 5390 2797 5444 enixe
2823 5389 3014 5447 lateris
3052 5391 3382 5461 expendere,

1825 5491 1880 5538 et
1910 5481 1979 5537 ad
2036 5480 2312 5535 dictiones
2344 5480 2743 5534 intellectuales
2773 5481 3010 5537 libenter
3043 5480 3385 5553 Scripturam

2135 5612 2178 5642 "
2214 5609 2326 5667 Jer.
2363 5626 2442 5677 ιιι,
2473 5612 2524 5664 8.
2637 5612 2678 5644 ι’
2709 5610 2886 5669 Judic.
2920 5630 2993 5682 v1,
3020 5617 3108 5674 40.
3216 5619 3385 5675 “Isa.
