3888 6040
565 238 678 306 295

2021 265 2082 324 S.
2125 265 2288 325 NILI

3697 279 3798 343 296

561 349 904 420 detorquere.
943 353 1126 412 Cornu
1180 359 1364 431 itaque
1410 364 1602 421 salutis
1649 369 1714 432 ιο,
1763 369 2089 426 indolentiam

2221 373 2430 441 νόησον,
2453 368 2602 426 οἷκον
2627 373 2685 428 δὲ
2709 373 2801 428 τοῦ
2833 375 2998 430 Δαυῒδ
3026 377 3124 450 τὴν
3155 379 3502 452 Ἐκκλησίαν.
3531 385 3600 439 Ei
3619 389 3798 444 τοίνυν

561 454 684 496 esse
723 442 1024 516 intelligito,
1053 448 1272 504 domum
1299 451 1466 507 David
1503 454 1819 516 Ecclesiam.
1857 463 1913 514 Si
1942 464 2124 532 itaque

559 537 618 586 et
645 532 761 602 ipse
787 550 852 590 ex
879 538 1063 602 domo,
1094 556 1214 611 quae
1247 544 1568 616 intelligitur
1604 565 1726 604 esse
1764 553 2003 619 Davidis,
2039 571 2120 620 es,

559 621 914 681 indolentiam
939 646 1154 698 exerce,
1179 642 1233 689 et
1265 637 1458 690 animae
1490 640 1902 707 perfectionem.
1939 646 2122 702 Potest

558 729 792 786 namque
817 720 978 774 etiam
1011 722 1114 777 hoc.
1141 725 1194 778 in
1225 727 1400 780 medio
1431 737 1696 785 terrarum
1731 735 1848 789 orbi
1886 737 2118 802 absolvi,

555 809 1014 876 quemadmodum
1071 815 1124 868 in
1172 814 1408 887 Josepbo
1445 829 1498 874 et
1547 824 1602 876 in
1645 821 1867 881 Daniele
1912 827 2118 883 factum

554 905 659 954 est.

903 998 1066 1070 214.
1107 999 1510 1058 CLXXXIIl.-—-
1531 1007 1736 1067 Eidem.

623 1085 762 1142 Sunt
783 1092 1030 1144 nonnulli
1059 1107 1204 1146 nunc
1225 1111 1444 1165 quoque
1479 1103 1741 1170 temporis
1764 1116 1989 1161 numero
2013 1105 2116 1162 flu-

548 1178 620 1232 vii
683 1195 946 1247 aquarum
1003 1199 1167 1238 cursu
1230 1187 1596 1256 indciicienti,
1660 1195 1858 1250 divinis
1925 1201 2114 1268 repleti

546 1271 786 1335 ﬂuentis,
813 1281 868 1326 et
891 1276 1108 1343 proprio
1133 1277 1334 1348 impetu
1370 1281 1642 1337 civitatem
1676 1285 1786 1348 Dei,
1818 1285 2113 1344 Ecclesiam

489 1413 508 1434 ι,
545 1363 692 1426 dico,
731 1364 1007 1423 hilaritate
1041 1381 1465 1442 conspergenles
1493 1392 1770 1447 nunquam
1798 1384 2115 1449 quiescente

545 1454 912 1513 irroratione:
946 1475 1040 1515 eos
1074 1461 1341 1532 intelligo,
1379 1462 1474 1535 qui
1501 1484 1601 1522 usu
1635 1480 1688 1524 et
1717 1474 2114 1530 cm-isuetndine

545 1549 710 1601 ainati
739 1559 792 1602 et
821 1550 977 1604 beato
1007 1550 1310 1608 Philemoni
1342 1565 1395 1610 et
1429 1556 1738 1628 Nicephoro
1765 1563 2110 1630 conjunctis-

545 1639 669 1693 simi
697 1641 902 1698 vivunt.
936 1642 1001 1697 Ili
1032 1661 1157 1702 vere
1195 1649 1639 1706 sublimissimam
1676 1656 2027 1711 indolentiam
2057 1669 2110 1713 et

542 1733 904 1802 cognitionem
965 1738 1327 1805 possidentes,
1393 1759 1606 1799 necnon
1669 1729 2180 1816 prctiosissimosB

540 1819 748 1891 lapides
783 1823 833 1876 in
865 1825 987 1880 sinu
1036 1827 1348 1887 deferentes
1389 1835 1646 1891 omnibus
1698 1851 2103 1907 pr0ponuntur,

539 1916 954 1982 carbunculum,
1002 1920 1248 1990 inquam,
1282 1933 1337 1979 et
1369 1926 1593 1981 viridem
1627 1929 1882 1998 lapidem.
1916 1931 2108 1988 lnnuet

537 2019 703 2074 porro
727 2008 864 2078 lapis
884 2011 1074 2067 viridis
1094 2028 1240 2078 eum,
1263 2017 1355 2086 qui
1378 2033 1445 2071 ex
1467 2021 1864 2078 exercitatione
1889 2025 1940 2076 in
1969 2024 2107 2080 facie

535 2105 781 2164 apparet,
818 2114 980 2167 quam
1025 2104 1260 2158 maxime
1299 2109 1669 2163 venerandtnn
1724 2114 2016 2181 pallorem,
2051 2125 2105 2170 et

537 2185 1024 2254 refrigerationem,
1040 2199 1094 2246 et
1109 2197 1514 2252 concretionem
1540 2201 1610 2255 ob
1633 2217 1878 2271 asperam
1905 2215 2104 2260 tracta-

496 2313 511 2326 .
536 2275 736 2330 tionem
765 2281 1128 2335 membrorum
1171 2289 1440 2354 corporis.
1472 2289 1850 2350 Carbunculus
1879 2299 2102 2366 praecla-

536 2379 647 2428 ros,
693 2367 1344 2440 ignitosquespiritualis
1374 2381 1854 2448 contemplationis
1901 2400 2098 2454 sensus

535 2455 790 2538 intimos,
831 2461 922 2529 qui
961 2477 1092 2518 sane
1135 2475 1190 2519 et
1229 2465 1441 2538 Cleopae
1481 2484 1578 2524 cor
1628 2473 1952 2530 adurebant.
2003 2477 2099 2533 His

528 2549 638 2616 jam
661 2527 893 2606 laudatis
921 2553 1334 2614 admirabilibus
1363 2527 1495 2615 viris
1515 2563 1688 2632 major
1709 2579 1738 2618 a
1757 2527 2099 2624 Deoﬁn‘iundo

532 2640 825 2707 profluens,
875 2646 1062 2700 aureis
1106 2647 1346 2706 fontibus
1393 2655 1730 2724 conSpicuus
1773 2657 1935 2714 datus
1987 2669 2094 2725 est,

529 2727 768 2786 Joannes
833 2734 1472 2810 Constantinopolitanus
1531 2748 1860 2818 episcopus,
1936 2752 2096 2823 cujus

529 2819 720 2877 laudes
741 2833 924 2880 mutae
953 2828 1057 2883 sibi
1081 2833 1384 2900 sapientum
1411 2835 1606 2906 lingua:
1628 2838 1924 2912 dispertita:
1943 2819 2092 2900 sunt.

528 2908 628 2966 Hic
655 2915 796 2969 enim
817 2933 980 2986 quam
1008 2922 1292 2979 verissime
1325 2928 1690 2988 carbunculus
1720 2943 1822 3000 est,
1849 2953 1876 2990 a
1899 2940 2094 2994 tenella

528 3011 686 3058 actate
715 3009 927 3076 pietatis
955 3012 1243 3080 splendore
1275 3018 1437 3072 etiam
1475 3021 1528 3076 in
1557 3023 1744 3080 fasciis
1779 3029 2089 3098 obvolutus,

529 3107 582 3149 et
611 3097 664 3149 in
695 3097 879 3154 divino
911 3117 1079 3172 grano
1115 3105 1404 3175 ignitarum
1455 3115 1846 3186 cogitationum
1880 3124 2089 3178 enutri-

525 3195 634 3252 tus,
682 3198 738 3244 et
786 3193 998 3249 ardenti
1048 3197 1325 3256 desiderio
1360 3219 1455 3272 per
1493 3208 1796 3275 profectum
1831 3216 2085 3284 carptim,

523 3277 1028 3356 incrementumque
1065 3289 1115 3342 in
1157 3293 1388 3349 sublime
1418 3297 1637 3354 elevans
1675 3301 1945 3358 flammam
1983 3307 2085 3362 do-

521 3373 710 3427 ctrinae
735 3413 748 3436 ,
789 3389 888 3444 pro
923 3394 1028 3446 qua
1063 3380 1130 3436 de
1167 3386 1314 3439 omni
1365 3391 1675 3445 mortalium
1710 3411 1908 3464 genere
1949 3399 2084 3456 bene

521 3465 851 3531 promeritus
891 3477 1009 3534 est,
1047 3472 1119 3526 ab
1163 3475 1270 3530 illis
1313 3490 1616 3548 separatus,
1652 3493 1917 3558 utensque
1955 3507 2086 3560 pru-

518 3554 775 3612 dentibus
795 3557 923 3626 illis,
958 3563 1050 3630 qui
1082 3573 1240 3620 antea
1275 3578 1494 3639 propter
1529 3575 1782 3632 virtutem
1823 3554 1878 3634 in
1909 3554 2084 3636 maxi-

515 3659 605 3699 ma
654 3649 896 3703 omnium
945 3651 1290 3712 admiration:
1351 3671 1541 3729 erant;
1581 3674 1636 3720 at
1682 3684 1848 3732 nunc,
1897 3687 1958 3725 ea
1999 3683 2082 3728 est

515 3741 867 3808 praesentium
925 3749 1176 3802 socordia
1221 3792 1237 3815 ,
1271 3754 1549 3826 despectui
1609 3761 1900 3829 habentur,
1958 3768 2083 3824 licet

513 3839 760 3900 pastores
790 3835 932 3891 sint:
983 3841 1126 3908 quod
1159 3845 1339 3901 verbis
1377 3848 1485 3904 illis
1523 3849 1790 3908 Jeremias
1821 3857 2078 3928 deplora-

511 3921 630 3976 vit:
664 3921 945 3988 Quomodo
998 3937 1238 3990 stercore
1284 3937 1445 4008 215
1489 3941 1888 4002 circumvallati
1945 3961 2076 4008 sunt

2223 465 2316 517 καὶ
2343 465 2502 530 αὐτὸς
2529 466 2620 520 τοῦ
2654 465 2803 520 οίκου
2853 469 3118 541 ὑπάρχεις
3147 473 3238 526 τοῦ
3273 477 3564 546 νοουμένου
3613 479 3794 546 Δαυτδ,

2221 557 2488 612 ἀπάθειαν
2529 560 2768 631 ᾶσκησον
2808 562 2906 615 καὶ
2959 564 3237 618 τελείωσιν
3283 567 3482 639 ψυχῆς.
3535 571 3800 644 Ἐγχωρεί

2219 647 2328 722 γὰρ
2357 651 2511 706 τοῦτο
2533 653 2627 706 καὶ
2654 655 2712 707 ἐν
2739 653 2886 726 μέσῳ
2911 655 3005 709 τοῦ
3025 657 3794 738 κόσμουὲτελεσιουργηθῆναι,

2219 741 2406 815 ὥσπερ
2439 745 2528 798 ἐπὶ
2555 744 2648 798 τοῦ
2683 745 2877 818 Ἰωσὴφ
2907 749 3000 802 καὶ
3031 751 3122 804 ἐπὶ
3141 751 3236 804 τοῦ
3263 755 3482 826 Δανιήλ.

2699 1021 2869 1080 ΡΠΓ.
2899 1055 2972 1066 -—
3001 1025 3084 1092 Τῷ
3115 1027 3294 1094 αὐτῷ.

2286 1106 2407 1160 Εἰσί
2435 1125 2580 1173 τινες
2625 1112 2720 1164 καὶ
2772 1113 2974 1182 ἀρτίως
3027 1117 3262 1186 ποταμοὶ
3319 1117 3520 1171 ἀένναα
3577 1120 3788 1191 ῥέοντες

2217 1198 2498 1270 θειοτέρων
2531 1202 2946 1275 πεπληρωμένοι
2973 1205 3220 1278 ῥείθρων,
3245 1212 3354 1273 τοῖς
3371 1211 3592 1276 οἰκείοις
3622 1215 3786 1285 ὁρμή-

2218 1308 2348 1362 μασι
2368 1293 2465 1364 τὴν
2499 1295 2652 1348 πόλιν
2672 1295 2764 1349 τοῦ
2791 1297 2946 1362 Θεοῦ,
2977 1300 3076 1369 τὴν
3109 1299 3434 1374 Ἐκκλησίαν
3463 1307 3633 1376 φημὶ,
3655 1323 3783 1361 κατ-

2213 1386 2590 1456 ευφραίνοντες
2633 1390 2699 1459 τῇ
2753 1390 3088 1460 ἁνεκλείπτῳ
3117 1393 3336 1465 ἀρδείᾳ’
3381 1398 3510 1459 τοὺς
3543 1401 3672 1468 περὶ
3697 1401 3781 1454 τὸν

2215 1475 2432 1548 θεοφιλῆ
2489 1481 2584 1532 καὶ
2621 1479 2788 1545 ὅντως
2845 1483 3116 1553 μακάριον
3149 1486 3346 1557 εἴρηκα
3382 1489 3656 1561 Φιλήμονα
3692 1495 3778 1548 καὶ

2211 1573 2540 1646 Νικηφόρον,
2569 1577 2764 1640 οἵτινες
2797 1579 3137 1652 ὑψηλοτάτην
3167 1585 3438 1639 ἀπάθειαν
3457 1589 3672 1657 ἀληθῶς
3691 1591 3776 1644 καὶ

2211 1665 2410 1732 γνῶσιν
2464 1670 2818 1739 κεκτημένοι,
2863 1675 3116 1737 καὶτοὺς
3167 1676 3568 1749 πολυτιμήτους
3606 1681 3774 1745 λίθους

2209 1757 2684 1830 ἐγκεκολπισμένοι
2737 1763 3128 1820 διαδείκνυνται
3179 1769 3335 1835 πᾶσι,
3393 1770 3483 1822 τὸν
3537 1772 3774 1842 ἄνθρακά

2207 1866 2347 1918 φημι
2408 1853 2500 1904 καὶ
2533 1853 2623 1905 τὸν
2657 1858 2914 1926 πράσινον
2950 1857 3112 1914 λίθον.
3155 1862 3418 1933 Σημαίνει
3463 1865 3508 1918 δ’
3537 1867 3602 1918 ἂν
3625 1869 3654 1918 ὁ
3683 1869 3772 1936 μὲν

2206 1941 2464 2010 πράσινος
2494 1941 2657 2010 λίθος,
2684 1945 2780 2017 τὴν
2818 1949 2882 2001 ἐκ
2913 1951 3015 2018 τῆς
3055 1951 3339 2022 ἀσκήσεως
3367 1956 3460 2007 ἐπὶ
3489 1957 3772 2024 προσώπου

2205 2031 2535 2102 φαινομένην
2565 2037 2900 2108 σεμνοτάτην
2929 2040 3211 2112 ὠχρότητα
3237 2044 3330 2096 καὶ
3355 2046 3453 2115 τὴν
3485 2047 3647 2115 ψύξιν
3689 2049 3773 2102 καὶ

2202 2121 2364 2192 πῆξιν
2389 2125 2495 2177 τῶν
2539 2126 2630 2180 τοῦ
2665 2127 2916 2200 σώματος
2947 2132 3123 2202 μελῶν
3163 2135 3248 2189 διὰ
3278 2137 3376 2205 τῆς
3427 2138 3770 2210 κληρουχίαςο

2201 2218 2229 2268 ὁ
2251 2217 2307 2270 δὲ
2341 2219 2544 2290 ἄνθραξ
2553 2261 2566 2282 ,
2589 2221 2659 2273 τὰ
2685 2223 2914 2296 λαμπρὰ
2933 2227 3027 2279 καὶ
3053 2227 3247 2300 διακαῆ
3275 2235 3376 2302 τῆς
3397 2239 3770 2306 πνευματικῆς

2201 2304 2433 2377 θεωρίας
2462 2310 2840 2382 ἐνθυμήματα,
2875 2315 3017 2388 ἅπερ
3061 2318 3125 2388 δὴ
3153 2321 3244 2373 καὶ
3275 2321 3372 2374 τοῦ
3418 2304 3646 2380 Κλεοπα
3681 2304 3770 2398 τῆν

2200 2399 2426 2468 καρδίαν
2467 2401 2775 2472 ὲξέφλεγεν.
2813 2408 3029 2472 Μείζων
3074 2411 3131 2464 δὲ
3173 2413 3282 2466 τῶν
3313 2417 3620 2487 εἰρημένων
3647 2419 3770 2472 θαυ-

2201 2490 2419 2556 μαστῶν
2449 2494 2675 2564 ἀνδρῶν,
2707 2498 2858 2568 παρὰ
2885 2499 3022 2554 Θεοῦ
3051 2503 3130 2573 τῷ
3157 2505 3347 2577 κόσμῳ
3377 2511 3626 2578 ποταμὸς
3645 2531 3770 2582 χρυ--

2199 2583 2424 2652 σορῤόας
2448 2585 2766 2658 δεδώρηται,
2806 2591 3058 2665 Ἰωάννης
3088 2597 3116 2648 ὁ
3147 2598 3768 2671 Κωνσταντινουπόλεως

2197 2671 2512 2740 ἐπίσκοπος.
2539 2675 2748 2745 οὗτινος
2781 2685 2907 2748 τοὺς
2943 2686 3196 2753 ἐπαίνους
3223 2691 3416 2747 πολλαὶ
3444 2695 3556 2748 τῶν
3595 2699 3768 2766 σοφῶν

2199 2766 2509 2836 μερίζονται
2531 2771 2791 2838 γλῶσσαι.
2819 2777 3060 2850 Ἀνθραξ
3083 2782 3190 2852 γὰρ
3222 2776 3372 2848 οὗτος
3403 2786 3766 2856 ἀληθέστατα,

2197 2856 2260 2908 ἐκ
2291 2855 2418 2920 νέας
2455 2861 2668 2930 ἡλικίας
2701 2864 2780 2935 τῷ
2819 2871 2959 2935 φωτὶ
3001 2871 3102 2939 τῆς
3129 2873 3408 2939 εὐσεϐείας
3437 2895 3766 2946 σπαργανω-

2197 2948 2330 3017 θεὶς,
2357 2953 2452 3004 καὶ
2476 2955 2567 3006 ἐπὶ
2595 2955 2689 3008 τοῦ
2719 2957 2864 3012 θείου
2893 2961 3092 3016 κόκκου
3124 2965 3232 3018 τῶν
3258 2968 3536 3038 διαπύρων
3563 2987 3658 3042 νοη
3669 2973 3767 3041 μά-

2118 3077 2160 3135 c
2193 3057 2300 3094 των
2345 3043 2672 3115 τιθηνηθεὶς,
2701 3053 2793 3104 καὶ
2837 3055 3159 3124 πυριφλεγεί
3181 3060 3348 3130 πόθῳ,
3379 3063 3466 3118 διὰ
3499 3063 3604 3132 τῆς
3627 3065 3763 3118 κατὰ

2195 3131 2360 3204 μέρος
2401 3140 2683 3208 προκοπῆς
2747 3145 2841 3196 καὶ
2896 3147 3173 3216 αὐξήσεως
3194 3189 3207 3212 ,
3241 3154 3320 3215 εἰς
3347 3149 3482 3223 ὕψος
3504 3131 3647 3225 ἄρας
3671 3159 3764 3226 τὴν

2188 3224 2360 3295 φλόγα
2381 3231 2478 3298 τῆς
2511 3233 2728 3286 πάντων
2759 3235 2963 3305 βροτῶν
2992 3241 3346 3315 εὐεργετικῆς
3377 3224 3624 3318 διδαχῆς,
3647 3224 3760 3302 δια-

2184 3323 2584 3392 κεχωρισμένος
2616 3328 2858 3394 ἐκείνων,
2905 3333 2998 3385 καὶ
3025 3333 3284 3408 διακεχρη
3295 3339 3458 3406 μένος
3493 3344 3610 3404 τοίς
3634 3343 3654 3363 ⁸
3675 3345 3761 3395 εὐ-

2186 3414 2540 3482 φρονούντων,
2573 3418 2680 3472 τῶν
2709 3420 2900 3492 πρώην
2937 3427 3033 3494 μὲν
3067 3429 3498 3502 εὐφημουμένων
3538 3436 3606 3488 δι’
3635 3437 3759 3506 ἁρε-

2189 3503 2310 3573 τὴν,
2344 3509 2462 3560 νυνὶ
2489 3508 2546 3562 δὲ
2575 3509 2889 3581 ψεγομένων
2919 3517 3004 3571 διὰ
3025 3521 3126 3590 τὴν
3165 3522 3438 3594 ρᾳθυμίαν
3457 3565 3472 3590 ,
3505 3527 3614 3580 κᾶν
3641 3503 3758 3581 ποια

2194 3595 2353 3666 μένες
2388 3601 2726 3670 τυγχάνωσιν
2749 3623 2764 3636 ·
2791 3605 2998 3678 οὕσπερ
3047 3611 3315 3684 Ἱερεμίας
3363 3617 3634 3689 ἐθρήνησι
3671 3621 3758 3674 λέ-

2189 3702 2336 3755 γων·
2365 3691 2488 3754 Πῶς
2527 3695 2756 3765 κοπρίαν
2790 3702 3172 3770 περιεϐάλοντο
3205 3710 3547 3778 πραγμάτων
3579 3711 3758 3781 βιωτι-

2189 3779 2300 3834 κῶν
2331 3783 2423 3836 καὶ
2472 3785 2746 3858 φθαρτῶν,
2775 3793 2828 3845 οἵ
2857 3811 2985 3848 ποτε
3019 3798 3393 3872 τιθηνούμενοι
3428 3805 3522 3857 ἐπὶ
3559 3807 3758 3861 κόκκον

2180 3871 2280 3941 τῆς
2315 3875 2565 3945 οὐρανίου
2611 3885 2705 3936 καὶ
2735 3887 2940 3955 σεμνῆς
2982 3871 3252 3958 βιώσεως,
3289 3895 3505 3950 καὶτοῦ
3541 3899 3754 3970 ἀφθάρ-

2175 3979 2269 4016 του
2318 3968 2413 4020 καὶ
2451 3975 2823 4042 πνευματικοῦ
2855 3978 3266 4052 πολιτεύματος.

2595 4025 2606 4042 ι
2642 4025 2652 4026 ί
2687 4025 2816 4028 """
2862 4025 3266 4052 """""""'"‘O

509 4027 691 4069 rerum
717 4025 1074 4088 terrenarum,
1094 4041 1156 4080 ac
1179 4033 1639 4100 corruptibilium,
1659 4039 1749 4107 qui
1774 4041 2070 4112 aliquando
2107 4056 2494 4116 nutriebantur
2525 4063 2578 4118 in
2607 4079 2776 4122 cocco
2806 4070 2850 4100 ⁸⁸
2875 4073 3123 4130 caelestis
3154 4090 3218 4130 ac
3251 4081 3580 4138 veneranda:
3611 4085 3749 4150 vitae,

509 4117 561 4150 Ill
585 4111 1020 4150 innnrrnnlihilie
1075 4129 1119 4150 an
1155 4123 1416 4150 an:..:o-l:-
1455 4127 1690 4150 :__.2.,,.-

507 4117 561 4165 et
584 4111 1046 4182 incorruptibilis,
1073 4129 1126 4174 et
1155 4123 1418 4190 spiritalis
1455 4127 1714 4187 instituti.

690 4203 1018 4264 CLXXXIV.
1048 4239 1120 4251 -
1153 4212 1430 4274 TEUCRO
1460 4221 1874 4284 CANDIDATO.

575 4291 710 4348 Dum
747 4297 1082 4369 Scripturam
1129 4309 1528 4376 percurrimus,
1572 4315 1707 4370 nibil
1744 4321 1868 4374 novi
1905 4323 2066 4380 nobis

2452 4245 2622 4300 PHA’.
2655 4273 2726 4288 —-
2763 4251 3040 4325 ΤΕΥΚΡῼ
3067 4256 3480 4334 ΚΑΝΔῘΔᾹἸᾩ.

2245 4329 2323 4401 Τῇ
2355 4333 2542 4407 Γραφῇ
2567 4341 2878 4411 ἐντυχόντες
2907 4347 3006 4399 οὐκ
3031 4347 3097 4400 ἂν
3125 4329 3498 4424 ξενισθείημεν
3526 4357 3748 4426 βλέπον-

501 4387 750 4444 “emere
779 4391 1012 4459 Videtur.
1047 4411 1168 4450 cum
1207 4405 1259 4456 te
1290 4406 1663 4472 conspicimus
1692 4409 1877 4478 justos
1905 4432 2064 4472 exse-

501 4485 764 4520 ΩΙἯΙΙΙΩΙῺ-
799 4487 847 4520 pl
887 4479 1204 4520 irridnnlom
1264 4489 1563 4520 nul-niden..-
1607 4507 1874 4520 -A...__.-_“
1923 4504 1989 4520 ρ..
2030 4519 2055 4520 γ-

2297 4387 2323 4401 η
2399 4387 2409 4404 ι
2482 4387 2542 4407 ,η
2571 4387 2875 4411 -,--Λ,,--,
2908 4387 3006 4399 ..-η
3032 4387 3094 4400 ν.-
3125 4387 3496 4424 νευυυνςιιιμςν
3526 4387 3746 4426 μαμων-

2196 4418 2263 4482 ri;
2287 4437 2346 4474 σε
2375 4423 2492 4479 λίαν
2527 4427 2943 4502 βδελυσσόμενον
2961 4440 3086 4502 τοὺς
3121 4441 3381 4509 δικαίους,
3409 4447 3504 4500 καὶ
3543 4467 3746 4520 μυκτη-

499 4485 766 4540 crantem,
799 4487 854 4532 et
887 4479 1228 4551 irridentem,
1264 4489 1564 4561 probisqne
1607 4507 1879 4565 petentem
1920 4504 2064 4571 piam

498 4577 686 4618 corum
705 4564 1124 4626 institutionem.
1143 4573 1417 4647 Scriptum
1447 4593 1530 4636 est
1552 4564 1694 4640 enim
1718 4608 1730 4642 :
1762 4609 1778 4640 ι
1805 4564 2067 4650 Peccator

496 4665 813 4712 exsecratur
835 4659 929 4716 Dei
949 4665 1490 4729 cultum“.iEtalibi
1521 4695 1533 4730 :
1563 4695 1580 4728 ι
1610 4681 1794 4736 Audiit
1814 4685 2060 4742 divinum

495 4745 720 4801 verbum
752 4752 973 4819 stultus,
1005 4765 1060 4811 et
1099 4773 1315 4827 excors,
1344 4769 1398 4818 et
1433 4767 1631 4836 abjecit
1663 4773 1794 4827 illud
1825 4785 1973 4830 retro
2003 4779 2058 4834 in

493 4833 738 4894 humeris
758 4843 872 4898 suis
891 4845 957 4899 “.
984 4865 1002 4897 ι
1028 4848 1166 4904 Alibi
1187 4868 1406 4924 quoque
1428 4833 1690 4930 scriptum
1715 4877 1796 4918 est
1817 4885 1861 4919 ει
1885 4867 2058 4926 Omne

491 4926 690 4984 animal
707 4931 884 4988 simile
900 4935 1002 4990 sibi
1030 4943 1236 5008 appetit
1264 4945 1331 4998 ".
1365 4966 1384 4998 ι
1411 4926 1686 5008 Scelestus
1717 4958 1861 5011 enim
1895 4961 2056 5016 homo

488 5019 778 5075 scelestum
808 5034 976 5094 amat,
1003 5037 1057 5083 et
1094 5035 1494 5104 complectitur.

623 5108 930 5170 CLXXXV.
953 5145 1023 5158 —-
1052 5119 1364 5180 CAPITONI
1426 5127 1912 5189 PHRONTISTE.

553 5199 633 5256 Ne
663 5219 922 5263 manuum
949 5219 1167 5268 tuarum
1195 5230 1383 5274 amore
1415 5223 1669 5278 concitus
1691 5239 1788 5280 eas
1819 5229 2050 5295 exaltes,

483 5286 740 5346 laudibus
769 5298 1035 5365 cuumles,
1067 5309 1120 5356 et
1139 5303 1355 5360 beatum
1382 5317 1434 5362 te
1459 5313 1744 5378 praedices,
1771 5319 1916 5384 quod
1955 5286 2050 5390 per

481 5395 576 5436 eas
597 5391 651 5436 et
673 5383 892 5442 domum
929 5393 1226 5463 propriam,
1251 5405 1306 5450 et
1339 5399 1634 5472 plerosque
1657 5383 1799 5462 alios
1828 5383 2048 5466 nebulo-

481 5487 580 5528 nes
616 5483 778 5546 atque
815 5479 1044 5539 infames
1075 5495 1373 5544 sustentas.
1419 5491 1528 5546 lmo
1559 5498 1743 5566 potius
1775 5500 1884 5554 Deo
1916 5519 2040 5572 gra-

555 5649 594 5681 "
631 5649 773 5708 Psal.
805 5669 936 5723 xvn,
976 5659 1028 5713 5.
1103 5661 1370 5721 "Thren.
1405 5682 1478 5736 Iv,
1645 5675 1688 5705 ²¹
1730 5675 1892 5733 Eccli.
1929 5697 1967 5746 ι,
1999 5683 2086 5738 22.

2196 5689 2212 5716 '
2259 5690 2426 5747 Eccli.
2457 5711 2572 5764 xxi,
2613 5701 2694 5754 l8.

2175 4509 2392 4579 ρίζοντά
2439 4533 2496 4568 τε
2551 4520 2645 4572 καὶ
2690 4521 3108 4595 διαχλευάζοντα
3144 4533 3241 4602 τὴν
3281 4535 3487 4590 τούτων
3543 4509 3743 4612 εὐσεϐῆ

2171 4603 2490 4674 κατήχησιν.
2523 4609 2832 4681 Γέγραπται
2867 4617 2992 4688 γὰρ,
3021 4620 3114 4700 ὅτι.¹
3133 4643 3152 4674 ‹
3183 4625 3272 4694 Τῷ
3293 4627 3606 4700 ἁμαρτωλῷ
3626 4603 3742 4700 {35.43-

2167 4692 2352 4766 λυγμά
2380 4701 2574 4773 ἐστινὴ
2600 4703 2927 4764 θεοσέϐεια.»
2955 4713 3060 4765 Καὶ
3088 4692 3254 4769 πάλιν
3275 4692 3459 4790 φησὶν,
3486 4692 3738 4777 act-«3n-

2168 4804 2329 4843 κουσε
2354 4791 2494 4847 θεῖον
2516 4796 2670 4863 λόγον
2701 4802 2881 4869 μωρὸς
2936 4808 3028 4857 καὶ
3073 4809 3349 4880 ἀκάρδιος,
3381 4816 3474 4867 καὶ
3507 4817 3736 4887 ἀπέῤῥι-

2159 4881 2258 4950 ψεν
2287 4884 2446 4936 αὑτὸν
2479 4885 2651 4940 ὀπίσω
2671 4889 2765 4942 τοῦ
2787 4893 2954 4947 νώτου
2978 4899 3162 4954 αὑτοῦ.
3207 4921 3224 4952 ι
3256 4904 3363 4955 Καὶ
3392 4905 3558 4960 πάλιν
3591 4907 3736 4979 εἴρη-

2157 4989 2265 5036 ται,
2300 4975 2379 5028 ὅτι
2409 4995 2426 5027 ι
2457 4979 2571 5031 Πᾶν
2602 4979 2740 5042 ζῶον
2766 4985 2826 5038 τὸ
2856 4986 3040 5057 ὅμοιον
3064 4993 3272 5065 ἀγαπᾷ.
3301 5015 3318 5046 ι
3355 4997 3600 5068 Πονηρὸς
3630 4975 3736 5072 γὰρ

2155 5060 2252 5113 ἄνθ
2263 5079 2460 5132 ρωπος,
2493 5067 2649 5122 ἄλλον
2677 5075 2910 5144 πονηρὸν
2935 5081 3152 5151 στέργει
3179 5060 3274 5136 καὶ
3304 5060 3630 5148 ἀσπάζεται.

2405 5155 2575 5211 ΡΠΕ’.
2611 5193 2681 5202 -
2712 5165 3044 5224 ΚΑΠΙΤΩΝΙ
3073 5174 3484 5250 ΦΡΟΝΤΙΣΤῌ.

2225 5245 2318 5317 Μὴ
2349 5249 2490 5315 φίλει
2524 5253 2624 5317 τὰς
2643 5259 2831 5326 χεῖράς
2863 5277 2956 5312 σου
2987 5265 3226 5320 ἐπαινῶν
3245 5270 3470 5334 ταύτας,
3503 5273 3602 5326 καὶ
3632 5292 3726 5344 μα-

2157 5337 2398 5404 καρίζων
2440 5344 2652 5411 σαυτὸν,
2687 5349 2762 5412 ὼς
2784 5349 2851 5402 δι’
2871 5353 3080 5418 αὐτῶν,
3127 5360 3222 5412 καὶ
3267 5361 3358 5413 τὸν
3403 5363 3534 5417 ἴδιον
3561 5361 3722 5432 οἶκον,

2151 5427 2244 5478 καὶ
2283 5429 2513 5496 πολλοὺς
2545 5435 2737 5502 ἄλλους
2787 5442 3032 5515 ἀγύρτας
3098 5451 3192 5502 καὶ
3230 5453 3468 5522 φαύλους
3514 5427 3750 5530 διατρέ-λ·

2147 5531 2292 5581 φων·
2324 5519 2526 5586 μᾶλλον
2561 5524 2618 5577 δὲ
2651 5527 2729 5598 τῷ
2755 5529 2875 5600 Θεῷ
2903 5533 3214 5608 εὐχαρίστει
3259 5542 3336 5614 τῷ
3366 5546 3462 5600 καὶ
3490 5545 3591 5612 τὰς
3615 5552 3721 5620 χεῖ-

2797 5705 2842 5736 "
2879 5678 3048 5763 Eccli.
3085 5729 3200 5778 xui,
3232 5717 3316 5770 i9.
