3888 6040
102 222 198 289 291

1314 214 1852 276 EPISTOLARUM
1889 219 2037 279 LIB.
2079 220 2162 279 II.

3250 218 3358 283 298

109 354 197 407 ρας
228 334 371 390 δόντι
401 350 505 398 σοι,
532 332 625 386 καὶ
654 329 1033 403 προνοουμένῳ
1058 346 1174 385 σου.
1205 329 1267 382 Εί
1294 329 1353 383 δὲ
1382 330 1519 383 Θεοῦ
1549 332 1671 383 ἐπι-

1804 333 1885 389 ias
1913 350 2033 406 age,
2064 337 2156 406 qui
2188 342 2243 391 et
2264 351 2458 391 manus
2488 336 2761 402 exhibuit,
2788 344 2843 392 et
2875 337 2953 391 tui
2980 351 3169 391 curam
3191 338 3355 408 gerit.

105 424 483 494 λανθανόμενος
510 422 611 485 τάς
636 422 823 492 χεῖράς
852 438 944 473 σου
980 422 1330 491 προσκυνεῖς,
1378 419 1671 491 φοϐήθητι.

109 517 177 587 μή
200 531 329 567 ποτε
358 512 712 585 ωραλυθῶσι
760 511 828 565 δι’
871 510 1156 575 ἀσθενείας
1189 511 1246 563 αί
1275 511 1460 581 χεῖρές
1494 527 1610 575 σου,
1639 509 1673 579 ἢ

106 606 568 677 ἀπξηρανθῶσιν.

374 694 564 761 puq'.
593 724 663 734 --
691 689 1024 765 ΕοΡΤΑΣιο
1060 690 1386 762 ΔΙΑΚΟΝῼ.

171 787 436 849 Ἕκαστος
461 784 814 855 ἁμαρτάνων,
844 783 1203 855 μακρύνεται.
1234 783 1330 837 καὶ
1360 782 1678 852 ἀποσχοινί-

108 878 249 941 ζεται
280 875 389 928 ἁπδ
434 874 591 939 Θεοῦ,
636 876 698 928 ού
750 875 924 946 τόπῳ,
975 874 1112 928 ἀλλά
1156 874 1363 945 τρόπῳ·
1400 872 1493 927 καὶ
1520 872 1681 940 ξένην

108 966 506 1037 καταλαμϐάνει
526 967 732 1037 χώραν,
756 966 1006 1019 τουτέστι
1041 966 1201 1035 ξένην
1232 965 1357 1020 τινὰ
1383 964 1677 1036 διαγωγὴν,

108 1063 193 1114 καὶ
217 1057 740 1129 ἀπηλλοτριωμένην
759 1056 854 1110 τοῦ
877 1056 1221 1127 Κρείττονος·
1240 1058 1401 1110 κάκεῖ
1423 1054 1682 1126 λιμώττει

109 1150 283 1203 λοιπὸν
308 1148 419 1211 ζῶν
451 1146 699 1210 ἀσώτως,
724 1146 818 1199 καὶ
842 1145 1236 1218 διασκορπίσας
1267 1145 1518 1216 μοχθηρᾷ
1547 1160 1683 1217 προ-

108 1240 309 1311 αιρέσει
358 1238 459 1310 τὴν
493 1240 636 1293 κατά
682 1240 845 1308 φύσιν
873 1238 1085 1310 ἀγαθὴν
1121 1240 1473 1294 κατάστασιν.
1508 1239 1684 1293 Ὅπου

112 1335 211 1404 γάρ
234 1331 558 1403 σωφροσύνη
596 1334 659 1386 ού
682 1332 952 1401 φαίνεται,
978 1333 1096 1386 ἐκεῖ
1131 1332 1288 1403 λιμὸς
1311 1333 1550 1403 ἰσχυρός.
1585 1333 1693 1386 Πο-

106 1423 239 1476 λῖται
262 1422 320 1475 δὲ
347 1422 447 1485 τῆς
472 1421 658 1493 χώρας
678 1423 892 1492 ἐκείνης
922 1422 1169 1477 νοοῦνται
1210 1423 1260 1477 οί
1282 1422 1554 1492 δαίμονες,
1608 1424 1689 1476 οῖ-

112 1530 243 1576 τινες
273 1515 413 1583 μόνα
440 1514 508 1567 τὰ
534 1515 878 1586 γλυκυφανῆ,
911 1516 1006 1569 καὶ
1023 1515 1115 1569 τὸν
1129 1516 1387 1586 φάρυγγα
1414 1514 1510 1567 τοῦ
1540 1513 1689 1567 ἐσθί-

110 1622 248 1667 οντος
286 1605 624 1675 τραχύνοντα
651 1607 884 1673 κεράτια
920 1607 1018 1675 τῆς
1050 1606 1330 1677 ἁμαρτιας
1368 1604 1682 1675 κέκτηνται.

270 1698 442 1750 ΡΠΖ¹.
476 1728 546 1738 —-
573 1698 1007 1768 ΜΑΡΤΙΝΙΑΝῼ
1035 1697 1506 1767 ΠΡΕΣΒΥΤΕΡῼ.

172 1788 293 1851 Τοῖς
337 1789 589 1857 μέλλουσι
627 1789 688 1842 τὸ
739 1788 1013 1860 πρόϐατον
1060 1789 1263 1841 ἐσθίειν
1321 1786 1683 1857 Ἰσραηλίταις

110 1879 342 1950 κεφαλὴν
381 1882 478 1934 σὺν
506 1885 618 1943 τοῖς
653 1882 811 1934 ποσὶν
839 1881 1041 1934 ἐσθίειν
1069 1882 1097 1934 ὁ
1121 1880 1284 1948 νόμος
1311 1878 1582 1943 ἐκέλευεν,
1615 1877 1684 1930 ἶν’

110 1973 259 2041 ἡμεῖς
279 1971 371 2024 διὰ
394 1972 486 2024 τοῦ
515 1972 689 2025 τύπου
722 1972 988 2041 μάθωμεν
1026 1971 1124 2040 τὴν
1153 1970 1415 2041 ἀλήθειαν
1452 1969 1554 2038 τῆς
1588 1968 1684 2021 τοῦ

109 2064 369 2115 Δεσπὸτου
388 2062 716 2133 οἰκονομίας,
736 2063 979 2132 κεφαλῆς
1008 2062 1107 2132 μὲν
1126 2062 1229 2130 τῆς
1259 2060 1511 2131 θεότητος
1531 2076 1685 2113 νοου-

113 2153 292 2221 μένης·
321 2153 503 2206 ποδῶν
529 2154 584 2206 δὲ
608 2155 703 2223 τῆς
732 2153 1151 2222 ἀνθρωπότητος
1173 2150 1682 2221 ἐκλαμϐανομένης.

117 2244 173 2308 '0
199 2246 305 2316 γάρ
328 2244 501 2299 εἰπὼν
523 2245 918 2315 εὐαγγελιστής
940 2261 953 2274 ·
991 2264 1009 2297 ι
1059 2246 1148 2297 Ἐν
1176 2244 1320 2315 ἀρχῇ
1344 2240 1412 2315 ἦν
1435 2246 1464 2297 ὁ
1489 2243 1683 2312 Λόγος,

111 2338 197 2389 καὶ
225 2338 253 2388 ὁ
277 2338 455 2405 Λόγος
483 2333 549 2408 ἦν
569 2337 706 2407 πρὸς
736 2337 826 2389 τὸν
855 2337 1009 2401 Θεὸν,
1035 2337 1131 2390 καὶ
1156 2336 1289 2399 Θεδς
1308 2328 1376 2405 ἦν
1397 2337 1425 2388 ὁ
1455 2334 1679 2402 Λόγος,»

1778 424 1932 490 Quod
1968 428 2013 480 si
2049 426 2142 482 Dei
2180 428 2385 483 oblitus
2412 443 2609 484 manus
2640 434 2765 482 tuas
2798 428 3100 493 veneraris,
3132 442 3264 482 cave
3292 443 3359 481 ne

1779 515 2078 583 aliquando
2105 526 2334 587 propter
2366 517 2565 571 malam
2595 516 2979 587 aegritudinem
3022 531 3219 573 manus
3246 526 3357 571 tuae

1782 606 2132 660 resolvantur
2165 616 2259 661 aut
2296 608 2669 662 exsiccentur.

1959 695 2291 753 CLXXXVI.
2322 729 2395 741 —
2419 696 2816 754 HEORTASIO
2855 696 3177 754 DIACONO.

1851 787 2093 854 Quilibet
2144 790 2274 845 dum
2336 801 2554 860 peccat,
2604 791 2894 861 elongatur
2954 798 3010 845 et
3072 797 3363 859 separatur

1782 895 1812 934 a
1841 882 1972 944 Deo,
2000 883 2167 953 216
2194 898 2302 936 non
2332 884 2478 947 loco,
2504 883 2598 938 sed
2630 881 2824 949 modo;
2848 891 2905 938 et
2926 883 3159 937 alienam
3185 882 3365 950 regio-

1783 982 1906 1022 nem
1948 970 2193 1039 appellit,
2225 985 2423 1024 novum
2459 970 2673 1025 scilicet
2700 969 2825 1025 vita:
2852 970 3171 1024 institutum
3196 1009 3211 1034 ,
3244 978 3299 1023 et
3332 983 3365 1022 α

1782 1056 2018 1113 Numine
2051 1059 2327 1114 alienum:
2362 1060 2546 1129 ibique
2576 1060 2630 1114 in
2664 1068 2941 1129 posterum
2990 1058 3133 1113 fame
3163 1072 3367 1112 eneca-

1787 1152 1895 1208 tur,
1928 1144 2213 1200 luxuriose
2244 1147 2433 1201 vivens
2456 1149 2523 1209 ",
2549 1154 2603 1202 et
2636 1161 2802 1215 prava
2823 1146 3094 1199 electione
3118 1145 3366 1199 innatam

1786 1235 2113 1304 probitatem
2161 1238 2462 1307 dissipans.
2500 1238 2601 1294 Ubi
2637 1240 2785 1293 enim
2823 1237 3162 1292 continentia
3190 1236 3364 1302 null‘a,

1786 1326 1860 1380 ibi
1887 1325 2058 1383 fames
2084 1328 2266 1383 valida
2300 1338 2405 1385 est.
2442 1329 2605 1385 Cives
2648 1343 2779 1384 vero
2813 1327 3055 1397 regionis
3098 1325 3248 1379 illius
3280 1324 3369 1378 in-

1788 1415 2108 1485 telliguntur
2150 1434 2274 1474 esse
2316 1419 2615 1484 daemones,
2662 1420 2756 1489 qui
2809 1432 2906 1473 eas
2958 1412 3364 1480 tantummodo,

1788 1523 1909 1575 qua!
1938 1508 2128 1565 dulces
2161 1521 2446 1580 apparent,
2476 1519 2531 1566 et
2556 1510 2774 1566 edentis
2803 1517 2995 1581 guttur
3010 1513 3366 1571 exasnerant,

1789 1599 2020 1668 siliquas
2043 1603 2251 1668 peccati
2278 1602 2583 1673 possident.

1716 1678 1760 1734 Β
1858 1688 2212 1747 CLXXXVII.
2243 1725 2313 1735 -—
2344 1691 2777 1749 MARTINIANO
2805 1688 3293 1747 PRESBYTERO.

1859 1780 2144 1849 Israelitis,
2178 1801 2334 1839 ovem
2367 1786 2722 1851 comesturis,
2760 1792 2925 1854 caput
2967 1800 3093 1838 cum
3137 1782 3370 1853 pedibus

1786 1885 2109 1927 consumere
2140 1875 2223 1928 lex
2264 1875 2613 1945 praecipiebat
2638 1876 2708 1939 ",
2744 1882 2802 1928 ut
2832 1889 2935 1928 nos
2963 1890 3027 1929 ea
3070 1873 3244 1943 figura
3276 1886 3370 1928 ve-

1787 1963 2005 2018 ritatem
2067 1963 2370 2020 Dominicm
2426 1966 2813 2037 dispositionis
2872 1966 3368 2034 comprehendere-

1788 2069 1933 2111 mus.
1968 2069 2090 2107 cum
2130 2064 2296 2124 caput
2334 2057 2677 2127 intelligatur
2706 2071 2831 2111 esse
2868 2056 3171 2121 divinitas;
3200 2054 3371 2125 pedes

1788 2140 2032 2197 indicent
2085 2143 2507 2199 humanitatem.
2559 2144 2911 2215 Evangelista
2972 2161 3215 2214 namque
3274 2146 3370 2215 qui

1787 2231 2034 2287 dixerat:
2061 2253 2079 2286 ι
2106 2236 2165 2289 In
2196 2237 2466 2306 principio
2484 2244 2603 2292 erat
2627 2235 2891 2296 Verbum.
2917 2246 2972 2291 et
2991 2234 3233 2289 Verbum
3255 2245 3373 2291 erat

1786 2322 1932 2391 apud
1966 2326 2155 2389 Deum,
2188 2334 2243 2380 et
2277 2324 2421 2381 Dens
2455 2334 2575 2381 erat
2601 2325 2840 2382 Verbum
2875 2326 2962 2393 ης
2999 2345 3016 2377 ι
3061 2326 3205 2379 infra
3236 2327 3369 2381 sub-

111 2430 346 2499 ὲπήγαγε
403 2429 609 2496 λέγων’
670 2447 689 2481 ι
725 2429 835 2482 Καὶ
890 2431 920 2481 ὁ
962 2427 1135 2496 Λόγος
1197 2426 1337 2497 σάρξ
1382 2426 1617 2495 ἐγένετο.
1660 2445 1679 2477 ι

1799 2415 1966 2478 iunxit
1996 2432 2009 2469 :
2044 2435 2062 2467 ι
2096 2416 2162 2469 Ει
2192 2415 2429 2471 Verbum
2459 2433 2590 2471 caro
2621 2417 2825 2472 factum
2851 2419 3017 2473 est".
3049 2436 3068 2467 ι
3098 2417 3375 2473 Adoretur

112 2516 521 2587 Προσκυνείσθω
566 2516 665 2586 μὲν
713 2512 808 2569 οὖν
838 2515 913 2579 ὡς
952 2516 1092 2585 Θεῷ,
1118 2515 1461 2569 πιστευέσθω
1485 2515 1563 2579 δὲ,
1603 2515 1685 2568 ὅτι

112 2612 195 2662 καί
213 2609 563 2679 ἠνθρὼπησε.
596 2606 828 2670 Διπλοῦς
857 2610 967 2678 γάρ
991 2603 1059 2677 ἦν
1087 2609 1115 2662 ὀ
1147 2606 1400 2677 Χριστὸς,
1426 2606 1560 2669 Θεὸς
1586 2606 1686 2675 μὲν

112 2702 241 2755 κατά
270 2702 333 2755 τὸ
365 2702 618 2769 ἀόρατον,
659 2700 946 2770 ἄνθρωπος
984 2699 1041 2753 δὲ
1072 2698 1215 2752 κατὰ
1236 2698 1297 2751 τὸ
1332 2697 1681 2768 βλεπόμενον.

114 2791 239 2845 Οὔτε
294 2787 393 2845 οὖν
442 2792 504 2845 τὸ
555 2792 734 2859 λέγειν
772 2791 1061 2860 ἄνθρωπον
1117 2788 1247 2842 ἄνευ
1278 2788 1379 2858 τῆς
1432 2787 1684 2856 θεότητος

113 2884 404 2952 ὲπωφελὲς.
440 2883 563 2937 οὕτε
609 2882 710 2954 τὴν
747 2882 1146 2953 ἀνθρωπότητα
1195 2880 1270 2951 μὴ
1303 2878 1685 2949 συνομολογεῖν

1789 2505 1971 2573 itaque
2024 2514 2082 2559 ut
2131 2506 2297 2571 Dens,
2345 2507 2714 2577 credaturque
2766 2508 3042 2562 hominem
3098 2507 3371 2563 induisse.

1791 2597 1995 2666 Duplex
2038 2613 2274 2667 namque
2304 2609 2424 2653 erat
2461 2599 2749 2667 Christus;
2782 2602 2860 2655 uti
2888 2602 2981 2670 qui
3028 2601 3209 2654 oculis
3252 2614 3363 2654 non

1787 2687 2184 2753 subjiciebatur
2212 2731 2227 2754 ,
2282 2688 2463 2757 Deus;
2510 2692 2590 2745 uti
2635 2696 2729 2760 qui
2783 2690 2960 2745 oculis
3008 2690 3373 2750 subdehatw.

1787 2776 1971 2830 homo.
2007 2775 2140 2830 Eum
2173 2778 2342 2848 igitur
2373 2780 2651 2835 hominem
2692 2780 2877 2835 dicere
2919 2780 3041 2836 sine
3074 2780 3371 2836 divinitate

1787 2866 1929 2921 haud
1970 2870 2276 2937 prolicuum
2317 2878 2433 2935 est,
2469 2887 2649 2943 neque
2682 2872 3079 2926 humanitatem
3112 2888 3222 2927 non
3262 2888 3375 2927 una

113 2978 172 3045 τῇ
207 2976 424 3045 θεότητι
459 2977 743 3045 σωτήριον.
780 2972 965 3028 Ταῦτα
1011 2973 1147 3043 πρὸς
1178 2972 1248 3024 τὰ
1272 2969 1556 3042 γραφέντα
1591 2985 1683 3040 μοι

1799 2971 1910 3008 sum
1954 2956 2241 3014 divinitate
2283 2959 2560 3023 conﬁteri.
2593 2962 2860 3018 salutare.
2900 2959 3032 3017 Haec
3062 2961 3131 3016 ad
3161 2976 3227 3017 ea
3251 2977 3376 3034 qua

116 3068 259 3138 παρά
285 3067 386 3120 σοῦ
415 3066 483 3118 δι’
513 3065 734 3134 ὀλίγων.

589 3158 770 3213 ΡΠΗ’.
798 3188 870 3198 ——
903 3158 988 3223 Τῷ
1020 3157 1204 3224 αὐτῷ.

178 3251 240 3303 Τί
266 3253 439 3316 ἔστιν,
459 3252 592 3321 ὅπερ
621 3250 769 3318 λέγει
788 3250 817 3301 ό
843 3250 1129 3320 προφήτης
1158 3248 1287 3317 περὶ
1326 3247 1436 3301 τῶν
1468 3246 1694 3315 ἀσωμά-

117 3359 215 3394 των
239 3341 543 3410 δυνάμεων,
574 3342 656 3394 ὃτι
689 3359 711 3392 ι
747 3336 857 3394 Ἦν
880 3340 951 3393 τὰ
980 3339 1150 3409 σκέλη
1190 3338 1372 3393 αὐτῶν
1407 3336 1566 3407 ὀρθά,
1595 3336 1692 3391 καὶ

118 3434 381 3504 πτερω-ιτώ¹
410 3434 459 3485 οί
484 3432 644 3494 πόδες
677 3431 895 3494 αὺτῶνς
942 3450 962 3483 ι
996 3430 1070 3484 Οὔ
1105 3430 1215 3501 γὰρ
1243 3430 1307 3499 δὴ
1340 3428 1692 3500 προσδέονται

119 3522 218 3574 τῶν
268 3522 599 3592 σωματικῶν
649 3522 866 3575 πάντων
900 3523 954 3573 αἱ
1000 3520 1319 3591 ἐπουράνιοι
1344 3558 1358 3581 .
1411 3520 1507 3571 καὶ
1542 3518 1694 3584 ἅγιαι

119 3616 370 3685 δυνάμεις
393 3615 454 3668 τὸ
487 3616 738 3680 καθόλου,
770 3616 831 3668 οὐ
861 3614 918 3666 δὲ
946 3613 1050 3685 μὴν
1078 3614 1177 3683 τῆς
1206 3613 1343 3683 πρὸς
1370 3610 1544 3665 ταῦτα
1569 3611 1698 3682 χρῄ-

122 3706 294 3770 ζουσιν
316 3707 647 3771 ἑπινεύσεως
664 3722 677 3735 °
708 3706 798 3759 διὰ
823 3706 982 3758 τοῦτο
1011 3706 1080 3758 τὰ
1102 3704 1268 3773 σκέλη
1293 3703 1428 3775 ὀρθὰ
1450 3704 1694 3773 εἴρηνται

124 3796 276 3866 ἔχειν.
303 3798 371 3849 Τί
403 3797 448 3850 δ’
467 3797 533 3850 ἂν
559 3797 857 3859 δηλώσειαν
882 3795 1041 3858 πόδες
1072 3795 1467 3864 ἐπτερωμένοι,
1496 3794 1529 3863 ἦ
1558 3794 1694 3845 πάν-

124 3903 224 3949 τως
252 3888 311 3939 τὸ
346 3887 482 3958 πρὸς
511 3890 580 3941 τὰ
624 3887 873 3956 θειότερα
912 3887 1022 3939 τῶν
1060 3885 1347 3955 νοημάτων
1380 3883 1697 3953 ὀξυκίνητον

125 3978 217 4047 τῆς
239 3980 456 4049 φύσεως
486 3979 703 4049 ἐκείνης
740 3977 1167 4050 ἀπηλλαγμένης
1194 3976 1377 4045 πάσης
1409 3975 1700 4045 χθαμαλω-

125 4070 281 4139 τέρας
301 4072 549 4137 ύφέσεως
569 4089 584 4136 ;
1608 4104 1609 4107 η

328 4164 501 4216 ΡΠΘν.
516 4191 586 4203 -
603 4161 930 4232 ΓΕΡΜΑΝῼ
959 4158 1476 4229 ΚΑΓΚΕΛΛΑΡΙῼ.

202 4252 613 4323 Ἦμιμόχθηρος
684 4252 953 4321 ὑπάρχειν
1034 4266 1126 4320 μοι
1186 4249 1371 4311 ἔοικας
1399 4285 1415 4310 ,
1466 4246 1530 4299 οὐ
1592 4243 1701 4315 μὴν

1721 3029 1765 3086 (ἶ
1796 3044 1926 3099 mihi
1952 3048 2276 3116 scripseras,
2297 3049 2650 3117 paucissimis
2679 3052 2883 3107 verbis.

2216 3140 2593 3196 CLXXXVIII.
2625 3172 2696 3185 —
2725 3142 2938 3199 Eidem.

1866 3230 2006 3295 Quid
2038 3240 2142 3293 est,
2173 3233 2320 3301 quod
2357 3235 2624 3304 propheta
2657 3237 2754 3303 ait,
2791 3235 2859 3292 de
2888 3236 3239 3308 incorporeis
3272 3252 3376 3308 po-

1794 3322 2125 3376 testatibus:
2164 3322 2366 3376 «Erant
2388 3340 2553 3379 crura
2576 3339 2767 3379 eorum
2797 3334 2970 3389 recta,
3007 3335 3060 3380 et
3088 3327 3255 3395 pedes
3281 3326 3378 3381 eo-

1793 3426 1914 3465 rum
1938 3412 2063 3465 alati
2084 3413 2193 3465 "1’:
2214 3414 2376 3483 217
2401 3413 2584 3484 Neque
2604 3416 2747 3469 cnim
2775 3416 3031 3471 cmlestes
3062 3424 3378 3485 sanctasque

1796 3502 1902 3556 illa:
1956 3512 2252 3572 potestates
2300 3506 2527 3559 omnino
2578 3506 2731 3561 hisce
2776 3508 3061 3577 corporeis
3104 3506 3373 3576 indigent,

1796 3609 1973 3661 neque
1996 3595 2124 3649 item
2149 3596 2256 3651 illis
2284 3612 2421 3666 opus
2449 3607 2533 3653 est
2556 3598 2622 3651 ad
2645 3598 2750 3652 ista
2772 3613 3067 3665 accessus;
3089 3607 3378 3668 prepterea

1795 3701 1959 3741 crura
1993 3697 2143 3743 recta
2180 3690 2381 3743 habere
2412 3688 2695 3745 dicuntur.
2725 3689 2864 3756 Quid
2901 3704 3034 3744 vero
3057 3698 3255 3743 notant
3281 3703 3378 3757 pe-

1796 3777 1894 3832 des
1930 3778 2080 3841 alati,
2120 3779 2225 3833 nisi
2268 3778 2336 3831 ad
2380 3778 2653 3833 diviniora
2695 3781 2938 3835 velocem
2994 3778 3378 3850 pernicitatem

1798 3866 1946 3922 illius
2019 3877 2229 3923 naturae
2308 3868 2377 3923 ab
2451 3870 2602 3923 omni
2667 3869 2952 3924 humiliori
3026 3868 3379 3938 subjectiono

1798 3959 2097 4014 immunis?

1932 4140 2261 4195 CLXXXIX.
2288 4170 2355 4181 —
2374 4137 2710 4194 GERMANO
2741 4136 3249 4194 CANCELLARIO.

1874 4232 2227 4301 Semipravus
2274 4233 2407 4285 mihi
2465 4231 2671 4285 videris
2714 4245 2863 4294 esse,
2914 4244 3026 4283 non
3072 4238 3221 4283 totus
3255 4227 3381 4282 uni-

129 4317 384 4416 ὁλομόχθη
394 4317 702 4415 ρος-’Ὅθεν
730 4317 823 4399 καί
839 4317 1046 4412 μικρά
1066 4340 1208 4394 καλά
1226 4342 1285 4393 έν
1309 4340 1395 4392 σοὶ⁵
1414 4354 1688 4407 καταμαν-

1805 4336 2019 4376 versus.
2069 4321 2206 4374 Hinc
2246 4330 2301 4375 et
2344 4322 2545 4390 pusilla
2587 4320 2731 4374 bona
2764 4320 2816 4372 in
2857 4325 2912 4373 te
2940 4317 3377 4389 deprehendens,

131 4438 315 4503 θάνων,
341 4438 559 4501 ἐλπίδας
586 4436 828 4508 χρηστὰς
854 4437 878 4488 ὲ
887 4434 1077 4505 μαυτῷ
1094 4433 1223 4504 περὶ
1246 4430 1339 4484 σοῦ
1356 4429 1696 4499 ὑποσπείρω,

132 4533 219 4583 καὶ
250 4531 480 4601 εὔχομαι
534 4531 662 4584 ἰδεῖν
719 4546 815 4582 σου
854 4527 1065 4596 ,θᾶττον
1100 4525 1197 4597 τὴν
1221 4525 1316 4579 ἐπὶ
1357 4524 1426 4577 τὰ
1451 4523 1699 4593 βέλτιστα

137 4622 355 4689 μεταϐολ
367 4624 449 4692 ήν.

436 4710 551 4777 PL].
573 4742 643 4751 —
670 4708 983 4780 ΟΛΥΜΠῙῼ
1012 4706 1380 4776 ΕΠΙΣΚΟΙΙῼ.

195 4802 282 4868 Μὴ
311 4802 403 4853 ἔσο
429 4800 724 4869 ἀπότομος,
757 4799 969 4869 μήποτε
1015 4796 1287 4867 πειραθῇς
1321 4794 1473 4858 θείας
1494 4795 1703 4862 ἀγαναο

134 4892 392 4961 κτήσεως,
422 4892 529 4945 κᾶν
548 4891 722 4953 δοκεῖς
751 4890 900 4960 ζήλῳ
923 4886 1349 4957 περιφλέγεσθαι
1374 4884 1701 4947 θεοσεϐείας.

136 4978 237 5031 Καὶ
262 4980 367 5050 γὰρ
388 4981 417 5031 ὀ
450 4978 865 5050 μακαριώτατος
886 4981 1073 5042 Ἰωνᾶς
1101 4978 1163 5031 τὸ
1191 4977 1329 5046 ἄγαν
1368 4976 1570 5047 θερμὸν
1609 4973 1703 5029 τοῦ

137 5069 290 5140 ζήλου
328 5071 418 5124 διὰ
460 5072 554 5125 τοῦ
591 5073 793 5143 κήτους
846 5071 1216 5142 μεμάλακται.
1274 5068 1386 5122 Καὶ
1416 5069 1579 5131 αὐτὸς
1609 5063 1703 5122 οὖν

141 5162 319 5230 βλέπε.
364 5166 439 5234 μή
473 5181 604 5217 ποτε
652 5165 745 5217 διὰ
768 5164 830 5217 τὸ
862 5162 1186 5232 ἀσυμπαθὲς
1212 5160 1292 5230 τῷ
1316 5162 1471 5231 κήτει
1528 5176 1707 5231 παρα-

139 5254 309 5326 δοθῇς,
340 5257 638 5327 πειρασμῷ
660 5274 765 5309 τινι
801 5256 1217 5325 ἀπροσδοκήτῳ,
1248 5256 1342 5307 καὶ
1370 5253 1703 5322 ἀνυποίστῳ.

142 5347 312 5417 Κῆτος
343 5349 398 5401 δὲ
428 5350 524 5403 νῦν
557 5350 649 5403 τὸν
690 5349 935 5403 διάϐολον
978 5347 1139 5415 λέγω.
1200 5346 1346 5416 Πλὴν
1390 5346 1475 5397 ἵνα
1509 5346 1581 5413 μὴ
1610 5344 1707 5413 τὴν

145 5441 471 5510 συμμετρίαν
502 5439 773 5493 ἐκϐαίνειν
802 5435 958 5501 δόξω,
988 5435 1267 5505 συντόμως
1290 5434 1436 5500 λέξω
1459 5434 1701 5503 ἱστορίαν

207 5615 251 5648 ’⁸
277 5615 407 5669 Luc.
440 5632 531 5679 xv,
569 5615 657 5667 15.
770 5613 815 5644 ’⁵
849 5611 1021 5665 Exod.
1055 5626 1157 5674 xu,
1197 5611 1249 5664 9.

410 5709 683 5770 PATROL.
729 5710 843 5768 Gn.
892 5706 1166 5767 LXXIX.

1364 5608 1586 5663 "‘Joan.
1621 5622 1659 5672 ι,
1702 5605 1750 5661 1.

1804 4416 2004 4468 bonam
2033 4414 2152 4482 ipse
2178 4412 2245 4467 de
2294 4423 2345 4465 te
2373 4427 2524 4481 spem
2558 4410 2836 4479 concipio,
2865 4408 3243 4478 deprecorque
3268 4408 3381 4465 cito

1807 4502 1989 4556 videre
2017 4513 2165 4555 tuam
2199 4502 2266 4555 ad
2289 4501 2495 4570 optima
2521 4514 2753 4569 (litaeque
2787 4497 3246 4553 immutationem.

2114 4684 2269 4739 CXC.
2295 4714 2365 4723 -——
2390 4681 2689 4738 OLYMPIO
2716 4679 3075 4737 EPISCOPO'

1880 4777 2177 4833 Discaveas
2230 4776 2591 4837 immanitati.
2636 4772 2930 4844 nequando
2992 4773 3233 4827 divinam
3295 4770 3383 4824 in-

1806 4871 2184 4941 dignationem
2249 4868 2525 4929 incurras,
2580 4867 2707 4921 licet
2757 4865 2979 4935 pietatis
3043 4863 3163 4917 telo
3225 4861 3381 4916 aduri

1805 4963 2067 5019 videaris.
2103 4959 2239 5015 Nam
2270 4959 2631 5014 beatissimus
2659 4954 2830 5011 Jonas
2869 4957 3085 5017 fervens
3130 4953 3231 5007 zeli
3260 4961 3383 5007 stu-

1808 5057 1958 5111 dium
1988 5054 2169 5108 medio
2190 5059 2314 5107 ceto
2335 5050 2650 5105 emolliit".
2674 5048 2819 5103 Cave
2863 5048 3028 5118 igitur
3072 5056 3130 5099 tu
3163 5060 3385 5115 quoque

1811 5168 1899 5215 ne,
1932 5148 2079 5218 quod
2112 5147 2332 5203 exorari
2366 5154 2418 5199 te
2461 5161 2573 5199 non
2612 5143 2777 5209 sinis,
2807 5152 2930 5195 ceto
2970 5139 3230 5204 tradaris,
3264 5146 3388 5192 ten-

1810 5243 2010 5298 talioni
2062 5255 2259 5311 nempe
2313 5240 2705 5308 inexspectata:
2755 5242 2809 5289 et
2872 5230 3232 5287 intolerabili.
3284 5228 3388 5282 Ce-

1810 5346 1928 5391 tum
1978 5350 2145 5404 porro
2174 5347 2321 5387 nunc
2361 5330 2643 5386 diabolum
2680 5340 2965 5395 nuncupo.
3022 5326 3282 5378 Attamen
3322 5336 3391 5377 ne

1812 5441 2129 5482 mensuram
2182 5424 2427 5495 epistolae
2469 5419 2739 5475 excedere
2801 5417 3013 5479 videar,
3062 5411 3393 5484 compendio

1862 5605 1906 5635 ’⁷
1936 5601 2069 5657 ihid.
2100 5601 2184 5654 II».

2308 5599 2354 5631 ’⁸
2390 5597 2589 5653 Ezech.
2619 5613 2659 5661 ι,
2700 5596 2753 5651 7.
2853 5597 2895 5627 ’τ’
2934 5592 3057 5646 Jon.
3092 5606 3152 5656 tt,
3195 5590 3243 5642 I.

2930 5683 2997 5745 10
