3888 6040
470 238 575 307 299

1974 225 2033 284 S.
2056 216 2217 285 NILI

3621 221 3727 288 30D

470 349 752 406 extricabo
808 345 1093 404 historiam
1152 350 1435 399 veterem:
1494 349 1549 396 et
1608 347 1743 395 tunc
1805 337 2041 393 fortasse

2183 336 2396 407 ρχαίαν⁸
2427 335 2521 389 καὶ
2545 335 2684 405 τάχα
2717 332 3087 404 δυσωπηθήσῃ
3114 332 3411 401 ’φείδεσθαι
3430 333 3555 387 τῶν
3591 340 3730 390 κατά

470 439 564 495 tibi
592 440 971 513 persuadebis,
1028 449 1217 492 eorum
1267 433 1363 503 qui
1431 433 1616 487 animo
1666 430 2041 491 infirmantur,

477 532 741 589 misereri.
789 530 1005 599 Carpus
1042 524 1267 596 quidam
1310 524 1608 593 episcopus
1670 520 1861 574 eadem
1921 532 2046 573 cum

477 622 747 694 apostolis
782 626 941 673 atate
970 616 1123 671 vixit.
1164 613 1279 667 Sub
1326 627 1391 666 eo
1425 612 1535 665 duo
1560 610 1795 678 juvenes
1821 621 1887 660 ex
1916 621 2048 677 gen-

476 716 614 765 tium
652 723 861 771 errore,
897 704 1214 772 exterisque
1263 699 1641 756 doctrinarum
1682 694 2051 750 cavillationi-

480 809 581 859 bus
619 798 895 863 conversi,
946 795 1012 849 ad
1046 792 1254 849 Christi
1307 789 1613 844 Ecclesium
1669 790 2047 846 accesserunt,

479 889 970 956 uiisecrationeque
1025 882 1219 937 humili
1274 880 1419 949 apud
1468 878 1791 948 episc0pum
1838 874 1923 928 usi
1969 873 2053 927 di-

478 984 662 1037 vinum
698 982 1114 1047 consequuntur
1155 970 1320 1040 218
1368 969 1666 1038 baptisma.
1716 964 1771 1018 Id
1816 963 1905 1017 ubi
1940 976 2054 1015 ~au-

481 1076 721 1133 diernnt,
766 1068 860 1138 qui
905 1079 1013 1120 una
1048 1078 1174 1118 cum
1212 1062 1322 1115 illis
1358 1060 1554 1114 iisdem
1606 1056 1809 1111 studiis
1843 1054 2056 1109 imbue—

484 1170 709 1226 bantur,
756 1160 911 1214 illico

482 1344 795 1418 impiissiini
840 1350 1003 1412 atque
1036 1338 1402 1409 iniquissimi.
1432 1335 1557 1390 Haec
1587 1350 1652 1390 eo
1697 1332 2056 1394 edisserente,

482 1456 550 1493 en
581 1434 958 1508 spectaculum
997 1431 1302 1485 maximum
1353 1426 1567 1481 timoris
1593 1432 1647 1479 et
1678 1419 2059 1477 admirationis

484 1531 703 1599 plenum
739 1524 950 1581 incidit.
981 1520 1275 1576 Descendit
1310 1518 1494 1587 itaque
1517 1515 1775 1569 Christus
1806 1512 1873 1566 de
1898 1510 2058 1574 coelo,

2147 424 2323 494 ψυχὴν
2353 422 2744 476 ἀσθενούντων.
2776 422 3003 491 Κάρπος
3047 438 3132 484 τις
3172 422 3395 488 γέγονεν
3425 422 3731 487 ἐπίσκοπος

2151 515 2445 585 σύγχρονος
2493 514 2601 566 τῶν
2664 513 3152 567 ἀποστόλων.⁹Επὶ
3198 513 3388 566 τούτου
3442 514 3537 567 δύο
3589 515 3733 576 τινὲς

2149 606 2421 661 νεανίσκοι
2454 604 2886 675 ἐπιστρέψαντες
2908 604 2966 671 ἐξ
3012 604 3337 675 Ἑλληνικῆς
3373 605 3609 674 πλάνης,
3640 607 3734 656 καὶ

2151 697 2259 751 τῶν
2322 696 2521 762 ἔξωθεν
2576 695 2976 766 παιδευτηρίων
3034 695 3345 767 προσῆλθον
3386 699 3452 766 τῇ
3490 694 3733 765 Χριστοῦ

2166 789 2481 859 Ἐκκλησία,
2500 790 2594 841 καὶ
2617 787 3094 858 παρακαλέσαντες
3110 789 3439 857 τυγχάνουσι
3464 787 3559 839 τοῦ
3586 785 3733 837 θὲίου

2157 880 2547 951 βαπτίσματος.
2583 881 2757 943 Εὐθὺς
2802 879 2858 932 δὲ
2906 877 3065 932 τοῦτο
3122 879 3384 949 μαθόντες
3414 880 3465 931 ot
3526 877 3737 931 τούτων

2158 972 2790 1045 συμφοιτηταὶδιεφθάρ.
2868 1006 2885 1024 .
2966 1011 2979 1023 .
3058 1010 3073 1024 .
3150 1008 3165 1023 .
3247 1010 3259 1023 .
3340 1010 3353 1023 .
3434 1009 3448 1021 .
3529 1009 3544 1023 .
3626 1008 3642 1023 .
3720 1006 3734 1021 .

2158 1157 2531 1219 ἀσεϐέστατοι,
2575 1156 2668 1209 καὶ
2715 1154 3089 1208 ἀνοσιώτατοι.
3132 1153 3350 1207 Τούτων
3386 1152 3562 1214 οὕτως
3607 1151 3738 1219 παρ’

2038 1256 2054 1273 ⁸
2160 1246 2320 1301 αὐτοῦ
2353 1247 2679 1317 λεγομένων,
2717 1236 2825 1299 ἰδοὺ
2859 1246 3037 1315 θέαμα
3098 1244 3351 1313 μέγιστον
3417 1242 3589 1313 φόϐου
3646 1241 3741 1295 καὶ

2160 1336 2860 1407 καταπλήξεως.Κατῆλθεν
2880 1331 2972 1389 οῦν
3004 1336 3033 1387 ό
3062 1335 3295 1405 Χριστὸς
3317 1334 3628 1405 οὐρανόθεν,
3650 1333 3743 1385 καὶ

2162 1426 2421 1496 φεύγουσι
2456 1426 2553 1498 μὲν
2586 1426 2635 1478 oi
2666 1426 2959 1495 φλογώδεις
3013 1425 3324 1497 δράκοντες,
3353 1424 3744 1493 ἐπιλαϐόμενος

2163 1518 2219 1571 δέ
2238 1517 2327 1570 τὸν
2342 1517 2457 1570 νέον
2479 1518 2593 1587 μετ’
2608 1517 3017 1588 εὐμενείας,καὶ
3047 1517 3351 1589 πραότητος
3376 1517 3577 1585 πολλῆς
3617 1517 3745 1567 άνα-

482 1626 539 1672 ct
584 1611 939 1669 llammivomi
994 1609 1266 1663 dracones
1316 1604 1600 1674 fugantur,
1663 1610 2063 1668 exceptumque

2177 1608 2322 1679 ρέρει
2347 1608 2441 1661 τοῦ
2469 1608 2771 1679 χάσματος,
2802 1610 2899 1662 καὶ
2924 1608 3135 1679 τίθησιν
3163 1609 3256 1660 ἐπὶ
3282 1608 3405 1678 γῆς,
3446 1606 3534 1658 διὰ
3553 1606 3746 1658 τούτου

485 1722 612 1762 cum
645 1702 938 1760 clementia
969 1708 1022 1753 et
1051 1697 1369 1767 placiditate
1404 1694 1577 1748 multa
1619 1693 1878 1761 juvenem
1906 1704 1937 1743 a
1966 1703 2057 1743 vo-

2177 1671 2428 1751 δεικνύων
2578 1671 2851 1768 σωτηρίαν
2875 1671 3073 1753 αὐτῶν.
3094 1671 3466 1769 Ἀληθῶςνγάρ
3488 1698 3747 1765 Χριστια-

490 1796 683 1866 ragine
722 1790 980 1854 extrahit,
1020 1796 1075 1843 et
1118 1787 1265 1841 sistit
1296 1787 1351 1840 in
1396 1792 1567 1848 terra,
1623 1799 1719 1854 per
1764 1782 1867 1836 hoc
1915 1780 2063 1836 salu-

489 1898 595 1941 tem
628 1898 816 1941 eorum
848 1886 1315 1936 eommonstrans.
1348 1877 1647 1931 Christiani
1680 1874 1879 1929 etenim
1910 1880 2063 1942 post-

487 1976 709 2031 modum
769 1975 824 2027 in
866 1988 926 2027 se
974 1970 1183 2025 reversi
1229 1967 1569 2037 integerrimi
1622 1966 1793 2019 fuere.
1848 1962 2066 2018 Incusat

485 2075 751 2136 praeterea
796 2062 962 2133 Carpi
1015 2061 1362 2116 iracundiam
1403 2066 1458 2113 et
1512 2056 2062 2126 implacabilitatem:

442 2171 702 2213 'nccnon
759 2153 906 2224 quod
953 2151 1315 2206 inexorabilis
1378 2150 1495 2218 ipse
1534 2148 1587 2201 in
1636 2162 1732 2200 eos
1783 2142 2067 2199 dirissima

488 2249 829 2317 imprecatus
862 2242 1049 2297 fuerit.
1080 2239 1204 2295 llaec
1235 2241 1422 2309 itaque
1464 2252 1590 2292 cum
1629 2236 1922 2300 didiceris,
1954 2235 2069 2303 epi-

488 2351 675 2406 scopo,
737 2349 806 2388 ne
882 2329 1389 2387 immisericorditer
1461 2329 1811 2382 anathemate
1877 2326 2068 2389 ferias,

488 2428 791 2497 cjiciasque
818 2426 886 2480 ab
916 2425 1161 2480 Ecclesia
1189 2432 1452 2495 perpetuo
1480 2423 1837 2486 Philemonis,
1868 2420 2071 2474 Sosan-

490 2520 687 2588 rivique
736 2523 1059 2578 sectatores,
1111 2516 1205 2586 qui
1258 2514 1549 2570 fraudibus
1599 2513 1962 2568 circumventi
2001 2512 2069 2565 ad

492 2605 828 2672 impietatem
880 2602 1101 2656 abducti
1152 2612 1299 2657 sunt.
1330 2600 1443 2654 Imo
1474 2618 1542 2656 ex
1587 2609 1903 2656 sanctorum
1935 2614 2070 2669 apo-

490 2695 811 2751 stolicorum
868 2706 1142 2747 canonum
1208 2695 1484 2747 sententia
1544 2692 1867 2761 przescripto
1927 2700 2070 2745 tem-

496 2801 625 2855 pore
647 2787 715 2839 ab
766 2783 1024 2839 Ecclesia
1079 2798 1297 2849 arcens,
1352 2784 1640 2853 redargue,
1696 2784 1931 2845 instrue,
1977 2782 2073 2835 ad-

496 2877 714 2931 hortare
750 2875 817 2941 ”,
855 2875 1122 2945 astringe,
1160 2874 1365 2930 Christi
1402 2874 1840 2929 misericordiam
1875 2864 2072 2942 super-

497 2967 743 3031 iafunde,
787 2968 1105 3037 deprecare,
1170 2981 1395 3030 rcnova,
1459 2965 1746 3030 confirma,
1797 2980 1894 3019 eos
1944 2978 2072 3033 pro-

495 3058 631 3127 priis
670 3072 863 3112 eorum
929 3055 1191 3127 Iacrymis
1233 3064 1287 3111 et
1325 3056 1626 3124 ejulatibus
1665 3056 1808 3118 lava,
1847 3054 2076 3123 jejuniis

496 3162 667 3212 orna,
738 3145 924 3201 multis
958 3145 1161 3215 vigiliis
1204 3144 1456 3215 purifica,
1504 3145 1961 3213 orationihusque
1998 3146 2083 3199 in-

500 3238 607 3293 due
620 3253 737 3301 eos,
757 3237 850 3306 qui
872 3236 1074 3291 diaboli
1100 3236 1451 3306 improbitate
1471 3246 1524 3291 et
1548 3234 1743 3290 fraude
1768 3236 2081 3305 iniquorum

499 3328 783 3384 hominum
838 3327 1026 3383 divino
1073 3327 1222 3381 cultu
1278 3325 1500 3396 spoliati
1552 3333 1733 3390 sunt,
1783 3335 1838 3381 et
1882 3327 2080 3381 bonam

501 3422 608 3476 illis
628 3419 861 3475 confove
889 3433 1043 3488 spem
1090 3417 1436 3487 rogantibus,
1480 3417 1927 3487 deprecantibus,
1967 3419 2083 3473 ele-

504 3526 795 3583 emosynas
818 3510 1168 3575 facientibus,
1198 3517 1251 3563 et
1274 3508 1571 3579 propitium
1595 3510 1698 3563 sibi
1731 3509 2084 3565 reddentibus

501 3605 675 3660 solum
718 3601 1127 3669 misericordem
1161 3611 1324 3671 atque
1373 3600 1669 3654 humanum
1704 3609 1757 3654 et
1782 3616 1945 3670 quam
1969 3616 2085 3655 ma—

506 3697 648 3749 xime
680 3694 1058 3748 miseratorem
1087 3692 1424 3747 Salvatorem
1455 3701 1702 3745 nostrum
1734 3692 2039 3748 Christum.

661 3783 825 3853 219
844 3781 1027 3838 CXCI.
1051 3811 1121 3828 —
1141 3780 1419 3836 OLIBRIO
1451 3779 1937 3835 PRESBYTERO.

575 3873 854 3943 Nusquam
906 3873 1191 3943 Scriptura
1223 3872 1388 3939 dixit,
1436 3872 1504 3925 ad
1552 3871 1849 3942 imaginem
1895 3872 1991 3926 Dei
2031 3881 2086 3927 et

510 3964 924 4019 similitudinem
972 3964 1146 4018 solem
1198 3969 1547 4032 procreatum
1597 3960 1808 4016 fuisse:
1845 3977 2082 4031 quanam

510 4058 673 4125 igitur
699 4054 911 4108 ratione
943 4060 1000 4106 tu
1056 4051 1107 4105 id
1154 4052 1332 4122 palam
1375 4052 1569 4117 edicis,
1594 4059 1649 4106 et
1685 4052 1739 4105 in
1765 4052 1946 4107 oculis
1971 4068 2087 4106 om-

510 4145 697 4226 nium?
724 4144 874 4199 Licet
902 4144 1047 4199 enim
1077 4143 1169 4198 ille
1207 4143 1424 4199 lmrens
1450 4144 1505 4197 in
1535 4145 1677 4199 caelo
1708 4144 2086 4199 lucidissimos

512 4236 697 4292 radios
745 4235 1073 4306 cjaculetur,
1124 4235 1305 4291 factus
1350 4243 1532 4293 tamen
1580 4244 1666 4292 est
1714 4252 1778 4291 ea
1824 4237 1961 4307 lege,
2022 4250 2085 4290 ac

2166 1786 2247 1839 vol.
2284 1788 2342 1849 ἐς
2370 1786 2594 1857 ὕστερον
2654 1786 3120 1857 μεταϐληθὲντες,
3171 1786 3399 1856 μεγάλοι
3444 1786 3742 1855 πεφήνασι.

2167 1876 2458 1947 Μέμφεται
2483 1877 2541 1930 δέ
2566 1877 2659 1932 τὸν
2715 1878 2965 1947 Κάρπον,
3003 1878 3103 1948 τῆς
3126 1895 3187 1932 τε
3221 1876 3605 1948 μελαγχολίας,
3653 1875 3745 1928 καὶ

2166 1967 2266 2037 τῆς
2299 1966 2622 2037 ἀποτομίας,
2673 1968 2733 2021 οὐ
2771 1967 2878 2038 μὴν
2938 1967 3075 2021 ἀλλά
3121 1968 3218 2022 καὶ
3272 1968 3354 2020 ὃτι
3408 1965 3748 2035 ἀσυμπαθῶς

2170 2055 2488 2126 ἐπηράσατο
2520 2054 2812 2126 στιϐαρῶς.
2840 2054 3027 2110 Ταῦτα
3048 2055 3338 2127 τοιγαροῦν
3358 2057 3542 2123 γνοὺς,
3565 2047 3610 2106 ὧ
3628 2054 3747 2106 ἐπί-

2171 2164 2361 2211 σκοπε,
2395 2148 2468 2219 μὴ
2502 2146 2867 2217 ἀναθεμάτιζε
2898 2147 3291 2218 ἀσπλάγχνως,
3326 2147 3418 2200 καὶ
3446 2146 3612 2198 δίωκε
3644 2143 3748 2196 ἀπὸ

2169 2241 2266 2311 τῆς
2294 2240 2617 2310 Ἐκκλησίας
2645 2239 2906 2310 διηνεκῶς
2934 2239 3260 2310 ἀνθρώπους
3278 2240 3405 2301 τοὺς
3424 2237 3555 2308 περὶ
3582 2236 3745 2304 Φιλή-

2174 2349 2333 2403 μονα,
2368 2334 2463 2385 καὶ
2484 2330 2797 2402 Σώσανδρον
2825 2331 2968 2386 κατὰ
3011 2331 3365 2403 συναρπαγὴν
3401 2345 3748 2400 περιπεπαρ-

2175 2425 2369 2495 μένους
2399 2428 2467 2494 τῇ
2494 2423 2741 2494 ἀσεϐείᾳ.
2759 2423 2919 2477 Ἀλλά
2947 2423 3147 2495 μᾶλλον
3173 2425 3313 2476 κατά
3338 2423 3461 2484 τοὺς
3517 2420 3749 2482 κανόνας

2171 2514 2293 2582 τῶνε
2318 2515 2490 2582 ἁγίων
2516 2514 2829 2568 ἀποστόλων
2872 2514 3011 2585 πρὸς
3043 2515 3234 2586 χρόνον
3265 2512 3464 2567 τακτὸν
3494 2510 3597 2581 τῆς
3630 2511 3748 2563 Ἐκ-

2172 2605 2405 2674 κλησίας
2439 2604 2725 2675 ἀπείρξας,
2757 2604 3001 2673 ἔλεγξον,
3039 2604 3382 2675 νουθέτησον,
3434 2588 3755 2674 ἐπίτρεψον,

2174 2694 2395 2764 στύψον,
2420 2694 2603 2766 ἐπίχεε
2616 2695 2715 2747 τὸν
2746 2693 2842 2747 τοῦ
2864 2694 3105 2765 Χριστοῦ
3132 2694 3303 2757 ἔλεον,
3341 2684 3757 2763 παρακάλεσον,

2174 2785 2499 2847 ἀνανέωσον,
2535 2784 2812 2856 στήριξον,
2840 2782 3150 2838 ἀπόπλυνον
3179 2784 3377 2846 αὐτοὺς
3410 2785 3527 2844 τοῖς
3562 2781 3743 2834 αὐτῶν

2174 2879 2451 2949 ὀδυρμοῖς,
2506 2878 2599 2931 καὶ
2652 2877 2906 2947 δάκρυσι,
2962 2875 3238 2945 κόσμησον
3280 2876 3402 2937 ταῖς
3450 2856 3759 2943 νηστείαις,ἱ

2180 2973 2467 3044 φαίδρυνον
2503 2955 2625 3033 ταῖς
2657 2970 2880 3033 πολλαῖς
2912 2968 3260 3039 ἀγρυπνίαις,
3304 2966 3600 3019 ἐπένδυσον
3629 2968 3746 3027 ταῖς

2180 3063 2511 3134 προσευχαῖς
2531 3062 2659 3124 τοὺς
2701 3059 2800 3129 τῆς
2826 3057 3137 3120 θεοσεϐείας
3186 3058 3306 3111 κατ’
3354 3057 3624 3127 ἐπήρειαν
3660 3054 3752 3107 τοῦ

2178 3156 2445 3221 διαϐόλου,
2474 3158 2566 3210 καὶ
2590 3152 2879 3225 ἐπιϐουλὴν
2902 3154 3110 3227 ἀνδρῶν
3139 3152 3357 3221 ἀνόμων
3395 3147 3753 3218 γεγυμνωμέ-

2181 3262 2323 3311 νους,
2368 3246 2581 3315 ἀγαθὰς
2610 3247 2795 3309 αὐτοῖς
2837 3246 3164 3316 ὑπόσπειρον
3194 3241 3415 3303 ἐλπίδας
3456 3238 3751 3308 δεομένοις,

2148 3392 2153 3399 _
2185 3332 2538 3397 ἱκετεύουσιν,
2569 3332 2939 3403 ἐλεημοσύνας
2966 3332 3201 3394 ποιοῦσι,
3230 3331 3325 3383 καὶ
3356 3326 3754 3397 ὲξιλεουμένοις

2181 3423 2271 3476 τὸν
2294 3422 2454 3493 μόνον
2479 3423 2875 3492 εῠσπλαγχνον,
2911 3422 3005 3477 καὶ
3036 3419 3437 3490 φιλάνθρωπον,
3464 3418 3561 3470 καὶ
3589 3418 3755 3486 ὑπερ‹

2182 3515 2321 3581 ἀγαν
2346 3514 2663 3584 οἰκτίρμονα
2696 3513 2925 3583 Σωτῆρα
2951 3511 3109 3582 ἡμῶν
3136 3509 3394 3581 Χριστόν.

2431 3785 2680 3850 ΡιΑκ-
2710 3780 3004 3852 ΟΛΥΒΡΙῼ
3038 3778 3508 3847 ΠΡΕΣΒΥΤΕΡῼ.

2256 3876 2507 3945 Οὑδαμοῦ
2556 3872 2709 3928 εἶπεν
2745 3878 2778 3944 ὴ
2808 3875 3021 3944 Γραφὴ,
3052 3873 3135 3925 ὅτι
3188 3872 3306 3923 κατ’
3359 3870 3545 3921 εἰκόνα
3604 3866 3760 3930 Θεοῦ,

2190 3969 2286 4021 καὶ
2314 3967 2574 4037 ὁμοίωσιν
2601 3967 2629 4017 ὁ
2662 3966 2811 4035 ἣλιος
2852 3964 3136 4017 κέκτισται
3166 3978 3180 3991 ·
3219 3960 3336 4023 πῶς
3382 3955 3475 4012 οὖν
3507 3959 3572 4010 σὺ
3606 3957 3762 4009 τοῦτο

2188 4058 2438 4129 φανερῶς
2468 4057 2804 4117 ἐκδιδάσκεις
2840 4073 2856 4121 ;
2890 4055 3008 4108 Κᾶν
3048 4054 3155 4125 γάρ
3214 4053 3451 4122 ὑπάρχει
3505 4050 3625 4103 κατ’
3674 4051 3763 4102 ού-

2189 4151 2347 4222 ρανὸν
2370 4149 2711 4203 ἀποστίλϐων
2735 4148 2763 4201 ό
2790 4148 2939 4218 ἥλιος
2968 4148 3089 4209 ταῖς
3108 4146 3520 4215 λαμπροτάταις
3545 4144 3762 4209 αὐγαῖς,

2188 4238 2302 4293 ἀλλ’
2353 4232 2516 4305 οὗνγε
2576 4236 2712 4306 πρὸς
2745 4236 2805 4289 τὸ
2830 4234 3139 4307 ἀνθρώποις
3197 4235 3490 4304 ὑπηρετεῖν
3542 4233 3764 4302 ἐκτίσθη

506 4332 688 4397 jussu,
717 4336 776 4381 ut
818 4326 1132 4380 hominibus
1171 4327 1474 4393 inserviat;
1525 4336 1578 4382 ct
1606 4343 1715 4383 non
1759 4336 1844 4383 est
1884 4327 2072 4382 divini:

2192 4328 2576 4399 προστάγματι
2620 4328 2713 4382 καὶ
2741 4327 2911 4398 νόμῳ,
2939 4328 3002 4380 οὐ
3048 4326 3154 4398 μὴν
3189 4326 3283 4379 καὶ
3329 4325 3502 4389 θείαις
3554 4322 3764 4394 χερσίν.

513 4421 767 4474 manibus
803 4418 1159 4473 fabrefactus.
1198 4417 1367 4474 Solus
1413 4420 1577 4474 homo
1616 4421 1819 4474 animal
1849 4419 2089 4474 admira-

513 4509 621 4564 bile
656 4506 749 4563 Dei
779 4508 1032 4563 manibus
1064 4520 1405 4579 procreatus,
1437 4518 1493 4565 et
1521 4510 1713 4580 digitis
1748 4510 1883 4565 nulli
1913 4517 2087 4564 mate-

514 4598 607 4652 ria:
648 4598 903 4653 obnoxiis
955 4609 1253 4654 exornatus
1303 4607 1409 4666 est,
1468 4608 1523 4655 et
1569 4603 1809 4655 animam
1858 4600 2089 4655 rationis

512 4695 820 4758 compotem
851 4687 1041 4743 inﬂatu
1072 4689 1258 4745 divino
1286 4690 1549 4759 possedit.

652 4779 857 4836 CXCII.
880 4813 951 4824 ——
973 4780 1482 4839 THELESPHORO
1510 4780 1926 4839 ENCAUSTIE.

582 4869 727 4935 Quid
760 4870 1003 4926 laborem
1051 4871 1331 4938 sedulum,
1377 4872 1708 4943 inanemque
1738 4873 1929 4943 capis?
1954 4874 2087 4943 quid

512 4962 756 5017 conteris
778 4977 1004 5032 operam
1036 4963 1282 5020 frustra?
1317 4964 1448 5035 quid
1484 4964 1541 5019 in
1587 4973 1810 5020 ventum
1840 4965 2086 5022 laborem

515 5054 752 5110 insumis
778 5055 846 5121 “,
880 5064 938 5109 ut
963 5055 1143 5111 aiebat
1172 5054 1475 5111 Salomon?
1504 5055 1748 5111 Stultum
1782 5058 1951 5124 enim,
1982 5058 2089 5112 mi-

515 5144 771 5214 nimeque
817 5143 1140 5215 frugiferum
1191 5144 1437 5200 studium
1493 5155 1648 5200 tuum
1698 5148 2089 5217 comperietur,

514 5251 641 5290 cum
671 5233 816 5290 Deus
843 5251 1031 5291 rerum
1072 5235 1318 5292 habenas
1364 5242 1571 5303 teneat,
1614 5235 1930 5308 dirigatque
1969 5254 2092 5294 om-

516 5325 629 5393 nia,
662 5341 726 5382 ac
756 5335 929 5398 regat,
967 5334 1028 5381 ut
1077 5327 1157 5381 illi
1203 5327 1528 5382 collubitum
1575 5336 1680 5383 est.
1719 5328 1885 5383 Multa
1918 5332 2093 5401 siqui-

514 5418 657 5483 dem,
694 5416 900 5486 injuste
927 5425 980 5473 te
1008 5432 1226 5489 gerens,
1274 5417 1331 5473 in
1377 5418 1633 5473 aerarium
1681 5422 1958 5490 congeris,
2001 5439 2096 5478 ne-

516 5525 621 5579 que
658 5510 745 5564 cui
782 5510 871 5565 illa
918 5525 1223 5584 congregas
1263 5513 1333 5579 ³¹,
1370 5513 1504 5579 scis,
1546 5521 1606 5568 ut
1641 5512 1813 5569 David
1847 5514 2070 5570 dicebat

586 5619 631 5652 ⁸ο
664 5618 708 5673 II
738 5619 979 5679 Timoth.
1008 5638 1083 5693 tv,
1111 5623 1166 5677 2.

2193 4420 2371 4482 Μόνος
2397 4420 2453 4472 δὲ
2487 4419 2771 4490 ἄνθρωπος
2795 4419 2856 4472 τὸ
2902 4418 3205 4489 θαυμάσιον
3232 4417 3370 4481 ζῶον
3421 4418 3579 4488 χερσὶ
3632 4415 3767 4468 θεοῦ

2195 4510 2526 4573 πέπλασται,
2570 4511 2665 4564 καὶ
2697 4514 2807 4575 τοῖς
2833 4511 3018 4575 ἀΰλοις
3052 4508 3443 4580 κατεκοσμήθη
3464 4506 3768 4570 δακτύλοις,

2193 4604 2288 4656 καὶ
2313 4602 2493 4675 ψυχὴν
2519 4604 2934 4675 ἐμπέπνευσται
2969 4602 3222 4673 λογικήν.

2410 4786 2661 4853 Ριιθν.-
2703 4785 3100 4856 ΤΕΛΕΣΦΟΡῼ
3156 4777 3556 4855 armum.

2267 4876 2366 4930 Διά
2384 4877 2437 4929 τί
2468 4877 2685 4947 μοχθεῖς
2710 4876 2883 4929 πολλά
2907 4877 3001 4929 καὶ
3027 4875 3329 4948 ἀπέραντα,
3354 4874 3449 4928 καὶ
3467 4876 3548 4938 είς
3575 4873 3772 4944 ἄνεμον

2196 4970 2413 5039 κοπιᾷς,
2447 4966 2629 5031 καθὼς
2685 4962 2807 5020 εἷπε
2858 4966 3144 5037 Σολομών;
3192 4966 3475 5038 Ἀνόνητος
3503 4966 3637 5035 γὰρ,
3682 4964 3773 5019 καὶ

2197 5059 2572 5130 ἀσύμφοροςή
2634 5059 2836 5128 σπουδή
2881 5076 2974 5111 σου
3025 5058 3392 5129 δειχθήσεται,
3460 5056 3595 5109 Θεοῦ
3651 5056 3773 5116 τοὺς

2198 5150 2388 5214 οἴακας
2417 5149 2525 5203 τῶν
2556 5149 2897 5222 πραγμάτων
2928 5148 3282 5221 κρατοῦντος,
3316 5148 3411 5202 καὶ
3446 5147 3628 5201 πάντα
3654 5144 3781 5199 καθ’

2192 5244 2251 5298 ὃν
2292 5244 2538 5314 βούλεται
2567 5244 2767 5315 τρόπον
2803 5243 3027 5311 ἄγοντος
3061 5242 3154 5295 καὶ
3190 5243 3469 5314 φέροντος.
3505 5239 3749 5309 Θησαυρέ

2198 5334 2307 5399 ζεις
2326 5337 2501 5408 γάρέξ
2525 5333 2740 5397 ἀδικίας
2772 5332 2961 5396 πολλὰ,
2998 5333 3058 5384 οὐ
3090 5332 3382 5400 γινώσκεις
3403 5331 3480 5398 δὲ,
3521 5330 3628 5384 τίνι
3658 5340 3771 5381 συν·

2199 5425 2353 5492 ἀγεις
2386 5424 2546 5491 αύτά,
2583 5426 2658 5489 ώς
2688 5428 2907 5497 εἴρηκεν
2932 5426 2960 5477 ό
2989 5423 3173 5477 Δαυῒδ.

1274 5625 1319 5661 ³¹
1342 5608 1513 5681 Eccli.
1545 5642 1596 5691 ν,
1635 5624 1721 5679 IS.
1803 5626 1845 5657 ³¹
1880 5623 2030 5680 Psal.
2075 5640 2311 5689 xxxvm,
2343 5625 2394 5677 7.
