3888 6040
139 252 244 319 301

214 458 396 512 Ὅπου
443 456 630 526 ἐντολὴ
668 455 825 519 Θεοῦ,
866 456 983 507 ἐκεῖ
1019 453 1237 515 πάντως
1267 452 1365 505 καὶ
1397 451 1721 520 πειρασμὸς,

140 552 239 608 καὶ
276 549 541 619 ἐπιϐουλὴ
567 547 662 602 τοῦ
693 547 908 619 ἐχθροῦ.
946 544 1057 598 Καὶ
1091 542 1329 597 πειθέτω
1360 560 1417 595 σε
1467 543 1639 610 Ἀδὰμ
1661 543 1719 593 ἐν

142 638 464 711 παραδείσῳ
489 637 706 708 ἐντολὴν
741 636 891 689 Θείαν
911 631 1227 703 δεξάμενος,
1258 629 1355 684 καὶ
1384 629 1728 699 παραχρῆμα

143 728 572 793 ἐπιϐουλευθεὶς,
596 727 690 780 καὶ
726 722 1206 792 ὑποσκελισμένος.
1246 721 1419 774 Ὅπου
1447 720 1504 772 δὲ
1527 719 1726 788 θλίψις,

143 821 243 874 καὶ
266 820 398 873 ἔνθα
414 819 557 889 λύπη
589 818 779 888 πολλὴ,
799 817 915 868 ἐκεῖ
944 815 1038 868 καὶ
1064 812 1208 884 χαρὰ
1228 810 1397 881 πολλὴ
1422 810 1726 881 γενήσεται,

143 911 328 984 καιρῷ
346 911 423 983 τῷ
454 911 804 980 προσήκοντι.
832 927 850 959 ι
878 904 1183 975 Περίλυπός
1213 906 1358 955 ἐστιν
1380 904 1413 972 ἡ
1448 901 1592 971 ψυχή
1627 917 1728 969 μου

143 1005 253 1068 ἕως
272 1004 553 1067 θανάτου,›
577 1001 740 1071 φησιν
771 1001 799 1051 6
817 998 1037 1069 Κύριος.
1073 994 1213 1049 Ἀλλ’
1229 995 1376 1063 ὅμως
1401 994 1435 1063 ἡ
1454 991 1601 1062 λύπη
1634 992 1731 1044 αὐ-

144 1094 244 1148 τοῦ
283 1095 364 1158 είς
393 1093 566 1164 χαρὰν
599 1091 822 1160 γέγονεν
835 1089 932 1158 ὅλῃ
970 1085 1388 1159 τῇ·οίκουμένῃ.
1431 1084 1540 1136 Καὶ
1572 1084 1731 1153 ἡμεῖς

147 1185 468 1256 λυποῦμεθα
514 1183 633 1254 μὲν,
685 1180 1074 1250 θλιϐόμενοιὲν
1106 1176 1325 1247 μυρίοις
1377 1176 1728 1246 πειρασμοῖς,

151 1280 261 1340 τοῖς
291 1294 352 1329 τε
371 1278 435 1329 ἐκ
456 1274 750 1345 δαιμόνων,
774 1275 886 1334 τοῖς
913 1287 971 1323 τε
1004 1272 1068 1325 ἐκ
1089 1270 1200 1322 τῶν
1231 1263 1557 1336 ἀνθρώπων,
1594 1264 1733 1316 ἀλλά

148 1368 418 1430 δυνατὸςὸ
436 1366 568 1427 Θεὸς
638 1363 797 1435 ἡμῶν
850 1362 1032 1425 πάσας
1066 1360 1166 1423 τάς
1207 1358 1416 1427 θλίψεις
1466 1355 1623 1426 ἡμῶν
1654 1355 1733 1417 είς

150 1458 327 1527 χαρὰν
383 1457 479 1509 καὶ
532 1454 721 1524 τέρψιν
775 1453 997 1522 διηνεκῆ
1051 1449 1399 1520 μετενέγκαι.
1435 1447 1526 1514 Μὴ
1556 1446 1733 1499 τοίνυν

150 1544 347 1597 ἐκλύου
380 1545 448 1614 τῇ
478 1542 645 1611 πολλῇ
684 1540 911 1609 ἀθυμίᾳ,
958 1539 1052 1592 καὶ
1078 1540 1146 1609 τῇ
1177 1537 1406 1607 ἀμέτρῳ
1456 1534 1602 1605 λύπῃ
1637 1551 1649 1563 ·
1684 1536 1732 1588 οί

156 1634 261 1705 γὰρ
317 1633 653 1704 λυπηθέντες
702 1651 721 1683 ‹
763 1628 1188 1699 ἀγαλλιάσονται
1235 1626 1329 1679 ἐπὶ
1379 1624 1487 1679 τῶν
1536 1624 1734 1678 κοιτῶν

1337 247 1873 308 EPISTOLARUM
1910 248 2057 307 LIB.
2100 248 2182 307 II.

435 366 682 433 PtJ".-
713 363 1049 418 MEAITONI
1077 360 1399 431 ΔΙΑΚΟΝῼ.
1584 370 1587 371 ί
1748 369 1797 423 Α

3290 245 3395 309 309.

2104 359 2329 417 CXCIII.
2348 390 2419 403 -—
2442 357 2766 416 MELITONI
2796 356 3112 413 DIACONO.

1900 450 2004 506 Ubi
2029 452 2276 506 divinum
2317 461 2654 523 praeceptum
2693 459 2795 512 est,
2833 449 2906 503 ibi
2948 464 3177 518 prorsus
3207 456 3259 504 et
3289 458 3400 503 ten-

1832 544 1988 603 tatio.
2017 554 2071 597 et
2115 544 2291 599 hostis
2339 542 2573 613 professi
2621 541 2836 597 insidiae
2883 549 3037 595 sunt.
3081 541 3265 596 Fidem
3298 542 3401 594 tibi

1832 632 1997 689 faciat
2023 634 2195 689 Adam
2224 635 2279 688 in
2312 633 2570 720 paradiso
2608 632 2856 686 divinum
2898 625 3226 700 praceptum
3255 632 3402 685 acci-

1830 726 2009 795 piens,
2091 728 2387 794 statimque
2446 722 2663 779 insidiis
2719 724 2922 792 petitus
2971 730 3026 774 et
3085 722 3405 789 supplanta-

1831 824 1920 872 tus
1950 817 2015 870 ⁸³.
2051 815 2155 871 Ubi
2187 830 2319 871 vero
2350 823 2435 869 est
2479 814 2723 877 aﬂlictio,
2756 821 2810 867 et
2856 827 3058 866 mceror
3091 812 3302 880 ingens,
3329 810 3403 865 ibi

1831 919 1885 964 et
1914 923 2171 978 maguum
2202 906 2483 976 gaudium,
2518 913 2766 973 tempore
2807 911 2985 956 tamen
3027 900 3232 962 debito,
3262 898 3408 953 orie-

1834 1009 1942 1055 tur.
1969 1001 2131 1070 220
2171 1019 2188 1051 ι
2234 998 2480 1068 Undique
2523 996 2699 1051 tristis
2738 1002 2821 1050 est
2850 995 3030 1047 anima
3076 1007 3195 1046 mea
3234 1005 3409 1057 usque

1806 1077 1899 1147 ~ad
1942 1099 2170 1145 mortem
2206 1090 2273 1154 ³⁸,
2320 1109 2336 1141 ι
2373 1089 2448 1142 ait
2489 1087 2779 1141 Dominus.
2812 1084 2946 1153 Ejus
2971 1092 3153 1136 tamen
3182 1080 3408 1134 tristitia

1834 1186 1931 1238 toti
1977 1193 2249 1239 terrarum
2292 1183 2412 1235 orbi
2454 1178 2712 1251 gaudium
2755 1176 2988 1247 peperit.
3028 1171 3140 1228 Nos
3189 1186 3411 1241 quoque

1834 1276 2140 1339 innumeris
2182 1272 2582 1328 teutationlbus
2629 1276 2743 1322 tum
2793 1267 3124 1326 daemonum.
3153 1272 3265 1316 tum
3310 1262 3410 1314 lio-

1836 1368 2045 1421 miuum
2088 1366 2266 1434 pressi
2317 1362 2631 1432 amigimur,
2682 1359 2777 1414 sed
2825 1357 2968 1412 Deus
3009 1365 3193 1409 noster
3220 1367 3412 1407 omnes

1834 1457 2156 1512 alllictiones
2191 1463 2415 1509 nostras
2459 1451 2516 1505 in
2548 1449 2806 1521 gaudium
2848 1456 2903 1500 et
2946 1444 3193 1499 laetitiam
3224 1453 3415 1509 perpe-

1835 1556 1985 1602 tuam
2022 1549 2315 1601 immutare
2348 1544 2489 1613 potis
2538 1549 2646 1595 est.
2695 1537 2774 1592 Ne
2805 1538 2971 1608 igitur
2997 1533 3147 1606 gravi
3181 1544 3415 1585 mmrore

1834 1647 1889 1693 et
1931 1637 2290 1693 immoderata
2336 1631 2559 1688 tristitia
2604 1627 2947 1698 despondeas
2989 1625 3258 1678 animqu.
3312 1618 3417 1685 Qui

152 1695 357 1791 αὐτῶν,
383 1743 401 1776 ι
430 1695 498 1794 ego
542 1717 616 1778 ὧν
645 1725 739 1777 καὶ
768 1695 1125 1792 λελύπηνται.
1170 1718 1373 1789 Κοίτην
1395 1718 1451 1771 δὲ
1481 1718 1591 1771 νόει
1645 1734 1733 1788 μοι

1870 1729 1981 1782 nim
2019 1725 2330 1801 contristati
2383 1730 2535 1783 sunt.
2592 1739 2611 1772 ι
2664 1695 2996 1773 laetabuntur
3044 1716 3099 1768 in
3141 1711 3416 1767 cubilibus

155 1813 248 1868 νῦν
270 1832 396 1869 τινα
430 1814 610 1885 ψυχῆς
630 1811 999 1882 τεθλιμμένης
1038 1808 1178 1878 ὑπὲρ
1206 1808 1306 1875 τῆς
1343 1808 1447 1878 κτή
1461 1823 1595 1869 τεως
1620 1806 1732 1859 τῶν

155 1906 391 1979 ἀρετῶν,
423 1905 534 1972 ἐξιν
568 1922 627 1959 τε
679 1904 773 1957 καὶ
811 1902 1166 1956 κατάστασιν.
1191 1899 1368 1952 Ὅπου
1431 1897 1612 1951 τοίνυν
1645 1897 1734 1951 διά

155 1998 292 2051 Θεοῦ
330 1996 496 2068 λύπη,
529 1995 685 2066 δῆλον
721 1995 803 2048 ὅτι
832 1994 948 2047 ἐκεῖ
1004 1992 1095 2044 καὶ
1126 1988 1271 2060 χαρά
1310 1988 1527 2052 αἰώνιος
1558 1988 1733 2040 ἔσται.

157 2090 271 2143 Καὶ
322 2089 433 2159 γάρ
469 2088 526 2142 αἱ
552 2087 679 2158 περὶ
707 2085 926 2157 Μαρίαν
963 2084 1062 2154 τὴν
1092 2080 1480 2151 Μαγδαληνὴν,
1509 2078 1605 2130 καὶ
1638 2076 1736 2147 τὴν

157 2180 325 2251 ἀλλην
359 2177 597 2250 Μαρίαν,
636 2175 961 2246 λυπηθεῖσαι
984 2171 1454 2244 ὑπερϐαλλόντως,
1500 2168 1739 2239 ἤκουσαν

158 2271 255 2325 τοῦ
350 2269 582 2342 χορηγοῦ
647 2268 750 2337 τῆς
823 2266 1044 2320 πάντων
1117 2262 1275 2334 ἡμῶν
1350 2257 1725 2328 ἀγαλλιάσεως

160 2360 400 2436 Χριστοῦ
424 2360 560 2430 μετά
581 2359 680 2431 τὴν
709 2358 1008 2412 ἀνάστασιν
1034 2354 1287 2423 λέγοντος
1328 2367 1343 2383 ·
1368 2350 1625 2422 Χαίρετε.

490 2557 649 2623 ΡιηΔν.
672 2584 740 2595 -
777 2552 1034 2607 ΖΗΝΩΝΙ
1067 2549 1396 2619 ΔῐᾹΚΟΝῼ.

247 2651 312 2704 Ἦ
339 2649 481 2704 κατά
513 2649 646 2702 Θεὸν
680 2645 849 2718 ἀρετὴ
882 2643 1114 2697 πλούτου
1160 2640 1460 2709 τιμιωτέρα
1505 2639 1674 2698 ἐστιν,
1717 2637 1745 2688 6

162 2741 221 2797 δὲ
257 2740 482 2811 ἡσύχιος
535 2738 645 2808 βίος
701 2735 1001 2807 χρημάτων
1053 2732 1447 2803 ἀναριθμήτων
1504 2743 1744 2797 περιφα-

165 2833 440 2904 νέστερος.
472 2829 649 2885 Καλὸν
686 2828 864 2881 τοίνυν
906 2824 1252 2897 ἀσπάζεσθαι
1281 2821 1342 2875 τὸ
1372 2820 1560 2874 καλόν.

681 2917 842 2985 ΡιιΕκ
864 2947 932 2958 ——
959 2914 1043 2981 Τῷ
1076 2911 1254 2977 αὐτῷ.

1838 1819 1955 1873 suis
1982 1818 2048 1882 ⁸⁸,
2092 1808 2109 1868 i
2150 1818 2204 1870 in
2254 1812 2456 1885 quibus
2496 1809 2811 1865 contristati
2859 1816 3006 1861 sunt.
3058 1803 3253 1858 Cubile
3286 1815 3416 1855 vero

1838 1924 1986 1965 nunc
2035 1907 2302 1975 iutellige,
2380 1903 2630 1958 habitum
2708 1897 3024 1970 quemdam,
3102 1903 3417 1959 statumque

1839 2004 2035 2056 animas
2080 2001 2156 2054 ob
2205 1995 2673 2066 comparationem
2719 1978 2984 2045 virtutum
3025 1985 3256 2040 alnictw.
3309 1983 3415 2037 Ubi

1841 2091 2007 2161 igitur
2034 2095 2255 2158 propter
2285 2082 2455 2139 Deum
2486 2095 2692 2136 mceror
2720 2087 2826 2141 est,
2861 2077 3060 2130 ibidem
3082 2082 3135 2128 et
3161 2071 3416 2142 gaudium

1833 2160 2241 2248 sempiternum
2274 2174 2397 2229 erit.
2425 2168 2562 2224 Nam
2592 2182 2715 2238 qua!
2745 2164 2976 2220 Mariam
3016 2160 3417 2229 Magdalenam,

1843 2272 2116 2339 aliamque
2153 2266 2379 2320 Mariam
2424 2260 2833 2317 comitabantur
2872 2255 2938 2320 ³⁸,
2976 2249 3268 2307 immodica
3301 2260 3420 2300 mo-

1846 2363 1999 2418 lestia
2034 2338 2241 2415 alfectae
2272 2373 2302 2411 a
2344 2355 2529 2427 gaudii
2560 2351 2734 2407 nostri
2770 2347 3013 2404 omnium
3044 2344 3237 2397 datore
3265 2338 3426 2394 Chri-

1845 2462 1931 2510 sto
1958 2459 2083 2523 post
2113 2448 2576 2505 resurrectionem
2609 2440 2905 2495 audierunt
2941 2452 2954 2487 :
2982 2434 3245 2490 Gaudete.

2155 2537 2388 2597 CXCIV.
2418 2568 2484 2579 -—
2508 2533 2765 2590 ZENONI
2796 2527 3113 2585 DIACO‘NO.

1919 2634 2110 2689 Virtus
2135 2632 2437 2689 secundum
2467 2628 2633 2682 Deum
2674 2623 2881 2679 divitiis
2904 2620 3161 2675 omnibus
3191 2623 3275 2672 est
3297 2629 3427 2685 pre-

1850 2727 2063 2789 tiosior,
2077 2735 2131 2780 et
2155 2725 2269 2778 vita
2296 2721 2479 2792 quieta
2505 2715 2909 2785 tranquillaque
2935 2707 3186 2780 pecuniis
3206 2706 3432 2760 immen-

1849 2817 1927 2872 sis
1949 2815 2297 2871 luculentior.
2332 2811 2540 2865 Bonum
2575 2809 2758 2877 itaque
2787 2803 2952 2858 fuerit
2984 2801 3125 2856 bona
3153 2796 3428 2866 amplecti.
3535 2870 3548 2880 ο

2376 2896 2581 2954 CXCV.
2597 2925 2671 2937 —
2694 2894 2900 2949 Eidem.

239 3014 410 3068 Οὐδὲν
457 3013 599 3067 οὓτω
653 2982 893 3065 δυσωπεῖ
944 3007 1071 3069 τοὺς
1117 3001 1569 3073 ἐπεμϐαίνοντας,
1657 3000 1747 3053 καὶ

1926 2994 2013 3051 Nil
2067 2995 2203 3050 adeo
2262 2994 2439 3063 placat
2487 2990 2839 3051 insultantes,
2899 2982 3431 3054 exprobrantesque,

172 3105 631 3173 ἐξονειδίζοντας,
676 3102 754 3164 ὡς
805 3102 840 3173 ἡ
902 3098 1012 3150 τῶν
1070 3093 1541 3164 ἐξονειδιζομένων
1612 3088 1747 3161 μετά

1864 3101 1912 3145 ιιι
1942 3088 2398 3158 exprobratorum
2423 3097 2548 3137 cum
2588 3079 2813 3135 lenitate
2846 3083 2901 3132 et
2933 3074 3206 3130 modestia
3245 3085 3434 3126 corre-

172 3199 499 3270 πραότητος,
542 3196 635 3250 καὶ
688 3190 988 3254 ἐπιεικείας
1037 3188 1343 3258 διόρθωσις.
1382 3185 1450 3237 Ἥ
1508 3182 1617 3254 γὰρ
1645 3181 1754 3233 τῶν

174 3288 640 3359 ἐξονειδιζομένων
672 3283 935 3351 καλλίστη
988 3277 1287 3351 μεταϐολὴ,
1330 3277 1443 3336 τοῖς
1498 3271 1753 3340 ἐξονειδί-

178 3385 332 3447 ζουσι
368 3377 634 3451 διατροπὴ
657 3377 891 3446 γίνεται.

384 3490 559 3555 Ριιςι.
586 3515 660 3526 -
706 3482 1018 3552 nemo
1071 3477 1540 3547 ΠΡΕΣΒΥΤΕΡῼ.

259 3581 595 3649 Ἐπίσταμαι
634 3577 813 3630 πάντα
839 3574 907 3627 τά
945 3571 1272 3645 πειρατήρια
1314 3568 1381 3621 τὰ
1416 3562 1753 3637 συμϐεϐηκό-

177 3693 245 3728 τα
268 3690 375 3738 σοι,
409 3670 506 3724 καὶ
536 3670 634 3730 τὰς
651 3667 877 3736 θλίψεις.
922 3661 1186 3716 Ἀνάλαὸε
1224 3656 1319 3711 οὖν
1364 3660 1432 3710 τά
1478 3656 1617 3709 ὅπλα
1663 3655 1763 3724 τῆς

179 3764 513 3839 προσευχῆς,
549 3759 770 3831 κράζων
801 3755 936 3827 πρὸς
969 3752 1060 3806 τὸν
1092 3750 1295 3822 Κύριον
1329 3747 1643 3811 ἀνενδότως,
1672 3743 1764 3799 καὶ

180 3837 421 3926 τοσούτῳ
472 3852 696 3924 μᾶλλον,
752 3851 862 3917 ὅσῳ
903 3846 998 3899 καὶ
1042 3842 1398 3911 σφοδρότερον
1436 3837 1767 3891 ἐπιτίθενται

183 3952 317 4021 ἡμῖν
364 3943 614 4015 δαίμονές
636 3959 695 3994 τε
726 3941 820 3993 καὶ
850 3936 1124 4007 ἄνθρωποι
1158 3931 1445 4003 βρὺχοντες
1467 3928 1587 3982 καθ’
1613 3926 1769 3998 ἡμῶν

183 4017 313 4102 τοὺς
345 4038 582 4100 ὀδόντας,
609 4034 702 4088 καὶ
723 4029 1032 4101 νομίζοντες
1050 4028 1122 4095 μὴ
1152 4022 1512 4094 βοηθήσεσθαι
1537 4021 1684 4090 ἡμᾶς
1714 4017 1773 4083 ἐξ

186 4131 377 4205 ὕψους.
433 4129 553 4181 Κᾶν
612 4125 687 4196 μὴ
740 4119 1054 4192 κεκτήμεθα
1126 4115 1389 4176 δυνάστας
1446 4109 1773 4183 βοηθοῦντας

188 4200 543 4294 ἀνθρώπους,
605 4218 697 4271 καὶ
737 4213 954 4277 πάντως
1001 4211 1068 4265 δι’
1111 4206 1325 4268 ἐλπίδος
1380 4204 1480 4275 τῆς
1536 4202 1672 4272 πρὸς
1714 4200 1775 4252 τὸ

96 4370 103 4373 ,
190 4289 461 4387 κρείττον,
491 4310 585 4363 καλ⁸
629 4309 729 4377 τῆς
756 4302 1125 4375 εὐχαριστίας,
1161 4294 1465 4367 τευξόμεθα
1524 4289 1775 4363 βοηθείας

196 4382 444 4478 ἰσχυρᾶς.
475 4401 647 4461 Βλέπε
676 4394 986 4467 τοιγαροῦν,
1008 4393 1069 4469 ¹τί
1112 4408 1276 4461 φησιν
1327 4389 1385 4440 ἐν
1448 4384 1723 4455 προσευχῇ
1750 4382 1777 4433 ὁ

193 4470 406 4566 Σιτράχ·
443 4513 462 4545 ι
522 4483 981 4561 Ἐξομολογοῦμαί
1007 4499 1110 4545 σοι,
1167 4479 1341 4549 Κύριε
1381 4471 1635 4539 Βασιλεῦ,
1683 4470 1779 4523 καὶ
1881 4471 2002 4527 quae

193 4544 397 4642 ξέξξὲω
703 4544 936 4647 Σωτῆρά
995 4590 1118 4645 μου.
1188 4544 1648 4638 Ἐξομολογοῦμαι
1702 4561 1780 4632 τῷ
1885 4559 2001 4603 ιθοΓ
2034 4544 2157 4611 libi,

195 4676 423 4748 ὀνόματί
452 4692 569 4739 σου,
605 4674 687 4725 ὅτι
719 4665 1051 4735 σκεπαστὴς,
1083 4661 1179 4715 καὶ
1209 4657 1401 4731 βοηθὸς
1447 4655 1634 4721 ἐγένου
1668 4669 1782 4722 μοι,

198 4740 307 4821 καὶ.
323 4762 614 4835 ἐλυτρὼσω
646 4750 708 4814 τὸ
737 4757 897 4828 σῶμά
918 4772 1017 4825 μου
1043 4752 1103 4816 ἐξ
1126 4748 1400 4809 ἀπωλείας
1422 4745 1515 4799 καὶ
1530 4744 1594 4796 ἐκ
1622 4740 1788 4809 παγί-

199 4859 290 4923 δος
312 4830 565 4925 διαϐολῆς
590 4851 867 4921 γλώσσης,
908 4844 1004 4900 καὶ
1029 4842 1265 4896 ἐναντίον
1288 4836 1398 4891 τῶν
1430 4830 1788 4906 περιεστηκό-

204 4967 314 5003 των
349 4964 418 5018 με
440 4946 629 5014 ἐγένου
656 4960 747 5013 μοι
780 4937 996 5011 βοηθὸς,
1028 4934 1123 4987 καὶ
1178 4927 1468 5001 ἐλυτρώσω
1530 4943 1598 4996 με
1652 4939 1754 4976 κατ

1856 3182 1985 3236 ειίο.
2059 3178 2279 3247 Optima
2346 3170 2616 3244 siquidem
2674 3167 3135 3239 exprobratorum
3180 3163 3437 3218 immuta-

1861 3276 1956 3340 tio,
1986 3268 2451 3341 exprobrantibus
2479 3262 2731 3320 conl'usio
2777 3261 2856 3316 lit.

1993 3454 2149 3523 221
2178 3447 2406 3505 CXCVI.
2429 3477 2473 3487 σε
2500 3440 2798 3502 CYRIACO
2827 3438 3305 3495 PRESBYTERO.

1936 3543 2264 3599 Vexatiunes
2300 3539 2736 3606 amictionesque
2778 3548 2972 3587 omnes
3001 3547 3121 3601 qua:
3162 3530 3263 3584 tibi
3311 3542 3446 3583 con-

1867 3640 2132 3709 tigerunt,
2165 3642 2455 3704 comperta:
2495 3628 2629 3684 mihi
2669 3634 2821 3682 sunt.
2873 3624 3229 3679 Armaturam
3260 3620 3448 3690 itaque

1868 3729 2136 3783 orationis
2168 3738 2411 3787 assume,
2462 3722 2715 3776 clamans
2763 3718 2885 3771 sine
2929 3712 3345 3768 intermissione
3376 3710 3447 3765 ad

1872 3819 2183 3880 Dominum,
2228 3831 2404 3879 eoque
2469 3811 2667 3881 magis,
2718 3823 2826 3878 quo
2884 3805 3120 3860 validius
3173 3804 3448 3858 daemones

1871 3913 2165 3982 impetum,
2212 3917 2267 3961 et
2320 3903 2572 3959 homines
2639 3901 2906 3955 adversus
2968 3911 3070 3950 nos
3134 3894 3449 3948 frendentes

1873 3979 2130 4056 dentibus
2169 3997 2306 4059 suis,
2366 3992 2861 4057 existimantesque
2918 3984 3127 4038 nullum
3176 3982 3335 4036 nobis
3381 3979 3450 4033 ab

1876 4094 1986 4147 alto
2013 4089 2277 4145 auxilium
2303 4086 2645 4139 adfuturum.
2677 4080 2833 4134 Licet
2878 4077 3014 4130 nulli
3062 4074 3220 4128 nobis
3251 4085 3451 4142 suppe-

1879 4191 1995 4238 tant
2024 4182 2273 4237 homines
2298 4177 2601 4247 principes,
2634 4173 2728 4243 qui
2776 4171 2956 4225 [erant
2999 4183 3195 4236 opem;
3226 4165 3452 4219 omnino

1882 4282 2102 4347 propter
2146 4273 2202 4325 in
2255 4269 2424 4323 Deum
2475 4282 2646 4335 spem,
2692 4270 2748 4323 et
2802 4259 3103 4332 gratiarum
3156 4256 3449 4319 actionem,

1811 4363 1852 4416 υ
1878 4341 2067 4421 auxilii
2101 4363 2359 4429 illiusque
2402 4355 2568 4411 validi
2610 4350 2907 4422 participes
2957 4348 3184 4401 erimus.
3240 4341 3454 4397 Videsis

2042 4452 2308 4507 Siraclms
2350 4448 2519 4502 Deum
2566 4455 2804 4498 exorans
2853 4439 3160 4507 loquatur:
3215 4449 3233 4483 ι
3269 4429 3455 4484 Conli-

2198 4539 2426 4596 Domine
2464 4535 2604 4600 Rex,
2628 4542 2683 4588 et
2712 4528 3038 4586 collaudabo
3056 4525 3222 4579 Deum
3271 4521 3459 4593 Salva:

1895 4651 2070 4693 torem
2123 4648 2328 4689 meum.
2353 4627 2631 4683 Conﬁteor
2662 4621 2870 4676 nomini
2917 4628 3030 4679 tuo,
3059 4613 3319 4684 quoniam
3361 4609 3461 4662 ad—

202 5041 268 5095 τδ
306 5014 511 5106 πλῆθος
530 5034 627 5089 τοῦ
652 5033 834 5094 ἐλέους
858 5047 974 5093 σου,
1003 5026 1097 5079 καὶ
1130 5022 1226 5077 τοῦ
1268 5018 1533 5090 ὀνόματός
1583 5031 1677 5069 σου
1729 5014 1795 5065 ἐκ
1887 5017 1975 5106 me
2004 5014 2243 5106 metuit:

209 5086 923 5203 ⁷μισούντων-με.
955 5086 1300 5190 ίῙροεκείμην
1332 5086 1467 5181 πρὸς
1494 5107 1555 5160 τὸ
1592 5104 1790 5176 θηρευ-
1893 5086 1973 5203 fl“.

406 5187 513 5272 ὑπό
536 5216 646 5270 τῶν
668 5187 970 5284 ζητούντων
1000 5187 1206 5276 θλίψαι,
1234 5202 1326 5255 καὶ
1367 5198 1626 5253 ἀπολέσαι
1689 5194 1791 5264 τὴν
1897 5187 1974 5293 IIII

208 5284 391 5380 ψῦχήν
423 5324 546 5377 μου,
571 5306 665 5358 καὶ
686 5301 985 5370 ἐπειγόμην
1024 5292 1304 5349 κυκλῶθεν
1330 5289 1517 5358 ὥσπερ
1546 5284 1651 5338 ὑπὸ
1692 5298 1790 5334 πυ-

214 5374 716 5473 ἐκκαυθὲντος.
760 5390 1036 5459 Ὑπῆρχον
1055 5385 1162 5455 γὰρ
1184 5384 1241 5434 ἐν
1267 5378 1342 5449 τῷ
1371 5375 1520 5446 βάθει
1550 5374 1649 5444 τῆς
1678 5388 1793 5473 κοι-

212 5463 336 5554 λίας
370 5487 463 5542 τοῦ
492 5485 684 5558 νοητοῦ
712 5483 864 5556 ᾆδον.
891 5475 1237 5542 Ἐκυκλώθην
1263 5469 1366 5524 ὑπὸ
1389 5467 1641 5536 γλώσσης
1672 5463 1800 5517 ἀκα-

1973 5102 2022 5139 m
2063 5079 2470 5137 multitudinem
2518 5070 2911 5130 misericordiae
2958 5076 3084 5132 tuae,
3134 5071 3188 5118 et
3227 5060 3468 5116 nominis

2008 5191 2038 5229 a
2069 5172 2343 5244 rugitibus
2382 5167 2509 5223 odio
2549 5161 2992 5237 persequentium
3043 5171 3148 5210 me.
3207 5151 3474 5221 Prmposi-

1900 5278 1990 5325 tus
2040 5280 2189 5322 eram
2248 5263 2315 5317 ad
2361 5269 2647 5331 capturam
2703 5252 3063 5326 qumrentium
3109 5246 3365 5316 amigere,
3420 5255 3473 5297 et

1899 5362 2127 5431 perdere
2186 5356 2425 5411 animam
2478 5365 2654 5407 meam
2699 5367 2712 5403 :
2774 5353 2829 5402 et
2890 5341 3178 5416 premebar
3230 5336 3473 5405 undique

1901 5464 2162 5520 tauquam
2198 5451 2266 5505 ab
2298 5451 2419 5520 igne
2457 5456 2709 5499 accenso.
2744 5439 2905 5494 Eram
2935 5437 3079 5493 enim
3117 5433 3172 5488 in
3203 5424 3474 5501 profundo

289 5666 338 5700 ³⁸
366 5663 505 5721 Cen.
536 5674 598 5716 ιιι
624 5656 852 5731 passim.
940 5654 984 5685 ³⁵
1011 5648 1205 5706 Matth.
1247 5659 1395 5712 τινι,
1434 5642 1524 5698 58.
1602 5642 1645 5675 ⁸⁵
1676 5634 1824 5692 Psal.
1851 5646 2031 5699 cxux,
2069 5630 2119 5685 5.
2199 5626 2243 5658 “
2270 5624 2458 5679 Matth.
2507 5633 2699 5684 xxviii,
2727 5620 2781 5682 9.
