  <div class='ocr_page' id='page_1' title='image "/cluster/home/n/w/nwhite01/storage/ocr_20150623/79/hvd.32044010610517/159.png"; bbox 0 0 3888 6040; ppageno 0'>
   <div class='ocr_carea' id='block_1_1' title="bbox 452 207 559 270">
    <p class='ocr_par' dir='ltr' id='par_1_1' title="bbox 452 207 559 270">
     <span class='ocr_line' id='line_1_1' title="bbox 452 207 559 270; baseline 0.019 -2"><span class='ocrx_word' id='word_1_1' title='bbox 452 207 559 270; x_wconf 87' lang='grc'><strong>303</strong></span> 
     </span>
    </p>
   </div>
   <div class='ocr_carea' id='block_1_2' title="bbox 1926 210 2195 271">
    <p class='ocr_par' dir='ltr' id='par_1_2' title="bbox 1926 210 2195 271">
     <span class='ocr_line' id='line_1_2' title="bbox 1926 210 2195 271; baseline 0.011 -4"><span class='ocrx_word' id='word_1_2' title='bbox 1926 210 1990 269; x_wconf 90' lang='lat' dir='ltr'><strong>S.</strong></span> <span class='ocrx_word' id='word_1_3' title='bbox 2030 211 2195 271; x_wconf 90' lang='lat' dir='ltr'><strong>NILl</strong></span> 
     </span>
    </p>
   </div>
   <div class='ocr_carea' id='block_1_3' title="bbox 3592 222 3702 284">
    <p class='ocr_par' dir='ltr' id='par_1_3' title="bbox 3592 222 3702 284">
     <span class='ocr_line' id='line_1_3' title="bbox 3592 222 3702 284; baseline 0 0"><span class='ocrx_word' id='word_1_4' title='bbox 3592 222 3702 284; x_wconf 66' lang='grc'><strong>304</strong></span> 
     </span>
    </p>
   </div>
   <div class='ocr_carea' id='block_1_4' title="bbox 446 305 2002 400">
    <p class='ocr_par' dir='ltr' id='par_1_4' title="bbox 446 305 2002 366">
     <span class='ocr_line' id='line_1_4' title="bbox 446 305 2002 366; baseline 0.004 -7"><span class='ocrx_word' id='word_1_5' title='bbox 446 308 655 364; x_wconf 77' lang='lat' dir='ltr'><strong>ventris</strong></span> <span class='ocrx_word' id='word_1_6' title='bbox 686 305 1073 361; x_wconf 72' lang='lat' dir='ltr'><strong>intellectualis</strong></span> <span class='ocrx_word' id='word_1_7' title='bbox 1101 305 1281 361; x_wconf 79' lang='lat' dir='ltr'><strong>inferi.</strong></span> <span class='ocrx_word' id='word_1_8' title='bbox 1325 307 1708 365; x_wconf 85' lang='lat' dir='ltr'><strong>Circumdatus</strong></span> <span class='ocrx_word' id='word_1_9' title='bbox 1736 310 1811 365; x_wconf 81' lang='lat' dir='ltr'><strong>fui</strong></span> <span class='ocrx_word' id='word_1_10' title='bbox 1842 328 1869 364; x_wconf 89' lang='lat' dir='ltr'><strong>a</strong></span> <span class='ocrx_word' id='word_1_11' title='bbox 1908 314 2002 366; x_wconf 91' lang='lat' dir='ltr'><strong>lin-</strong></span> 
     </span>
    </p>
   </div>
   <div class='ocr_carea' id='block_1_5' title="bbox 2111 305 3699 400">
    <p class='ocr_par' dir='ltr' id='par_1_5' title="bbox 2116 315 3699 400">
     <span class='ocr_line' id='line_1_5' title="bbox 2116 315 3699 400; baseline 0.011 -33"><span class='ocrx_word' id='word_1_12' title='bbox 2116 315 2334 386; x_wconf 88' lang='grc' dir='ltr'>θάρτου,</span> <span class='ocrx_word' id='word_1_13' title='bbox 2365 320 2459 373; x_wconf 73' lang='grc' dir='ltr'>καὶ</span> <span class='ocrx_word' id='word_1_14' title='bbox 2505 319 2660 387; x_wconf 86' lang='grc' dir='ltr'>λόγου</span> <span class='ocrx_word' id='word_1_15' title='bbox 2708 321 2952 391; x_wconf 77' lang='grc' dir='ltr'>ψευδοῦς.</span> <span class='ocrx_word' id='word_1_16' title='bbox 2992 325 3253 393; x_wconf 87' lang='grc' dir='ltr'>Ἤγγισεν</span> <span class='ocrx_word' id='word_1_17' title='bbox 3312 328 3345 397; x_wconf 83' lang='grc' dir='ltr'><strong>ή</strong></span> <span class='ocrx_word' id='word_1_18' title='bbox 3385 328 3530 400; x_wconf 68' lang='grc' dir='ltr'>ψυχή</span> <span class='ocrx_word' id='word_1_19' title='bbox 3596 349 3699 400; x_wconf 86' lang='grc' dir='ltr'><strong>μου</strong></span> 
     </span>
    </p>
   </div>
   <div class='ocr_carea' id='block_1_6' title="bbox 446 397 2023 473">
    <p class='ocr_par' dir='ltr' id='par_1_6' title="bbox 446 397 2023 473">
     <span class='ocr_line' id='line_1_6' title="bbox 446 397 2023 473; baseline 0.003 -21"><span class='ocrx_word' id='word_1_20' title='bbox 446 412 550 467; x_wconf 83' lang='lat' dir='ltr'><strong>gua</strong></span> <span class='ocrx_word' id='word_1_21' title='bbox 591 397 940 465; x_wconf 78' lang='lat' dir='ltr'><strong>coinquinata</strong></span> <span class='ocrx_word' id='word_1_22' title='bbox 972 404 1024 451; x_wconf 89' lang='lat' dir='ltr'><strong>et</strong></span> <span class='ocrx_word' id='word_1_23' title='bbox 1054 398 1221 451; x_wconf 91' lang='lat' dir='ltr'><strong>verbo</strong></span> <span class='ocrx_word' id='word_1_24' title='bbox 1262 398 1555 455; x_wconf 86' lang='lat' dir='ltr'><strong>mendacii.</strong></span> <span class='ocrx_word' id='word_1_25' title='bbox 1597 402 2023 473; x_wconf 82' lang='lat' dir='ltr'><strong>Appropinqua-</strong></span> 
     </span>
    </p>
   </div>
   <div class='ocr_carea' id='block_1_7' title="bbox 448 487 2025 556">
    <p class='ocr_par' dir='ltr' id='par_1_7' title="bbox 448 487 2025 556">
     <span class='ocr_line' id='line_1_7' title="bbox 448 487 2025 556; baseline 0.004 -17"><span class='ocrx_word' id='word_1_26' title='bbox 448 489 524 540; x_wconf 80' lang='lat' dir='ltr'><strong>vit</strong></span> <span class='ocrx_word' id='word_1_27' title='bbox 557 488 738 540; x_wconf 89' lang='lat' dir='ltr'><strong>anima</strong></span> <span class='ocrx_word' id='word_1_28' title='bbox 770 501 887 541; x_wconf 89' lang='lat' dir='ltr'><strong>mea</strong></span> <span class='ocrx_word' id='word_1_29' title='bbox 917 502 1093 556; x_wconf 91' lang='lat' dir='ltr'><strong>usque</strong></span> <span class='ocrx_word' id='word_1_30' title='bbox 1131 487 1196 541; x_wconf 90' lang='lat' dir='ltr'><strong>ad</strong></span> <span class='ocrx_word' id='word_1_31' title='bbox 1225 498 1458 544; x_wconf 87' lang='lat' dir='ltr'><strong>mortem</strong></span> <span class='ocrx_word' id='word_1_32' title='bbox 1484 508 1498 544; x_wconf 90' lang='lat'><strong>:</strong></span> <span class='ocrx_word' id='word_1_33' title='bbox 1548 491 2025 546; x_wconf 88' lang='lat' dir='ltr'><strong>circumdederunt</strong></span> 
     </span>
    </p>
   </div>
   <div class='ocr_carea' id='block_1_8' title="bbox 446 575 2022 650">
    <p class='ocr_par' dir='ltr' id='par_1_8' title="bbox 446 575 2022 650">
     <span class='ocr_line' id='line_1_8' title="bbox 446 575 2022 650; baseline 0.004 -21"><span class='ocrx_word' id='word_1_34' title='bbox 446 591 533 632; x_wconf 89' lang='lat' dir='ltr'><strong>me</strong></span> <span class='ocrx_word' id='word_1_35' title='bbox 562 575 804 644; x_wconf 86' lang='lat' dir='ltr'><strong>undique</strong></span> <span class='ocrx_word' id='word_1_36' title='bbox 832 576 994 642; x_wconf 89' lang='lat' dir='ltr'><strong>mala,</strong></span> <span class='ocrx_word' id='word_1_37' title='bbox 1039 592 1140 631; x_wconf 88' lang='lat' dir='ltr'><strong>nec</strong></span> <span class='ocrx_word' id='word_1_38' title='bbox 1170 584 1287 630; x_wconf 89' lang='lat' dir='ltr'><strong>erat</strong></span> <span class='ocrx_word' id='word_1_39' title='bbox 1317 580 1411 648; x_wconf 88' lang='lat' dir='ltr'><strong>qui</strong></span> <span class='ocrx_word' id='word_1_40' title='bbox 1453 578 1759 648; x_wconf 75' lang='lat' dir='ltr'><strong>adiuvaret.</strong></span> <span class='ocrx_word' id='word_1_41' title='bbox 1790 581 2022 650; x_wconf 84' lang='lat' dir='ltr'><strong>Respexi</strong></span> 
     </span>
    </p>
   </div>
   <div class='ocr_carea' id='block_1_9' title="bbox 448 667 2023 737">
    <p class='ocr_par' dir='ltr' id='par_1_9' title="bbox 448 667 2023 737">
     <span class='ocr_line' id='line_1_9' title="bbox 448 667 2023 737; baseline 0.003 -17"><span class='ocrx_word' id='word_1_42' title='bbox 448 670 502 720; x_wconf 89' lang='lat' dir='ltr'><strong>in</strong></span> <span class='ocrx_word' id='word_1_43' title='bbox 534 667 869 737; x_wconf 86' lang='lat' dir='ltr'><strong>adjutorium</strong></span> <span class='ocrx_word' id='word_1_44' title='bbox 919 668 1224 732; x_wconf 85' lang='lat' dir='ltr'><strong>hominum,</strong></span> <span class='ocrx_word' id='word_1_45' title='bbox 1253 676 1307 723; x_wconf 91' lang='lat' dir='ltr'><strong>et</strong></span> <span class='ocrx_word' id='word_1_46' title='bbox 1346 684 1457 723; x_wconf 92' lang='lat' dir='ltr'><strong>non</strong></span> <span class='ocrx_word' id='word_1_47' title='bbox 1493 678 1630 723; x_wconf 89' lang='lat' dir='ltr'><strong>erat.</strong></span> <span class='ocrx_word' id='word_1_48' title='bbox 1661 670 1814 724; x_wconf 93' lang='lat' dir='ltr'><strong>Tunc</strong></span> <span class='ocrx_word' id='word_1_49' title='bbox 1842 686 2023 726; x_wconf 84' lang='lat' dir='ltr'><strong>recor-</strong></span> 
     </span>
    </p>
   </div>
   <div class='ocr_carea' id='block_1_10' title="bbox 446 755 2017 829">
    <p class='ocr_par' dir='ltr' id='par_1_10' title="bbox 446 755 2017 829">
     <span class='ocr_line' id='line_1_10' title="bbox 446 755 2017 829; baseline 0.003 -21"><span class='ocrx_word' id='word_1_50' title='bbox 446 757 609 811; x_wconf 87' lang='lat' dir='ltr'><strong>datus</strong></span> <span class='ocrx_word' id='word_1_51' title='bbox 648 770 771 811; x_wconf 93' lang='lat' dir='ltr'><strong>sum</strong></span> <span class='ocrx_word' id='word_1_52' title='bbox 802 755 1197 810; x_wconf 73' lang='lat' dir='ltr'><strong>misericordiae</strong></span> <span class='ocrx_word' id='word_1_53' title='bbox 1231 764 1355 819; x_wconf 66' lang='lat' dir='ltr'><strong>tuae,</strong></span> <span class='ocrx_word' id='word_1_54' title='bbox 1378 756 1627 823; x_wconf 84' lang='lat' dir='ltr'><strong>Domine,</strong></span> <span class='ocrx_word' id='word_1_55' title='bbox 1662 767 1716 812; x_wconf 88' lang='lat' dir='ltr'><strong>et</strong></span> <span class='ocrx_word' id='word_1_56' title='bbox 1745 760 2017 829; x_wconf 88' lang='lat' dir='ltr'><strong>operatio-</strong></span> 
     </span>
    </p>
   </div>
   <div class='ocr_carea' id='block_1_11' title="bbox 444 846 2019 915">
    <p class='ocr_par' dir='ltr' id='par_1_11' title="bbox 444 846 2019 915">
     <span class='ocr_line' id='line_1_11' title="bbox 444 846 2019 915; baseline 0.002 -16"><span class='ocrx_word' id='word_1_57' title='bbox 444 846 533 901; x_wconf 89' lang='lat' dir='ltr'><strong>nis</strong></span> <span class='ocrx_word' id='word_1_58' title='bbox 560 852 687 909; x_wconf 74' lang='lat' dir='ltr'><strong>tuae,</strong></span> <span class='ocrx_word' id='word_1_59' title='bbox 725 860 847 915; x_wconf 67' lang='lat' dir='ltr'><strong>qua:</strong></span> <span class='ocrx_word' id='word_1_60' title='bbox 886 859 914 897; x_wconf 89' lang='lat' dir='ltr'><strong>a</strong></span> <span class='ocrx_word' id='word_1_61' title='bbox 961 846 1163 899; x_wconf 65' lang='lat' dir='ltr'><strong>saeculo</strong></span> <span class='ocrx_word' id='word_1_62' title='bbox 1205 852 1313 910; x_wconf 88' lang='lat' dir='ltr'><strong>est,</strong></span> <span class='ocrx_word' id='word_1_63' title='bbox 1350 848 1608 914; x_wconf 90' lang='lat' dir='ltr'><strong>quoniam</strong></span> <span class='ocrx_word' id='word_1_64' title='bbox 1657 849 1805 902; x_wconf 84' lang='lat' dir='ltr'><strong>eruis</strong></span> <span class='ocrx_word' id='word_1_65' title='bbox 1853 851 2019 904; x_wconf 88' lang='lat' dir='ltr'><strong>susti-</strong></span> 
     </span>
    </p>
   </div>
   <div class='ocr_carea' id='block_1_12' title="bbox 443 934 2017 1006">
    <p class='ocr_par' dir='ltr' id='par_1_12' title="bbox 443 934 2017 1006">
     <span class='ocr_line' id='line_1_12' title="bbox 443 934 2017 1006; baseline 0.003 -19"><span class='ocrx_word' id='word_1_66' title='bbox 443 943 637 989; x_wconf 88' lang='lat' dir='ltr'><strong>nentes</strong></span> <span class='ocrx_word' id='word_1_67' title='bbox 692 943 767 996; x_wconf 92' lang='lat' dir='ltr'><strong>te,</strong></span> <span class='ocrx_word' id='word_1_68' title='bbox 818 944 870 987; x_wconf 90' lang='lat' dir='ltr'><strong>et</strong></span> <span class='ocrx_word' id='word_1_69' title='bbox 917 934 1116 987; x_wconf 90' lang='lat' dir='ltr'><strong>liberas</strong></span> <span class='ocrx_word' id='word_1_70' title='bbox 1156 949 1251 989; x_wconf 90' lang='lat' dir='ltr'><strong>eos</strong></span> <span class='ocrx_word' id='word_1_71' title='bbox 1304 934 1371 988; x_wconf 93' lang='lat' dir='ltr'><strong>de</strong></span> <span class='ocrx_word' id='word_1_72' title='bbox 1416 935 1670 989; x_wconf 86' lang='lat' dir='ltr'><strong>manibus</strong></span> <span class='ocrx_word' id='word_1_73' title='bbox 1708 937 1869 1006; x_wconf 72' lang='lat'><strong>222</strong></span> <span class='ocrx_word' id='word_1_74' title='bbox 1918 938 2017 991; x_wconf 87' lang='lat' dir='ltr'><strong>lio-</strong></span> 
     </span>
    </p>
   </div>
   <div class='ocr_carea' id='block_1_13' title="bbox 446 1022 2022 1096">
    <p class='ocr_par' dir='ltr' id='par_1_13' title="bbox 446 1022 2022 1096">
     <span class='ocr_line' id='line_1_13' title="bbox 446 1022 2022 1096; baseline 0.004 -20"><span class='ocrx_word' id='word_1_75' title='bbox 446 1026 608 1078; x_wconf 87' lang='lat' dir='ltr'><strong>stium</strong></span> <span class='ocrx_word' id='word_1_76' title='bbox 640 1041 651 1076; x_wconf 94' lang='lat'>:</span> <span class='ocrx_word' id='word_1_77' title='bbox 690 1031 745 1078; x_wconf 92' lang='lat' dir='ltr'><strong>et</strong></span> <span class='ocrx_word' id='word_1_78' title='bbox 790 1024 1024 1078; x_wconf 81' lang='lat' dir='ltr'><strong>exaltavi</strong></span> <span class='ocrx_word' id='word_1_79' title='bbox 1064 1039 1094 1076; x_wconf 89' lang='lat' dir='ltr'><strong>a</strong></span> <span class='ocrx_word' id='word_1_80' title='bbox 1138 1034 1281 1077; x_wconf 88' lang='lat' dir='ltr'><strong>terra</strong></span> <span class='ocrx_word' id='word_1_81' title='bbox 1332 1022 1796 1093; x_wconf 83' lang='lat' dir='ltr'><strong>deprecationem,</strong></span> <span class='ocrx_word' id='word_1_82' title='bbox 1830 1038 1883 1081; x_wconf 90' lang='lat' dir='ltr'><strong>et</strong></span> <span class='ocrx_word' id='word_1_83' title='bbox 1922 1043 2022 1096; x_wconf 91' lang='lat' dir='ltr'><strong>pro</strong></span> 
     </span>
    </p>
   </div>
   <div class='ocr_carea' id='block_1_14' title="bbox 454 1112 2017 1183">
    <p class='ocr_par' dir='ltr' id='par_1_14' title="bbox 454 1112 2017 1183">
     <span class='ocr_line' id='line_1_14' title="bbox 454 1112 2017 1183; baseline 0.005 -20"><span class='ocrx_word' id='word_1_84' title='bbox 454 1112 777 1168; x_wconf 88' lang='lat' dir='ltr'><strong>liberatione</strong></span> <span class='ocrx_word' id='word_1_85' title='bbox 812 1128 842 1166; x_wconf 88' lang='lat' dir='ltr'><strong>a</strong></span> <span class='ocrx_word' id='word_1_86' title='bbox 885 1121 1060 1166; x_wconf 91' lang='lat' dir='ltr'><strong>morte</strong></span> <span class='ocrx_word' id='word_1_87' title='bbox 1100 1113 1424 1183; x_wconf 88' lang='lat' dir='ltr'><strong>deprecatus</strong></span> <span class='ocrx_word' id='word_1_88' title='bbox 1478 1129 1619 1169; x_wconf 92' lang='lat' dir='ltr'><strong>sum.</strong></span> <span class='ocrx_word' id='word_1_89' title='bbox 1670 1115 1915 1169; x_wconf 84' lang='lat' dir='ltr'><strong>lnvocavi</strong></span> <span class='ocrx_word' id='word_1_90' title='bbox 1946 1127 2017 1183; x_wconf 89' lang='lat' dir='ltr'><strong>te,</strong></span> 
     </span>
    </p>
   </div>
   <div class='ocr_carea' id='block_1_15' title="bbox 444 1202 2009 1272">
    <p class='ocr_par' dir='ltr' id='par_1_15' title="bbox 444 1202 2009 1272">
     <span class='ocr_line' id='line_1_15' title="bbox 444 1202 2009 1272; baseline 0.003 -19"><span class='ocrx_word' id='word_1_91' title='bbox 444 1202 696 1266; x_wconf 90' lang='lat' dir='ltr'><strong>Domine,</strong></span> <span class='ocrx_word' id='word_1_92' title='bbox 720 1217 789 1255; x_wconf 90' lang='lat' dir='ltr'><strong>ne</strong></span> <span class='ocrx_word' id='word_1_93' title='bbox 804 1202 1152 1272; x_wconf 90' lang='lat' dir='ltr'><strong>derelinquas</strong></span> <span class='ocrx_word' id='word_1_94' title='bbox 1183 1218 1267 1256; x_wconf 90' lang='lat' dir='ltr'><strong>me</strong></span> <span class='ocrx_word' id='word_1_95' title='bbox 1296 1205 1349 1257; x_wconf 92' lang='lat' dir='ltr'><strong>in</strong></span> <span class='ocrx_word' id='word_1_96' title='bbox 1382 1204 1469 1259; x_wconf 88' lang='lat' dir='ltr'><strong>die</strong></span> <span class='ocrx_word' id='word_1_97' title='bbox 1499 1204 1869 1261; x_wconf 83' lang='lat' dir='ltr'><strong>tribulationis</strong></span> <span class='ocrx_word' id='word_1_98' title='bbox 1892 1207 1956 1261; x_wconf 82' lang='grc'><strong>³⁷.</strong></span> <span class='ocrx_word' id='word_1_99' title='bbox 1993 1226 2009 1257; x_wconf 74' lang='grc' dir='ltr'><strong>ι</strong></span> 
     </span>
    </p>
   </div>
   <div class='ocr_carea' id='block_1_16' title="bbox 451 1291 2012 1363">
    <p class='ocr_par' dir='ltr' id='par_1_16' title="bbox 451 1291 2012 1363">
     <span class='ocr_line' id='line_1_16' title="bbox 451 1291 2012 1363; baseline 0.003 -17"><span class='ocrx_word' id='word_1_100' title='bbox 451 1291 577 1348; x_wconf 79' lang='lat' dir='ltr'><strong>Alio</strong></span> <span class='ocrx_word' id='word_1_101' title='bbox 624 1309 843 1363; x_wconf 91' lang='lat' dir='ltr'><strong>quoque</strong></span> <span class='ocrx_word' id='word_1_102' title='bbox 892 1295 945 1348; x_wconf 93' lang='lat' dir='ltr'><strong>in</strong></span> <span class='ocrx_word' id='word_1_103' title='bbox 1011 1295 1132 1348; x_wconf 92' lang='lat' dir='ltr'><strong>loco</strong></span> <span class='ocrx_word' id='word_1_104' title='bbox 1176 1294 1315 1348; x_wconf 90' lang='lat' dir='ltr'><strong>idem</strong></span> <span class='ocrx_word' id='word_1_105' title='bbox 1372 1294 1633 1351; x_wconf 88' lang='lat' dir='ltr'><strong>Siracbus</strong></span> <span class='ocrx_word' id='word_1_106' title='bbox 1689 1296 2012 1361; x_wconf 86' lang='lat' dir='ltr'><strong>adhortans,</strong></span> 
     </span>
    </p>
   </div>
   <div class='ocr_carea' id='block_1_17' title="bbox 440 1382 2013 1455">
    <p class='ocr_par' dir='ltr' id='par_1_17' title="bbox 440 1382 2013 1455">
     <span class='ocr_line' id='line_1_17' title="bbox 440 1382 2013 1455; baseline 0.004 -20"><span class='ocrx_word' id='word_1_107' title='bbox 440 1383 621 1453; x_wconf 91' lang='lat' dir='ltr'><strong>inquit</strong></span> <span class='ocrx_word' id='word_1_108' title='bbox 659 1403 672 1438; x_wconf 89' lang='lat'><strong>:</strong></span> <span class='ocrx_word' id='word_1_109' title='bbox 712 1403 729 1435; x_wconf 82' lang='grc' dir='ltr'><strong>ι</strong></span> <span class='ocrx_word' id='word_1_110' title='bbox 764 1382 1040 1453; x_wconf 85' lang='lat' dir='ltr'><strong>Respicite</strong></span> <span class='ocrx_word' id='word_1_111' title='bbox 1058 1387 1310 1453; x_wconf 87' lang='lat' dir='ltr'><strong>antiquas</strong></span> <span class='ocrx_word' id='word_1_112' title='bbox 1328 1386 1728 1455; x_wconf 88' lang='lat' dir='ltr'><strong>generationes,</strong></span> <span class='ocrx_word' id='word_1_113' title='bbox 1751 1393 1803 1441; x_wconf 89' lang='lat' dir='ltr'><strong>et</strong></span> <span class='ocrx_word' id='word_1_114' title='bbox 1820 1386 2013 1452; x_wconf 85' lang='lat' dir='ltr'><strong>videte,</strong></span> 
     </span>
    </p>
   </div>
   <div class='ocr_carea' id='block_1_18' title="bbox 441 1472 2013 1545">
    <p class='ocr_par' dir='ltr' id='par_1_18' title="bbox 441 1472 2013 1545">
     <span class='ocr_line' id='line_1_18' title="bbox 441 1472 2013 1545; baseline 0.003 -19"><span class='ocrx_word' id='word_1_115' title='bbox 441 1473 566 1540; x_wconf 88' lang='lat' dir='ltr'><strong>quis</strong></span> <span class='ocrx_word' id='word_1_116' title='bbox 613 1472 846 1527; x_wconf 87' lang='lat' dir='ltr'><strong>credidit</strong></span> <span class='ocrx_word' id='word_1_117' title='bbox 901 1472 1152 1539; x_wconf 90' lang='lat' dir='ltr'><strong>Domino,</strong></span> <span class='ocrx_word' id='word_1_118' title='bbox 1189 1481 1243 1528; x_wconf 91' lang='lat' dir='ltr'><strong>et</strong></span> <span class='ocrx_word' id='word_1_119' title='bbox 1280 1475 1680 1530; x_wconf 86' lang='lat' dir='ltr'><strong>verecundatus</strong></span> <span class='ocrx_word' id='word_1_120' title='bbox 1727 1478 1857 1530; x_wconf 85' lang='lat' dir='ltr'><strong>est?</strong></span> <span class='ocrx_word' id='word_1_121' title='bbox 1888 1477 2013 1545; x_wconf 87' lang='lat' dir='ltr'><strong>quis</strong></span> 
     </span>
    </p>
   </div>
   <div class='ocr_carea' id='block_1_19' title="bbox 438 1563 2013 1636">
    <p class='ocr_par' dir='ltr' id='par_1_19' title="bbox 438 1563 2013 1636">
     <span class='ocr_line' id='line_1_19' title="bbox 438 1563 2013 1636; baseline 0.001 -17"><span class='ocrx_word' id='word_1_122' title='bbox 438 1564 738 1633; x_wconf 79' lang='lat' dir='ltr'><strong>permansit</strong></span> <span class='ocrx_word' id='word_1_123' title='bbox 768 1564 822 1618; x_wconf 91' lang='lat' dir='ltr'><strong>in</strong></span> <span class='ocrx_word' id='word_1_124' title='bbox 854 1563 1050 1619; x_wconf 86' lang='lat' dir='ltr'><strong>timore</strong></span> <span class='ocrx_word' id='word_1_125' title='bbox 1070 1564 1212 1634; x_wconf 84' lang='lat' dir='ltr'><strong>ejus,</strong></span> <span class='ocrx_word' id='word_1_126' title='bbox 1240 1574 1291 1618; x_wconf 91' lang='lat' dir='ltr'><strong>et</strong></span> <span class='ocrx_word' id='word_1_127' title='bbox 1315 1565 1608 1621; x_wconf 90' lang='lat' dir='ltr'><strong>derelictus</strong></span> <span class='ocrx_word' id='word_1_128' title='bbox 1629 1567 1750 1619; x_wconf 84' lang='lat' dir='ltr'><strong>est?</strong></span> <span class='ocrx_word' id='word_1_129' title='bbox 1778 1576 1870 1619; x_wconf 88' lang='lat' dir='ltr'><strong>aut</strong></span> <span class='ocrx_word' id='word_1_130' title='bbox 1891 1567 2013 1636; x_wconf 86' lang='lat' dir='ltr'><strong>quis</strong></span> 
     </span>
    </p>
   </div>
   <div class='ocr_carea' id='block_1_20' title="bbox 2126 405 3704 482">
    <p class='ocr_par' dir='ltr' id='par_1_20' title="bbox 2126 405 3704 482">
     <span class='ocr_line' id='line_1_20' title="bbox 2126 405 3704 482; baseline 0.011 -26"><span class='ocrx_word' id='word_1_131' title='bbox 2126 405 2232 468; x_wconf 78' lang='grc' dir='ltr'>ἕως</span> <span class='ocrx_word' id='word_1_132' title='bbox 2266 406 2495 460; x_wconf 89' lang='grc' dir='ltr'>θανάτου</span> <span class='ocrx_word' id='word_1_133' title='bbox 2529 423 2544 438; x_wconf 80' lang='grc'><strong><em>⁸</em></strong></span> <span class='ocrx_word' id='word_1_134' title='bbox 2570 409 2823 479; x_wconf 82' lang='grc' dir='ltr'><strong>περιέχον</strong></span> <span class='ocrx_word' id='word_1_135' title='bbox 2854 429 2921 481; x_wconf 89' lang='grc' dir='ltr'><strong>με</strong></span> <span class='ocrx_word' id='word_1_136' title='bbox 2950 414 3211 468; x_wconf 81' lang='grc' dir='ltr'><strong>πάντοθεν</strong></span> <span class='ocrx_word' id='word_1_137' title='bbox 3249 416 3416 482; x_wconf 79' lang='grc' dir='ltr'>κακὰ,</span> <span class='ocrx_word' id='word_1_138' title='bbox 3447 420 3544 471; x_wconf 78' lang='grc' dir='ltr'>καὶ</span> <span class='ocrx_word' id='word_1_139' title='bbox 3598 421 3704 474; x_wconf 77' lang='grc' dir='ltr'>οὐκ</span> 
     </span>
    </p>
   </div>
   <div class='ocr_carea' id='block_1_21' title="bbox 2124 487 3706 576">
    <p class='ocr_par' dir='ltr' id='par_1_21' title="bbox 2124 487 3706 576">
     <span class='ocr_line' id='line_1_21' title="bbox 2124 487 3706 576; baseline 0.009 -34"><span class='ocrx_word' id='word_1_140' title='bbox 2124 487 2192 560; x_wconf 81' lang='grc' dir='ltr'>ἦν</span> <span class='ocrx_word' id='word_1_141' title='bbox 2219 509 2300 554; x_wconf 90' lang='grc' dir='ltr'><strong>τις</strong></span> <span class='ocrx_word' id='word_1_142' title='bbox 2339 491 2548 563; x_wconf 82' lang='grc' dir='ltr'>βοηθῶν</span> <span class='ocrx_word' id='word_1_143' title='bbox 2574 513 2677 564; x_wconf 91' lang='grc' dir='ltr'>μοι.</span> <span class='ocrx_word' id='word_1_144' title='bbox 2725 498 3013 567; x_wconf 81' lang='grc' dir='ltr'>Ἐνέὸλεψα</span> <span class='ocrx_word' id='word_1_145' title='bbox 3038 502 3117 563; x_wconf 86' lang='grc' dir='ltr'><strong>είς</strong></span> <span class='ocrx_word' id='word_1_146' title='bbox 3155 502 3439 574; x_wconf 77' lang='grc' dir='ltr'><strong>ἀντίληψιν</strong></span> <span class='ocrx_word' id='word_1_147' title='bbox 3486 504 3706 576; x_wconf 66' lang='grc' dir='ltr'>ἀνθρώο</span> 
     </span>
    </p>
   </div>
   <div class='ocr_carea' id='block_1_22' title="bbox 2126 580 3707 660">
    <p class='ocr_par' dir='ltr' id='par_1_22' title="bbox 2126 580 3707 660">
     <span class='ocr_line' id='line_1_22' title="bbox 2126 580 3707 660; baseline 0.011 -30"><span class='ocrx_word' id='word_1_148' title='bbox 2126 596 2263 642; x_wconf 88' lang='grc' dir='ltr'>πων,</span> <span class='ocrx_word' id='word_1_149' title='bbox 2294 581 2388 633; x_wconf 72' lang='grc' dir='ltr'>καὶ</span> <span class='ocrx_word' id='word_1_150' title='bbox 2413 583 2513 634; x_wconf 84' lang='grc' dir='ltr'>οὐκ</span> <span class='ocrx_word' id='word_1_151' title='bbox 2539 580 2629 653; x_wconf 83' lang='grc' dir='ltr'><strong>ἦν.</strong></span> <span class='ocrx_word' id='word_1_152' title='bbox 2662 585 2797 638; x_wconf 84' lang='grc' dir='ltr'>Τότε</span> <span class='ocrx_word' id='word_1_153' title='bbox 2819 588 3093 660; x_wconf 77' lang='grc' dir='ltr'><strong>ἐμνήσθην</strong></span> <span class='ocrx_word' id='word_1_154' title='bbox 3113 591 3207 645; x_wconf 78' lang='grc' dir='ltr'><strong>τοῦ</strong></span> <span class='ocrx_word' id='word_1_155' title='bbox 3237 592 3419 657; x_wconf 88' lang='grc' dir='ltr'>ἐλέους</span> <span class='ocrx_word' id='word_1_156' title='bbox 3451 611 3568 658; x_wconf 89' lang='grc' dir='ltr'>σου,</span> <span class='ocrx_word' id='word_1_157' title='bbox 3595 596 3707 650; x_wconf 77' lang='grc' dir='ltr'><strong>Κύ-</strong></span> 
     </span>
    </p>
   </div>
   <div class='ocr_carea' id='block_1_23' title="bbox 2128 670 3705 747">
    <p class='ocr_par' dir='ltr' id='par_1_23' title="bbox 2128 670 3705 747">
     <span class='ocr_line' id='line_1_23' title="bbox 2128 670 3705 747; baseline 0.011 -27"><span class='ocrx_word' id='word_1_158' title='bbox 2128 686 2231 738; x_wconf 89' lang='grc' dir='ltr'>ριε,</span> <span class='ocrx_word' id='word_1_159' title='bbox 2275 670 2370 723; x_wconf 77' lang='grc' dir='ltr'>καὶ</span> <span class='ocrx_word' id='word_1_160' title='bbox 2398 671 2493 740; x_wconf 80' lang='grc' dir='ltr'>τῆς</span> <span class='ocrx_word' id='word_1_161' title='bbox 2532 675 2791 742; x_wconf 78' lang='grc' dir='ltr'><strong>ἐργασίας</strong></span> <span class='ocrx_word' id='word_1_162' title='bbox 2824 693 2914 729; x_wconf 92' lang='grc' dir='ltr'><strong>σου</strong></span> <span class='ocrx_word' id='word_1_163' title='bbox 2968 679 3069 747; x_wconf 82' lang='grc' dir='ltr'>τῆς</span> <span class='ocrx_word' id='word_1_164' title='bbox 3102 679 3198 733; x_wconf 77' lang='grc' dir='ltr'>ἀπ’</span> <span class='ocrx_word' id='word_1_165' title='bbox 3241 682 3455 747; x_wconf 76' lang='grc' dir='ltr'>αἰῶνος,</span> <span class='ocrx_word' id='word_1_166' title='bbox 3487 684 3574 736; x_wconf 81' lang='grc' dir='ltr'>ὅτι</span> <span class='ocrx_word' id='word_1_167' title='bbox 3604 686 3705 737; x_wconf 85' lang='grc' dir='ltr'>λυ-</span> 
     </span>
    </p>
   </div>
   <div class='ocr_carea' id='block_1_24' title="bbox 2124 760 3701 837">
    <p class='ocr_par' dir='ltr' id='par_1_24' title="bbox 2124 760 3701 837">
     <span class='ocr_line' id='line_1_24' title="bbox 2124 760 3701 837; baseline 0.011 -27"><span class='ocrx_word' id='word_1_168' title='bbox 2124 760 2347 829; x_wconf 79' lang='grc' dir='ltr'>τροῦσαι</span> <span class='ocrx_word' id='word_1_169' title='bbox 2378 763 2505 823; x_wconf 76' lang='grc' dir='ltr'>τοὺς</span> <span class='ocrx_word' id='word_1_170' title='bbox 2535 765 2903 831; x_wconf 82' lang='grc' dir='ltr'>ὑπομένοντάς</span> <span class='ocrx_word' id='word_1_171' title='bbox 2957 784 3038 833; x_wconf 88' lang='grc' dir='ltr'><strong>σε,</strong></span> <span class='ocrx_word' id='word_1_172' title='bbox 3064 770 3157 822; x_wconf 76' lang='grc' dir='ltr'>καὶ</span> <span class='ocrx_word' id='word_1_173' title='bbox 3179 770 3373 835; x_wconf 81' lang='grc' dir='ltr'><strong>σώζεις</strong></span> <span class='ocrx_word' id='word_1_174' title='bbox 3396 774 3599 837; x_wconf 75' lang='grc' dir='ltr'>αὐτοὺς</span> <span class='ocrx_word' id='word_1_175' title='bbox 3628 775 3701 827; x_wconf 76' lang='grc' dir='ltr'><strong>ἐκ</strong></span> 
     </span>
    </p>
   </div>
   <div class='ocr_carea' id='block_1_25' title="bbox 2123 850 3707 935">
    <p class='ocr_par' dir='ltr' id='par_1_25' title="bbox 2123 850 3707 935">
     <span class='ocr_line' id='line_1_25' title="bbox 2123 850 3707 935; baseline 0.01 -33"><span class='ocrx_word' id='word_1_176' title='bbox 2123 850 2307 921; x_wconf 79' lang='grc' dir='ltr'>χειρὸς</span> <span class='ocrx_word' id='word_1_177' title='bbox 2335 853 2546 923; x_wconf 83' lang='grc' dir='ltr'><strong>ἐχθρῶν</strong></span> <span class='ocrx_word' id='word_1_178' title='bbox 2591 871 2606 884; x_wconf 80' lang='grc'><strong>’</strong></span> <span class='ocrx_word' id='word_1_179' title='bbox 2638 857 2731 909; x_wconf 79' lang='grc' dir='ltr'>καὶ</span> <span class='ocrx_word' id='word_1_180' title='bbox 2770 856 3028 926; x_wconf 78' lang='grc' dir='ltr'>ἀνύψωσα</span> <span class='ocrx_word' id='word_1_181' title='bbox 3062 860 3169 912; x_wconf 85' lang='grc' dir='ltr'>ἀπὸ</span> <span class='ocrx_word' id='word_1_182' title='bbox 3199 865 3297 932; x_wconf 86' lang='grc' dir='ltr'>τῆς</span> <span class='ocrx_word' id='word_1_183' title='bbox 3317 863 3421 932; x_wconf 82' lang='grc' dir='ltr'>γῆς</span> <span class='ocrx_word' id='word_1_184' title='bbox 3454 864 3556 935; x_wconf 79' lang='grc' dir='ltr'>τὴν</span> <span class='ocrx_word' id='word_1_185' title='bbox 3588 867 3707 917; x_wconf 85' lang='grc' dir='ltr'>ἱκε-</span> 
     </span>
    </p>
   </div>
   <div class='ocr_carea' id='block_1_26' title="bbox 2125 939 3705 1020">
    <p class='ocr_par' dir='ltr' id='par_1_26' title="bbox 2125 939 3705 1020">
     <span class='ocr_line' id='line_1_26' title="bbox 2125 939 3705 1020; baseline 0.009 -29"><span class='ocrx_word' id='word_1_186' title='bbox 2125 939 2264 1003; x_wconf 92' lang='grc' dir='ltr'>σίαν,</span> <span class='ocrx_word' id='word_1_187' title='bbox 2302 942 2396 993; x_wconf 76' lang='grc' dir='ltr'>καὶ</span> <span class='ocrx_word' id='word_1_188' title='bbox 2433 941 2573 1011; x_wconf 81' lang='grc' dir='ltr'>ὑπὲρ</span> <span class='ocrx_word' id='word_1_189' title='bbox 2593 943 2819 997; x_wconf 86' lang='grc' dir='ltr'>θανάτου</span> <span class='ocrx_word' id='word_1_190' title='bbox 2855 945 3061 1015; x_wconf 80' lang='grc' dir='ltr'><strong>ῥύσεως</strong></span> <span class='ocrx_word' id='word_1_191' title='bbox 3109 948 3354 1020; x_wconf 83' lang='grc' dir='ltr'>ἐδεήθην.</span> <span class='ocrx_word' id='word_1_192' title='bbox 3397 952 3705 1005; x_wconf 80' lang='grc' dir='ltr'>Ἐπεκαλε-</span> 
     </span>
    </p>
   </div>
   <div class='ocr_carea' id='block_1_27' title="bbox 2123 1031 3706 1117">
    <p class='ocr_par' dir='ltr' id='par_1_27' title="bbox 2123 1031 3706 1117">
     <span class='ocr_line' id='line_1_27' title="bbox 2123 1031 3706 1117; baseline 0.011 -35"><span class='ocrx_word' id='word_1_193' title='bbox 2123 1031 2305 1100; x_wconf 88' lang='grc' dir='ltr'>σάμην</span> <span class='ocrx_word' id='word_1_194' title='bbox 2351 1048 2436 1096; x_wconf 75' lang='grc' dir='ltr'><strong>σε,</strong></span> <span class='ocrx_word' id='word_1_195' title='bbox 2472 1032 2678 1103; x_wconf 82' lang='grc' dir='ltr'>Κύριε,</span> <span class='ocrx_word' id='word_1_196' title='bbox 2730 1036 2803 1106; x_wconf 88' lang='grc' dir='ltr'><strong>μή</strong></span> <span class='ocrx_word' id='word_1_197' title='bbox 2845 1054 2911 1106; x_wconf 89' lang='grc' dir='ltr'><strong>με</strong></span> <span class='ocrx_word' id='word_1_198' title='bbox 2967 1040 3369 1114; x_wconf 81' lang='grc' dir='ltr'>ἐγκαταλείπῃς</span> <span class='ocrx_word' id='word_1_199' title='bbox 3402 1046 3463 1098; x_wconf 90' lang='grc' dir='ltr'><strong>ἐν</strong></span> <span class='ocrx_word' id='word_1_200' title='bbox 3510 1047 3706 1117; x_wconf 74' lang='grc' dir='ltr'>ήμέρᾳ</span> 
     </span>
    </p>
   </div>
   <div class='ocr_carea' id='block_1_28' title="bbox 2122 1121 3705 1207">
    <p class='ocr_par' dir='ltr' id='par_1_28' title="bbox 2122 1121 3705 1207">
     <span class='ocr_line' id='line_1_28' title="bbox 2122 1121 3705 1207; baseline 0.01 -34"><span class='ocrx_word' id='word_1_201' title='bbox 2122 1121 2372 1189; x_wconf 82' lang='grc' dir='ltr'><strong>θλίψεως.</strong></span> <span class='ocrx_word' id='word_1_202' title='bbox 2420 1143 2438 1176; x_wconf 79' lang='grc' dir='ltr'><strong>ι</strong></span> <span class='ocrx_word' id='word_1_203' title='bbox 2464 1125 2572 1177; x_wconf 75' lang='grc' dir='ltr'><strong>Καὶ</strong></span> <span class='ocrx_word' id='word_1_204' title='bbox 2597 1128 2655 1178; x_wconf 91' lang='grc' dir='ltr'><strong>ἐν</strong></span> <span class='ocrx_word' id='word_1_205' title='bbox 2683 1127 2852 1197; x_wconf 85' lang='grc' dir='ltr'>ἐτέρῳ</span> <span class='ocrx_word' id='word_1_206' title='bbox 2884 1129 3034 1200; x_wconf 85' lang='grc' dir='ltr'>τόπῳ</span> <span class='ocrx_word' id='word_1_207' title='bbox 3060 1132 3089 1184; x_wconf 99' lang='lat'><strong>6</strong></span> <span class='ocrx_word' id='word_1_208' title='bbox 3117 1132 3279 1196; x_wconf 79' lang='grc' dir='ltr'>αὐτὸς</span> <span class='ocrx_word' id='word_1_209' title='bbox 3328 1135 3498 1206; x_wconf 86' lang='grc' dir='ltr'>Σιράχ</span> <span class='ocrx_word' id='word_1_210' title='bbox 3554 1155 3705 1207; x_wconf 85' lang='grc' dir='ltr'>παρ-</span> 
     </span>
    </p>
   </div>
   <div class='ocr_carea' id='block_1_29' title="bbox 2120 1211 3701 1291">
    <p class='ocr_par' dir='ltr' id='par_1_29' title="bbox 2120 1211 3701 1291">
     <span class='ocr_line' id='line_1_29' title="bbox 2120 1211 3701 1291; baseline 0.011 -29"><span class='ocrx_word' id='word_1_211' title='bbox 2120 1211 2305 1275; x_wconf 86' lang='grc' dir='ltr'>αινῶν,</span> <span class='ocrx_word' id='word_1_212' title='bbox 2328 1213 2494 1281; x_wconf 81' lang='grc' dir='ltr'>φησίν</span> <span class='ocrx_word' id='word_1_213' title='bbox 2513 1231 2526 1245; x_wconf 77' lang='grc' dir='ltr'><strong><em>ο</em></strong></span> <span class='ocrx_word' id='word_1_214' title='bbox 2560 1233 2578 1265; x_wconf 81' lang='grc' dir='ltr'><strong>ι</strong></span> <span class='ocrx_word' id='word_1_215' title='bbox 2639 1215 2975 1285; x_wconf 79' lang='grc' dir='ltr'>Ἐμὸλέψατε</span> <span class='ocrx_word' id='word_1_216' title='bbox 3010 1220 3089 1282; x_wconf 85' lang='grc' dir='ltr'><strong>είς</strong></span> <span class='ocrx_word' id='word_1_217' title='bbox 3106 1221 3337 1290; x_wconf 79' lang='grc' dir='ltr'><strong>ἀρχαίας</strong></span> <span class='ocrx_word' id='word_1_218' title='bbox 3360 1227 3576 1291; x_wconf 75' lang='grc' dir='ltr'>γενεὰς,</span> <span class='ocrx_word' id='word_1_219' title='bbox 3602 1227 3701 1278; x_wconf 81' lang='grc' dir='ltr'><strong>καὶ</strong></span> 
     </span>
    </p>
   </div>
   <div class='ocr_carea' id='block_1_30' title="bbox 2122 1300 3699 1384">
    <p class='ocr_par' dir='ltr' id='par_1_30' title="bbox 2122 1300 3699 1384">
     <span class='ocr_line' id='line_1_30' title="bbox 2122 1300 3699 1384; baseline 0.015 -34"><span class='ocrx_word' id='word_1_220' title='bbox 2122 1300 2279 1365; x_wconf 74' lang='grc' dir='ltr'>ἴδετε,</span> <span class='ocrx_word' id='word_1_221' title='bbox 2310 1303 2392 1365; x_wconf 90' lang='grc' dir='ltr'><strong>τίς</strong></span> <span class='ocrx_word' id='word_1_222' title='bbox 2439 1304 2784 1359; x_wconf 86' lang='grc' dir='ltr'>ἐνεπίστευσε</span> <span class='ocrx_word' id='word_1_223' title='bbox 2828 1307 3038 1377; x_wconf 85' lang='grc' dir='ltr'>Κυρίῳ,</span> <span class='ocrx_word' id='word_1_224' title='bbox 3103 1311 3196 1363; x_wconf 85' lang='grc' dir='ltr'>καὶ</span> <span class='ocrx_word' id='word_1_225' title='bbox 3246 1313 3628 1384; x_wconf 82' lang='grc' dir='ltr'>κατεσχύνθη;</span> <span class='ocrx_word' id='word_1_226' title='bbox 3664 1317 3699 1384; x_wconf 87' lang='grc' dir='ltr'><strong>ῆ</strong></span> 
     </span>
    </p>
   </div>
   <div class='ocr_carea' id='block_1_31' title="bbox 2116 1392 3701 1476">
    <p class='ocr_par' dir='ltr' id='par_1_31' title="bbox 2116 1392 3701 1476">
     <span class='ocr_line' id='line_1_31' title="bbox 2116 1392 3701 1476; baseline 0.01 -33"><span class='ocrx_word' id='word_1_227' title='bbox 2116 1392 2200 1455; x_wconf 88' lang='grc' dir='ltr'><strong>τίς</strong></span> <span class='ocrx_word' id='word_1_228' title='bbox 2230 1393 2467 1462; x_wconf 82' lang='grc' dir='ltr'>ἐνέμεινε</span> <span class='ocrx_word' id='word_1_229' title='bbox 2497 1394 2573 1465; x_wconf 84' lang='grc' dir='ltr'>τῷ</span> <span class='ocrx_word' id='word_1_230' title='bbox 2601 1396 2749 1466; x_wconf 78' lang='grc' dir='ltr'>φόϐῳ</span> <span class='ocrx_word' id='word_1_231' title='bbox 2773 1396 2958 1462; x_wconf 81' lang='grc' dir='ltr'>αὐτοῦ,</span> <span class='ocrx_word' id='word_1_232' title='bbox 2986 1399 3079 1450; x_wconf 74' lang='grc' dir='ltr'>καὶ</span> <span class='ocrx_word' id='word_1_233' title='bbox 3100 1399 3481 1475; x_wconf 77' lang='grc' dir='ltr'><strong>ἐγκατελήφθη</strong></span> <span class='ocrx_word' id='word_1_234' title='bbox 3506 1421 3519 1468; x_wconf 89' lang='grc'>;</span> <span class='ocrx_word' id='word_1_235' title='bbox 3555 1407 3701 1476; x_wconf 75' lang='grc' dir='ltr'>ἥτις</span> 
     </span>
    </p>
   </div>
   <div class='ocr_carea' id='block_1_32' title="bbox 2118 1482 3701 1565">
    <p class='ocr_par' dir='ltr' id='par_1_32' title="bbox 2118 1482 3701 1565">
     <span class='ocr_line' id='line_1_32' title="bbox 2118 1482 3701 1565; baseline 0.009 -31"><span class='ocrx_word' id='word_1_236' title='bbox 2118 1482 2485 1537; x_wconf 85' lang='grc' dir='ltr'>ἐπεκαλέσατο</span> <span class='ocrx_word' id='word_1_237' title='bbox 2508 1485 2690 1550; x_wconf 80' lang='grc' dir='ltr'>αὐτὸν,</span> <span class='ocrx_word' id='word_1_238' title='bbox 2708 1487 2801 1540; x_wconf 80' lang='grc' dir='ltr'>καὶ</span> <span class='ocrx_word' id='word_1_239' title='bbox 2828 1487 3159 1558; x_wconf 83' lang='grc' dir='ltr'>ὕπερωράθη</span> <span class='ocrx_word' id='word_1_240' title='bbox 3184 1506 3200 1554; x_wconf 90' lang='lat'><strong>;</strong></span> <span class='ocrx_word' id='word_1_241' title='bbox 3250 1493 3567 1563; x_wconf 84' lang='grc' dir='ltr'>Οίκτίρμων</span> <span class='ocrx_word' id='word_1_242' title='bbox 3584 1496 3701 1565; x_wconf 80' lang='grc' dir='ltr'><strong>γὰρ</strong></span> 
     </span>
    </p>
   </div>
   <div class='ocr_carea' id='block_1_33' title="bbox 2118 1573 3697 1657">
    <p class='ocr_par' dir='ltr' id='par_1_33' title="bbox 2118 1573 3697 1657">
     <span class='ocr_line' id='line_1_33' title="bbox 2118 1573 3697 1657; baseline 0.01 -32"><span class='ocrx_word' id='word_1_243' title='bbox 2118 1574 2213 1626; x_wconf 73' lang='grc' dir='ltr'>καὶ</span> <span class='ocrx_word' id='word_1_244' title='bbox 2242 1573 2485 1644; x_wconf 83' lang='grc' dir='ltr'><strong>ἐλεήμων</strong></span> <span class='ocrx_word' id='word_1_245' title='bbox 2527 1577 2674 1630; x_wconf 74' lang='grc' dir='ltr'>ἐστὶν</span> <span class='ocrx_word' id='word_1_246' title='bbox 2706 1580 2733 1631; x_wconf 81' lang='grc' dir='ltr'><strong>ὁ</strong></span> <span class='ocrx_word' id='word_1_247' title='bbox 2754 1578 2977 1649; x_wconf 84' lang='grc' dir='ltr'>Κύριος,</span> <span class='ocrx_word' id='word_1_248' title='bbox 3003 1580 3100 1634; x_wconf 73' lang='grc' dir='ltr'>καὶ</span> <span class='ocrx_word' id='word_1_249' title='bbox 3125 1581 3353 1653; x_wconf 77' lang='grc' dir='ltr'><strong>ἀφίησιν</strong></span> <span class='ocrx_word' id='word_1_250' title='bbox 3394 1586 3697 1657; x_wconf 82' lang='grc' dir='ltr'>ἁμαρτίας,</span> 
     </span>
    </p>
   </div>
   <div class='ocr_carea' id='block_1_34' title="bbox 440 1645 2002 1739">
    <p class='ocr_par' dir='ltr' id='par_1_34' title="bbox 440 1650 2002 1722">
     <span class='ocr_line' id='line_1_34' title="bbox 440 1650 2002 1722; baseline 0.004 -17"><span class='ocrx_word' id='word_1_251' title='bbox 440 1650 766 1720; x_wconf 81' lang='lat' dir='ltr'><strong>deprecatus</strong></span> <span class='ocrx_word' id='word_1_252' title='bbox 814 1658 897 1706; x_wconf 87' lang='lat' dir='ltr'><strong>est</strong></span> <span class='ocrx_word' id='word_1_253' title='bbox 932 1667 1080 1713; x_wconf 91' lang='lat' dir='ltr'><strong>eum,</strong></span> <span class='ocrx_word' id='word_1_254' title='bbox 1124 1661 1178 1706; x_wconf 88' lang='lat' dir='ltr'><strong>et</strong></span> <span class='ocrx_word' id='word_1_255' title='bbox 1206 1653 1486 1722; x_wconf 87' lang='lat' dir='ltr'><strong>neglectus</strong></span> <span class='ocrx_word' id='word_1_256' title='bbox 1534 1657 1663 1710; x_wconf 85' lang='lat' dir='ltr'><strong>est?</strong></span> <span class='ocrx_word' id='word_1_257' title='bbox 1699 1654 2002 1712; x_wconf 75' lang='lat' dir='ltr'><strong>Misericors</strong></span> 
     </span>
    </p>
   </div>
   <div class='ocr_carea' id='block_1_35' title="bbox 2111 1645 3024 1739">
    <p class='ocr_par' dir='ltr' id='par_1_35' title="bbox 2118 1645 3024 1739">
     <span class='ocr_line' id='line_1_35' title="bbox 2118 1645 3024 1739; baseline 0.009 -23"><span class='ocrx_word' id='word_1_258' title='bbox 2118 1664 2212 1717; x_wconf 76' lang='grc' dir='ltr'>καὶ</span> <span class='ocrx_word' id='word_1_259' title='bbox 2237 1663 2397 1730; x_wconf 81' lang='grc' dir='ltr'><strong>σώζει</strong></span> <span class='ocrx_word' id='word_1_260' title='bbox 2419 1668 2478 1720; x_wconf 90' lang='grc' dir='ltr'><strong>ἐν</strong></span> <span class='ocrx_word' id='word_1_261' title='bbox 2498 1667 2678 1739; x_wconf 84' lang='grc' dir='ltr'>καιρῷ</span> <span class='ocrx_word' id='word_1_262' title='bbox 2717 1645 2967 1739; x_wconf 80' lang='grc' dir='ltr'>θλίψεως.</span> <span class='ocrx_word' id='word_1_263' title='bbox 3002 1689 3024 1724; x_wconf 75' lang='grc' dir='ltr'><strong>ι</strong></span> 
     </span>
    </p>
   </div>
   <div class='ocr_carea' id='block_1_36' title="bbox 438 1738 2014 1815">
    <p class='ocr_par' dir='ltr' id='par_1_36' title="bbox 438 1738 2014 1815">
     <span class='ocr_line' id='line_1_36' title="bbox 438 1738 2014 1815; baseline 0.007 -24"><span class='ocrx_word' id='word_1_264' title='bbox 438 1738 607 1802; x_wconf 89' lang='lat' dir='ltr'><strong>enim,</strong></span> <span class='ocrx_word' id='word_1_265' title='bbox 642 1746 695 1792; x_wconf 85' lang='lat' dir='ltr'><strong>et</strong></span> <span class='ocrx_word' id='word_1_266' title='bbox 724 1738 1013 1793; x_wconf 83' lang='lat' dir='ltr'><strong>miserator</strong></span> <span class='ocrx_word' id='word_1_267' title='bbox 1046 1748 1129 1792; x_wconf 89' lang='lat' dir='ltr'><strong>est</strong></span> <span class='ocrx_word' id='word_1_268' title='bbox 1178 1738 1464 1806; x_wconf 87' lang='lat' dir='ltr'><strong>Dominus,</strong></span> <span class='ocrx_word' id='word_1_269' title='bbox 1516 1752 1570 1796; x_wconf 90' lang='lat' dir='ltr'><strong>et</strong></span> <span class='ocrx_word' id='word_1_270' title='bbox 1614 1743 1844 1799; x_wconf 86' lang='lat' dir='ltr'><strong>dimittit</strong></span> <span class='ocrx_word' id='word_1_271' title='bbox 1886 1762 2014 1815; x_wconf 74' lang='lat' dir='ltr'><strong>pec-</strong></span> 
     </span>
    </p>
   </div>
   <div class='ocr_carea' id='block_1_37' title="bbox 438 1828 1795 1895">
    <p class='ocr_par' dir='ltr' id='par_1_37' title="bbox 438 1828 1795 1895">
     <span class='ocr_line' id='line_1_37' title="bbox 438 1828 1795 1895; baseline 0.004 -15"><span class='ocrx_word' id='word_1_272' title='bbox 438 1836 596 1893; x_wconf 89' lang='lat' dir='ltr'><strong>cata;</strong></span> <span class='ocrx_word' id='word_1_273' title='bbox 630 1836 683 1880; x_wconf 90' lang='lat' dir='ltr'><strong>ct</strong></span> <span class='ocrx_word' id='word_1_274' title='bbox 714 1828 907 1881; x_wconf 88' lang='lat' dir='ltr'><strong>liberat</strong></span> <span class='ocrx_word' id='word_1_275' title='bbox 938 1828 989 1881; x_wconf 93' lang='lat' dir='ltr'><strong>in</strong></span> <span class='ocrx_word' id='word_1_276' title='bbox 1017 1837 1258 1895; x_wconf 90' lang='lat' dir='ltr'><strong>tempore</strong></span> <span class='ocrx_word' id='word_1_277' title='bbox 1290 1832 1662 1886; x_wconf 87' lang='lat' dir='ltr'><strong>tribulationis</strong></span> <span class='ocrx_word' id='word_1_278' title='bbox 1684 1834 1747 1887; x_wconf 79' lang='grc'><strong>³⁸.</strong></span> <span class='ocrx_word' id='word_1_279' title='bbox 1777 1853 1795 1885; x_wconf 71' lang='grc' dir='ltr'><strong>ι</strong></span> 
     </span>
    </p>
   </div>
   <div class='ocr_carea' id='block_1_38' title="bbox 645 1916 1797 1978">
    <p class='ocr_par' dir='ltr' id='par_1_38' title="bbox 645 1916 1797 1978">
     <span class='ocr_line' id='line_1_38' title="bbox 645 1916 1797 1978; baseline 0.004 -5"><span class='ocrx_word' id='word_1_280' title='bbox 645 1916 896 1973; x_wconf 85' lang='lat' dir='ltr'><strong>CXCVII.</strong></span> <span class='ocrx_word' id='word_1_281' title='bbox 924 1949 994 1959; x_wconf 91' lang='lat'><strong>—-</strong></span> <span class='ocrx_word' id='word_1_282' title='bbox 1017 1917 1354 1976; x_wconf 84' lang='lat' dir='ltr'><strong>SIMPLICIO</strong></span> <span class='ocrx_word' id='word_1_283' title='bbox 1386 1920 1797 1978; x_wconf 82' lang='lat' dir='ltr'><strong>EXCEPTORI.</strong></span> 
     </span>
    </p>
   </div>
   <div class='ocr_carea' id='block_1_39' title="bbox 503 2005 2011 2080">
    <p class='ocr_par' dir='ltr' id='par_1_39' title="bbox 503 2005 2011 2080">
     <span class='ocr_line' id='line_1_39' title="bbox 503 2005 2011 2080; baseline 0.007 -20"><span class='ocrx_word' id='word_1_284' title='bbox 503 2005 781 2062; x_wconf 86' lang='lat' dir='ltr'><strong>Christum</strong></span> <span class='ocrx_word' id='word_1_285' title='bbox 833 2008 1214 2061; x_wconf 88' lang='lat' dir='ltr'><strong>coronandum</strong></span> <span class='ocrx_word' id='word_1_286' title='bbox 1250 2025 1373 2064; x_wconf 85' lang='lat' dir='ltr'><strong>esse</strong></span> <span class='ocrx_word' id='word_1_287' title='bbox 1417 2012 1590 2080; x_wconf 88' lang='lat' dir='ltr'><strong>spinis</strong></span> <span class='ocrx_word' id='word_1_288' title='bbox 1635 2029 1666 2067; x_wconf 89' lang='lat' dir='ltr'><strong>a</strong></span> <span class='ocrx_word' id='word_1_289' title='bbox 1700 2014 2011 2070; x_wconf 66' lang='lat' dir='ltr'><strong>Judaeorum</strong></span> 
     </span>
    </p>
   </div>
   <div class='ocr_carea' id='block_1_40' title="bbox 437 2096 2011 2167">
    <p class='ocr_par' dir='ltr' id='par_1_40' title="bbox 437 2096 2011 2167">
     <span class='ocr_line' id='line_1_40' title="bbox 437 2096 2011 2167; baseline 0.009 -18"><span class='ocrx_word' id='word_1_290' title='bbox 437 2096 720 2167; x_wconf 84' lang='lat' dir='ltr'><strong>Synagoga</strong></span> <span class='ocrx_word' id='word_1_291' title='bbox 749 2096 860 2165; x_wconf 89' lang='lat' dir='ltr'><strong>jam</strong></span> <span class='ocrx_word' id='word_1_292' title='bbox 908 2098 1233 2167; x_wconf 55' lang='lat' dir='ltr'><strong>praedixerat</strong></span> <span class='ocrx_word' id='word_1_293' title='bbox 1272 2098 1566 2157; x_wconf 89' lang='lat' dir='ltr'><strong>Salomon:</strong></span> <span class='ocrx_word' id='word_1_294' title='bbox 1600 2103 1750 2159; x_wconf 73' lang='lat' dir='ltr'><strong>Filiae</strong></span> <span class='ocrx_word' id='word_1_295' title='bbox 1793 2104 2011 2163; x_wconf 84' lang='lat' dir='ltr'><strong>Jerusa-</strong></span> 
     </span>
    </p>
   </div>
   <div class='ocr_carea' id='block_1_41' title="bbox 435 2185 2010 2263">
    <p class='ocr_par' dir='ltr' id='par_1_41' title="bbox 435 2185 2010 2263">
     <span class='ocr_line' id='line_1_41' title="bbox 435 2185 2010 2263; baseline 0.01 -26"><span class='ocrx_word' id='word_1_296' title='bbox 435 2185 563 2249; x_wconf 87' lang='lat' dir='ltr'><strong>lem,</strong></span> <span class='ocrx_word' id='word_1_297' title='bbox 600 2185 1023 2254; x_wconf 85' lang='lat' dir='ltr'><strong>egredimini,et</strong></span> <span class='ocrx_word' id='word_1_298' title='bbox 1057 2187 1236 2242; x_wconf 79' lang='lat' dir='ltr'><strong>videte</strong></span> <span class='ocrx_word' id='word_1_299' title='bbox 1277 2204 1555 2258; x_wconf 89' lang='lat' dir='ltr'><strong>coronam,</strong></span> <span class='ocrx_word' id='word_1_300' title='bbox 1592 2210 1700 2263; x_wconf 89' lang='lat' dir='ltr'><strong>qua</strong></span> <span class='ocrx_word' id='word_1_301' title='bbox 1729 2199 2010 2252; x_wconf 89' lang='lat' dir='ltr'><strong>coronavit</strong></span> 
     </span>
    </p>
   </div>
   <div class='ocr_carea' id='block_1_42' title="bbox 434 2276 2007 2349">
    <p class='ocr_par' dir='ltr' id='par_1_42' title="bbox 434 2276 2007 2349">
     <span class='ocr_line' id='line_1_42' title="bbox 434 2276 2007 2349; baseline 0.01 -20"><span class='ocrx_word' id='word_1_302' title='bbox 434 2290 560 2329; x_wconf 91' lang='lat' dir='ltr'><strong>eum</strong></span> <span class='ocrx_word' id='word_1_303' title='bbox 596 2284 769 2330; x_wconf 87' lang='lat' dir='ltr'><strong>mater</strong></span> <span class='ocrx_word' id='word_1_304' title='bbox 818 2276 939 2345; x_wconf 90' lang='lat' dir='ltr'><strong>ejus</strong></span> <span class='ocrx_word' id='word_1_305' title='bbox 988 2278 1052 2328; x_wconf 72' lang='grc'><strong>³⁸.</strong></span> <span class='ocrx_word' id='word_1_306' title='bbox 1089 2278 1225 2331; x_wconf 88' lang='lat' dir='ltr'><strong>Cum</strong></span> <span class='ocrx_word' id='word_1_307' title='bbox 1285 2280 1469 2349; x_wconf 87' lang='lat' dir='ltr'><strong>itaque</strong></span> <span class='ocrx_word' id='word_1_308' title='bbox 1515 2285 1757 2339; x_wconf 90' lang='lat' dir='ltr'><strong>omnium</strong></span> <span class='ocrx_word' id='word_1_309' title='bbox 1810 2288 2007 2344; x_wconf 88' lang='lat' dir='ltr'><strong>delicta</strong></span> 
     </span>
    </p>
   </div>
   <div class='ocr_carea' id='block_1_43' title="bbox 432 2364 2005 2449">
    <p class='ocr_par' dir='ltr' id='par_1_43' title="bbox 432 2364 2005 2449">
     <span class='ocr_line' id='line_1_43' title="bbox 432 2364 2005 2449; baseline 0.01 -32"><span class='ocrx_word' id='word_1_310' title='bbox 432 2365 722 2418; x_wconf 87' lang='lat' dir='ltr'><strong>sustulerit</strong></span> <span class='ocrx_word' id='word_1_311' title='bbox 769 2364 1053 2430; x_wconf 89' lang='lat' dir='ltr'><strong>Dominus,</strong></span> <span class='ocrx_word' id='word_1_312' title='bbox 1092 2368 1246 2436; x_wconf 81' lang='lat' dir='ltr'><strong>Spina</strong></span> <span class='ocrx_word' id='word_1_313' title='bbox 1289 2385 1418 2423; x_wconf 91' lang='lat' dir='ltr'><strong>vero</strong></span> <span class='ocrx_word' id='word_1_314' title='bbox 1448 2372 1755 2449; x_wconf 74' lang='lat' dir='ltr'><strong>symbolum</strong></span> <span class='ocrx_word' id='word_1_315' title='bbox 1800 2380 2005 2446; x_wconf 88' lang='lat' dir='ltr'><strong>peccati</strong></span> 
     </span>
    </p>
   </div>
   <div class='ocr_carea' id='block_1_44' title="bbox 435 2456 1999 2533">
    <p class='ocr_par' dir='ltr' id='par_1_44' title="bbox 435 2456 1999 2533">
     <span class='ocr_line' id='line_1_44' title="bbox 435 2456 1999 2533; baseline 0.01 -25"><span class='ocrx_word' id='word_1_316' title='bbox 435 2456 531 2517; x_wconf 91' lang='lat' dir='ltr'><strong>sit;</strong></span> <span class='ocrx_word' id='word_1_317' title='bbox 565 2465 853 2525; x_wconf 86' lang='lat' dir='ltr'><strong>propterea</strong></span> <span class='ocrx_word' id='word_1_318' title='bbox 885 2473 951 2511; x_wconf 82' lang='lat' dir='ltr'><strong>ex</strong></span> <span class='ocrx_word' id='word_1_319' title='bbox 980 2458 1154 2527; x_wconf 87' lang='lat' dir='ltr'><strong>spinis</strong></span> <span class='ocrx_word' id='word_1_320' title='bbox 1179 2459 1227 2513; x_wconf 89' lang='lat' dir='ltr'><strong>ei</strong></span> <span class='ocrx_word' id='word_1_321' title='bbox 1262 2458 1510 2514; x_wconf 86' lang='lat' dir='ltr'><strong>diadema</strong></span> <span class='ocrx_word' id='word_1_322' title='bbox 1552 2463 1868 2533; x_wconf 89' lang='lat' dir='ltr'><strong>impositum</strong></span> <span class='ocrx_word' id='word_1_323' title='bbox 1897 2476 1999 2523; x_wconf 90' lang='lat' dir='ltr'><strong>est.</strong></span> 
     </span>
    </p>
   </div>
   <div class='ocr_carea' id='block_1_45' title="bbox 435 2543 2000 2626">
    <p class='ocr_par' dir='ltr' id='par_1_45' title="bbox 435 2543 2000 2626">
     <span class='ocr_line' id='line_1_45' title="bbox 435 2543 2000 2626; baseline 0.009 -28"><span class='ocrx_word' id='word_1_324' title='bbox 435 2543 693 2613; x_wconf 89' lang='lat' dir='ltr'><strong>Sepultus</strong></span> <span class='ocrx_word' id='word_1_325' title='bbox 720 2557 899 2601; x_wconf 91' lang='lat' dir='ltr'><strong>autem</strong></span> <span class='ocrx_word' id='word_1_326' title='bbox 951 2556 1035 2602; x_wconf 88' lang='lat' dir='ltr'><strong>est</strong></span> <span class='ocrx_word' id='word_1_327' title='bbox 1076 2549 1132 2602; x_wconf 92' lang='lat' dir='ltr'><strong>in</strong></span> <span class='ocrx_word' id='word_1_328' title='bbox 1182 2560 1348 2612; x_wconf 91' lang='lat' dir='ltr'><strong>terra,</strong></span> <span class='ocrx_word' id='word_1_329' title='bbox 1391 2553 1456 2605; x_wconf 86' lang='lat' dir='ltr'><strong>ad</strong></span> <span class='ocrx_word' id='word_1_330' title='bbox 1504 2553 1753 2610; x_wconf 80' lang='lat' dir='ltr'><strong>ferendas</strong></span> <span class='ocrx_word' id='word_1_331' title='bbox 1794 2560 2000 2626; x_wconf 88' lang='lat' dir='ltr'><strong>spinas,</strong></span> 
     </span>
    </p>
   </div>
   <div class='ocr_carea' id='block_1_46' title="bbox 432 2635 2005 2703">
    <p class='ocr_par' dir='ltr' id='par_1_46' title="bbox 432 2635 2005 2703">
     <span class='ocr_line' id='line_1_46' title="bbox 432 2635 2005 2703; baseline 0.009 -14"><span class='ocrx_word' id='word_1_332' title='bbox 432 2644 488 2689; x_wconf 92' lang='lat' dir='ltr'><strong>et</strong></span> <span class='ocrx_word' id='word_1_333' title='bbox 517 2635 752 2690; x_wconf 87' lang='lat' dir='ltr'><strong>tribulos</strong></span> <span class='ocrx_word' id='word_1_334' title='bbox 783 2636 1164 2703; x_wconf 88' lang='lat' dir='ltr'><strong>condemnata,</strong></span> <span class='ocrx_word' id='word_1_335' title='bbox 1211 2648 1268 2692; x_wconf 92' lang='lat' dir='ltr'><strong>ut</strong></span> <span class='ocrx_word' id='word_1_336' title='bbox 1315 2641 1617 2698; x_wconf 80' lang='lat' dir='ltr'><strong>maledictis</strong></span> <span class='ocrx_word' id='word_1_337' title='bbox 1654 2658 1877 2700; x_wconf 88' lang='lat' dir='ltr'><strong>onerata</strong></span> <span class='ocrx_word' id='word_1_338' title='bbox 1916 2649 2005 2703; x_wconf 82' lang='lat' dir='ltr'><strong>be-</strong></span> 
     </span>
    </p>
   </div>
   <div class='ocr_carea' id='block_1_47' title="bbox 432 2724 2000 2795">
    <p class='ocr_par' dir='ltr' id='par_1_47' title="bbox 432 2724 2000 2795">
     <span class='ocr_line' id='line_1_47' title="bbox 432 2724 2000 2795; baseline 0.011 -20"><span class='ocrx_word' id='word_1_339' title='bbox 432 2725 799 2779; x_wconf 89' lang='lat' dir='ltr'><strong>nediceretur.</strong></span> <span class='ocrx_word' id='word_1_340' title='bbox 834 2724 1062 2790; x_wconf 89' lang='lat' dir='ltr'><strong>Quando</strong></span> <span class='ocrx_word' id='word_1_341' title='bbox 1094 2743 1222 2781; x_wconf 85' lang='lat' dir='ltr'><strong>vero</strong></span> <span class='ocrx_word' id='word_1_342' title='bbox 1265 2730 1498 2795; x_wconf 89' lang='lat' dir='ltr'><strong>primum</strong></span> <span class='ocrx_word' id='word_1_343' title='bbox 1550 2734 1716 2786; x_wconf 88' lang='lat' dir='ltr'><strong>creati</strong></span> <span class='ocrx_word' id='word_1_344' title='bbox 1750 2735 2000 2792; x_wconf 87' lang='lat' dir='ltr'><strong>homines</strong></span> 
     </span>
    </p>
   </div>
   <div class='ocr_carea' id='block_1_48' title="bbox 432 2812 1999 2894">
    <p class='ocr_par' dir='ltr' id='par_1_48' title="bbox 432 2812 1999 2894">
     <span class='ocr_line' id='line_1_48' title="bbox 432 2812 1999 2894; baseline 0.012 -32"><span class='ocrx_word' id='word_1_345' title='bbox 432 2818 554 2879; x_wconf 90' lang='lat' dir='ltr'><strong>post</strong></span> <span class='ocrx_word' id='word_1_346' title='bbox 608 2820 888 2879; x_wconf 88' lang='lat' dir='ltr'><strong>peccatum</strong></span> <span class='ocrx_word' id='word_1_347' title='bbox 925 2813 1063 2867; x_wconf 89' lang='lat' dir='ltr'><strong>ﬁcus</strong></span> <span class='ocrx_word' id='word_1_348' title='bbox 1106 2812 1233 2868; x_wconf 83' lang='lat' dir='ltr'><strong>folia</strong></span> <span class='ocrx_word' id='word_1_349' title='bbox 1273 2816 1570 2872; x_wconf 87' lang='lat' dir='ltr'><strong>induerunt</strong></span> <span class='ocrx_word' id='word_1_350' title='bbox 1604 2821 1670 2885; x_wconf 70' lang='grc' dir='ltr'><strong>⁸ο,</strong></span> <span class='ocrx_word' id='word_1_351' title='bbox 1714 2834 1999 2894; x_wconf 87' lang='lat' dir='ltr'><strong>pr0pterea</strong></span> 
     </span>
    </p>
   </div>
   <div class='ocr_carea' id='block_1_49' title="bbox 430 2900 2000 2970">
    <p class='ocr_par' dir='ltr' id='par_1_49' title="bbox 430 2900 2000 2970">
     <span class='ocr_line' id='line_1_49' title="bbox 430 2900 2000 2970; baseline 0.011 -17"><span class='ocrx_word' id='word_1_352' title='bbox 430 2900 578 2953; x_wconf 86' lang='lat' dir='ltr'><strong>circa</strong></span> <span class='ocrx_word' id='word_1_353' title='bbox 607 2902 917 2969; x_wconf 88' lang='lat' dir='ltr'><strong>passionem</strong></span> <span class='ocrx_word' id='word_1_354' title='bbox 951 2902 1084 2956; x_wconf 89' lang='lat' dir='ltr'><strong>dicit</strong></span> <span class='ocrx_word' id='word_1_355' title='bbox 1124 2905 1187 2958; x_wconf 85' lang='lat' dir='ltr'><strong>ad</strong></span> <span class='ocrx_word' id='word_1_356' title='bbox 1223 2904 1382 2959; x_wconf 88' lang='lat' dir='ltr'><strong>ﬁcum</strong></span> <span class='ocrx_word' id='word_1_357' title='bbox 1411 2926 1423 2961; x_wconf 93' lang='lat'>:</span> <span class='ocrx_word' id='word_1_358' title='bbox 1467 2928 1484 2960; x_wconf 82' lang='grc' dir='ltr'><strong>ι</strong></span> <span class='ocrx_word' id='word_1_359' title='bbox 1534 2909 1653 2965; x_wconf 83' lang='lat' dir='ltr'><strong>Non</strong></span> <span class='ocrx_word' id='word_1_360' title='bbox 1682 2914 1822 2968; x_wconf 90' lang='lat' dir='ltr'><strong>ultra</strong></span> <span class='ocrx_word' id='word_1_361' title='bbox 1851 2930 1915 2969; x_wconf 83' lang='lat' dir='ltr'><strong>ex</strong></span> <span class='ocrx_word' id='word_1_362' title='bbox 1947 2927 2000 2970; x_wconf 93' lang='lat' dir='ltr'><strong>te</strong></span> 
     </span>
    </p>
   </div>
   <div class='ocr_carea' id='block_1_50' title="bbox 428 2988 1992 3065">
    <p class='ocr_par' dir='ltr' id='par_1_50' title="bbox 428 2988 1992 3065">
     <span class='ocr_line' id='line_1_50' title="bbox 428 2988 1992 3065; baseline 0.013 -24"><span class='ocrx_word' id='word_1_363' title='bbox 428 2988 644 3045; x_wconf 80' lang='lat' dir='ltr'><strong>fructus</strong></span> <span class='ocrx_word' id='word_1_364' title='bbox 675 2993 961 3061; x_wconf 84' lang='lat' dir='ltr'><strong>proveniat</strong></span> <span class='ocrx_word' id='word_1_365' title='bbox 991 2993 1058 3060; x_wconf 77' lang='lat'><strong>“;</strong></span> <span class='ocrx_word' id='word_1_366' title='bbox 1090 3014 1109 3046; x_wconf 74' lang='grc' dir='ltr'><strong>ι</strong></span> <span class='ocrx_word' id='word_1_367' title='bbox 1138 2998 1295 3065; x_wconf 87' lang='lat' dir='ltr'><strong>quasi</strong></span> <span class='ocrx_word' id='word_1_368' title='bbox 1322 2997 1528 3054; x_wconf 90' lang='lat' dir='ltr'><strong>diceret</strong></span> <span class='ocrx_word' id='word_1_369' title='bbox 1557 3020 1569 3055; x_wconf 91' lang='lat'><strong>:</strong></span> <span class='ocrx_word' id='word_1_370' title='bbox 1613 3001 1729 3056; x_wconf 88' lang='lat' dir='ltr'><strong>Non</strong></span> <span class='ocrx_word' id='word_1_371' title='bbox 1768 3006 1907 3059; x_wconf 90' lang='lat' dir='ltr'><strong>ultra</strong></span> <span class='ocrx_word' id='word_1_372' title='bbox 1938 3007 1992 3061; x_wconf 92' lang='lat' dir='ltr'><strong>in</strong></span> 
     </span>
    </p>
   </div>
   <div class='ocr_carea' id='block_1_51' title="bbox 431 3080 1237 3153">
    <p class='ocr_par' dir='ltr' id='par_1_51' title="bbox 431 3080 1237 3153">
     <span class='ocr_line' id='line_1_51' title="bbox 431 3080 1237 3153; baseline 0.005 -19"><span class='ocrx_word' id='word_1_373' title='bbox 431 3080 685 3149; x_wconf 77' lang='lat' dir='ltr'><strong>paradiso</strong></span> <span class='ocrx_word' id='word_1_374' title='bbox 725 3080 816 3135; x_wconf 84' lang='lat' dir='ltr'><strong>ﬁat</strong></span> <span class='ocrx_word' id='word_1_375' title='bbox 838 3085 1237 3153; x_wconf 65' lang='lat' dir='ltr'><strong>praevaricatio.</strong></span> 
     </span>
    </p>
   </div>
   <div class='ocr_carea' id='block_1_52' title="bbox 692 3193 1718 3263">
    <p class='ocr_par' dir='ltr' id='par_1_52' title="bbox 692 3193 1718 3263">
     <span class='ocr_line' id='line_1_52' title="bbox 692 3193 1718 3263; baseline 0.011 -14"><span class='ocrx_word' id='word_1_376' title='bbox 692 3193 959 3250; x_wconf 82' lang='lat' dir='ltr'><strong>CXCVIII.</strong></span> <span class='ocrx_word' id='word_1_377' title='bbox 987 3228 1054 3239; x_wconf 93' lang='lat'><strong><em>—</em></strong></span> <span class='ocrx_word' id='word_1_378' title='bbox 1070 3197 1385 3256; x_wconf 78' lang='lat' dir='ltr'><strong>NUMENIO</strong></span> <span class='ocrx_word' id='word_1_379' title='bbox 1414 3201 1718 3263; x_wconf 81' lang='lat' dir='ltr'><strong>PRIMATI.</strong></span> 
     </span>
    </p>
   </div>
   <div class='ocr_carea' id='block_1_53' title="bbox 496 3305 1995 3384">
    <p class='ocr_par' dir='ltr' id='par_1_53' title="bbox 496 3305 1995 3384">
     <span class='ocr_line' id='line_1_53' title="bbox 496 3305 1995 3384; baseline 0.015 -30"><span class='ocrx_word' id='word_1_380' title='bbox 496 3305 713 3356; x_wconf 82' lang='lat' dir='ltr'><strong>Annum</strong></span> <span class='ocrx_word' id='word_1_381' title='bbox 772 3306 1001 3361; x_wconf 89' lang='lat' dir='ltr'><strong>insidias</strong></span> <span class='ocrx_word' id='word_1_382' title='bbox 1045 3309 1247 3367; x_wconf 88' lang='lat' dir='ltr'><strong>diaboli</strong></span> <span class='ocrx_word' id='word_1_383' title='bbox 1301 3313 1563 3383; x_wconf 88' lang='lat' dir='ltr'><strong>percipis,</strong></span> <span class='ocrx_word' id='word_1_384' title='bbox 1625 3331 1762 3384; x_wconf 89' lang='lat' dir='ltr'><strong>quas</strong></span> <span class='ocrx_word' id='word_1_385' title='bbox 1815 3326 1995 3376; x_wconf 89' lang='lat' dir='ltr'><strong>tamen</strong></span> 
     </span>
    </p>
   </div>
   <div class='ocr_carea' id='block_1_54' title="bbox 430 3392 1997 3471">
    <p class='ocr_par' dir='ltr' id='par_1_54' title="bbox 430 3392 1997 3471">
     <span class='ocr_line' id='line_1_54' title="bbox 430 3392 1997 3471; baseline 0.015 -32"><span class='ocrx_word' id='word_1_386' title='bbox 430 3404 539 3440; x_wconf 88' lang='lat' dir='ltr'><strong>non</strong></span> <span class='ocrx_word' id='word_1_387' title='bbox 588 3392 989 3457; x_wconf 86' lang='lat' dir='ltr'><strong>persentiscere</strong></span> <span class='ocrx_word' id='word_1_388' title='bbox 1023 3395 1281 3450; x_wconf 77' lang='lat' dir='ltr'><strong>conaris?</strong></span> <span class='ocrx_word' id='word_1_389' title='bbox 1326 3397 1447 3466; x_wconf 90' lang='lat' dir='ltr'><strong>Ipse</strong></span> <span class='ocrx_word' id='word_1_390' title='bbox 1502 3415 1733 3471; x_wconf 88' lang='lat' dir='ltr'><strong>namque</strong></span> <span class='ocrx_word' id='word_1_391' title='bbox 1764 3404 1873 3461; x_wconf 93' lang='lat' dir='ltr'><strong>tuis</strong></span> <span class='ocrx_word' id='word_1_392' title='bbox 1902 3421 1997 3461; x_wconf 84' lang='lat' dir='ltr'><strong>co-</strong></span> 
     </span>
    </p>
   </div>
   <div class='ocr_carea' id='block_1_55' title="bbox 427 3478 1997 3560">
    <p class='ocr_par' dir='ltr' id='par_1_55' title="bbox 427 3478 1997 3560">
     <span class='ocr_line' id='line_1_55' title="bbox 427 3478 1997 3560; baseline 0.015 -32"><span class='ocrx_word' id='word_1_393' title='bbox 427 3478 782 3547; x_wconf 84' lang='lat' dir='ltr'><strong>gitationibus</strong></span> <span class='ocrx_word' id='word_1_394' title='bbox 826 3485 1089 3552; x_wconf 79' lang='lat' dir='ltr'><strong>suggerit,</strong></span> <span class='ocrx_word' id='word_1_395' title='bbox 1131 3486 1343 3541; x_wconf 90' lang='lat' dir='ltr'><strong>nullum</strong></span> <span class='ocrx_word' id='word_1_396' title='bbox 1382 3489 1544 3560; x_wconf 73' lang='lat'><strong>223</strong></span> <span class='ocrx_word' id='word_1_397' title='bbox 1582 3507 1649 3546; x_wconf 82' lang='lat' dir='ltr'><strong>ex</strong></span> <span class='ocrx_word' id='word_1_398' title='bbox 1682 3495 1997 3552; x_wconf 90' lang='lat' dir='ltr'><strong>evolutione</strong></span> 
     </span>
    </p>
   </div>
   <div class='ocr_carea' id='block_1_56' title="bbox 430 3568 1994 3652">
    <p class='ocr_par' dir='ltr' id='par_1_56' title="bbox 430 3568 1994 3652">
     <span class='ocr_line' id='line_1_56' title="bbox 430 3568 1994 3652; baseline 0.013 -33"><span class='ocrx_word' id='word_1_399' title='bbox 430 3568 691 3622; x_wconf 89' lang='lat' dir='ltr'><strong>librorum</strong></span> <span class='ocrx_word' id='word_1_400' title='bbox 734 3569 968 3624; x_wconf 78' lang='lat' dir='ltr'><strong>fructum</strong></span> <span class='ocrx_word' id='word_1_401' title='bbox 1034 3573 1242 3635; x_wconf 84' lang='lat' dir='ltr'><strong>haberi,</strong></span> <span class='ocrx_word' id='word_1_402' title='bbox 1294 3585 1352 3629; x_wconf 92' lang='lat' dir='ltr'><strong>ut</strong></span> <span class='ocrx_word' id='word_1_403' title='bbox 1394 3579 1599 3647; x_wconf 80' lang='lat' dir='ltr'><strong>ingenti</strong></span> <span class='ocrx_word' id='word_1_404' title='bbox 1646 3583 1994 3652; x_wconf 77' lang='lat' dir='ltr'><strong>negligentia,</strong></span> 
     </span>
    </p>
   </div>
   <div class='ocr_carea' id='block_1_57' title="bbox 427 3658 1993 3733">
    <p class='ocr_par' dir='ltr' id='par_1_57' title="bbox 427 3658 1993 3733">
     <span class='ocr_line' id='line_1_57' title="bbox 427 3658 1993 3733; baseline 0.012 -23"><span class='ocrx_word' id='word_1_405' title='bbox 427 3666 483 3710; x_wconf 87' lang='lat' dir='ltr'><strong>et</strong></span> <span class='ocrx_word' id='word_1_406' title='bbox 514 3658 823 3713; x_wconf 80' lang='lat' dir='ltr'><strong>divinorum</strong></span> <span class='ocrx_word' id='word_1_407' title='bbox 865 3671 1266 3733; x_wconf 67' lang='lat' dir='ltr'><strong>praeceptorum</strong></span> <span class='ocrx_word' id='word_1_408' title='bbox 1308 3666 1603 3733; x_wconf 88' lang='lat' dir='ltr'><strong>oblivione,</strong></span> <span class='ocrx_word' id='word_1_409' title='bbox 1638 3672 1737 3725; x_wconf 93' lang='lat' dir='ltr'><strong>tibi</strong></span> <span class='ocrx_word' id='word_1_410' title='bbox 1774 3673 1993 3729; x_wconf 82' lang='lat' dir='ltr'><strong>ell&#39;odiat</strong></span> 
     </span>
    </p>
   </div>
   <div class='ocr_carea' id='block_1_58' title="bbox 431 3751 1995 3829">
    <p class='ocr_par' dir='ltr' id='par_1_58' title="bbox 431 3751 1995 3829">
     <span class='ocr_line' id='line_1_58' title="bbox 431 3751 1995 3829; baseline 0.013 -30"><span class='ocrx_word' id='word_1_411' title='bbox 431 3751 630 3803; x_wconf 87' lang='lat' dir='ltr'><strong>mentis</strong></span> <span class='ocrx_word' id='word_1_412' title='bbox 697 3752 937 3818; x_wconf 89' lang='lat' dir='ltr'><strong>oculum,</strong></span> <span class='ocrx_word' id='word_1_413' title='bbox 1004 3769 1333 3826; x_wconf 88' lang='lat' dir='ltr'><strong>omnemque</strong></span> <span class='ocrx_word' id='word_1_414' title='bbox 1391 3761 1775 3829; x_wconf 80' lang='lat' dir='ltr'><strong>cogitationem</strong></span> <span class='ocrx_word' id='word_1_415' title='bbox 1842 3764 1995 3819; x_wconf 78' lang='lat' dir='ltr'><strong>indu-</strong></span> 
     </span>
    </p>
   </div>
   <div class='ocr_carea' id='block_1_59' title="bbox 428 3836 1993 3913">
    <p class='ocr_par' dir='ltr' id='par_1_59' title="bbox 428 3836 1993 3913">
     <span class='ocr_line' id='line_1_59' title="bbox 428 3836 1993 3913; baseline 0.015 -26"><span class='ocrx_word' id='word_1_416' title='bbox 428 3836 657 3901; x_wconf 33' lang='lat' dir='ltr'><strong>striam“</strong></span> <span class='ocrx_word' id='word_1_417' title='bbox 692 3853 758 3892; x_wconf 82' lang='lat' dir='ltr'><strong>ex</strong></span> <span class='ocrx_word' id='word_1_418' title='bbox 815 3855 921 3908; x_wconf 89' lang='lat' dir='ltr'><strong>qua</strong></span> <span class='ocrx_word' id='word_1_419' title='bbox 968 3843 1195 3898; x_wconf 90' lang='lat' dir='ltr'><strong>omnino</strong></span> <span class='ocrx_word' id='word_1_420' title='bbox 1258 3849 1511 3913; x_wconf 79' lang='lat' dir='ltr'><strong>quaelibet</strong></span> <span class='ocrx_word' id='word_1_421' title='bbox 1569 3853 1714 3907; x_wconf 90' lang='lat' dir='ltr'><strong>actio</strong></span> <span class='ocrx_word' id='word_1_422' title='bbox 1770 3855 1993 3910; x_wconf 80' lang='lat' dir='ltr'><strong>dextera</strong></span> 
     </span>
    </p>
   </div>
   <div class='ocr_carea' id='block_1_60' title="bbox 428 3932 1996 4003">
    <p class='ocr_par' dir='ltr' id='par_1_60' title="bbox 428 3932 1996 4003">
     <span class='ocr_line' id='line_1_60' title="bbox 428 3932 1996 4003; baseline 0.015 -24"><span class='ocrx_word' id='word_1_423' title='bbox 428 3936 671 3996; x_wconf 85' lang='lat' dir='ltr'><strong>tempore</strong></span> <span class='ocrx_word' id='word_1_424' title='bbox 701 3932 988 3984; x_wconf 86' lang='lat' dir='ltr'><strong>commodo</strong></span> <span class='ocrx_word' id='word_1_425' title='bbox 1047 3941 1326 4000; x_wconf 85' lang='lat' dir='ltr'><strong>nascetur,</strong></span> <span class='ocrx_word' id='word_1_426' title='bbox 1386 3940 1540 3993; x_wconf 89' lang='lat' dir='ltr'><strong>tollat</strong></span> <span class='ocrx_word' id='word_1_427' title='bbox 1586 3957 1618 3995; x_wconf 92' lang='lat' dir='ltr'><strong>e</strong></span> <span class='ocrx_word' id='word_1_428' title='bbox 1662 3944 1861 3999; x_wconf 88' lang='lat' dir='ltr'><strong>medio.</strong></span> <span class='ocrx_word' id='word_1_429' title='bbox 1895 3945 1996 4003; x_wconf 88' lang='lat' dir='ltr'><strong>Hic</strong></span> 
     </span>
    </p>
   </div>
   <div class='ocr_carea' id='block_1_61' title="bbox 428 4022 1995 4105">
    <p class='ocr_par' dir='ltr' id='par_1_61' title="bbox 428 4022 1995 4105">
     <span class='ocr_line' id='line_1_61' title="bbox 428 4022 1995 4105; baseline 0.015 -37"><span class='ocrx_word' id='word_1_430' title='bbox 428 4024 608 4070; x_wconf 91' lang='lat' dir='ltr'><strong>autem</strong></span> <span class='ocrx_word' id='word_1_431' title='bbox 638 4026 722 4072; x_wconf 92' lang='lat' dir='ltr'><strong>est</strong></span> <span class='ocrx_word' id='word_1_432' title='bbox 753 4034 986 4087; x_wconf 88' lang='lat' dir='ltr'><strong>serpens</strong></span> <span class='ocrx_word' id='word_1_433' title='bbox 1017 4022 1425 4082; x_wconf 86' lang='lat' dir='ltr'><strong>intellectualis.</strong></span> <span class='ocrx_word' id='word_1_434' title='bbox 1456 4028 1602 4086; x_wconf 83' lang='lat' dir='ltr'><strong>Naas</strong></span> <span class='ocrx_word' id='word_1_435' title='bbox 1644 4035 1847 4105; x_wconf 90' lang='lat' dir='ltr'><strong>quippe</strong></span> <span class='ocrx_word' id='word_1_436' title='bbox 1878 4052 1995 4093; x_wconf 88' lang='lat' dir='ltr'><strong>ser-</strong></span> 
     </span>
    </p>
   </div>
   <div class='ocr_carea' id='block_1_62' title="bbox 427 4108 1995 4191">
    <p class='ocr_par' dir='ltr' id='par_1_62' title="bbox 427 4108 1995 4191">
     <span class='ocr_line' id='line_1_62' title="bbox 427 4108 1995 4191; baseline 0.015 -33"><span class='ocrx_word' id='word_1_437' title='bbox 427 4114 644 4174; x_wconf 91' lang='lat' dir='ltr'><strong>pentem</strong></span> <span class='ocrx_word' id='word_1_438' title='bbox 682 4108 977 4180; x_wconf 82' lang='lat' dir='ltr'><strong>signiﬁcat,</strong></span> <span class='ocrx_word' id='word_1_439' title='bbox 1035 4114 1127 4181; x_wconf 87' lang='lat' dir='ltr'><strong>qui</strong></span> <span class='ocrx_word' id='word_1_440' title='bbox 1164 4113 1424 4174; x_wconf 84' lang='lat' dir='ltr'><strong>lsraelitis</strong></span> <span class='ocrx_word' id='word_1_441' title='bbox 1471 4121 1766 4191; x_wconf 86' lang='lat' dir='ltr'><strong>aliquando</strong></span> <span class='ocrx_word' id='word_1_442' title='bbox 1818 4128 1995 4181; x_wconf 84' lang='lat' dir='ltr'><strong>mina-</strong></span> 
     </span>
    </p>
   </div>
   <div class='ocr_carea' id='block_1_63' title="bbox 428 4200 1994 4273">
    <p class='ocr_par' dir='ltr' id='par_1_63' title="bbox 428 4200 1994 4273">
     <span class='ocr_line' id='line_1_63' title="bbox 428 4200 1994 4273; baseline 0.015 -23"><span class='ocrx_word' id='word_1_443' title='bbox 428 4206 516 4251; x_wconf 90' lang='lat' dir='ltr'><strong>tus</strong></span> <span class='ocrx_word' id='word_1_444' title='bbox 544 4209 644 4260; x_wconf 91' lang='lat' dir='ltr'><strong>est,</strong></span> <span class='ocrx_word' id='word_1_445' title='bbox 684 4214 744 4256; x_wconf 88' lang='lat' dir='ltr'><strong>se</strong></span> <span class='ocrx_word' id='word_1_446' title='bbox 776 4200 1029 4256; x_wconf 81' lang='lat' dir='ltr'><strong>dextrum</strong></span> <span class='ocrx_word' id='word_1_447' title='bbox 1071 4219 1262 4260; x_wconf 89' lang='lat' dir='ltr'><strong>eorum</strong></span> <span class='ocrx_word' id='word_1_448' title='bbox 1305 4211 1547 4265; x_wconf 90' lang='lat' dir='ltr'><strong>omnium</strong></span> <span class='ocrx_word' id='word_1_449' title='bbox 1578 4215 1797 4269; x_wconf 93' lang='lat' dir='ltr'><strong>oculum</strong></span> <span class='ocrx_word' id='word_1_450' title='bbox 1833 4217 1994 4273; x_wconf 80' lang='lat' dir='ltr'><strong>eﬂ‘os-</strong></span> 
     </span>
    </p>
   </div>
   <div class='ocr_carea' id='block_1_64' title="bbox 2283 1928 3507 2004">
    <p class='ocr_par' dir='ltr' id='par_1_64' title="bbox 2283 1928 3507 2004">
     <span class='ocr_line' id='line_1_64' title="bbox 2283 1928 3507 2004; baseline 0.008 -23"><span class='ocrx_word' id='word_1_451' title='bbox 2283 1928 2439 1995; x_wconf 62' lang='grc' dir='ltr'>ΡιιΖκ</span> <span class='ocrx_word' id='word_1_452' title='bbox 2487 1958 2555 1970; x_wconf 92' lang='lat'><strong>-—</strong></span> <span class='ocrx_word' id='word_1_453' title='bbox 2596 1930 2987 2004; x_wconf 78' lang='grc' dir='ltr'><strong>ΣΥΜΠΛῘΚΙῼ</strong></span> <span class='ocrx_word' id='word_1_454' title='bbox 3044 1935 3507 1993; x_wconf 82' lang='grc' dir='ltr'><strong>ΕΚΣΚΕΠΤΩΡΙ.</strong></span> 
     </span>
    </p>
   </div>
   <div class='ocr_carea' id='block_1_65' title="bbox 2186 2017 3693 2093">
    <p class='ocr_par' dir='ltr' id='par_1_65' title="bbox 2186 2017 3693 2093">
     <span class='ocr_line' id='line_1_65' title="bbox 2186 2017 3693 2093; baseline 0.009 -25"><span class='ocrx_word' id='word_1_455' title='bbox 2186 2017 2305 2070; x_wconf 86' lang='grc' dir='ltr'><strong>Ὅτι</strong></span> <span class='ocrx_word' id='word_1_456' title='bbox 2330 2017 2509 2088; x_wconf 81' lang='grc' dir='ltr'>μέλλει</span> <span class='ocrx_word' id='word_1_457' title='bbox 2542 2020 2775 2090; x_wconf 81' lang='grc' dir='ltr'>Χριστὸς</span> <span class='ocrx_word' id='word_1_458' title='bbox 2810 2023 2918 2075; x_wconf 79' lang='grc' dir='ltr'><strong>ὑπὸ</strong></span> <span class='ocrx_word' id='word_1_459' title='bbox 2957 2023 3053 2093; x_wconf 84' lang='grc' dir='ltr'><strong>τῆς</strong></span> <span class='ocrx_word' id='word_1_460' title='bbox 3093 2024 3200 2079; x_wconf 87' lang='grc' dir='ltr'><strong>τῶν</strong></span> <span class='ocrx_word' id='word_1_461' title='bbox 3252 2026 3520 2081; x_wconf 79' lang='grc' dir='ltr'><strong>Ἰουδαίων</strong></span> <span class='ocrx_word' id='word_1_462' title='bbox 3570 2045 3693 2082; x_wconf 84' lang='grc' dir='ltr'>συν-</span> 
     </span>
    </p>
   </div>
   <div class='ocr_carea' id='block_1_66' title="bbox 2110 2108 3693 2188">
    <p class='ocr_par' dir='ltr' id='par_1_66' title="bbox 2110 2108 3693 2188">
     <span class='ocr_line' id='line_1_66' title="bbox 2110 2108 3693 2188; baseline 0.009 -29"><span class='ocrx_word' id='word_1_463' title='bbox 2110 2108 2334 2175; x_wconf 82' lang='grc' dir='ltr'>αγωγῆς</span> <span class='ocrx_word' id='word_1_464' title='bbox 2374 2109 2638 2173; x_wconf 80' lang='grc' dir='ltr'>ἀκάνθαις</span> <span class='ocrx_word' id='word_1_465' title='bbox 2687 2114 3112 2181; x_wconf 81' lang='grc' dir='ltr'>στεφανοῦσθαι,</span> <span class='ocrx_word' id='word_1_466' title='bbox 3164 2117 3463 2188; x_wconf 79' lang='grc' dir='ltr'>προείρηκε</span> <span class='ocrx_word' id='word_1_467' title='bbox 3535 2119 3693 2173; x_wconf 85' lang='grc' dir='ltr'>Σολο-</span> 
     </span>
    </p>
   </div>
   <div class='ocr_carea' id='block_1_67' title="bbox 2114 2196 3689 2273">
    <p class='ocr_par' dir='ltr' id='par_1_67' title="bbox 2114 2196 3689 2273">
     <span class='ocr_line' id='line_1_67' title="bbox 2114 2196 3689 2273; baseline 0.008 -24"><span class='ocrx_word' id='word_1_468' title='bbox 2114 2196 2268 2266; x_wconf 72' lang='grc' dir='ltr'>μώνο</span> <span class='ocrx_word' id='word_1_469' title='bbox 2295 2198 2604 2270; x_wconf 80' lang='grc' dir='ltr'>Θυγατέρες</span> <span class='ocrx_word' id='word_1_470' title='bbox 2660 2202 3034 2273; x_wconf 87' lang='grc' dir='ltr'>Ἰερουσαλὴμ,</span> <span class='ocrx_word' id='word_1_471' title='bbox 3088 2205 3351 2270; x_wconf 84' lang='grc' dir='ltr'>ἐξέλθετε,</span> <span class='ocrx_word' id='word_1_472' title='bbox 3398 2208 3493 2260; x_wconf 77' lang='grc' dir='ltr'>καὶ</span> <span class='ocrx_word' id='word_1_473' title='bbox 3549 2207 3689 2264; x_wconf 76' lang='grc' dir='ltr'>ἴδετε</span> 
     </span>
    </p>
   </div>
   <div class='ocr_carea' id='block_1_68' title="bbox 2107 2289 3685 2369">
    <p class='ocr_par' dir='ltr' id='par_1_68' title="bbox 2107 2289 3685 2369">
     <span class='ocr_line' id='line_1_68' title="bbox 2107 2289 3685 2369; baseline 0.008 -28"><span class='ocrx_word' id='word_1_474' title='bbox 2107 2289 2200 2341; x_wconf 86' lang='grc' dir='ltr'>τὸν</span> <span class='ocrx_word' id='word_1_475' title='bbox 2234 2290 2513 2358; x_wconf 86' lang='grc' dir='ltr'>στέφανον,</span> <span class='ocrx_word' id='word_1_476' title='bbox 2534 2292 2592 2344; x_wconf 85' lang='grc' dir='ltr'>ὃν</span> <span class='ocrx_word' id='word_1_477' title='bbox 2614 2294 2988 2360; x_wconf 81' lang='grc' dir='ltr'>ἐστεφάνωσεν</span> <span class='ocrx_word' id='word_1_478' title='bbox 3013 2295 3171 2349; x_wconf 82' lang='grc' dir='ltr'>αὑτὸν</span> <span class='ocrx_word' id='word_1_479' title='bbox 3198 2298 3230 2367; x_wconf 85' lang='grc' dir='ltr'><strong>ή</strong></span> <span class='ocrx_word' id='word_1_480' title='bbox 3271 2300 3455 2369; x_wconf 80' lang='grc' dir='ltr'>μήτηρ</span> <span class='ocrx_word' id='word_1_481' title='bbox 3493 2300 3685 2354; x_wconf 77' lang='grc' dir='ltr'>αὐτοῦ.</span> 
     </span>
    </p>
   </div>
   <div class='ocr_carea' id='block_1_69' title="bbox 2120 2378 3686 2461">
    <p class='ocr_par' dir='ltr' id='par_1_69' title="bbox 2120 2378 3686 2461">
     <span class='ocr_line' id='line_1_69' title="bbox 2120 2378 3686 2461; baseline 0.009 -29"><span class='ocrx_word' id='word_1_482' title='bbox 2120 2381 2336 2451; x_wconf 83' lang='grc' dir='ltr'>Ἐπειδὴ</span> <span class='ocrx_word' id='word_1_483' title='bbox 2360 2378 2453 2434; x_wconf 83' lang='grc' dir='ltr'>οὖν</span> <span class='ocrx_word' id='word_1_484' title='bbox 2493 2383 2710 2436; x_wconf 87' lang='grc' dir='ltr'>πάντων</span> <span class='ocrx_word' id='word_1_485' title='bbox 2747 2385 2845 2448; x_wconf 85' lang='grc' dir='ltr'>τὰς</span> <span class='ocrx_word' id='word_1_486' title='bbox 2894 2387 3168 2457; x_wconf 84' lang='grc' dir='ltr'>ἁμαρτίας</span> <span class='ocrx_word' id='word_1_487' title='bbox 3204 2384 3336 2459; x_wconf 77' lang='grc' dir='ltr'>ἦρεν</span> <span class='ocrx_word' id='word_1_488' title='bbox 3382 2393 3410 2443; x_wconf 89' lang='lat'><strong>6</strong></span> <span class='ocrx_word' id='word_1_489' title='bbox 3458 2391 3686 2461; x_wconf 78' lang='grc' dir='ltr'>Κύριος,</span> 
     </span>
    </p>
   </div>
   <div class='ocr_carea' id='block_1_70' title="bbox 2107 2469 3683 2545">
    <p class='ocr_par' dir='ltr' id='par_1_70' title="bbox 2107 2469 3683 2545">
     <span class='ocr_line' id='line_1_70' title="bbox 2107 2469 3683 2545; baseline 0.007 -23"><span class='ocrx_word' id='word_1_490' title='bbox 2107 2469 2373 2540; x_wconf 79' lang='grc' dir='ltr'>σὺμὸολον</span> <span class='ocrx_word' id='word_1_491' title='bbox 2410 2473 2466 2525; x_wconf 86' lang='grc' dir='ltr'>δὲ</span> <span class='ocrx_word' id='word_1_492' title='bbox 2497 2475 2766 2543; x_wconf 83' lang='grc' dir='ltr'>ἁμαρτίας</span> <span class='ocrx_word' id='word_1_493' title='bbox 2803 2477 2837 2545; x_wconf 80' lang='grc' dir='ltr'>ἡ</span> <span class='ocrx_word' id='word_1_494' title='bbox 2874 2477 3103 2542; x_wconf 78' lang='grc' dir='ltr'>ἄκανθα,</span> <span class='ocrx_word' id='word_1_495' title='bbox 3127 2479 3214 2532; x_wconf 83' lang='grc' dir='ltr'>διὰ</span> <span class='ocrx_word' id='word_1_496' title='bbox 3269 2481 3426 2534; x_wconf 82' lang='grc' dir='ltr'>τοῦτο</span> <span class='ocrx_word' id='word_1_497' title='bbox 3452 2481 3683 2535; x_wconf 82' lang='grc' dir='ltr'>ἀκάνθι-</span> 
     </span>
    </p>
   </div>
   <div class='ocr_carea' id='block_1_71' title="bbox 2104 2563 3681 2641">
    <p class='ocr_par' dir='ltr' id='par_1_71' title="bbox 2104 2563 3681 2641">
     <span class='ocr_line' id='line_1_71' title="bbox 2104 2563 3681 2641; baseline 0.006 -26"><span class='ocrx_word' id='word_1_498' title='bbox 2104 2580 2194 2615; x_wconf 93' lang='grc' dir='ltr'><strong>νον</strong></span> <span class='ocrx_word' id='word_1_499' title='bbox 2227 2563 2509 2634; x_wconf 82' lang='grc' dir='ltr'>περιεδὲθη</span> <span class='ocrx_word' id='word_1_500' title='bbox 2550 2564 2829 2634; x_wconf 84' lang='grc' dir='ltr'>στέφανον.</span> <span class='ocrx_word' id='word_1_501' title='bbox 2862 2567 3138 2621; x_wconf 82' lang='grc' dir='ltr'>Τέθαπται</span> <span class='ocrx_word' id='word_1_502' title='bbox 3183 2569 3239 2623; x_wconf 85' lang='grc' dir='ltr'>δὲ</span> <span class='ocrx_word' id='word_1_503' title='bbox 3291 2572 3370 2634; x_wconf 80' lang='grc' dir='ltr'>εἰς</span> <span class='ocrx_word' id='word_1_504' title='bbox 3421 2570 3522 2641; x_wconf 83' lang='grc' dir='ltr'>τὴν</span> <span class='ocrx_word' id='word_1_505' title='bbox 3575 2572 3681 2641; x_wconf 82' lang='grc' dir='ltr'>γῆν</span> 
     </span>
    </p>
   </div>
   <div class='ocr_carea' id='block_1_72' title="bbox 2102 2651 3682 2731">
    <p class='ocr_par' dir='ltr' id='par_1_72' title="bbox 2102 2651 3682 2731">
     <span class='ocr_line' id='line_1_72' title="bbox 2102 2651 3682 2731; baseline 0.006 -28"><span class='ocrx_word' id='word_1_506' title='bbox 2102 2651 2201 2721; x_wconf 86' lang='grc' dir='ltr'>τὴν</span> <span class='ocrx_word' id='word_1_507' title='bbox 2231 2653 2718 2707; x_wconf 81' lang='grc' dir='ltr'>καταδικασθεῖσαν</span> <span class='ocrx_word' id='word_1_508' title='bbox 2745 2655 2998 2725; x_wconf 83' lang='grc' dir='ltr'>ἐκφέρειν</span> <span class='ocrx_word' id='word_1_509' title='bbox 3035 2658 3299 2719; x_wconf 78' lang='grc' dir='ltr'>,ἀκάνθας</span> <span class='ocrx_word' id='word_1_510' title='bbox 3354 2661 3448 2711; x_wconf 80' lang='grc' dir='ltr'>καὶ</span> <span class='ocrx_word' id='word_1_511' title='bbox 3494 2661 3682 2731; x_wconf 76' lang='grc' dir='ltr'>τριϐό-</span> 
     </span>
    </p>
   </div>
   <div class='ocr_carea' id='block_1_73' title="bbox 2101 2737 3679 2818">
    <p class='ocr_par' dir='ltr' id='par_1_73' title="bbox 2101 2737 3679 2818">
     <span class='ocr_line' id='line_1_73' title="bbox 2101 2737 3679 2818; baseline 0.008 -29"><span class='ocrx_word' id='word_1_512' title='bbox 2101 2737 2244 2801; x_wconf 89' lang='grc' dir='ltr'>λους,</span> <span class='ocrx_word' id='word_1_513' title='bbox 2278 2740 2344 2791; x_wconf 82' lang='grc' dir='ltr'><strong>ἶν’</strong></span> <span class='ocrx_word' id='word_1_514' title='bbox 2375 2739 2638 2811; x_wconf 80' lang='grc' dir='ltr'>εὺλογηθῇ</span> <span class='ocrx_word' id='word_1_515' title='bbox 2665 2744 2697 2811; x_wconf 90' lang='grc' dir='ltr'><strong>ή</strong></span> <span class='ocrx_word' id='word_1_516' title='bbox 2725 2746 3163 2815; x_wconf 84' lang='grc' dir='ltr'>κεκατηραμένη.</span> <span class='ocrx_word' id='word_1_517' title='bbox 3194 2744 3407 2818; x_wconf 76' lang='grc' dir='ltr'>Ἐπειδὴ</span> <span class='ocrx_word' id='word_1_518' title='bbox 3429 2748 3487 2801; x_wconf 83' lang='grc' dir='ltr'><strong>δέ</strong></span> <span class='ocrx_word' id='word_1_519' title='bbox 3504 2748 3679 2816; x_wconf 82' lang='grc' dir='ltr'>φύλλα</span> 
     </span>
    </p>
   </div>
   <div class='ocr_carea' id='block_1_74' title="bbox 2103 2824 3676 2907">
    <p class='ocr_par' dir='ltr' id='par_1_74' title="bbox 2103 2824 3676 2907">
     <span class='ocr_line' id='line_1_74' title="bbox 2103 2824 3676 2907; baseline 0.008 -31"><span class='ocrx_word' id='word_1_520' title='bbox 2103 2824 2274 2892; x_wconf 78' lang='grc' dir='ltr'>συκῆς</span> <span class='ocrx_word' id='word_1_521' title='bbox 2301 2827 2347 2877; x_wconf 88' lang='grc' dir='ltr'><strong>οί</strong></span> <span class='ocrx_word' id='word_1_522' title='bbox 2385 2828 2791 2896; x_wconf 83' lang='grc' dir='ltr'>πρωτόπλαστοι</span> <span class='ocrx_word' id='word_1_523' title='bbox 2832 2830 3184 2902; x_wconf 85' lang='grc' dir='ltr'>ἁμαρτῶντες</span> <span class='ocrx_word' id='word_1_524' title='bbox 3241 2835 3676 2907; x_wconf 77' lang='grc' dir='ltr'>περιεϐάλλοντο,</span> 
     </span>
    </p>
   </div>
   <div class='ocr_carea' id='block_1_75' title="bbox 2101 2914 3673 2999">
    <p class='ocr_par' dir='ltr' id='par_1_75' title="bbox 2101 2914 3673 2999">
     <span class='ocr_line' id='line_1_75' title="bbox 2101 2914 3673 2999; baseline 0.01 -32"><span class='ocrx_word' id='word_1_525' title='bbox 2101 2916 2188 2969; x_wconf 84' lang='grc' dir='ltr'>διὰ</span> <span class='ocrx_word' id='word_1_526' title='bbox 2212 2914 2370 2969; x_wconf 83' lang='grc' dir='ltr'>τοῦτο</span> <span class='ocrx_word' id='word_1_527' title='bbox 2421 2919 2548 2990; x_wconf 81' lang='grc' dir='ltr'>περὶ</span> <span class='ocrx_word' id='word_1_528' title='bbox 2600 2919 2660 2972; x_wconf 84' lang='grc' dir='ltr'>τὸ</span> <span class='ocrx_word' id='word_1_529' title='bbox 2718 2921 2889 2983; x_wconf 87' lang='grc' dir='ltr'>πάθος</span> <span class='ocrx_word' id='word_1_530' title='bbox 2938 2923 3081 2991; x_wconf 83' lang='grc' dir='ltr'>λέγει</span> <span class='ocrx_word' id='word_1_531' title='bbox 3129 2926 3262 2995; x_wconf 70' lang='grc' dir='ltr'>πρὸς</span> <span class='ocrx_word' id='word_1_532' title='bbox 3304 2928 3404 2996; x_wconf 81' lang='grc' dir='ltr'><strong>τήν</strong></span> <span class='ocrx_word' id='word_1_533' title='bbox 3467 2929 3673 2999; x_wconf 59' lang='grc' dir='ltr'>συκῆν</span> 
     </span>
    </p>
   </div>
   <div class='ocr_carea' id='block_1_76' title="bbox 2109 3010 3675 3089">
    <p class='ocr_par' dir='ltr' id='par_1_76' title="bbox 2109 3010 3675 3089">
     <span class='ocr_line' id='line_1_76' title="bbox 2109 3010 3675 3089; baseline 0.01 -30"><span class='ocrx_word' id='word_1_534' title='bbox 2109 3026 2127 3059; x_wconf 82' lang='grc' dir='ltr'><strong>ι</strong></span> <span class='ocrx_word' id='word_1_535' title='bbox 2162 3010 2374 3079; x_wconf 81' lang='grc' dir='ltr'><strong>Μηκέτι</strong></span> <span class='ocrx_word' id='word_1_536' title='bbox 2399 3010 2463 3063; x_wconf 85' lang='grc' dir='ltr'><strong>ἐκ</strong></span> <span class='ocrx_word' id='word_1_537' title='bbox 2490 3010 2583 3063; x_wconf 83' lang='grc' dir='ltr'>σοῦ</span> <span class='ocrx_word' id='word_1_538' title='bbox 2616 3016 2823 3082; x_wconf 82' lang='grc' dir='ltr'>καρπὸς</span> <span class='ocrx_word' id='word_1_539' title='bbox 2852 3013 3076 3085; x_wconf 85' lang='grc' dir='ltr'>γένηται</span> <span class='ocrx_word' id='word_1_540' title='bbox 3107 3032 3122 3049; x_wconf 89' lang='grc'><strong>·</strong></span> <span class='ocrx_word' id='word_1_541' title='bbox 3154 3035 3172 3068; x_wconf 72' lang='grc' dir='ltr'><strong>ι</strong></span> <span class='ocrx_word' id='word_1_542' title='bbox 3218 3018 3338 3071; x_wconf 77' lang='grc' dir='ltr'>ἀντὶ</span> <span class='ocrx_word' id='word_1_543' title='bbox 3366 3019 3460 3071; x_wconf 80' lang='grc' dir='ltr'>τοῦ</span> <span class='ocrx_word' id='word_1_544' title='bbox 3490 3036 3506 3051; x_wconf 84' lang='grc'><em>’</em></span> <span class='ocrx_word' id='word_1_545' title='bbox 3550 3022 3675 3089; x_wconf 84' lang='grc' dir='ltr'><strong>Μη-</strong></span> 
     </span>
    </p>
   </div>
   <div class='ocr_carea' id='block_1_77' title="bbox 2099 3103 3237 3177">
    <p class='ocr_par' dir='ltr' id='par_1_77' title="bbox 2099 3103 3237 3177">
     <span class='ocr_line' id='line_1_77' title="bbox 2099 3103 3237 3177; baseline 0.006 -23"><span class='ocrx_word' id='word_1_546' title='bbox 2099 3105 2215 3155; x_wconf 84' lang='grc' dir='ltr'>κέτι</span> <span class='ocrx_word' id='word_1_547' title='bbox 2235 3105 2292 3155; x_wconf 80' lang='grc' dir='ltr'><strong>ἐν</strong></span> <span class='ocrx_word' id='word_1_548' title='bbox 2316 3103 2623 3174; x_wconf 86' lang='grc' dir='ltr'>παραδείσῳ</span> <span class='ocrx_word' id='word_1_549' title='bbox 2650 3103 2887 3170; x_wconf 82' lang='grc' dir='ltr'>γενέσθω</span> <span class='ocrx_word' id='word_1_550' title='bbox 2911 3107 3237 3177; x_wconf 77' lang='grc' dir='ltr'>παράϐασις.</span> 
     </span>
    </p>
   </div>
   <div class='ocr_carea' id='block_1_78' title="bbox 2306 3193 3459 3264">
    <p class='ocr_par' dir='ltr' id='par_1_78' title="bbox 2306 3193 3459 3264">
     <span class='ocr_line' id='line_1_78' title="bbox 2306 3193 3459 3264; baseline 0.007 -20"><span class='ocrx_word' id='word_1_551' title='bbox 2306 3193 2476 3259; x_wconf 66' lang='grc' dir='ltr'><strong>ΡῌΡ.</strong></span> <span class='ocrx_word' id='word_1_552' title='bbox 2510 3221 2578 3233; x_wconf 89' lang='grc'><strong>--</strong></span> <span class='ocrx_word' id='word_1_553' title='bbox 2606 3193 2975 3264; x_wconf 79' lang='grc' dir='ltr'><strong>ΝΟΥΜΗΝΙῼ</strong></span> <span class='ocrx_word' id='word_1_554' title='bbox 3002 3196 3459 3253; x_wconf 79' lang='grc' dir='ltr'><strong>ΠΡΩΤΕΥΟΝΤΙ.</strong></span> 
     </span>
    </p>
   </div>
   <div class='ocr_carea' id='block_1_79' title="bbox 2169 3304 3664 3377">
    <p class='ocr_par' dir='ltr' id='par_1_79' title="bbox 2169 3304 3664 3377">
     <span class='ocr_line' id='line_1_79' title="bbox 2169 3304 3664 3377; baseline 0.005 -20"><span class='ocrx_word' id='word_1_555' title='bbox 2169 3304 2461 3368; x_wconf 78' lang='grc' dir='ltr'>Λανθάνεις</span> <span class='ocrx_word' id='word_1_556' title='bbox 2495 3308 2687 3359; x_wconf 85' lang='grc' dir='ltr'>σαυτὸν</span> <span class='ocrx_word' id='word_1_557' title='bbox 2710 3307 3118 3377; x_wconf 80' lang='grc' dir='ltr'>ἐνεδρευόμενος</span> <span class='ocrx_word' id='word_1_558' title='bbox 3150 3308 3254 3361; x_wconf 78' lang='grc' dir='ltr'><strong>ὑπὸ</strong></span> <span class='ocrx_word' id='word_1_559' title='bbox 3276 3306 3371 3361; x_wconf 84' lang='grc' dir='ltr'>τοῦ</span> <span class='ocrx_word' id='word_1_560' title='bbox 3394 3307 3664 3364; x_wconf 76' lang='grc' dir='ltr'>διαϐόλου.</span> 
     </span>
    </p>
   </div>
   <div class='ocr_carea' id='block_1_80' title="bbox 2096 3394 3671 3468">
    <p class='ocr_par' dir='ltr' id='par_1_80' title="bbox 2096 3394 3671 3468">
     <span class='ocr_line' id='line_1_80' title="bbox 2096 3394 3671 3468; baseline 0.003 -23"><span class='ocrx_word' id='word_1_561' title='bbox 2096 3394 2267 3456; x_wconf 70' lang='grc' dir='ltr'>Αὐτὸς</span> <span class='ocrx_word' id='word_1_562' title='bbox 2302 3394 2411 3464; x_wconf 86' lang='grc' dir='ltr'><strong>γάρ</strong></span> <span class='ocrx_word' id='word_1_563' title='bbox 2442 3412 2525 3447; x_wconf 89' lang='grc' dir='ltr'><strong>σοι</strong></span> <span class='ocrx_word' id='word_1_564' title='bbox 2560 3396 2870 3448; x_wconf 85' lang='grc' dir='ltr'>ὑποτίθεται</span> <span class='ocrx_word' id='word_1_565' title='bbox 2902 3395 2991 3449; x_wconf 87' lang='grc' dir='ltr'>διὰ</span> <span class='ocrx_word' id='word_1_566' title='bbox 3017 3397 3124 3449; x_wconf 90' lang='grc' dir='ltr'><strong>τῶν</strong></span> <span class='ocrx_word' id='word_1_567' title='bbox 3156 3396 3446 3465; x_wconf 83' lang='grc' dir='ltr'>ἐνθυμιῶν,</span> <span class='ocrx_word' id='word_1_568' title='bbox 3505 3397 3671 3468; x_wconf 81' lang='grc' dir='ltr'>μηδὲν</span> 
     </span>
    </p>
   </div>
   <div class='ocr_carea' id='block_1_81' title="bbox 2098 3485 3668 3558">
    <p class='ocr_par' dir='ltr' id='par_1_81' title="bbox 2098 3485 3668 3558">
     <span class='ocr_line' id='line_1_81' title="bbox 2098 3485 3668 3558; baseline 0.003 -22"><span class='ocrx_word' id='word_1_569' title='bbox 2098 3485 2328 3552; x_wconf 84' lang='grc' dir='ltr'>πάμπαν</span> <span class='ocrx_word' id='word_1_570' title='bbox 2372 3485 2691 3552; x_wconf 81' lang='grc' dir='ltr'>ὠφελεῖσθαι</span> <span class='ocrx_word' id='word_1_571' title='bbox 2748 3487 2811 3538; x_wconf 82' lang='grc' dir='ltr'><strong>ἐκ</strong></span> <span class='ocrx_word' id='word_1_572' title='bbox 2875 3486 2973 3551; x_wconf 84' lang='grc' dir='ltr'>τῆς</span> <span class='ocrx_word' id='word_1_573' title='bbox 3005 3486 3380 3553; x_wconf 85' lang='grc' dir='ltr'>ἀναγνώσεως,</span> <span class='ocrx_word' id='word_1_574' title='bbox 3426 3487 3574 3550; x_wconf 84' lang='grc' dir='ltr'>ὅπως</span> <span class='ocrx_word' id='word_1_575' title='bbox 3600 3490 3668 3558; x_wconf 78' lang='grc' dir='ltr'>τῇ</span> 
     </span>
    </p>
   </div>
   <div class='ocr_carea' id='block_1_82' title="bbox 2097 3574 3661 3647">
    <p class='ocr_par' dir='ltr' id='par_1_82' title="bbox 2097 3574 3661 3647">
     <span class='ocr_line' id='line_1_82' title="bbox 2097 3574 3661 3647; baseline 0.004 -22"><span class='ocrx_word' id='word_1_576' title='bbox 2097 3574 2262 3643; x_wconf 82' lang='grc' dir='ltr'>πολλῇ</span> <span class='ocrx_word' id='word_1_577' title='bbox 2307 3575 2553 3644; x_wconf 76' lang='grc' dir='ltr'>ἀμελείᾳ,</span> <span class='ocrx_word' id='word_1_578' title='bbox 2578 3577 2671 3628; x_wconf 75' lang='grc' dir='ltr'>καὶ</span> <span class='ocrx_word' id='word_1_579' title='bbox 2703 3578 2768 3645; x_wconf 84' lang='grc' dir='ltr'>τῇ</span> <span class='ocrx_word' id='word_1_580' title='bbox 2808 3575 2944 3645; x_wconf 82' lang='grc' dir='ltr'>λήθῃ</span> <span class='ocrx_word' id='word_1_581' title='bbox 2968 3575 3075 3628; x_wconf 85' lang='grc' dir='ltr'><strong>τῶν</strong></span> <span class='ocrx_word' id='word_1_582' title='bbox 3102 3576 3260 3628; x_wconf 90' lang='grc' dir='ltr'>θείων</span> <span class='ocrx_word' id='word_1_583' title='bbox 3304 3578 3661 3647; x_wconf 84' lang='grc' dir='ltr'>προσταγμά-</span> 
     </span>
    </p>
   </div>
   <div class='ocr_carea' id='block_1_83' title="bbox 2095 3664 3664 3737">
    <p class='ocr_par' dir='ltr' id='par_1_83' title="bbox 2095 3664 3664 3737">
     <span class='ocr_line' id='line_1_83' title="bbox 2095 3664 3664 3737; baseline 0.001 -19"><span class='ocrx_word' id='word_1_584' title='bbox 2095 3683 2221 3727; x_wconf 85' lang='grc' dir='ltr'>των,</span> <span class='ocrx_word' id='word_1_585' title='bbox 2258 3664 2481 3735; x_wconf 77' lang='grc' dir='ltr'>ἐξορύξῃ</span> <span class='ocrx_word' id='word_1_586' title='bbox 2502 3683 2614 3729; x_wconf 85' lang='grc' dir='ltr'>σου,</span> <span class='ocrx_word' id='word_1_587' title='bbox 2652 3668 2745 3718; x_wconf 74' lang='grc' dir='ltr'>καὶ</span> <span class='ocrx_word' id='word_1_588' title='bbox 2770 3666 3045 3736; x_wconf 82' lang='grc' dir='ltr'>ἀμαλδύνῃ</span> <span class='ocrx_word' id='word_1_589' title='bbox 3094 3667 3201 3719; x_wconf 84' lang='grc' dir='ltr'><strong>πᾶν</strong></span> <span class='ocrx_word' id='word_1_590' title='bbox 3241 3666 3411 3730; x_wconf 81' lang='grc' dir='ltr'>δεξιὸν</span> <span class='ocrx_word' id='word_1_591' title='bbox 3467 3667 3664 3737; x_wconf 87' lang='grc' dir='ltr'>νόημα,</span> 
     </span>
    </p>
   </div>
   <div class='ocr_carea' id='block_1_84' title="bbox 2095 3752 3666 3827">
    <p class='ocr_par' dir='ltr' id='par_1_84' title="bbox 2095 3752 3666 3827">
     <span class='ocr_line' id='line_1_84' title="bbox 2095 3752 3666 3827; baseline 0.001 -20"><span class='ocrx_word' id='word_1_592' title='bbox 2095 3754 2154 3819; x_wconf 79' lang='grc' dir='ltr'>ἐξ</span> <span class='ocrx_word' id='word_1_593' title='bbox 2182 3752 2351 3825; x_wconf 74' lang='grc' dir='ltr'>οὗπερ</span> <span class='ocrx_word' id='word_1_594' title='bbox 2384 3758 2598 3815; x_wconf 79' lang='grc' dir='ltr'>πάντως</span> <span class='ocrx_word' id='word_1_595' title='bbox 2636 3757 2832 3826; x_wconf 78' lang='grc' dir='ltr'>πρᾶξις</span> <span class='ocrx_word' id='word_1_596' title='bbox 2859 3756 3004 3822; x_wconf 79' lang='grc' dir='ltr'>δεξιά</span> <span class='ocrx_word' id='word_1_597' title='bbox 3045 3756 3222 3827; x_wconf 82' lang='grc' dir='ltr'>καιρῷ</span> <span class='ocrx_word' id='word_1_598' title='bbox 3257 3757 3441 3827; x_wconf 86' lang='grc' dir='ltr'>οίκείῳ</span> <span class='ocrx_word' id='word_1_599' title='bbox 3473 3758 3666 3827; x_wconf 85' lang='grc' dir='ltr'>τεχθή-</span> 
     </span>
    </p>
   </div>
   <div class='ocr_carea' id='block_1_85' title="bbox 2097 3842 3664 3918">
    <p class='ocr_par' dir='ltr' id='par_1_85' title="bbox 2097 3842 3664 3918">
     <span class='ocr_line' id='line_1_85' title="bbox 2097 3842 3664 3918; baseline 0 -19"><span class='ocrx_word' id='word_1_600' title='bbox 2097 3864 2266 3899; x_wconf 83' lang='grc' dir='ltr'>σεται.</span> <span class='ocrx_word' id='word_1_601' title='bbox 2301 3842 2468 3908; x_wconf 73' lang='grc' dir='ltr'>Οὗτος</span> <span class='ocrx_word' id='word_1_602' title='bbox 2492 3845 2536 3897; x_wconf 76' lang='grc' dir='ltr'>δ’</span> <span class='ocrx_word' id='word_1_603' title='bbox 2559 3846 2789 3916; x_wconf 84' lang='grc' dir='ltr'>ὑπάρχει</span> <span class='ocrx_word' id='word_1_604' title='bbox 2818 3847 2847 3897; x_wconf 89' lang='lat'><strong>6</strong></span> <span class='ocrx_word' id='word_1_605' title='bbox 2873 3846 2994 3914; x_wconf 73' lang='grc' dir='ltr'>ὄφις</span> <span class='ocrx_word' id='word_1_606' title='bbox 3032 3847 3060 3899; x_wconf 88' lang='lat'><strong>6</strong></span> <span class='ocrx_word' id='word_1_607' title='bbox 3102 3848 3312 3916; x_wconf 82' lang='grc' dir='ltr'>νοητός.</span> <span class='ocrx_word' id='word_1_608' title='bbox 3353 3846 3508 3909; x_wconf 84' lang='grc' dir='ltr'>Ναάς</span> <span class='ocrx_word' id='word_1_609' title='bbox 3554 3846 3664 3918; x_wconf 84' lang='grc' dir='ltr'>γὰρ</span> 
     </span>
    </p>
   </div>
   <div class='ocr_carea' id='block_1_86' title="bbox 2094 3936 3665 4011">
    <p class='ocr_par' dir='ltr' id='par_1_86' title="bbox 2094 3936 3665 4011">
     <span class='ocr_line' id='line_1_86' title="bbox 2094 3936 3665 4011; baseline -0.001 -20"><span class='ocrx_word' id='word_1_610' title='bbox 2094 3937 2453 4011; x_wconf 79' lang='grc' dir='ltr'>ἑρμηνεύεται</span> <span class='ocrx_word' id='word_1_611' title='bbox 2506 3936 2672 4005; x_wconf 77' lang='grc' dir='ltr'>ὄφις,</span> <span class='ocrx_word' id='word_1_612' title='bbox 2749 3937 2896 3997; x_wconf 83' lang='grc' dir='ltr'>ὅστις</span> <span class='ocrx_word' id='word_1_613' title='bbox 2952 3936 3063 3997; x_wconf 73' lang='grc' dir='ltr'>τοῖς</span> <span class='ocrx_word' id='word_1_614' title='bbox 3113 3936 3472 4006; x_wconf 86' lang='grc' dir='ltr'>Ἰσραηλίταις</span> <span class='ocrx_word' id='word_1_615' title='bbox 3534 3938 3665 3990; x_wconf 76' lang='grc' dir='ltr'>ποτὲ</span> 
     </span>
    </p>
   </div>
   <div class='ocr_carea' id='block_1_87' title="bbox 2093 4025 3661 4100">
    <p class='ocr_par' dir='ltr' id='par_1_87' title="bbox 2093 4025 3661 4100">
     <span class='ocr_line' id='line_1_87' title="bbox 2093 4025 3661 4100; baseline -0.003 -14"><span class='ocrx_word' id='word_1_616' title='bbox 2093 4030 2447 4100; x_wconf 82' lang='grc' dir='ltr'>ἐπηπείλησε,</span> <span class='ocrx_word' id='word_1_617' title='bbox 2483 4028 2659 4083; x_wconf 77' lang='grc' dir='ltr'>πάντα</span> <span class='ocrx_word' id='word_1_618' title='bbox 2688 4025 2855 4092; x_wconf 75' lang='grc' dir='ltr'>δεξιὸν</span> <span class='ocrx_word' id='word_1_619' title='bbox 2878 4025 3057 4081; x_wconf 76' lang='grc' dir='ltr'>αὐτῶν</span> <span class='ocrx_word' id='word_1_620' title='bbox 3088 4027 3368 4098; x_wconf 70' lang='grc' dir='ltr'>ὀφθαλμὸν</span> <span class='ocrx_word' id='word_1_621' title='bbox 3389 4025 3661 4099; x_wconf 78' lang='grc' dir='ltr'>ἐξορύξαι,</span> 
     </span>
    </p>
   </div>
   <div class='ocr_carea' id='block_1_88' title="bbox 2092 4114 3665 4186">
    <p class='ocr_par' dir='ltr' id='par_1_88' title="bbox 2092 4114 3665 4186">
     <span class='ocr_line' id='line_1_88' title="bbox 2092 4114 3665 4186; baseline -0.001 -14"><span class='ocrx_word' id='word_1_622' title='bbox 2092 4120 2355 4181; x_wconf 81' lang='grc' dir='ltr'>τουτέστι,</span> <span class='ocrx_word' id='word_1_623' title='bbox 2383 4120 2558 4173; x_wconf 88' lang='grc' dir='ltr'>πάντα</span> <span class='ocrx_word' id='word_1_624' title='bbox 2594 4116 2852 4186; x_wconf 82' lang='grc' dir='ltr'>λογισμὸν</span> <span class='ocrx_word' id='word_1_625' title='bbox 2891 4114 3092 4183; x_wconf 81' lang='grc' dir='ltr'>ἀγαθὸν</span> <span class='ocrx_word' id='word_1_626' title='bbox 3140 4116 3420 4185; x_wconf 83' lang='grc' dir='ltr'>ἀφανίσαι.</span> <span class='ocrx_word' id='word_1_627' title='bbox 3488 4118 3665 4171; x_wconf 83' lang='grc' dir='ltr'>Πολλά</span> 
     </span>
    </p>
   </div>
   <div class='ocr_carea' id='block_1_89' title="bbox 2092 4206 3665 4279">
    <p class='ocr_par' dir='ltr' id='par_1_89' title="bbox 2092 4206 3665 4279">
     <span class='ocr_line' id='line_1_89' title="bbox 2092 4206 3665 4279; baseline -0.001 -18"><span class='ocrx_word' id='word_1_628' title='bbox 2092 4208 2138 4261; x_wconf 83' lang='grc' dir='ltr'>δ’</span> <span class='ocrx_word' id='word_1_629' title='bbox 2171 4209 2352 4278; x_wconf 84' lang='grc' dir='ltr'>ἀγαθά</span> <span class='ocrx_word' id='word_1_630' title='bbox 2379 4210 2467 4261; x_wconf 78' lang='grc' dir='ltr'><strong>διὰ</strong></span> <span class='ocrx_word' id='word_1_631' title='bbox 2500 4209 2597 4277; x_wconf 83' lang='grc' dir='ltr'>τῆς</span> <span class='ocrx_word' id='word_1_632' title='bbox 2619 4206 2974 4275; x_wconf 86' lang='grc' dir='ltr'>ἀναγνώσεως</span> <span class='ocrx_word' id='word_1_633' title='bbox 3002 4206 3108 4258; x_wconf 90' lang='grc' dir='ltr'><strong>τῶν</strong></span> <span class='ocrx_word' id='word_1_634' title='bbox 3135 4206 3504 4260; x_wconf 80' lang='grc' dir='ltr'>θεοπνεύστων</span> <span class='ocrx_word' id='word_1_635' title='bbox 3531 4207 3665 4279; x_wconf 87' lang='grc' dir='ltr'>Γρα-</span> 
     </span>
    </p>
   </div>
   <div class='ocr_carea' id='block_1_90' title="bbox 424 4288 2002 4367">
    <p class='ocr_par' dir='ltr' id='par_1_90' title="bbox 424 4288 1992 4364">
     <span class='ocr_line' id='line_1_90' title="bbox 424 4288 1992 4364; baseline 0.015 -24"><span class='ocrx_word' id='word_1_636' title='bbox 424 4301 614 4341; x_wconf 90' lang='lat' dir='ltr'><strong>surum</strong></span> <span class='ocrx_word' id='word_1_637' title='bbox 647 4288 714 4353; x_wconf 63' lang='grc' dir='ltr'><strong>ι’,</strong></span> <span class='ocrx_word' id='word_1_638' title='bbox 762 4290 866 4345; x_wconf 90' lang='lat' dir='ltr'><strong>boc</strong></span> <span class='ocrx_word' id='word_1_639' title='bbox 923 4302 1030 4359; x_wconf 90' lang='lat' dir='ltr'><strong>est,</strong></span> <span class='ocrx_word' id='word_1_640' title='bbox 1086 4296 1475 4364; x_wconf 83' lang='lat' dir='ltr'><strong>cogitationem</strong></span> <span class='ocrx_word' id='word_1_641' title='bbox 1532 4318 1747 4359; x_wconf 92' lang='lat' dir='ltr'><strong>omnem</strong></span> <span class='ocrx_word' id='word_1_642' title='bbox 1795 4308 1992 4364; x_wconf 89' lang='lat' dir='ltr'><strong>bonam</strong></span> 
     </span>
    </p>
   </div>
   <div class='ocr_carea' id='block_1_91' title="bbox 2111 4288 3663 4367">
    <p class='ocr_par' dir='ltr' id='par_1_91' title="bbox 2111 4291 3663 4367">
     <span class='ocr_line' id='line_1_91' title="bbox 2111 4291 3663 4367; baseline -0.001 -17"><span class='ocrx_word' id='word_1_643' title='bbox 2111 4298 2210 4367; x_wconf 81' lang='grc' dir='ltr'><strong>ρῶν</strong></span> <span class='ocrx_word' id='word_1_644' title='bbox 2243 4298 2583 4366; x_wconf 83' lang='grc' dir='ltr'>εὑρίσκουσιν</span> <span class='ocrx_word' id='word_1_645' title='bbox 2611 4297 2903 4367; x_wconf 83' lang='grc' dir='ltr'>ἄνθρωποι.</span> <span class='ocrx_word' id='word_1_646' title='bbox 2936 4291 3113 4349; x_wconf 76' lang='grc' dir='ltr'><strong>Ειοῦν</strong></span> <span class='ocrx_word' id='word_1_647' title='bbox 3137 4296 3311 4359; x_wconf 82' lang='grc' dir='ltr'>θέλεις</span> <span class='ocrx_word' id='word_1_648' title='bbox 3348 4296 3439 4348; x_wconf 84' lang='grc' dir='ltr'>τὸν</span> <span class='ocrx_word' id='word_1_649' title='bbox 3475 4294 3663 4365; x_wconf 82' lang='grc' dir='ltr'>ὀφθαλ-</span> 
     </span>
    </p>
   </div>
   <div class='ocr_carea' id='block_1_92' title="bbox 421 4377 1992 4453">
    <p class='ocr_par' dir='ltr' id='par_1_92' title="bbox 421 4377 1992 4453">
     <span class='ocr_line' id='line_1_92' title="bbox 421 4377 1992 4453; baseline 0.015 -24"><span class='ocrx_word' id='word_1_650' title='bbox 421 4377 760 4433; x_wconf 87' lang='lat' dir='ltr'><strong>evulsurum.</strong></span> <span class='ocrx_word' id='word_1_651' title='bbox 813 4378 978 4434; x_wconf 83' lang='lat' dir='ltr'><strong>Multa</strong></span> <span class='ocrx_word' id='word_1_652' title='bbox 1024 4399 1187 4451; x_wconf 81' lang='lat' dir='ltr'><strong>porro</strong></span> <span class='ocrx_word' id='word_1_653' title='bbox 1219 4390 1505 4444; x_wconf 87' lang='lat' dir='ltr'><strong>commoda</strong></span> <span class='ocrx_word' id='word_1_654' title='bbox 1540 4406 1605 4445; x_wconf 81' lang='lat' dir='ltr'><strong>ex</strong></span> <span class='ocrx_word' id='word_1_655' title='bbox 1647 4393 1878 4450; x_wconf 85' lang='lat' dir='ltr'><strong>lectione</strong></span> <span class='ocrx_word' id='word_1_656' title='bbox 1906 4399 1992 4453; x_wconf 89' lang='lat' dir='ltr'><strong>di-</strong></span> 
     </span>
    </p>
   </div>
   <div class='ocr_carea' id='block_1_93' title="bbox 422 4467 1989 4557">
    <p class='ocr_par' dir='ltr' id='par_1_93' title="bbox 422 4467 1989 4557">
     <span class='ocr_line' id='line_1_93' title="bbox 422 4467 1989 4557; baseline 0.016 -38"><span class='ocrx_word' id='word_1_657' title='bbox 422 4467 628 4521; x_wconf 88' lang='lat' dir='ltr'><strong>vinitus</strong></span> <span class='ocrx_word' id='word_1_658' title='bbox 698 4469 1085 4541; x_wconf 89' lang='lat' dir='ltr'><strong>inspiratarum</strong></span> <span class='ocrx_word' id='word_1_659' title='bbox 1128 4474 1458 4534; x_wconf 87' lang='lat' dir='ltr'><strong>Litterarum</strong></span> <span class='ocrx_word' id='word_1_660' title='bbox 1507 4482 1822 4551; x_wconf 78' lang='lat' dir='ltr'><strong>hominibus</strong></span> <span class='ocrx_word' id='word_1_661' title='bbox 1857 4503 1989 4557; x_wconf 87' lang='lat' dir='ltr'><strong>pro-</strong></span> 
     </span>
    </p>
   </div>
   <div class='ocr_carea' id='block_1_94' title="bbox 420 4556 1984 4633">
    <p class='ocr_par' dir='ltr' id='par_1_94' title="bbox 420 4556 1984 4633">
     <span class='ocr_line' id='line_1_94' title="bbox 420 4556 1984 4633; baseline 0.014 -25"><span class='ocrx_word' id='word_1_662' title='bbox 420 4556 667 4612; x_wconf 79' lang='lat' dir='ltr'><strong>veniunt.</strong></span> <span class='ocrx_word' id='word_1_663' title='bbox 704 4556 761 4611; x_wconf 90' lang='lat' dir='ltr'><strong>Si</strong></span> <span class='ocrx_word' id='word_1_664' title='bbox 805 4559 989 4630; x_wconf 85' lang='lat' dir='ltr'><strong>itaque</strong></span> <span class='ocrx_word' id='word_1_665' title='bbox 1022 4563 1117 4616; x_wconf 92' lang='lat' dir='ltr'><strong>tibi</strong></span> <span class='ocrx_word' id='word_1_666' title='bbox 1154 4564 1209 4618; x_wconf 86' lang='lat' dir='ltr'><strong>ili</strong></span> <span class='ocrx_word' id='word_1_667' title='bbox 1246 4568 1427 4621; x_wconf 87' lang='lat' dir='ltr'><strong>animo</strong></span> <span class='ocrx_word' id='word_1_668' title='bbox 1458 4578 1563 4633; x_wconf 86' lang='lat' dir='ltr'><strong>est,</strong></span> <span class='ocrx_word' id='word_1_669' title='bbox 1613 4572 1807 4627; x_wconf 71' lang='lat' dir='ltr'><strong>anima:</strong></span> <span class='ocrx_word' id='word_1_670' title='bbox 1849 4556 1984 4629; x_wconf 84' lang='lat' dir='ltr'><strong>ocu-</strong></span> 
     </span>
    </p>
   </div>
   <div class='ocr_carea' id='block_1_95' title="bbox 422 4642 1986 4733">
    <p class='ocr_par' dir='ltr' id='par_1_95' title="bbox 422 4642 1986 4733">
     <span class='ocr_line' id='line_1_95' title="bbox 422 4642 1986 4733; baseline 0.016 -40"><span class='ocrx_word' id='word_1_671' title='bbox 422 4642 531 4695; x_wconf 90' lang='lat' dir='ltr'><strong>lum</strong></span> <span class='ocrx_word' id='word_1_672' title='bbox 564 4660 914 4712; x_wconf 83' lang='lat' dir='ltr'><strong>conservare,</strong></span> <span class='ocrx_word' id='word_1_673' title='bbox 954 4650 1211 4719; x_wconf 84' lang='lat' dir='ltr'><strong>illiusque</strong></span> <span class='ocrx_word' id='word_1_674' title='bbox 1246 4654 1420 4708; x_wconf 90' lang='lat' dir='ltr'><strong>aciem</strong></span> <span class='ocrx_word' id='word_1_675' title='bbox 1459 4671 1679 4726; x_wconf 88' lang='lat' dir='ltr'><strong>acuere,</strong></span> <span class='ocrx_word' id='word_1_676' title='bbox 1714 4669 1769 4715; x_wconf 91' lang='lat' dir='ltr'><strong>et</strong></span> <span class='ocrx_word' id='word_1_677' title='bbox 1792 4663 1858 4716; x_wconf 90' lang='lat' dir='ltr'><strong>ad</strong></span> <span class='ocrx_word' id='word_1_678' title='bbox 1884 4678 1986 4733; x_wconf 86' lang='lat' dir='ltr'><strong>op-</strong></span> 
     </span>
    </p>
   </div>
   <div class='ocr_carea' id='block_1_96' title="bbox 419 4730 1984 4805">
    <p class='ocr_par' dir='ltr' id='par_1_96' title="bbox 419 4730 1984 4805">
     <span class='ocr_line' id='line_1_96' title="bbox 419 4730 1984 4805; baseline 0.015 -23"><span class='ocrx_word' id='word_1_679' title='bbox 419 4730 548 4784; x_wconf 87' lang='lat' dir='ltr'><strong>tima</strong></span> <span class='ocrx_word' id='word_1_680' title='bbox 606 4749 833 4803; x_wconf 65' lang='lat' dir='ltr'><strong>qumque</strong></span> <span class='ocrx_word' id='word_1_681' title='bbox 891 4736 1040 4800; x_wconf 89' lang='lat' dir='ltr'><strong>duci,</strong></span> <span class='ocrx_word' id='word_1_682' title='bbox 1094 4749 1149 4793; x_wconf 86' lang='lat' dir='ltr'><strong>et</strong></span> <span class='ocrx_word' id='word_1_683' title='bbox 1202 4743 1489 4796; x_wconf 90' lang='lat' dir='ltr'><strong>victoriam</strong></span> <span class='ocrx_word' id='word_1_684' title='bbox 1542 4747 1609 4799; x_wconf 89' lang='lat' dir='ltr'><strong>de</strong></span> <span class='ocrx_word' id='word_1_685' title='bbox 1662 4730 1984 4805; x_wconf 74' lang='lat' dir='ltr'><strong>consiliario</strong></span> 
     </span>
    </p>
   </div>
   <div class='ocr_carea' id='block_1_97' title="bbox 2097 4382 3661 4459">
    <p class='ocr_par' dir='ltr' id='par_1_97' title="bbox 2097 4382 3661 4459">
     <span class='ocr_line' id='line_1_97' title="bbox 2097 4382 3661 4459; baseline -0.002 -18"><span class='ocrx_word' id='word_1_686' title='bbox 2097 4389 2198 4457; x_wconf 80' lang='grc' dir='ltr'>μὸν</span> <span class='ocrx_word' id='word_1_687' title='bbox 2227 4391 2323 4458; x_wconf 83' lang='grc' dir='ltr'>τῆς</span> <span class='ocrx_word' id='word_1_688' title='bbox 2361 4389 2537 4459; x_wconf 70' lang='grc' dir='ltr'>ψυχῆς</span> <span class='ocrx_word' id='word_1_689' title='bbox 2559 4388 2843 4457; x_wconf 79' lang='grc' dir='ltr'>φυλάττειν</span> <span class='ocrx_word' id='word_1_690' title='bbox 2870 4405 2929 4441; x_wconf 90' lang='grc' dir='ltr'><strong>τε</strong></span> <span class='ocrx_word' id='word_1_691' title='bbox 2963 4388 3058 4441; x_wconf 73' lang='grc' dir='ltr'>καὶ</span> <span class='ocrx_word' id='word_1_692' title='bbox 3087 4388 3305 4455; x_wconf 88' lang='grc' dir='ltr'>νικῆσαι</span> <span class='ocrx_word' id='word_1_693' title='bbox 3359 4387 3451 4440; x_wconf 82' lang='grc' dir='ltr'>τὸν</span> <span class='ocrx_word' id='word_1_694' title='bbox 3506 4382 3661 4440; x_wconf 80' lang='grc' dir='ltr'>κάκι-</span> 
     </span>
    </p>
   </div>
   <div class='ocr_carea' id='block_1_98' title="bbox 2097 4478 3661 4549">
    <p class='ocr_par' dir='ltr' id='par_1_98' title="bbox 2097 4478 3661 4549">
     <span class='ocr_line' id='line_1_98' title="bbox 2097 4478 3661 4549; baseline -0.003 -16"><span class='ocrx_word' id='word_1_695' title='bbox 2097 4498 2217 4533; x_wconf 90' lang='grc' dir='ltr'>στον</span> <span class='ocrx_word' id='word_1_696' title='bbox 2249 4479 2572 4549; x_wconf 75' lang='grc' dir='ltr'>σύμϐουλον,</span> <span class='ocrx_word' id='word_1_697' title='bbox 2604 4480 2697 4531; x_wconf 76' lang='grc' dir='ltr'>καὶ</span> <span class='ocrx_word' id='word_1_698' title='bbox 2722 4478 3045 4532; x_wconf 82' lang='grc' dir='ltr'>ἀποτελέσαι</span> <span class='ocrx_word' id='word_1_699' title='bbox 3080 4478 3369 4548; x_wconf 80' lang='grc' dir='ltr'>ὀξυδερκῆ.</span> <span class='ocrx_word' id='word_1_700' title='bbox 3439 4478 3535 4532; x_wconf 72' lang='grc' dir='ltr'><strong>καὶ</strong></span> <span class='ocrx_word' id='word_1_701' title='bbox 3573 4478 3661 4531; x_wconf 78' lang='grc' dir='ltr'>ἐπὶ</span> 
     </span>
    </p>
   </div>
   <div class='ocr_carea' id='block_1_99' title="bbox 2092 4568 3657 4640">
    <p class='ocr_par' dir='ltr' id='par_1_99' title="bbox 2092 4568 3657 4640">
     <span class='ocr_line' id='line_1_99' title="bbox 2092 4568 3657 4640; baseline -0.002 -16"><span class='ocrx_word' id='word_1_702' title='bbox 2092 4570 2162 4624; x_wconf 79' lang='grc' dir='ltr'><strong>τὰ</strong></span> <span class='ocrx_word' id='word_1_703' title='bbox 2186 4570 2447 4623; x_wconf 85' lang='grc' dir='ltr'>κάλλιστα</span> <span class='ocrx_word' id='word_1_704' title='bbox 2485 4569 2820 4640; x_wconf 85' lang='grc' dir='ltr'>ποδηγῆσθαι</span> <span class='ocrx_word' id='word_1_705' title='bbox 2846 4571 3166 4639; x_wconf 87' lang='grc' dir='ltr'>πράγματα,</span> <span class='ocrx_word' id='word_1_706' title='bbox 3194 4568 3285 4622; x_wconf 80' lang='grc' dir='ltr'>τὸν</span> <span class='ocrx_word' id='word_1_707' title='bbox 3315 4569 3468 4632; x_wconf 86' lang='grc' dir='ltr'>Ναάς</span> <span class='ocrx_word' id='word_1_708' title='bbox 3520 4569 3657 4637; x_wconf 87' lang='grc' dir='ltr'>λέγω</span> 
     </span>
    </p>
   </div>
   <div class='ocr_carea' id='block_1_100' title="bbox 2090 4663 3657 4738">
    <p class='ocr_par' dir='ltr' id='par_1_100' title="bbox 2090 4663 3657 4738">
     <span class='ocr_line' id='line_1_100' title="bbox 2090 4663 3657 4738; baseline -0.003 -19"><span class='ocrx_word' id='word_1_709' title='bbox 2090 4666 2180 4719; x_wconf 78' lang='grc' dir='ltr'>τὸν</span> <span class='ocrx_word' id='word_1_710' title='bbox 2210 4669 2268 4719; x_wconf 83' lang='grc' dir='ltr'><strong>ἐν</strong></span> <span class='ocrx_word' id='word_1_711' title='bbox 2301 4666 2382 4718; x_wconf 72' lang='grc' dir='ltr'><strong>σοὶ</strong></span> <span class='ocrx_word' id='word_1_712' title='bbox 2413 4665 2771 4735; x_wconf 84' lang='grc' dir='ltr'>Ἀμμανίτην,</span> <span class='ocrx_word' id='word_1_713' title='bbox 2798 4665 2892 4733; x_wconf 73' lang='grc' dir='ltr'><strong>Ξμὴ</strong></span> <span class='ocrx_word' id='word_1_714' title='bbox 2929 4665 3166 4738; x_wconf 80' lang='grc' dir='ltr'>ὀκνήσῃς</span> <span class='ocrx_word' id='word_1_715' title='bbox 3208 4665 3274 4733; x_wconf 79' lang='grc' dir='ltr'>τῇ</span> <span class='ocrx_word' id='word_1_716' title='bbox 3312 4663 3443 4733; x_wconf 79' lang='grc' dir='ltr'>ἁγίᾳ</span> <span class='ocrx_word' id='word_1_717' title='bbox 3494 4675 3657 4731; x_wconf 76' lang='grc' dir='ltr'><strong>προσ⁶</strong></span> 
     </span>
    </p>
   </div>
   <div class='ocr_carea' id='block_1_101' title="bbox 2093 4753 2583 4826">
    <p class='ocr_par' dir='ltr' id='par_1_101' title="bbox 2093 4753 2583 4826">
     <span class='ocr_line' id='line_1_101' title="bbox 2093 4753 2583 4826; baseline -0.01 -18"><span class='ocrx_word' id='word_1_718' title='bbox 2093 4756 2240 4826; x_wconf 88' lang='grc' dir='ltr'>έχειν</span> <span class='ocrx_word' id='word_1_719' title='bbox 2262 4753 2583 4821; x_wconf 82' lang='grc' dir='ltr'>ἀναγνώσει.</span> 
     </span>
    </p>
   </div>
   <div class='ocr_carea' id='block_1_102' title="bbox 416 4822 3654 4915">
    <p class='ocr_par' dir='ltr' id='par_1_102' title="bbox 416 4822 3654 4915">
     <span class='ocr_line' id='line_1_102' title="bbox 416 4822 3654 4915; baseline 0.005 -40"><span class='ocrx_word' id='word_1_720' title='bbox 416 4822 657 4889; x_wconf 82' lang='lat' dir='ltr'><strong>pessimo</strong></span> <span class='ocrx_word' id='word_1_721' title='bbox 682 4823 845 4890; x_wconf 85' lang='lat' dir='ltr'><strong>Naas,</strong></span> <span class='ocrx_word' id='word_1_722' title='bbox 878 4829 971 4897; x_wconf 90' lang='lat' dir='ltr'><strong>qui</strong></span> <span class='ocrx_word' id='word_1_723' title='bbox 1008 4832 1061 4884; x_wconf 90' lang='lat' dir='ltr'><strong>in</strong></span> <span class='ocrx_word' id='word_1_724' title='bbox 1102 4840 1154 4887; x_wconf 91' lang='lat' dir='ltr'><strong>te</strong></span> <span class='ocrx_word' id='word_1_725' title='bbox 1184 4842 1287 4897; x_wconf 87' lang='lat' dir='ltr'><strong>est,</strong></span> <span class='ocrx_word' id='word_1_726' title='bbox 1318 4834 1629 4891; x_wconf 86' lang='lat' dir='ltr'><strong>Ammonita</strong></span> <span class='ocrx_word' id='word_1_727' title='bbox 1661 4850 1980 4911; x_wconf 85' lang='lat' dir='ltr'><strong>reportare;</strong></span> <span class='ocrx_word' id='word_1_728' title='bbox 2022 4863 2092 4904; x_wconf 91' lang='lat' dir='ltr'><strong>ne</strong></span> <span class='ocrx_word' id='word_1_729' title='bbox 2125 4822 2341 4905; x_wconf 43' lang='lat' dir='ltr'><strong>&quot;socors</strong></span> <span class='ocrx_word' id='word_1_730' title='bbox 2380 4848 2479 4910; x_wconf 90' lang='lat' dir='ltr'><strong>sis,</strong></span> <span class='ocrx_word' id='word_1_731' title='bbox 2508 4860 2685 4915; x_wconf 90' lang='lat' dir='ltr'><strong>neque</strong></span> <span class='ocrx_word' id='word_1_732' title='bbox 2744 4844 2929 4915; x_wconf 84' lang='lat' dir='ltr'><strong>segnis</strong></span> <span class='ocrx_word' id='word_1_733' title='bbox 2987 4846 3042 4898; x_wconf 94' lang='lat' dir='ltr'><strong>in</strong></span> <span class='ocrx_word' id='word_1_734' title='bbox 3086 4843 3321 4898; x_wconf 89' lang='lat' dir='ltr'><strong>lectione</strong></span> <span class='ocrx_word' id='word_1_735' title='bbox 3375 4851 3654 4895; x_wconf 79' lang='lat' dir='ltr'><strong>sacrarum</strong></span> 
     </span>
    </p>
   </div>
   <div class='ocr_carea' id='block_1_103' title="bbox 420 4912 843 4984">
    <p class='ocr_par' dir='ltr' id='par_1_103' title="bbox 420 4912 843 4984">
     <span class='ocr_line' id='line_1_103' title="bbox 420 4912 843 4984; baseline 0.009 -17"><span class='ocrx_word' id='word_1_736' title='bbox 420 4912 843 4984; x_wconf 85' lang='lat' dir='ltr'><strong>Scripturaruin.</strong></span> 
     </span>
    </p>
   </div>
   <div class='ocr_carea' id='block_1_104' title="bbox 558 5007 1835 5082">
    <p class='ocr_par' dir='ltr' id='par_1_104' title="bbox 558 5007 1835 5082">
     <span class='ocr_line' id='line_1_104' title="bbox 558 5007 1835 5082; baseline 0.015 -19"><span class='ocrx_word' id='word_1_737' title='bbox 558 5007 788 5067; x_wconf 76' lang='lat' dir='ltr'><strong>CXCIX.</strong></span> <span class='ocrx_word' id='word_1_738' title='bbox 824 5044 892 5053; x_wconf 95' lang='lat'><em>—</em></span> <span class='ocrx_word' id='word_1_739' title='bbox 924 5012 1250 5070; x_wconf 85' lang='lat' dir='ltr'><strong>PULLIONI</strong></span> <span class='ocrx_word' id='word_1_740' title='bbox 1292 5017 1835 5082; x_wconf 63' lang='lat' dir='ltr'><strong>DIAPSEPHISTIE.</strong></span> 
     </span>
    </p>
   </div>
   <div class='ocr_carea' id='block_1_105' title="bbox 483 5096 1984 5183">
    <p class='ocr_par' dir='ltr' id='par_1_105' title="bbox 483 5096 1984 5183">
     <span class='ocr_line' id='line_1_105' title="bbox 483 5096 1984 5183; baseline 0.014 -32"><span class='ocrx_word' id='word_1_741' title='bbox 483 5096 620 5152; x_wconf 89' lang='lat' dir='ltr'><strong>Cum</strong></span> <span class='ocrx_word' id='word_1_742' title='bbox 649 5099 704 5154; x_wconf 89' lang='lat' dir='ltr'><strong>in</strong></span> <span class='ocrx_word' id='word_1_743' title='bbox 735 5102 1187 5172; x_wconf 82' lang='lat' dir='ltr'><strong>cogitationibus,</strong></span> <span class='ocrx_word' id='word_1_744' title='bbox 1217 5122 1337 5175; x_wconf 80' lang='lat' dir='ltr'><strong>quae</strong></span> <span class='ocrx_word' id='word_1_745' title='bbox 1364 5118 1556 5162; x_wconf 90' lang='lat' dir='ltr'><strong>natura</strong></span> <span class='ocrx_word' id='word_1_746' title='bbox 1578 5128 1674 5167; x_wconf 88' lang='lat' dir='ltr'><strong>sua</strong></span> <span class='ocrx_word' id='word_1_747' title='bbox 1710 5117 1984 5183; x_wconf 74' lang='lat' dir='ltr'><strong>praeclara:</strong></span> 
     </span>
    </p>
   </div>
   <div class='ocr_carea' id='block_1_106' title="bbox 415 5188 1979 5274">
    <p class='ocr_par' dir='ltr' id='par_1_106' title="bbox 415 5188 1979 5274">
     <span class='ocr_line' id='line_1_106' title="bbox 415 5188 1979 5274; baseline 0.014 -34"><span class='ocrx_word' id='word_1_748' title='bbox 415 5197 561 5251; x_wconf 84' lang='lat' dir='ltr'><strong>sunt,</strong></span> <span class='ocrx_word' id='word_1_749' title='bbox 592 5188 969 5251; x_wconf 75' lang='lat' dir='ltr'><strong>immorantur,</strong></span> <span class='ocrx_word' id='word_1_750' title='bbox 1004 5194 1315 5261; x_wconf 88' lang='lat' dir='ltr'><strong>paradisum</strong></span> <span class='ocrx_word' id='word_1_751' title='bbox 1337 5204 1585 5255; x_wconf 86' lang='lat' dir='ltr'><strong>tenemus</strong></span> <span class='ocrx_word' id='word_1_752' title='bbox 1612 5202 1677 5267; x_wconf 73' lang='lat'><strong>“,</strong></span> <span class='ocrx_word' id='word_1_753' title='bbox 1710 5220 1737 5256; x_wconf 90' lang='lat' dir='ltr'><strong>a</strong></span> <span class='ocrx_word' id='word_1_754' title='bbox 1764 5215 1979 5274; x_wconf 85' lang='lat' dir='ltr'><strong>pertur-</strong></span> 
     </span>
    </p>
   </div>
   <div class='ocr_carea' id='block_1_107' title="bbox 420 5280 1983 5357">
    <p class='ocr_par' dir='ltr' id='par_1_107' title="bbox 420 5280 1983 5357">
     <span class='ocr_line' id='line_1_107' title="bbox 420 5280 1983 5357; baseline 0.014 -22"><span class='ocrx_word' id='word_1_755' title='bbox 420 5280 737 5337; x_wconf 81' lang='lat' dir='ltr'><strong>bationibus</strong></span> <span class='ocrx_word' id='word_1_756' title='bbox 793 5284 1087 5351; x_wconf 87' lang='lat' dir='ltr'><strong>immunes,</strong></span> <span class='ocrx_word' id='word_1_757' title='bbox 1123 5289 1379 5356; x_wconf 85' lang='lat' dir='ltr'><strong>precibus</strong></span> <span class='ocrx_word' id='word_1_758' title='bbox 1418 5301 1472 5345; x_wconf 88' lang='lat' dir='ltr'><strong>et</strong></span> <span class='ocrx_word' id='word_1_759' title='bbox 1504 5294 1700 5349; x_wconf 79' lang='lat' dir='ltr'><strong>virtute</strong></span> <span class='ocrx_word' id='word_1_760' title='bbox 1727 5300 1790 5351; x_wconf 90' lang='lat' dir='ltr'><strong>ad</strong></span> <span class='ocrx_word' id='word_1_761' title='bbox 1826 5303 1983 5357; x_wconf 63' lang='lat' dir='ltr'><strong>caele-</strong></span> 
     </span>
    </p>
   </div>
   <div class='ocr_carea' id='block_1_108' title="bbox 413 5374 1975 5462">
    <p class='ocr_par' dir='ltr' id='par_1_108' title="bbox 413 5374 1975 5462">
     <span class='ocr_line' id='line_1_108' title="bbox 413 5374 1975 5462; baseline 0.015 -34"><span class='ocrx_word' id='word_1_762' title='bbox 413 5374 518 5428; x_wconf 80' lang='lat' dir='ltr'><strong>stia</strong></span> <span class='ocrx_word' id='word_1_763' title='bbox 547 5376 984 5445; x_wconf 75' lang='lat' dir='ltr'><strong>sublevati;cum</strong></span> <span class='ocrx_word' id='word_1_764' title='bbox 1010 5394 1140 5433; x_wconf 83' lang='lat' dir='ltr'><strong>vero</strong></span> <span class='ocrx_word' id='word_1_765' title='bbox 1170 5382 1239 5435; x_wconf 88' lang='lat' dir='ltr'><strong>ad</strong></span> <span class='ocrx_word' id='word_1_766' title='bbox 1273 5386 1472 5439; x_wconf 88' lang='lat' dir='ltr'><strong>malum</strong></span> <span class='ocrx_word' id='word_1_767' title='bbox 1500 5387 1975 5462; x_wconf 78' lang='lat' dir='ltr'><strong>declinaverimus,</strong></span> 
     </span>
    </p>
   </div>
   <div class='ocr_carea' id='block_1_109' title="bbox 518 5509 1049 5576">
    <p class='ocr_par' dir='ltr' id='par_1_109' title="bbox 518 5509 1049 5576">
     <span class='ocr_line' id='line_1_109' title="bbox 518 5509 1049 5576; baseline 0.006 -14"><span class='ocrx_word' id='word_1_768' title='bbox 518 5509 561 5538; x_wconf 88' lang='grc'>³⁷</span> <span class='ocrx_word' id='word_1_769' title='bbox 600 5510 765 5564; x_wconf 80' lang='lat' dir='ltr'><strong>Eccli.</strong></span> <span class='ocrx_word' id='word_1_770' title='bbox 801 5528 874 5576; x_wconf 74' lang='grc' dir='ltr'><strong>ιι,</strong></span> <span class='ocrx_word' id='word_1_771' title='bbox 909 5513 1049 5565; x_wconf 74' lang='lat' dir='ltr'><strong>I-M.</strong></span> 
     </span>
    </p>
   </div>
   <div class='ocr_carea' id='block_1_110' title="bbox 1151 5517 1701 5585">
    <p class='ocr_par' dir='ltr' id='par_1_110' title="bbox 1151 5517 1701 5585">
     <span class='ocr_line' id='line_1_110' title="bbox 1151 5517 1701 5585; baseline 0.025 -17"><span class='ocrx_word' id='word_1_772' title='bbox 1151 5517 1195 5549; x_wconf 68' lang='grc'><strong>³⁸</strong></span> <span class='ocrx_word' id='word_1_773' title='bbox 1228 5517 1391 5573; x_wconf 86' lang='lat' dir='ltr'><strong>Eccli.</strong></span> <span class='ocrx_word' id='word_1_774' title='bbox 1426 5536 1485 5585; x_wconf 83' lang='grc' dir='ltr'><strong>ιι,</strong></span> <span class='ocrx_word' id='word_1_775' title='bbox 1528 5527 1701 5582; x_wconf 75' lang='grc'><strong>11-15.</strong></span> 
     </span>
    </p>
   </div>
   <div class='ocr_carea' id='block_1_111' title="bbox 416 5576 874 5641">
    <p class='ocr_par' dir='ltr' id='par_1_111' title="bbox 416 5576 874 5641">
     <span class='ocr_line' id='line_1_111' title="bbox 416 5576 874 5641; baseline 0.017 -14"><span class='ocrx_word' id='word_1_776' title='bbox 416 5576 460 5607; x_wconf 73' lang='grc'>⁸³</span> <span class='ocrx_word' id='word_1_777' title='bbox 488 5576 508 5629; x_wconf 97' lang='lat' dir='ltr'><strong>I</strong></span> <span class='ocrx_word' id='word_1_778' title='bbox 540 5576 672 5641; x_wconf 72' lang='lat' dir='ltr'><strong>Reg.</strong></span> <span class='ocrx_word' id='word_1_779' title='bbox 707 5595 784 5641; x_wconf 74' lang='lat' dir='ltr'><strong>xl,</strong></span> <span class='ocrx_word' id='word_1_780' title='bbox 818 5582 874 5636; x_wconf 71' lang='lat'><strong>2.</strong></span> 
     </span>
    </p>
   </div>
   <div class='ocr_carea' id='block_1_112' title="bbox 949 5581 1371 5648">
    <p class='ocr_par' dir='ltr' id='par_1_112' title="bbox 949 5581 1371 5648">
     <span class='ocr_line' id='line_1_112' title="bbox 949 5581 1371 5648; baseline 0.014 -13"><span class='ocrx_word' id='word_1_781' title='bbox 949 5583 993 5613; x_wconf 78' lang='grc'><strong><em>⁵³</em></strong></span> <span class='ocrx_word' id='word_1_782' title='bbox 1014 5581 1149 5638; x_wconf 87' lang='lat' dir='ltr'><strong>Gen.</strong></span> <span class='ocrx_word' id='word_1_783' title='bbox 1195 5600 1251 5648; x_wconf 86' lang='lat' dir='ltr'><strong>it.</strong></span> <span class='ocrx_word' id='word_1_784' title='bbox 1285 5588 1371 5641; x_wconf 77' lang='lat' dir='ltr'><strong>I5.</strong></span> 
     </span>
    </p>
   </div>
   <div class='ocr_carea' id='block_1_113' title="bbox 1844 5532 2320 5594">
    <p class='ocr_par' dir='ltr' id='par_1_113' title="bbox 1844 5532 2320 5594">
     <span class='ocr_line' id='line_1_113' title="bbox 1844 5532 2320 5594; baseline -0.002 -8"><span class='ocrx_word' id='word_1_785' title='bbox 1844 5534 1888 5564; x_wconf 80' lang='lat'><strong><em>”</em></strong></span> <span class='ocrx_word' id='word_1_786' title='bbox 1921 5532 2081 5588; x_wconf 85' lang='lat' dir='ltr'><strong>Cant.</strong></span> <span class='ocrx_word' id='word_1_787' title='bbox 2115 5547 2201 5594; x_wconf 86' lang='lat' dir='ltr'><strong>in,</strong></span> <span class='ocrx_word' id='word_1_788' title='bbox 2235 5533 2320 5585; x_wconf 85' lang='grc' dir='ltr'><strong>Η.</strong></span> 
     </span>
    </p>
   </div>
   <div class='ocr_carea' id='block_1_114' title="bbox 2302 5020 3444 5097">
    <p class='ocr_par' dir='ltr' id='par_1_114' title="bbox 2302 5020 3444 5097">
     <span class='ocr_line' id='line_1_114' title="bbox 2302 5020 3444 5097; baseline -0.009 -15"><span class='ocrx_word' id='word_1_789' title='bbox 2302 5030 2461 5097; x_wconf 57' lang='grc' dir='ltr'>Ριιθι.</span> <span class='ocrx_word' id='word_1_790' title='bbox 2490 5058 2560 5066; x_wconf 92' lang='lat'><strong>—</strong></span> <span class='ocrx_word' id='word_1_791' title='bbox 2595 5024 2968 5079; x_wconf 80' lang='grc' dir='ltr'><strong>ΠΟΥΛΔΙΩΝΙ</strong></span> <span class='ocrx_word' id='word_1_792' title='bbox 3000 5020 3444 5090; x_wconf 80' lang='grc' dir='ltr'><strong>ΔῙΑΨΗΦῘΣΤῌ.</strong></span> 
     </span>
    </p>
   </div>
   <div class='ocr_carea' id='block_1_115' title="bbox 2160 5111 3652 5186">
    <p class='ocr_par' dir='ltr' id='par_1_115' title="bbox 2160 5111 3652 5186">
     <span class='ocr_line' id='line_1_115' title="bbox 2160 5111 3652 5186; baseline -0.011 -9"><span class='ocrx_word' id='word_1_793' title='bbox 2160 5124 2326 5177; x_wconf 88' lang='grc' dir='ltr'>Ὅταν</span> <span class='ocrx_word' id='word_1_794' title='bbox 2365 5122 2457 5174; x_wconf 69' lang='grc' dir='ltr'>ἐπὶ</span> <span class='ocrx_word' id='word_1_795' title='bbox 2479 5120 2589 5172; x_wconf 89' lang='grc' dir='ltr'><strong>τῶν</strong></span> <span class='ocrx_word' id='word_1_796' title='bbox 2616 5118 2755 5172; x_wconf 86' lang='grc' dir='ltr'><strong>κατά</strong></span> <span class='ocrx_word' id='word_1_797' title='bbox 2799 5116 2957 5186; x_wconf 85' lang='grc' dir='ltr'>φύσιν</span> <span class='ocrx_word' id='word_1_798' title='bbox 3008 5113 3275 5184; x_wconf 80' lang='grc' dir='ltr'>λαμπρῶν</span> <span class='ocrx_word' id='word_1_799' title='bbox 3313 5111 3652 5183; x_wconf 75' lang='grc' dir='ltr'>διατρίϐομεν</span> 
     </span>
    </p>
   </div>
   <div class='ocr_carea' id='block_1_116' title="bbox 2088 5201 3650 5283">
    <p class='ocr_par' dir='ltr' id='par_1_116' title="bbox 2088 5201 3650 5283">
     <span class='ocr_line' id='line_1_116' title="bbox 2088 5201 3650 5283; baseline -0.011 -15"><span class='ocrx_word' id='word_1_800' title='bbox 2088 5214 2383 5283; x_wconf 85' lang='grc' dir='ltr'>λογισμῶν,</span> <span class='ocrx_word' id='word_1_801' title='bbox 2431 5214 2489 5264; x_wconf 91' lang='grc' dir='ltr'><strong>ἐν</strong></span> <span class='ocrx_word' id='word_1_802' title='bbox 2520 5210 2829 5281; x_wconf 79' lang='grc' dir='ltr'>παραδείσῳ</span> <span class='ocrx_word' id='word_1_803' title='bbox 2875 5206 3064 5278; x_wconf 80' lang='grc' dir='ltr'>ἐσμὲν,</span> <span class='ocrx_word' id='word_1_804' title='bbox 3114 5203 3312 5274; x_wconf 76' lang='grc' dir='ltr'>γυμνοὶ</span> <span class='ocrx_word' id='word_1_805' title='bbox 3370 5201 3577 5263; x_wconf 89' lang='grc' dir='ltr'>παθῶν,</span> <span class='ocrx_word' id='word_1_806' title='bbox 3605 5201 3650 5252; x_wconf 85' lang='grc' dir='ltr'><strong>οί</strong></span> 
     </span>
    </p>
   </div>
   <div class='ocr_carea' id='block_1_117' title="bbox 2089 5290 3651 5376">
    <p class='ocr_par' dir='ltr' id='par_1_117' title="bbox 2089 5290 3651 5376">
     <span class='ocr_line' id='line_1_117' title="bbox 2089 5290 3651 5376; baseline -0.013 -16"><span class='ocrx_word' id='word_1_807' title='bbox 2089 5305 2534 5376; x_wconf 87' lang='grc' dir='ltr'>προσευχόμενοι,</span> <span class='ocrx_word' id='word_1_808' title='bbox 2564 5303 2655 5354; x_wconf 76' lang='grc' dir='ltr'><strong>καὶ</strong></span> <span class='ocrx_word' id='word_1_809' title='bbox 2682 5302 2747 5371; x_wconf 82' lang='grc' dir='ltr'>τῇ</span> <span class='ocrx_word' id='word_1_810' title='bbox 2778 5299 2945 5370; x_wconf 83' lang='grc' dir='ltr'>ἀρετῇ</span> <span class='ocrx_word' id='word_1_811' title='bbox 2969 5294 3456 5370; x_wconf 50' lang='grc' dir='ltr'>ἀνακουφιξόμιενοι</span> <span class='ocrx_word' id='word_1_812' title='bbox 3483 5292 3564 5350; x_wconf 85' lang='grc' dir='ltr'><strong>είς</strong></span> <span class='ocrx_word' id='word_1_813' title='bbox 3587 5290 3651 5341; x_wconf 75' lang='grc' dir='ltr'>τὰ</span> 
     </span>
    </p>
   </div>
   <div class='ocr_carea' id='block_1_118' title="bbox 2085 5378 3651 5467">
    <p class='ocr_par' dir='ltr' id='par_1_118' title="bbox 2085 5378 3651 5467">
     <span class='ocr_line' id='line_1_118' title="bbox 2085 5378 3651 5467; baseline -0.011 -18"><span class='ocrx_word' id='word_1_814' title='bbox 2085 5396 2378 5467; x_wconf 87' lang='grc' dir='ltr'>ἐπουράνια</span> <span class='ocrx_word' id='word_1_815' title='bbox 2412 5412 2426 5426; x_wconf 75' lang='grc' dir='ltr'><strong>ο</strong></span> <span class='ocrx_word' id='word_1_816' title='bbox 2455 5394 2580 5447; x_wconf 84' lang='grc' dir='ltr'>ὅταν</span> <span class='ocrx_word' id='word_1_817' title='bbox 2602 5392 2658 5445; x_wconf 83' lang='grc' dir='ltr'>δὲ</span> <span class='ocrx_word' id='word_1_818' title='bbox 2690 5390 2825 5460; x_wconf 73' lang='grc' dir='ltr'>πρὸς</span> <span class='ocrx_word' id='word_1_819' title='bbox 2853 5388 2911 5440; x_wconf 81' lang='grc' dir='ltr'>τὸ</span> <span class='ocrx_word' id='word_1_820' title='bbox 2932 5386 3097 5440; x_wconf 78' lang='grc' dir='ltr'>κακὸν</span> <span class='ocrx_word' id='word_1_821' title='bbox 3122 5383 3377 5455; x_wconf 73' lang='grc' dir='ltr'>ρέψομεν,</span> <span class='ocrx_word' id='word_1_822' title='bbox 3404 5378 3651 5434; x_wconf 74' lang='grc' dir='ltr'>ἐκϐαλλό-</span> 
     </span>
    </p>
   </div>
   <div class='ocr_carea' id='block_1_119' title="bbox 2432 5516 3643 5583">
    <p class='ocr_par' dir='ltr' id='par_1_119' title="bbox 2432 5516 3643 5583">
     <span class='ocr_line' id='line_1_119' title="bbox 2432 5516 3643 5583; baseline -0.007 -1"><span class='ocrx_word' id='word_1_823' title='bbox 2432 5531 2477 5562; x_wconf 71' lang='lat'><strong>“</strong></span> <span class='ocrx_word' id='word_1_824' title='bbox 2508 5529 2647 5583; x_wconf 87' lang='lat' dir='ltr'><strong>Gen.</strong></span> <span class='ocrx_word' id='word_1_825' title='bbox 2718 5541 2777 5579; x_wconf 91' lang='grc' dir='ltr'><strong>ιιι</strong></span> <span class='ocrx_word' id='word_1_826' title='bbox 2867 5525 2955 5579; x_wconf 78' lang='grc'><strong>18.</strong></span> <span class='ocrx_word' id='word_1_827' title='bbox 3098 5519 3139 5551; x_wconf 62' lang='grc' dir='ltr'><strong>ι’</strong></span> <span class='ocrx_word' id='word_1_828' title='bbox 3182 5516 3525 5583; x_wconf 62' lang='grc' dir='ltr'>Μοιιιωκι,</span> <span class='ocrx_word' id='word_1_829' title='bbox 3562 5517 3643 5574; x_wconf 80' lang='lat' dir='ltr'><strong>I9.</strong></span> 
     </span>
    </p>
   </div>
  </div>
