3888 6040
159 366 267 428 305

1342 352 1880 411 EPISTOLARUM
1920 353 2063 410 LIB.
2106 354 2188 412 II.

3293 348 3399 414 306

150 470 291 541 μεθα
317 462 409 519 τοῦ
459 463 603 516 θείου
646 460 998 531 παραδείσου.
1067 460 1160 512 καὶ
1208 459 1337 522 τοὺς
1381 460 1732 529 δερματίνους

1851 479 1864 516 ι
1937 462 2124 515 divino
2179 460 2434 530 paradiso
2489 458 2764 529 ejicimur,
2800 465 2855 514 ct
2921 459 3160 527 pelliceis
3190 458 3237 492 “
3265 459 3397 515 affe—

149 555 382 628 χιτῶνας
410 552 519 605 τῶν
560 551 749 604 παθῶν
796 549 1167 618 ἐνδυσάμενοι,
1227 551 1292 619 τῇ
1333 548 1577 618 ἁμαρτίᾳ
1623 565 1726 600 πα.

148 644 447 717 χυνθέντες,
484 639 953 711 καταϐρυνόμεθα.
1008 639 1105 692 “Av
1168 637 1225 690 δὲ
1265 639 1425 691 πάλιν
1462 637 1728 707 νήψαντες

147 738 233 789 διὰ
250 730 929 803 φιλοπονίαςλεπτύνωμεν
950 730 1049 800 τὴν
1062 727 1171 782 τῶν
1189 726 1455 798 ἐμπαθῶν
1478 726 1726 796 χιτώνων

151 824 454 896 παχύτητα,
508 822 790 894 μετάρσιοι
841 819 1107 890 γινόμεθα
1168 817 1599 889 περοφυοῦντες
1652 815 1728 879 ὠς

151 916 319 979 ἀετοὶ,
366 914 458 967 καὶ
505 910 873 981 πνευματικοὶ¹
920 906 1477 980 προσαγορευόμεθα,
1548 903 1728 967 καθὼς

151 1004 487 1073 γέγραπται,
523 1002 607 1055 ὃτι
651 1002 680 1053 6
712 998 1110 1069 γεγεννημένος
1155 998 1221 1050 ἐκ
1264 995 1359 1049 τοῦ
1396 994 1727 1065 πνεύματος,

148 1092 367 1163 πνεῦμά
398 1094 565 1145 ἐστιν·
595 1090 737 1143 ὥστε
762 1088 942 1156 λέγειν
971 1089 1102 1158 ἡμῖν
1135 1087 1226 1141 τὸν
1264 1084 1558 1140 ἀπόστολον
1577 1082 1727 1137 Παῦ-

147 1184 235 1238 λον
260 1200 276 1215 ’
313 1201 335 1237 ι
365 1183 554 1252 Ὑμεῖς
601 1183 659 1236 δὲ
691 1183 793 1236 ούκ
832 1180 956 1235 ἐστέ
993 1181 1051 1235 ἐν
1094 1178 1281 1249 σαρκὶ,
1313 1176 1428 1231 ἀλλ’
1482 1177 1540 1229 ἐν
1567 1173 1731 1228 πνεύο

148 1291 306 1345 ματι,
337 1292 356 1325 ι
395 1272 530 1326 διότι
560 1272 839 1325 ἀπέθεσθε
894 1270 987 1324 τδν
1030 1268 1261 1323 παλαιὸν
1299 1266 1605 1337 ἄνθρωπον,
1637 1263 1730 1317 τὸν

145 1365 266 1424 ταῖς
298 1361 572 1423 ποικίλαις
612 1360 930 1430 ἐπιθυμίαις
980 1358 1324 1430 διεφθορότα.
1386 1357 1578 1430 ,Σάρκα
1620 1355 1731 1425 γὰρ

145 1452 548 1523 περικείμενοι,
587 1452 648 1504 οὺ
675 1428 819 1505 κατᾶ
872 1453 1052 1524 σάρκα
1068 1428 1463 1522 νστρήατεύεσθε,
1495 1445 1608 1501 ἀλλ’
1649 1445 1733 1498 οὐ·

148 1543 498 1613 ρανοϐατεῖτε
513 1546 580 1613 τῇ
611 1544 841 1613 διανοίᾳ.
889 1562 908 1595 ι
959 1542 1144 1613 Ὑμῶν
1196 1541 1303 1612 γὰρ
1336 1540 1398 1592 τδ
1430 1537 1733 1606 πολίτευμα

146 1639 202 1690 ἐν
225 1638 480 1707 οὐρανοῖς
495 1636 751 1706 ὑπάρχει.
804 1654 822 1685 ι

521 1727 595 1779 Συ.
635 1755 705 1765 -
726 1725 1048 1794 mitram
1078 1721 1372 1775 KOMHTI.

1827 564 2014 606 ctuum
2093 552 2337 607 vestibus
2414 550 2638 616 amicti,
2702 556 2929 618 peccato
2992 559 3397 605 crassesccntes

1828 642 2150 711 gloriamur.
2192 639 2246 695 Si
2291 656 2509 695 rursum
2541 639 2723 695 studio
2753 639 3047 707 laboreque
3097 638 3218 692 sani
3269 636 3396 691 l‘acti

1827 733 2062 787 vestium
2099 731 2608 801 perturbationibus
2652 730 3015 785 obnoxiarum
3070 726 3399 781 crassitudi-

1826 840 1952 879 nem
1992 823 2424 886 tcnuaverimus,
2465 822 2646 876 enatis
2687 821 2847 875 nobis
2886 819 2989 874 alis
3035 817 3178 873 velut
3208 817 3401 886 aquila:

1828 916 1883 970 in
1925 928 2051 969 aera
2089 913 2481 977 sublevamur,
2514 923 3011 981 nuncupamurque
3047 907 3399 977 Spirituales,

1828 1004 2291 1077 quemadmodum
2326 1004 2593 1074 scriptum
2641 1010 2728 1059 est
2759 1017 2907 1065 eum,
2958 1000 3051 1070 qui
3095 1014 3164 1052 ex
3205 996 3399 1066 spiritu

1831 1097 2048 1167 genitus
2076 1104 2181 1159 est,
2216 1095 2471 1165 spiritum
2507 1110 2632 1151 esse
2651 1094 2698 1127 ⁸⁵
2726 1108 2740 1145 :
2765 1092 2899 1147 adeo
2926 1099 2987 1146 ut
3016 1087 3223 1143 Paulus
3280 1101 3405 1155 apo-

1830 1184 2004 1241 stolus
2034 1185 2211 1239 dicat:
2239 1203 2257 1236 ι
2290 1182 2404 1239 Vos
2423 1189 2606 1238 autem
2634 1197 2745 1237 non
2775 1181 2909 1237 estis
2935 1180 2990 1235 in
3015 1192 3199 1243 carne,
3224 1176 3319 1232 sed
3348 1175 3404 1229 in

1831 1276 2030 1347 Spiritu
2058 1278 2124 1341 ⁸⁸,
2186 1295 2204 1326 ι
2261 1273 2519 1343 quoniam
2572 1271 2905 1342 deposuistis
2966 1267 3129 1339 224
3166 1272 3402 1321 veterem

1833 1367 2133 1431 hominem,
2182 1365 2350 1420 variis
2389 1363 2680 1420 desideriis
2730 1370 3049 1429 corruptum
3099 1358 3166 1410 ⁸⁷.
3229 1355 3407 1409 Carne

1830 1456 1977 1511 enim
2002 1455 2353 1519 circumdati,
2377 1468 2487 1508 non
2510 1452 2813 1508 secundum
2833 1462 3053 1503 carnem
3074 1442 3322 1500 utilitatis
3336 1441 3403 1504 ⁸⁸,

1832 1548 1926 1604 sed
1985 1547 2313 1618 cogitatione
2375 1546 2431 1599 in
2487 1545 2689 1599 coelum
2741 1537 3084 1597 ascenditis:
3146 1552 3165 1585 ι
3210 1532 3404 1588 Vestra

1832 1650 2071 1705 namque
2096 1634 2447 1690 conversatio
2485 1634 2539 1686 in
2577 1632 2733 1687 cretis
2761 1638 2847 1685 est
2872 1628 2940 1681 “.
2983 1646 3001 1678 ι

2214 1724 2320 1778 CC.
2348 1754 2415 1763 —
2439 1720 2730 1776 SOCRA'I‘I
2758 1716 3013 1775 COMITI.

214 1815 497 1887 Εὐμαρῶς
541 1815 662 1871 λίαν
720 1815 828 1868 τῶν
884 1814 1154 1868 θανόντων
1193 1812 1495 1881 ἀνθρώπων
1523 1810 1589 1862 τὰ
1625 1810 1732 1861 σώ-

1894 1813 2191 1887 Ὲσρίιιίιῐιο
2228 1814 2449 1882 negotio
2497 1811 2914 1865 demortuorum
2963 1803 3247 1859 hominum
3281 1814 3407 1854 cor-

150 1924 299 1978 ματα
344 1909 375 1959 ό
404 1907 597 1977 Σωτὴρ
624 1905 861 1976 Χριστὸς
900 1903 1196 1972 ἀναστήσει
1231 1900 1423 1954 θᾶττον
1456 1898 1728 1968 πταρμοῦ.

150 1998 308 2050 Ποῖον
341 1996 474 2067 γὰρ,
514 1995 634 2049 εἰπέ
670 2012 781 2065 μοι,
826 1995 1008 2063 μεῖζον
1034 1995 1091 2046 ἐν
1127 1990 1413 2061 συγκρίσει
1448 1987 1731 2056 καμάτων,

150 2088 448 2159 ἀνδριάντα
470 2087 673 2142 πλάσαι
703 2087 793 2139 τὸν
826 2084 1017 2156 πρώην
1075 2084 1149 2154 μὴ
1192 2079 1499 2150 ὑφεστῶτα,
1553 2076 1587 2146 ἢ
1643 2074 1734 2128 τὸν

1834 1886 1968 1974 pora
2009 1904 2265 1957 Salvator
2303 1902 2562 1957 Christus
2617 1903 3061 1956 sternutamento
3099 1892 3266 1946 citius
3318 1904 3406 1943 re-

1836 2008 2062 2065 surgere
2097 1993 2284 2047 faciet.
2313 1991 2454 2058 Quid
2485 1991 2654 2053 enim,
2686 1989 2795 2053 dic,
2834 1986 3019 2047 sodes,
3053 1982 3106 2036 in
3150 1982 3400 2035 laborum

1835 2084 2252 2152 comparatione
2301 2082 2485 2149 majus
2522 2080 2650 2134 est?
2705 2078 3052 2139 Statuamne,
3089 2086 3209 2140 quae
3248 2076 3407 2123 antea

150 2180 481 2233 διαπεσόντα
509 2177 967 2248 ἀναχονεῦσαιείς
1001 2174 1064 2227 τ’)
1116 2172 1288 2236 αύτό;
1329 2171 1389 2222 Ὀ
1432 2168 1615 2222 τοίνυν
1670 2167 1735 2219 ἐκ

1851 2175 1984 2229 iulla
2015 2181 2157 2235 erat,
2193 2170 2476 2241 elIingere,
2510 2184 2580 2224 an
2619 2182 2753 2223 casu
2801 2165 3059 2235 quopiam
3092 2162 3397 2227 disruptam

151 2270 241 2323 τοῦ
274 2270 352 2340 μὴ
382 2270 534 2334 όντος
561 2244 798 2338 ποιησας
816 2268 966 2335 ἡμᾶς
985 2264 1142 2328 θεὸς,
1182 2262 1342 2331 δῆλον
1370 2260 1454 2313 ὅτι
1492 2258 1588 2312 καὶ
1632 2273 1734 2310 πε-

152 2361 446 2423 πτωκότας
473 2362 624 2433 ἡμᾶς
651 2358 1016 2435 ἐξαναστῆσαι
1035 2355 1345 2424 δυνήσεται.

440 2631 561 2683 ZA'.
596 2656 668 2668 —
698 2627 1007 2695 ΒΟΥΣΙΡΙῼ
1046 2621 1454 2689 ΝΑΥΚΛΗΡῼ.

222 2722 519 2793 Μέμνησο,
561 2721 645 2774 ὅτι
668 2721 702 2790 ἡ
741 2720 884 2789 χήρα
926 2717 961 2788 ἡ
997 2717 1055 2769 ἐν
1086 2717 1199 2777 τοῖς
1236 2709 1591 2780 Εύαγγελίοις
1637 2724 1735 2775 γε,

155 2812 497 2885 γραμμένη,
555 2809 650 2863 ἐπὶ
702 2808 862 2863 ίκανὰ
904 2807 997 2877 ἐτη
1056 2804 1381 2873 ἐνετύγχανε
1436 2798 1515 2870 τῷ
1565 2797 1737 2866 ἀδίκῳ

156 2908 321 2977 κριτῇ
374 2903 571 2973 ἐκείνῳ
611 2902 879 2970 λέγουσα’
926 2918 945 2952 ι
989 2895 1309 2965 Ἐκδίκησόν
1372 2910 1439 2961 με
1483 2890 1591 2945 ἀπὸ
1640 2889 1735 2941 τοῦ

157 2996 437 3051 ἀντιδίκου
491 3011 614 3065 μου.
662 2992 836 3055 Αὐτὸς
886 2990 945 3043 δὲ
996 2991 1097 3043 οὐκ
1146 2988 1337 3059 ἢθελεν
1388 2986 1482 3040 ἐπὶ
1518 2983 1734 3056 χρόνον,

158 3087 276 3141 ἀλλ’
311 3083 692 3157 ὑπερετίθετο.
730 3102 748 3135 ι
803 3080 1097 3145 ’Δντίδικος
1148 3078 1215 3133 ἂν
1264 3080 1349 3148 εἴη
1397 3077 1458 3130 ού
1507 3076 1665 3147 μόνον
1709 3074 1738 3126 ό

1835 2267 1891 2321 in
1919 2264 2167 2321 eamdem
2202 2261 2432 2317 formam
2459 2258 2729 2315 reﬁcere?
2756 2256 2861 2323 Qui
2893 2256 3064 2326 igitur
3093 2268 3196 2307 nos
3223 2267 3289 2305 ex
3320 2266 3406 2310 eo.

1835 2356 1978 2428 quod
2012 2369 2121 2409 non
2159 2361 2301 2418 erat,
2336 2353 2480 2408 Deus
2508 2349 2746 2413 creavit,
2783 2349 2900 2418 ipse
2934 2362 3068 2408 nos.
3103 2352 3402 2414 postquam

1838 2447 2219 2507 ceciderimus.
2247 2444 2707 2501 utcclarissimum
2738 2449 2844 2508 est,
2894 2454 2924 2494 a
2981 2438 3168 2492 limine
3214 2432 3409 2487 mortis

1836 2541 2131 2596 restituere
2160 2535 2382 2608 p’oterit.
2726 2518 2731 2523 ⁴

2138 2628 2269 2684 CCI.
2297 2660 2366 2671 —
2390 2623 2674 2683 BUSIRIO
2703 2619 3098 2678 NAUCLERO.

1908 2718 2241 2783 Recordare,
2273 2717 2515 2779 viduam,
2567 2731 2687 2785 quae
2748 2715 2802 2768 in
2857 2708 3173 2780 Evangeliis
3226 2704 3414 2775 expri-

1838 2812 2025 2877 mitur,
2080 2825 2177 2880 per
2226 2807 2429 2863 multos
2490 2820 2665 2861 annos
2715 2804 3045 2863 instantem,
3151 2793 3410 2863 injustum

1840 2901 1992 2955 illum
2045 2900 2286 2969 iudicem
2359 2897 2684 2953 convenisse
2749 2892 2984 2948 dicendo
3042 2906 3054 2941 :
3115 2907 3133 2939 ι
3184 2885 3415 2939 Vindica

1840 3006 1927 3048 me
1954 2990 2023 3046 de
2047 2989 2363 3047 adversario
2412 3003 2553 3043 meo.
2587 2988 2657 3040 At
2690 2985 2782 3040 ille
2815 2982 3038 3038 nolebat
3064 2978 3131 3033 ad
3172 2984 3414 3044 tempus,

1841 3081 1938 3138 sed
2003 3080 2290 3136 diﬂ'erebat
2345 3078 2615 3150 judicium
2667 3078 2734 3130 ⁸ο.
2771 3093 2789 3127 ι
2842 3072 3204 3128 Adversarius
3256 3081 3419 3137 porro

158 3179 406 3249 δαίμων,
426 3153 578 3230 ἀλλὰ
616 3175 711 3229 καὶ
747 3173 810 3227 τὸ
842 3173 1097 3243 φρόνημα
1131 3169 1193 3223 τὸ
1226 3168 1513 3239 σαρκικόν.
1541 3164 1740 3217 ’Υστε-

1851 3171 2010 3227 l'uerit
2037 3186 2149 3226 non
2179 3177 2389 3224 tantum
2418 3167 2652 3232 damon,
2682 3164 2777 3220 sed
2809 3163 2975 3218 etiam
3000 3158 3259 3229 cogitatio
3292 3169 3417 3210 car-

163 3288 254 3341 pov
285 3270 348 3325 δὲ
399 3266 712 3329 ἐκϐιασθεὶς
750 3267 816 3319 ἐκ
860 3263 961 3334 τῆς
1005 3261 1339 3331 ἐνοχλήσεως
1380 3260 1409 3312 ὁ
1452 3255 1735 3324 δικαστὴς.

161 3361 451 3431 ἐξεδίκησε
473 3358 575 3429 τὴν
597 3359 795 3428 χήραν.
834 3354 947 3425 Τὴν
982 3352 1162 3406 τοίνυν
1193 3348 1507 3420 παραϐολὴν
1540 3345 1744 3413 ταύτην

164 3454 308 3526 πρὸς
348 3453 498 3523 ἡμᾶς
532 3450 561 3501 6
592 3448 799 3519 Κύριος
836 3444 1079 3516 εἴρηκεν,
1115 3443 1325 3512 νευρῶν
1347 3441 1517 3511 ἡμᾶς,
1555 3438 1641 3490 ἵνα
1671 3436 1745 3505 μὴ

165 3543 659 3612 ἀιιιξογινώσκωμιῑν⁶
674 3538 938 3608 δεόμενοι,
968 3536 1062 3587 καὶ
1106 3531 1401 3594 αἰτοῦντες.
1434 3529 1605 3592 Αὐτὸς
1639 3528 1748 3598 γὰρ

166 3637 197 3687 6
230 3632 618 3705 φιλάνθρωπος
665 3629 871 3699 Κύριος
906 3626 1193 3679 ἐπίσταται
1237 3622 1329 3676 τὸν
1366 3617 1610 3692 καιρὸν,
1659 3620 1749 3672 ὅτε

172 3727 428 3799 βούλεται
463 3723 792 3788 ἐπακούσαι,
827 3721 923 3775 καὶ
973 3718 1157 3772 δοῦναι
1199 3716 1277 3787 τῷ
1304 3716 1545 3769 αἰτοῦντι
1570 3714 1633 3767 τὸ
1667 3712 1750 3766 at!-

170 3834 347 3887 τημα.
397 3817 506 3869 Καὶ
553 3815 675 3868 τότε
713 3816 841 3868 ὅταν
883 3811 1137 3881 θελήσει,
1175 3809 1409 3878 τάχιστα
1467 3810 1609 3859 ποιεῖ
1651 3807 1751 3875 τὴν

173 3909 463 3978 ἐκδίκησιν
491 3906 599 3958 τῶν
638 3904 1149 3973 καταπονουμένων,
1184 3904 1279 3954 καὶ
1314 3899 1749 3966 όνειδιζομένων,

175 3996 365 4059 καθὼς
403 3996 746 4067 γέγραπταν
786 4013 805 4047 ι
861 3995 949 4047 Ἐν
984 3992 1063 4062 τῷ
1094 3988 1349 4058 λέγεσθαί
1384 3996 1473 4059 μοι
1514 3987 1752 4040 καθεκά-

180 4101 318 4154 στην
350 4081 598 4153 ἡμέραν⁸
642 4078 752 4134 Ποῦ
792 4080 941 4133 ἐστιν
969 4080 998 4130 6
1032 4076 1164 4140 Θεός
1204 4091 1341 4139 σου;
1378 4093 1397 4127 ι
1433 4073 1604 4127 Τοῦτο
1643 4072 1752 4141 γὰρ

179 4176 279 4228 καὶ
310 4174 389 4243 τῷ
418 4170 774 4243 παραλυτικῷ
815 4168 892 4239 τῷ
941 4171 998 4221 ἐν
1024 4170 1090 4239 τῇ
1140 4165 1446 4237 προϐατικῇ
1492 4177 1752 4217 κατακει-

186 4267 373 4340 μένῳ,
423 4263 760 4335 καθέριαστον
807 4260 926 4323 ἔτος
971 4257 1404 4328 ἀποτυγχάνοντι
1440 4255 1541 4324 τῆς
1583 4269 1753 4323 προσ-

182 4358 372 4424 δοκίας
410 4356 517 4411 ὑπὸ
543 4356 815 4428 δαιμόνων
842 4351 1166 4415 ὠνειδίζετο,
1203 4350 1294 4403 καὶ
1327 4346 1560 4415 ἐλέγετο.

456 4447 574 4500 seu
605 4476 673 4486 -
697 4443 1028 4513 ΘΕΟΔΟΣΙῼ
1059 4435 1494 4508 ΑΝΑΓΝΩΣΤῌ.

268 4540 480 4609 Ὥσπερ
507 4538 568 4590 τὸ
595 4535 698 4608 ἤδη
731 4534 996 4606 ξηρανθέν
1026 4530 1086 4596 ἐξ
1117 4530 1374 4601 ἀνυδρίας
1402 4526 1579 4594 ξύλον,
1604 4524 1758 4578 ὕδατι

188 4630 527 4699 κοινωνῆσαν
561 4627 937 4689 ἐκϐλαστάνει,
965 4622 1107 4677 οὕτω
1150 4621 1247 4675 καὶ
1278 4618 1424 4690 ψυχὴ
1454 4618 1544 4671 διὰ
1581 4617 1762 4686 ἁμαρ-

189 4721 315 4784 τίας
348 4719 729 4790 νενεκρωμένη
751 4758 767 4782 ,
802 4719 850 4769 εί
883 4714 1185 4786 μετανοήσῃ
1206 4751 1222 4777 ,
1268 4710 1364 4764 καὶ
1411 4706 1765 4777 ἐξιλεώσηται

191 4811 287 4863 τὸν
319 4811 519 4864 οίκεῖον
558 4810 836 4876 Δεσπότην
857 4849 871 4872 ,
903 4803 1231 4858 ἐκπλύνεται
1257 4799 1366 4853 τῶν
1415 4798 1638 4870 ρύπων,
1670 4795 1766 4850 ιιιαλ⁸

193 4901 422 4973 χάριτος
454 4899 827 4970 πνευματικῆς
864 4893 1278 4969 μεταλαϐοῦσα,
1329 4892 1423 4945 καὶ
1454 4889 1767 4944 ποτισθεῖσα

198 4993 291 5047 τδν
317 4991 441 5045 νοῦν
469 4994 589 5054 ταῖς
610 4990 891 5052 πλουσίαις
917 4985 1163 5055 σταγόσι,
1194 4983 1442 5054 καρποὺς
1474 4979 1769 5052 προϐάλλει

202 5086 385 5153 πάσης
410 5082 781 5151 δικαιοσύνης.

498 5173 616 5226 ΣΡ.
643 5200 715 5211 -—
747 5169 999 5239 ΖΩΣΙΜῼ
1035 5161 1468 5233 ΚΔΛΛΙΓΑΡΙῼ.

287 5264 385 5318 Ἐκ
414 5262 797 5326 ταπεινώσεως
829 5260 996 5330 μόνης
1030 5259 1297 5311 σέσωσται
1320 5260 1348 5310 6
1381 5253 1616 5322 τελώνης
1639 5268 1653 5282 ·
1685 5248 1777 5302 καί

207 5373 373 5425 φησιν
403 5358 431 5410 6
457 5356 682 5425 Κύριος,
706 5355 787 5408 ὅτι
834 5373 852 5405 ι
875 5354 989 5416 Πᾶς
1022 5354 1050 5404 6
1076 5348 1351 5405 ταπεινῶν
1379 5346 1593 5410 ἐαυτὸν,
1627 5342 1775 5403 ὑψω-

208 5447 456 5517 θήσεται.
494 5466 514 5498 ι
558 5447 759 5517 Διόπερ
800 5444 896 5497 καὶ
939 5444 968 5497 ὁ
1014 5442 1165 5510 ἂγιος
1195 5438 1356 5493 Δαυῒδ
1394 5438 1513 5491 ἀντὶ
1549 5452 1777 5506 συνηγο-

213 5541 338 5610 ρίας
364 5539 549 5611 τίθησι
576 5539 735 5594 τοῦτο
772 5537 947 5606 λέγων
974 5553 988 5567 ο
1024 5555 1043 5587 ι
1080 5533 1323 5605 Πρόσχες
1354 5532 1490 5603 πρὸς
1517 5532 1616 5601 τὴν
1657 5530 1778 5599 δέη-

1846 3263 1955 3319 nis.
1988 3262 2351 3320 Postmodum
2394 3260 2561 3330 judex
2601 3255 3015 3327 importunitate
3058 3249 3236 3304 viduae
3264 3260 3419 3301 com-

1848 3357 2066 3429 pulsus,
2097 3354 2321 3409 viduam
2359 3350 2680 3407 vindicavit.
2712 3346 2867 3401 Hanc
2906 3343 3073 3413 igitur
3101 3332 3421 3396 similitudi—

1849 3464 1972 3504 nem
2003 3447 2274 3503 Dominus
2296 3444 2514 3506 aﬂ‘atur,
2539 3458 2642 3497 nos
2664 3437 3057 3497 corroborans,
3081 3446 3150 3487 ne
3172 3436 3419 3486 orantes,

1848 3545 2205 3609 petentesque
2255 3537 2500 3591 animum
2570 3529 3031 3603 despondeamus.
3088 3522 3208 3593 Ipse
3272 3519 3418 3575 enim

1850 3630 2287 3687 humanissimus
2355 3626 2617 3680 Dominus
2681 3622 2787 3677 scit
2838 3627 3090 3687 tempus,
3153 3627 3261 3683 quo
3325 3622 3424 3663 nos

1850 3720 2132 3783 exaudire,
2163 3726 2217 3772 et
2253 3715 2589 3787 postulantis
2628 3711 2772 3765 votis
2804 3704 3160 3777 respondere.
3195 3701 3262 3754 Et
3292 3707 3424 3751 tunc

1852 3828 1977 3869 cum
2036 3810 2296 3875 voluerit,
2344 3806 2617 3861 citissime
2660 3814 2960 3872 oppressos
3001 3791 3425 3867 opprobriisque

1854 3904 2079 3959 aiiectos
2110 3898 2425 3960 vindicabit,
2457 3894 2617 3964 225
2649 3900 2710 3948 ut
2757 3890 3023 3957 scriptum
3061 3893 3143 3939 cst
3178 3898 3193 3934 ι
3236 3897 3258 3933 ι
3289 3880 3424 3933 Cum

1853 3994 2056 4048 dicitur
2079 3989 2213 4045 mihi
2241 3983 2489 4057 quotidie
2518 3999 2533 4036 :
2568 3982 2668 4037 Ubi
2703 3988 2787 4036 est
2806 3978 2951 4033 Deus
2987 3982 3114 4029 tuus
3142 3971 3225 4023 ιιι
3259 3989 3276 4019 ι
3313 3965 3426 4020 IIoc

1857 4096 2053 4150 nempe
2104 4087 2159 4134 et
2212 4074 2516 4146 paralytico
2577 4073 2630 4125 in
2687 4067 2972 4139 probatica
3007 4059 3210 4133 jacenti
3258 4057 3327 4119 δ’,
3374 4062 3427 4106 et

1856 4144 2154 4244 quot-almis
2201 4144 2468 4222 frustrato
2519 4159 2936 4231 exspectatione
2990 4169 3018 4207 a
3084 4144 3427 4205 daemonibus

1854 4263 2214 4334 objiciebatur
2234 4265 2285 4313 et
2320 4255 2626 4310 dicebatur.

2140 4436 2298 4492 CCII.
2329 4462 2398 4474 —
2427 4421 2820 4483 THEODOSIO
2846 4415 3165 4473 LECTORI.

1939 4526 2409 4598 Quemadmodum
2428 4534 2583 4591 aquae
2602 4516 2821 4593 deiectu
2841 4512 3118 4568 exsiccato
3134 4507 3245 4576 jam
3263 4504 3430 4575 ligno,

1872 4623 1919 4679 si
1955 4594 2176 4693 Iympha
2224 4614 2467 4680 advenit,
2501 4609 2758 4667 surculos
2807 4600 3027 4664 emittit,
3056 4599 3137 4654 sic
3168 4603 3221 4651 et
3253 4594 3435 4693 anima

1870 4684 2099 4785 peccato
2137 4710 2447 4769 demortua,
2490 4695 2944 4771 sizpmnitentiam
2983 4690 3195 4761 egerit,
3248 4684 3437 4756 propi-

1870 4780 2117 4873 tiumque
2147 4800 2251 4855 sibi
2278 4795 2560 4868 proprium
2591 4789 2881 4845 Dominum
2912 4780 3237 4841 reddiderit,
3256 4791 3293 4873 ιι
3315 4789 3443 4832 sor-

1872 4865 2043 4949 dibus
2064 4865 2436 4958 expurgatur,
2468 4891 2524 4937 et
2558 4875 2868 4950 spiritualis
2905 4870 3095 4942 gratias
3127 4865 3438 4958 particeps,

1873 4953 2218 5049 mentemque
2248 4953 2427 5031 vstillis
2454 4970 2731 5041 opulentis
2770 4965 3020 5035 irrigata,
3068 4960 3281 5014 fructus
3317 4953 3443 5009 uni-

1871 5085 2042 5125 versa:
2068 5048 2297 5137 iustitiae
2330 5048 2560 5132 profert.

2164 5156 2340 5214 CCIII.
2369 5185 2439 5197 --
2468 5152 2721 5211 ZOSIMO
2749 5145 3145 5207 CALIGARIO.

1942 5252 2265 5307 Humilitatc
2288 5250 2402 5306 sola
2432 5247 2761 5318 publicanus
2785 5257 2852 5298 ex
2874 5238 3196 5295 inﬁrmitate
3248 5244 3436 5286 exem-

1874 5352 1999 5413 ptus
2028 5350 2111 5396 est
2142 5359 2155 5396 :
2184 5347 2237 5395 et
2267 5339 2342 5392 ait
2367 5336 2666 5391 Dominus:
2697 5351 2716 5384 ι
2746 5329 3071 5397 Quicunque
3096 5339 3154 5379 se
3174 5318 3445 5378 liumilial,

1876 5410 2207 5489 exaltabitur
2231 5431 2300 5484 ⁸³.
2336 5447 2354 5480 ι
2389 5429 2737 5497 Quapropter
2761 5428 2815 5477 et
2864 5425 3090 5476 sanctus
3144 5410 3308 5466 David
3344 5422 3445 5497 pro

1884 5524 1968 5577 sui
2001 5520 2323 5576 defensione
2354 5519 2447 5571 illa
2489 5496 2743 5571 edisserit
2777 5530 2789 5565 :
2829 5529 2848 5562 ι
2890 5508 3112 5564 Intende
3164 5503 3219 5556 in
3247 5496 3452 5554 oratio-

284 5677 331 5707 “
355 5673 490 5729 Gen.
525 5687 608 5737 ιιι,
644 5654 749 5727 21.
812 5671 858 5702 ⁴⁸
883 5669 1037 5724 Joan.
1068 5685 1151 5735 ιιι,
1175 5670 1228 5723 6.
1305 5668 1351 5699 ⁸⁸
1375 5667 1533 5737 Rom.
1560 5681 1678 5737 vui,
1700 5662 1743 5716 9.

1852 5659 2111 5737 "_Coloss.
2146 5655 2304 5737 Ill,‘9..
2382 5652 2438 5737 ξδ-
2462 5650 2665 5737 ΙίΛΟΟΓ.
2694 5663 2749 5712 x,
2911 5645 2954 5677 ⁸9
2986 5640 3217 5709 Philipp.
3248 5650 3328 5699 ιιι,
3359 5634 3448 5687 20.

214 5747 260 5782 ⁸⁸
294 5745 428 5800 Luc.
453 5735 606 5805 xvui,
635 5742 689 5795 5.
765 5742 807 5774 ⁵⁸
841 5740 981 5797 Psal.
1023 5756 1130 5808 xu,
1160 5740 1212 5797 4.
1291 5740 1334 5770 δ’
1373 5735 1527 5792 Joau.
1566 5751 1615 5800 ν,

1800 5729 1846 5763 ⁸³
1877 5729 2009 5784 Luc.
2040 5715 2328 5788 xvmﬂt;
2393 5720 2765 5785 Mamurram,
2803 5715 2884 5773 12.
