3888 6040
450 279 553 344 ειη

1946 292 2006 349 8ο
2048 294 2210 355 NILI

3586 293 3697 357 308

450 402 575 444 nem
621 399 818 452 meam,
861 387 1119 451 quoniam
1160 391 1478 448 numiliatus
1521 408 1642 447 sum
1686 394 1848 449 nimis
1897 396 1964 459 l";

2123 402 2206 455 σίν
2250 420 2387 472 μου,
2444 405 2525 456 ὅτι
2579 400 2948 470 ὲταπεινὼθην
3010 402 3233 472 σφόδρα.
3291 418 3310 451 ι
3363 401 3471 453 Καὶ
3524 402 3696 456 πάλιν

449 487 506 533 ιι
534 492 728 532 rursus
765 493 779 529 :
817 495 835 528 ι
868 476 1005 533 Vide
1049 480 1407 537 humilitatem
1442 498 1639 548 meam,
1670 492 1724 538 et
1773 485 2012 541 laborem

450 581 655 628 meum,
697 574 751 620 et
795 565 1011 621 dimitte
1069 570 1323 625 universa
1371 570 1567 626 delicta
1628 588 1743 627 mea
1772 574 1838 626 ".
1879 593 1898 624 ι
1937 574 2015 631 Ne

451 651 635 720 itaque
657 653 1037 723 intempestive
1063 658 1438 723 contristeris,
1468 662 1655 715 dic-ens
1689 681 1701 715 :
1738 662 1857 716 Non
1883 672 2013 718 sunt

451 742 581 796 mihi
617 745 883 813 pecuniae,
920 761 1060 816 quas
1092 750 1355 803 continuo
1392 753 1720 819 pauperibus
1757 753 2015 823 suppedi-

448 840 579 887 tem.
614 833 862 905 Namque
907 838 954 893 si
1001 839 1139 893 nihil
1190 840 1489 907 habueris,
1536 842 1672 896 nihil
1714 860 1744 897 a
1780 852 1833 899 te
1866 844 2014 899 Deus

447 933 744 992 exposcet;
782 928 926 996 quod
977 944 1107 984 vero
1158 930 1348 992 habes,
1404 944 1688 1000 promptus
1732 932 2009 989 Salvatori

446 1011 603 1077 οσον,
632 1027 730 1069 cor
759 1031 954 1086 nempe
982 1020 1281 1074 contritum
1310 1030 1366 1074 et
1402 1021 1772 1088 humiliatum,
1796 1033 1851 1080 et
1886 1041 2012 1094 pre-

446 1117 540 1158 ces
595 1105 947 1175 frequentes,
1000 1118 1055 1163 et
1087 1111 1167 1165 sic
1216 1127 1321 1167 non
1371 1116 1648 1181 sperneris
1694 1118 1763 1171 ab
1791 1132 1879 1180 eo,
1916 1120 2010 1186 qui

445 1192 624 1264 diligit
656 1194 971 1255 humiliatos
992 1238 1008 1263 ,
1041 1215 1245 1271 eosque
1281 1203 1446 1257 solari
1481 1220 1585 1259 non
1613 1206 1957 1277 dedignatur.

647 1397 811 1471 226
837 1400 1015 1457 CCIV.
1058 1435 1125 1445 —
1159 1404 1449 1460 VALENTI
1502 1406 1796 1462 SCRIBAS.

515 1483 750 1544 Sanctus
780 1501 833 1544 et
865 1493 1117 1548 viviticus
1148 1494 1403 1563 Spiritus,
1434 1500 1525 1566 qui
1556 1514 1662 1551 una
1691 1500 1852 1554 simul
1881 1516 2008 1554 cum

440 1570 600 1627 Patre
630 1583 685 1629 et
724 1573 862 1632 Filio
906 1582 1186 1644 adoratur,
1236 1592 1289 1636 et
1339 1586 1808 1654 conglorilicalur.
1864 1607 2007 1645 unus

441 1662 569 1716 licet
626 1665 717 1727 sit,
773 1670 1066 1724 multarum
1121 1680 1301 1725 tamen
1335 1674 1598 1727 virtutum
1652 1687 1845 1730 auctor
1898 1689 2000 1733 est.

439 1749 549 1806 Eos
604 1770 860 1825 namque,
916 1758 1006 1827 qui
1059 1774 1119 1813 se
1170 1772 1450 1827 exercent,
1504 1763 1571 1816 ad
1611 1769 2003 1821 continentiam

439 1844 797 1911 corroborat;
863 1855 1183 1912 certantes,
1248 1851 1302 1904 in
1372 1854 1723 1910 confessione
1790 1856 2002 1911 Domini

438 1933 610 1987 nostri
639 1931 770 1988 Jesu
805 1935 1011 1991 Christi
1046 1939 1362 2008 conﬁrmat;
1396 1943 1540 1998 alius
1595 1945 1777 2015 lingua
1832 1948 2006 2000 utitur

438 2022 503 2074 ad
534 2022 883 2092 sapientiam,
912 2028 1058 2081 alius
1108 2030 1351 2083 animum
1402 2032 1467 2083 ad
1512 2034 1768 2089 vaticinia
1802 2036 2004 2089 illumi-

438 2119 553 2177 nat;
587 2114 745 2167 alteri
777 2106 1094 2172 facultatem
1127 2120 1380 2187 abigeudi
1413 2122 1688 2179 dmmones
1718 2126 2000 2196 elargitur,

438 2202 597 2257 alteri
626 2205 841 2261 divinas
875 2210 1180 2277 exponendi
1212 2210 1529 2281 Scripturas
1558 2232 1759 2271 munus
1801 2218 2003 2287 impar-

437 2291 593 2355 titur;
618 2294 783 2349 alium
810 2296 875 2350 ad
893 2298 1283 2355 continentiam
1305 2302 1535 2366 stabilit,
1568 2306 1733 2358 alium
1772 2306 1837 2359 ad
1886 2322 2003 2360 ero-

436 2382 611 2449 ganda
641 2399 740 2438 sua
777 2389 1107 2456 pauperibus
1149 2392 1371 2457 excitat,
1398 2404 1451 2449 et
1473 2396 1597 2448 huic
1626 2396 1842 2465 quidem
1867 2397 2002 2465 vigi-

435 2472 878 2540 liam,jejunium,
898 2476 1187 2550 rerumque
1201 2490 1537 2538 terrenarum
1556 2486 1795 2538 omnium
1810 2486 2002 2555 despe-

433 2569 581 2615 ctum
614 2563 801 2629 donat,
831 2574 884 2622 et
904 2579 1276 2641 paupertatem
1312 2573 1515 2640 fovere,
1555 2583 1608 2630 et
1631 2576 1753 2630 aliis
1784 2592 1997 2647 praepo-

431 2667 564 2707 nere
578 2654 682 2709 sibi
707 2657 808 2725 ipsi
825 2658 1024 2727 vivere,
1039 2669 1094 2715 et
1108 2677 1204 2717 cor
1219 2664 1663 2733 imperterritum;
1682 2667 1845 2720 alium
1861 2675 1997 2721 tem-

431 2744 657 2812 poribus
690 2752 1135 2817 persecutionum
1167 2755 1277 2807 vita
1310 2766 1534 2810 mortem
1573 2758 1841 2824 potiorem
1898 2772 1995 2827 pro

428 2833 650 2890 Christo
679 2837 880 2908 eligere
908 2855 1177 2911 praeparat
1229 2862 1241 2897 :
1276 2854 1330 2899 et
1368 2846 1449 2900 sic
1479 2848 1532 2899 in
1567 2848 1689 2901 aliis
1722 2849 1828 2902 alio
1855 2865 1995 2918 quo-

429 2937 535 2991 que
563 2925 724 2980 modo
753 2938 1032 2997 operatur;
1066 2932 1181 3001 ipse
1204 2948 1334 2989 vero
1380 2942 1577 2989 natura
1608 2951 1709 2991 sua
1769 2946 1853 2991 est
1891 2938 1993 2991 ini-

2115 492 2313 562 φησίν·
2362 511 2381 543 ι
2417 493 2523 545 Ἴδε
2553 493 2652 561 τὴν
2691 491 3016 546 ταπείνωσίν
3057 508 3196 559 μου,
3247 491 3341 543 καὶ
3381 491 3475 543 τὸν
3516 492 3695 543 κόπον

2117 599 2243 651 μου,
2283 582 2378 635 καὶ
2403 582 2539 651 ἄφες
2567 582 2746 644 πάσας
2785 580 2887 643 τὰς
2920 581 3195 651 ἁμαρτίας
3228 597 3349 649 μου.
3392 599 3409 629 ι
3441 581 3533 648 Μὴ
3573 582 3694 633 τοὶ-

2112 689 2206 724 νυν
2241 673 2486 743 ἀκαίρως
2516 671 2710 734 λυποῦ,
2755 670 2951 738 λέγων’
2987 672 3070 723 ὅτι
3119 671 3233 722 Οὐκ
3286 669 3395 738 ἔχω
3424 673 3694 740 χρήματα

2112 764 2194 826 είς
2220 764 2280 816 τὸ
2320 767 2575 833 χορηγεῖν
2618 763 2914 824 ἀπαύστως
2960 764 3075 824 τοῖς
3110 762 3326 827 πένησι.
3360 763 3547 830 Μηδὲν
3572 762 3692 830 γάρ

2112 853 2303 923 ἔχοντά
2333 871 2414 919 σε,
2445 854 2596 906 οὐδὲν
2629 852 2853 924 ζητήσει
2886 853 3017 915 Θεὸς
3045 869 3058 884 ·
3086 852 3114 904 ὃ
3141 852 3199 904 δὲ
3225 852 3389 922 ἔχεις,
3428 852 3503 922 μὴ
3533 851 3689 903 ὄκνει

2112 944 2444 1015 προσφέρειν
2478 943 2557 1012 τῷ
2607 945 2859 1013 Σωτῆρι,
2890 943 3176 1006 τουτέστι,
3210 941 3687 1011 συντετριμμένην

2111 1034 2369 1103 καρδίαν,
2406 1034 2501 1086 καὶ
2537 1032 3009 1102 τεταπεινωμένην
3032 1071 3047 1096 ,
3096 1032 3189 1085 καί⁸
3236 1032 3417 1100 δέησιν
3455 1028 3683 1097 δαψιλῆ,

2110 1125 2206 1177 καὶ
2246 1125 2307 1177 οὐ
2348 1125 2421 1194 μὴ
2448 1122 2812 1195 ἐξουδενωθῇς
2874 1123 3025 1193 παρὰ
3071 1122 3164 1175 τοῦ
3200 1121 3525 1189 ἀγαπῶντος
3551 1120 3685 1182 τοὺς

2108 1216 2613 1285 τεταπεινωμένους
2641 1257 2656 1279 ,
2731 1217 2824 1269 καί
2893 1214 3232 1285 παρακαλεῖν
3294 1212 3520 1275 τούτους
3600 1210 3683 1280 μὴ

2110 1303 2601 1375 ύπερηφανοῦντος.

2410 1398 2526 1451 ΣΝ.
2562 1426 2632 1437 -
2661 1398 3008 1451 ΟΥΑΛΕΝΤΙ
3033 1397 3379 1450 ΣΚΡΙΒΩΝΙ.

2178 1488 2250 1539 Τὺ
2284 1488 2460 1555 ἀγιον,
2490 1490 2582 1541 καὶ
2605 1489 2869 1551 ζωοποιὸν
2898 1489 3123 1556 Πνεῦμα
3154 1489 3215 1541 τὸ
3236 1485 3680 1557 συνπροσκυνούο

2109 1595 2287 1645 μενον,
2330 1580 2424 1631 καὶ
2465 1580 2921 1649 συνδοξαζόμενον
2964 1579 3043 1649 τῷ
3084 1580 3258 1649 Πατρὶ
3291 1577 3495 1647 καὶτῷ
3534 1577 3675 1647 Υἱῷ,

2112 1666 2381 1734 μονοειδὲς
2430 1668 2708 1738 ὑπάρχον,
2762 1669 2965 1731 πολλὰς
3010 1672 3223 1738 ἐνεργεῖ
3263 1669 3484 1739 ἀρετάς.
3535 1668 3677 1727 Τοὺς

2041 1732 2080 1784 Β
2112 1732 2210 1823 μὲν
2254 1756 2361 1825 γὰρ
2398 1732 2703 1825 ἀσκοῦντας
2724 1797 2739 1820 ,
2776 1732 3113 1829 ἰσχυροποιεῖ
3148 1732 3313 1811 κατὰ.
3344 1759 3442 1827 τὴν
3473 1757 3679 1825 ἐγκράο

2105 1859 2286 1895 τειαν·
2322 1846 2448 1907 τοὺς
2494 1846 2550 1898 δὲ
2577 1847 2874 1910 ἀθλοῦντας
2914 1851 3098 1918 νευροί
3136 1851 3215 1910 είς
3250 1850 3351 1917 τὴν
3382 1846 3679 1916 ὁμολογίαν

2103 1931 2197 1983 τοῦ
2250 1934 2455 2003 Κυρίου
2522 1935 2698 2006 ἰησοῦ
2751 1936 3009 2007 Χριστοῦ.
3069 1937 3289 2008 Ἐτέρου
3344 1940 3409 2006 τῇ
3455 1936 3677 2004 γλώττῃ

2106 2023 2474 2094 συγκέχρηται
2507 2026 2645 2095 πρὸς
2677 2029 2887 2094 σοφίαν,
2934 2031 3027 2082 καὶ
3065 2030 3226 2083 ἄλλου
3254 2031 3352 2099 τὴν
3379 2029 3564 2098 ψυχὴν
3592 2029 3678 2089 είς

2105 2118 2442 2185 προφητείαν
2470 2119 2693 2185 φωτίζει
2720 2139 2735 2152 ·
2777 2102 2960 2191 ἑτέρῳ.
2976 2121 3259 2192 χαρίζεται
3289 2122 3521 2191 δύναμιν
3556 2122 3676 2173 δαί-

2106 2222 2270 2274 μονας
2294 2206 2637 2274 ἀπελαύνειν,
2661 2212 2753 2262 καὶ
2779 2211 2924 2281 ἄλλῳ
2942 2212 3123 2265 δίδωσι
3151 2212 3248 2275 τὰς
3275 2212 3424 2274 θείας
3449 2213 3675 2281 διερμη-

2103 2296 2278 2348 νεύειν
2324 2298 2577 2367 Γραφάς’
2607 2300 2765 2353 ἄλλου
2812 2301 2909 2372 τὴν
2954 2302 3306 2372 σωφροσύνην
3357 2303 3667 2371 ένδυναμοί,

2102 2388 2197 2439 καὶ
2223 2388 2382 2441 ἄλλον
2420 2389 2675 2461 διεγείρει
2711 2396 2883 2444 ποιεῖν
2916 2392 3209 2462 ἀπλήστως
3243 2394 3342 2456 τὰς
3374 2393 3673 2463 ἐλεημοσύο

2099 2493 2234 2541 νας,
2278 2480 2372 2532 καὶ
2413 2480 2589 2550 τούτῳ
2631 2484 2728 2550 μὲν
2758 2483 3013 2554 δωρεῖται
3060 2485 3394 2552 ἀγρυπνεῖν,
3444 2486 3541 2538 καὶ
3568 2501 3667 2553 νη·-

2100 2569 2344 2632 στεύειν,
2392 2570 2488 2621 καὶ
2535 2571 2753 2623 πάντων
2805 2578 3169 2644 καταφρονεῖν
3223 2575 3332 2627 τῶν
3365 2576 3423 2629 ἐν
3477 2575 3669 2644 κόσμῳ

2098 2659 2471 2726 πραγμάτων,
2507 2662 2603 2713 καί⁵
2636 2662 2734 2732 τὴν
2779 2664 3165 2734 ἀκτημοσύνην
3193 2665 3482 2734 περιέπειν
3506 2707 3521 2730 ,
3570 2666 3665 2717 καὶ

2097 2750 2368 2818 προτιμᾷν
2397 2750 2495 2819 τὴν
2524 2752 3039 2825 ίδιοπραγμοσύνην,
3063 2757 3160 2809 καὶ
3183 2756 3282 2826 τὴν
3308 2756 3619 2827 ἀπτοησίαν
3647 2771 3663 2784 ⁸

2094 2839 2279 2909 ἕτερον
2312 2841 2370 2893 δὲ
2392 2843 2527 2911 πρὸς
2555 2844 2615 2897 τὸ
2638 2845 3074 2916 ὑπεραποθανεϊν
3100 2848 3340 2917 Χριστοῦ
3363 2851 3422 2901 ἐν
3445 2849 3663 2918 καιροῖς

2092 2931 2202 2982 τῶν
2223 2931 2475 3002 διωγμῶν
2522 2935 2801 3004 ἐτοιμάζει
2824 2952 2839 2966 ·
2880 2936 3026 3008 ἄλλῳ
3052 2938 3228 3001 ἄλλως
3256 2939 3492 3009 ἐνεργεῖ,
3525 2938 3663 2990 αὐτὸ

426 3015 704 3070 mutabilis
758 3031 821 3072 ac
876 3029 1158 3078 constans.
1227 3022 1329 3079 llic
1385 3039 1481 3093 per
1532 3028 1830 3096 prOphetas
1876 3028 1986 3097 jam

2095 3019 2150 3072 δέ
2189 3022 2331 3073 κατά
2382 3021 2544 3089 φύσιν
2588 3024 2737 3093 μένει
2782 3026 3174 3095 ἀναλλοίωτον,
3227 3030 3321 3082 καὶ
3365 3029 3659 3097 ἄτρεπτον.

425 3103 557 3157 olim
575 3106 791 3164 divinas
813 3109 1124 3180 Scripturas
1178 3116 1502 3170 enuntiavit.
1519 3117 1617 3171 Hic
1639 3120 1985 3187 postmodum

2095 3112 2262 3167 Τοῦτο
2304 3115 2391 3168 διά
2444 3118 2551 3169 τῶν
2599 3120 2890 3190 προφητῶν
2935 3121 3126 3191 πρώην
3171 3123 3270 3186 τὰς
3327 3122 3662 3190 σεϐασμίους

425 3207 523 3261 per
566 3204 910 3268 contemptos
947 3202 1114 3259 nimis
1162 3220 1480 3276 paucosque
1524 3208 1850 3278 discipulos,
1902 3226 1989 3265 sa-

424 3282 638 3350 pientes
669 3291 935 3357 gentium,
977 3293 1210 3351 invictos
1249 3299 1405 3362 alias,
1437 3300 1659 3369 eloquio
1682 3304 1981 3371 superavit.

422 3368 525 3460 ilic
558 3373 784 3441 ﬁdeles,
837 3382 1040 3448 quibus
1087 3386 1322 3452 apostoli
1372 3368 1569 3442 manus
1608 3368 1984 3460 impohebant,

422 3459 569 3515 illico
594 3462 794 3533 linguis
826 3470 1083 3529 omnibus
1123 3472 1292 3541 loqui,
1331 3489 1471 3543 quas
1524 3478 1629 3547 ipsi
1666 3459 1773 3533 non
1816 3494 1986 3535 nove-

423 3561 567 3617 rant,
598 3554 881 3620 edocebat,
934 3558 1090 3615 Hunc
1132 3561 1319 3633 itaque
1355 3574 1411 3621 et
1465 3567 1585 3637 ipse
1622 3584 1720 3639 per
1754 3572 1982 3626 multam

421 3639 606 3706 tidem,
642 3650 695 3698 et
724 3644 867 3700 bona
892 3662 1060 3717 opera
1089 3649 1143 3704 in
1180 3659 1231 3706 te
1276 3653 1397 3723 ipso
1425 3656 1984 3715 habens'inhabitan-

423 3740 528 3785 tem
547 3744 599 3787 et
620 3735 850 3789 similem
872 3739 1180 3807 prasidem,
1205 3751 1260 3797 et
1276 3747 1583 3811 custodem,
1608 3757 1661 3802 et
1678 3766 1983 3821 propugna-

422 3829 621 3888 torem,
659 3832 715 3880 et
742 3837 1109 3896 protectorem
1139 3837 1451 3904 possidens,
1484 3842 1693 3895 nullum
1746 3854 1980 3908 metuas,

420 3927 598 3982 neque
640 3914 960 3987 daemonem,
1016 3939 1193 3995 neque
1241 3929 1517 3986 hominem
1569 3948 1820 4003 nequam,
1850 3944 1853 3945 '
1886 3937 1979 4005 qui

421 4011 526 4056 tua:
549 4017 578 4055 a
609 4002 721 4060 Deo
747 4008 1003 4066 stabilita:
1034 4012 1223 4070 domui
1252 4017 1484 4075 insidias
1506 4002 1698 4090 parare
1726 4002 1978 4080 intentet.

551 4180 713 4251 227
737 4182 892 4239 CCV.
923 4217 993 4229 —
1024 4189 1299 4248 HELIONI
1339 4194 1836 4257 MAGISTRIANO.

486 4269 543 4323 Si
574 4270 721 4327 Deus
749 4274 1055 4346 interdixit,
1109 4298 1175 4338 ne
1215 4284 1346 4340 ﬁant
1382 4290 1544 4355 mala,
1604 4299 1661 4346 et
1716 4308 1833 4355 eos,
1883 4295 1977 4362 qui

2090 3204 2312 3273 Γραφάς
2339 3208 2735 3277 ἀπεφθέγξατο.
2779 3211 2946 3266 Τοῦτο
2982 3215 3077 3268 καὶ
3104 3216 3162 3277 ἐς
3202 3214 3430 3283 ὕστερον
3457 3214 3525 3267 δι’
3566 3215 3660 3266 εύ-

2087 3295 2256 3347 τελῶν
2299 3296 2438 3361 λίαν,
2485 3298 2580 3352 καὶ
2624 3301 2819 3370 ὀλίγων
2870 3305 3149 3373 μαθητῶν,
3186 3304 3655 3375 κατερρητόρευσε

2085 3385 2193 3437 τῶν
2237 3389 2369 3456 παρ’
2414 3388 2672 3460 Ἕλλησιν
2728 3392 3167 3462 δυσμαχωτάτων
3221 3392 3424 3462 σοφῶν.
3484 3393 3656 3446 Τοῦτο

2086 3478 2197 3539 τοῖς
2241 3480 2740 3550 χειροθετουμένοις
2770 3486 2979 3547 πιστοῖς
3012 3485 3117 3537 ὑπὸ
3152 3483 3260 3536 τῶν
3311 3484 3652 3546 ἀποστόλων,

2087 3567 2255 3622 ἐδίδου
2286 3569 2499 3641 ἀθρόως
2552 3573 2735 3626 πᾶσαν
2781 3573 2989 3642 ὁμιλεῖν
3032 3574 3309 3643 γλῶτταν,
3357 3576 3536 3645 ἥνπερ
3579 3572 3654 3645 μὴ

2085 3659 2400 3726 ἐγίνωσκον.
2448 3660 2619 3715 Τοῦτο
2648 3663 2937 3736 τοιγαροῦν
2983 3665 3081 3719 καὶ
3112 3664 3275 3728 αὐτὸς
3315 3664 3402 3719 διὰ
3450 3664 3654 3735 πολλῆς

2084 3751 2318 3815 πίστεως
2357 3753 2452 3806 καὶ
2502 3754 2611 3807 τῶν
2654 3756 3029 3827 ἀγαθοεργιῶν
3078 3755 3287 3810 ένοικον
3330 3756 3470 3826 ἔχων
3493 3798 3507 3819 ,
3556 3755 3651 3809 καὶ

2082 3839 2398 3909 τηλικοῦτον
2428 3841 2520 3896 τὸν
2568 3844 2900 3915 προστάτην,
2931 3846 3025 3900 καὶ
3060 3846 3315 3916 φρουρὸν,
3352 3847 3447 3899 καὶ
3477 3846 3648 3912 ὑπέρ-

2085 3949 2278 4002 μαχον,
2301 3933 2396 3985 καὶ
2420 3934 2730 4006 σκεπαστὴν
2750 3937 3106 4007 κεκτημένος,
3124 3937 3327 4007 μηδένα
3349 3937 3644 4008 δειλιάσῃς.

2085 4024 2159 4095 μὴ
2187 4023 2435 4094 δαίμονα,
2469 4025 2544 4096 μὴ
2588 4025 2873 4097 ἄνθρωπον
2901 4026 3135 4098 πονηρὸν
3163 4026 3533 4081 ἐπιϐουλεύειν
3568 4028 3646 4096 τῷ

2082 4113 2159 4183 σῷ
2184 4113 2549 4185 θεοστηρίκτῳ
2579 4114 2713 4185 οἴκῳ
2738 4115 3079 4185 βουλόμενον.

2250 4190 2255 4197 “
2356 4205 2472 4256 ΣΕι.
2512 4230 2582 4243 -
2610 4205 2845 4258 ΗΛΙΩΝΙ
2878 4206 3355 4279 ΜΑΙΊΣΤΡΙΔΝῼ.

2147 4295 2211 4347 Ei
2241 4294 2374 4358 Θεὸς
2418 4295 2774 4367 ἀπηγόρησε,
2821 4296 2896 4368 μὴ
2942 4301 3114 4351 ποιεῖν
3157 4300 3336 4363 κακά,
3380 4301 3475 4354 καὶ
3517 4302 3642 4366 τοὺς

414 4363 617 4446 similia
648 4377 988 4436 perpetrant,
1022 4372 1079 4428 in
1123 4376 1432 4444 gehennam
1474 4382 1616 4451 ignis
1668 4387 1925 4439 amandat
1957 4402 1969 4437 :

2095 4386 2249 4441 ταῦτα
2283 4363 2709 4458 μετερχομένούς
2746 4363 2834 4460 τῇ*
2860 4363 3051 4460 γεέννῃ
3098 4390 3191 4443 τοῦ
3237 4392 3408 4461 πυρὸς
3462 4363 3640 4462 Rapa;

411 4453 712 4522 quomodo,
738 4471 876 4512 cum
918 4460 1009 4527 iis,
1046 4464 1141 4532 qui
1189 4482 1357 4536 prava
1410 4471 1733 4539 coniiciunt,
1779 4489 1975 4544 coope-

411 4538 662 4594 rabitur?
705 4542 848 4599 Cave
882 4546 1067 4617 itaque
1106 4550 1282 4618 dicas,
1335 4554 1503 4612 Deum
1551 4562 1810 4617 exaudire
1845 4538 1973 4632 pro-

410 4630 629 4696 brosos,
661 4636 922 4694 scelestos
946 4648 1001 4694 et
1030 4642 1232 4699 studiis
1256 4646 1374 4702 suis
1410 4648 1523 4718 jam
1555 4630 1886 4718 emarcidos,
1914 4664 1969 4709 et

409 4722 678 4787 perimere
705 4727 923 4794 quidem
952 4730 1225 4800 homines,
1258 4749 1544 4796 currentes
1568 4758 1694 4798 vero
1720 4758 1891 4813 equos
1913 4746 1969 4799 in

408 4812 573 4868 circis
601 4830 885 4874 enervare.
902 4820 1178 4891 Absithoc
1198 4826 1210 4879 l
1232 4826 1351 4881 Non
1380 4839 1509 4884 sunt
1532 4830 1647 4886 hac
1666 4812 1969 4905 Deiiopera,

406 4903 503 4961 sed
531 4922 822 4975 pravorum
844 4911 1153 4971 daemonum
1186 4920 1456 4977 actiones.
1480 4924 1749 4995 Imagines
1770 4903 1972 4999 quippe

408 4999 793 5055 nonnullorum
870 5004 1080 5061 scilicet
1137 5017 1454 5067 sanctorum
1541 5018 1973 5087 praestigiatores

405 5086 750 5159 efﬁngentes,
796 5104 851 5149 et
910 5111 1316 5166 supervacanea
1368 5106 1603 5174 quadam
1640 5086 1973 5178 operositate

408 5179 602 5236 lamias
633 5183 981 5255 colligantes,
1024 5204 1118 5244 eas
1149 5192 1203 5245 in
1254 5196 1463 5262 postica
1514 5196 1767 5268 imaginis
1815 5209 1970 5271 parte

405 5267 677 5335 sepeliunt
707 5290 719 5324 :
749 5281 803 5327 et
835 5289 958 5329 cum
991 5277 1094 5331 sibi
1119 5280 1390 5343 arriserit.
1441 5293 1537 5339 aut
1590 5267 1876 5344 mulierem
1912 5292 1966 5346 in

403 5355 733 5413 adulterium
764 5366 1113 5434 compellere,
1148 5376 1243 5422 aut
1277 5370 1397 5427 viro
1422 5389 1610 5429 necem
1632 5376 1847 5444 aﬂ'erre,
1873 5390 1965 5435 aut

400 5462 575 5515 equos
624 5467 904 5519 enervare,
955 5460 1376 5529 exsecrandum,
1431 5472 1485 5520 et
1518 5466 1654 5523 diris
1703 5469 1957 5527 devotum

471 5620 515 5653 ”
547 5620 689 5678 Psal.
730 5642 875 5693 cxu,
904 5630 957 5685 7.
1035 5634 1082 5665 "
1111 5633 1256 5689 Psal.
1301 5653 1446 5704 xxnv,
1484 5642 1566 5697 18.

2074 4477 2306 4546 πέμπει,
2333 4477 2449 4540 πῶς
2479 4478 2544 4530 ἂν
2571 4481 2681 4541 τοῖς
2709 4478 2778 4531 τά
2817 4479 2994 4547 φαῦλα
3024 4479 3235 4535 ποιοῦσι
3265 4481 3635 4551 συμπράξειες

2074 4567 2166 4637 Μὴ
2196 4563 2289 4620 οὖν
2312 4568 2459 4636 λέγε,
2495 4569 2576 4621 ὅτι
2601 4571 2629 4621 ό
2658 4570 2786 4633 Θεὸς
2821 4572 3092 4625 είσακούει
3119 4560 3501 4643 διεφθορότων,
3547 4575 3639 4627 καὶ

2074 4657 2317 4725 ἐναγῶν,
2383 4659 2477 4711 καὶ
2536 4661 2849 4729 σεσηπότων
2907 4664 3019 4725 τοῖς
3068 4662 3456 4733 ἐπιτηδεύμασι
3482 4705 3498 4729 ,
3547 4662 3643 4717 καῖ

2073 4748 2287 4815 φονεύει
2324 4738 2424 4818 μὲν
2447 4749 2784 4819 ἀνθρώπους,
2818 4753 2920 4822 κλᾷ
2940 4752 2997 4805 δὲ
3028 4753 3154 4815 τοὺς
3185 4754 3385 4818 ἵππους
3414 4755 3636 4826 τρέχον-

2069 4855 2169 4901 τας
2205 4841 2264 4893 ὲν
2291 4842 2405 4902 τοῖς
2450 4840 2680 4910 κίρκοις.
2721 4841 2811 4912 Μὴ
2857 4843 3104 4909 γένοιτοί
3138 4844 3250 4897 Οὐκ
3302 4844 3417 4897 ἔστι
3466 4846 3635 4901 ταῦτα

2070 4928 2204 4981 Θεοῦ
2238 4931 2574 5000 πράγματα,
2630 4931 2766 4983 ἀλλά
2809 4932 3076 5003 δαιμόνων
3116 4935 3369 5005 πονηρῶν
3408 4936 3633 5009 ἐνεργή-

2074 5038 2239 5092 ματα.
2268 5022 2500 5085 Εἰκόνας
2532 5023 2641 5092 γάρ
2668 5040 2830 5076 τινων
2866 5023 3025 5095 δῆθεν
3068 5025 3240 5093 ἁγίων
3280 5027 3560 5093 ποιοῦντες
3585 5031 3634 5085 el

2069 5110 2285 5181 γόητες,
2317 5110 2517 5181 λαμίας
2544 5128 2604 5164 τε
2651 5111 3073 5181 συνδεσμοῦντες
3116 5115 3460 5185 περιεργίαις
3501 5118 3629 5182 τισὶ,

2069 5201 2146 5270 τῷ
2179 5201 2410 5271 όπισθίῳ
2459 5202 2557 5271 τῆς
2608 5203 2813 5265 εἰκόνος
2860 5205 3347 5276 ὲγκατορύττουσι,
3384 5208 3478 5261 καὶ
3505 5210 3629 5262 ὅταν

2073 5291 2371 5361 βούλονται,
2407 5293 2438 5363 ἦ
2474 5297 2706 5361 γυναῖκα
2737 5297 2959 5365 ποιῆσαι
3000 5298 3375 5367 μοιχευθῆναι,
3403 5300 3434 5370 ἢ
3463 5302 3627 5373 ἄνδρα

2070 5381 2408 5447 θανατῶσαι,
2445 5384 2475 5453 ἢ
2505 5386 2701 5448 ἵππους
2734 5386 2963 5453 κλάσαι,
3016 5388 3336 5459 νηστεύουσι
3384 5408 3626 5462 κατηρα-

2070 5472 2257 5549 μένην,
2286 5475 2375 5535 καὶ
2406 5474 2663 5547 βδελυρὰν
2698 5479 2968 5547 νηστείαν,
3008 5479 3099 5532 καί
3130 5481 3464 5551 ἀγρυπνοῦσι
3492 5484 3624 5554 πρὸς
