3888 6040
180 300 314 365 309

1426 298 1959 365 EPISTOLARUM
1994 297 2158 407 LIBa
2186 295 2269 356 II.
2382 370 2385 371 γ

3357 289 3462 357 3ἱο

180 412 271 482 τῇ
303 408 473 463 είκόνι
514 408 722 480 ἐκείνῃ,
754 409 846 463 καὶ
890 410 1115 481 κηρούς,
1151 412 1245 464 καὶ
1288 412 1514 482 λύχνους
1551 413 1780 483 ἐξάψαν-

1893 408 2157 479 iejunium
2189 407 2468 479 jejunant,
2496 413 2552 462 et
2589 412 2717 461 ante
2762 419 2884 461 eam
2936 406 3229 476 imaginem
3271 415 3459 467 noctes

183 516 296 563 τες
341 498 711 570 γρηγοροῦσιν
774 498 1196 571 ἐπικαλούμενοι
1258 502 1550 573 δαίμονας,
1591 503 1783 574 μέχρις

185 592 271 644 ἂν
304 593 508 662 τύχωσι
558 593 658 662 τῆς
696 592 903 647 τούτων
944 594 1270 663 ἐμφανείας,
1300 597 1392 649 καί
1424 604 1543 651 τινα
1575 597 1673 667 μὲν
1705 596 1786 659 είς

187 682 368 752 ἔργον
420 681 709 751 ἐξάγουσιν
736 725 751 749 ,
812 684 870 736 ὲν
911 683 969 736 δὲ
1021 686 1131 747 τοῖς
1170 686 1440 750 πλείστοις
1470 686 1783 756 ἀποτυγχά-

188 786 409 824 νουσιν.
443 770 652 824 Οὐκοῦν
701 771 968 841 φυλάττου
1012 776 1246 840 αὐτοὺς,
1306 778 1380 847 μή
1434 793 1566 829 ποτε
1622 790 1787 843 παγι-

190 858 421 929 δευθῇς.

314 968 447 1033 EG".
478 998 549 1006 —
570 967 829 1040 ΙΩΑΝΝῌ
869 971 1305 1027 ΠΡΩΤΕΥΟΝΤΙ
1344 976 1676 1046 ΝΕΩΤΕΡῼ.

282 1073 300 1104 ι
340 1056 490 1125 Τίμα
520 1056 612 1109 τὸν
647 1057 860 1127 πατέρα
887 1076 1000 1121 σου,
1025 1061 1119 1113 καὶ
1160 1062 1258 1130 τὴν
1287 1066 1497 1133 μητέρα
1539 1081 1653 1126 σου,
1701 1066 1784 1116 ἵνα

190 1139 263 1197 εὖ
294 1161 380 1197 σοι
410 1145 654 1216 γένηται,
693 1165 712 1197 ι
746 1145 1067 1217 θεσμοθετεῖ
1108 1151 1330 1221 Κύριος.
1380 1153 1469 1222 Μὴ
1498 1155 1698 1219 τοίνυν,
1737 1158 1783 1207 εί

189 1234 469 1299 δυνατὸν,
528 1235 655 1306 μίαν
690 1238 932 1309 στιγμὴν
981 1240 1174 1310 χρόνου
1242 1243 1624 1312 ἀπολιμπάνου
1677 1245 1785 1297 τῶν

189 1327 434 1392 γονέων,
478 1328 551 1397 μή
585 1345 713 1381 ποτε
746 1328 952 1383 τούτων
984 1332 1320 1401 ἐπιμελείας,
1356 1336 1448 1386 καὶ
1482 1337 1782 1406 φροντίδος,

189 1421 298 1472 καὶ
327 1420 626 1491 θεραπείας
650 1424 943 1493 χωρισθεὶς
983 1427 1285 1498 περιπέσῃς
1326 1429 1650 1499 ἀνθρώποις,
1689 1432 1785 1483 καὶ

189 1508 445 1579 λοιμοῖς,
483 1511 577 1564 καὶ
605 1512 776 1587 λάϐῃς
815 1516 998 1586 σαυτῷ
1030 1518 1275 1587 βρόχους.
1320 1520 1511 1574 Πολλοὶ
1550 1524 1655 1592 γὰρ
1694 1524 1785 1575 εὐ·-

193 1599 511 1670 ρίσκονται,
539 1604 632 1657 καὶ
657 1605 893 1675 μάλιστα
924 1607 1176 1679 νεώτεροι
1212 1611 1462 1679 ἄφρονες,
1501 1615 1591 1664 καὶ
1624 1614 1783 1684 φιλή-

188 1688 367 1755 δονοι,
402 1693 631 1764 ἀνομίας
677 1697 908 1766 ἐργάται
933 1739 948 1762 ,
1004 1701 1098 1753 καὶ
1142 1701 1342 1763 παντὸς
1375 1702 1549 1770 ῥύπου
1579 1705 1780 1774 δοχεῖα,

192 1777 539 1846 βλάπτοντες
581 1784 648 1837 τά
688 1785 898 1855 μεγάλα
953 1790 1079 1851 τοὺς
1132 1775 1312 1854 αὐτοῖς
1366 1792 1779 1862 πλησιάζοντας.

189 1871 380 1939 Φεῦγε
428 1874 608 1928 τοίνυν
639 1877 739 1947 τὴν
779 1877 975 1949 λύμην,
1012 1881 1228 1935 καὶτὸν
1264 1883 1520 1955 βόρϐορον
1558 1887 1779 1951 τούτων,

191 1966 599 2036 προκαρτερῶν
625 1971 737 2031 τοῖς
769 1973 1123 2042 γεγεννηκόσι
1160 1991 1219 2026 σε
1261 1976 1654 2048 φιλοστόργως,
1692 1983 1783 2033 καὶ

187 2052 380 2121 τιμῶν
421 2057 642 2120 τούτους
694 2058 1178 2129 ὑπερϐαλλόντως,
1234 2066 1328 2117 καὶ
1377 2069 1607 2135 στοιχῶν
1660 2072 1781 2133 ταῖς

188 2143 506 2208 νουθεσίαις
531 2185 546 2210 ,
594 2147 687 2201 καὶ
732 2153 852 2213 ταῖς
892 2155 1222 2223 προσευχαῖς
1264 2155 1442 2208 αὐτῶν
1484 2175 1782 2230 περιχαρα-

192 2234 471 2305 κούμενος
490 2254 506 2270 ⁸
548 2238 652 2292 κᾶν
682 2240 793 2311 γὰρ
831 2244 1013 2296 πᾶσαν
1038 2244 1333 2315 θεραπείαν
1362 2248 1572 2312 τούτοις
1614 2268 1780 2321 προσ-

192 2323 455 2395 ενέγκῃς,
498 2326 614 2381 ἀλλ’
652 2323 746 2382 οὖν
776 2345 839 2398 γε
868 2331 1246 2404 άντιγεννῆσαι
1302 2336 1499 2402 αὐτοὺς
1531 2340 1781 2410 οὐδαμῶς

191 2411 510 2487 δυνηθείης.

550 2529 665 2583 ΣΖν.
696 2558 767 2570 -
795 2530 1084 2603 eamut)
1118 2535 1438 2590 ΑΒΑΚΤΙΣ.

272 2616 401 2671 Ὀτι
426 2618 477 2671 οί
505 2618 597 2673 τὸν
631 2620 837 2673 δίκαιον
878 2623 1048 2692 ἄνδρα
1082 2625 1458 2696 εὐφημοῦντες
1494 2628 1779 2698 εὐλογοῦν-

189 2724 292 2762 ται
324 2709 480 2780 παρὰ
514 2710 672 2777 Θεοῦ,
714 2713 808 2766 καὶ
854 2715 1064 2785 μυρίων
1098 2714 1186 2770 διὰ
1222 2719 1383 2771 τοῦτο
1419 2721 1781 2794 τυγχάνουσιν

190 2799 448 2869 ἀγαθῶν,
478 2804 528 2856 οἱ
557 2802 614 2856 δὲ
644 2804 903 2877 λοιδορεῖν
934 2806 1241 2877 τολμῶντες
1270 2811 1590 2879 ἀνηκέστοις
1626 2832 1782 2883 περι·

192 2890 498 2948 πεσοῦνται
551 2898 781 2963 κακοῖς,
848 2898 1079 2952 ἄκουτον
1126 2900 1192 2953 τί·
1228 2896 1385 2970 λέγει
1431 2906 1459 2958 ὁ
1515 2904 1648 2970 Θεὸς
1703 2905 1781 2976 τῷ

205 2980 469 3053 Ἀϐραάμ
497 2999 510 3012 ·
548 3003 567 3037 ‹
608 2986 748 3049 Τοὺς
789 2987 1147 3056 εὐλογοῦντάς
1210 3006 1270 3042 σε
1317 2991 1632 3063 εὐλογήσω,
1686 2997 1780 3049 καὶ

1888 500 2173 557 insomnes
2205 506 2398 569 agunt,
2441 505 2495 554 et
2518 496 2695 553 cereis
2723 495 3175 567 lampadibusque
3213 498 3463 553 accensis

1886 592 2183 661 vigilantes
2241 591 2524 645 daemones
2576 590 2861 653 invocant.
2931 604 3221 661 quousque
3272 604 3460 646 eorum

1888 682 2259 752 apparitionis
2299 690 2586 751 compotes
2640 681 2813 735 Ilant:
2852 688 2906 736 et
2959 696 3025 735 ex
3086 680 3170 734 his
3215 678 3462 748 quaedam

1887 789 2053 842 opere
2088 780 2374 843 praestant,
2431 773 2685 842 plurimis
2733 788 2864 827 vero
2917 771 3275 826 frustrantur.
3324 770 3464 823 Cave

1886 864 2075 932 igitur,
2116 879 2185 918 ne
2226 879 2323 933 per
2348 877 2444 918 eos
2491 864 2545 917 in
2583 864 2837 933 laqueum
2874 863 3110 917 incidas.

2078 968 2257 1025 CCVI.
2283 997 2360 1010 --
2397 967 2635 1024 JOANNI
2669 968 2953 1023 PRIMATI
2984 966 3272 1022 JUNIORI.

1964 1080 1982 1111 ι
2029 1059 2251 1114 Honora
2296 1068 2505 1129 patrem
2542 1068 2596 1113 et
2634 1071 2863 1114 matrem
2898 1069 3071 1123 tuam,
3117 1066 3175 1111 ut
3208 1058 3344 1112 bene
3367 1057 3464 1110 tibi

1887 1153 1960 1206 sit
1991 1152 2077 1204 “z
2116 1170 2133 1202 ι
2167 1152 2241 1203 ita
2286 1150 2558 1205 Dominus
2601 1147 2719 1220 lege
2766 1150 3020 1205 sancivit.
3058 1147 3136 1203 Ne
3182 1148 3369 1217 itaque
3419 1149 3464 1203 si

1891 1243 2003 1294 ﬁeri
2038 1251 2237 1308 potest,
2279 1242 2363 1295 vel
2420 1257 2533 1295 uno
2572 1249 2853 1296 momento
2900 1240 3165 1310 temporis
3207 1246 3466 1307 parentes

1888 1332 2146 1396 deseras;
2191 1348 2257 1385 ne
2295 1333 2594 1400 aliquando
2637 1345 2827 1386 eorum
2880 1330 3186 1400 diligentia,
3230 1344 3363 1383 cura
3403 1345 3466 1383 ac

1887 1418 2208 1475 definitione
2250 1424 2555 1478 destitutus
2585 1424 2637 1475 in
2670 1422 2945 1485 homines,
2969 1420 3063 1491 qui
3096 1428 3233 1476 sunt
3257 1420 3465 1474 anima-

1890 1531 2009 1567 rum
2046 1516 2162 1569 lues
2204 1530 2267 1567 ac
2317 1516 2508 1583 postis,
2540 1515 2774 1574 incidas,
2811 1512 3020 1582 tibique
3058 1514 3284 1582 laqueos
3317 1526 3467 1575 com-

1889 1621 2067 1674 pares.
2111 1606 2261 1661 Multi
2298 1623 2533 1673 namque
2564 1613 2712 1664 sunt.
2745 1614 2798 1660 et
2830 1605 3181 1675 potissimum
3211 1605 3473 1674 iuniores

1888 1697 2063 1760 stulti,
2100 1709 2153 1750 et
2185 1698 2552 1766 voluptatibus
2585 1697 2751 1767 228
2773 1695 2965 1762 dediti,
3003 1697 3311 1767 iniquitatis
3339 1697 3433 1767 opi

1890 1788 2041 1849 lices,
2073 1798 2128 1842 et
2161 1789 2407 1841 sordium
2452 1789 2697 1843 omnium
2731 1788 3097 1858 receptacula,
3151 1789 3244 1857 qui
3289 1789 3463 1842 maxi-

1888 1893 1973 1930 ma
2024 1877 2370 1931 incommoda
2416 1879 2506 1942 iis,
2550 1879 2644 1947 qui
2693 1894 2816 1934 cum
2879 1880 3014 1949 ipsis
3064 1889 3457 1941 consuescunt,

1886 1966 2141 2021 all'erunt.
2174 1966 2319 2037 Fuge
2352 1968 2537 2036 itaque
2567 1969 2709 2022 luem
2737 1977 2791 2022 et
2829 1971 3044 2025 sordem
3069 1970 3233 2033 hanc,
3262 1969 3459 2034 amice,

1886 2075 2009 2113 cum
2043 2060 2362 2128 parentibus
2388 2075 2497 2114 una
2521 2059 2733 2124 vivens,
2780 2066 2834 2114 et
2873 2061 3005 2116 totis
3038 2061 3327 2115 conatibus
3361 2076 3463 2123 eos

1883 2151 2161 2205 honorans
2184 2191 2199 2215 ,
2228 2166 2424 2205 eorum
2460 2159 2729 2219 praecepta
2781 2165 3020 2220 sequens
3040 2191 3055 2217 ,
3086 2166 3277 2206 eorum
3335 2166 3463 2219 pro-

1884 2241 2041 2295 cibus
2072 2241 2237 2295 veluti
2271 2256 2465 2311 aggere
2495 2242 2839 2310 constipatus
2870 2260 2882 2295 :
2914 2241 3040 2297 licet
3065 2241 3209 2296 enim
3252 2242 3460 2297 cultum

1884 2331 1992 2386 illis
2044 2347 2294 2399 onmem,
2338 2348 2402 2386 ac
2461 2333 2895 2388 sollicitudinem
2950 2332 3206 2389 conferas
3240 2350 3253 2399 ;
3284 2341 3343 2387 at
3406 2343 3462 2389 tu

1883 2432 2063 2476 tamen
2096 2440 2190 2477 cos
2221 2410 2485 2493 generare
2513 2423 2664 2477 nullo
2687 2424 2852 2479 modo
2897 2424 3125 2494 poteris.

2038 2568 2041 2573 ν
2131 2533 2335 2588 CCVII.
2360 2564 2430 2577 —
2461 2534 2871 2590 THEOPIIILO
2895 2533 3207 2589 ABACTIS.

1951 2622 2168 2678 Iustum
2215 2625 2494 2699 hominem
2534 2627 2794 2682 laudibus
2822 2636 3221 2698 prosequentes
3244 2668 3259 2693 ,
3296 2628 3465 2685 bene-

1883 2713 2178 2768 dictionem
2208 2729 2237 2766 a
2274 2715 2383 2769 Deo
2417 2717 2707 2785 consequi,
2743 2726 2798 2772 et
2844 2717 3259 2772 innumerorum
3290 2718 3464 2773 hono-

1884 2819 2003 2856 rum
2030 2805 2327 2873 participes
2354 2814 2647 2876 propterea
2684 2808 2823 2862 ﬁeri.
2869 2808 3187 2878 opprobriis
3217 2823 3348 2863 vero
3367 2823 3463 2864 eos

1883 2893 2155 2948 lacessere
2185 2894 2471 2959 audentes,
2504 2895 2782 2965 deplorata
2833 2897 2974 2950 mala
3024 2897 3330 2965 subituros,
3365 2912 3463 2951 no-

1883 3003 2037 3045 scere
2060 2991 2264 3059 poteris
2284 3006 2314 3045 a
2345 2990 2456 3046 Deo
2476 2991 2694 3047 dicente
2723 2991 2790 3045 ad
2811 2991 3046 3046 Abram:
3072 3009 3091 3042 ι
3124 2990 3459 3046 Benedicen-

193 3071 505 3141 κατάρατοι
561 3073 773 3128 ἔσονται
826 3076 890 3128 oi:
934 3076 1319 3147 καταρώμενοί
1378 3096 1456 3134 σε.
1516 3101 1535 3133 ι
1586 3084 1699 3136 Kal.
1751 3086 1779 3137 ό

1893 3088 1968 3136 tes
1994 3089 2047 3135 te
2071 3082 2414 3146 benedicam,
2439 3090 2493 3137 et
2516 3082 2792 3137 maledicti
2814 3094 2996 3143 erunt.
3025 3084 3117 3151 qui
3136 3082 3464 3138 maledicent

191 3160 369 3213 Δαυῖδ
395 3178 584 3231 φησιν·
625 3181 644 3214 ι
676 3163 883 3217 Ἀλαλα
912 3165 1196 3237 γενηθήτω
1241 3167 1309 3221 τὰ
1357 3170 1517 3251 χείλη
1540 3172 1609 3225 τά
1633 3173 1781 3227 δόλια

192 3251 265 3304 τά
290 3251 563 3309 λαλοῦντα
590 3255 733 3309 κατά
761 3256 855 3310 τοῦ
884 3259 1093 3313 δικαίου
1137 3262 1370 3331 ἀνομίαν
1400 3265 1458 3316 έν
1489 3267 1776 3336 ὑπερηφα-

193 3341 343 3413 νείᾳ,
398 3345 492 3398 καὶ
531 3344 897 3409 ὲξουδενώσει.
935 3368 953 3400 ι
989 3350 1056 3403 Σὲ
1100 3346 1194 3404 οὖν
1232 3352 1566 3424 ἀποδέχομαι
1601 3355 1781 3418 καλῶς

193 3428 619 3505 πολιτευόμενον
666 3438 927 3510 πάντοτε,
991 3443 1086 3495 καὶ
1145 3444 1273 3507 τοὺς
1330 3441 1568 3509 δικαίους
1627 3447 1780 3511 δοξά-

194 3521 386 3586 ζοντα.

522 3639 647 3694 ΣΗ’.
677 3669 748 3680 -
782 3640 1029 3707 ΣΙΜΩΝῘ
1058 3643 1431 3707 KOYPEIIPI.

267 3725 336 3778 EI
381 3726 480 3799 τὴν
530 3728 698 3800 σοφήν
746 3730 1012 3800 μέλισσαν
1063 3735 1350 3813 μιμεῖσθαι
1412 3738 1775 3811 ἐσπούδακας,

197 3820 263 3872 ὲκ
315 3819 501 3890 πάσης
553 3821 935 3901 ἀναγνώσεως
968 3825 1037 3880 τά
1076 3828 1321 3899 χρήσιμα
1370 3830 1647 3900 συλλέγειν
1704 3835 1778 3905 μὴ

196 3911 483 3985 κατόκνει.

549 4025 633 4078 ΣΘ
651 4064 667 4080 .
693 4055 767 4064 —
799 4026 1421 4099 HHI‘AXIQHKUMHTI.

271 4114 512 4167 Ἀτοπον
534 4114 601 4169 ἂν
626 4116 712 4188 είη
741 4117 967 4173 τύπτειν
987 4120 1097 4192 τὴν,
1118 4122 1346 4193 σύμὸιόν
1380 4141 1494 4188 σου,
1528 4125 1779 4195 σώφρονά

197 4220 256 4275 τε
308 4205 404 4258 καὶ
444 4210 998 4283 σεμνοπρεπεστάτην
1058 4212 1442 4284 ὑπάρχουσαν,
1485 4217 1584 4288 τὴν
1618 4220 1665 4272 τ’
1690 4219 1779 4271 εὐ-

184 4296 351 4369 ννοιάν
401 4314 485 4350 σοι
530 4300 943 4373 φυλαττομένην
986 4303 1074 4358 διὰ
1109 4306 1311 4370 παντὸς
1344 4308 1438 4374 τοῦ
1476 4309 1592 4378 βίου
1618 4352 1632 4376 ,
1678 4314 1776 4365 καὶ

1887 3173 1983 3227 tibi
2015 3174 2079 3227 ".
2122 3192 2140 3224 ι
2174 3173 2239 3227 Et
2260 3174 2427 3229 David
2458 3174 2593 3229 dicit
2625 3194 2638 3228 :
2680 3194 2697 3225 ι
2737 3174 2881 3229 Muta
2913 3175 3045 3229 fiant
3075 3175 3217 3230 labia
3246 3175 3460 3239 dolosa,

1883 3280 2004 3332 qum
2036 3264 2336 3333 loquuntur
2368 3265 2634 3320 adversus
2657 3266 2870 3333 justum
2903 3265 3249 3336 iniquitatem
3280 3266 3337 3319 in
3373 3281 3469 3321 ειιη

1884 3355 2070 3424 perbia
2126 3363 2180 3410 et
2216 3366 2529 3425 contemptu
2558 3356 2624 3409 ⁵⁸.
2661 3354 2737 3410 Te
2784 3355 2953 3427 igitur
3007 3355 3191 3419 laudo,
3220 3354 3318 3424 qui
3378 3370 3465 3410 re-

1882 3455 1969 3499 cte
2006 3464 2220 3518 semper
2266 3450 2431 3504 vitam
2464 3447 2733 3514 instituis,
2774 3456 2828 3502 et
2857 3446 3039 3516 justos
3061 3446 3318 3503 laudibus
3365 3462 3465 3517 ex:

1884 3538 2055 3591 tollis.

2182 3646 2407 3703 CCVIII.
2450 3678 2517 3688 —
2551 3647 2785 3704 SIMONI
2822 3647 3157 3706 CURSORI.

1955 3736 2012 3799 Si
2074 3739 2473 3814 persapientem
2511 3755 2667 3809 apem
2695 3739 2901 3793 imitari
2940 3740 3181 3806 conaris,
3209 3754 3278 3795 ex
3311 3740 3465 3796 omni

1885 3829 2147 3897 lectione,
2182 3846 2303 3901 quae
2357 3831 2512 3885 utilia
2558 3840 2711 3898 sunt,
2750 3833 2804 3886 in
2842 3847 3013 3886 unum
3054 3847 3354 3902 congerere
3398 3847 3468 3887 ne

1882 3922 2182 3993 pigrescas.

2160 4027 2889 4100 229CCIX.—'—PEGASIO
2930 4028 3185 4084 COMITI.

1948 4122 2263 4177 Absurdum
2301 4122 2489 4191 utique
2520 4120 2687 4175 fuerit
2721 4120 2967 4175 consorti
3012 4126 3118 4173 tua}
3159 4118 3347 4189 plagas
3382 4119 3466 4173 in-

1880 4213 2101 4284 Iligere,
2154 4228 2277 4267 cum
2330 4228 2394 4268 ea
2430 4214 2723 4268 continens
2758 4211 2870 4277 sit,
2923 4220 2976 4267 et
3013 4225 3178 4281 quam
3231 4210 3467 4265 maxime

1882 4305 2190 4359 veneranda
2213 4344 2226 4369 ,
2263 4312 2316 4357 et
2345 4319 2441 4374 per
2476 4319 2638 4358 omne
2665 4303 2789 4357 vita:
2835 4317 2949 4358 suae
2994 4310 3208 4371 tempus
3246 4315 3376 4372 erga
3415 4309 3468 4355 te

202 4388 275 4459 μὴ
319 4388 607 4459 τολμῶσαν
650 4392 737 4446 διὰ
784 4394 882 4463 τὴν
925 4395 1127 4466 πολλὴν
1168 4398 1324 4464 αἰδῶ,
1357 4400 1452 4453 καὶ
1482 4402 1645 4473 τιμὴν
1678 4405 1776 4472 τὴν

1893 4411 2127 4449 arnorem
2162 4394 2359 4449 foverit
2394 4394 2726 4464 foveatque,
2759 4401 2813 4448 et
2840 4401 3066 4463 propter
3098 4392 3320 4447 nimiam
3372 4406 3466 4448 ve.-

198 4478 337 4548 πρὸς
372 4479 452 4544 σὲ,
485 4482 608 4552 μηδ’
656 4484 1106 4557 ἀντοφθαλμῆσαί
1154 4507 1255 4543 σοι.
1308 4491 1566 4546 Πέπαυσο
1601 4495 1778 4548 τοίνυν

196 4570 291 4631 τοῦ
345 4570 521 4642 δέρειν
563 4574 663 4644 τὴν
709 4579 1094 4650 πιστωτάτην,
1134 4580 1219 4634 ἴνα
1265 4581 1342 4653 μὴ
1395 4583 1775 4658 ἀγανακτήσῃ.

197 4661 494 4730 Φιλοσόφου
543 4665 652 4735 γὰρ
703 4665 881 4737 ψυχῆς
934 4672 1200 4739 σημεῖον,
1254 4672 1316 4725 τὸ
1368 4675 1648 4739 παντελῶς
1703 4678 1778 4747 μὴ

200 4753 461 4825 πλήττειν
507 4758 686 4828 χειρὶ,
724 4758 800 4829 τῷ
830 4759 973 4831 λόγῳ
1008 4762 1053 4814 δ’
1083 4762 1435 4835 ἐπιπλήττειν
1466 4767 1578 4829 τοῖς
1621 4786 1778 4837 πονη-

204 4845 533 4927 ρευομένοις.
616 4850 878 4903 Ἀτάκτου
952 4853 1009 4905 δὲ
1038 4894 1053 4919 ,
1121 4854 1215 4907 καὶ
1278 4857 1599 4911 ἀπαιδεύτου
1675 4862 1773 4931 σή-

204 4951 438 5005 μαντρον
462 4976 478 5001 ,
520 4938 579 4991 τὸ
628 4940 861 5011 ἑτοίμως
898 4942 1112 5013 πληγὰς
1154 4947 1397 5017 ἀπάγειν.
1433 4952 1545 5013 τοῖς
1595 4966 1776 5021 παρα-

200 5028 549 5097 τυγχάνουσι.

542 5227 637 5281 Σιι.
668 5258 738 5271 η-
762 5228 1121 5301 ΝΗΜΕΡΤΙῼ
1155 5232 1430 5301 ΕΚΔΙΚῼ.

283 5312 523 5384 Ἐρωτᾷς
558 5332 624 5385 με
652 5316 741 5370 διά
785 5317 879 5371 τοῦ
909 5320 1238 5391 γράμματός
1271 5340 1387 5383 σου.
1447 5326 1507 5377 εί
1537 5327 1641 5396 χρὴ
1683 5343 1774 5377 πιο

206 5403 413 5456 στεύειν
461 5407 744 5475 ὁμοούσιον
798 5405 934 5463 εἶναι
982 5413 1043 5465 τὸ
1111 5414 1339 5484 Πνεῦμα
1379 5417 1440 5468 τὸ
1493 5418 1645 5486 ἆγιον
1696 5419 1773 5489 τῷ

208 5492 378 5565 Πατρὶ
423 5497 518 5551 καὶ
566 5498 643 5569 τῷ
677 5500 813 5572 Υἰῷ.
861 5502 1053 5572 ⁹Ημεῖς
1094 5504 1151 5557 δὲ
1182 5504 1356 5570 οὕτως
1385 5506 1580 5578 ἔχομεν
1607 5548 1621 5572 ,
1680 5512 1775 5564 καὶ

276 5672 322 5704 ⁸⁸
349 5671 502 5731 Deut.
534 5692 587 5741 ν,
627 5676 708 5730 I5.
788 5680 830 5711 ⁸⁷
859 5680 996 5736 Gen.
1032 5698 1127 5749 xu,
1157 5686 1210 5740 3.
1289 5686 1334 5717 ⁵⁸
1362 5685 1507 5742 Psal.
1531 5704 1660 5756 xxx,
1704 5689 1793 5745 19.

1884 4486 2199 4541 recundiam
2231 4495 2285 4541 et
2310 4486 2577 4541 honorem
2601 4525 2616 4549 ,
2650 4501 2811 4556 quem
2842 4486 2939 4541 tibi
2966 4484 3174 4552 defert,
3202 4484 3466 4538 adversus

1883 4585 1937 4634 te
1971 4580 2165 4633 oculos
2200 4579 2411 4649 erigere
2442 4594 2549 4641 non
2581 4578 2799 4645 audeat.
2832 4576 3022 4633 Einem
3050 4578 3230 4646 itaque
3255 4578 3340 4631 fac
3368 4573 3465 4630 tibi

1882 4669 2206 4725 lidissimam
2253 4669 2623 4739 verberandi,
2675 4684 2743 4724 ne
2793 4668 3031 4739 graviter
3065 4668 3361 4732 irascatur,
3408 4672 3466 4721 et

1884 4762 2075 4831 iniquo
2107 4762 2292 4815 animo
2334 4759 2493 4814 ferat.
2529 4760 2757 4830 Signum
2785 4758 2988 4814 etenim
3023 4757 3188 4811 animi
3225 4756 3467 4827 philoso-

1883 4855 2027 4924 phiae
2062 4853 2264 4910 addicti
2307 4862 2391 4909 est
2416 4895 2431 4920 ,
2470 4868 2697 4924 prorsus
2728 4868 2759 4915 a
2790 4851 2964 4922 plagis
3005 4864 3266 4914 manuum
3293 4848 3464 4904 absti-

1884 4963 2046 5012 nere,
2085 4948 2179 5003 sed
2229 4962 2393 5016 prave
2425 4954 2651 5015 agentes
2693 4945 2981 5014 increpare
3015 4942 3221 5008 verbo;
3266 4940 3463 4996 furiosi

1885 5054 2012 5094 vero
2070 5046 2234 5109 atque
2264 5037 2502 5107 imperiti
2537 5037 2751 5107 signum
2778 5077 2792 5102 ,
2830 5044 3078 5107 prompte
3127 5032 3304 5089 obviis
3350 5031 3465 5102 qui-

1887 5135 2210 5203 buscunque
2249 5132 2440 5203 plagas
2477 5131 2742 5202 inﬂigere.

2197 5241 2351 5295 cex.
2380 5271 2450 5281 -
2483 5237 2849 5299 ΝΕΜΕΒΤΙΟ,
2879 5226 3144 5293 ECDICO.

1957 5331 2178 5387 Litteris
2210 5330 2320 5385 tuis
2368 5346 2399 5383 a
2436 5344 2521 5383 me
2565 5329 2779 5398 poscis,
2817 5342 2947 5381 num
3000 5322 3335 5381 credendum
3384 5322 3489 5379 sit.

1885 5418 2149 5491 Spiritum
2181 5428 2434 5473 sanctum
2462 5417 2709 5489 ejusdem
2750 5431 2873 5471 esse
2900 5430 3025 5469 cum
3075 5411 3237 5466 Patre
3268 5417 3321 5465 et
3360 5408 3460 5473 Εἱ-

1886 5513 1958 5579 lio
1992 5512 2237 5569 naturae?
2280 5509 2395 5567 Nos
2442 5512 2518 5573 ita
2561 5508 2825 5573 habemus
2848 5548 2863 5575 ,
2911 5515 2965 5563 et
2999 5506 3079 5564 sic
3121 5501 3399 5562 credimus
3430 5516 3462 5556 a
3495 5567 3498 5569 Α
