3888 6040
464 308 563 373 311

1962 309 2022 368 S.
2055 307 2221 368 NILI

3588 303 3705 369 312

464 424 665 480 divinis
690 420 948 479 Patribus
976 423 1155 479 cdocti
1184 441 1198 490 ;
1227 432 1281 480 et
1316 423 1397 480 sic
1426 426 1754 481 conﬁtemur
1779 424 2021 496 ejusdem

2135 420 2271 479 οὕτω
2298 420 2623 492 πιστεύομεν
2648 420 2799 491 παρὰ
2826 419 3085 491 Πατέρων
3124 420 3288 474 θείων
3311 418 3706 489 δεδιδαγμένοι,

462 530 585 571 esse
620 522 830 569 natura:
860 529 983 569 cum
1015 513 1179 571 Patre
1209 525 1265 570 et
1295 515 1432 571 Filio
1463 516 1871 571 sanctissimum
1902 514 2031 585 Spi-

462 605 630 660 ritum
663 605 1009 663 Paracletum
1034 648 1051 673 ,
1105 616 1433 662 coaeternum
1456 648 1470 671 ,
1512 608 1566 660 in
1613 607 1800 661 eodem
1836 606 2033 659 throno

461 698 742 754 sedentem
771 738 786 764 ,
818 715 924 753 una
955 709 1294 769 regnantem,
1330 701 1494 755 simul
1519 699 1883 771 gloriﬁcatum
1908 710 2031 753 cum

460 788 623 844 Patre
652 797 705 845 et
755 789 895 845 Filio
944 791 999 845 in
1059 792 1390 861 sempiterna
1444 792 1645 847 szecula
1680 789 2030 846 saeculorum.

459 881 653 936 Amen.

705 973 887 1029 CCXI.
918 1005 987 1015 —
1018 970 1271 1027 ADOLIO
1310 970 1789 1028 LECISPERITO.

530 1061 798 1119 Homines
831 1077 938 1117 una
962 1077 1087 1117 cum
1118 1061 1446 1116 mulieribus
1477 1061 1659 1124 ablui,
1692 1061 1845 1116 nulio
1871 1060 2032 1117 modo

455 1153 661 1209 Christi
694 1154 951 1224 discipuli
984 1154 1391 1223 permiserunt;
1429 1153 1525 1209 sed
1548 1168 1662 1209 rem
1695 1152 2031 1222 conﬂgentes

454 1245 723 1300 exsecrati
787 1253 956 1311 sunt,
1021 1254 1075 1300 et
1119 1252 1380 1315 tanquam
1435 1245 1823 1300 inconcinnum
1868 1251 2032 1311 atque

456 1336 647 1392 inutile
686 1337 850 1408 23o
886 1338 1254 1403 Christianis,
1297 1336 1731 1407 prohibuerunt,
1768 1341 1824 1389 et
1853 1332 2031 1403 ejece-

456 1432 619 1489 runt,
656 1434 709 1480 et
743 1427 1207 1495 proscripsernnt.

712 1517 917 1573 ccxn.
942 1548 1012 1560 -
1033 1516 1447 1587 PLUTARCHO
1486 1513 1760 1569 suam.

525 1608 732 1663 Divinas
780 1610 928 1678 leges
960 1609 1267 1677 imperant,
1303 1607 1530 1660 omnino
1553 1621 1584 1659 a
1663 1602 2029 1681 jurejurando

453 1699 844 1766 absnnendum
878 1714 1025 1754 esse.
1066 1698 1192 1753 Sive
1219 1698 1366 1753 enim
1404 1697 1531 1766 quis
1560 1712 1685 1750 vera
1724 1694 2025 1763 iuraverit,

454 1700 550 1755 abs
756 1715 844 1753 nm
878 1714 1025 1754 esse.
1066 1699 1192 1753 Sive
1219 1699 1366 1753 enim
1404 1699 1531 1766 quis
1560 1712 1685 1750 vera
1724 1699 2025 1763 iuraverit,

454 1699 994 1937 sith,
1042 1789 1314 1859 punitioni
1348 1787 1627 1842 obnoxius
1680 1786 1757 1840 lit.
1801 1785 2029 1840 Abstine
2060 1750 2101 1804 Β

454 1880 625 1937 igitur
658 1896 688 1935 a
722 1881 864 1937 iurei
940 1882 1083 1936 ando
1128 1881 1245 1936 sive
1290 1879 1421 1934 illud
1446 1878 1697 1937 iustum,
1740 1875 1856 1931 sive
1884 1874 2031 1937 inju-

454 1880 625 1953 igitur
658 1896 688 1935 a
716 1874 1083 1952 jurejurando
1128 1881 1245 1936 sive
1290 1879 1421 1934 illud
1445 1878 1658 1949 justum
1680 1915 1697 1941 ,
1740 1875 1856 1931 sive
1884 1874 2031 1944 inju-

452 1986 597 2026 stum
631 1976 726 2026 sit.

486 1986 597 2028 mm
631 1983 940 2120 SltCCXIII.
972 2094 1042 2105 -—
1080 2060 1301 2119 JULIAE
1343 2060 1758 2117 COMITISSA‘J.

519 2158 661 2227 Apte
705 2158 805 2210 tibi
854 2155 1130 2225 nimisque
1166 2153 1470 2223 Scriptura;
1502 2154 1710 2207 dictum
1746 2151 2023 2207 convenit.

450 2246 928 2313 Quemadmodum
961 2247 1108 2301 enim
1135 2285 1152 2310 ,
1184 2247 1289 2309 ait,
1346 2245 1557 2299 inauris
1590 2260 1752 2298 aurea
1802 2245 1857 2298 in
1892 2258 2028 2299 naso

450 2339 645 2407 porci,
688 2338 762 2392 ita
801 2335 1163 2407 pulchritudo
1211 2335 1503 2389 malesana:
1543 2335 1756 2388 mulieri
1787 2334 1855 2389 η,
1893 2333 2026 2399 Quis

449 2430 597 2484 enim
618 2468 634 2493 ,
666 2426 963 2481 dummodo
991 2432 1173 2479 mente
1199 2424 1405 2494 polleat
1431 2464 1444 2481 .
1478 2439 1589 2477 non
1615 2422 1925 2493 deplorabit
1948 2430 2023 2489 te,

449 2529 795 2575 venustatem
823 2517 1043 2588 quidem
1094 2532 1124 2572 a
1174 2523 1371 2573 natura
1405 2515 1778 2579 obtinentem,
1833 2514 1927 2570 sed
1961 2529 2024 2568 ea

448 2610 771 2665 abutentem
797 2647 812 2672 ,
854 2615 1142 2678 vagantem
1183 2606 1460 2676 denique,
1519 2616 1572 2660 et
1602 2604 1835 2661 luxuriis
1867 2604 2025 2659 dedi-

448 2706 561 2752 tam
584 2737 601 2764 ,
632 2706 686 2751 et
715 2697 783 2751 ad
812 2711 1031 2750 omnem
1067 2710 1226 2750 usum
1259 2694 1512 2764 corporis
1540 2694 1813 2747 concitam
1836 2734 1852 2760 ,
1882 2701 1935 2748 et
1969 2695 2022 2749 in

449 2789 658 2844 alienos
685 2787 939 2842 homines
968 2786 1331 2842 insanientem
1353 2827 1368 2851 ,
1397 2794 1451 2840 et
1470 2785 1717 2839 vestibus
1736 2827 1752 2850 ,
1786 2793 1840 2839 et
1864 2800 2018 2848 auro,

451 2889 505 2934 et
537 2878 797 2949 pretiosis
822 2876 1098 2948 lapidibus
1129 2877 1472 2945 temetipsam
1500 2875 1937 2946 constipantem,
1966 2885 2020 2929 et

449 2971 751 3025 maleolens
783 2969 1174 3037 corpusculum
1209 2967 1457 3023 studiose
1497 2975 1803 3021 comentem
1849 2966 2018 3019 variis

2138 514 2236 567 καὶ
2272 512 2447 577 οὕτως
2469 513 2869 583 ὁμολογοῦμεν,
2898 511 3185 583 ὁμοούσιον
3237 507 3377 565 εἶναι
3415 512 3494 582 τῷ
3534 513 3711 584 Πατρὶ

2136 604 2229 657 καὶ
2275 602 2354 674 τῷ
2392 602 2507 673 Υίῷ
2554 603 2616 657 τὸ
2654 603 2920 671 πανάγιον
2950 602 3176 673 Πνεῦμα
3216 602 3276 656 τὸ
3326 603 3707 673 παράκλητον,

2136 692 2424 758 συναῒδιον,
2458 692 2763 765 σύνθρονον,
2808 693 3224 763 συμδασιλεῦον,
3257 694 3712 763 συνδοξαζόμενον

2132 783 2211 853 τῷ
2233 785 2427 856 Ila-cpi,
2458 785 2552 839 xui.
2592 784 2671 856 τῷ
2700 786 2813 857 Υἱῷ
2856 786 2935 849 είς
2984 786 3323 858 ἀπεράντους
3354 787 3563 851 αίῶνας
3603 787 3713 840 τῶν

2134 874 2369 931 αἰώνων.
2407 876 2602 945 Ἀμήν.

2499 968 2646 1021 ΣιΑο.
2669 997 2741 1005 -
2764 969 3011 1040 nemo
3052 969 3343 1039 ΝΟΜῙΚῼ.

2204 1057 2279 1109 Τὸ
2327 1055 2579 1111 λούεσθαι
2634 1058 2835 1129 ἄνδρας
2892 1042 3029 1129 μετά
3079 1059 3393 1128 γυναικῶν,
3455 1059 3712 1129 οὐδαμῶς

2133 1147 2440 1216 ἐπέτρεψαν
2474 1150 2524 1200 οἱ
2560 1148 2658 1200 τοῦ
2700 1148 2938 1218 Χριστοῦ
2976 1150 3250 1218 φοιτηταί,
3286 1149 3427 1205 ἀλλά
3465 1151 3562 1203 καὶ
3614 1150 3713 1203 ἀπ-

2132 1237 2405 1309 έστρεψαν
2427 1281 2444 1306 ,
2471 1242 2564 1293 καὶ
2589 1240 2964 1307 ἐδδελύξαντο,
2996 1242 3091 1294 καὶ
3137 1239 3593 1311 ἀπηγορεύκασιν
3635 1239 3712 1301 ὡς

2133 1329 2494 1401 ἀνάρμοστον,
2553 1333 2647 1387 καὶ
2679 1331 2999 1403 ἀσύμφορον
3042 1332 3288 1403 ὑπάρχον
3330 1332 3709 1400 Χριστιανοτς,

2132 1421 2226 1477 καὶ
2258 1421 2687 1493 ἀποϐεϐλήκασι,
2730 1425 2823 1477 καὶ
2872 1424 3209 1478 ἀπέπτυσαν.
3568 1467 3623 1489 ,ν

2429 1516 2569 1569 218'.
2600 1546 2669 1556 -
2701 1516 3121 1586 ΠΛΟΥΤΑΡΧῼ
3160 1514 3407 1586 ΒΥΡΣῌ.
3491 1504 3583 1556 Ei

2201 1606 2262 1658 Οἱ
2284 1604 2415 1658 θεῖοι
2436 1606 2589 1676 νόμοι
2613 1608 3029 1676 προστάττουσι,
3055 1606 3337 1669 παντελῶς
3365 1605 3438 1674 μὴ
3458 1604 3707 1674 ὀμνύειν·

2131 1694 2233 1748 κᾶν
2274 1696 2382 1765 γάρ
2417 1696 2634 1769 εὐορκεῖ
2670 1715 2777 1761 τις,
2809 1699 2914 1751 κᾶν
2945 1699 3283 1769 ἐπιορκήσῃ,
3320 1696 3543 1749 κολάσει
3578 1697 3711 1748 ὐπο-

2131 1786 2342 1841 πίπτει.
2383 1787 2557 1857 Φεῦγε
2589 1776 2768 1842 τδίνυν
2796 1790 2893 1843 καὶ
2924 1790 2984 1842 τὸ
3016 1790 3239 1853 ἀδίκως,
3275 1788 3371 1841 καὶ
3392 1789 3456 1841 τὸ
3479 1787 3708 1848 δικαίως

2128 1875 2370 1947 ὀμνύειν.

2428 2066 2569 2121 ΣΙΓ’.
2592 2096 2662 2106 -
2690 2066 2922 2135 ΙΟΥΛΙᾼ
2963 2068 3392 2139 ΚΟΜΗἸῚΣΣῌ.

2198 2153 2334 2209 Δίαν
2355 2156 2654 2227 ἐφαρμόζει
2682 2174 2763 2210 σοι
2791 2157 2853 2210 τὸ
2874 2158 3054 2225 λόγιον
3083 2159 3181 2228 τῆς
3214 2159 3456 2229 Γραφῆς.
3488 2160 3704 2229 Ὥσπερ

2126 2245 2254 2317 γὰρ.
2291 2247 2474 2316 φησὶν,
2513 2247 2734 2302 ἐνώτιον
2771 2248 3008 2320 χρυσοῦν
3044 2251 3103 2302 ἐν
3135 2252 3243 2320 ῥινὶ
3282 2252 3493 2320 χοίρου,
3527 2250 3704 2314 οὕτως

2127 2336 2323 2402 κάλλος
2359 2341 2425 2409 τῇ
2453 2340 2752 2411 κακόφρονι
2795 2341 3034 2409 γυναικί.
3078 2342 3176 2404 Τίς
3204 2341 3312 2411 γὰρ
3341 2342 3407 2395 ἂν
3442 2343 3516 2410 μὴ
3551 2341 3706 2414 θρη-

2125 2428 2292 2481 νείσει
2351 2445 2411 2481 σε
2463 2429 2572 2481 τῶν
2624 2424 2683 2483 εὐ
2731 2430 3106 2502 φρονούντων,
3156 2432 3219 2484 τὸ
3271 2432 3371 2501 μὲν
3402 2432 3606 2493 κάλλος
3636 2435 3704 2485 ἐκ

2126 2518 2342 2587 φύσεως
2372 2517 2622 2589 ἔχουσαν,
2670 2520 2857 2583 κακῶς
2895 2519 2952 2573 δὲ
2994 2519 3171 2590 τούτῳ
3216 2522 3529 2591 χρωμένην,
3568 2523 3705 2590 ῥεμ-

2125 2605 2364 2676 ϐομένην
2387 2623 2447 2658 τε
2473 2606 2566 2660 καὶ
2590 2608 3025 2680 ἀσωτευομένην,
3076 2609 3536 2680 ἀνεπτερωμένην
3560 2610 3702 2681 πρὸς

2125 2697 2307 2748 πᾶσαν
2353 2696 2625 2761 ἀσωτίαν,
2663 2698 2757 2751 καὶ
2803 2699 3232 2769 ἐπιμαινομένην
3265 2700 3573 2771 ἀλλοτρίοις
3603 2703 3701 2754 ἀν-

2122 2785 2302 2857 δράσι,
2334 2787 2429 2840 καὶ
2464 2787 2744 2858 ἱματισμῷ
2776 2788 2872 2859 μὲν
2899 2790 2993 2844 καὶ
3021 2789 3231 2860 χρυσῷ,
3261 2790 3357 2843 καὶ
3393 2790 3701 2861 πολυτιμή-

2122 2894 2239 2940 τοις
2282 2877 2451 2942 λίθοις
2483 2879 2877 2943 στοιὸάζουσαν
2912 2882 3154 2952 ἑαυτὴν,
3205 2882 3302 2935 καὶ
3351 2883 3413 2934 τὸ
3457 2882 3700 2945 δυσῶδες

2125 2968 2344 3040 σαρκίον
2376 2970 2678 3034 σπουδαίως
2705 2971 3101 3040 φιλοκαλοῦσαν
3132 2972 3405 3035 ποικίλαις
3435 2975 3697 3043 τρυφαῖς,

446 3058 671 3114 luxibus
695 3097 712 3121 ,
742 3065 798 3112 et
830 3056 1073 3119 balneis,
1113 3063 1166 3111 et
1183 3055 1368 3110 odoris
1398 3056 1694 3123 unguentis
1719 3072 1733 3119 ;
1778 3055 2016 3108 animam

2135 3059 2220 3113 καὶ
2254 3059 2577 3129 βαλανείοις,
2612 3064 2706 3116 καὶ
2734 3063 2956 3118 εὐώδεσι
2987 3065 3275 3135 χρίσμασι,
3303 3067 3402 3137 τὴν
3430 3066 3487 3119 δὲ
3517 3065 3698 3136 ψυχὴν

447 3165 580 3205 vero
636 3158 786 3203 tuam
836 3156 1097 3217 tanquam
1156 3147 1390 3202 alienam
1436 3146 1843 3216 negligentem,
1901 3160 2021 3215 quae

446 3243 592 3299 nuda
653 3250 740 3298 est
791 3242 860 3296 ab
910 3241 1061 3297 omni
1098 3255 1263 3309 Opere
1322 3240 1504 3303 bono,
1563 3240 1823 3307 nulloque
1856 3254 2020 3291 orna-

445 3342 635 3390 mento
658 3332 963 3403 conspicua
985 3374 1000 3397 ,
1037 3338 1091 3385 et
1114 3328 1302 3385 saucia
1322 3370 1336 3394 ,
1373 3340 1472 3385 eta
1502 3329 1800 3384 virtutibus
1833 3335 2019 3383 extor-

443 3424 523 3482 ris
547 3463 564 3490 ,
614 3433 670 3480 et
704 3421 1302 3494 semper'maleolens,
1345 3428 1400 3475 et
1437 3420 1693 3475 esuriens
1718 3460 1735 3486 ,
1787 3426 1842 3474 et
1894 3433 2019 3474 sese

445 3531 806 3587 corrumpens
840 3513 1078 3570 lasciviae
1108 3512 1401 3577 sordibus?

620 3697 849 3755 CCXIV.
881 3728 952 3738 -—
974 3696 1374 3753 APHTIIONIO
1397 3696 1834 3753 'TABULARIO.

514 3790 765 3846 Ali'erunt
793 3790 1013 3860 quidem
1044 3789 1320 3846 daemones
1356 3789 1722 3862 cogitationes
1755 3788 1977 3845 timoris
1998 3827 2016 3854 ,

443 3891 499 3939 et
528 3890 745 3946 metus;
777 3882 933 3953 231
974 3882 1214 3952 parturit
1238 3897 1367 3937 vero
1395 3891 1450 3937 et
1484 3896 1639 3938 mens
1681 3881 1799 3951 ipsa
1831 3880 2020 3950 saepis-

442 3976 584 4033 sime
632 3975 895 4043 strepitus
923 3973 1191 4044 quosdam
1218 4012 1233 4038 ,
1270 3982 1325 4029 et
1360 3988 1616 4043 pavores,
1671 3982 1725 4029 et
1775 3972 1965 4028 turbas
1998 3990 2014 4028 :

441 4067 697 4134 utrisque
749 4063 1010 4119 Servator
1055 4064 1327 4128 medetur,
1360 4064 1452 4134 qui
1489 4063 1865 4135 aegritudinem
1898 4078 2016 4118 om-

446 4172 567 4212 nem
606 4166 662 4212 et
715 4157 980 4211 malitiam
1029 4166 1191 4217 curat
1234 4156 1494 4213 facillimo
1532 4158 1785 4227 negotio,
1822 4156 1869 4212 si
1889 4171 2019 4226 ope-

2125 3149 2324 3219 ἑαυτῆς
2370 3151 2446 3214 ὡς
2488 3151 2786 3222 ἀλλοτρίων
2820 3156 3185 3225 περιορῶσαν,
3215 3157 3432 3227 γυμνήν
3478 3173 3539 3209 τε
3591 3157 3699 3209 ὑπ-

2122 3237 2395 3310 άρχουσαν
2423 3242 2621 3306 παντὸς
2641 3244 2846 3312 ἀγαθοῦ
2870 3244 3058 3316 ἔργου,
3076 3247 3170 3299 καὶ
3198 3247 3327 3317 ὃλην
3350 3247 3692 3318 ἀκόσμητον,

2122 3330 2217 3383 καὶ
2287 3335 2874 3405 τετραυματισμένην,
2936 3336 3377 3409 ἠλλοτριωμένην
3445 3355 3507 3391 τε
3584 3338 3697 3392 τῶν

2120 3418 2366 3489 ἀρετῶν,
2413 3420 2504 3473 καὶ
2552 3422 2923 3492 προσόζουσαν
2963 3424 3083 3489 ἀεὶ,
3146 3425 3240 3478 καὶ
3291 3424 3695 3494 λιμώττουσαν,

2125 3509 2218 3561 καὶ
2284 3508 2792 3583 καταφθειρομένην
2852 3516 2965 3578 τοῖς
3025 3515 3126 3585 τῆς
3197 3514 3459 3583 ἀσελγίας
3528 3514 3696 3585 μολύ-

2122 3615 2351 3670 σμασιν;
3390 3626 3393 3629 ν

2376 3694 2516 3747 ΣΙΔ’.
2554 3725 2623 3736 -
2660 3694 2954 3765 ΑΦΘΟΝῙῼ
2984 3696 3442 3765 ΤΑΒΟΥΛΑΡΙῼ.

2202 3783 2557 3857 Ἐπιφέρουσι
2612 3786 2711 3858 μὲν
2761 3786 2860 3841 καὶ
2919 3786 3169 3857 δαίμονες
3221 3787 3515 3857 λογισμοὺς
3565 3804 3693 3842 πτο-

2116 3875 2335 3945 ήσεως,
2389 3877 2484 3930 καὶ
2531 3876 2799 3941 δειλείας,
2846 3877 3019 3931 τίκτει
3068 3877 3125 3930 δὲ
3170 3878 3265 3932 καὶ
3306 3878 3468 3942 αὐτὸς
3509 3882 3539 3932 ό
3569 3880 3694 3944 νοῦς

2118 3966 2384 4032 πολλάκις
2410 3967 2675 4039 θορύϐους
2701 3970 2874 4036 τινὰς,
2907 3972 3001 4027 καὶ
3031 3971 3256 4039 φόϐους,
3289 3972 3382 4025 καὶ
3417 3971 3689 4041 θροήσεις’

2116 4057 2404 4128 ἀμφότερα
2448 4060 2505 4112 δὲ
2541 4063 2569 4114 ὁ
2612 4060 2803 4133 Σωτὴρ
2852 4061 3183 4134 θεραπεύει,
3225 4064 3254 4115 ό
3294 4064 3473 4116 πᾶσαν
3514 4063 3689 4127 νόσον,

2117 4148 2213 4202 καὶ
2258 4152 2439 4204 πᾶσαν
2492 4152 2736 4209 κάκωσιν
2788 4152 3081 4224 ἐξιώμενος
3138 4157 3349 4227 ῥᾷστα,
3404 4155 3451 4207 εί
3510 4154 3691 4225 μέντοι

441 4254 600 4302 retur
637 4246 896 4317 precibus
925 4286 940 4310 ,
994 4256 1049 4303 et
1076 4247 1237 4304 bonis
1272 4248 1569 4317 operibus,
1620 4257 1676 4304 et
1702 4248 2014 4304 divinorum

2135 4243 2489 4312 ταρακαλεῖτο
2540 4244 2748 4314 εὐχαῖς,
2784 4247 2878 4299 καὶ
2926 4246 3218 4310 εὐποιίαις,
3267 4246 3360 4299 καὶ
3385 4246 3690 4315 ἀναγνώσει

439 4337 785 4405 cloquiorum
818 4336 1089 4401 lectione,
1143 4346 1196 4392 et
1243 4353 1368 4393 cum
1426 4339 1613 4411 vigilia
1663 4339 2014 4396 invocatione

2135 4334 2410 4403 istmépwv
2434 4335 2653 4403 λογίων,
2698 4336 2795 4390 καὶ
2822 4338 2888 4407 τῇ
2923 4339 3039 4408 μετ’
3069 4338 3378 4409 ἀγρυπνίας
3408 4338 3689 4410 ἐπικλήσει

441 4426 664 4495 pretiosi
705 4428 947 4483 nominis
974 4426 1131 4483 Jesu.

639 4516 843 4573 CCXV.
871 4548 940 4558 —
968 4517 1272 4573 PINDARO
1320 4517 1804 4580 PBESBYTERO.

508 4605 613 4672 Qui
646 4605 922 4661 dictiones
949 4614 1238 4667 venantur,
1270 4617 1324 4662 et
1349 4622 1602 4663 sermone
1622 4608 2010 4681 jactabundos,

438 4708 491 4751 et
536 4712 632 4752 eos
678 4711 891 4762 omnes,
941 4696 1034 4766 qui
1095 4712 1215 4752 sese
1266 4698 1389 4753 aliis
1439 4698 1652 4753 sublate
1704 4699 2010 4764 vindicant,

440 4802 648 4840 necnon
680 4802 806 4853 eos,
840 4786 933 4856 qui
961 4828 975 4852 ,
1012 4793 1071 4840 ut
1095 4794 1186 4839 tua
1215 4788 1481 4843 sanctitas
1521 4788 1648 4843 fecit
1673 4829 1687 4853 ,
1728 4798 1782 4844 et
1826 4790 2017 4860 populi

440 4879 723 4946 plausibus
769 4879 1013 4932 animum
1048 4877 1375 4939 advertunt.
1432 4878 1662 4948 piosque
1693 4880 1761 4934 de
1812 4880 2009 4934 dictio-

436 4985 569 5024 num
598 4968 820 5024 inscitia
851 4968 1208 5039 redarguunt,
1233 4968 1461 5024 irridere
1485 4970 1667 5024 solent
1720 4969 1813 5040 qui
1836 4971 2010 5041 magis

436 5056 546 5111 Deo
581 5056 929 5111 addicuntur.

666 5144 895 5201 CCXVI.
929 5176 1000 5188 -——
1022 5143 1389 5202 CALLINICO
1439 5144 1763 5202 AURIFICI.

502 5255 689 5327 Neque
745 5254 1054 5317 morticina,
1106 5252 1222 5307 sive
1271 5269 1333 5306 ea
1392 5253 1623 5308 rationis
1672 5261 2010 5325 compotum,

435 5349 550 5405 sive
575 5347 881 5418 expertium
910 5346 1138 5407 fuerint,
1169 5345 1487 5400 animalium
1518 5346 1807 5417 attingere,
1836 5362 2013 5417 neque

436 5442 642 5502 lectus,
676 5454 852 5507 neque
874 5436 1192 5502 insomnia,
1224 5452 1402 5508 neque
1441 5438 1719 5508 quidpiam
1749 5439 1895 5494 aliud
1939 5440 2013 5495 si-

434 5533 566 5586 mile
603 5547 841 5601 unquam
895 5541 989 5585 aut
1029 5529 1178 5597 viro,
1212 5539 1306 5586 aut
1352 5530 1565 5586 mulieri
1611 5530 1818 5587 nocuit.
1856 5530 2014 5597 Fides

500 5679 547 5712 ⁸⁹
578 5677 736 5733 Prov.
764 5695 838 5744 xu,
876 5681 962 5733 ‘22.

2043 4404 2090 4474 ί)
2119 4422 2214 4476 τοῦ
2246 4425 2428 4495 τιμίου
2457 4426 2721 4496 ὀνόματος
2760 4404 2955 4497 Ἰησοῦ.

2371 4519 2513 4571 Σιεο.
2532 4548 2602 4559 -
2627 4518 2925 4591 ΠΙΝΔΑΡῼ
2973 4520 3444 4593 ΠΡΕΣΒΥΤΕΡῼ.

2189 4612 2327 4675 Τοὺς
2359 4610 2669 4682 λεξίθηρας,
2706 4611 2801 4665 καὶ
2834 4612 2962 4673 τούς
2998 4615 3394 4682 κομπορύακας
3429 4613 3524 4666 καὶ
3560 4613 3687 4666 πάν-

2114 4719 2213 4766 τας
2251 4702 2377 4766 τούς
2414 4703 2804 4771 φιλενδείκτας,
2839 4704 3090 4766 καὶτοὺς
3129 4704 3270 4758 κατά
3291 4704 3388 4774 τὴν
3422 4706 3520 4773 σὴν
3546 4706 3683 4758 ὁσιόο

2114 4809 2252 4862 τητα
2281 4793 2343 4863 δη
2352 4793 2779 4862 μοσκοποῦντας,
2798 4795 2891 4849 καὶ
2919 4795 3272 4858 σκώπτοντας
3290 4796 3418 4858 τούς
3440 4795 3684 4859 εὐλαϐεῖς

2114 4882 2207 4935 ἐπὶ
2266 4889 2331 4953 τῇ
2380 4882 2619 4953 ἀμαθείᾳ
2656 4883 2763 4937 τῶν
2814 4884 3042 4953 λέξεων,
3108 4886 3277 4958 γελᾷν
3330 4885 3588 4940 εἰώθασιν
3633 4888 3679 4939 οἱ

2113 4972 2528 5045 θεοφιλέστεροι.

2359 5154 2516 5220 Σιςο.
2540 5184 2610 5195 -—
2634 5155 3021 5228 ΚΑΛΛῘΝῘΚῼ
3057 5158 3449 5231 ΧΡΥΣυΧίδῼ.

2186 5243 2322 5298 Οὔτε
2341 5244 2404 5298 τὸ
2424 5246 2759 5316 θνησιμαίων
2791 5247 3098 5316 ἐφάψασθαι
3122 5249 3351 5317 ἀλόγων,
3373 5250 3404 5320 ἢ
3428 5250 3676 5318 λογικῶν,

2115 5332 2238 5387 οὔτε
2291 5334 2465 5405 λέχος,
2512 5334 2635 5387 οὐτε
2684 5338 3057 5408 ἐνυπνιασμοὶ,
3102 5338 3205 5391 οὐκ
3236 5338 3362 5393 ἀλλο
3390 5357 3443 5393 τι
3477 5341 3678 5394 τοιοῦτο

2118 5421 2340 5491 βλάπτει
2368 5424 2517 5486 ποτε,
2546 5424 2578 5495 ἢ
2619 5425 2807 5496 ἄνδρα,
2839 5426 3145 5497 ἣγυναῖκα.
3194 5429 3259 5482 Ἦ
3285 5429 3394 5500 γὰρ
3425 5434 3506 5494 εἰς
3550 5433 3677 5501 Χρι-

2118 5512 2241 5581 στὸν
2286 5514 2466 5580 πίστις
2513 5516 2836 5587 ἐκαθάρισεν
2862 5534 2920 5569 τε
2966 5519 3058 5571 καὶ
3106 5520 3191 5572 ἀεὶ
3242 5519 3523 5590 καθαρίζει
3558 5523 3675 5574 τούκ
