3888 6040
192 299 340 366 313

1417 290 1951 355 EPISTOLARUM
1990 295 2133 357 LIB.
2176 301 2235 359 II
2244 348 2256 359 .

3359 314 3466 377 3M

194 411 520 484 ἄληθινοὺς
578 410 823 473 πιστοὺς,
874 410 989 472 τοῖς
1019 408 1076 462 δὲ
1121 407 1195 477 μὴ
1260 405 1601 459 πιστεύουσιν
1650 402 1762 456 οὐδὲ

1872 407 2050 461 .enim
2084 409 2139 461 iu
2169 411 2451 467 Christum
2491 417 2815 485 expurgavit
2855 418 2985 471 olim
3010 457 3025 482 ,
3058 428 3113 472 et
3145 436 3291 477 nunc
3321 438 3465 479 sem-

188 503 348 555 ὲστι
373 500 633 573 καθαρὸν,
675 497 965 569 μεμίανται
987 496 1095 567 γὰρ
1125 495 1303 549 αὐτῶν
1343 494 1438 546 κα).
1462 496 1490 546 ὁ
1517 492 1662 556 νοῦς,
1696 492 1793 545 καὶ

188 591 235 659 ἡ
280 590 616 658 συνείδησις,
650 590 745 643 καὶ
787 587 961 642 πάντα
1005 588 1189 653 αύτοῖς
1223 584 1503 655 βδελυκτὰ,
1535 584 1628 636 καὶ
1660 582 1796 636 ἀκά-

190 679 401 749 θαρτα
433 678 702 748 φαίνεται.

1900 512 1995 567 per
2021 514 2182 555 veros
2231 500 2415 557 fideles
2464 515 2749 575 expurgat.
2803 506 3002 562 Verum
3053 510 3154 574 iis,
3207 515 3299 582 qui
3351 532 3461 572 non

1897 591 2167 656 credunt,
2204 593 2342 646 nihil
2383 604 2464 649 esl
2510 613 2737 664 purum;
2784 601 2984 669 quippe
3036 604 3236 671 quibus
3271 617 3464 661 conta-

1896 681 2101 733 minata
2137 690 2264 735 sunt
2294 691 2347 735 et
2384 700 2538 739 mens
2561 725 2576 747 ,
2617 696 2669 739 et
2701 692 3039 743 cousi~ieutia
3063 732 3077 754 ,
3110 698 3294 748 omnia
3322 713 3461 765 quo-

1894 786 2001 837 que
2034 770 2141 825 illis
2170 776 2531 828 exsecrabilia
2564 787 2617 829 et
2649 778 2857 845 impura
2889 780 3162 837 videntur.

525 861 749 914 21za-
763 858 1029 928 ΟΡΕΣΤῌ
1050 855 1488 925 ΚΛΕΙΔΟΠΟΙῼε

1892 858 2052 927 232
2092 858 2343 917 CCXVII.
2390 891 2458 903 --
2498 863 2791 919 OllESTAZ
2842 866 3140 923 CLAVIUM
3190 870 3455 925 OPlFlCI.

282 952 509 1021 Ἐγνων
545 950 676 1004 ποτέ
716 967 838 1004 τινα
877 948 1176 1018 άνθρωπων
1202 948 1263 1012 ἐξ
1288 946 1500 1011 εὐθείας
1560 945 1762 1019 ῥίψαντέ

1961 945 2248 1003 Hominem
2277 957 2567 1018 quemdam
2598 956 2891 1025 aliquando
2911 960 3160 1027 cognovi,
3192 960 3282 1029 qui
3309 971 3455 1017 recta

183 1042 365 1096 κατὰ
391 1041 487 1095 τοῦ
530 1040 726 1111 ἐχθροῦ
757 1040 923 1095 λίθον.
968 1040 1028 1093 '0
1064 1039 1121 1093 δὲ
1152 1040 1296 1103 λίθος
1328 1038 1470 1145 λοξίν
1506 1038 1762 1109 πορευθείη

1892 1034 1945 1089 in
1993 1035 2209 1090 hostem
2266 1040 2500 1107 lapidem
2550 1042 2705 1110 jecit.
2758 1044 2921 1117 Lapis
2960 1048 3051 1100 ille
3079 1048 3298 1124 oblique
3335 1064 3457 1118 gra-

183 1133 363 1186 κατὰ
396 1132 492 1186 τοῦ
520 1131 711 1185 τέκνου
734 1130 829 1185 τοῦ
867 1131 1118 1203 ῥίψαντος
1145 1130 1203 1182 ἐν
1230 1148 1336 1184 τινι
1360 1122 1510 1199 τόπῳ
1548 1129 1762 1182 ὲστῶτο.

1888 1126 2076 1191 dieus,
2134 1129 2302 1182 (ilium
2339 1130 2595 1199 jacientis
2619 1172 2632 1195 .
2663 1141 2717 1187 et
2751 1136 2987 1205 quodam
3030 1138 3085 1190 in
3118 1122 3239 1193 loco
3263 1154 3457 1195 secure

180 1220 561 1292 ἀμερίμνως,
588 1222 680 1274 τὸν
709 1221 985 1291 ὀφθαλμὸν
1036 1221 1281 1285 πατάξας
1307 1219 1402 1272 τοῦ
1459 1219 1646 1283 παιδὸς
1680 1221 1761 1273 ἀπ

1887 1216 2231 1272 immorantis
2280 1221 2498 1274 oculum
2535 1222 2775 1289 feriens,
2824 1224 3136 1279 obcaaeavit.
3173 1225 3274 1290 Qui
3309 1228 3452 1281 enim

181 1313 552 1382 ετύφλωσεν.
598 1315 658 1369 '0
711 1313 821 1382 7&9
860 1312 1141 1383 βουληθεὶς
1177 1312 1335 1365 ἄλλον
1382 1311 1743 1381 κακοποιῆσαι

1885 1307 2040 1362 alteri
2071 1310 2272 1363 malum
2309 1310 2513 1365 inferre
2542 1312 2791 1377 studuit,
2851 1314 2899 1369 is
2949 1316 3131 1384 potius
3177 1319 3328 1384 justa
3360 1316 3451 1373 Dei

184 1401 381 1464 αὐτὸς
410 1402 609 1471 μᾶλλον
637 1401 944 1455 κεκάκωται
969 1402 1033 1470 τῇ
1062 1400 1247 1470 δικαίᾳ
1273 1399 1440 1469 ψήφῳ
1494 1399 1588 1452 τοῦ
1617 1417 1762 1452 παντί

1884 1398 2066 1451 omnia
2114 1399 2379 1454 intuentis
2430 1404 2699 1456 sententia
2756 1419 2957 1457 noxam
3007 1407 3271 1475 suscepit.
3330 1405 3453 1461 llaac

181 1491 455 1545 επόπτου
485 1492 642 1546 Θεοῦ.
665 1491 849 1545 Ταῦτα
878 1491 935 1544 δέ
962 1509 1051 1560 μοι
1080 1492 1312 1561 εἴρηται,
1343 1491 1428 1542 ἴνα
1467 1489 1651 1560 παύσῃ
1689 1493 1762 1543 τοί

1886 1488 2007 1542 ideo
2035 1489 2169 1543 mihi
2205 1490 2349 1545 dicta
2387 1500 2551 1556 sunt,
2598 1503 2658 1548 ut
2702 1494 2841 1549 dicis
2864 1534 2879 1560 ,
2918 1485 3090 1564 'quem
3121 1498 3215 1551 tibi
3264 1498 3450 1552 inimi-

179 1583 462 1654 κατάρας
491 1584 794 1654 ἐκπέμπειν
822 1583 943 1637 καθ’
976 1582 1035 1635 ὃν
1065 1582 1304 1651 νομίζεις
1332 1581 1547 1652 ἐχθρὸν,
1575 1582 1762 1651 μήποτε

1883 1592 2007 1631 cum
2038 1578 2359 1644 existimas,
2399 1580 2700 1635 devovendi
2721 1621 2736 1645 ,
2767 1582 2925 1636 linem
2961 1583 3253 1652 aliquando
3276 1584 3450 1653 impo-

181 1673 500 1747 καταλάϐῃ
562 1673 653 1727 τὸν
715 1670 860 1729 οῐκόν
912 1691 1006 1726 σου
1079 1672 1317 1743 ὄλεθρος.
1377 1671 1756 1742 Προσεύχεσθα

1880 1684 1979 1725 nas
1998 1708 2014 1734 ,
2039 1685 2108 1724 ne
2134 1670 2330 1725 domus
2358 1680 2449 1725 tua
2473 1674 2717 1742 pernicie
2740 1673 3026 1728 obruatur.
3053 1673 3254 1728 Orandi
3277 1675 3450 1745 siqui-

179 1760 317 1832 γὰρ
345 1762 489 1833 ὑπὲρ
526 1762 757 1834 ἐχθρῶν,
812 1763 931 1833 ούχὶ
964 1762 1021 1817 δὲ
1059 1760 1399 1832 καταρᾶσθαι
1454 1758 1762 1832 παρηγγέλ-

1876 1759 2007 1813 ἀειιι
2035 1775 2134 1829 pro
2164 1761 2441 1828 inimicis,
2480 1777 2591 1817 non
2636 1778 2733 1818 eos
2780 1762 3084 1818 maledictis
3136 1764 3445 1820 incessendi

184 1852 377 1919 μεθα.

463 1941 695 1999 ΣΙΗ’.-
721 1943 1076 1997 ΣΤΕΦΑΝΙΔΙ
1101 1943 1525 2014 ΚΟΜΗΤΙΣΣῌ.

266 2033 341 2086 Τί
368 2033 414 2087 δ’
434 2034 500 2087 ἄν
531 2051 612 2087 σοι
638 2034 971 2105 χαρισαίμην
996 2033 1269 2103 ὲγκωμίου
1306 2033 1510 2098 ἕνεκεν,
1540 2032 1640 2104 ἤδη
1677 2032 1772 2087 τοῦ

179 2122 551 2194 Σολομῶντος
571 2124 1011 2193 ὲγκωμιάσαντός
1037 2140 1128 2188 crs;
1154 2124 1292 2194 Φησὶ
1313 2125 1422 2195 γάρ
1439 2142 1452 2157 ’
1492 2142 1511 2177 ι
1535 2123 1773 2177 Γυναῖκα

178 2212 250 2267 εδ
289 2215 549 2283 ἀνδρείαν
585 2215 669 2278 τίς
706 2215 1009 2285 εὑρήσεις»
1047 2215 1295 2277 Σπανίως
1335 2216 1445 2287 γὰρ
1479 2216 1512 2285 ή
1545 2213 1770 2285 τοιαύτη

178 2304 537 2375 εὑρίσκεται,
569 2306 868 2377 τιμιωτέρα
899 2306 953 2358 δέ
980 2307 1094 2358 ἐστι
1121 2305 1284 2358 λίθων
1330 2306 1544 2376 τιμίων.
1603 2306 1768 2376 Περί-

182 2395 436 2459 6λεπτος
464 2395 522 2448 δὲ
557 2396 763 2464 γίνεται
807 2396 875 2448 δι’
929 2396 1097 2455 αὐτὴν
1124 2396 1151 2448 ὁ
1178 2397 1320 2467 ἀνὴρ
1372 2397 1563 2466 αὐτῆς,
1618 2396 1770 2450 οὐδὲν

178 2484 234 2537 δ’
269 2484 444 2549 αὐτὸς
494 2486 770 2557 φροντίζει
813 2486 921 2539 τῶν
952 2489 1009 2538 ὲν
1033 2487 1185 2553 οἴκῳ,
1214 2486 1428 2539 πάντων
1476 2487 1583 2557 7&9
1631 2486 1768 2557 αὑτὴ

182 2575 477 2655 φροντίζει
527 2575 921 2645 προσεχόντως,
966 2576 1060 2629 καὶ
1104 2576 1358 2645 συνεχῶς.
1402 2576 1503 2629 Διὰ
1564 2576 1768 2631 τούτων

179 2662 399 2729 τοίνυν,
435 2662 531 2715 καὶ
565 2661 672 2715 τῶν
710 2662 962 2715 τοιούτων
997 2664 1093 2716 σὺν
1120 2665 1187 2733 τῇ
1217 2662 1395 2715 πίστει
1440 2678 1534 2714 σου
1566 2662 1656 2715 καὶ
1700 2664 1767 2733 τῇ

186 2752 494 2825 σεμνότητί
517 2769 611 2805 σου
632 2753 978 2824 φυλαχθείης.

446 2843 590 2897 me.
609 2872 681 2883 -
699 2845 1050 2917 ΟΥΛΠΙΑΝῼ
1075 2845 1527 2917 ΣΧΟΛΑΣΤΙΚῼ.

273 2932 481 2996 Ἡδέως
523 2932 624 3002 μὲν
652 2933 962 3005 κατεργάζη
989 2933 1090 2997 τὰς
1110 2932 1554 3003 ἁθεμιτουργίας,
1583 2930 1764 3001 ἀηδῶς

178 3020 232 3073 δ’
263 3021 505 3094 ὑποδέχῃ
524 2998 603 3074 ’τά
629 2998 849 3093 λυπηρά
871 2998 1313 3092 τδίεπερχόμὲνά
1342 2998 1431 3075 ob;
1449 3024 1515 3093 τῇ
1542 2998 1545 2999 ⁷
1578 2998 1764 3074 κελεύ-
1790 2998 1838 3060 C

182 3131 275 3169 σει
301 3116 400 3169 τοῦ
416 3115 571 3171 Θεοῦ.
591 3116 793 3187 Διόπερ
826 3117 1076 3187 παραινῶ
1105 3133 1209 3180 σοι,
1236 3117 1423 3186 ὥσπερ
1440 3118 1500 3169 οὐ
1528 3118 1765 3187 παραιτῇ

180 3207 628 3279 διαπράττεσθαι
654 3207 725 3261 τὰ
744 3207 910 3273 κακά,
943 3206 1114 3270 οὕτως
1136 3207 1211 3278 μὴ
1242 3207 1363 3260 θέλε
1384 3207 1767 3277 παραιτεῖσθαι

178 3298 258 3351 τὰ
278 3298 747 3352 ἐπακολουθοῦντα
763 3299 882 3361 ταῖς
901 3300 1163 3369 πονηραῖς
1191 3297 1473 3368 πράξεσινο
1493 3298 1636 3352 κατὰ
1657 3297 1765 3369 γὰρ

180 3390 256 3461 δὴ
306 3389 409 3460 τὴν
439 3388 779 3460 φαυλοτάτην
830 3388 1054 3459 γνώμην
1073 3426 1088 3451 ,
1130 3390 1222 3442 καὶ
1281 3388 1421 3444 κατὰ
1454 3388 1550 3460 τὴν
1594 3405 1760 3459 στρα-

178 3479 344 3535 τείαν
389 3479 492 3550 τὴν
558 3478 876 3551 μοχθηρὰν,
930 3479 1149 3543 πάντως
1199 3479 1292 3532 καὶ
1344 3478 1404 3532 τὸ
1453 3480 1762 3550 σιτηρέσιον

180 3571 538 3627 ὲκτάσσεται.

420 3668 547 3720 ΣΚ’.
564 3696 634 3707 -
646 3665 1102 3720 ΔΡῙΣΤΟΦΑΝΕΙ
1135 3663 1550 3737 ΚΑΝΔΙΔᾹΤῼ.

255 3759 354 3829 Μὴ
385 3757 592 3822 ξενίζου
632 3757 896 3829 ἑωρακὼς
925 3757 1177 3828 Μάξιμον
1209 3757 1299 3810 τὸν
1345 3756 1616 3827 βικάριον,
1663 3757 1759 3811 καὶ

182 3851 280 3905 τὸν
321 3849 512 3903 τούτου
555 3849 805 3919 ἀδελφὸν,
842 3851 956 3913 τοῖς
1018 3848 1229 3903 ἑαυτῶν
1300 3847 1761 3918 συμποδισθέντας

185 3940 513 4010 σοφίσμασι,
564 3941 657 3993 καὶ
695 3939 972 4002 κινδύνους
1025 3939 1513 4009 ὑπομεμενηκότας
1569 3939 1662 3991 καὶ
1692 3938 1761 3990 τὰ

184 4032 397 4102 ἔσχατα
431 4033 597 4110 uagi,
634 4031 776 4101 ἅπερ
814 4031 933 4085 καθ’
971 4032 1173 4102 ἐτέρων
1218 4028 1524 4100 προσώπων
1570 4030 1760 4082 ἐπενε-

183 4123 384 4193 χθῆναι
410 4123 769 4179 ἐσπούδασαν.
804 4123 973 4176 Βλέπε
1005 4124 1132 4194 γάρ,
1161 4124 1212 4175 τί
1242 4123 1489 4190 λέγουσιν
1512 4124 1567 4176 αί
1617 4123 1759 4190 Γρα-

186 4215 320 4283 φαί’
358 4216 691 4284 «Συνέδησεν
722 4216 909 4278 δΘεδς
946 4215 1073 4277 τοὺς
1106 4213 1302 4278 ἄξονας
1327 4213 1435 4265 τῶν
1461 4213 1722 4285 ἁρμάτων
1741 4230 1754 4243 ·

1875 1858 2147 1919 praecepto
2181 1854 2632 1924 constringimur.

2029 1939 2302 1994 CCXVIII.
2327 1972 2396 1982 —
2428 1940 2839 1997 STEPHANIDI
2877 1938 3282 1998 COMITISSAZ.

1946 2026 2220 2093 Quidnam
2255 2029 2372 2099 ipse
2418 2031 2679 2100 prazconii
2726 2032 2848 2086 loco
2888 2032 2987 2086 tibi
3022 2049 3221 2087 mimus
3265 2041 3445 2086 mule-

1870 2134 2023 2186 rem,
2068 2135 2192 2174 cum
2238 2122 2292 2175 id
2321 2121 2434 2191 jam
2469 2136 2500 2174 a
2540 2121 2835 2177 Salomone
2879 2123 3082 2176 habeas
3113 2123 3137 2176 ἲ
3180 2122 3267 2176 Αἰι
3301 2123 3390 2175 ille
3424 2141 3438 2176 :

1878 2230 1897 2264 ι
1939 2211 2221 2267 Mulierem
2258 2213 2455 2268 fortem
2505 2213 2632 2283 quis
2666 2213 2910 2267 inveniet
2931 2213 3012 2265 ‘°?
3048 2231 3066 2264 ι
3105 2211 3251 2266 Raro
3289 2214 3440 2267 scili-

1871 2311 1957 2357 cet
1987 2304 2113 2358 talis
2154 2304 2453 2369 invenitur,
2481 2319 2603 2373 qua:
2637 2303 2910 2373 lapidibus
2944 2303 3201 2372 pretiosis
3234 2303 3440 2372 pretio-

1870 2395 1983 2449 sior
2003 2402 2122 2461 est;
2157 2395 2307 2450 illius
2332 2409 2459 2450 vero
2490 2396 2595 2450 tori
2622 2410 2852 2450 consors
2878 2411 2975 2465 per
2994 2394 3236 2449 eamdem
3265 2396 3438 2462 ipsam

1869 2486 2043 2555 magis
2096 2486 2430 2556 conspicuus
2467 2484 2563 2550 fit,
2617 2485 2714 2557 qui
2750 2486 2897 2538 nulla
2950 2484 3017 2540 de
3072 2501 3131 2540 re
3181 2484 3436 2538 familiari

1867 2593 2000 2633 cura
2031 2578 2382 2647 opprimitur,
2415 2578 2616 2648 quippe
2644 2578 2736 2631 illa
2766 2578 3010 2631 omnium
3042 2579 3225 2631 studio
3249 2576 3440 2631 sedulo

1868 2683 1931 2723 ac
1966 2669 2212 2738 diligenti
2244 2684 2433 2723 curam
2471 2668 2633 2738 gerit.
2674 2667 2778 2722 Per
2806 2669 2922 2723 hmc
2944 2670 3129 2737 itaque
3155 2676 3207 2722 et
3235 2665 3440 2722 similia

1866 2776 1991 2817 cum
2026 2760 2130 2815 lide
2162 2762 2328 2816 etiam
2362 2770 2455 2817 tua
2485 2770 2537 2815 et
2575 2760 2817 2830 graviter
2850 2759 3182 2814 servaberis.

2050 2851 2277 2908 CCXIX.
2309 2881 2379 2891 —
2404 2850 2706 2909 ULPIANO
2756 2848 3249 2904 SCIIOLASTICO.

1904 2940 2197 3015 .Prompte
2247 2942 2469 3011 quidem
2527 2941 2831 2995 committis
2879 2940 3131 3003 scelera,
3182 2939 3274 2994 sed
3324 2952 3437 2993 non

1867 3046 2024 3101 aequo
2054 3031 2238 3085 animo
2268 3031 2495 3085 molesta
2540 3028 2673 3093 tibi,
2708 3029 2785 3081 ita
2829 3027 2937 3082 Deo
2960 3027 3191 3096 jubenle
3211 3066 3227 3089 ,
3270 3026 3437 3081 adve-

1868 3121 2073 3176 nientia
2129 3121 2392 3176 sustines.
2428 3120 2609 3187 Quare
2656 3119 2923 3174 adhortor
2953 3127 3035 3182 te,
3076 3116 3435 3187 quemadmo-

1866 3217 1995 3267 dum
2045 3227 2075 3265 a
2109 3212 2490 3280 perpetrandis
2540 3210 2700 3280 233
2740 3210 2899 3265 malis
2953 3224 3063 3263 non
3116 3208 3435 3271 abstinens,

1865 3306 1941 3359 ita
1966 3320 2087 3375 qua:
2108 3319 2304 3373 pravas
2345 3304 2697 3373 operationes
2730 3302 3171 3369 subsequuntur,
3222 3312 3291 3351 ne
3319 3296 3437 3350 dis-

1865 3398 2105 3468 pliceant
2161 3397 2355 3451 mala:
2412 3394 2480 3449 ad
2520 3395 2739 3449 modum
2798 3392 2942 3447 enim
3002 3386 3436 3458 perversissimse

1864 3490 2063 3545 mentis
2087 3478 2141 3543 et
2166 3487 2452 3558 ﬂagitiosae
2483 3486 2694 3540 militiae
2727 3481 3005 3554 stipendia
3033 3480 3431 3533 decernuntur.

2013 3669 2220 3726 CCXX.
2246 3699 2316 3710 --—
2340 3665 2802 3724 ARISTOPHANI
2854 3657 3268 3720 CANDIDATO.

1929 3742 2007 3819 Ne
2036 3763 2427 3834 obstupescas,
2475 3775 2601 3815 cum
2653 3758 2748 3812 tibi
2788 3764 2914 3810 ante
2947 3755 3140 3809 oculos
3179 3751 3435 3805 obverse-

1862 3861 1954 3908 tur
2005 3852 2277 3908 Maximus
2333 3850 2604 3915 vicarius,
2661 3858 2716 3902 et
2775 3846 2922 3900 illius
2974 3844 3144 3897 frater
3192 3838 3432 3908 propriis

1861 3941 2075 3996 artibus
2105 3939 2439 4010 deprehensi
2465 3976 2480 4001 ,
2522 3946 2578 3992 et
2610 3935 2855 4008 pericula
2875 3973 2890 3997 ,
2926 3940 2981 3986 et
3006 3939 3248 3986 extrema
3291 3926 3433 3981 mala

1860 4034 2149 4105 perpessi,
2195 4047 2318 4101 qua:
2356 4032 2411 4084 in
2444 4030 2588 4084 alios
2616 4028 2723 4096 ipsi
2771 4026 3031 4079 invehere
3062 4020 3426 4075 conabantur.

1860 4125 2076 4180 Videsis
2103 4136 2385 4178 sacrarum
2413 4119 2745 4173 Litterarum
2781 4114 3056 4182 eloquium
3080 4128 3091 4163 :
3114 4107 3431 4175 «Colligavit

1863 4218 2009 4273 Deus
2040 4230 2173 4270 axes
2214 4227 2480 4268 curruum
2532 4223 2724 4264 eorum
2747 4247 2762 4272 ,
2797 4214 2851 4259 et
2877 4204 3036 4258 duxit
3065 4202 3190 4254 illos
3240 4198 3304 4252 ad
3337 4197 3432 4251 de-

188 4308 289 4359 xai.
316 4301 449 4376 ἦγεν
473 4307 668 4369 αὐτοὺς
698 4306 833 4376 πρὸς
864 4307 925 4358 τὸ
950 4306 1318 4375 ὀφειλόμενον.
1353 4325 1371 4356 ι
1401 4306 1530 4369 Καὶ,
1568 4324 1586 4356 ι
1625 4305 1757 4359 Ἐπ-

1872 4308 2036 4362 bitum
2061 4306 2102 4335 “
2124 4323 2169 4371 ;i
2188 4311 2242 4357 et
2270 4322 2282 4357 :
2313 4322 2331 4355 ‹
2363 4300 2600 4355 Reversa
2616 4306 2702 4353 est
2727 4296 2936 4351 malitia
2961 4307 3149 4347 eorum
3175 4290 3227 4343 in
3254 4286 3429 4356 capita

187 4396 451 4465 έστρεψεν
472 4397 506 4466 ἡ
528 4396 761 4468 πονηρία
784 4397 963 4449 αὐτῶν
988 4399 1069 4460 είς
1106 4397 1203 4459 τὰς
1228 4397 1471 4464 κεφαλὰς
1506 4397 1704 4453 αὐτῶν.
1732 4417 1750 4450 ι

186 4484 333 4536 Καίο
378 4502 398 4536 ι
432 4484 521 4537 Ἐν
559 4485 747 4553 παγίδι
770 4487 990 4556 εταύτῃ,
1021 4480 1054 4557 ᾗ
1098 4484 1361 4555 ἔκρυψαν,
1396 4487 1699 4558 συνελήφθη
1728 4490 1757 4543 ὁ

186 4572 325 4637 ποῦς
373 4574 570 4629 αὐτῶν.
598 4595 616 4626 ι
672 4575 1144 4647 Συλλαμϐἁνονται
1182 4577 1240 4628 ὲν
1266 4576 1612 4640 διαδουλίοις,
1673 4571 1756 4643 οἷς

185 4664 581 4733 διαλογίζονται
619 4684 633 4698 ·
690 4668 826 4737 ὅπερ
865 4667 971 4740 γὰρ
1029 4667 1370 4736 ἐσοφίσαντο,
1433 4669 1511 4732 είς
1550 4669 1757 4721 ἑαυτῶν

192 4757 293 4826 μὲν
334 4757 650 4826 ἀσφάλειαν,
710 4758 884 4812 ἄλλων
940 4758 997 4811 δὲ
1054 4757 1346 4829 ἐπιϐουλὴν
1384 4759 1477 4811 καὶ
1530 4758 1755 4829 βλάϐην,

189 4848 351 4901 τοῦτο
373 4847 632 4919 ἔστρεψεν
666 4850 695 4902 ὁ
722 4849 855 4913 Θεὸς
882 4851 962 4913 είς
986 4849 1083 4919 τὴν
1116 4850 1321 4904 τούτων
1359 4851 1453 4921 μὲν
1486 4851 1751 4914 κάκωσιν,

189 4938 286 4991 καὶ
312 4939 590 5010 αἰσχύνην,
633 4941 727 4994 καὶ
756 4942 975 5011 ὄλεθρον
1006 4942 1229 5010 ἄφατον,
1258 4943 1524 5011 ὠφέλειαν
1555 4943 1612 4996 δὲ
1659 4943 1755 4996 καὶ

188 5028 375 5098 τιμὴν,
431 5031 744 5103 παρρησίαν
781 5050 839 5085 τε
892 5034 986 5088 καὶ
1044 5033 1233 5103 κέρδος
1274 5034 1374 5086 οὐκ
1422 5033 1602 5102 ὀλίγον
1649 5034 1757 5087 τῶν

192 5119 697 5178 ἑπιϐουλευθέντωνέ
765 5125 876 5178 Καὶ
923 5123 1032 5194 7&9
1068 5126 1097 5177 ὁ
1132 5123 1347 5193 Ἀμμάν
1407 5140 1538 5176 ποτε
1588 5123 1757 5177 θέλων

194 5208 505 5279 σταυρῶσαι
532 5214 658 5275 τοὺς
680 5213 809 5282 περὶ
844 5212 1184 5283 Μαρδοχαῖον
1206 5213 1295 5265 τὸν
1314 5213 1519 5266 δίκαιον
1545 5214 1757 5284 ἄνθρω-

193 5316 313 5363 πον,
338 5302 432 5354 καὶ
464 5302 525 5354 τὸ
562 5302 716 5368 ξύλον
757 5303 1075 5373 ἑτοιμάσας,
1110 5303 1271 5365 αὐτὸς
1300 5304 1398 5373 μὲν
1431 5320 1757 5375 καταισχυν-

196 5388 310 5453 θεὶς
347 5391 624 5463 ἐξαίφνης,
649 5395 741 5447 καὶ
778 5394 929 5463 παρὰ
988 5393 1311 5460 προσδοκίαν
1334 5395 1421 5445 ἐπ’
1478 5394 1754 5449 αὐτοῦτοῦ

200 5482 397 5537 οἰκείου
436 5484 591 5548 ξύλου
647 5484 1121 5549 ἁνεσκολοπίζετο,
1162 5484 1455 5555 προστάξει
1483 5485 1577 5539 τοῦ
1612 5486 1759 5557 βασι-

278 5654 319 5689 ⁶⁶
348 5656 506 5711 l’rov.
542 5674 671 5723 xxx,
704 5658 787 5713 l0.
868 5660 908 5690 ⁶¹
937 5656 1109 5713 Exod.
1148 5672 1256 5722 xiv,
1295 5657 1384 5712 25.

1863 4400 2108 4467 ipsorum
2134 4396 2179 4425 “
2203 4433 2218 4458 ,
2263 4413 2281 4445 ι
2319 4402 2374 4447 et
2404 4409 2418 4445 :
2455 4409 2474 4442 ι
2520 4388 2579 4444 In
2603 4389 2801 4457 laqueo
2832 4385 2972 4446 hoc,
3001 4395 3162 4451 quem
3200 4378 3433 4432 abscon-

1862 4489 2061 4542 derant
2082 4525 2098 4550 ,
2132 4484 2510 4554 deprehensus
2535 4485 2621 4535 est
2655 4492 2750 4547 pes
2779 4488 2970 4530 eorum
3002 4471 3068 4523 ".
3118 4488 3136 4520 ι
3175 4467 3432 4534 Compre-

1863 4578 2177 4633 henduntur
2214 4577 2267 4629 in
2304 4573 2463 4629 malis
2496 4568 2750 4626 consiliis
2775 4609 2790 4633 ,
2822 4579 2943 4635 qua:
2975 4562 3081 4632 ipsi
3123 4560 3376 4629 cogitant
3412 4574 3428 4609 :

1862 4669 2230 4739 quodcunque
2278 4667 2424 4721 enim
2480 4664 2537 4718 in
2591 4660 2868 4733 propriam
2921 4653 3318 4716 securitatem,
3373 4648 3429 4702 iu

1862 4758 2096 4814 aliorum
2143 4770 2275 4810 vero
2309 4752 2557 4808 fraudum
2599 4759 2653 4806 et
2687 4760 2887 4803 noxam
2921 4739 3217 4798 commenti
3260 4743 3423 4797 sunt,

1862 4848 1915 4902 id
1951 4847 2093 4901 Deus
2123 4846 2180 4900 in
2222 4860 2415 4900 eorum
2447 4841 2793 4896 alllictionem
2815 4877 2830 4902 ,
2861 4843 2915 4891 et
2948 4831 3298 4903 Opprobrium
3320 4865 3336 4889 ,
3371 4832 3426 4879 et

1860 4939 2091 4995 exitium
2127 4934 2557 5005 inexplicabile,
2597 4932 2656 4987 in
2700 4929 2993 4985 utilitatem
3024 4937 3155 4977 vero
3181 4960 3194 4986 ,
3236 4926 3292 4973 et
3327 4918 3425 4970 ho-

1864 5044 2052 5084 norem
2077 5067 2092 5093 ,
2143 5035 2197 5082 et
2230 5027 2580 5085 libertatem,
2633 5030 2688 5076 et
2715 5017 3000 5074 commoda
3046 5027 3153 5066 non
3186 5015 3423 5062 contem-

1862 5120 2042 5177 nenda
2073 5133 2267 5175 eorum
2295 5156 2311 5185 ,
2360 5116 2455 5187 qui
2489 5111 2709 5169 insidiis
2741 5107 2892 5179 petiti
2936 5112 3065 5160 sunt
3092 5141 3107 5165 ,
3143 5094 3428 5153 convertit.

1868 5216 2098 5268 Amman
2125 5210 2326 5267 etenim
2376 5204 2671 5276 aliquando
2709 5198 3108 5256 Mardochacum
3156 5190 3428 5245 hominem

1860 5307 2070 5375 justum
2105 5301 2256 5356 cruci
2287 5298 2479 5353 volens
2527 5293 2776 5364 adigere,
2817 5290 2981 5344 etiam
3032 5285 3180 5353 ligno
3220 5291 3428 5349 praepa-

1866 5406 1984 5450 rato
2005 5432 2019 5457 ,
2054 5393 2171 5464 ipse
2194 5388 2413 5459 quidem
2441 5401 2509 5441 ex
2532 5381 2838 5455 improviso
2860 5376 3076 5466 probris
3105 5379 3424 5466 oppressus,

1859 5492 1914 5540 ct
1965 5492 2162 5554 praeter
2199 5494 2415 5536 omnem
2471 5472 2934 5547 exspectationem
2960 5507 2975 5533 ,
3028 5465 3185 5536 jussu
3238 5465 3420 5525 regis,

1490 5659 1532 5690 "
1559 5656 1700 5713 Psal.
1731 5673 1825 5722 vn,
1856 5656 1942 5711 l7.
2019 5656 2065 5688 ⁸³
2096 5653 2239 5709 Psal.
2272 5666 2347 5713 ix,
2382 5648 2468 5703 l6.
