3888 6040
403 290 511 357 315

1913 289 1974 347 S.
2014 286 2180 346 NILI

3548 281 3648 347 318

403 403 498 474 qui
542 415 668 457 eum
719 407 882 456 antea
925 399 1100 455 multo
1143 401 1319 472 magis
1351 416 1516 472 quam
1548 401 1788 457 animam
1820 413 1975 456 suam

2086 395 2218 456 λέως
2243 392 2338 446 τοῦ
2361 393 2623 462 πρότερον
2665 391 2807 464 ὑπὲρ
2835 391 2934 458 τὴν
2971 391 3167 445 ἐαυτοῦ
3209 389 3389 461 ψυχὴν
3437 390 3653 462 ἀγαπή-

404 493 658 557 dixerat,
689 490 1157 561 sus‘pendebatur,
1202 490 1581 547 Mardochaeus
1615 499 1798 546 autem
1821 533 1836 556 ,
1878 490 1974 558 qui

401 588 643 636 mentem
673 595 830 636 suam
870 581 927 634 in
959 580 1128 652 Deum
1156 583 1421 643 continuo
1451 583 1643 637 ﬁxerat
1669 622 1684 646 ,
1717 580 1974 634 maximis

402 686 433 724 a
489 686 617 740 rege
689 672 1015 741 caaterisque
1053 673 1381 740 primatibus
1423 673 1818 728 cohonestatus
1874 672 1974 724 ho-

402 761 636 815 noribus
701 769 759 816 et
822 769 941 816 tum
996 762 1210 832 magis,
1267 778 1432 833 quam
1495 766 1765 832 usquam;
1801 761 1974 826 alias,

404 851 764 921 spectabilior
842 851 1097 921 apparuit
1163 852 1230 907 “.
1314 852 1477 924 234
1549 853 1710 909 Omni
1793 852 1978 917 itaque

404 949 650 1011 tempore
703 941 909 996 divinis
964 941 1201 1010 eloquiis
1252 944 1509 1006 credito,
1561 958 1683 1012 quae
1737 941 1971 997 dicunt:

404 1031 562 1098 Quod
592 1033 712 1101 ipse
743 1032 1009 1088 abhorres
1034 1071 1048 1097 ,
1079 1033 1206 1088 aliis
1233 1048 1303 1088 ne
1333 1033 1540 1100 facias;
1572 1034 1807 1102 aliisque
1835 1033 1977 1086 mala

404 1139 474 1180 ne
507 1125 842 1179 machineris
863 1167 879 1191 ,
910 1140 980 1180 ne
1033 1141 1063 1179 a
1114 1125 1273 1180 malis
1306 1127 1674 1196 opprimaris,
1726 1132 1782 1180 et
1811 1139 1976 1194 quam

403 1213 499 1268 alii
541 1213 778 1270 condisti
831 1216 994 1270 ollam
1019 1257 1036 1282 ,
1074 1225 1134 1270 tu
1181 1216 1332 1272 solus
1373 1218 1536 1274 edere
1569 1217 1975 1272 condemneris.

403 1305 509 1371 Qui
540 1307 688 1362 enim
732 1306 946 1362 foveam
991 1308 1116 1363 aliis
1147 1307 1371 1374 eﬂodit,
1404 1307 1460 1362 in
1485 1323 1605 1364 eam
1640 1309 1755 1378 ipse
1793 1308 1981 1378 inspe-

405 1409 535 1452 rans
566 1397 771 1453 incidet
793 1398 860 1454 “.

665 1487 1000 1543 CCXXI.'—
1031 1490 1331 1546 EURYCLI
1365 1487 1707 1546 PATRITIO.

473 1579 736 1648 Apposite
761 1582 828 1636 de
867 1590 958 1635 tua
999 1583 1249 1638 claritate
1275 1584 1482 1638 dictum
1517 1590 1605 1637 est
1641 1601 1654 1636 :
1708 1582 1826 1637 Duo
1863 1583 1980 1638 haec

405 1669 534 1724 odio
564 1671 764 1736 habui,
813 1687 997 1727 senem
1032 1673 1339 1740 mmchum,
1387 1682 1441 1728 et
1471 1673 1699 1729 divitem
1750 1674 1977 1729 menda-

406 1777 525 1817 cem
555 1762 600 1793 “
635 1780 694 1817 ει
730 1762 870 1828 Quid
912 1764 1161 1833 superbit
1192 1774 1338 1820 terra
1380 1773 1434 1821 et
1464 1767 1689 1832 cinis",
1746 1786 1765 1819 ›
1801 1767 1973 1822 mole-

407 1852 664 1918 stiarum,
697 1855 1046 1922 putredinum
1073 1863 1128 1909 et
1160 1857 1424 1912 vermium
1453 1863 1629 1914 haeres
1660 1856 1887 1912 futura?
1919 1859 1975 1914 Si

407 1942 575 2012 igitur
599 1943 656 1997 in
685 1943 1096 2014 iniquitatibus,
1130 1957 1182 2002 et
1215 1949 1516 2005 mendaciis
1536 1992 1550 2016 ,
1587 1958 1642 2004 et
1671 1951 1813 2006 dolis
1841 1966 1977 2005 con-

405 2032 658 2097 senuisti,
680 2042 734 2087 et
759 2047 1118 2106 consumptus
1143 2053 1222 2101 es,
1247 2038 1460 2093 dierum
1484 2040 1755 2094 malorum
1788 2048 1966 2107 satur,

405 2136 576 2178 nosce
596 2131 650 2178 te
678 2122 880 2193 ipsum.

536 2211 793 2268 CCXXII.
821 2243 894 2254 —-
918 2213 1408 2286 AGLAOPHONTI
1461 2217 1841 2274 CUIIATORI.

474 2302 652 2358 Homo
683 2319 781 2360 eos
803 2346 818 2371 ,
865 2307 961 2375 qui
993 2305 1199 2372 injuste
1227 2307 1366 2360 alios
1395 2308 1521 2362 odio
1549 2321 1976 2380 persequuntur,

405 2394 641 2450 intuitus
664 2437 678 2461 ,
713 2403 767 2451 et
796 2411 980 2451 rerum
1009 2397 1242 2452 aliarum
1279 2409 1530 2469 raptores
1555 2404 1729 2472 magis
1763 2418 1826 2457 ac
1864 2418 1980 2456 ma-

405 2483 493 2553 gis
542 2483 969 2552 corroboratos,
1034 2496 1088 2541 et
1143 2497 1428 2557 potentes;
1481 2491 1528 2545 si
1579 2492 1824 2545 animum
1880 2491 1978 2546 de-

407 2575 707 2646 spondens,
729 2577 784 2630 in
805 2575 1246 2648 desperationem
1270 2582 1555 2644 ceciderit,
1581 2585 1798 2638 nemine
1821 2599 1978 2652 opem

406 2667 636 2734 ferente,
660 2667 728 2722 de
755 2669 898 2724 coelo
919 2669 1317 2727 admirabiliter
1347 2684 1400 2726 ct
1430 2674 1713 2742 suppetias
1741 2683 1795 2728 et
1819 2675 1980 2728 auxi-

406 2757 485 2813 lia
517 2758 744 2813 videbit.
771 2757 968 2833 Persta
1003 2759 1172 2829 igitur
1196 2776 1362 2815 orans
1396 2769 1450 2816 et
1476 2778 1727 2832 sperans.

580 2847 855 2904 CCXXIII.
883 2878 953 2889 —
977 2850 1249 2906 MAXIMO
1278 2851 1760 2908 PRESBYTERO.

475 2935 534 2992 Si
564 2938 696 3006 quid
719 2939 774 2993 in
797 2938 997 3001 Veteri,
1019 2949 1114 2994 aut
1133 2940 1286 2995 Novo
1315 2940 1690 3008 Testamento,
1721 2946 1981 3002 historice

2079 501 2266 546 σαντος
2301 483 2482 537 αὐτόν’
2520 482 2862 553 Μαρδοχαῖος
2883 484 2960 548 δὲ,
2987 485 3014 536 6
3045 483 3180 552 πρὸς
3199 481 3290 535 τὸν
3338 481 3474 534 Θεὸν
3513 481 3652 551 ἔχων

2079 573 2343 643 διηνεκῶς
2371 573 2467 644 τὴν
2489 573 2724 628 διάνοιαν
2751 573 2936 636 αὐτοῦ,
2964 575 3086 635 ταῖς
3113 572 3398 643 μεγίσταις
3423 573 3652 642 τετίμηο

2074 683 2165 719 ται
2191 668 2375 734 τιμαῖς
2431 667 2585 734 παρὰ
2640 663 2734 717 τοῦ
2783 664 3067 734 βασιλέως,
3114 664 3208 715 καὶ
3269 663 3492 716 πάντων
3545 664 3654 717 τῶν

2080 758 2442 828 μεγιστάνων,
2479 758 2574 809 καὶ
2615 756 3072 826 περιφανέστερος
3101 752 3256 822 ὤφθη
3291 753 3387 806 νῦν
3425 752 3650 823 μᾶλλον,

2077 850 2222 921 ἥπερ
2273 847 2424 901 ποτέ.
2471 849 2774 918 Τοιγαροῦν
2801 848 2857 902 ἐν
2885 847 3049 902 παντὶ
3107 844 3285 916 καιρῷ
3334 847 3449 908 τοῖς
3489 845 3656 908 θείοις

2078 941 2352 994 πιστεύειν
2379 941 2600 1008 λογίοις,
2622 944 2734 1004 τοῖς
2761 940 3028 1008 λέγουσιν,
3059 939 3143 991 ὅτι
3166 939 3342 1007 Ὅπερ
3366 937 3530 1000 αὐτὸς
3564 953 3656 1005 μι-

2080 1032 2213 1095 σεῖς,
2238 1031 2412 1101 ἐτέρῳ
2450 1031 2524 1101 μὴ
2553 1034 2817 1102 ποιήσεις,
2848 1030 2942 1083 καὶ
2975 1028 3052 1100 μὴ
3084 1028 3203 1082 θέλε
3245 1028 3454 1099 ἑτέροις
3482 1028 3654 1091 κακὰ,

2081 1121 2166 1173 ἵνα
2193 1122 2266 1192 μή
2302 1138 2360 1174 σε
2402 1121 2682 1192 καταλάόῃ
2719 1121 2886 1185 κακά,
2917 1121 3014 1174 καλ¹
3051 1119 3153 1190 τὴν
3197 1118 3422 1190 χύτραν,
3477 1119 3658 1188 ἥνπερ

2079 1209 2256 1273 ἄλλοις
2287 1211 2550 1280 ἦρτυσας,
2595 1212 2658 1263 σὺ
2695 1211 2852 1281 μόνος
2895 1209 3300 1280 καταδικασθῇς
3337 1209 3559 1277 φαγεῖν.
3597 1207 3657 1259 Ὀ

2078 1301 2188 1370 γὰρ
2248 1301 2428 1365 ἄλλοις
2481 1301 2670 1373 βόθρον
2731 1298 2952 1372 ὀρύξας,
3003 1303 3083 1364 εἰς
3115 1300 3277 1355 αὐτὸν
3333 1298 3658 1369 ἐμπεσεῖται

2079 1393 2416 1455 ἀνελπίστως

2353 1486 2597 1540 ΣΚΑ’.--
2627 1487 2975 1540 ΕΥΡΥΚΛΕῙ
3016 1486 3366 1556 ΠΑΤΡΙΚῙῼ.

2161 1576 2655 1646 Ἐπιτετευγμένως
2701 1575 2896 1646 ἐρρέθη
2938 1575 3196 1645 περὶτῆς
3236 1575 3335 1644 σῆς
3379 1572 3662 1644 ἐνδοξόση-

2080 1686 2190 1733 τος’
2212 1669 2316 1723 Δύο
2331 1669 2504 1722 ταῦτα
2531 1668 2786 1738 ἐμίσησα,
2803 1666 3032 1736 γέροντα
3050 1667 3252 1737 μοιχὸν,
3276 1667 3371 1719 καὶ
3393 1665 3656 1718 πλούσιον

2084 1759 2346 1829 ψεύστην.
2395 1778 2412 1810 ι
2439 1758 2540 1810 Διὰ
2565 1758 2618 1810 τί
2640 1757 3112 1828 ύπερηφανεύεται
3135 1760 3204 1827 γῆ
3232 1758 3326 1810 καὶ
3375 1755 3571 1816 σποδός
3595 1772 3610 1819 ;
3633 1774 3653 1806 ι

2078 1849 2277 1904 Μέλλει
2301 1849 2408 1920 γάρ
2435 1849 2787 1920 κληρονομεῖν
2814 1846 3205 1917 ταλαιπωρίας,
3227 1847 3320 1900 καὶ
3357 1845 3666 1915 σηπεδόνας-

2079 1943 2172 1995 καὶ
2203 1941 2509 2012 σκώληκας.
2537 1940 2600 1992 El.
2642 1936 2734 1994 οῦν
2765 1939 3149 2009 κατεγήρασας
3179 1940 3236 1992 ἐν
3265 1937 3539 2001 ἀτοπίαις,
3566 1937 3662 1990 καὶ

2078 2033 2317 2102 ψεύδεσι,
2372 2034 2494 2085 καῖέ
2506 2031 2699 2096 δόλοις,
2733 2029 2830 2085 καὶ
2859 2027 3308 2100 κατεδαπανήθης
3354 2026 3663 2099 χορτασθὴς

2079 2122 2301 2194 ἡμερῶν
2350 2121 2560 2188 κακῶν,
2587 2122 2755 2190 γνῶθι
2791 2120 3004 2174 σαυτόν.

2290 2213 2460 2269 ΣΚΒἌ
2471 2245 2541 2254 ——
2559 2213 2918 2268 ΔΓΛΑΟΦΩΝ
2923 2214 2990 2266 TI
3021 2212 3416 2268 ΚΟΥΡΑΤΟΡῙ
3426 2251 3441 2266 .

2153 2306 2322 2360 Ὅταν
2342 2305 2529 2362 λοιπὸν
2549 2306 2771 2379 άτενίσῃ
2804 2305 3091 2376 ἄνθρωπος
3133 2305 3346 2375 βλέπων
3383 2305 3513 2367 τοὺς
3541 2304 3660 2358 ἀδί-

2080 2413 2194 2460 κως
2225 2395 2541 2467 μισοῦντας,
2573 2394 2669 2449 καὶ
2700 2395 2827 2458 τοὺς
2878 2394 3298 2464 διαρπάζοντας,
3347 2395 3665 2463 ἰσχυροποιο

2079 2487 2363 2556 ονμένους,
2399 2487 2494 2540 καὶ
2551 2485 3139 2549 καταδυναστεύοντας,
3191 2485 3320 2538 ὅταν
3372 2485 3475 2554 ἤδη
3524 2483 3663 2554 πρὸς

2081 2575 2426 2645 ἀφελπισμὺν
2461 2575 2624 2648 πέσῃ,
2671 2575 2898 2647 μηδενὸς
2948 2575 3287 2646 βοηθοῦντος,
3312 2574 3432 2626 τότε
3477 2590 3663 2642 παρα-

2081 2664 2247 2731 δόξως
2267 2665 2366 2728 τὰς
2383 2666 2441 2731 ἐξ
2479 2666 2709 2737 ούρανοῦ
2739 2665 3053 2736 ἀντιλήψεις
3079 2665 3172 2718 κα)⁸
3195 2664 3448 2735 βοηθείας
3469 2663 3665 2734 ὄψεται

2081 2756 2392 2827 γινομένας.
2427 2757 2575 2809 Μένε
2603 2751 2693 2809 οῦν
2727 2757 3019 2827 εὐχόμενος
3039 2756 3132 2808 καὶ
3159 2753 3414 2819 ἐλπίζων.
3491 2781 3494 2784 ~

2329 2846 2497 2903 ΣΚΓ¹.
2520 2878 2584 2890 —-
2607 2849 2879 2921 ΜΑΞΙΜῼ
2901 2847 3375 2917 ΠΡΕΣΒΥΤΕΡῼ.

2167 2940 2290 2994 Ἐάν
2327 2953 2380 2993 τι
2409 2938 2720 3010 γέγραπται
2756 2941 2815 2993 ἐν
2851 2942 2918 3010 τῇ
2945 2939 3181 3009 ῐΙαλαιᾷ,
3210 2939 3306 3010 ἦτε
3340 2939 3400 2991 ἐν
3428 2939 3496 3007 τῇ
3521 2936 3662 3008 Νέᾳ,

406 3036 688 3093 narratur,
729 3038 783 3085 et
825 3031 1113 3086 manifesto
1145 3032 1411 3088 scribitur
1459 3035 1562 3089 hoc
1606 3043 1700 3088 aut
1736 3036 1867 3089 illud
1899 3037 1976 3090 fa-

2086 3030 2372 3100 ἱστορικῶς
2409 3026 2767 3100 γεγενῆσθαι,
2824 3030 2918 3083 καὶ
2971 3028 3222 3100 φανερῶς
3274 3028 3394 3081 τόδε
3447 3027 3482 3098 ἢ
3542 3027 3664 3080 τόδε

407 3122 556 3170 ctum
592 3117 798 3185 fuisse;
846 3135 948 3176 nos
976 3136 1103 3176 vero
1136 3121 1188 3175 in
1223 3123 1594 3194 nosmetipsos
1619 3127 1976 3194 argumentis,

405 3211 460 3258 et
489 3208 848 3277 conceptibus
877 3211 1044 3265 animi
1078 3200 1434 3278 assumimus,
1467 3215 1532 3269 ad
1559 3215 1979 3272 aediﬁcationem

406 3293 568 3364 235
617 3297 955 3366 spiritualem
1009 3295 1386 3371 usurpantes:
1427 3319 1495 3358 ne
1538 3304 1824 3360 existimes
1880 3321 1980 3362 nos

406 3391 503 3438 aut
554 3386 818 3456 scriptum
877 3389 1124 3459 rejicere,
1172 3401 1266 3445 aut
1312 3388 1598 3448 historiam
1652 3396 1977 3452 convellere.

404 3475 562 3530 Absit
593 3478 726 3532 hocl
760 3477 880 3533 Non
919 3480 1272 3546 damnamus,
1312 3497 1488 3554 neque
1503 3485 1802 3555 rejicimus,
1832 3487 1981 3558 quod

407 3579 575 3621 sensu
610 3565 810 3622 factum
845 3569 1018 3625 fuisse
1045 3574 1463 3641 comprobatur,
1498 3585 1554 3630 et
1599 3575 1831 3632 historia
1866 3589 1979 3632 tra-

407 3651 581 3707 ditum
616 3662 720 3709 est.
763 3653 871 3711 Sed
925 3659 1144 3727 quando
1191 3676 1290 3716 nos
1333 3663 1570 3718 mundus
1613 3664 1702 3719 hic
1745 3681 1976 3730 sunms,

408 3744 593 3797 omnia
627 3761 749 3814 quae
792 3748 1023 3803 antehac
1057 3757 1211 3820 gesta
1241 3762 1390 3819 sunt,
1427 3769 1574 3808 nunc
1601 3755 1779 3824 ipsum
1813 3758 1974 3813 nobis

408 3833 802 3902 apprimentes,
844 3837 1066 3893 uberem
1109 3839 1347 3894 fructum
1375 3843 1696 3912 accipimus.
1733 3843 1981 3916 Namque

404 3937 533 3976 cum
567 3922 731 3978 hodie
762 3925 946 3981 nullus
967 3928 1038 3982 sit
1063 3926 1287 4000 Josepb,
1310 3933 1463 3986 nulla
1485 3932 1763 4004 Egyptia,
1792 3936 1977 3991 nullus

407 4011 674 4069 Ezechias
712 4031 828 4081 rex,
861 4018 1048 4074 nullus
1079 4019 1250 4076 Judas
1279 4024 1546 4091 proditor,
1580 4024 1766 4080 nullus
1809 4024 1980 4079 Laza-

410 4118 505 4158 rus
547 4104 677 4158 'vita
732 4105 974 4169 functus,
1023 4117 1078 4164 et
1129 4110 1506 4176 reviviscens,
1554 4114 1738 4168 nullus
1787 4111 1980 4170 Simon

405 4193 617 4264 Magos,
652 4195 800 4250 nulla
832 4197 1039 4267 reliqua
1087 4200 1316 4255 omnia:
1359 4210 1646 4271 propterea
1689 4205 1737 4258 si
1782 4221 1976 4274 quem-

405 4293 570 4356 quam
599 4288 950 4344 continentiae
971 4290 1246 4345 addictum
1268 4296 1562 4363 conspicim
1577 4313 1660 4362 us,
1681 4297 1978 4371 Josephum

2081 3121 2416 3192 πεπράχθαι,
2457 3122 2618 3192 ἡμεῖς
2644 3120 2700 3173 δέ
2732 3123 2814 3183 είς
2843 3121 3070 3184 ἑαυτοὺς
3090 3120 3320 3188 νοοῦμεν
3361 3119 3496 3172 αὐτὸ
3540 3122 3666 3182 ταῖς

2081 3213 2446 3284 ἐνθυμήσεσι,
2519 3212 2614 3264 καὶ
2669 3214 2782 3276 τοῖς
2828 3211 3114 3283 λογισμοῖς
3167 3212 3302 3283 πρὸς
3373 3211 3668 3290 οίκοδομὴν

2081 3304 2457 3376 πνευματικὴν
2500 3302 2796 3374 χρώμενοι,
2829 3303 2905 3374 μὴ
2937 3305 3147 3374 νόμιζε,
3177 3304 3260 3357 ὅτι
3313 3303 3666 3374 ήθετησαμεν

2079 3395 2139 3449 τὸ
2167 3393 2468 3465 γράμμα,ἢ
2496 3393 2838 3463 άπωσάμεθα
2865 3392 2966 3464 τὴν
2997 3393 3258 3464 ἱστορίαν.
3286 3394 3378 3465 Μὴ
3411 3393 3661 3463 γένοιτοῐ

2081 3485 2154 3537 Ού
2179 3460 2598 3555 ’λαθετοῦμεν,.
2641 3460 2750 3535 οὐδ’
2811 3460 3230 3554 ἀποϐαλλόμεθα
3276 3484 3336 3537 τὸ
3366 3460 3667 3555 ἀίσθητῶς

2081 3541 2486 3645 πεπάαγμένοὸ,
2530 3541 2623 3625 χιιι
2676 3572 2888 3644 ἱστορίᾳ
2927 3541 3255 3652 παραδοθὲν.
3298 3575 3441 3627 Ἀλλ’
3470 3541 3664 3648 ἐπειδη

2081 3666 2240 3736 ἡμεῖς
2269 3667 2434 3735 ἐσμεν
2457 3665 2487 3716 6
2520 3663 2744 3734 κόσμος,
2797 3664 2980 3717 πάντα
3013 3663 3082 3717 τὰ
3111 3664 3304 3735 πρώην
3360 3668 3658 3737 γενόμενα.

2083 3757 2324 3827 σήμερον
2350 3757 2431 3818 εἰς
2483 3755 2710 3819 ἑαυτοὺς
2743 3754 2997 3818 νοοῦντες
3031 3755 3409 3826 ὠφελούμεθα.
3443 3759 3664 3829 Ἐπειδὴ

2081 3848 2188 3918 γὰρ
2216 3848 2316 3900 οὐκ
2342 3847 2454 3900 ἐστι
2476 3847 2714 3918 σήμερον
2738 3846 2957 3917 Ἰωσὴφ,
2992 3845 3116 3899 οὔτε
3150 3849 3182 3918 ἡ
3210 3849 3511 3915 Αἰγυπτία,
3537 3850 3660 3903 οὔτε

2094 3937 2340 4004 Ἐζεκίας
2367 3940 2394 3991 6
2428 3937 2699 4008 βασιλεὺς,
2735 3937 2860 3990 οὔτε
2913 3939 3115 4002 Ἰούδας
3143 3939 3172 3990 6
3201 3940 3489 4012 προδότης,
3536 3941 3668 3994 οὔτε

2081 4030 2326 4100 Λάζαρος
2359 4026 2646 4083 ἀποθανὼν
2679 4027 2775 4080 καὶ
2803 4027 3064 4094 ἀναστάς,
3089 4027 3214 4081 οὒτε
3249 4030 3432 4099 Σίμων
3475 4033 3505 4084 ὁ
3536 4031 3662 4085 Μά-

2081 4137 2196 4188 γος,
2223 4119 2344 4173 οὔτε
2373 4118 2443 4172 τά
2464 4117 2609 4187 eam,
2629 4115 2716 4170 διὰ
2733 4117 2912 4182 τοῦτο,
2939 4117 3036 4171 ἐὰν
3057 4119 3258 4190 ῐδωμεν
3282 4121 3670 4192 σωφρονοῦντά

2082 4230 2236 4273 τινα,
2298 4212 2495 4282 Ἰωσὴφ
2551 4211 2741 4265 τοῦτον
2797 4210 3116 4282 καλοῦμεν·
3186 4212 3282 4266 ἐὰν
3337 4213 3666 4285 θεασώμεθα

2081 4305 2314 4371 γυναῖκα
2338 4301 2590 4372 μοιχάδα,
2623 4303 2930 4371 Αίγυπτίαν
2958 4302 3192 4374 λέγομεν
3222 4304 3424 4376 αὐτήνο
3457 4305 3555 4358 ἐάν
3581 4324 3663 4370 τις

405 4389 830 4445 nuncupamus;
880 4378 925 4433 si
968 4380 1250 4436 mulierem
1302 4385 1607 4440 adulteram
1649 4389 1975 4456 viderimus,

2086 4390 2344 4460 δυνάστης
2403 4390 2594 4453 πιστὸς
2631 4389 2711 4460 τῷ
2773 4389 2914 4461 Θεῷ,
2966 4392 3060 4445 καὶ
3103 4392 3336 4463 εὐλαϐὴς
3383 4394 3660 4464 τυγχάνει,

405 4481 528 4522 eam
551 4465 864 4539 Egyptiam
891 4469 1157 4536 dicimus;
1184 4471 1232 4525 si
1253 4474 1378 4543 quis
1402 4478 1656 4547 princeps
1705 4479 1812 4536 Deo
1843 4483 1982 4538 lidus

407 4573 473 4612 ac
510 4559 635 4629 pius
656 4569 761 4628 est,
795 4559 1042 4617 Ezechiae
1069 4578 1267 4619 nomen
1300 4567 1483 4622 habet.
1527 4568 1857 4642 Quicunque
1891 4589 1983 4629 ve-

406 4650 588 4704 ritatis
608 4651 837 4706 verbum
862 4655 1100 4722 prodens
1123 4657 1422 4724 prostituit,
1443 4660 1690 4730 aliosque
1716 4663 1769 4716 in
1794 4679 1981 4719 necem

404 4737 653 4807 conjicit,
683 4738 855 4796 Iudas
888 4756 1010 4796 esse
1040 4743 1408 4798 existimatur.
1443 4747 1500 4800 Si
1545 4749 1674 4804 item
1706 4750 1788 4804 vir
1814 4752 1974 4821 quis-

405 4829 552 4898 piam
599 4831 837 4899 optimus
891 4833 1174 4904 negligens
1222 4835 1401 4892 factus
1443 4838 1696 4910 deliquit,
1735 4849 1981 4911 postmo-

403 4920 534 4973 dum
569 4923 889 4993 puanitentia
923 4932 1044 4979 acta
1067 4966 1082 4991 ,
1117 4927 1186 4981 ad
1219 4927 1375 4983 vivos
1404 4931 1585 4996 rediit,
1623 4934 1976 4989 manifestum

404 5016 491 5064 est
518 5021 754 5066 mentem
794 5013 944 5070 illius
985 5015 1331 5072 demortuam
1380 5021 1452 5074 ob
1479 5021 1743 5076 delictum
1777 5024 1973 5090 fuisse,

403 5107 461 5153 et
493 5114 590 5170 per
619 5104 1000 5172 paenitentiam
1045 5108 1439 5163 resurrexisse.
1489 5110 1729 5167 Subdole
1759 5129 1890 5168 vero
1919 5116 1974 5169 in

405 5191 611 5246 Christi
646 5191 948 5249 Ecclesiam
994 5197 1408 5264 advenientem,
1447 5206 1500 5254 et
1531 5216 1673 5271 aqua
1712 5205 1974 5276 simplici,

408 5297 518 5334 non
567 5282 692 5336 item
746 5283 954 5354 Spiritu
1010 5295 1203 5340 sancto
1263 5288 1624 5358 baptizatum,
1692 5292 1972 5352 Simonem

409 5371 623 5440 Magum
674 5375 947 5443 appellare
990 5376 1293 5431 suevimus.
1325 5379 1404 5433 Ad
1434 5380 1550 5435 haec
1584 5383 1786 5454 itaque,
1812 5394 1865 5442 et
1891 5402 1976 5443 re-

411 5459 559 5529 liqua
593 5472 778 5517 nostra
809 5465 992 5519 omnia
1023 5465 1468 5526 intellectualiler
1493 5472 1636 5529 dicta
1658 5475 1977 5540 conferens.

2093 4476 2339 4542 Ἐζεκίας
2394 4479 2860 4550 προσαγορεύεται
2883 4497 2896 4512 ο
2929 4481 3038 4543 πᾶς
3074 4481 3134 4534 δὲ
3169 4483 3198 4534 6
3243 4482 3527 4553 προδιδοὺς
3573 4484 3664 4537 τὸν

2078 4570 2234 4639 λόγον
2273 4571 2374 4641 τῆς
2405 4570 2682 4640 ἀληθείας,
2713 4572 2808 4626 καὶ
2840 4573 2969 4637 τοὺς
3007 4572 3199 4638 ἄλλους
3249 4574 3538 4644 ἐμϐάλλων
3585 4578 3664 4641 είς

2081 4660 2339 4726 θάνατον,
2385 4659 2584 4724 Ἰούδας
2644 4662 2994 4732 νενόμισται’
3057 4663 3106 4715 εί
3150 4662 3207 4716 δέ
3251 4681 3337 4726 τις
3387 4663 3665 4733 βέλτιστος

2081 4750 2363 4821 ἄνθρωπος
2382 4749 2666 4820 ἀμελήσας
2703 4749 2974 4823 ἥμαρτεν,
3009 4747 3130 4805 εἶτα
3163 4754 3501 4824 μετανοήσας
3529 4754 3638 4818 ζωο
3654 4784 3666 4795 -

2086 4841 2308 4912 ποιηθῇ,
2341 4839 2499 4911 δῆλον
2545 4841 2626 4894 ὅτι
2662 4843 2690 4894 6
2720 4841 2843 4906 νοῦς
2889 4841 3052 4895 αὐτοῦ
3099 4842 3372 4898 ἀπέθανεν
3429 4843 3519 4897 διὰ
3565 4844 3666 4914 τῆς

2087 4931 2485 5003 πλημμελείας,
2511 4932 2603 4985 καὶ
2641 4933 2938 5004 ἐγήγερται
2965 4935 3055 4988 διὰ
3083 4934 3181 5005 τῆς
3223 4935 3535 5004 μετανοίας,
3571 4937 3664 4989 τδν

2084 5026 2141 5078 δέ
2207 5023 2328 5078 καθ’
2387 5025 2674 5094 ὑπόκρισιν
2731 5025 3170 5095 προσερχόμενον
3238 5029 3307 5096 τῇ
3371 5025 3462 5079 τοῦ
3526 5025 3667 5080 Θεοῦ

2099 5115 2411 5187 Ἐκκλησία,
2441 5117 2534 5169 καὶ
2565 5115 2956 5185 βαπτιζόμενον
3001 5114 3144 5185 ψιλῷ
3187 5115 3360 5179 ὕδατι,
3383 5117 3442 5168 ού
3479 5117 3668 5186 μέντοι

2085 5210 2179 5263 καὶ
2223 5208 2499 5279 Πνεύματι
2559 5207 2718 5278 ἁγίῳ,
2774 5207 2992 5277 Σίμωνα
3045 5208 3238 5275 Μάγον
3299 5207 3662 5278 ἐπονομάζειν

2085 5300 2375 5370 εἰώθαμεν.
2409 5298 2552 5369 Πρὸς
2579 5297 2751 5351 ταῦτα
2779 5293 2891 5364 οῦν,
2918 5297 3014 5349 καὶ
3035 5279 3213 5352 πάντα
3238 5297 3305 5350 τὰ
3346 5301 3479 5368 παρ’
3501 5297 3660 5368 ἡμῶν

2085 5390 2290 5461 νοητῶς
2311 5389 2578 5459 λεγόμενα
2601 5382 2916 5455 κανονίζων,
2939 5389 3189 5460 οὐδαμῶς
3222 5387 3660 5460 σκανδαλισθήσῃ

2089 5481 2210 5536 καθ’
2239 5479 2416 5552 ἡμῶν.
2446 5479 2630 5534 Πάντα
2661 5475 2755 5534 οῦν
2779 5481 2858 5544 εἰς
2888 5480 3079 5535 ἑαυτὸν
3106 5479 3300 5552 νόησον
3326 5479 3669 5550 τάτυπικῶς

481 5639 529 5674 ιδ
555 5643 708 5699 Εέιίι.
738 5664 835 5715 vn,
870 5655 1095 5720 passim.
1177 5656 1220 5688 “
1250 5655 1417 5714 Eccli.
1456 5673 1626 5729 xxvn,
1649 5659 1744 5716 29.
1825 5661 1868 5693 ⁶⁶
1891 5659 2059 5718 Eccli.
2095 5677 2218 5728 xxv,
2257 5663 2310 5718 4.
2387 5665 2428 5696 ⁸⁷
2455 5663 2626 5720 Eccli.
2663 5681 2715 5730 x,
2750 5666 2802 5719 9.
