3888 6040
101 283 263 351 317

1358 284 1897 344 EPISTOLARUM
1936 287 2082 349 LIB.
2128 286 2210 343 II.

3315 287 3421 352 318

108 396 465 467 συμϐάντα,
497 394 592 449 καλ⁸
618 394 931 464 πραχθέντα
969 396 1082 457 τοϊς
1111 393 1379 463 ἀρχαίοις.
1407 394 1546 462 Φησὶ
1573 393 1681 462 γὰρ
1713 394 1739 445 ό

1856 394 1996 447 nullo
2041 403 2199 461 pacto
2232 407 2361 464 erga
2398 407 2499 448 nos
2530 393 2852 447 scandalum
2876 394 3189 463 tconcipies.
3224 404 3419 453 Umna

122 487 220 541 ’Δ
227 488 489 548 πόπολος
524 504 536 515 ·

579 504 597 536 ι
638 485 823 555 Ὑμεῖς
882 486 1008 548 ναὸς
1061 486 1196 538 Θεοῦ
1220 540 1225 545 ,
1252 485 1375 535 ἐστε
1397 500 1409 513 ·
1438 502 1457 534 ι
1492 484 1589 552 οὐχ
1611 485 1639 535 ὁ
1678 485 1739 537 ἐκ

1856 484 2058 552 itaque,
2093 498 2213 552 qua:
2242 482 2311 536 ad
2342 482 2564 536 modum
2599 483 2717 553 typi
2752 498 3004 547 evenere,
3036 494 3129 539 aut
3157 503 3185 539 a
3219 494 3416 542 veteri-

104 576 304 631 λίθου
361 577 468 629 ὑπὸ
515 574 610 627 τοῦ
654 574 997 643 Σολομῶντος
1045 572 1461 642 δεδωμημένος’
1508 589 1526 621 ι
1555 572 1739 624 Πάντα

1856 574 1953 629 lius
1983 583 2193 643 patrata
2230 583 2378 639 sunt,
2410 575 2717 643 intelligito.
2749 574 2995 644 Namque
3024 577 3157 629 dicit
3185 580 3419 646 Aposto-

112 668 270 738 γὲρ
304 666 459 735 ὑμῶν
500 667 646 718 ἐστιν
674 705 688 727 ,
726 665 834 717 εἴτε
866 663 1091 733 κόσμος,
1125 663 1237 715 εἴτε
1294 661 1588 727 ἐνεστῶτα,
1627 662 1738 715 εἴτε

1856 665 1936 718 ius
1970 682 1983 718 :
2024 683 2043 714 ι
2088 662 2200 719 Vos
2234 664 2495 734 templum
2530 663 2620 717 Dei
2653 663 2786 717 estis
2822 664 2888 726 °‘,
2926 682 2946 715 ι
2984 679 3095 717 non
3123 680 3189 719 ex
3226 667 3420 735 lapidi-

114 758 441 827 μέλλοντα.
470 776 488 809 ι
540 757 727 825 Ὑμεῖς
760 756 817 807 δὲ
844 754 937 807 καὶ
983 753 1269 823 γεώργιον,
1315 754 1411 807 καὶ
1456 752 1737 820 άμπελὼν,

114 848 253 900 καὶ
282 847 510 917 ποίμνη,
545 844 641 898 καὶ
666 842 734 899 τὰ
760 843 915 897 ἄλλα.

259 1125 511 1178 ΣκΔο.-
536 1122 892 1193 ΛΟΥΚΙΑΝῼ
921 1122 1208 1191 meum
1237 1120 1628 1190 ΧΡιΣΤιΑΝῼ.

220 1291 301 1347 οὗ
333 1292 443 1363 χρὴ
468 1292 698 1362 πάροδον
737 1292 938 1345 διδόναι
962 1293 1054 1345 ἐπὶ
1077 1294 1176 1363 τὴν
1200 1292 1441 1346 διάνοιαν
1473 1276 1596 1356 ταῖς
1622 1291 1736 1348 τῶν

118 1380 417 1449 βλάπτειν
448 1382 768 1452 πεφυκότων
821 1382 1097 1451 λογισμῶν
1152 1384 1494 1452 φαντασίαις,
1530 1384 1618 1436 ἵνα
1654 1383 1732 1454 μὴ

117 1470 580 1543 ζωοποιήσωμεν
602 1472 671 1525 τά
708 1472 769 1536 ἐξ
800 1472 1118 1541 ἐπιμελείας
1145 1472 1529 1543 νενεκρωμένα
1562 1473 1730 1543 πάθη,

118 1567 248 1614 καὶ
281 1563 449 1617 πάλιν
482 1561 770 1631 ἐναγώνιον
794 1563 1144 1633 διαγάγωμεν
1179 1563 1310 1633 βίον.
1337 1562 1593 1633 Εὑχερῶς
1623 1564 1732 1635 γάρ

122 1653 314 1705 πάλιν
342 1652 550 1707 διάνοια
572 1653 730 1724 ῥέπει
751 1655 887 1724 πρὸς
906 1654 973 1707 τὰ
1000 1653 1106 1725 πρὸ
1125 1654 1317 1723 χρόνου
1337 1653 1734 1737 ,ιέκϐεὸλημένα

1847 754 1950 808 lius
1981 769 2010 806 a
2043 753 2332 809 Salomone
2359 763 2698 809 exstructum
2729 756 2772 787 ⁸³
2795 772 2816 820 ;
2840 764 2893 809 et
2920 773 2932 808 :
2968 774 2985 806 ι
3015 753 3209 810 Omnia
3238 767 3418 812 vestra

1846 854 1996 907 sunt,
2025 847 2138 900 sive
2164 845 2421 909 mundus,
2446 847 2560 901 sive
2582 848 2899 914 praesentia,
2920 846 3035 901 sive
3062 846 3245 901 futura
3274 849 3353 913 7°;
3396 869 3413 899 ι

1844 943 1900 991 et
1937 954 1949 991 :
2001 934 2107 990 Vos
2154 937 2312 1002 estis,
2359 943 2415 990 et
2457 952 2634 1007 seges,
2686 945 2740 992 et
2790 937 2957 1001 vitis,
2993 946 3048 991 et
3092 953 3222 1006 grex
3259 939 3324 1005 ",
3365 948 3420 994 et

1846 1026 1974 1079 alia.

1845 1117 2008 1189 236
2045 1116 2320 1173 ccxxw.
2363 1149 2431 1160 —
2476 1114 2777 1241 Iéqptt‘ikr‘tp
2815 1115 3173 1173 SOPHISTE
3226 1117 3417 1173 cntu-

1914 1294 2030 1351 Non
2067 1305 2149 1352 est
2178 1296 2392 1351 dandus
2418 1296 2487 1350 ad
2515 1305 2746 1351 mentem
2776 1297 2958 1354 aditus
2998 1297 3415 1368 cogitationum,

1843 1400 1963 1453 quae
1993 1400 2194 1439 nocere
2222 1394 2360 1453 aptas
2379 1394 2528 1449 sunt,
2550 1386 2915 1456 imaginibus;
2943 1403 3011 1442 ne
3042 1387 3416 1457 perturbatio-

1842 1486 1940 1525 nes
1962 1471 2241 1541 diligentia
2265 1480 2453 1527 nostra
2477 1473 2794 1530 demortuas
2816 1476 3140 1540 excitemus,
3166 1491 3416 1530 rursum-

1841 1576 1947 1630 que
1964 1562 2125 1616 vitam
2154 1562 2471 1616 discrimine
2492 1577 2555 1617 ac
2585 1564 2976 1619 certaminibus
2995 1565 3207 1633 plenam
3232 1573 3415 1621 trans-

1842 1651 2074 1721 igamus.
2118 1652 2303 1707 Facile
2375 1654 2520 1706 enim
2576 1656 2878 1724 propendet
2908 1656 3173 1725 cogitatio
3199 1657 3262 1709 ad
3292 1671 3415 1725 per-

124 1741 324 1812 πάθη,
368 1742 465 1796 καὶ
512 1740 610 1812 τὴν
653 1743 763 1795 τῶν
823 1742 1030 1812 ἡδονῶν
1085 1742 1394 1810 πλάστιγγα
1459 1741 1734 1812 ἐπιϐρίθει

1856 1742 2180 1796 urbatioues
2224 1759 2333 1797 non
2376 1744 2606 1797 multum
2657 1754 2782 1799 ante
2820 1755 3036 1814 tempus
3087 1746 3317 1816 sapitas,
3359 1754 3414 1802 et

127 1833 351 1902 μέχρις
405 1833 651 1901 ἐδάφους.
714 1834 948 1904 Τοιαύτη
989 1833 1164 1904 γὰρὴ
1205 1833 1317 1898 ἕξις
1359 1837 1458 1904 τῆς
1509 1835 1734 1905 ἀρετῆς,

121 1922 464 1995 caueam);
490 1924 571 1986 τίς
607 1926 744 1989 ἐστι,
779 1926 872 1977 καὶ
906 1925 1044 1992 ἄγαν
1068 1924 1327 1990 εὐκόλως,
1360 1926 1409 1977 εἰ
1448 1924 1733 1993 ἀμελοῖτο,
1782 1960 1785 1961 ν

124 2012 555 2067 ταλαντεύουσα
572 2014 663 2066 ἐπὶ
687 2016 758 2068 τὰ
789 2014 1026 2067 ἐναντία.

441 2192 698 2245 ΣΚΕ’.--
734 2192 1095 2261 ΣΩΤΗΡΙΧῼ.
1127 2190 1450 2263 ΔιΑΚΟΝῼ.

226 2302 247 2333 ‹
272 2283 488 2352 Ὥσπερ
519 2282 811 2351 στρέφεται
846 2281 987 2352 θύρα
1022 2282 1114 2333 ἐπὶ
1141 2280 1234 2333 τοῦ
1286 2272 1615 2350 στρόφιγγος
1637 2281 1735 2334 αὐ-

132 2373 274 2443 τῆς,
302 2374 469 2445 φησὶν
504 2373 532 2425 ὁ
571 2371 841 2441 Σολομὼν,
862 2371 1034 2435 οὕτως
1075 2371 1215 2443 ἀνὴρ
1244 2372 1477 2443 ὀκνηρὸς
1506 2372 1600 2424 ἐπὶ
1632 2371 1735 2441 τῆς

132 2466 341 2535 κοίτης
396 2463 581 2519 αὐτοῦ.
606 2483 623 2514 ›
660 2464 895 2533 Βολϐίτῳ
935 2464 991 2517 δὲ
1034 2464 1277 2536 κοπριῶν
1322 2464 1411 2516 τὸν
1451 2464 1683 2535 ὀκνηρὸν
1710 2465 1738 2516 ὁ

134 2556 328 2627 Σιρὰχ
390 2556 733 2626 παρεικάζει.
801 2556 986 2609 Ταῦτα
1035 2556 1093 2610 δέ
1151 2574 1241 2626 μοι
1296 2556 1431 2627 πρὸς
1482 2556 1581 2626 τὴν
1638 2554 1737 2625 σὴν

135 2646 290 2716 ὀκνη
300 2645 445 2717 ρίαν.

481 2738 666 2804 ΣΚΕΤ.
688 2766 755 2776 --
783 2735 1091 2807 ΑΝΘΕΜΙῼ
1114 2734 1407 2804 ΝΟΜΙΚῼ.

225 2827 429 2898 Πόρῤω
484 2826 642 2896 στῆθι
692 2825 785 2878 τοῦ
818 2826 914 2894 τῆς
967 2823 1224 2894 πορνείας
1283 2822 1611 2892 μιάσματος,
1643 2817 1737 2871 καὶ

137 2920 257 2973 οὐκ
292 2919 360 2973 ἂν
395 2918 700 2989 περιπέσῃς
739 2916 816 2986 τῷ
848 2918 947 2985 τῆς
974 2917 1153 2984 λύπης
1188 2914 1530 2984 βροχίσματι.

451 3011 625 3066 ΣΚΖ’.
650 3039 713 3048 -ν-
736 3008 1050 3077 ΜΑΡΙΑΝῼ
1080 3005 1450 3074 ΕΠΙΣΚΟΠῼ.

224 3102 489 3173 Μεγάλην
524 3099 608 3169 ἐφ’
644 3099 848 3153 ἅπασιν
878 3097 1025 3149 ἐστιν
1051 3095 1229 3165 εὑρεῖν
1262 3094 1362 3164 τὴν
1389 3090 1483 3144 τοῦ
1525 3089 1735 3158 ἀγαθοῦ

136 3193 430 3247 Δεσπότω)
502 3192 631 3261 περὶ
680 3192 808 3252 τοὺς
847 3188 1079 3250 οἰκείους
1135 3187 1350 3246 δούλους
1398 3181 1734 3251 οἰκονομίαν,

139 3283 299 3336 ὥστε
354 3284 449 3336 καὶ
500 3280 570 3334 τὰ
627 3278 889 3333 δοκοῦντα
943 3272 1086 3331 εἶναι
1140 3272 1461 3344 σκυθρωπὰ,
1514 3272 1610 3325 καὶ
1660 3269 1735 3338 μὴ

141 3376 336 3443 πάντη
393 3373 533 3426 κατὰ
576 3370 827 3442 βούλησιν
876 3366 1228 3428 ἀπαντῶντα,
1288 3364 1384 3417 καὶ
1429 3360 1605 3415 ταῦτα
1646 3359 1736 3411 ἐπ’

142 3465 397 3536 ὠφελείᾳ
436 3465 544 3517 τῶν
578 3462 789 3516 πολλῶν
828 3459 1251 3530 οἰκονομεῖσθαι,
1281 3459 1346 3525 τῇ
1375 3452 1737 3522 δυσθεωρήτῳ

148 3556 327 3627 σοφίᾳ
366 3555 461 3609 τοῦ
513 3554 745 3624 Κυρίου,
789 3552 884 3605 καὶ
918 3554 1035 3615 τοῖς
1090 3548 1524 3618 ἁνεξιχνιάστοις
1571 3542 1736 3599 αὐτοῦ

145 3647 443 3717 κρίμασιν.
516 3644 676 3697 Ἀλλά
733 3640 1167 3711 κατεξανάστηθι
1210 3640 1321 3693 τῶν
1386 3635 1734 3709 πειρασμῶν,

145 3736 265 3790 τῶν
292 3735 388 3789 νῦν
445 3735 600 3806 δίκην
640 3733 955 3802 καταιγίδος
1005 3731 1414 3803 ἐπιδραμόντων
1447 3731 1597 3799 ὑμῖν,
1644 3725 1740 3777 καὶ

148 3825 584 3895 καταστέφθητι,
614 3825 812 3894 πάτερ,
853 3822 1293 3894 ὐπερευχόμενός
1332 3837 1455 3889 μου.

387 3920 562 3973 ΣΚΗ¹,
589 3949 658 3958 ——
690 3917 990 3987 ΛΕΟΝΙΔῌ
1028 3915 1504 3983 ΔΕΚΕΜΠΡΙΜῼ.

231 4030 251 4063 ι
286 4010 474 4073 Οὐδεὶς
518 4009 738 4079 ἔρχεται
780 4008 915 4078 πρός
963 4024 1053 4078 με,
1089 4007 1252 4076 φησὶν
1295 4007 1323 4056 ὁ
1360 4005 1548 4075 Σωτὴρ
1585 4005 1740 4075 ἡμῶν

150 4102 415 4173 Χριστὸς,
463 4090 557 4154 ἐὰν
602 4100 677 4171 μὴ
792 4099 1093 4169 δεδωμένον
1118 4096 1267 4167 αὐτῷ
1311 4096 1538 4150 ἄνωθεν.
1577 4115 1594 4147 ι
1627 4097 1741 4149 Οὐκ

151 4194 278 4245 ἐστι
305 4192 413 4263 γὰρ
444 4191 503 4244 τὸ
529 4193 691 4259 τυχὸν
728 4191 961 4260 πρᾶγμα
984 4190 1017 4258 ὴ
1046 4190 1126 4251 εἰς
1145 4188 1236 4240 τὸν
1268 4185 1503 4256 Χριστὸν
1532 4186 1740 4249 πίστις,

152 4285 263 4355 τῆς
293 4284 403 4354 γάρ
435 4282 643 4336 ἀνωθεν
689 4282 859 4335 δεῖται
885 4281 1077 4351 ῥοπῆς,
1110 4280 1171 4332 τὸ
1196 4278 1304 4348 γὰρ
1352 4278 1623 4348 ἀληθινῶς
1652 4295 1742 4329 πι-

156 4373 388 4429 στεῦσαι
416 4373 671 4442 γενναίας
700 4372 816 4425 ἐστὶ
862 4371 1065 4441 ψυχῆς.
1109 4371 1176 4423 Ἡ
1215 4366 1308 4424 οῦν
1336 4368 1563 4439 τοιαύτη
1592 4366 1743 4438 ψυχὴ

155 4468 260 4536 τῆς
305 4466 413 4518 ἀπὸ
455 4465 548 4517 τοῦ
592 4462 726 4516 Θεοῦ
781 4461 975 4533 χρῄζει
1035 4460 1382 4525 κατανύξεως
1435 4461 1515 4522 εἰς
1565 4458 1625 4511 τὸ
1658 4476 1747 4512 πις-

160 4556 386 4609 στεῦσαι
411 4571 425 4584 ·
454 4555 547 4608 καὶ
572 4557 606 4624 ἡ
634 4552 840 4609 ἄνωθεν
862 4552 919 4605 δὲ
952 4552 1091 4623 ῥοπὴ
1121 4552 1289 4605 δεῖται
1314 4551 1411 4621 τῆς
1432 4548 1589 4620 ἡμῶν
1614 4565 1744 4619 προ-

158 4664 218 4700 αι
224 4645 454 4717 ρέσεως.

405 4735 574 4788 ΣΚΘ’.
603 4764 674 4775 -
707 4733 1007 4786 ΘΕΟΚΛΕΙ
1045 4732 1502 4802 ΣΧΟΛΑΣΤΙΚῼ.

232 4826 500 4880 Τοσοῦτον
539 4824 710 4894 ἰσχύει
749 4824 1008 4894 καλλίστη
1036 4822 1313 4892 μετάνοια,
1356 4822 1496 4874 ὥστε
1519 4823 1614 4875 καὶ
1654 4822 1740 4874 ἐπ’

160 4913 337 4984 αὐτῆς
366 4914 465 4984 τῆς
508 4912 698 4984 κλίνης
740 4912 1192 4984 ψυχορραγοῦντα
1232 4929 1352 4966 τινα
1388 4912 1561 4983 ταύτῃ
1603 4929 1742 4983 χρη-

163 5005 437 5075 σάμενον,
484 5003 806 5073 ἐλευθεροῦν
875 5004 1086 5074 μυρίων
1152 5003 1617 5072 παραπτωμάτων
1686 5004 1745 5055 ἐν

165 5097 371 5166 στιγμῇ
400 5094 616 5165 χρόνου.
651 5093 759 5147 Τοῦ
801 5094 910 5165 γὰρ
962 5093 1155 5165 καιροῦ
1186 5096 1219 5164 ἡ
1271 5093 1603 5163 στενοχωρία
1646 5094 1747 5146 οῦκ

163 5186 233 5238 ἂν
259 5184 436 5254 θλίψοι
478 5184 576 5256 τὴν
621 5185 770 5245 θεῖαν
810 5184 1257 5253 φιλανθρωπίανο
1305 5184 1611 5253 γέγραπται
1638 5184 1744 5252 γὰρ

165 5278 225 5328 ἐν
274 5280 588 5348 προφητικῇ
630 5278 819 5349 δέλτῳ,
872 5279 952 5330 ὅτι
987 5298 1005 5329 ι
1036 5277 1205 5330 Ὅταν
1254 5276 1626 5346 ἀποστραφεὶς
1679 5277 1748 5329 τὰ

166 5367 361 5420 ἐαυτοῦ
412 5368 644 5422 κάκιστα
694 5369 852 5439 ἔργα,
883 5371 947 5422 ἐκ
978 5369 1074 5421 τοῦ
1123 5368 1319 5438 βάθους
1365 5368 1462 5437 τῆς
1521 5368 1748 5439 καρδίας

170 5454 453 5528 στενάξῃς,
485 5457 606 5509 τότε
634 5457 877 5528 σωθήσῃ.
911 5477 928 5509 ι
962 5458 1073 5511 Καὶ
1101 5458 1334 5511 πειθέτω
1359 5476 1417 5511 σε
1446 5461 1473 5511 ὁ
1496 5460 1747 5522 ταπεινὸς

1840 1833 2180 1901 voluptatum
2231 1835 2440 1889 lancem
2478 1836 2543 1889 ad
2575 1837 2751 1890 solum
2784 1852 2959 1904 usque
3000 1845 3280 1906 aggravet.
3315 1836 3415 1893 Est

1840 1923 2060 1978 habitus
2126 1927 2270 1980 enim
2334 1928 2586 1992 virtutis,
2658 1935 2867 1981 mutatu
2931 1929 3251 1982 celerrimus
3304 1936 3410 1992 est,

1840 2016 2115 2085 nimisque
2164 2017 2347 2084 facile,
2394 2018 2439 2072 si
2495 2018 2915 2090 negligatur,in
2967 2019 3240 2072 contraria
3293 2035 3414 2074 ver-

1841 2106 1994 2160 titur.

2051 2197 2307 2252 CCXXV.
2344 2228 2412 2238 —
2443 2197 2834 2275 SOTERICIIO
2876 2198 3210 2254 DIACONO-

1914 2308 1933 2341 ι
1959 2289 2427 2355 Quemadmodum
2451 2298 2606 2359 porta
2624 2306 2789 2358 super
2819 2289 3042 2344 cardine
3066 2305 3165 2343 suo
3180 2290 3415 2345 circum-

1839 2377 2112 2446 volvitur,
2185 2380 2260 2433 ait
2315 2379 2593 2446 Salomon,
2652 2379 2731 2434 sic
2791 2380 2954 2433 homo
3013 2379 3196 2450 segnis
3250 2395 3417 2451 super

1840 2470 2042 2525 lectulo
2071 2486 2174 2525 suo
2205 2471 2271 2524 τ’.
2307 2489 2324 2522 ι
2363 2470 2427 2524 Ει
2456 2478 2765 2525 stercorum
2801 2469 2927 2524 fimo
2947 2471 3229 2525 socordem
3261 2471 3415 2524 Sira-

1839 2561 1977 2616 chus
2022 2560 2296 2615 assimilat
2324 2562 2391 2614 ⁷⁸.
2447 2559 2575 2615 Hasc
2615 2560 2682 2614 ad
2729 2568 2879 2614 tuam
2928 2559 3241 2615 socordiam
3280 2559 3415 2615 mihi

1838 2651 1984 2707 dicta
2007 2659 2157 2705 sunt.

1972 2740 2249 2795 CCXXVI.
2286 2770 2357 2779 —
2395 2738 2755 2793 ANTHEMIO
2793 2738 3269 2795 JURISPERITO.

1908 2831 2091 2902 Longe
2131 2838 2374 2886 remotus
2406 2846 2435 2884 a
2486 2830 2867 2885 fornicationis
2914 2830 3096 2893 sorde.
3141 2830 3197 2883 in
3244 2830 3416 2885 animi

1838 2922 2300 2979 consternationis
2332 2930 2386 2975 et
2405 2922 2642 2975 tristitiae
2674 2922 2926 2989 laqueum
2960 2936 3067 2973 non
3102 2919 3291 2975 cades.

2049 3011 2349 3066 CCXXVII.
2382 3041 2452 3051 —
2482 3010 2792 3064 MARIANO
2839 3008 3191 3063 EPISCOPO.

1914 3106 2237 3159 lmmensam
2264 3104 2318 3158 in
2339 3103 2597 3158 omnibus
2619 3103 2747 3156 boni
2772 3101 2987 3155 Domini
3007 3114 3136 3169 erga
3162 3098 3418 3168 proprios

1844 3208 2033 3251 servos
2087 3196 2506 3265 dispositionem
2572 3194 2873 3247 intuemur.
2925 3189 3017 3244 Sic
3068 3190 3235 3265 etiam
3291 3204 3417 3258 qua:

1844 3287 2022 3341 tristia
2055 3302 2177 3341 esse
2206 3287 2483 3348 videntur,
2532 3293 2587 3339 et.
2626 3299 2734 3337 non
2785 3262 3183 3351 usquequaqde
3220 3294 3419 3334 secun-

1843 3378 1971 3431 dum
2016 3378 2353 3431 voluntatem
2408 3375 2569 3445 237
2614 3374 2932 3436 adveniunt,
2976 3370 3165 3425 eadem
3214 3370 3330 3437 ipsa
3361 3369 3419 3422 in

1844 3470 2137 3523 utilitatem
2174 3468 2473 3521 multorum
2515 3466 2907 3535 disponuntur,
2941 3460 3297 3516 inenarrabili
3329 3474 3421 3515 sa-

1846 3559 2057 3629 pientia
2110 3557 2324 3613 Domini
2370 3565 2424 3611 et
2478 3556 2728 3610 consiliis
2778 3551 3263 3610 inscrutabilibus.
3312 3549 3418 3605 Sed

1844 3657 2041 3705 contra
2096 3649 2455 3710 tentati’oncs,
2511 3664 2631 3717 qua:
2686 3661 2786 3701 nos
2845 3646 3020 3700 instar
3077 3640 3421 3717 tempestatis

1845 3742 2138 3811 impetunt,
2187 3755 2438 3811 assurge,
2466 3748 2519 3793 ct
2542 3753 2806 3793 coronam
2834 3737 2956 3800 tibi,
2986 3741 3160 3804 pater,
3196 3746 3421 3802 compo-

1845 3846 1934 3895 ne,
1963 3846 2062 3901 pro
2096 3845 2185 3883 me
2221 3831 2389 3885 Deum
2421 3844 2680 3883 exorans.

1988 3918 2315 3976 CCXXVIII.
2344 3949 2413 3959 -—
2446 3916 2769 3973 LEONIDIE
2812 3910 3281 3968 DECEMPRIMO.

1922 4027 1940 4057 ι
1975 4004 2145 4061 Nemo
2197 4007 2347 4061 venit
2386 4006 2453 4061 ad
2498 4022 2606 4070 me,
2645 4006 2723 4058 ait
2754 4004 3019 4058 Servator
3052 4009 3240 4055 noster
3265 3996 3424 4052 Chri-

1848 4104 1990 4157 stus,
2034 4095 2139 4149 nisi
2186 4095 2235 4151 ei
2288 4095 2525 4165 desuper
2575 4096 2759 4148 datum
2814 4094 2889 4148 sit
2929 4093 2994 4146 ⁷⁸.
3033 4111 3051 4143 ι
3105 4090 3221 4144 Νοη
3275 4088 3423 4143 enim

1847 4188 2048 4256 cuique
2069 4186 2229 4241 obvia
2252 4196 2337 4242 est
2368 4186 2502 4242 ﬁdes
2530 4188 2585 4240 in
2616 4185 2893 4241 Christum
2922 4202 2936 4238 :
2973 4182 3242 4251 superiori
3276 4194 3426 4233 nam-

1847 4291 1954 4345 que
2000 4275 2241 4345 impulsu
2293 4275 2521 4346 indiget,
2571 4289 2695 4329 cum
2732 4289 2860 4329 vere
2899 4273 3125 4327 credere
3166 4267 3423 4340 generosi
3534 4304 3535 4307 η

1850 4368 2019 4422 animi
2056 4368 2148 4423 sit.
2176 4367 2297 4423 Tali
2338 4368 2506 4437 igitur
2561 4366 2756 4419 anima:
2795 4365 3054 4434 illa,quae
3093 4377 3123 4415 a
3162 4360 3271 4415 Deo
3316 4367 3422 4421 est,

1847 4458 2203 4526 compunctio
2257 4471 2397 4525 opus
2437 4463 2542 4520 est,
2597 4462 2656 4507 ut
2706 4452 2917 4507 credat.
2982 4449 3088 4505 Sed
3150 4462 3424 4518 supernus

1843 4564 2062 4619 quoque
2092 4547 2367 4617 impulsus
2401 4556 2593 4601 nostra
2620 4551 2742 4615 eget
2767 4542 3036 4598 electione
3073 4548 3127 4596 et
3174 4537 3424 4593 arbitrio.

2021 4732 2307 4790 CCXXIX.
2328 4764 2396 4775 —
2421 4731 2718 4788 THEOCLI
2750 4724 3245 4786 SCHOLASTICO.

1920 4826 2154 4880 Tantam
2179 4826 2283 4879 vim
2314 4825 2475 4879 habet
2499 4824 2704 4894 optima
2730 4820 3076 4892 pmnitentia,
3108 4825 3167 4869 ut
3192 4815 3238 4871 si
3264 4813 3419 4884 quis-

1849 4916 2018 4986 piam,
2056 4917 2220 4972 etiam
2276 4916 2331 4969 in
2371 4916 2536 4981 lecto,
2568 4915 2695 4969 dum
2738 4912 2976 4967 animam
3008 4909 3153 4980 agit,
3185 4922 3248 4961 ea
3292 4919 3429 4959 usus

1851 5006 2035 5073 fuerit,
2087 5014 2364 5060 momento
2418 5006 2683 5075 temporis
2726 5004 2794 5058 ab
2850 5000 3158 5057 innumeris
3211 4996 3427 5052 delictis

1848 5100 2135 5154 liberetur.
2153 5096 2441 5167 Temporis
2458 5097 2604 5151 enim
2627 5096 2879 5165 angustia
2912 5094 3004 5147 Dei
3031 5089 3425 5145 humanitatem
3527 5091 3532 5097 '

1852 5207 1962 5245 non
2022 5189 2282 5259 opprimit
2316 5206 2330 5244 :
2363 5187 2628 5257 scriptum
2674 5186 2945 5255 siquidem
2988 5190 3073 5238 est
3110 5178 3252 5250 apud
3303 5192 3429 5246 pro-

1852 5283 2069 5353 phetam
2101 5299 2113 5334 :
2154 5297 2171 5329 ι
2200 5279 2334 5333 Cum
2379 5288 2667 5333 aversatus
2703 5287 2793 5330 tua
2829 5275 3070 5345 pessima
3116 5285 3315 5341 opera,
3362 5282 3429 5321 ex

1857 5373 2049 5425 intimo
2097 5370 2282 5423 cordis
2337 5371 2691 5440 ingemueris.
2743 5376 2876 5421 tunc
2926 5358 3371 5421 salvUS'cris".
3403 5376 3421 5407 ι

1858 5464 2023 5532 quue
2052 5460 2146 5515 tibi
2174 5461 2497 5531 persuadeat
2523 5460 2745 5514 humilis
2778 5459 3127 5528 publicanus,
3150 5447 3424 5504 incernito

239 5594 284 5626 ⁸⁸
309 5595 507 5669 IIACor.
540 5614 614 5669 vt,
651 5600 734 5653 16.
815 5601 860 5632 “9
894 5600 958 5653 III
988 5600 1121 5669 Reg.
1155 5616 1229 5662 vr,
1268 5599 1317 5653 ί.
1396 5601 1439 5630 ⁷ο
1475 5599 1490 5651 I
1521 5599 1646 5654 Cor.
1683 5618 1737 5655 Ill

1856 5605 1883 5657 ε.
1960 5601 2003 5633 ⁷⁸
2028 5601 2227 5655 Ezech.
2254 5616 2441 5665 xxxw,
2476 5601 2557 5655 I7.
2614 5602 2660 5632 ⁷²
2690 5599 2849 5653 Prov.
2888 5612 3036 5657 τινι,
3072 5593 3154 5646 Η.
3188 5587 3232 5618 ⁷³
3257 5582 3427 5639 E00"-

171 5679 307 5730 xxu,
341 5665 398 5720 2.
474 5669 519 5699 ⁷³
545 5667 702 5725 Joan.
738 5687 809 5736 vI,
852 5671 920 5725 65
1020 5665 1197 5726 ⁷⁵⁷ιείι.
1232 5685 1356 5733 xxx,
1392 5670 1473 5722 15.
