3888 6040
500 696 780 761 praeclaris
811 698 1148 761 facinoribus
1176 712 1562 780 conspicuum,
1593 696 1908 782 declaratus
1938 729 2003 781 "'.

839 789 1006 860 238
1033 793 1290 855 CCXXX.
1322 831 1393 843 —
1419 803 1721 864 PHILONI.

569 875 726 931 Alius
758 877 812 932 in
844 881 993 936 aliud
1023 886 1305 957 quidpiam
1336 907 1405 948 ex
1449 899 1640 955 mundi
1687 903 1854 973 hujus
1893 908 2076 964 inani-

496 961 598 1019 bus
624 966 885 1032 inclinat;
927 979 980 1026 et
1012 975 1154 1031 alius
1201 978 1258 1032 in
1296 982 1482 1049 aliud,
1513 991 1660 1056 quod
1704 995 1839 1048 nihil
1874 999 2073 1054 anima:

493 1055 804 1112 conducere
853 1069 1056 1129 potest,
1109 1067 1339 1127 insanit.
1402 1073 1486 1131 Tu
1544 1096 1678 1138 vero
1729 1085 1880 1142 circa
1934 1090 2070 1144 illud

493 1160 660 1200 unum
709 1150 855 1206 votis
911 1156 1171 1215 omnibus
1225 1161 1526 1236 incumbis,
1580 1188 1641 1228 se
1687 1191 1789 1244 pro
1847 1178 2070 1236 Christo

488 1241 872 1297 exercentibus
891 1253 1013 1302 tuas
1041 1249 1161 1305 sine
1186 1253 1299 1309 ullo
1321 1259 1484 1314 modo
1503 1241 1795 1322 facultates
1819 1284 2065 1342 erogare.

487 1326 639 1394 Quas
693 1332 865 1403 igitur
914 1348 1204 1410 propterea
1255 1351 1544 1408 mercedes
1593 1354 1884 1416 habiturus
1917 1326 2061 1437 "sis,

487 1423 663 1490 gratia
729 1424 949 1484 Domini
1004 1441 1133 1490 ante
1190 1438 1401 1497 obitum
1455 1458 1880 1516 praemonstrat,
1941 1470 2066 1524 quae

486 1510 671 1568 futura
700 1518 1007 1586 praevidens
1041 1525 1322 1585 submissa
1353 1510 1488 1589 voce
1515 1545 1568 1591 te
1604 1510 1973 1604 adhortatur:
2005 1554 2064 1599 ut

484 1605 857 1663 conducibilia
878 1626 1131 1685 peragas,
1151 1620 1468 1694 revelatquc
1485 1643 1766 1700 nunquam
1787 1632 2062 1693 desituras

485 1695 901 1756 retributiones.

621 1785 901 1846 CCXXXI.
944 1824 1014 1835 —-
1046 1794 1408 1858 EMILIANO
1444 1803 1912 1870 PROTECTORI.

557 1892 578 1927 ι
604 1874 664 1930 In
709 1881 971 1938 maestitia
1002 1885 1196 1955 faciei,
1230 1893 1308 1948 ait
1357 1896 1640 1967 Salomon,
1670 1904 2062 1966 bonilicabitur

480 1967 685 2022 cor".i
719 1971 932 2028 Etenim
966 1976 1014 2032 si
1051 1976 1376 2052 irascamur,
1400 1997 1706 2062 contraque
1734 2012 1856 2062 nos,
1882 2002 1974 2070 qui
2003 2002 2057 2057 in

479 2056 784 2126 improbam
849 2064 1000 2122 illam
1050 2074 1324 2129 actionem
1381 2078 2057 2158 agimur,.amaruerimus,

477 2150 705 2206 omnino
735 2164 926 2211 nostra
968 2161 1154 2217 anima
1191 2165 1604 2240 boniﬁcabitur,
1637 2178 2054 2246 pulchritudine

475 2238 741 2297 virtutum
771 2248 1017 2315 gaudens
1046 2259 1100 2308 et
1127 2258 1436 2317 exsultans.

829 2421 1138 2485 CCXXXII.
1175 2461 1247 2473 --
1282 2433 1698 2500 SCRINIARIO.

549 2523 572 2559 ι
607 2506 670 2564 In
707 2509 929 2570 Christo
970 2516 1125 2588 Jesu,
1159 2524 1235 2578 ait
1267 2527 1591 2598 Apostolus,
1622 2550 1802 2608 neque
1833 2557 2053 2599 mascu-

472 2593 582 2661 lus,
600 2613 780 2671 neque
797 2603 1006 2662 femina
1021 2611 1118 2664 ⁷⁸.»
1153 2612 1222 2669 Et
1248 2593 1436 2674 tamen
1463 2593 1754 2685 credentes
1782 2645 1975 2688 omnes
1996 2636 2050 2690 in

469 2691 803 2757 masculum,
838 2704 892 2751 et
941 2698 1201 2758 feminam
1256 2709 1590 2768 conformati
1633 2718 1910 2778 videntur.
1943 2723 2052 2781 Ve-

468 2790 778 2840 rumtamen
810 2802 920 2843 non
953 2790 1021 2846 de
1052 2793 1142 2856 iis,
1179 2812 1301 2867 quae
1327 2802 1434 2857 sub
1466 2806 1662 2862 oculos
1692 2813 1932 2877 cadunt,
1975 2816 2048 2869 A-

465 2872 716 2938 postolus
763 2876 1027 2950 loquitur,
1067 2886 1164 2940 sed
1213 2889 1398 2946 innuit
1449 2895 1502 2950 id
1556 2900 1703 2968 quod
1742 2903 1885 2958 visui
1919 2872 2044 2963 rnon

463 2959 770 3032 obiicitur:
809 2969 879 3024 iis
909 2973 1054 3028 enim
1094 2977 1188 3046 qui
1235 2984 1436 3041 mentis
1466 2959 1638 3045 aciem
1672 2991 1728 3047 In
1761 2993 1932 3051 Deum
1961 2999 2046 3054 di-

2186 738 2394 804 ρισαϊον
2426 737 2682 804 ἀλαζόνα,
2717 742 2888 797 πολλὰ
2917 745 3060 799 πάνυ
3098 746 3664 823 δικαιοπραγήσαντα.

2708 831 2830 886 ΣΛ’.
2869 861 2940 873 -
2981 837 3236 891 ΦΪΛΩΝΙ.

2252 915 2447 981 Ἀλλης
2497 919 2634 989 πρὸς
2691 921 2822 976 ἀλλο
2875 941 2930 976 τι
2969 926 3190 980 νένευκε
3243 929 3353 982 τῶν
3390 933 3640 1000 ματαίων
3672 935 3761 988 τοῦ

2177 1004 2406 1074 κόσμου,
2431 1007 2527 1060 καὶ
2549 1006 2709 1072 ἀλλος
2734 1012 2828 1064 ἐπ’
2853 1011 2998 1080 ἄλλῳ
3024 1014 3133 1067 τινὶ
3163 1015 3430 1086 τέτρωται
3455 1019 3568 1071 τῶν
3598 1022 3761 1090 μηδὲν

2173 1093 2272 1164 τὴν
2299 1095 2481 1168 ψυχὴν
2517 1097 2892 1167 ὠφελούντων.
2926 1102 2998 1156 Σὺ
3031 1104 3089 1156 δὲ
3121 1107 3250 1177 περὶ
3297 1106 3356 1161 ἓν
3391 1109 3551 1178 μόνον
3594 1126 3758 1162 σπουο

2171 1185 2354 1250 δάζεις
2389 1188 2529 1258 μετὰ
2567 1189 2772 1258 πόθων,
2827 1193 2891 1246 τὸ
2929 1195 3044 1258 τοῖς
3076 1198 3347 1268 ἀσκηταῖς
3392 1198 3490 1252 τοῦ
3519 1201 3756 1270 Χριστοῦ

2168 1275 2268 1346 τὴν
2323 1279 2422 1348 σὴν
2467 1280 2781 1354 έκδαπανᾷν
2830 1284 3068 1356 ὓπαρξιν
3125 1289 3460 1360 ἀκορέστως.
3515 1292 3757 1362 Πηλίκας

2167 1364 2349 1418 τοίνυν
2390 1366 2479 1421 διά
2505 1367 2664 1423 τοῦτο
2715 1371 2930 1441 μέλλεις
2993 1373 3402 1446 ἀπολαμϐάνειν
3445 1377 3546 1438 τὰς
3595 1377 3756 1446 μισο-

2166 1456 2482 1523 αποδοσίας,
2504 1459 2663 1531 δῆλον
2689 1463 2771 1516 ὅτι
2799 1465 2832 1534 ἡ
2861 1464 3022 1534 χάρις
3044 1465 3138 1518 τοῦ
3166 1466 3372 1536 Κυρίου
3391 1467 3636 1522 δεικνύει
3673 1485 3755 1520 σοι

2164 1547 2273 1617 πρὸ
2312 1548 2593 1620 τελευτῆς,
2625 1552 2659 1622 ἥ
2710 1570 2799 1616 τις
2838 1555 3290 1625 προγινώσκουσα
3341 1556 3413 1610 τὰ
3463 1558 3752 1628 μέλλοντα,

2164 1638 2260 1692 καὶ
2304 1640 2710 1711 ὑποφθέγγεται
2761 1662 2844 1698 σοι
2893 1647 3158 1717 πράττειν
3195 1648 3268 1700 τὰ
3305 1649 3627 1719 ψυχοφελεῖ,
3663 1653 3757 1705 καὶ

2164 1732 2688 1800 προσαποκαλύπτει
2725 1737 2826 1800 τάς
2853 1736 3267 1803 διαιωνιζούσας
3300 1741 3680 1812 ἀνταμείψεις.

2377 1824 2543 1879 ΣΛΑ’.
2567 1857 2639 1868 -—
2658 1828 3023 1902 ΑῙΜΙΑΙΑΝῼ
3062 1832 3535 1888 ΠΡΟἸἮΚΤΟΡΙ.

2242 1933 2259 1967 ι
2304 1916 2394 1970 Ἐν
2445 1918 2615 1989 κακίᾳ
2642 1919 2938 1989 προσώπου
2965 1960 2980 1986 ,
3019 1924 3153 1992 φησι
3197 1923 3470 1994 Σολομὼν,
3512 1924 3753 1992 ἀγαθυνο

2162 2003 2389 2073 θήσεται
2419 2008 2639 2078 καρδία.
2669 2027 2687 2058 ι
2725 2007 2851 2061 Ἐὰν
2881 2010 2989 2080 γὰρ
3010 2011 3374 2082 όργισθῶμεν,
3409 2013 3502 2065 καλ⁵
3519 2029 3755 2082 πικρανο

2161 2095 2344 2166 θῶμεν
2384 2099 2506 2152 καθ’
2555 2099 2766 2152 ἑαυτῶν
2819 2101 3155 2172 κινουμένων
3208 2103 3345 2172 πρὸς
3393 2101 3492 2173 τὴν
3547 2103 3754 2158 ἄτοπον

2158 2187 2378 2259 πρᾶξιν,
2429 2190 2648 2254 πάντως
2681 2191 2764 2244 ὃτι
2817 2191 3257 2265 ἀγαθυνθήσεται
3309 2197 3342 2266 ἡ
3394 2195 3544 2266 ψυχὴ
3590 2197 3750 2268 ἡμῶν

2156 2278 2493 2350 τερπομένη,
2538 2280 2634 2334 καὶ
2686 2281 3076 2355 ἀγαλλιωμένη
3112 2283 3191 2352 τῷ
3240 2284 3426 2339 κάλλει
3465 2286 3577 2340 τῶν
3620 2288 3748 2360 ἀρεο

2155 2384 2285 2421 των.

2591 2463 2756 2519 ΣΑΒκ.
2783 2493 2854 2504 -
2894 2465 3312 2538 ΣΚΡῙΝΙΑΡΙῼ.

2232 2566 2251 2601 ι
2287 2550 2376 2604 Ἐν
2409 2552 2631 2623 Χριστῷ
2686 2555 2886 2626 Ἰησοῦ,
2929 2559 3095 2628 φησὶν
3143 2561 3172 2612 ὁ
3226 2559 3574 2624 ’Λπόστολος,
3619 2560 3741 2614 οὕτε

2151 2637 2337 2707 ἄρσεν,
2369 2641 2494 2695 οὔτε
2525 2642 2685 2714 θῆλυ.
2724 2663 2743 2696 ι
2794 2647 2906 2700 Καὶ
2946 2649 3055 2719 μὴν
3105 2649 3308 2713 πάντες
3350 2652 3401 2704 οί
3435 2653 3621 2705 πιστοὶ
3647 2653 3744 2706 καὶ

2149 2731 2232 2794 είς
2261 2733 2429 2803 ἄρσεν
2462 2735 2555 2787 καὶ
2589 2737 2670 2800 είς
2710 2736 2846 2808 θῆλυ
2891 2739 3174 2808 φαίνονται
3209 2742 3739 2814 διεσχιματισμένοι.

2161 2822 2300 2876 Ἀλλ’
2329 2824 2452 2894 οὐχὶ
2489 2826 2616 2896 περὶ
2650 2827 2759 2880 τῶν
2799 2829 3077 2900 ὁρομένων
3101 2831 3250 2900 λέγει
3291 2835 3319 2886 ὁ
3367 2835 3542 2904 μέγας
3591 2837 3740 2890 Παῦ-

2147 2911 2259 2976 λος,
2287 2914 2424 2969 ἀλλά
2451 2917 2512 2969 τὸ
2537 2918 2610 2988 μὴ
2646 2917 2980 2991 βλεπόμενον
3009 2923 3389 2978 ὑπαινίττεται
3410 2943 3423 2954 ·
3451 2927 3605 2998 παρά
3631 2929 3742 2997 γὰρ

2145 3005 2258 3067 τοῖς
2280 3004 2685 3062 ἀποϐλέπουσιν
2712 3013 2792 3075 είς
2823 3011 2977 3079 Θεὸν,
3010 3015 3107 3068 καὶ
3138 3015 3200 3068 τὸ
3221 3017 3388 3087 ἄρσεν
3419 3018 3616 3082 πάθος,
3646 3023 3740 3073 καὶ

463 3052 674 3124 rigunt,
705 3066 760 3113 et
795 3065 1062 3130 mascula,
1103 3077 1156 3123 et
1191 3069 1427 3131 feminea
1462 3084 1807 3148 perturbatio
1841 3104 2040 3161 propo-

463 3142 572 3181 niln
622 3155 675 3181 nl
709 3148 811 3181 na-
838 3161 888 3181 ,ιο
916 3156 1192 3181 ..-ι.....-.-
1228 3177 1244 3181 -
1273 3180 1332 3181 ,,,
1383 3166 1396 3178 .
1485 3177 1496 3181 -

2163 3052 2255 3067 ην,
2283 3052 2680 3062 ..η---ηη---.ν
2712 3052 2790 3075 -.ν
2825 3052 2977 3079 νυ-σγ,
3012 3052 3107 3068 πει-υ
3150 3052 3200 3068 υυ
3221 3052 3387 3087 urunt
3426 3052 3616 3082 ιιυινυηη
3647 3052 3734 3073 aut

2155 3094 2204 3147 τὸ
2234 3093 2392 3166 θῆλυ,
2419 3100 2486 3169 τῇ
2527 3101 2806 3171 προθέσει,
2865 3106 2963 3158 καὶ
3003 3109 3070 3176 τῇ
3118 3107 3323 3173 πίστει,
3360 3110 3456 3163 καὶ⁵
3499 3114 3568 3181 τῇ
3617 3110 3734 3180 βου-

461 3142 592 3210 sito,
622 3155 680 3202 et
707 3148 811 3204 fide
837 3161 892 3206 et
916 3156 1196 3216 voluntate
1219 3142 1590 3225 emoriuntur.

457 3233 625 3307 239
681 3239 1012 3301 CCXXXIII.
1055 3279 1125 3290 —-
1160 3250 1566 3316 DOMETIANO
1625 3263 2034 3328 EPARCHICO.

527 3325 647 3384 Nisi
695 3345 879 3388 rerum
935 3341 1180 3395 omnium
1215 3345 1375 3414 Dens,
1412 3359 1468 3405 et
1508 3351 1576 3408 de
1609 3359 1870 3416 omnibus
1900 3362 2038 3419 bene

440 3415 789 3484 promeritus
829 3423 1083 3484 Christus
1127 3445 1317 3488 revera
1352 3447 1627 3508 mortuus,
1679 3459 1746 3500 ex
1801 3453 2036 3508 mortuis

453 3519 586 3562 vere
612 3514 935 3579 resurrexit,
965 3516 1143 3575 inanis
1169 3531 1254 3577 est
1275 3534 1462 3581 nostra
1491 3529 1625 3588 fides
1647 3534 1692 3567 "'
1709 3553 1725 3602 ;
1745 3547 1799 3592 et
1829 3539 2034 3597 frustra

453 3610 658 3667 corpus
697 3603 991 3673 mysticum
1023 3613 1364 3673 comedimus
1387 3657 1402 3682 ,
1430 3627 1485 3674 et
1517 3626 1840 3700 sanguinem
1890 3631 2034 3688 bibi-

453 3701 582 3743 mus
621 3705 724 3746 nos
767 3708 936 3750 causa
968 3705 1331 3772 expurgandi,
1368 3717 1428 3763 ut
1459 3716 1852 3774 annuntiemus
1874 3762 1888 3785 ,
1922 3739 2029 3779 non

451 3785 685 3834 mortem
717 3791 925 3840 tantum
954 3797 1010 3843 et
1035 3794 1398 3864 sepulturam,
1427 3802 1524 3856 sed
1557 3811 2026 3870 resurrectionem

449 3867 617 3923 etiam
669 3881 724 3928 et
767 3876 1032 3948 gloriam,
1094 3891 1151 3938 et
1206 3902 1490 3960 nunquam
1545 3893 1746 3956 finiens
1799 3916 2028 3975 regnum

449 3956 621 4017 illius.

587 4050 918 4112 CCXXXIV.
945 4089 1018 4101 —
1051 4062 1332 4125 FBANCO
1371 4071 1891 4140 CANCELLARIO'

514 4141 652 4198 Cum
686 4149 874 4204 carnis
897 4152 1162 4222 cogitatio
1193 4157 1372 4216 irritat
1397 4171 1470 4229 te,
1508 4170 1739 4240 concipe
1766 4173 1862 4228 tibi
1906 4178 2027 4232 ani-

444 4245 536 4286 mo
586 4242 918 4293 internarum
966 4257 1252 4312 poenarum
1300 4251 1612 4314 horrorem.
1659 4259 1880 4323 Jacebis
1927 4285 2024 4340 per

444 4319 582 4340 :J_..‘
617 4331 659 4340 ιε
933 4337 942 4340 Α
982 4332 992 4340 ⁸
1119 4336 1130 4340 ⁸
1200 4338 1223 4340 “
1274 4339 1277 4340 ⁷

444 4319 588 4376 idem
617 4331 857 4394 tempus,
889 4337 950 4382 ut
980 4332 1159 4404 inquit
1193 4338 1475 4412 Salomon,
1523 4345 1580 4402 in
1623 4353 1789 4408 corde
1830 4319 2019 4425 maris,

439 4418 498 4464 et
530 4412 699 4469 veluti
742 4419 1080 4487 gubernator
1107 4425 1162 4482 in
1191 4429 1568 4502 inexplicabili
1597 4446 1920 4514 tempestate
1950 4412 2018 4505 ὀἱ
2051 4441 2096 4496 Ι)

441 4500 726 4572 Siquidem
754 4509 800 4565 si
828 4527 1022 4582 pugnae
1053 4500 1511 4595 tempora—quam
1541 4545 1665 4586 cum
1696 4500 1945 4595 irritante
1970 4553 2020 4597 te

439 4595 596 4647 suavi
623 4594 761 4653 facie
810 4600 939 4667 inis,
964 4617 1275 4677 praepotens
1310 4594 1486 4682 fuisti,
1523 4624 1730 4690 poteris
1766 4641 1873 4682 non
1912 4630 2022 4687 dis.

436 4682 603 4739 simili
644 4689 858 4746 ratione
889 4707 1014 4749 cum
1054 4704 1394 4774 praescriptis
1436 4713 1791 4781 sempiternis
1835 4722 2016 4788 pmnis

434 4784 713 4830 certamen
744 4781 951 4849 subire,
985 4795 1150 4856 atque
1178 4791 1272 4846 ille
1296 4796 1388 4863 qui
1417 4797 1469 4853 in
1491 4804 1661 4858 maris
1686 4781 2014 4877 tempestate

431 4864 708 4934 obruitur,
742 4873 896 4928 nullo
940 4879 1184 4949 negotio,
1235 4887 1497 4959 nulloque
1539 4893 1727 4950 labore
1758 4901 2015 4967 superior

431 4954 546 5010 eris
568 4960 719 5013 omni
750 4962 991 5020 violento
1019 4966 1285 5039 impulsu,
1317 4981 1414 5046 qui
1447 4980 1545 5035 tibi
1583 4999 1613 5037 a
1644 4995 2012 5045 concertanti-

432 5048 537 5104 bus
565 5050 911 5112 darmonibus
943 5058 1204 5129 adigitur.

576 5144 885 5209 CCXXXV.
913 5185 979 5196 ——
1017 5155 1484 5218 ARISTOCRATI
1511 5165 1863 5229 EUNUCIIO.

499 5231 558 5288 ln
591 5234 800 5306 Spiritu
827 5255 1022 5300 sancto
1046 5255 1100 5301 et
1120 5248 1246 5318 igne
1276 5249 1626 5312 Dominicum
1650 5261 1916 5333 baptisma
1940 5269 2007 5336 ⁸¹,

427 5321 576 5393 ignis
610 5331 982 5398 appellatione
1015 5337 1259 5392 calidum
1282 5380 1297 5405 ,
1339 5351 1396 5397 et
1432 5346 1676 5405 vividum
1708 5321 1899 5422 gratia:
1949 5321 2005 5414 et

425 5425 778 5484 peccatorum
806 5421 1006 5480 discito
1031 5428 1352 5489 absumens.

2143 3185 2298 3256 λήσει
2319 3189 2672 3260 νενὲκρωται.

2381 3279 2546 3335 mra
2574 3312 2645 3323 —
2679 3285 3080 3360 ΔΟΜΕΤΙΑΝῼ
3118 3291 3491 3365 smmum.

2184 3341 2272 3423 .EI
2303 3369 2379 3442 μὴ
2407 3373 2435 3424 ὁ
2455 3372 2566 3426 τῶν
2604 3373 2742 3429 ὅλων
2775 3375 2908 3440 Θεὸς
2964 3341 3065 3432 καὶ⁸
3089 3341 3386 3453 εόεργέτης
3421 3341 3556 3449 aco;
3595 3387 3733 3458 Χρι-

2140 3463 2263 3526 στὸς
2309 3463 2450 3517 κατὰ
2503 3466 2761 3538 ἀλήθειαν
2815 3469 3094 3542 τεθνηκὼς
3148 3476 3213 3528 ἐκ
3253 3477 3464 3546 νεκρῶν
3512 3478 3731 3548 ἀληθῶς

2136 3553 2458 3623 ἐγήγερται,
2493 3556 2760 3627 ματαίαή
2813 3557 3000 3623 πίστις
3053 3561 3211 3632 ἡμῶν
3249 3563 3506 3635 ὑπάρχει,
3551 3568 3731 3639 μάτην

2134 3642 2192 3694 δὲ
2247 3643 2499 3714 ἐσθίομεν
2533 3645 2596 3698 τὸ
2648 3646 2810 3718 σῶμα
2851 3649 2914 3702 τὸ
2962 3653 3228 3720 μυστικὸν
3253 3695 3268 3719 ,
3296 3657 3525 3726 πίνομεν
3561 3659 3620 3711 δὲ
3668 3661 3728 3712 τὸ

2133 3729 2277 3805 αἷμα
2306 3735 2444 3808 πρὸς
2475 3735 2746 3808 κάθαρσιν
2772 3741 3002 3809 οἰκείαν,
3035 3743 3124 3796 ἵνα
3159 3747 3639 3819 καταγγείλωμεν,
3663 3751 3724 3803 οὐ

2135 3824 2297 3895 μόνον
2344 3826 2438 3878 τὸν
2491 3827 2742 3894 θάνατον,
2793 3830 2890 3884 καὶ
2937 3831 3038 3904 τὴν
3069 3833 3270 3906 ταφὴν,
3301 3836 3440 3891 ἀλλά
3485 3838 3583 3891 καὶ
3625 3841 3725 3910 τὴν

2131 3913 2372 3985 ἔγερσιν,
2395 3917 2491 3970 καὶ
2517 3917 2617 3990 τὴν
2641 3917 2820 3985 δόξαν,
2847 3922 2943 3974 καὶ
2979 3923 3080 3996 τὴν
3113 3927 3539 3983 ἀκατάπαυστον
3561 3929 3722 4000 βασι·

2127 4005 2277 4059 λείαν
2303 4007 2399 4061 τοῦ
2430 4009 2695 4080 Χριστοῦ.

2361 4100 2522 4154 ΣΛΔ’.
2547 4129 2619 4142 -
2648 4103 2922 4177 ΦΡΑΓΚῼ
2958 4107 3474 4183 ΚΑΓΚΕΛΔΑΡῙῼ.

2205 4187 2374 4243 Ὅταν
2399 4191 2637 4263 ὲρεθίζει
2673 4211 2731 4246 σε
2774 4194 2836 4248 τὸ
2878 4196 3134 4268 φρόνημα
3179 4199 3283 4271 τῆς
3315 4204 3542 4275 σαρκὸς,
3583 4204 3719 4261 λάϐε

2125 4277 2208 4340 είς
2239 4280 2470 4350 καρδίαν
2501 4299 2595 4336 σου
2622 4284 2722 4355 τὴν
2754 4286 2959 4358 φρίκην
2999 4290 3108 4343 τῶν
3134 4292 3366 4346 αἰωνίων
3400 4295 3703 4352 κολάσεων.

2125 4368 2444 4444 Κατακείσῃ
2503 4373 2581 4440 δὲ,
2625 4375 2808 4441 καθὼς
2863 4378 3012 4447 λέγει
3063 4380 3354 4453 Σολομὼν,
3400 4385 3460 4440 έν
3508 4389 3714 4461 καρδίᾳ

2126 4455 2425 4531 Θαλάσσης,
2480 4466 2574 4516 καὶ
2607 4465 2684 4530 ὡς
2736 4468 3077 4541 κυϐερνήτης
3130 4472 3190 4524 ὲν
3227 4474 3419 4547 ἀφάτῳ
3454 4455 3710 4536 κλύδωνι,

2132 4548 2260 4604 Ἐὰν
2289 4552 2398 4622 γὰρ
2431 4554 2667 4628 δυνηθῇς
2698 4561 2755 4613 ὲν
2781 4559 2860 4632 τῷ
2890 4562 3069 4633 καιρῷ
3104 4565 3204 4634 τῆς
3231 4567 3412 4638 μάχης
3435 4569 3538 4640 τῆς
3572 4571 3714 4643 πρὸς

2116 4640 2177 4694 τὸ
2210 4641 2456 4713 έρεθίξον
2492 4664 2552 4699 σε
2587 4643 2862 4721 εὔμορφον
2904 4654 3217 4726 πρόσωπον,
3253 4655 3428 4722 οὕτως
3484 4640 3706 4730 ἐναγιῖι-

2119 4749 2231 4786 νιον
2269 4737 2494 4790 σεαυτὸν
2535 4743 2880 4811 καταστῆσαι
2909 4748 2976 4816 τῇ
3008 4749 3535 4822 προκατηγγελμένῃ
3577 4753 3710 4808 αἰω-

2117 4821 2215 4893 νίῳ
2263 4825 2504 4895 κολάσει,
2564 4829 2817 4903 καθάπερ
2847 4835 2876 4888 ὁ
2923 4838 3322 4921 χειμαζόμενος
3361 4841 3420 4892 έν
3462 4821 3705 4915 θαλάσσῃ

2119 4911 2315 4982 ῥᾳδίως
2358 4933 2418 4969 τε
2477 4919 2571 4971 καὶ
2625 4920 2842 4984 ἀπόνως
2880 4927 3215 4997 περιγενήσῃ
3262 4917 3364 4996 τῆς
3404 4928 3560 5001 παρά
3596 4911 3705 4984 τῶν

2119 5007 2600 5069 προσπαλαιόντων
2628 5010 2899 5082 δαιμόνων
2933 5016 3281 5088 ὲπαγομὲνης
3310 5018 3492 5088 βιαίας
3526 5039 3704 5093 παρα-

2117 5094 2388 5166 κλήσεως.

2310 5188 2476 5242 ΣΛΕ’.
2504 5221 2568 5234 -
2597 5193 3106 5252 ΑΡΙΣΤΟΚΡΑΤΕΙ
3147 5200 3498 5275 ΕΥΝΟΥΧῼ.

2197 5274 2284 5328 Ἐν
2328 5279 2610 5350 Πνεύματι
2646 5285 2786 5357 ἁγίῳ
2834 5288 2929 5340 καὶ
2964 5292 3098 5360 πυρὶ
3147 5292 3204 5344 τὸ
3237 5274 3568 5348 Δεσποτικδν
3603 5295 3697 5366 βά-

2110 5381 2340 5437 πτισμα,
2371 5370 2458 5425 διὰ
2482 5374 2579 5444 τῆς
2608 5375 2702 5428 τοῦ
2751 5379 2922 5450 πυρὸς
2965 5384 3338 5454 προσηγορίας
3363 5387 3424 5438 τὸ
3470 5385 3691 5458 θερμὸν,

2111 5456 2171 5509 τὸ
2199 5457 2626 5533 διεγηγερμένον
2659 5470 2758 5538 τῆς
2797 5471 3040 5542 χάριτος,
3086 5474 3182 5526 καὶ
3221 5475 3284 5528 τὸ
3326 5456 3690 5548 δαπανητικὸν

2110 5547 2220 5602 τῶν
2254 5551 2540 5624 ἁμαρτιῶν
2575 5559 2835 5628 μάνθανε.
