3888 6040
122 190 237 262 321

331 307 512 376 EAG.
539 336 607 350 —-
633 308 1116 363 ΑΠΟΛΛΟΦΑΝΕΙ
1157 305 1513 376 ΣΥΜΠΟΝῼ.

211 488 654 558 Βληχηματωδης
695 503 802 551 τις,
838 502 932 539 και
966 486 1156 553 ἄλογος
1186 484 1469 555 ὑπάρχων,
1505 492 1610 535 καν
1637 481 1721 534 δο-

125 582 255 643 κεῖς
292 577 702 649 φρονιμώτατος
747 572 911 641 εἶναι,
942 576 1037 629 τοῦ
1072 575 1171 646 μὲν
1196 573 1333 628 Θεοῦ
1367 574 1583 643 άπαρνῇ
1622 571 1724 641 τὴν

126 668 417 740 λατρείαν,
462 667 706 736 μηδόλως
733 666 902 719 θέλων
945 667 1249 736 παρασχεῖν
1275 663 1450 734 τούτῳ
1492 662 1722 732 εὑήκοον

125 762 330 831 ἀκοὴν,
366 759 443 829 τῷ
473 759 518 813 δ’
544 759 722 831 ἐχθρῷ
748 760 922 830 ήδέως
946 760 1006 813 τὸ
1036 760 1199 813 ὠτίον
1221 757 1443 826 ὑπέχεις
1472 756 1608 827 πρὸς
1629 754 1721 808 τὸν

128 848 343 904 σαυτοῦ
376 847 615 918 ὄλεθρον,
644 851 739 901 καὶ
773 849 1004 917 ἀγαπῶν
1037 847 1291 918 ἐκθύμως
1320 846 1410 898 τὸν
1436 844 1587 915 παρὰ
1618 841 1723 913 φύ-

110 923 223 994 ’σιν
274 940 587 1010 Δεσπότην,
618 940 884 1010 διηνεκῶς
934 940 1173 1003 ἐκτελεῖς
1203 938 1272 991 τὰ
1318 936 1721 1009 προστάγματα

124 1032 324 1085 αὐτοῦ.
356 1032 552 1094 Καλῶς
583 1032 860 1102 τοιγάρτοι
884 1035 911 1086 6
937 1032 1070 1102 παρ’
1106 1030 1378 1101 Ἑϐραίοις
1406 1029 1569 1100 νόμος
1591 1043 1722 1098 συμ-

124 1121 371 1185 6ολικῶς
391 1124 485 1175 τοῦ
517 1121 705 1175 δούλου
744 1121 841 1176 τοῦ
874 1122 974 1193 τὴν
1017 1121 1329 1193 ἐλευθερίαν
1366 1120 1719 1191 μισήσαντος,

129 1214 599 1283 μετατρυπᾶσθαι
631 1214 709 1286 τῷ
757 1215 970 1286 όπητίῳ
1016 1213 1230 1267 κελεύει
1260 1212 1323 1267 τὸ
1366 1212 1545 1277 ὠτίον,
1574 1212 1722 1273 ὅπως

132 1304 217 1375 μή
249 1305 360 1375 ὁπῇ
394 1309 459 1377 τῇ
485 1306 627 1360 κατὰ
664 1305 825 1376 φύσιν
853 1306 1092 1369 ἀκούων,
1128 1304 1348 1374 δέξηταί
1386 1320 1518 1356 ποτε
1564 1302 1722 1371 λόγον

126 1394 453 1466 ἐλευθερίας
477 1414 490 1429 ·
512 1398 661 1468 -ὅπερ
707 1397 979 1467 βλέπομεν
1004 1396 1293 1467 γενόμενον
1326 1394 1431 1448 ὑπὸ
1462 1393 1578 1447 σοῦ’
1604 1392 1725 1446 δοῦ-

125 1483 228 1547 λος
259 1486 371 1557 γὰρ
395 1485 490 1538 τοῦ
536 1488 749 1540 Σατανᾶ
782 1488 1000 1550 αἰώνιος
1028 1487 1275 1558 πέφηνας
1294 1526 1310 1549 ,
1346 1485 1591 1556 στέργων
1624 1484 1722 1554 μὲν

122 1575 306 1628 αὐτόν,
335 1594 396 1629 τε
432 1578 526 1630 καὶ
560 1578 649 1630 τὸν
706 1578 948 1647 παρόντα
978 1577 1110 1648 βίον,
1146 1577 1412 1649 μηδέποτε
1447 1577 1505 1631 δέ
1540 1575 1723 1647 βουλό-

1310 193 1847 255 EPISTOLARUM
1887 195 2032 254 LIB.
2063 195 2146 253 II.

1744 316 1788 371 Α
1818 304 1983 377 240
2033 301 2366 358 CCXXXVI.
2401 333 2473 345 -
2498 303 2986 377 ῥεριιοριιλιιι
3053 304 3402 361 εοιιΑιιο.

3295 194 3404 259 322

2498 373 2728 427 RANTI.

1898 483 2079 553 Eque
2127 499 2190 538 ac
2231 500 2363 541 oves
2402 485 2620 550 balans,
2669 494 2725 540 et
2773 486 3007 542 rationis
3055 489 3237 559 inops,
3274 491 3407 546 licet

1825 575 2289 647 prudentissimus
2317 577 2576 641 videaris,
2613 576 2706 632 Dei
2731 577 2951 647 quidem
2992 579 3198 632 cultum
3231 580 3404 635 abne—

1824 682 1942 737 gas,
1977 681 2100 721 cum
2154 666 2233 719 illi
2266 682 2492 735 prorsus
2540 674 2804 737 praestare
2834 667 2977 722 nolis
3007 682 3196 722 aurem
3227 670 3405 724 obno-

1825 758 1993 823 xiam,
2025 756 2344 812 adversario
2382 772 2514 812 vero
2558 765 2831 826 patentem
2863 772 2930 813 ac
2966 759 3292 829 morigeram
3338 762 3402 816 in

1826 848 1904 902 tui
1935 848 2236 918 perniciem
2265 847 2560 913 exhibeas,
2595 858 2650 902 et
2679 863 2745 903 ex
2774 848 2961 905 animo
3000 848 3269 913 Domino,
3306 851 3403 920 qui

1824 947 2023 1008 praeter
2062 946 2316 993 naturam
2352 950 2469 1003 est,
2513 939 2791 1004 addictus,
2831 939 3099 994 continuo
3128 940 3279 997 illius
3310 941 3408 994 im-

1827 1031 1996 1101 periis
2024 1030 2397 1102 obtemperas.
2431 1032 2611 1086 Probe
2639 1031 2809 1102 igitur
2842 1030 3072 1088 Judaica
3102 1033 3189 1087 lex
3235 1048 3406 1089 sensu

1823 1121 2085 1192 mystico,
2126 1122 2270 1177 servi
2319 1122 2489 1189 illius,
2521 1121 2613 1176 cui
2649 1121 2778 1177 odio
2810 1121 2987 1178 fuerat
3022 1121 3273 1189 libertas,
3305 1138 3407 1178 au-

1824 1227 1940 1267 rem
1976 1213 2175 1267 subula
2203 1212 2488 1283 perforare
2519 1214 2742 1269 mandat
2774 1214 2818 1246 ⁸³
2844 1233 2857 1269 :
2890 1230 2960 1270 ne
2982 1215 3222 1270 naturali
3256 1216 3405 1272 fora-

1824 1301 1973 1357 mine
1998 1303 2229 1357 audiens
2257 1303 2501 1373 excipiat
2530 1304 2831 1373 aliquando
2860 1305 3135 1361 libertatis
3170 1306 3407 1360 locutio-

1824 1409 1973 1448 nem.
1997 1393 2153 1460 Quod
2176 1410 2206 1447 a
2229 1402 2280 1449 te
2306 1394 2509 1449 factum
2542 1395 2919 1466 conspicimus
2946 1415 2959 1451 :
2986 1412 3179 1452 servus
3197 1397 3403 1452 etenim

1827 1482 2044 1538 Satanae
2100 1485 2471 1554 sempiternus
2515 1484 2693 1539 factus
2736 1501 2817 1548 es,
2868 1485 2971 1552 illi,
3029 1486 3407 1556 prresentiqne

1824 1575 1951 1629 vitae
1988 1574 2230 1639 deditus,
2263 1584 2317 1629 et
2350 1591 2632 1644 nunquam
2660 1586 2711 1630 te
2753 1576 2939 1630 induci
2973 1578 3274 1645 permittis,
3312 1577 3397 1631 vel

127 1683 299 1737 ,αενος
336 1668 443 1722 κᾶν
476 1669 621 1736 ἅπαξ
646 1641 801 1733 θείας
818 1641 1039 1740 Γραφῆς
1065 1641 1318 1733 ἀκοῦσαι,
1342 1668 1418 1740 μὴ
1445 1668 1491 1723 δ’
1514 1641 1720 1722 ἔννοιαν

1831 1664 2017 1725 semel.
2044 1664 2110 1718 ad
2145 1664 2448 1719 audiendas
2472 1641 2689 1720 divinas
2722 1641 2988 1727 Litteras,
3020 1681 3196 1736 neque
3231 1664 3403 1721 futuri

123 1754 321 1811 λαϐεῖν
355 1756 450 1810 τοῦ
489 1758 776 1828 μέλλοντος
803 1758 1021 1818 αἰῶνος.

388 1872 550 1926 mz'.
591 1900 661 1914 -
686 1844 1097 1935 ’ΜΑΚΕΔΟΝΙΩ
1137 1873 1471 1943 meum.

203 2027 371 2090 Τίνος
400 2027 589 2080 ἕνεκεν
615 2028 664 2080 οἱ
705 2026 1070 2097 πνευματικοὶ
1102 2026 1249 2093 λόγοι
1291 2024 1460 2090 πέλυξ
1507 2024 1724 2077 κόπτων

126 2118 347 2187 πέτραν
371 2121 616 2190 εἴρηνται
662 2119 723 2171 ἐν
756 2117 835 2187 τῷ
877 2117 1157 2188 Ἱερεμίας
1196 2117 1256 2169 Ὃ
1283 2116 1391 2185 γὰρ
1447 2115 1601 2182 λόγος
1630 2114 1723 2166 τοῦ

125 2209 271 2260 Θεοῦ
303 2209 673 2278 ἐπερχόμενος
707 2194 773 2278 τῇ
801 2206 1014 2261 λιθώδει
1043 2207 1243 2278 καρδίᾳ
1271 2205 1478 2276 διχάζει
1510 2205 1580 2259 τὰ
1626 2222 1726 2258 κα-

128 2296 249 2358 κῶς
290 2296 636 2365 συνημμένα,
661 2296 809 2357 ὅπως
836 2294 903 2348 ἂν
928 2293 1183 2363 δυνηθείη
1225 2295 1254 2346 6
1284 2290 1569 2361 ἄνθρωπος
1604 2289 1724 2343 δια·-

128 2388 349 2459 κρίνειν
372 2386 637 2459 ἀκριϐῶς,
664 2387 759 2440 καὶ
778 2385 1110 2439 διαστέλλειν
1130 2384 1193 2437 τὸ
1219 2385 1468 2454 κρεῖττον
1497 2380 1606 2434 ἀπὸ
1631 2380 1722 2433 τοῦ

128 2479 404 2548 χείρονος,
453 2478 548 2531 καὶ⁵
593 2477 866 2549 αἱρεῖσθαι
901 2476 1004 2548 μέν
1036 2492 1167 2528 ποτε
1207 2473 1370 2538 καλὰ,
1414 2472 1725 2526 διωθεῖσθαι

130 2570 195 2623 δὲ
235 2570 305 2625 τά
334 2571 534 2641 ψεκτά.

424 2661 597 2715 ΣΛΗ’.
631 2688 702 2701 -
733 2660 954 2729 ΘΥΡΣῼ
994 2657 1439 2726 ΠΡΙΜΙΚΗΡΙῼ.

205 2752 507 2822 Διαπορεῖν
533 2751 784 2818 φάσκεις,
818 2748 902 2812 τίς
933 2765 995 2800 τε
1052 2747 1120 2801 ἂν
1147 2748 1230 2817 εἴη
1284 2746 1313 2798 6
1359 2744 1585 2809 δυνατὸς
1632 2745 1727 2798 καὶ

129 2840 458 2908 πανάγαθος
484 2841 645 2910 ἀνὴρ,
674 2840 800 2909 περὶ
830 2833 891 2892 οὗ
924 2837 1030 2908 πρὸ
1050 2835 1279 2907 ἡμερῶν
1310 2834 1727 2904 αἰνιγματωδῶς

1825 1757 2013 1812 satculi
2047 1757 2339 1828 imaginem
2374 1757 2615 1825 aliquam
2651 1755 3094 1825 concipiendam.

1825 1867 2179 1923 CCXXXVII.
2216 1899 2286 1909 —
2314 1869 2721 1994 ΜΑΕΕὲῖἓίῦΙῶ)
2749 1871 3169 1927 APPARITORI
3208 1871 3404 1928 ΡΒΑΕ·

1894 2026 2145 2093 Quanam
2177 2028 2384 2083 ratione
2404 2029 2683 2098 spiritales
2713 2046 2998 2087 sermones
3021 2031 3233 2087 securis
3263 2032 3409 2086 fran-

1826 2132 1959 2186 gens
1984 2126 2194 2187 petram
2225 2117 2487 2174 dicuntur
2519 2122 2573 2174 in
2603 2120 2839 2176 Jeremia
2864 2122 2943 2174 '3?
2967 2120 3204 2176 Verbum
3218 2136 3412 2191 nempe

1826 2204 1920 2260 Dei
1966 2206 2022 2259 in
2058 2221 2154 2261 cor
2197 2221 2424 2262 saxeum
2468 2208 2771 2264 adveniens
2825 2210 2970 2264 male
3019 2218 3307 2278 compacta
3352 2209 3405 2262 in

1824 2296 1965 2351 duas
1996 2296 2343 2352 discriminat
2381 2308 2602 2369 partes,
2644 2309 2705 2353 ut
2735 2301 2912 2369 possit
2940 2301 3103 2355 homo
3136 2298 3410 2369 exquisite

1825 2385 2160 2454 diiudicare,
2210 2388 2437 2443 meliora
2473 2404 2504 2442 a
2544 2389 2919 2445 deterioribus
2960 2390 3315 2455 discernere,
3355 2395 3411 2442 et

1826 2477 2127 2546 aliquando
2155 2479 2300 2533 bona
2332 2479 2558 2549 eligere,
2590 2489 2646 2536 et
2682 2481 3071 2551 vituperabilia
3122 2479 3407 2551 repellere.

1989 2658 2364 2716 CCXXXVIII.
2407 2690 2475 2700 —
2510 2659 2794 2714 THYRSO
2835 2658 3255 2715 PRIMICERIO.

1899 2745 2115 2803 "arere
2149 2759 2201 2802 te
2236 2751 2339 2812 ais,
2372 2751 2628 2820 quisnam
2662 2751 2751 2833 illc
2786 2749 2953 2805 fuerit
2978 2761 3193 2820 potens,
3226 2762 3282 2807 et
3311 2752 3410 2807 bo-

1826 2838 2001 2892 nitate
2040 2840 2197 2929 241
2240 2840 2475 2910 perfecta
2525 2843 2743 2897 stabilis
2787 2843 2897 2906 vir,
2940 2844 3009 2898 de
3050 2860 3159 2914 quo
3204 2860 3410 2914 paucos

127 2931 415 3001 γέγραφα,
444 2932 538 2983 καὶ
569 2931 653 2992 τίς
685 2930 713 2982 6
743 2928 968 2999 ληστὴ-,
1019 2927 1116 2980 καὶ
1142 2926 1224 2990 τίς
1251 2929 1284 2997 ὴ
1319 2926 1594 2980 πανοπλία
1622 2924 1723 2978 αύ-

1831 2942 1954 2985 ante
1981 2924 2486 3011 dies'perobscnre,
2516 2941 2570 2987 et
2596 2933 2755 3003 quasi
2784 2949 2881 3004 per
2898 2934 3154 2989 nebulam
3182 2936 3406 3006 scripsi,

126 3022 254 3075 τοῦ.
290 3021 513 3090 Λῃστὴς
555 3020 656 3089 μέν
702 3015 795 3072 οὖν
847 3020 876 3071 ό
925 3017 1169 3082 διάϐολός
1208 3019 1377 3084 ἐστιν,
1421 3015 1724 3089 λῃστεύσας

128 3112 289 3179 ἡμᾶς
322 3111 387 3163 ἐκ
416 3110 525 3163 τῶν
555 3110 902 3180 κρειττόνων,
932 3108 1026 3161 καὶ
1056 3107 1561 3178 λαφυραγωγήσας.
1586 3106 1725 3175 Τρο-

128 3202 216 3271 φὴ
242 3201 302 3253 δὲ
339 3200 550 3259 τούτου.
598 3202 694 3254 καὶ
738 3201 939 3270 σκέπη,
986 3201 1081 3253 καὶ
1133 3199 1412 3253 πανοπλία
1463 3198 1534 3252 τὰ
1566 3196 1724 3268 ἡμῶν

126 3294 549 3364 ἁμαρτήματα,
597 3295 664 3346 δι’
723 3287 798 3348 ὧν
846 3293 1254 3363 κατασφάττει,
1290 3292 1385 3346 καὶ
1430 3282 1725 3346 ἀπόλλυσιν

128 3388 313 3456 ἡμᾶς.
352 3387 411 3440 ’0
443 3383 535 3440 οὖν
559 3388 650 3441 τὸν
680 3388 887 3457 κόσμον
912 3388 1323 3458 δημιουργήσας
1359 3386 1570 3459 Σωτὴρ,
1602 3388 1723 3440 ἐπί-

127 3477 394 3547 δημήσας
440 3477 675 3531 ἐνταῦθα
721 3479 810 3531 διὰ
856 3478 1078 3548 σαρκὸς,
1110 3477 1515 3548 παντοδὺναμος
1548 3478 1728 3548 ὑπάρο

135 3585 279 3636 χων,
316 3569 472 3638 ἔδησε
502 3570 601 3638 μὲν
641 3570 731 3623 τὸν
779 3569 979 3642 λῃστὴν
1020 3569 1288 3632 διάϐολον,
1328 3570 1605 3640 ἐξήρπασε
1667 3569 1725 3622 δὲ

136 3662 298 3729 ἡμᾶς
330 3663 394 3715 ἐκ
422 3663 523 3730 τῆς
544 3662 787 3725 δουλείας
832 3661 1019 3730 αὑτοῦ,
1050 3662 1188 3734 ἄρας
1220 3662 1277 3715 δέ
1317 3662 1416 3725 τὰς
1452 3662 1727 3733 ἁμαρτίας

133 3748 237 3801 τοῦ
280 3751 488 3820 κόσμου
511 3791 527 3813 ,
560 3751 756 3822 καὶτῷ
807 3752 1023 3822 σταυρῴ
1057 3751 1436 3823 προσηλώσας,
1488 3752 1725 3823 ἐθριάμ-

137 3841 312 3896 ϐευσε
354 3844 446 3897 τὸν
492 3844 708 3917 ἐχθρὸν,
754 3845 849 3898 καὶ
895 3845 1232 3916 κατῄσχυνεν
1292 3844 1553 3914 αἰσχύνην
1595 3844 1726 3899 αἰώ-

134 3949 275 3985 νων.

428 4023 591 4076 ΣΛΘ’.
616 4053 686 4063 -
712 4023 943 4095 ΠΔΥΛῼ
980 4024 1441 4095 ΣΧΟΛΑΣΤΙΚῼ.

215 4112 370 4179 Ἕξις
398 4114 507 4183 μένν
526 4114 634 4168 ἀπὸ
653 4115 967 4185 συνηθείας,
992 4116 1102 4170 ἀπὸ
1127 4116 1185 4168 δὲ
1210 4115 1376 4182 ἕξεως
1397 4131 1559 4180 φυσις
1587 4114 1729 4182 ἐγγί-

138 4203 330 4257 νεσθαι
370 4204 581 4259 εἴωθεν.
614 4206 863 4259 Χαλεπὸν
893 4207 951 4261 δὲ
981 4208 1076 4261 καὶ
1119 4206 1380 4261 δύσκολον
1430 4206 1727 4278 μετακινῆ-

1827 3020 2034 3089 etquis
2070 3020 2231 3085 latro,
2273 3029 2326 3075 et
2349 3036 2471 3090 qua:
2502 3031 2786 3076 armatura
2814 3022 2985 3075 illius.
3026 3021 3193 3076 Latro
3224 3024 3411 3094 itaque

1826 3110 2078 3165 diabolus
2126 3118 2229 3173 est,
2292 3113 2385 3181 qui
2436 3126 2539 3167 nos
2588 3126 2657 3167 ex
2710 3112 3030 3168 melioribus
3066 3113 3409 3183 depraedatus

1825 3188 2065 3269 est,'et
2127 3203 2298 3257 veluti
2361 3203 2599 3272 spolium
2666 3201 2843 3261 factos
2919 3205 3167 3260 abduxit.
3235 3205 3408 3259 Cibus

1825 3294 1993 3361 illius,
2054 3306 2107 3350 et
2161 3304 2558 3365 tegumentum,
2601 3304 2656 3351 et
2700 3306 3002 3363 armatura,
3054 3305 3243 3352 nostra
3279 3308 3409 3354 sunt

1826 3396 2085 3455 peccata,
2144 3401 2242 3455 per
2300 3402 2423 3456 quae
2484 3402 2588 3442 nos
2644 3387 2884 3442 trucidat
2942 3397 2996 3442 et
3052 3388 3248 3456 perdit.
3300 3387 3405 3454 Qui

1826 3473 1996 3542 igitur
2031 3473 2297 3525 mundum
2346 3471 2713 3529 fabrefecerat
2744 3473 3017 3538 Salvator,
3047 3490 3144 3544 per
3183 3489 3403 3529 carnem

1829 3562 1935 3615 huc
1970 3563 2260 3627 accedens,
2290 3578 2414 3618 cum
2446 3564 2632 3617 omnia
2675 3575 2898 3634 posset,
2932 3566 3243 3634 praedonem
3286 3566 3407 3636 qui-

1826 3654 1948 3708 dem
1976 3653 2271 3723 colligavit,
2306 3669 2406 3709 nos
2436 3669 2563 3710 vero
2590 3670 2653 3709 ex
2687 3656 2836 3710 illius
2860 3657 3125 3712 servitute
3155 3657 3209 3711 in
3238 3657 3406 3712 liber-

1825 3752 1993 3799 tatem
2024 3745 2323 3800 vindicavit
2352 3763 2366 3798 :
2408 3746 2604 3800 tollens
2631 3758 2897 3816 praeterea
2933 3758 3155 3818 peccata
3188 3749 3401 3810 tnundi,

1827 3837 2087 3904 crucique
2138 3836 2383 3906 alligans,
2409 3836 2477 3890 de
2506 3836 2665 3892 hoste
2696 3838 3037 3908 triumphum
3064 3838 3198 3909 egit,
3238 3852 3401 3908 quem

1827 3928 2159 3996 sempiterno
2189 3927 2461 3980 dedecore
2491 3928 2765 3981 affecerat.

1994 4011 2327 4067 CCXXXIX.
2365 4045 2434 4056 —
2463 4012 2693 4068 PAULO
2735 4013 3229 4070 SCHOLASTICO.

1901 4103 2135 4156 Habitus
2156 4103 2378 4171 quidem
2410 4103 2838 4167 consuetudine,
2872 4104 3059 4158 habitu
3097 4114 3287 4159 natura
3316 4105 3404 4160 in-

1828 4197 2077 4265 generari
2130 4197 2352 4250 assolet.
2412 4195 2617 4250 Durum
2666 4212 2798 4252 vero
2847 4206 3011 4266 atque
3056 4200 3285 4253 arduum
3318 4208 3405 4255 est

138 4294 323 4365 σαι,ή
381 4296 709 4365 μεταϐαλεῖν
760 4296 946 4365 φύσιν,
997 4296 1138 4368 πλὴν
1189 4296 1266 4367 τῷ
1306 4295 1425 4367 Θεῷ
1476 4294 1720 4360 δυνατὸν,

1832 4288 2137 4353 transferri,
2176 4296 2270 4340 aut
2314 4288 2591 4341 immutari
2638 4297 2886 4343 naturam
2915 4308 2927 4342 :
2959 4289 3010 4342 id
3043 4290 3403 4346 nihilominus

138 4386 309 4454 φύσις
349 4388 459 4457 γὰρ
510 4389 612 4441 οὐκ
680 4388 1065 4442 ἀντιτάσσεται
1106 4387 1185 4458 τῷ
1227 4386 1366 4457 Θεῷ.
1414 4406 1432 4439 ι
1477 4388 1577 4439 Ἂν
1620 4384 1728 4455 γὰρ

138 4477 465 4548 ὑπάρχωσιν
496 4479 552 4531 αἱ
580 4479 847 4551 ἁμαρτίαι
892 4479 1070 4548 ὑμῶν,
1104 4479 1291 4549 φησὶν,
1319 4478 1393 4541 ὡς
1424 4475 1724 4547 φοινικοῦν,

136 4570 219 4631 ὡς
244 4568 398 4638 χιόνα
427 4569 672 4623 λευκανῶ
692 4586 705 4599 ·
736 4570 802 4624 ἂν
830 4571 885 4624 δὲ
904 4563 1036 4624 ὧσιν
1059 4569 1134 4632 ὡς
1163 4569 1439 4634 κόκκινον,
1473 4568 1550 4632 ὡς
1578 4568 1725 4638 ἐριον

137 4659 408 4714 λευκανιῖκ
445 4679 465 4712 ι
499 4660 660 4713 Ὀθεν
681 4661 780 4713 οὐκ
820 4659 1234 4729 ἀπογνωστέονο
1274 4658 1372 4729 τῆς
1398 4658 1509 4730 γὰρ
1551 4675 1721 4730 πονη-

142 4751 267 4819 ρᾶς,
310 4748 405 4802 καὶ⁸
444 4749 653 4820 ψεκτῆς
701 4750 991 4822 συνηθείας
1043 4749 1392 4821 ἰσχυρότερος
1438 4749 1468 4800 ὁ
1506 4748 1717 4819 κτήσας

139 4840 294 4909 ἡμᾶς
335 4839 487 4903 Θεὸς,
528 4842 557 4893 6
609 4840 779 4893 ποιῶν
812 4840 1010 4902 πάντα,
1042 4841 1137 4894 κοιλ⁵
1172 4836 1613 4910 μετασκευάζων,
1643 4838 1719 4901 ὥς

139 4950 313 5004 φησιν
339 4934 367 4986 6
398 4933 704 5004 προφήτης.
724 4932 841 4986 Κᾶν
864 4935 945 4996 είς
972 4932 1086 4997 ἐξιν
1106 4932 1286 5003 ἔλθῃς,
1318 4930 1413 4984 καὶ
1433 4929 1596 4999 φύσιν
1620 4930 1720 5001 τῆς

139 5026 365 5087 κακίας,
404 5024 479 5095 μὴ
516 5024 788 5095 ἀπογνῷς,
819 5025 955 5078 ἀλλὰ
980 5024 1312 5095 μετάγνωθι,
1345 5024 1437 5076 καὶ
1473 5022 1716 5092 σωθήσῃ.

140 5116 244 5169 Διὰ
285 5116 395 5185 γὰρ
426 5114 584 5168 τοῦτο
631 5117 899 5185 χρώματα
950 5115 1052 5168 οὑκ
1087 5112 1328 5184 ἐξίτηλα,
1370 5111 1506 5166 ἀλλὰ
1538 5108 1725 5181 σχεδὸν

145 5204 557 5274 συνουσιώμενα
582 5209 693 5268 τοῖς
718 5206 1100 5273 ὑποκειμένοις
1126 5202 1334 5266 λαϐὼν,
1358 5202 1420 5255 τὸ
1447 5198 1725 5269 φοινικοῦν

145 5297 244 5352 καὶ
271 5296 334 5349 τὺ
385 5298 637 5350 κόκκινον
661 5296 826 5365 λέγω,
869 5298 950 5358 είς
981 5296 1080 5367 τὴν
1104 5293 1364 5347 ἐναντίαν
1409 5289 1583 5345 ταῦτα
1612 5290 1725 5354 ἐξιν

147 5388 517 5457 καταστήσειν
569 5387 826 5458 εἴρηκεν,
880 5388 968 5440 ἵνα
1012 5385 1255 5457 χρηστὰς
1307 5384 1565 5454 ὑποτείνῃ
1612 5384 1724 5446 τοῖς

218 5561 267 5595 ⁸⁸
296 5560 457 5619 Deut.
490 5578 579 5628 xv,
612 5563 698 5616 1⁸7.

1792 4376 1969 4433 ’ῡειιε
1996 4387 2208 4447 potest;
2245 4394 2422 4448 neque
2466 4381 2610 4433 enim
2658 4378 2768 4434 Deo
2815 4381 3138 4435 adversatur
3182 4391 3397 4436 natura.

1827 4470 2040 4525 Etenim
2075 4472 2117 4524 si
2149 4480 2370 4539 peccata
2406 4478 2588 4526 vestra
2617 4468 2838 4534 fuerint,
2871 4473 2967 4532 ait,
3007 4480 3061 4525 ut
3094 4473 3401 4536 coccinum,

1822 4562 1979 4631 quasi
2025 4564 2204 4617 nivem
2245 4562 2544 4627 dealbabo;
2576 4565 2622 4617 si
2650 4562 2852 4617 fuerint
2893 4564 3077 4626 rubra,
3120 4566 3277 4634 quasi
3324 4566 3405 4619 la-

1820 4669 1945 4709 nam
1989 4653 2253 4709 dealbabo
2304 4653 2371 4707 9‘.
2421 4653 2601 4719 Quare
2667 4669 2775 4708 non
2833 4661 2919 4710 est
2964 4655 3400 4724 desperandum:

1825 4759 1990 4815 prava
2040 4744 2309 4814 siquidem
2347 4759 2412 4798 ac
2456 4744 2803 4814 vituperabili
2843 4744 3247 4800 consuetudine
3286 4762 3403 4800 ma-

1824 4835 1907 4904 gis
1955 4844 2150 4904 potens
2197 4842 2283 4890 est
2334 4833 2562 4889 Creator
2616 4834 2793 4889 nostri
2843 4834 3003 4897 Deus,
3064 4835 3154 4904 qui
3222 4837 3404 4889 omnia

1832 4925 1983 4989 facit,
2018 4934 2072 4980 et
2107 4929 2379 4989 immutat,
2411 4936 2473 4981 ut
2497 4936 2648 4981 vates
2687 4927 2847 4982 halm
2877 4928 2942 4981 ⁸⁸.
2980 4926 3043 4979 Ει
3075 4928 3202 4982 licet
3229 4931 3280 4982 in
3318 4931 3414 4983 ha-

1830 5016 2004 5071 bitum
2033 5025 2088 5071 et
2136 5018 2357 5073 malitiae
2385 5024 2639 5072 naturam
2672 5017 2981 5083 deveneris,
3024 5034 3092 5073 ne
3131 5020 3408 5088 desperes,

1830 5107 1922 5163 sed
1976 5109 2294 5178 paenitentia
2328 5109 2523 5176 utitor,
2557 5116 2611 5165 et
2658 5108 2983 5165 salvaberis.
3021 5107 3103 5164 0b
3134 5111 3236 5164 hoc
3266 5111 3408 5165 enim

1831 5203 2044 5255 colores
2074 5216 2179 5254 non
2215 5201 2371 5255 facile
2393 5201 2675 5266 evanidos,
2708 5203 2805 5256 sed
2836 5202 2952 5257 fere
2989 5203 3156 5258 rebus
3192 5204 3409 5259 innatos

1833 5290 2084 5354 alferens,
2115 5293 2403 5361 puniceum
2431 5307 2628 5362 nempe
2647 5300 2701 5346 et
2722 5293 2972 5356 rubrum,
2999 5294 3054 5347 in
3071 5292 3407 5347 contrarium

1832 5398 1926 5440 eos
1950 5384 2195 5438 habitum
2231 5385 2522 5441 immutare
2542 5385 2798 5453 asseruit,
2831 5392 2890 5440 ut
2916 5385 3233 5441 hominibus
3257 5400 3408 5455 spem

774 5562 820 5597 ⁸³
853 5561 965 5619 Jer.
999 5575 1157 5627 χχιιι,
1182 5560 1273 5615 29.
1352 5559 1399 5592 “
1419 5560 1528 5613 Isa.
1551 5573 1589 5623 ι,
1629 5556 1718 5614 18.
1792 5556 1838 5590 ⁸⁵
1862 5556 2047 5613 Amos.
2079 5572 2135 5625 ν,
2160 5556 2215 5612 8.
