3888 6040
442 230 445 234 ’
523 222 626 284 323

1985 221 2048 281 S.
2087 219 2252 279 NILI

3678 238 3786 304 321

523 337 720 390 bonam
781 331 1103 388 intenderet.
1159 333 1354 403 Ingens
1403 332 1586 403 itaque
1631 331 1965 402 pmnitentiae
2015 333 2075 386 vi:

2202 329 2510 402 ἀνθρώποις
2556 334 2656 398 τὰς
2708 335 2950 400 ἐλπίδας.
2977 339 3203 410 Μεγάλη
3241 344 3420 397 τοίνυν
3470 347 3570 417 τῆς
3611 365 3786 418 μετα-

520 433 626 487 est,
661 438 782 493 quae
808 423 968 494 252
996 440 1100 480 nos
1134 425 1295 479 ellicit
1325 424 1499 478 instar
1525 424 1690 486 nivis.
1718 432 1772 478 et
1800 424 1878 477 uti
1915 423 2095 476 lanam

518 508 756 573 dealbat,
787 509 913 561 licet
942 508 1252 576 praecedens
1276 510 1598 578 improbitas
1630 509 1856 562 multum
1895 507 2098 561 adhinc

519 605 736 669 tempus
753 600 988 652 animam
1013 599 1267 668 pessimis
1288 600 1464 655 modis
1492 599 1760 663 infecerit,
1782 607 1838 654 et
1864 599 2095 654 formam

517 689 641 758 ejus
668 690 723 742 in
758 689 920 743 aliam
947 690 1302 744 converterit.

588 819 788 875 CCXL.
823 849 892 860 —
924 817 1211 873 JULIANO
1229 818 1732 944 glgglLESlARUM
1772 817 2024 874 DEFEN-

588 999 997 1054 Obcaacatorum
1058 998 1202 1067 apud
1265 996 1581 1052 Hieriehum
1637 996 1761 1066 biga
1818 993 2094 1049 Salvatori

517 1091 787 1146 clamabat
815 1109 829 1144 :
853 1110 872 1142 ι
902 1089 1161 1145 Miserere
1187 1089 1384 1156 nostri,
1405 1088 1654 1152 Domine,
1679 1087 1750 1140 fili
1777 1085 1946 1140 David
1963 1085 2041 1151 ⁸⁸;
2070 1103 2088 1136 ι

517 1176 660 1232 Deus
697 1178 839 1232 enim
877 1193 937 1234 es
964 1177 1218 1246 idemque
1245 1177 1429 1230 homo.
1473 1194 1492 1227 ι
1525 1175 1784 1230 Miserere
1813 1173 2029 1239 nostri;
2066 1191 2085 1224 ι

517 1277 671 1322 tuum
704 1269 849 1323 enim
885 1268 1156 1322 auxilium
1191 1267 1548 1331 invocamus;
1587 1273 1643 1321 et
1675 1279 1742 1318 ex
1773 1262 1969 1318 mediis
2009 1271 2094 1317 te-

517 1360 737 1425 nebris,
787 1368 1055 1428 nocteque
1091 1359 1446 1428 imploramus
1478 1359 1616 1414 lucis
1647 1371 1712 1411 ac
1744 1357 2093 1410 tenebrarum

515 1449 829 1514 Dominum,
860 1452 951 1520 qui
981 1459 1264 1520 percutere
1305 1458 1359 1504 et
1390 1450 1604 1504 medere
1634 1449 1815 1513 vales;
1844 1447 1938 1517 qui
1970 1446 2092 1501 neci

514 1540 754 1603 tradere,
787 1541 1021 1610 indeque
1050 1540 1116 1593 ad
1151 1541 1315 1593 vitam
1351 1537 1557 1594 referre
1585 1536 1730 1607 potis
1763 1552 1844 1591 es.
1874 1536 2091 1602 Ne,bu-

513 1630 835 1686 manissime
896 1629 1143 1694 Domine,
1189 1627 1686 1698 praetergrediaris;
1717 1627 1812 1696 qui
1845 1626 2090 1682 misereri

511 1717 682 1782 nosti,
743 1717 914 1770 nostri
984 1717 1264 1773 miserere.
1313 1713 1499 1769 Turba
1554 1729 1685 1769 vero
1731 1728 1855 1769 cum
1899 1714 2088 1781 nollet,

2201 421 2348 485 νοίας
2383 425 2417 493 ἡ
2448 423 2698 494 δύναμις,
2733 427 2848 492 εἴγε
2890 429 3039 498 ἡμᾶς
3067 430 3256 502 ὥσπερ
3285 435 3438 503 χιόνα
3464 437 3784 508 ἐργάζεται,

2199 515 2295 566 καὶ
2316 514 2392 576 ὡς
2423 515 2568 584 ἔριον
2603 517 2897 581 λευκαίνει,
2929 520 3034 574 κᾶν
3076 523 3424 593 προλαϐοῦσα
3471 529 3503 599 ἡ
3536 531 3786 600 ἁμαρτία

2201 603 2382 674 πολλῷ
2431 606 2609 676 χρόνῳ
2659 608 2968 680 κατέϐλαψε
3019 612 3118 684 τὴν
3159 613 3338 686 ψυχὴν
3395 619 3640 686 φαύλως,
3690 625 3787 674 καὶ

2201 697 2736 766 μεταμεμόρφωκεν.

2385 810 2514 862 ΣΜν.
2538 839 2608 849 -
2637 811 2965 884 ΙΟΥΛΙΔΝῼ
3002 808 3596 895 ΕΚΚΑΗΣΙΕΚᾸΙΚᾮ.

2278 985 2343 1039 Ἥ
2379 985 2607 1056 συζυγία
2632 990 2740 1041 τῶν
2767 990 2824 1042 ἐν
2861 989 3074 1061 Ἱεριχὼ
3106 992 3324 1061 τυφλῶν
3352 994 3484 1049 ἐϐόα
3510 997 3653 1068 πρὸς
3687 998 3786 1050 τὸν

2203 1077 2465 1149 Σωτῆραο
2523 1097 2540 1129 ι
2594 1079 2845 1150 Ἐλέησον
2897 1081 3068 1150 ἡμᾶς,
3107 1081 3320 1160 κΚύριε,
3373 1086 3457 1139 υίὲ
3499 1088 3704 1141 Δαυϊδ·
3757 1108 3777 1139 ι

2194 1167 2326 1229 Θεὸς
2353 1167 2462 1239 γὰρ
2496 1169 2780 1240 ὑπάρχεις,
2814 1170 2911 1239 και,
2943 1170 3229 1242 ἄνθρωπος
3259 1175 3288 1226 6
3309 1176 3499 1240 αύτός·
3543 1197 3562 1228 ι
3585 1179 3784 1250 Ἐλέη-

2195 1273 2288 1310 σον
2311 1259 2491 1327 ἡμᾶς·
2529 1278 2550 1309 ι
2588 1258 2650 1311 σὲ
2688 1262 2798 1330 γὰρ
2824 1259 3098 1329 καλοῦμεν
3129 1260 3320 1332 βοηθόν
3340 1281 3353 1292 ⁸
3389 1266 3449 1318 σὲ
3477 1268 3783 1322 ἐπικαλού-

2196 1349 2338 1418 μεθα
2371 1352 2434 1403 ὲκ
2486 1349 2656 1420 μέσης
2688 1349 2885 1421 ἀχλύος
2933 1352 3030 1405 καὶ
3077 1354 3275 1416 νυκτὸς
3302 1355 3394 1411 τὸν
3437 1357 3533 1411 τοῦ
3595 1361 3782 1428 φωτὸς

2192 1442 2288 1495 καὶ
2313 1441 2406 1494 τοῦ
2439 1442 2664 1505 σκότους
2694 1441 2920 1510 Κύριον,
2941 1443 3034 1496 τὸν
3055 1443 3253 1514 πλῆξαι
3303 1448 3398 1501 καὶ
3432 1447 3780 1519 θεραπεῦσαι

2192 1533 2508 1602 δυνάμενον,
2529 1532 2622 1585 τὸν
2649 1534 2959 1588 θανατῶσαι
2984 1536 3083 1590 καὶ
3107 1538 3444 1608 ζωοποιῆσαι
3468 1541 3778 1612 ἀρκοῦντα,

2197 1623 2272 1694 μὴ
2303 1623 2672 1694 παραδράμῃς
2701 1625 2868 1695 ἡμᾶς,
2894 1626 3243 1699 φιλάνθρωπε
3275 1630 3541 1685 Δέσποτα.
3583 1633 3780 1704 Ἐλέη-

2194 1731 2286 1768 σον
2318 1716 2485 1782 ἡμᾶς,
2516 1715 2545 1766 6
2593 1715 2814 1786 ἐλεῆσαι
2847 1716 3021 1782 εἰδώς.
3065 1719 3124 1773 '0
3165 1720 3222 1773 δὲ
3262 1721 3418 1792 δχλος
3470 1723 3546 1794 μὴ
3580 1724 3781 1793 βουλό-

507 1805 788 1861 Christum
841 1805 1007 1859 David
1052 1804 1273 1870 Filium,
1323 1805 1420 1860 sed
1475 1803 1633 1858 fabro
1669 1805 1910 1874 genitum
1941 1804 2075 1859 voci-

2193 1824 2362 1877 μενος
2398 1807 2490 1859 τὸν
2526 1808 2760 1876 Χριστὸν
2797 1809 3079 1864 καλεῖσθαι
3115 1812 3243 1865 Υίὸν
3278 1815 3460 1880 Δαυῒδ,
3507 1816 3645 1869 ἀλλὰ
3679 1818 3778 1871 τέ-

509 1905 624 1950 tare
659 1896 725 1958 ⁸⁷,
763 1896 922 1950 caecis
957 1895 1096 1949 irata
1131 1896 1470 1965 increpabat,
1512 1902 1570 1948 ut
1600 1903 1849 1950 tacerent
1879 1913 1892 1950 :
1925 1902 1980 1948 at
2010 1895 2088 1949 illi

504 1985 678 2054 magis
707 2000 770 2039 ac
799 1986 973 2056 magis
999 1986 1189 2041 eadem
1212 1986 1524 2040 clamabant
1547 1985 1614 2038 ⁸⁸.
1643 1984 1710 2038 Ει
1731 1985 1882 2039 stetit
1903 1984 2088 2038 Domi-

504 2089 609 2129 nus
634 2074 812 2137 Jesus,
835 2089 960 2129 cum
988 2073 1158 2130 Filius
1179 2073 1350 2127 David
1373 2081 1686 2127 vocaretur.
1711 2073 1874 2128 Stetit
1903 2071 2084 2138 Jesus,

506 2165 600 2234 qui
629 2179 778 2219 mare
805 2173 956 2219 stare
988 2164 1212 2229 fecerat,
1241 2165 1335 2234 qui
1364 2179 1677 2218 mensuram
1713 2163 1878 2217 undis
1907 2164 2086 2233 prati-

505 2261 679 2316 xerat,
712 2254 805 2321 qui
851 2253 1031 2309 ventis
1074 2255 1341 2308 terminos
1384 2261 1664 2324 posuerat.
1709 2252 1873 2307 Stetit
1900 2251 2082 2320 Jesus,

502 2344 597 2412 qui
625 2345 824 2398 coelum
862 2343 939 2396 uti
987 2344 1250 2399 fornicem
1300 2344 1603 2398 constituit.
1650 2343 2082 2399 Admirationem

502 2432 799 2502 aliquando
825 2433 1004 2487 ciebat
1033 2433 1182 2488 Nave
1213 2433 1356 2488 filius
1383 2432 1544 2490 Jesus
1565 2473 1580 2498 ,
1615 2433 1872 2504 precibus
1911 2435 2079 2489 solem

501 2532 560 2576 ut
593 2531 761 2578 staret
789 2523 1028 2579 efﬁciens
1053 2525 1119 2578 θ’.
1160 2523 1263 2579 Sed
1295 2524 1425 2594 quid
1463 2526 1554 2580 ille
1586 2525 1651 2579 ad
1683 2525 1820 2580 duos
1845 2525 1947 2580 hos
1977 2540 2083 2580 caa-

498 2629 633 2675 cos,
670 2615 763 2682 qui
807 2614 1085 2669 Christum
1130 2624 1277 2670 stare
1322 2616 1565 2671 fecerant
1593 2617 1823 2686 iustitia:
1873 2618 2076 2684 Solem,

498 2720 610 2759 nou
645 2707 992 2761 necessitatis
1021 2707 1251 2776 imperio
1281 2707 1412 2771 ullo,
1444 2708 1539 2762 sed
1584 2723 1744 2778 prece
1763 2717 1817 2762 et
1844 2708 2081 2765 advoca-

500 2796 680 2850 tione?
718 2795 782 2848 Et
824 2795 902 2848 ait
950 2797 1019 2850 ad
1057 2797 1180 2850 illos
1225 2798 1527 2853 Dominus:
1569 2817 1588 2850 ι
1622 2798 1764 2865 Quid
1798 2801 1983 2864 vultis,
2020 2811 2080 2856 ut

499 2887 694 2941 faciam
718 2888 879 2944 vobis
900 2888 987 2943 ὀἳ
1023 2908 1042 2941 ι
1068 2888 1344 2959 Quidquid
1376 2892 1640 2960 placuerit
1665 2893 1940 2960 praestabo
1976 2907 2074 2946 vo-

2188 1914 2374 1960 κτονος
2396 1897 2606 1962 τέκνον,
2638 1898 2918 1968 ὀργίζοντο
2936 1903 3048 1963 τοῖς
3078 1891 3319 1970 τυφλοῖς,
3352 1905 3446 1958 καὶ
3471 1907 3778 1978 ὲπετίμουν

2187 1987 2392 2050 αὐτοῖς,
2425 1987 2512 2040 ἵνα
2567 1989 2922 2058 σιωπήσωσιν
2942 2005 2957 2020 ·
2993 1991 3042 2042 οἱ
3073 1991 3129 2044 δὲ
3166 1991 3430 2061 μειζόνως
3459 1997 3775 2067 ἔκέκραξαν

2184 2078 2284 2148 τὴν
2342 2078 2512 2149 αὐτὴν
2569 2079 2774 2148 φωνήν.
2827 2079 2998 2149 ’Ἑστη
3049 2080 3108 2133 δὲ
3155 2083 3184 2134 6
3241 2084 3522 2155 Δεσπότης
3560 2087 3774 2158 Ἰησοῦς

2184 2169 2426 2232 ἀκούσας
2465 2169 2600 2235 Υἱὸς
2631 2169 2814 2224 Δαυΐδ
2833 2188 2848 2201 ’
2888 2169 3018 2241 ἔστη
3053 2171 3261 2241 Ἰησοῦς
3290 2174 3318 2225 6
3351 2173 3451 2245 τὴν
3488 2176 3775 2232 Θάλασσαν

2187 2261 2415 2330 στήσας,
2463 2263 2491 2313 6
2535 2260 2712 2331 μέτρα
2749 2262 2992 2332 κύμασιν
3029 2245 3328 2338 ἐπιϐαλὼν,
3383 2267 3411 2318 6
3452 2266 3773 2338 πνεύμασιν

2182 2351 2344 2421 ὄρους
2379 2351 2625 2415 ἐπιθείςο
2679 2352 2809 2424 ἔστη
2852 2353 3058 2423 Ἰησοῦς
3104 2357 3132 2408 6
3166 2357 3369 2425 στήσας
3395 2357 3486 2410 τὸν
3530 2361 3772 2430 οὐρανὸν

2181 2442 2256 2504 ὡς
2287 2442 2567 2513 καμάραν.
2601 2444 2973 2515 Ἐθαυμάζετό
3004 2463 3134 2500 ποτε
3160 2447 3189 2499 6
3211 2447 3304 2499 τοῦ
3333 2449 3492 2520 Ναυῆ
3527 2450 3769 2521 Ἰησοῦς,

2181 2530 2331 2601 ἥλιον
2358 2530 2447 2584 διὰ
2479 2531 2791 2602 προσευχῆς
2824 2534 3030 2604 στήσας
3054 2551 3068 2565 ·
3105 2535 3244 2588 ἀλλὰ
3278 2536 3331 2589 τί
3366 2537 3503 2607 πρὸς
3535 2539 3770 2603 τούτους

2177 2622 2305 2684 τοὺς
2332 2621 2425 2674 δύο
2450 2621 2684 2689 τυφλοὺς
2715 2624 3022 2694 στήσαντας
3049 2627 3284 2697 Χριστὸν
3306 2629 3398 2682 τὸν
3425 2629 3524 2700 τῆς
3546 2630 3763 2684 δικαιοο

2181 2709 2347 2778 σύνης
2371 2710 2544 2780 ἥλιον,
2571 2711 2672 2763 ούκ
2699 2711 2946 2782 ἀνάγκης
2970 2715 3378 2787 προστάγματι,
3408 2717 3525 2771 ἀλλ’
3552 2720 3764 2792 ἱκεσίᾳ,

2179 2793 2274 2846 καὶ
2304 2794 2687 2866 παρακλήσει;
2721 2797 2830 2850 Καί
2877 2815 3010 2868 φησι
3039 2801 3178 2872 πρὸς
3222 2805 3418 2869 αὐτοὺς
3454 2808 3483 2859 6
3510 2807 3720 2878 Κύριος
3744 2825 3761 2839 ·

2185 2903 2204 2937 ι
2240 2887 2312 2940 Τί
2345 2887 2528 2941 θέλετε
2585 2889 2672 2941 ἵνα
2703 2891 2918 2960 ποιήσω
2956 2893 3122 2961 ύμῖν;
3155 2914 3174 2947 ι
3208 2897 3384 2967 Ὅπερ
3427 2899 3523 2952 ἐὰν
3559 2899 3766 2972 βουλη-

499 2979 606 3044 bis,
637 2986 897 3050 Ianquam
928 2981 1054 3035 coeli
1096 2988 1363 3051 terraique
1395 2982 1674 3038 Dominus.
1703 2982 1919 3038 Pudore
1941 2999 2072 3053 gen-

2181 2977 2311 3047 θῆτε
2345 2975 2567 3048 παρέξω
2607 2979 2754 3049 ὑμῖν,
2789 2981 2864 3044 ὡς
2908 2981 3112 3053 Κύριος
3136 2985 3232 3038 τοῦ
3263 2988 3494 3057 ούρανοῦ
3526 2991 3624 3044 καὶ
3655 2992 3764 3063 τῆς

499 3076 581 3142 tes
625 3069 972 3140 liaareticique
1017 3071 1345 3137 aliieiantur,
1389 3075 1482 3144 qui
1528 3089 1634 3129 non
1681 3074 1865 3129 omnia
1911 3073 2072 3146 243

496 3174 835 3230 quaecunque
860 3162 1093 3217 voluerit
1114 3161 1390 3229 Christus,
1417 3179 1584 3234 opere
1616 3172 1881 3236 praestare
1911 3179 2073 3235 posse

497 3261 835 3306 asseverant.
871 3271 889 3304 ι
928 3252 1070 3320 Quid
1111 3257 1301 3323 vultis,
1335 3266 1396 3312 ut
1423 3257 1580 3314 vobis
1614 3258 1851 3314 faciam?
1886 3279 1905 3311 ι
1943 3259 2001 3314 Si
2040 3273 2070 3314 a

493 3355 580 3397 me
611 3343 773 3412 inope
811 3346 1073 3413 pecunias
1113 3348 1411 3416 petieritis,
1442 3348 1648 3404 fontem
1670 3349 1788 3404 auri
1811 3350 2065 3406 exhibeo.

492 3431 757 3490 Dominus
785 3435 928 3488 enim
957 3437 1145 3506 inopes
1175 3437 1304 3491 facit
1333 3447 1388 3492 et
1408 3439 1624 3507 divites,
1651 3441 1746 3511 qui
1771 3441 2067 3506 Abraham,

491 3535 541 3577 et
575 3523 698 3590 Job,
730 3533 783 3579 et
816 3524 982 3579 David
1014 3525 1320 3583 fortunatos
1351 3529 1474 3584 illos
1503 3531 1754 3588 homines
1773 3532 1983 3588 divitiis
2006 3547 2071 3588 ac

490 3613 688 3682 opibus
715 3614 964 3667 oneravit
987 3637 996 3667 :
1029 3616 1074 3668 si
1099 3615 1300 3672 imbres
1327 3617 1612 3674 demittere
1637 3623 1924 3690 petieritis,
1955 3631 2069 3678 sta-

496 3707 593 3758 tim
624 3715 917 3768 corrueut;
949 3705 995 3759 si
1029 3705 1207 3762 fontes
1249 3710 1408 3778 panis
1439 3711 1592 3766 vobis
1637 3713 1928 3784 impertiri,
1953 3715 2066 3784 jam

491 3794 596 3847 sub
626 3809 788 3847 manu
822 3806 991 3849 sunt:
1028 3797 1286 3864 operibus
1317 3796 1452 3868 ipsis
1484 3802 1864 3869 probationem
1901 3804 2071 3860 habe-

492 3884 598 3948 tis;
627 3883 674 3937 si
702 3898 897 3952 aquam
929 3885 982 3938 in
1015 3885 1200 3939 vinum
1243 3896 1604 3954 commutare,
1653 3899 1817 3946 testes
1855 3901 1984 3947 sunt
2013 3894 2066 3948 in

487 3972 636 4028 Cana
669 3975 976 4043 nuptiarum
1021 3985 1284 4032 crateres.
1319 3977 1464 4033 Caeci
1494 3996 1624 4035 vero
1663 3985 2070 4052 responderunt

486 4055 770 4111 dicentes:
803 4076 822 4108 ι
859 4056 1106 4119 Domine.
1139 4067 1198 4112 ut
1225 4061 1544 4130 aperiantur
1573 4066 1717 4120 oculi
1748 4069 1924 4123 nostri
1955 4070 2060 4124 σί.»

486 4142 592 4207 Τιι,
622 4143 865 4209 Domine,
893 4148 987 4216 qui
1015 4150 1361 4216 percussisti,
1403 4168 1569 4220 sana;
1607 4156 1865 4214 miserere
1894 4163 2068 4217 nostri

487 4247 655 4296 nunc,
681 4235 771 4302 qui
807 4243 967 4289 antea
1014 4237 1097 4290 ira
1144 4237 1405 4296 incensus
1447 4243 1667 4300 fueras:
1703 4263 1852 4302 nunc
1885 4250 2067 4306 denuo

2175 3069 2298 3138 γῆς.
2332 3067 2604 3140 Αἰσχύνην
2648 3071 2976 3141 ὀφλήσουσιν
3024 3075 3074 3127 οἱ
3122 3075 3230 3130 τῶν
3283 3080 3610 3150 αἱρετικῶν,
3661 3084 3766 3137 καὶ

2173 3159 2280 3212 τῶν
2319 3160 2588 3231 Ἑλλήνων
2622 3163 2810 3226 παῖδες
2848 3165 2897 3216 οί
2928 3165 3179 3233 λέγοντες
3199 3184 3214 3200 ⁸
3246 3169 3360 3239 Οὐχ
3389 3172 3489 3224 ὅσα
3519 3174 3767 3243 Χριστὸς

2177 3250 2445 3320 βούλεται,
2478 3251 2650 3306 ταῦτα
2679 3255 2772 3306 καὶ
2799 3260 2974 3310 ποιεῖν
3005 3256 3252 3313 δύναται.
3287 3279 3307 3312 ι
3340 3261 3405 3314 Τί
3432 3262 3640 3327 θέλετε,
3667 3265 3766 3318 ἵνα.

2174 3343 2386 3414 ποιήσω
2410 3343 2572 3412 ύμῖν;
2602 3362 2620 3395 ι
2652 3344 2778 3398 Ἐὰν
2801 3349 3064 3418 αἰτήσητε
3091 3367 3159 3421 με
3187 3353 3448 3423 χρήματα
3472 3354 3566 3408 τὸν
3586 3357 3768 3428 ἀκτήο

2177 3451 2315 3504 μονα
2362 3433 2569 3497 δοῦναι,
2606 3437 2790 3507 πηγὴν
2847 3439 3049 3508 χρυσοῦ
3101 3444 3360 3514 χορηγῶ’
3391 3445 3593 3516 Κύριος
3647 3449 3765 3522 γὰρ

2173 3527 2459 3597 πτωχίζει,
2503 3527 2596 3581 καὶ
2623 3527 2922 3594 πλουτίζει,
2957 3533 2986 3584 ὁ
3023 3532 3320 3600 πλουτίσας
3347 3537 3441 3591 τὸν
3479 3539 3761 3612 Ἀϐραὰμ,

2172 3618 2386 3672 καὶτὸν
2425 3618 2565 3683 Ἰὼϐ,
2603 3620 2698 3673 καὶ
2744 3620 2836 3673 τὸν
2872 3621 3037 3675 Δαυῒδ
3079 3627 3207 3690 τοὺς
3255 3633 3629 3700 μακαριστοὺς
3658 3634 3762 3688 ἄν-

2170 3708 2333 3779 δρας·
2384 3711 2479 3764 ὲὰν
2533 3711 2772 3782 ὄμϐρους
2811 3714 3122 3769 ἐπιϐάλλειν
3172 3719 3510 3792 ἱκετεύσητε,
3547 3725 3762 3791 εὐθέως

2171 3803 2517 3872 γενήσονται·
2583 3804 2677 3856 ἐὰν
2740 3806 2925 3875 πηγὰς
2977 3808 3160 3878 ἄρτων
3210 3812 3538 3882 χαρίσασθαι
3597 3817 3757 3887 ύμῖν,

2172 3893 2404 3964 ἑτοίμως
2427 3894 2737 3965 παρέξομαι
2757 3913 2771 3926 ο
2799 3896 2950 3966 ἔχετε
2971 3901 3083 3962 τοῖς
3111 3899 3295 3970 ἔργοις
3322 3902 3421 3974 τὴν
3440 3906 3718 3972 ἀπόδειξιν
3739 3929 3756 3943 ο

2172 3984 2268 4037 ἐὰν
2316 3985 2642 4054 μεταϐαλεῖν
2682 3987 2828 4058 ὕδωρ
2877 3989 2954 4051 είς
2995 3986 3160 4054 οἶνον,
3211 3993 3489 4066 μάρτυρες
3541 3999 3593 4051 οἱ
3644 4001 3762 4056 τῶν

2171 4075 2367 4144 γάμων
2392 4079 2670 4148 κρατῆρες
2710 4079 2768 4130 ἐν
2800 4082 2865 4149 τῇ
2899 4081 3075 4151 Κανᾷ.
3107 4078 3175 4136 Οί
3208 4084 3266 4137 δὲ
3297 4086 3489 4155 τυφλοὶ
3517 4089 3761 4162 ἀπεκρί-

2170 4183 2330 4219 ναντο
2387 4167 2677 4236 λέγοντεςο
2727 4170 2967 4242 «Κύριε,
3021 4173 3108 4226 ἴνα
3159 4175 3450 4245 ἀνοιγῶσιν
3489 4181 3650 4251 ἡμῶν
3703 4188 3759 4238 οἱ

2171 4256 2460 4326 ὀφθαλμοί.
2499 4277 2518 4309 ι
2545 4259 2737 4324 Αὐτὸς,
2767 4261 3031 4324 Δέσποτα,
3058 4264 3086 4315 ὁ
3113 4264 3344 4335 πλήξας,
3379 4267 3759 4339 θεράπευσον·

483 4323 677 4376 oculos
715 4326 987 4396 continge,
1017 4328 1111 4397 qui
1144 4339 1352 4385 natura:
1385 4344 1578 4389 auctor
1602 4353 1695 4403 es;
1728 4341 1877 4407 aperi
1906 4342 2067 4396 lumi-

2181 4323 2393 4415 ἐλέησον
2443 4350 2591 4419 ἡμᾶς
2641 4323 2738 4403 νῦν
2785 4353 2812 4403 6
2868 4352 3133 4423 πρότερον
3188 4323 3493 4426 όργίσθείςο
3541 4323 3758 4417 πλάσον

485 4412 573 4466 nis
604 4413 808 4478 radios,
848 4416 938 4484 qui
980 4416 1336 4472 tenebrarum
1370 4429 1555 4490 portas
1596 4426 1866 4481 occludis.
1901 4446 1920 4476 ‹
1960 4428 2063 4480 Μί-

484 4514 667 4558 serius
715 4517 894 4559 autem
941 4505 1123 4572 Jesus,
1157 4509 1334 4580 tetigit
1376 4514 1571 4569 oculos
1606 4530 1820 4581 eorum,
1853 4526 1908 4572 et
1933 4534 2066 4574 con-

484 4594 666 4647 festim
715 4594 971 4650 viderunt
1021 4600 1086 4653 ⁸⁸.
1127 4617 1146 4648 ι
1203 4597 1302 4656 Ubi
1361 4618 1592 4672 namque
1639 4603 1802 4662 Jesus
1853 4611 2060 4678 tangit,

483 4685 668 4738 omnia
693 4686 748 4739 in
781 4688 1063 4745 meliorem
1110 4694 1329 4748 modum
1379 4694 1761 4754 immutantur.
1799 4698 2063 4754 Viderunt

484 4774 670 4845 itaque
698 4779 829 4832 caeci
859 4780 1062 4851 duplex
1100 4783 1303 4850 lumen,
1341 4785 1571 4840 alterum
1595 4792 1907 4844 connnunis
1929 4790 2058 4856 diei,

482 4864 715 4918 alterum
743 4867 911 4934 illius,
943 4871 1036 4939 qui
1070 4888 1165 4928 eos
1207 4885 1518 4940 sanaverat,
1551 4877 1792 4932 celestis
1839 4879 2056 4945 medici,

479 4961 535 5008 et
569 4956 901 5022 animorum,
943 4971 996 5015 et
1044 4978 1378 5033 corporum;
1423 4974 1477 5021 et
1529 4967 1712 5022 lumen
1759 4971 1811 5024 in
1855 4971 2060 5046 lumine

477 5045 837 5114 resplenduit.
868 5047 1005 5105 Hinc
1034 5065 1359 5124 recuperato
1379 5058 1584 5113 lumine
1602 5075 1756 5130 atque
1777 5080 1841 5118 ac
1867 5065 2060 5123 Petrus

477 5142 534 5188 et
576 5134 826 5193 Andreas
870 5139 1056 5196 Jesum
1111 5158 1453 5215 sequuntur;
1487 5159 1540 5203 et
1574 5154 1855 5209 venientes
1898 5155 2060 5211 Beth-

481 5227 674 5293 phage,
720 5230 873 5284 novis
902 5235 1079 5289 oculis
1126 5237 1314 5291 vident
1349 5255 1410 5293 ex
1462 5240 1664 5296 Davide
1711 5248 2056 5315 progenitum

479 5314 676 5370 faustis
701 5332 992 5386 puerorum
1028 5326 1521 5384 acclamationibus
1552 5314 1839 5402 exceptum
1865 5354 2056 5394 recen-

579 5490 853 5574 "j'ﬂiﬂl-
875 5513 977 5574 ἕξιν
1003 5505 1090 5560 ‘29.
1167 5506 1211 5538 ⁸⁷
1244 5507 1431 5566 Matth.
1466 5528 1584 5574 XIII,
1611 5515 1698 5572 65.

475 5557 565 5611 33.
637 5562 683 5594 ⁸⁸
711 5563 841 5618 ibid.
873 5566 961 5620 54.

1776 5519 1821 5550 ⁸⁸
1863 5516 2050 5573 Matth.
2077 5537 2167 5587 xx,
2202 5521 2290 5575 3|.

2173 4439 2336 4491 πάλιν
2373 4441 2684 4510 ὀφθαλμοὺς
2731 4445 2760 4494 6
2813 4443 2914 4512 τῆς
2961 4444 3178 4513 φύσεως
3229 4452 3494 4522 ποιητής·
3535 4455 3758 4523 ἄνοιξον

2173 4528 2350 4595 φωτὸς
2375 4529 2570 4596 αὐγὰς,
2619 4532 2648 4583 ὁ
2677 4533 2774 4584 τοῦ
2811 4533 3038 4597 σκότους
3067 4523 3186 4598 τὰς]
3215 4537 3386 4607 θύρας
3416 4542 3753 4598 ἀποκλείων.

2179 4641 2196 4671 ι
2225 4621 2659 4690 Σπλαγχνισθεὶς
2701 4623 2758 4676 δὲ
2786 4625 2814 4676 6
2853 4625 3056 4695 Ἰησοῦς
3097 4627 3274 4697 ἥψατο
3311 4631 3420 4685 τῶν
3453 4633 3757 4706 ὀφθαλμῶν

2173 4710 2374 4774 αὐτῶν,
2405 4711 2499 4764 καὶ
2529 4711 2692 4774 εὐθὺς
2711 4713 3034 4782 ἀνέϐλεψαν.
3071 4735 3090 4766 ι
3133 4718 3303 4772 Ἔνθα
3337 4721 3446 4792 γὰρ
3471 4725 3499 4776 6
3536 4724 3756 4794 Ἰησοῦς

2169 4799 2423 4867 ἅπτεται,
2476 4804 2652 4854 πάντα
2703 4804 2840 4874 πρὸς
2883 4805 2976 4858 τὸν
3033 4809 3296 4878 ἀμείνονα
3349 4813 3754 4880 μεταϐάλλεται

2166 4889 2386 4960 τρόπον.
2414 4891 2553 4944 Ἰδον
2603 4891 2788 4946 λοιπὸν
2820 4895 2871 4946 oi.
2919 4896 3112 4965 τυφλοὶ
3153 4897 3377 4954 διπλοῦν
3408 4903 3471 4955 τὸ
3503 4906 3643 4973 φῶς,
3685 4907 3753 4962 τὸ

2171 4979 2270 5046 μὲν
2301 4979 2402 5049 τῆς
2448 4982 2630 5049 κοινῆς
2680 4982 2912 5052 ἡμέρας,
2963 4986 3023 5037 τὸ
3071 4986 3129 5039 δὲ
3171 4988 3266 5041 τοῦ
3305 4990 3754 5062 θεραπεύσαντος

2159 5070 2413 5139 οὐρανίου
2450 5071 2634 5139 ἰατροῦ
2670 5073 2764 5125 καὶ
2794 5073 3005 5144 ψυχῶν,
3037 5077 3133 5128 καὶ⁸
3172 5081 3464 5150 σωμάτωνο
3501 5085 3596 5138 καὶ
3625 5087 3751 5154 φῶς

2159 5161 2217 5212 ἐν
2241 5162 2380 5228 φωτὶ
2402 5161 2717 5230 διέλαμψεν.
2749 5164 2912 5218 Ὅθεν
2937 5166 3334 5238 ἀναϐλέψαντες
3355 5173 3750 5232 ἀκολουθοῦσιν

2157 5251 2235 5321 τῷ
2277 5251 2472 5322 Ἰησοῦ,
2509 5252 2583 5314 ὡς
2611 5253 2838 5326 Πέτρος,
2868 5258 2961 5309 καὶ
2999 5258 3273 5329 Ἀνδρέας,
3303 5262 3399 5314 καὶ
3426 5265 3748 5332 ἀνελθόντες

2159 5345 2238 5406 εἰς
2271 5343 2560 5414 Βηθφαγὴ,
2609 5343 2750 5407 νέοις
2791 5345 3092 5416 ὀφθαλμοῖς
3127 5349 3436 5419 βλέπουσιν,
3480 5357 3587 5410 ὑπὸ
3611 5359 3745 5413 παίο

2401 5521 2443 5551 "
2469 5519 2654 5576 Josue.
2688 5537 2744 5586 ιι,
2784 5522 2868 5575 15.
2947 5523 3206 5581 “Matth.
3246 5545 3335 5596 xx,
3372 5530 3463 5586 32.
3526 5533 3573 5566 "
3603 5534 3742 5592 ibid?
