3888 6040
129 228 345 293 325’

1294 221 1832 283 EPISTOLARUM
1871 220 2019 279 LIB.
2065 218 2148 276 II.

3270 210 3374 273 3‘26

129 344 230 395 δων
259 339 349 393 τὸν
374 339 436 391 ὲκ
466 337 627 392 Δαυῒδ
658 334 1073 407 εύφημούμενον
1094 336 1207 397 τοῖς
1228 333 1366 396 νέοις
1394 334 1502 386 τῶν
1535 334 1698 401 φοινί-

1831 333 1954 388 ibus
1984 331 2289 400 palmarutn
2327 327 2568 384 surculis
2599 340 2744 390 eum,
2776 326 2866 394 qui
2902 339 3117 394 semper
3148 342 3286 380 nova
3322 335 3374 377 et

132 448 239 486 κων
268 429 633 501 βλαστήμασι,
684 428 775 481 τὸν
821 427 909 480 ἀεὶ
969 426 1094 490 ξένα.
1129 425 1383 479 ποιοῦντα
1406 425 1499 478 καὶ
1520 425 1701 495 παρά-

134 523 251 589 δοξα
284 520 556 591 θαύματα.

363 612 538 666 ΣΜΑν.
564 640 635 651 -
662 609 986 681 ΕΠΙΦΑΝΙῼ
1023 609 1459 680 ΑΝΑΓΝΩΣΤῌ.

212 700 511 770 Ἦθέλησας
541 698 752 769 μαθεῖν,
792 698 845 749 τί
885 697 993 767 ἄρα
1023 697 1323 766 παραδηλοῖ
1346 698 1406 749 τὸ
1448 697 1610 768 δέρας
1642 696 1700 747 τὸ

134 794 189 860 ἐξ
229 793 393 863 ὕψους
430 792 582 863 παρὰ
610 789 705 842 τοῦ
745 788 922 842 Ἠλιοῦ
968 789 1046 859 τῷ
1089 788 1339 860 Ἐλισαίῳ
1389 788 1698 860 ἐπιρριφέν.

136 885 284 937 Μάθε
337 883 537 935 τοίνυν.
602 883 665 933 Ἦ
719 881 828 952 γὰρ
871 880 1093 952 μηλωτὴ
1138 881 1321 951 ἐκείνη
1386 879 1704 950 νεκροποιὸς

136 973 341 1043 ὑπῆρχε
378 971 634 1034 παντοίας
664 970 897 1038 γεώδους
944 971 1264 1039 φαντασίας,
1311 973 1405 1024 καὶ
1449 969 1704 1038 ἐξαφανί-

135 1065 299 1126 ζουσα
330 1065 511 1116 πᾶσαν
537 1062 778 1132 ἔμφυτον
802 1062 1015 1130 κίνησιν
1049 1062 1158 1115 τῶν
1191 1061 1371 1132 μελῶν
1406 1060 1701 1127 Ἐλισαίου,

132 1157 193 1207 δι’
233 1149 301 1224 ἦς
333 1155 392 1206 οὐ
428 1154 585 1223 μόνον
620 1153 680 1204 τὸ
731 1152 1030 1221 τηνικαῦτα
1086 1153 1378 1223 αἰσθητῶς,
1417 1150 1552 1204 ἀλλὰ
1612 1153 1705 1204 καὶ

132 1246 221 1298 νῦν
241 1245 450 1313 νοητῶς
472 1247 593 1307 ταῖς
622 1242 921 1314 σαρκώδεσι
948 1243 1147 1314 ψυχαῖς
1176 1244 1250 1307 ὡς
1281 1243 1509 1296 θανάτου
1535 1244 1707 1312 ἁμαρ-

131 1338 247 1399 τίας
299 1337 393 1389 καὶ
443 1336 698 1397 ἀσεϐείας
736 1335 1188 1404 μεμεστωμέναις
1218 1336 1274 1386 ὲν
1317 1337 1382 1403 τῇ
1443 1332 1707 1403 νοουμένῃ

142 1427 351 1496 Ἱεριχὼ
376 1426 657 1480 ἐπιϐάλλει
696 1426 821 1486 τοὺς
857 1425 988 1486 ἃλας
1033 1424 1134 1495 τῆς
1163 1424 1255 1478 τοῦ
1290 1420 1422 1477 Θεοῦ
1461 1424 1703 1494 χάριτος,

131 1518 220 1569 καὶ
274 1517 413 1589 πρὸς
453 1517 764 1571 θεοσέϐειάν
808 1534 866 1568 τε
919 1516 1013 1569 καὶ
1057 1518 1191 1588 πρὸς
1246 1518 1313 1570 τὸ
1369 1517 1707 1584 τεκνογονεῖν

132 1609 330 1679 ἀρετὰς
356 1607 794 1680 μεταρῤυθμίζει
828 1608 1037 1671 πάντας
1066 1609 1191 1671 τοὺς
1222 1608 1597 1671 πιστεύοντας.

288 1702 463 1755 ΣΜΒ’.
495 1731 559 1741 —
580 1698 908 1771 ΙΟΥΛΙΑΝῼ
932 1701 1541 1771 ΕΚΚΑΗΣΙΕΚΔΙΚῼ.

197 1874 508 1944 Ἔνδέχεται
525 1871 935 1926 ἁπεκδύσασθαι
957 1872 1081 1934 τοὺς
1098 1872 1386 1942 πορνικοὺς
1402 1872 1714 1940 ὀφθαλμοὺς

132 1970 193 2037 τῇ
219 1965 362 2036 πρὸς
382 1964 515 2017 Θεὸν
540 1963 828 2034 πρεσϐείᾳ,
851 1964 936 2015 ἵνα
968 1963 1163 2033 μηκέτι
1187 1964 1400 2033 ὁρῶμεν
1424 1964 1521 2033 τὴν
1550 1964 1712 2033 βέϐη-

131 2056 217 2109 λον
247 2054 445 2125 ἡδονὴν
464 2092 479 2117 ,
511 2054 694 2106 λαϐεῖν
738 2053 793 2105 δὲ
826 2054 887 2105 ὲκ
924 2055 1140 2123 χάριτος
1170 2055 1375 2122 Κυρίου
1405 2054 1715 2123 ὀφθαλμοὺς

132 2145 308 2208 νέους,
342 2143 411 2195 δι’
445 2136 520 2194 ὧν
545 2141 731 2194 λοιπὸν
777 2143 875 2209 τῆς
906 2143 1138 2205 εὐώδους
1177 2144 1271 2195 καὶ
1304 2144 1466 2211 ἁγίας
1499 2160 1716 2214 σωφρο-

134 2236 300 2305 σύνης
360 2233 423 2287 τὸ
468 2232 663 2296 κάλλος
707 2233 974 2303 ὀψόμεθα,
1012 2232 1106 2286 καὶ
1168 2233 1277 2287 τῶν
1327 2235 1717 2305 φιλορυπάρων

133 2327 404 2398 δαιμόνων
437 2328 537 2390 τὰς
568 2325 719 2395 Macte;
755 2325 1059 2395 ραπὶσομεν
1081 2323 1581 2395 ὲλευθεριάσαντες.

347 2504 521 2558 ΣΜΓ’.
557 2533 625 2542 -
665 2503 1028 2572 ΚΥΠΡΙΑΝῼ
1068 2502 1503 2555 ΔΙΛΠΓΑΤΟΡΙ.

199 2595 521 2665 Θαυμάζειν
556 2594 711 2664 ἔφης,
737 2594 877 2648 διατί
915 2594 1034 2663 ούχί
1066 2594 1205 2647 κατὰ
1230 2594 1331 2663 τῆς
1359 2593 1601 2664 κεφαλῆς
1625 2592 1719 2647 τοῦ

146 2687 406 2758 Ἀϐραὰμ
443 2685 665 2757 ὀμνύειν
698 2687 725 2738 ὁ
768 2686 948 2756 τίμιος
987 2686 1097 2737 τῶν
1130 2685 1335 2739 παίδων
1368 2687 1723 2757 πεμπόμενος

136 2779 213 2841 εἰς
240 2777 695 2846 Μεσοποταμίαν,
726 2776 861 2829 ἀλλὰ
889 2776 967 2845 τῷ
996 2776 1154 2846 μηρῷ
1189 2777 1412 2840 ὑποθεὶς
1440 2776 1537 2847 τὴν
1564 2778 1724 2847 χεῖρα

136 2870 302 2922 αὑτοῦ
344 2869 579 2939 παρέχει
617 2868 694 2937 τῷ
721 2868 966 2939 Δεσπότῃ
1000 2869 1089 2920 τὸν
1120 2869 1305 2941 ὅρκον.
1337 2869 1663 2937 Ἐγίνωσκεν
1696 2869 1724 2919 ὁ

150 2960 410 3030 Ἀϐραὰμ
442 2962 537 3015 καὶ
566 2960 666 3031 ἤδη
694 2959 1030 3030 προέϐλεπεν
1064 2962 1175 3022 τοῖς
1212 2959 1313 3029 τῆς
1333 2959 1511 3029 ψυχῆς
1532 2957 1723 3027 ὀφθαλ-

140 3051 260 3118 μοῖς
296 3049 408 3101 τῶν
459 3048 678 3102 πάντων
709 3048 1044 3118 δημιουργὸν
1077 3047 1310 3118 Χριστὸν
1350 3048 1562 3117 μέλλειν
1600 3063 1723 3098 και-

140 3142 254 3209 ροῖς
290 3140 445 3202 ίδίοις
479 3141 544 3191 ὲκ
572 3139 679 3191 τῶν
713 3138 903 3209 μηρῶν
931 3138 1025 3191 τοῦ
1057 3138 1329 3209 Ἀϐραὰμ,
1357 3138 1636 3190 τουτέστιν
1662 3137 1724 3188 ὲκ

138 3230 232 3284 τοῦ
268 3232 588 3301 σπέρματος
636 3230 828 3293 αὐτοῦ,
864 3229 1147 3300 προελθεῖν
1202 3231 1344 3282 κατὰ
1394 3229 1594 3298 σάρκα,
1632 3228 1726 3280 καὶ

141 3323 242 3393 ἤδη
269 3322 655 3392 προωμολόγει
692 3323 798 3391 πρὸ
851 3319 1122 3373 τοσούτων
1168 3320 1373 3388 γενεῶν
1415 3320 1476 3372 τὸ
1535 3319 1726 3389 μέλλον

146 3415 473 3485 μυστήριον.
517 3415 575 3467 Ὀ
626 3413 735 3481 γὰρ
778 3412 1008 3482 μέλλων,
1053 3412 1237 3480 φησὶν,
1274 3412 1336 3462 ἐκ
1383 3411 1492 3462 τῶν
1540 3410 1728 3480 μηρῶν

146 3524 251 3575 μου
287 3504 628 3576 σαρκοῦσθαι
676 3503 831 3565 Θεὸς,
867 3501 1072 3571 Κύριος
1103 3501 1336 3571 ὑπάρχει
1374 3500 1466 3551 τοῦ
1499 3500 1727 3570 ούρανοῦ

143 3599 240 3652 καὶ
279 3600 385 3669 τῆς
416 3598 539 3667 γῆς.
584 3595 678 3648 Διὸ
727 3595 876 3662 λέγει
922 3594 1000 3663 τῷ
1034 3593 1251 3663 οἰκέτῃ·
1303 3610 1321 3643 ‹
1358 3591 1587 3653 ’Υπὸθες
1632 3591 1730 3660 τὴν

144 3689 314 3759 χειρά
342 3705 436 3740 σου
472 3687 577 3739 ὑπὸ
607 3686 716 3738 τῶν
752 3685 942 3755 μηρῶν
973 3682 1096 3754 μου,
1136 3685 1230 3737 καὶ
1264 3683 1494 3754 ὲξορκιῶ
1534 3700 1594 3735 σε
1620 3683 1730 3735 Κύ-

152 3797 268 3850 ριον
303 3779 397 3831 τὸν
429 3778 562 3830 Θεὸν
590 3775 684 3829 τοῦ
723 3776 952 3846 ούρανοῦ
985 3778 1079 3828 καὶ
1112 3776 1209 3844 τῆς
1242 3776 1362 3843 γῆς.
1398 3794 1415 3825 ι

405 3868 577 3922 ΣΜΔ’.
593 3895 665 3905 -
683 3866 1014 3935 ΔΗΜΑΡΧῼ
1052 3865 1482 3935 ΙΛΛΟΥΣΤΡΙῼ.

224 3962 401 4013 Ὅταν
444 3959 665 4011 ἀσθενεῖ
689 3956 748 4009 τὸ
788 3957 1153 4027 ὑπογάστριον
1208 3954 1416 4020 πάθος,
1458 3956 1612 4027 δῆλον
1652 3957 1733 4008 ὅτι

151 4054 216 4105 ὲκ
237 4051 341 4121 τῆς
379 4050 584 4112 ἐνδείας
608 4048 700 4101 τοῦ
730 4046 1131 4117 ὑπερκειμένου
1157 4045 1358 4114 ἄγγους
1378 4046 1478 4114 τῆς
1502 4046 1735 4116 γαστρὸς

154 4142 464 4207 ὲξασθενεῖο
492 4141 617 4193 ὅταν
636 4139 691 4191 δὲ
729 4139 954 4210 σφριγᾷ,
979 4139 1074 4190 καὶ
1100 4136 1489 4206 διακεκίνηται,
1522 4138 1736 4198 πάντως

154 4232 372 4285 ἐκεῖθεν
405 4231 516 4300 ἔχει
548 4228 1058 4299 ὲπιχορηγουμένην
1093 4228 1191 4294 τὴν
1232 4226 1461 4296 δύναμιν
1494 4228 1558 4278 ὲκ
1599 4227 1736 4296 πλη-

158 4322 371 4393 σμονῆς
398 4321 665 4391 ἀμέτρου.

305 4412 481 4467 ΣΜΕ’.
526 4439 596 4453 -ι-
634 4408 1054 4479 ΚΑΝΔΙΔΙᾹΝῼ
1110 4407 1595 4476 ΣΤΡΑΤΗΛΑἸᾙ.

1805 429 1999 491 praeter
2027 419 2491 489 exspectationem
2517 431 2734 471 omnem
2776 416 3039 468 miracula
3073 417 3301 485 peragit.

1957 592 2119 664 241,
2148 588 2370 646 CCXLI.
2402 619 2472 628 —
2502 586 2870 641 EPIPHANIO
2901 584 3213 639 LECTORI.

1877 684 2101 738 Discere
2149 683 2328 750 cupis,
2384 679 2516 750 quid
2548 679 2708 748 pellis
2762 678 2877 741 illa,
2915 692 3079 746 quam
3137 692 3203 730 ex
3269 677 3378 731 alto

1806 773 1954 828 Elias
1988 774 2168 827 Eliseo
2202 770 2523 840 proiecit”,
2588 768 2691 822 sibi
2743 767 2889 821 velit.
2944 766 3135 821 Discas
3193 765 3377 835 igitur.

1805 864 1974 920 Pellis
2003 864 2093 916 illa
2126 871 2402 916 terrenam
2434 873 2652 913 omnem
2679 857 2971 925 imaginem
3025 855 3147 909 neci
3204 854 3382 909 trade-

1808 958 1924 1023 bat,
1951 963 2007 1010 et
2036 968 2255 1009 omnem
2289 952 2541 1005 innatum
2574 951 2944 1003 membrorum
2977 953 3182 999 motum
3215 942 3382 1000 Elisei

1807 1046 2110 1117 perdebat;
2142 1058 2240 1114 per
2259 1054 2539 1113 quamnon
2560 1050 2687 1095 tunc
2706 1044 2941 1097 tantum,
2977 1044 3034 1088 ut
3069 1035 3254 1089 sensui
3285 1047 3381 1102 pa-

1809 1138 1979 1199 tebat,
2027 1135 2122 1191 sed
2153 1142 2207 1188 et
2243 1146 2413 1194 nunc,
2441 1139 2503 1185 ut
2535 1129 2817 1183 intellectu
2856 1126 3186 1195 concipitur,
3230 1124 3384 1179 carni

1809 1229 2009 1281 animis
2041 1225 2296 1287 addictis,
2322 1228 2583 1290 tanquam
2618 1218 2811 1272 mortis
2848 1217 3087 1286 peccatis
3115 1222 3169 1269 et
3193 1214 3385 1282 impie-

1809 1319 2021 1372 tatibus
2057 1315 2280 1384 repletis
2326 1313 2381 1365 in
2443 1308 2807 1363 intellectuali
2878 1304 3136 1359 lliericho
3187 1304 3386 1358 divina!

1810 1410 1999 1479 gratiae
2026 1407 2195 1460 salem
2233 1401 2519 1471 inspergit,
2552 1408 2605 1454 et
2634 1397 2700 1452 ad
2734 1399 2825 1451 Dei
2851 1396 3059 1451 cultum
3092 1396 3388 1447 virtutum-

1809 1516 1919 1571 que
1950 1499 2388 1568 procreationem
2430 1490 2716 1546 credentes
2750 1502 2941 1543 omnes
2966 1483 3250 1539 transfert.

1738 1681 1781 1735 Β
1883 1674 2136 1732 CCXL“.
2164 1702 2230 1713 -—
2263 1668 2553 1724 ΙΠΠΑΝο
2609 1663 3098 1721 ECCLESIARUM
3130 1662 3389 1719 DEFEN-

2524 1737 2701 1793 SORI.

1885 1855 2030 1915 Fieri
2064 1866 2262 1928 potest,
2296 1864 2355 1909 ut
2386 1851 2742 1909 fornicationi
2784 1850 2998 1905 deditos
3032 1850 3223 1905 oculos
3269 1863 3394 1919 prec

1817 1955 1971 2007 cibus
2011 1952 2075 2004 ad
2108 1950 2275 2004 Deum
2303 1961 2592 2006 exuamur,
2629 1960 2697 1998 nc
2746 1943 2887 1996 ultra
2918 1941 3200 2010 profanam
3232 1940 3394 1995 volu-

1816 2054 2021 2116 ptatem
2080 2037 2465 2108 inspiciamus,
2522 2040 2575 2087 et
2627 2047 2694 2087 ex
2751 2031 2922 2100 gratia
2968 2029 3182 2083 Domini
3222 2043 3395 2084 novos

1818 2136 2009 2192 oculos
2042 2140 2415 2190 assumamus,
2474 2137 2574 2191 per
2635 2136 2774 2190 quos
2813 2119 3161 2189 postmodum
3214 2118 3398 2172 odora:

1819 2233 2137 2291 sanctazque
2168 2214 2522 2273 continentiae
2554 2210 3031 2282 pulchritudinem
3057 2209 3397 2272 intueamur,

1818 2327 1874 2372 et
1925 2313 2171 2370 sordium
2213 2305 2531 2361 amantibus
2577 2300 2922 2356 daemonibus
2973 2298 3188 2363 oculos,
3227 2299 3281 2352 in
3329 2299 3400 2351 li-

1820 2413 2086 2467 bertatem
2110 2400 2401 2465 vindicati,
2439 2398 2738 2451 caedamus.

1983 2493 2256 2552 CCXLI“.
2283 2520 2353 2531 ——
2383 2484 2734 2544 CYPRIANO
2772 2481 3240 2537 DEI.F.GATORI.

1884 2580 2163 2639 Admirari
2185 2591 2235 2633 te
2257 2577 2359 2640 ais,
2384 2587 2677 2643 quamnam
2700 2570 3018 2638 obicausam
3051 2580 3158 2618 non
3184 2578 3278 2631 per
3299 2576 3394 2614 ca-

1816 2682 1916 2747 put
1936 2672 2168 2727 Abrahae
2188 2666 2525 2723 honorabilis
2545 2661 2811 2718 servusin
2832 2655 3279 2727 Mesopotamiam
3303 2652 3401 2705 ab-

1823 2744 2052 2836 legatus,
2078 2760 2175 2818 sed
2206 2760 2261 2815 in
2285 2757 2490 2815 femore
2521 2770 2686 2810 manu
2716 2752 2986 2823 apposita,
3013 2744 3400 2818 jusjurandum

1824 2859 2057 2916 Domino
2087 2854 2309 2909 exhibet
2332 2850 2398 2903 “.
2434 2847 2529 2901 Sat
2560 2842 3095 2905 noveratAbraham,
3119 2849 3173 2895 et
3206 2838 3405 2895 mentis

1825 2949 2004 3005 oculis
2035 2948 2146 3016 jam
2181 2939 2342 3012 245
2373 2934 2732 3008 praevidebat,
2762 2946 2942 2985 rerum
2970 2929 3215 2984 omnium
3249 2929 3408 2999 opifi-

1751 3031 1793 3087 Ο
1831 3057 1947 3096 cem
2009 3036 2290 3092 Christum
2364 3037 2575 3085 statuto
2655 3035 2897 3093 tempore
2968 3038 3034 3077 ex
3105 3021 3407 3077 femoribus

1831 3130 2083 3193 Abrahae,
2112 3134 2168 3181 ct
2197 3119 2640 3191 seminescilicet
2672 3116 2821 3170 illius
2853 3113 3155 3168 secundum
3185 3127 3408 3166 carnem

1836 3221 2227 3277 nasciturum:
2268 3222 2323 3267 et
2367 3213 2480 3282 jam
2516 3216 2645 3262 ante
2704 3214 2785 3259 tot
2815 3204 3201 3275 generationes
3256 3214 3411 3255 arca-

1835 3330 1965 3371 num
2001 3312 2242 3365 futurum
2287 3302 2830 3377 praevaticinabatur.
2897 3296 2999 3362 Qui
3033 3296 3197 3363 enim,
3215 3296 3313 3358 ait,
3342 3309 3412 3347 ex

1837 3405 2139 3462 femoribus
2164 3400 2300 3455 meis
2322 3412 2543 3453 carnem
2577 3400 2962 3462 assumpturus
2983 3396 3069 3443 est
3094 3386 3259 3449 Deus,
3287 3385 3413 3440 εωιί

1837 3508 1890 3554 ct
1920 3506 2080 3552 terra:
2113 3491 2401 3560 imperium
2426 3487 2660 3541 obtinet.
2686 3483 3035 3553 Quapropter
3064 3477 3199 3533 dicit
3221 3488 3412 3531 servo:

1844 3608 1861 3640 ι
1902 3590 2127 3656 Appone
2168 3594 2391 3635 manum
2439 3588 2587 3632 tuam
2648 3576 2837 3630 subter
2888 3572 3099 3627 femora
3154 3582 3293 3631 mea,
3358 3573 3417 3619 ut

1839 3682 2086 3750 adjurem
2122 3684 2176 3730 te
2201 3688 2297 3744 per
2326 3670 2626 3725 Dominum
2660 3666 2830 3721 Deum
2862 3663 2987 3719 cceli
3017 3669 3071 3717 et.
3105 3669 3268 3715 terra:
3289 3658 3357 3712 ’⁸.
3389 3674 3410 3709 ο

2051 3863 2329 3923 CCXLIV.
2360 3895 2428 3904 ——
2457 3857 2832 3915 DEMARCHO
2861 3853 3205 3912 lLLUSTRl.

1914 3964 2050 4018 Cum
2086 3958 2444 4031 perturbatio,
2486 3968 2610 4024 quae
2650 3951 2755 4006 sub
2787 3958 2976 4004 ventre
3031 3956 3136 4011 est,
3172 3942 3420 3999 inﬁrma-

1844 4066 1955 4119 tur,
1993 4053 2349 4108 manifestum
2378 4054 2484 4111 est,
2524 4059 2645 4099 eam
2676 4058 2740 4096 ex
2799 4037 3217 4108 ‘superimpositi
3248 4036 3418 4100 vasis,

1844 4148 2053 4202 ventris
2085 4158 2298 4211 nempe,
2343 4139 2527 4207 inopia
2564 4135 2703 4188 male
2737 4147 2795 4187 se
2822 4131 3059 4185 habere:
3094 4144 3215 4182 cum
3244 4134 3423 4195 turget

1846 4251 2106 4308 motuque
2136 4237 2335 4297 cietur,
2368 4230 2593 4285 omnino
2627 4226 2753 4280 inde
2796 4225 2904 4279 vim
2955 4221 3117 4275 habet
3148 4235 3215 4274 ex
3251 4216 3423 4272 nimia

1849 4333 2097 4389 satietate
2125 4323 2482 4379 transfusam.

1768 4375 1814 4475 Ῑῗ
1849 4375 2102 4477 ἷξᾆὶξῆ
2127 4375 2648 4469 ξἰξέιινῡιυιΑΝο
2680 4403 2979 4461 DUCTORI
3008 4394 3422 4455 exeamus.

241 4501 496 4583 ‘Enqifiou
544 4518 642 4571 μου
676 4499 764 4552 διὰ
814 4500 914 4569 τῆς
957 4498 1272 4567 ἐπιπολῆς,
1330 4496 1474 4559 τίνος
1504 4498 1664 4565 χάριν
1692 4513 1714 4546 υ

1921 4512 2143 4567 Litteris
2170 4509 2235 4563 ad
2267 4522 2353 4561 me
2391 4503 2536 4557 datis
2588 4502 2916 4566 interrogas,
2968 4507 3132 4562 quam
3174 4489 3244 4544 ob
3290 4503 3424 4542 cau-

166 4594 266 4664 μὲν
292 4592 514 4663 μοναχοὶ
549 4590 921 4660 στολιζόμενοι
962 4589 1054 4641 ἐπὶ
1076 4589 1168 4641 τοῦ
1199 4587 1490 4659 ἀριστεροῦ
1512 4586 1745 4640 ἀναϐάλ-

1852 4619 1968 4659 sam
2002 4598 2278 4661 monachi,
2307 4596 2435 4649 dum
2468 4607 2526 4647 se
2557 4593 2784 4648 ornant,
2815 4586 2881 4638 ad
2921 4582 3207 4638 sinistrum
3236 4579 3428 4631 hume-

163 4686 351 4737 λονται
380 4684 555 4755 ὤμου,
583 4680 919 4751 γυμνοῦντες
936 4679 1057 4733 ὅλον
1080 4679 1141 4731 τὸ
1178 4678 1455 4749 εὐώνυμον
1484 4678 1671 4749 μέρος,
1694 4694 1714 4729 c

1852 4710 1975 4747 rum
2028 4698 2235 4744 vestem
2284 4685 2642 4744 contrahunt,
2705 4683 2916 4748 partem
2984 4674 3171 4729 laevam
3209 4681 3427 4723 omnem

166 4776 224 4828 δὲ
250 4773 544 4845 φοροῦντες
576 4771 831 4842 κοσμικοὶ
867 4771 967 4832 τὰς
991 4769 1240 4839 χλανίδας
1269 4771 1333 4820 τὸ
1358 4768 1529 4832 δεξιὸν
1583 4769 1714 4838 μέρο

1854 4782 2233 4840 denudantes;
2295 4776 2389 4845 qui
2453 4787 2588 4826 vero
2640 4785 2670 4823 e
2722 4765 2923 4822 saeculo
2981 4770 3111 4817 sunt
3152 4764 3431 4829 gestantes

166 4865 266 4919 τοῦ
289 4866 543 4935 σώματος
563 4865 672 4927 τοῖς
699 4865 834 4917 πᾶσι
855 4862 1088 4932 φανερὸν
1112 4860 1461 4915 καθιστῶσιν.
1484 4862 1714 4912 Ἀκουσο

1858 4873 2199 4931 amiculum,
2262 4868 2544 4921 dexteram
2606 4857 2860 4927 corporis
2914 4861 3126 4935 partem
3185 4854 3431 4917 apertam
3504 4890 3510 4896 .

169 4924 388 5020 τοίνυν,
428 4924 592 5009 amici
644 4924 742 5025 μὲν
794 4924 1019 5024 μοναχοῖ
1068 4953 1146 5021 τῷ
1188 4953 1380 5024 Κυρίῳ
1434 4952 1714 5021 πειθόμενι

1858 4959 2116 5014 omnibus
2146 4924 2403 5025 produnt.
2454 4924 2909 5014 Auribus—itaque
2939 4924 3141 5009 arrip'e.
3179 4935 3433 4992 Monachi

171 5050 419 5117 λέγοντι’
489 5066 507 5097 ι
536 5048 711 5116 Ὅπερ
768 5050 911 5098 ποιεῖ
941 5048 974 5115 ἡ
1003 5044 1153 5110 δεξιά
1210 5062 1325 5109 σου,
1374 5043 1448 5114 μὴ
1504 5042 1694 5112 γνώτω

1858 5050 2022 5105 dictis
2054 5046 2272 5100 Domini
2308 5044 2775 5108 obtemperantes,
2833 5034 2926 5104 qui
2981 5032 3161 5086 dixit:
3221 5046 3240 5079 ι
3277 5026 3433 5117 Quod

172 5116 476 5207 ἀριστερὰ,
511 5155 529 5187 ι
560 5137 868 5200 τουτέστιν,
903 5138 958 5190 αἱ
997 5135 1203 5203 ἀγαθαὶ
1262 5136 1511 5207 πράξεις,
1576 5136 1714 5189 δισπε

1861 5139 1994 5193 facit
2032 5136 2263 5199 dextera
2298 5141 2415 5193 tua,
2448 5143 2584 5181 cave
2614 5142 2680 5180 ne
2713 5129 3010 5194 cognoscat
3039 5118 3268 5174 sinistra
3287 5116 3376 5182 ⁹⁶;
3410 5132 3429 5167 ι

173 5205 267 5278 διὰ
287 5205 487 5289 παντὸς
514 5226 745 5297 ἐργάζῃ,
776 5225 1187 5279 λανθανέτωσαν
1205 5205 1569 5296 τὴν-λοιμώδη
1601 5240 1714 5276 κεν(

1862 5230 2046 5301 probae
2074 5226 2291 5281 scilicet
2313 5220 2689 5290 operationes,
2711 5230 2852 5288 quas
2878 5212 3144 5267 continuo
3171 5205 3433 5278 operatis,

176 5314 383 5381 δοξίαν,
439 5294 1267 5388 ειιαλίτὴννὰνθρωτταρεσκίαν,⁷
1318 5294 1585 5386 ἀριστερὰ
1644 5314 1714 5382 γὰ

1862 5294 2177 5389 pestiferam
2208 5311 2579 5383 vanagloriam
2606 5310 2832 5371 lateant,
2862 5320 2961 5361 nec
2983 5302 3163 5358 studio
3186 5294 3435 5369 placendi

179 5409 399 5481 ἀληθῶς
419 5412 565 5463 ἐστιν
598 5411 632 5479 ἡ
663 5409 888 5478 τοιαύτη
918 5409 1270 5473 κατάστασις,
1300 5407 1522 5470 δικαίως
1549 5407 1618 5460 τὰ
1655 5405 1714 5477 μὲ

1865 5406 2184 5464 hominibus
2220 5411 2495 5475 agantur;
2543 5400 2653 5456 tale
2685 5398 2889 5456 etenim
2944 5395 3068 5451 vitae
3119 5389 3435 5448 institutum

261 5592 307 5624 "
338 5589 401 5645 IV
442 5590 578 5662 Reg.
616 5607 676 5659 tt,
710 5591 796 5644 15.
872 5590 918 5623 ’⁸
950 5588 1086 5643 Gen.
1112 5603 1259 5652 XXIV,
1301 5586 1354 5641 9.
1431 5586 1475 5619 9"
1511 5586 1644 5640 ibid.
1678 5583 1734 5649 2,
1760 5583 1814 5637 5.
1891 5581 1936 5614 ⁸⁸
1966 5579 2155 5634 Matth.
2182 5593 2254 5641 vt,
2279 5577 2310 5630 5
