3888 6040
445 182 547 246 327

1932 172 1991 233 S.
2034 168 2198 233 NILI

3600 184 3729 247 328

446 307 572 346 vere
610 289 833 344 sinistra
866 284 1033 358 246
1059 291 1181 351 est;
1206 281 1355 353 iuste
1381 282 1605 352 quidem
1640 282 1860 352 propria
1890 282 2024 335 l'aci-

2135 282 2341 335 ἐαυτῶν
2362 280 2763 353 κατορθώματα
2799 282 3132 354 κρύπτουσιν
3158 285 3224 339 ἐκ
3244 285 3356 339 τῶν
3375 288 3729 359 ἀνθρώπων.

448 400 578 437 nora
607 379 927 435 hominibus
970 376 1278 435 occultant,
1312 388 1436 427 cum
1487 372 1741 442 proprios
1774 371 2021 426 delectus

444 476 625 544 palam
656 471 911 525 omnibus
952 466 1204 522 conﬁteri
1244 473 1528 520 suescant.
1561 462 1665 529 Qui
1717 479 1846 518 vero
1902 463 2023 516 vitae

445 563 695 620 sazculari
731 574 955 630 operam
995 565 1217 621 navant,
1267 572 1393 610 cum
1440 557 1563 609 vani
1624 556 1758 617 sint,
1812 569 2023 625 suaque

445 654 746 709 insolenter
771 651 1001 719 iactent.
1035 662 1292 702 recursus
1322 644 1393 699 ad
1436 644 1607 699 Deum
1651 644 2019 706 immemores,

443 751 497 797 et
526 742 673 795 circa
714 755 803 793 res
836 742 1085 793 terrenas
1135 736 1485 803 caducasque
1518 734 1791 802 serpentis
1847 733 2023 786 instar

445 836 820 900 perrepentes,
852 825 1074 896 propria
1106 824 1347 893 quidem,
1376 836 1550 892 eaque
1579 822 1870 876 innumera
1900 837 2021 877 sceo

444 919 555 973 Iera
582 924 788 986 tegunt,
828 923 883 969 et
944 915 1108 967 unius
1161 919 1372 965 tantum
1419 911 1643 965 virtutis
1683 911 2018 964 exercitium

443 1024 540 1079 per
588 1006 995 1062 simulationem
1049 1003 1153 1056 sibi
1215 1009 1563 1070 arrogantes,
1621 1002 2017 1056 continentiam

442 1108 656 1166 nempe,
692 1096 1117 1164 eleetnosynam,
1148 1092 1235 1146 vel
1272 1091 1569 1159 jejunium,
1605 1094 1864 1148 omnibus
1912 1093 2022 1148 fere

445 1187 761 1243 hominibus
789 1199 908 1238 eam
936 1181 1314 1245 manifestant,
1348 1181 1402 1234 in
1439 1183 1716 1250 publicum
1751 1186 2035 1251 apparens

441 1289 547 1343 tes,
583 1278 996 1338 insolescentes,
1047 1273 1317 1344 superbiae
1358 1273 1542 1334 bullis,
1576 1273 1743 1326 veluti
1787 1274 2019 1327 buccina

443 1377 878 1442 perstrepentcs,
913 1366 1052 1420 locis
1077 1366 1130 1418 in
1160 1363 1421 1419 omnibus
1466 1363 1745 1433 iactanter
1785 1364 2017 1417 conclao
2050 1366 2053 1369 ’

443 1468 681 1523 mantes,
711 1458 980 1528 praeconis
1032 1456 1209 1509 instar
1244 1469 1375 1507 voce
1424 1453 1868 1521 pronuntiantes,
1916 1468 2018 1521 pu-

442 1553 582 1608 sillae
611 1551 689 1605 rei
727 1549 923 1619 molem
962 1548 1237 1616 ingentem
1273 1544 1617 1613 adjicientcs,
1655 1550 1708 1596 et
1747 1543 1815 1597 ab
1842 1543 2013 1597 homi-

2123 374 2193 425 τὰ
2215 373 2273 425 δὲ
2310 374 2485 425 οίκεῖα
2526 371 2885 441 ἐλαττώματα
2918 372 3148 427 ἐνώπιον
3201 375 3458 430 ἁπάντων
3506 364 3722 449 ἐξαγο-

2128 462 2306 534 ρεύειν
2333 462 2605 517 εἰώθασιν.
2644 464 2706 515 Οἱ
2736 463 2791 514 δέ
2814 479 2876 530 γε
2917 462 3160 533 βιωτικο)⁵
3198 466 3466 531 κενόδοξοι
3504 487 3571 522 τε
3616 474 3721 525 καὶ

2126 554 2493 622 φιλενδεῖκται
2540 554 2903 624 τυγχάνοντες
2967 556 3351 627 ἐπιλαθόμενοι
3407 560 3513 629 τῆς
3574 564 3731 634 πρὸς

2125 645 2257 698 Θεὸν
2301 645 2648 714 ἀναϐλέψεως
2672 686 2686 711 ,
2723 646 2818 699 καὶ
2856 647 2987 717 περὶ
3014 647 3082 700 τά
3110 648 3278 717 γήῖνά
3304 667 3365 703 τε
3398 653 3496 706 καὶ⁵
3536 654 3728 724 πρόσω

2126 754 2293 806 καιρα
2315 737 2472 807 δίκην
2502 737 2678 805 ὄφεως
2724 736 3007 805 ἓρποντες,
3037 738 3106 792 τὰ
3137 740 3235 809 μὲν
3268 742 3483 796 ἑαυτῶν
3538 746 3730 816 μυρία

2125 828 2270 881 κακά
2328 828 2636 898 πράγματα
2691 827 3063 889 καλύπτουσι.
3122 833 3727 904 προσποιησάμενοιᾶ

2127 917 2256 987 μίαν
2287 920 2409 970 τινὰ
2448 917 2650 989 ἀρετὴν
2684 918 3127 988 ἀπεργάσασθαι,
3155 914 3287 986 οἷον,
3318 925 3723 996 σωφροσύνην,

2124 1008 2597 1080 ἐλεημοσύνην,ἢ
2644 1009 2901 1074 ἀσιτίαν,
2952 1012 3085 1063 πᾶσι
3146 1013 3332 1082 σχεδὸν
3404 1017 3726 1087 ἀνθρώποις

2123 1098 2326 1168 ταύτην
2366 1098 2532 1169 δήλην
2577 1098 2813 1163 ποιοῦσι,
2848 1101 3225 1168 φανιτιῶντες,
3267 1105 3362 1157 καὶ
3391 1106 3728 1170 ἀλαζονευό-

2126 1203 2295 1257 μενοι,
2328 1188 2422 1241 καὶ
2470 1188 2820 1252 σαλπίζοντες
2866 1192 2985 1252 τοῖς
3029 1191 3335 1259 πομφόλυξι
3381 1194 3482 1263 τῆς
3540 1197 3727 1267 ὑπερ-

2122 1278 2378 1347 ηφανίας,
2421 1280 2515 1333 καὶ
2571 1280 2801 1350 βοῶντες
2855 1283 3252 1350 κομπαστικῶς
3308 1287 3579 1357 πανταχῆ,
3619 1291 3727 1341 καὶ

2122 1370 2521 1440 κηρύττοντες,
2582 1373 2678 1424 κα)⁸
2736 1372 2815 1443 τῷ
2883 1373 3078 1443 βραχεί
3131 1372 3420 1447 πράγματι
3480 1379 3725 1448 μέγεθος

2124 1456 2526 1526 περιτιθέντες,
2580 1461 2675 1513 καὶ
2734 1459 2886 1529 παρὰ
2945 1461 3046 1531 μὲν
3099 1463 3209 1516 τῶν
3262 1465 3569 1535 ἀνθρώπων
3622 1468 3725 1520 τὸν

2121 1549 2370 1620 ἀνωφελῆ
2428 1550 2618 1619 μισθὸν
2658 1553 2761 1623 τῆς
2800 1555 3002 1623 μικρᾶς
3056 1554 3353 1627 εὐφημίας,
3405 1559 3501 1610 καὶ
3546 1558 3722 1631 δόξης

443 1646 609 1700 nibus
643 1640 947 1697 mercedem
980 1653 1166 1709 parvae
1214 1635 1570 1697 laudationis,
1608 1642 1663 1690 et
1700 1636 1886 1705 gloriae
1934 1636 2018 1689 in-

2135 1615 2509 1711 ιαμϐάνο-ντες,
2549 1615 2951 1708 ἀποπίπτοντες
2977 1615 3033 1697 δὲ
3076 1615 3500 1716 τιῦνυοὺρανίων

442 1735 631 1788 utilem
667 1731 771 1786 sibi
805 1729 1172 1791 vindicantes,
1208 1734 1263 1780 et
1284 1740 1313 1778 a
1344 1726 1661 1779 coelestibus
1693 1739 2018 1779 remunera-

441 1824 684 1879 tionibus
711 1819 1047 1875 excidentes.
1078 1815 1247 1871 Recte
1278 1816 1461 1885 itaque
1490 1815 1559 1870 de
1596 1814 1709 1870 illis
1751 1816 1806 1869 in
1842 1816 2021 1869 Evan-

438 1914 597 1984 geliis
620 1911 825 1966 dictum
849 1917 973 1964 est:
1012 1928 1030 1960 ι
1076 1908 1291 1962 Habent
1326 1907 1638 1961 mercedem
1693 1923 1850 1961 suam
1868 1908 1960 1958 π’.
1996 1925 2013 1958 ι

438 2003 685 2058 Perfecte
710 2000 854 2055 enim
888 2014 1011 2054 eam
1065 2005 1419 2066 receperunt,
1463 1997 1553 2049 hic
1588 1997 1708 2051 sine
1770 1998 1866 2051 illo
1916 2012 2019 2051 usu

440 2101 606 2160 atque
634 2090 1012 2145 emolumento
1037 2087 1294 2140 laudibus
1325 2088 1618 2138 honestati.

675 2178 979 2238 .CCXLVI.
1007 2208 1078 2218 —
1105 2176 1401 2232 ΖΕΝΟΒΙΟ
1436 2175 1732 2231 LEGATO.

510 2272 667 2327 Multi
706 2286 771 2326 ex
810 2271 901 2333 iis,
931 2270 1025 2339 qui
1061 2270 1117 2322 in
1163 2268 1298 2321 mari
1346 2276 1670 2337 tempestate
1714 2268 2020 2337 jactantttr,

442 2364 561 2420 suis
588 2364 692 2432 ipsi
736 2362 992 2416 manibus
1031 2375 1194 2424 onus,
1245 2374 1372 2413 cum
1431 2361 1639 2429 reliqua
1695 2360 2024 2430 supellectili

443 2455 694 2525 pretiosa
724 2454 778 2507 in
828 2450 1102 2521 profunda
1161 2450 1452 2519 dejieiunt,
1485 2465 1640 2504 vana:
1691 2453 2023 2521 caduca:th

442 2547 571 2600 vitae
613 2546 873 2599 iaettltate
901 2541 1233 2612 posthabita,
1267 2556 1335 2595 ne
1366 2542 1524 2596 navis
1561 2542 1801 2611 pondere
1840 2546 2025 2597 oneris

442 2637 642 2693 obruta
672 2638 728 2691 iu
756 2636 1054 2691 discrimen
1086 2634 1289 2687 veniat.
1324 2633 1390 2686 At
1422 2641 1502 2699 tu,
1552 2634 1646 2702 qui
1684 2634 1875 2689 beatos
1899 2650 2017 2700 eos,

445 2728 540 2797 qui
562 2726 973 2795 sempiternam,
996 2732 1048 2779 et
1079 2723 1289 2776 nullum
1326 2722 1491 2776 linem
1516 2722 1828 2778 habituram
1858 2725 2024 2777 vitam

446 2829 879 2876 commercantes
902 2816 1194 2886 praedicas,
1228 2815 1304 2868 nil
1328 2823 1510 2868 tamen
1542 2830 1607 2868 ex
1636 2816 1836 2885 Opibus
1884 2815 2025 2869 indi-

2120 1730 2250 1785 6ὦν.
2283 1733 2391 1784 Καὶ
2422 1732 2603 1796 καλῶς
2628 1734 2888 1802 περὶτῶν
2939 1735 3198 1789 τοιούτων
3252 1737 3468 1809 εἴρηται
3500 1740 3557 1792 ὲν
3596 1742 3724 1803 τοῖς

2121 1822 2492 1888 Εὖαγγελίοις,
2520 1824 2710 1893 ὅτιπερ
2741 1843 2759 1875 ι
2792 1824 3082 1894 Ἀπέχουσι
3102 1825 3195 1878 τὸν
3221 1828 3415 1896 μισθὸν
3444 1829 3652 1883 αὐτῶν.
3690 1848 3715 1881 ι

2128 1913 2526 1983 Πεπλήριιινται
2562 1915 2668 1985 γὰρ
2717 1915 2903 1967 τοῦτον
2933 1916 3166 1971 ἐνταῦθα
3192 1919 3273 1982 είς
3332 1918 3510 1991 μάτην
3547 1922 3725 1974 tmt-

2123 2004 2395 2067 νεθέντες.

2426 2188 2618 2255 ΣΜςν.
2643 2218 2713 2228 -
2730 2190 3038 2262 anosta
3053 2192 3353 2265 ΛΗΓΑΤῼ.

2194 2281 2387 2334 Πολλοὶ
2437 2281 2545 2333 τῶν
2580 2283 2637 2335 ὲν
2669 2282 2914 2355 θαλάσσῃ
2954 2283 3395 2356 χειμαζομένων,
3455 2287 3724 2359 αὐτόχει-

2125 2388 2217 2444 ρες
2245 2374 2336 2426 τὸν
2358 2374 2555 2443 φόρτον
2584 2375 2681 2427 σὺν
2712 2375 2916 2444 τιμίοις
2965 2376 3074 2429 τῶν
3104 2378 3408 2448 κειμηλίων
3437 2381 3579 2434 κατὰ
3613 2381 3719 2434 τοῦ

2127 2463 2287 2531 βυθοῦ
2318 2462 2685 2526 ἀκοντίζουσι,
2715 2464 2977 2535 δευτέραν
3012 2467 3113 2537 τῆς
3155 2469 3501 2541 προσκαίρου
3554 2469 3713 2541 ζωῆς

2123 2555 2222 2624 τὴν
2245 2552 2479 2624 ὓπαρξιν
2513 2553 2823 2625 κρίναντες,
2851 2556 2938 2610 ἵνα
2971 2557 3048 2628 μὴ
3077 2559 3407 2633 κινδυνεύσῃ
3434 2562 3495 2615 τὸ
3523 2563 3716 2616 πλοῖον

2125 2644 2202 2714 τῷ
2223 2643 2376 2714 βάρει
2402 2643 2495 2697 τοῦ
2524 2645 2723 2716 φόρτου
2748 2648 3170 2719 καταδυόμενον.
3201 2652 3273 2705 Σὺ
3298 2652 3357 2705 δὲ
3390 2654 3723 2725 μακαρίζων

2126 2734 2253 2796 τοὺς
2275 2733 2844 2805 πραγματευομένους
2871 2736 2972 2807 τὴν
3009 2738 3249 2808 αίώνιον,
3288 2743 3384 2795 καὶ
3416 2743 3725 2812 ἀτελεύτη-

2138 2844 2229 2879 τον
2266 2824 2433 2897 ζωὴν,
2488 2827 2640 2880 οὐδὲν
2684 2827 2861 2892 Θέλεις
2915 2830 3148 2886 πλούτου
3210 2835 3550 2903 μεταδιδόναι
3601 2839 3723 2900 τοῖς

447 2908 701 2978 gentibus
730 2906 1128 2969 communicas,
1156 2905 1253 2960 sed
1283 2905 1465 2974 potius
1499 2920 1605 2958 una
1635 2921 1759 2961 eum
1784 2906 2024 2977 pondere

2135 2916 2456 2988 κρῄξουσινο
2510 2917 2628 2971 ἀλλ’
2687 2919 2821 2991 αἱρῇ
2887 2921 3090 2990 μᾶλλον
3146 2925 3541 2981 συναπολέσθαι
3601 2929 3721 3003 τοῖς

444 3001 726 3055 immensa:
765 2996 1091 3052 substantiae
1132 2995 1287 3067 perdi
1339 2995 1445 3059 vis,
1488 3010 1654 3064 quam
1692 2996 1913 3062 salvari,
1965 2998 2028 3051 il-

446 3090 557 3146 lius
593 3089 680 3144 vel
736 3086 896 3159 25.7
957 3086 1182 3141 minima
1234 3096 1388 3155 parte
1434 3098 1810 3154 exoneratus;
1859 3105 2030 3159 quare

447 3180 594 3251 apud
626 3186 679 3235 te
711 3194 819 3234 non
859 3193 980 3232 eam
1010 3178 1121 3232 vim
1158 3177 1325 3231 habet
1368 3177 1463 3231 Dei
1508 3180 1692 3244 timor,
1744 3195 1909 3249 quam
1941 3180 2027 3235 ni-

448 3272 747 3329 hilominus
775 3271 936 3326 timor
964 3270 1134 3323 maris
1167 3270 1430 3323 incussit?

636 3361 892 3418 CXLVII.
932 3390 1003 3401 —
1030 3359 1327 3415 SILVANO
1356 3358 1841 3416 PRESBYTERO.

525 3474 543 3507 ι
589 3454 647 3508 Si
674 3454 849 3510 cmlos
874 3467 1073 3521 novos,
1104 3461 1160 3509 et
1186 3461 1388 3508 terram
1413 3467 1634 3516 novam,
1660 3453 1739 3506 uti
1775 3452 2031 3507 Christus

447 3545 727 3616 promisit,
759 3551 1172 3615 exspectamus,
1199 3544 1255 3600 in
1289 3545 1495 3614 quibus
1522 3544 1744 3613 justitia
1770 3546 2031 3599 immuta-

447 3637 577 3693 bilis
601 3636 658 3690 in
677 3636 879 3691 saecula
903 3620 1245 3704 sempiterna
1289 3636 1662 3700 exercetur”,
1699 3654 1719 3686 ι
1741 3635 2028 3705 nobisque,

446 3724 560 3793 jam
585 3739 652 3777 ex
690 3723 945 3777 manibus
982 3723 1224 3777 hostium
1259 3723 1528 3789 liberatis,
1575 3724 1913 3779 concedetur
1940 3725 2032 3781 in-

448 3813 683 3882 trepide,
718 3820 774 3866 et
795 3812 1166 3868 indesinenter
1195 3814 1308 3869 Deo
1336 3815 1547 3870 servire
1579 3815 1635 3869 in
1693 3816 1916 3885 pietate,
1972 3826 2028 3872 et

445 3904 683 3976 iustitia,
710 3912 763 3958 et
789 3904 989 3974 gaudio
1025 3904 1404 3970 inenarrabili,
1434 3916 1489 3960 et
1511 3906 1684 3975 gloria
1722 3907 2029 3977 inexplica-

449 3996 579 4060 bili,
610 4011 846 4065 quanam
886 3996 1003 4066 ipse
1052 3997 1270 4052 ratione
1305 4013 1503 4054 rursus
1533 3997 1717 4053 denuo
1771 4000 2027 4056 timorem

450 4086 754 4153 hominum,
788 4102 853 4141 ac
886 4086 1196 4143 daemonum
1238 4089 1312 4143 ibi
1343 4105 1489 4154 esse,
1535 4098 1592 4144 et
1643 4091 2028 4160 mutationem,

449 4187 504 4231 et
534 4178 771 4246 lapsum,
789 4185 843 4231 et
869 4168 1177 4247 peccatum,
1196 4188 1250 4233 et
1271 4181 1765 4248 perturbationem,
1792 4189 1847 4237 et
1874 4182 2030 4238 simi-

450 4268 521 4321 lia
554 4266 761 4321 doces?

592 4370 921 4427 CCXLVIII.
940 4402 1010 4412 -—
1033 4372 1343 4429 DAMIANO
1381 4374 1878 4432 MAGISTRIANO.

520 4462 874 4532 Compertum
926 4463 1059 4517 mihi
1107 4472 1213 4528 est,
1252 4474 1305 4520 te
1333 4466 1560 4521 credere
1614 4467 1908 4522 Dominum
1936 4482 2031 4522 su—

450 4567 647 4625 perum
670 4559 726 4605 et
755 4551 1039 4605 caelestem
1092 4551 1321 4616 habere,
1366 4555 1638 4623 enixeque
1691 4555 2027 4621 incumbere,

449 4655 512 4702 ut
542 4645 690 4699 illius
720 4644 1080 4701 humanitatis
1120 4648 1395 4717 particeps
1422 4650 1541 4703 tias.
1573 4648 1631 4703 Si
1662 4652 1848 4719 itaque
1874 4664 2025 4715 aves,

404 4738 409 4743 ’
448 4744 721 4805 optasque
756 4733 853 4788 tibi
898 4733 1189 4789 Dominum
1223 4737 1335 4792 tuis
1383 4738 1623 4792 miseriis
1674 4739 2025 4806 commoveri,

448 4834 649 4884 estoet
675 4835 733 4880 tu
772 4826 828 4880 in
860 4841 1050 4883 servos
1082 4835 1211 4882 tuos
1241 4828 1577 4883 misericors.

661 4916 893 4974 CXLIX.
916 4948 986 4957 —
1013 4917 1302 4975 PAPISCO
1334 4919 1839 4977 USCORODULIS.

525 5011 564 5067 Ii
595 5013 765 5079 servi,
796 5013 890 5082 qui
922 5014 1163 5083 legitime
1188 5015 1408 5071 carneis
1431 5014 1673 5070 dominis
1711 5018 2031 5072 servitutem

453 5106 726 5169 serviunt,
770 5105 1079 5160 mercedem
1130 5121 1161 5159 a
1238 5106 1347 5162 Deo
1398 5108 1688 5177 accipient.
1740 5108 1844 5173 Qui
1902 5123 2034 5163 vero

454 5212 551 5253 eos
606 5196 910 5266 negligunt,
953 5204 1007 5252 et
1038 5205 1423 5262 contemnunt,
1489 5208 1546 5252 et
1582 5201 1931 5269 superbiunt,
1972 5208 2027 5255 et

448 5287 780 5350 ministerio,
827 5287 908 5341 uti
947 5302 1048 5356 par
1079 5297 1185 5351 est,
1238 5289 1480 5343 animum
1544 5305 1653 5345 non
1711 5291 2022 5356 advertunt,

450 5373 699 5443 profecto
730 5375 808 5427 illi
833 5390 1027 5444 poenas
1063 5375 1258 5442 luent;
1288 5383 1504 5431 tantum
1529 5377 1706 5444 abest,
1745 5386 1804 5434 ut
1846 5393 1877 5434 a
1915 5380 2024 5434 Deo

450 5465 610 5519 bonis
639 5463 963 5520 aﬂiciantur.

522 5578 590 5609 ³⁸⁸
612 5575 802 5631 Matth.
826 5593 899 5642 vi,
925 5577 980 5630 ‘2.
1057 5579 1101 5611 ’⁷
1134 5578 1174 5632 ll
1197 5576 1343 5636 Petr.
1376 5594 1461 5645 ιιι,
1496 5580 1584 5634 I5.

2131 3013 2374 3082 φορτίοις
2429 3012 2531 3081 τῆς
2583 3012 2786 3083 πολλῆς
2845 3015 3221 3080 ὑποστάσεως,
3275 3019 3421 3089 ἥπερ
3477 3019 3721 3090 σωθῆναι

2129 3100 2334 3172 ταύτης
2367 3103 2468 3157 κᾶν
2505 3104 2667 3173 μέρον
2699 3103 2831 3170 γοῦν
2870 3105 3408 3175 ἀποσκευαζόμενος,
3443 3109 3538 3161 καὶ
3565 3109 3723 3161 διατὶ

2131 3187 2283 3258 παρά
2315 3188 2397 3240 σοὶ
2425 3189 2526 3241 οὐκ
2562 3188 2736 3258 ίσχύει
2767 3191 2932 3259 φόϐος
2965 3192 3124 3260 Θεοῦ,
3156 3194 3282 3249 ὅσον
3338 3195 3514 3266 ἰσχύει
3549 3199 3584 3268 ἡ
3615 3198 3723 3268 τῆς

2133 3275 2409 3346 θαλάσσης
2442 3278 2607 3345 φόϐος
2626 3295 2642 3341 ;

2345 3368 2518 3420 ΣΜΖ’.
2545 3398 2610 3408 -—
2646 3369 2963 3441 ΣΥΛΒΑΝῼ
2991 3372 3462 3447 ΠΡΕΣΒΥΤΕΡῼ.

2208 3479 2228 3512 ι
2268 3462 2331 3514 El
2379 3462 2641 3531 οὐρανοὺς
2685 3464 2925 3529 καινοὺς,
2969 3464 3065 3516 καὶ
3120 3466 3224 3537 γῆν
3261 3468 3453 3540 καινὴν
3479 3471 3622 3524 κατά
3655 3473 3727 3527 τὸ

2132 3551 2455 3621 ἐπάγγελμα
2479 3552 2573 3605 τοῦ
2600 3552 2835 3623 Χριστοῦ
2872 3556 3282 3628 προσδοκῶμεν,
3316 3562 3375 3613 ὲν
3425 3555 3508 3624 οἷς
3536 3561 3725 3617 δικαι-

2132 3643 2297 3711 οσύνη
2328 3643 2598 3714 ἄτρεπτος
2629 3644 2971 3698 πολιτεύεται
2991 3649 3071 3711 εἰς
3087 3648 3429 3719 ἀπεράντους
3454 3652 3715 3717 αίῶνας,»

2133 3734 2227 3787 καὶ
2299 3734 2585 3805 δοθήσεται
2651 3736 2782 3807 ἡμῖν
2839 3738 3061 3807 ἀφόὸως
3117 3741 3182 3792 ὲκ
3249 3740 3434 3811 χειρὸς
3482 3742 3721 3813 ⁴ἐχθρῶν

2135 3826 2432 3898 ῥυσθέντας
2460 3827 2743 3899 λατρεύειν
2768 3828 2846 3899 τῷ
2865 3828 2985 3899 Θεῷ
3008 3830 3450 3893 ἀκαταπαύστως
3476 3834 3535 3885 ὲν
3572 3834 3723 3887 ὁσιόι-

2133 3937 2276 3991 τητι,
2323 3920 2419 3973 καὶ
2478 3918 2815 3992 δικαιοσύνῃ,
2861 3920 2956 3974 καὶ
3004 3921 3152 3992 χαρᾷ
3204 3919 3575 3993 ἀνεκλαλήτῳ,
3620 3926 3725 3978 καὶ

2131 4009 2257 4081 δόξῃ
2284 4010 2670 4081 άνεκφράστῳ,
2711 4011 2831 4074 πῶς
2855 4011 3020 4072 αὐτὸς
3048 4010 3325 4074 διδάσκεις
3356 4013 3518 4067 πάλιν
3548 4014 3721 4084 φόϐον

2142 4104 2468 4175 ἀνθρώπων,
2502 4105 2599 4158 καὶ
2626 4103 2897 4173 δαιμόνων
2927 4102 3198 4173 ὑπάρχειν
3230 4103 3431 4169 ἐκεῖσε,
3467 4104 3562 4158 καὶ
3585 4122 3721 4175 τρο-

2135 4196 2262 4265 πὴν,
2304 4195 2398 4248 καὶ
2432 4194 2726 4257 ἔκπτωσιν,
2767 4193 2861 4245 καὶ
2887 4191 3185 4263 ἁμαρτίαν,
3220 4192 3317 4245 καὶ
3338 4192 3408 4245 τά
3444 4193 3607 4263 ὲξῆς;

2367 4379 2548 4433 ΣΜΗ’.
2567 4407 2639 4417 —
2658 4376 2967 4448 ΔΑΜΙΑΝῼ
2992 4376 3484 4449 ΜΑΓΙΣΤΡΙΑΝῼ.

2207 4465 2337 4524 Οἶδα
2379 4470 2460 4523 ὅτι
2513 4467 2790 4531 πιστεύεις
2832 4469 3112 4538 Δεσπότην
3170 4467 3492 4538 ἐπουράνιον
3544 4468 3714 4537 ἔχειν,

2135 4562 2231 4615 καὶ
2250 4560 2393 4615 πάνυ
2433 4558 2740 4631 φροντίζεις
2789 4559 2891 4629 τῆς
2931 4560 3062 4631 παρ’
3104 4559 3268 4613 αὑτοῦ
3301 4559 3717 4629 φιλανθρωπίας

2134 4651 2454 4722 ἀξιωθῆναι.
2497 4649 2561 4703 El
2605 4648 2700 4705 οῦν
2730 4650 3019 4721 ἐπιθυμεῖς
3078 4649 3453 4721 εῦσπλαγχνον
3491 4650 3622 4721 περὶ
3653 4652 3717 4704 σὲ

2134 4744 2386 4814 γενέσθαι
2454 4743 2546 4797 τὸν
2606 4743 2833 4814 Κύριον,
2892 4743 3270 4817 εῦσπλαγχνος
3313 4746 3409 4799 καὶ
3444 4746 3510 4799 σὺ
3542 4746 3703 4816 γένου

2133 4836 2261 4906 περὶ
2292 4834 2418 4896 τοὺς
2451 4833 2669 4895 οἰκέτας
2703 4849 2821 4885 σου.

2300 4927 2474 4979 ΣΜΔ’.
2489 4955 2558 4964 -
2575 4925 2886 4996 ΠᾹΠΙΣΚῼ
2907 4925 3263 4980 ΩΣΚΟΡΩΔΟ
3276 4926 3499 4980 ΥΛΟΙΣ.

2206 5016 2362 5070 Ὅσοι
2412 5016 2521 5069 τῶν
2554 5014 2756 5069 δούλων
2795 5016 3039 5087 γνησίως
3075 5019 3190 5080 τοῖς
3222 5017 3364 5071 κατά
3401 5018 3579 5088 σάρκα
3615 5035 3716 5071 κυο

2138 5108 2275 5178 ρίοις
2329 5106 2697 5170 δουλεύουσι,
2749 5105 2903 5177 παρά
2952 5106 3090 5160 Θεοῦ
3134 5107 3236 5178 τὴν
3284 5108 3721 5178 μισθαποδοσίαν

2138 5194 2473 5265 κομιοῦνται.
2509 5195 2664 5248 Ὅσοι
2722 5195 2780 5247 δὲ
2810 5195 3095 5265 ἀμελοῦσι,
3131 5197 3228 5250 καὶ
3283 5199 3716 5269 καταφρονοῦσι,

2136 5287 2229 5340 καὶ
2266 5284 2698 5350 ἀλαζονεύονται,
2738 5286 2834 5339 καὶ
2878 5286 3136 5341 ὀκνοῦσιν
3171 5278 3717 5359 ἐξυπηρετήσασθσι

2137 5375 2542 5447 προσηκόντως,
2568 5376 2723 5444 δῆλον
2749 5376 2851 5439 ὅτι,
2881 5378 3019 5447 μετὰ
3041 5376 3134 5430 τοῦ
3171 5378 3340 5448 μηδὲν
3368 5379 3574 5449 ἀγαθὸν
3616 5380 3717 5435 λα-

2138 5464 2250 5521 ϐεῖν
2284 5466 2433 5534 παρὰ
2452 5466 2543 5518 τοῦ
2561 5465 2717 5533 Θεοῦ,
2751 5468 2846 5522 καὶ
2876 5469 3379 5540 τιμωρηθήσονται.
