3888 6040
126 301 228 364 39.9

422 397 622 461 mi-
646 406 966 461 ΔΙΟΜΗΔΕΙ
998 405 1371 475 ΟΙΚΟΝΟΜῼ.

193 504 353 565 Ἴσως
384 501 485 571 τὴν
522 500 742 571 Γραφὴν
783 501 881 553 οὐκ
932 500 1170 565 ἀνέγνως
1196 498 1289 568 τὴν
1316 497 1577 564 λέγουσαν
1609 495 1671 546 ὲκ

125 593 411 666 προσώπου
430 592 523 646 τοῦ
550 591 705 657 Θεοῦ,
727 591 807 644 ὅτι
844 610 861 643 ι
905 591 1015 660 Ἐφ’
1037 589 1181 654 ἅπαξ
1196 588 1303 657 ἐγὼ
1321 587 1480 641 σείσω
1498 587 1558 639 ού
1581 585 1675 655 μό-

125 705 211 743 νον
234 688 335 757 τὴν
356 686 479 757 γῆν,
499 685 634 740 ἀλλὰ
655 687 745 740 καὶ
771 686 864 739 τὸν
885 687 943 738 ού
953 685 1106 755 ρανόν
1121 700 1133 713 ο
1166 704 1184 736 ι
1219 685 1354 754 ὅπερ
1374 685 1402 737 ό
1432 682 1677 735 Ἀπόσιτο-

124 779 211 842 λος
240 776 554 849 ἑρμηνεύων
578 778 785 848 εἴρηκεο
815 794 835 829 ι
863 776 933 829 Τὸ
961 775 1036 837 δὲ,
1059 775 1178 827 Ἔτι
1200 772 1363 838 ἅπαξ,
1392 772 1540 843 δηλοῖ
1568 770 1675 824 τῶν

125 856 493 942 σαλευομένων
535 869 821 940 μετάθεσιν
855 870 931 931 ὡς
969 866 1366 936 πεποιημένων,
1410 867 1498 919 ἵνα
1520 864 1678 939 μείνῃ

123 966 192 1019 τὰ
224 964 298 1036 μὴ
320 963 670 1033 σαλευόμενα.
696 981 714 1013 ι
748 961 854 1014 Καὶ
875 961 902 1012 ό
919 962 1203 1031 Προφήτης
1220 959 1371 1030 φησί⁹
1397 976 1414 1010 ι
1442 959 1551 1010 Καὶ
1570 957 1678 1027 γὰρ

126 1058 434 1129 κατόρθωσε
466 1057 666 1127 Κύριος
685 1056 781 1126 τὴν
809 1054 1149 1123 οἰκουμένην,
1181 1053 1301 1122 ἥτις
1326 1051 1387 1104 οὐ
1419 1050 1678 1119 σαλευθή-

126 1166 299 1203 σεται.
330 1150 390 1201 Ei
412 1146 592 1199 τοίνυν
612 1145 759 1197 ταῦθ’
794 1142 963 1203 οὕτως
988 1142 1162 1205 ἕσται,
1197 1142 1391 1211 μηκέτι
1432 1138 1568 1209 μετὰ
1590 1137 1681 1190 τὸν

126 1241 421 1294 ἀσάλευτον
454 1238 623 1291 αἰῶνα
645 1236 733 1289 τὸν
763 1234 1045 1307 μέλλοντα,
1088 1233 1384 1304 προσδόκα,
1414 1231 1509 1283 καὶ
1543 1245 1679 1299 φαν-

124 1332 293 1395 τάζου
332 1329 645 1402 μεταϐολὰς,
687 1330 778 1381 καὶ
810 1325 1037 1396 τροπὰς,
1070 1325 1163 1377 καὶ
1191 1320 1558 1385 ἀποπτώσεις,
1589 1321 1685 1375 κει.)⁸

124 1422 558 1492 δεισιδαιμονίας,
589 1420 681 1474 καὶ
707 1420 915 1482 δουλίας
946 1417 1265 1489 ἀνθρώπων,
1290 1415 1382 1469 καὶ
1408 1415 1475 1467 τὰ
1507 1430 1684 1482 παρα-

128 1517 355 1586 πλήσια.

387 1607 554 1663 ΣΝΑσ.
573 1603 1014 1675 -ΖΩΣΙΜΙΑΝῼ
1041 1600 1431 1670 ΑΝΘΥΠΑΤῼ.

201 1699 445 1760 ’Δνωθεν
459 1697 523 1752 τὸ
551 1694 827 1768 συμφέρον
852 1694 983 1765 ἡμῖν
1012 1696 1039 1746 ὁ
1063 1692 1193 1755 Θεὸς
1222 1690 1583 1788 ἐπιστάμενος
1607 1687 1687 1749 είς
1720 1734 1762 1788 Β

126 1792 406 1865 δύο-βίους
437 1791 595 1846 διεῖλε
628 1789 697 1842 τὰ
737 1786 1069 1858 ἀνθρώπινα,
1115 1783 1195 1845 εἷς
1225 1799 1285 1835 τε
1309 1780 1398 1834 τὸν
1441 1778 1684 1848 παρόντα

129 1886 344 1954 τοῦτον,
374 1885 467 1939 καὶ
494 1884 573 1947 είς
599 1882 690 1936 τὸν
745 1880 1024 1951 μέλλοντα,
1051 1871 1125 1928 ὧν
1178 1874 1268 1927 τὸν
1314 1872 1411 1945 μὲν
1442 1870 1687 1940 παρόντα

130 1980 273 2051 πρὸς
305 1977 535 2050 μάθησιν
563 1975 855 2043 ἀναγκαῖον
884 1971 1051 2025 θέλων
1079 1968 1248 2033 δεῖξαι
1273 1967 1385 2027 τοῖς
1426 1962 1682 2031 λογικοῖς,

130 2073 388 2143 θλίψεως,
418 2070 512 2123 καὶ
538 2068 711 2137 λύπης
745 2065 958 2136 γέμειν,
988 2062 1081 2115 καὶ
1106 2060 1297 2128 ὀδύνης
1344 2056 1642 2126 πεποίηκεν
1672 2069 1686 2084 ο

130 2164 324 2234 ἐπειδὴ
361 2163 509 2214 πᾶσα
550 2158 784 2230 μάθησίς
813 2174 893 2223 τε,
928 2156 1021 2208 καὶ
1060 2153 1338 2213 παίδευσις
1384 2147 1692 2220 προσούσας

131 2256 250 2325 ἔχει
277 2255 380 2317 τὰς
401 2252 594 2316 λύπας,
630 2253 723 2305 καὶ
769 2249 1083 2318 ἀλγηδόνας,
1124 2244 1190 2298 δι’
1219 2238 1291 2297 ὧν
1331 2238 1694 2311 σωφρονέστε-

137 2348 220 2417 ροί
249 2345 442 2411 raptat
468 2342 704 2414 βελτίους
730 2340 933 2395 ἑαυτῶν
947 2339 996 2392 οἱ
1027 2336 1402 2405 παιδευόμενοι
1432 2332 1688 2399 γίνονται.

132 2433 385 2487 Διδάσκει
438 2432 533 2502 μὲν
562 2430 716 2485 τοῦτο
740 2430 886 2499 ἡμᾶς
926 2427 1021 2481 καὶ
1045 2428 1076 2497 ἡ
1106 2428 1267 2495 πείρα
1290 2421 1399 2476 τῶν
1432 2419 1694 2492 πραγμά-

132 2541 246 2577 των
276 2522 483 2589 σαφῶς,
522 2521 613 2589 ἀφ’
641 2513 716 2575 ὧν
739 2520 938 2581 πάντες
964 2516 1233 2588 ἐπιμελῶς
1264 2516 1416 2584 ἄγειν
1450 2512 1697 2584 βουλόμε-

134 2633 218 2668 νοι
266 2616 394 2677 τοὺς
438 2614 633 2675 παῖδας
686 2614 808 2674 τοὺς
861 2609 1089 2672 ἑαυτῶν,
1145 2610 1280 2677 μετὰ
1340 2606 1540 2673 πολλῆς
1599 2604 1695 2672 μὲν

136 2705 456 2775 συντριόῆς,
505 2702 702 2770 πολλῆς
730 2701 785 2754 δὲ
827 2701 1018 2767 ἄγουσι
1057 2700 1153 2769 τῆς
1206 2695 1595 2765 ταλαιπωρίας,
1625 2692 1697 2754 ὼς

135 2797 206 2850 ἂν
240 2797 299 2848 ὲν
342 2792 622 2864 μαθήμασί
649 2810 727 2855 τε,
751 2793 853 2844 ,καὶ
882 2789 1155 2844 παιδεύσει
1185 2788 1396 2855 δόκιμοι
1419 2786 1698 2854 γεγονότες

136 2887 285 2941 κατὰ
320 2886 507 2957 καιρὸν
533 2886 806 2955 δυνηθεῖεν
838 2883 943 2936 τῶν
973 2883 1145 2934 πόνων
1188 2881 1390 2933 τούτων
1439 2877 1694 2942 δέξασθαι

137 2978 269 3040 τοὺς
313 2974 577 3046 καρπούς.
610 2976 766 3045 Δηλοί
788 2975 845 3027 δὲ
874 2975 966 3027 καὶ
996 2975 1023 3026 ὁ
1055 2973 1207 3041 ἆγιος
1240 2971 1468 3036 Παῦλος,
1500 2970 1696 3036 λέγων’

1292 281 1841 348 EPISTULARUM.
1882 283 2025 342 LIB.
2069 281 2149 342 II.

3215 275 3317 337 330

1977 398 2140 469 21,3
2177 394 2323 451 CCL.
2353 425 2420 434 -
2451 373 2722 448 nionem
2753 373 3134 449 οιῖιιοΝοιιο.

1847 489 1999 544 [laud
2033 494 2166 553 scio,
2206 504 2274 542 an
2308 491 2642 559 scripturam
2695 487 3055 559 percurrcris,
3106 502 3167 539 ex
3205 501 3325 555 per-

1775 598 1908 637 sona
1933 581 2023 636 Dei
2058 580 2324 636 dicentem
2358 599 2369 633 :
2409 600 2425 632 ι
2464 578 2653 633 Adhuc
2692 578 2878 641 semel,
2917 585 2968 631 et
2995 591 3094 646 ego
3123 591 3325 630 concu-

1777 675 1905 729 tiam
1938 690 2043 727 non
2094 682 2303 727 tantum
2338 683 2561 737 terram,
2612 671 2705 727 sed
2759 669 3047 733 omium”,
3089 686 3108 719 ι
3174 678 3229 723 et
3273 669 3326 721 id

1774 766 2068 836 Apostolus
2087 781 2362 836 exponens
2394 766 2561 819 dixit:
2589 784 2605 815 ι
2630 763 2787 828 Illud,
2807 763 2997 818 Adhuc
3020 761 3209 825 semel,
3233 762 3329 816 di:-

1777 860 1948 913 clarat
1969 858 2253 913 mobilium
2286 858 2698 913 translationem
2736 866 2996 925 tanquam
3040 853 3327 914 factorum.

1779 961 1837 1005 ut
1869 960 2182 1006 remaneant
2204 965 2287 1011 ea.
2314 967 2431 1019 qua:
2460 959 2588 1006 sunt
2612 948 2910 1004 immobilia
2932 947 2998 1000 9°.
3027 965 3045 997 ι
3066 944 3332 1015 Propheta

1779 1054 2038 1113 praeterea
2070 1045 2185 1097 ait:
2227 1062 2244 1094 ι
2280 1044 2485 1097 Etenim
2544 1041 2770 1112 perfecit
2798 1038 3059 1094 Dominus
3098 1047 3332 1099 terram,

1780 1151 1899 1206 quae
1930 1152 2034 1190 non
2065 1134 2549 1190 commovebitur‘.
2591 1153 2609 1184 ι
2661 1132 2783 1187 Haec
2842 1134 3027 1201 itaque
3072 1131 3120 1184 si
3179 1131 3252 1184 ita
3278 1146 3335 1183 se

1783 1228 2002 1287 habent.
2025 1243 2092 1283 ne
2117 1236 2239 1297 post
2278 1227 2536 1283 saeculum
2571 1225 2812 1280 futurum
2849 1225 3012 1295 idque
3037 1223 3334 1278 inconcus-

1784 1336 1925 1386 sum,
1957 1322 2305 1383 mutationes,
2364 1330 2415 1375 et
2466 1318 2893 1384 vicissitudines,
2958 1325 3012 1372 et
3049 1332 3233 1381 casus,
3284 1326 3338 1371 et.

1786 1412 2107 1473 infortunia,
2140 1421 2194 1466 et
2225 1411 2517 1467 servitutes
2546 1411 2850 1478 hominum,
2881 1421 3041 1481 atque
3065 1412 3149 1468 his
3180 1410 3335 1467 simi-

1788 1504 1858 1558 lia
1888 1513 2163 1573 exspecta,
2189 1513 2241 1557 et
2274 1503 2371 1556 tibi
2398 1503 2581 1556 animo
2613 1512 2963 1572 reprmsenta.

1957 1593 2128 1648 CCLI.
2160 1622 2228 1634 ——
2258 1592 2642 1651 ZOSIMIANO
2684 1592 3141 1650 PROCONSULI.

1859 1686 1995 1741 Cum
2027 1686 2263 1757 desuper
2297 1684 2442 1743 Deus
2476 1686 2634 1742 nobis
2662 1685 3027 1742 conducibilia
3066 1685 3203 1741 satis
3231 1686 3342 1739 cal-

1789 1780 1941 1840 leret.
1981 1795 2066 1834 res
2092 1779 2362 1836 humanas
2391 1780 2446 1835 in
2479 1780 2750 1850 duplicem
2780 1779 2945 1833 vitam
2978 1778 3209 1847 partitus
3236 1789 3340 1841 est,

1787 1870 1841 1924 in
1876 1878 2192 1940 praesentem
2228 1870 2369 1925 hanc
2392 1871 2647 1928 videlicet
2692 1881 2746 1926 et
2788 1870 3026 1925 futuram
3055 1886 3071 1935 ;
3107 1868 3344 1938 dumque

1788 1972 2107 2031 przesentem
2131 1962 2195 2016 ad
2226 1962 2546 2034 disciplinas
2568 1952 2961 2033 cemparandas
2983 1961 3345 2018 necessariam

1788 2068 1909 2108 esse
1935 2053 2063 2116 illis,
2097 2053 2189 2123 qui
2223 2054 2451 2109 rationis
2507 2064 2784 2124 compotes
2844 2061 2993 2118 sunt,
3042 2062 3347 2107 monstrare

1790 2145 1988 2209 vellet,
2028 2144 2316 2199 alllictione
2353 2161 2696 2215 mmroreque
2742 2155 2796 2201 et
2848 2146 3034 2201 labore
3076 2146 3344 2215 oppletam

1791 2251 1914 2292 esse
1945 2237 2222 2292 decrevit:
2255 2251 2595 2307 quascunque
2623 2238 2821 2292 etenim
2863 2236 3153 2305 disciplina
3186 2245 3349 2305 atque

1794 2329 2082 2384 instructio
2142 2329 2359 2385 innatas
2422 2330 2527 2386 sibi
2582 2341 2636 2384 et
2696 2329 2987 2386 maestitiae
3036 2337 3091 2384 et
3134 2329 3349 2383 dolores

1795 2421 1975 2487 habet,
2016 2438 2111 2492 per
2148 2438 2268 2491 quae
2300 2422 2703 2493 prudentiores,
2724 2436 2890 2492 seque
2916 2422 3050 2492 ipsis
3077 2422 3347 2480 meliores.

1794 2515 1885 2585 qui
1918 2516 2282 2579 instruuntur,
2316 2516 2569 2570 evadunt.
2600 2514 2654 2568 Id
2696 2529 2823 2569 vero
2872 2515 3209 2584 experientia
3263 2528 3349 2567 re-

1795 2624 1914 2662 rum
1946 2608 2237 2662 manifesto
2267 2624 2367 2664 nos
2397 2608 2653 2663 admonet
2680 2624 2693 2671 ;
2723 2609 2921 2677 quippe
2938 2610 3030 2677 qui
3062 2607 3191 2661 dum
3214 2606 3351 2660 ﬁlios

1797 2710 2016 2756 nostros
2059 2701 2346 2770 diligenter
2386 2700 2606 2755 educari
2646 2700 3013 2769 percupimus,
3049 2700 3217 2753 multa
3257 2715 3352 2753 eos

1797 2808 1921 2846 cum
1955 2793 2254 2855 attritione,
2292 2792 2589 2859 multisque
2624 2792 2869 2846 laborum
2907 2791 3352 2861 perpessionibus

1798 2885 2115 2946 educamus.
2144 2885 2275 2939 utin
2311 2885 2617 2954 disciplinis
2645 2893 2811 2954 atque
2844 2884 3181 2938 institutione
3205 2900 3353 2937 coni-

1799 2976 2038 3048 probati,
2096 2975 2259 3048 249
2292 2992 2392 3031 suo
2436 2985 2672 3046 tempore
2719 2977 2961 3030 laborum
2998 2974 3210 3030 fructus
3258 2975 3355 3029 de-

141 3088 161 3121 r
188 3070 351 3122 Πᾶσα
382 3067 441 3119 δὲ
473 3066 688 3120 παιδεία
729 3065 863 3136 πρὸς
908 3064 1006 3134 μὲν
1032 3064 1093 3115 τὸ
1122 3062 1292 3132 παρὸν
1320 3061 1381 3113 οὐ
1419 3061 1564 3114 δοκεῖ
1597 3078 1698 3130 χα-

1806 3077 2044 3139 cerpant.
2080 3068 2263 3123 innuit
2290 3084 2453 3139 porro
2495 3069 2548 3125 id
2589 3071 2727 3125 idem
2772 3080 2827 3125 et
2872 3080 3095 3126 sanctus
3153 3070 3355 3125 Paulus

141 3160 247 3229 ρᾶς
275 3154 438 3218 εἶναι,
474 3156 608 3209 ἀλλὰ
634 3153 832 3225 λύπης,
866 3152 1087 3223 ὕστερον
1111 3152 1167 3205 δὲ
1199 3152 1408 3223 καρπὸν
1430 3151 1702 3223 εἰρηνικὸν

134 3252 261 3313 τοῖς
287 3250 356 3303 δι’
389 3250 557 3318 αὐτῆς
600 3246 1067 3316 γεγυμνασμένοις
1109 3244 1393 3297 ἀποδίδωσι
1431 3243 1704 3297 δικαιοσύ-

138 3358 246 3409 νης
266 3356 281 3370 ⁸
312 3360 329 3393 ι
361 3339 443 3408 ἐφ’
471 3334 550 3402 οἷς
573 3339 636 3409 δὴ
667 3340 760 3390 καὶ
786 3338 931 3408 ἡμᾶς
958 3335 1221 3388 διδάσκων
1245 3332 1351 3385 τῶν
1368 3349 1426 3384 τε
1449 3331 1703 3402 λυπηρῶν

138 3435 242 3487 καὶ
267 3433 375 3486 τῶν
400 3432 631 3502 ἀνιαρῶν
662 3430 778 3501 μεθ’
798 3429 989 3499 ἡδονῆς
1013 3425 1321 3496 ἀνέχεσθαι,
1354 3425 1485 3493 πρὸς
1505 3422 1706 3493 ἀγαθόν

137 3545 194 3580 τι
225 3524 377 3588 τέλος
418 3524 786 3592 ὲξαγαγόντων
820 3523 987 3592 ἡμᾶς,
1011 3516 1221 3590 γράψει’
1245 3533 1259 3548 ⁸
1291 3536 1308 3568 ί
1338 3517 1453 3581 Υίέ.
1474 3535 1597 3586 μουν
1631 3516 1706 3585 μὴ

138 3615 404 3685 ὀλιγώρει
448 3615 689 3677 παιδείας
737 3612 960 3683 Κυρίου.
994 3611 1125 3682 μηδὲ
1176 3608 1371 3678 ἐκλύου
1415 3609 1505 3662 ὑπ’
1546 3606 1706 3660 αὐτοῦ

143 3708 530 3778 ἐλεγχόμενος,
555 3707 613 3760 ὃν
644 3707 750 3775 γὰρ
790 3706 977 3775 ἀγαπᾷ
1019 3702 1243 3773 Κύριος,
1294 3700 1557 3759 παιδεύει,
1605 3718 1708 3769 μα-

146 3800 331 3865 στιγοῖ
359 3797 415 3849 δὲ
447 3796 622 3849 πάντα
656 3796 790 3857 υἱὸν,
819 3795 877 3847 ὃν
900 3792 1279 3864 παραδέχεται.
1312 3792 1402 3855 Εἰς
1459 3792 1707 3844 παιδείαν

150 3889 476 3959 ὑπομένετε,
503 3908 521 3941 ι
554 3888 645 3940 καὶ
675 3889 741 3939 τὰ
766 3886 910 3954 ἑξῆς.

440 4084 603 4137 ΣΝΒ’.
623 4113 688 4123 --
714 4082 1072 4152 ΔΡΟΥΣΙΙΝῼ
1113 4082 1431 4134 ΑΡΧΟΝἸΊ.

225 4174 290 4225 Οἱ
315 4172 413 4241 μὲν
451 4170 712 4239 νομίμως,
746 4171 838 4221 καὶ
873 4171 1015 4223 κατὰ
1042 4172 1130 4222 τὸν
1162 4171 1254 4222 τοῦ
1309 4171 1516 4223 δικαίου
1551 4172 1710 4239 λόγον

152 4264 255 4315 σὺν
281 4261 409 4330 θείῳ
426 4261 572 4329 φόϐῳ
600 4260 854 4330 ἄρχοντες
882 4262 988 4313 τῶν
1017 4248 1485 4329 ὑποτεταγμένων,
1513 4264 1713 4333 τιμῶν-

149 4369 248 4404 ται
275 4349 428 4418 παρὰ
454 4352 520 4419 τῇ
557 4352 725 4420 σεπτῇ
763 4350 973 4421 Γραφῇ,
1002 4352 1093 4403 καὶ
1140 4353 1397 4422 μακάριοι
1446 4350 1590 4407 οὗτοι
1617 4357 1713 4425 τῆς

150 4460 215 4496 τε
246 4410 548 4512 παρούσης,
575 4442 669 4495 καὶ
698 4410 1107 4514 τῆςμελλούσης
1140 4410 1309 4514 ξωῆςὶ
1340 4447 1455 4499 ὅσοι
1485 4446 1541 4502 δὲ
1748 4410 1789 4465 D

150 4536 257 4605 τὴν
294 4534 394 4605 σὴν
441 4534 658 4601 ἀλογίαν
713 4532 957 4600 διαζῶσι,
1019 4536 1433 4605 πεπληρωμένοι
1474 4538 1571 4607 μὲν
1618 4540 1715 4609 τῆς

152 4626 337 4697 ψυχῆς
368 4625 430 4678 τδ
476 4625 776 4695 κριτήριον,
832 4626 1124 4695 ἠγεμονίαν
1152 4626 1206 4678 δὲ
1236 4627 1417 4692 ἔθνους
1473 4632 1716 4699 ἐγκεχει-

158 4715 426 4785 ρισμένοι,
484 4714 705 4767 ὲλεεινοὶ
737 4714 803 4767 ἂν
831 4712 940 4767 εἶεν
976 4718 1023 4768 οἱ
1056 4715 1283 4770 τοιοῦτοι
1310 4720 1407 4789 τῆς
1459 4720 1713 4789 τοιαύτης

154 4805 339 4873 ἀξίας,
367 4808 460 4858 καὶ
495 4808 947 4877 κατακεκριμένοι
997 4809 1145 4878 παρὰ
1201 4809 1340 4879 θεῷ,
1370 4811 1469 4864 κᾶν
1526 4812 1716 4874 ἄλλους

158 4896 369 4965 κρίνειν
408 4894 653 4947 δοκῶσιν.
690 4895 885 4947 Οὐκέτι
917 4895 1023 4964 γὰρ
1051 4897 1079 4947 ό
1109 4895 1231 4958 νοῦς
1273 4896 1473 4947 τούτων
1503 4898 1593 4949 ἐπὶ
1622 4895 1716 4949 τοῦ

158 4984 407 5053 βήματος
463 4983 561 5044 τῆς
612 4982 785 5051 ἀρχῆς
848 4981 1151 5044 καθέζεται,
1201 4982 1319 5035 κατ’
1392 4984 1573 5036 εἰκόνα
1626 4985 1720 5037 καὶ

155 5074 421 5142 ὁμοίωσιν
451 5072 584 5125 Θεοῦ
618 5072 879 5135 κτισθεὶς,
910 5074 1003 5125 καὶ
1035 5075 1220 5143 ἄρχειν
1260 5065 1715 5145 προτεταγμένος,

155 5164 297 5217 ἀλλὰ
339 5164 536 5232 μᾶλλον
579 5165 917 5233 κατενεχθεὶς
938 5166 1000 5217 ὲκ
1027 5165 1227 5233 θρόνων
1277 5168 1630 5236 ἀρχοντικῶν,
1664 5172 1720 5220 ἐν

154 5258 227 5325 τῇ
255 5255 365 5308 τῶν
432 5256 685 5324 ὑπηκόων
732 5256 935 5320 λοιπὸν,
997 5257 1194 5326 μᾶλλον
1240 5257 1296 5310 δὲ
1354 5259 1718 5328 κατακρίτων,

156 5349 421 5403 τέτακται
456 5349 629 5413 τάξει.

478 5440 643 5495 ΣΝΡ.
667 5470 735 5480 —
764 5440 1054 5511 ΑΒΛΑΒΙῼ
1084 5439 1395 5511 ΝΟΤΑΡΙῼ.

243 5528 304 5583 Ὀ
532 5530 665 5600 πρὸς
699 5530 758 5583 τὸ
792 5531 948 5584 ὠτίον
995 5531 1086 5583 τοῦ
1142 5531 1343 5599 κωφοῦ,
1397 5534 1475 5596 είς
1546 5535 1720 5605 μάτην

1804 3161 2026 3216 dicens:
2079 3179 2097 3211 ι
2147 3158 2337 3216 Omnis
2381 3161 2669 3232 disciplina
2725 3163 2779 3216 in
2841 3163 3088 3232 praesenti
3135 3163 3353 3232 quidem

1804 3251 2016 3306 videtur
2044 3266 2153 3306 non
2182 3267 2302 3307 esse
2331 3254 2538 3322 gaudii.
2569 3256 2663 3308 scd
2716 3255 2969 3308 maeroris
2995 3272 3009 3318 ;
3038 3263 3223 3323 postea
3254 3270 3355 3308 au-

1807 3354 1912 3399 tem
1937 3344 2172 3399 fructum
2200 3346 2490 3415 paciilcum
2529 3348 2844 3402 exercitatis
2876 3363 2969 3416 per
3008 3362 3126 3401 eam
3182 3346 3357 3401 reddit

1803 3437 2032 3508 iustitiae
2058 3439 2113 3491 ἰ
2155 3458 2173 3490 ι
2208 3439 2404 3507 quibus
2453 3454 2553 3495 nos
2589 3455 2806 3508 quoque
2851 3441 3125 3495 instruens
3158 3440 3357 3504 tristia,

1808 3531 2038 3600 diraque
2066 3547 2188 3585 cum
2217 3532 2418 3601 gaudio
2452 3531 2746 3596 sustinere,
2787 3548 2906 3601 qua:
2939 3532 3003 3585 ad
3062 3538 3262 3586 bonum
3298 3536 3359 3584 li-

1808 3636 1930 3676 nem
1960 3637 2058 3676 nos
2078 3624 2407 3685 conducunt,
2437 3623 2667 3678 scribit:
2702 3642 2720 3673 ι
2759 3622 2857 3676 Fili
2893 3624 2986 3684 mi.
3036 3625 3146 3677 noli
3192 3627 3362 3694 neg|i~

1810 3730 1932 3784 gere
1962 3715 2303 3786 disciplinam
2339 3714 2575 3779 Domini,
2607 3731 2780 3784 neque
2824 3715 3083 3785 fatigeris,
3116 3718 3243 3770 dum
3296 3718 3364 3769 ali

1810 3822 1875 3860 eo
1903 3809 2190 3876 argueris:
2226 3824 2385 3876 quem
2425 3812 2568 3861 enim
2610 3807 2783 3878 diligit
2823 3808 3081 3863 Dominus
3115 3810 3360 3878 castigat.

1816 3896 2078 3967 Flagellat
2114 3910 2291 3955 autem
2344 3916 2558 3954 omnem
2612 3903 2800 3965 lilium,
2836 3918 2995 3970 quem
3043 3901 3250 3970 recipit.
3309 3903 3362 3953 In

1814 3989 2096 4060 disciplina
2129 3992 2563 4061 perseverate'n.
2596 4000 2705 4045 etc.

2092 4076 2287 4133 CCLll.
2320 4108 2388 4118 —-
2414 4076 2734 4132 DRUSENO
2764 4077 3076 4133 PRINCIPI.

1884 4169 1986 4235 Qui
2025 4170 2281 4239 legitime,
2315 4179 2368 4223 et
2400 4186 2467 4223 ex
2507 4170 2732 4239 justitiae
2778 4171 3091 4239 praescripto
3143 4185 3265 4224 cum
3300 4171 3367 4222 ti-

1794 4278 1964 4317 'more
1988 4260 2201 4315 Demini
2231 4260 2462 4315 subditis
2487 4261 2781 4328 imperant,
2822 4260 3033 4313 laudem
3069 4259 3268 4314 habent
3312 4262 3365 4314 in

1817 4354 2142 4409 venerandis
2170 4352 2414 4415 Litteris,
2444 4353 2693 4421 beatique
2724 4367 2829 4406 non
2880 4353 2933 4404 in
2970 4360 3236 4420 praesente
3268 4355 3368 4406 hac

1821 4449 1927 4501 vita
1956 4447 2155 4509 solum,
2196 4445 2290 4500 sed
2325 4445 2508 4498 futura
2557 4446 2718 4499 etiam
2764 4444 3100 4512 iudicantur.
3136 4443 3237 4498 Sed
3276 4450 3367 4514 qui

1822 4540 1944 4594 sine
1978 4538 2209 4599 ratione,
2244 4545 2301 4589 ut
2328 4543 2385 4589 tu
2410 4538 2522 4605 ipse
2546 4536 2704 4596 facis,
2732 4535 2898 4586 vitam
2925 4542 3112 4603 agunt,
3134 4543 3190 4588 et
3219 4547 3372 4603 parte

1824 4628 1988 4682 animi
2025 4642 2202 4681 rerum
2234 4627 2550 4680 restititativa
2581 4635 2633 4679 et
2681 4624 2885 4678 arbitra
2918 4626 3083 4693 capti,
3132 4625 3370 4679 nationis

1823 4720 2123 4789 cujuspiam
2166 4726 2350 4773 tenent
2382 4718 2641 4782 habenas,
2676 4731 2759 4770 nte
2812 4716 2891 4769 illi
2924 4716 3023 4769 hac
3070 4716 3257 4771 eadem
3289 4717 3370 4769 di—

1821 4812 2023 4880 gnitate
2074 4811 2257 4864 miseri
2301 4820 2445 4872 sunt,
2501 4817 2555 4862 et
2598 4824 2628 4861 a
2681 4807 2791 4862 Deo
2822 4805 3206 4870 condemnati,
3249 4808 3372 4862 licet

1823 4903 1959 4955 alios
1986 4902 2086 4971 ipsi
2114 4901 2323 4969 judicio
2356 4901 2627 4954 sustinuere
2659 4900 2965 4953 videantur.
2993 4897 3144 4952 Haud
3174 4901 3367 4953 etenim

1827 5007 1979 5045 mens
2038 5006 2228 5045 eorum
2283 4992 2489 5058 imperii
2525 4991 2705 5045 sedem
2768 4996 3017 5056 occupat,
3075 4991 3365 5043 secundum

1825 5081 2114 5150 imaginem
2146 5091 2200 5134 et
2250 5080 2657 5135 similitudinem
2695 5079 2786 5134 Dei
2831 5078 3151 5143 fabrefacta;
3190 5079 3370 5147 jussit-

1825 5187 1933 5240 que
1960 5180 2019 5226 ut
2043 5172 2178 5226 alios
2208 5178 2398 5240 regat.
2435 5170 2528 5226 sed
2560 5170 2740 5239 potius
2769 5184 2835 5222 ex
2863 5166 3199 5235 principibus
3232 5168 3376 5221 sedi-

1830 5265 1931 5319 bus
1961 5263 2168 5332 dejecta
2198 5265 2253 5317 in
2280 5263 2624 5318 subditorum
2655 5266 2828 5315 locum
2851 5301 2866 5325 ,
2897 5260 3124 5313 omnino
3158 5260 3213 5314 in
3247 5276 3376 5316 con-

1826 5357 2205 5409 dcmnatnrum
2244 5356 2485 5410 ordinem
2517 5355 2838 5410 collocatur.

2013 5447 2175 5517 250
2205 5447 2424 5503 CCLIII.
2459 5480 2524 5489 —
2549 5449 2842 5506 ABLABIO
2867 5447 3185 5506 NOTARIO.

1895 5539 1995 5603 Qui
2031 5542 2082 5593 in
2117 5539 2266 5594 surdi
2319 5557 2504 5595 aurem
2560 5544 2784 5602 occinit.
2837 5542 3035 5596 frustra
3068 5543 3287 5599 cecinit.
3323 5544 3379 5594 et

234 5706 282 5739 "
313 5708 452 5776 Agg.
488 5722 547 5769 ιι,
573 5707 628 5762 7.
702 5708 746 5740 θ’
778 5708 942 5764 Hebr.
972 5725 1066 5773 xu,
1095 5712 1185 5768 ‘26.
1263 5715 1277 5744 ί
1302 5707 1453 5769 Psal.
1479 5713 1685 5781 xcu,2.
1758 5718 1779 5749 ³
1814 5714 1981 5775 Hebr.
2010 5731 2111 5786 xu,
2148 5716 2233 5773 Η.
2307 5718 2330 5753 ³
2360 5718 2519 5776 Prov.
2565 5735 2647 5788 ιιι,
2692 5723 2791 5793 ii_.;
2820 5722 2982 5773 llobr.
3025 5736 3119 5786 xii,
3150 5722 3262 5776 5-7.

408 5800 683 5863 Parnm"
727 5805 845 5868 GR.
894 5805 1185 5872 LXXIX.

2864 5813 2926 5872 11
