3888 6040
565 254 666 322 331

2069 249 2129 306 S.
2169 247 2334 308 NILI

3529 223 3554 254 ὸ

3688 249 3787 312 332

565 371 658 442 qui
690 377 866 422 tecum
897 381 962 418 ex
994 377 1160 418 sacra:
1195 361 1490 431 Scriptura:
1524 341 1772 414 formulis
1806 371 2112 412 sermonem

2237 359 2350 416 ἱδει.
2392 361 2484 412 καὶ
2511 362 2539 414 6
2564 360 2938 431 διαλεγόμενός
2973 377 3052 414 σοι
3089 367 3152 414 ὲκ
3183 361 3281 432 τῆς
3311 361 3540 430 Γραφῆς
3577 370 3788 437 πεπλη-

565 461 796 521 conl'ert,
828 459 920 527 qui
957 457 1264 526 insipientia
1295 453 1540 522 oppletus
1567 467 1646 514 es,
1691 459 1743 505 et
1789 449 2116 518 advigilante

565 565 794 619 corpore
819 547 1102 610 dormitas,
1136 559 1417 600 sermones
1449 543 1643 612 perdit.

880 635 1104 691 CCLIV.
1129 665 1200 674 —
1231 633 1458 688 ARICLI
1497 631 1796 686 PIIIMA'I'I.

632 730 724 794 lis,
751 730 841 798 qui
869 730 1037 798 ipsius
1067 727 1353 781 adventum
1384 727 1644 796 diligunt,
1677 723 1838 779 Jesus
1875 723 2118 778 omnium

567 823 707 876 Deus
736 832 790 876 et
837 821 1118 883 Dominus,
1167 819 1393 886 jnstitiae
1436 832 1695 871 coronam
1763 815 2054 886 spepondit
2073 815 2116 868 ‘.

563 913 820 978 Quantam
857 925 1020 979 porro
1052 911 1210 964 fuerit
1238 909 1382 962 dicta
1415 924 1638 973 corona,
1675 922 1835 978 quam
1884 905 2118 976 perfecta

567 1003 741 1057 modis
767 1002 1022 1055 omnibus
1044 1001 1280 1069 jnstitia,
1324 1007 1378 1052 et
1417 1000 1696 1062 sanctitas,
1724 1006 1778 1052 et
1811 998 2118 1066 integritas,

563 1105 616 1150 et
659 1093 1095 1158 immutabilitas,
1143 1103 1195 1147 et
1242 1092 1642 1156 inmortalitas,
1703 1098 1757 1145 et
1801 1089 2120 1160 jucunditas

563 1187 890 1254 sempiterna
922 1184 946 1237 ?

911 1273 1110 1328 CCLV.
1145 1305 1213 1315 --
1247 1273 1450 1329 ιι]οΕ
1491 1265 1804 1328 DIACO'NO.

633 1387 660 1420 ‹
691 1369 948 1434 Quisnam
979 1366 1140 1420 fuerit
1170 1368 1425 1422 stimulus
1455 1367 1608 1420 carni
1641 1352 1887 1434 Apostoli
1920 1361 2080 1417 datus
2101 1403 2116 1426 ,

551 1475 636 1514 me
667 1458 1036 1530 magnitudine
1081 1459 1469 1512 revelationum
1519 1466 1572 1510 et
1619 1455 1967 1509 multitudine
2022 1455 2122 1507 ali-

567 1551 787 1619 quando
830 1548 1256 1603 attolleretur“?
1293 1568 1312 1600 ι
1372 1547 1710 1612 Quotidiame
1777 1545 2119 1608 alllicliones,

554 1652 690 1706 quze
719 1636 796 1690 illi
826 1635 1362 1712 a,persequentibus,
1394 1635 1748 1704 nequissimis
1773 1633 2114 1696 hominibus,

2220 447 2448 517 ρωμένῳ
2521 448 2724 512 ἀνοίας,
2765 451 2857 502 καὶ
2911 449 3196 514 ὑπνοῦντι,
3261 451 3634 522 ἐγρηγορότας
3693 459 3782 511 τοῦ

2219 537 2486 609 σώματος,
2514 525 2637 603 τοὺς
2666 541 2856 608 λόγους
2886 543 3198 598 ἀπόλλυσιν.

2430 633 2592 704 ΣΝΔἾ.
2615 663 2682 674 -
2711 635 2992 688 APIKAEI
3027 637 3490 695 ΠΡΩΤΕΥΟΝΤΙ.

2290 726 2412 789 Τοῖς
2459 727 2771 796 ἠγαπηκόσι
2801 729 2900 796 τὴν
2935 727 3252 797 ἐπιφάνειαν
3305 729 3492 790 αὑτοῦ.
3519 729 3736 800 Ἰησοῦς
3759 735 3786 784 6

2218 817 2326 869 τῶν
2351 818 2485 870 ὅλων
2508 818 2638 880 Θεὸς
2671 835 2728 870 τε
2759 821 2850 872 καὶ
2887 818 3107 888 Κύριος,
3133 821 3394 889 στέφανον
3435 822 3785 894 δικαιοσύνης

2219 907 2565 977 ἐπήγγελται.
2589 909 2682 971 Τίς
2703 909 2746 961 δ’
2783 909 2849 962 ἂν
2878 911 3112 980 ὑπάρχει
3136 912 3163 964 6
3185 913 3469 981 εἰρημένος
3495 913 3778 981 στέφανος,

2220 998 2252 1068 ἢ
2286 999 2557 1069 πάντωςὴ
2592 999 2771 1052 τελεία
2820 1000 3154 1071 δικαιοσύνη,
3193 1003 3287 1054 καὶ
3341 1003 3654 1072 ἁγιωσύνη,
3695 1005 3784 1058 καί

2220 1090 2512 1159 ἁφθαρσία,
2553 1091 2701 1161 καὶὴ
2731 1092 3087 1161 ἁτρεπτότης,
3109 1093 3202 1146 καὶ
3233 1095 3266 1164 ή
3307 1093 3596 1158 ἀθανασία,
3643 1097 3782 1166 καὶὴ

2221 1181 2515 1249 τερπνότης
2543 1183 2574 1248 ἡ
2600 1181 3010 1246 διαιωνίζουσας

2569 1271 2731 1324 ΣΝΕἍ
2748 1301 2814 1310 --
2841 1272 3075 1340 ΛΟΥιίᾼ
3098 1273 3412 1340 ΔΙΑΚΟΝῼ.

2291 1361 2386 1425 Τίς
2414 1363 2559 1414 ἐστιν
2579 1365 2607 1415 6
2633 1363 2829 1432 σκόλοψ
2849 1367 2876 1417 6
2901 1364 3181 1434 δεδομένος
3197 1368 3262 1436 τῇ
3299 1365 3463 1436 σαρκὶ
3491 1363 3592 1417 τοῦ
3625 1366 3774 1418 Ἀπο-

2222 1453 2429 1518 στόλου,
2478 1455 2550 1525 μή
2579 1471 2706 1507 ποτε
2731 1456 3012 1527 ὑπεραρθῇ
3053 1456 3130 1526 τῷ
3164 1457 3380 1526 μεγέθει
3409 1457 3504 1510 καὶ
3529 1455 3609 1526 τῷ
3651 1456 3782 1525 πλή-

2221 1543 2300 1596 θει
2343 1545 2450 1597 τῶν
2499 1544 2920 1614 άποκαλύψεωνς
2949 1548 3014 1600 Ai
3045 1546 3165 1600 καθ’
3205 1546 3418 1618 ἡμέραν
3465 1545 3700 1614 θλίψεις,
3725 1547 3778 1598 αἱ

2222 1635 2370 1704 παρὰ
2393 1634 2499 1688 τῶν
2525 1636 2826 1704 μισούντων
2856 1637 3018 1690 αὐτὸν
3055 1638 3439 1708 πονηροτάτων
3473 1635 3774 1708 ἀνθρώπων

567 1699 960 1789 inferebantur,
997 1699 1250 1780 stimulus
1283 1699 1711 1793 nuncupantur:
1745 1723 1952 1777 stimuli
1977 1721 2122 1777 enim

2237 1699 2553 1796 ιπαγόμεναι
2583 1727 2732 1798 αὐτῷ
2775 1728 2973 1799 σκόλοψ
3011 1699 3256 1798 λέγονται
3303 1725 3445 1782 εἶναι
3471 1746 3486 1760 ⁸
3524 1699 3780 1790 σκόλοπος

569 1819 744 1872 instar
777 1833 940 1872 casus
978 1816 1215 1882 adversi,
1257 1816 1612 1885 colaphorum
1662 1815 2039 1884 impactiones,
2069 1822 2125 1869 et

571 1909 928 1965 necessitates
967 1909 1132 1962 varia:
1181 1909 1397 1962 beatum
1432 1908 1607 1960 virum
1647 1913 2123 1978 pungentesﬂnon

570 2003 670 2070 illi,
701 2008 760 2055 ut
793 1999 1094 2062 inﬂaretur,
1125 1998 1526 2068 permittebant.

810 2091 1040 2148 CCLVI.
1069 2121 1140 2132 —
1167 2089 1460 2145 ΒΕΒΙΑΝΟ
1498 2088 1845 2146 EPISCOPO.

641 2186 920 2242 Molestius
949 2183 1209 2246 incidere,
1263 2189 1318 2236 et
1339 2182 1575 2237 otiosum
1617 2181 1840 2236 reddere
1869 2189 2123 2244 (nstrum,

573 2285 648 2338 st,
680 2288 803 2344 quae
834 2273 886 2326 in
919 2285 1148 2342 corpore
1173 2277 1493 2335 exmstuant,
1527 2271 1854 2340 voluptates,
1885 2270 2042 2340 251
2073 2271 2126 2324 id
2199 2269 2202 2272 ’

574 2367 792 2420 divinus
807 2365 1098 2432 Apostolus
1107 2363 1442 2431 corporalem
1455 2363 1890 2417 exercitationem
1911 2379 2126 2416 numn-

577 2461 742 2528 pavit.
767 2475 784 2506 ι
815 2455 994 2510 Pietas
1017 2465 1196 2508 autem
1229 2469 1316 2508 res
1343 2454 1410 2508 ad
1431 2470 1621 2510 omnes
1652 2456 1885 2526 prolicua
1911 2465 1995 2511 est
2017 2458 2071 2510 ἐ
2101 2476 2120 2508 ι

575 2563 748 2616 eaque
797 2546 976 2606 fuerit,
1009 2544 1130 2599 Dee
1167 2559 1338 2613 opem
1399 2543 1603 2598 ferente
1661 2546 1950 2600 memorias
1997 2548 2126 2600 alle-

576 2638 758 2693 ctibns
789 2636 1056 2690 obnoxias
1113 2650 1334 2703 prorsus
1363 2635 1543 2689 delere
1579 2651 1762 2704 posse,
1819 2640 2128 2707 mentisque

577 2731 632 2784 in
663 2737 934 2799 posterum
959 2725 1206 2782 stabilem
1243 2725 1555 2780 munditiem
1591 2727 1694 2780 sibi
1725 2742 2062 2797 comparare.

775 2907 1016 2967 CCLVII.
1037 2940 1106 2956 -ι-
1127 2907 1424 2965 COMASIO
1453 2909 1930 2965 PRESBYTERO.

2223 1817 2331 1887 γὰρ
2355 1819 2511 1890 δίκην
2545 1819 2602 1872 αἱ
2632 1821 2998 1890 περιστάσεις,
3028 1821 3121 1873 καὶ
3143 1820 3559 1891 οἱκολαφισμοὶ,
3593 1822 3690 1872 καὶ
3719 1822 3776 1872 ai

2226 1903 2413 1961 πολλαὶ
2450 1909 2683 1978 ἀνάγκαι
2737 1913 3025 1965 νύττουσαι
3051 1911 3139 1964 τὸν
3169 1913 3436 1984 μακάριον
3503 1910 3694 1981 ἄνδρα,
3721 1911 3776 1962 ού

2225 2000 2560 2074 συνεχώρουν
2598 2003 2970 2073 ὑπεραρθῆναί
3009 2020 3158 2056 ποτε.

2517 2092 2694 2158 ΣΝςν.
2725 2121 2787 2131 -
2818 2093 3106 2164 ΒΕΒΙΛΝῼ
3149 2087 3514 2162 somnone.

2295 2185 2368 2237 Τὸ
2393 2185 2793 2256 περικὸψαιδιὰ
2828 2185 3218 2250 κακοπαθείας,
3278 2187 3372 2238 καὶ
3428 2185 3776 2257 καταργῆσαι

2223 2281 2314 2330 τον
2359 2271 2588 2346 οἶστρον,
2623 2277 2714 2328 καὶ
2750 2278 2846 2338 τὰς
2883 2278 2941 2329 ὲν
2971 2277 3047 2347 τῷ
3078 2276 3285 2345 σώματι
3348 2275 3778 2345 φλεγμαινούσας

2205 2367 2437 2439 ἡδονὰς,
2483 2367 2639 2419 τοῦτό
2680 2385 2842 2438 φησιν
2871 2370 2898 2420 ὁ
2926 2369 3068 2430 θεῖος
3105 2367 3419 2430 Ἀπόστολος
3460 2367 3777 2438 σωματικὴν

2225 2456 2548 2526 γυμνασίαν.
2587 2475 2606 2506 ι
2630 2457 2690 2508 Ἥ
2719 2457 2775 2508 δέ
2805 2473 2865 2525 γε
2892 2457 3138 2510 εὐσέϐεια
3155 2457 3288 2526 πρὸς
3313 2457 3490 2510 πάντα
3509 2456 3776 2525 ὠφέλιμός

2225 2551 2398 2602 ἐστιν’
2427 2567 2444 2601 ι
2479 2547 2616 2620 αὕτη
2647 2548 2692 2602 δ’
2721 2550 2784 2602 ἂν
2822 2550 2928 2617 εἴη,
2957 2550 3018 2602 τὸ
3053 2549 3342 2620 δυνηθῆναι
3367 2548 3462 2601 τοῦ
3490 2549 3630 2602 Θεοῦ
3665 2565 3776 2602 συν-

2226 2639 2527 2708 εργοῦντος,
2559 2639 2655 2702 τὰς
2685 2637 2946 2707 ἐμπαθεῖς
2997 2636 3312 2706 ἐξαφανίσαι
3337 2638 3412 2699 εἰς
3440 2636 3504 2688 τὺ
3523 2635 3776 2697 παντελὲς

2229 2735 2464 2803 μνήμας,
2492 2731 2586 2784 καὶ¹
2620 2729 2840 2800 βεϐαίαν
2863 2730 3046 2783 λοιπὸν
3087 2729 3434 2800 καθαρότητα
3469 2727 3772 2798 κτήσασθαι

2225 2823 2463 2884 διανοίας

2451 2913 2613 2968 ΣΝΖ’.
2645 2944 2714 2954 -
2741 2913 3044 2983 ΚΩΜΔΣΙῼ
3081 2911 3550 2980 ΠΡΕΣΒΥΤΕΡῼ.

649 3001 705 3057 Si
740 3005 820 3058 vel
851 3003 967 3066 irae,
1008 3003 1090 3057 vel
1129 3003 1302 3072 turpis
1332 3003 1611 3068 desiderii,
1642 3005 1724 3057 vel
1761 3001 2004 3057 avaritize
2035 3017 2127 3056 co-

2297 3005 2360 3058 Εί
2379 3006 2407 3057 ὁ
2427 3005 2682 3074 λογισμὸς
2700 3005 2792 3058 τοῦ
2817 3004 3010 3074 θυμοῦ,
3037 3004 3069 3074 ἢ
3093 3005 3186 3074 τῆς
3211 3005 3433 3074 αἰσχρᾶς
3459 3001 3772 3070 ἐπιθυμίας,

569 3098 768 3167 gitatlo
815 3111 1014 3152 sensus
1064 3096 1130 3150 ad
1185 3111 1243 3151 se
1295 3109 1482 3150 crimes
1545 3095 1712 3148 animi
1777 3095 2132 3163 corporisque

563 3193 844 3246 convertit
872 3209 886 3245 :
919 3199 1124 3260 quanto
1156 3190 1327 3259 magis
1371 3188 1428 3242 id
1475 3187 1642 3248 illius.
1681 3202 1799 3255 qua:
1828 3185 2130 3240 secundum

575 3284 850 3340 Christum
882 3291 987 3348 est,
1036 3281 1388 3353 philosophiae
1429 3294 1582 3334 amor
1623 3279 1841 3339 elﬁciet,
1876 3287 1934 3331 ut
1979 3291 2132 3331 tuens

577 3393 686 3432 non
713 3375 1060 3430 sensibilibus
1085 3381 1317 3432 tantum,
1347 3371 1440 3426 sed
1481 3371 1732 3426 sensibus
1765 3370 1897 3437 ipsis
1927 3384 2134 3422 renun-

575 3469 697 3529 tiet,
723 3467 790 3520 ad
825 3465 1077 3520 sublimia
1119 3463 1337 3532 rapiens
1389 3476 1530 3520 eam,
1563 3472 1616 3515 et
1661 3461 1966 3514 eteleStium
2001 3475 2133 3514 COI-

577 3555 932 3625 templatione
955 3561 1010 3608 et
1039 3552 1302 3606 exercitio
1335 3550 1622 3605 detinens?

841 3729 1104 3786 CCLVIII.
1129 3760 1198 3769 —
1221 3727 1488 3785 BACCHO
1521 3727 1859 3784 EPARCHO.

613 3811 618 3816 ’
653 3824 844 3878 Nonne
875 3814 1200 3876 vides’rosze
1247 3822 1434 3891 spinas
1479 3821 1839 3889 conjunctas?
1861 3817 1939 3875 Ne
1970 3819 2136 3891 igitur

573 3919 806 3974 nimium
833 3918 1088 3980 turberis,
1135 3917 1385 3972 ediscens
1419 3917 1626 3980 ﬂorem,
1665 3925 1720 3970 et
1764 3915 2134 3984 splendorem,

581 4025 740 4078 quem
778 4009 896 4062 vitae
941 4007 1169 4074 hujusce
1209 4005 1603 4075 magniﬁcentia
1649 4007 1842 4074 gignit.
1890 4008 2137 4060 innume-

583 4115 675 4154 ras
701 4096 956 4166 subsequi
1003 4096 1365 4160 calamitates,
1403 4102 1458 4148 et
1507 4095 1771 4164 pericula,
1813 4103 1868 4148 et
1897 4093 2132 4158 dolores,

581 4201 636 4246 et
673 4203 958 4252 trimi-ores,
996 4198 1048 4242 et
1075 4183 1274 4250 varias,
1309 4185 1552 4239 internas
1583 4192 1969 4251 externasque,
2003 4183 2138 4250 insi-

575 4281 737 4346 dias;
767 4287 820 4334 et
848 4294 956 4347 quo
1001 4277 1162 4346 regiis
1205 4276 1458 4330 domibus
1511 4273 1806 4344 proximior
1845 4272 2032 4334 fueris,
2069 4281 2140 4326 eo‘

2231 3095 2263 3166 ἢ
2317 3096 2412 3166 τῆς
2461 3095 2821 3169 φιλαργυρίας
2872 3095 3005 3165 πρὸς
3057 3091 3244 3146 ἑαυτὸν
3289 3093 3466 3145 πάντα
3519 3091 3666 3144 νεύει
3717 3091 3776 3143 τὰ

2231 3187 2556 3260 αἰσθητήρια
2582 3189 2681 3258 τῆς
2711 3190 2886 3258 ψυχῆς
2917 3189 3008 3240 καὶ
3037 3187 3128 3240 τοῦ
3167 3187 3433 3256 σώματος,
3464 3187 3619 3254 πόσῳ
3653 3186 3774 3255 μᾶλ-

2232 3279 2319 3334 λον
2349 3281 2378 3332 6
2417 3280 2556 3350 ἔρως
2594 3281 2690 3348 τῆς
2733 3281 2873 3332 κατὰ
2901 3281 3132 3349 Χριστὸν
3167 3278 3477 3348 φιλοσοφίας
3509 3278 3774 3342 ἁποτάξαυ

2233 3373 2356 3425 σθαι
2382 3372 2786 3442 παρασκευάσει
2809 3372 2898 3424 τὸν
2919 3371 3062 3434 νοῦν,
3089 3371 3145 3422 οὐ
3177 3369 3333 3438 μόνον
3355 3371 3464 3432 τοῖς
3486 3367 3772 3438 αἰσθητοῖς,

2230 3463 2364 3518 ἀλλὰ
2419 3463 2513 3516 καὶ
2568 3455 2754 3526 αὐταῖς
2805 3466 2922 3524 ταῖς
2971 3462 3287 3529 αἰσθήσεσι.
3345 3461 3642 3532 μετάρσιον
3685 3461 3774 3530 ἁρ-

2231 3554 2418 3617 πάζων
2447 3552 2640 3619 αὐτὸν,
2682 3553 2777 3607 καὶ
2821 3557 2886 3624 τῇ
2931 3553 3038 3606 τῶν
3086 3552 3350 3620 οὐρανίων
3399 3551 3774 3623 προσασχολῶν

2231 3645 2457 3716 θεωρίᾳ.

2574 3736 2820 3788 ΣΝΗ’.-
2850 3733 3080 3804 ΒΑΚΧῼ
3139 3736 3432 3804 ΕΠΑΡΧῼ.

2303 3826 2377 3879 Οὐ
2410 3825 2625 3896 βλέπεις
2655 3827 2922 3898 παρεζευγ
2933 3829 3098 3896 μένην
3125 3828 3201 3897 τῷ
3225 3827 3362 3897 ῥόδῳ
3385 3826 3480 3897 τὴν
3505 3827 3773 3894 ἆκανθαν;

2233 3917 2439 3971 Οὐκοῦν
2472 3919 2546 3987 μὴ
2573 3917 2710 3985 ἄγαν
2738 3919 3005 3990 τυρϐάζου
3039 3919 3466 3988 καταμανθάνων
3491 3919 3570 3989 τῷ
3609 3919 3773 3984 ἄνθει,

2233 4011 2328 4062 καὶ⁵
2353 4012 2418 4080 τῇ
2449 4009 2787 4081 λαμπρότητι
2831 4011 2930 4080 τῆς
2957 4009 3113 4068 «κατὰ
3144 4011 3238 4063 τὸν
3280 4009 3392 4079 βίον
3431 4012 3776 4080 περιφανείας

2238 4101 2433 4172 μυρίας
2483 4101 2762 4170 συμφορὰς
2810 4101 3315 4162 ὲπακολουθούσας,
3351 4102 3445 4154 καὶ
3485 4103 3774 4168 κινδύνους,

2235 4193 2328 4244 καὶ
2369 4183 2608 4255 ὀδύνας,
2635 4193 2728 4244 καὶ
2777 4192 2984 4256 λύπας,
3037 4193 3132 4245 καὶ
3185 4194 3431 4256 ποικίλας
3497 4193 3779 4257 ἐπιϐουλὰς

2235 4283 2432 4335 ἓσωθέν
2459 4299 2540 4346 τε,
2574 4283 2666 4335 καὶ
2702 4282 2918 4346 ἔξωθεν·
2952 4283 3044 4336 καὶ
3074 4284 3182 4354 ὅσῳ
3212 4284 3406 4352 μᾶλλον
3441 4284 3636 4354 ὲγγίζῃ
3677 4288 3778 4346 τοῖς

587 4382 640 4426 et
667 4371 1028 4431 climacteras,
1059 4375 1114 4420 et
1136 4365 1512 4422 discriminum
1541 4364 1765 4417 fulmina
1795 4362 2127 4433 suspectiora

2241 4371 2537 4442 βασιλικοῖς
2562 4373 2766 4442 δόμοις,
2795 4373 3031 4443 τοσούτῳ
3077 4374 3236 4428 πλέον
3269 4375 3452 4446 ὑφορῶ
3482 4376 3776 4445 κλιμακτῆ-

583 4462 802 4516 habeto.
846 4459 948 4525 Qui
989 4457 1134 4512 enim
1177 4457 1316 4512 ctelo
1352 4470 1519 4524 prope
1561 4463 1669 4518 est,
1725 4454 1778 4507 in
1831 4455 2134 4524 pi-Opinquo

588 4553 833 4606 fulminis
861 4558 968 4614 est,
1003 4549 1247 4618 populari
1277 4549 1452 4601 fertur
1481 4545 1694 4616 adagio.

899 4735 1124 4794 CCLIX.
1147 4733 1490 4789 —MARINO
1517 4731 1832 4788 DIACONO.

655 4833 798 4902 Quid
818 4832 941 4895 tibi,
973 4840 1030 4885 et
1061 4829 1221 4884 morti
1249 4827 1505 4882 obnoxiis
1531 4825 1866 4888 hominibus,
1899 4822 1990 4892 qui
2025 4821 2144 4876 nul-

587 4925 696 4980 lam
725 4923 884 4994 252
919 4937 1018 4992 pro
1047 4927 1194 4976 recte
1239 4921 1294 4973 in
1352 4919 1466 4972 vita
1499 4918 1668 4986 gestis
1713 4919 2018 4971 mercedem
2053 4931 2142 4969 re-

591 5023 820 5086 ponunt,
863 5029 1040 5083 neque
1090 5025 1276 5068 sanant
1318 5011 1485 5064 animi
1524 5010 1894 5064 astimativam
1943 5009 2144 5062 habent

589 5108 914 5176 saepissime,
965 5114 1022 5160 et
1053 5103 1350 5159 invidentia
1391 5101 1608 5162 devicti.
1657 5115 1744 5154 res
1785 5101 1951 5168 probe
1992 5108 2143 5154 actas

591 5197 765 5266 magis
807 5197 1082 5256 incusant,
1127 5207 1289 5260 quam
1341 5189 1606 5245 laudant?
1643 5189 1913 5244 Assuesce
1962 5191 2145 5258 itaque

587 5289 938 5358 temetipsum
963 5283 1319 5340 intellectuali
1343 5283 1502 5336 oculo
1531 5281 1597 5334 ad
1623 5295 1858 5350 superna
1885 5281 2139 5350 dirigere.

591 5381 896 5449 Supernum
951 5374 1222 5445 siquidem
1271 5375 1544 5428 theatrum
1579 5372 1824 5427 sinceras
1869 5387 1931 5426 ac
1977 5387 2142 5440 puros

589 5473 828 5528 calculos
873 5469 1010 5534 edit,
1063 5468 1210 5522 nullo
1248 5481 1603 5537 personarum
1635 5474 1885 5532 respectu
1933 5466 2140 5521 habito.

663 5649 684 5678 ⁸
711 5647 748 5700 ll
785 5647 924 5702 Tim.
949 5663 1019 5713 ιν,
1051 5649 1104 5703 8.
1201 5649 1221 5679 '
1250 5645 1294 5700 Il
1324 5645 1446 5700 Cor.
1475 5661 1574 5712 xu,
1615 5645 1669 5700 7.

1779 5645 1800 5676 ⁸
1829 5643 2020 5712 I_Tim.
2047 5661 2120 5710 ιν.
2148 5647 2200 5704 8.

2243 4479 2362 4534 ρας,
2405 4463 2499 4515 καὶ
2525 4463 2798 4532 σκηπτοίις
2825 4463 3218 4534 περιστάσεων.
3263 4465 3320 4518 '0
3348 4467 3456 4537 γὰρ
3481 4467 3650 4533 ἐγγὺς
3688 4467 3780 4519 ὑπ-

2242 4554 2424 4623 άρχων
2455 4554 2715 4624 οὐρανοῦ,
2758 4557 2924 4624 ὲγγύς
2951 4559 3066 4609 ἐστι
3115 4558 3412 4630 κεραυνοῦ,
3459 4559 3492 4628 ἡ
3537 4559 3778 4629 δημώδης

2243 4647 2510 4716 κέκραγεν
2537 4649 2824 4716 παροιμία.

2553 4739 2718 4794 mea
2745 4769 2812 4779 —
2839 4739 3104 4807 ΜΑΡΙΝῼ
3151 4739 3470 4808 annoso.

2307 4829 2371 4882 Τί
2403 4847 2518 4891 σοι,
2565 4831 2656 4882 καὶ
2694 4833 2804 4892 τοῖς
2835 4830 3140 4898 ἀνθρώποις
3168 4834 3278 4892 τοῖς
3309 4831 3633 4900 θνήσκουσιν
3658 4870 3673 4892 ,
3707 4831 3776 4883 οἰ.

2238 4939 2380 4983 τινες
2447 4920 2558 4974 οὔτ’
2607 4921 2840 4990 ἀμοιϐὰς
2891 4923 3188 4976 ἀποδοῦναι
3252 4922 3504 4975 δύνανται
3565 4923 3673 4976 τῶν
3726 4919 3776 4974 εὖ

2241 5011 2618 5082 βεϐιωμένων,
2650 5009 2762 5063 οὔθ’
2797 5013 3106 5080 ὑγιαίνοντα
3159 5013 3415 5076 πολλάκις
3459 5014 3644 5082 έχουσι
3692 5013 3776 5082 τῆς

2237 5103 2419 5172 ψυχῆς
2445 5102 2514 5153 τὰ
2543 5103 2793 5172 κριτήρια
2817 5143 2831 5164 ,
2865 5103 2958 5155 καὶ
2991 5103 3255 5174 βασκανίᾳ
3284 5101 3642 5174 κρατούμενοι
3677 5103 3778 5154 δια-

2241 5193 2492 5246 ϐάλλουσι
2517 5193 2732 5260 μᾶλλον,
2757 5193 2854 5246 οὐκ
2887 5194 3191 5263 εὐφημοῦσι
3233 5193 3301 5246 τὰ
3329 5193 3508 5256 καλῶς
3540 5210 3774 5263 πεπραγ-

2245 5285 2411 5355 μένα;
2457 5285 2602 5337 Ἀνω
2651 5284 2828 5336 τοίνυν
2857 5283 3071 5352 βλέπειν
3110 5283 3250 5348 ἔθιζε
3291 5286 3483 5336 σαυτὸν
3521 5283 3600 5353 τῷ
3625 5282 3778 5354 νοερῷ

2239 5377 2463 5444 ὄμματι.
2485 5375 2558 5428 Τὸ
2581 5375 2689 5444 γὰρ
2723 5375 2832 5428 ἄνω
2875 5376 3099 5446 θέατρον
3151 5375 3396 5444 καθαρὰς
3436 5375 3531 5428 καὶ
3573 5374 3775 5440 ἀληθεῖς

2239 5467 2458 5536 ἐκφέρει
2485 5465 2584 5528 τὰς
2611 5465 2844 5535 ψήφους,
2877 5467 2970 5519 καὶ
2998 5465 3552 5536 ἁπροσωπολήπτους.
3583 5466 3770 5520 Ἐκεῖνο
