3888 6040
96 320 181 383 333
1224 316 1751 377 EPISTOLARUM
1788 318 1929 376 LIB.
1972 317 2051 375 II.
3152 318 3257 383 334

95 422 343 495 τοιγαροῦν
370 420 588 492 τέρπειν
618 419 805 493 βούλου
838 422 897 476 τὸ
942 420 1168 492 θέατρον
1196 426 1262 494 τῇ
1299 424 1407 476 τῶν
1434 422 1611 494 ἐργων
1638 482 1639 485 η

1748 424 1847 477 llud
1903 424 2068 494 igitur
2113 422 2385 478 theatrum
2438 424 2649 479 oblecta
2693 425 2985 496 proborum
3033 442 3254 498 operum

95 517 182 574 τῶν
210 513 449 585 χρηστῶν
474 514 815 583 τερπνότητι,
843 512 1091 567 κάκεῖθεν
1119 514 1244 566 ἐλκε
1276 516 1398 577 τοὺς
1430 531 1611 584 μακα-

1748 515 2071 581 Jcmiditate,
2121 515 2351 585 indeque
2386 516 2572 572 beatas
2606 518 2725 582 tibi,
2758 518 2849 588 qui
2886 519 3068 574 virtuti
3108 520 3260 575 addi-

98 610 219 681 ρίους
255 604 522 667 ἐπαίνους,
561 604 835 676 φιλάρετε.

1748 605 1876 669 eris,
1911 606 2096 661 Iaudes
2128 608 2354 659 attrahe.
3089 620 3092 624 '

1955 696 2152 751 CCLX.
2181 728 2249 736 —
2277 695 2539 750 BASILIO
2575 697 2990 754 MERCATORI.

1787 807 1807 840 ι
1830 786 1970 842 Vasa
1991 791 2330 843 contumelize
2354 809 2370 838 ι
2399 790 2879 861 dicuntur',etqui
2901 793 3262 854 fornicamur.

1712 887 1764 933 et
1792 879 1883 947 qui
1915 880 2197 948 vectigalia
2228 879 2520 946 redimunt,
2554 891 2609 937 et
2642 883 3057 952 quiaprol‘anum
3086 884 3265 954 quod-

1713 971 1864 1033 libet,
1900 981 1957 1024 ut
1981 974 2171 1041 paucis
2214 990 2322 1028 rem
2356 977 2660 1044 expediam,
2698 986 2977 1030 exercent.
3007 970 3269 1032 Pdterunt

1713 1063 2089 1129 nihilominus,
2125 1066 2279 1119 malis
2314 1068 2555 1120 moribus
2582 1066 2635 1119 in
2672 1066 2907 1135 Optimos
2942 1066 3263 1128 immutatis.

1712 1170 1841 1208 vasa
1886 1154 2111 1210 honoris
2148 1155 2282 1222 ﬁeri,
2318 1167 2370 1211 et
2408 1156 2567 1226 Regis
2602 1157 2925 1211 saeculorum
2959 1157 3150 1211 usibus
3176 1172 3269 1212 ac-

281 696 379 749 ΣΞ.
407 724 475 735 -
511 695 825 766 ΒΑΣΙΛΕΙῼ
860 696 1399 769 ΠΡΑΓΜᾹΤΕΥΤῌ.

156 807 173 840 ι
191 785 354 856 Σκεύη
371 786 589 856 ἀτιμίας
607 806 625 838 ι
655 788 915 858 ὑπάρχειν
936 789 1172 858 εἴρηται,
1189 789 1312 842 οἵτε
1331 787 1610 859 πορνεύον-
1690 796 1693 799 ’

96 897 194 942 τες,
229 879 315 931 καί⁵
348 880 397 930 oi
428 878 778 942 τελωνοῦντες
801 922 815 944 ,
847 880 940 933 καί⁸
977 881 1025 932 οἱ
1078 882 1276 944 πᾶσαν,
1314 880 1613 950 συλλήῦδην

96 974 257 1034 εἰπεῖν,
297 969 593 1039 βεδήλωσιν
628 970 1147 1042 μεταχειριζόμενοι.
1180 972 1316 1025 Ἀλλ’
1344 975 1490 1044 ὅμως
1522 972 1614 1024 δυ-

95 1065 310 1132 νήσονται
346 1062 741 1131 μεταΰαλόντες
767 1063 826 1115 τὸ
856 1062 1058 1130 φαῦλον
1094 1060 1223 1135 ἦθος
1267 1066 1359 1117 ἐπὶ
1386 1065 1446 1117 τὺ
1483 1082 1615 1135 χρη-

96 1157 316 1208 στότατον
345 1195 359 1217 ,
396 1154 563 1224 σκεύη
595 1154 850 1223 γενέσθαι
887 1158 1041 1227 τίμια
1066 1199 1081 1223 ,
1113 1158 1206 1210 καὶ
1235 1156 1508 1228 εὔχρηστα
1539 1156 1615 1227 τῷ

94 1248 282 1301 Βασιλεῖ
306 1247 414 1299 τῶν
440 1246 668 1302 αἰώνων.

1748 1246 2077 1301 ommodata.
2471 1316 2479 1325 .

431 1337 587 1391 EEA'.
617 1369 686 1377 —
717 1339 999 1410 ΕΥΣΕΒῙῼ
1025 1341 1251 1394 ΔΟΥΚΙ.

2066 1334 2291 1392 CCLXI.
2312 1369 2380 1376 —
2405 1335 2697 1392 EUSEBIO
2735 1336 2908 1391 DUCI.

148 1428 229 1497 Μὴ
264 1426 413 1495 γίνου
446 1429 635 1498 κριτὴς
664 1428 772 1482 τῶν
811 1431 1011 1500 κριτῶν
1038 1448 1053 1463 ο
1097 1430 1269 1484 ποδῶν
1307 1432 1414 1501 γὰρ
1453 1430 1617 1484 τόπον

1766 1426 1861 1482 .Ne
1905 1429 2003 1483 tias
2032 1428 2280 1498 judicum
2325 1428 2522 1497 iudex;
2572 1430 2768 1498 pedum
2819 1430 2961 1484 enim
3006 1430 3186 1483 locum
3218 1431 3269 1484 in

92 1520 219 1589 παρὰ
250 1522 312 1589 τῇ
360 1520 685 1590 Ἐκκλησία,
733 1521 794 1573 οὐ
840 1522 1078 1594 κεφαλῆς
1130 1522 1366 1593 ἐπέχεις.
1408 1522 1499 1593 Μὴ
1527 1518 1620 1576 οὖν

1748 1521 1981 1583 chlesia,
2035 1537 2141 1575 non
2198 1523 2394 1591 capitis
2438 1522 2675 1577 obtines.
2711 1524 2787 1578 Ne
2836 1524 3019 1593 itaque
3064 1523 3274 1593 rejicito

93 1611 442 1681 ἀποδοκίμαζε
483 1614 607 1675 τοὺς
638 1614 821 1683 ἱερεῖς,
851 1613 983 1666 διότι
1020 1613 1138 1684 οὺχῖ
1168 1615 1367 1676 πάντες
1394 1614 1620 1684 καθαροὶ

1753 1609 2059 1673 acerdotes,
2116 1611 2259 1680 quod
2312 1627 2420 1665 non
2480 1628 2669 1667 omnes
2741 1614 2926 1667 mundi
2983 1615 3272 1669 exsistant.

90 1705 442 1773 τυγχάνουσιν.
483 1705 556 1756 Οὐ
587 1705 694 1776 γὰρ
722 1705 787 1775 δὴ
814 1707 904 1758 σὺν
935 1708 1192 1777 τυγχάνει
1237 1708 1441 1778 κρίνειν
1464 1746 1479 1769 ,
1528 1708 1622 1762 καὶ

1748 1697 1906 1764 leque
1953 1698 2099 1753 enim
2144 1701 2221 1753 tui
2256 1701 2497 1756 muneris
2531 1713 2613 1755 est
2660 1702 2929 1771 judicare,
2958 1712 3011 1758 et
3049 1705 3277 1775 diligen-

91 1796 368 1866 διακρίνειν
425 1796 753 1860 ἐπισκόπους
816 1797 1042 1868 Κυρίου.
1093 1797 1238 1869 Πλὴν
1287 1798 1428 1851 κατά
1472 1798 1619 1852 θείαν

1748 1807 1802 1846 er
1832 1792 2109 1861 inquirere
2146 1795 2434 1864 episcopos
2484 1795 2719 1850 Domini.
2767 1795 2820 1850 ld
2848 1812 3064 1866 quoque
3095 1798 3276 1851 divina

92 1887 442 1958 προμήθειαν,
482 1887 657 1952 οὐδεὶς
702 1888 812 1941 τῶν
854 1890 1158 1960 ἀσωμάτων
1203 1891 1447 1958 ἀγγέλων
1496 1891 1622 1954 τοὺς

1748 1884 2067 1939 ’νονίιιθηιὶα
2108 1884 2308 1941 factum
2350 1896 2455 1949 est.
2496 1896 2554 1942 ut
2602 1888 2785 1944 nullus
2829 1904 2894 1943 ex
2940 1889 3278 1959 incorporeis

92 1978 174 2046 τῆς
198 1976 491 2047 ἱερωσύνης
521 1978 883 2049 ἐγχειρίζεται
913 1979 1127 2044 οἴακας,
1160 1981 1244 2034 ἵνα
1275 1982 1349 2051 μὴ
1382 1982 1624 2051 ἀναμάρ-

1748 1977 1941 2046 mgelis
1999 1979 2288 2032 sacerdotii
2332 1980 2572 2035 habenas
2616 1981 2879 2045 obtineat,
2932 1998 3000 2035 ne
3039 1997 3162 2036 cum
3202 1982 3278 2035 illi

92 2086 221 2138 τητοι
257 2068 411 2131 ὄντες
435 2110 449 2133 ,
497 2066 777 2143 φῲνεὺωσι
817 2075 1153 2142 παραχρῆμα
1182 2074 1304 2136 τοὺς
1338 2073 1625 2136 πταίοντας

1748 2066 1876 2119 nullo
1907 2066 2261 2137 inquinentur
2302 2080 2545 2138 peccato,
2582 2070 2825 2124 labentes
2854 2069 3124 2134 homines,
3159 2084 3282 2125 cru—

92 2157 430 2229 ὰνθρὼπους,
485 2161 758 2231 ἀποτομία
823 2161 1135 2232 χρώμενοι,
1191 2161 1304 2215 ἀλλ’
1354 2163 1627 2234 ἄνθρωποι

1748 2157 1947 2213 Ielitate
2002 2160 2105 2225 usi,
2164 2161 2439 2230 extemplo
2512 2162 2829 2231 perderent;
2881 2162 2975 2218 sed
3034 2162 3282 2217 homines

90 2247 424 2319 ὁμοιοπαθεῖς
448 2250 578 2319 ἡμῖν
608 2252 701 2303 καὶ
730 2250 788 2317 ἐξ
812 2252 1037 2321 αἵματος
1062 2251 1425 2321 συγκείμενοι.
1459 2251 1629 2320 δέχον-

92 2357 169 2392 ται
194 2340 252 2392 τὸ
273 2340 377 2409 τῆς
406 2341 693 2411 προεδρίας
725 2342 960 2414 ἀξίωμα,
1008 2343 1075 2396 ἵν’
1105 2346 1232 2397 ὅταν
1268 2343 1471 2397 λάϐωσί
1509 2360 1629 2397 τινα

94 2432 442 2501 περιπεσόντα
483 2433 840 2504 ἐγκλήμασιν,
882 2438 945 2488 ἐκ
975 2435 1082 2488 τῶν
1127 2436 1341 2489 οἰκείων
1383 2435 1631 2505 πλημμεο

93 2523 333 2592 λημάτων
395 2526 742 2595 πεπιεσμένοι
769 2567 784 2593 ,
846 2528 1249 2600 φιλανθρωπίαν
1298 2528 1631 2591 ἐνδείξωνται

95 2616 212 2685 πρὸς
249 2616 307 2668 τὸ
355 2617 640 2687 ὁμόφυλον.
674 2619 782 2672 Καὶ
821 2619 922 2690 ὅρα
957 2638 1047 2690 μοι
1099 2620 1191 2674 τὸν
1227 2620 1441 2692 πρῶτον
1486 2620 1633 2673 λίθον

91 2707 179 2775 τῆς
221 2708 550 2778 Ἐκκλησίας
582 2711 824 2781 Πέτρον,
874 2712 971 2782 τὴν
1023 2712 1264 2784 κορυφὴν
1315 2712 1409 2765 τοῦ
1470 2711 1632 2783 χοροῦ

90 2800 187 2853 τῶν
214 2801 532 2854 ἀποστόλων
555 2844 569 2865 ,
611 2805 675 2855 ἐκ
717 2803 997 2872 μετανοίας
1026 2803 1247 2857 τεθέντα
1273 2846 1287 2868 ,
1323 2805 1382 2856 οὐ
1428 2806 1535 2875 γὰρ
1567 2801 1634 2876 ἦν

89 2893 487 2962 ἀναμώρτητος.
518 2894 607 2962 Μὴ
649 2894 827 2948 τοίνυν
856 2896 1063 2958 πάντας
1100 2895 1498 2965 ἀνεπιλήπτους
1534 2897 1637 2949 ὑπο

89 2980 298 3050 ἁρχειν.
358 2983 453 3033 καὶ
500 2983 701 3053 μηδένα
746 2984 934 3054 μῶμον
960 3027 975 3049 ,
1025 2984 1159 3054 μηδὲ
1207 2985 1390 3038 σπῖλον
1424 2984 1635 3055 ἀνθρώ-

1726 2263 1880 2317 aeque
1911 2264 1974 2302 ac
2006 2264 2110 2305 nos
2144 2249 2426 2306 aﬂ'ectibus
2454 2251 2697 2313 obnoxii,
2722 2259 2775 2304 et
2802 2251 2991 2305 eodem
3016 2242 3284 2330 sanguine

1729 2339 1997 2409 prognati,
2053 2339 2256 2409 primas
2307 2341 2362 2394 in
2405 2340 2644 2395 sedendo
2695 2339 2853 2410 253
2888 2350 3071 2409 partes
3127 2336 3288 2395 assu-

1731 2437 1906 2495 munt,
1951 2438 2009 2483 ut
2054 2444 2175 2484 cum
2218 2433 2526 2500 quempiam
2562 2432 2617 2485 in
2667 2441 2891 2501 peccata
2939 2433 3152 2502 lapsum
3190 2434 3287 2488 de-

1732 2519 2139 2590 prehenderint,
2186 2521 2424 2591 propriis
2474 2522 2856 2590 iniquitatibus
2905 2524 3182 2592 oppressi,
3232 2523 3287 2577 in

1731 2617 2023 2680 cognatum
2073 2610 2176 2664 sibi
2222 2627 2393 2682 genus
2448 2611 2757 2665 humaniter
2792 2628 2851 2676 se
2894 2614 3190 2681 praebeant.
3222 2612 3289 2667 Et

1732 2703 1936 2758 videsis
1982 2701 2241 2757 Ecclesia:
2288 2702 2520 2772 primum
2564 2703 2793 2773 lapidem
2846 2702 3088 2767 Petrum,
3135 2706 3287 2760 chori

1734 2794 2023 2864 apostolici
2057 2794 2336 2857 verticem,
2367 2802 2491 2863 post
2518 2795 2889 2862 paenitentiam
2924 2793 3159 2861 factum;
3191 2810 3290 2850 ne-

1734 2900 1841 2956 que
1878 2885 2021 2939 enim
2068 2885 2185 2939 sine
2235 2895 2461 2955 peccato
2510 2892 2648 2938 erat.
2682 2883 2759 2940 Ne
2798 2885 2962 2955 igitur
3004 2887 3292 2943 universos

1736 2977 2245 3047 trreprehensibiles
2302 2991 2444 3039 esse,
2514 2977 2832 3047 nullumque
2887 2978 3145 3048 probrum
3199 2988 3293 3034 aut

87 3089 229 3126 πινον
257 3074 485 3145 ἔχοντας
520 3076 642 3140 τοὺς
682 3074 789 3129 τῶν
826 3077 1157 3147 Ἐκκλησιῶν
1195 3076 1635 3145 καθηγουμένους

1748 3070 2008 3123 maculam
2061 3069 2352 3121 humanam
2401 3066 2709 3133 admittere,
2745 3069 2836 3140 qui
2875 3068 3132 3126 Ecclesiae
3154 3087 3295 3142 pre-

90 3166 317 3220 ἀπαίτει.

323 3256 486 3310 ΣΞΒι.
518 3288 586 3298 -
620 3258 952 3330 ΦΑΡΕΤΡΙῼ
986 3258 1364 3328 ΜΗΧΑΝΙΚῼ

158 3366 178 3398 ‹
219 3348 286 3400 Δί
319 3349 504 3418 χεῖρες
534 3348 628 3402 τοῦ
666 3349 908 3421 Ἰσραὴλ,
952 3352 1117 3419 φησιν
1153 3352 1180 3403 ό
1210 3349 1441 3419 ψαλμὸς,
1475 3348 1533 3402 ἐν
1562 3347 1639 3420 τῷ

88 3438 286 3509 κοφίνῳ
306 3439 650 3494 ἐδούλευσαν,
683 3458 702 3490 ι
732 3439 793 3492 Et
821 3440 998 3493 τοίνυν
1016 3440 1193 3511 ζητεῖς
1222 3439 1434 3509 μαθεῖν,
1463 3438 1536 3509 μὴ
1561 3440 1639 3501 είς

87 3530 179 3598 τὴν
214 3530 485 3600 αἰσθητὴν
512 3532 783 3600 Αἴγυπτον
821 3536 886 3604 τῇ
928 3533 1136 3604 διανοίᾳ
1173 3532 1470 3602 ἐκδράμης,
1506 3530 1641 3601 μηδέ

90 3622 273 3676 σκόπει
320 3623 393 3677 τὰ
442 3623 532 3676 ἐπὶ
584 3623 676 3677 τοῦ
726 3625 1003 3687 Μωῦσέως
1033 3624 1336 3695 γενόμενα,
1387 3623 1505 3676 ἀλλ’
1562 3623 1641 3684 είς

88 3713 273 3766 ἑαυτὸν
308 3713 446 3767 νόει.
473 3714 706 3783 Κόφινος
747 3717 852 3788 γὰρ
880 3716 977 3787 τὴν
1009 3716 1343 3769 πολύπλοκον
1372 3714 1642 3786 ἁμαρτίαν

92 3805 389 3875 σημαίνει,
424 3806 693 3874 Αἴγυπτος
740 3807 798 3860 δέ
845 3808 945 3877 τὴν
999 3808 1204 3877 θλίψιν,
1255 3811 1431 3879 χεῖρες
1477 3808 1534 3860 δὲ
1577 3807 1644 3861 τὰ

90 3895 522 3966 ἐπιτηδεύματα,
583 3897 645 3949 Εἰ
708 3894 799 3951 οὖν
857 3898 1189 3967 κατείληφας
1244 3898 1468 3950 σεαυτὸν
1524 3900 1644 3960 ταῖς

92 3989 390 4059 ἁμαρτίαις
448 3988 764 4043 δουλεύοντα
790 4032 805 4054 ,
867 3988 1118 4053 στέναξον
1151 3990 1287 4060 πρὸς
1325 3991 1530 4059 Κύριον
1583 3991 1647 4042 ἐκ

93 4081 317 4152 καρδίας
344 4124 361 4148 ,
415 4082 473 4149 ἐξ
524 4082 841 4154 ἁποκρύφου
897 4081 1242 4150 καταιγίδος,
1280 4083 1374 4133 καὶ
1416 4080 1648 4150 συνοχῆς

93 4177 361 4245 πονηρᾶς,
391 4176 485 4229 καὶ
510 4175 643 4246 πρὸς
669 4175 768 4243 τὴν
808 4174 906 4243 τῆς
937 4173 1136 4243 ἀρετῆς
1161 4169 1471 4240 ἐλευθερίαν
1503 4169 1648 4223 ἐπεί-

92 4266 273 4335 χθητι,

161 4284 273 4338 1m.
302 4358 460 4415 ΣΞΓν.
490 4388 560 4398 -
588 4356 928 4424 ΣΥΜΜΑΧῼ
976 4355 1437 4436 ΟΣΠΡΙΟΠῼΛῌ.

159 4539 245 4594 Τὰ
279 4540 359 4611 μὴ
396 4539 682 4609 ἐσθιόμενα
720 4539 870 4609 παρὰ
906 4536 983 4607 τῷ
1022 4538 1169 4609 νόμῳ
1221 4537 1397 4591 πάντα
1437 4535 1504 4590 τά
1533 4554 1652 4590 ποι-

94 4631 259 4694 κίλα,
315 4631 413 4684 καὶ
457 4630 689 4700 διάφορα
736 4630 849 4700 εἴδη
900 4630 997 4699 τῆς
1048 4628 1247 4688 κακίας
1292 4628 1510 4696 δηλοῦσι
1565 4626 1653 4682 διὰ

94 4722 200 4775 τῶν
227 4721 502 4791 ἐνύδρων,
540 4722 632 4774 κα)⁸
664 4721 771 4773 τῶν
820 4720 1090 4791 χερσαίων
1113 4761 1127 4785 ,
1177 4720 1270 4773 καὶ
1305 4720 1519 4789 πτηνῶν
1549 4718 1653 4782 ζω-

1739 3169 1884 3227 sunt,
1913 3162 2233 3217 contendas.

1910 3252 2154 3307 CCLXII.
2179 3283 2246 3293 —
2271 3251 2659 3308 I’IIARETRIO
2688 3253 3109 3312 MECHANICO.

1815 3361 1834 3395 ι
1868 3342 2060 3399 Manus
2090 3346 2279 3408 Israel,
2324 3346 2569 3415 psalmus
2593 3347 2689 3407 ait,
2725 3347 2781 3400 in
2822 3348 3060 3416 caphino
3095 3351 3295 3405 servie-

1739 3442 1868 3490 runt
1900 3435 1942 3488 ⁸.
1979 3454 1997 3487 ι
2029 3434 2085 3489 Si
2108 3436 2289 3506 itaque
2321 3437 2605 3493 addiscere
2634 3439 2731 3492 tibi
2773 3438 2826 3492 in
2873 3440 3057 3495 animo
3086 3449 3190 3506 est,
3230 3458 3300 3498 ne

1742 3526 1794 3581 in
1831 3526 2083 3581 sensibus
2119 3528 2405 3581 obnoxiam
2440 3528 2735 3601 Aigyptum
2782 3539 3021 3585 mentem
3071 3531 3298 3603 dirigas.

1742 3633 1921 3688 neque
1953 3619 2055 3672 sub
2104 3616 2288 3688 Moyse
2323 3626 2474 3689 gesta
2521 3622 2828 3689 speculare,
2867 3626 2959 3677 sed
3006 3622 3060 3678 in
3111 3634 3299 3678 temet-

1747 3709 1925 3779 ipsum
1954 3709 2344 3778 cogitationem
2374 3711 2918 3782 admove.Cophinus
2946 3715 3088 3768 enim
3118 3716 3305 3769 multi-

1744 3796 1939 3865 plicem
1993 3795 2335 3864 iniquitatem
2391 3797 2686 3865 signiﬁcat,
2736 3799 3005 3871 Egyptus
3058 3802 3306 3856 aﬂlictio-

1745 3903 1892 3952 nem,
1926 3902 2123 3940 manus
2169 3888 2371 3941 studia.
2411 3887 2467 3941 Si
2518 3890 2683 3960 igitur
2712 3898 2765 3944 te
2810 3893 3017 3961 peccati
3069 3895 3305 3948 servitu-

1746 3986 1852 4031 tem
1884 3980 2091 4033 servire
2134 3980 2513 4050 deprehendis,
2564 3982 2779 4050 suspira
2819 3981 2885 4035 ad
2919 3981 3206 4037 Dominum
3235 4000 3304 4039 ex

1747 4070 1929 4135 corde,
1983 4077 2036 4124 et
2083 4071 2151 4123 ab
2204 4071 2415 4124 occulta
2457 4072 2720 4140 procella,
2767 4082 2821 4127 et
2863 4089 3028 4143 prava
3074 4089 3303 4146 oppres-

1748 4164 1919 4228 sione,
1955 4172 2009 4218 et
2041 4164 2094 4217 in
2136 4162 2353 4217 virtutis
2386 4163 2689 4218 libertatem
2719 4172 2771 4220 te
2810 4165 3051 4223 vindica.

1802 4343 2070 4399 CCLXIII.
2088 4373 2157 4385 —
2176 4343 2554 4399 SYMMACHO
2582 4345 2987 4404 LEGUMINUM
3020 4351 3255 4411 VENDI-

1682 4442 1727 4497 υ
2430 4414 2606 4470 rom.

1824 4525 1953 4594 Quae
1980 4542 2043 4581 ex
2077 4528 2210 4598 legis
2245 4528 2560 4599 praescripto
2610 4546 2720 4585 non
2763 4532 3143 4600 comeduntur,
3192 4551 3310 4591 om-

1755 4618 1846 4674 nia
1878 4619 2054 4672 varias
2097 4633 2161 4672 ac
2198 4619 2441 4674 diversas
2484 4620 2743 4675 vitiorum
2790 4624 3001 4691 species
3050 4626 3306 4691 innuunt,

1755 4726 1851 4781 per
1888 4711 2168 4779 aquatilia,
2209 4722 2258 4765 et
2304 4712 2604 4775 terrestria,
2642 4729 2855 4769 necnon
2911 4718 3169 4779 volatilia.
3217 4736 3312 4774 ve-

94 4812 464 4883 γραφούμενα
488 4827 501 4841 ο
543 4812 610 4865 τὰ
639 4812 695 4864 δέ
722 4829 785 4881 γε
816 4811 1133 4883 τρωγόμενα
1173 4809 1270 4881 τὴν
1303 4807 1639 4880 πολύμορφοι

1762 4805 1863 4859 luti
1893 4806 1947 4858 in
1990 4804 2187 4858 tabella
2229 4804 2496 4874 depictas.
2538 4806 2668 4873 Quae
2698 4814 2879 4861 autem
2926 4811 3308 4878 comeduntur,

93 4905 187 4959 καὶ
215 4902 479 4972 πολυειδῆ
504 4903 854 4973 σημαίνουσιν
884 4901 1099 4971 ἀρετήν.

383 5010 538 5068 ΣΞΔ’.
589 5044 637 5053 -—
666 5012 1011 5083 ᾹΦΡΟΔΙΣΙῼ
1037 5012 1382 5079 ΦΙΛΟΣΟΦῼ.

164 5106 336 5158 Ποῖον
384 5100 492 5173 ἆρα
536 5104 831 5172 προσέσται
873 5120 953 5154 σοι
1000 5102 1192 5170 ὄφελος
1221 5098 1509 5169 ἀμελοῦντι
1562 5098 1660 5167 μὲν

92 5197 191 5267 τῆς
224 5195 543 5266 πρακτικῆς
572 5194 770 5263 ἀρετῆς
795 5231 809 5254 ,
842 5192 1064 5262 λογικὴν
1103 5192 1158 5245 δὲ
1182 5233 1197 5258 ,
1228 5192 1480 5261 καθάπερ
1512 5188 1659 5241 νενό-

1761 4896 2151 4952 multiformem
2178 4913 2241 4952 ac
2272 4899 2624 4967 multiplicem
2656 4899 2891 4953 innuunt
2930 4903 3209 4959 virtutem.

1799 5011 1961 5083 255
1988 5010 2258 5066 CCLXIV.
2281 5041 2350 5050 —
2370 5010 2783 5068 APHRODISIO
2813 5012 3266 5070 PHILOSOPHO.

1831 5105 1960 5171 Quae
2008 5103 2103 5157 tibi
2139 5103 2345 5159 utilitas
2379 5104 2557 5167 fuerit,
2607 5104 2698 5175 qui
2734 5108 2785 5159 in
2834 5107 3049 5160 actione
3080 5110 3313 5176 positam

1763 5196 2017 5248 virtutem
2069 5193 2320 5263 negligis,
2370 5195 2686 5249 rationalem
2720 5212 2870 5260 vero,
2919 5206 2979 5249 ut
3011 5198 3315 5262 existimas,-

98 5305 269 5359 μικας
294 5329 311 5352 ,
360 5286 674 5354 φιλοσοφίαν
723 5282 1281 5352 κατεπαγγελλομένῳ
1306 5321 1321 5343 ,
1374 5282 1528 5351 ἡλίου
1562 5281 1639 5350 μέε

1764 5283 2164 5355 phil050phiam
2200 5284 2493 5351 proﬁteris,
2529 5295 2581 5338 et
2608 5286 2740 5340 solis
2772 5290 3075 5347 mensuras,
3102 5294 3154 5341 et
3188 5289 3315 5342 stelo

98 5379 314 5449 μέτρα,
353 5376 447 5428 καὶ
474 5374 688 5446 ἄστρων
717 5373 1016 5444 ἐνεργείας,
1054 5371 1148 5424 καὶ
1177 5370 1406 5443 οὐρανοῦ
1437 5370 1639 5440 μέγεθος

1770 5377 1942 5430 larum
1975 5375 2141 5437 vires,
2170 5382 2223 5425 et
2258 5373 2380 5425 creti
2414 5376 2607 5428 molem
2650 5383 2834 5429 tenere
2870 5382 2922 5429 te
2944 5376 3144 5444 jactas,
3176 5390 3320 5444 saepe

98 5471 309 5523 εἰδέναι
363 5467 772 5538 ὑπισχνουμένῳ
796 5508 810 5529 ,
843 5460 1115 5526 πολλάκις
1143 5462 1199 5515 δέ
1256 5463 1349 5515 καὶ⁵
1397 5459 1639 5528 θεολογεῖη

1770 5467 1930 5522 etiam
1962 5474 2015 5519 et
2046 5478 2133 5520 res
2165 5461 2391 5518 .divinas
2432 5474 2759 5534 pertractare
2808 5465 2996 5531 audes,
3032 5468 3083 5519 in
3118 5466 3319 5536 quibus

98 5568 508 5637 ἀποτολμῶντι,
540 5566 671 5618 ὅπου
703 5564 795 5617 καὶ
826 5564 860 5633 ἡ
889 5560 1117 5631 ἀλήθεια
1157 5560 1464 5629 ἀνέφικτος,
1510 5558 1603 5611 καὶ
1633 5579 1639 5606 ι

1772 5565 1827 5610 et
1860 5554 2060 5609 veritas
2095 5551 2394 5619 inaccessa,
2425 5560 2477 5608 et
2503 5552 2767 5625 judicium
2812 5556 3179 5627 periculosum
3209 5561 3319 5620 est,

207 5729 231 5763 '
260 5725 426 5785 Bom.
463 5723 654 5791 15,21.
730 5721 752 5751 ³
786 5719 928 5779 Psal.
955 5734 1117 5785 Lxxx,
1163 5718 1214 5774 7.

55 5830 95 5850 ρ
