3858 6054
433 263 568 330 “‘23

1856 261 1917 319 S.
1954 258 2118 320 NILI

3571 255 3702 318 112i

426 375 832 448 imaginationi,
868 375 1034 444 ignita
1081 374 1176 428 tibi
1217 373 1450 428 fallaciae
1492 371 1788 448 simulacra
1845 371 2006 424 emir-

2120 355 2438 442 ὲγκρατείας
2471 369 2840 434 πταισάντων,
2873 371 2968 439 καὶ
3005 372 3170 427 πάλιν
3193 371 3668 443 farm-3m

427 477 670 534 manica;
700 464 1067 536 postmodum,
1089 479 1214 518 cum
1249 476 1303 518 et
1330 462 1788 517 vehementiorem
1806 471 1998 514 mstum

425 562 478 615 in
501 575 667 614 carne
698 557 1100 621 succenderint,
1151 557 1382 611 interius
1428 557 1633 626 peccati
1671 556 1786 625 lege
1811 555 1997 610 ccasi-

425 650 555 702 lium
604 648 891 719 perhibent
948 646 1074 708 tibi,
1129 645 1274 714 quod
1328 645 1840 720 nimirumpnatura‘
1883 644 1992 698 vim

423 743 704 797 continere
739 740 961 794 minime
1009 739 1216 808 possis;
1267 739 1423 808 sique
1471 739 1542 791 ob
1586 741 1992 804 necessitatem,

425 835 667 898 pecearis
716 833 898 897 hodie,
944 848 1067 886 cras
1103 839 1281 884 tamen
1335 831 1704 899 paenitentiam
1736 846 1882 900 ages,
1926 831 1996 885 ob

427 932 790 993 praeceptum;
823 923 905 976 lex
930 922 1074 974 enim
1105 919 1350 973 abundat
1387 935 1513 989 erga
1551 920 1798 975 homines
1837 921 2000 974 bene-

2110 459 2198 513 ἵνα
2248 459 2313 512 ἐκ
2347 459 2557 512 τούτων
2598 457 3062 531 πιθανοποιήσωσι
3086 462 3186 532 τῆς
3232 461 3455 518 ἐαυτῶν
3486 462 3702 532 ἀπάτης

2106 551 2206 622 τὴν
2228 552 2579 624 συμϐουλήν·
2623 551 2771 615 ὃπως
2812 555 2879 624 τῇ
2925 555 3272 626 ἀντιστρόφῳ
3313 555 3690 626 μετανοίᾳψμ

2099 645 2202 716 χὴν
2235 646 2692 708 ἀνακαλέσαντες,
2730 645 2824 698 τὸν
2869 645 2995 699 ναδν
3039 649 3138 716 τῆς
3170 645 3549 718 σωφροσύνης
3573 663 3700 716 πορ-

2103 740 2244 790 νεῖον
2276 738 2598 808 ποιήσωσιν.
2633 735 2822 799 Οὕτως
2849 736 3275 808 ὑποσυρίζουσιν
3329 740 3382 791 οἱ
3412 738 3700 804 δίγλωττοι

2101 829 2194 881 τὸν
2256 829 2520 899 λογισμὸν
2567 830 2720 898 ὄφεις
2775 831 2834 882 ἐν
2863 829 2942 883 τῶ
2978 831 3282 900 κινουμένῳ
3329 831 3434 901 τῆς
3479 831 3697 901 καρδίας

2105 922 2479 992 ἐργαστηρίῳ.

429 1017 692 1080 volentia,
734 1023 1060 1083 peccataque
1101 1012 1373 1066 condonat
1404 1013 1816 1082 ptenitentihus.
1861 1012 2013 1068 Unde
2078 1012 2314 1067 afferunt
2354 1015 2447 1068 tibi
2480 1014 2745 1084 quosdam
2808 1030 3024 1081 eorum,
3054 1017 3144 1084 qui
3190 1031 3318 1070 cum
3358 1016 3696 1070 continentia

430 1109 564 1178 lapsi
600 1116 746 1171 sunt,
798 1120 1096 1174 rursusque
1148 1104 1522 1173 paenitentiam
1570 1112 1816 1174 eget-unt,
1886 1114 1945 1157 ut
1984 1119 2048 1158 ex
2092 1105 2212 1160 istis
2274 1106 2608 1175 deeeptiouis
2658 1122 2771 1162 sua:
2814 1107 3104 1162 consilium
3148 1109 3549 1176 persuadeant,
3582 1125 3696 1176 quo,

432 1203 670 1256 animam
715 1200 1031 1270 paenitentia
1071 1199 1344 1253 obversim
1406 1199 1767 1266 respondente
1813 1207 2206 1266 restaurantes,
2269 1215 2334 1256 ac
2400 1201 2697 1256 sarcientes
2727 1200 3097 1270 temperantiae
3136 1202 3402 1268 templum
3479 1200 3701 1270 lupanar

427 1295 662 1350 efficiant
725 1303 779 1347 et
822 1292 1206 1362 prostibulum.
1247 1291 1304 1345 In
1344 1293 1530 1346 mobili
1576 1292 1759 1346 cordis
1820 1291 2037 1346 officina
2077 1293 2238 1348 talem
2302 1293 2683 1364 cogitationem
2719 1293 2990 1364 bilingues
3024 1294 3360 1349 subsibilant
3393 1303 3700 1358 serpentes.

984 1489 1212 1546 CAPUT
1262 1487 1452 1543 XXIII.

504 1625 584 1682 Tu
625 1639 755 1680 vero
777 1665 792 1689 .
831 1638 864 1678 o
900 1622 1246 1678 continentite
1293 1623 1476 1687 homo,
1509 1637 1577 1676 ne
1608 1629 1867 1692 praetextu
1893 1637 2010 1690 po:-

2679 1500 2931 1557 ΚΕΦΛΛ.
2994 1503 3119 1558 Kl".

2187 1641 2257 1694 Σὺ
2291 1639 2370 1705 δὲ,
2401 1633 2446 1694 ὧ
2470 1637 2574 1709 τῆς
2609 1639 2943 1711 ἐγκρατείας
2971 1640 3254 1713 ἄνθρωπε,
3301 1640 3382 1713 μὴ
3429 1641 3710 1712 προφάσει

436 1716 673 1772 nitentia:
731 1715 952 1770 incertis
997 1714 1178 1768 denuo
1235 1712 1523 1782 decipiaris
1573 1713 1803 1783 spebus;
1853 1713 2007 1767 multi

2120 1733 2273 1787 πάλιν
2317 1705 2610 1801 μετανοίας
2652 1705 2908 1796 δελεάζου
2966 1705 3184 1786 ἐλπίσιν
3226 1705 3493 1804 ἀδῆλοις,
3529 1705 3712 1785 πολλοὶ

433 1809 576 1863 enim
622 1808 790 1878 lapsi,
847 1805 1133 1861 confestim
1189 1804 1427 1873 subrepti
1481 1814 1644 1870 sunt;
1679 1805 1770 1858 alii
1827 1815 2006 1860 autem

434 1915 715 1970 resurgere
768 1912 1108 1968 nequaquam
1147 1897 1455 1960 valuerunt,
1499 1899 1832 1967 voluptatum
1879 1914 2012 1953 con-

435 1993 748 2056 suetudine,
801 1993 957 2062 quasi
996 1991 1096 2046 sub
1144 1991 1257 2060 lege
1299 1989 1554 2044 devincti.
1597 1990 1736 2057 Quid
1778 2005 2012 2061 namque

435 2085 562 2148 scis,
591 2085 772 2141 homo.
799 2083 844 2137 si
877 2083 1044 2147 vives,
1075 2090 1132 2134 ttt
1161 2081 1535 2151 pmuitentiam
1563 2097 1714 2152 agas,
1743 2097 1867 2136 cum
1888 2083 2011 2137 vitae

435 2193 608 2230 annos
642 2175 736 2230 tibi
765 2173 1113 2229 subscribas?
1137 2172 1200 2226 Et
1230 2173 1317 2227 hic
1353 2188 1583 2243 peccans
1613 2174 1764 2227 carni
1793 2183 1896 2227 luat
1928 2174 2012 2226 in-

435 2267 657 2338 dulges;
709 2265 882 2334 magis
929 2274 1203 2335 oporteret
1226 2266 1320 2320 tibi
1386 2266 1487 2336 ipsi
1543 2265 1734 2320 mortis
1795 2266 2011 2335 elargiri

438 2359 775 2424 memoriam,
805 2366 865 2412 ut
893 2358 945 2411 iu
981 2359 1145 2412 corde
1187 2367 1278 2412 tuo
1308 2359 1603 2413 timendam
1634 2359 1795 2412 etiam
1823 2358 2011 2428 judieii

435 2452 688 2522 depingat
720 2451 1021 2519 justitiam,
1063 2451 1107 2504 si
1150 2451 1287 2505 forte
1315 2459 1634 2506 aestuantem
1674 2452 1855 2505 carnis
1889 2467 2012 2506 sen-

436 2559 556 2597 sum
595 2558 781 2612 posses
823 2543 1188 2612 restinguere;
1237 2558 1335 2597 nec
1363 2543 1506 2596 enim
1541 2543 1697 2597 aliter
1732 2544 2013 2613 passiones

435 2635 771 2705 exstingues,
814 2643 1104 2705 antequam
1148 2647 1250 2690 tua:
1307 2637 1613 2691 admisceas
1659 2637 1810 2691 carni
1856 2637 2011 2690 labo-

438 2744 525 2781 res
574 2742 763 2780 earum
812 2729 1197 2782 destructionis
1248 2729 1596 2797 passionum;
1658 2745 1833 2798 neque
1881 2745 2012 2782 vero

435 2819 601 2891 5.36
651 2830 851 2888 partes,
886 2835 1006 2888 qua:
1067 2821 1316 2876 animalis
1349 2833 1474 2876 sunt
1520 2823 1778 2887 hominis,
1806 2823 2013 2876 exstin-

439 2927 606 2979 gues.
671 2910 984 2979 priusquam
1043 2913 1189 2965 cordi
1242 2913 1526 2968 charitatis
1587 2913 1796 2968 fructus
1851 2915 2012 2968 veluti

441 3001 652 3068 pluvias
695 3001 967 3056 efl‘undas.
1005 3001 1325 3072 Corporales
1359 3004 1572 3073 quidem
1613 3008 1893 3074 passiones
1944 3023 2010 3060 ex

441 3093 550 3158 his,
592 3109 714 3164 qua:
763 3094 946 3149 carnis
992 3103 1120 3148 sunt
1172 3096 1464 3160 naturalia,
1514 3107 1739 3151 sumunt
1777 3098 2014 3164 initium,
2042 3074 2085 3128 Ο

443 3181 706 3236 adversus
738 3198 876 3252 quas
925 3191 980 3236 et
1009 3184 1364 3251 temperantia
1414 3185 1644 3252 militat;
1683 3202 1804 3255 quae
1835 3197 2014 3240 autem

442 3273 698 3330 animalis
747 3283 874 3329 sunt
927 3273 1188 3337 hominis,
1240 3291 1304 3329 ex
1355 3276 1632 3346 illis,qua:
1661 3278 1728 3332 ad
1765 3278 2017 3333 animalis

442 3369 756 3437 qualitatem
801 3369 1088 3438 pertinent,
1127 3375 1448 3436 conceptum
1499 3369 1721 3434 habent,
1753 3369 2018 3426 adversus

444 3475 580 3528 quas
603 3461 798 3514 militat
814 3461 976 3515 etiam
1001 3461 1259 3516 Charitas.
1293 3460 1545 3516 Charitas
1568 3463 2018 3533 impassihilitatis

444 3559 528 3602 est
579 3548 868 3610 connexio;
916 3549 1232 3618 passionum
1287 3564 1413 3603 vero
1469 3549 1696 3618 deletio,
1737 3567 1858 3621 qua:
1902 3559 2015 3604 tum

449 3638 910 3706 longanimitatcm
957 3638 1179 3706 profert,
1223 3647 1334 3692 tum
1389 3639 1822 3697 eﬂ'ervesceutem
1858 3641 2020 3696 refri-

447 3738 595 3799 gerat
653 3729 926 3792 animum,
989 3737 1100 3782 tttm
1157 3730 1514 3786 humilitatem
1567 3734 1848 3802 producit,
1902 3741 2017 3787 tttut

447 3819 610 3873 etiam
642 3819 874 3874 demittit
911 3819 1245 3890 superbiam.
1279 3822 1528 3878 Charitas
1563 3825 1697 3878 nihil
1741 3826 2018 3894 proprium

449 3912 610 3967 habet
665 3922 859 3982 praeter
918 3911 1108 3977 Deum,
1160 3912 1272 3982 ipsa
1316 3915 1513 3968 etenim
1563 3925 1648 3970 est
1703 3915 1866 3972 Deus.
1915 3917 2020 3984 Qui

448 4003 792 4073 splendidum
868 4002 1262 4057 monachorum
1330 4005 1382 4058 in
1454 4017 1701 4062 senatum
1775 4018 2023 4066 recenter

447 4102 856 4164 coagmentatus
894 4101 997 4158 est,
1040 4093 1181 4147 bona
1215 4093 1288 4148 illi
1325 4111 1354 4148 a
1384 4099 1705 4168 cognatione
1739 4099 2021 4168 proferen-

450 4196 530 4240 tr-s
569 4187 752 4239 omina
796 4185 1154 4256 cogitationes
1209 4185 1466 4257 deponat,
1516 4206 1581 4243 tte
1628 4190 1862 4257 laudem,
1902 4209 2024 4262 quae

449 4280 518 4333 ab
570 4279 878 4334 hoiniuibus
927 4285 1194 4352 provenit,
1224 4287 1317 4340 sed
1362 4300 1506 4345 eam,
1539 4299 1658 4354 quae
1686 4301 1716 4339 a
1751 4289 2024 4342 mandatis

448 4370 713 4438 procedit,
759 4371 1144 4428 beatitudinem
1207 4375 1478 4445 inquirat;
1533 4391 1718 4429 rerum
1767 4377 2024 4432 audacter

449 4476 508 4514 se
539 4473 687 4529 gerat
714 4463 976 4520 adversus
1012 4465 1366 4522 iusilientium
1403 4468 1712 4522 daemonum
1754 4483 2018 4537 pavores;

451 4569 550 4608 nec
593 4557 738 4608 enim
791 4557 970 4610 denuo
1009 4559 1263 4625 spiritum
1309 4560 1616 4614 timiditatis
1657 4560 1722 4613 ad
1765 4561 2020 4616 timorem

451 4645 762 4714 accepistis,
799 4647 919 4700 ideo
953 4663 1020 4702 ne
1055 4649 1357 4703 timiditatis
1411 4650 1602 4718 spiritu
1630 4651 1872 4722 seipsum
1898 4667 2024 4722 per-

450 4736 630 4799 cellat,
681 4751 854 4806 neque
914 4745 1112 4795 tremat
1151 4740 1458 4796 dtemonum
1510 4740 1771 4812 fragores,
1827 4745 2024 4815 strepi-

453 4836 650 4896 tusque
695 4837 1015 4894 nocturnos,
1055 4832 1492 4902 quandoquidem
1543 4851 1642 4890 nec
1671 4844 1864 4890 contra
1897 4853 2026 4908 por-

451 4933 548 4971 cos
593 4929 915 4988 potestatem
975 4923 1174 4979 habent
1212 4942 1224 4955 -
1265 4925 1580 4994 vespertinis
1632 4926 1798 4996 igitur
1851 4929 2022 4995 horis,

451 5009 583 5064 cella
623 5013 924 5079 egrediens,
967 5030 1032 5070 ne
1067 5017 1428 5085 perturbetur,
1471 5033 1648 5089 neque
1687 5019 1904 5089 fugiens
1938 5038 2024 5076 re-

451 5109 538 5158 tro
589 5105 812 5171 insiliat,
861 5109 1082 5176 perinde
1110 5127 1176 5166 ac
1211 5112 1486 5167 daemones
1531 5114 1742 5170 scilicet
1793 5117 2026 5172 insecta-

404 5189 408 5193 ⁴
451 5206 662 5262 rentur,
713 5200 806 5253 sed
851 5200 1072 5256 flectens
1121 5218 1292 5273 genua
1341 5219 1407 5258 eo
1436 5206 1489 5259 in
1532 5204 1672 5271 loco,
1701 5208 1756 5262 in
1783 5223 1893 5277 quo
1926 5224 2026 5277 pa-

449 5285 640 5347 vescit,
686 5301 897 5355 precem
949 5288 1224 5355 effundat;
1267 5307 1366 5347 nec
1390 5295 1535 5345 enim
1593 5294 1646 5348 itt
1687 5302 1740 5348 le
1765 5295 2022 5362 incident,

451 5376 699 5446 quamvis
757 5379 827 5432 ita
881 5388 932 5434 te
972 5383 1362 5449 perturbarint,
1416 5394 1700 5454 postquam
1731 5401 1859 5440 vero
1901 5402 2024 5442 sur-

448 5470 675 5535 rexeris,
701 5485 797 5525 cor
824 5472 1002 5527 audax
1047 5474 1231 5542 facito,
1259 5477 1712 5550 Psalmorumque
1732 5491 1892 5536 eantu
1929 5499 2024 5537 ora

448 5560 674 5618 dicens:
711 5582 729 5615 ι
789 5563 904 5622 Non
961 5568 1176 5624 timebis
1216 5587 1244 5622 a
1296 5572 1491 5626 timore
1540 5583 1830 5641 nocturno,
1871 5593 1898 5630 a
1933 5593 2027 5632 sa-

448 5652 577 5720 gitta
624 5653 786 5726 437
825 5659 1042 5714 volante
1107 5665 1157 5716 iu
1193 5664 1299 5724 die,
1339 5679 1369 5716 ιι
1423 5668 1638 5733 negotio
1691 5669 1742 5720 in
1789 5671 2022 5725 tenebris

2110 1827 2216 1898 γάρ
2251 1827 2510 1890 πεσόντες
2559 1825 2722 1890 εὐθὺς
2773 1825 3197 1894 ἀνηρπάγησαν,
3235 1826 3421 1896 ἕτεροι
3469 1826 3535 1878 δὲ
3583 1827 3712 1878 ἁναο

2113 1917 2304 1988 στῆναι
2336 1918 2437 1971 οὐκ
2478 1917 2704 1988 ἴσχυσαν
2734 1919 2800 1988 τῇ
2829 1916 2940 1972 τῶν
2969 1917 3173 1988 ἡδονῶν
3204 1918 3479 1988 συνηθείᾳ
3503 1918 3586 1980 ὡς
3613 1919 3712 1970 ὑπὸ

2111 2009 2274 2079 νόμον
2325 2009 2596 2073 δεθέντες.
2622 2009 2687 2062 Τί
2709 2008 2817 2080 γὰρ
2857 2004 3026 2074 οἶδας,
3081 2009 3363 2080 ἄνθρωπε,
3408 2009 3460 2062 εί
3497 2009 3710 2078 ζήσεις,

2113 2103 2198 2157 ἵνα
2221 2105 2315 2156 καὶ
2360 2103 2721 2174 μετανοήσῃς,
2764 2103 2847 2155 ὅτι
2891 2101 3117 2172 χρόνους
3153 2103 3302 2173 ζωῆς
3344 2101 3543 2171 ἐαυτῷ
3575 2102 3710 2154 ὑπο-

2112 2197 2382 2268 γράφειςς
2422 2194 2715 2249 Κάνταῦθα
2770 2194 3004 2258 πταίων,
3028 2199 3094 2266 τῇ
3132 2196 3294 2266 σαρκί
3326 2212 3424 2248 σου
3478 2193 3709 2265 χαρίζῃ,

2110 2286 2229 2340 δέον
2264 2284 2469 2355 μᾶλλον
2508 2284 2844 2355 χαρίσασθαι
2891 2283 3106 2354 σεαυτῷ
3153 2284 3392 2337 Θανάτου
3430 2286 3544 2353 τὴν
3572 2284 3712 2352 μνή-

2117 2395 2224 2448 μην
2259 2377 2353 2430 καὶ
2396 2377 2484 2429 ἵνα
2539 2376 2806 2446 ζωγραφῇ
2853 2392 2946 2428 σου
2974 2377 3040 2445 τῇ
3084 2374 3283 2446 καρδίᾳ
3327 2374 3428 2445 τὴν
3460 2373 3709 2443 φοὸερὰν

2111 2471 2211 2539 τῆς
2235 2469 2468 2540 κρίσεως
2501 2469 2681 2538 δίκην,
2729 2469 2780 2521 εἴ
2829 2486 2946 2532 πως
2977 2468 3265 2538 δυνηθείης
3290 2468 3350 2520 τὸ
3376 2471 3710 2538 nugas-aiam

2111 2561 2210 2631 τῆς
2235 2561 2434 2632 σαρκὸς
2468 2561 2721 2631 φρόνημα
2751 2559 3111 2612 κατασϐέσαιο
3151 2560 3214 2612 οὐ
3243 2560 3351 2630 γὰρ
3388 2560 3575 2621 ἄλλως
3611 2578 3710 2612 κπ-

2113 2653 2398 2716 τασϐἐσεις
2424 2651 2492 2704 τὰ
2521 2652 2690 2722 πάθη.
2735 2652 2865 2722 πρὶν
2905 2652 2937 2720 ἢ
2975 2653 3040 2723 τῇ
3083 2651 3246 2723 σαρκί
3288 2668 3382 2703 σου
3428 2652 3708 2720 συγκεράς

2116 2759 2215 2814 σῃς
2245 2745 2369 2808 τοὺς
2401 2744 2500 2813 τῆς
2547 2744 2854 2814 ἁνασκευῆς
2889 2743 3068 2795 αὐτῶν
3118 2743 3334 2806 πόνους.
3391 2742 3540 2796 υῦτε
3595 2745 3704 2815 μὴν

2113 2835 2339 2906 ψυχικά,
2382 2836 2513 2905 πρὶν
2558 2835 2590 2906 ἢ
2627 2838 2691 2906 τῇ
2751 2834 2946 2905 καρδίᾳ
2983 2833 3346 2905 ἐξομσρήσεις
3385 2835 3521 2897 τοὺς
3565 2853 3706 2906 καρ-

2115 2927 2252 2991 ποὺς
2293 2927 2392 2996 τῆς
2445 2927 2689 2997 ἀγάπης.
2727 2926 2806 2980 Τὰ
2840 2926 2940 2996 μὲν
2979 2927 3269 2997 σωματικὰ
3316 2925 3468 2996 πάθη
3503 2928 3572 2980 ἐκ
3599 2927 3706 2979 τῶν

2115 3019 2360 3089 φυσικῶν
2399 3020 2498 3089 τῆς
2549 3019 2748 3090 σαρκὸς
2790 3019 2886 3091 τὴν
2927 3018 3107 3090 ἀρχὴν
3155 3017 3447 3087 λαμϐάνει,
3477 3017 3610 3071 καθ’
3632 3012 3706 3070 ὧν

2117 3113 2213 3166 καὶ
2242 3115 2275 3183 ἠ
2330 3113 2642 3182 ἐγκράτεια,
2669 3111 2735 3166 τὰ
2766 3112 2822 3165 δὲ
2854 3111 3058 3184 ψυχικὰ
3087 3113 3151 3164 ἐκ
3181 3106 3291 3164 τῶν
3327 3109 3585 3180 ψυχικῶν
3609 3109 3705 3181 τὴν

2117 3207 2315 3276 κύησιν
2350 3207 2485 3276 ἔχει,
2543 3205 2666 3258 καθ’
2700 3201 2774 3261 ὧν
2800 3207 2894 3260 καὶ
2927 3206 3194 3276 ὴάγὰπη.
3233 3203 3298 3258 'Il
3327 3205 3518 3276 ἀγάπη
3553 3205 3702 3257 ἀπα·

2118 3296 2268 3358 Θείας
2297 3297 2413 3347 ἐστὶ
2442 3295 2723 3362 συνάφεια,
2773 3295 2958 3348 παθῶν
3000 3295 3059 3348 δὲ
3091 3295 3397 3367 ἁπαλοιφὴ,
3442 3299 3548 3365 τὴν
3587 3314 3699 3366 μα-

2118 3387 2419 3460 κροθυμίαν
2464 3387 2834 3459 προφέρουσα.
2881 3389 2975 3442 xa‘t
3020 3388 3112 3442 τὸν
3156 3389 3348 3453 ζέοντα
3392 3389 3571 3458 Θυμδν
3609 3407 3703 3442 και

2118 3480 2579 3552 ταψύχουσα,τὴν
2631 3479 2962 3533 ταπείνωσιν
3012 3480 3421 3551 προϐάλλουσα,
3468 3480 3567 3532 καὶ
3604 3482 3701 3550 τὴν

2121 3572 2500 3644 ὑπερηφανίαν
2555 3575 2963 3642 καταφέρουσα.
3018 3573 3232 3644 ’Λγάπη
3283 3573 3395 3641 ἔχει
3430 3571 3534 3642 μὲν
3570 3573 3700 3626 ἴδιον

2119 3665 2270 3718 οὐδὲν
2299 3664 2436 3735 πλὴν
2464 3663 2558 3716 τοῦ
2581 3664 2715 3717 Θεοῦ
2741 3681 2753 3693 °
2791 3664 2928 3735 αὕτη
2964 3667 3072 3737 γάρ
3097 3667 3245 3718 ἐστιν
3269 3667 3297 3718 ὁ
3333 3664 3486 3729 Θεός.
3530 3665 3594 3718 '0
3623 3669 3702 3728 εις

2119 3757 2218 3827 τὴν
2248 3757 2482 3825 φαιδρὰν
2520 3757 2628 3809 τῶν
2663 3757 2912 3828 μοναχῶν
2945 3756 3247 3825 σύγκλητον
3265 3759 3543 3826 νεοπαγὴς
3570 3775 3701 3826 τυγ-

2120 3843 2321 3914 χάνων,
2352 3843 2677 3898 ἁπωθείσοω
2713 3848 2840 3906 τοὺς
2874 3845 3171 3915 λογισμοὺς
3203 3845 3331 3908 τοῦς
3369 3847 3700 3916 προσιόντας

2121 3932 2271 4003 αὑτῷ
2314 3933 2591 4004 εὐφημίας
2642 3935 2750 3988 ἀπὸ
2783 3936 2882 4006 τῆς
2909 3937 3248 4004 συγγενείας,
3274 3936 3365 3991 ἵνα
3415 3938 3490 4008 μὴ
3523 3939 3615 3990 τὸν
3641 3938 3702 4002 ἐξ

2122 4023 2426 4097 ἀνθρώπων
2478 4026 2718 4093 ἔπαινον,
2759 4026 2895 4080 ἀλλὰ
2935 4029 3027 4080 τὸν
3079 4029 3142 4081 ἐκ
3167 4028 3278 4082 τῶν
3304 4029 3542 4081 ἐντολῶν
3584 4047 3690 4098 μα-

2122 4117 2395 4190 καρισμὸν
2425 4119 2730 4190 ἐπιζητοίη.
2758 4119 2878 4171 Τῶν
2911 4119 2968 4172 δὲ
3000 4118 3099 4182 τὰς
3135 4119 3339 4183 δειλίας
3387 4119 3704 4173 εἰσϐαλλόν-

2122 4226 2233 4263 των
2249 4209 2519 4278 Κυρίνιον
2542 4211 2980 4281 καταθαρσείτω⁶
3008 4211 3068 4263 οὗ
3095 4210 3202 4280 γὰρ
3231 4211 3453 4266 ἐλάϐετε
3482 4212 3703 4283 πνεῦμα

2123 4299 2326 4367 δειλίας
2383 4301 2544 4355 πάλιν
2581 4305 2662 4366 εἰς
2711 4301 2875 4370 φόϐον
2904 4317 2920 4333 ο
2952 4301 3229 4371 πνεύματι
3272 4301 3479 4366 δειλίας
3508 4302 3704 4356 ἐαυτὸν

2055 4424 2099 4480 D
2129 4393 2202 4464 μὴ
2225 4393 2681 4460 καταπτησσέτω,
2721 4395 2856 4464 μήτε
2898 4392 3024 4454 τοὺς
3070 4394 3418 4464 νυκτερινοὺς
3464 4394 3703 4456 κτύπους

2125 4483 2233 4538 τῶν
2275 4483 2546 4555 δαιμόνων
2584 4484 2856 4556 τρεμέτω,
2910 4484 3112 4538 ὁπόταν
3167 4483 3292 4538 οὔτε
3327 4485 3471 4539 κατά
3506 4489 3702 4558 χοίρων

2124 4574 2321 4643 ἔχωσιν
2355 4574 2630 4638 ἐξουσίαν.
2669 4575 2759 4626 Ἐν
2787 4576 2909 4638 ταῖς
2947 4573 3164 4644 ὀψινατς
3195 4570 3289 4629 οὖν
3333 4574 3571 4640 ἐξελθὼν
3609 4579 3702 4647 τῆς

2125 4667 2344 4737 κέλλης,
2390 4666 2465 4738 μὴ
2504 4665 2791 4738 οροείσθω,
2821 4665 2917 4720 καὶ
2957 4666 3177 4734 φεύγων
3210 4667 3405 4720 ἀνόπιν
3434 4668 3699 4740 είσπηδὰο

2125 4778 2221 4821 τω.
2251 4760 2327 4822 ὼς
2364 4759 2474 4813 τῶν
2502 4759 2775 4829 δαιμόνων
2819 4759 2983 4830 δῆθεν
3033 4759 3511 4830 κατατρεχόντων,
3569 4759 3702 4814 ἀλλά

2125 4851 2314 4915 κλίνας
2337 4851 2408 4904 τὰ
2427 4852 2630 4919 γόνατα
2667 4853 2727 4904 ὲν
2755 4845 2799 4920 ᾧ
2825 4852 2976 4924 τόπῳ
2998 4851 3171 4924 δειλιᾷ
3203 4851 3478 4919 εὑξάσθω,
3503 4852 3567 4905 οὗ
3598 4853 3700 4923 γάρ

2127 4961 2209 4998 σοι
2235 4943 2623 4998 ἐπιπεσοῦνται
2657 4944 2762 4997 κᾶν
2787 4943 2932 4998 οὕτω
2960 4961 3019 4996 σε
3051 4943 3378 5016 θροήσωσιν·
3399 4943 3626 4998 ἐπειδὰν
3646 4943 3699 4997 δέ

2125 5038 2364 5108 ἀναστῇς
2391 5035 2628 5108 θάῥρυνε
2655 5035 2754 5108 τὴν
2783 5035 3033 5108 καρδίαν,
3065 5035 3372 5107 παρακάλει
3419 5037 3488 5107 τῇ
3511 5037 3691 5108 ψαλμ-

2124 5125 2277 5198 ῳδίᾳ,
2315 5145 2335 5179 ι
2381 5127 2456 5181 Οὐ
2520 5127 2806 5200 φοϐηθήσῃ
2855 5126 3094 5198 (λέγων)
3135 5126 3245 5181 ἀπὸ
3289 5126 3459 5196 φόϐου
3509 5145 3699 5181 νυκτε-

2129 5217 2300 5288 ρινοῦ,
2366 5220 2476 5273 ἀπὸ
2512 5220 2699 5290 βέλους
2762 5219 3059 5290 πετομένου
3111 5220 3346 5290 ἡμέρας,
3385 5217 3499 5272 ἀπὸ
3525 5221 3698 5289 πράγ-

2129 5326 2298 5381 ματος
2324 5311 2381 5364 ὲν
2413 5311 2596 5364 σκότει
2623 5309 3106 5382 διαπορευομένου,
3127 5310 3236 5363 ἀπὸ
3269 5327 3330 5362 συ
3341 5310 3695 5379 μπτὼματος,

2125 5403 2221 5455 καὶ
2267 5402 2546 5472 δαιμονίου
2592 5402 2995 5474 μεσημϐρινοῦ.
3035 5420 3054 5453 t
3096 5401 3252 5456 Οὕτω
3293 5402 3401 5473 γὰρ
3439 5403 3590 5468 ἅπαξ
3613 5403 3696 5454 καὶ

2127 5493 2417 5546 πολλοστὸν
2445 5495 2698 5563 ποιήσας,
2734 5493 2824 5547 τὸν
2875 5493 3106 5564 δαίμονα
3131 5493 3232 5564 τῆς
3276 5492 3481 5555 δειλίας
3511 5492 3696 5545 Θᾶττον

2127 5582 2220 5652 ἀφ’
2251 5581 2444 5636 ἐαυτοῦ
2470 5583 2787 5646 ἀπελάσεις.
2824 5583 3237 5646 ’Δδυνατοῦντες
3272 5581 3381 5652 γάρ
3407 5581 3559 5650 ἔργῳ
3580 5581 3694 5650 βλά-

2129 5693 2303 5742 πτειν,
2317 5679 2436 5739 ταῖς
2451 5677 2771 5745 φαντασίαις
2792 5676 2890 5748 τὴν
2913 5676 3090 5748 ψυχὴν
3104 5675 3526 5742 δειλοκοποῦσιν,
3547 5675 3631 5728 ἵνα
3649 5676 3693 5728 oi
