3858 6054
90 256 248 321 1125

1240 259 1671 322 TRACTATUS
1705 260 1808 319 AD
1843 257 2268 319 EULOGIUM.
3227 252 3364 317 11°26

80 375 385 445 ἄνθρωποι
431 374 558 447 τρὺς
604 374 872 440 ἀσθενεῖς,
924 377 1018 428 καὶ
1062 375 1378 440 ἀδυνάτους,
1428 374 1684 445 ἰσχυροὺς

1806 373 2220 437 ierambulante,
2243 373 2311 425 ab
2333 371 2577 432 incursu,
2599 381 2652 426 et
2673 347 2938 425 «immuniti
2959 370 3262 426 meridiano
3282 370 3363 432 ιτς

84 469 203 520 καὶ
228 468 487 530 δυνατοὺς
515 463 657 521 εἶναι
690 468 979 538 νομίσωσι.

1806 467 1876 520 sic
1907 466 2050 519 enim
2085 465 2275 530 semel,
2315 473 2370 518 et
2407 462 2750 518 multifariam
2784 464 2827 518 si
2875 463 3090 528 feceris,
3130 463 3366 520 relerit's

86 562 324 626 pavoris
371 561 672 614 daemonem
727 561 916 631 procul
970 575 1001 615 a
1054 561 1227 630 teipso
1250 557 1526 628 expelles;
1567 571 1692 610 cum
1735 556 1879 610 enim
1946 573 2110 628 opere
2151 557 2376 612 minime
2418 571 2614 610 nocere
2671 557 2918 626 possint;
2953 555 3367 627 imaginationi-

85 653 210 708 bus
263 654 501 707 animam
552 652 1058 722 perterrefacientes
1113 651 1379 722 aﬂlignnt,
1429 656 1492 702 ut
1550 646 1800 701 homines
1845 649 2138 717 opinentur
2211 647 2356 716 quod
2415 646 2580 700 validi
2616 656 2741 698 sunt
2797 662 2859 698 ac
2901 655 3147 715 potentes
3179 646 3214 700 ii
3267 646 3363 718 qui

85 759 231 799 vere
257 743 454 797 infirmi
483 750 632 806 sunt,
666 757 729 796 ac
768 741 1113 812 impotentes.

694 859 946 926 ΚΕΦΑΛ.
980 855 1106 910 ιιΑθ.

173 973 500 1037 Καλλίστοις
527 973 766 1044 ἱματίοις
792 971 867 1042 μὴ
903 968 1128 1022 σεαυτὸν
1161 963 1569 1038 περιστολίσῃς,
1597 961 1687 1014 ἵνα

2357 838 2587 896 CAPUT
2641 838 2832 894 XXIV.

1857 953 2244 1008 Pulcherrimis
2304 969 2371 1007 ne
2422 954 2653 1018 teipsum
2721 952 3163 1011 circumamicias
3208 956 3374 1012 vestit

90 1070 184 1140 μὴ
218 1068 312 1121 τὸν
355 1070 456 1138 τῆς
495 1064 804 1130 κενοδοξίας
847 1063 1079 1135 δαίμονα
1121 1057 1564 1133 προφανέστερον
1597 1056 1690 1107 svi:

1806 1047 2006 1111 nentis,
2059 1054 2116 1100 nt
2155 1060 2308 1100 vanae
2343 1047 2527 1115 gloria!
2558 1048 2856 1100 (lacrimntem
2891 1046 3235 1104 manifestius
3263 1064 3372 1104 non

88 1160 243 1231 δύσῃ
271 1176 286 1190 °
321 1160 382 1214 οὐ
413 1158 524 1229 γὰρ
564 1159 624 1211 ὲν
658 1156 846 1210 κάλλει
884 1154 1117 1224 ἱματίων
1150 1154 1206 1206 αἱ
1245 1150 1438 1222 ἀρεταὶ
1461 1144 1690 1220 φοροῦν-

89 1272 217 1318 ται,
246 1253 363 1307 ἀλλ’
391 1254 450 1305 ὲν
483 1251 672 1306 κάλλει
707 1249 888 1320 ψυχῆς
911 1248 962 1300 οἱ
993 1247 1146 1300 πόνοι
1175 1240 1643 1316 χρυσοφοροῦνται
1672 1255 1686 1270 ⁶

88 1345 199 1399 τὸν
231 1347 288 1400 δὲ
311 1344 404 1399 τοῦ
431 1342 566 1398 Θεοῦ
596 1342 760 1412 φόϐον
793 1339 1050 1394 ἐπενδύου
1078 1338 1186 1391 τῶν
1214 1336 1314 1406 τῆς
1339 1335 1576 1406 κρίσεως
1601 1348 1693 1386 κο-

88 1438 438 1508 λαστηρίων,
457 1435 607 1498 ὅπως
638 1433 789 1502 φόϐῳ
819 1449 890 1484 πυ
901 1427 1423 1502 ρὸς.άκατάσϐεστον
1439 1425 1538 1496 τὴν
1560 1423 1689 1496 θέρ-

95 1545 220 1597 μην
253 1528 544 1596 ὲπενδύσῃ,
571 1526 664 1580 καὶ
694 1524 838 1578 κατὰ
858 1524 956 1592 τῆς
977 1519 1337 1591 κακοτεχνίας
1359 1518 1556 1572 θᾶττον
1585 1516 1694 1568 τῶν

90 1622 388 1691 λογισμῶν
447 1619 772 1690 σοφισθήσῃ,
835 1615 978 1688 ἀρχὴ
1023 1613 1133 1685 γάρ
1170 1613 1318 1664 ἐστιν
1345 1612 1372 1663 ὁ
1407 1608 1572 1679 φόϐος
1597 1607 1696 1678 τῆς

96 1712 324 1780 σοφίας.
364 1711 422 1764 '0
467 1711 578 1764 τῶν
631 1709 909 1779 λογισμῶν
971 1705 1071 1778 τὴν
1127 1705 1338 1775 πλάνην
1386 1701 1477 1755 διὰ
1502 1699 1697 1771 πείρας

1790 1138 2008 1202 induas,
2057 1153 2159 1192 nec
2212 1140 2356 1192 enim
2404 1139 2632 1194 virtutes
2691 1140 2745 1192 in
2781 1141 3012 1194 vestium
3056 1139 3377 1197 deferuntur

1790 1230 2222 1302 pulchritudine,
2259 1246 2445 1284 verum
2481 1231 2533 1284 in
2585 1233 2780 1286 animae
2809 1231 3006 1287 decore
3038 1228 3254 1289 labores
3279 1249 3378 1290 ve-

1793 1324 1870 1379 lut
1897 1333 2084 1378 aurata
2119 1333 2400 1393 gestantur
2430 1324 2753 1396 vestimenta
2798 1343 2810 1378 :
2851 1327 3097 1395 quiuimo
3139 1326 3381 1396 punitio-

1791 1429 1923 1472 num
1945 1413 2138 1484 judieii
2174 1413 2267 1468 Dei
2305 1394 2636 1484 superindue
2667 1394 2916 1470 timorem
2953 1425 3011 1471 ut
3062 1394 3206 1473 metu
3241 1419 3381 1490 ignis

1791 1507 2290 1578 inexstingnibilem
2323 1508 2691 1578 supervestias
2741 1510 3002 1576 calorem,
3053 1511 3242 1582 sicque
3279 1512 3379 1567 ad-

1791 1615 1986 1655 versus
2026 1600 2416 1700 cogitationum
2474 1601 2734 1656 maleficia
2787 1604 3018 1657 celerius
3059 1604 3380 1661 edoceberis

1795 1693 2157 1760 sapientiam:
2198 1694 2413 1748 initium
2457 1695 2657 1764 quippe
2704 1696 2986 1765 sapientiae
3027 1697 3190 1751 timor
3212 1706 3294 1752 est
3313 1699 3378 1751 ⁸⁸.

95 1804 473 1872 ἐξαγγέλλων,
505 1803 566 1856 οὐ
599 1804 765 1856 πᾶσιν
805 1799 1110 1869 εῦγνωστος
1133 1799 1284 1851 ἔσται
1306 1794 1446 1866 πλὴν
1490 1793 1602 1846 τῶν
1639 1793 1696 1845 ὲν

1806 1785 1902 1853 Qui
1965 1787 2357 1858 cogitationum
2409 1788 2782 1856 deceptionem
2848 1804 2943 1859 per
2990 1790 3380 1858 experientiam

97 1893 299 1963 πείρᾳ,
329 1893 447 1955 ὁδὸς
475 1891 588 1961 γὰρ
617 1891 718 1961 τῆς
747 1893 804 1944 ὲν
834 1890 1008 1961 τούτῳ
1033 1887 1110 1959 τῷ
1145 1889 1304 1959 μέρει
1326 1885 1635 1956 γνωστικῆς
1659 1884 1693 1956 ἡ

99 1989 279 2056 πεῖρα
337 1984 716 2054 καθέστηκεν·
757 1983 906 2037 αἰτία
958 1983 1066 2054 γὰρ
1126 1980 1459 2051 ἀμφοτέρων
1480 1979 1693 2048 ὲστὶνή

97 2080 423 2149 πρακτικὴ,
453 2078 634 2145 ἥνπερ
673 2075 1036 2146 πονικώτερον
1088 2074 1433 2144 κατέχοντες,
1470 2070 1695 2132 ἑαυτοὺς

97 2171 532 2241 ὲπιγνωσόμεθα
583 2170 675 2223 καὶ
718 2168 996 2240 λογισμῶν
1048 2163 1546 2235 καταγνωσόμεθα,
1597 2160 1695 2214 καὶ

97 2266 244 2318 Θεὸν
278 2262 721 2334 έπιγνωσόμεθα.
768 2261 827 2313 '0
853 2261 916 2312 ὲκ
944 2259 1259 2331 πρακτικῆς
1284 2253 1572 2326 ἐκδημίας,
1601 2251 1696 2306 καὶ

99 2356 422 2427 γνωστικῆς
455 2355 716 2426 ἐνδημίας
738 2353 847 2406 τῶν
869 2351 1145 2421 λογισμῶν
1159 2352 1225 2420 τῇ
1247 2349 1411 2420 τέχνῃ
1430 2347 1554 2408 τοὺς
1572 2345 1698 2412 ἀφε-

100 2450 226 2514 λεῖς
247 2449 506 2519 ἀλείφων,
533 2447 776 2518 βλεπέτω
799 2444 875 2515 μὴ
899 2445 977 2508 εἰς
1000 2441 1225 2505 ἔνδειξιν
1250 2440 1407 2509 δόξης
1433 2437 1533 2507 τὴν
1554 2453 1696 2505 γνω-

103 2540 310 2612 στικὴν
340 2539 625 2612 κομπάζῃ·
655 2540 705 2591 εί
745 2536 804 2590 δὲ
833 2536 1093 2604 λογισμὸς
1137 2531 1342 2585 τούτων
1374 2528 1696 2600 μεγαλύνων

102 2634 388 2707 λῃστεύει,
442 2634 523 2696 είς
577 2630 830 2702 βοήθειαν
857 2629 1068 2682 λαϐέτω
1091 2627 1181 2679 τὸν
1227 2623 1463 2694 Ἕλληνα
1503 2620 1694 2691 ’1οθδρ,

103 2730 322 2798 Μωῦσῇ
373 2726 452 2798 τῷ
506 2724 729 2797 μεγάλῳ
780 2721 1037 2792 προφήτῃ
1069 2720 1168 2788 τὴν
1198 2718 1311 2770 ἀπὸ
1339 2717 1435 2786 τῆς
1474 2715 1697 2785 χάριτος

109 2822 292 2894 σοφὴν
321 2820 659 2892 συμϐουλίαν
693 2819 783 2872 διὰ
804 2815 986 2888 κρίσιν
1019 2813 1263 2867 ἐκδόντα.
1291 2811 1446 2862 Ἢτω
1471 2825 1565 2861 σου
1589 2807 1698 2859 τῶν

103 2913 397 2983 λογισμῶν
432 2915 465 2982 ή
492 2911 722 2980 δύναμις
767 2909 836 2962 τὰ
877 2906 1034 2979 ἔργα,
1072 2906 1140 2958 τὰ
1170 2903 1280 2973 γὰρ
1311 2900 1567 2972 πρακτέα
1593 2899 1698 2952 τῶν

107 3005 356 3059 λεκτέων
391 3003 508 3057 ἐστὶ
541 3000 976 3072 φιλοσοφώτερα,
1007 2997 1274 3065 καθάπερ,
1307 2994 1404 3046 καὶ
1425 2989 1699 3045 ἐπιπονώ-

107 3113 253 3168 τερα⁴
277 3110 292 3126 ·
325 3095 578 3165 πράξεως
629 3091 911 3164 παρούσης
940 3089 1129 3160 ῶσπερ
1173 3090 1220 3142 οἱ
1245 3086 1392 3155 λόγοι
1431 3082 1699 3153 ἐξαστρά-

111 3205 368 3251 π;ουσιν,
409 3186 586 3258 ἔργων
615 3183 768 3256 δὲμὴ
809 3183 1112 3254 παρόντων,
1135 3183 1192 3234 ὀἱ
1217 3180 1366 3248 λόγοι
1396 3178 1504 3231 τῶν
1533 3176 1702 3247 ἔργων

1813 3173 2099 3242 pientiora,
2156 3184 2216 3229 ut
2264 3177 2430 3230 etiam
2478 3175 2789 3239 laboriosa;
2859 3193 2980 3231 cum
3037 3177 3177 3231 actio
3227 3179 3389 3241 adsit,
3474 3225 3476 3227 ,

109 3277 349 3348 δύναμιν
397 3277 500 3330 οὐκ
556 3277 950 3346 ἀστράπτουσι.
996 3272 1207 3327 Πολιῶν
1235 3271 1510 3341 ἔγκλημα,
1542 3269 1700 3337 λόγος

109 3370 407 3440 νεώτερος,
440 3367 533 3421 καὶ
569 3366 724 3437 χείλη
754 3366 860 3434 πέρ
872 3380 1011 3435 περα
1038 3362 1405 3432 τινασσόμενα
1433 3360 1648 3429 γέλωτι,
1676 3361 1704 3412 ό

111 3463 172 3516 δὲ
209 3462 496 3532 ταράττων
524 3461 618 3514 καὶ
647 3458 1057 3529 ταραττόμενος
1088 3455 1236 3525 εικῆ,
1269 3453 1508 3525 γαλήνης
1547 3451 1704 3515 ἐκτὸς

113 3554 306 3621 ἔσται,
327 3552 423 3606 καὶ
453 3551 720 3613 κλύδωνος
767 3551 868 3603 οὐκ
892 3548 1063 3611 ὄντος,
1093 3545 1490 3618 χειματίζεται.

706 3848 958 3904 ΚΕΦΑΛ.
1004 3843 1136 3900 KE'.

192 3966 290 4037 Μὴ
319 3964 417 4035 τὴν
471 3963 701 4033 ἄκαιρον
765 3961 1022 4031 γλῶσσαν
1073 3957 1371 4029 λεξιθήρει,
1415 3956 1502 4010 ἵνα
1539 3956 1612 4026 μὴ
1645 3955 1706 4007 τὸ

116 4057 260 4114 αὐτὸ
284 4059 372 4126 ὑφ’
400 4049 475 4111 ὧν
516 4056 577 4108 οὐ
609 4053 786 4116 θέλεις
831 4051 1152 4122 ὐπομείνῃς.
1210 4047 1383 4118 Φεῦγε
1416 4047 1706 4118 πτερνίσαι

116 4149 222 4203 τοῦ
251 4148 484 4220 πλησίον
514 4147 614 4218 τὴν
639 4144 907 4213 γλῶτταν,
944 4143 1032 4196 ἵνα
1075 4142 1170 4194 καὶ
1213 4141 1276 4193 σὺ
1321 4139 1415 4192 τοῦ
1455 4138 1705 4192 διαϐόλου

118 4247 220 4300 τὸν
252 4243 590 4315 πτερνισμὺν
626 4237 897 4310 διαφύγῃς
920 4253 935 4264 ⁸
964 4235 1132 4307 φεῦγε
1182 4234 1437 4288 ὀνειδίσαι
1475 4232 1704 4302 ἀδελφοῦ

123 4355 228 4393 σου
268 4337 327 4390 τὸ
360 4337 629 4404 πταῖσμα,
665 4333 752 4386 ἵνα
784 4330 860 4403 μὴ
893 4333 991 4402 τῆς
1036 4325 1384 4398 συμπαθείας
1422 4324 1497 4389 ὡς
1551 4324 1708 4377 ἁλλόο

121 4427 297 4499 φυλος
353 4425 612 4496 ἔκπέσῃς,
652 4422 710 4476 ὐ
740 4420 839 4493 τὴν
895 4420 1258 4492 χρηστότητα,
1308 4417 1401 4470 καὶ
1443 4415 1543 4487 τήν
1571 4416 1708 4484 ἁγά-

1798 1881 2069 1946 enuntiat,
2127 1895 2234 1935 non
2290 1880 2546 1935 omnibus
2581 1881 2747 1950 probe
2801 1889 2966 1936 notus
3004 1883 3128 1944 erit,
3167 1893 3382 1953 praeter-

1797 1988 1958 2041 quam
1997 1972 2105 2036 his,
2139 1971 2233 2041 qui
2271 1971 2477 2040 experti
2529 1979 2676 2033 sunt,
2728 1987 2852 2026 cum
2888 1973 2969 2026 via
3010 1973 3061 2026 in
3094 1973 3197 2028 hac
3234 1983 3384 2042 parte

1797 2066 2178 2135 cognoscitisz
2210 2065 2332 2120 vita:
2368 2065 2704 2134 experientia
2737 2065 2838 2129 sit;
2863 2067 3060 2120 etenim
3096 2066 3384 2137 utriusque

1797 2174 1960 2214 causa
2006 2159 2245 2228 practica
2285 2167 2368 2212 est
2399 2158 2530 2218 vita,
2575 2173 2738 2227 quam
2781 2157 3110 2214 laboriosius
3139 2159 3386 2213 obtinen-

1799 2258 1877 2304 tes
1902 2265 2001 2304 nos
2033 2249 2178 2318 ipsos
2215 2233 2608 2313 agnoscemus,
2653 2260 2706 2303 et
2739 2249 3098 2320 cogitationes
3125 2253 3385 2306 condem-

1800 2342 2074 2406 nabimus,
2130 2352 2185 2397 et
2233 2341 2404 2397 Deum
2452 2358 2873 2414 cognoscemus.
2919 2343 3023 2410 Qui
3072 2345 3386 2416 pcregrina-

1800 2437 1947 2490 tione
1971 2436 2228 2502 practica,
2265 2445 2320 2491 et
2361 2437 2731 2507 cognoscitiva
2776 2439 3064 2508 prmsentia
3107 2440 3386 2509 simplices

1800 2526 1963 2580 illinit
2006 2537 2122 2581 arte
2168 2527 2554 2598 cogitationes,
2584 2537 2792 2594 careat,
2842 2545 2910 2586 ne
2949 2534 3014 2584 ad
3060 2534 3388 2587 ostentatio-

1801 2636 1923 2674 nem
1954 2619 2138 2690 gloriae
2172 2621 2460 2676 scientiam
2499 2623 2750 2691 jactite't;
2785 2624 2828 2679 si
2861 2634 3040 2679 autem
3072 2625 3264 2680 horum
3291 2641 3387 2680 co-

1800 2714 1991 2784 gitatio
2027 2715 2190 2777 elata,
2226 2715 2457 2770 latronis
2512 2717 2685 2770 instar
2724 2718 3092 2787 depizedetur,
3131 2718 3181 2772 in
3231 2721 3388 2774 auxi-

1805 2807 1932 2860 lium
1966 2817 2212 2862 assumat
2257 2809 2341 2862 ille
2368 2810 2620 2878 gentilent
2651 2808 2824 2876 Jetro,
2845 2812 2939 2881 qui
2979 2811 3147 2880 Moysi
3192 2828 3389 2881 magno

1802 2901 2075 2970 propheta:
2110 2903 2567 2956 consultationem
2604 2918 2702 2972 pro
2721 2903 2958 2973 ‘judicio,
2985 2914 3038 2958 et
3064 2905 3390 2960 benevolen-

1805 2991 1876 3044 tia
1911 3002 1995 3045 est
2026 2993 2310 3062 dilargitus
2343 2994 2408 3046 ⁵⁸.
2449 2992 2543 3048 Vis
2574 3004 2789 3049 tuarum
2843 2996 2952 3050 sint
2999 2997 3390 3066 cogitationum

1802 3077 1968 3150 438
1996 3095 2196 3149 opera;
2243 3097 2367 3135 nam
2397 3080 2640 3136 facienda
2677 3083 2922 3138 dicendis
2952 3085 3110 3154 longe
3145 3094 3274 3139 sunt
3302 3100 3390 3139 sa-

1805 3266 1962 3334 quasi
2019 3265 2295 3336 fulgurant
2350 3283 2654 3334 sermones,
2702 3285 2823 3323 cum
2867 3284 2997 3325 vero
3051 3287 3158 3324 non
3195 3272 3390 3326 adsint

1804 3373 1992 3429 opera,
2027 3360 2130 3412 vim
2167 3375 2389 3430 operum
2424 3362 2585 3416 verba
2613 3375 2719 3415 non
2750 3360 3046 3432 fulgurant.
3080 3363 3390 3418 Canesccn-

1803 3451 1940 3505 tium
1980 3453 2185 3507 crimen
2245 3468 2427 3508 sermo
2463 3454 2671 3524 junior,
2696 3463 2750 3507 et
2800 3453 2940 3508 labia
2974 3455 3222 3523 loquacia
3273 3454 3388 3509 risu

1806 3559 2109 3610 concussa;
2157 3545 2248 3612 qui
2299 3559 2431 3599 vero
2491 3545 2696 3612 turbat,
2745 3554 2798 3599 et
2841 3546 3094 3600 turbatur
3131 3547 3387 3611 inaniter,

1805 3645 1958 3692 extra
2015 3637 2465 3707 tranquillitatetn
2526 3638 2650 3704 erit,
2699 3655 2935 3710 cumque
2967 3656 3074 3696 non
3119 3640 3262 3696 adsit
3286 3640 3390 3698 ﬂu-

1806 3739 1950 3796 ctus,
1987 3741 2304 3802 tempestate
2341 3741 2585 3787 vexatur.

2382 3843 2610 3899 CAPUT
2648 3843 2814 3899 XXV.

1877 3957 1956 4012 Ne
1999 3958 2178 4013 verbis
2215 3958 2654 4027 intempestivam
2701 3959 2992 4028 aucuperis
3035 3961 3296 4030 linguam,
3334 3975 3389 4017 ut

1807 4051 1861 4106 id
1892 4051 2071 4120 ipsum
2109 4051 2177 4105 ab
2211 4051 2315 4118 his,
2343 4066 2373 4105 ιι
2404 4051 2604 4121 quibus
2640 4068 2746 4106 non
2777 4052 2881 4115 vis,
2913 4052 3030 4122 ipse
3075 4070 3183 4108 non
3214 4061 3385 4110 susti-

1806 4159 1958 4200 neas.
2001 4144 2144 4199 Cave
2181 4158 2250 4199 ne
2299 4144 2618 4214 supplantes
2663 4145 2895 4216 proximi
2942 4147 3205 4217 linguam.
3241 4159 3298 4204 ut
3336 4162 3388 4203 et

1809 4250 1865 4294 tu
1895 4237 2094 4292 diaboli
2159 4237 2627 4306 supplantationes
2694 4237 2960 4308 effugias:
2996 4255 3126 4295 cave
3183 4257 3252 4296 nc
3309 4245 3385 4295 tui

1809 4329 1990 4384 fratris
2011 4328 2308 4398 exprobres
2334 4339 2650 4397 peccatum;
2687 4338 2769 4395 ut,
2801 4332 2955 4400 quasi
2986 4333 3213 4388 diversa:
3235 4349 3389 4388 esses

1810 4432 2038 4487 naturae,
2071 4437 2178 4476 non
2208 4421 2430 4478 excidas
2459 4435 2489 4477 a
2515 4423 2916 4494 compassione.
2952 4424 3055 4492 Qui
3085 4426 3388 4497 benignita-

120 4537 242 4592 πῃν
263 4521 344 4584 είς
369 4519 462 4572 τὸν
493 4515 721 4585 ἀδελφὸν
771 4512 847 4585 μὴ
885 4513 1044 4584 ἔχων,
1076 4511 1194 4576 πῶς
1216 4511 1316 4580 τῆς
1344 4510 1702 4581 χριστοφόρου

1814 4525 1918 4570 tem
1951 4523 2114 4586 atque
2139 4515 2458 4570 charitatem
2492 4529 2602 4570 non
2630 4515 2793 4570 habet
2824 4533 2950 4586 erga
3006 4517 3251 4584 fratrem,
3279 4533 3389 4589 quo

119 4611 354 4680 ἀγάπης
383 4608 545 4680 μέλος
567 4607 632 4660 ἂν
657 4606 778 4676 εἴης
820 4605 990 4657 Ἑπὰν
1018 4606 1082 4675 τῇ
1107 4603 1342 4674 συντόνῳ
1367 4619 1461 4655 σου
1482 4601 1707 4672 νηστείᾳ

122 4701 360 4771 ἀδελφὸς
387 4698 705 4772 παραϐάλῃ,
733 4697 809 4769 μή
825 4695 933 4750 τῶν
958 4695 1237 4766 λογισμῶν
1257 4694 1355 4766 τὴν
1385 4694 1579 4765 ἀηδίαν
1604 4711 1709 4747 πα-

126 4792 334 4868 ραδέξῃ
371 4791 779 4860 ὑποτιθεμένων
814 4806 898 4842 σοι
938 4787 1162 4857 ὄχλησιν
1203 4789 1266 4857 τῇ
1297 4787 1518 4858 ήσυχίᾳ,
1549 4789 1708 4855 ἐγκο-

124 4885 241 4957 πὴν
288 4884 347 4937 δὲ
403 4887 470 4955 τῇ
521 4884 767 4954 νηστείᾳ,
808 4879 1020 4934 ποιοῦσι
1053 4879 1110 4932 δὲ
1153 4879 1313 4932 τοῦτο
1343 4879 1431 4934 ἵνα
1463 4880 1585 4933 ἰδὼν
1614 4879 1709 4932 τὸν

124 4977 366 5046 ἀδελφόν
417 4993 514 5029 σου
549 4975 626 5047 μὴ
677 4975 754 5038 ὡς
780 4974 913 5027 Θεὸν
954 4971 1118 5026 αὑτὸν
1153 4970 1290 5043 ἴδῃς.
1327 4972 1439 5036 Τὰς
1463 4973 1709 5042 συνεχεῖς

124 5070 243 5124 τῶν
281 5067 530 5138 ἀδελφῶν
559 5065 883 5126 ἐπιστασίας
919 5063 1171 5134 ὀχλήσεις
1205 5059 1343 5115 εἶναι
1387 5064 1461 5134 μὴ
1498 5064 1716 5131 φάσκω.

131 5178 262 5233 μεν,
304 5157 623 5228 συμμαχίαν
655 5157 711 5209 δὲ
762 5155 964 5226 μᾶλλον
1013 5154 1198 5208 πέλειν
1223 5169 1235 5182 ·
1271 5153 1414 5207 κατὰ
1461 5153 1562 5223 τῆς
1606 5155 1714 5224 φά-

126 5251 338 5319 λαγγος
378 5247 474 5302 τοῦ
519 5245 814 5302 ἀντιπάλου
852 5246 953 5315 τὴν
991 5244 1171 5297 αὐτῶν
1219 5242 1580 5313 χοροστασίαν
1612 5245 1715 5314 ἐμ-

132 5341 540 5413 πιστεύσωμεν.
593 5339 752 5394 Οὕτω
794 5338 905 5410 γάρ
958 5338 1038 5408 τῷ
1089 5336 1297 5408 φίλτρῳ
1339 5336 1440 5406 τῆς
1492 5336 1716 5407 ἀγάπης

134 5433 456 5499 ἑνωθέντες,
484 5431 582 5505 τὴν
609 5430 804 5485 κακίαν
833 5429 1203 5500 ὲξωθήσομεν,
1229 5430 1324 5480 καὶ
1349 5427 1418 5481 τὰ
1446 5427 1586 5498 ἔργα
1607 5427 1714 5480 τῶν

135 5526 338 5600 χειρῶν
391 5528 471 5591 είς
497 5525 587 5579 τὸν
619 5526 718 5596 τῆς
760 5521 1063 5593 φιλοξενίας
1111 5520 1387 5592 θησαυρὸν
1414 5520 1718 5591 μετακομί-

1815 4615 1972 4678 pacto
2001 4606 2305 4661 membrum
2336 4607 2441 4660 erit
2472 4607 2754 4663 charitatis
2776 4606 3059 4663 Christum
3092 4611 3391 4680 gestantis?

1812 4698 2036 4768 quando
2066 4697 2330 4752 continuo
2373 4711 2438 4751 ac
2463 4711 2573 4752 non
2606 4697 2909 4766 interrupto
2944 4708 3038 4753 tuo
3074 4695 3245 4756 frater
3291 4714 3391 4769 ap-

1812 4789 2142 4859 propinquet
2177 4787 2410 4858 jejunio,
2450 4803 2519 4864 ne
2547 4789 2940 4860 cOgitationum
2977 4789 3202 4845 insuave
3243 4789 3394 4845 fasti-

1814 4882 1963 4936 dium
2025 4880 2294 4948 suscipias
2363 4881 2748 4936 turbulentiam
2811 4892 2916 4936 tuae
2983 4883 3388 4952 suggerentiqu

1815 4973 1985 5042 quieti
2013 4983 2068 5027 et
2101 4973 2314 5043 jejunio
2352 4973 2835 5044 impedimentum;
2875 4975 2966 5029 sed
3016 4975 3119 5030 hoc
3160 4974 3389 5039 faciunt,

1812 5071 1873 5114 ut
1903 5060 2095 5116 videns
2123 5059 2344 5115 fratrem
2378 5070 2554 5125 tuum,
2589 5077 2699 5116 non
2737 5069 2795 5116 ut
2834 5063 2999 5116 Deum
3035 5061 3212 5132 ipsum
3254 5063 3395 5132 aspi-

1812 5155 1946 5209 cias.
1988 5153 2258 5209 Assiduas
2305 5152 2537 5208 fratrum
2575 5154 2962 5223 inspectiones,
3004 5170 3074 5211 ne
3109 5156 3394 5223 perturba-

1814 5247 1987 5303 tiones
2009 5262 2136 5302 esse
2161 5247 2432 5313 dicamus,
2457 5247 2839 5302 commilitium
2880 5263 3008 5304 vero
3033 5248 3215 5319 potius
3240 5263 3390 5310 esse;

1811 5350 2000 5395 contra
2037 5339 2333 5395 adversarii
2385 5340 2556 5395 aciem
2603 5341 2935 5397 collocemus
2986 5342 3227 5411 ipsorum
3259 5353 3393 5392 con-

1820 5434 2104 5493 sistentem
2133 5432 2385 5488 chorum.
2421 5432 2511 5488 Sic
2539 5433 2686 5489 enim
2716 5433 2996 5489 charitatis
3028 5432 3198 5486 amori
3236 5430 3392 5495 uniti,

1823 5525 2212 5598 malignitatem
2271 5526 2626 5596 expcllemus,
2680 5535 2735 5583 et
2791 5541 2958 5598 Opera
3015 5538 3275 5578 manuum
3326 5522 3395 5576 ad

216 5706 334 5740 "-‘7
371 5704 515 5762 Psal.
549 5721 636 5771 xc,
663 5705 718 5770 5,
752 5703 807 5763 6.
884 5703 930 5736 "
963 5704 1127 5758 Eccli.
1153 5719 1190 5769 ι,
1219 5704 1303 5758 l6.
1383 5703 1620 5756 "Exod.
1643 5716 1804 5767 xvm,
1832 5703 1886 5758 9.
