3858 6054
469 242 606 307 1127
1964 244 1992 302 ε

3642 252 3768 316 1128

463 365 779 417 thesaurum
813 359 1208 431 hospitalitatis
1254 360 1679 417 transferemus.
1714 358 1858 425 Non,
1885 359 1986 415 velt

2244 378 2351 417 ιεν.
2386 364 2500 434 Μἠ,
2527 364 2605 429 ὡς
2634 365 2794 438 χάριν
2819 365 3153 437 παρέχοντες
3180 368 3296 431 τοῖς
3332 366 3636 435 ἀδελφοῖς.
3665 372 3767 422 τού-

462 455 665 526 gratias
688 453 1012 510 exhibentes
1029 453 1314 520 fratribus,
1342 456 1493 525 ipsos
1521 454 1862 524 excipiamus
1886 471 1902 520 ;
1925 467 1985 508 se

2219 472 2276 518 υς
2327 454 2715 525 δεξιωσὼμεθα
2737 498 2753 520 ,
2794 458 2915 511 ἀλλ’
2949 458 3027 523 ὡς
3056 460 3317 531 ὑπόχρεοι
3359 459 3536 523 ὄντες
3574 460 3657 530 τῷ
3684 462 3742 515 δα

458 562 522 602 ac
561 547 607 602 si
639 545 958 601 fenerationi
994 547 1272 601 debitores
1315 563 1586 611 essemus,
1618 561 1712 601 eos
1746 560 1873 602 cum
1907 561 1981 601 sm

2242 544 2415 615 ῗσματι
2472 547 2593 617 μεθ’
2630 548 2840 612 ἱκεσίας
2892 548 3212 619 ξενίζωμεν,
3268 550 3467 614 καθὼς
3521 551 3765 618 ὑπέδεξε

459 639 774 709 plicationc,
825 650 884 692 ut
930 640 1171 694 ostendit
1212 637 1333 705 Lot,
1394 639 1732 709 excipiamus
1786 637 1982 706 hospiti

2241 654 2296 690 ιτ.
2330 638 2492 703 Τινὲς
2524 641 2621 693 ἐπὶ
2675 641 2813 711 ξένῳ
2846 642 3123 714 ἀξιώματι
3156 644 3253 698 καὶ
3283 645 3467 712 ξένως
3506 645 3764 715 ἐπαίρον-

459 729 714 796 Quidam,
751 731 904 801 quasi
960 730 1127 802 539
1183 731 1253 785 ob
1305 731 1647 802 peregrinam
1701 730 1982 798 dignitatet

2246 770 2263 794 ,
2312 731 2408 783 καὶ
2462 733 2591 786 ὅταν
2619 733 2719 804 μὲν
2766 732 2918 799 ξένον
2956 734 3200 790 καλῶσιν
3223 737 3469 800 ούδόλως
3505 754 3764 807 mgnu-

459 823 747 894 peregrine
780 838 1002 893 quoque
1052 822 1373 885 ell‘eruntur,
1425 832 1482 877 et
1522 822 1795 893 equidem,
1826 836 1982 891 quam

2241 840 2357 888 ισιν,
2410 824 2547 879 ἀλλὰ
2596 826 2691 879 καὶ⁵
2744 826 2836 881 τὸν
2865 828 2966 897 τῆς
3003 828 3259 899 κλήσεως
3299 828 3474 897 λόγον
3506 830 3595 900 τῷ
3622 829 3764 900 τύφῳ

461 924 651 971 notum
683 924 881 971 vocant
913 914 1210 985 hospitem,
1241 916 1555 969 nullatenus
1584 915 1763 984 ipsum
1793 923 1984 968 exorat

2241 912 2506 979 ιτύνουσι,
2540 914 2634 969 τὸν
2681 918 2740 972 δὲ
2784 918 3229 991 παραιτούμενον
3258 923 3339 987 ὡς
3374 923 3468 992 ἐφ’
3498 922 3764 994 ὑϐρικότα

461 1008 558 1063 sed
590 1018 645 1063 et
678 1008 986 1064 vocationis
1012 1008 1239 1063 verbum
1273 1007 1565 1063 insolentia
1597 1006 1773 1061 fastus
1792 1006 1984 1059 dilatat

2238 1022 2499 1077 μφονται’
2536 1007 2629 1062 διά
2655 1009 2813 1063 τοῦτο
2853 1010 2999 1081 μέγα
3046 1012 3281 1088 φύσημα
3324 1014 3603 1069 ἐντεῦθεν
3634 1018 3761 1071 ἀνα⁹

461 1100 607 1155 etde
630 1108 938 1163 recusante,
967 1107 1029 1153 ut
1051 1098 1443 1153 contumeliam
1478 1095 1767 1160 inlerente,
1805 1111 1983 1167 conqu

2238 1098 2387 1155 Ξεται.
2424 1101 2490 1154 Οἱ
2518 1100 2629 1173 γὰρ
2666 1100 2919 1174 λογισμοὶ
2943 1104 3006 1157 τὸ
3036 1104 3194 1176 ὄμμα
3220 1106 3322 1179 τῆς
3350 1107 3553 1179 ψυχῆς
3588 1125 3761 1181 παρα-

463 1202 696 1248 runlur:
734 1192 856 1247 ideo
890 1207 1085 1261 magna
1116 1191 1243 1247 inde
1274 1191 1659 1246 reacceuditur
1693 1190 1929 1255 inflatio;
1953 1204 1983 1243 c

2237 1190 2469 1254 ιτοῦντες
2515 1192 2948 1263 τυφλώττουσιν,
2977 1197 3070 1254 ἶνα
3110 1199 3231 1264 ταῖς
3294 1199 3760 1266 καλλίσταιςτῶ

460 1286 757 1356 gitatioues
778 1286 981 1356 quippe
1010 1285 1231 1340 oculum
1268 1285 1466 1339 anima:
1495 1294 1925 1353 compungentes
1952 1299 1983 1337 e

1563 1294 1925 1353 mpungentes
1952 1296 2051 1337 exc
2150 1284 2385 1341 ἐντολῶν
2416 1287 2696 1364 κακίστως
2722 1290 3084 1364 χρησώμεθα.

458 1388 702 1445 cacant,
757 1378 833 1434 ita
902 1389 963 1434 ut
1013 1379 1419 1434 honestissimis
1476 1377 1746 1431 mandatis
1813 1375 2050 1446 pessime

459 1478 705 1526 utamur.

1020 1580 1251 1638 CAPUT
1297 1580 1488 1635 XXVI.

2725 1583 2981 1639 ΚΕΦΛΛ.
3026 1585 3173 1655 κεῖ.

527 1696 761 1765 Quando
792 1707 846 1752 te
897 1698 1160 1769 cngitatio
1220 1698 1583 1769 praepedierit,
1644 1708 1840 1753 utnon
1889 1699 2047 1754 valde

2235 1688 2393 1741 Ὀταν
2438 1686 2699 1761 λογισμὸς
2743 1691 2953 1764 ὲγκόψῃ
2992 1710 3074 1759 σε,
3137 1694 3214 1767 μη
3246 1696 3400 1765 ἄγαν
3454 1698 3758 1770 βιάσασθαι

456 1805 622 1862 cogas
645 1789 866 1845 fratrem
900 1790 968 1846 ad
1001 1805 1285 1855 mensam;
1313 1800 1445 1845 tunc
1468 1805 1566 1862 per
1603 1791 1864 1861 idipsum,
1896 1807 1979 1862 (ιυε

2242 1780 2493 1853 τραπέζῃ
2525 1781 2618 1835 τὸν
2648 1782 2900 1851 ἀδελφὸν,
2923 1784 3047 1839 τότε
3077 1786 3147 1840 δι’
3176 1788 3346 1841 αὑτοῦ
3381 1791 3663 1862 κωμῳδεῖ
3680 1810 3759 1857 σε,

460 1884 717 1937 nimirum
764 1880 831 1936 ad
883 1881 1180 1937 violentum
1237 1883 1443 1938 amoris
1494 1884 1755 1952 impetum
1802 1882 1983 1954 lingua

2243 1870 2614 1944 βεϐιασμένην
2628 1872 2774 1943 ἔχειν
2802 1875 3049 1943 γλῶτταν
3072 1878 3153 1941 είς
3180 1880 3282 1950 τὴν
3305 1880 3441 1950 βίαν
3465 1885 3579 1953 τῆς
3622 1884 3761 1951 ἀγά-

461 1974 660 2029 habere
712 1989 821 2030 non
878 1974 1079 2030 debeas
1126 1991 1343 2031 summa
1386 1976 1435 2029 vi
1492 1977 1948 2043 contendentem,

2236 1982 2259 2028 ς
2284 1977 2298 1992 ⁸
2332 1966 2415 2017 σοὶ
2459 1966 2559 2034 μὲν
2606 1966 2717 2037 γὰρ
2765 1968 2897 2031 ἴσως
2938 1969 3231 2024 ὑποϐάλλει
3272 1973 3385 2025 τῶν
3428 1974 3759 2028 κυκλευτῶν

460 2065 801 2121 subsannat:
844 2066 941 2121 tibi
987 2082 1220 2135 namque
1248 2066 1475 2121 forsitan
1521 2067 1762 2138 suggerit
1818 2067 1983 2124 fratre

2241 2071 2247 2106 ι
2282 2054 2374 2107 τὸν
2401 2055 2633 2125 ἀδελφὸν
2666 2057 2959 2129 ὑπάρχειν,
3001 2060 3095 2114 καὶ
3115 2061 3198 2113 ὅτι
3230 2062 3425 2133 ἄρτοις
3456 2065 3764 2135 ἀρκεσθεὶς

460 2175 630 2215 unum
679 2175 802 2215 esse
853 2175 919 2215 ex
959 2159 1401 2226 circulatoribus,
1458 2175 1552 2214 seu
1606 2162 1939 2228 trivialibus,

2239 2147 2684 2221 ικέσθω,”ὲκείνφ
2730 2151 2787 2204 δὲ
2825 2152 3086 2222 ἐμϐάλλει
3135 2153 3452 2223 φιλοξενίαν
3493 2158 3660 2227 παρὰ
3686 2161 3762 2211 σοὶ

459 2251 605 2321 quod
647 2252 881 2321 panibus
911 2262 1200 2309 contentus
1238 2253 1431 2319 abeat;
1466 2254 1540 2307 illi
1590 2270 1719 2309 vero
1775 2256 1982 2311 immitti

2240 2242 2505 2313 παράπαν
2537 2243 2611 2313 μὴ
2664 2244 2986 2315 εὑρηκέναιο
3020 2245 3120 2317 τῆς
3160 2247 3272 2319 γάρ
3299 2254 3643 2321 πρακτικῆς
3672 2253 3761 2306 αύ-

462 2342 882 2413 hospitalitatem
946 2344 1091 2415 apud
1157 2355 1210 2401 te
1271 2360 1497 2416 prorsus
1556 2363 1665 2401 non
1729 2347 1985 2403 invenisst

2237 2336 2242 2384 ὦ
2272 2335 2582 2405 μεταϐολῆς
2606 2335 2665 2389 τὸ
2684 2337 2839 2407 ὄμμα
2861 2337 3166 2407 βαστάζων,
3196 2339 3293 2393 ἕνα
3321 2338 3402 2411 τῷ
3429 2341 3521 2395 ἑνὶ
3552 2346 3616 2395 ἐν
3650 2346 3760 2403 sui;

460 2436 692 2490 actualis
744 2451 984 2507 namque
1038 2437 1159 2507 ejus
1214 2438 1537 2492 mutationis
1589 2450 1871 2508 aspectum
1929 2439 1982 2509 ip

2240 2428 2402 2495 οδίαις
2434 2428 2715 2498 ἐμϐάλλει,
2740 2430 2827 2483 ἵνα
2853 2429 2947 2483 τοῦ
2974 2430 3076 2502 μὲν
3096 2430 3195 2502 τὴν
3232 2432 3566 2502 φιλοξενίαν
3605 2436 3763 2487 ὑπεκ-

457 2529 717 2600 cogitatio
748 2535 996 2599 portans,
1032 2544 1197 2584 unum
1227 2528 1382 2584 alteri
1408 2530 1549 2585 intra
1583 2531 1750 2585 corda
1804 2532 1980 2586 itnntit

2238 2520 2313 2590 frg,
2345 2518 2437 2572 τοῦ
2469 2520 2525 2571 δὲ
2560 2518 2832 2591 λοιδορίαν
2882 2519 3254 2596 ὲκϐλαστήσῃ.
3318 2523 3604 2595 ’Λϐραάμ
3630 2527 3761 2579 καί»

460 2630 521 2676 ιιι
570 2621 734 2693 hujus
764 2622 985 2693 quidem
1045 2623 1292 2678 succidat
1331 2623 1782 2694 hospitalitatem,
1818 2624 1983 2680 alteri

2239 2612 2480 2683 ενος.πρὺ
2507 2613 2605 2683 τῆς
2653 2612 2881 2685 σκηνῆς,
2914 2613 2963 2665 εἰ
3007 2630 3109 2666 που
3144 2614 3269 2669 τινά
3297 2615 3413 2669 τῶν
3436 2617 3762 2689 παριόντων

459 2725 643 2770 autem
694 2715 1086 2771 contumeliam
1147 2714 1310 2771 faciat
1366 2716 1713 2787 germinare;
1767 2718 1982 2773 Abraha

2239 2722 2318 2774 pa,
2342 2705 2487 2775 ἔργῳ
2512 2705 2876 2777 προσεδέχετο
2901 2722 2916 2737 ο
2955 2705 3123 2771 ζῶσιν
3146 2709 3205 2759 ὲν
3236 2707 3474 2781 ἀσεϐείᾳ
3514 2710 3762 2781 ὲξήπλον

458 2808 654 2862 sedens
708 2816 835 2862 ante
890 2808 1336 2885 tabernaculum,
1394 2810 1570 2864 sicubi
1610 2826 1769 2880 quem
1820 2820 1981 2881 przete

2241 2817 2247 2839 ν
2302 2797 2600 2870 τράπεζαν,
2644 2797 2957 2870 βαρϐάρους
3001 2798 3313 2871 δεχόμενος,
3360 2801 3641 2870 ἀγγέλων
3667 2806 3764 2858 οὐκ

458 2896 708 2951 euntium
741 2896 1001 2965 vidisset,
1037 2913 1202 2968 opere
1254 2900 1559 2969 excipiebat
1592 2918 1605 2954 :
1638 2903 1949 2957 viventibus

2239 2891 2444 2961 ἔτυχεν.
2482 2891 2660 2943 Ἶσασι
2691 2891 2791 2961 τὴν
2822 2891 2920 2961 τῆς
2952 2890 3260 2961 φιλοξενίας
3290 2892 3634 2966 γλυκύτητα
3650 2897 3762 2949 ὅσοι

461 2989 741 3057 impietate
798 3004 1045 3045 mensam
1093 2992 1455 3061 expandebat,
1502 2994 1741 3063 dumque
1780 2995 1984 3049 barhan

2248 2984 2558 3047 ιτεύσαντες
2594 2982 2700 3038 ὑπὸ
2752 2984 2956 3053 ταύτην
3001 2984 3391 3057 ὲξενίσϐησαν,
3419 2987 3519 3040 ὅτε
3550 2989 3655 3041 καὶ
3680 2989 3762 3042 λό-

458 3082 752 3151 exciperet,
792 3082 1000 3151 angelis
1037 3098 1143 3137 non
1194 3083 1293 3138 fuit
1324 3083 1643 3141 frustratus.
1671 3084 1885 3140 Norunt
1916 3086 1981 3141 du

2236 3093 2243 3133 ,'
2290 3078 2588 3146 προσηνὴς,
2656 3075 2920 3143 γλυκεῖαν
2963 3076 3155 3148 ἀρτύει
3210 3079 3313 3148 τὴν
3358 3081 3759 3152 τράπεζαντῇ

458 3174 709 3229 cedinem
772 3174 1163 3244 hospitalitatis
1241 3177 1556 3247 quicunque
1630 3178 1981 3249 peregrinitat

2236 3166 2365 3238 ρδίᾳ.
2389 3168 2541 3221 Μετά
2560 3168 2765 3237 πολλῆς
2785 3164 2879 3221 οὖν
2904 3170 3140 3241 σπουδῆς
3160 3170 3260 3241 τὴν
3287 3170 3614 3239 φιλοξενίαν
3627 3191 3759 3244 χρη-

460 3267 700 3338 hospitio
748 3269 852 3323 sub
906 3284 969 3322 ea
1027 3268 1248 3324 fuerunt
1273 3272 1486 3341 excepti
1517 3314 1531 3337 ,
1574 3264 1982 3343 quandoqui‘det

2237 3260 2555 3329 ποιώμεθα,
2589 3259 2676 3312 ἵνα
2724 3260 2797 3330 μὴ
2826 3261 2991 3331 μόνον
3017 3262 3303 3330 ἀγγέλους,
3322 3264 3463 3319 ἀλλὰ
3487 3266 3597 3318 καὶ
3624 3266 3760 3320 Θεὸν

457 3370 513 3414 et
566 3376 811 3415 mensam
868 3361 1018 3415 cordi
1071 3361 1284 3417 dulcem
1346 3364 1535 3418 condit
1592 3380 1776 3419 sermo
1827 3368 1977 3420 suavi

2236 3350 2562 3422 οδεξώμεθα.
2595 3371 2615 3404 ι
2651 3353 2771 3421 Ἐφ’
2804 3354 2931 3407 ὅσον
2962 3355 3092 3425 γάρ,
3123 3358 3308 3428 φησὶν,
3340 3359 3660 3429 ἐποιήσατε
3682 3362 3759 3413 ἑνὶ

457 3451 652 3524 Magno
705 3452 869 3523 igitur
926 3468 1051 3507 cum
1112 3454 1295 3509 studio
1357 3454 1779 3525 hospitalitatem
1841 3457 1980 3509 utilit

2235 3447 2353 3498 ὶτων
2379 3446 2488 3500 τῶν
2513 3446 2758 3518 ἀδελφῶν
2783 3464 2883 3517 μου
2907 3448 3017 3502 τῶν
3045 3450 3367 3521 ἐλαχίστων,
3401 3454 3539 3522 ἐμοὶ
3568 3458 3758 3527 ἐποιή-

456 3560 836 3610 exerceamus,
876 3553 935 3599 ut
986 3560 1095 3598 non
1158 3547 1381 3617 angelos
1432 3550 1800 3612 solummodo,
1855 3551 1947 3602 sed

2233 3560 2300 3595 ιε.
2342 3563 2360 3596 i
2404 3544 2500 3608 Ti;
2527 3545 2636 3597 τῶν
2665 3544 3110 3614 γνωστικώτερον
3150 3545 3250 3616 τὴν
3284 3546 3493 3617 ἀρετὴν
3531 3549 3756 3617 μετιόνς

459 3634 629 3689 Deum
666 3638 841 3706 ipsum
876 3636 1280 3706 suscipiamus:
1314 3658 1331 3689 ι
1379 3638 1653 3705 Quantum
1692 3639 1858 3713 440
1893 3642 1979 3694 cni

2231 3653 2253 3689 ν
2312 3634 2486 3699 οὑτως
2520 3636 2859 3708 ἀπεκρίνατο
2884 3654 2898 3667 ·
2931 3637 3043 3700 Τάς
3084 3637 3389 3708 ἐνηχούσας
3415 3641 3533 3691 τῶν
3558 3640 3754 3711 δαιμό-

458 3728 682 3799 (inquit)
712 3728 924 3784 fecistis
972 3732 1066 3784 uni
1102 3730 1331 3786 fratrum
1380 3733 1608 3787 istorum
1660 3750 1907 3789 meorum
1937 3752 1981 3789 Ill

2225 3747 2248 3781 ν
2279 3730 2335 3781 ὲν
2362 3732 2427 3800 τῇ
2478 3729 2675 3801 καρδία
2730 3729 3032 3800 φαντασίας
3077 3730 3268 3783 εἴωθεν
3302 3732 3677 3801 ὲξαφανέζειν
3720 3738 3748 3803 ἡ

456 3822 757 3885 nimorum,
810 3820 942 3874 mihi
1004 3820 1212 3876 fecistis
1240 3823 1307 3877 '°.
1345 3842 1362 3874 ι
1408 3822 1641 3890 Quidam
1690 3840 1905 3886 eorum,
1945 3844 1977 3898 q

2225 3823 2579 3893 ςφιλοξενίας
2605 3823 2831 3895 σπουδὴ,
2856 3823 2952 3877 καὶ
2999 3823 3231 3895 δαψιλὴς
3279 3825 3569 3896 ὑπηρεσία
3616 3844 3748 3897 πρη.

454 3915 711 3970 virtutem
760 3914 953 3985 majori
1003 3931 1130 3971 cum
1164 3916 1475 3987 cognitione
1518 3929 1932 3984 consectantur,
1967 3920 1977 3974 i

2226 3934 2331 3985 an);
2360 3917 2647 3988 γινομένη,
2679 3916 2840 3987 εἴπερ
2870 3933 2955 3981 τις
2981 3916 3091 3969 τῶν
3123 3916 3267 3969 ὑλῶν
3302 3917 3749 3990 όπωσδηποτοῦν

454 4010 776 4081 respondit:
812 4010 1132 4066 lusonantes
1174 4010 1489 4067 daemonum
1547 4014 1599 4067 in
1647 4015 1811 4070 corde
1847 4017 1977 4086 imag

2225 4011 2494 4081 ήλλακται
2514 4027 2526 4040 ·
2567 4010 2743 4064 ταῦτα
2767 4010 2826 4063 δὲ
2858 4011 3123 4079 γινόμενα
3151 4010 3294 4079 μετὰ
3320 4010 3746 4082 ταπεινώσεως,

453 4102 705 4158 nationes
742 4105 1024 4158 consuevit
1064 4104 1282 4174 penitus
1317 4105 1530 4160 abolere
1570 4105 1812 4161 studium
1854 4110 1976 4178 hos;

2224 4107 2238 4155 l.
2265 4104 2559 4174 συντριϐῆς
2591 4102 2823 4173 καρδίας
2857 4102 3054 4157 θάττον
3078 4103 3451 4157 ἀπαλλάττειν
3468 4104 3589 4156 τῶν
3614 4123 3747 4173 φαν-

453 4194 711 4260 talitatis,
768 4197 1164 4266 cupiosumque
1226 4196 1456 4251 libenter
1506 4199 1807 4254 exhibitum
1876 4202 1976 4254 mir

2222 4196 2345 4249 σιῶν
2371 4196 2462 4249 τὸν
2494 4197 2797 4264 κάμνοντα.
2826 4195 3043 4266 Σφόδρα
3071 4196 3181 4266 γάρ
3210 4197 3491 4250 δεδοίκασι
3520 4197 3629 4269 τὴν
3652 4217 3745 4252 τα-

450 4284 704 4350 stet'ium,
756 4285 802 4339 si
848 4288 1010 4340 modo
1057 4287 1347 4343 mundanis
1400 4291 1656 4345 sordibus
1709 4292 1869 4346 luerit
1912 4310 1973 4361 qu

2220 4288 2403 4340 ίνωσιν
2422 4287 2473 4340 οἱ
2509 4288 2789 4357 δαίμονες,
2820 4288 3026 4351 εἰδότες
3046 4287 3254 4359 ταύτην
3274 4288 3623 4360 δεσποτικὴν
3648 4308 3743 4359 γεο

451 4381 738 4444 utcunque
795 4374 1098 4431 liberatus:
1134 4378 1247 4433 hzec
1286 4395 1412 4435 vero
1460 4379 1598 4436 facta
1646 4398 1771 4436 cum
1816 4384 1974 4438 lmmil

2219 4378 2403 4449 θῆσθαι
2458 4378 2700 4449 ἐντολήν.
2757 4379 2854 4443 Τίς
2888 4378 2997 4432 τῶν
3055 4379 3455 4451 δοκιμωτάτων
3487 4384 3742 4457 περίτα-

452 4474 587 4532 tate,
643 4466 938 4537 cordisque
992 4470 1356 4534 contritione,
1409 4473 1642 4527 celerius
1684 4474 1917 4529 liberant
1964 4492 1975 4531 ε

2216 4472 2453 4536 ινώσεως
2477 4472 2635 4540 λόγον
2666 4470 2855 4537 κινῶν,
2887 4471 2982 4526 καὶ
3010 4471 3170 4525 τοῦτο
3208 4475 3630 4544 κατεμήνυσεν,
3658 4477 3739 4530 ὅτι

451 4555 937 4627 imaginationibus
978 4561 1264 4631 fatigatum
1314 4579 1327 4614 :
1372 4566 1526 4619 valde
1573 4584 1809 4638 namque
1835 4570 1972 4626 diem

2210 4568 2347 4640 ιτὴρ,
2388 4568 2546 4638 φησὶ,
2577 4568 2689 4621 τῶν
2728 4568 2871 4621 πάνυ
2915 4568 3157 4639 δοκίμων
3192 4569 3299 4623 ὑπὸ
3330 4570 3733 4641 δαιμονῶντος,

450 4662 550 4702 nes
590 4648 980 4717 pertimescunt
1004 4651 1384 4720 humilitatem,
1426 4658 1659 4713 scientes
1705 4676 1825 4715 eam
1853 4663 1973 4720 Dori

2209 4664 2231 4716 ἰ
2258 4663 2450 4724 δεινῶς
2482 4661 2844 4732 ἀφραίνοντος
2871 4662 2973 4733 τὴν
3007 4663 3236 4732 σιαγόνα
3276 4664 3605 4734 κρουσθεὶς,
3648 4669 3731 4720 εὑ-

449 4740 637 4795 nicum
693 4755 817 4795 esse
866 4752 1215 4813 prmceptum.
1254 4748 1482 4812 Quidam
1522 4752 1972 4821 probatissimam

2205 4776 2231 4821 ς
2261 4755 2578 4822 ἐναλλάξας,
2617 4757 2711 4810 καὶ
2747 4756 2846 4827 τὴν
2900 4756 3070 4828 ἄλλην
3111 4759 3339 4828 ἑτοίμην
3384 4760 3725 4832 παρέθηκεν.

446 4847 677 4891 movens
717 4849 1025 4891 sermonem
1052 4836 1119 4891 de
1151 4839 1473 4906 humilitate,
1499 4853 1549 4898 et
1578 4846 1722 4900 istud
1758 4849 1969 4921 signiﬁc

2203 4852 2251 4904 δὲ
2279 4851 2354 4913 ὡς
2385 4850 2490 4903 ὑπὸ
2532 4850 2822 4921 ἀστραπῆς
2857 4850 2957 4920 τῆς
2995 4849 3383 4915 ταπεινώσεως
3437 4856 3726 4927 ἀντικρου-

446 4927 544 4992 vit,
575 4928 773 4999 inquit,
798 4929 1075 4997 nimirum,
1104 4934 1250 5003 quod
1291 4934 1451 4991 Pater
1487 4954 1702 5003 eorum,
1746 4945 1837 5012 qui
1874 4946 1969 4999 val.

2206 4944 2309 5009 εὶς,
2339 4944 2434 4997 καὶ
2473 4941 2817 5012 κραυγάσας,
2854 4928 3176 5014 ἀθρόωςτοῦ
3205 4944 3536 5014 πλάσματος
3557 4948 3724 5018 ἀφήλ-

446 5028 604 5074 erant
633 5021 841 5091 probati
865 5022 937 5077 ab
964 5022 1203 5089 homine,
1228 5042 1391 5097 quem
1421 5030 1630 5087 daemon
1660 5034 2023 5103 corripuerat,
2132 5036 2282 5090 λατο.

361 5164 365 5168 .
444 5112 650 5182 quique
700 5116 938 5185 graviter
956 5116 1291 5185 jinsaniebat,
1346 5122 1400 5176 in
1446 5126 1661 5180 maxilla
1705 5142 2018 5196 percussus,
2062 5132 2247 5187 statim
2322 5131 2619 5192 alternans,
2687 5133 2742 5180 et
2780 5125 2940 5180 aliam
2991 5137 3237 5197 paratam
3284 5133 3606 5199 proposuit,
3644 5133 3726 5186 ille

443 5219 574 5259 vero
599 5205 744 5260 velut
772 5222 803 5261 a
827 5208 1037 5281 fulgure
1068 5210 1392 5270 humilitatis
1424 5232 1797 5285 repercussus,
1827 5229 1881 5274 et
1912 5222 2175 5289 clamans,
2204 5223 2492 5279 confestim
2529 5238 2561 5275 a
2599 5226 2850 5277 creatura
2890 5218 2981 5272 illa
3041 5219 3264 5273 desiliit.

986 5323 1216 5381 CAPUT
1251 5326 1464 5383 XXVII.

2723 5333 2974 5386 ΚΕΦΛΛ.
3002 5334 3127 5387 ΚΖ¹.

512 5433 654 5501 Quin
693 5445 747 5489 et
790 5438 964 5492 sancti
1002 5416 1288 5508 Epipltanii
1326 5442 1565 5511 episcopi
1603 5453 1683 5499 est
1719 5445 1880 5500 etiam
1920 5448 2021 5504 huc

2212 5447 2532 5519 Ἐπιφανίου
2566 5445 2662 5499 τοῦ
2703 5445 2862 5515 ἀγίου
2895 5447 3197 5500 ἐπισκόπου
3245 5447 3343 5499 καὶ
3381 5441 3547 5513 οὗτος
3573 5449 3603 5501 ό
3638 5449 3722 5503 λό-

441 5540 676 5597 sequens
695 5528 935 5586 dictum:
963 5532 1072 5595 Ait,
1097 5534 1238 5602 quod
1276 5532 1372 5587 fuit
1400 5536 1620 5605 quidam
1656 5539 1827 5595 vidua:
1852 5541 1964 5596 fidei

2197 5558 2245 5606 ς.
2290 5540 2541 5615 Ἐγένετο
2599 5540 2703 5608 ὅτι,
2748 5539 2902 5609 φησὶ,
2950 5540 3126 5613 χήρας
3168 5537 3371 5607 πιστῆς
3426 5540 3552 5603 υίὸς
3589 5540 3720 5611 ἔχων

512 5662 559 5695 ³⁸
591 5663 781 5719 Matth.
816 5681 945 5730 xxv,
974 5667 1062 5722 40.
