3858 6054
63 352 210 418 ιξει

1189 360 1630 422 TBACI‘ATUS
1666 361 1767 422 AD
1799 359 2228 421 EULOGIUM.

3199 351 3339 418 1130

53 464 299 533 δαίμονα
365 459 641 526 Πύθωνος,
680 463 738 515 ἐν
767 463 834 533 τῇ
879 463 1060 536 πληγῇ
1091 464 1348 536 χρονίσας
1375 463 1648 535 θραπείαν

1770 463 1920 527 ilius,
1950 463 2152 519 habens
2186 463 2488 519 daemonem
2519 463 2796 535 Pythonis,
2819 472 2891 530 et,
2917 464 3124 521 diutius
3160 466 3214 521 in
3247 467 3338 522 illa

55 557 166 626 οὑχ
221 553 506 625 ὑφίστατο.
552 556 664 626 Τῆς
697 556 754 609 δὲ
806 555 999 611 τούτου
1051 557 1258 628 μητρὸς
1290 557 1652 611 ἐπιταπεινω-

57 647 263 718 θείσης
297 646 376 717 τῷ
419 645 630 711 πένθει,
667 648 992 719 εὐχαριστία
1025 649 1087 702 τὸ
1128 648 1300 712 πάθος
1331 648 1650 716 κατέψυξεν,

54 738 216 811 ἤπερ
247 743 312 794 ἐκ
332 740 570 810 σταυροῦ
593 740 690 810 τὴν
712 739 892 813 ψυχὴν
927 741 1278 814 κρεμάσασα,
1302 743 1395 794 τὸν
1421 742 1653 812 δαίμονα

54 831 159 884 τοῦ
186 833 378 898 παιδὸς
402 834 527 894 ταῖς
580 833 766 901 εὐχαῖς
810 832 1094 904 ἀπέρρηξε
1125 852 1140 864 ·
1170 833 1265 888 τοῦ
1305 833 1414 904 γὰρ
1443 834 1565 887 νέου
1595 834 1653 886 ἐν

55 924 180 987 τοῖς
214 924 408 994 μέρεσι
435 925 548 988 τοῖς
579 925 740 996 πέριξ
764 925 1122 997 πλανωμένου
1178 928 1274 981 καὶ
1315 927 1416 997 τῆς
1445 925 1652 998 μητρὸς

55 1015 208 1069 οἴκοι
263 1015 583 1088 εὐχομένης,
646 1017 707 1070 τὸ
761 1018 964 1088 ταύτης
1017 1018 1185 1090 ὄνομα
1211 1018 1350 1090 βοῶν
1379 1021 1407 1072 ὁ
1443 1019 1651 1090 δαίμων

58 1107 331 1176 βασάνοις
357 1108 655 1178 ἠλαύνετο·
690 1111 724 1180 ἡ
756 1109 812 1162 δὲ
856 1111 989 1164 αὑτὸ
1018 1111 1178 1165 τοῦτο
1225 1110 1524 1174 ἀκούουσα,
1552 1113 1655 1165 οὑκ

56 1200 354 1271 ἐπέδραμε
391 1199 470 1272 τῷ
523 1201 813 1272 πράγματι
849 1203 950 1273 τὴν
995 1203 1175 1273 μάχην
1206 1206 1306 1275 τῆς
1337 1203 1554 1272 φύσεως
1585 1206 1653 1275 τῇ

54 1291 397 1347 ταπεινώσει
455 1292 819 1363 δεσμεύουσα,
871 1295 1138 1366 ἑλκομένη
1189 1295 1247 1350 δὲ
1305 1297 1436 1368 παρ’
1479 1297 1656 1351 ἄλλων

56 1383 392 1456 ἀϐουλήτως
416 1386 685 1456 ἀπήγετο,
718 1385 982 1441 ἐπέκεινα
1015 1388 1073 1442 δὲ
1103 1388 1196 1442 καὶ
1217 1389 1246 1442 ὁ
1281 1388 1491 1460 δαίμων
1523 1393 1658 1462 χρῆ-

59 1476 195 1529 σθαι
231 1479 296 1548 τῇ
332 1479 479 1548 φυγῇ
528 1477 813 1548 ἐμαίνετο.
853 1479 918 1534 Ἦ
972 1481 1072 1552 μὲν
1112 1476 1206 1535 οὖν
1236 1482 1531 1546 ἐπιστᾶσα,
1563 1483 1660 1536 καὶ

57 1570 179 1631 τοῖς
210 1566 446 1640 δάκρυσι
486 1570 579 1622 τὸν
629 1571 798 1624 παῖδα
851 1573 1328 1646 περιπτυξαμένη,
1364 1573 1460 1646 τήν
1496 1575 1660 1644 εὑχα-

61 1657 312 1726 ριστίαν,
344 1659 441 1712 καὶ
457 1659 792 1715 ταπείνωσιν
820 1663 967 1717 κατὰ
984 1663 1078 1716 τοῦ
1108 1664 1362 1734 δαίμονος
1385 1665 1659 1737 προύϐάλ-

55 1749 212 1814 λετο,
240 1750 457 1822 πικρῶς
487 1751 544 1805 δὲ
577 1752 918 1827 κλανσάσης,
949 1755 1046 1809 καὶ
1083 1757 1320 1828 Χριστὸν
1371 1757 1659 1812 ἱκετευσά-

62 1859 195 1912 σης,
238 1843 336 1896 καὶ
387 1842 479 1895 τὸν
527 1843 764 1914 σταυρὸν
809 1846 1165 1917 τυπωσάσης,
1211 1848 1342 1918 πρὶν
1375 1848 1658 1917 μαστίγων

62 1934 308 1999 πολλῶν,
355 1934 554 1989 θᾶττον
591 1937 689 1991 τοῦ
725 1936 921 2001 παιδὸς
959 1940 987 1990 ὁ
1028 1937 1240 2008 δαίμων
1274 1939 1509 2011 ἀπέδρα.
1550 1941 1660 2010 Ζη-

61 2027 259 2080 λοῦσιν
286 2030 335 2083 οἱ
363 2028 618 2101 δαίμονες
641 2031 770 2095 τοὺς
807 2033 866 2085 ἐν
896 2033 1144 2104 ὑποταγῇ
1192 2033 1407 2103 [ἰατρὸς
1455 2034 1662 2104 ἀστρά-

69 2138 339 2186 πτοντας,
371 2122 469 2176 καὶ
495 2122 744 2196 τρίζουσι
777 2127 898 2180 κατ’
925 2125 1107 2178 αὑτῶν
1153 2127 1280 2190 τοὺς
1307 2127 1550 2193 ὀδόντας,
1579 2128 1660 2182 ὅτι

60 2216 124 2267 ἐν
174 2217 244 2287 τῇ
303 2215 550 2286 ὑποταγῇ
624 2216 725 2288 τὴν
783 2218 1068 2290 άποταγὴν
1098 2220 1421 2292 ἀμερίμνως
1451 2221 1659 2291 ἐζύγω-

63 2321 281 2373 γωσαν,
309 2306 430 2360 καθ’
452 2299 529 2360 ὧν
550 2309 646 2360 καὶ
672 2308 976 2378 προφάσεις
997 2308 1481 2379 άκριϐολογοὺντες
1511 2326 1656 2381 παρ-

62 2400 347 2470 οξυσμοὺς
397 2398 676 2471 ἁρτύουσι,
727 2401 824 2454 καὶ
877 2403 942 2473 τῇ
978 2401 1352 2474 συμϐαινούσῃ
1380 2402 1661 2474 ὀργῇ,τὴν

68 2493 242 2563 μῆνιν
287 2491 678 2563 ἐγγλύφουοιν,
735 2493 929 2547 ἔπειτα
969 2494 1027 2548 δὲ
1078 2495 1172 2548 καὶ
1217 2496 1377 2565 μῖσος
1407 2495 1542 2564 πρὸς
1570 2494 1662 2548 τὸν

66 2585 302 2656 Πατέρα
359 2584 484 2638 κατ’
515 2584 696 2654 ὀλίγον
729 2583 973 2655 ἐψοῦσιν,
1003 2586 1079 2650 ὡς
1132 2585 1226 2640 ἅτε
1279 2586 1438 2657 δῆθεν
1460 2587 1662 2650 ἀδίκως

69 2678 507 2747 ἐπιπλήττοντα,
535 2677 631 2730 καὶ
659 2677 802 2730 κατὰ
833 2678 1124 2748 πρόσωπον
1150 2679 1487 2750 προσέχοντα
1513 2696 1528 2712 ο
1576 2681 1661 2733 ἵνα

69 2767 138 2817 ἐκ
171 2765 448 2838 διαφόρων
468 2766 682 2836 τρόπων
710 2766 810 2838 τὴν
836 2767 1018 2838 ψυχὴν
1057 2769 1526 2839 περιτινάξαντες,
1552 2770 1662 2823 τῶν

66 2858 334 2924 ἀγκαλῶν
362 2859 705 2930 σκορπίσωσι
736 2859 846 2912 τῶν
870 2861 1176 2930 πατρικῶν.
1214 2861 1271 2914 ’0
1308 2861 1401 2915 οὖν
1430 2863 1490 2916 ὲν
1525 2864 1659 2915 ὑπο-

69 2953 219 3021 ταγῇ
273 2951 485 3022 Πατρὸς
529 2953 814 3024 ὑπάρχων,
849 2953 1074 3025 ὕϐρεσιν
1126 2954 1399 3025 ήττάσθω,
1443 2955 1538 3008 καὶ
1567 2973 1661 3008 τα-

71 3044 342 3097 πεινώσει
377 3045 602 3110 νικάτω,
635 3045 729 3099 καὶ
768 3045 1125 3117 μακροθυμίᾳ
1162 3046 1534 3119 ρυθμιζέσθω,
1567 3048 1660 3102 καὶ

1753 555 1908 626 plaga
1937 570 2280 626 permanens,
2330 555 2558 612 minime
2605 557 2936 626 suscipiebat
2975 559 3334 614 curationem.

1754 646 1887 717 Ejus
1924 656 2105 702 autem
2138 657 2314 704 matre
2337 649 2485 704 luctu
2514 649 2820 715 humiliata,
2859 651 3160 719 gratiarum
3194 652 3336 707 actio

1755 736 2092 805 refrigeravit
2137 741 2468 809 passionem,
2527 757 2649 811 qua:
2693 741 2932 797 animam
2963 758 2994 796 e
3019 758 3180 799 cruce
3212 759 3336 799 sus-

1755 827 2024 896 pendens,
2079 830 2382 885 daemonetn
2437 849 2467 886 a
2515 847 2684 901 puero
2727 833 2925 902 abiecit
2958 834 3337 902 orationibus;

1755 928 1880 968 cum
1932 916 2075 970 enim
2129 918 2183 971 in
2233 919 2502 988 partibus,
2548 936 2671 989 qua:
2707 923 3132 992 circumquaque
3191 932 3334 990 sunt,

1756 1007 2072 1067 adolescens
2088 1013 2446 1083 vagabundus
2473 1025 2702 1080 erraret,
2727 1017 2986 1087 domique
3015 1027 3188 1073 mater
3213 1031 3338 1070 ora-

1759 1108 1860 1165 ret,
1893 1102 2132 1172 ejusdem
2169 1121 2366 1160 nomen
2395 1107 2699 1164 vociferans
2747 1110 2960 1164 dammn
3006 1110 3339 1165 cruciatibus

1758 1188 2098 1258 agitabatur;
2134 1193 2248 1262 ipsa
2295 1209 2424 1250 vero
2454 1196 2504 1250 id
2551 1198 2774 1252 audiens
2801 1196 2960 1270 44],
3000 1214 3106 1253 non
3146 1215 3340 1253 act-ur—

1758 1285 1830 1339 rit
1875 1285 1944 1338 ad
1993 1301 2107 1340 rem
2137 1286 2439 1354 visendam,
2485 1305 2721 1361 pugnam
2779 1302 2989 1346 naturae
3035 1296 3342 1350 humilitate

1759 1379 2094 1446 devinciens,
2129 1391 2298 1438 tracta
2323 1399 2454 1440 vero
2487 1389 2554 1439 ab
2576 1386 2700 1441 aliis
2727 1385 2898 1441 invito
2928 1387 3340 1450 abducebatur;

1760 1481 1817 1543 at
1855 1473 1963 1527 illic
1993 1473 2206 1531 daemon
2254 1475 2552 1532 furibundo
2601 1477 2804 1547 impetu
2846 1481 3130 1551 agebatur,
3167 1491 3225 1536 ut
3256 1482 3343 1535 fn—

1759 1580 1882 1636 gam
1930 1568 2216 1636 arriperet.
2276 1569 2364 1624 Illa
2413 1571 2579 1641 igitur
2626 1572 2930 1638 insistens,
2974 1576 3345 1644 lacrymistlue

1760 1657 1932 1712 tilium
1967 1658 2436 1727 circumfundens,
2478 1663 2776 1734 gratiarum
2821 1667 3114 1734 actionem,
3155 1678 3212 1722 et
3240 1669 3344 1722 hu-

1761 1750 2120 1806 miliationem
2177 1752 2440 1809 adversus
2487 1755 2790 1812 daemonem
2849 1758 3163 1828 objiciebat.
3203 1759 3341 1814 Cum

1763 1851 1944 1898 autem
1977 1858 2162 1899 amare
2183 1844 2829 1915 ejulasset,etChristum
2865 1852 3088 1920 supp'ex
3121 1867 3347 1906 exoras-

1761 1941 1865 1999 set,
1913 1948 2244 2006 crucemque
2306 1936 2683 2003 eﬂ'ormasset,
2733 1949 2861 1995 ante
2897 1943 3064 1996 multa
3110 1942 3342 2012 ﬂagella,

1762 2023 1996 2080 celerius
2050 2041 2080 2079 a
2109 2041 2282 2096 puero
2343 2028 2556 2084 daemon
2611 2031 2843 2102 aufugit.
2887 2031 3050 2088 Valde
3103 2034 3349 2089 invident

1762 2117 2039 2173 diemones
2069 2119 2154 2186 iis,
2195 2121 2291 2192 qni
2327 2122 2379 2176 in
2425 2123 2599 2179 Patris
2649 2124 2990 2195 subjectione
3029 2140 3346 2195 coruscant,

1759 2217 1816 2264 et
1855 2211 2118 2277 adversus
2148 2229 2242 2269 eos
2294 2214 2588 2270 stridentes
2624 2218 2878 2272 dentibus
2925 2217 3184 2286 fremunt,
3221 2222 3347 2291 quia

1763 2301 1818 2354 in
1873 2303 2214 2372 subjectione
2270 2307 2387 2361 sine
2432 2323 2582 2373 cura,
2643 2310 2830 2363 mundi
2883 2311 3346 2368 renuntiationem

1767 2392 2206 2463 conjunxerunt,
2244 2403 2434 2451 contra
2489 2413 2626 2468 quos
2659 2411 2916 2456 accurate
2976 2402 3348 2472 disquirentes

1765 2494 2097 2554 praatextus,
2153 2487 2486 2545 irritationes
2527 2501 2813 2561 apparant,
2867 2503 2940 2558 et,
2999 2498 3346 2566 contingente

1764 2578 1933 2632 animi
1989 2581 2368 2650 succensione,
2418 2582 2559 2638 iram
2614 2585 2952 2656 insculpunt,
2993 2596 3182 2658 postea
3218 2605 3348 2645 vero

1763 2679 1818 2726 et
1846 2671 2031 2727 odium
2076 2673 2131 2727 in
2169 2674 2382 2731 Patrem
2435 2677 2697 2746 paulatim
2727 2691 2987 2751 coquunt,
3029 2683 3252 2752 perinde
3282 2699 3349 2740 ac

1768 2762 1969 2832 injuste
2011 2765 2264 2822 videlicet
2318 2767 2667 2840 aiﬂigentem,
2704 2781 2757 2826 et
2803 2773 2874 2828 ob
2904 2789 2966 2829 os
3001 2774 3350 2830 animadver—

1764 2863 1989 2924 tentem,
2023 2867 2103 2926 ut,
2128 2859 2359 2916 diversis
2381 2863 2559 2918 modis
2586 2865 2824 2919 animant
2847 2868 3347 2936 circumcutientes,

1765 2962 1828 3004 ex
1881 2949 2024 3006 ulnis
2083 2953 2322 3023 paternis
2365 2955 2700 3027 dispergant.
2763 2958 2862 3024 Qui
2903 2975 3034 3031 ergo
3074 2961 3129 3016 in
3168 2963 3352 3030 subjeo

1767 3040 1944 3097 ctione
1964 3041 2142 3100 Patris
2171 3055 2282 3110 est,
2314 3049 2658 3104 contumeliis
2686 3051 2860 3113 cedat,
2895 3063 2948 3106 et
2975 3054 3352 3110 bumiliatione

75 3135 155 3206 μὴ
190 3135 304 3188 τῶν
349 3137 629 3209 λογισμῶν
670 3136 1159 3207 ὑπογογγυζόντων
1217 3139 1497 3208 άνεγὲσθω
1532 3139 1665 3210 πρὸς

1774 3133 1975 3203 vincat,
2018 3147 2071 3192 et
2113 3137 2523 3211 longanimitate
2567 3152 2920 3214 temperetur,
2964 3163 3066 3202 nec
3098 3149 3352 3204 submur-

74 3229 487 3302 αὑστηρότητα,
535 3230 634 3285 καὶ
692 3230 939 3300 ἀδελφῶν
982 3231 1324 3305 θρασύτητα.

649 3479 902 3535 ΚΕΦΑΛ.
947 3479 1083 3535 KH’.

144 3588 260 3642 Καὶ
303 3587 385 3640 ὃτι
435 3585 720 3658 μοχθηρᾶς
762 3586 1008 3651 δουλείας
1035 3589 1068 3658 ή
1100 3584 1384 3657 ἐλευθερία
1423 3583 1668 3651 ἰσὸζυγος

22 3717 24 3723 -
75 3681 139 3732 οὑ
170 3679 473 3749 τυγχάνει,
517 3677 860 3731 εἰσϐάλλουσι
889 3677 999 3748 γὰρ
1030 3677 1298 3748 μάλιστα,
1346 3677 1439 3730 καὶ
1473 3695 1667 3748 περαι-

22 3811 23 3814 η
75 3773 225 3844 τέρω
250 3772 475 3836 τούτων,
501 3768 590 3823 ἵνα
608 3770 818 3840 αὐθάδη
846 3772 939 3824 τὸν
967 3769 1288 3836 ὑπεξούσιον
1320 3770 1666 3840 ποιήσαντες,

76 3864 329 3933 εὐχερῶς
359 3863 564 3926 εἰςτὰς
610 3862 742 3926 ὔλας
786 3861 1187 3933 περιπείρωσν
1242 3861 1366 3922 τοὺς
1417 3860 1514 3930 μὲν
1560 3860 1668 3933 γάρ

22 3975 24 3982 '
75 3958 175 4009 καὶ
225 3955 315 4008 διὰ
361 3955 568 4008 τούτων
606 3956 708 4026 τῆς
746 3953 1093 4024 πατροσύνης
1151 3954 1384 4025 χωρίσαι
1433 3953 1669 4006 σπουδά-

22 4093 23 4096 η
79 4049 240 4112 ζουσι
268 4090 283 4113 ,
321 4049 446 4112 τοὺς
468 4049 532 4101 ’δὲ
565 4050 658 4102 καὶ
689 4048 755 4101 δι’
786 4049 1014 4118 ἐτέρων.
1055 4048 1329 4118 Ἐργασαι
1356 4086 1370 4104 ,
1407 4046 1502 4099 καὶ
1533 4047 1667 4116 κτῆ-

80 4159 193 4204 σαι,
227 4141 569 4206 καὶξένισαι,
600 4139 748 4193 ἔνδον
774 4140 1084 4210 ἐπᾴδοντες,
1122 4139 1270 4201 ὅπως
1298 4137 1471 4208 ὄνομα
1505 4139 1670 4192 καλὸν

80 4232 301 4303 σεαυτῷ
339 4235 675 4304 περιποιήσῃ
700 4249 711 4259 ·
753 4233 860 4286 ἀπὸ
894 4232 1003 4303 γὰρ
1045 4234 1153 4284 τῶν
1187 4231 1349 4300 δῆθεν
1385 4230 1564 4285 καλῶν
1601 4233 1670 4284 τὰ

79 4326 307 4391 ζιζάνια
349 4329 450 4397 τῆς
486 4325 756 4394 πονηρίας
789 4324 850 4378 τὸ
884 4325 1028 4377 κατὰ
1079 4325 1242 4395 μέρος
1285 4323 1666 4395 ἐνσπείρουσι,

78 4419 179 4474 καὶ
208 4417 356 4488 παρὰ
391 4418 492 4487 μὲν
523 4418 620 4480 τὰς
655 4417 828 4487 ἀρχὰς
857 4417 1082 4486 ἀφιᾶσιν
1110 4415 1271 4468 αὑτὸν
1294 4417 1359 4485 τῇ
1387 4432 1447 4466 κε
1460 4415 1664 4486 νοδοξίᾳ

1775 3237 2058 3283 morantes
2085 3230 2441 3299 cogitationes
2471 3234 2741 3292 sustineat
2767 3237 2833 3292 ad
2865 3240 3261 3308 austeritatem,
3296 3250 3352 3296 et

1768 3318 2057 3374 audaciam
2092 3321 2144 3374 in
2169 3321 2384 3379 fratres.

2303 3458 2536 3515 CAPUT
2578 3460 2814 3519 XXVIII.

1843 3570 2017 3625 Etiam
2071 3573 2215 3643 quod
2265 3575 2512 3630 servituti
2571 3593 2896 3637 aerumnosa?
2949 3583 3198 3654 (scilicet
3236 3588 3350 3644 dar-

1773 3678 1962 3718 mones
2001 3664 2243 3735 dictant)
2283 3667 2506 3725 libertas
2553 3688 2661 3727 non
2710 3685 2793 3730 est
2826 3679 3072 3747 aequalis,
3112 3681 3220 3736 imo
3257 3698 3355 3753 pn-

1772 3756 1880 3810 tius
1907 3761 2078 3811 multo
2110 3759 2194 3812 his
2224 3761 2374 3829 plttra
2411 3763 2748 3833 immittunt,
2801 3778 2894 3836 ut,
2925 3787 3050 3826 cum
3091 3774 3355 3829 audacem

1771 3849 2026 3916 potestati
2070 3851 2346 3906 subditum
2383 3854 2680 3923 eﬂ'ccerint,
2731 3859 2892 3915 facile
2931 3878 3150 3933 quoque
3195 3881 3354 3920 mun-

1772 3940 1930 3992 danis
1980 3941 2234 3997 sordibus
2281 3943 2545 4014 inligant;
2604 3950 2804 4003 etenim
2851 3951 2950 4006 hos
2985 3954 3201 4022 quidem
3258 3973 3355 4026 per

1773 4030 1890 4085 haec
1921 4047 2176 4099 separare
2209 4036 2429 4091 student
2457 4052 2484 4090 a
2521 4041 2882 4107 paternitate,
2939 4044 3137 4100 alteros
3170 4057 3352 4101 autem

1771 4139 1870 4194 per
1919 4125 2044 4179 alia.
2101 4124 2362 4194 Operare,
2411 4137 2466 4182 et
2515 4145 2738 4202 peregre
2785 4132 2948 4205 442
3004 4135 3356 4195 advenientes

1776 4216 2016 4286 hospitio
2047 4217 2249 4284 recipe,
2284 4217 2433 4274 intus
2479 4221 2758 4278 hortantes
2803 4226 3078 4280 daemones
3129 4228 3352 4297 instant,

1772 4324 1883 4379 quo
1915 4325 2112 4364 nomen
2146 4311 2240 4364 tibi
2271 4313 2592 4381 pratclarum
2625 4330 2938 4386 compares;
2988 4333 3111 4372 nam
3157 4335 3220 4375 ex
3270 4322 3356 4377 bis

1777 4405 2025 4460 videlicet
2056 4406 2213 4461 bonis
2256 4407 2378 4461 lolia
2411 4410 2633 4464 malitia:
2663 4413 2938 4481 sigillatim
2982 4415 3350 4472 inseminant:

80 4509 545 4581 ἐγγλυκα-ἱνεσθαι
565 4550 578 4572 ,
604 4509 700 4562 καὶ
730 4509 919 4580 νήφειν
949 4511 1014 4579 τῇ
1050 4510 1267 4576 συνεχεῖ
1294 4507 1540 4578 νηστείᾳ,
1571 4509 1665 4561 καὶ

1775 4509 1828 4553 et
1873 4499 2013 4568 apud
2071 4500 2408 4570 principatus
2439 4503 2656 4572 quidem
2698 4506 2981 4561 dimittunt
3014 4507 3164 4563 illutn
3218 4527 3353 4565 vana

80 4601 390 4674 προθύμως
439 4600 765 4655 ἀνίστασθαι
815 4601 874 4653 ἐν
914 4604 1033 4663 ταῖς
1080 4603 1447 4670 προσευχαῖς,
1483 4601 1577 4653 καὶ
1615 4602 1672 4654 ἐν

80 4698 208 4757 ταῖς
240 4692 648 4760 συνάξεσιν,.ὼς
681 4692 767 4746 ἵνα
795 4691 1099 4763 λογίζηται,
1130 4692 1574 4760 ὂτιὙπεξούσιος
1599 4694 1675 4748 ῶν

80 4786 330 4849 τοιοῦτος
367 4787 469 4840 οὑκ
513 4785 848 4855 ἐτύγχανον·
885 4786 1004 4837 ἐκεῖ
1031 4785 1140 4854 γὰρ
1187 4786 1283 4839 καὶ
1315 4783 1537 4857 ὕϐρεις,
1579 4787 1674 4841 καὶ

83 4879 284 4939 λύπαι,
308 4877 404 4930 καὶ
439 4877 699 4945 ταραχαὶ,
721 4874 956 4928 ἐνταῦθα
989 4875 1048 4928 δὲ
1080 4876 1294 4946 εἰρήνη,
1319 4875 1412 4929 καὶ
1438 4876 1672 4949 γαλήνη,

85 4972 185 5025 καὶ
227 4969 371 5040 χαρά
395 5010 410 5034 ,
443 4969 560 5020 ἐκεῖ
587 4968 802 5038 ιίατρδς
843 4967 1122 5038 αὐστηρεα
1144 5008 1157 5030 ,
1197 4966 1290 5018 καὶ
1323 4966 1487 5036 φόϐος
1509 5010 1525 5032 ,
1579 4969 1676 5022 καὶ

87 5061 393 5136 ἐπιπληξία
417 5101 432 5125 ,
469 5059 702 5114 ἐνταῦθα
736 5060 794 5112 δὲ
829 5060 1154 5132 άμεριμνία,
1201 5060 1295 5112 καὶ
1323 5061 1544 5131 ἁφοϐία,
1581 5063 1677 5115 καὶ

88 5151 360 5224 άπληξία.
399 5153 510 5205 Καὶ
535 5151 678 5206 οὕτω
709 5154 769 5204 ἐν
797 5155 910 5215 τοῖς
939 5152 1207 5216 τοιούτοις
1241 5151 1544 5221 κλέψαντες
1578 5153 1677 5206 αὑ-

89 5247 187 5302 τοῦ
239 5245 332 5300 τὸν
377 5243 502 5298 νοῦν
546 5242 994 5316 ὑφαρπάζουσιν·
1043 5242 1196 5311 ἄφνω
1247 5243 1305 5296 δὲ
1354 5245 1679 5310 ἐπιστάντες

93 5341 251 5408 ὑπνῳ
317 5337 592 5408 ὑπερορίῳ
637 5335 736 5406 τὴν
781 5334 962 5406 ψυχὴν
1011 5335 1159 5406 φόϐῳ
1196 5336 1543 5407 ραντῐζουσι,
1587 5339 1681 5391 καὶ

94 5434 194 5495 τὰς
250 5432 504 5497 συνάξεις
559 5428 794 5500 ἀμελείᾳ
867 5428 963 5482 καὶ
1004 5428 1207 5500 ἀκηδίᾳ
1248 5429 1679 5500 ὑπεκκόπτουσι,

96 5523 193 5576 καὶ
224 5521 322 5591 τὴν
353 5519 659 5588 ξενοδοχίαν
694 5517 915 5589 ὄχλησιν
960 5512 1101 5570 εἶναι
1147 5519 1680 5590 ὑπομνηματίςουσι,

98 5615 196 5670 καὶ
217 5613 398 5668 πάντα
431 5613 688 5681 μάγγανα
730 5613 830 5680 τῆς
872 5609 1073 5674 κακίας
1102 5610 1421 5680 ἐπάγουσιν,
1464 5613 1552 5666 ἵνα
1587 5613 1685 5685 τὴν

99 5705 334 5776 ἀκηδίαν
365 5704 515 5775 αὑτῴ
557 5703 959 5776 προσρίψαντες
987 5747 1002 5766 ,
1046 5704 1139 5757 καὶ¹
1188 5706 1328 5776 πρὸς
1380 5707 1542 5761 αὑτὸν
1593 5707 1685 5760 τὸν

107 5797 222 5872 βίον
263 5800 418 5870 μῖσος
445 5795 816 5868 ἐργάσωνται,
849 5795 944 5848 καὶ
981 5793 1123 5849 οὕτω
1149 5799 1352 5868 γυμνὸν
1385 5799 1549 5852 αὑτὸν
1577 5799 1684 5855 τῶν

347 5911 624 5976 Parnm.
671 5912 788 5974 Gn.
840 5910 1125 5976 LXXIX.

1775 4592 1945 4656 gloria
1975 4594 2238 4658 ednlcari,
2293 4596 2622 4667 assiduoque
2671 4599 2852 4654 sobrie
2891 4617 3050 4674 agere
3097 4603 3305 4678 jejunio
3335 4649 3351 4670 ,

1775 4703 1839 4742 ac
1872 4697 2122 4758 prompto
2151 4689 2336 4742 animo
2377 4689 2431 4744 in
2467 4691 2834 4755 orationibus,
2883 4705 2936 4750 et
2977 4699 3346 4768 congregatio-

1779 4781 1940 4836 nibus
1964 4782 2136 4836 sacris
2164 4783 2471 4852 persistere,
2499 4783 2570 4837 ita
2606 4785 2770 4840 utsic
2803 4787 3157 4842 ratiocinctnr
3191 4808 3203 4846 :
3244 4791 3356 4845 Sub

1778 4881 2047 4942 potestate
2081 4889 2203 4928 cum
2253 4889 2453 4940 essem,
2492 4874 2614 4930 talis
2643 4891 2750 4930 non
2787 4891 2959 4931 erant.
2997 4877 3074 4931 lbi
3112 4879 3257 4933 enim
3307 4892 3359 4934 et

1780 4961 2047 5028 convicia,
2081 4972 2133 5017 et
2163 4963 2398 5028 dolores,
2425 4973 2477 5019 et
2511 4965 2874 5034 tnrbationes;
2914 4967 3000 5023 hic
3023 4979 3202 5024 autem
3232 4986 3358 5040 pax,

1784 5065 1838 5109 et
1871 5055 2259 5125 tranquillitas,
2288 5065 2341 5109 et
2371 5056 2629 5124 gaudium
2665 5076 2677 5112 :
2713 5058 2783 5112 ibi
2818 5057 2996 5116 Patris
3044 5062 3360 5127 austeritas,

1784 5155 1838 5200 et
1866 5157 2066 5207 metus,
2100 5155 2263 5214 atque
2295 5146 2613 5214 percussio;
2668 5146 2755 5202 hic
2795 5164 2922 5203 vero
2976 5150 3122 5204 nulla
3159 5152 3362 5205 sollici-

1787 5241 1922 5296 tudo
1951 5259 1965 5294 :
1996 5241 2160 5294 timor
2187 5240 2389 5302 nullus,
2417 5241 2561 5294 nulla
2593 5244 2872 5312 percussio
2905 5262 2918 5300 :
2949 5254 3002 5298 ct
3031 5244 3110 5300 sic
3137 5245 3190 5298 in
3215 5245 3365 5298 hisce

1789 5331 1992 5387 talibus
2026 5341 2263 5387 mentem
2294 5331 2467 5401 ipsius
2501 5330 2746 5388 furantes
2778 5335 3130 5405 subripiunt;
3161 5350 3226 5388 ex
3263 5334 3364 5387 im-

1790 5425 2014 5496 proviso
2044 5425 2228 5479 itidem
2265 5422 2567 5478 insilientes
2597 5437 2790 5478 somno
2822 5434 3036 5494 tempus
3069 5424 3366 5479 excedente

1793 5518 2120 5589 legitimum,
2151 5516 2386 5570 animam
2415 5515 2656 5570 irrorant
2687 5525 2858 5579 metu,
2891 5525 2945 5571 et
2989 5518 3368 5588 congregatio.-

1793 5626 1892 5664 nes
1949 5623 2134 5664 sacras
2181 5607 2508 5679 negligentia
2551 5607 2877 5679 pigritiaque
2911 5608 3364 5676 subexscindunt,

1793 5718 1857 5758 ac
1912 5701 2189 5771 hospitum
2257 5700 2660 5770 susceptionem
2724 5701 3186 5771 perturbationem
3245 5716 3368 5756 esse

1792 5805 2256 5862 commentantur,
2292 5797 2584 5865 omniaque
2621 5796 2842 5850 malitiae
2877 5797 3189 5866 producunt
3230 5811 3367 5865 prte—

2928 5909 3000 5973 36
