3858 6054
537 362 664 426 1131

1999 366 2057 421 S.
2101 363 2262 424 NlLl

3683 352 3790 415 ll’i

533 478 756 546 stigiusa
806 475 1262 538 machinamenta,
1307 485 1361 530 ut
1411 477 1461 531 in
1507 492 1628 530 eum
1684 476 1943 531 desidiam
1987 478 2097 548 inji-

2217 475 2429 547 ἀρετῶν
2465 478 2762 547 στήσαντες
2791 480 2900 542 τοῖς
2937 475 3192 546 ἀγγέλοις
3221 468 3787 543 δειγματίσωςιλιοτέ

532 567 762 630 cientes,
806 566 970 620 vitam
1028 581 1246 636 quoque
1299 568 1469 636 ipsam
1539 566 1773 621 eﬂlciant
1827 568 2108 632 odiosam,

532 649 743 729 sicque,
780 658 1036 714 sistentes
1069 674 1195 713 eum
1227 659 1522 713 virtutibus
1557 661 1793 724 nudum,
1849 661 1981 730 ipsis
2011 676 2109 714 an-

531 752 664 821 gelis
720 751 1025 805 traducant.
1079 748 1348 804 Interdum
1392 751 1611 820 quidem
1673 751 1950 806 daunones
2016 767 2110 821 per

529 841 885 911 cogitationes
915 841 1155 896 exaltant
1201 841 1436 907 labores,
1469 843 1800 913 quandoque
1847 859 1978 898 vero
2014 858 2108 898 eos

529 943 846 1001 extenuant,
878 935 1033 1006 quasi
1067 934 1200 988 nihil
1234 934 1533 1004 perficiant,
1568 945 1621 989 ut
1654 936 1945 1006 aliquando
1979 935 2106 1005 qni-

529 1026 653 1082 dem
696 1042 953 1082 vesanam
988 1027 1154 1081 animi
1189 1027 1481 1081 elationem
1529 1026 1739 1089 iudant,
1775 1027 2104 1097 quandoque

525 1134 658 1173 vero
697 1119 942 1173 inserant
993 1119 1458 1188 desperationem;
1529 1119 1615 1174 bis
1669 1119 1811 1173 enim
1863 1119 1952 1189 qui
1996 1134 2103 1172 non

525 1211 823 1264 flectuntur
855 1209 918 1264 ad
951 1211 1240 1281 magnifice
1276 1210 1342 1265 de
1379 1227 1436 1265 se
1469 1211 1808 1265 sentiendum
1831 1249 1846 1271 ,
1892 1211 2105 1266 labores

526 1303 785 1369 etl'erunt,
839 1311 898 1358 ut
952 1319 1205 1359 vesanam
1256 1303 1547 1374 quamdam
1597 1304 1764 1358 animi
1810 1305 2102 1359 elationem

2214 569 2314 638 μὲν
2348 570 2398 620 οἱ
2429 567 2688 638 δαίμονες
2732 569 2820 622 διὰ
2851 569 2962 622 τῶν
2988 564 3269 636 λογισμῶν
3304 564 3436 625 τοὺς
3469 561 3679 621 πόνους
3711 576 3789 628 με.

2207 661 2504 730 γαλύνουσι
2529 705 2542 727 ,
2576 664 2710 716 ποτὲ
2745 663 2801 717 δὲ
2848 662 3074 726 τούτους
3105 659 3482 722 εύτελίζουσιν
3517 655 3604 717 ὡς
3647 653 3787 722 mw

2207 755 2468 818 ἀνύοντας
2494 795 2508 819 ,
2543 755 2630 809 ἵνα
2659 756 2794 810 ὅπου
2829 756 2927 824 μὲν
2976 754 3242 810 ἀπόνοιαν
3283 751 3627 822 ὲνθήσωσιν,
3675 747 3788 798 ὅπου

2205 847 2262 900 δὲ
2303 848 2614 916 ἀπόγνωσιν
2649 849 2998 922 ὲνσπείρωσι.
3041 848 3169 910 Τοῖς
3209 846 3320 914 γάρ
3363 841 3442 913 μὴ
3473 837 3789 909 καμπτομέ-

2207 955 2322 1003 νοις
2353 940 2657 1011 χαυνῶσαι,
2688 941 2816 1005 τοὺς
2850 941 3049 1002 πόνους
3081 935 3504 1008 μεγαλύνουσιν,
3548 932 3643 984 ἵνα
3674 931 3789 982 ἀπόο

2206 1045 2356 1082 νοιαν
2409 1030 2680 1102 ὲνθήσωσι
2703 1072 2717 1095 ,
2769 1033 2882 1096 τοῖς
2936 1030 2993 1084 δὲ
3048 1026 3278 1098 ἀπονοίᾳ
3311 1020 3681 1096 κάμπτεσθαι
3733 1023 3788 1090 μὴ

2207 1121 2591 1194 πειθομένοις,
2654 1124 2808 1178 οὐδὲν
2864 1123 3063 1187 πλέον,
3122 1121 3240 1176 ἀλλ’
3302 1119 3334 1191 ἢ
3409 1117 3549 1179 τοὺς
3613 1114 3789 1170 πόνους

2209 1215 2501 1285 ὲπῷουσιν
2544 1215 2751 1282 ἀνύειν,
2785 1215 2872 1269 ἴνα
2903 1213 3286 1285 χαυνὼσαντες
3311 1251 3328 1277 ,
3358 1209 3692 1276 ἀπόγνωσιν
3727 1207 3792 1255 ἐν·

2209 1310 2534 1378 σπείρωσιν.

528 1397 717 1451 iudaut
748 1415 760 1450 :
795 1397 900 1452 illis
928 1408 1131 1460 autent,
1166 1398 1258 1466 qui
1299 1413 1402 1451 non
1441 1397 1861 1466 persuadentur,
1910 1403 1968 1448 ut
2009 1395 2101 1448 tali
2142 1400 2342 1453 amenti
2423 1399 2710 1457 flectantur
2775 1399 3106 1471 insipientia,
3135 1399 3267 1452 nihil
3300 1397 3544 1466 amplius
3575 1393 3721 1447 faciu
3760 1401 3791 1444 ι.

527 1492 618 1546 sed
648 1493 820 1544 solum
859 1489 1130 1543 inculcant
1164 1505 1271 1558 quo
1306 1489 1520 1543 labores
1573 1491 1873 1559 perficiant,
1927 1495 1984 1540 ut
2023 1502 2116 1542 eos
2156 1487 2403 1548 laxantes
2438 1501 2492 1548 et
2526 1494 2796 1548 lassantes
2829 1493 3075 1546 inserant
3109 1489 3591 1561 desperationem.

983 1577 1144 1650 443
1185 1577 1410 1632 ιῖΑιιυτ
1452 1577 1641 1632 xm.

597 1671 826 1739 Quando
886 1671 1053 1739 igitur
1111 1671 1469 1741 cogitationes
1520 1688 1749 1743 magnos
1810 1671 2106 1742 praedicent

2779 1584 3032 1636 ΚΕΦΑΛ.
3072 1582 3200 1635 ΚΘ.

2287 1676 2455 1729 Ὅταν
2487 1673 2581 1730 οὖν
2623 1677 2672 1730 οἱ
2712 1676 2964 1746 λογισμοὶ
3009 1673 3136 1738 τοὺς
3177 1673 3374 1735 πόνους
3424 1671 3795 1741 μεγαλύνωτι,

526 1768 775 1831 labores,
831 1767 1138 1835 respuendo
1196 1765 1354 1828 illas,
1407 1765 1644 1818 animam
1710 1773 2097 1830 extenuemus;

2210 1768 2436 1832 τούτους
2470 1767 2845 1832 ἀποπτύοντες
2865 1809 2880 1830 ,
2910 1768 3011 1836 τὴν
3040 1765 3216 1837 ψυχὴν
3245 1763 3657 1832 εύτελίζωμεν,
3687 1765 3798 1816 ita;

526 1860 745 1929 quando
777 1870 955 1912 autem
989 1874 1019 1912 e
1049 1858 1262 1912 diverso
1308 1858 1518 1911 labores
1549 1857 1911 1920 imminuant,
1948 1857 2103 1928 quasi

527 1953 659 2006 nibil
693 1938 1055 2021 perﬁcientes,
1091 1965 1212 2012 nos,
1245 1950 1422 2019 quoad
1453 1942 1596 2005 vires
1626 1949 1838 2014 ferent,
1891 1949 2104 2004 miseri-

527 2045 744 2100 cordias
785 2044 990 2098 Cluisti
1022 2043 1380 2106 extollamus;
1425 2049 1629 2111 quanto
1678 2043 1820 2098 enim
1873 2042 2104 2111 amplius

526 2154 727 2206 corpus
773 2146 925 2190 tuum
982 2136 1192 2190 duriter
1239 2135 1579 2201 tractaveris,
1627 2152 1693 2190 eo
1736 2136 1910 2205 magis
1955 2146 2100 2190 tuam

528 2229 895 2296 perscrutaris
927 2227 1340 2282 conscientiam.
1377 2227 1636 2298 Teipsum
1672 2229 1964 2298 dignosce,
2009 2243 2102 2284 eo-

527 2320 848 2388 gitaliouum
883 2320 934 2373 in
984 2319 1198 2374 occulto
1249 2318 1680 2389 deprazdationes
1733 2320 2100 2387 persentiens,

527 2428 596 2466 ne
629 2412 768 2466 forte
801 2413 1194 2467 insensibiliter
1239 2413 1422 2481 agitati
1459 2413 1604 2467 circa
1649 2412 1982 2468 clandestina
2010 2429 2102 2467 ea-

526 2519 649 2557 rum
685 2505 992 2568 latrocinia,
1029 2505 1427 2569 inumbrcmur,
1471 2515 1747 2574 putantes,
1791 2505 1936 2574 quod
1987 2507 2102 2560 sola

526 2597 706 2650 vietus
758 2597 1050 2664 asperitate
1101 2598 1332 2651 virtutes
1384 2598 1712 2667 percipimus
1756 2615 1768 2650 :
1823 2599 1906 2652 sic
1955 2600 2100 2653 enim

524 2687 746 2757 quidam
783 2687 1145 2756 itnaginantes
1189 2689 1406 2742 excussi
1445 2699 1573 2742 sunt
1604 2698 1804 2754 mente,
1831 2691 1991 2744 veluti
2022 2691 2104 2744 lo-

525 2789 733 2843 custae,
785 2778 1126 2832 daemonibus
1163 2778 1579 2848 imaginationes
1627 2779 2098 2848 exscindentibus,

525 2887 590 2925 ac
623 2871 860 2924 visiones
893 2869 1388 2943 detorquentibus,
1439 2880 1492 2924 et
1538 2871 1996 2940 depravantibus,
2048 2883 2103 2929 et

525 2963 857 3033 quandoque
914 2975 1058 3017 metu
1116 2978 1333 3033 quoque
1397 2964 1634 3016 animam
1693 2965 2097 3035 diripientibus.

526 3057 752 3110 cuidam
811 3056 1038 3110 fratrum
1092 3066 1252 3111 noctu
1311 3066 1628 3126 experrecto
1685 3058 2100 3129 imaginationes

2206 1858 2262 1912 δὲ
2300 1858 2464 1913 πάλιν
2495 1860 2621 1924 τοὺς
2653 1858 2848 1922 πόνους
2894 1857 3266 1928 σμικρύνωσιν
3293 1855 3367 1918 ὡς
3401 1855 3584 1925 μηδὲν
3625 1847 3797 1909 aly-39;.

2205 1970 2326 2020 τας,
2353 1955 2541 2024 ἡμεῖς,
2577 1954 2675 2024 ὅση
2710 1951 2942 2023 δύναμις
2966 1991 2981 2016 ,
3017 1949 3085 2002 τὰ
3115 1948 3240 2020 ὲλέη
3275 1945 3524 2019 Χριστοῦ
3565 1949 3799 2015 11:311-3-

2206 2063 2422 2118 νωμεν·
2477 2050 2600 2103 ὅσον
2629 2049 2738 2119 γὰρ
2772 2049 2864 2100 ἐπὶ
2910 2046 3094 2100 πλεῖον
3129 2043 3564 2114 σκληραγωγεῖς
3617 2059 3714 2094 σου
3753 2043 3796 2092 τὸ

2208 2139 2661 2210 σῶμα,τοσούτον
2682 2138 2963 2209 διερευνᾷς
2994 2153 3086 2189 σου
3120 2134 3180 2188 τὸ
3213 2134 3474 2196 συνειδός.
3497 2133 3795 2200 ἐπὶγνωθι

2207 2233 2424 2297 σαυτὸν,
2445 2231 2913 2303 ὲπαισθανόμενον
2935 2231 3044 2283 τῶν
3075 2231 3132 2282 ὲν
3163 2230 3343 2300 κρυφῇ
3369 2227 3481 2280 τῶν
3512 2227 3792 2295 λογισμιῖτι

2203 2323 2554 2394 διαρπαγῶν,
2599 2325 2798 2394 μήπως
2823 2320 3170 2392 ἀναισθήτως
3205 2319 3504 2390 φερόμενοι
3546 2319 3689 2386 περὶ
3719 2319 3792 2370 τὰς

2205 2413 2457 2486 κρυπτὰς
2511 2415 2691 2468 αὐτῶν
2748 2413 3007 2484 λῃστείας
3073 2410 3462 2480 σκιασθῶμεν,
3537 2408 3693 2480 μόνῃ

2206 2507 2545 2578 σκληρουχίᾳ
2588 2508 2798 2578 τρυγᾷν
2860 2507 2962 2570 τὰς
3011 2505 3234 2576 ἀρετάς.
3276 2502 3438 2556 Οὕτω
3483 2503 3621 2571 γάρ
3672 2519 3796 2561 τινες

2205 2598 2642 2669 φαντασθέντες,
2709 2596 2818 2650 τῶν
2885 2595 3098 2666 φρενῶν
3166 2590 3618 2662 ὲξετινάχθησαν
3685 2590 3797 2641 ὡσεὶ

2203 2687 2446 2761 ἀκρίδες,
2480 2687 2588 2740 τῶν
2611 2687 2883 2758 δαιμόνων
2915 2683 3537 2756 φαντασιοκοπούντων,
3575 2682 3684 2733 καὶ
3718 2682 3797 2740 τὰς

2202 2780 2423 2850 ὁράσεις
2471 2778 2922 2850 παραφερόντων,
2963 2776 3074 2830 ἐσθ’
3108 2776 3194 2828 ὅτε
3219 2773 3296 2838 δὲ,
3341 2777 3436 2826 καὶ
3475 2771 3682 2842 δειλία
3719 2771 3799 2837 τὴν

2201 2871 2381 2944 ψυχὴν
2411 2870 2841 2942 διαρπαζόντων.
2874 2870 2991 2923 Τινι
3025 2867 3136 2922 τῶν
3167 2863 3412 2936 ἀδελφῶν
3457 2865 3797 2935 ἐγρηγσράτι

2202 2966 2422 3036 νύκτωρ
2465 2963 2708 3035 φοϐερὰς
2737 2962 3041 3032 φαντασίας
3087 2958 3384 3024 ἑξετύπουν
3423 2957 3474 3009 οἱ
3514 2957 3796 3025 δαίμονες,

2202 3060 2261 3115 ού
2309 3060 2469 3130 μόνον
2514 3057 2590 3129 τῷ
2637 3056 2839 3122 ἔξωθεν
2873 3055 3117 3127 ὄμματι,
3165 3052 3300 3106 ἀλλά
3347 3052 3446 3104 καὶ
3479 3050 3574 3120 τῷ
3610 3049 3797 3102 ἔσωθεν

527 3150 750 3203 tetricas
780 3148 1174 3217 impresserunt
1207 3149 1507 3216 dwuwnes,
1541 3161 1594 3206 et
1625 3168 1728 3205 non
1762 3152 1937 3205 solu'm
1979 3153 2097 3222 ejus

2206 3154 2522 3225 βλέμματι,
2553 3151 2694 3205 ῶστε
2742 3149 2980 3222 μερίμνῃ
3025 3148 3123 3218 τῆς
3153 3146 3418 3215 ἐπιούσης
3460 3144 3686 3204 νυκτὸς
3726 3145 3796 3195 τὶν

523 3242 780 3296 exteriori
819 3242 1094 3310 aspectui,
1142 3258 1324 3297 verum
1367 3253 1422 3298 et
1455 3244 1698 3299 interiori
1731 3245 1974 3312 obtutui,
2027 3247 2097 3301 ita

526 3341 584 3386 ut
641 3348 772 3386 cura
831 3331 1214 3401 subsequentis
1271 3333 1632 3403 inStantisquc
1689 3335 1867 3388 noctis
1913 3350 2098 3401 meus,

527 3425 726 3479 timore
790 3432 1003 3486 vexata,
1071 3425 1468 3494 periclitaretur
1527 3426 1831 3480 intellectus
1879 3428 2098 3496 rapina,

523 3525 578 3569 et
621 3516 882 3585 plurimas
935 3531 1027 3584 per
1077 3524 1264 3571 noctes
1317 3517 1516 3571 bellum
1574 3519 1770 3572 animae
1808 3521 1965 3589 quasi
2007 3535 2102 3573 vo-

525 3608 687 3661 lando
733 3606 1111 3661 inferebatur:
1158 3608 1246 3662 ille
1285 3617 1490 3672 autem,
1537 3611 1627 3679 qtti
1672 3612 2096 3680 periclitabatur,

525 3701 722 3755 mentis
765 3701 958 3755 ducem
1013 3701 1159 3754 intus
1213 3702 1445 3756 retinere
1502 3702 1793 3767 nitebatur,
1859 3703 2098 3773 largitori

523 3794 789 3848 orationis
819 3795 1057 3848 animam
1095 3795 1433 3864 appendens,
1466 3795 1896 3868 delictorumque
1927 3799 2098 3852 actio-

523 3902 621 3941 nes
639 3885 902 3942 adversus
925 3887 1166 3956 seipsum
1195 3889 1495 3957 proferens,
1525 3905 1646 3945 sese
1670 3890 1936 3960 inspicere
1965 3908 2097 3947 con—

523 3978 804 4045 tendebat;
841 3981 1184 4049 postmodum
1217 3981 1523 4036 distraliens
1561 3982 1797 4037 animam
1849 4000 1978 4055 rogo
2003 3985 2096 4053 ju-

519 4069 646 4124 dicii
688 4070 1154 4136 exlerrefaciebat,
1209 4081 1288 4138 ut,
1349 4082 1493 4126 metu
1545 4084 1746 4129 tnetntn
1791 4075 2091 4142 collidens,

521 4162 866 4217 timiditatem
915 4163 1235 4232 repelleret,
1284 4165 1427 4219 sicut
1477 4166 1728 4235 equidem
1786 4179 1839 4221 et
1894 4167 2092 4222 factum

517 4252 643 4317 fuit,
679 4253 756 4307 uti
797 4253 1001 4319 retulit,
1031 4255 1124 4324 qui
1157 4254 1356 4310 bellum
1388 4265 1470 4311 est
1502 4272 1724 4326 passus;
1757 4259 2094 4314 daemonibus

515 4345 660 4399 enim
694 4345 1019 4403 multitnode
1045 4348 1283 4402 animam
1307 4346 1474 4420 m
1501 4350 2092 4418 perterrel'acientibus,

512 4436 606 4505 qui
631 4438 956 4505 gravabatur
989 4437 1156 4493 Deum
1189 4441 1434 4494 oratione
1464 4441 1772 4510 inquirebat
1798 4461 1810 4495 :
1837 4443 1942 4497 illis
1967 4459 2092 4498 vero

513 4543 608 4597 per
636 4529 1077 4599 imaginationcs,
1109 4529 1215 4584 buc
1263 4541 1316 4586 et
1358 4533 1484 4586 illuc
1518 4533 1756 4586 animam
1789 4533 2095 4588 distrahen-

511 4619 700 4674 tibus:
736 4621 837 4674 iste
864 4629 1198 4676 transactum
1231 4621 1554 4678 delictorqu
1608 4640 1863 4680 acervum
1907 4627 2091 4680 animo

509 4727 760 4777 versans,
793 4728 858 4768 ac
895 4707 1276 4779 reminiscens,
1312 4717 1556 4770 omnimn
1587 4733 1767 4774 rerum
1795 4720 2090 4790 inspectori

509 4803 622 4858 Deo
653 4805 1009 4872 ostendebat;
1047 4807 1113 4860 iis
1137 4816 1318 4862 autem
1344 4809 1522 4864 denuo
1553 4811 1802 4867 obtutum
1827 4816 2092 4868 orationis

507 4894 942 4962 detrahentibus,
980 4897 1068 4951 ille
1096 4897 1287 4966 judieii
1319 4911 1523 4954 metum
1560 4917 1626 4956 ex
1658 4905 1887 4959 adverso
1919 4922 2089 4975 oppo-

509 5003 668 5050 ncns,
709 4989 908 5044 delevit
947 4989 1247 5062 imaginum
1303 4992 1743 5062 obversantium,
1793 4997 2090 5066 oculosque

505 5079 879 5134 deludentium
919 5082 1304 5151 timiditatem;
1341 5085 1508 5142 altera
1543 5087 1742 5158 quippe
1775 5104 1924 5157 pars,
1960 5104 2084 5144 cmn

505 5170 791 5239 plusquam
823 5172 928 5226 alia
961 5174 1342 5242 redundasset,
1366 5176 1762 5246 deceptiouem,
1795 5179 1904 5234 Deo
1925 5181 2082 5247 duce,

2201 3246 2326 3302 νοῦν
2375 3245 2696 3315 ἀγωνιῶντα
2744 3242 3077 3298 κινδυνεύειν
3109 3242 3206 3312 τὴν
3235 3240 3343 3293 τῶν
3392 3237 3636 3309 φρενῶν
3665 3237 3796 3306 82:9-

2200 3341 2406 3411 παγὴν,
2452 3341 2547 3394 καὶ
2576 3339 2668 3393 ἐπὶ
2717 3337 2935 3401 πλείους
2966 3336 3166 3398 νύκτας
3192 3334 3221 3386 ό
3248 3332 3488 3402 πόλεμος
3537 3334 3617 3403 τῇ
3665 3333 3795 3401 φυγῇ

2200 3432 2498 3500 ἀφίπτατο,
2545 3433 2573 3484 ὁ
2603 3429 2659 3482 δὲ
2696 3427 3022 3482 κινδυνεύων
3057 3426 3204 3479 ἔνδον
3248 3425 3505 3494 κατέχειν
3547 3425 3654 3477 τὸν
3687 3427 3796 3491 ἡγε-

2203 3527 2341 3595 μόνα
2365 3525 2474 3579 τῶν
2502 3522 2716 3595 φρενῶν
2743 3521 3013 3586 ἐϐιάζετο,
3039 3519 3116 3590 τῷ
3145 3519 3245 3588 τῆς
3276 3517 3445 3588 εύχῆς
3473 3517 3691 3588 δοτῆρι
3715 3520 3791 3583 τὴ

2199 3619 2375 3690 ψυχὴν
2407 3615 2803 3688 ἀπ-›κρεμνῶν.
2836 3614 2930 3668 καλ⁵
2961 3613 3060 3676 τὰς
3104 3611 3329 3680 πράξεις
3355 3609 3466 3662 τῶν
3505 3613 3789 3678 maugi-

2197 3731 2306 3766 των
2351 3710 2475 3764 καθ’
2517 3707 2715 3762 ἑαυτοῦ
2759 3708 3054 3779 προφέρων
3095 3705 3312 3757 εἰσιδεῖν
3344 3703 3556 3767 ἑαυτδς
3602 3706 3787 3773 ἠγωοὲ-

2201 3805 2356 3870 ζετο·
2385 3803 2576 3856 ἔπειτα
2614 3801 2706 3853 καὶ
2751 3802 2818 3871 τῇ
2865 3800 3014 3870 πυρᾷ
3061 3797 3162 3867 τῆς
3199 3796 3431 3868 κρίσεως
3475 3796 3594 3868 τὴν
3627 3798 3790 3867 φυλὴν

2201 3896 2492 3969 περισπῶν
2517 3893 2788 3963 ἐξεφόϐει,
2810 3893 2898 3945 ἵνα
2927 3890 3077 3960 φόϐῳ
3108 3890 3270 3960 φόϐον
3305 3890 3679 3958 συγκρούσας

2197 3993 2403 4046 δειλίαν
2457 3987 2906 4058 ἀποκρούσηται,
2940 3983 3129 4055 ῶσπερ
3159 3979 3252 4035 οὖν
3292 3985 3384 4036 καὶ
3421 3982 3696 4050 γέγονεν,
3732 3984 3790 4044 ὡς

2198 4085 2401 4156 ἔφησεν
2428 4084 2455 4136 ὁ
2485 4077 2773 4142 πεπονθὼς
2802 4078 2895 4130 τὸν
2925 4075 3182 4145 πόλεμον.
3215 4073 3336 4127 Τῶν
3357 4074 3467 4143 γὰρ
3503 4073 3788 4144 δαιμόνων

2199 4175 2555 4247 πολυτρόπως
2597 4172 2693 4241 τὴν
2725 4169 2903 4240 ψυχὴν
2940 4166 3338 4236 ἐκφοϐούντων,
3385 4166 3414 4217 ὁ
3446 4165 3698 4236 κάμνων
3735 4170 3786 4233 τῇ

2197 4271 2328 4340 εὐχῇ
2364 4268 2455 4320 τὸν
2489 4265 2620 4317 Θεὸν
2656 4260 2934 4330 ἐπεζήτει,
2969 4260 3192 4312 ἐκείνων
3220 4258 3278 4310 δὲ
3305 4259 3424 4320 ταῖς
3452 4260 3789 4325 φαντασίαις

2197 4363 2296 4434 τὴν
2323 4359 2503 4432 ψυχὴν
2526 4355 2941 4428 περισπώντων,
2971 4346 3128 4416 οὗτος
3159 4351 3265 4404 τῶν
3295 4352 3679 4420 πταισμάτων
3711 4355 3786 4402 τὶν

2126 4483 2170 4540 Ι)
2197 4457 2358 4524 δγκον
2391 4451 2671 4518 ἁναλέγων
2694 4488 2705 4510 ,
2739 4446 2818 4518 τῷ
2863 4444 3222 4515 παντεπόπτῃ
3257 4442 3375 4512 Θεῴ
3422 4443 3786 4496 ἐπεδείκνυε⁴

2189 4549 2298 4605 τῶν
2340 4545 2395 4598 δὲ
2441 4541 2602 4596 πάλιν
2651 4540 2750 4609 τῆς
2807 4537 2973 4606 εὐχῆς
3023 4535 3083 4587 τὸ
3142 4536 3296 4604 δμμα
3344 4531 3786 4589 κατασταίιντων,

2194 4643 2402 4700 ἐκεῖνος
2435 4635 2525 4688 τὸν
2555 4631 2719 4702 φόϐον
2749 4631 2848 4700 τῆς
2877 4629 3113 4699 κρίσεως
3147 4623 3489 4695 ἀνταμείψας
3515 4664 3532 4686 ,
3565 4625 3665 4676 τὸν
3697 4627 3785 4692 ςά.

2197 4733 2292 4787 ϐον
2319 4729 2422 4784 τῶν
2452 4723 2856 4796 φαντασμάτων
2887 4720 3178 4788 ὲξηφάνισε
3203 4733 3217 4747 °
3248 4717 3308 4770 τὸ
3333 4717 3444 4784 γάρ
3468 4717 3674 4786 ἓτερον
3697 4718 3783 4785 μὲ-

2201 4842 2290 4898 ρος
2318 4820 2414 4876 τοῦ
2445 4817 2612 4890 φόϐου
2642 4813 2944 4868 πλεονάσαν
2975 4809 3067 4863 τοῦ
3101 4809 3282 4869 ἄλλου,
3314 4808 3412 4877 τῆς
3439 4807 3663 4876 πλάνης
3694 4811 3778 4858 σιν

2195 4919 2315 4990 Θεῷ
2353 4912 2702 4986 περιεγένετο
2733 4925 2746 4938 ⁸
2771 4911 2836 4980 τῇ
2866 4906 2974 4976 γὰρ
3004 4907 3193 4976 μνήμῃ
3220 4903 3328 4955 τῶν
3355 4903 3776 4972 ἁμαρτημάτων

2194 5014 2226 5082 ἡ
2251 5011 2398 5082 ψυχὴ
2433 5003 2836 5062 ταπεινωθεῖσα
2859 5001 2954 5053 καὶ
2983 4997 3060 5069 τῷ
3091 4997 3242 5067 φόϐῳ
3269 4997 3366 5063 τῆς
3416 4995 3664 5062 κρίσεως
3705 4992 3774 5044 δι-

2191 5101 2538 5162 υπνισθεῖσα,
2574 5095 2643 5150 τά
2673 5094 2920 5162 φόϐητρα
2951 5090 3060 5143 τῶν
3087 5086 3356 5166 δαιμόνων
3389 5087 3456 5137 ὲκ
3489 5083 3607 5136 τῶν
3632 5086 3774 5143 iaci;

2187 5193 2550 5264 ἀπεφύσησεο
2586 5187 2647 5241 τὸ
2672 5186 2728 5239 δὲ
2762 5187 2871 5239 πᾶν
2905 5183 3004 5252 τῆς
3044 5180 3251 5236 ἀνωθεν
3289 5180 3523 5248 χάριτος
3565 5176 3771 5246 γέγονε.

503 5263 820 5332 superavit;
856 5275 1202 5334 peccatorum
1234 5269 1436 5323 etenim
1465 5269 1865 5326 reminiscentia
1900 5274 2079 5330 anima

2202 5263 2443 5357 :Gwphv
2491 5282 2766 5374 δαιμόνων
2807 5276 3079 5332 ἀπελάσαι
3127 5273 3198 5327 τά
3242 5271 3497 5342 φόϐητρα
3524 5311 3542 5334 ,
3595 5267 3772 5374 sese:

502 5355 827 5422 humiliata,
881 5360 1186 5430 timoreque
1233 5360 1448 5432 judicii,
1483 5363 1627 5417 velut
1664 5381 1694 5420 e
1739 5380 1934 5421 somno
1983 5384 2079 5423 ex-

498 5442 782 5511 suscitata',
821 5452 1266 5506 terriculamenta
1304 5454 1612 5509 daemonum
1645 5473 1708 5512 ex
1744 5460 1859 5514 suis
1888 5461 2077 5516 exsuf-

496 5535 646 5593 ﬂavit
690 5540 1044 5596 interioribus
1078 5559 1092 5594 :
1131 5551 1304 5596 totum
1351 5545 1454 5600 boc
1496 5561 1624 5602 vero
1665 5565 1932 5620 supremze
1975 5554 2074 5612 fuit

2187 5379 2366 5451 ψυχὴν
2396 5362 2850 5433 καταπῖπτουσαν
2898 5368 3278 5440 ύποστηρίξαι.
3317 5385 3332 5416 ι
3381 5362 3770 5434 ’Υποστηρίξει

2186 5472 2296 5544 γὰρ
2337 5470 2542 5540 Κύριος
2582 5465 2791 5526 πάντας
2817 5463 2946 5524 τοὺς
2982 5459 3454 5522 καταπίπτοντας,
3486 5456 3591 5508 καὶ
3619 5454 3766 5520 ἀνορ-

2185 5562 2268 5616 θοί
2295 5563 2504 5624 πάντας
2538 5556 2665 5620 τοὺς
2692 5551 3195 5626 κατερραγμένους.
3245 5567 3262 5599 ι

497 5633 685 5700 gratia!
712 5634 906 5697 virtus,
936 5636 1550 5723 nimirum,dzemonum
1613 5646 1833 5715 quidem
1897 5651 2146 5723 abegisse
2186 5666 2423 5712 terrores
2457 5697 2472 5722 ,
2541 5653 2779 5707 animam
2842 5662 2972 5702 vero
3042 5643 3351 5709 suﬂulsissc
3422 5641 3760 5712 lapsantem:

504 5739 522 5769 ι
565 5721 818 5777 διιίΐυισίι
857 5722 1058 5795 quippe
1093 5725 1356 5786 Dominus
1390 5745 1602 5801 omnes,
1642 5736 1734 5807 qui
1767 5721 2028 5796 corruunt
2053 5783 2070 5810 ,

2202 5747 2357 5818 erigit
2387 5721 2576 5802 omnes
2605 5740 2769 5797 elisos
2789 5738 2855 5792 ⁸¹.
2898 5755 2918 5787 ι

568 5850 612 5880 ⁵¹
654 5849 796 5903 Psal.
831 5867 986 5917 chv,
1011 5857 1064 5909 8,
