3858 6054
89 335 233 404 1133

672 459 919 513 ΚΕΦΑΛ.
960 462 1037 514 A’.

165 570 359 624 Ἔστιν
390 571 478 624 ὅτε
520 572 823 642 βιαζόμεθα
860 574 1105 645 καθαρὰν
1151 575 1250 644 τὴν
1295 574 1459 644 εὐχὴν
1513 573 1674 643 ποιῆ-

86 678 210 727 σαι,
244 664 341 717 καὶ
372 664 505 725 ῐσως
535 664 597 716 ού
626 663 926 734 δυνάμεθα.
968 666 1125 717 Ἐστι
1159 664 1214 717 δέ
1239 665 1336 717 καὶ
1355 664 1533 717 πάλιν
1565 664 1675 730 ὅτε,

85 756 153 807 οὐ
200 755 543 826 βιαζομένων
586 757 765 827 ἡμῶν,
811 758 1028 829 καθαρᾷ
1049 760 1116 829 τῇ
1146 759 1429 828 προσευχῇ
1466 758 1499 827 ἡ
1529 755 1676 827 ψυχὴ

86 851 396 917 ἐγγίνεται,
444 850 527 903 ὅτι
576 850 637 903 τὸ
684 851 784 920 μὲν
829 851 929 921 τῆς
970 850 1127 921 ἡμῶν
1163 849 1475 913 ἀσθενείας,
1509 848 1569 901 τὸ
1620 849 1677 901 δὲ

86 942 192 1009 τῆς
222 941 433 996 ἄνωθεν
465 942 691 1012 χάριτος
728 942 1141 1014 ἐκκαλουμένης
1179 944 1330 1013 ἡμᾶς
1358 940 1677 1020 ἐπανελθεῖν

88 1030 172 1091 είς
197 1029 299 1099 τὴν
325 1030 426 1100 τῆς
450 1029 631 1100 ψυχῆς
656 1031 1009 1104 καθαρότητα
1028 1073 1041 1097 ,
1089 1032 1208 1103 ἃμα
1249 1032 1305 1085 δὲ
1350 1032 1442 1085 καὶ
1469 1030 1535 1083 δι’
1565 1025 1676 1099 ἁμὲ

87 1120 347 1190 φοτέρων
376 1122 743 1193 παιδευούσης
785 1126 935 1195 ἡμᾶς
988 1126 1063 1196 μὴ
1114 1127 1331 1189 ἑαυτοῖς
1368 1123 1678 1179 ἀποδιδόναι

86 1214 148 1266 ἐν
181 1213 267 1284 τῷ
302 1212 737 1285 προσεύχεσθαι,
770 1215 886 1269 ἀλλ’
922 1216 1313 1286 ἐπιγινώσκειν
1350 1217 1443 1270 τὸν
1474 1216 1679 1288 δωρού-

93 1323 283 1375 μενον.
312 1306 387 1359 Τὸ
421 1306 531 1377 γὰρ
553 1307 607 1360 τί
641 1308 1053 1379 προσευξόμεθα
1076 1309 1253 1363 καθ”ὃ
1277 1309 1387 1374 δεῖ,
1406 1310 1505 1363 οὐκ
1532 1309 1679 1363 οἴδα-

92 1414 220 1465 μεν.
249 1397 420 1449 Ὅταν
448 1393 542 1451 οὖν
590 1398 934 1470 καθαρθῆναι
982 1399 1083 1470 τὴν
1128 1399 1293 1471 εὐχὴν
1338 1399 1678 1471 βιαζὼμεθα,

90 1489 194 1541 καὶ
239 1489 301 1542 ού
349 1489 655 1559 δυνάμεθα,
692 1491 810 1547 ἀλλ’
842 1492 1399 1562 ἐσκοτίσμεθαμιότε
1448 1494 1681 1564 δάκρυσι

90 1582 195 1642 τὰς
228 1582 463 1652 παρειὰς
500 1583 967 1655 καταϐρέξαντες,
1003 1585 1137 1638 Θεὸν
1181 1584 1551 1656 ίκετεύσωμεν
1585 1585 1681 1638 ἐπὶ

90 1672 173 1743 τῷ
199 1673 523 1744 διαλυθῆναι
550 1674 645 1728 τοῦ
673 1675 917 1747 πολέμου
962 1676 1063 1747 τὴν
1088 1676 1279 1742 νύκτα,
1331 1678 1423 1730 καὶ
1479 1676 1681 1747 ἐλλαμ-

1214 340 1658 404 TRACTATUS
1698 342 1797 402 AD
1836 341 2262 402 EULOGIUM.

2648 409 2652 413 ,
3216 331 3351 397 1134

2339 450 2566 508 CAPUT
2614 451 2782 507 XXX.

1850 563 2061 619 Accidit
2093 562 2406 634 aliquando,
2444 572 2505 618 ut
2550 561 2823 618 enitamur
2853 574 3043 629 puram
3073 543 3352 614 effundere

1778 655 2084 711 orationem
2109 697 2124 719 ,
2159 665 2213 709 et
2243 653 2384 710 forte
2414 653 2736 724 nequimus;
2789 660 2845 707 ct
2887 666 2919 705 e
2964 650 3180 705 diverso
3216 664 3352 705 con-

1776 748 1935 818 tingit
1991 762 2424 816 nonnunquam,
2480 758 2561 813 ut,
2622 744 2781 800 nobis
2830 759 2940 799 non
2980 742 3352 808 enitenlibus,

1778 840 1958 893 anima
1989 853 2140 908 purae
2172 839 2454 893 incumbat
2482 837 2716 892 orationi
2748 854 2761 891 :
2800 834 2930 906 quia
2960 835 3196 904 primum
3232 834 3356 902 qui-

1779 933 1899 988 dem
1937 941 2138 987 nostraa
2180 940 2266 987 est
2296 931 2650 994 inﬁrmitatis,
2690 930 2837 986 istud
2877 938 3057 984 autem
3107 943 3357 997 supernas

1779 1025 1965 1095 gratia}
1993 1024 2311 1080 advocantis
2342 1040 2463 1092 nos,
2500 1034 2559 1079 ut
2589 1025 2656 1080 ad
2682 1024 2879 1078 animae
2907 1022 3201 1092 puritatem
3233 1020 3360 1073 red-

1777 1130 2004 1182 eamus,
2068 1115 2234 1171 simul
2291 1130 2460 1182 vero,
2512 1124 2565 1169 et
2610 1130 2706 1184 per
2744 1123 3041 1183 utrumque
3078 1126 3181 1166 nos
3228 1111 3363 1164 edo~

1779 1209 1976 1272 centis,
2031 1223 2141 1262 non
2201 1207 2608 1276 nobismetipsis
2648 1206 2978 1270 attribuere,
3050 1202 3193 1274 quod
3236 1202 3355 1273 puri

1780 1316 2024 1367 oremus,
2059 1315 2247 1356 verum
2280 1315 2579 1371 agnoscere
2623 1300 2986 1365 donatorem;
3023 1297 3168 1366 quod
3212 1295 3356 1349 enim

1782 1392 1989 1462 aliquid
2022 1407 2332 1462 precemur,
2363 1401 2424 1446 ut
2453 1400 2687 1463 oportet,
2727 1391 3004 1446 nescimus
3033 1392 3101 1444 ⁸¹.
3127 1388 3358 1454 Quando

1782 1485 1949 1554 igitur
1977 1484 2280 1540 orationem
2312 1500 2578 1541 conamur
2606 1484 2913 1555 purificare,
2942 1494 2996 1537 et
3026 1497 3131 1537 non
3160 1496 3362 1551 possu-

1784 1590 1941 1637 mus,
1977 1574 2070 1629 sed
2108 1575 2345 1631 tenebris
2386 1574 2549 1629 effusi
2590 1589 2782 1630 sumus
2808 1612 2824 1636 ,
2881 1582 3011 1627 tunc
3036 1611 3051 1635 ,
3107 1571 3362 1642 lacrymis

1783 1682 1949 1737 genas
1982 1667 2293 1737 irrigantes,
2326 1667 2496 1723 Deum
2529 1668 2801 1738 supplices
2822 1680 3099 1735 rogemus,
3124 1672 3184 1719 ut
3211 1672 3363 1718 tene-

92 1766 304 1836 φθῆναι
354 1767 464 1836 ’τῆς
510 1766 690 1838 ψυχῆς
751 1768 811 1822 τὸ
865 1768 1086 1839 φέγγος.
1134 1769 1371 1821 ’Ένεκεν’
1403 1768 1681 1831 διακονίας

1800 1774 1946 1814 Jrosa
1986 1759 2108 1814 belli
2144 1759 2306 1832 445
2344 1776 2453 1815 nox
2471 1760 2823 1823 dissolvatur,
2846 1758 3153 1825 animaeque
3185 1755 3364 1825 fulgor

95 1860 243 1912 ἐπὰν
267 1862 295 1914 ὁ
327 1859 646 1931 συμϐιώτης
683 1860 910 1929 ἀδελφὸς
943 1860 1211 1932 ἐκδημοίῃ
1237 1900 1252 1925 ,
1299 1859 1443 1914 κατὰ
1470 1860 1531 1913 τὸ
1558 1859 1681 1922 ἔθος

94 1953 209 2005 τῶν
241 1952 438 2022 εὐχῶν,
470 1950 790 2016 ἀνακαίνιζε
809 1951 1001 2005 τούτου
1032 1954 1130 2023 τὴν
1162 1952 1384 2023 μνήμην
1405 1969 1418 1983 ·
1456 1952 1599 2022 πέρα
1623 1951 1681 2004 δὲ

94 2039 195 2093 τοῦ
237 2040 439 2112 μέτρου
476 2040 670 2094 τοῦτον
699 2040 773 2112 μὴ
809 2041 1110 2111 φαντάζου,
1151 2041 1348 2111 μήπως
1378 2040 1477 2112 τὴν
1506 2041 1683 2112 ἀρχὴν

91 2132 202 2202 τῆς
242 2133 513 2204 μερίμνης
540 2132 649 2186 ἀπὸ
676 2132 769 2186 σοῦ
804 2133 1061 2197 λαϐόντες
1094 2135 1142 2187 οἱ
1174 2130 1449 2204 δαίμονες,
1478 2133 1682 2203 ταύτην

93 2224 408 2289 ὰκονῶντες
466 2226 559 2278 ἐπὶ
606 2225 790 2278 πλεῖον
838 2223 1165 2290 ἐποξύνωσι,
1206 2223 1550 2289 ’σκιάζοντές
1601 2241 1683 2277 σοι

95 2316 293 2370 τοῦτον
324 2318 381 2369 ὲν
414 2319 482 2387 τῇ
505 2316 613 2371 τῶν
643 2316 874 2387 ψαλμῶν
907 2316 1170 2387 ὑμνῳδίᾳ,
1204 2317 1297 2369 καὶ
1331 2315 1686 2388 ὑστεροῦντες

96 2410 157 2460 ἐν
186 2407 311 2478 Θεῷ
346 2408 445 2477 τῆς
476 2409 619 2461 κατὰ
650 2408 786 2461 Θεὸν
827 2408 1100 2480 μερίμνης
1125 2448 1140 2472 ,
1186 2409 1274 2462 ἵνα
1311 2408 1551 2483 μερίμνῃ
1590 2407 1688 2478 μέ-

100 2516 307 2569 ριμναν
383 2498 843 2568 ἀντικρούσαντες
912 2498 1294 2569 αἰχμαλώτους
1358 2501 1510 2571 ἡμᾶς
1578 2498 1687 2551 τῶν

100 2589 437 2660 κρειττόνων
488 2591 857 2661 ἀπαγὰγωσιν
880 2632 896 2656 ,
931 2593 1010 2654 εἰς
1040 2592 1101 2645 τὸ
1143 2592 1219 2663 μὴ
1250 2590 1565 2661 λογίζεσθαι
1603 2590 1687 2654 τὸ,

106 2703 125 2734 ι
168 2682 492 2757 Ἐπίρῤιψον
510 2684 602 2738 ἐπὶ
636 2684 840 2757 Κύριον
865 2685 963 2757 τὴν
1004 2685 1273 2757 μέριμνόιν
1308 2695 1423 2741 σου.
1459 2705 1478 2737 ι
1513 2687 1689 2739 ’ῐσασι

100 2776 318 2847 γὰρ,ὠς
348 2777 412 2829 ἐκ
440 2776 541 2847 τῆς
566 2778 826 2849 περιττῆς
852 2779 981 2849 περὶ
1010 2778 1102 2831 τοῦ
1134 2777 1365 2847 ἀδελφοῦ
1388 2776 1688 2848 φροντίδος,

101 2875 191 2927 ὅτι
219 2872 313 2925 καὶ
340 2871 517 2936 λύπας
542 2871 948 2943 ἐντορνεύουσιν
980 2872 1446 2943 ὑποταράττοντες
1474 2870 1536 2925 τὸ
1563 2874 1691 2942 ine-ﬁ

108 2963 357 3032 μονικόν.
387 2964 512 3016 Ἔτι
538 2962 593 3016 δέ
627 2964 721 3016 καὶ
754 2962 991 3034 μέμψεις
1036 2950 1385 3033 βραδύτητος
1406 2961 1688 3031 ὑφάπτου-

108 3075 221 3120 σιν,
251 3056 327 3121 ὼς
365 3055 818 3127 ὑπαμελήσαντος
856 3055 953 3108 τοῦ
1000 3046 1232 3125 ἀδελφοῦ
1263 3054 1392 3125 περὶ
1434 3055 1533 3124 τῆς
1572 3053 1687 3106 δια-

1787 1852 2109 1907 illustrctur.
2146 1852 2398 1920 Quando,
2437 1867 2603 1908 causa
2651 1850 2981 1917 ministerii,
3031 1849 3199 1904 frater
3234 1863 3366 1903 eon-

1785 1945 1959 1999 victor
1993 1961 2218 2016 peregre
2252 1945 2609 2010 discesserit,
2657 1943 2816 2015 juxta
2850 1952 3101 1997 votorum
3134 1954 3368 1997 consue-

1786 2034 2052 2101 tudinem,
2085 2035 2206 2100 ejus
2234 2050 2435 2090 renova
2463 2034 2806 2099 memoriam,
2838 2040 2897 2087 at
2923 2043 3116 2103 prteter
3144 2032 3365 2087 modum

1785 2139 1854 2178 ne
1889 2125 2066 2193 ipsum
2100 2124 2438 2193 imagineris,
2470 2139 2537 2179 ne
2567 2122 2704 2177 forte
2734 2123 2949 2177 initium
2981 2121 3368 2177 sollicitudinis

1786 2218 2064 2272 daemones
2099 2232 2127 2269 a
2158 2225 2210 2273 te
2238 2225 2538 2279 sumentes,
2576 2215 2709 2269 illud
2749 2214 2997 2271 acuendo
3030 2213 3202 2268 multo
3244 2215 3361 2268 red‘

1788 2309 1920 2367 dant
1944 2309 2181 2374 acutius,
2228 2324 2352 2363 eum
2392 2309 2487 2363 tibi
2524 2307 2915 2363 adumbrantes
2945 2308 2999 2361 in
3032 2306 3370 2377 psalmorum

1789 2403 2192 2465 decantatione,
2225 2401 2391 2471 inque
2415 2401 2616 2457 divinis
2642 2402 2775 2472 ipsis
2805 2400 2998 2457 officiis
3018 2415 3150 2456 cura
3171 2400 3372 2455 orban-

1791 2509 1893 2558 tcs,
1931 2510 2054 2565 quae
2104 2495 2405 2549 secundum
2444 2492 2614 2548 Deum
2667 2503 2751 2549 est
2790 2513 2804 2548 :
2858 2502 2953 2559 ut,
3004 2507 3136 2548 cura
3180 2506 3368 2545 curam

1794 2588 2136 2658 repellentes,
2166 2600 2267 2641 nos
2296 2602 2325 2640 a
2354 2586 2520 2641 rebus
2548 2573 2869 2641 melioribus
2897 2585 3171 2641 abducant
3196 2585 3370 2651 capti-

1790 2696 1922 2745 vos,
1973 2688 2027 2735 et
2060 2695 2168 2734 non
2204 2679 2503 2750 cogitemus
2535 2680 2602 2734 de
2629 2680 2721 2735 illo
2749 2679 2935 2734 dicto:
2968 2693 2987 2728 ι
3022 2674 3175 2731 Jacta
3207 2690 3372 2744 super

1792 2771 2082 2827 Dominum
2121 2788 2309 2827 curam
2360 2781 2511 2826 tuam
2538 2773 2638 2826 ⁸⁸⁸.
2682 2790 2700 2823 ι
2752 2771 2968 2825 Norunt
3013 2768 3255 2838 quippe,
3304 2783 3373 2821 ex

1791 2882 1922 2921 cura
1957 2866 2122 2921 etiam
2154 2865 2298 2920 circa
2335 2864 2556 2919 fratrem
2591 2863 2883 2935 superflua,
2914 2864 3108 2918 ducem
3138 2862 3373 2916 rationis

1792 2969 2029 3015 mentem
2079 2960 2477 3024 subturbando,
2506 2958 2826 3013 afﬂictiones
2864 2957 3200 3027 insculpere;
3231 2970 3371 3025 prae—

1794 3062 1939 3109 terea
1995 3067 2159 3119 vero,
2212 3061 2267 3107 et
2314 3051 2563 3121 querelas
2616 3049 2888 3103 tarditatis
2940 3046 3373 3109 subaecendunt,

109 3148 299 3211 κονίας
345 3146 622 3218 σπουδὴν,
673 3147 820 3211 ὅπως
848 3146 876 3196 ὁ
917 3146 1323 3217 πολυμέριμνος
1352 3144 1517 3207 πόθος
1560 3144 1689 3207 ἴσως

1800 3146 1952 3216 quasi
2001 3144 2167 3200 fratre
2193 3145 2636 3215 subncgligenter
2675 3150 2869 3211 agente
2895 3141 3041 3195 circa
3086 3138 3373 3194 ministerii

109 3241 210 3293 καὶ
255 3241 335 3303 εἰς
382 3242 537 3310 μῖσος
569 3240 841 3309 ἐκτραπῇ.
878 3237 1039 3302 Ἔθος
1077 3238 1134 3291 δέ
1169 3239 1227 3290 ἐν
1273 3238 1393 3299 ταῖς
1434 3236 1558 3306 περὶ
1600 3235 1692 3289 τὸν

110 3332 396 3403 ἁπόδημον
432 3330 727 3402 μερίμναις
757 3332 851 3384 καὶ
883 3330 1041 3384 τοῦτο
1070 3331 1248 3382 ποιεῖν
1278 3332 1390 3390 τοῖς
1415 3328 1691 3399 δαίμοσιν,

112 3427 173 3476 ἐν
219 3418 253 3498 ᾖ
304 3423 486 3477 ἴδωσιν
526 3422 689 3476 αὑτὸν
735 3422 1183 3494 παραγενόμενον
1219 3422 1406 3494 ἡμέρᾳ
1454 3420 1694 3492 κατόναρ

112 3517 307 3570 τοῦτον
351 3516 722 3587 ἐσοπτρίζειν,
763 3516 852 3570 ἵνα
897 3516 973 3578 ὡς
1006 3518 1069 3568 ἐκ
1111 3515 1207 3568 τοῦ
1257 3515 1562 3578 ἀποϐάντος
1609 3516 1695 3566 ἐν-

114 3607 311 3660 υπνίου
338 3608 636 3678 ποιήσωσιν
654 3608 800 3677 ἡμᾶς
833 3608 891 3659 ἐν
909 3607 1086 3677 καιρῷ
1112 3606 1220 3659 τῶν
1250 3605 1543 3676 ἀποδήμων
1571 3605 1697 3667 τοὺς

117 3701 411 3773 προφήτας
458 3700 570 3754 τῶν
615 3700 884 3753 ἐνυπνίων
935 3701 1030 3752 καὶ
1070 3699 1231 3753 πάλιν
1274 3696 1695 3769 προσδέχεσθαι,

118 3790 218 3854 οὒς
255 3789 701 3861 ἀποστρέφεσθαι
732 3790 814 3844 δεῖ
846 3789 1048 3859 μᾶλλον
1079 3789 1174 3842 καὶ
1199 3787 1404 3857 σφόδρα
1439 3786 1700 3858 ἐκτρέπε-

122 3883 289 3948 σθαι,
324 3884 522 3956 μήπως
558 3886 621 3937 ἐκ
652 3883 859 3936 τούτων
914 3882 1006 3936 καὶ
1051 3884 1129 3945 εἰς
1169 3883 1331 3951 ἕτερα
1374 3882 1474 3953 τὴν
1520 3882 1699 3951 ψυχὴν

120 3973 607 4044 ἀποπλανήσωσιν.

696 4265 948 4319 ΚΕΦΑΛ.
990 4267 1113 4318 AA'.

198 4401 464 4473 Προῖσασι
505 4400 619 4470 γὰρ
647 4395 794 4453 οὗτοι
827 4400 927 4471 μέν
960 4400 1130 4465 οὐδὲν,
1171 4399 1207 4454 ἃ
1239 4399 1294 4451 δὲ
1331 4398 1588 4468 βλέπουσι
1621 4415 1704 4466 γι·

1797 3238 2076 3301 studium,
2115 3246 2174 3291 ut
2211 3237 2541 3291 desiderium
2601 3235 2755 3290 valde
2806 3233 3101 3288 sollicitum
3144 3232 3377 3287 forsitan

1799 3332 1851 3385 in
1884 3332 2069 3386 odium
2119 3345 2338 3399 quoque
2383 3338 2755 3383 convertatur.
2808 3327 2866 3381 ln
2921 3326 3377 3382 sollicitudinibus

1798 3434 2007 3486 autem,
2034 3438 2155 3493 quae
2186 3423 2331 3477 circa
2376 3437 2597 3492 peregre
2625 3430 2871 3490 agentem
2918 3419 3208 3485 habentur,
3256 3432 3379 3472 mos

1798 3521 1883 3567 est
1910 3511 2255 3567 daemonibus
2280 3550 2297 3577 ,
2331 3520 2383 3565 et
2414 3511 2544 3565 illud
2587 3510 2769 3565 facere
2800 3527 2813 3565 :
2854 3510 2907 3564 in
2940 3509 3027 3564 die
3057 3524 3165 3579 qua
3198 3509 3381 3565 sciunt

1800 3605 1980 3674 ipsum
2015 3602 2354 3669 adfuturum,
2398 3618 2495 3673 per
2528 3603 2806 3659 somnium
2858 3602 3005 3657 velut
3059 3602 3111 3656 in
3158 3603 3381 3672 speculo

1801 3713 1925 3752 eum
1954 3697 2215 3753 exhibere
2241 3698 2440 3764 solent,
2468 3705 2527 3752 ut
2547 3712 2613 3752 ex
2631 3696 2906 3752 insomnio
2928 3695 3073 3767 quod
3097 3696 3381 3758 successit,

1804 3784 2008 3841 faciant
2053 3785 2199 3855 quod
2234 3778 2476 3855 tempore
2505 3802 2729 3858 peregre
2762 3779 3224 3855 proficiscentium
3256 3803 3381 3842 rur-

1803 3893 1899 3932 sus
1933 3886 2316 3947 exspectemus
2352 3879 2667 3949 prophetas,
2717 3894 2812 3933 seu
2859 3880 3186 3948 interpretes
3234 3893 3385 3934 som-

1804 3970 2021 4025 niorum
2046 4013 2061 4038 ,
2093 3985 2235 4055 quos
2271 3970 2452 4040 potius
2494 3971 2736 4026 aversari
2778 3981 3010 4041 oportet,
3043 3972 3387 4042 multumque

1805 4062 1875 4116 ab
1903 4063 1971 4118 iis
1997 4062 2189 4126 averti,
2225 4052 2293 4117 ne
2320 4059 2462 4116 forte
2490 4052 2557 4117 ex
2592 4061 2711 4117 istis
2737 4062 2791 4116 in
2825 4062 2949 4117 aliis
2987 4076 3206 4133 quoque
3235 4062 3385 4117 deei-

1806 4155 1956 4223 piant
1984 4154 2239 4208 animam.

2368 4268 2601 4325 CAPUT
2641 4267 2832 4323 XXXI.

1894 4396 2095 4453 Verum
2128 4398 2229 4468 ipsi
2264 4396 2483 4468 quidem
2520 4397 2718 4453 fratres
2752 4398 2886 4451 nihil
2921 4398 3233 4469 praescium,
3268 4413 3391 4468 quae

124 4494 330 4563 νόμενα
356 4534 371 4557 ,
400 4491 576 4546 ταῦτα
606 4492 858 4562 μηνίουσι
882 4531 897 4557 ,
926 4493 1019 4545 καὶ
1050 4489 1410 4560 φαντάζουσιο
1443 4491 1692 4554 πολλάκις

1812 4498 1992 4543 autem
2054 4489 2238 4544 vident
2294 4489 2431 4554 fieri,
2498 4489 2615 4560 ipsa
2674 4491 3019 4555 annuntiant,
3088 4498 3141 4544 et
3197 4490 3390 4560 imagi-

123 4585 262 4654 γοῦν
301 4585 425 4638 καθ’
466 4584 699 4654 ἡσυχίαν
760 4583 930 4637 ὄντων
966 4582 1156 4654 ἡμῶν,
1194 4582 1523 4654 θεασάμενοι
1567 4581 1703 4652 πρὸς

124 4678 280 4749 ἡμᾶς
304 4677 534 4747 ἀδελφὸν
558 4677 875 4747 ἐρχόμενον,
904 4676 993 4729 διὰ
1018 4675 1128 4728 τῶν
1164 4675 1441 4746 λογισμῶν
1468 4676 1707 4745 προεσή-

129 4783 333 4840 μαναν,
382 4761 463 4829 οἷς
493 4767 552 4819 ού
582 4768 688 4837 χρὴ
734 4765 1036 4830 πιστεύειν,
1080 4766 1183 4819 κᾶν
1223 4765 1405 4834 λέγειν
1451 4768 1498 4818 τ’
1533 4765 1708 4836 ἀληθῆ

126 4859 425 4932 νομίζωσι·
479 4857 568 4911 διὰ
611 4857 721 4926 γὰρ
766 4856 866 4927 τῆς
909 4856 1068 4927 δῆθεν
1115 4855 1373 4926 ἀληθείας
1417 4856 1477 4909 τὸ
1518 4855 1713 4925 ψεῦδος

128 4953 621 5026 παρεισφέρουσιν,
660 4950 747 5004 ἵνα
776 4952 840 5003 ἐκ
864 4949 957 5001 τοῦ
984 4948 1126 5002 κατὰ
1161 4950 1328 5021 μέρος
1361 4953 1484 5014 ταῖς
1514 4951 1715 5023 ἔμπρο.

130 5046 260 5100 σθεν
296 5046 435 5108 ὁδοῖς
466 5045 590 5106 τοὺς
633 5041 861 5113 βρόχους
908 5039 1321 5111 ὑπογράφωσιν.
1361 5042 1574 5113 Ὥσπερ
1617 5043 1714 5095 ἀν-

131 5140 405 5210 έργαστος
434 5134 656 5207 χρυσὸς.
688 5136 747 5187 ἐν
778 5133 1131 5203 χωνευτηρίῳ
1158 5132 1512 5203 βαλλόμενος,
1545 5134 1715 5188 καθα-

134 5230 374 5304 ρώτερος
403 5229 614 5297 γίνεται
640 5266 654 5291 ,
701 5225 844 5280 οὕτω
874 5227 967 5279 καὶ
992 5225 1185 5294 νέηλυς
1225 5226 1477 5296 μοναχὸς,
1509 5229 1568 5281 ἐν
1605 5246 1720 5281 κοι-

133 5323 303 5393 νοὸίῳ
332 5322 400 5375 τὰ
425 5321 532 5391 ἤθη
574 5319 1073 5389 ἁναχωνευόμενος,
1108 5317 1332 5388 φαιδρὸς
1365 5321 1483 5382 ταῖς
1522 5336 1722 5390 καρτε-

138 5410 287 5481 ρίαις
339 5400 830 5462 ἀποκαθίσταται”“
863 5408 952 5461 διὰ
1003 5408 1113 5477 γὰρ
1163 5406 1265 5477 τῆς
1314 5409 1584 5481 ἐπιταγῆς
1615 5410 1723 5463 τῶν
1772 5447 1774 5449 ›

135 5499 384 5570 ἀδελφῶν
420 5499 518 5570 τὴν
548 5500 798 5568 ὑπακοὴν
835 5499 1129 5570 μανθάνειν
1163 5499 1598 5573 κατεργάζεταιο
1634 5501 1724 5554 διὰ

137 5593 198 5649 δὶ
220 5592 318 5648 τοῦ
345 5592 775 5665 ἐπιπλήττοντος
799 5592 1150 5663 ἐτοιμάιζεται
1182 5593 1283 5663 τὴν
1311 5591 1475 5661 φύσιν
1507 5610 1718 5665 μακρο-

213 5793 261 5826 ⁸⁸
295 5792 450 5849 Rom.
482 5810 601 5859 vin,
636 5793 728 5849 36.
806 5793 874 5826 "°
906 5793 1052 5851 Psal.
1081 5810 1188 5866 Liv,
1220 5794 1319 5852 25..

1814 4591 2015 4637 nantur
2043 4601 2056 4636 :
2086 4583 2286 4652 saepius
2321 4583 2505 4653 igitur,
2558 4598 2678 4637 cum
2727 4582 2892 4655 446
2932 4598 3032 4637 nos
3078 4582 3131 4635 in
3180 4582 3390 4651 placida

1815 4675 1998 4744 quiete
2030 4676 2389 4740 resideamus,
2423 4674 2727 4745 conspicati
2774 4674 2997 4728 fratrem
3035 4673 3103 4728 ad
3153 4689 3254 4728 nos
3300 4689 3391 4727 τοι

1818 4766 2057 4822 nientem
2094 4783 2187 4837 per
2233 4768 2468 4838 cogitata
2519 4766 2995 4837 pramuntiarunt,
3046 4765 3244 4835 quibus
3288 4779 3391 4817 non

1824 4868 2038 4928 oportet
2061 4844 2305 4922 credere,
2340 4859 2591 4929 quamvis
2624 4858 2803 4913 dicere
2837 4873 2963 4912 vera
2999 4866 3216 4928 putent,
3268 4858 3393 4926 quin

1824 4962 1921 5019 per
1962 4964 2081 5004 eam
2116 4949 2369 5005 videlicet
2417 4949 2702 5004 veritatem
2752 4947 3095 5003 mendacium
3153 4947 3398 5001 subinfc-

1823 5051 1972 5105 runt,
2026 5051 2086 5095 ut
2134 5056 2197 5095 ex
2255 5040 2570 5111 particulari
2622 5040 2879 5110 quopiam
2931 5040 3055 5104 viis,
3105 5054 3227 5109 qua:
3272 5049 3399 5094 sunt

1826 5142 1953 5187 ante
1979 5147 2101 5196 nos,
2136 5131 2362 5201 laqueos
2402 5130 2562 5200 Quasi
2596 5130 2889 5186 delineent.
2927 5129 3396 5195 Quemadmodum

1821 5244 2015 5282 aurum
2051 5227 2104 5281 in
2145 5241 2274 5283 vase
2308 5226 2532 5295 parvulo
2563 5226 2886 5297 argillaceo,
2930 5225 2984 5279 in
3038 5240 3150 5295 quo
3184 5225 3397 5279 metalla

1823 5320 2128 5374 funduntur
2167 5327 2222 5372 et
2258 5317 2567 5387 liquefiunt,
2594 5318 2921 5388 projectum,
2952 5306 3133 5371 evadit
3163 5315 3354 5384 purius
3381 5332 3396 5367 :

1823 5413 1898 5466 ita
1930 5421 1984 5467 et
2009 5411 2257 5466 novellus
2293 5411 2595 5466 monachus
2643 5410 2696 5465 in
2746 5409 2999 5465 coenobio
3030 5407 3189 5476 quasi
3220 5405 3405 5460 metal-

1824 5502 1958 5566 lum,
2004 5504 2217 5573 positus
2272 5502 2339 5557 ad
2383 5501 2767 5573 expurgandos
2820 5513 3037 5563 mores,
3098 5495 3405 5551 tolerantiis

1826 5594 2183 5665 prmfulgidus
2215 5594 2497 5668 redditur;
2527 5608 2625 5665 per
2653 5593 2967 5647 mandatum
2998 5589 3143 5645 enim
3173 5589 3403 5644 fratrum
