3838 6056
458 295 596 364 1135

1875 300 2118 362 S.NILl

3609 290 3747 354 111$

453 411 805 482 disciplinam
838 413 1160 469 obedientiae
1188 411 1422 484 perlicit,
1455 427 1547 482 per
1587 411 1912 483 alliigentem
1941 427 2022 465 aut

2141 408 2344 480 θυμίαν
2369 408 2534 480 ἔχειν.
2565 409 2736 464 Ὅταν
2766 403 2862 463 οὖν
2889 409 3034 480 χαρᾷ
3061 408 3163 473 τὰς
3194 408 3388 480 ὕϐρεις
3421 409 3747 480 mnam-

454 515 562 556 tem
595 516 752 556 suam
814 509 1081 573 praepara;
1132 514 1384 558 naturam
1443 502 1513 557 ad
1560 501 2029 573 longanimitatem

455 592 803 660 habendam;
851 594 1079 664 quando.
1117 609 1247 664 ergo
1295 593 1494 663 gaudio
1539 592 1802 665 suscipiat
1842 603 2034 649 contu-

451 683 668 751 melias,
702 685 1076 755 tenuitateque
1104 685 1496 740 demissionem
1547 685 1718 740 animi
1760 685 2035 755 amplexe-

454 784 566 842 tur,
617 778 868 847 superior
899 777 1165 848 oppositis
1212 777 1439 835 effectus
1487 777 1856 849 passionibus,
1906 787 2035 832 tunc

455 868 754 924 virtutibus
792 883 1080 924 coruscare
1105 869 1407 936 contendit,
1437 869 1613 940 gratia
1649 868 1754 940 ipsi
1798 868 2034 940 amplius

453 961 600 1017 vires
625 961 980 1030 concedente,
1017 970 1073 1016 et
1099 961 1397 1032 copiosius.
1435 961 1589 1016 Sicut
1613 961 1708 1033 qui
1744 960 1799 1015 in
1823 961 2034 1016 radices

455 1063 617 1107 terrae
643 1052 981 1108 descendunt
1006 1067 1198 1107 aurum
1229 1050 1549 1108 refodiunt:
1584 1053 1678 1116 ita,
1714 1051 1807 1123 qui
1845 1052 1900 1106 in
1935 1065 2032 1106 au-

455 1144 662 1199 reolam
694 1143 1059 1201 humilitatem
1079 1145 1441 1210 descendunt,
1471 1144 1697 1200 virtutes
1723 1151 2030 1214 reportant.

450 1235 607 1320 Tunc
636 1237 944 1294 intellectus
974 1236 1256 1307 praesentit
1280 1238 1547 1308 requiem,
1573 1237 1793 1308 quando
1819 1237 2031 1308 passio-

449 1345 582 1384 num
646 1329 896 1385 recidens
955 1343 1152 1385 causas
1189 1330 1336 1385 circa
1390 1329 1907 1402 contemplationem
1962 1328 2034 1384 sit

449 1433 771 1493 occupatus,
807 1433 935 1477 ante
984 1437 1114 1477 vero
1154 1422 1371 1478 illarum
1411 1422 1770 1490 incisionem,
1813 1431 2034 1479 contra-

447 1518 655 1572 riorum
686 1531 882 1587 pugnae
912 1515 1125 1571 infirme
1150 1516 1442 1583 accedens,
1475 1515 1715 1573 laborem
1745 1516 2028 1587 persentit,

449 1623 513 1665 ac
545 1623 841 1664 aerumnas.

996 1783 1227 1841 CAPUT
1267 1782 1480 1838 XXXII.

520 1937 690 1997 Senes
720 1939 950 1995 libenter
996 1941 1376 2009 amplexantur
1419 1937 1722 1992 solitarium
1765 1936 2029 2012 gradatim

447 2041 831 2104 comparatum
869 2047 1182 2100 recessum;
1220 2034 1263 2088 si
1301 2033 1465 2088 modo
1499 2032 1644 2102 quis,
1680 2045 1806 2086 cum
1834 2031 1889 2085 in
1921 2047 2030 2086 cm-

449 2127 618 2182 nobio
661 2126 892 2181 virtutes
930 2126 1252 2196 perfecerit,
1303 2141 1370 2181 eo
1419 2139 1594 2195 usque
1648 2123 1926 2195 pervenit;
1979 2133 2033 2178 et

447 2220 670 2290 quidem
704 2220 946 2290 seipsum
984 2221 1174 2290 probet
1225 2237 1290 2274 an
1327 2219 1504 2290 possit
1544 2219 1595 2273 in
1647 2233 1867 2273 recessu
1904 2233 2027 2288 pro-

450 2312 633 2378 lieere,
668 2311 753 2367 sin
783 2327 934 2376 vero,
963 2312 1104 2366 haud
1132 2311 1295 2384 447
1332 2312 1537 2377 valens,
1576 2310 1777 2364 virtute
1804 2308 2029 2363 irustrez

450 2416 562 2472 tur,
589 2403 835 2459 reﬂectat
870 2405 971 2459 iter
1009 2405 1074 2458 ad
1107 2405 1440 2466 coenobium,
1483 2417 1550 2458 ne
1592 2401 1853 2469 forsitan,
1902 2416 2026 2456 cum

449 2497 843 2567 cogitationum
890 2495 1392 2550 machinationibus
1432 2489 1716 2548 occurrere
1756 2505 1868 2546 non
1910 2506 2032 2561 pos-

450 2587 543 2651 sit,
579 2588 796 2642 excidat
828 2597 1027 2643 mente.
1065 2586 1538 2654 Quemadmodum
1571 2585 1748 2641 viduae
1794 2585 2028 2657 lugentis

450 2681 707 2737 solatium
743 2688 872 2735 sunt
900 2681 992 2735 lilii
1015 2723 1030 2747 ,
1081 2681 1162 2736 sic
1203 2689 1258 2736 et
1309 2680 1526 2744 animae,
1562 2695 1684 2750 quae
1714 2679 2026 2748 deliquerit,

451 2773 774 2836 consolatio,
803 2771 1015 2828 labores
1049 2783 1197 2836 sunt,
1237 2773 1330 2842 qui
1359 2771 1792 2841 desperationem
1821 2771 2027 2841 cogita-

453 2866 661 2920 tionum
719 2864 1024 2934 dissipant,
1057 2874 1109 2920 et
1147 2865 1485 2935 poenitentia:
1535 2864 1786 2918 liduciam
1833 2876 2026 2932 super-

449 2959 744 3023 scminant,
775 2967 829 3013 et
854 2957 1265 3014 misericordias
1293 2956 1495 3013 Christi
1525 2956 1820 3026 publicant,
1854 2969 1918 3010 ac
1941 2953 2026 3008 di—

447 3049 694 3118 vulgaut,
721 3056 1037 3118 patrataque
1063 3058 1281 3118 peccata
1303 3047 1674 3118 proscribunt.
1705 3043 1821 3100 Non
1847 3045 2022 3101 solum

447 3154 579 3207 ergo
639 3137 902 3193 debemus
966 3138 1122 3208 quasi
1173 3153 1238 3193 ex
1291 3136 1688 3193 consuetudine
1743 3135 2023 3190 laboribus

450 3210 768 3287 incumbere
799 3233 1099 3302 operando,
1142 3245 1327 3286 verum
1364 3241 1416 3286 et
1443 3229 1692 3302 prudenti
1723 3227 2020 3300 gratiarum

446 3327 676 3381 actionis
703 3328 906 3391 animo,
959 3339 1026 3380 ne
1072 3324 1239 3378 hocce
1278 3325 1556 3395 sapientiae
1613 3323 1795 3378 studio
1842 3319 2021 3374 anima

449 3418 594 3473 nuda
623 3418 1025 3487 comperiatur;
1055 3417 1098 3471 si
1123 3431 1360 3486 namque
1383 3417 1438 3470 in
1468 3428 1793 3485 unaquaque
1811 3411 2023 3466 actione

448 3510 585 3564 bene
625 3510 875 3563 novimus
907 3523 1056 3573 eum,
1101 3507 1192 3576 qui
1241 3507 1488 3562 laborum
1537 3505 1672 3560 lines
1717 3501 2018 3573 elargitur,

445 3601 744 3672 gratiarum
791 3599 1006 3654 actione
1058 3600 1428 3670 obsignemus.
1499 3597 1654 3652 Sicut
1706 3609 1900 3664 panem
1953 3593 2022 3645 ab

449 3693 657 3748 infante
689 3692 904 3747 catulus
927 3692 1140 3760 eripere
1170 3690 1482 3753 insidiatur,
1514 3688 1588 3741 ita
1618 3685 1963 3757 prudentiam
1991 3699 2020 3737 a

447 3782 614 3838 corde
657 3781 914 3846 cogitatio
967 3781 1107 3835 mala
1143 3798 1155 3834 ς
1199 3795 1264 3833 ne
1298 3779 1460 3847 igitur
1499 3775 1815 3844 juveniliter
1847 3775 2021 3843 sapia-

447 3890 591 3940 mus,
619 3873 1022 3928 contrariorum
1055 3885 1280 3941 operum
1328 3879 1542 3924 utentes
1573 3867 1799 3930 malitia,
1849 3875 1907 3919 ut
1952 3867 2020 3918 iis

447 3971 500 4021 in
532 3967 890 4038 direptionem
917 3965 1154 4020 animam
1183 3978 1290 4017 non
1315 3960 1634 4032 prodamus.
1662 3959 2021 4027 Quemadmo-

445 4062 574 4114 dum
607 4059 890 4116 stellarum
925 4057 1127 4111 chorea
1177 4055 1348 4110 facem
1387 4062 1629 4124 gestans,
1676 4053 2016 4123 Splendidqu

447 4152 619 4205 reddit
647 4151 871 4215 caelum,
908 4149 980 4203 ita
1027 4161 1346 4203 sermonum
1375 4146 1577 4202 veritas
1608 4146 1763 4215 quasi
1812 4145 2019 4212 lampa-

442 4246 561 4298 dem
597 4253 787 4298 tenens
818 4241 1050 4296 nitidum
1098 4240 1260 4295 ellicit
1299 4239 1599 4294 hominem.
1647 4235 1824 4290 Unum
1857 4235 2018 4303 igitur

438 4335 682 4392 veritatis
709 4335 762 4388 in
798 4334 981 4406 lingua
1013 4344 1294 4403 portemus
1325 4331 1570 4395 modum,
1601 4329 1725 4398 quia
1753 4328 2018 4382 Dominus

438 4429 746 4484 inhabitare
776 4427 905 4482 facit
951 4429 1114 4481 unius
1161 4426 1329 4480 moris
1374 4424 1426 4477 in
1459 4422 1623 4477 domo
1645 4421 1709 4474 ⁸³.
1745 4418 2020 4486 Quemad-

2135 518 2260 569 ται,
2293 501 2389 555 καὶ
2421 500 2670 572 εὐτελείᾳ.
2697 500 2797 572 τὴν
2832 499 3162 554 ταπείνωσιν
3191 500 3568 570 ἀσπάζηται,
3605 499 3747 554 ἀνιώ-

2135 611 2295 666 τερος
2350 595 2462 648 τῶν
2513 595 2780 664 ἄντικρυς
2830 592 3022 648 παθῶν
3081 593 3412 664 γενόμενος,
3473 591 3747 646 ἐπέκεινα

2137 687 2375 742 στίλϐειν
2427 689 2549 752 ταῖς
2598 687 2824 758 ἀρεταῖς
2875 686 3303 756 ἐπαγωνίζεται,
3348 687 3457 756 τῆς
3512 685 3746 754 χάριτος

2135 778 2285 850 αύτῷ
2329 781 2422 833 ἐπὶ
2455 780 2638 834 πλεῖον
2683 777 2783 850 τὴν
2815 778 3048 849 δύναμιν
3094 777 3488 850 δωρουμένης.
3521 775 3743 840 Ὠσπερ

2133 872 2183 925 oi
2216 869 2316 934 τὰς
2347 869 2502 942 ῥίζας
2536 870 2635 942 τῆς
2676 871 2783 942 γῆς
2809 869 3094 935 κατιόντες
3125 868 3220 923 τὸν
3257 866 3475 939 χρυσὸν
3506 865 3742 936 ἀνορύτ-

2133 980 2338 1030 τουσιν,
2364 961 2539 1026 οὕτως
2565 964 2615 1016 οἱ
2642 964 2721 1027 είς
2749 962 2849 1034 τὴν
2896 964 3148 1033 χρυσῖτιν
3180 959 3533 1015 ταπείνωσιν
3566 975 3738 1009 κατα-

2135 1049 2414 1112 ϐαίνοντες
2452 1046 2657 1122 ἀρετὰς
2690 1046 3046 1119 ἀναφέρουσι.
3094 1046 3229 1099 Τότε
3256 1045 3284 1097 ό
3313 1042 3450 1107 νοῦς
3484 1040 3738 1096 ἀναπαύ-

2135 1157 2274 1204 σεως
2306 1139 2650 1206 αἰσθάνεται,
2685 1139 2847 1193 ὁπότε
2863 1138 2963 1202 τάς
2993 1137 3102 1191 τῶν
3134 1134 3328 1190 παθῶν
3372 1132 3568 1193 αἰτίας
3597 1133 3736 1184 ἀπ’)-

2131 1232 2341 1302 τεμὼν,
2372 1232 2503 1303 περὶ
2533 1232 2769 1304 θεωρίαν
2797 1230 3122 1303 ἢσχόληται,
3147 1228 3280 1298 πρὶν
3300 1226 3364 1280 δὲ
3386 1225 3497 1296 τῆς
3525 1223 3736 1277 τούτων

2132 1324 2340 1395 κοπῆς,
2372 1323 2541 1378 κόπου
2562 1365 2580 1391 ,
2628 1323 2726 1378 καὶ
2763 1322 3140 1394 ταλαιπωρίας
3185 1318 3639 1384 ἐπαισθάνεται,
3670 1319 3736 1387 τῇ

2130 1416 2240 1472 τῶν
2265 1415 2527 1473 ἐναντίων
2555 1416 2710 1491 μάχη
2735 1414 2980 1481 ἀσθενῶς
3005 1411 3491 1488 προσερχόμενος.

2708 1789 2964 1846 ΚΕΦΑΔ.
3002 1790 3130 1846 AB'.

2205 1942 2410 2016 Βαθμῷ
2455 1942 2555 2015 τὴν
2605 1939 2970 2013 ἀναχώρησιν’
3009 1939 3306 2013 γινομένην
3355 1939 3409 1992 οἱ
3462 1935 3735 2007 γέροντες

2133 2036 2272 2106 ἀγαν
2312 2035 2671 2106 ἀποδέχονται
2691 2073 2708 2100 ,
2743 2032 2900 2104 εἴπερ
2926 2050 3010 2097 τις
3039 2032 3138 2097 τὰς
3176 2035 3233 2088 ὲν
3261 2029 3538 2100 κοινοδίφ
3585 2029 3734 2082 τελεῖ-

2135 2147 2233 2194 σας
2251 2129 2452 2202 ἀρετὰς
2477 2129 2556 2191 είς
2583 2126 2742 2181 τοῦτο
2766 2124 3133 2199 παρελήλυθεο
3159 2125 3254 2179 καὶ
3291 2125 3340 2177 εί
3375 2123 3484 2195 μὲν
3511 2121 3734 2174 δύναιτο

2131 2220 2190 2274 ἐν
2219 2222 2286 2291 τῇ
2322 2217 2670 2290 ἀναχωρήσει
2710 2215 3074 2288 προκόπτειν,
3110 2214 3303 2270 ἑαυτὸν
3341 2211 3728 2283 δοκιμαζέτω.

2131 2311 2195 2365 Εἰ
2225 2310 2280 2365 δὲ
2309 2310 2585 2373 ἀδυνάτως
2615 2307 2752 2379 ἔχων
2777 2307 2878 2380 τῆς
2913 2307 3116 2378 ἀρετῆς
3152 2305 3509 2368 ἐλαττοῦται,
3557 2305 3643 2368 εἰς
3675 2304 3731 2356 τδ

2135 2403 2401 2458 κοινόὸιον
2437 2400 2864 2472 ἁνακαμπτέτω,
2902 2400 3100 2470 μήπως
3137 2400 3260 2462 ταῖς
3290 2399 3593 2469 μηχαναῖς
3627 2396 3730 2448 τῶν

2129 2495 2405 2568 λογισμῶν
2439 2496 2515 2567 μὴ
2540 2493 2790 2564 δυνηθεὶς
2826 2491 3161 2563 ἀπαντῆσαι,
3188 2491 3297 2545 τῶν
3321 2491 3563 2562 φρενῶν
3596 2490 3730 2543 dm-

2129 2587 2524 2660 πέσῃ.Ὦσπερ
2553 2587 2730 2658 χήρας
2753 2583 3059 2655 πενθούσης
3084 2582 3440 2655 παραμύθιον
3493 2583 3554 2634 οἱ
3596 2582 3726 2644 υἱοὶ,

2126 2681 2270 2736 οὕτω
2291 2681 2384 2734 καὶ
2410 2679 2589 2752 ψυχῆς
2607 2679 2919 2750 πταισάσης
2959 2675 3279 2749 παρηγορία
3300 2675 3484 2740 πόνοι,
3523 2673 3729 2737 οἵτινες

2125 2775 2224 2844 τὴν
2247 2772 2560 2841 ἀπόγνωσιν
2587 2771 2695 2826 τῶν
2723 2769 3002 2842 λογισμῶν
3032 2767 3391 2840 σκορπίζουσι
3413 2809 3429 2831 ,
3479 2767 3594 2822 καὶ
3627 2767 3725 2838 τὴν

2126 2861 2310 2916 πίστιν
2360 2861 2461 2933 τῆς
2501 2860 2790 2930 μετανοίας
2826 2859 3288 2930 κατασπείρουσι,
3332 2858 3432 2913 καὶ
3472 2856 3557 2912 τὰ
3597 2857 3721 2928 ὲλέη

2125 2953 2365 3025 Χριστοῦ
2389 2952 2850 3026 ἀνακηρύττουσι,
2887 2952 2982 3007 καὶ
3009 2953 3075 3007 τά
3105 2951 3422 3023 πραχθέντα
3449 2951 3722 3022 ἁμαρτή-

2129 3063 2275 3117 ματα
2325 3044 2820 3117 ἀποκηρύττουσιν.
2872 3045 2989 3097 Ούκ
3032 3043 3320 3113 ὀφείλομεν
3369 3037 3468 3096 οὖν
3520 3041 3608 3105 ὡς
3661 3043 3720 3093 ἐκ

2127 3139 2417 3211 συνηθείας
2453 3140 2614 3212 μόνον
2638 3141 2768 3205 τοὺς
2793 3139 2990 3202 πόνους
3023 3135 3355 3209 ἐργάζεσθαι
3382 3176 3396 3196 ,
3432 3133 3585 3187 ἀλλά
3628 3132 3721 3185 καὶ

2127 3233 2185 3284 ἐν
2215 3231 2430 3284 συνέσει
2462 3231 2837 3302 εὐχαριστίας,
2873 3231 2960 3285 ἵνα
2993 3229 3070 3302 μὴ
3098 3227 3281 3300 γυμνὴ
3315 3225 3417 3296 τῆς
3443 3223 3721 3292 τοιαύτης

2125 3323 2447 3394 φιλοσοφίας
2477 3325 2511 3394 ἡ
2553 3324 2700 3394 ψυχὴ
2739 3323 3048 3396 εὑρίσκοιτο
3068 3339 3082 3354 ·
3121 3320 3216 3375 ἐὰν
3243 3322 3350 3392 γάρ
3377 3319 3467 3389 ἐφ’
3503 3319 3718 3388 ἑκάστῃ

2125 3415 2323 3488 πράξει
2357 3414 2616 3486 σύνισμεν
2643 3415 2735 3471 τὸν
2763 3415 2976 3469 διδόντα
3000 3413 3070 3470 τά
3094 3413 3225 3483 τέλη
3254 3412 3362 3466 τῶν
3389 3411 3604 3474 πόνων,
3626 3413 3717 3462 εἰ-

2123 3509 2382 3580 χαριστίᾳ
2422 3508 2814 3579 σφραγίζωμεν
2861 3508 3073 3578 Ὥσπερ
3115 3506 3280 3577 ἄρτον
3318 3505 3428 3560 ἀπὺ
3469 3503 3719 3575 βρέφους

2123 3600 2394 3672 ἐνεδρεύει
2419 3599 2624 3666 σκύλαξ
2653 3599 2957 3669 ἐξαρπάσαι
2978 3638 2992 3663 ,
3024 3596 3166 3652 οὕτω
3197 3597 3414 3651 σύνεσιν
3445 3594 3564 3649 ἀπὸ
3592 3614 3719 3666 καί·

2122 3690 2243 3753 δίας
2277 3689 2536 3760 λογισμὸς
2564 3690 2818 3762 πονηρός.
2849 3690 2940 3760 Μὴ
2984 3688 3077 3742 οῦν
3107 3685 3450 3758 ὲννεάζωμεν
3483 3686 3605 3740 τῶν
3635 3688 3717 3739 ἑνο

2124 3780 2319 3834 αντίων
2359 3780 2536 3852 ἔργων
2585 3782 2652 3851 τῇ
2701 3779 2871 3851 κακίᾳ
2914 3779 3207 3850 χρώμενοι,
3250 3777 3336 3830 ἵνα
3385 3775 3463 3848 μὴ
3507 3776 3596 3838 είς
3640 3775 3716 3827 διο

2123 3873 2381 3945 αρπαγὴν
2409 3874 2622 3936 τούτοις
2649 3873 2748 3944 τὴν
2782 3873 2962 3944 ψυχὴν
2994 3869 3456 3943 προεκδώσωμεν.
3491 3869 3715 3939 Ὠσπερ

2122 3965 2296 4037 ἡτῶν
2334 3965 2581 4037 ἀστέρων
2624 3965 2815 4038 χορεία
2854 3965 3190 4037 δᾳδουχοῦσα
3267 3963 3566 4034 φαιδρύνει
3623 3962 3713 4014 τὸν

2121 4059 2374 4130 οὐρανὸν,
2401 4059 2576 4124 οὓτως
2610 4061 2641 4130 ἡ
2675 4059 2785 4112 τῶν
2817 4058 3080 4130 ῥημάτων
3113 4056 3346 4127 ἀλήθεια
3385 4055 3711 4124 λαμπαδουο

2122 4149 2293 4221 χοῦσα
2324 4151 2608 4222 φαιδρύνει
2639 4150 2730 4204 τὸν
2763 4148 3073 4222 ἄνθρωπον.
3109 4149 3247 4201 Ἕνα
3293 4142 3388 4201 οὖν
3424 4149 3531 4217 τῆς
3579 4147 3710 4218 άλη-

2123 4241 2273 4306 θείας
2307 4243 2510 4312 τρόπον
2540 4241 2634 4294 ἐπὶ
2668 4239 2915 4312 γλώττης
2956 4238 3349 4310 βαστάξωμεν,
3381 4238 3467 4291 ὅτι
3498 4238 3708 4310 Κύριος

2121 4333 2425 4398 κατοικίζει
2463 4334 2830 4406 μονοτρόπους
2861 4333 2920 4386 έν
2959 4332 3113 4402 οἴκῳ.
3160 4331 3375 4401 Ὥσπερ
3422 4331 3705 4402 ἀστραπαὶ

2124 4424 2357 4495 σφοδραὶ
2383 4423 2776 4495 προσπηδῶσαι
2799 4461 2814 4486 ,
2845 4421 3229 4493 προμηνύουσι
3272 4416 3536 4492 βροντὴν,
3562 4418 3703 4473 οὕτω

438 4520 660 4573 modum
695 4516 1036 4572 vehementia
1065 4514 1366 4569 assilientia
1401 4511 1619 4582 fulgura
1647 4509 1850 4563 tonitru
1880 4522 2014 4576 pra)-

2124 4518 2214 4572 καὶ
2243 4517 2433 4588 ῥήσεις
2463 4515 2714 4587 ἀκριϐεῖς
2743 4513 3092 4586 προσιοῦσαι,
3135 4513 3580 4585 προσημαίνουσι
3616 4513 3698 4565 πί-

436 4613 684 4681 signant,
736 4609 817 4663 sic
868 4607 1126 4675 et¢plcna
1176 4605 1432 4676 iustaque
1480 4600 1794 4656 accedentia
1847 4599 2010 4664 dicta,

435 4704 598 4757 tidem
626 4699 1017 4770 pratnttntiant.
1052 4695 1266 4750 Fideles
1292 4695 1458 4764 igitur
1489 4693 1702 4749 veritati
1748 4707 1869 4746 esse
1900 4701 2012 4745 stu-

433 4797 695 4860 deamus,
744 4799 816 4846 ut'
857 4790 924 4846 ad
973 4791 1231 4845 virtutum
1291 4786 1631 4856 metropolim
1687 4785 2008 4840 cbarilatem

430 4886 869 4960 progrediamur.
898 4884 1053 4940 Sicut
1082 4884 1163 4938 sol
1192 4881 1310 4936 auri
1343 4880 1396 4934 in
1420 4879 1645 4934 modum
1674 4879 2010 4949 splendenti-

432 4982 537 5037 bus
560 4981 730 5036 radiis
763 4980 862 5034 toti
905 4979 1110 5035 arridet
1148 4987 1414 5032 terrarum
1452 4973 1594 5039 orbi,
1628 4974 1701 5027 ita
1737 4969 2009 5027 rutilanti-

430 5072 534 5128 bus
572 5071 880 5128 actionibus
920 5071 1123 5126 veritas
1162 5067 1311 5123 omni
1374 5065 1572 5122 anima:
1605 5065 1918 5135 perlaetatur
1955 5069 2010 5116 et

350 5151 354 5155 ’
430 5167 879 5238 congratulatur;
931 5180 1094 5236 quam
1145 5162 1191 5218 si
1247 5159 1668 5222 obtinuerimus,
1725 5156 2006 5226 passiones

429 5258 596 5331 M8
626 5259 1009 5324 exstinximus,
1055 5268 1108 5314 et
1153 5257 1221 5312 ad
1271 5257 1440 5313 coelos
1493 5269 1669 5326 usque
1707 5253 2008 5307 illuximus.

429 5350 658 5402 Omnem
695 5350 904 5404 subibis
932 5349 1195 5414 laborem,
1230 5347 1402 5402 donee
1437 5355 1682 5401 sanctam
1723 5355 2009 5412 compares

430 5440 785 5508 charitatem;
851 5443 999 5511 quia,
1031 5441 1254 5496 absente
1295 5438 1422 5505 ista,
1472 5436 1610 5491 nihil
1657 5436 2006 5504 praesentium

429 5534 691 5604 prodest:
723 5535 929 5592 etenim
981 5536 1058 5590 ira
1092 5533 1316 5598 leroeit,
1347 5539 1400 5588 et
1444 5538 1768 5601 asperantur
1799 5543 2006 5596 mores,

502 5718 549 5749 ⁸³
580 5717 726 5774 Psal.
780 5734 948 5782 vatt,
1003 5717 1054 5770 7.

2122 4627 2260 4666 στιν.
2297 4610 2490 4664 Πιστοὶ
2522 4608 2615 4664 οῦν
2646 4603 2788 4662 εἶναι
2813 4610 2880 4678 τῇ
2905 4605 3133 4679 ἀληθείᾳ
3163 4606 3586 4676 σπουδάσωμεν,
3617 4606 3697 4657 ἵνα

2120 4705 2216 4759 καὶ¹
2262 4706 2341 4768 είς
2373 4704 2474 4775 τὴν
2527 4703 2864 4774 μητρόπολιν
2914 4700 3023 4754 τῶν
3075 4699 3287 4770 ἀρετῶν
3332 4697 3435 4769 τὴν
3481 4699 3695 4766 ἀγάπην

2120 4796 2510 4869 προκόψωμεν.
2570 4797 2658 4859 Ὠς
2705 4796 2858 4868 ἥλιος
2907 4797 3027 4857 ταῖς
3078 4789 3446 4863 χρυσαυγέσιν
3489 4790 3692 4845 ἀκτίσιν

2119 4889 2307 4961 ἀπάσῃ
2336 4888 2667 4960 προσμειδιᾷ
2695 4890 2759 4959 τῇ
2791 4889 2885 4958 γῇ,
2914 4884 3088 4948 οὕτως
3115 4884 3304 4952 ἀγάπη
3321 4885 3454 4945 -ταῖς
3485 4899 3691 4952 φωταυ-

2117 4979 2240 5049 γέσι
2279 4979 2540 5052 πράξεσιν
2585 4979 2775 5051 ἁπάσῃ
2816 4977 3140 5048 προσχαίρει
3173 4975 3352 5045 ψυχῇο
3383 4974 3569 5044 ἥνπερ
3607 4975 3689 5026 ἐὰν

2118 5071 2512 5141 κατάσχωμεν,
2547 5070 2617 5123 τὰ
2644 5071 2791 5142 πάθη
2825 5069 3154 5141 ὲσὸέσαμεν,
3189 5066 3284 5120 καὶ
3316 5066 3398 5128 είς
3438 5066 3690 5136 οὐρανοὺς

2118 5161 2466 5233 ὲλάμψαμεν.
2498 5164 2754 5217 Ἀπαντα
2792 5162 2953 5217 πόνον
2993 5161 3240 5231 ποιήσεις
3273 5158 3381 5222 ἕως
3412 5157 3515 5229 τῆς
3551 5157 3690 5216 ὁσίας

2118 5256 2343 5326 ἀγάπης
2371 5256 2654 5330 ἐπιτεύξῃ.
2685 5257 2788 5324 ὅτι,
2818 5255 3023 5326 ταύτης
3055 5252 3304 5324 ἀπούσης
3325 5290 3342 5316 ,
3372 5251 3570 5320 ὄφελος
3594 5250 3690 5304 τῶν

2117 5349 2404 5418 παρόντων
2433 5349 2608 5404 οὐδέν.
2641 5349 2751 5402 Καὶ
2778 5347 2887 5417 γὰρ
2909 5345 3046 5418 ὀργὴ
3071 5344 3439 5417 ἀγριαίνεται,
3477 5344 3572 5396 καὶ
3593 5343 3687 5413 ἢθη

2116 5441 2507 5512 χαλεπαίνεται
2532 5480 2548 5506 ,
2584 5441 2737 5497 πόνοι
2772 5439 3162 5511 ἀπονοούμενοι
3208 5441 3275 5510 τῇ
3317 5437 3449 5508 δόξῃ
3496 5438 3688 5506 συμμί-

2115 5550 2360 5602 γνυνται.
2389 5534 2490 5588 Διὰ
2521 5532 2702 5606 ψυχῆς
2725 5531 3060 5588 ταπείνωσιν
3084 5527 3250 5585 Δαόὶδ
3281 5527 3424 5599 μετά
3461 5525 3684 5589 πένθους
