3838 6056
71 316 230 384 1137

1209 309 1650 373 TRACTATUS
1688 310 1789 370 AD
1827 310 2259 372 EULOGIUM.

3204 296 3338 361 1138

68 434 413 501 ἑνήστευσε,
484 429 580 483 καὶ
644 429 805 498 ἡμεῖς
864 425 953 480 διὰ
1018 424 1279 495 νηστείας
1331 424 1430 494 τὴν
1491 420 1669 492 ψυχὴν

1791 428 1823 474 ιι
1847 420 2217 474 admiscentur
2243 410 2431 489 gloriie
2462 415 2677 469 labores
2707 425 2907 467 vesana
2937 409 3172 481 quada'u
3209 410 3336 464 elati

66 519 544 591 ταπεινώσωμεν.

683 804 930 860 ΚΕΦΑΛ.
975 805 1095 859 AI".

162 898 237 954 Ὀ
269 902 384 963 τοῖς
422 900 761 969 σωματικοῖς
806 897 991 960 πόνοις
1018 896 1372 969 τραχυτέρως
1399 895 1674 966 ἀσκούμε-

66 1010 210 1059 νος,
257 993 389 1065 μηδὲ
414 991 625 1061 ἐπαίνῳ
657 987 996 1059 ὲργαζέσθω,
1018 990 1153 1060 μήτε
1178 988 1303 1061 δόξῃ
1335 990 1669 1060 ὲπαιρέσθω·

70 1084 125 1136 εἰ
148 1083 276 1154 γὰρ
304 1084 361 1135 ὲν
382 1081 598 1143 τούτοις
628 1082 678 1133 οί
707 1080 962 1150 δαίμονες
984 1079 1331 1149 ὁφρυώσουσι
1350 1080 1451 1150 τὴν
1472 1079 1668 1150 ψυχὴν·

66 1175 183 1229 καὶ
231 1176 335 1246 τὴν
364 1173 686 1245 τραχύτητα
712 1211 726 1236 ,
758 1173 855 1226 καὶ
882 1171 985 1242 τὴν
1015 1171 1250 1240 ἄσκησιν
1279 1168 1375 1223 τοῦ
1417 1168 1672 1239 σώματος

74 1264 438 1335 ὶνοισχύσουσι
468 1266 534 1335 τῇ
565 1262 724 1333 δόξῃ,
774 1261 869 1314 καὶ
898 1260 1161 1331 μειζόνων
1190 1260 1533 1329 ἐφάπτεσθαι
1571 1259 1672 1313 πό·

84 1376 199 1411 νων
235 1355 655 1428 ὲφελκύσουσιν,
684 1354 759 1417 ὡς
790 1352 879 1407 ἵνα
913 1352 1008 1406 καὶ
1055 1351 1322 1422 μειζόνως
1352 1350 1669 1421 ὲπαίρηταιο

85 1442 418 1499 ςυλλαλοῦσι
439 1442 547 1513 γὰρ
574 1442 780 1496 ἔσωθεν
804 1441 892 1495 διὰ
921 1440 1033 1494 τῶν
1060 1439 1339 1511 λογισμῶν
1363 1441 1673 1495 είσϐάλλον-

71 1550 181 1597 τες
207 1532 408 1599 ταῦτα,
443 1534 523 1586 ὅτι
554 1531 754 1595 Καθὼς
784 1533 812 1584 ὀ
841 1532 990 1584 δεῖνα
1019 1531 1383 1601 ἀποσκλήρως
1401 1532 1670 1603 ἀσκήσας,

74 1625 185 1678 καὶ
210 1625 247 1678 ὸ
275 1624 421 1678 δεῖνα
451 1622 702 1695 μεγάλως
731 1622 1026 1693 ὠνομάσθη
1051 1663 1066 1689 ,
1101 1625 1196 1677 καὶ
1240 1622 1418 1678 θανὼν
1456 1624 1536 1678 ἔτι
1580 1625 1675 1679 λα-

75 1715 306 1779 λεῖτοιι,
344 1716 485 1770 οὕτω
537 1716 631 1770 καὶ
674 1715 834 1779 αὐτὸς
878 1716 960 1780 εἰς
989 1716 1291 1787 ἀκρότατον
1318 1719 1674 1788 ἐπασκήσεως

76 1807 331 1878 ἀνάὅηθι
381 1807 549 1877 ὕψος,
606 1807 693 1861 ἴνα
731 1807 888 1871 δόξαν
935 1808 1116 1878 σαυτῷ
1160 1810 1529 1882 περιποιήσῃ,
1585 1810 1677 1863 καὶ

84 1898 250 1969 μέγα
284 1915 376 1952 σου
404 1898 465 1952 τὸ
487 1899 658 1969 ὄνομα
682 1898 901 1970 ἐξέλθῃ,
922 1900 1015 1952 ἐπὶ
1048 1900 1126 1970 τῷ
1153 1900 1245 1953 καὶ
1279 1900 1417 1972 μετά
1447 1902 1678 1956 Θάνατον

83 1991 552 2063 ὑπερϐαλλόντως
584 1991 887 2046 λαλεῖσθαι.
922 1992 1019 2044 Διὰ
1042 1991 1105 2061 δὴ
1129 1993 1238 2046 τῶν
1267 1992 1440 2059 οὕτως
1465 1996 1679 2065 ἀπατη-

82 2086 341 2148 θέντων,
385 2086 447 2139 οὐ
485 2085 644 2157 μόνον
679 2089 793 2149 τοῖς
845 2088 1185 2155 σωματικοῖς
1238 2104 1332 2140 σου
1380 2087 1679 2159 πολεμοῦσι

86 2178 321 2241 πόνοις,
353 2177 492 2231 ἀλλά
531 2178 624 2231 καὶ
675 2178 878 2247 μᾶλλον
917 2180 997 2241 εἰς
1033 2180 1356 2249 συμμαχίαν
1398 2180 1677 2248 καλοῦσιν,

88 2264 184 2318 ὅτι
215 2267 283 2319 δι’
315 2267 495 2322 αὐτῶν
524 2269 582 2321 ὲν
610 2272 723 2333 τοῖς
757 2271 1162 2341 χαλεπωτέροις
1194 2271 1430 2340 ψαύουσι
1453 2273 1550 2345 τὴν
1578 2273 1680 2342 ψυ-

90 2359 234 2427 χὴν,
269 2360 361 2414 καὶ
394 2361 503 2431 γάρ
527 2360 929 2432 ὲνθρονίξουσιν
957 2362 1140 2426 αὑτὸν,
1175 2363 1266 2416 καὶ
1297 2364 1376 2427 εἰς
1412 2363 1502 2416 τὸν
1534 2364 1679 2417 διδα-

95 2449 368 2504 σκαλικὸν
424 2448 682 2521 ἐξυψοῠσι
708 2451 902 2521 λόγον,
969 2452 1056 2506 ἵνα
1114 2453 1190 2517 ὡς
1246 2454 1313 2507 ὲκ
1362 2452 1555 2507 τούτου
1613 2455 1683 2509 τά

92 2544 315 2611 πρῶτα
340 2543 451 2597 τῶν
483 2545 868 2614 μεγαλοπόνων
909 2563 969 2599 τε
1026 2547 1121 2600 καὶ
1160 2545 1483 2615 γνωστικῶν
1536 2548 1683 2618 ἔχειν

94 2634 444 2705 εὐφημισθῇ.
482 2634 689 2707 Ζηλοῦν
716 2636 771 2689 δὲ
802 2638 896 2690 καὶ
927 2637 1142 2707 φθονεῖν
1185 2638 1532 2692 εἰσϐάλλουσι
1571 2644 1685 2705 τοῖς

94 2726 203 2779 ἐπὶ
238 2726 660 2799 κατορθώμασιν
686 2729 1144 2800 εύφημουμένοις,
1172 2732 1268 2783 καὶ
1297 2722 1370 2784 ὧν
1392 2731 1682 2804 θαυμαστὴ

100 2818 315 2888 μᾶλλον
342 2819 375 2891 ἠ
407 2821 607 2891 πρᾶξις
630 2862 645 2887 ,
685 2820 777 2873 καὶ
811 2818 1009 2888 γνῶσις
1054 2822 1281 2892 γειτνιᾷ.
1320 2821 1472 2874 Ἔσθ’
1504 2822 1593 2875 ὅτε
1630 2822 1685 2876 δὲ

96 2910 204 2964 καὶ
250 2910 349 2980 τῆς
392 2911 592 2982 σαρκὸς
641 2912 806 2965 αὑτοῦ
844 2911 945 2982 τὴν
988 2911 1236 2985 πύρωσιν
1269 2913 1686 2984 άποκοιμίζουσι

95 3001 343 3074 δολερῶς
391 3003 520 3067 τοὺς
552 3002 897 3075 ἀκαθάρτους
940 3004 1238 3074 λογισμοὺς
1270 3005 1334 3059 ὲκ
1376 3004 1488 3058 τῶν
1534 3004 1687 3070 ἐντὸς

1776 511 2089 566 insolentia.
2120 512 2348 579 Propter
2375 508 2571 563 anima:
2599 505 2980 562 demissionem
3017 502 3183 557 David
3215 517 3337 556 cum

1776 604 1923 658 luctu
1950 602 2267 672 jejunabat;
2304 616 2405 655 nos
2434 612 2651 670 quoque
2678 612 2773 667 per
2798 594 3063 666 jejunium
3103 593 3339 649 animam

1776 692 2149 748 humilicmus.

2308 797 2536 854 CAPUT
2574 795 2812 851 XXXIII.

1845 894 1949 961 Qui
1996 893 2370 963 corporalibus
2426 889 2708 945 laboribus
2750 885 2997 956 asperius
3038 890 3341 947 exercetur,

1775 1003 1876 1043 nec
1910 993 2129 1057 propter
2158 985 2370 1039 laudem
2404 992 2679 1053 operetur,
2719 996 2820 1035 nec
2859 980 2930 1034 ob
2962 977 3188 1049 gloriam
3219 974 3347 1030 elle-

1773 1086 1947 1132 ratur.
1980 1076 2037 1131 Si
2060 1076 2203 1130 enim
2235 1077 2288 1129 in
2320 1073 2405 1129 his
2443 1073 2719 1127 daemones
2756 1071 2993 1125 animam
3035 1066 3223 1139 grandi
3269 1074 3349 1120 tu-

1775 1183 1925 1223 mere
1982 1167 2184 1222 faciant
2231 1164 2553 1236 supercilio,
2615 1172 2729 1218 tum
2792 1160 3178 1231 asperitatem,
3232 1167 3347 1212 tum

1776 1261 2024 1331 corporis
2051 1259 2491 1315 exercitationem
2518 1256 2689 1328 gloria
2719 1252 3144 1310 corroborabunt
3172 1269 3187 1319 ;
3238 1253 3348 1303 imo

1774 1354 1840 1409 ad
1871 1353 2107 1424 majores
2136 1349 2510 1421 suscipiendos
2549 1350 2820 1404 attrabent
2855 1347 3099 1410 labores,
3134 1353 3194 1399 ut
3234 1360 3345 1398 ma-

1772 1447 1946 1517 jorem
2007 1445 2170 1501 etiam
2217 1445 2275 1499 iu
2316 1444 2552 1498 "modum
2600 1440 2909 1511 superbiat;
2966 1438 3349 1508 colloquuntur

1778 1553 2011 1610 namque
2036 1538 2265 1595 interius
2290 1551 2385 1608 per
2415 1534 2771 1606 cogitationes
2809 1533 2937 1587 talia
2963 1532 3345 1595 immittentes;

1776 1633 1921 1703 quod
1950 1632 2235 1697 nimirum,
2283 1631 2424 1686 sicut
2463 1628 2586 1683 talis
2618 1642 2681 1683 ac
2708 1626 2852 1693 talis,
2880 1625 2970 1696 qui
2998 1624 3206 1679 duriter
3229 1638 3349 1678 sese

1778 1724 2046 1790 exercuit,
2097 1722 2383 1792 magnifice
2441 1721 2764 1776 decantatus
2822 1724 2937 1782 est,
2993 1724 3047 1772 et
3100 1726 3349 1770 mortuus

1778 1818 1940 1874 etiam
1973 1818 2300 1881 celebratur,
2331 1815 2410 1870 sic
2433 1823 2485 1868 et
2508 1821 2564 1867 tu
2592 1811 2707 1881 ipse
2735 1808 2801 1863 ad
2836 1823 3105 1864 summam
3138 1806 3349 1861 exerci-

1780 1911 2034 1966 tationem
2078 1907 2311 1965 ascende
2338 1948 2353 1972 ,
2419 1914 2480 1959 ut
2528 1903 2739 1958 tibimet
2782 1900 3007 1971 gloriam
3056 1898 3309 1968 acquiras
3335 1939 3350 1963 ,

1780 2017 2149 2071 magnumque
2178 2000 2245 2055 de
2274 2008 2328 2054 te
2376 2011 2573 2053 nomen
2627 1995 2953 2064 divulgetur,
3012 1992 3140 2048 dum
3188 1991 3349 2047 etiam

1784 2104 1906 2167 post
1948 2102 2178 2148 mortem
2223 2102 2389 2161 supra
2420 2088 2643 2143 modum
2684 2082 3066 2142 celebraberis.
3115 2084 3218 2137 Per
3254 2081 3354 2135 bas

1782 2187 2032 2258 equidem
2087 2186 2341 2252 deceptas
2391 2180 2785 2251 cogitationes,
2844 2191 2951 2231 non
3006 2174 3182 2231 solum
3234 2182 3354 2227 tuos

1783 2285 2098 2349 Oppugnant
2125 2268 2357 2340 labores,
2382 2287 2574 2327 verum
2607 2270 2769 2325 etiam
2801 2270 2857 2322 in
2891 2266 3223 2336 adiutorium
3259 2264 3355 2319 ad-

1784 2378 1999 2435 vocant,
2034 2368 2156 2438 quia
2213 2382 2309 2438 per
2360 2366 2506 2436 ipsos
2559 2364 2612 2418 in
2669 2360 3075 2417 molestioribus
3120 2359 3354 2413 animam

1785 2470 2057 2533 tangunt:
2089 2462 2265 2531 ipsum
2307 2459 2451 2513 enim
2500 2459 2553 2512 in
2602 2456 2798 2511 throno
2847 2453 3137 2513 collocant.
3182 2450 3357 2519 adque

1788 2557 2153 2628 magistralem
2204 2554 2473 2619 extollunt
2515 2566 2845 2609 sermonem.
2878 2556 2939 2603 ut
2982 2549 3119 2603 bene
3146 2546 3358 2601 omine-

1791 2660 1897 2714 tur,
1927 2648 2072 2703 velut
2121 2646 2227 2713 ille,
2282 2645 2377 2715 qui
2429 2644 2499 2698 ob
2527 2643 2629 2697 hoc
2676 2641 2880 2711 primas
2919 2638 3128 2694 obtinet
3175 2645 3357 2707 partes

1785 2756 1998 2807 eorum,
2033 2739 2126 2809 qui
2162 2750 2510 2806 summopere
2555 2732 2838 2795 laboriosi,
2889 2728 3360 2799 cognoscendique

1788 2840 1915 2887 sunt
1946 2828 2155 2900 praediti
2186 2827 2459 2882 facultate.
2479 2825 2621 2892 Quin
2651 2822 2826 2879 eidem
2855 2821 3156 2876 immittunt
3187 2834 3358 2873 amu-

1786 2922 1910 2988 lari,
1938 2921 2105 2995 M9
2144 2920 2456 2984 suadentes,
2505 2931 2570 2972 ac
2610 2915 2855 2971 invidere
2903 2915 2970 2970 iis
3000 2912 3093 2984 qui
3141 2920 3359 2982 prepter

1792 3017 2033 3073 facinora
2060 3023 2207 3071 recte
2240 3022 2453 3086 patrata
2497 3009 2690 3066 faustis
2714 3008 2853 3063 votis
2877 3017 2929 3062 et
2954 3004 3363 3062 acclamationi-

97 3094 517 3161 ἐκτοπίζοντες,
550 3095 625 3157 ὡς
659 3096 745 3149 ἵνα
784 3097 1016 3168 νομισθῇ
1052 3097 1112 3150 τὸ
1154 3097 1377 3168 πνεῦμα
1414 3099 1513 3167 τῆς
1553 3116 1686 3170 πορ-

1791 3110 1894 3166 bus
1947 3107 2314 3178 excipiuntur,
2363 3103 2540 3172 iisque
2578 3115 2811 3170 quorum
2869 3098 3013 3153 actio
3065 3093 3364 3151 mirabilior

97 3185 256 3247 νείας
280 3188 345 3257 τῇ
387 3186 689 3259 κληρουχίᾳ
727 3188 1099 3260 νενικηκέναι,
1129 3190 1223 3243 καὶ
1253 3189 1396 3243 κατά
1417 3190 1518 3259 τὴν
1542 3189 1684 3260 λαμ·-

101 3279 361 3350 πρότητα
390 3280 500 3333 τῶν
537 3281 710 3349 ἁγίων
741 3282 842 3351 τὴν
872 3282 1101 3352 καρδίαν
1143 3282 1448 3353 ἡγνικέναι,
1481 3282 1574 3335 καὶ
1605 3283 1683 3346 εἰς

99 3371 206 3442 τὴν
236 3371 336 3441 τῆς
362 3373 674 3445 ἁγιωσύνης
703 3374 868 3443 ἁψῖδα
906 3374 1324 3445 ἀναϐεϐηκέναι.
1363 3376 1499 3446 Περὶ
1528 3374 1584 3427 δὲ
1610 3368 1685 3427 ὧν

101 3481 189 3529 τε,
219 3464 315 3517 καὶ
346 3458 420 3520 ὧν
450 3466 724 3536 ἀπέσχετο
754 3467 1082 3539 βρωμάτων,
1112 3467 1208 3520 καὶ
1244 3466 1529 3520 συναπτῶν
1562 3469 1682 3521 ἀσι-

100 3557 239 3611 τιῶν
260 3558 684 3631 ἐπιψηφίζουσιν
711 3560 860 3629 αὐτῷ
883 3562 1009 3624 τοὺς
1031 3560 1256 3630 χρόνους
1279 3561 1337 3611 ὲν
1367 3556 1449 3622 οἷς
1480 3559 1685 3627 ὀφείλει

102 3650 185 3713 ὼς
219 3652 474 3723 ἀριστεὺς
508 3651 909 3723 ὲγκαυχᾶσθαι,
962 3654 1055 3705 καὶ
1082 3652 1184 3721 τῆς
1216 3651 1575 3721 ἀδελφότητος
1610 3651 1686 3715 ὡς

104 3743 368 3807 εὐτελοῦς
450 3744 917 3815 κατεπαίρεσθαιο
988 3742 1131 3795 οὕτω
1200 3742 1257 3795 δὲ
1318 3741 1686 3813 ἐκδιηγεῖσθαι

106 3833 357 3892 ποιοῦσιν
392 3838 553 3893 αὐτὸν
581 3839 708 3899 τοὺς
730 3837 949 3905 ἀγῶνας
977 3835 1052 3897 ὼς
1086 3835 1151 3887 ἐκ
1184 3834 1351 3904 μόνης
1383 3833 1483 3903 τῆς
1522 3835 1685 3886 αὑτοῦ

108 3935 297 4007 ίσχύος
361 3929 843 4002 κατορθωθέντας,
901 3928 981 3980 ὅτι
1041 3925 1304 3996 Ἐποίησα
1370 3925 1533 3993 τάδε,
1595 3927 1688 3979 καὶ

105 4030 332 4099 ἧσκησα
378 4022 620 4088 τοιῶσδε,
663 4022 757 4076 καὶ
805 4017 1206 4089 ὲκακουχήθην,
1250 4015 1690 4087 ἀποστομοῧντες

107 4122 195 4174 ἔτι
221 4117 380 4173 τοῦτο
408 4116 610 4185 λέγειν,
638 4115 752 4168 Οὐκ
778 4111 890 4182 ἐγὼ
912 4111 991 4175 δὲ,
1009 4110 1124 4162 ἀλλ’
1148 4111 1183 4182 ἡ
1208 4111 1265 4163 ἐν
1292 4110 1419 4180 ἐμοὶ
1442 4109 1687 4182 βοήθεια.

108 4211 249 4266 Θεὸν
269 4207 379 4278 γὰρ
404 4206 598 4278 βοηθὸν
624 4205 709 4273 ἐφ’
740 4198 821 4266 οἷς
857 4200 1223 4273 μεγαλαυχεῖν
1254 4199 1417 4254 αὐτὸν
1446 4200 1690 4254 ποιοῦσιν

110 4300 402 4374 ὁμολογεῖν
431 4297 534 4351 οὐκ
557 4296 741 4361 ἐῶσιν,
765 4294 852 4347 ἵνα
882 4294 957 4356 ὡς
987 4292 1046 4360 ἐξ
1077 4293 1285 4356 οίκείας
1314 4292 1479 4362 δῆθεν
1507 4291 1691 4363 ἰσχύος

108 4396 177 4450 τὸ
223 4395 332 4448 πᾶν
377 4391 486 4445 τῶν
533 4387 761 4457 ἀγώνων
808 4387 1056 4452 τελέσας,
1103 4386 1231 4450 τοὺς
1269 4386 1532 4451 ἐπαίνους
1584 4387 1692 4441 τῶν

1788 3210 1873 3257 est
1900 3207 1955 3255 et
1978 3198 2179 3260 vicina,
2209 3210 2273 3251 ac
2297 3192 2491 3250 similis
2522 3190 2809 3261 sapientia.
2844 3187 3177 3255 Quandoque
3199 3183 3361 3238 etiam

1792 3291 2055 3363 contingit
2079 3299 2136 3344 ut
2151 3286 2333 3344 carnis
2352 3285 2604 3340 ardorem
2630 3282 3000 3337 fraudulenter
3019 3275 3361 3346 consopiant,

1790 3400 1857 3440 ex
1913 3378 2267 3438 interioribus
2316 3377 2562 3446 impuras
2609 3372 2935 3427 submovent
2971 3366 3360 3438 cegitationes,

1792 3483 1852 3529 ut
1900 3478 2052 3543 putet
2088 3467 2213 3539 quis
2247 3464 2492 3535 corporis
2545 3476 2737 3531 aspera
2789 3457 3113 3514 tractatione
3149 3471 3207 3510 se
3248 3454 3361 3523 jam

1793 3561 2042 3630 spiritum
2075 3552 2738 3615 scortationisdevicisse,
2758 3549 3021 3620 juxtaque
3049 3556 3361 3601 sanctorum

1793 3654 2057 3723 fulgorem
2113 3665 2209 3706 cor
2263 3646 2540 3717 expiatum
2586 3642 2920 3706 reddidisse,
2978 3650 3030 3694 et
3082 3653 3255 3707 usque
3298 3636 3365 3689 ad

1795 3745 2097 3801 sanctitatis
2150 3738 2425 3811 fastigium
2477 3735 2816 3792 accendisse.
2875 3732 2946 3787 De
2996 3732 3134 3786 cibis
3185 3738 3364 3783 autem

1794 3836 1992 3906 quibus
2021 3832 2303 3895 abstinuit,
2343 3827 2690 3895 assiduisque
2731 3823 2960 3894 jejuuiis
3013 3836 3114 3875 suo
3164 3819 3367 3873 contir-

1795 3935 1947 3983 mant
1978 3939 2155 3979 annos
2188 3921 2473 3987 suffragio,
2500 3918 2564 3972 de.
2592 3916 2793 3986 quibus
2816 3915 2995 3973 debet,
3034 3914 3177 3966 velut
3206 3913 3251 3964 is
3274 3908 3364 3979 qui

1794 4013 2247 4091 praestantissime
2301 4026 2420 4067 sese
2467 4008 2655 4078 gessit,
2701 4006 2943 4076 gloriari,
2996 4012 3051 4057 et
3104 4003 3367 4057 adversus

1798 4107 2192 4165 fraternitatem
2222 4104 2298 4157 uti
2331 4101 2492 4154 vilem
2520 4097 2735 4161 efferri;
2770 4095 2948 4150 taliter
2977 4102 3157 4148 autem
3188 4094 3365 4162 ipsum

1797 4213 2057 4258 enarrare
2088 4194 2297 4250 faciunt
2326 4189 2647 4251 certamina,
2681 4203 2743 4242 ac
2779 4186 2821 4241 si
2857 4201 2919 4241 ex
2965 4185 3078 4240 sola
3122 4186 3203 4239 sui
3240 4199 3368 4253 pro-

1798 4308 1955 4364 spere
1992 4290 2231 4361 perfecta
2273 4292 2455 4341 essent
2504 4282 2752 4337 virtute:
2792 4282 3049 4335 nimirum
3097 4276 3221 4332 talia
3271 4292 3369 4345 ego

1798 4384 2042 4458 patravi,
2095 4380 2302 4450 talique
2353 4374 2744 4432 exercitatione
2794 4389 2916 4453 sum
2956 4385 3109 4434 usus,
3172 4382 3235 4422 ac
3276 4368 3369 4422 tali

107 4486 294 4544 ἄθλων
330 4481 640 4553 ὁλοκλήρως
668 4480 922 4550 ἀπαιτοίη
947 4520 961 4544 ,
1008 4480 1159 4543 ὅπως
1228 4479 1321 4533 καὶ
1350 4480 1430 4544 είς
1464 4478 1555 4533 τὸν
1593 4482 1686 4552 τῆς

1802 4478 1962 4535 modo
1993 4474 2262 4544 meipsum
2295 4468 2438 4524 male
2465 4468 2691 4522 tractavi
2719 4483 2733 4531 ;
2778 4480 2841 4520 os
2874 4462 3039 4518 etiam
3082 4460 3372 4515 occluden-

111 4576 467 4651 βλασφημίας
519 4574 677 4645 βυθὸν
724 4571 1064 4643 ποντωθείη,
1118 4570 1451 4642 αύτοὸόηθον
1498 4573 1692 4629 ἑαυτὸν

110 4668 529 4743 ἀνεπαισθήτως
564 4664 986 4738 παρεμφαίνων.

1802 4586 1913 4639 tes,
1952 4588 2018 4627 ne
2056 4571 2158 4624 hoc
2200 4567 2365 4631 dicat,
2412 4562 2663 4619 videlicet
2715 4575 2821 4613 non
2874 4572 2974 4627 ego
3024 4555 3225 4619 solum,
3279 4554 3369 4606 sed

1800 4664 2087 4727 auxilium,
2122 4658 2267 4729 quod
2313 4656 2365 4709 in
2417 4669 2503 4709 me
2546 4660 2696 4715 erat;
2737 4664 2843 4702 non
2876 4649 3020 4702 enim
3065 4647 3112 4700 ei
3152 4643 3373 4714 permit—

111 4772 260 4828 tunt,
297 4763 350 4818 in
402 4764 486 4819 his
520 4764 688 4817 Deum
724 4759 1102 4814 auxiliatorem
1155 4756 1332 4822 fateri,
1392 4757 1444 4811 in
1495 4758 1694 4826 quibus
1734 4760 1943 4816 faciunt
1983 4725 2161 4824 ipsum
2233 4748 2459 4821 grandia
2520 4744 2793 4815 jactitare,
2824 4739 3047 4812 perinde
3076 4754 3137 4791 ac
3184 4725 3226 4790 si
3262 4744 3370 4789 tota

111 4858 417 4914 certamina
445 4873 511 4913 ex
558 4857 778 4928 propria
812 4853 1139 4923 complesset
1202 4853 1425 4917 virtute,
1470 4854 1819 4922 praemiorum
1886 4849 2077 4906 laudes
2142 4854 2285 4901 totas
2329 4844 2454 4897 inde
2519 4845 2804 4907 reposcat,
2839 4844 3003 4903 utque
3042 4832 3105 4885 ad
3147 4828 3373 4882 fundum

116 4953 471 5023 blasphemiae
499 4951 902 5020 submergatur,
932 4962 1051 5003 sese
1080 4946 1179 5001 sibi
1215 4961 1278 5001 ev
1322 4946 1501 5016 seipso
1538 4948 1919 5003 auxiliatorem
1964 4942 2158 5000 stolide
2200 4946 2503 4995 ostentans.

688 5129 936 5184 ΚΕΦΑΛ.
998 5128 1117 5181 ΛΔ’.

193 5270 348 5326 Οὕτω
390 5266 677 5339 τοιγαροῦν
735 5266 835 5335 τῆς
883 5263 1111 5335 καρδίας
1170 5262 1260 5316 διὰ
1302 5264 1401 5332 τῆς
1446 5264 1555 5317 τῶν
1604 5264 1695 5317 λο-

117 5363 335 5435 γισμῶν
370 5361 526 5429 δόξης
554 5357 941 5429 ὲνηχουμένης,
967 5355 1063 5409 καὶ
1113 5355 1189 5425 μὴ
1218 5357 1699 5426 ἀντιταττομένης,

118 5459 219 5513 οὐκ
246 5455 401 5519 ἐκτὸς
426 5454 578 5507 ἔσται
606 5452 707 5521 τῆς
738 5453 795 5505 ὲν
819 5451 1123 5520 ἀποκρύφῳ
1151 5465 1257 5501 των
1283 5447 1496 5519 φρενῶν
1523 5465 1700 5517 παρα-

123 5544 377 5622 πληξίας,
410 5548 506 5603 τοῦ
555 5543 821 5618 ἡγεμόνος
846 5541 1059 5613 φρενῶν
1094 5541 1481 5611 ἑκτιναχθῆναι
1517 5542 1699 5596 κινδυ-

125 5644 391 5707 νεύοντος,
422 5640 455 5714 ἢ
490 5639 557 5694 δι’
588 5636 882 5707 ὀνειράτων
928 5632 1327 5702 πιστουμὲνων,
1360 5631 1391 5702 ἢ
1435 5635 1493 5685 ἐν
1531 5637 1698 5703 ἀγρυ-

129 5734 308 5797 πνίαις
361 5726 930 5804 μεταμορφουμένων,
990 5723 1022 5794 ἢ
1079 5724 1135 5777 ὲν
1192 5725 1701 5796 μετασχηματισμῷ

2319 5110 2548 5167 CAPUT
2587 5106 2828 5162 XXXIV.

1872 5260 2237 5327 Quapropter,
2273 5251 2436 5308 corde
2458 5249 2548 5304 tali
2583 5248 2743 5301 modo
2767 5260 2861 5315 per
2886 5242 3071 5315 gloria.-
3091 5237 3369 5310 cogitatio-

1803 5368 1901 5409 nes
1934 5353 2126 5407 edocto
2156 5359 2209 5402 et
2236 5362 2347 5401 non
2380 5351 2740 5414 repugnante,
2774 5354 2884 5395 non
2924 5341 3077 5392 extra
3108 5331 3371 5386 occultam

1807 5439 2005 5496 mentis
2026 5439 2132 5494 erit
2153 5434 2451 5497 vesaniam,
2470 5432 2776 5488 intellectus
2801 5430 2939 5485 duce
2962 5422 3139 5481 excuti
3165 5417 3377 5488 pericli-

1810 5542 1977 5599 tante,
2008 5540 2101 5587 aut
2130 5545 2226 5601 per
2252 5528 2409 5583 fidem
2430 5524 2684 5581 facientia
2710 5523 2950 5588 somnia,
2976 5524 3069 5572 aut
3098 5513 3149 5567 in
3171 5509 3382 5579 vigilias

1811 5599 2238 5683 transformata,
2283 5627 2375 5673 aut
2424 5618 2476 5671 in
2524 5614 3011 5681 transﬁguratjone
3043 5602 3201 5675 £50
3247 5599 3385 5652 lucis

1813 5726 2121 5788 conspecta.
2156 5712 2274 5784 Ipse
2306 5727 2541 5781 namque
2590 5707 2831 5766 Satanas
2870 5714 2934 5775 'm
2982 5694 3225 5765 angelum
3258 5689 3393 5743 lucis
