3838 6056
494 326 632 393 1139

1980 326 2040 384 S.
2097 326 2264 387 NILl

3657 318 3769 383 1H0

488 440 915 510 transﬂguratur
962 438 1029 494 ad
1089 445 1336 493 nostram
1386 433 1757 503 deceptioncni
1795 435 1863 498 “,
1929 434 2111 500 lorte,

2214 440 2351 502 ωτὸς
2405 437 2812 509 ὁπτανομένων.
2868 438 3038 501 Αὐτὸς
3069 438 3180 510 γάρ
3214 441 3245 491 ὁ
3292 437 3572 496 Σατανᾶς
3624 451 3764 502 μετι-

488 549 548 590 se
606 532 812 605 gratias
851 532 1109 587 daturum
1166 530 1581 592 demonstrans,
1630 535 1690 580 ut
1735 527 1809 581 ita
1865 526 2070 583 cadens

486 626 718 690 adores,
768 634 862 681 aut
902 624 1025 690 tibi,
1075 631 1148 689 tc,
1196 630 1253 677 ut
1301 621 1531 675 alterum
1576 618 1753 674 Eliam
1800 636 1831 674 a
1880 635 1940 676 se
1977 636 2069 676 as-

491 714 818 770 sumendum
872 712 1233 776 annuntians,
1289 719 1386 764 aut
1436 710 1783 764 sanctilicare
1835 709 2069 779 promit-

494 818 661 862 tens:
710 822 941 876 quorum
987 804 1209 876 quidam
1264 803 1426 857 ﬁdem
1482 802 1868 872 suscipientes,
1925 801 2070 858 circa

493 898 779 953 veritatem
816 898 1143 953 aberrarunt
1191 903 1247 949 et
1292 893 1574 948 dementes
1624 902 1936 948 evaserunt.
1988 893 2071 948 Tu

497 991 686 1059 igitur,
717 1007 751 1047 ο
797 986 1330 1059 sanctae_Trinitatis
1382 994 1653 1056 precator,
1707 985 1889 1041 sciens
1939 985 2067 1053 ista,

493 1100 616 1152 quae
643 1084 888 1138 studiose
935 1082 1254 1146 elucubras,
1301 1080 1449 1133 omni
1502 1077 1751 1134 custodia
1787 1089 1941 1133 tuum
1976 1095 2075 1135 cor

499 1173 757 1236 observa,
816 1188 884 1226 ne
934 1171 1073 1226 forte
1124 1169 1409 1224 laboribus
1442 1177 1654 1222 tantum
1704 1168 1949 1224 externis
1992 1179 2075 1224 at-

498 1265 748 1331 tendens,
782 1263 1014 1319 internis
1047 1263 1233 1318 dolose
1265 1261 1599 1332 illaqueeris.
1642 1260 1850 1331 itaque,
1910 1278 1943 1316 ο
1974 1263 2073 1333 lili,

499 1357 607 1411 mei
632 1356 699 1412 ad
721 1366 774 1412 te
802 1357 931 1413 dicti
971 1364 1102 1412 sunt
1141 1369 1453 1420 sermones;
1490 1364 1547 1410 tu
1581 1371 1711 1414 vero
1753 1371 1872 1411 mea
1911 1358 2075 1414 verba

500 1444 557 1498 in
593 1452 685 1500 tuo
733 1444 898 1501 corde
940 1453 1191 1511 servato;
1248 1454 1523 1502 memento
1554 1447 1760 1507 Christi
1794 1459 1846 1506 te
1884 1460 2076 1508 custo-

498 1536 719 1602 dientis,
751 1553 852 1593 nec
894 1536 1235 1595 obliviscaris
1280 1542 1572 1598 adorandae
1609 1555 1665 1599 et
1705 1545 2078 1602 consubstan-

501 1627 649 1684 tialis
675 1627 979 1696 Trinitatis,
1010 1634 1096 1693 cui
1125 1634 1296 1706 gloria
1329 1635 1383 1690 in
1409 1635 1630 1693 saecula.
1661 1636 1854 1694 Amen.

574 1899 623 1932 ”
667 1899 710 1957 il
750 1897 877 1958 Cor.
915 1918 993 1969 xl,
1021 1903 1115 1959 M.

2176 527 2576 600 σχηματίζεέαι
2616 530 2696 592 εἰς
2725 527 2955 597 ἄγγελον
2986 528 3167 599 φωτὸς
3213 531 3355 599 πρὸς
3391 527 3635 596 ἀπάτην
3658 530 3769 595 ἠμί.

2178 623 2364 693 τέραν,
2392 622 2522 685 ἴσως
2546 620 2859 691 χαρίσματα
2884 620 3077 674 δώσειν
3110 621 3581 692 ἐνδεικνύμενος,
3611 620 3683 680 ὡς
3706 619 3773 669 ἵνα

2179 713 2362 765 πεσὼν
2416 710 2838 783 προσκυνήσῃς,
2910 711 2943 783 ἢ
3005 710 3429 781 ἀναλαμϐάνειν
3503 708 3589 773 ὡς
3644 707 3775 763 ﬁrm

2191 804 2379 858 Ἠλίαν
2409 803 2915 875 εὐαγγελιζόμενος,
2954 804 2989 875 ἢ
3024 804 3274 873 ἀγιάζειν
3305 801 3774 873 ὑπισχνούμενοι..

2181 889 2257 950 ὧν
2302 913 2447 959 τινες
2484 896 2581 965 τὴν
2631 896 2817 949 πίστιν
2862 895 3150 967 δεξάμενοι
3205 898 3335 968 περὶ
3369 896 3497 967 τὴν
3536 892 3781 963 ἀλήθειαν

2181 988 2518 1058 ἠστόχησαν,
2556 988 2651 1042 καὶ
2684 987 3074 1057 φρενοϐλαβεῖς
3124 988 3515 1060 ἐγενήθησαν.
3567 986 3643 1037 Συ
3686 982 3778 1049 ὧν,

2182 1073 2227 1132 ὦ
2256 1080 2357 1149 τῆς
2392 1078 2555 1148 ἁγίας
2583 1079 2813 1150 Τριάδος
2856 1077 3032 1143 ἱκέτα,
3069 1078 3223 1142 εἰδὼς
3253 1078 3552 1145 ταῦταέν
3597 1072 3681 1139 οἷς
3709 1096 3780 1145 ga-

2183 1170 2449 1234 λοπονείς,
2492 1170 2642 1239 πάσῃ
2677 1168 2893 1240 φυλακῇ
2932 1170 3091 1240 τήρει
3146 1169 3248 1241 σὴν
3274 1171 3566 1242 καρδίαν,
3606 1171 3782 1237 μήπως

2182 1264 2294 1324 τοῖς
2341 1260 2542 1326 ἔξωθεν
2592 1259 2755 1330 μόνον
2808 1259 2991 1323 πόνοις
3042 1260 3354 1330 προσέχων,
3416 1261 3554 1322 τοῖς
3604 1256 3787 1311 ἔσωθεν

2183 1352 2417 1424 δολερῶς
2455 1350 2769 1424 βροχισθῇς.
2832 1350 2896 1403 Οἱ
2949 1349 3076 1421 ἐμοὶ⁵
3134 1346 3229 1403 οὖν
3276 1350 3471 1419 λόγοι,
3505 1344 3559 1403 ὦ
3592 1350 3787 1409 τέκνον.

2185 1446 2433 1518 εἴρηνται
2462 1444 2600 1514 πρὸς
2648 1442 2730 1511 σὲ,
2781 1443 2849 1497 τὰ
2888 1441 2947 1495 δὲ
2992 1442 3214 1513 ῥήματά
3266 1460 3377 1513 μου
3430 1441 3695 1513 τηρείτω
3737 1442 3789 1512 σὴ

2186 1537 2419 1610 καρδία·
2459 1535 2707 1607 μέμνησο
2745 1533 2985 1605 Χριστοῦ
3019 1534 3113 1588 τοῦ
3145 1534 3553 1605 φυλάσωντὸς
3602 1549 3685 1599 σε,
3714 1538 3793 1587 καὶ

2191 1630 2267 1703 μὴ
2296 1628 2530 1700 ἐπιλάϐῃ
2567 1627 2668 1699 τῆς
2731 1626 3120 1700 προσκυνητῆς
3160 1627 3256 1681 καὶ
3293 1627 3622 1699 όμοουσίου
3645 1627 3793 1697 Τριά-

2187 1715 2359 1796 δος,ᾖ
2391 1720 2518 1787 δόξα
2553 1721 2633 1783 εις
2672 1720 2799 1783 τοὺς
2838 1717 3067 1780 αἰῶνας.
3112 1717 3309 1789 ’Δμήν.

500 2090 3787 2136 W

1347 2270 1649 2388 ΤΟΥ
1738 2277 2233 2395 ΑΥΤΟΥ
2321 2274 2851 2396 ΛΟΓΟΣ

1626 2497 1920 2583 ΠΡΟΣ
1957 2500 2185 2585 TON
2223 2500 2602 2587 ΑΥΤΟΝ

1320 2671 1486 2729 ΠΕΡΙ
1528 2673 1662 2728 ΤΔΣ
1698 2675 2139 2732 ΑΝΤΙΖΥΓΟΥΣ
2187 2680 2325 2734 ΤΩΝ
2364 2681 2639 2736 ΑΡΕΤΩΝ
2678 2684 2960 2739 ΚΑΚΙΑΣ.
3026 2698 3029 2699 ⁷

1338 3004 1973 3122 EJUSDEM
2081 3011 2269 3125 AD
2348 3012 2943 3181 EUMDEM

1789 3246 2473 3339 TRACTATUS

1268 3434 1368 3496 DE
1412 3436 1636 3499 VITIIS
1675 3438 1845 3515 QUIE
1886 3440 2252 3503 OPPOSITA
2294 3445 2493 3508 SUNT
2527 3446 3016 3513 VIRTUTIBUS.

1079 3615 1239 3690 451
1275 3619 1509 3678 CAPUT
1547 3622 1590 3679 i.

587 3723 967 3782 Necessarium
1022 3730 1259 3785 arbitror
1328 3733 1455 3787 vitia
1512 3752 1733 3807 quoque
1800 3738 2096 3795 virtutibus

518 3812 771 3887 opposita
809 3819 1045 3876 brevitsr
1078 3829 1185 3876 tuae
1227 3822 1497 3891 subjicere
1538 3825 1841 3892 industriae,
1877 3836 1933 3884 et
1971 3829 2097 3898 qui-

516 3907 642 3963 dem
673 3924 798 3964 cum
837 3909 1120 3981 hucusque
1157 3915 1590 3971 excoluissemus
1625 3929 1883 3981 mentem,
1912 3921 2097 3988 spinas

517 3997 912 4070 cogitationum
950 4017 1016 4056 ex
1064 4002 1288 4058 iusititia
1336 4017 1478 4060 terra
1521 4007 1814 4075 rejccimus
1844 4028 1857 4063 :
1893 4027 1999 4065 non
2030 4027 2099 4067 ex

517 4088 775 4158 operibus
805 4101 1008 4156 autem,
1029 4110 1152 4162 quae
1183 4094 1413 4151 fecimus
1442 4112 1544 4151 nos
1571 4098 1635 4151 ad
1666 4099 1808 4155 istud
1842 4104 2095 4171 pervcni-

519 4195 644 4235 mus
667 4179 738 4246 ⁸⁵,
784 4198 972 4237 verum
1024 4183 1255 4241 formam
1303 4190 1567 4245 habentes
1604 4205 1864 4247 sanorum
1904 4195 2100 4249 verbo-

519 4294 642 4335 rum
673 4279 741 4343 ",
787 4295 910 4349 qua:
945 4287 983 4330 a‘
1024 4276 1279 4336 Patribus
1329 4285 1683 4353 audivimus,
1732 4287 2096 4357 quorumdam

520 4371 685 4425 etiam
726 4375 1003 4429 actionum
1035 4376 1246 4431 conscii
1279 4376 1408 4433 facti
1440 4395 1651 4434 sumus.
1686 4380 1883 4434 Totum
1917 4387 2099 4434 autem

520 4461 694 4529 gratia
720 4463 1033 4530 desursum,
1067 4481 1190 4536 quae
1215 4468 1395 4524 adhuc
1423 4472 1805 4539 peccatoribus
1832 4472 2102 4527 submon-

526 4562 667 4606 strat
700 4555 931 4612 insidias
953 4573 1143 4613 eorum
1175 4561 1270 4630 qui
1300 4572 1512 4618 mentes
1541 4564 1844 4633 decipiunt,
1871 4579 2102 4635 quaeque

525 4659 754 4700 securos
786 4646 951 4703 eiiicit
980 4664 1043 4704 ac
1072 4651 1225 4707 dicit.
1266 4653 1448 4720 cQuid
1490 4656 1657 4711 babes
1692 4657 1839 4726 quod
1871 4673 1978 4712 non
2007 4673 2101 4713 ac-

524 4739 717 4807 cepisti
748 4739 796 4772 "
816 4740 843 4835 Ξ
865 4759 883 4791 ›
915 4751 974 4796 ιιι
1006 4744 1281 4801 mediante
1316 4748 1654 4819 acceptione,
1684 4749 1861 4806 datori
1896 4752 2099 4820 gratias

527 4848 779 4902 agamus,
804 4835 933 4904 quia
971 4850 1080 4891 non
1111 4838 1274 4894 nobis
1297 4840 1517 4911 ipsimet
1548 4842 1903 4898 attribuimus
1931 4844 2093 4897 ullam

2736 3635 2740 3639 θ
2795 3616 3047 3671 ΚΕΦΑΛ.
3090 3614 3169 3672 A'.

2285 3727 2603 3795 Ἀναγκαῖον
2637 3730 2874 3801 ἡγοῦμαι
2908 3733 3000 3786 καὶ⁴
3029 3732 3127 3797 τὰς
3159 3734 3493 3803 ἀντιζύγους
3528 3739 3651 3791 τῶν
3683 3741 3781 3809 ἀρε-

2200 3819 2311 3872 τῶν
2339 3820 2538 3883 κακίας
2571 3820 2638 3873 δι’
2662 3823 2926 3893 ἐπιτόμου
2958 3823 3224 3888 ὑποτάξαι
3255 3828 3321 3897 τῇ
3360 3830 3431 3898 σῇ
3472 3831 3775 3899 φιλοπονίᾳ·

2201 3911 2306 3976 ἕως
2333 3913 2432 3984 μὲν
2463 3907 2568 3968 ὦδε
2598 3916 2695 3986 τὴν
2727 3918 2965 3972 διάνοιαν
2981 3920 3547 3990 ἀῳτριάσαντες,τάς
3587 3926 3697 3978 τῶν
3722 3928 3782 3976 λο-

2203 4003 2417 4073 γισμῶν
2464 4005 2706 4069 ἀκάνθας
2756 4009 2821 4061 ἐκ
2855 4008 2957 4078 τῆς
2993 4011 3263 4081 σπορίμου
3306 4013 3499 4084 χώρας
3534 4016 3779 4071 ἀνεϐάλο-

2206 4112 2331 4162 μενο
2363 4096 2464 4150 οὐκ
2489 4097 2549 4162 ἐξ
2578 4098 2753 4169 ἔργων
2783 4100 2859 4165 δὲ,
2895 4102 2933 4155 ἃ
2960 4103 3301 4175 ἐποιήσαμεν
3330 4108 3499 4177 ἡμεῖς
3533 4112 3628 4173 εἰς
3648 4109 3779 4162 τοὶττη

2205 4190 2663 4261 παρεφθάσαμεν,
2696 4192 2813 4246 ἀλλ’
2852 4194 3203 4249 ὑποτύπωσιν
3247 4197 3467 4267 ἔχοντες
3512 4201 3778 4269 ὑγιαινόνι

2203 4297 2312 4333 των
2344 4280 2537 4351 λόγων,
2566 4276 2640 4338 ὧν
2669 4284 3007 4357 ἠκούσαμεν,
3052 4288 3203 4358 παρά
3232 4288 3341 4342 τῶν
3376 4291 3532 4343 Πατέ
3543 4310 3685 4363 ρων,
3714 4292 3780 4343 ni

2203 4389 2364 4424 τινων
2399 4372 2507 4427 τῶν
2543 4375 2795 4445 πράξεων
2830 4380 3140 4450 συνίστορες
3183 4381 3569 4451 γεγενήμεθα.
3626 4384 3695 4437 Τὸ

2205 4466 2378 4536 πᾶνή
2428 4468 2589 4536 χάρις
2635 4468 2863 4537 ἀνωθεν,
2907 4472 2941 4541 ἡ
2976 4473 3073 4525 καὶ
3114 4475 3227 4536 τοῖς
3261 4475 3629 4544 ἁμαρτωλοῖς
3675 4479 3778 4529 ὑπο-

2204 4558 2527 4613 δεικνύουσα
2560 4560 2655 4624 τὰς
2695 4561 2804 4614 τῶν
2853 4564 3215 4635 φρεναπατῶν
3263 4565 3598 4633 ἐπιϐουλὰς,
3636 4570 3667 4637 ἠ
3708 4568 3774 4619 καὶ

2202 4650 2636 4723 ἀσφαλιζομένη,
2670 4653 2763 4706 καὶ
2807 4654 3081 4722 λέγουσα·
3122 4676 3139 4707 ‹
3181 4657 3245 4708 Τί
3294 4656 3408 4727 γὰρ
3440 4658 3602 4728 ἔχεις
3646 4661 3671 4712 ὃ
3700 4660 3773 4709 οᾲι

2204 4740 2430 4808 ἔλαϐες;
2472 4763 2490 4795 ι
2527 4745 2612 4798 ἵνα
2659 4744 2747 4798 διὰ
2775 4744 2868 4798 τοῦ
2900 4745 3085 4799 λασεῖν
3131 4748 3559 4819 εύχαριστῶμεν
3596 4751 3675 4822 τῷ
3709 4750 3769 4801 δε-

2202 4834 2429 4901 δωκότι,
2490 4836 2572 4889 ὅτι
2628 4837 2701 4908 μὴ
2755 4839 2972 4903 ἑαυτοῖς
3028 4840 3389 4910 ἀποδιδόαμεν
3429 4844 3704 4914 καύχημά
3734 4859 3767 4891 τι

519 4924 705 4996 gloriae
728 4924 1071 4995 jactautiam,
1099 4929 1449 4987 donationem
1476 4932 1811 4999 inliciautes;
1870 4934 2099 5004 ideoque

2207 4927 2383 4999 δόξης,
2416 4929 2513 5000 τὴν
2540 4930 2687 4984 δόσιν
2717 4932 3066 5005 ἀρνούμενοι.
3108 4934 3307 5005 διόπερ
3332 4935 3523 5004 φησὶν,
3576 4955 3597 4987 ι
3638 4937 3692 4989 ΕΞ
3728 4934 3767 4985 ἴε

520 5016 702 5072 dicit:
740 5039 758 5071 ι
805 5019 863 5072 Si
900 5035 1032 5075 vero
1089 5021 1380 5091 accepisti,
1433 5025 1596 5094 quid.
1616 5024 1889 5096 gloriaris,
1936 5026 2097 5095 quasi

523 5120 633 5160 non
664 5111 1006 5180 acceperis?»
1036 5109 1458 5184 Jam(inquit“)
1478 5114 1676 5169 divites
1702 5114 1980 5177 evasistis,
2005 5117 2097 5184 qui

521 5199 781 5267 operibus
806 5218 1076 5273 pauperes
1116 5203 1271 5267 estis,
1296 5204 1432 5274 jam,
1466 5205 1559 5274 qui
1582 5204 1766 5259 doceri
1797 5203 2098 5272 incepistis,

521 5292 750 5345 saturati
772 5293 905 5348 estis
926 5310 941 5359 ;
961 5310 1196 5364 quorum
1222 5295 1469 5366 deceptio
1492 5309 1662 5361 nuper
1691 5295 1757 5348 ad
1791 5310 1877 5350 me
1912 5306 2098 5353 trans-

520 5382 605 5445 iit,
648 5389 761 5437 tum
808 5399 904 5454 per
940 5386 1276 5451 discursum,
1316 5402 1477 5457 quem
1517 5386 1710 5441 faenori
1740 5389 1947 5459 accepi,
1972 5403 2103 5459 ope-

522 5493 640 5532 rum
712 5480 1058 5537 obtendendo
1120 5490 1528 5551 paupertatem,
1600 5491 1713 5537 tum
1784 5484 1947 5539 etiam
2007 5500 2103 5553 per

521 5570 833 5638 consilium,
886 5590 997 5645 quo
1046 5574 1301 5629 admonui
1324 5576 1389 5637 δ’,
1439 5574 1738 5645 disciplinae
1796 5577 2097 5632 doctrinam

2203 5021 2296 5073 καὶ
2325 5021 2537 5088 ἔλαὸες,
2569 5024 2622 5076 τί
2652 5029 2851 5098 καυχᾷ,
2876 5027 3046 5099 ώςιμὴ
3080 5028 3278 5092 λαϐὠν;
3317 5047 3446 5080 ›-‹
3493 5030 3663 5099 Ἤδη,
3692 5047 3765 5097 ςι-

2206 5118 2314 5185 civ,
2342 5114 2710 5187 ἐπλουτήσατε
2758 5138 2777 5171 ι
2805 5119 2857 5171 οξ
2896 5120 3011 5181 τοῖς
3044 5119 3227 5190 ἔργοις
3248 5119 3565 5189 πενόμενοι,
3614 5122 3707 5193 ἤδη
3732 5120 3766 5170 οἵ

2203 5212 2297 5266 τοῦ
2331 5211 2681 5266 διδάσκεσθαι
2715 5210 3038 5282 ἀρξάμενοι,
3072 5211 3425 5283 ἐκορέσθητε,
3479 5206 3671 5285 ὧνπερ
3696 5215 3765 5282 ἁρ-

2203 5304 2333 5366 τίως
2364 5304 2396 5374 ἡ
2435 5302 2611 5372 πλάνη
2664 5301 3045 5371 μεταϐέϐηκεν
3074 5302 3154 5365 είς
3192 5302 3291 5372 ἐμέ
3315 5320 3330 5335 ·
3376 5304 3453 5356 δι’
3477 5299 3549 5375 ἧς
3582 5308 3680 5377 μὲν

2204 5394 2491 5463 δάνεισμαι
2521 5392 2846 5461 λογιστείας,
2879 5393 2977 5464 τὴν
3011 5393 3120 5446 τῶν
3149 5392 3328 5463 ἔργων
3373 5395 3570 5447 πενίαν
3616 5414 3758 5466 παρα·

2210 5485 2521 5550 καλύπτων,
2551 5486 2619 5539 δι’
2646 5480 2714 5557 ἧς
2746 5486 2802 5539 δέ
2848 5484 3132 5556 παρῄνεσα
3173 5484 3399 5556 γνώμης
3442 5486 3547 5557 τὴν
3588 5487 3677 5541 τοῦ
3711 5488 3759 5538 δι-

2208 5578 2504 5631 δάσκεσθαι
2552 5577 2851 5648 μαθητεὲαν
2899 5576 3393 5647 ἀντιπεριτρέπων.
3463 5577 3609 5631 Ἀλλ’
3643 5579 3754 5647 ὅμωι

593 5744 640 5775 ³⁸
663 5746 768 5799 Tit.
800 5762 882 5813 ιιι,
915 5749 979 5814 5;
1018 5748 1057 5803 ll
1095 5749 1232 5806 Tim.
1270 5768 1303 5817 ι,
1342 5753 1423 5805 15.
1518 5756 1561 5786 ³⁸
1603 5752 1775 5811 lCor.
1816 5770 1885 5821 tv,
1920 5755 1971 5808 7.
2068 5756 2109 5786 “

2208 5753 2279 5808 id.
2311 5753 2359 5807 8.
2441 5755 2485 5786 ⁵⁸
2518 5755 2645 5810 ibid.
2690 5756 2740 5813 9.
2824 5756 2866 5801 ⁸9
2905 5751 3091 5809 lTim.
3124 5768 3197 5820 γι,
3233 5752 3316 5807 18.
