3838 6056
106 243 266 312 Πείῦ
1153 261 1250 320 DE
1289 260 1478 332 OCTO
1517 263 1622 324 SP]

1878 267 1956 328 JS
1993 268 2352 329 MALITUE.
2577 343 2580 347 _
3254 271 3394 342 1146

117 376 1727 417 Man—m—

1730 391 2784 426 mm

1333 516 1634 633 ΤΟΥ
1705 519 2202 636 ΑΥΤΟΥ

1073 840 1211 893 ΤΩΝ
1239 840 1422 894 ΟΚΤΩ
1454 840 1892 898 ΠΝΕΥΜΑΤΩΝ
1921 843 2059 899 ΤΗΣ
2090 847 2464 906 ΠΟΝΗΡΙᾹΣ.

1487 1150 2023 1246 EJUSDEM

924 1320 1377 1385 TRACTATUS
1410 1324 1506 1384 DE
1538 1325 1727 1387 ΟΕΤο
1779 1327 2212 1393 SPlRITIBUS
2239 1334 2598 1396 MALITIZE.

729 1490 983 1544 ΚΕΦΑΛ.
1023 1493 1103 1544 Α’.
1731 1507 1782 1562 Α

1731 1507 1782 1562 Α
2342 1497 2506 1572 456
2541 1498 2769 1554 CAPUT
2805 1499 2845 1556 t.

572 1580 714 1651 Περὶ
759 1583 1250 1653 γαστριμαργίας.

2263 1590 2341 1646 De
2374 1593 2520 1663 gula,
2551 1593 2657 1646 sive
2688 1591 2936 1662 ingluvie.

204 1673 378 1747 Ἀρχὴ
404 1675 804 1746 καρποφυρίας,
842 1675 1020 1738 ἀνθος,
1048 1675 1142 1729 καὶ
1183 1674 1328 1748 ἀρχὴ
1369 1678 1704 1748 πρακτικῆς,

1879 1681 2212 1752 Principium
2271 1681 2483 1738 fructus
2533 1681 2795 1738 alferendi
2825 1692 2908 1739 est
2949 1680 3070 1750 ﬂos,
3106 1693 3161 1740 et
3191 1685 3395 1756 princi-

107 1765 454 1838 ὲγκράτεια·
501 1768 530 1820 ὀ
570 1765 793 1835 κρατῶν
833 1766 1108 1838 γαστρὸς,
1148 1767 1361 1821 ἐλαττοῖ
1407 1768 1578 1840 πάθη,
1612 1776 1623 1822 1‘

1879 1789 1956 1828 tm
1986 1775 2176 1830 activa:
2207 1775 2330 1830 vitae
2357 1783 2441 1831 est
2464 1776 2823 1845 temperantia
2855 1794 2868 1830 :
2893 1776 2987 1845 qui
3013 1778 3188 1833 ventri
3216 1779 3395 1834 domi-

105 1857 450 1928 τώμενοςῦὲ
483 1857 770 1930 βρώμασιν
795 1857 948 1925 αὔξει
981 1859 1080 1923 τάς
1100 1859 1312 1930 ἡδονάς.
1349 1861 1515 1933 Ἀρχὴ
1537 1862 1621 1916 ὲθν

1886 1873 2001 1928 tur,
2055 1866 2338 1937 passiones
2402 1866 2630 1931 minuit,
2697 1867 2788 1938 qui
2841 1876 3020 1924 autem
3081 1868 3152 1925 ab
3199 1870 3395 1926 eduliis

124 1950 406 2024 Ἀμαλὴκ,
443 1951 541 2006 καὶ
569 1953 714 2024 ἀρχὴ
757 1951 944 2006 παθών
969 1955 1401 2024 γαστριμαργία.
1437 1955 1580 2028 ’Ὑλη
1607 1975 1640 2010 π

1878 1953 2064 2019 rtcitur,
2131 1961 2292 2024 auget
2344 1955 2668 2028 voluptates.
2726 1951 3073 2026 Principatus
3130 1959 3394 2028 gentium,

112 2040 218 2113 ρδς
249 2042 401 2111 ξύλα,
433 2043 533 2115 ὕλη
569 2045 626 2098 δὲ
650 2045 886 2116 γαστρός
921 2045 1205 2117 βρώματα.
1229 2044 1374 2098 Ξύλα
1404 2045 1576 2100 πολλά
1608 2065 1628 2118 ι.

1881 2044 2051 2111 nalec,
2091 2054 2145 2100 et
2184 2047 2501 2115 passionum
2558 2047 2896 2118 principatus
2944 2049 3090 2119 gula.
3149 2048 3397 2106 Materies

108 2135 300 2206 γάλην
331 2136 534 2207 ἐγείρει
584 2136 777 2206 φλόγα,
821 2136 1025 2207 πλῆθος
1056 2138 1111 2191 δὲ
1154 2136 1461 2209 βρωμάτων
1517 2139 1624 2210 τρέ*

1883 2137 1972 2204 iis,
2023 2139 2200 2208 ligna;
2248 2139 2502 2194 materies
2552 2148 2730 2194 autem
2772 2139 2998 2206 ventris,
3046 2139 3174 2196 cibi.
3228 2141 3397 2211 Ligna

107 2226 443 2296 ἐπιθυμίαν.
508 2226 648 2292 quae
712 2229 1056 2299 ἀμαυροῦται
1113 2228 1499 2300 ἐπιλειπούσης
1550 2229 1623 2282 ὕλη

1933 2238 1976 2284 la
2038 2245 2287 2301 magnam
2339 2232 2578 2287 excitant
2633 2231 2948 2303 ﬂammam,
3004 2243 3060 2289 et
3108 2232 3399 2297 multitudo

109 2316 222 2369 καὶ
254 2316 560 2388 βρωμάτων
596 2317 774 2372 ἔνδεια
807 2317 1062 2389 μαραίνει
1096 2315 1412 2388 ἐπιθυμίαν.
1459 2317 1516 2371 Ὀ
1568 2335 1625 2389 κρ

1885 2337 2056 2377 :arum
2093 2322 2265 2377 nutrit
2304 2324 2677 2393 cupiditatem.
2735 2324 2977 2381 Flamma
3031 2327 3401 2398 exstinguitur

106 2409 296 2479 στήσας
332 2412 606 2478 σιαγόνος,
633 2410 846 2464 ἀνεῖλεν
877 2410 1230 2481 ἀλλοφύλους,
1269 2411 1362 2464 κα)⁸
1386 2410 1560 2480 δεσμά
1591 2428 1622 2481 χ

1884 2413 2093 2468 Iiciente
2125 2414 2373 2482 materia,
2413 2424 2468 2471 et
2497 2416 2743 2472 ciborum
2775 2417 3002 2488 penuria
3032 2434 3400 2475 emarcescere

114 2499 236 2571 ρῶν
265 2501 430 2554 αὑτοῦ
463 2501 755 2556 διέσπασεν
789 2499 1051 2574 εὐχερῶς.
1101 2503 1406 2574 ’Λναίρεσις
1447 2502 1630 2570 ’σιαγόη

1882 2502 2335 2572 ιίῑοριιρῑίιίιοιοιιι.
2361 2501 2464 2570 Qui
2487 2505 2762 2560 maxillam
2792 2506 3398 2578 obtinuit,alienigenas

109 2593 308 2662 πηγὴν
355 2593 646 2662 ἐγέννησεν
677 2593 888 2661 ὓδατος,
920 2595 1014 2648 καὶ
1046 2593 1465 2667 γαστριμαργία
1502 2610 1625 2648 κατε

1883 2593 2100 2660 .erl'ecit,
2137 2594 2403 2666 facileque
2443 2613 2703 2652 manuum
2748 2614 2972 2654 suarum
3015 2597 3249 2669 disrupit
3276 2601 3399 2654 vin-

109 2684 376 2756 γηθεῖσα,
409 2687 643 2757 θεωρίαν
682 2686 836 2741 ἔτεκε
873 2689 1206 2759 πρακτικήν.
1254 2687 1536 2750 Πάσσαλος
1579 2703 1625 2739 σι

1882 2687 1950 2741 Ia.
1996 2687 2305 2743 Iutcrfeetio
2350 2689 2584 2744 maxilla:
2616 2689 2821 2745 fontem
2860 2705 3016 2760 aqua:
3046 2691 3301 2762 produxit
3329 2693 3398 2755 ‘°,

109 2778 222 2851 νῆς
251 2777 564 2850 παρελθὼν,
608 2778 836 2848 σιαγόνα
885 2779 1064 2833 ἀνεῖλε
1113 2778 1394 2850 πολέμιον,
1427 2779 1521 2832 καὶ
1546 2778 1625 2846 λόπ

1897 2779 2036 2850 gulae
2073 2779 2338 2850 ingluvies
2370 2782 2693 2851 interempta
2715 2781 3007 2852 practicam
3034 2783 3245 2852 peperit
3270 2799 3402 2864 conf

114 2846 453 2941 ἐγκρατείας
509 2846 781 2944 ὲνέκρω-σε
833 2871 1024 2935 πάθος.
1099 2846 1394 2940 Ἐπιθ-υμία
1447 2846 1630 2941 βρώσει

1885 2870 2234 2940 nplationem.
2294 2872 2494 2927 Clavus
2554 2873 2887 2928 tabernaculi
2960 2873 3220 2928 invadens
3282 2859 3401 2928 ma?

102 2952 282 3014 ’ἔτεκε
332 2960 641 3032 παρακοήν,
691 2959 786 3013 καὶ
827 2958 1018 3030 γεῦσις
1070 2959 1222 3031 ἡδεῖα
1273 2958 1494 3023 ἐξέϐαλε
1525 2973 1618 3030 παε

1891 2962 2019 3028 lam,
2053 2963 2262 3018 hostem
2304 2963 2561 3034 peremit,
2603 2976 2656 3018 et
2685 2964 3032 3020 continentia:
3063 2981 3244 3022 sermo
3273 2982 3401 3037 pas-

114 3051 326 3106 δείσου.
356 3051 682 3106 Πολυτὲλεια
719 3052 1026 3124 βρωμάτων
1054 3052 1244 3124 τέρπει
1273 3051 1488 3121 λαιμὸν,
1514 3049 1630 3120 τρές

1887 3069 2018 3106 mem
2055 3053 2284 3108 reddidit
2323 3064 2648 3110 emortuam.
2696 3055 2874 3111 Edulii
2913 3057 3184 3128 cupiditas
3217 3060 3403 3115 inobc—

115 3143 179 3197 δὲ
214 3143 473 3212 σκώληκα
501 3144 801 3208 ἀκολασίας
836 3144 1160 3216 ἀκοίμητον.
1237 3142 1452 3214 Ἐνδεὴς
1496 3158 1631 3212 γαστ

1887 3140 2070 3194 entiam
2130 3144 2357 3212 peperit,
2399 3152 2453 3198 et
2506 3145 2694 3200 suavis
2747 3147 3054 3216 degustatio
3111 3149 3322 3218 expulit
3371 3164 3403 3204 e

118 3238 185 3288 ὲν
219 3238 496 3308 προσευχῇ
527 3238 831 3309 ἀγρυπνεῖν
875 3236 1308 3308 παρασκευάζει,
1343 3237 1374 3306 ἡ
1409 3233 1466 3287 δὲ
1499 3231 1634 3286 πεπλ

1889 3233 2094 3288 radiso.
2134 3233 2394 3290 Ciborum
2427 3239 2820 3308 sumptuositas
2849 3239 3085 3296 delectat
3118 3250 3326 3312 guttur,
3349 3252 3405 3298 et

125 3330 350 3403 ρωμένη
387 3328 558 3384 ὕπνον
604 3332 800 3401 ἐπάγει
837 3330 1026 3388 πολύν.
1055 3323 1629 3401 Νηφάλιονφρόνημα

1888 3341 2122 3381 ιοηηιριη
2183 3329 2354 3382 nutrit
2403 3330 2829 3400 intemperantia:
2879 3348 3139 3387 vermem.
3203 3332 3404 3389 Venter

123 3420 401 3494 ξηροτάτῃ
441 3421 647 3494 διαίτῃ,
691 3421 858 3494 ὑγρὸς
903 3422 960 3475 δὲ
995 3423 1110 3492 βίος
1159 3419 1412 3494 βαπτίζει
1466 3418 1588 3473 νοῦν
1634 3436 1639 3467 ι

1887 3421 2064 3490 ligens
2089 3431 2352 3491 praeparat
2380 3423 2446 3477 ad
2481 3424 2812 3494 vigilandum
2843 3426 2896 3480 in
2933 3426 3198 3483 oratione.
3230 3426 3403 3484 Porro

125 3515 315 3581 βυθόν.
366 3515 746 3587 Νηστεύοντος
800 3516 1103 3587 προσευχὴ,
1149 3513 1370 3576 νεοσσὸς
1410 3509 1572 3564 ἀετοῦ
1616 3511 1641 3563 a'

1888 3530 1908 3568 ο
1961 3514 2199 3582 repletus
2256 3515 2548 3584 plurimum
2614 3519 2822 3573 imlucit
2875 3535 3151 3574 somnum.
3199 3521 3404 3578 Sensus

128 3609 451 3680 ιπτάμενος,
503 3610 536 3680 ἡ
583 3608 639 3662 δὲ
675 3608 770 3663 τοῦ
803 3607 1229 3681 κραιπαλοῦντος
1267 3603 1605 3677 βαρυνομένη
1637 3620 1644 3632 ·

1890 3605 2035 3660 brius
2082 3621 2147 3661 ac
2183 3607 2311 3676 vigil
2339 3608 2390 3661 in
2424 3609 2728 3665 siccissimo
2759 3612 3009 3668 consistit
3031 3611 3193 3684 457
3222 3613 3406 3681 victu;

125 3700 303 3774 κόρῳ,
354 3703 681 3758 καθέλκεται
702 3721 715 3735 ⁸
743 3704 1098 3773 νηστεύοντος
1131 3700 1280 3766 νοῦς,
1311 3699 1487 3770 ἀστὴρ
1525 3699 1582 3750 ὲν
1627 3714 1641 3749 ι

1913 3698 2033 3753 laxa
2068 3699 2356 3771 mollisque
2386 3703 2492 3756 vita
2526 3703 2577 3756 in
2602 3702 2930 3773 profundum
2954 3705 3217 3776 demergit
3249 3721 3401 3760 mcu-

127 3791 264 3864 θρίξ.
301 3792 574 3866 λαμπρὸς,
627 3797 655 3848 ὁ
703 3793 762 3847 δὲ
795 3793 888 3846 τοῦ
937 3790 1372 3863 κραιπαλοῦντος
1415 3789 1473 3842 ὲν
1525 3805 1643 3841 σκοτ

1887 3805 1951 3844 m.
1993 3789 2300 3861 Jejunantis
2343 3795 2541 3856 oratio,
2587 3796 2765 3866 pullus
2810 3804 2893 3852 est
2941 3797 3136 3865 aquilae
3185 3812 3403 3851 sursum

132 3888 285 3957 μὴνῃ
333 3884 704 3939 καλύπτεταιο
760 3883 957 3956 ὀμίχλη
1008 3881 1276 3936 καλύπτει
1309 3878 1541 3950 ἡλιακὰς
1571 3879 1648 3932 ἀκη

1890 3879 2034 3945 lans,
2065 3892 2120 3936 at
2158 3898 2279 3951 qum
2313 3886 2372 3938 lit
2416 3884 2483 3938 ab
2519 3884 2630 3948 illo,
2658 3887 2750 3954 qui
2804 3885 3117 3953 crapulatus
3146 3893 3250 3948 est,
3284 3899 3406 3953 gra-

128 3995 252 4041 νας,
292 3978 391 4032 καὶ
416 3976 541 4030 νοῦν
583 3976 822 4040 σκοτίζει
844 3975 1045 4045 παχεῖα
1088 3973 1392 4044 βρωμάτων
1437 3969 1644 4024 ἀνάδοσι

1892 3981 1966 4026 ter
2035 3971 2288 4042 depressa
2334 3991 2444 4045 prae
2486 3977 2766 4044 satietate,
2827 3977 3081 4031 deorsum
3152 3977 3408 4032 trahitur.

128 4065 442 4135 Jeiunantis
508 4085 699 4134 meus,
744 4067 915 4123 .stella
975 4075 1059 4120 est
1121 4067 1175 4120 iu
1231 4063 1409 4120 noctis
1460 4061 1753 4117 serenitate
1801 4061 2222 4130 Splendesceus,
2261 4067 2353 4120 sed
2390 4081 2546 4122 mens
2584 4067 2744 4134 cibo,
2802 4066 3036 4135 vinoque
3071 4080 3129 4120 se
3167 4065 3406 4137 ingurgi-

131 4167 305 4223 tautis
355 4167 422 4220 ad
492 4167 810 4237 crapulam,
858 4164 910 4218 in
953 4163 1275 4239 tenebrosa,
1309 4178 1374 4216 ac
1419 4161 1586 4214 illunc
1615 4165 1774 4212 nocte
1813 4160 2140 4216 occultatur.
2171 4161 2379 4218 Nebula
2408 4164 2619 4219 solares
2655 4161 2862 4234 obtegit
2889 4161 3094 4228 radios,
3123 4171 3177 4217 et
3220 4176 3407 4217 crassa

132 4276 386 4317 escarum
423 4260 755 4314 ministratio
809 4257 972 4311 menti
1007 4256 1293 4326 cabginem
1327 4253 1578 4309 oll'uudit.

779 4351 1007 4404 ΚΕΦΑΛ
1020 4394 1031 4405 .
1048 4351 1123 4404 B'.
1755 4347 1798 4406 C

1755 4347 1798 4406 C
2456 4345 2686 4402 CAPUT
2713 4348 2778 4402 ll.

213 4447 520 4518 Ἐτοπτρον
573 4443 826 4516 ρυπωθὲν
867 4445 926 4497 ού
967 4443 1215 4515 διαρθροῖ
1245 4441 1344 4512 τὴν
1377 4437 1723 4510 προσπεσοῦ-

1901 4433 2193 4505 Speculum
2228 4437 2483 4494 sordibus
2511 4439 2748 4495 obsitum
2787 4453 2896 4492 non
2927 4437 3181 4507 exprimit
3210 4437 3409 4492 distin-

138 4558 242 4594 σαν
268 4537 502 4609 μορφὴν,
534 4537 627 4590 καὶ
651 4535 990 4606 διανοητικὸν
1021 4531 1325 4605 ἁμόλυνθὲν
1355 4528 1616 4600 κόρῳ,ού
1641 4526 1654 4578 ἑ

1891 4549 1912 4585 e
1941 4527 2206 4600 objectam
2243 4530 2498 4596 formam,
2525 4541 2578 4587 et
2622 4533 2952 4594 intellectus,
2988 4532 3276 4586 saturitate
3307 4533 3407 4586 ob-

138 4653 301 4709 χεται
332 4635 536 4704 γνῶσιν
565 4632 726 4685 Θεοῦ.
761 4629 1116 4702 Χερσωθεῖσα
1146 4631 1215 4698 γῆ
1249 4625 1491 4686 ἀκάνθας
1529 4621 1654 4675 τίκτι

1894 4640 2009 4691 sus,
2057 4639 2120 4678 ac
2162 4624 2466 4690 hebetatus,
2501 4640 2610 4679 non
2644 4624 2874 4694 suscipit
2899 4623 2993 4677 Dei
3017 4624 3406 4694 cognitionem.

137 4727 240 4780 καὶ
305 4725 428 4787 νοῦς
470 4722 886 4793 γαστριμάργου
945 4720 1233 4791 βλαστάνει
1285 4716 1578 4786 λογισμοὺς
1604 4717 1653 4766 αἱ

1891 4731 1999 4771 arra
2041 4716 2244 4771 inculta
2280 4717 2512 4786 parturit
2549 4717 2756 4787 spinas,
2786 4725 2841 4770 et
2875 4730 3031 4770 mens
3071 4715 3211 4785 gula:
3239 4715 3407 4769 dediti

138 4819 330 4892 χρούςο
364 4818 478 4870 Οὐκ
535 4815 683 4868 ἔστιν
705 4817 762 4868 ἐν
794 4813 1039 4886 βορϐόρῳ
1068 4815 1248 4884 εὑρεῖν
1285 4812 1575 4883 ἀρώματα,
1605 4808 1654 4860 oi

1897 4823 2018 4877 rpes
2067 4809 2334 4876 germinat
2359 4808 2737 4878 cogitationes.
2774 4807 2891 4862 Non
2919 4816 3004 4863 est
3055 4806 3310 4874 possibile
3356 4805 3411 4860 in

225 4907 629 4978 γαστριμάργῳ
653 4905 882 4973 θεωρίας
904 4904 1153 4959 εὐωδίαν.
1182 4902 1487 4972 Ὀφθαλμὸς
1507 4917 1642 4968 γαστ

1894 4913 1988 4953 eno
2021 4899 2380 4954 odoramenta
2412 4899 2673 4965 invenire,
2706 4915 2806 4953 nec
2840 4900 2892 4952 in
2922 4898 3115 4967 guloso
3166 4909 3410 4952 contem-

145 5002 365 5072 μάργον
410 4997 834 5069 περιεργάζεται
882 4997 1193 5066 συμπόςιω
1237 4993 1512 5064 ὀφθαλμὸς
1541 4992 1596 5046 δὲ
1631 4993 1656 5043 ἐ

1899 4990 2085 5045 ιιὶοιιὶε
2113 4989 2250 5044 bene
2281 4991 2516 5044 olentem
2549 4994 2789 5046 odorem.
2829 4990 3034 5045 Oculus
3088 4988 3262 5044 ventri
3325 4988 3415 5044 ad-

145 5091 386 5162 κρατοῦς
418 5085 669 5160 συνέδρια
707 5085 906 5158 σοφῶν.
941 5089 1179 5159 Μνήμας
1229 5087 1526 5158 μαρτύρων
1564 5086 1657 5155 ἀρι

1895 5081 1961 5137 cli
2015 5081 2231 5136 curiose
2276 5081 2532 5152 disquirit
2564 5083 2833 5148 convivia,
2875 5092 2932 5137 at
2963 5083 3158 5137 oculus
3203 5091 3411 5150 tempe-

146 5184 242 5254 μεῖ
281 5179 428 5252 ψυχὴ
468 5179 906 5250 γαστριμάργου,
994 5179 1114 5250 ἠδὲ
1143 5178 1239 5232 τοῦ
1282 5175 1584 5248 ἐγκρατοῦς
1643 5194 1662 5246 ι

1899 5175 2027 5242 ntis,
2112 5189 2405 5231 consessus
2467 5177 2770 5246 sapientum
2821 5176 3067 5246 inquirit.
3127 5173 3415 5230 Memorias

151 5277 338 5346 μεῖται
365 5273 512 5344 βίους
543 5272 746 5326 αὐτῶν.
780 5272 961 5335 Δειλδς
987 5269 1323 5343 στρατιώτης
1354 5269 1573 5340 φρίσσει
1607 5269 1667 5321 σά

1899 5278 2137 5340 artyrum
2181 5277 2464 5323 enumerat
2490 5269 2672 5322 anima
2717 5268 2915 5339 gulosi,
2977 5281 3166 5322 verum
3209 5274 3415 5331 tempe-

150 5384 326 5436 πιγγα
364 5364 738 5436 σημαίνουσαν
764 5367 1019 5436 πόλεμον,
1052 5367 1146 5418 καὶ
1173 5363 1588 5436 γαστρίμαργος
1629 5379 1663 5414 κ

1901 5363 2008 5419 ntis
2032 5363 2212 5418 anima
2263 5362 2405 5421 vitas
2435 5363 2679 5418 imitatur
2718 5363 2982 5432 ipsorum.
3024 5359 3273 5413 Timidus
3308 5354 3413 5409 mi-

155 5460 497 5531 ρυσσομένην
573 5458 920 5530 ἐγκράτειαν.
993 5459 1032 5511 Γ
1036 5457 1414 5528 αστρίμαργος
1477 5452 1671 5525 μοναχὲ

1899 5457 2206 5512 sliorrescit
2244 5456 2310 5512 ad
2354 5456 2560 5526 tubam,
2590 5473 2712 5527 quaa
2742 5458 2990 5524 praelium
3015 5450 3327 5511 annuntiat,
3359 5453 3415 5502 et

155 5550 367 5614 κοιλίας
410 5550 702 5620 ὑπόφορος,
729 5549 824 5602 καὶ
856 5549 1249 5619 μαστιζόμενος
1281 5549 1593 5601 ἁπαιτεῖται
1637 5544 1671 5597 δι

1902 5549 2062 5606 ιιοευε
2104 5549 2519 5620 temperantiam
2572 5549 2996 5620 pra‘nuntiatam
3059 5539 3418 5613 pertimescit.

230 5682 280 5719 °°
312 5681 493 5742 Judic.
527 5700 616 5745 xv,
644 5684 828 5739 14-19.
