3838 6056
469 233 601 300 1147

1963 261 2019 319 S.
2071 261 2235 322 NILI

3615 271 3741 338 lliS

457 349 694 409 Gulosus
745 359 1046 416 monachus
1099 363 1300 418 tributo
1350 367 1556 424 ventris
1605 379 1688 424 est
1738 371 2028 438 obnoxius,

2151 377 2275 446 τμδν
2313 379 2658 449 ήμερούσιον.
2703 382 3012 456 Ὁὸοιπόρος
3051 385 3178 452 ὀξὺς
3237 387 3466 458 ταχέως
3501 391 3738 460 κιτιλή-

458 451 620 511 atque
645 445 785 502 idem
809 451 1096 509 alllictatus
1129 457 1504 524 quotidianum
1560 461 1748 532 exigit,
1786 463 2032 532 vectigal.

465 532 622 589 Velox
652 538 827 594 viator
854 545 1103 600 celeriter
1130 549 1198 602 ad
1245 551 1517 606 civitatem
1543 553 1788 624 attinget,
1821 563 1870 608 ct
1915 571 2033 610 mo—

457 624 668 681 nachus
718 637 1045 700 temperans,
1091 637 1158 690 ad
1213 647 1413 694 statum
1455 641 1760 710 paciﬁcum.
1821 643 2033 700 Tardus

457 713 636 770 viator
670 718 724 772 in
753 722 1044 780 solitudine
1071 729 1173 782 sub
1209 731 1299 784 dio
1332 733 1714 797 stabulabitur,
1749 744 1802 789 et
1845 752 2036 791 mona-

455 805 617 871 chus,
671 810 810 880 gula:
844 815 1214 884 subserviens,
1257 822 1323 874 ad
1357 823 1579 878 domum
1609 825 1896 882 vacuitatis
1917 843 2040 897 pas-

457 899 670 956 sionum
691 919 798 959 non
828 910 1123 976 perveniet.
1147 910 1326 984 Vapor
1355 914 1644 970 sullimenti
1677 934 1856 974 aerem
1887 921 2038 976 Stluvi

459 991 630 1061 replet
688 995 876 1064 odore,
910 1008 964 1054 et
996 1006 1350 1073 temperantis
1378 1006 1546 1078 458
1573 1011 1748 1063 oratio
1795 1011 2036 1077 dirimunt

459 1086 758 1150 permulcet
797 1089 1076 1148 olfactum.
1128 1096 1184 1150 Si
1226 1098 1457 1170 teipsqu
1505 1103 1787 1172 cupiditati
1827 1105 2038 1159 eduliu-

458 1190 580 1231 rum
628 1181 933 1250 tradideris,
1033 1189 1168 1242 nihil
1252 1191 1480 1248 sutliciet
1564 1196 1630 1250 ad
1716 1197 2037 1265 explendam

458 1269 835 1340 voluptatem:
887 1288 969 1334 est
1000 1281 1200 1352 quippe
1259 1284 1400 1356 ignis
1445 1304 1692 1344 escarum
1753 1290 2042 1360 cupiditas,

458 1374 675 1432 semper
711 1368 1006 1440 accipiens,
1038 1385 1092 1430 et
1117 1391 1336 1446 semper
1369 1379 1728 1437 inﬂammata.
1787 1384 2040 1439 Mensura

387 1455 404 1470 '
463 1455 736 1515 sufﬁciens
761 1459 1001 1532 implevit
1030 1483 1160 1536 vas;
1193 1480 1379 1526 venter
1407 1481 1588 1530 autem
1652 1476 1904 1546 diruptus
1934 1492 2038 1530 non

2141 468 2303 537 ψεται
2345 471 2518 540 πόλιν,
2549 475 2642 528 καὶ
2672 477 2906 547 μοναχδς
2939 479 3214 551 ἐγκρατὴς
3244 481 3548 552 εἰρηνικὴν
3575 491 3730 538 atati-

2143 575 2354 613 στασιν·
2397 563 2673 635 ὁδοιπόρος
2725 565 2924 636 βραδὺς
3002 569 3060 620 ἐν
3099 568 3307 640 ἐρημίᾳ
3345 567 3734 636 αὑλισθήσεται

2141 649 2426 725 ὕπαιθρος,
2465 657 2558 710 καὶ
2593 661 2826 730 μοναχδς
2857 661 3276 734 γαστρίμαργος
3311 663 3378 716 οὗ
3429 661 3636 730 φθάσει
3667 666 3738 726 si;

2139 739 2288 798 οἷκον
2317 747 2606 812 ἀπαθείας.
2651 753 2839 823 Ἀτμὶς
2871 753 3215 825 θυμιάματος
3247 755 3558 818 εὐιυδιάζει
3587 756 3732 824 ἀέρα.

2144 837 2238 889 καὶ
2281 842 2560 914 προσευχὴ
2593 845 2897 913 ἐγκρατοῦς
2951 845 3222 918 ὄσφρησιν
3265 847 3434 901 Θεοῦ.
3481 846 3616 898 Ἐάν
3645 847 3734 916 δῷς

2145 930 2372 984 σεαυτὸν
2398 927 2665 1007 ἐπιθυμίᾳ
2693 935 3016 1008 βρωμάτων,
3045 939 3201 993 οὐδὲν
3231 939 3470 1010 ἀρκέσει
3511 939 3654 1008 πῴς
3685 941 3738 992 τι

2145 1019 2433 1092 πληρῶσαι
2463 1024 2560 1096 τὴν
2583 1027 2798 1099 ήδονήν’
2833 1028 2944 1101 πῦρ
2977 1031 3086 1102 γάρ
3110 1033 3258 1084 ἐστιν
3289 1031 3578 1101 ἐπιθυμία
3613 1031 3736 1100 βίω·

2149 1111 2358 1182 μάτων,
2411 1117 2498 1169 ἀεὶ
2536 1117 2821 1191 δεχομένη,
2875 1123 2970 1176 καὶ
3014 1125 3102 1177 ἀεὶ
3153 1125 3506 1195 φλεγομένη.
3541 1125 3738 1194 Μέτρον

2145 1199 2421 1275 αὔταρκες
2451 1207 2769 1281 ἐπλήρωσεν
2797 1211 3036 1281 ἀγγεῖον.
3061 1215 3280 1287 γαστήρ
3309 1216 3366 1269 δὲ
3403 1215 3740 1286 ῥηγνυμένη.

2145 1294 2206 1346 οὐ
2243 1295 2412 1364 λέγει,
2468 1300 2676 1372 Ἀρκεῖ.
2715 1303 2931 1376 Χειρῶν
2976 1307 3200 1370 ἕκτασις
3237 1307 3619 1379 capo-urbano
3661 1309 3742 1357 τὸν

2157 1385 2426 1461 Ἀμαλὴκ,
2473 1393 2568 1446 καὶ
2614 1395 2843 1466 πράξεις
2889 1399 3196 1472 ἐπηρμέναι
3237 1399 3573 1472 χειροῦνται
3607 1398 3744 1467 πάθη

2149 1480 2374 1550 σαρκός.

456 1544 610 1612 dicit,
677 1549 892 1608 sullicit.
955 1553 1212 1613 Mannum
1265 1565 1514 1620 extensio
1567 1566 1728 1621 vertit
1769 1544 1991 1624 Amalec
2052 1566 2106 1621 iu
2147 1544 2330 1641 fugam
2367 1573 2434 1640 ⁶¹,
2479 1587 2534 1634 et
2567 1578 2812 1638 actiones
2857 1582 3078 1640 elevatae
3133 1585 3354 1656 (nentpc
3420 1585 3492 1639 ad
3561 1583 3744 1651 Deum)

457 1641 641 1694 carnis
671 1642 933 1714 subigunt
964 1649 1246 1718 passiones
1280 1653 1348 1707 ⁶¹.

1069 1803 1303 1861 CAPUT
1343 1806 1434 1862 Ill.

527 1909 842 1968 Extermina
878 1929 910 1970 a
959 1924 1010 1972 te
1047 1918 1412 1992 quodcunque
1446 1921 1576 1978 vitia
1607 1923 1798 1994 spirat,
1835 1931 1890 1978 et
1921 1940 2041 1979 car-

456 2004 546 2059 nis
587 2014 694 2062 tua:
737 2011 982 2066 membra
1027 2015 1202 2070 valide
1231 2017 1515 2074 mor-tilica.
1573 2018 2041 2086 Quemadmodum

452 2098 598 2152 enim
629 2097 855 2156 bellator
887 2103 1225 2174 interfectus,
1261 2109 1357 2164 tibi
1387 2127 1494 2165 non
1535 2112 1784 2168 incutiet.
1813 2123 2040 2182 metum,

455 2187 529 2242 ita
554 2203 758 2260 corpus
782 2194 1190 2264 mortilicatum,
1222 2207 1368 2253 tuam
1413 2216 1519 2255 non
1557 2203 1895 2274 perturbabit
1924 2205 2044 2260 ani-

454 2295 624 2336 tnam.
661 2283 936 2341 Mortuum
991 2303 1190 2360 corpus
1225 2291 1365 2362 ignis
1413 2309 1522 2348 non
1565 2297 1718 2352 novit
1775 2297 2039 2364 dolorem,

456 2387 560 2426 nec
635 2385 944 2445 temperans
1017 2381 1346 2451 voluptatem
1420 2389 1684 2456 persentit
1732 2389 2044 2460 cupiditatis

454 2477 738 2522 emortum.
769 2467 825 2524 Si
882 2473 1222 2540 percusseris
1251 2474 1590 2548 Egyptium,
1635 2479 1688 2534 iu
1736 2497 1902 2542 arena
1963 2482 2042 2552 ip-

454 2573 576 2614 sum
611 2561 932 2618 abscondito
964 2565 1029 2632 ⁸³,
1055 2577 1104 2622 et
1136 2583 1204 2622 ne
1245 2569 1301 2622 in
1330 2569 1540 2626 devicta
1567 2573 1865 2644 cupiditate
1917 2575 2042 2645 pin-

451 2650 730 2721 guefacias
759 2670 996 2726 corpus:
1029 2658 1171 2714 sicut
1192 2660 1334 2715 enim
1365 2662 1750 2720 absconditum
1786 2666 1838 2720 in
1869 2675 2036 2734 terra,

451 2743 634 2811 opima
684 2748 974 2816 germinat,
1033 2749 1105 2807 ita
1145 2750 1201 2806 in
1233 2767 1464 2824 corpore
1499 2755 1835 2828 impinguato
1862 2759 2043 2828 repul—

451 2833 586 2888 lulat
617 2839 819 2905 passio.
857 2839 1101 2898 Flamma
1134 2845 1402 2901 exstincta
1436 2848 1660 2912 relucet,
1689 2850 1736 2904 si
1759 2849 1910 2906 arida
1928 2867 2046 2907 sus-

451 2927 661 2994 ceperit
707 2931 952 2998 cremia;
1004 2943 1056 2988 et
1093 2935 1346 3006 voluptas
1376 2939 1583 3008 sopita,
1615 2942 1810 2998 iterum
1845 2958 2043 2998 accen-

453 3017 603 3072 ditur
625 3020 677 3073 in
699 3023 986 3078 saturitate
1010 3025 1257 3080 ciborum
1291 3045 1305 3081 :
1339 3045 1406 3084 ne
1432 3031 1738 3086 miserearis
1797 3035 2044 3103 corporis

2785 1821 3038 1876 ΚΕΦᾹΛ.
3063 1821 3136 1878 Ρ.

2229 1925 2637 2000 Ἐξολόθρευσον
2677 1934 2740 1988 ἐκ
2775 1935 2869 1988 σοῦ
2921 1939 3030 1990 πᾶν
3086 1937 3324 2010 ἐμπνεον
3371 1941 3606 2008 κακίας,
3661 1945 3746 1997 καὶ

2147 2016 2284 2088 μέλη
2316 2023 2522 2090 σαρκός
2553 2039 2647 2075 σου
2682 2025 2960 2096 νέκρωσον
2989 2029 3250 2100 ἰσχυρῶς.
3271 2033 3369 2085 Ὃν
3401 2033 3620 2101 τρόπον
3645 2035 3744 2104 γάρ

2144 2109 2492 2180 ἀνῃρημένος
2537 2113 2817 2186 πολέμιος,
2845 2117 2907 2170 οὐ
2959 2120 3188 2188 παρέξει
3245 2141 3327 2176 σοι
3367 2124 3570 2191 φόϐον,
3607 2125 3744 2178 οὕτω

2144 2202 2420 2267 νεκρωθέν
2452 2205 2612 2275 σῶμα
2637 2207 2696 2260 οὐ
2719 2209 2944 2280 ταράξει
2979 2229 3071 2266 σου
3106 2213 3212 2284 τὴν
3233 2215 3438 2286 ψυχήν.
3473 2219 3600 2269 Οὐκ
3639 2215 3742 2271 οἶδε

2145 2297 2320 2368 πυρὸς
2345 2297 2537 2370 ὀδύνην
2573 2299 2734 2372 σῶμα
2781 2304 2998 2376 νεκρὸν,
3033 2306 3154 2360 οὐδὲ
3209 2309 3496 2380 ἐγκρατής
3555 2311 3744 2381 ἡδονὴν

2145 2385 2440 2458 ἐπιθυμίας
2469 2393 2688 2462 νεκρᾶς.
2708 2393 2838 2448 Ἐὰν
2861 2396 3449 2470 πατάξῃςΑίγύπτιον,
3485 2405 3552 2455 ἐν
3579 2403 3744 2474 ἄμμῳ

2146 2477 2355 2550 κρύψον
2389 2482 2574 2548 αὐτὸν,
2606 2484 2700 2538 καὶ¹
2731 2487 2806 2560 μὴ
2851 2489 3052 2562 πιάνῃς
3091 2491 3252 2564 σῶμα
3301 2495 3396 2546 ἐπὶ
3436 2495 3745 2566 ἡττωμένῳ

2147 2571 2329 2625 πάθει·
2359 2573 2436 2638 ὡς
2465 2576 2574 2648 γὰρ
2613 2577 2672 2630 ἐν
2707 2577 2922 2652 λιπώσῃ
2958 2585 3028 2652 γῇ
3063 2583 3188 2651 φύει
3234 2585 3296 2638 τὸ
3341 2587 3624 2657 κρυφθὲν,
3661 2589 3747 2642 οὗ·

2143 2680 2252 2726 τως
2275 2665 2332 2718 ἐν
2373 2665 2588 2736 σώματι
2623 2669 2918 2740 πιμελώδει
2948 2673 3238 2730 ἀναϐάλλει
3289 2677 3348 2731 τὸ
3387 2680 3594 2745 πάθος.
3627 2683 3744 2735 Μα-

2148 2756 2410 2828 ρανθείσα
2457 2759 2590 2830 φλὸξ
2627 2761 2944 2834 ἀναλάμπει
2999 2767 3374 2842 ἐπιλαϐομένη
3414 2775 3740 2841 φρυγάνων,

2146 2850 2242 2904 καὶ
2271 2851 2433 2922 ἡδονὴ
2479 2851 2778 2910 σϐεσθεῖσα
2822 2857 3284 2931 ἀναζωπυροῦται
3323 2864 3383 2916 ἐν
3411 2866 3570 2936 κόρῳ
3605 2865 3744 2938 βρωο

2149 2945 2358 3014 μάτων.
2403 2947 2494 3017 Μή
2535 2947 2768 3021 ἐλεήσῃς
2817 2949 2978 3021 σῶμα
3025 2953 3246 3007 ἀτονίαν
3303 2955 3740 3027 ἀποδυρόμενον,

2149 3035 2287 3105 μηδὲ
2321 3037 2524 3109 πιάνῃς
2567 3037 2700 3092 αὐτὸ
2743 3040 3064 3115 πολυτελείᾳ
3102 3044 3432 3116 βρωμάτων·
3487 3049 3594 3102 ἐάν
3641 3048 3744 3117 γὰρ

451 3115 843 3183 conquerentis
877 3117 948 3170 ob
987 3118 1340 3187 debilitatem,
1383 3139 1483 3178 nec
1543 3123 1674 3178 illud
1731 3123 2034 3197 impingues

2151 3127 2360 3201 ἰσχύσῃ,
2393 3130 2837 3206 ἐπαναστήσεταί
2875 3151 2980 3197 σοι,
3033 3135 3128 3188 καὶ
3177 3137 3418 3208 πόλεμον
3469 3139 3744 3194 ἄσπονδον

451 3214 716 3274 apparatu
768 3207 1066 3262 multorum
1096 3210 1369 3268 ciborum.
1401 3212 1558 3280 Nam,
1595 3215 1640 3270 si
1673 3217 2035 3284 convaluerit,

451 3298 713 3367 impetum
749 3299 801 3354 in
840 3310 890 3356 te
927 3300 1109 3368 faciet,
1139 3307 1484 3378 movebitque
1518 3311 1806 3368 adversum
1851 3321 1902 3367 te
1927 3313 2037 3368 bel-

451 3387 562 3442 lum
597 3389 926 3461 inexpiabile
948 3434 962 3458 ,
998 3411 1283 3467 usquequo
1323 3401 1560 3456 animam
1601 3411 1747 3459 tuam
1782 3405 1833 3459 iu
1865 3407 2040 3461 servi-

453 3487 626 3536 tutem
660 3483 888 3554 redigat,
919 3501 1250 3558 servumque
1321 3499 1373 3547 te
1435 3495 1612 3550 tradat
1679 3496 2036 3567 impudicitia:

447 3575 712 3642 passioni.
743 3575 930 3647 Equus
963 3579 1101 3637 bene
1137 3581 1384 3642 frenatus
1406 3597 1490 3642 est
1511 3605 1713 3660 corpus
1745 3607 1913 3664 egens
1937 3591 2040 3648 ali-

449 3673 656 3730 mento,
705 3683 883 3737 neque
931 3671 1151 3743 dejiciet
1204 3691 1442 3747 unquam
1503 3697 1893 3751 ascensorem;
1951 3685 2040 3740 ille

452 3753 655 3824 quippe
700 3757 842 3812 cedit
882 3758 1038 3816 freno
1063 3765 1417 3834 constrictus,
1493 3777 1545 3821 et
1602 3769 1804 3839 aurigae
1851 3771 2038 3826 manui

449 3859 626 3920 paret,
665 3867 871 3923 corpus
903 3866 1082 3914 autem
1114 3859 1280 3934 459
1303 3862 1443 3919 fame
1463 3864 1737 3932 domatur,
1770 3875 1824 3920 et
1853 3866 2038 3937 vigilia

447 3949 503 3995 et
527 3959 631 3996 non
668 3947 839 4002 resilit
867 3947 939 4004 ab
965 3950 1317 4010 inscendente
1346 3955 1692 4026 cogitatione,
1720 3975 1819 4014 nec
1846 3959 2041 4016 adhin-

450 4032 532 4088 nit
564 4049 901 4096 commotum
953 4044 1021 4098 ab
1053 4043 1258 4116 impetu
1289 4049 1647 4118 passionibus
1672 4051 1960 4124 implicito.

1071 4159 1300 4217 CAPUT
1333 4162 1419 4220 IV.

1067 4273 1146 4329 De
1181 4274 1427 4332 luxuria.

517 4379 865 4440 Continentia
907 4391 1321 4457 temperantiam
1357 4392 1518 4462 parit,
1551 4395 1821 4467 ingluvies
1847 4407 2029 4455 autem

2143 3225 2358 3294 κινήσει
2390 3225 2532 3277 κατὰ
2562 3224 2681 3291 σοῦ,
2709 3225 2816 3290 ἕως
2852 3227 2919 3279 ἂν
2949 3229 3372 3302 αἱχμαλωτεύσῃ
3409 3233 3518 3303 σὴν
3540 3233 3740 3304 ψυχὴν,

2141 3317 2238 3370 καὶ
2264 3315 2450 3370 δοῦλον
2471 3317 2786 3388 παραδώσει
2817 3335 2876 3371 σε
2906 3319 2983 3388 τῷ
3011 3321 3110 3390 τῆς
3133 3321 3394 3393 πορνείας
3422 3323 3740 3380 πάθει.”ῐπ-

2143 3425 2245 3470 πος
2282 3408 2516 3479 εὐήνιος,
2546 3407 2727 3472 ἐνδεὲς
2760 3408 2939 3482 σῶμα,
2975 3411 3068 3465 καὶ
3099 3413 3160 3466 οὐ
3197 3415 3274 3486 μή
3302 3415 3617 3470 καταϐαλεῖ
3655 3419 3738 3470 τον

2141 3499 2423 3571 ἀναϐάτην
2477 3500 2630 3568 ποτὲ,
2659 3503 2688 3555 ὁ
2719 3501 2820 3574 μὲν
2847 3502 2956 3574 γάρ
2985 3503 3124 3558 είκει
3167 3505 3474 3578 ἀγχόμενος
3511 3511 3736 3580 χαλινῷ,

2141 3593 2238 3648 καὶ
2264 3595 2330 3664 τῇ
2362 3594 2507 3665 χειρὶ
2544 3594 2792 3649 πείθεται
2821 3595 2913 3649 τοῦ
2939 3598 3182 3670 ἡνιόχου,
3213 3599 3376 3670 σῶμα
3405 3601 3464 3655 δὲ
3495 3603 3736 3672 δαμάζε-

2140 3704 2230 3740 ται
2261 3687 2319 3738 ἐν
2351 3685 2516 3756 λιμῷ,
2560 3686 2654 3740 καὶ
2686 3687 2987 3760 ἀγρυπνίᾳ,
3032 3690 3127 3743 καὶ
3167 3692 3267 3745 οὐκ
3294 3693 3618 3768 ἀποσκιρτᾷ
3649 3699 3733 3750 τοῦ

2141 3779 2530 3844 ἐπιϐατοῦντος
2562 3779 2848 3852 λογισμοῦ,
2876 3781 2996 3837 οὐδὲ
3047 3787 3365 3857 χρεμετίσει
3409 3789 3736 3860 κινούμενον

2143 3873 2249 3930 ὑπὸ
2279 3876 2456 3947 ὁρμῆς
2487 3877 2512 3928 ἐ
2519 3873 2792 3946 μπαθοῦς.

2777 4171 3030 4224 ΚΕΦΛΛ.
3052 4170 3128 4224 Δ’.

2707 4279 2846 4349 Περὶ
2878 4282 3186 4348 πορνείας.

2211 4385 2578 4464 Σωφροσύνην
2623 4391 2800 4447 τίκτει
2844 4393 3168 4465 ἐγκράτεια,
3201 4398 3626 4468 γαστριμαργία
3655 4399 3726 4466 δὲ,

450 4473 588 4539 ιζιιιεε
616 4486 789 4531 mater
816 4485 899 4531 est
927 4478 1381 4566 intemperantiae.
1415 4484 1609 4541 Oleum
1653 4491 1828 4546 nutrit
1867 4492 2034 4548 lucer-

2151 4481 2330 4552 μήτηρ
2383 4479 2681 4544 ἀκολασίας
2707 4497 2722 4512 ο
2751 4481 2934 4535 ἔλαιον
2966 4483 3159 4554 τρέφει
3207 4484 3472 4554 λαμπάδα
3513 4487 3726 4556 λύχνου,

449 4582 532 4621 me
570 4568 893 4637 lampadem,
924 4579 977 4625 et
1010 4567 1357 4630 conversatio
1435 4578 1728 4634 mulierum
1787 4581 2022 4640 faculam

448 4658 744 4727 voluptatis
777 4662 1050 4718 accendit.
1086 4661 1378 4721 Fluctuum
1418 4668 1676 4726 violentia
1711 4687 1820 4728 non
1890 4675 2030 4732 sub-

450 4747 732 4806 burratam
769 4753 939 4824 agitat
971 4757 1173 4824 navim,
1227 4767 1282 4814 et
1307 4760 1567 4832 cogitatio
1601 4763 1851 4832 luxuria),
1882 4785 2035 4824 men-

449 4849 558 4895 tem
584 4841 1036 4902 incontinentem.
1073 4846 1410 4916 lmpudicitia
1441 4853 1744 4912 satietatem
1791 4867 2036 4914 assumet

2144 4573 2239 4626 xa‘t
2273 4571 2480 4644 πυρσὸν
2499 4572 2698 4644 ἡδονῆς
2725 4573 2954 4640 ἐξάπτει
2989 4576 3250 4648 συντυχία
3275 4579 3580 4646 γυναικῶν.
3623 4583 3726 4634 Κν-

2147 4664 2333 4735 μάτων
2371 4663 2460 4735 βία
2494 4663 2748 4735 χειμάζει
2787 4666 2974 4720 πλοῖον
2999 4667 3422 4738 ἀνερμάτιστον,
3460 4672 3562 4725 καὶ
3589 4671 3724 4740 λογι-

2144 4759 2280 4831 σμὸς
2316 4761 2594 4828 πορνείας,
2625 4759 2751 4814 νοῦν
2787 4761 3029 4833 ἀκρατῆ.
3081 4757 3318 4833 Πορνεία
3369 4765 3723 4835 συμπαραλῇ-

2141 4851 2303 4922 ψεται
2353 4852 2512 4921 κόρον
2542 4853 2624 4916 είς
2663 4852 3002 4923 συμμαχίαν,
3029 4854 3232 4926 ἀφήσει
3261 4855 3374 4926 γὰρ
3409 4856 3600 4920 αὑτὸν,
3640 4858 3721 4909 καὶ

449 4931 503 4986 in
554 4932 912 5002 adiutorium,
947 4938 1181 4996 dimittet
1206 4941 1351 4997 enim
1385 4944 1582 5016 ipsam,
1613 4957 1665 5002 et
1699 4950 1866 5006 stabit
1908 4967 2034 5006 cum

2151 4944 2277 4996 ιετὰ
2299 4941 2408 4996 τῶν
2441 4943 2700 4996 ἐναντίων
2739 4943 3026 5014 στήσεται,
3056 4945 3152 4999 καὶ
3179 4945 3268 4997 ἐπ’
3303 4945 3558 5016 ἐσχάτων
3595 4962 3720 5016 συμ-

447 5025 796 5093 ιιιινετεενίἱε,
829 5041 883 5085 et
910 5031 977 5086 ad
1007 5044 1308 5091 extremum
1351 5055 1459 5094 una
1499 5055 1620 5095 cum
1647 5041 1895 5100 hostibus
1923 5043 2035 5100 bel-

447 5207 609 5274 eulis,
642 5211 734 5280 qui
766 5213 943 5284 diligit
971 5217 1232 5286 quietem,
1269 5229 1344 5286 at,
1386 5223 1478 5292 qtti
1513 5223 1678 5279 simul
1719 5240 1842 5278 cum
1869 5227 2028 5296 plebe

450 5301 727 5370 miscetur,
755 5307 1017 5361 continua
1059 5311 1260 5380 excipit
1291 5315 1536 5368 vulnera.
1585 5313 1820 5371 Obtutus
1869 5315 2029 5372 femi-

449 5407 532 5447 nae
570 5395 733 5450 telmn
767 5407 848 5452 est
877 5414 1086 5456 veneno
1123 5402 1414 5468 imbutum,
1462 5405 1730 5460 sauciavit
1765 5407 2026 5475 animam,

447 5496 503 5540 ct.
531 5487 683 5544 virus
714 5489 932 5557 infudit,
961 5503 1014 5547 et
1040 5511 1148 5562 quo
1199 5494 1407 5550 diutius
1433 5497 1716 5566 perdurat,
1748 5516 1814 5556 eo
1859 5501 2030 5571 majo-

2135 5033 2434 5106 πολεμήσει
2482 5035 2595 5097 τοῖς
2629 5034 2864 5106 ἐχθροῖς.
2898 5033 3180 5105 ’Δτρωτος
3203 5034 3456 5106 διαμένει
3489 5036 3602 5089 άπὺ
3625 5036 3720 5088 τῶν

343 5172 347 5176 ,
445 5115 560 5170 lum
592 5117 844 5204 sociabit.
876 5121 1250 5183 lnvulncratus
1278 5140 1564 5199 permanet
1593 5133 1662 5188 ab
1693 5135 1900 5190 inimici
1949 5135 2033 5205 ja-

2151 5124 2304 5178 Ιελῶν
2336 5125 2432 5179 τοῦ
2467 5125 2662 5197 ἐχθροῦ
2697 5129 2726 5178 ὀ
2771 5126 3004 5196 ἀγαπῶν
3031 5127 3288 5198 ήσυχίαν,
3321 5129 3720 5200 συναναμιγνύο

2139 5236 2300 5290 μενος
2351 5219 2408 5272 δὲ
2457 5219 2646 5291 πλήθει
2721 5222 2968 5290 συνεχεῖς
3013 5219 3228 5291 δέχεται
3277 5222 3518 5292 πληγάς.
3569 5223 3718 5291 Ὄψις

2137 5311 2397 5379 γυναικὸς
2444 5310 2596 5382 βέλος
2637 5311 2754 5363 ἐστὶ
2795 5313 3353 5384 πεφαρμακευμένον,
3379 5313 3592 5383 ἔτρωσε
3630 5311 3716 5384 τὴν

2133 5403 2336 5474 ψυχήν,
2389 5405 2484 5458 καὶ
2527 5405 2620 5458 τὸν
2673 5401 2749 5456 ἱὸν
2795 5403 3110 5468 ἐναπέθετο,
3163 5405 3259 5460 καὶ
3299 5407 3427 5460 ὅσον
3465 5407 3714 5491 χρονίζει,

2138 5497 2364 5551 πλείονα
2423 5497 2524 5568 τὴν
2585 5496 2750 5568 σῆψιν
2821 5495 3138 5570 ἐργὸζεται.
3201 5497 3262 5553 '0
3320 5497 3716 5570 φυλασσόμενος

519 5686 565 5718 ⁸⁸
598 5687 770 5740 Exod.
809 5703 943 5753 xvu,
979 5690 1060 5742 P2.
1141 5691 1180 5721 ⁸⁸
1211 5687 1370 5763 Ρψν.
1403 5709 1529 5761 xxx,
1569 5695 1650 5752 l3.
1732 5699 1780 5728 "
1813 5697 1986 5754 Exod.
2021 5715 2079 5767 tt,
2124 5698 2206 5764 ll,
2245 5698 2328 5754 1'2.
