3838 6056
154 255 209 310 ;
226 246 351 313 149
1281 255 1381 317 DE
1414 254 1601 314 OCTO
1621 253 2060 321 SPIRITIBUS
2082 259 2440 320 MALITIIE.
3348 262 3486 328 1150

158 366 386 419 ταῦτα
419 364 485 419 τά
518 364 670 435 βέλη,
713 367 774 421 ού
814 368 1155 438 παραϐάλλει
1203 368 1550 440 πανηγύρεσι
1583 369 1792 439 πανδή-

1906 385 2010 426 rem
2040 384 2232 429 causat
2261 372 2738 444 putrefactionem.
2777 373 2880 441 Qui
2913 390 2969 429 se
3004 374 3242 431 custodit
3269 376 3335 432 ab
3396 378 3481 434 his

171 474 358 524 μοις,
388 458 507 512 οὐδὲ
537 460 596 513 ἐν
622 463 745 523 ταῖς
773 463 991 530 ἑορταῖς
1016 462 1266 531 περιάξει
1296 461 1562 533 κεχηνώς·
1587 461 1796 532 βέλτιον

1906 463 2040 528 telis,
2089 480 2196 519 non
2229 466 2294 519 ad
2326 463 2639 535 frequentes
2676 465 2857 535 populi
2899 473 3201 522 conventus
3257 482 3482 537 progre-

164 547 322 619 γὰρ
344 548 484 602 οἴκοι
507 549 739 620 μένοντα
768 551 1053 623 σχολάζειν
1082 555 1435 624 προσευχαῖς,
1460 554 1493 624 ἢ
1525 556 1689 625 τιμᾷν
1715 572 1796 607 νο-

1906 551 2066 619 ditur,
2116 567 2216 609 nec
2272 554 2328 608 in
2384 553 2578 609 diebus
2654 553 2809 609 festis
2859 555 3169 609 circumibit
3228 556 3480 610 inhians:

174 638 443 704 μίζοντα
498 640 598 705 τὰς
658 642 873 713 ἑορτὰς,
934 643 1178 713 γίνεσθαι
1236 645 1514 715 πάρεργον
1560 644 1791 716 ἐχθρῶν.

1906 644 2095 700 melius
2135 653 2219 699 est
2268 645 2413 701 enim
2461 656 2894 700 commorantem
2927 647 3075 701 domi
3103 647 3337 702 orationi
3392 663 3486 701 va-

166 729 385 800 Φεῦγε
443 734 734 803 συντυχίαν
766 736 1063 803 γυναικῶν,
1118 737 1213 791 ἐὰν
1259 737 1422 811 θέλῃς
1470 740 1792 809 σωφρονεῖν,

1906 753 2047 803 care,
2089 754 2277 809 quam,
2318 741 2447 795 dum
2517 741 2789 796 honorare
2828 756 2886 795 se
2932 739 3057 809 quis
3107 746 3258 808 putat
3315 738 3485 794 festas

170 822 309 875 καὶ
360 823 435 895 μὴ
472 824 578 894 δῷς
616 828 928 899 παρρησίαν
963 831 1156 895 αὐταῖς
1196 828 1469 902 θαρρῆσαί
1511 829 1593 882 σοί
1637 847 1791 885 ποτε.

1906 829 2293 896 solemnitates,
2321 832 2388 886 atl
2418 841 2732 901 susceptum
2767 847 2905 901 opus
2935 830 3285 886 inimicorum
3328 846 3484 885 acce-

172 913 513 969 Εύλάόειαν
545 917 652 987 γὰρ
680 920 737 972 ἐν
775 920 972 991 ἀρχαῖς
1002 924 1033 992 ἢ
1070 923 1285 993 ἔχουσιν
1318 923 1350 995 ἢ
1382 922 1788 993 ὑποκρίνονταιο

1906 918 2046 974 dere.
2102 918 2449 977 Feminarum
2480 923 2950 979 conversationem
3012 921 3155 991 fuge,
3193 923 3241 977 si
3307 922 3484 975 conti-

172 1003 439 1078 ὕστερον
466 1008 523 1061 δὲ
551 1010 725 1064 πάντα
754 1011 1028 1083 τολμῶσιν
1052 1015 1283 1078 ἀναιδῶς
1302 1033 1315 1047 ·
1359 1015 1551 1089 πρώτῃ
1595 1032 1791 1069 συντυ-

1906 1026 2035 1065 nens
2066 1027 2187 1067 esse
2212 1014 2367 1079 velis,
2402 1030 2579 1085 neque
2633 1016 2728 1071 des
2768 1015 2901 1084 ipsis
2945 1014 3198 1069 fiduciam
3232 1029 3353 1069 sese
3390 1013 3483 1067 tibi

171 1098 304 1170 χίᾳ
328 1099 388 1152 τὸ
412 1099 629 1171 βλέμμα
660 1102 843 1174 ἔχουσι
874 1107 1046 1174 κάτω,
1081 1108 1305 1162 λαλοῦσι
1335 1108 1547 1180 πράως,
1581 1110 1674 1163 καλ⁸
1702 1110 1795 1163 δα-

1906 1104 2231 1160 eonlidentes
2310 1123 2548 1176 unquam
2617 1106 3050 1162 demonstrandi.
3108 1103 3166 1160 in
3220 1105 3486 1176 principio

173 1189 437 1260 κρύουσι
471 1194 793 1264 συμπαθῶς,
826 1200 1256 1270 σχηματίζονται
1290 1202 1523 1271 σεμνῶς,
1556 1203 1649 1255 καὶ
1676 1220 1796 1256 στε-

1906 1210 2132 1265 namque
2163 1200 2541 1261 reverentiam,
2593 1206 2692 1253 aut
2720 1200 2942 1264 habent,
2978 1208 3074 1252 aut
3110 1199 3401 1263 simulant;
3431 1208 3487 1251 at

172 1282 430 1345 νάζουσι
456 1286 649 1356 πικρά,
683 1287 930 1358 ἐρωτῶσι
960 1291 1091 1362 περὶ
1132 1292 1374 1361 ἁγνείας,
1408 1293 1503 1346 καὶ
1532 1294 1792 1348 ἀκούουσι

1906 1287 2089 1342 deinde
2115 1288 2313 1343 audent
2338 1290 2521 1344 omnia
2552 1291 2916 1360 impudenter.
2957 1289 3171 1345 Etenim
3216 1289 3269 1344 in
3305 1290 3481 1360 prima

177 1374 535 1439 σπουδαίωςο
585 1377 840 1451 δεύτερον
894 1380 1055 1450 εἶδες,
1093 1385 1187 1438 καὶ
1244 1385 1439 1456 μικρὸν
1497 1387 1792 1441 ἀνένευσαν

176 1464 341 1518 ἄνωο
390 1466 594 1539 τρίτον,
632 1470 726 1529 καὶ
756 1473 1119 1545 προσέχουσιν
1145 1475 1400 1539 ἀναιδῶς,
1448 1476 1789 1546 ὲμειδιάσας,

180 1558 461 1612 κάκεῖναι
508 1563 829 1633 κεχυμένως
878 1565 1161 1633 ἐγέλασαν·
1199 1568 1531 1637 κοσμοῦνται
1580 1569 1789 1631 λοιπὸν,

182 1649 303 1702 καὶ
335 1651 700 1708 ἐνδείκνυνται
735 1673 819 1709 σοι
849 1656 1058 1725 σαφῶς,
1111 1656 1332 1729 βλέμμα
1374 1657 1672 1729 μορφοῦσιν
1703 1661 1794 1713 εύ-

184 1740 632 1813 αγγελιζόμεναι
680 1745 744 1799 τὸ
798 1746 991 1811 πάθος,
1049 1726 1224 1819 ὀφρῦς
1258 1726 1646 1815 ἀνατείνουσι,
1701 1751 1796 1805 καὶ
1830 1726 1869 1784 1⁸

190 1835 637 1905 περιστρέφουσι
666 1837 936 1910 βλέφαρα,
959 1838 1227 1911 γυμνοῦσι
1259 1842 1353 1894 τὸν
1376 1842 1670 1914 τράχηλον,
1702 1844 1797 1898 καὶ

189 1920 317 1992 ὅλῳ
340 1923 417 1993 τῷ
453 1924 667 1997 σώματι
708 1928 1060 2006 θρύπτονται,
1087 1931 1279 2000 λόγους
1323 1933 1543 1989 λαλοῦσι
1583 1936 1797 2007 μαλάσ-

193 2029 401 2077 σοντας
434 2014 495 2067 τὸ
528 2016 722 2082 πάθος,
754 2019 848 2072 καὶ
903 2019 1125 2089 φθέγμα
1175 2021 1554 2090 ἐπιτηδεύουσι
1604 2023 1798 2094 θέλγη-

193 2119 370 2173 στρον
402 2105 592 2176 ἀκοῆς,
630 2106 737 2170 ἕως
769 2108 836 2162 ἂν
864 2108 954 2162 διὰ
996 2110 1215 2164 πάντων
1248 2112 1653 2182 πολιορκήσωσι
1696 2114 1797 2186 τὴν

190 2195 403 2265 ψυχήν.
430 2196 618 2251 Ταῦτα
643 2198 858 2266 γίνεταί
909 2216 993 2253 σοι
1043 2200 1315 2271 ἄγκιστρα
1346 2200 1670 2266 δελεάζοντα
1716 2204 1798 2268 είς

194 2285 460 2351 θάνατον,
516 2288 611 2342 καὶ
660 2288 909 2360 θήρατρα
957 2288 1273 2343 πολύπλοκα
1313 2289 1543 2345 ἕλκοντα
1584 2293 1664 2354 εἰς
1694 2294 1797 2347 ἀπ-

193 2375 423 2443 ώλειαν,
460 2381 534 2451 μή
583 2398 641 2433 σε
686 2381 1003 2453 πλανήσωσι
1055 2382 1234 2451 λόγοις
1271 2383 1531 2449 ἐπιεικῶς
1586 2403 1796 2459 κεχρη-

201 2471 395 2539 μέναι⁹
432 2473 808 2545 ἐγκέκρυπται
864 2458 994 2547 γὰρ’
1034 2477 1225 2540 αὐταῖς
1280 2476 1357 2541 ἰὸς
1406 2480 1643 2550 πονηρὸς
1701 2458 1797 2553 θ’θ-

203 2580 237 2631 ρ
248 2580 361 2619 ιων.

1895 1380 2307 1434 conversatione
2353 1381 2561 1435 vultum
2616 1382 2778 1436 etiam
2827 1381 3139 1446 demittunt,
3204 1390 3487 1435 mansuete

1897 1469 2214 1539 loquuntur;
2234 1470 2399 1544 460
2424 1482 2476 1526 et
2508 1488 2631 1527 cum
2663 1472 3044 1542 compassione
3084 1472 3483 1543 lacrymantur,

1896 1562 2133 1631 graviter
2178 1563 2516 1634 honesteque
2561 1573 2900 1635 componunt
2931 1564 3197 1629 habitum,
3219 1573 3272 1618 et
3302 1578 3489 1619 amare

1897 1657 2199 1723 suspirant,
2270 1657 2609 1727 interrogant
2673 1659 2741 1713 de
2808 1658 3077 1723 castitate,
3125 1671 3189 1711 ae
3240 1656 3490 1712 studiose

1898 1746 2132 1801 audiunt
2166 1765 2181 1801 :
2216 1747 2459 1803 secundo
2507 1748 2713 1813 vidisti,
2750 1758 2803 1803 et
2837 1748 2950 1818 jam
2992 1748 3271 1817 paululum
3319 1758 3485 1818 caput

1899 1854 2120 1895 sursum
2173 1838 2459 1895 reflectunt
2493 1859 2506 1895 :
2559 1841 2752 1907 tertio,
2790 1840 3158 1895 inverecunde
3195 1840 3357 1895 etiam
3403 1848 3490 1894 at-

1900 1931 2169 1986 tendunt:
2222 1932 2420 1987 leniter
2450 1932 2727 1988 suhrisisti
2763 1941 2857 1999 tu;
2893 1933 3000 1988 illae
3052 1933 3266 1988 hiantes
3319 1928 3491 1988 cﬂuse

1902 2022 2120 2090 rident;
2154 2023 2278 2078 dein
2315 2032 2677 2087 exornantur,
2708 2032 2762 2079 et
2796 2024 2889 2079 tibi
2927 2040 3049 2080 sese
3074 2025 3353 2093 eleganter
3395 2039 3489 2078 os—

1902 2124 2136 2179 tentant,
2163 2114 2413 2168 obtutum
2462 2114 2774 2179 cfformant,
2814 2115 3205 2170 annuntiantes
3238 2114 3487 2169 affectuum

1905 2205 2197 2276 supercilia
2234 2206 2476 2276 erigunt,
2508 2216 2561 2261 et
2615 2206 3000 2279 circumagunt
3032 2207 3343 2277 palpebras,
3393 2207 3490 2261 de-

1903 2298 2115 2352 nudant
2157 2297 2381 2363 collum,
2414 2307 2641 2368 totoque
2691 2315 2919 2369 corpore
2964 2299 3199 2371 joculari
3256 2300 3489 2371 quadam

1900 2386 2252 2443 simulatione
2292 2396 2543 2454 utuntur,
2606 2404 2891 2446 sermones
2938 2391 3275 2461 eloquuntur
3324 2389 3492 2444 emol—

1896 2479 2092 2534 lientes
2135 2479 2413 2546 affectum,
2450 2490 2505 2536 et
2539 2483 2876 2537 concinnant
2916 2498 3103 2548 voces,
3142 2483 3205 2536 ad
3240 2481 3488 2535 auditum

1896 2574 2466 2641 mulcendum,‘donec
2491 2578 2731 2633 animam
2753 2579 2981 2634 omnino
3012 2586 3344 2649 expugnent.
3366 2576 3493 2631 llaec

200 2656 303 2710 tibi
338 2657 483 2712 hami
514 2658 773 2720 evadunt.
809 2659 1145 2730 decipientes
1198 2662 1266 2716 ad
1305 2672 1555 2730 mortem,
1586 2666 1902 2739 pedicaeque
1958 2669 2285 2740 multiplices
2317 2670 2385 2725 ad
2458 2672 2739 2726 interitum
2810 2672 3124 2737 trahentes;
3195 2685 3264 2726 ne
3324 2679 3375 2722 te
3435 2670 3491 2723 in

137 2775 151 2784 α
199 2765 449 2807 errorem
487 2753 691 2808 ducant
739 2753 996 2824 alloquiis
1034 2755 1267 2827 benigne
1315 2767 1549 2823 utentes,
1587 2759 1642 2814 in
1684 2760 1770 2815 his
1809 2762 1953 2817 enim
1992 2761 2286 2831 malignum
2322 2761 2625 2816 belluarum
2676 2770 2760 2815 est
2814 2762 3147 2817 occultatum
3193 2774 3487 2814 venenum.

806 2869 1063 2924 ΚΕΦΑΛ.
1113 2870 1189 2924 E'.

280 2986 494 3041 Μᾶλλον
532 2984 903 3059 προσέγγισον
966 2986 1104 3058 πυρὶ
1149 2987 1447 3059 καιομένῳ,
1495 2987 1529 3058 ἢ
1571 2990 1793 3057 γυναικὶ

202 3084 325 3154 νέᾳ,
355 3082 475 3145 νέος
510 3080 588 3136 ὢν
633 3083 728 3135 καὶ
775 3081 961 3146 αὐτός’
1003 3082 1138 3153 πυρὶ
1181 3083 1281 3151 μὲν
1310 3080 1418 3153 γὰρ
1454 3079 1791 3152 προσελθὼν,

204 3177 302 3230 καὶ
336 3171 639 3248 ὀδυνηθεὶς,
674 3177 887 3247 ταχέως
922 3175 1317 3247 ἀποπηδήσεις,
1358 3172 1691 3243 γυναικείοις
1735 3172 1791 3225 δὲ

207 3270 419 3340 ῥήμασι
440 3267 764 3339 χαυνωθεὶς,
789 3269 889 3322 οὐκ
911 3268 1149 3338 εὐχερῶς
1174 3269 1572 3340 ἀναχωρήσεις.
1598 3266 1793 3320 Θάλλει

209 3357 409 3428 βοτάνη
436 3357 649 3421 ἑστῶσα
682 3358 814 3428 παρ’
852 3355 1026 3421 ὕδατι,
1068 3357 1164 3411 καὶ
1206 3356 1379 3421 πάθος
1407 3354 1703 3419 ἀκολασίας
1735 3357 1794 3408 ἐν

208 3449 468 3521 συντυχίᾳ
500 3449 797 3519 γυναικῶν.
837 3448 895 3502 '0
929 3448 1154 3521 πληρῶν
1192 3448 1457 3519 γαστέρα,
1493 3448 1588 3502 καὶ
1624 3447 1794 3516 ἐπαγ-

207 3542 529 3613 γελλόμενος
563 3543 883 3611 σωφρονεῖν,
914 3541 1099 3610 ὅμοιός
1128 3542 1245 3594 ἐστι
1271 3540 1348 3611 τῷ
1376 3540 1611 3609 λέγοντι,
1638 3538 1793 3610 χαλι-

208 3633 335 3686 νοῦν
384 3632 559 3704 πυρὸς
610 3631 893 3703 ἐνέργειαν
937 3633 997 3684 ἐν
1026 3630 1267 3703 καλάμῃ.
1303 3632 1400 3683 Ὃν
1448 3629 1651 3700 τρόπον
1684 3629 1795 3699 γὰρ

210 3724 384 3795 πυρὸς
429 3722 601 3795 ῥοπὴν
660 3723 718 3777 ἐν
765 3722 992 3793 καλάμῃ
1032 3721 1330 3792 τρέχουσαν
1376 3719 1639 3773 ἀδύνατον
1676 3721 1795 3772 ἐπι-

211 3819 385 3886 σχεῖν,
420 3815 593 3878 οὕτως
619 3812 800 3884 ὁρμὴν
821 3812 1119 3865 ἀκόλαστον
1150 3811 1491 3881 φλεγομένην
1532 3811 1590 3863 ἐν
1647 3810 1796 3880 κόρῳ

208 3906 420 3962 παῦσαι
471 3907 761 3961 ἀδύνατον.
814 3904 1013 3967 Στύλος
1060 3901 1645 3973 ἐπερείδεται’βάσει,
1701 3900 1795 3954 καὶ

210 4000 473 4073 πορνείας
529 3998 702 4063 πάθος
758 3994 1173 4050 ἐπαναπαύεται
1242 3994 1408 4065 κόρῳ.
1470 3994 1564 4056 Εἰς
1636 3991 1793 4063 λιμέ-

207 4111 279 4146 να
316 4091 600 4158 ἐπείγεται
643 4086 1018 4160 χειμαζομένη
1065 4086 1219 4151 ναῦς,
1254 4087 1349 4139 καὶ
1575 4082 1793 4155 σώφρο-

208 4202 303 4248 νος
361 4182 611 4252 ἐπιζητεῖ
648 4180 917 4252 ἐρημίαν
951 4177 1141 4248 φεύγει
1193 4179 1222 4249 ἡ
1272 4178 1370 4249 μὲν
1425 4177 1647 4248 κύματα
1701 4175 1797 4228 θα-

2519 2873 2749 2930 CAPUT
2794 2873 2859 2928 V.

1972 2990 2373 3059 Appropinqua
2427 2988 2609 3057 potius
2664 2988 2772 3059 igni
2810 2987 3044 3053 ardenti,
3092 3002 3257 3057 quam
3285 2986 3490 3057 juniori

1903 3080 2139 3145 femina),
2173 3095 2296 3134 cum
2331 3087 2386 3134 et
2412 3079 2527 3149 ipse
2551 3078 2628 3134 sis
2652 3078 3016 3145 adolescens;
3056 3094 3181 3134 nam
3224 3078 3287 3134 ad
3309 3079 3488 3151 ignem

1899 3172 2117 3242 quidem
2145 3170 2432 3235 accedens,
2503 3170 2855 3241 doloremque
2915 3172 3181 3235 sentiens,
3238 3171 3491 3227 celeriter

1901 3264 2131 3329 resilies,
2170 3263 2534 3319 muliebribus
2557 3275 2741 3318 autem
2792 3264 2976 3319 verbis
3007 3264 3286 3326 delinitus,
3344 3263 3489 3319 haud

1900 3355 1974 3408 ita
2009 3354 2167 3409 facile
2199 3356 2443 3411 recedes.
2491 3356 2677 3411 Floret
2710 3356 2874 3411 herba
2911 3372 3107 3427 pr0pre
3139 3372 3335 3426 aquam
3354 3357 3488 3424 sita,

1900 3454 1951 3498 et
1981 3444 2163 3513 passio
2211 3443 2651 3514 intemperantiae
2689 3443 2743 3498 in
2783 3445 3062 3499 consortio
3101 3442 3352 3509 feminae;
3394 3443 3487 3512 qui

1902 3545 2143 3591 ventrem
2191 3536 2411 3606 implet,
2454 3536 2727 3606 simulque
2795 3544 3184 3605 temperantem
3212 3551 3272 3591 se
3302 3551 3490 3605 gerere

1901 3630 2206 3698 profitetur,
2238 3626 2532 3698 persimilis
2555 3637 2643 3682 est
2667 3626 2953 3691 asserenti,
2983 3642 3042 3681 se
3078 3625 3295 3681 frenare
3342 3625 3485 3696 ignis

1902 3719 2152 3775 effectum
2193 3720 2246 3774 in
2275 3721 2513 3791 stipula;
2548 3737 2674 3776 nam
2704 3720 2845 3776 sicut
2885 3719 3024 3790 ignis
3081 3718 3488 3785 devergentia»:

1904 3809 1956 3862 in
1988 3809 2184 3878 stipula
2220 3810 2580 3863 cursitantem
2623 3810 2767 3863 haud
2812 3808 3009 3863 sistere
3048 3821 3363 3875 possumus,
3407 3805 3488 3859 sic

1903 3900 2165 3970 impetum
2201 3901 2649 3970 intemperantem
2683 3901 2736 3954 in
2778 3898 3030 3954 satietate
3092 3897 3487 3951 inflammatum

1904 3989 2141 4045 retinere
2172 3997 2257 4044 est
2286 3988 2643 4059 impossibile.
2671 3987 2938 4043 Columna
2985 3985 3101 4039 basi
3136 3984 3411 4047 innititur,
3433 3993 3490 4037 et

1904 4080 2136 4136 luxuriae
2166 4082 2348 4148 passio
2372 4080 2427 4134 in
2458 4080 2753 4136 securitate
2780 4077 3141 4146 conquiescit.
3167 4075 3330 4131 Navis
3359 4086 3490 4129 ten.-

1905 4184 2110 4245 pestate
2139 4172 2354 4235 amicta,
2388 4173 2452 4226 ad
2486 4182 2704 4242 portum
2737 4170 2936 4225 festino
2980 4167 3149 4239 gradu
3184 4167 3485 4232 contendit,

208 4279 417 4347 λάσσης
447 4274 778 4329 ἀπειλοῦντα
814 4272 1079 4338 κίνδυνον,
1106 4273 1140 4343 ἡ
1170 4271 1226 4324 δὲ
1258 4270 1474 4342 μορφὰς
1496 4268 1795 4343 ,γυναικῶν

1906 4280 1957 4322 et
1982 4265 2162 4320 anima
2213 4262 2372 4335 46],
2427 4263 2609 4334 pudici
2684 4262 2917 4334 requirit
2962 4260 3354 4315 solitudinem:
3402 4256 3488 4310 [ιιι

210 4366 504 4429 ὀδυνούσας
558 4362 800 4431 ὄλεθρον.
846 4360 1047 4432 Μορφὴ
1100 4357 1588 4429 κεκαλλωπισμένη
1622 4357 1802 4427 κύμα-

212 4476 305 4522 τος
344 4460 525 4530 χεῖρον
576 4454 806 4525 βυθίζει·
856 4453 949 4506 τοῦ
991 4453 1088 4524 μὲν
1118 4452 1226 4524 γάρ
1268 4450 1384 4504 ἔστι
1428 4451 1521 4504 καὶ
1550 4449 1801 4521 διανήξα-

217 4551 364 4617 σθαι,
400 4549 550 4620 πόθῳ
593 4547 758 4616 ζωῆς,
791 4545 973 4617 μορφὴ
1024 4545 1083 4599 δὲ
1137 4543 1396 4615 γυναικὸς
1445 4542 1797 4614 ἀπατήσασα,

215 4644 581 4713 καταφρονεῖν
602 4639 782 4693 πείθει
808 4640 903 4692 καὶ
934 4639 1103 4709 αὐτῆς
1141 4639 1239 4708 τῆς
1264 4637 1431 4708 ζωῆς.
1468 4635 1639 4699 Bito;
1669 4637 1797 4707 ἐρη-

220 4735 356 4809 μικὴ
404 4732 691 4803 διαφεύγει
729 4731 903 4800 φλόγα
940 4729 1111 4801 πυρὸς
1135 4727 1411 4793 ἀϐλαϐῶς,
1442 4728 1538 4782 καὶ
1562 4726 1796 4798 σώφρων

216 4825 628 4899 κεχωρισμένος
675 4822 951 4893 γυναικῶν
996 4821 1097 4875 οὐκ
1150 4819 1442 4889 ἐφλογίσθη
1500 4816 1799 4879 ἀκολασίας

218 4920 401 4976 τιάθειο
457 4918 647 4988 ὥσπερ
692 4915 801 4986 γὰρ
867 4915 1057 4986 μνήμη
1123 4911 1295 4982 πυρὸς
1351 4910 1411 4963 ού
1471 4910 1616 4963 καίει
1679 4908 1799 4961 διά-

220 5031 396 5079 νοιαν,
464 5009 609 5064 οὕτω
672 5008 791 5062 οὐδὲ
855 5008 1028 5072 πάθος
1095 5004 1302 5077 ἰσχύει,
1378 5002 1454 5075 μὴ
1515 5001 1801 5073 παρούσης

221 5106 377 5175 ὕλης.

1898 4361 1975 4431 git
2004 4359 2091 4413 illa
2119 4356 2339 4428 quidem
2374 4358 2543 4412 maris
2579 4357 2780 4420 undas,
2814 4354 3117 4426 periculum
3144 4352 3486 4408 comminatio

1899 4465 2018 4519 tes;
2068 4450 2170 4506 ista
2193 4465 2326 4504 vero
2359 4449 2681 4504 feminarum
2712 4449 2919 4513 fortnas
2946 4447 3171 4501 exitium
3202 4461 3326 4500 cum
3378 4444 3483 4498 do-

1897 4544 2010 4599 lore
2055 4544 2347 4615 parientes.
2393 4542 2588 4597 Forma
2619 4550 2908 4605 exornata,
2941 4540 3251 4609 decoreque
3289 4536 3479 4592 excul-

1898 4647 1949 4691 ta
1978 4637 2131 4707 pejus
2176 4636 2372 4707 quovis
2397 4634 2561 4689 ﬂuctu
2591 4636 2647 4689 in
2683 4633 3020 4705 profundum
3056 4628 3324 4699 demergit
3352 4643 3483 4696 gur-

1898 4728 2063 4800 gitem
2091 4745 2107 4795 ;
2136 4736 2192 4783 et
2222 4727 2369 4781 hunc
2402 4726 2619 4794 quidem
2655 4723 2923 4792 contingit
2951 4728 3012 4775 ut
3046 4720 3191 4789 quis,
3243 4732 3355 4788 pra:
3386 4715 3485 4770 de-

1908 4822 2111 4877 siderio
2143 4820 2287 4880 vitm,
2320 4819 2556 4873 natando
2587 4823 2969 4886 pertranseat;
3031 4811 3243 4881 species
3302 4815 3484 4861 autem

1910 4908 2157 4964 mulieris
2204 4906 2544 4976 decipieudo,
2617 4905 2791 4973 ipsam
2852 4916 3074 4972 quoque
3133 4898 3296 4952 vitam
3356 4911 3488 4949 con-

1909 5011 2155 5055 temnere
2242 4996 2556 5067 persuadet.
2636 4993 2928 5049 Solitarius
2984 4989 3155 5044 rubus
3208 4987 3484 5041 flammam

1910 5092 2050 5162 ignis
2092 5090 2209 5146 sine
2275 5104 2414 5143 noxa
2448 5087 2653 5157 cffugit,
2692 5093 2748 5140 et
2790 5084 3023 5156 pudicus
3064 5097 3092 5136 a
3150 5078 3369 5135 feminis
3399 5090 3488 5129 se-

222 5162 492 5269 paratus,
543 5207 654 5246 non
706 5190 1077 5245 inflammatus
1142 5195 1225 5242 est
1267 5181 1702 5253 intemperantiae
1738 5182 2028 5251 passione;
2092 5177 2554 5253 quemadmodum
2604 5176 2753 5231 enim
2814 5172 3077 5229 memoria
3122 5164 3274 5240 ignis
3326 5162 3487 5220 intel-

223 5292 424 5345 lectum
479 5296 587 5337 non
623 5282 822 5346 exurit,
860 5280 941 5336 sic
983 5292 1161 5349 neque
1206 5275 1348 5331 valet
1400 5275 1611 5345 passio,
1677 5289 1801 5329 cum
1843 5272 2068 5329 materia
2100 5288 2207 5327 non
2238 5270 2398 5326 adsit.

826 5392 1078 5447 ΚΕΦΑΛ.
1109 5393 1202 5458 εῖν.

310 5513 439 5568 Ἐάν
474 5514 703 5583 ἐλεήσῃς
737 5511 1018 5580 πολέμιον,
1044 5508 1199 5562 ἔσται
1227 5523 1309 5559 σοι
1340 5502 1555 5574 ἐχθρδς,
1586 5502 1679 5555 καὶ
1707 5500 1802 5555 ἐάν

230 5606 390 5679 φεὶσῃ
420 5605 645 5670 πάθους,
683 5600 1122 5672 ἐπαναστήσεταξ
1156 5616 1258 5651 σοι.
1277 5595 1599 5649 Ἀκόλαστον
1630 5590 1805 5664 ἐρεθίσ

232 5699 311 5765 ζει
342 5698 477 5768 πρὸς
506 5695 694 5767 ἡδονὴν
716 5694 837 5765 ὄψις
872 5690 1149 5761 γυναικὸς,
1182 5688 1270 5741 τὸν
1303 5687 1357 5741 δὲ
1390 5685 1640 5757 σώφρονα
1669 5683 1806 5737 κινεῖ

2500 5379 2728 5437 CAPUT
2779 5378 2867 5433 VI.

1984 5497 2041 5551 Si
2068 5496 2377 5552 miserearis
2424 5493 2724 5557 bellatoris,
2793 5492 2899 5549 erit
2952 5486 3046 5541 tibi
3095 5482 3290 5546 hostis,
3335 5479 3490 5548 sique

1914 5588 2153 5660 passioni
2235 5587 2563 5657 peperceris,
2624 5582 2921 5643 adversum
2990 5587 3043 5631 te
3091 5574 3355 5660 insurget.
3403 5568 3491 5660 lu-

1915 5657 2303 5750 temperantem
2353 5680 2417 5734 ad
2460 5679 2798 5747 voIUptaten
2836 5677 3020 5742 irritat
3048 5672 3297 5733 aspectus
3340 5657 3495 5715 femi-
