3806 6044
386 270 519 338 1151
1859 279 1922 341 s.
1955 280 2120 343 NILI
3521 265 3666 331 1152
3703 270 3707 346 '.

378 397 482 443 nae.
533 380 789 452 pudicum
819 395 949 436 vero
971 381 1174 438 excitat
1201 381 1271 439 ad
1307 381 1477 439 Deum
1505 381 1958 456 gloriﬁcandum;
1994 393 2015 444 Α

2141 385 2207 450 ιὸς
2242 383 2558 454 δοξολογίαν
2598 381 2735 438 Θεοῦ
2761 399 2776 414 ο
2837 380 2931 435 ἐὰν
2961 379 3219 452 ἠρεμήσῃ
3261 375 3323 430 τὸ
3363 373 3546 438 πάθος
3605 378 3660 426 ὲν

377 479 424 534 si
457 477 642 550 passio
691 477 746 531 in
797 478 1308 535 convcrsationibus
1338 479 1631 535 mulierum
1689 480 1952 551 conquie-

2141 477 2382 549 ντυχίαις
2425 475 2725 546 γυναικῶν,
2759 473 2836 546 μὴ
2863 471 3166 543 πιστεύσῃς
3195 467 3348 538 αύτῷ
3383 466 3664 521 ἀπάθειαν

381 577 518 634 seat,
576 583 644 623 ne
687 568 877 625 credas
907 569 1008 639 ipsi
1047 569 1336 626 aﬂ‘ectuum
1374 572 1694 626 vacuitatem
1727 571 1955 640 promit-

2141 570 2539 640 ιγγελλομένῳ.
2577 569 2690 622 Καὶ
2726 567 2836 637 γὰρ
2886 565 3032 620 κύων
3079 563 3252 617 σαίνει
3296 561 3399 632 μὲν
3445 558 3668 611 hacht-
3713 592 3715 596 -

379 660 536 716 tenti.
561 659 724 715 Canis
755 676 992 730 namque
1020 661 1249 716 caudam
1281 670 1462 717 movet
1492 663 1869 726 adblandiens,
1893 677 1958 717 eo

2141 665 2218 730 εὶς
2247 663 2409 736 ὄχλῳ,
2443 661 2548 728 ἔξω
2570 662 2628 716 δὲ
2655 657 2958 733 προελθὼν,
2983 657 3083 728 τὴν
3109 654 3322 710 οἰκείαν
3351 650 3668 706 ἐπιδείκνυ-

379 751 526 821 quod
568 752 752 823 populi
807 753 1152 809 multitudine
1203 752 1275 808 sit
1322 753 1566 819 inferior,
1628 753 1776 808 foras
1830 768 1961 808 vero

2141 775 2157 810 t
2187 775 2324 827 πονη
2335 757 2477 830 ρίαν.
2504 756 2676 809 Ὅταν
2708 752 2970 822 γυναικὸς
3018 750 3208 821 μνήμη
3253 746 3494 815 γένηται
3525 743 3664 796 ἀπι-

381 843 685 912 procedens
714 844 990 914 propriam
1018 843 1360 898 demonstrat
1394 843 1679 897 malitiam.
1728 841 1960 909 Quando

2141 866 2196 912 ’ςο
2225 849 2350 902 τότε
2383 847 2573 918 νόμιζε
2593 847 2702 901 τῶν
2729 847 2873 915 ὅρων
2897 839 3288 911 επισεῆηκέναι
3315 837 3422 908 τῆς
3451 852 3666 904 mpo-
3721 850 3723 890 ι

385 935 606 992 feminae
665 936 969 992 recordatio
1015 935 1362 1006 passionibus
1407 935 1610 1004 percita
1663 949 1771 988 non
1840 934 1962 998 erit,

2141 957 2256 1010 νης.
2283 940 2415 994 Ὅτε
2445 941 2503 994 δέ
2537 956 2596 992 σε
2631 939 2692 993 τὸ
2717 938 2940 992 εἴδωλον
2973 936 3146 1004 αὐτῆς
3179 931 3274 986 ἐπὶ
3315 929 3568 1000 θεωρίαν
3594 926 3668 979 δι-

387 1038 519 1084 tunc
548 1039 697 1098 puta,
745 1037 796 1082 te
849 1028 914 1082 ad
964 1026 1238 1097 pudicitiae
1305 1026 1592 1081 terminos
1629 1024 1962 1096 pervenisse.

2141 1033 2296 1104 είρει,
2326 1033 2420 1086 καὶ
2446 1032 2516 1086 τά
2543 1031 2668 1104 βέλη
2701 1030 2872 1099 αὐτῆς
2905 1028 3006 1099 τὴν
3043 1027 3223 1097 ψυχήν
3255 1041 3354 1078 σου
3383 1020 3668 1092 περιλαμ-
3727 1042 3729 1074 :

387 1119 622 1187 Quando
653 1135 783 1176 vero
821 1120 992 1190 ipsius
1022 1119 1226 1191 elligics
1257 1127 1307 1174 te
1335 1119 1401 1174 ad
1450 1118 1826 1188 spectationcn
1876 1134 1970 1172 ex-

2141 1141 2316 1190 VOUO’t,
2352 1125 2477 1178 τότε
2528 1123 2721 1196 νόμιζε
2764 1122 2870 1190 ἔξω
2914 1118 3055 1174 εἶναι
3087 1119 3186 1189 τῆς
3234 1113 3470 1188 ἀρετῆς-
3513 1109 3670 1164 Ἀλλά
3729 1107 3733 1184 ἶ

389 1211 543 1280 citet,
567 1211 796 1284 ejusque
818 1212 1007 1282 jacula
1049 1218 1197 1268 tuam
1233 1211 1699 1281 comprehendant
1725 1210 1964 1265 animam

2141 1218 2209 1288 ιδὲ
2263 1217 2442 1281 οὕτως
2494 1215 2820 1288 ὲγχρονίσῃς
2867 1216 2982 1277 τοῖς
3034 1210 3299 1271 τοιούτοις
3356 1204 3670 1274 λογισμοέ.
3733 1236 3735 1244 ι

392 1312 524 1357 tunc
567 1318 817 1368 censeas,
871 1314 924 1357 te
966 1317 1090 1357 esse
1125 1310 1281 1356 extra
1335 1300 1612 1354 virtutem.
1650 1298 1846 1354 Verum
1876 1313 1973 1354 ne-

2141 1307 2212 1380 ιδὲ
2245 1307 2340 1362 ἐπὶ
2372 1306 2506 1361 πολὺ
2549 1304 2694 1360 κατά
2732 1302 2974 1358 διάνοιαν
3018 1297 3444 1371 προσομιλήσῃς
3489 1292 3674 1362 μορφῇ

390 1409 499 1463 que
529 1393 610 1450 sic
634 1393 1011 1463 hujuscemodi
1047 1392 1472 1464 cogitationibus
1503 1392 1841 1454 immoreris,
1872 1405 1974 1446 nec

2141 1401 2354 1464 ναικὸς,
2378 1400 2494 1454 ἔστι
2526 1399 2638 1470 γὰρ
2669 1398 3106 1468 φιλυπόστροφον
3130 1390 3192 1444 τὸ
3222 1387 3418 1451 πάθος.
3451 1385 3556 1439 καὶ
3585 1383 3676 1436 τον

390 1485 579 1542 diutus
617 1502 740 1542 cum
770 1485 945 1540 forma
1005 1485 1251 1540 mulieris
1277 1494 1460 1540 mente
1492 1483 1860 1554 colloquaris;
1892 1492 1976 1539 est

2141 1493 2322 1547 νδυνον
2354 1493 2468 1564 ἔχει
2495 1493 2684 1562 ἐγγύς.
2716 1492 2930 1561 Ὠσπερ
2958 1489 3069 1557 γὰρ
3113 1486 3147 1556 ἡ
3200 1481 3530 1552 σύμμετρος
3567 1493 3676 1546 19'
3739 1491 3743 1540 1

392 1578 540 1633 enim
597 1579 800 1634 reverti
832 1579 992 1634 solita
1020 1579 1228 1649 passio,
1259 1589 1313 1632 et
1342 1593 1514 1650 prope
1555 1579 1720 1633 habet
1753 1579 1968 1648 pericu-

2142 1581 2197 1638 ία
2230 1583 2486 1654 καθαίρει
2523 1584 2618 1637 τὸν
2650 1582 2912 1654 ἄργυρον,
2944 1579 2978 1648 ή
3013 1578 3070 1631 δὲ
3110 1574 3204 1628 ἐπὶ
3235 1570 3374 1624 πολὺ
3425 1566 3532 1621 καὶ
3567 1565 3676 1617 ἀπο

392 1667 528 1723 lum.
579 1670 1046 1736 Quemadmodum
1080 1685 1314 1738 namque
1356 1669 1638 1723 moderata
1671 1669 1973 1724 conﬂatura
2006 1745 2015 1748 _

2141 1675 2295 1729 λυσιν
2328 1675 2593 1748 εὐχερῶς,
2632 1673 2806 1738 οὕτως
2839 1671 2955 1739 ἕξιν
2994 1663 3340 1737 σωφρονικὴν
3359 1657 3678 1748 διαφθείρει
3747 1686 3749 1714 ι

391 1759 556 1832 462
605 1761 746 1832 ignis
786 1772 1072 1832 argentum
1123 1772 1408 1832 expurgat,
1455 1777 1578 1832 qua:
1603 1777 1735 1816 vero
1761 1761 1973 1816 diutino
2006 1745 2015 1799 ¹

2143 1745 2473 1838 χρονίζουσσξ
2523 1765 2794 1836 φαντασία
2853 1760 3112 1833 γυναικός
3134 1775 3148 1789 ·
3201 1755 3337 1828 μηδὲ
3387 1750 3488 1806 ἐπὶ
3545 1747 3680 1838 τωλῦ
3749 1750 3753 1830 'l

395 1860 640 1922 tempore
689 1852 992 1920 manserit,
1026 1851 1186 1908 facile
1225 1869 1443 1924 quoque
1465 1853 1748 1924 disperdit,
1784 1853 1856 1909 ita
1879 1870 1978 1924 pu-

2141 1835 2494 1929 ioaopthﬁcp;
2532 1835 2612 1927 τῷ
2648 1854 2871 1925 φανέντι
2910 1849 3210 1921 προσώπῳ,
3242 1844 3331 1898 ἵνα
3361 1841 3441 1912 μὴ
3495 1835 3682 1905 ἀνά-Ἀ
3753 1878 3755 1894 ι

395 1940 582 1995 dicum
628 1941 876 1996 habitum
935 1944 1242 2014 corrumpit
1293 1943 1537 2000 insidens
1568 1943 1785 1999 diutino
1842 1954 1980 2000 teni-

2168 1949 2252 2003 col
2275 1950 2472 2020 ἡδονῆς
2503 1948 2698 2018 φλόγα,
2723 1947 2819 2000 καὶ
2845 1944 3110 2015 ἐμπρήσῃ
3139 1938 3322 1993 ἅλωνα
3347 1935 3449 2002 σῆς
3475 1929 3680 2000 ψυχῆς
3755 1942 3759 2010 ε,

397 2047 531 2102 pore
571 2034 886 2104 imaginatio
914 2035 1154 2091 mulieris
1190 2055 1204 2091 :
1241 2051 1342 2092 nec
1370 2035 1580 2090 diutius
1635 2051 1761 2091 cum
1814 2051 1979 2106 appa-

2141 2058 2272 2112 msp
2303 2041 2412 2113 γὰρ
2432 2039 2667 2112 σπινθὴρ
2699 2040 2756 2092 ὲν
2781 2036 3008 2108 ἀχύροις
3030 2029 3286 2103 χρονίσας
3309 2024 3526 2094 ἐγείρει
3553 2020 3684 2090 φλό-
3759 2073 3761 2076 1

400 2126 542 2178 renti
576 2125 726 2180 vultu
762 2127 1129 2190 converseris,
1174 2143 1244 2182 ne
1284 2128 1336 2181 iu
1365 2137 1416 2182 te
1455 2126 1729 2181 ﬂammam
1784 2141 1980 2183 accen-

2141 2116 2174 2201 ί,
2226 2132 2370 2188 οὕτω
2427 2135 2616 2206 μνήμη
2655 2131 2914 2202 γυναικὸς
2969 2124 3368 2198 παραμένουσα
3449 2116 3686 2182 ἐξάπτει

398 2215 494 2269 dat
519 2215 786 2283 libidinis,
816 2219 1122 2287 animmque
1161 2229 1268 2275 tuae
1297 2221 1584 2274 comburat
1607 2235 1788 2274 aream
1813 2237 1828 2286 ;
1858 2221 1986 2292 quia
2096 2225 2412 2295 ἐπιθυμίαν.

401 2309 545 2363 sicut
573 2307 810 2364 scintilla
863 2310 1165 2367 immoraus
1229 2311 1285 2366 in
1341 2311 1510 2382 paleis
1575 2312 1851 2368 ﬂammam
1911 2313 2164 2384 suscitat,
2229 2317 2310 2374 sic
2372 2315 2618 2372 mulieris
2683 2327 3012 2388 permanens
3069 2305 3376 2365 recordatio
3437 2297 3691 2357 ineatdit

401 2400 784 2470 cupiditatem.

1000 2492 1230 2549 CAPUT
1273 2492 1386 2550 VII.

999 2585 1077 2639 De
1117 2585 1368 2639 avaritia.

476 2677 739 2744 Avaritia,
781 2678 1046 2746 malorum
1079 2679 1323 2734 omnium
1384 2679 1544 2732 radix
1575 2687 1679 2743 est,
1711 2677 1992 2746 nutrit'lue

408 2780 666 2840 tanquam
696 2771 966 2838 malignos
1014 2787 1199 2826 ramos
1258 2771 1500 2842 reliquas
1560 2771 1866 2841 passiones,
1897 2785 1992 2824 ne-

407 2876 513 2930 que
542 2861 804 2915 exsiccari
838 2861 998 2923 sinet,
1031 2878 1154 2932 qua:
1184 2861 1484 2917 ﬂoruerunt
1535 2877 1602 2916 ex
1668 2862 1814 2931 ipsa.
1885 2859 1990 2926 Qui

409 2949 526 3004 vult
563 2950 846 3020 passiones
870 2951 1207 3018 exscindere,
1234 2951 1467 3006 radicem
1503 2950 1824 3016 exscindat;
1865 2965 1990 3004 nam

410 3049 773 3111 permanente
805 3042 1035 3098 avaritia
1089 3047 1133 3099 si
1182 3057 1370 3098 ramos
1413 3052 1683 3113 amputet.
1720 3043 1855 3096 nihil
1902 3042 1994 3111 ju-

411 3147 434 3181 π
449 3131 787 3202 at,quamvis
811 3135 955 3188 enim
981 3134 1391 3199 absclnilantur,
1411 3136 1592 3190 statim
1619 3133 1986 3190 reﬂoresceut.

2704 2491 2958 2547 KE¢.\A.
2997 2491 3072 2543 Z'.

2591 2587 2731 2652 Περὶ
2759 2580 3180 2654 φιλαργυρίας.

2165 2677 2505 2750 Φιλαργυρία
2560 2677 2777 2731 πάντων
2837 2675 2955 2727 ἐστὶ
3013 2671 3140 2742 ῥίζα
3177 2667 3284 2722 τῶν
3336 2663 3560 2728 κακῶν,
3599 2662 3700 2716 καὶ

2063 2826 2070 2833 .
2095 2773 2286 2844 τρέφει
2316 2771 2390 2834 ὼς
2419 2770 2646 2832 κλάδους
2674 2767 2943 2836 πονηροὺς
2980 2763 3050 2816 τὰ
3069 2761 3233 2816 λοιπά
3257 2759 3430 2828 πάθη,
3464 2757 3572 2811 καὶ
3593 2755 3700 2808 οὐκ

2097 2867 2298 2938 ἀφήσει
2339 2863 2670 2938 ξηρανθῆναι
2708 2861 2776 2916 ’βά
2809 2859 2869 2926 ἐξ
2899 2857 3070 2924 αὑτῆς
3102 2854 3436 2926 ἀνθήσαντα.
3471 2847 3538 2905 Ὅ
3576 2848 3704 2920 βου-

2097 2959 2323 3030 λόμενος
2351 2957 2574 3012 κόπτειν
2601 2952 2772 3022 πάθη,
2809 2950 2911 3023 τὴν
2943 2947 3100 3022 ῥίζαν
3129 2943 3468 3000 ὲκκοπτέτωο
3505 2939 3704 3030 μενού-

2101 3029 2202 3121 σης
2233 3050 2342 3121 γὰρ
2370 3044 2747 3119 φιλαργυρίας,
2763 3040 3070 3112 ὲπιτέμνων
3115 3037 3244 3100 τοὺς
3283 3032 3512 3121 κλάδους
3546 3029 3706 3083 οὐδὲν

2099 3119 2323 3212 ὠφελεῖ,
2382 3137 2489 3192 κᾶν
2541 3133 2654 3207 γὰρ
2705 3130 3042 3194 ὲκκοπῶσιν,
3084 3125 3250 3188 εὐθὺς
3295 3119 3704 3212 ὲπανθήσυυτι.

413 3220 731 3288 Monachus,
772 3222 865 3292 qui
904 3223 1068 3278 multa
1100 3223 1359 3294 possidet,
1395 3222 1666 3292 navigium
1700 3231 1782 3276 est
1810 3220 1995 3274 multis

2141 3210 2352 3297 [ολυκτὴ
2363 3249 2479 3302 μων
2513 3226 2768 3301 μοναχδς,
2803 3217 3238 3293 πεφορτισμένον
3271 3215 3477 3274 πλοῖον,
3507 3210 3611 3264 καὶ
3638 3210 3706 3302 εν

415 3322 702 3383 gravatum
743 3313 1027 3374 oneribus.
1068 3326 1121 3368 et
1155 3314 1210 3368 in
1250 3313 1519 3368 undarum
1550 3319 1871 3381 tempestate
1921 3307 2002 3364 ia-

415 3403 521 3459 elle
555 3405 957 3477 submergitur;
988 3407 1129 3471 sicut
1155 3387 1301 3460 enim
1339 3408 1511 3472 navis,
1539 3404 1694 3475 cujus
1753 3403 2000 3458 exundat

417 3497 657 3561 sentina,
696 3511 726 3551 a
763 3498 1008 3565 quolibet
1058 3499 1324 3567 perluitur
1371 3498 1557 3560 ﬂuctu,
1607 3498 1686 3551 sic
1711 3497 1803 3566 qui
1832 3494 2000 3548 multa

418 3590 683 3658 possidet,
724 3589 1183 3646 sollicitudinibus
1247 3589 1636 3658 submergitur.
1704 3587 2003 3646 Monachus

418 3680 632 3747 alisque
679 3680 1048 3748 possessione,
1098 3681 1277 3735 viator
1335 3692 1421 3736 est
1471 3681 1776 3750 expeditus,
1842 3678 2005 3749 inque

421 3771 570 3823 omni
598 3771 720 3825 loco
737 3771 1093 3825 diversorium
1126 3772 1348 3826 invenit.
1387 3770 1714 3836 Monachus,
1752 3771 1846 3841 qui
1869 3769 2004 3824 nihil

421 3861 702 3932 possidet,
755 3874 838 3918 est
880 3863 1064 3934 aquila
1121 3863 1187 3918 ad
1246 3863 1496 3917 sublimia
1544 3862 1852 3932 pervolans.
1909 3861 2004 3930 qui

421 3960 558 4008 tunc
585 3968 710 4010 sese
737 3954 920 4009 volatu
980 3956 1047 4010 ad
1083 3955 1404 4010 alimentum
1464 3954 1716 4021 demittit,
1781 3954 2001 4024 quando

425 4046 728 4101 necessitas
762 4047 1023 4117 coegerit.
1059 4043 1156 4102 llic
1205 4046 1332 4102 talis
1391 4046 1537 4101 omni
1599 4057 1684 4102 est
1741 4045 2008 4101 excelsior

422 4135 748 4201 tentatione,
781 4137 991 4192 deridet
1036 4137 1347 4208 praesentia,
1403 4145 1457 4190 et
1503 4135 1755 4191 sublimis
1805 4133 2010 4190 attolli-

425 4234 540 4291 tur,
571 4228 776 4284 recedit
805 4245 836 4283 a
891 4230 1156 4296 terrenis,
1184 4239 1241 4286 et
1277 4245 1402 4285 cum
1443 4229 1718 4300 supernis,
1755 4243 1852 4284 seu
1895 4241 2010 4283 cm-

2103 3327 2240 3398 ζάλῃ
2285 3300 2546 3394 κυμάτων
2599 3315 2842 3389 εὐχερῶς
2891 3310 3312 3382 καταδυόμενον·
3353 3304 3555 3398 ὥσπερ
3591 3300 3704 3375 γὰρ

2104 3395 2437 3492 ὑπέραντλος
2465 3413 2596 3478 ναῦς
2643 3411 2732 3480 ὑφ’
2762 3407 2993 3462 ἑκάστου
3023 3401 3267 3474 κύματος
3315 3395 3702 3469 βασανίζεται,

2105 3487 2246 3564 οὕτω
2271 3507 2636 3577 πολυκτήμων
2661 3503 2784 3565 ταῖς
2813 3497 3064 3570 φροντίσι
3092 3491 3428 3563 ὑποϐρύχιος
3459 3487 3704 3556 γίνεται.

2116 3599 2283 3669 Ἀκτή
2293 3616 2406 3668 μων
2439 3593 2692 3667 μοναχδς,
2715 3590 2993 3661 ὀδοιπόρος
3015 3583 3303 3654 εὐσταλὴς,
3328 3581 3425 3634 καὶ
3449 3582 3506 3632 ὲν
3537 3577 3706 3631 παντὶ

2104 3693 2254 3762 τόπῳ
2291 3689 2562 3762 εὑρίσκων
2593 3683 2903 3754 κατάλυμα.
2949 3679 3240 3750 ’Δκτήμων
3275 3673 3511 3747 μοναχδς
3541 3671 3708 3733 ἀετὸς

2107 3784 2398 3856 ὑψιπέτης.
2445 3779 2566 3835 τότε
2617 3774 3023 3844 καθιπτάμενος
3069 3770 3162 3823 ἐπὶ
3208 3764 3437 3856 τροφὴν,
3464 3764 3623 3856 ,ὅταν
3667 3763 3706 3830 ή

2107 3853 2266 3951 χρεία
2318 3873 2499 3944 βιάσῃ.
2553 3867 2761 3930 Παντὸς
2818 3859 3131 3951 πειρασμοῦ
3181 3857 3210 3912 ὁ
3261 3855 3504 3951 τοιοῦτός
3540 3853 3708 3951 ⁸ἐστιν

2108 3943 2456 4036 ὗσξηλότερος,
2497 3957 2778 4028 καταγελᾷ
2801 3955 2911 4008 τῶν
2944 3950 3246 4022 παρόντων,
3285 3946 3381 4001 καὶ
3421 3943 3710 4036 μετέωρος

2109 4031 2406 4125 ἐξαίρεται,
2436 4049 2710 4119 ἀναχωρεῖ
2750 4043 2858 4098 τῶν
2893 4041 3119 4111 γηΐνων,
3156 4037 3252 4089 καὶ
3295 4031 3716 4125 συμπεριπολεῐ

2109 4117 2399 4208 τοῖς-ἀνω(
2420 4117 2762 4212 πτερδννγάρ
2791 4134 2908 4204 ἔχει
2934 4129 3158 4199 κοῦφον,
3189 4124 3439 4199 φροντίσι
3483 4121 3560 4194 μὴ
3604 4117 3707 4190 βα⁸

2116 4237 2431 4312 ρυνόμενον·
2459 4233 2638 4304 θλίψις
2663 4229 2890 4300 ἐπῆλθε,
2919 4223 3015 4280 καὶ
3044 4221 3268 4283 ἀλύπως
3286 4219 3377 4312 τδν
3401 4216 3572 4270 τύπον

429 4319 659 4376 testibus
709 4332 1091 4387 conversatur,
1149 4321 1321 4377 levem
1371 4321 1573 4392 quippe
1625 4326 1802 4391 gestat
1860 4319 2004 4373 alam

2141 4306 2284 4385 λιπε·
2313 4328 2542 4389 θάνατος
2575 4323 2802 4394 ἐπέστη,
2822 4320 2917 4374 καὶ
2946 4317 3198 4387 εὐθύμως
3224 4311 3552 4382 ἀπέρχεται·
3584 4306 3710 4360 οὐδ-

430 4411 593 4485 m
641 4415 900 4486 curisque
967 4415 1196 4469 minime
1248 4423 1678 4484 prmgravatam;
1728 4410 2010 4464 tribulatio

2141 4424 2192 4478 vt
2220 4421 2330 4492 γὰρ
2361 4418 2534 4489 γηΐνῳ
2566 4414 2750 4484 δεσμῷ
2798 4409 3105 4483 προσέδησε
3145 4405 3244 4475 τήν
3291 4401 3497 4492 ψυχήν.
3651 4398 3710 4452 δὲ

435 4506 769 4573 supervenit,
811 4506 977 4561 cessit
1009 4500 1123 4575 ipse
1159 4505 1278 4559 loco
1311 4506 1521 4574 alisque
1556 4517 1828 4557 moerore:
1861 4516 2012 4556 mors

2141 4489 2485 4582 πολυκτήμων
2537 4506 2842 4576 πεπέδηται
2914 4500 3231 4572 μερίμναις,
3291 4491 3386 4547 καὶ
3451 4489 3708 4582 καθάπερ

437 4596 788 4660 adventavit;
824 4605 878 4650 et
908 4610 1068 4664 aequo
1097 4595 1302 4649 secedit
1326 4595 1529 4658 animo,
1568 4593 1695 4662 quia
1736 4589 1868 4645 nulli
1903 4600 2013 4644 ter-

2141 4605 2266 4659 ιύων
2296 4578 2487 4656 ἁλύσει
2515 4593 2890 4669 προσδέδεται,
2917 4589 3022 4645 κᾶν
3049 4583 3454 4660 μεταναστῆναι
3484 4578 3708 4669 βιασθῇ,

438 4701 571 4742 reno
603 4687 819 4740 vinculo
855 4686 1091 4739 animam
1123 4685 1380 4754 alligavit.
1404 4684 1506 4751 Qui
1539 4699 1664 4738 vero
1697 4682 1864 4737 multa
1899 4696 2015 4752 pos-

2141 4695 2218 4758 τάς
2253 4693 2477 4765 μνήμας
2498 4668 2608 4743 τῶν
2639 4684 2939 4758 κτημάτων
2970 4676 3258 4751 περιφέρει
3291 4673 3430 4745 βαρὺ
3464 4668 3708 4765 φορτίον,

435 4775 596 4841 sidet,
644 4776 1119 4844 sollicitudinibus,
1151 4777 1307 4846 quasi
1342 4775 1698 4845 compedibus
1758 4774 2015 4830 astrictus

2141 4788 2215 4843 cat
2256 4762 2530 4856 ἀχθηδόνα
2563 4777 2858 4848 ἀνωφελῆ,
2900 4772 3168 4827 κεντεῖται
3218 4766 3384 4839 λύπῃ,
3431 4762 3530 4817 καὶ
3576 4762 3710 4833 πρὸς

439 4879 544 4934 est,
589 4876 642 4925 et
680 4869 829 4924 velut
859 4869 1014 4926 canis
1059 4869 1368 4925 devincitur
1415 4877 1626 4934 catena,
1688 4868 1842 4937 sique
1883 4865 2020 4922 emi-

441 4975 598 5030 grare
625 4974 872 5032 cOgatur,
907 4963 1318 5033 possessionum
1350 4961 1842 5029 memorias,grave
1879 4973 2018 5013 onus

444 5051 800 5123 inutilemque
831 5053 1144 5110 circumiert
1171 5054 1489 5120 tristitiam;
1533 5053 1720 5109 dolore
1757 5052 2020 5123 puugitur

445 5145 611 5216 inque
637 5156 815 5214 mente
843 5148 1194 5204 vehementer
1225 5149 1475 5220 angitur:
1527 5161 1659 5217 opes
1696 5146 1922 5210 dimisit,
1968 5153 2023 5200 ct

444 5237 746 5308 ﬂagellatur
776 5253 1031 5294 maerore.
1082 5243 1249 5311 Sique
1281 5255 1430 5296 mors
1476 5238 1872 5310 supervenerit,
1920 5236 2024 5291 mi-

447 5326 755 5381 serabiliter
786 5327 1012 5382 dimittit
1058 5329 1365 5399 praesentia,
1415 5329 1594 5384 reddit
1648 5328 1909 5392 animam,
1970 5333 2026 5381 et

448 5415 669 5470 oculum
701 5432 810 5472 non
842 5418 1036 5473 avertit
1063 5433 1094 5472 a
1133 5420 1401 5487 negotiis;
1435 5419 1637 5475 invitus
1684 5418 1939 5481 trahitur,
1967 5425 2027 5472 ut

453 5504 739 5576 fugitivum
770 5508 1127 5579 mancipium,
1181 5511 1448 5566 dividitur
1480 5525 1510 5563 a
1567 5524 1822 5579 corpore,
1880 5517 1936 5565 et
1994 5524 2026 5564 a

452 5596 615 5648 rebus
649 5613 754 5652 non
787 5611 1116 5668 separatur;
1150 5601 1324 5670 magis
1354 5616 1480 5655 eum
1510 5600 1788 5656 detineute
1809 5601 2024 5672 passio-

454 5694 549 5748 ne,
583 5697 747 5752 quam
781 5688 1021 5745 detinere
1047 5690 1280 5757 soleant,
1313 5690 1407 5758 qui
1439 5689 1742 5745 attrahunt.

2119 4878 2218 4949 τὴν
2251 4876 2460 4931 ἔννοιαν
2488 4872 2740 4927 ὁδυνᾶται
2776 4863 3046 4936 σφοδρῶς,
3089 4861 3269 4931 ἀφῆκε
3312 4859 3383 4910 τὰ
3426 4856 3707 4949 κτήματα,

2122 4945 2218 5024 καὶ⁵
2259 4969 2327 5039 τῇ
2383 4965 2530 5038 λύπῃ
2598 4961 2943 5031 μαστίζεται.
2995 4955 3117 5010 Κᾶν
3171 4952 3405 5013 θάνατος
3473 4945 3709 5039 ἐπέλθοι,

2127 5037 2377 5124 ἐλεεινίῦς
2414 5037 2608 5128 ἀφίησι
2656 5054 2725 5109 τὰ
2752 5051 3018 5124 παρόντα,
3056 5044 3349 5102 ἀποδίδωσι
3377 5039 3480 5109 τὴν
3511 5037 3708 5108 ψυχὴν,

2129 5152 2224 5206 καὶ
2266 5149 2358 5204 τὸν
2407 5146 2683 5218 ὀφθαλμὸν
2729 5145 2829 5197 οὐκ
2870 5141 3134 5210 ἀφίστησι
3177 5136 3286 5192 τῶν
3342 5131 3707 5204 πραγμάτων·

2129 5244 2279 5299 ἀκων
2307 5241 2525 5294 ἕλκεται
2549 5237 2800 5308 καθάπερ
2825 5231 3157 5304 ἀνδράποδον
3181 5225 3538 5299 δραπετεύον,
3564 5221 3714 5293 μεμ-

2131 5334 2284 5400 ζεται
2321 5330 2413 5386 τοῦ
2457 5328 2727 5400 σώματος,
2762 5325 2858 5379 καὶ
2896 5323 2958 5378 οὐ
2993 5319 3275 5394 μερίζεται
3311 5314 3419 5368 τῶν
3447 5309 3710 5384 πραγμά-

2128 5443 2236 5482 των
2255 5442 2270 5456 ’
2323 5422 2523 5496 μᾶλλον
2561 5420 2671 5474 τῶν
2709 5417 2976 5473 ἑλκόντων
3015 5407 3303 5492 αὐτὸν.τοῦ
3337 5405 3547 5470 πάθους
3577 5418 3712 5457 κατ·

2069 5561 2071 5563 .
2129 5520 2365 5591 ἐχοντος.
