3838 6056
112 332 273 401 1153

730 447 984 504 ΚΕΦΔΛ.
1025 448 1109 503 Η¹.

197 561 457 619 Θάλασσα
485 560 588 616 οὐκ
613 561 979 633 ἐμπίπλαται,
1010 564 1272 637 ποταμῶν
1290 564 1556 636 δεχομένη
1586 564 1717 637 πλῆ·

110 657 245 724 θος,
278 655 373 711 καὶ
393 654 659 727 ἐπιθυμία
687 656 1029 729 φιλαργύρου
1064 658 1125 711 ού
1159 658 1462 730 πληροῦται
1495 658 1711 729 χρημά-

108 766 263 815 των,
315 748 667 803 ἑδιπλασίασε
723 749 793 802 τά
837 751 1121 822 χρήματα,
1175 751 1271 806 καὶ
1320 750 1498 805 ταῦτα
1551 750 1715 805 διπλᾶ

110 841 355 911 ποιῆσαι
392 841 669 912 ἐπιθυμεῖ,
720 841 817 895 καλ¹
872 842 966 896 τοῦ
1023 842 1403 909 διπλασιάζειν
1456 842 1713 898 οὐδέποτε

108 930 386 997 παύεται,
416 931 522 996 ἓως
562 932 630 986 ἂν
668 932 896 997 θάνατος
920 933 1019 1006 τήν
1047 936 1308 1006 ἀνήνυτον
1336 936 1542 1006 ταύτην
1572 936 1713 991 παύο

111 1035 198 1094 σῃ
233 1022 493 1092 σπουδήν.
524 1022 753 1086 Συνετδς
788 1023 1020 1095 μοναχδς
1048 1027 1113 1097 τῇ
1144 1027 1303 1097 χρείᾳ
1336 1026 1590 1098 προσέξει
1616 1027 1712 1082 τοῦ

112 1112 407 1183 σώματος,
441 1114 536 1167 καὶ
556 1112 656 1185 τὴν
681 1114 892 1169 ἔνδειαν
922 1116 1024 1186 τῆς
1045 1118 1284 1189 γαστρὸς
1317 1117 1467 1189 ἄρτῳ
1494 1118 1714 1190 πληρὼ-

111 1218 237 1268 σει,
280 1204 376 1257 καὶ
419 1202 595 1269 ὕδατι,
634 1206 695 1258 ού
730 1206 1052 1260 κολακεύσει
1088 1207 1454 1272 πλουτοῦντας
1494 1209 1561 1262 δι’
1593 1209 1713 1281 ήδο-

110 1294 227 1364 νὴν
250 1294 508 1366 γαστρὸς,
531 1295 653 1349 οὐδὲ
675 1294 933 1351 δουλώσει
960 1297 1085 1353 νοῦν
1112 1297 1396 1370 ἐλεύθερον
1425 1299 1713 1363 δεσπόταις

112 1383 365 1447 πολλοῖς*
400 1384 583 1439 ίκαναὶ⁹
615 1384 726 1457 γὰρ
756 1385 813 1439 al
841 1388 1024 1457 χεῖρες
1046 1386 1390 1457 ὑπηρετῆσαι
1414 1386 1492 1457 τῷ
1526 1386 1712 1457 σώμα-

108 1493 199 1541 τι,
236 1475 331 1529 καὶ
354 1476 455 1547 τὴν
492 1476 730 1548 φυσικήν
758 1476 1009 1547 ἀνάγκην
1047 1477 1334 1549 πληρῶσαι
1367 1478 1456 1533 διὰ
1488 1479 1709 1543 παντός.

124 1569 306 1640 Ἀκτή
315 1585 433 1639 μων
461 1568 718 1640 μοναχδς,
745 1568 985 1641 ἀθλητὴς
1005 1569 1436 1641 ἀμεσολάϐητος,
1468 1570 1566 1623 καὶ
1592 1569 1710 1641 δρο-

112 1661 267 1731 μεὺς
307 1659 530 1730 κοῦφος,
576 1660 790 1731 ταχέως
832 1661 1051 1731 φθάνων
1090 1662 1185 1715 ἐπὶ
1214 1661 1276 1715 τὸ
1313 1662 1565 1733 βραϐεῖον
1610 1662 1710 1731 τῆς

110 1752 242 1806 ἄνω
274 1750 545 1824 κλήσεως.
591 1751 968 1824 Πολυκτήμων
1012 1751 1245 1824 μοναχδς
1315 1752 1498 1824 χαίρει
1541 1768 1712 1823 προσ-

110 1844 267 1908 όδοις
307 1841 556 1909 πολλαῖς,
591 1846 621 1898 6
647 1844 706 1898 δὲ
736 1845 1004 1917 ἀκτήμων
1038 1847 1324 1916 στεφάνοις
1353 1843 1714 1917 κατορθωμά-

109 1953 257 1990 των.
296 1935 639 2009 Φιλάργυρος
695 1937 930 2009 μοναχὸς
977 1937 1272 2009 ἐργάζεται
1302 1937 1569 2009 σφοδρῶς,
1598 1938 1627 1990 6
1657 1937 1715 1991 δὲ

110 2026 395 2096 ἀκτήμων
453 2030 789 2100 προσευχαῖς
841 2028 1113 2099 σχολάζει,
1150 2027 1244 2082 καὶ
1295 2026 1710 2098 ἀναγνώσμασι.

110 2115 466 2186 Φιλάργυρος
515 2117 749 2187 μοναχὸς
800 2117 999 2189 πληροῖ
1040 2120 1240 2188 ταμεῖα
1288 2116 1514 2190 χρυσοῦ,
1569 2119 1599 2171 6
1654 2118 1713 2171 δὲ

111 2209 389 2278 ἀκτήμων
424 2206 746 2280 θησαυρίζει
781 2210 839 2262 ὲν
868 2209 1106 2279 οὐρανῷ.
1146 2227 1165 2261 ι
1203 2205 1633 2276 Ἐπικατάρατος
1684 2210 1740 2276 ὁ,

116 2298 298 2350 ποιῶν
332 2296 575 2360 είδωλον,
610 2298 709 2351 καὶ
749 2298 920 2362 τιθεὶς
952 2300 1011 2353 ὲν
1037 2298 1359 2370 ἀποκρύφῳ,
1392 2317 1413 2351 ι
1448 2298 1711 2362 ὡσαύτως

116 2390 222 2443 καὶ
260 2391 289 2442 6
328 2389 467 2460 ἒχων
497 2390 869 2463 φιλαργυρίας
902 2390 1104 2455 πάθος’
1131 2392 1160 2444 6
1194 2390 1295 2462 μὲν
1329 2390 1436 2463 γὰρ
1471 2406 1711 2462 προσκυο

113 2483 212 2536 νεῖ
245 2481 499 2554 κίϐδηλον
540 2483 840 2555 ἀνωφελὲς,
870 2485 900 2538 6
926 2484 983 2539 δὲ
1021 2484 1472 2555 ἀγαλματοφορεῖ
1506 2500 1711 2553 φαντασ-

118 2576 249 2633 σίαν
276 2576 531 2633 πλούτου.

733 2928 991 2983 ΚΕΦΔΛ.
1025 2925 1107 2983 9'.

723 3064 867 3133 Περι
901 3064 1105 3134 ὀργῆς.

1202 334 1300 394 DE
1325 332 1525 395 OCTO
1550 330 1991 393 SPIRITIBUS
2036 331 2395 393 MALITI/E.

1736 457 1786 513 Α

3254 336 3394 405 1154

2394 448 2626 507 CAPUT
2654 449 2789 509 Vll-I.

1886 558 2034 616 Mare
2066 575 2411 632 nequaquam
2448 561 2725 634 impletur,
2766 562 3053 619 ﬂuminum
3084 568 3392 638 suscipiens

1816 652 2242 719 multitudinem,
2286 664 2340 709 et
2376 654 2527 709 avari
2557 656 2827 725 cupiditas
2857 658 3109 727 pecuniis
3137 675 3247 714 non
3299 676 3396 715 ex-

1816 744 2013 815 pletur.
2045 744 2606 814 Duplieavitdivitias,
2646 762 2849 817 easque
2904 747 3247 818 reduplicare
3294 751 3393 806 dc-

1818 846 1933 886 nuo
1963 833 2324 903 concupiscit,
2354 850 2455 890 nec
2491 850 2521 889 a
2551 834 2643 890 tali
2676 850 2912 905 unquam
2945 848 3124 892 cessat
3154 838 3395 908 redupli-

1814 922 2049 989 catione,
2080 923 2255 980 donec
2289 940 2440 981 mors
2478 926 2637 981 inane
2685 941 2750 981 ac
2784 942 2983 981 vanum
3015 928 3118 982 hoc
3149 928 3397 984 desinere

1815 1011 1981 1069 faciat
2023 1013 2284 1068 studium.
2328 1016 2574 1070 Prudens
2646 1016 2946 1070 monachus
2994 1018 3242 1087 corporis
3299 1033 3391 1071 ne-

1813 1108 2057 1163 cessitati
2091 1108 2351 1171 :tttendct,
2383 1117 2437 1162 et
2464 1106 2819 1177 indigentiam
2851 1108 3057 1163 ventris
3105 1124 3243 1178 pane
3298 1124 3395 1163 ex-

1813 1200 1979 1269 plebit
2011 1208 2065 1254 et
2094 1215 2255 1270 aqua,
2289 1214 2394 1255 non
2436 1199 2756 1254 adulahitur
2780 1199 3142 1268 locupletibus
3167 1200 3238 1254 ob
3262 1215 3396 1255 ven-

1813 1291 1913 1346 tris
1949 1291 2319 1361 voluptatem;
2354 1306 2531 1361 neque
2589 1290 2774 1345 multis
2865 1291 3100 1345 dominis
3158 1300 3393 1346 mentem

1810 1382 2036 1438 liberam
2068 1382 2247 1453 adiget
2276 1397 2519 1449 servam;
2558 1382 2889 1438 sutlicientes
2932 1382 3081 1437 enim
3109 1391 3237 1438 sunt
3274 1398 3396 1438 ma-

1812 1491 1917 1532 nus
1945 1476 2011 1531 ad
2045 1475 2465 1531 ministrandnm
2496 1475 2737 1544 corpori,
2768 1483 2823 1530 et
2851 1475 3158 1530 naturalem
3205 1491 3396 1533 neces-

1811 1568 2027 1623 sitatem
2062 1570 2323 1623 continuo
2381 1567 2782 1637 adimplendam
2809 1568 2876 1621 “.
2930 1566 3249 1634 Monachus,
3298 1569 3395 1639 qui

1812 1660 1947 1715 nihil
1982 1660 2247 1731 possidet,
2290 1660 2438 1731 pugil
2464 1669 2567 1726 est,
2602 1660 2695 1731 qui
2743 1676 2841 1731 per
2891 1661 3132 1717 medium
3196 1676 3392 1732 appre-

1814 1750 1977 1806 hendi
2006 1750 2176 1827 pm
2218 1751 2427 1821 nequit,
2469 1751 2712 1822 levisque
2738 1761 2821 1808 est
2885 1767 3080 1809 cursor
3136 1753 3393 1809 celeriter

1813 1843 1879 1898 ad
1917 1843 2161 1898 hravium
2207 1859 2457 1915 superna:
2485 1845 2787 1900 vocationis
2809 1844 3153 1916 perveniens.
3206 1844 3393 1900 Mona-

1812 1934 1969 2001 chus,
2028 1936 2121 2007 qui
2153 1938 2319 1992 multa
2345 1937 2607 2007 possidet,
2643 1937 2830 1992 multis
2859 1938 3058 2009 gaudet
3107 1938 3391 2008 proventi-

1812 2026 1958 2093 bus;
1998 2028 2090 2098 qui
2117 2042 2246 2083 vero
2281 2028 2418 2082 nihil
2454 2028 2716 2098 possidet,
2749 2030 2973 2084 coronis
3008 2029 3147 2084 bene
3203 2037 3391 2098 gesto-

1812 2134 1933 2173 rum
1962 2118 2268 2174 facinorum
2300 2121 2630 2189 perlaztatur.
2661 2120 2873 2175 Avarus
2905 2121 3208 2175 monachus
3230 2122 3389 2175 valde

1812 2208 2049 2275 laborat,
2085 2210 2179 2265 sed
2210 2211 2303 2279 qui
2336 2226 2541 2280 pauper
2568 2221 2671 2277 est,
2720 2212 3064 2266 orationibus
3112 2223 3289 2275 vacat,
3334 2219 3389 2264 et

1810 2302 2157 2357 lectionibus.
2201 2302 2503 2358 Monachus
2532 2304 2777 2374 pecunia:
2810 2304 3022 2369 avidus,
3055 2318 3192 2358 auro
3221 2303 3391 2372 replet

1810 2391 2150 2459 penetralia:
2202 2400 2257 2446 at
2295 2408 2499 2462 pauper
2545 2392 2879 2447 thesaurizat
2917 2393 2970 2447 in
3005 2393 3166 2447 cmlo.
3215 2411 3233 2443 ι
3272 2390 3389 2445 Ma-

1809 2482 2039 2538 ledictus
2065 2482 2302 2553 quifacit
2330 2484 2554 2550 idolum,
2588 2493 2643 2540 et
2670 2485 2823 2554 ponit
2849 2485 2904 2539 in
2926 2484 3329 2549 abscondito",
3363 2501 3384 2535 ι

1808 2572 2060 2627 similiter
2090 2582 2145 2628 et
2187 2574 2281 2644 qui
2308 2574 2549 2630 avaritiae
2590 2574 2843 2644 passione
2872 2584 3117 2641 tenetur;
3151 2574 3240 2630 ille
3262 2574 3388 2644 qui-

1806 2663 1930 2719 dem
1960 2664 2150 2718 adorat
2182 2678 2291 2718 non
2333 2664 2472 2720 bene
2514 2674 2875 2736 expurgatum
2918 2664 3219 2735 inutileque
3266 2681 3384 2719 mc-

1810 2754 2020 2822 tallnm,
2062 2755 2165 2811 iste
2190 2770 2317 2811 vero
2341 2756 2657 2811 divitiarum
2706 2755 3183 2827 imaginationem,
3228 2754 3387 2826 quasi

1809 2846 2190 2913 simulacrum,
2222 2844 2554 2903 circumfert.

2413 2956 2647 3015 CAPUT
2694 2956 2789 3012 IX.

2396 3048 2473 3103 De
2497 3048 2797 3103 iracundia.

206 3175 379 3248 Ὀργὴ
452 3174 628 3240 πάθος
673 3176 792 3229 ἐστὶ
848 3174 1136 3245 μανιῶδες,
1174 3176 1270 3230 καὶ
1320 3176 1449 3239 τοὺς
1487 3176 1700 3249 ἔχοντας

1880 3165 2166 3222 iracundia
2189 3166 2374 3237 passio
2403 3174 2485 3222 est
2516 3165 2832 3234 furibunda,
2860 3180 3095 3237 eosque,
3131 3166 3225 3236 qui
3264 3167 3385 3237 pol-

120 3268 326 3336 γνῶσιν
371 3267 651 3338 ἐξίστησιν
692 3266 953 3337 εὐχερῶς,
1002 3265 1320 3339 θηριοῖ.τὴν
1356 3266 1557 3339 ψυχὴν,
1608 3268 1705 3322 καὶ

117 3361 306 3414 πᾶσαν
344 3359 637 3430 συντυχίαν
682 3360 952 3414 ἐκκλίνειν
996 3362 1159 3415 ποιεῖ.
1203 3361 1437 3430 Ἀνεμος
1479 3359 1704 3431 σφοδρὸς

114 3452 183 3505 οὐ
206 3452 420 3524 κινήσει
451 3451 686 3523 πύργον,
712 3452 809 3505 καὶ
825 3452 1004 3524 ψυχὴν
1031 3452 1301 3523 ἀόργητον
1330 3453 1391 3505 οὺ
1419 3452 1701 3524 συναρπά-

115 3546 205 3612 ζει
259 3545 451 3616 θυμός.
502 3545 686 3617 ’Ὑδωρ
731 3548 960 3600 κινεῖται
1005 3544 1110 3599 ὑπὸ
1159 3545 1279 3615 βίας
1328 3545 1567 3615 ἀνέμων,
1610 3544 1704 3599 καλ⁵

116 3634 379 3707 θυμώδης
409 3636 746 3708 ταράσσεται
769 3636 874 3690 ὑπὸ
899 3636 1178 3707 λογισμῶν
1202 3636 1500 3690 ἀσυνέτων.
1529 3637 1704 3691 Meva-

113 3727 214 3798 χὸς
250 3728 467 3799 ὀργίλος
505 3723 612 3781 εἷδὲ
651 3744 794 3792 τινα,
828 3727 921 3780 καὶ⁷
956 3728 1084 3791 τοὺς
1111 3726 1327 3789 ὀδόντας
1370 3726 1699 3798 παρέθηξεν.

128 3817 395 3888 Ὀμίχλης
424 3818 677 3881 ἀνάδοσις
712 3816 941 3887 παχύνει
974 3817 1133 3887 ἀέρα,
1170 3817 1262 3870 καὶ
1288 3816 1461 3887 θυμοῦ
1487 3817 1701 3886 κίνησις

114 3908 361 3962 διάνοιαν
392 3908 635 3979 ὀργίλου.
666 3906 973 3960 Ἑσκότισεν
998 3906 1149 3976 ἥλιον
1174 3905 1497 3977 ὑποδραμὼν
1519 3906 1698 3975 νέφος,

118 4002 217 4056 καὶ
261 4000 387 4057 νοῦν
430 4000 691 4072 λογισμὸς
729 3998 1115 4069 μνησικακίας.
1156 3998 1312 4051 Λέων
1357 4000 1413 4050 ὲν
1450 3997 1702 4069 ζωγρείῳ

114 4092 192 4145 ὢν
222 4093 364 4145 κινεῖ
394 4091 523 4154 τοὺς
560 4089 898 4161 στρόφιγγας
933 4088 1194 4157 συνεχῶς,
1232 4087 1325 4140 καὶ
1357 4087 1611 4157 θυμώδης
1643 4088 1699 4139 ὲν

116 4183 284 4255 κόλλῃ
327 4183 623 4253 λογισμοὺς
660 4182 847 4252 ὀργῆς.
895 4181 1116 4251 Τερπνὴ
1149 4181 1370 4251 θεωρία,
1407 4178 1699 4251 γαληνῶσα

116 4277 388 4341 θάλασσα,
423 4275 539 4329 ἀλλ’
568 4275 667 4328 οὐκ
702 4274 816 4326 ἔστι
841 4273 1179 4343 τερπνοτέρα
1218 4273 1502 4344 εἰρηνικῆς
1536 4290 1702 4325 κατα·

115 4370 387 4432 στάσεως·
415 4367 709 4438 γαληνώσῃ
741 4366 847 4438 γὰρ
880 4366 1125 4438 θαλάσσῃ
1160 4366 1542 4437 ὲγκολυμδῶσι
1578 4364 1697 4418 δελ-

113 4462 293 4527 φῖνες,
326 4460 579 4529 εἰρηνικῇ
628 4457 684 4509 δὲ
734 4456 1067 4510 καταστάσει
1123 4456 1407 4527 ὲννήχεται
1449 4455 1697 4526 νοήματα

114 4550 421 4619 θεοπρεπῆ*
454 4546 826 4618 Μακρόθυμος
861 4546 1114 4617 μοναχδς,
1146 4545 1493 4617 ήσυχάζουσα
1523 4544 1694 4616 πηγὴ,

113 4638 212 4689 καὶ
236 4638 375 4688 πᾶσι
398 4635 716 4706 παρέχουσα
739 4636 1007 4705 προσηνὲς
1033 4635 1212 4699 ποτὸν,
1241 4635 1448 4706 διάνοια
1472 4634 1529 4688 δὲ
1556 4635 1700 4704 ὀργί-

112 4727 211 4781 λου
242 4726 331 4781 διά
363 4700 922 4796 παντδςττετάρακται
964 4727 1059 4780 καλ⁵
1095 4726 1195 4780 οὐκ
1222 4700 1475 4779 ὲπιδδσει
1506 4700 1695 4796 τῴ-δι-

111 4820 293 4890 ψῶντι
332 4818 498 4892 ὕδωρ,
534 4818 638 4872 κΞιν
671 4818 931 4892 ὲπιδώσῃ,
957 4818 1342 4889 τεθολωμένον,
1386 4819 1480 4872 καὶ
1522 4818 1697 4889 ἄχρη-

116 4928 268 4974 στον,
315 4912 408 4965 καὶ
466 4910 737 4983 ὀφθαλμοὶ
796 4910 1101 4981 θυμὼδους,
1139 4910 1557 4983 τεταραγμένοι,
1603 4907 1697 4961 καὶ

114 5000 351 5070 ὕφαιμοι
400 5000 497 5054 καὶ
543 4999 645 5070 τῆς
699 5001 1118 5073 ταρασσομένης
1172 5001 1400 5073 καρδίας
1448 4998 1691 5070 ἄγγελοι.

114 5090 500 5161 Πρόσωπονδὲ
543 5093 896 5164 μακροθύμου
939 5092 1073 5163 ὀρθὰ
1116 5091 1575 5162 κατεσταλμένον,
1601 5088 1696 5143 καὶ

114 5183 392 5255 ὀφθαλμοὶ⁸
415 5187 707 5256 προσηνεῖς
735 5185 886 5239 κάτω
919 5184 1233 5255 βλέποντες.

1806 3260 1919 3315 lent
1959 3258 2205 3324 scientia,
2234 3257 2391 3313 facile
2429 3267 2610 3312 mente
2642 3258 2864 3323 alienat,
2897 3257 3083 3312 efferat
3119 3259 3379 3323 animam,
3452 3256 3457 3259 ⁷

1808 3366 2137 3421 omueruque
2166 3336 2522 3420 congressum
2552 3350 2829 3405 declinare
2862 3350 3010 3404 facit.
3063 3350 3268 3404 Ventus
3292 3366 3386 3403 vc-

1806 3442 2033 3497 hemens
2066 3458 2173 3495 non
2206 3440 2572 3495 commovebit
2600 3440 2817 3504 turrim,
2864 3449 2919 3494 et
2955 3442 3033 3494 ira
3095 3456 3202 3495 non
3259 3456 3385 3495 cor-

1803 3531 1966 3601 ripiet
1993 3530 2232 3585 animam
2269 3539 2632 3585 mansuetam.
2673 3532 2828 3600 Aqua
2879 3540 3126 3584 movetur
3168 3545 3198 3584 a
3250 3545 3385 3585 vcn—

1803 3632 1984 3678 torum
2012 3624 2288 3690 violentia,
2320 3632 2373 3678 et
2403 3623 2699 3678 iracundus
2733 3622 2983 3678 turbatur
3023 3639 3052 3676 a
3096 3623 3384 3694 cogitatio-

1801 3716 1963 3772 nibus
2022 3715 2483 3782 imprudentibus.
2539 3715 2837 3771 Monachus
2893 3716 3207 3781 iracundus,
3253 3730 3386 3785 aper

1801 3813 1885 3859 est
1936 3805 2201 3860 silvestris
2254 3815 2308 3860 et
2364 3805 2682 3872 solitarius;
2723 3807 2855 3860 vidit
2925 3806 3197 3873 aliquem,
3254 3814 3384 3861 tunc

1802 3897 1990 3951 dentes
2021 3897 2261 3952 exacuit.
2312 3898 2528 3952 Nebulae
2556 3897 2774 3951 diffusio
2824 3897 3146 3952 crassiorem
3198 3911 3381 3952 acrem

1802 3986 1997 4049 reddit,
2055 3995 2109 4039 et
2184 3992 2367 4040 motus
2418 3985 2513 4039 ira:
2574 3994 2809 4039 mentem
2868 3984 3138 4038 iracundi.
3194 3983 3380 4039 Solem

1802 4074 2108 4130 ohfuscavit
2127 4075 2349 4129 subiens
2376 4074 2588 4137 nebula,
2618 4086 2671 4129 et
2699 4084 2928 4129 mentem
2956 4074 3210 4143 cegitatio
3234 4074 3380 4143 inju-

1801 4170 2007 4222 riarum
2060 4181 2288 4220 memor.
2321 4163 2455 4229 Leo,
2498 4164 2708 4233 quiest
2754 4168 2807 4219 in
2843 4165 3051 4218 vivario
3114 4166 3379 4219 continuo

1800 4267 1981 4314 movet
2024 4258 2275 4313 cardines
2324 4256 2618 4322 ostiorum,
2660 4266 2714 4311 et
2772 4257 3066 4311 iracundus
3112 4257 3165 4309 in
3217 4256 3376 4320 cella,

1801 4352 1893 4405 irae
1938 4349 2315 4420 cegitationes.
2360 4346 2513 4403 Visio
2557 4358 2639 4403 est
2675 4348 3033 4411 delectabilis,
3060 4362 3211 4402 mare
3229 4357 3378 4401 tran-

1798 4443 2106 4513 quillatum,
2137 4441 2232 4497 sed
2269 4456 2376 4497 non
2421 4449 2506 4496 est
2534 4440 2900 4497 delectabilior
2934 4440 3163 4510 pacitico
3204 4439 3376 4494 animi

1802 4545 1993 4591 statu:
2050 4533 2341 4606 Delphines
2406 4535 2621 4589 etenim
2674 4533 2839 4606 465
2884 4547 3080 4589 sereno
3151 4540 3377 4588 enatant

1805 4626 1857 4680 in
1900 4626 2058 4689 mari,
2087 4636 2142 4681 et
2174 4626 2227 4679 in
2265 4625 2432 4679 animi
2466 4634 2661 4694 pacato
2700 4633 2845 4680 statu
2874 4625 3233 4696 cogitationes
3287 4623 3377 4677 ln-

1803 4727 1990 4772 natant
2026 4716 2135 4772 Deo
2174 4727 2360 4786 gratae.
2391 4714 2762 4787 Longauimus
2790 4717 3112 4779 monachus,
3150 4714 3271 4771 fons
3293 4724 3375 4769 est

1803 4811 2041 4881 quietus,
2073 4819 2128 4865 et
2156 4825 2377 4864 suavem
2418 4810 2676 4863 omnibus
2724 4809 2969 4878 praebens
3010 4817 3229 4878 potum;
3291 4808 3377 4859 in-

1804 4902 2050 4955 tellectus
2087 4910 2268 4953 autem
2314 4900 2561 4953 iracundi
2613 4898 2830 4955 assidue
2887 4899 3234 4967 perturbatus
3290 4906 3375 4951 est

1803 5006 1979 5062 neque
2006 4992 2246 5061 porriget
2286 4990 2495 5044 sitienti
2536 5006 2757 5060 aquam,
2792 4990 2906 5045 sive
2949 4989 3117 5054 dabit,
3186 4988 3375 5043 illitam

1805 5100 1987 5150 emno,
2046 5090 2102 5137 et
2127 5082 2374 5137 inutilem
2414 5082 2668 5152 proferet.
2704 5081 2857 5137 Oculi
2898 5081 3141 5135 iracundi
3173 5080 3375 5135 turbidi

1800 5185 1948 5243 sunt,
1988 5185 2042 5230 et
2079 5174 2428 5239 subcrucnti,
2466 5174 2758 5243 cordisque
2811 5174 3112 5244 perturbati
3156 5171 3370 5236 nuntii;

117 5276 290 5333 facies
362 5289 489 5331 vero
520 5275 817 5345 longanimi
843 5276 1145 5345 composita
1196 5283 1317 5343 est;
1347 5274 1601 5346 oculique
1625 5267 1846 5340 benigni
1911 5275 2059 5322 recta
2098 5266 2391 5321 intuentes.

728 5389 979 5442 ΚΕΦΑΛ.
1031 5387 1086 5441 l'.

189 5501 451 5574 Πραῢτης
500 5500 691 5571 ἀνδρὸς
757 5499 1154 5570 μνημονεύεται
1201 5500 1356 5572 παρά
1405 5500 1547 5570 θεῷ,
1604 5502 1698 5554 καλ¹

121 5594 391 5665 ἀόργητος
421 5590 569 5663 ψυχή
603 5591 730 5657 ναὸς
770 5592 979 5661 γίνεται
1015 5591 1108 5645 τοῦ
1156 5593 1312 5661 ἁγίου
1354 5592 1696 5662 Πνεύματος.

2417 5376 2647 5433 CAPUT
2690 5376 2754 5432 Χ.

1878 5495 2235 5552 Mansuetudo
2267 5496 2369 5550 viri
2403 5496 2547 5567 apud
2583 5494 2750 5550 Deum
2798 5506 2884 5554 est
2918 5499 2970 5550 in
3020 5490 3282 5544 memoria
3305 5488 3372 5552 “.

1806 5603 1856 5645 et
1912 5589 2091 5643 anima
2144 5589 2221 5643 ira
2272 5605 2464 5646 carens
2514 5588 2772 5658 templum
2816 5592 2875 5649 lit
2912 5583 3147 5656 Spiritus
3180 5579 3374 5635 sancti.

193 5707 378 5762 “Act.
412 5722 488 5772 χι,
520 5706 608 5761 54.
685 5707 729 5739 ⁸⁸
755 5704 911 5760 Deut.
957 5721 1124 5760 xxvii.
1164 5706 1246 5762 l5.
1325 5707 1370 5738 ⁵⁸
1397 5704 1541 5761 Psal.
1568 5721 1747 5770 cum,
1784 5706 1831 5757 l.
