3838 6056
453 320 592 386 1155
1913 327 2016 398 S.|

2117 335 2180 394 LI
3595 342 3724 408 lifﬁ

443 438 698 493 Christus
719 437 950 492 reclinat
987 449 1152 508 caput
1185 441 1241 494 in
1261 439 1562 512 longanimi
1594 445 1824 514 spiritu;
1859 455 1910 501 ct
1947 447 2016 501 ini

2129 449 2316 504 Κλίνει
2369 450 2613 523 κεφαλὴν
2657 453 2893 522 Χριστὸς
2941 455 3000 506 ἐν
3041 457 3390 530 μακροθύμῳ
3429 459 3723 530 πνεύματι.

447 532 696 586 tellectus
725 541 953 602 pacatus
989 545 1193 588 sanctae
1221 531 1508 592 Trinitatis
1537 546 1622 591 est
1651 537 1886 592 mansio.
1906 537 2016 592 γυι.

2136 543 2231 595 καὶ
2295 541 2432 615 μονὴ
2473 543 2684 612 γίνεται
2731 547 2834 616 τῆς
2880 547 3040 616 ἁγίας
3067 550 3296 621 Τριάδος
3327 553 3722 623 είρηνευομὲνη

443 637 542 692 pes
565 623 814 694 habitant
839 624 894 677 in
925 623 1112 678 anima
1137 624 1354 690 ultrice,
1399 633 1455 681 et
1489 625 1678 682 bestia:
1706 627 2016 684 delitescunl

2133 633 2366 690 διάνοια.
2407 635 2720 702 Ἀλώπεκες
2745 641 3095 696 κατοικοῦσιν
3123 643 3184 695 ὲν
3201 645 3540 715 μνησικάκῳ
3559 645 3724 716 ψυχῇ.

444 714 500 768 ἱιι
542 715 704 770 corde
759 715 1000 770 turbato.
1037 714 1135 770 .Vir
1170 716 1434 772 honestus
1465 727 1626 789 turpe
1666 718 2016 776 diversoriun:

2133 727 2230 780 καὶ
2289 727 2454 800 θηρία
2510 730 2926 800 ὲμερωλεύουσιν
2981 735 3042 786 ὲν
3077 714 3476 808 τεταραγμένῃ

443 805 649 875 cll‘ugit,
683 815 738 860 et
759 805 904 862 Deus
933 821 1026 862 cor
1071 806 1290 876 injuria:
1337 808 1724 866 reminiscens.
1758 811 1925 881 Lapis
1959 811 2026 864 il-

443 897 631 967 lapsus
677 912 876 968 aquam
925 898 1185 965 turbavit,
1207 907 1262 954 et
1284 914 1382 955 cor
1407 899 1652 956 hominis
1685 902 1863 958 malus
1915 918 2032 958 ser-

443 1003 552 1040 mo.
577 987 952 1058 Cogitationes
1005 987 1308 1044 iracundia:
1349 989 1418 1044 ab
1455 992 1640 1046 anima
1675 1001 1766 1047 tua
1799 993 2028 1064 expelle,

444 1093 548 1134 nec
579 1079 658 1132 ira
695 1089 790 1134 tuo
817 1079 1126 1134 stabuletur
1156 1080 1208 1134 in
1247 1081 1434 1149 corde,
1467 1091 1522 1138 et
1557 1083 1610 1138 in
1641 1095 1887 1154 tempore
1905 1101 2030 1142 ora-

441 1171 608 1224 tionis
643 1171 865 1226 minime
891 1172 1204 1226 turliaberis
1243 1191 1258 1240 ;
1295 1173 1437 1228 sicut
1467 1189 1704 1246 namque
1721 1175 1904 1232 fumus
1933 1193 2032 1246 pa-

443 1263 650 1316 lcarum
681 1261 905 1318 offendit
957 1263 1284 1332 perturbans
1315 1265 1527 1331 oculos,
1573 1267 1646 1322 ita
1679 1267 1735 1322 in
1769 1268 2030 1325 orationis

443 1365 684 1426 tempore
713 1367 950 1412 mentem
993 1358 1316 1428 injuriarum
1349 1362 1630 1416 memoria.
1655 1362 2032 1434 Cogitationes

445 1447 700 1502 iracundi
737 1450 938 1518 viperae
981 1449 1258 1518 genimina
1303 1459 1454 1514 sunt,
1515 1468 1742 1524 corque,
1791 1455 1938 1524 quod
1959 1469 2025 1509 ea

442 1537 698 1604 parturit,
748 1538 1007 1592 exedunt.
1071 1537 1377 1594 Furibundi
1398 1542 1600 1604 oratio,
1659 1543 2028 1598 suﬂimentum

437 1639 520 1684 est
549 1627 930 1684 detestandum
959 1647 973 1695 ;
1001 1640 1056 1686 et
1085 1632 1420 1702 psalmorum
1455 1633 1768 1688 decantatio
1786 1635 1884 1688 viri
1904 1650 2029 1690 suc-

439 1720 590 1775 censi
625 1721 827 1786 animo,
856 1738 1026 1778 sonus
1049 1733 1136 1778 est
1159 1724 1422 1778 insuavis.
1466 1724 2026 1796 Donuminjuriarum

2129 817 2331 887 Φεύγει
2391 819 2534 891 ἀνὴρ
2571 823 2771 890 σεμνὸς
2801 823 3029 895 αἰσχρὸν
3057 828 3432 896 καταγώγιον,
3465 827 3568 881 καὶ
3599 826 3726 892 Θεὸς

2135 911 2476 981 μνησίκακον
2537 915 2788 985 καρδίαν.
2818 916 3006 987 ’Υδωρ
3055 919 3324 990 ἐτάραξεν
3347 919 3624 990 ἐμπεσὼν
3649 920 3726 974 λί-

2133 1000 2245 1066 θος,
2302 1001 2398 1055 καί
2463 1005 2692 1074 καρδίαν
2727 1006 2923 1078 ἀνδρὸς
2947 1007 3106 1077 λόγος
3134 1009 3330 1074 κακός.
3383 1010 3726 1081 ’Δπόστησον

2131 1091 2430 1164 λογισμοὺς
2458 1095 2629 1168 ὀργῆς
2661 1097 2770 1151 ἀπὸ
2797 1099 2898 1168 σῆς
2936 1099 3138 1171 ψυχῆς,
3164 1102 3262 1156 καὶ
3293 1102 3476 1172 θυμὸς
3513 1101 3594 1174 μὴ
3633 1101 3726 1154 αύ-

2131 1183 2363 1250 λιζέσθω
2389 1188 2449 1240 ὲν
2475 1191 2540 1259 σῇ
2586 1189 2808 1261 καρδίᾳ,
2834 1191 2931 1244 καὶ
2964 1191 3025 1244 οὐ
3057 1193 3130 1263 μὴ
3155 1193 3442 1266 ταραχθῇς
3465 1194 3526 1246 ἐν
3551 1193 3728 1264 καιρῷ

2134 1283 2443 1351 προσευχῆς
2464 1297 2480 1312 ο
2515 1281 2574 1334 ὃν
2603 1283 2806 1354 τρόπον
2831 1284 2942 1354 γὰρ
2969 1285 3190 1356 ἀχύρων
3216 1285 3430 1349 καπνὸς
3461 1288 3728 1356 ταράσσει

2130 1366 2464 1438 ὀφθαλμοὺς,
2504 1369 2646 1424 οὕτω
2691 1373 3029 1443 μνησικακία
3069 1374 3217 1439 νοῦν,
3258 1378 3316 1428 ὲν
3345 1375 3536 1446 καιρῷ
3561 1393 3731 1446 πρήσι

2125 1460 2314 1531 ευχῆς.
2355 1463 2626 1534 Λογισμοὶ
2663 1464 2945 1536 θυμὼδους
2988 1467 3202 1538 ἐχίδνης
3247 1470 3608 1538 γεννήματα,
3641 1472 3730 1522 καὶ

2131 1552 2476 1608 κατεσθίουσι
2499 1557 2597 1628 τὴν
2621 1556 2888 1610 τεκοῦσαν
2939 1557 3186 1628 καρδίαν.
3221 1559 3524 1629 Θυμὼδους
3557 1577 3728 1632 προσο

2129 1646 2265 1717 ευχὴ
2293 1647 2683 1720 ἐϐδελυγμένον
2725 1649 2976 1721 θυμίαμα
2999 1667 3012 1680 ·
3049 1653 3146 1705 καὶ
3177 1652 3476 1723 ψαλμῳδία
3503 1653 3726 1723 ὀργίλου

2129 1733 2262 1810 ἦχος
2289 1740 2486 1812 ἀηδής.
2537 1743 2722 1812 Δῶρον
2761 1746 3105 1820 μνησικάκου
3137 1748 3526 1818 μυρμηκιῶσα
3545 1748 3724 1810 θυσία,

439 1813 720 1878 memoris,
745 1815 920 1868 hostia
941 1825 1025 1870 est
1054 1816 1298 1872 verrucis
1317 1816 1594 1878 infestata.
1615 1827 1669 1872 et
1693 1833 1800 1872 non
1825 1813 2016 1888 'appro-

2133 1833 2224 1886 καὶ
2243 1832 2305 1886 οὐ
2329 1833 2405 1904 μὴ
2429 1813 2772 1907 προσεγγίσῃί
2800 1817 2866 1888 πε
2873 1813 3298 1908 ριρραντηίρίόυς
3319 1813 3579 1908 βωμούς.
3619 1840 3728 1892 Ἐν-

439 1905 720 1974 pinquabit
777 1905 1077 1970 altaribus,
1139 1907 1231 1962 ubi
1277 1908 1524 1962 lustralis
1592 1924 1734 1978 aqua
1793 1911 2030 1966 circum-

437 1998 764 2066 ospergitur,
787 1997 952 2070 466
985 1999 1282 2056 iracundus
1301 2002 1514 2056 somnia
1531 2002 1676 2058 videt
1695 2005 2030 2072 perturbata,

2135 1921 2300 1975 ύπνια
2337 1925 2723 1994 τεταραγμένα
2775 1927 2878 1998 ὁρᾷ
2921 1926 3196 1998 θυμώδης,
3235 1929 3334 1982 καὶ
3365 1928 3580 2000 θηρίων
3611 1932 3728 1982 ἑπι-

2132 2013 2340 2084 δρομάς
2361 2017 2698 2084 φαντάζεται
2715 2017 2954 2088 ὀργίλος.
2979 2018 3354 2089 Μακρόθυμος
3385 2018 3535 2090 ἀνὴρ
3555 2019 3724 2072 ὀπτα-

437 2097 494 2142 ct
542 2088 800 2144 incursus
839 2091 1170 2162 imaginatur
1219 2092 1551 2148 bestiarum.
1585 2093 2016 2166 Yirlonganimi:

2134 2106 2257 2171 σίας
2284 2109 2408 2179 ὁρᾷ,
2451 2109 2748 2179 συντυχίας
2795 2110 2963 2177 ἁγίων
3001 2088 3276 2178 ἀγγέλων,
3321 2111 3419 2164 καὶ
3483 2088 3722 2182 άμνησί-

438 2195 775 2250 congressus
799 2191 1118 2238 sanctorum
1141 2185 1458 2254 angelorum
1479 2185 1674 2254 aspicit
1697 2187 1749 2240 in
1777 2188 1988 2243 visione
2013 2208 2026 2244 :

2132 2216 2304 2262 κακος
2359 2202 2631 2270 γυμνάζει
2663 2202 2856 2270 λόγους
2891 2203 3322 2274 πνευματικοὺς,
3360 2204 3464 2258 καὶ
3485 2205 3545 2258 ὲν
3569 2206 3722 2258 νυκτὶ

435 2278 493 2324 ιι
553 2271 637 2323 vir
723 2272 1048 2342 iniuriarum
1115 2275 1403 2330 immemor
1465 2279 1770 2346 spirituaies
1815 2289 2016 2334 exerce!

2131 2288 2350 2360 δέχεται
2390 2293 2716 2363 μυστηρίων
2749 2293 2952 2357 λύσεις.

437 2375 758 2432 sermones,
832 2375 886 2420 et
965 2376 1128 2422 noctu
1205 2369 1594 2440 mysteriorum
1665 2370 1809 2436 capit
1875 2370 2028 2424 solu-

433 2455 638 2512 tiones.

1043 2639 1424 2711 CAPUTLXL

1041 2803 1120 2851 De
1156 2798 1406 2853 tristitia.

507 2953 810 3010 Monachus
859 2953 1101 3010 tristitia:
1156 2955 1374 3010 deditus
1408 2970 1514 3009 non
1573 2957 1726 3010 novit
1757 2957 2020 3027 spiritua~

433 3049 541 3103 lem
571 3049 929 3118 voluptatem.
965 3046 1216 3102 Tristitia
1249 3063 1378 3101 vero
1411 3057 1494 3102 est
1519 3049 1714 3104 animat
1743 3053 2016 3117 remissio,

433 3151 490 3194 et
542 3149 758 3194 constat
787 3155 818 3193 e
861 3139 1286 3209 cogitationibus
1333 3141 1649 3196 iracundiae.
1701 3143 1800 3198 Est
1819 3145 2018 3215 quippe

433 3234 536 3292 ira,
593 3231 848 3286 vindicta:
899 3231 1192 3301 cupiditas,
1244 3229 1530 3287 frustratio
1587 3250 1716 3289 vero
1767 3237 2021 3314 vindictae

435 3325 735 3390 sumendae,
767 3324 1044 3379 tristitiam
1082 3331 1340 3394 generat;
1380 3339 1544 3393 porro
1589 3327 1808 3381 tristitia
1844 3337 1928 3382 est
1957 3343 2019 3384 os

436 3418 630 3482 leonis,
663 3417 933 3487 facileque
963 3419 1196 3476 devorat
1239 3419 1658 3488 contristatum;
1695 3423 1910 3477 tristitia
1937 3434 2021 3478 est

431 3511 634 3567 vermis
659 3511 866 3570 cordis.
909 3521 960 3566 et
991 3512 1291 3581 parientem
1339 3523 1566 3567 matrem
1591 3517 1792 3572 exedit.
1827 3514 2016 3578 Mater,

431 3620 554 3671 (iure
583 3605 726 3674 parit
764 3605 956 3667 lilium,
991 3604 1234 3660 dolorem
1275 3605 1475 3669 habet;
1508 3607 1551 3661 si
1579 3609 1814 3677 peperit,
1849 3623 1880 3662 a
1919 3608 2018 3664 do-

435 3693 548 3747 lore
579 3693 860 3748 liberatur.
887 3695 1132 3749 Tristitia
1157 3708 1304 3756 vero,
1348 3694 1478 3748 dum
1523 3705 1835 3765 generatur,
1875 3699 2020 3751 mul-

435 3797 548 3840 tum
581 3786 780 3840 excitat
803 3785 1070 3854 dolorem,
1112 3794 1343 3856 postque
1379 3787 1658 3844 cruciatus
1689 3804 2018 3858 permanens

433 3893 541 3930 non
599 3893 766 3947 parvo
797 3886 1016 3948 torquet
1059 3879 1270 3934 dolore.
1330 3877 1630 3935 Monachus
1661 3881 1892 3936 tristitia:
1915 3881 2015 3937 ad-

430 3968 612 4022 dictus
655 3968 894 4023 laetitiam
949 3985 1058 4024 non
1095 3969 1247 4024 novit
1294 3971 1656 4039 spiritualem,
1693 3987 1756 4027 et.
1789 3987 2016 4042 prorsus

431 4061 615 4122 modo,
639 4075 750 4129 quo
781 4076 880 4115 nec
915 4061 1094 4115 mellis
1123 4071 1369 4131 gustum,
1408 4063 1502 4132 qui
1532 4063 1838 4118 vehementi
1860 4063 2014 4120 labo-

430 4163 514 4205 rat
563 4151 721 4218 febri,
744 4153 1026 4221 persentit.
1065 4151 1366 4207 Monachus
1406 4155 1654 4210 tristatus
1689 4170 1798 4210 non
1832 4171 2015 4212 move-

431 4243 510 4296 bit
573 4252 806 4298 meutem
849 4243 916 4298 ad
969 4245 1506 4314 contemplationem,
1561 4261 1663 4302 nec
1703 4247 2010 4302 orationem

430 4335 661 4391 eﬂuudit
715 4353 931 4407 puram.
991 4335 1237 4392 Tristitia
1299 4340 1502 4409 quippe
1554 4339 1898 4395 obstaculum
1931 4347 2015 4396 est

430 4427 612 4481 omnis
643 4427 792 4482 boni.
847 4428 1142 4485 Vinculum
1189 4432 1408 4502 pedum,
1439 4448 1636 4488 cursus
1667 4441 1754 4488 est
1781 4432 2010 4503 impedi-

431 4532 696 4588 mentum,
727 4533 781 4577 et
807 4524 1051 4584 tristitia,
1093 4523 1460 4578 meditationis
1506 4523 1872 4578 obstaculum.
1903 4523 2010 4578 Ca-

430 4617 628 4683 ptivus,
653 4632 682 4670 a
715 4617 962 4670 barbaris
993 4617 1191 4686 ligatur
1223 4615 1416 4669 ferreis
1465 4615 1693 4680 catenis,
1717 4624 1772 4670 et
1795 4617 2010 4672 tristitia

426 4708 636 4774 captiva
665 4721 692 4758 ιι
723 4705 1070 4774 passionibus
1095 4705 1326 4758 abducta
1361 4704 1615 4758 vincitur.
1635 4705 1874 4760 Tristitia
1893 4706 2014 4761 nul-

431 4797 534 4848 lam
570 4797 675 4850 vim
708 4796 889 4859 habit,
909 4810 1032 4850 cum
1054 4795 1172 4850 aliae
1195 4811 1298 4850 non
1323 4794 1486 4868 467
1513 4796 2008 4868 adsintpassiones,

427 4890 568 4942 sicut
597 4903 770 4957 neque
804 4887 1105 4950 vinculum,
1131 4903 1258 4942 cum
1297 4888 1590 4960 absintqui
1612 4890 1874 4946 vinciant.
1903 4891 2007 4958 Qui

429 4979 632 5048 ligatus
658 4991 744 5034 est
775 4995 804 5033 τι
841 4979 1086 5047 tristitia,
1121 4991 1529 5050 superatus'est
1561 4997 1592 5037 a
1629 4983 2004 5053 passionibus,

428 5071 641 5139 taleque
670 5071 987 5127 circumfert
1033 5073 1331 5137 vinculum,
1375 5091 1489 5130 sua:
1515 5075 1686 5130 cladis
1713 5089 2004 5145 argumen-

369 5155 374 5158 ’
426 5173 564 5214 tum.
617 5159 859 5216 Tristitia
917 5179 1153 5235 namque
1215 5167 1590 5230 constituitur,
1641 5183 1708 5220 ex
1745 5181 1812 5220 eo
1857 5167 2003 5236 quod

424 5253 628 5306 carnali
665 5255 788 5322 quis
831 5253 1129 5312 frustratus
1191 5257 1355 5312 fuerit
1389 5258 1708 5327 cupiditate,
1734 5257 2004 5327 cupiditas

421 5355 602 5400 autem
655 5349 804 5402 omni
853 5351 1142 5420 conjuncta
1183 5359 1284 5405 est.
1315 5349 1578 5418 passioni.
1611 5348 1714 5414 Qui
1748 5349 1876 5404 vicit
1903 5366 2002 5406 cu-

422 5437 723 5506 piditatem,
775 5442 1059 5511 passiones
1101 5441 1318 5504 devicit,
1366 5441 1461 5510 qui
1511 5449 1690 5494 autem
1717 5441 1997 5510 passiones

419 5528 603 5593 evicit,
651 5547 756 5584 non
806 5533 1153 5602 superabitur
1182 5547 1211 5586 a
1243 5532 1483 5586 tristitia.
1516 5531 1850 5603 Temperans
1883 5551 1990 5591 non

421 5620 835 5676 contristabitur
883 5639 1046 5694 super
1100 5622 1312 5678 defectu
1349 5639 1622 5692 escarum,
1651 5640 1825 5698 neque
1853 5641 1986 5682 con-

2733 2655 2986 2710 ΚΕΦΛΛ.
3032 2659 3136 2714 iA'.

2721 2815 2861 2885 Περὶ
2887 2818 3112 2885 λύπης.

2198 2972 2312 3026 Οὐκ
2361 2968 2470 3026 οἶδε
2516 2976 2896 3049 πνευματικὴν
2923 2979 3114 3052 ἡδονὴν
3152 2981 3502 3054 λυπούμενος
3551 3003 3720 3057 μσνα-

2124 3055 2218 3126 χός
2241 3075 2254 3090 ·
2280 3057 2425 3130 λύπη
2457 3061 2516 3115 δέ
2546 3063 2664 3116 ἐστι
2711 3067 2984 3138 κατήφεια
3021 3068 3220 3142 ψυχῆς,
3263 3074 3358 3127 καὶ
3391 3055 3718 3132 συνίσταται

2125 3148 2235 3202 ἀπὸ
2269 3149 2547 3221 λογισμῶν
2575 3153 2790 3228 όργῆς.
2839 3159 3078 3232 Ἂμύνης
3126 3164 3234 3236 γὰρ
3281 3165 3468 3236 ὄρεξίς
3511 3169 3668 3222 ἐστιν
3693 3174 3720 3223 ό

2125 3239 2317 3310 θυμὸς,
2373 3243 2651 3325 ἀποτυχία
2679 3247 2738 3300 δὲ
2785 3249 3002 3322 ἀμύνης
3035 3254 3294 3326 ἐγέννησε
3319 3243 3536 3328 λύπην·
3569 3261 3716 3330 λύπη

2125 3332 2304 3404 στόμα
2339 3337 2459 3389 ἐστὶ
2505 3338 2741 3405 λέοντος,
2785 3344 2880 3398 καὶ
2920 3345 3010 3398 τὸν
3039 3345 3382 3417 λυπούμενον
3415 3354 3718 3408 καταπίνει

2123 3424 2386 3498 εὐχερῶς.
2419 3429 2645 3499 Σκώληξ
2683 3432 2804 3486 ἐστὶ
2836 3435 3065 3504 καρδίας
3097 3436 3265 3510 λύπη,
3299 3443 3401 3495 καὶ
3429 3445 3716 3499 κατεσθίει

2121 3515 2221 3583 τὴν
2273 3518 2543 3574 τεκοῦσαν
2603 3523 2840 3594 μητέρα.
2887 3525 3168 3582 Ὀδυνᾶται
3227 3533 3414 3604 μήτηρ
3445 3535 3716 3591 τίκτουσα

2121 3608 2354 3676 παιδίον,
2393 3611 2488 3666 ὲὰν
2511 3611 2666 3688 τέκῃ,
2693 3615 2793 3683 τῆς
2839 3618 3032 3690 ὀδύνης
3067 3621 3437 3694 ἀπήλλακται,
3470 3625 3628 3700 λύπη
3659 3631 3713 3684 δὲ

2118 3703 2458 3775 γεννωμένη,
2483 3706 2651 3760 πολὺν
2673 3712 2815 3762 κινεί
2833 3711 2923 3763 τὸν
2949 3712 3128 3778 πόνον,
3161 3715 3255 3769 καὶ
3282 3717 3424 3786 μετὰ
3455 3718 3562 3784 τὰς
3587 3722 3712 3774 ὠδίο

2117 3808 2216 3856 νας
2278 3799 2694 3868 παραμένουσα,
2745 3803 2805 3854 ού
2863 3805 3080 3876 μικρῶς
3127 3807 3406 3865 ὀδυνᾶται.
3453 3813 3576 3866 Οὐκ
3599 3810 3708 3868 οἶδε

2119 3886 2295 3956 χαράν
2339 3894 2720 3963 πνευματικὴν
2769 3893 3114 3966 λυπούμενος
3145 3901 3408 3972 μοναχὸς,
3459 3905 3542 3968 ὡς
3583 3908 3708 3962 οὐδὲ

2119 3977 2335 4048 μέλιτος
2374 3980 2566 4049 γεῦσιν
2615 3984 2644 4037 ό
2683 3987 2973 4056 πυρέσσων
3022 3989 3288 4062 σφοδρῶς.
3342 3996 3708 4070 Λυπούμενος

2119 4071 2351 4140 μοναχὸς
2408 4073 2470 4126 οὐ
2503 4075 2716 4146 κινήσει
2742 4077 2832 4131 τὸν
2855 4078 2980 4134 νοῦν
3001 4082 3081 4145 εἰς
3102 4082 3358 4154 θεωρίαν,
3381 4089 3508 4142 οὐδὲ
3535 4109 3708 4162 προσ-

2114 4163 2283 4232 ευχὴν
2319 4163 2570 4235 καθαρὰν
2607 4168 2960 4240 ἀναπέμπειο
3007 4176 3210 4241 παντὸς
3253 4178 3366 4246 γὰρ
3398 4179 3568 4236 καλοῦ
3615 4185 3706 4253 ἐμ-

2117 4254 2302 4308 πόδιόν
2331 4257 2457 4346 εστι
2477 4257 2644 4328 λύπη.
2676 4262 2886 4333 Δεσμος
2911 4266 3088 4319 ποδῶν
3131 4267 3392 4338 ἐμπόδιόν
3427 4274 3550 4326 ἐστι
3575 4275 3701 4346 δρό-

2116 4359 2243 4413 μου,
2274 4345 2370 4398 καὶ
2400 4344 2546 4418 λύπη
2608 4349 2868 4421 ἐμπόδιον
2904 4353 3154 4426 θεωρίας.
3207 4355 3570 4430 Αίχμά).ωτος
3593 4344 3700 4418 άπὸ

2115 4435 2408 4519 βαρϐάρων
2437 4437 2650 4494 δέδεται
2685 4443 2944 4515 σιδήριον,
2976 4445 3072 4500 καὶ
3091 4448 3442 4519 αἰχμάλωτος
3458 4453 3572 4508 ἀπὸ
3597 4471 3698 4509 πα·

2044 4565 2087 4618 D
2115 4528 2222 4582 θῶν
2259 4517 2466 4584 δέδεται
2495 4530 2662 4602 λύπη.
2685 4535 2798 4588 Οὐκ
2824 4536 3000 4607 ἰσχύει
3025 4517 3264 4613 λύπήμὴ
3285 4544 3576 4613 παρόντων
3591 4547 3696 4601 τῶν

2114 4620 2290 4676 ἄλλων
2323 4621 2535 4705 παθῶν,
2555 4625 2628 4688 ὡς
2657 4624 2782 4680 οὔτε
2805 4627 3022 4698 δεσμὸς,
3057 4632 3130 4702 μὴ
3165 4633 3452 4705 παρόντων
3477 4638 3590 4692 τῶν
3613 4640 3694 4694 δε-

2113 4703 2515 4780 σμούντων.⁶0
2546 4715 2830 4787 δεδεμένος
2861 4719 3006 4793 λύπῃ
3035 4703 3313 4794 νενίκητίαι
3339 4725 3448 4780 ὑπὸ
3482 4729 3688 4790 παθῶν,

2111 4805 2204 4856 καὶ
2246 4805 2336 4858 τὸν
2369 4805 2570 4878 δεσμὸν
2623 4809 2946 4882 ἐπιφέρεται
2986 4813 3088 4882 τῆς
3118 4815 3288 4884 ἣττης
3321 4816 3417 4870 τὸν
3449 4818 3688 4890 ἔλεγχον.

2109 4893 2268 4966 Λύπη
2314 4894 2423 4966 γὰρ
2465 4898 2783 4954 συνίσταται
2817 4903 2909 4954 ἐπὶ
2932 4905 3207 4976 ἀποτυχία
3233 4907 3474 4978 ὀρέξεως
3509 4928 3690 4982 σαρκιο

2107 4987 2212 5058 κῆς
2235 5005 2247 5018 ·
2281 4988 2460 5060 ὄρεξις
2483 4990 2538 5042 δὲ
2564 4993 2726 5046 παντὶ
2745 4995 2906 5048 πάθει
2935 4999 3311 5060 συνέζευκται.
3375 5002 3435 5053 ὐ
3463 5007 3688 5075 νικήσας

2111 5079 2312 5150 ὄρεξιν,
2371 5081 2592 5152 ἐνίκησε
2629 5084 2800 5155 πάθη,
2846 5089 2874 5139 ὁ
2912 5087 2968 5140 δὲ
2999 5090 3230 5160 νικήσας
3273 5092 3447 5162 πάθη,
3471 5095 3540 5148 οὐ
3565 5113 3690 5166 κρα-

2106 5171 2406 5242 τηθήσεται
2462 5173 2567 5226 ὑπὸ
2622 5175 2820 5246 λύπης.
2867 5179 3170 5252 Ἐγκρατὴς
3205 5183 3268 5236 οὐ
3317 5185 3574 5240 λυπεῖται
3601 5189 3688 5240 éz':

2105 5263 2376 5334 άπιιτυχίᾳ
2412 5263 2741 5334 βρωμάτων,
2770 5267 2892 5322 οὔτε
2915 5271 3148 5343 σώφρων
3171 5273 3496 5346 διαμαρτὼν
3524 5277 3686 5348 ἅτερο-

2107 5353 2274 5423 σύνης
2309 5355 2638 5422 ἀκολάστου,
2668 5358 2790 5411 οὐδὲ
2815 5360 3104 5436 ἀόργητος,
3132 5364 3428 5420 ἀποπεσὼν
3449 5368 3685 5440 ἁμύνη·,

2105 5444 2226 5498 οὐδὲ
2291 5448 2696 5519 ταπεινόφρων,
2767 5455 3054 5524 στερηθεὶς
3100 5459 3453 5534 ἀνθρωπίνης
3501 5463 3684 5534 τιμῆς.

2100 5537 2223 5591 οὐδὲ
2251 5538 2649 5612 ἁςκλάργυρος,
2677 5542 2851 5618 ζημίᾳ
2880 5551 3215 5620 περιπεσὼν,
3261 5555 3552 5622 ἐξέκλιναν
3580 5557 3684 5626 γὰρ

2095 5629 2195 5698 τὴν
2226 5628 2432 5682 τούτων
2475 5631 2653 5704 ὄρεξιν
2696 5635 2958 5705 δυνατῶς·
2995 5641 3184 5715 ῶσπερ
3219 5646 3330 5718 γὰρ
3380 5649 3410 5702 ὁ
3445 5647 3682 5720 τεθωρα-
