3838 6056
183 309 341 377 1157
1039 333 1042 338 ·
1231 313 1329 371 DE
1371 312 1560 374 ΟΕΤο
1593 313 2031 375 SPIIHTIBUS
2067 317 2426 378 MALIT[.E.
3320 325 3457 394 1153

143 429 442 500 κισμένος
464 426 523 481 ού
551 425 766 496 δέχεται
793 424 1158 496 βέλος,ο⁶ύτως
1199 428 1227 479 ὁ
1248 426 1462 498 ἀπαθὴς
1488 429 1548 480 ού
1582 428 1768 499 τιτρώ-

1880 432 2082 496 tinens,
2130 436 2275 503 quod
2331 435 2660 505 impudicam
2707 449 2938 506 nequeat
2975 445 3188 512 assequi
3225 443 3458 502 delecta-

143 533 376 574 σκεται
405 518 512 572 ἀπὸ
542 517 741 588 λύπης.

1881 524 2108 587 tionem,
2158 541 2336 595 neque
2386 538 2726 596 mansuetus,
2777 531 2922 599 quod
2967 534 3034 587 ab
3079 536 3284 592 ultione
3306 539 3457 596 exci-

137 613 344 677 derit,
370 627 548 683 neque
590 610 836 675 humilis,
873 609 1016 679 quod
1062 610 1304 665 humano
1352 609 1519 667 fuerit
1579 611 1808 668 orbatus
1846 613 2078 680 honore,
2121 631 2300 686 neque
2364 617 2459 687 qui
2490 618 2650 689 longe
2676 618 2746 673 ab
2780 621 3037 678 aviditate
3063 636 3148 680 est
3187 631 3454 697 pecuniae,

141 705 222 759 si
255 705 311 760 iu
339 704 722 760 detrimentum
755 700 976 770 aliquod
1035 700 1314 766 inciderit,
1368 701 1604 755 multum
1680 702 1828 756 enim
1881 703 2156 760 evitarunt
2205 706 2398 761 harum
2441 723 2625 762 rerum
2693 711 3072 781 cupiditatem,
3127 721 3255 787 quia
3313 725 3460 782 sic,"

144 797 410 854 thorace
465 797 688 852 indutus
734 807 1086 864 nequaquam
1105 793 1352 865 jaculum
1391 795 1652 861 admittit,
1691 794 1775 852 sic
1812 795 1908 867 qui
1944 798 2262 868 passionum
2311 811 2397 856 est
2447 816 2680 873 expers,
2733 820 2842 860 non
2901 808 3219 867 vulneratur
3267 830 3298 870 a
3364 819 3460 873 tri-

144 893 354 948 stitia.

774 1058 1028 1114 ΚΕΦΑΛ.
1077 1057 1180 1112 IB’.

244 1168 454 1239 Θυρεὸς
497 1168 824 1242 στρατιώτῃ,
869 1170 964 1223 καὶ
1011 1169 1165 1224 πόλει
1197 1171 1380 1242 τεῖχός
1407 1172 1557 1226 ἐστιν
1588 1170 1766 1242 ἀσφά-

144 1257 299 1312 λεια
321 1276 336 1292 ο
371 1259 612 1313 ἀπάθεια
638 1259 695 1313 δὲ
731 1259 950 1330 μοναχῷ
979 1260 1368 1333 ἀσφαλεστέρα
1389 1262 1720 1333 ἀμφοτέρων
1744 1279 1757 1292 ’

149 1350 374 1420 θυρεὸν
404 1351 500 1422 μὲν
532 1351 640 1422 γὰρ
669 1351 812 1404 διέδυ
842 1349 996 1421 βέλος
1037 1352 1203 1424 ῥοίζῳ
1225 1356 1530 1425 φερόμενον
1563 1353 1762 1409 πολλὰ·

147 1461 288 1508 κις,
324 1445 416 1498 καὶ
441 1447 616 1515 τεῖχος
650 1445 960 1516 κατέσκαψε
993 1447 1200 1519 πλῆθος
1220 1447 1588 1528 πολεμιστῶν,
1616 1451 1763 1505 ἀπα-

2471 1060 2701 1117 CAPUT
2740 1061 2855 1118 XII.

1943 1171 2098 1228 Militi
2131 1174 2401 1231 securitas
2435 1184 2521 1231 est
2544 1177 2788 1249 clypeus,
2813 1187 2868 1234 et
2905 1179 3024 1235 urbi
3057 1196 3250 1238 murus
3291 1200 3306 1240 :
3341 1199 3458 1240 mo-

1869 1265 2050 1320 nacho
2106 1281 2235 1323 vero
2295 1269 2615 1338 passionum
2667 1271 2937 1336 vacuitas,
2972 1273 3240 1329 ambobus
3266 1285 3349 1330 est
3373 1291 3460 1331 se-

1869 1358 2092 1423 curior;
2121 1369 2175 1414 et
2207 1361 2354 1416 enim
2389 1377 2532 1432 saepe
2558 1363 2778 1433 quidem
2817 1364 3011 1435 sagitta
3043 1366 3222 1422 valido
3243 1368 3454 1423 vibrata

1870 1451 2100 1507 brachio
2130 1461 2374 1522 permeat
2402 1454 2676 1525 clypeum,
2707 1464 2762 1510 ct
2810 1456 3136 1512 bellatorum
3167 1461 3458 1516 multitudo

150 1535 330 1600 Θείας
379 1535 436 1589 δὲ
487 1537 547 1588 ού
601 1537 921 1608 κατισχύσει
968 1538 1134 1611 λύπηι
1178 1540 1237 1594 '0
1281 1542 1518 1612 κρατῶν,
1546 1542 1760 1608 παθῶν,

1874 1561 2092 1600 murum
2129 1544 2337 1609 eﬂ‘odit,
2377 1546 2596 1601 tristitia
2621 1563 2750 1602 vero
2775 1563 2884 1602 non
2923 1550 3238 1619 praevalebit
3269 1554 3454 1608 vacui-

151 1629 450 1701 ὲκράτησε
502 1630 700 1700 λύπης,
755 1631 1070 1704 ἡττώμενος
1112 1634 1167 1688 δὲ
1201 1634 1414 1707 ἡδονῆς,
1441 1637 1540 1690 ούκ
1564 1636 1766 1705 ἐκφεύι

151 1718 325 1784 ξεται
353 1719 477 1782 τοὺς
506 1719 710 1791 ταύτης
738 1721 992 1792 δεσμούς.
1041 1724 1101 1776 ὐ
1125 1723 1468 1795 λυπούμενος
1500 1726 1763 1796 συνεχῶς,

153 1812 271 1865 καὶ
305 1811 771 1883 προσποιούμενος
800 1814 1092 1879 ἀπάθειαν,
1127 1816 1315 1886 ὅμοιός
1343 1820 1460 1871 ἐστι
1493 1817 1759 1884 νοσοῦντι,

157 1905 276 1958 καὶ
299 1905 489 1973 ὑγείαν
521 1906 956 1979 ὑποκρινομένῳο
981 1907 1056 1972 ὼς
1086 1910 1197 1980 γὰρ
1223 1912 1251 1964 ὁ
1303 1911 1476 1964 νοσῶν
1504 1911 1763 1984 δηλοῦται

157 1997 286 2051 ἀπὸ
317 1997 412 2051 τοῦ
442 1998 753 2070 χρώματος,
784 1990 1015 2076 οὕτως
1050 2003 1306 2074 ἐμπαθὴς
1337 2005 1621 2076 ἐλέγχεται
1655 2006 1764 2059 ἀπὸ

157 2089 377 2163 λύπης.
421 2093 478 2146 'U
517 2093 748 2162 ἀγαπῶν
769 2094 860 2148 τὸν
885 2098 1112 2166 κόσμον,
1153 2096 1529 2169 λυπηθήσεται
1566 2099 1759 2165 πολλὰ,

159 2186 536 2256 καταφρονῶν
579 2187 634 2240 δὲ
672 2187 782 2242 τῶν
841 2188 900 2241 ὲν
951 2187 1122 2259 αὐτῷ,
1184 2191 1623 2261 εὐφρανθήσεται
1673 2192 1763 2246 διὰ

161 2278 406 2341 παντός.
424 2278 761 2351 Φιλάργυρος
797 2279 1097 2350 ζημιωθεὶς
1125 2280 1501 2353 λυπηθήσεται
1526 2284 1757 2354 πικρῶς,

158 2371 198 2420 ὁ
236 2367 294 2421 δὲ
332 2370 684 2438 καταφρονῶν
725 2374 1047 2440 χρημάτων,
1085 2369 1293 2435 ἄλυπος
1332 2371 1505 2425 ἔσται.
1541 2372 1757 2426 Φιλόδο-

166 2458 264 2522 ξος
291 2459 682 2532 λυπηθήσεται,
712 2460 1048 2531 ἐπελθούσης
1080 2462 1328 2534 ἀτιμίας,
1360 2466 1389 2516 ὁ
1413 2464 1468 2517 δὲ
1505 2467 1758 2520 ταπεινό-

167 2567 334 2621 φρων
370 2551 574 2623 ταύτην
628 2552 703 2616 ὡς
744 2552 1042 2626 σύντροφον
1094 2554 1327 2622 δέξεται.
1375 2557 1758 2631 Χωνευτήριον

168 2645 450 2717 ἐκάθηρεν
485 2645 744 2718 ἀργύριον
781 2648 1062 2719 ἀδόκιμον,
1103 2649 1195 2702 καὶ
1233 2649 1380 2721 λύπη
1421 2651 1566 2706 κατὰ
1624 2651 1758 2708 Θεὸν

169 2740 411 2809 καρδίαν
433 2743 488 2793 ἐν
513 2741 811 2813 ἁμαρτίαις
839 2759 852 2771 ο
895 2741 1164 2812 χὼνευσις
1202 2744 1436 2815 συνεχὴς
1479 2748 1627 2816 μειοῖ
1661 2747 1760 2818 μό-

169 2832 380 2897 λιϐδον,
417 2835 508 2887 καὶ
535 2834 678 2901 λύπη
713 2835 952 2908 κοσμικὴ
987 2836 1201 2890 ἐλαττοῖ
1223 2837 1483 2892 διάνοιαν.
1530 2839 1758 2910 ὀφθαλ-

1876 1639 1968 1695 tati
1994 1639 2334 1709 passionum.
2378 1637 2482 1703 Qui
2514 1639 2828 1694 dominatur
2866 1641 3238 1710 passionibus,
3277 1642 3457 1700 donti-

1873 1742 2048 1806 uatus
2076 1738 2160 1784 est
2196 1728 2452 1794 tristitiae,
2487 1729 2735 1784 devictus
2785 1738 2966 1784 autem
3001 1746 3031 1786 a
3070 1732 3368 1802 voluptate,
3399 1735 3458 1789 il-

1873 1821 1979 1876 lius
2003 1835 2111 1874 non
2148 1819 2370 1890 cﬂ‘ugiet
2407 1819 2624 1875 vincula
2650 1839 2664 1875 :
2686 1821 2781 1890 qui
2818 1821 3063 1877 tristatnr
3089 1823 3328 1888 assidue,
3363 1840 3448 1880 se-

1871 1928 1978 1982 que
2008 1912 2240 1967 liberum
2269 1927 2301 1966 a
2332 1913 2684 1983 passionibus
2709 1913 2929 1970 fictione
2968 1916 3274 1984 profitetur,
3301 1917 3456 1972 simi-

1871 2005 1938 2060 lis
1977 2013 2062 2060 est
2089 2005 2396 2077 aegrotanti,
2418 2005 2512 2076 qui
2549 2005 2771 2060 simulat
2793 2008 3080 2062 sanitatem
3105 2026 3120 2074 ;
3144 2009 3288 2064 sicut
3306 2010 3454 2064 enim

1868 2101 1961 2171 qui
1991 2101 2184 2155 morbo
2237 2101 2469 2164 laborat,
2519 2114 2549 2154 a
2589 2100 2771 2155 colore
2817 2101 3219 2169 manifestatur,
3248 2103 3330 2177 Vita
3359 2103 3454 2173 qui

1869 2193 2220 2262 passionihus
2287 2191 2495 2255 subest,
2559 2193 2868 2262 arguiture
2919 2193 3162 2248 tristitia.
3197 2194 3302 2260 Qui
3329 2195 3456 2249 dili-

1867 2288 1944 2356 git
1987 2285 2251 2340 mundum
2285 2286 2440 2340 valde
2492 2284 2666 2339 tristis
2706 2285 2978 2351 mmrebit,
3023 2287 3117 2342 sed
3149 2286 3242 2356 qui
3272 2287 3458 2357 despi-

1867 2377 1942 2431 cit
1968 2391 2053 2441 ea,
2080 2391 2204 2446 qua:
2234 2375 2285 2428 in
2325 2375 2443 2443 ipso
2483 2384 2633 2438 sunt,
2665 2388 2882 2444 semper
2910 2375 3184 2444 gaudebit.
3218 2378 3453 2438 Avarus,

1867 2472 1914 2527 si
1956 2473 2163 2524 damno
2196 2465 2362 2521 ftterit
2405 2465 2656 2529 ali'ectus,
2695 2480 2881 2519 amare
2922 2465 3368 2530 contristabitur,
3398 2476 3457 2521 at

1865 2559 1958 2630 qui
1996 2559 2298 2614 contemnit
2343 2556 2628 2627 pecunias,
2684 2556 2894 2625 absque
2920 2555 3140 2610 tristitia
3169 2555 3338 2627 468
3369 2557 3453 2610 vi-

1864 2663 1972 2707 vet.
2017 2650 2118 2718 Qui
2145 2650 2338 2705 avidus
2369 2657 2452 2704 est
2501 2648 2707 2718 gloria),
2755 2647 3171 2716 superveniente
3203 2647 3452 2712 infamia,

1865 2744 2068 2800 incidet
2091 2744 2142 2797 in
2169 2741 2446 2796 tristitiam
2469 2757 2484 2807 ;
2510 2755 2698 2795 verum
2713 2739 2806 2808 qui
2826 2739 3104 2793 hutniliter
3125 2739 3286 2808 sapit,
3305 2755 3450 2805 eam,

1863 2835 2031 2892 veluti
2087 2834 2330 2889 sodalem
2387 2831 2643 2902 excipiet.
2695 2829 2914 2886 Fornax
2967 2829 3286 2886 conliatoria
3339 2846 3449 2885 non

174 2923 302 2993 μῶν
331 2924 616 2994 ἐνέργειαν
674 2928 915 2997 ἀμαυροί
953 2927 1176 2996 γνόφος,
1205 2929 1299 2982 καὶ
1337 2928 1462 2981 νοῦν
1489 2929 1759 3004 θεωρητι-

1874 2928 2154 3000 probatum
2217 2933 2488 2996 expurgat
2550 2931 2859 2991 argentum,
2913 2931 2968 2978 et
3001 2922 3222 2976 tristitia
3249 2935 3448 2976 secun-

171 3014 276 3067 κὸν
298 3013 557 3084 ἀμϐλύνει
595 3015 738 3087 λύπη
765 3035 776 3048 ·
803 3016 965 3088 βυθὸν
991 3017 1186 3081 ὕδατος
1239 3019 1297 3070 ού
1320 3019 1589 3074 διαϐαίνει
1611 3020 1768 3092 ἡλια-

172 3105 276 3158 κὸν
311 3107 528 3174 φέγγος,
567 3108 660 3160 καὶ
690 3108 918 3179 καρδίαν
967 3109 1281 3162 κατάλυπον
1321 3110 1379 3161 ού
1428 3110 1768 3180 καταυγάζει

172 3199 386 3269 θεωρία
411 3199 584 3267 φωτός
611 3215 625 3229 ·
663 3200 761 3272 ἡδὺ
801 3203 969 3256 πᾶσιν
996 3202 1308 3274 ἀνθρώποις
1333 3203 1571 3274 ἀνατολὴ
1591 3203 1763 3273 ἡλίου,

169 3291 586 3363 δυσαρεστεῖται
617 3294 674 3347 δὲ
707 3296 800 3348 καὶ
854 3295 1030 3365 τούτῳ
1104 3297 1423 3368 λυπουμένη
1470 3298 1640 3370 ψυχή.
1666 3299 1763 3353 Ατ-

176 3385 376 3456 σθησιν
427 3386 668 3454 γεύσεως
709 3388 1027 3459 ἀφαιρεῖται
1070 3389 1308 3460 ἴκτερος,
1343 3391 1437 3444 καὶ
1469 3389 1648 3461 ψυχῆς
1675 3391 1764 3445 αἴ·-

177 3478 374 3549 σθησιν
405 3479 720 3550 ἀφαιρεῖται
753 3480 920 3552 λύπη.
955 3481 1014 3536 ’0
1043 3482 1099 3535 δὲ
1123 3483 1484 3554 καταφρονῶν
1514 3485 1620 3536 τῶν
1643 3484 1766 3554 ἠδο-

174 3569 289 3623 νῶν
337 3569 430 3622 τοῦ
499 3569 706 3643 κόσμου
786 3574 886 3628 οὐκ
923 3573 1292 3646 ὀχληθήσεται
1351 3574 1458 3630 ὑπὸ
1489 3575 1765 3648 λογισμῶν

174 3662 377 3733 λύπης.

1865 3021 1995 3076 dum
2048 3017 2244 3082 Deum,
2302 3031 2419 3081 cor,
2455 3015 2602 3086 quod
2633 3024 2716 3068 est
2766 3014 2819 3066 in
2864 3011 3106 3082 peccatis
3142 3029 3156 3065 :
3188 3010 3450 3066 continua

1865 3114 2165 3169 conﬂatura
2228 3111 2510 3181 plumbum
2563 3107 2858 3170 imminuit,
2904 3117 2960 3159 et
2991 3103 3178 3158 mundi
3227 3103 3450 3157 tristitia

1864 3204 2121 3261 diminuit
2146 3203 2506 3258 intellectum.
2542 3201 2725 3254 Aciem
2750 3197 3037 3252 oculorum
3075 3194 3448 3264 perspicacem

1863 3297 2039 3368 caligo
2071 3295 2344 3356 obfuscat,
2385 3303 2438 3348 et
2493 3299 2731 3345 mentem
2787 3287 3056 3343 addictatn
3108 3284 3449 3354 contempla-

1870 3391 2002 3444 tioni
2026 3390 2236 3444 hebetat
2275 3385 2518 3442 tristitia.
2547 3385 2716 3454 Aqua:
2739 3381 3164 3452 profunditatem
3193 3393 3299 3431 non
3329 3392 3452 3446 per-

1870 3485 2020 3537 vadit
2051 3481 2182 3535 solis
2214 3478 2411 3548 fulgor,
2447 3483 2501 3530 et
2538 3489 2633 3528 cor
2653 3471 2909 3527 allectum
2943 3468 3163 3524 trisntia
3199 3475 3450 3522 contem-

1871 3575 2040 3648 platio
2063 3571 2284 3628 luminis
2305 3585 2413 3625 non
2451 3569 2726 3623 illustrat:
2758 3563 2892 3619 solis
2921 3569 3099 3625 ortus,
3129 3560 3288 3616 dulce
3317 3559 3447 3630 quid

1874 3669 2195 3726 hominibus
2221 3673 2337 3730 est;
2363 3672 2412 3717 at
2447 3662 2655 3728 anima,
2686 3673 2809 3730 quae
2833 3656 3055 3712 tristitia
3084 3653 3361 3724 alliigitur,
3395 3653 3449 3705 in

176 3774 249 3812 eo
281 3774 494 3830 quoque
529 3759 634 3816 sibi
700 3761 975 3831 diSplicet.
1020 3760 1270 3818 .Morbus
1309 3769 1574 3832 arquatus
1614 3778 1838 3821 sensum
1879 3764 2059 3822 aufert
2091 3773 2305 3834 gustus,
2340 3769 2394 3816 et
2415 3758 2638 3813 tristitia
2680 3755 2817 3811 tollit
2856 3754 3054 3808 animae
3108 3765 3352 3807 sensum.
3383 3747 3452 3802 At

177 3854 275 3922 qui
329 3855 511 3909 mutuli
568 3856 876 3926 voluptates
917 3855 1240 3918 contemnit,
1272 3869 1303 3909 a
1334 3854 1759 3926 cogitationibus
1798 3859 2032 3916 tristitia:
2059 3871 2170 3912 non
2195 3852 2524 3909 turbabitur.

765 4009 1014 4064 ΚΕΦΑΛ.
1064 4009 1164 4062 li".

739 4148 879 4215 Περὶ
906 4145 1183 4216 (meum.

269 4264 485 4336 ’Δκηδία
513 4265 658 4319 ἐστὶν
683 4265 872 4319 ἀτονία
901 4263 1104 4335 ψυχῆς,
1137 4265 1327 4319 ἀτονία
1353 4265 1408 4319 δὲ
1443 4265 1623 4337 ψυχῆς
1659 4265 1761 4318 οὐκ

183 4352 378 4427 ἔχουσα
412 4357 470 4410 τὸ
500 4355 642 4410 κατὰ
695 4355 878 4426 φύσιν,
913 4356 1033 4409 οὐδὲ
1064 4356 1204 4428 πρὸς
1239 4358 1580 4429 πειρασμοὺς
1611 4357 1770 4410 ἵστα-

181 4466 273 4501 ται
303 4448 580 4517 γενναίως.
614 4448 796 4519 Ὅπερ
825 4449 936 4520 γάρ
972 4451 1090 4502 ἐστι
1115 4450 1292 4521 τροφὴ
1320 4449 1631 4502 εύεκτοῦντι
1657 4449 1765 4502 σώ-

189 4539 522 4612 ματι,τοῦτό
554 4541 670 4594 ἐστι
714 4541 1022 4613 πειρασμὸς
1063 4543 1292 4614 γενναία
1353 4541 1522 4614 ψυχῇ.
1567 4542 1768 4614 Βορέας

185 4634 384 4701 ἄνεμος
426 4633 614 4703 τρέφει
644 4633 993 4703 γεννήματα,
1029 4633 1124 4686 καὶ
1153 4634 1453 4704 πειρασμοὶ
1488 4631 1768 4703 βεϐαιοῦσι

186 4723 482 4794 καρτερίαν
509 4723 709 4794 ψυχῆς.
742 4724 961 4796 Νεφέλη
985 4722 1210 4795 ἄνυδρος
1233 4721 1490 4777 διώκεται
1514 4723 1618 4777 ὑπὸ
1642 4722 1770 4777 ἀνέ-

189 4830 316 4884 μου,
365 4813 459 4866 καὶ
513 4814 638 4877 νοῦς
692 4815 975 4886 ὑπομονὴν
1012 4814 1087 4886 μὴ
1116 4814 1278 4885 ἔχων,
1317 4815 1424 4868 ὑπὸ
1459 4813 1769 4885 πνεύματος

186 4903 439 4973 ἁκηδίας.
495 4904 693 4974 Δρόσος
760 4905 950 4978 ὲαρινὴ
1001 4907 1156 4970 αὓξει
1205 4906 1419 4976 καρπὸν
1447 4906 1643 4976 ἀγροῦ,
1676 4905 1771 4960 καὶ

187 4993 346 5062 λόγος
376 4994 745 5062 πνευματικὸς
775 4994 902 5064 ύψοῖ
945 4995 1285 5048 κατάστασιν
1312 4993 1515 5063 ψυχῆς.
1560 4993 1772 5065 Ῥεῦμα

189 5086 423 5156 ἁκηδίας
458 5085 736 5151 ἐξελαύνει
794 5087 1030 5158 μοναχὸν
1082 5088 1146 5140 ἐκ
1193 5086 1291 5156 τῆς
1335 5086 1514 5148 οἰκίας
1535 5087 1773 5151 αύτοῦ,6

189 5181 246 5234 δὲ
283 5180 419 5250 έχων
443 5180 721 5249 ὑπομονὴν
752 5176 1017 5249 ἡσυχάζει
1043 5176 1357 5239 διαπαντός.
1376 5175 1774 5230 ’Δσθενούντων

194 5272 508 5342 ὲτισκέψης
548 5272 910 5341 προϐάλλεται
957 5274 984 5324 ὁ
1021 5267 1378 5340 ἁκηδιαστὴς.
1439 5268 1779 5339 πληροφορεί

192 5360 248 5419 δὲ
278 5365 368 5416 τὸν
399 5364 530 5419 ἴδιον
564 5365 787 5417 σκοπόν.
831 5361 1191 5432 Ἀκηδιαστὴς
1216 5360 1474 5429 μοναχδς,
1508 5361 1643 5430 πρὸς
1665 5360 1780 5412 δια-

194 5457 382 5511 κονίαν
419 5455 567 5522 ὀξὺς,
597 5457 694 5509 καὶ
717 5455 938 5525 ἐντολὴν
970 5453 1248 5520 λογίζεται
1277 5451 1378 5522 τὴν
1411 5450 1608 5506 ἑαυτοῦ
1639 5451 1778 5520 πλη-

193 5549 450 5622 ροφορίαν
482 5565 496 5579 ·
547 5547 713 5617 φυτὸν
752 5547 980 5617 ἀδρανὲς
1019 5544 1229 5600 ἔκλινεν
1268 5538 1411 5612 αὖρα
1451 5541 1645 5611 λεπτὴ,
1685 5539 1782 5593 καὶ

193 5641 468 5714 φαντασία
527 5641 842 5711 ἀποδημίας
872 5639 1124 5692 εἵλκυσεν
1157 5635 1515 5706 ἁκηδιαστήν.
1556 5632 1784 5701 Δένδρον

200 5733 379 5796 καλῶς
405 5732 654 5803 πεπηγὸς
681 5732 782 5787 οὐκ
824 5730 1002 5785 ἔσεισε
1033 5729 1121 5798 βία
1143 5727 1491 5798 πνευμάτων,
1527 5724 1622 5777 καὶ
1639 5724 1780 5791 ἀκη-

2464 4005 2697 4065 CAPUT
2728 4003 2867 4060 XIII.

2303 4125 2373 4180 De
2415 4122 2625 4185 acedia,
2662 4114 2773 4174 seu.
2798 4116 3026 4172 desidia.

1941 4245 2139 4303 Acedia
2191 4251 2276 4299 est
2323 4241 2521 4296 animae
2563 4239 2832 4306 languor,
2888 4233 3085 4287 animae
3120 4242 3246 4282 vero
3298 4225 3452 4281 infir-

1803 4349 1846 4407 ι)
1877 4345 2057 4408 mitas,
2091 4353 2216 4396 cum
2250 4351 2357 4390 non
2400 4333 2615 4396 habeat,
2652 4328 2797 4400 quod
2835 4335 2918 4382 est
2960 4322 3260 4380 secundum
3293 4327 3454 4374 natu-

1852 4454 2010 4501 4~am,
2061 4448 2161 4488 nec
2213 4431 2480 4485 adversus
2516 4422 3154 4489 tentationcsgeuerose
3187 4410 3452 4482 persistit.

1869 4529 2024 4599 Quod
2079 4526 2225 4582 enim
2280 4523 2334 4576 in
2363 4533 2595 4591 corpore.
2660 4517 2799 4570 bene
2831 4509 3031 4566 valenti
3061 4514 3322 4599 operatur
3355 4501 3455 4555 ali-

1868 4595 2137 4678 mentum,
2184 4615 2288 4668 hoc
2321 4612 2463 4666 idem
2519 4606 2750 4662 tentatio
2784 4603 2838 4657 in
2880 4600 3060 4656 anima
3095 4595 3254 4651 clﬁeit
3295 4607 3460 4663 gene-

1868 4729 2016 4768 rosa.
2056 4708 2258 4762 Boreas
2285 4712 2479 4758 ventus
2508 4698 2680 4756 nutrit
2713 4694 2980 4766 germina,
3021 4697 3076 4744 et
3108 4685 3457 4744 tentatioues,

1871 4806 2070 4863 animae
2126 4796 2494 4856 constantiam
2565 4791 2804 4844 ﬁrmant.
2853 4783 3036 4839 Nubes
3077 4794 3218 4849 aqua
3263 4789 3461 4830 cari-ns

1873 4913 1902 4951 a
1927 4906 2085 4950 vento
2108 4887 2442 4960 dispellitur,
2464 4892 2518 4938 et
2544 4896 2724 4944 meus,
2754 4875 3069 4948 patientiam
3096 4887 3202 4925 non
3230 4868 3456 4966 habens,

1874 5005 1904 5042 a
1938 4986 2135 5057 spiritu
2166 4979 2411 5037 desidiae.
2453 4975 2562 5028 ltus
2607 4985 2808 5025 vernus
2852 4975 3014 5036 auget
3050 4963 3285 5016 fructum
3319 4963 3458 5057 agri,

1874 5089 1932 5135 et
1949 5046 2133 5133 s'ermo
2165 5069 2469 5144 spiritualis
2495 5073 2698 5122 statum
2721 5061 2918 5115 anima:
2941 5058 2993 5110 in
3029 5055 3262 5109 sublime
3288 5046 3479 5144 ενοι-ί

1878 5174 1957 5228 lit.
1994 5171 2217 5225 Fluctus
2235 5161 2460 5221 desidia:
2486 5155 2816 5213 monachum
2849 5148 3069 5220 expellit
3097 5161 3128 5200 e
3154 5145 3317 5198 domo
3341 5153 3462 5199 sua,

1878 5265 1972 5334 qui
2000 5275 2128 5316 vero
2165 5257 2358 5314 tolerat
2402 5251 2674 5319 habetque
2697 5243 3038 5334 patientiam,
3059 5237 3297 5334 quietam
3317 5242 3463 5283 scm-

1880 5325 1976 5423 per
2035 5345 2288 5416 transigit
2341 5342 2530 5396 vitam.
2571 5336 2912 5392 lnfirmorum
2946 5325 3279 5423 visitationes
3324 5331 3466 5386 prato

1883 5417 2018 5497 texit
2042 5437 2208 5510 [‘69
2237 5433 2540 5505 negligens,
2570 5427 2794 5500 proprio
2831 5437 2959 5478 vero
3003 5417 3180 5510 genio,
3212 5419 3265 5464 ct
3301 5422 3466 5476 scopo

1885 5506 2184 5588 satisfacit.
2213 5523 2518 5581 Monachus
2569 5523 2723 5592 piger
2764 5517 2830 5571 ad
2869 5506 3230 5572 ministerium
3268 5513 3351 5603 est
3375 5514 3466 5603 ve-

1885 5623 1998 5686 lox,
2063 5628 2330 5690 putatque
2375 5587 2702 5685 praeceptum
2734 5622 2863 5667 esse
2906 5601 2991 5662 sui
3048 5587 3470 5693 ipsiussati—sfa-

1887 5683 2144 5787 ctiottetn.
2172 5683 2318 5763 Aura
2345 5683 2529 5765 tenuis
2552 5704 2831 5761 infirmam
2867 5697 3116 5780 quassat,
3147 5683 3474 5749 innectitque
