3838 6056
395 297 532 364 1159

390 413 656 486 plantam,
697 418 752 463 et
784 406 1242 479 peregrinationis
1270 404 1587 478 imaginatio
1643 403 1809 460 trahit
1828 405 1972 460 desi-

1883 299 1946 353 S.
2006 294 2169 355 NILI

2077 403 2168 464 δία
2195 411 2296 466 οὐκ
2348 409 2598 480 ἔκαμψεν
2643 405 3045 481 ἐρηρεισμένην
3081 399 3288 472 ψυχήν.
3348 393 3696 462 Κυκλευτὴς

3545 279 3698 343 1160

389 505 538 560 dem.
575 499 722 555 Bene
757 498 975 570 alteque
1017 497 1252 553 deﬁxam
1280 498 1527 552 arborem
1546 503 1831 551 ventorum
1863 510 1972 550 nou

2103 507 2342 576 ιοναχὸς,
2397 501 2678 573 φρύγανον
2734 497 2996 571 ἐρημίας,
3047 493 3228 561 ὀλίγον
3258 488 3550 562 ἡσύχασε,
3598 488 3699 539 καὶ

391 592 636 650 concutit
665 590 950 656 violentia,
978 598 1031 643 ct
1052 589 1260 644 desidia
1281 588 1508 644 lirmiter
1536 587 1830 642 hazrentem
1857 587 1978 641 ani-

390 701 538 741 mam
559 699 666 740 non
696 681 945 738 inﬂectit.
970 681 1244 737 Circuitor
1266 679 1570 736 monachus
1603 678 1819 733 aridum
1865 678 1978 734 vir-'

393 779 604 848 gultum
631 785 716 832 est
745 776 1096 842 solitudinis;
1132 776 1415 846 paululum
1459 773 1828 845 conquiescit,
1851 789 1980 830 rur-

390 886 602 941 susque
663 869 839 924 fertur
884 870 1111 924 invitus.
1158 867 1348 923 Planta
1404 869 1668 924 translata
1739 867 1980 922 fructum

394 976 504 1018 non
537 962 716 1027 affert,
773 971 828 1017 et
877 963 1184 1016 monachus
1223 959 1696 1015 circumforaneus
1742 957 1981 1014 fructum

395 1068 506 1110 non
536 1055 688 1110 dabit
719 1054 958 1110 virtutis.
997 1053 1218 1108 Infirmo
1262 1067 1327 1108 ac
1359 1051 1526 1106 debili
1558 1068 1664 1106 non
1691 1067 1856 1106 unum
1894 1069 1985 1107 sa-

2080 577 2245 652 πάλιν
2303 595 2528 666 φέρεται
2583 591 2658 663 μὴ
2711 589 3058 660 βουλόμενος.
3125 582 3304 636 cum
3361 577 3698 648 μεταφερό-

2086 706 2248 761 μενον
2289 688 2349 741 οὐ
2400 685 2770 757 καρποφορεῖ,
2810 681 2905 735 καὶ⁵
2963 675 3201 746 μοναχδς
3240 670 3604 761 κυκλειττὴςῗ
3633 671 3700 721 οὐ

2085 760 2306 848 ποιήσει
2368 773 2580 846 καρπὸν
2643 771 2869 841 ἀρετῆς.
2918 769 2978 822 Ὀ
3009 763 3255 822 ἀσθενῶν
3290 763 3402 816 οὐκ
3426 760 3702 848 ἀρκεῖται

2087 847 2263 940 τροιρῇ
2290 868 2408 938 μιᾷ,
2431 865 2526 918 καὶ
2552 861 2886 940 ἁκηῄδιαστὴς
2915 857 3144 930 μοναχὸς
3175 857 3234 908 ὲν
3253 853 3414 923 ἔργῳ
3449 848 3560 900 ἑνί.
3581 847 3702 899 Φιλ-

2293 935 2409 1013 τούκ
2439 935 2668 1030 ἀρκέσεί
2701 955 2800 1025 μία
2840 950 3002 1022 γυνὴ,
3042 949 3138 1002 καὶ
3167 944 3493 1018 ἀκηδιαστῇ
3529 955 3704 1010 pavu-

2093 1054 2174 1126 χῷ
2206 1053 2307 1106 οὐκ
2337 1050 2564 1122 ἀρκέσει
2599 1046 2696 1118 μία
2721 1045 2910 1098 κέλλα.

399 1145 602 1202 tisfacit
663 1146 1009 1209 alimentum,
1041 1153 1096 1199 et
1165 1159 1266 1216 pro
1315 1144 1594 1200 desidioso
1635 1148 1906 1202 monacho
1945 1164 2052 1204 non
2203 1155 2288 1202 est
2326 1159 2494 1200 unum
2516 1156 2676 1212 opus.
2707 1136 3013 1206 Voluptatis
3039 1133 3240 1205 cupido
3271 1145 3389 1187 una
3427 1141 3550 1184 non
3580 1122 3706 1180 suf-

404 1239 521 1294 ficit
553 1237 778 1306 femina,
810 1247 866 1294 et
894 1238 1168 1292 monacho
1212 1237 1387 1292 desidi
1422 1253 1528 1293 non
1572 1239 1706 1295 satis
1733 1241 1838 1296 erit
1877 1258 1984 1298 una
2022 1243 2177 1300 cella.

992 1395 1221 1452 CAPUT
1250 1396 1390 1452 XIV.

471 1509 682 1567 Oculus
725 1507 912 1578 segnis
951 1507 1174 1563 assidue
1211 1507 1472 1565 fenestris
1512 1509 1721 1567 intento
1769 1513 1987 1584 aspicit,

400 1603 760 1674 ejusdemque
812 1600 1127 1656 intellectus
1160 1601 1448 1658 visitantes
1499 1601 1868 1674 imaginatur:
1905 1607 1992 1676 ja-

2691 1401 2944 1456 KE<I>AA.
2991 1401 3089 1454 IA'.

2163 1519 2474 1592 Ὀφθαλμδς
2495 1517 2828 1589 ἀκηδιαστοῦ
2847 1517 2970 1577 ταῖς
2985 1511 3200 1584 θυρίσιν
3219 1507 3543 1572 ὲνατενίζει
3606 1521 3710 1559 συ-

2081 1613 2243 1686 χνῶς,
2296 1615 2390 1668 καὶ
2431 1616 2466 1685 ἡ
2500 1610 2711 1666 διάνοια
2765 1608 2932 1664 αὐτοῦ
2986 1608 3113 1670 τοὺς
3167 1600 3709 1672 ὲπισκεπτομένους

403 1709 514 1750 nua
563 1691 857 1748 stridorem
905 1691 1096 1758 edidit,
1147 1693 1354 1749 exsiliit
1388 1694 1502 1761 ille,
1535 1711 1724 1752 vocem
1787 1699 1982 1765 audiit,

2103 1705 2468 1775 ραντάζεται*
2523 1703 2740 1773 ἔτρισεν
2785 1702 2820 1770 ἡ
2863 1698 3026 1770 θύρα,
3077 1696 3339 1761 κάκεῖνος
3392 1689 3707 1761 ὲξὴλλατο,

398 1783 622 1854 jamque
643 1798 740 1853 per
773 1781 1066 1838 fenestram
1116 1782 1412 1839 inclinatus
1446 1787 1705 1856 respexit,
1738 1802 1838 1842 nec
1863 1790 1988 1844 inde

399 1875 655 1940 discedit,
679 1887 968 1943 usquequo
1010 1873 1229 1940 sedens,
1271 1874 1641 1945 Obstupescat.
1682 1876 1872 1945 Deses,
1908 1879 1987 1934 le-

401 1965 580 2038 geudo
603 1980 746 2035 saepe
766 1967 992 2029 oscitat,
1021 1975 1076 2020 et
1091 1965 1160 2019 ad
1181 1981 1436 2020 somnum
1469 1967 1628 2022 facile
1649 1969 1984 2034 devolvitur,

402 2057 675 2114 confricat
705 2057 936 2122 vultum,
982 2058 1356 2128 distenditque
1391 2074 1613 2126 manus,
1645 2070 1701 2115 et
1733 2070 1988 2118 avertens

404 2151 597 2224 oculos
627 2166 660 2206 a
690 2151 850 2217 libro,
883 2151 936 2205 in
983 2152 1200 2221 pariete
1231 2152 1380 2220 ipsos
1407 2153 1628 2221 deligit:
1668 2155 1870 2208 iterum
1904 2171 1990 2212 re-

406 2257 601 2297 versus
629 2258 921 2313 parumper
946 2242 1096 2311 legit,
1115 2243 1497 2313 replicansque
1515 2244 1803 2300 verborum
1829 2246 1986 2312 fines,

404 2333 624 2388 laborat
670 2333 928 2397 inaniter,
983 2333 1113 2388 folia
1143 2344 1449 2402 enumerat,
1499 2345 1555 2391 et
1600 2337 1989 2406 quaterniones

406 2425 730 2490 calculator,
790 2424 1122 2494 scripturam
1184 2433 1238 2480 et
1280 2437 1532 2480 ornatum
1584 2428 1880 2496 vituperat,
1925 2443 1991 2485 ac

403 2518 626 2573 demum
683 2516 1022 2586 complicans
1068 2516 1330 2586 supponit
1374 2518 1540 2587 capiti
1572 2518 1794 2586 librum,
1829 2521 1990 2576 edor-

407 2610 617 2678 mitque
649 2623 904 2663 somnum
927 2623 1036 2663 non
1063 2608 1220 2664 valde
1249 2609 1604 2678 profundum,
1637 2610 1808 2668 fames
1842 2613 1988 2669 enim

405 2701 668 2769 deinceps
690 2700 865 2769 ipsius
895 2699 1104 2755 excitat
1145 2701 1408 2769 animam,
1435 2715 1500 2757 ac
1529 2700 1695 2774 5.70
1738 2707 1990 2775 proprias

405 2793 550 2861 gerit
604 2807 790 2846 curas.
848 2791 1044 2861 Segnis
1093 2792 1422 2857 monachus,
1471 2792 1623 2863 piger
1653 2802 1738 2848 est
1775 2794 1843 2848 ad
1866 2811 1989 2850 ora-

407 2883 636 2944 tionem,
663 2891 718 2936 et
751 2880 914 2935 verba
949 2881 1214 2936 orationis
1238 2897 1345 2935 non
1377 2883 1665 2952 eloquetur
1711 2899 1986 2954 unquam:

405 2971 868 3044 quemadmodum
901 2971 1070 3034 enim,
1107 2972 1202 3041 qui
1251 2981 1496 3043 aegrotat,
1531 2990 1695 3044 grave
1729 2989 1838 3031 non
1864 2992 1990 3046 por-

405 3071 490 3118 tat
530 3078 693 3127 onus,
733 3062 808 3118 ita
845 3069 903 3116 et
956 3061 1293 3127 desidiosus,
1348 3077 1490 3132 opus
1516 3065 1606 3120 Dei
1648 3079 1994 3135 nequaquam
2024 3069 2066 3127 C

410 3155 579 3210 faciet
617 3163 912 3212 accurate:
947 3171 1094 3220 nam,
1141 3155 1457 3212 destituitur
1505 3155 1726 3228 quidem
1753 3158 1844 3214 ille
1866 3159 1996 3216 viri-

410 3248 516 3305 bus
537 3247 807 3318 corporis,
838 3247 943 3302 iste
995 3262 1124 3302 vero
1153 3248 1355 3304 animae
1399 3250 1580 3305 nervis
1614 3265 1679 3305 ac
1717 3250 1995 3306 laboribus

407 3349 497 3394 est
528 3339 854 3395 dissolutus.
885 3339 1161 3395 Desidiam
1180 3351 1339 3397 sanat
1372 3341 1632 3410 patientia
1660 3343 1995 3412 ;omniaque

416 3447 542 3486 cum
572 3432 742 3485 multa
778 3440 833 3485 et
872 3430 1096 3487 assidua
1124 3429 1306 3487 facere
1354 3433 1675 3499 attentione,
1711 3444 1769 3490 et
1799 3433 1892 3490 Dei
1925 3435 1995 3489 li-

410 3538 584 3577 more.
618 3521 676 3576 ln
717 3524 866 3577 omni
901 3538 1067 3592 opere
1095 3524 1316 3578 modum
1345 3525 1539 3580 ordina
1569 3525 1662 3582 tibi
1701 3526 1825 3596 ipsi,
1861 3543 1994 3584 neve

413 3615 566 3685 prius
603 3613 856 3677 desistas,
890 3631 1057 3684 quam
1113 3616 1245 3672 illud
1273 3616 1592 3685 perfeceris,
1624 3634 1688 3673 ac
1717 3620 1877 3674 simul
1913 3620 1996 3676 in-

410 3704 738 3774 telligenter,
786 3705 1156 3776 omnibusque
1209 3706 1416 3763 viribus
1447 3723 1567 3776 ora,
1605 3718 1848 3780 tuncque
1878 3723 1909 3763 a
1943 3719 1995 3766 te

411 3796 642 3866 spiritus
667 3794 918 3872 aufugiet
950 3799 1201 3868 pigritiae.

999 4089 1232 4145 CAPUT
1267 4089 1380 4144 XV.

964 4202 1037 4257 De
1068 4219 1203 4258 vana
1229 4204 1426 4274 gloria.

480 4337 635 4394 Vana
691 4336 865 4410 gloria
913 4346 996 4392 est
1051 4337 1238 4408 passio
1297 4338 1660 4408 irrationalis,
1722 4340 1990 4413 facileque

2096 1797 2281 1868 φωνῆς
2339 1797 2560 1868 ἤκουσε,
2599 1796 2694 1849 καὶ
2744 1792 2836 1848 διὰ
2878 1791 2977 1862 τῆς
3007 1789 3224 1860 θυρίδος
3244 1783 3586 1858 παρέκυψε,
3615 1783 3709 1835 καὶ

2095 1891 2197 1943 οὐκ
2225 1891 2523 1960 ἀφίσταται
2565 1886 2794 1950 ἐκεῖθεν,
2823 1885 2928 1946 ἕως
2950 1877 3012 1937 οὐ
3045 1882 3314 1953 ναρκήσει
3342 1877 3704 1946 καθήμενος.

2109 1981 2532 2051 ’Δναγινώσκων
2553 1979 2888 2051 ἀκηδιαστὴς
2906 1977 3189 2049 χασμᾶται
3203 1972 3405 2036 πολλὰ,
3432 1969 3545 2023 καὶ
3563 1967 3706 2039 πρὸς

2097 2075 2268 2130 ὖπνον
2295 2076 2664 2146 καταφέρεται
2711 2073 2973 2145 εὐχερῶς,
3004 2069 3182 2142 τρίϐει
3232 2069 3344 2132 τὰς
3381 2066 3574 2135 ὄψεις»
3610 2062 3705 2115 καὶ

2095 2171 2352 2225 διατείνει
2381 2170 2480 2233 τάς
2499 2171 2710 2240 χεῖρας,
2733 2169 2827 2221 καὶ
2851 2167 2944 2220 τοῦ
2979 2165 3186 2236 βιϐλίου
3214 2162 3346 2226 τοὺς
3365 2159 3702 2230 ὀφθαλμοὺς

2095 2263 2434 2334 ἀποστήσας,
2468 2260 2767 2326 ὲνατενίζει
2811 2259 2890 2330 τῷ
2931 2258 3115 2329 τοίχῳ,
3149 2255 3313 2311 πάλιν
3344 2251 3700 2321 ἐπιστρέψας

2097 2353 2311 2421 ἀνέγνω
2342 2352 2560 2423 μικρὸν,
2597 2351 2691 2404 καλ⁵
2711 2349 3076 2403 ἀναπτύσσων
3104 2345 3176 2401 τά
3200 2345 3330 2414 τέλη
3367 2344 3486 2397 τῶν
3520 2342 3701 2405 λόγων

2099 2443 2551 2515 περιεργάζεται,
2586 2442 2811 2513 ἀριθμεῖ
2837 2439 2906 2493 τὰ
2929 2439 3125 2509 φύλλα,
3162 2439 3259 2493 καὶ
3285 2437 3388 2499 τὰς
3414 2433 3700 2504 τετράδας

2097 2536 2439 2609 ἐπιψηφίζει,
2494 2535 2654 2606 ψέγει
2698 2536 2760 2589 τὸ
2807 2535 3041 2606 γράμμα
3117 2531 3213 2586 καὶ
3244 2531 3345 2602 τὴν
3382 2529 3696 2597 κόσμησιν,

2098 2629 2328 2700 ὕστερον
2371 2628 2431 2683 δὲ
2484 2627 2693 2692 πτύξας
2729 2627 2973 2698 ὑπέθηκε
3007 2628 3073 2696 τῇ
3111 2624 3323 2694 κεφαλῇ
3351 2623 3415 2674 τὸ
3452 2620 3695 2691 βιϐλίον,

2095 2721 2191 2774 καὶ
2223 2719 2478 2774 καθεύδει
2514 2719 2680 2774 ὕπνον
2711 2720 2771 2770 οὐ
2797 2719 2940 2772 πάνυ
2972 2717 3162 2786 βαθὺν,
3190 2718 3224 2788 ἡ
3248 2716 3360 2786 γὰρ
3387 2717 3562 2768 πεῖνα
3587 2713 3699 2765 λοιη

2097 2811 2198 2864 πδν
2219 2810 2480 2881 διεγείρει
2509 2808 2678 2863 αὐτοῦ
2703 2809 2802 2881 τὴν
2827 2809 3025 2879 ψυχὴν,
3055 2808 3149 2861 καὶ
3165 2805 3264 2870 τὰς
3290 2807 3500 2875 ἑαυτῆς
3523 2820 3697 2874 φρονε-

2095 2904 2270 2968 τίσεις
2321 2905 2487 2958 ποιεῖ.
2547 2902 2912 2974 Ἀκηδιαστὴς
2980 2901 3234 2972 μοναχὸς,
3292 2897 3540 2968 ὀκνηρὸς
3615 2899 3698 2958 εἰς

2098 2997 2431 3069 προσευχὴν,
2457 2997 2551 3052 καὶ
2596 2997 2661 3051 οὐ
2703 2997 2779 3067 μὴ
2808 2995 3035 3065 λαλήσει
3067 2995 3199 3048 ποτὲ
3241 2995 3472 3065 ῥήματα
3514 3009 3696 3061 προσ-

2100 3091 2268 3162 ευχῆς
2289 3106 2303 3122 ·
2321 3091 2513 3161 ὥσπερ
2546 3089 2694 3161 γάρὸ
2715 3089 2888 3143 νοσῶν
2913 3089 2974 3141 οὐ
2995 3086 3253 3158 βαστάζει
3274 3083 3501 3155 φορτίον
3519 3083 3691 3154 βαρὺ,

2096 3183 2239 3237 οὕτω
2272 3184 2368 3238 καὶ
2391 3181 2726 3253 ἀκηδιαστὴς
2750 3182 2813 3234 οὐ
2851 3180 2926 3252 μὴ
2956 3180 3176 3249 ποιήσει
3211 3177 3370 3248 ἔργον
3401 3175 3546 3229 Θεοῦ
3569 3177 3696 3228 ἐπι-

2100 3274 2278 3345 μελῶς
2299 3291 2311 3303 ·
2343 3273 2652 3345 καθῄρηται
2695 3273 2794 3343 μὲν
2827 3272 2936 3342 γὰρ
2978 3272 3008 3324 ὁ
3049 3270 3149 3340 μὲν
3190 3270 3290 3339 τὴν
3317 3268 3561 3337 δύναμιν
3593 3267 3691 3320 τοῦ

2098 3367 2375 3438 σώματος,
2415 3367 2444 3420 ὁ
2479 3365 2536 3418 δὲ
2598 3366 2728 3429 τοὺς
2765 3365 2952 3427 τόνους
2994 3361 3277 3417 ὲκλέλυται
3325 3361 3428 3430 τῆς
3477 3360 3688 3430 ψυχῆς.

2107 3459 2363 3531 Ἀκηδίαν
2390 3457 2681 3531 θεραπεύει
2712 3457 3000 3528 καρτερία,
3033 3457 3132 3510 καὶ
3175 3455 3237 3510 τὸ
3278 3455 3460 3509 πάντα
3510 3457 3691 3508 ποιεῖν

2101 3554 2239 3624 μετά
2274 3552 2474 3625 πολλῆς
2525 3551 2882 3624 προσεδρείας
2922 3551 3046 3604 καὶ
3093 3549 3259 3620 φόϐου
3305 3547 3467 3602 Θεοῦ.
3510 3547 3689 3614 Τὰξον

2099 3643 2299 3714 μέτρον
2328 3643 2539 3714 σεαυτῷ
2561 3645 2619 3697 ἐν
2647 3643 2811 3696 παντὶ
2834 3645 3005 3712 ἔργῳ,
3029 3642 3124 3694 καὶ
3153 3641 3229 3711 μὴ
3254 3641 3530 3711 πρότερον
3551 3641 3686 3692 ἀπο-

2099 3737 2251 3804 στῇς,
2313 3737 2444 3806 πρὶν
2491 3735 2718 3806 τελέσῃς
2765 3734 2918 3800 αὐτὸ,
2959 3734 3054 3787 καὶ
3085 3733 3396 3804 προσεύχου
3446 3733 3683 3796 συνετῶς

2096 3827 2197 3879 καὶ
2247 3826 2505 3894 εὐτόνως,
2553 3825 2651 3882 καὶ
2710 3824 2932 3896 πνεῦμα
2979 3824 3209 3896 ἀκηδίας
3266 3822 3531 3892 φεύξεται
3576 3823 3686 3878 ἀπὸ

2096 3935 2211 3972 σου.

2682 4079 2934 4132 ΚΕΦΑΛ.
2983 4079 3083 4133 ΙΕ¹.

2625 4194 2760 4262 Περὶ
2810 4192 3179 4258 κενοδοξίας.

2163 4330 2457 4398 Κενοδοξία
2509 4330 2680 4395 πάθος
2735 4330 2882 4384 ἐστὶν
2927 4328 3143 4396 ἄλογον,
3176 4328 3274 4379 καὶ
3311 4325 3482 4378 παντὶ
3528 4325 3666 4395 ἔργῳ

412 4431 563 4486 omni
591 4431 809 4487 virtutis
838 4431 989 4501 Operi
1035 4431 1368 4502 implicatur.
1414 4431 1580 4488 Linea
1630 4435 1684 4488 in
1717 4450 1860 4504 aqua
1912 4437 1989 4492 ef-

2103 4422 2299 4494 ἀρετῆς
2332 4420 2576 4484 εὐκόλως
2609 4419 3004 4492 συμπλέκεται.
3053 4416 3396 4487 Συγκέχυται
3445 4415 3669 4486 γραμμὴ

413 4523 645 4577 formata
696 4521 1077 4587 confunditur,
1107 4532 1161 4577 et
1188 4523 1241 4576 iu
1268 4523 1450 4577 anima
1496 4539 1648 4578 vanae
1671 4525 1855 4596 gloria:
1892 4543 1990 4582 cu-

409 4614 535 4683 pida
570 4613 726 4668 labor
757 4612 997 4666 virtutis.
1033 4611 1227 4667 Manus
1256 4613 1313 4667 fit
1353 4615 1584 4670 candida
1617 4616 1670 4670 in
1703 4617 1824 4672 sinu
1865 4619 1993 4676 abs-

411 4703 657 4766 condita,
689 4712 744 4757 et
771 4704 918 4756 actio
943 4703 1214 4758 occultata
1237 4703 1356 4759 lucc
1380 4705 1585 4764 clarius
1624 4709 1865 4780 effulget.
1899 4713 1996 4768 Ar-

411 4793 598 4847 borem
624 4793 824 4847 hedera
867 4791 1357 4862 circumplectitur,
1405 4804 1458 4850 et
1508 4798 1729 4868 quando
1769 4815 1990 4857 sursum

409 4885 721 4954 pervenerit
755 4884 996 4940 radicem
1051 4888 1316 4952 exsiccat,
1350 4895 1404 4941 et
1447 4904 1590 4944 vana
1619 4891 1788 4961 gloria
1819 4893 1992 4948 virtu-

413 4975 561 5029 tibus
609 4975 949 5044 aduascitur,
985 4992 1190 5049 easque
1242 4994 1352 5033 non
1392 4980 1613 5047 deserit,
1643 4984 1818 5040 donec
1853 4985 1994 5039 virus

392 5064 692 5138 exciderit.
736 5064 934 5122 Botrus
996 5067 1049 5121 in
1110 5068 1338 5122 humum
1387 5079 1653 5128 attractus
1696 5073 1856 5128 facile
1889 5091 1993 5144 pu-

411 5157 576 5225 trefit,
609 5165 664 5212 et
695 5159 869 5215 virtus
896 5159 1108 5230 deperit
1148 5176 1299 5215 vanae
1339 5161 1526 5232 gloriae
1555 5164 1847 5219 inhaerens.
1880 5163 1995 5218 Mo-

414 5249 646 5316 nachus,
683 5252 778 5322 qui
810 5267 949 5306 vana
1005 5252 1176 5322 gloria
1227 5255 1562 5324 percellitur,
1593 5256 1882 5325 Operarius
1912 5267 1997 5310 est

414 5343 624 5413 absque
677 5346 949 5413 mercede,
1009 5345 1248 5401 laborem
1309 5347 1497 5412 subiit,
1535 5356 1590 5401 et
1632 5347 1836 5400 nullam
1905 5363 1996 5402 ac-

411 5437 559 5506 cepit
602 5439 934 5494 mercedem.
973 5438 1249 5494 Crumena
1305 5437 1580 5509 perforata
1630 5454 1737 5494 non
1772 5455 1997 5496 conser‘

413 5535 526 5592 vat,
555 5528 702 5598 quod
742 5529 1076 5596 immittitur,
1115 5539 1169 5586 et
1210 5544 1345 5583 vana
1369 5530 1541 5601 gloria
1561 5531 1822 5587 virtutum
1847 5548 1994 5588 mer-

413 5619 578 5675 cedes
602 5621 761 5694 571
803 5622 1086 5692 disperdit.
1123 5622 1472 5679 Continentia
1498 5641 1651 5682 vana:
1674 5625 1859 5696 gloriae
1896 5641 1994 5680 cu-

417 5711 557 5781 pidi,
588 5711 774 5769 fumus
802 5724 886 5770 est
919 5713 1141 5782 camini,
1175 5715 1340 5784 inque
1370 5731 1566 5788 oaerem
1627 5727 1857 5786 utraque
1881 5718 1994 5774 dis-

2098 4515 2436 4585 χαραχθεῖσα
2472 4512 2598 4567 καθ’
2631 4510 2974 4575 ὓδατοςηιαὶ
3007 4510 3209 4581 ἀρετῆς
3239 4509 3405 4571 πόνος
3430 4509 3490 4560 ὲν
3529 4525 3666 4561 κενο-

2095 4607 2233 4678 δόξῳ
2260 4607 2428 4677 ψυχῇ.
2471 4605 2655 4674 Λευκὴ
2682 4604 2874 4672 γέγονε
2902 4604 3022 4674 χεὶρ
3049 4601 3442 4670 καλυπτομένη
3473 4600 3664 4668 κόλπῳ,

2097 4700 2192 4752 καὶ
2213 4698 2566 4770 κρυπτομένη
2588 4695 2786 4767 πρᾶξις
2819 4695 2998 4765 φωτὸς
3011 4694 3284 4764 ἐκλάμπει
3302 4693 3661 4764 φαιδρότερον.

2081 4789 2306 4862 οΣμίλαξ
2365 4789 2755 4861 περιπλέκεται
2797 4787 3023 4861 δένδρῳ,
3069 4786 3162 4839 καὶ
3186 4786 3314 4838 ὅταν
3354 4785 3541 4857 φθάσῃ
3568 4787 3664 4839 ἄνω

2100 4884 2346 4956 ξηραίνει
2369 4885 2468 4954 τὴν
2495 4882 2675 4954 ῥίζαν,
2705 4879 2983 4944 κενοδοξία
3006 4879 3065 4933 δὲ
3091 4881 3212 4940 ταῖς
3235 4878 3465 4946 ἀρεταῖς
3501 4893 3664 4946 παρα-

2099 4977 2315 5044 φύεται,
2357 4978 2451 5030 καὶ
2492 4977 2591 5028 οὐκ
2638 4975 2955 5042 ἀφίσταται,
3007 4972 3112 5036 ἕως
3137 4970 3204 5024 ἂν
3227 4969 3442 5041 ἐκκόψῃ
3461 4957 3558 5040 τὴν
3584 4967 3664 5020 δύ-

2099 5089 2282 5142 ναμιν.
2308 5070 2514 5141 Βότρυς
2534 5066 2932 5138 ἐπισυρόμενος
2961 5067 3028 5135 τῇ
3057 5066 3126 5134 γῇ
3151 5063 3385 5133 σήπεται
3412 5062 3659 5132 εὐχερῶς.

2101 5164 2193 5216 καὶ
2216 5163 2387 5234 ἀρετὴ
2415 5160 2712 5214 ἀπόλλυται
2743 5155 3021 5226 κενοδοξία
3049 5153 3470 5226 ἐπερειδομένη.
3499 5153 3660 5205 Μονα-

2100 5257 2191 5326 κὸς
2223 5253 2522 5321 κενόδοξος,
2546 5252 2789 5321 ἐργάτης
2815 5248 3051 5319 ἄμισθος
3083 5263 3096 5278 ο
3126 5246 3216 5299 τὸν
3247 5246 3409 5298 πόνον
3446 5243 3657 5312 ὑπέστη,

2099 5345 2310 5398 καὶτὸν
2345 5343 2540 5417 μισθὸν
2574 5343 2673 5395 οὐκ
2706 5340 2887 5394 ἔλαϐε.
2922 5337 3214 5392 Βαλᾶντιον
3252 5336 3584 5408 τετρημένον
3608 5337 3658 5388 όὺ

2099 5436 2354 5506 φυλάττει
2379 5433 2442 5488 τὸ
2474 5433 2694 5506 βληθὲν,
2741 5429 2833 5484 καὶ
2859 5427 3137 5492 κενοδοξία
3162 5425 3427 5479 ἀπόλλυσι
3455 5424 3660 5494 μισθοὺς

2097 5530 2330 5600 ἀρετῶν.
2368 5526 2663 5592 Κενοδόξου
2689 5523 3008 5595 ἐγκράτεια,
3050 5519 3259 5582 καπνὸς
3302 5517 3552 5588 καμίνον,
3581 5515 3658 5567 καὶ

2099 5624 2179 5685 είς
2201 5621 2336 5691 ἀέρα
2374 5618 2763 5689 διαλυθήσεται
2808 5615 3119 5686 ἀμφότερα.
3147 5614 3389 5679 ’Ἄνεμος
3425 5609 3654 5679 ἀφανίζει

2098 5718 2245 5784 ῐχνος
2269 5713 2483 5784 ἀνδρὸς,
2507 5711 2602 5766 καὶ
2625 5708 3002 5782 ἐλεημοσύνην
3037 5704 3340 5770 κενόδοξος.
3364 5703 3526 5759 Λίθον
3547 5700 3657 5774 βολὴ
