3838 6056
65 279 99 341 1
126 279 245 345 161
1134 281 1231 340 ne
1267 279 1454 341 ocro
1491 260 1924 343 SPIRITIBUS
1962 284 2317 344 murus.
3196 265 3347 354 1162'

53 395 156 447 οὐ
200 394 392 464 φθάνει
429 394 505 456 είς
525 392 774 462 οὐρανὸν,
800 393 894 445 καὶ
916 392 1195 461 προσευχὴ
1212 390 1674 462 ἀνθρωπαρέσκου

1783 393 2074 449 solventur.
2141 393 2347 451 Ventus
2412 395 2555 451 delet
2608 398 2892 467 vestigium
2926 399 3049 465 viri,
3096 411 3150 455 et
3194 419 3331 462 vana

50 484 207 540 οὐκ
244 484 576 556 ἀναϐήσεται
610 482 745 555 πρδς
783 482 938 536 θεόν,
1778 481 1951 550 gloria
1999 483 2256 550 percitus,
2287 484 2709 557 eleemosynam.
2745 485 2929 542 Jactus
2974 489 3168 560 lapidis
3215 509 3326 563 non

1775 578 2033 648 pertingit
2096 579 2317 647 coelum,
2366 588 2422 637 et
2469 581 2645 638 oratio
2693 583 2833 652 ejus,
2868 584 2961 653 qui
3020 587 3334 646 hominibus

1774 669 1986 737 placere
2013 671 2215 738 studet,
2238 686 2349 727 non
2388 674 2641 729 ascendet
2666 675 2734 729 ad
2763 674 2956 730 Deum.

2346 783 2575 841 CAPUT
2615 786 2753 842 XVI.

1851 895 1995 951 Vana
2029 898 2201 969 gloria
2230 900 2488 968 scopulus
2526 909 2609 955 est
2637 901 2739 955 sub
2786 919 2926 972 aqua
2957 890 3157 971 latens;
3189 906 3233 961 si
3265 907 3338 961 al-

1778 987 1985 1052 liseris,
2011 1004 2152 1046 onus
2176 990 2483 1060 perdidisti.
2520 990 2617 1046 Vir
2640 997 2880 1063 prudens
2910 996 3193 1052 abscondit
3220 997 3338 1053 the-

1775 1094 2020 1144 saurum,
2051 1089 2106 1135 et
2141 1081 2445 1136 monachus
2478 1080 2715 1153 sapiens,
2752 1084 2967 1141 labores
3006 1085 3243 1142 virtutis.
3277 1089 3336 1141 In

1774 1168 1964 1239 plateis
1997 1185 2154 1226 orare
2180 1186 2316 1225 vana
2344 1172 2514 1242 gloria
2560 1175 2834 1242 consulit;
2869 1185 2925 1231 at
2965 1177 3059 1247 qui
3086 1192 3204 1243 eam
3236 1194 3337 1248 op-

1773 1271 1995 1332 pugnat,
2045 1270 2165 1316 orat
2215 1262 2271 1316 in
2306 1278 2406 1317 suo
2437 1264 2722 1334 penetrali.
2752 1263 2849 1320 Vir
2892 1265 3158 1339 insipiens
3206 1287 3338 1329 suas

691 779 941 833 ΚΕΦΑΛ.
989 776 1107 846 ις’.

171 897 470 965 Κενοδοξία
484 895 659 969 πέτρα
675 892 822 948 ἐστὶν
834 890 1033 965 ὕφαλος
1053 907 1066 921 °
1095 888 1191 944 ἐὰν
1218 886 1549 960 προσρήξῃς,
1581 885 1674 940 τὸν

68 994 313 1064 φόρτον
334 990 641 1052 ἀπώλεσας.
659 984 908 1059 Κρύπτει
926 984 1199 1057 θησαυρὸν
1235 982 1375 1055 ἀνὴρ
1389 984 1671 1051 φρόνιμος,

67 1088 206 1139 καὶ
241 1083 444 1157 ἀρετῆς
490 1083 687 1145 πόνους
719 1078 950 1152 μοναχδς
981 1075 1221 1140 συνετός.
1268 1076 1358 1128 Ἐν
1389 1072 1675 1135 πλατείαις

69 1176 514 1250 προσεύχεσθαι
543 1171 901 1246 συμϐουλεύει
948 1169 1244 1237 κενοδοξία,
1280 1166 1309 1221 6
1337 1167 1393 1222 δὲ
1422 1164 1675 1236 πολεμῶν

70 1269 287 1343 ταύτῃ
332 1266 692 1340 προσεύχεται
719 1266 801 1330 είς
839 1264 1066 1336 ταμεῖον
1109 1258 1297 1315 αὑτοῦ.
1347 1256 1673 1330 Δημοσιεύει

76 1364 344 1418 πλοῦτον
371 1361 537 1416 αὑτοῦ
562 1359 697 1433 ἀνὴρ
714 1359 925 1429 ἀφρων,
958 1357 1099 1411 κινεῖ
1116 1354 1174 1407 δὲ
1203 1352 1429 1416 πολλοὺς
1453 1352 1533 1415 εἰς
1554 1352 1676 1403 ὲπι-

1783 1352 2015 1423 publicat
2043 1353 2276 1415 divitias.
2307 1356 2616 1426 multosque
2686 1370 2965 1428 provocat,
2997 1370 3057 1415 ut
3079 1362 3340 1423 adversus

76 1456 309 1529 ϐουλὴν
364 1455 487 1511 καθ’
515 1453 732 1508 ἑαυτοῦ.
780 1453 853 1506 Σὺ
892 1450 952 1505 δὲ
998 1448 1210 1522 κρύπτε
1255 1446 1321 1501 τὰ
1357 1447 1426 1499 σὰ
1448 1486 1463 1510 ,
1493 1446 1551 1498 ἐν
1573 1442 1676 1514 ὁδῷ

1776 1459 1835 1500 se
1864 1443 2038 1515 ipsum
2068 1454 2262 1516 parent
2298 1447 2548 1503 insidias.
2583 1444 2665 1503 Tu
2697 1464 2828 1505 vero
2862 1461 2953 1507 tua
2986 1455 3239 1524 occulta;
3279 1457 3337 1514 in

76 1550 220 1623 γὰρ
251 1549 540 1620 τυγχάνεις
564 1546 802 1622 λῃστῶν,
832 1544 939 1609 ἕως
964 1542 1220 1617 ήξειςοείς
1249 1540 1403 1594 πόλιν
1425 1539 1672 1609 εἰρήνης,

1783 1535 1973 1592 itinere
2006 1553 2245 1610 namque
2279 1539 2555 1594 latronum
2597 1556 2682 1607 es,
2710 1542 2883 1598 donec
2931 1545 2985 1599 in
3020 1547 3209 1604 urbem
3242 1567 3341 1620 pa-

79 1646 207 1699 καὶ
273 1640 530 1714 ἀσφαλῶς
580 1639 761 1713 χρήσῃ
799 1639 915 1701 τοῖς
973 1637 1106 1699 σοῖς.
1147 1632 1342 1703 Ἀρετὴ
1397 1626 1674 1695 κενοδόξου

1783 1628 1857 1683 cis
1891 1630 2225 1698 perveneris,
2270 1640 2511 1702 tuncque
2555 1632 2665 1689 tuis
2712 1634 2877 1690 rebus
2915 1650 3108 1694 secure
3142 1641 3336 1698 uteris.

84 1733 579 1807 συντετριμμένον
610 1732 825 1800 ἱερεῖον,
854 1728 950 1782 καὶ
970 1724 1031 1780 οὑ
1064 1724 1140 1798 μὴ
1174 1722 1435 1816 ἀνενεχθῇ
1464 1724 1546 1786 είς
1583 1718 1676 1774 θυ-

1783 1718 1967 1777 Virtus
2011 1722 2151 1792 ejus,
2179 1723 2270 1793 qui
2306 1738 2446 1779 vana
2484 1724 2694 1781 laborat
2729 1726 2916 1797 gloria,
2951 1729 3210 1786 obtritum
3258 1744 3344 1791 est

85 1800 432 1899 σιαστήριον
476 1800 632 1878 Θεοῦ.
674 1820 901 1892 ’Δκηδία
945 1817 1128 1872 ἐκλύει
1166 1816 1318 1871 τόνον
1346 1815 1544 1887 ψυχῆς,
1580 1830 1678 1868 κε-

1783 1812 2128 1879 sacriticium,
2163 1828 2340 1885 neque
2373 1814 2439 1868 ad
2466 1813 2560 1870 Dci
2590 1815 2847 1873 oﬂ'eretur
2876 1820 3065 1875 altare.
3100 1823 3339 1893 Desidia,

84 1920 323 1984 νοδοξία
342 1918 399 1971 δὲ
423 1917 606 1988 νευροί
625 1915 747 1969 νοῦν
772 1909 1209 1968 ἀποπεπτωκότα
1223 1907 1380 1972 Θεοῦ,
1397 1909 1490 1962 τὸν
1514 1905 1676 1962 ἀσθε-

1783 1903 1950 1970 vires,
1975 1919 2039 1959 ac
2066 1905 2236 1961 robur
2264 1905 2459 1962 anima:
2484 1909 2735 1977 exsolvit,
2755 1920 2809 1966 et
2834 1926 2973 1968 vana
2999 1914 3166 1984 gloria
3186 1933 3341 1973 men-

84 2009 311 2065 νοῦντα
368 2007 622 2080 ἐποίησεν
668 2004 1001 2081 ὲρῤὡμενον,
1069 2003 1164 2058 καὶ
1207 2002 1558 2074 τὸν.γέροντα
1582 2001 1678 2056 τοῦ

87 2101 239 2157 νέου
263 2098 650 2172 δυνατώτερον,
702 2097 862 2169 μόνον
888 2094 984 2151 ἐὰν
1011 2093 1229 2166 παρῶσι
1266 2093 1547 2166 μάρτυρες
1569 2092 1680 2146 τῶν

88 2196 417 2269 γινομένων
455 2192 641 2248 πολλοί
665 2208 680 2224 ⁸
712 2190 890 2263 κούφη
934 2190 1158 2261 νηστεία
1217 2190 1362 2253 τότε,
1396 2188 1491 2242 κο)⁸
1511 2186 1682 2257 ἀγρυ-

90 2292 272 2351 πνία,
300 2288 397 2342 καὶ
441 2283 737 2359 προσευχὴ,
774 2285 803 2338 6
842 2283 951 2356 γὰρ
981 2282 1198 2347 ἔπαινος
1225 2282 1335 2335 τῶν
1364 2276 1572 2334 πολλῶν
1598 2278 1679 2333 δι-

96 2380 330 2451 εγείρει
373 2378 472 2450 τὴν
519 2374 848 2451 προθυμίαν.
898 2373 992 2445 Μὴ
1026 2372 1284 2445 πωλήσῃς
1322 2372 1448 2434 τοὺς
1486 2369 1680 2432 πόνους

92 2470 293 2537 δόξαις
357 2468 759 2541 ἀνθρωπίναις,
818 2465 956 2538 μηδὲ
1001 2465 1102 2537 τὴν
1171 2463 1474 2534 μέλλουσαν
1523 2461 1680 2527 δόξαν

95 2564 335 2637 τιροδῷς
360 2564 427 2617 δι’
453 2562 750 2632 εὐφημίαν.
777 2559 914 2624 Δόξα
959 2557 1068 2628 γὰρ
1097 2555 1414 2627 ἀνθρωπίνη
1448 2555 1531 2619 είς
1552 2553 1682 2625 χοῦν

96 2658 477 2727 γατασκηνοῖ,
539 2656 631 2710 καὶ
680 2653 838 2716 κλέος
890 2651 1060 2720 αὑτῆς
1111 2649 1395 2703 σϐέννυται
1437 2647 1530 2701 ἐπὶ
1554 2649 1678 2718 γῆς.

94 2746 321 2823 ἀρετῆς
348 2747 405 2801 δὲ
430 2745 557 2814 δόξα
585 2745 735 2817 μένει
765 2745 845 2807 εἰς
880 2742 971 2796 τὸν
997 2741 1169 2795 αἰῶνα

707 2966 962 3021 ΚΕΦΔΔ.
1000 2962 1100 3019 ΙΖ’.

592 3080 735 3150 Περὶ
781 3078 1216 3149 ὑπερηφανίας·

1778 2005 1909 2060 tem,
1966 2011 2089 2067 quae
2135 2011 2166 2053 a
2214 1996 2326 2055 Deo
2362 2000 2588 2067 excidit,
2639 2003 2937 2075 eademque
2990 2017 3337 2078 aegrotantem

1781 2088 1957 2144 reddit
1981 2103 2198 2155 sanum,
2225 2101 2282 2145 et
2314 2106 2500 2147 senem
2529 2086 2733 2163 juvene
2756 2096 3144 2165 robustiorem,
3178 2102 3341 2156 modo

1779 2181 1963 2235 adsint
1987 2182 2143 2236 multi
2174 2191 2339 2239 testes
2367 2200 2579 2253 earum,
2610 2202 2731 2257 quas
2766 2188 2922 2254 ﬁunt,
2952 2204 3165 2259 rerum;
3213 2204 3344 2249 tunc

1779 2284 1960 2328 autem
1994 2289 2193 2329 vanum
2227 2275 2334 2330 erit
2377 2276 2673 2348 jejunium,
2708 2289 2763 2336 et
2796 2281 2998 2351 vigilia,
3032 2294 3086 2338 et
3123 2285 3341 2355 oratio;

1780 2366 1899 2422 laus
1919 2365 2117 2437 quippe
2145 2368 2442 2424 multorum
2470 2382 2776 2443 promptam
2802 2375 2969 2431 animi
3000 2377 3201 2433 excitat
3226 2379 3344 2433 ala-

1780 2459 2049 2513 critatem.
2095 2456 2174 2515 Ne
2212 2459 2469 2519 humanis
2519 2464 2926 2523 celebritatibus
2952 2468 3216 2525 divendas
3262 2470 3346 2525 la-

1780 2550 1962 2619 bores,
1997 2568 2175 2623 neque
2205 2553 2447 2610 futuram
2499 2558 2698 2627 prodas
2734 2558 2983 2628 gloriam,
3016 2573 3235 2633 propter
3265 2564 3344 2617 via

1782 2642 1885 2697 lem
1920 2644 2095 2701 laudis
2117 2648 2568 2704 acclamationem
2596 2668 2610 2704 :
2645 2652 2847 2706 etenim
2897 2654 3132 2710 humana
3176 2656 3344 2726 gloria

1782 2736 1935 2791 humi
1959 2738 2213 2806 quiescit,
2248 2741 2532 2812 ipsiusque
2559 2742 2681 2797 laus
2706 2744 2758 2797 in
2793 2752 2938 2800 terra
2960 2748 3344 2820 exstinguitur,

1784 2830 2000 2886 virtutis
2028 2839 2211 2887 autem
2241 2834 2414 2904 gloria
2456 2844 2639 2891 manet
2668 2837 2721 2891 in
2756 2838 3037 2894 saeculum.

2253 2966 2417 3041 472
2455 2967 2681 3025 CAPUT
2725 2968 2890 3026 xvn.

2376 3084 2450 3138 De
2479 3085 2744 3154 superbia.

199 3196 584 3269 Ὗπερηφανία
602 3172 752 3249 ἐστὶν
774 3195 972 3267 οἴδημα
989 3193 1166 3264 ψυχῆς
1188 3192 1383 3264 ἰχῶρος
1402 3189 1679 3263 πεπληρωε

1869 3194 2131 3266 Superbia
2185 3206 2365 3255 tumor
2386 3208 2469 3255 est
2503 3201 2700 3256 anima:
2728 3201 2881 3257 sanie
2913 3201 3134 3272 plenus;
3168 3206 3214 3258 si
3243 3220 3355 3258 ma-

108 3291 310 3359 μένονο
347 3289 443 3344 ὲάν
472 3288 745 3361 πεπανθῇ,
774 3290 1098 3359 ῥαγήσεται,
1129 3287 1224 3343 καὶ
1254 3288 1473 3359 ποιήσει
1489 3284 1682 3357 ἀηδίαν

104 3382 697 3457 πο)λήν.,Ἀστραπῆς
722 3382 1015 3453 ἐκλαμψις,
1035 3377 1173 3453 ἦχον
1196 3378 1498 3452 προμηνύει
1530 3378 1682 3450 βρον-

104 3478 247 3547 τῆς,
272 3479 367 3532 καὶ
394 3478 772 3550 ὑπερηφανίαν
800 3475 1209 3544 εὐαγγελίζεται
1234 3472 1505 3544 παρουσία
1524 3489 1682 3525 κενο⁴

104 3567 325 3631 δοξίας.
352 3568 445 3631 Et;
473 3566 606 3638 ὕψος
638 3565 781 3637 μέγα
818 3564 1098 3618 ἀναϐαίνει
1136 3562 1484 3633 ὑπερηφάνου
1511 3559 1678 3631 ψυχὴ,

104 3658 379 3712 κακεῖθεν
432 3657 593 3712 αὑτὸν
639 3659 719 3720 είς
768 3654 928 3725 βυθὸν
970 3654 1322 3709 καταϐάλλει.
1365 3653 1679 3723 Ὑπερήφα-

104 3747 240 3803 νίαν
273 3752 421 3802 νοσεῖ
449 3750 478 3802 6
513 3748 828 3819 ἀποστήσας
857 3748 1048 3800 ἑαυτὸν
1070 3747 1227 3813 Θεοῦ,
1264 3748 1359 3799 καὶ
1387 3745 1491 3816 ἰδίᾳ
1521 3744 1683 3798 am-

109 3856 215 3910 μει
239 3840 561 3909 ἐπιγράφων
605 3838 676 3891 τὰ
721 3837 1140 3910 κατορθώματα.
1177 3837 1388 3907 Ὥσπερ
1412 3836 1467 3889 δὲ
1497 3837 1525 3889 6
1558 3837 1681 3889 ὲπι-

106 3929 223 3991 ϐὰς
250 3929 463 4000 ἀράχνῃ
505 3924 776 3981 διαπεσὼν
828 3926 1140 3997 κατηνέχθη
1185 3926 1359 3989 κάτω,
1407 3924 1549 3979 οὕτω
1592 3924 1683 3979 πί-

106 4038 246 4075 πτει
269 4023 298 4073 6
322 4020 539 4092 θαρρῶν
566 4022 632 4091 τῇ
666 4020 773 4091 ἰδίᾳ
796 4019 1043 4089 δυνάμει.
1065 4018 1292 4089 Καρπὺς
1316 4017 1483 4081 πολὺς
1508 4034 1681 4071 κατα-

106 4111 367 4180 κάμπτει
400 4110 609 4175 κλῶνας
639 4111 879 4183 δένδρου,
915 4112 1010 4163 καὶ
1038 4111 1239 4181 ἀρετῆς
1263 4108 1467 4179 πλῆθος
1492 4124 1683 4163 ταπει-

105 4202 205 4255 νοῖ
260 4202 514 4271 φρόνημα
562 4202 775 4272 ἀνδρός.
841 4200 1065 4272 Καρπὺς
1115 4198 1368 4271 σεσηπὼς
1410 4199 1687 4269 ἄχρηστος·

106 4291 373 4361 γεωργῷ,
402 4292 496 4345 καὶ
516 4292 687 4363 ἀρετὴ
729 4293 1077 4363 ὑπερηφάνου
1103 4292 1164 4345 ού
1196 4290 1518 4363 χρησιμεύει
1540 4289 1679 4360 Θεῷ.

105 4383 313 4453 Χάραξ
348 4383 603 4453 βαστάζει
638 4384 820 4438 κλῶνα
836 4384 1208 4455 κατάκαρπον,
1234 4385 1327 4436 καὶ
1362 4381 1522 4452 φόϐος
1544 4382 1679 4435 Θεοῦ

106 4476 372 4546 ἐνάρετον
404 4474 604 4545 ψυχήν.
632 4475 844 4546 Ὠσπερ
890 4475 1053 4546 βάρος
1098 4475 1313 4545 καρποῦ
1348 4475 1680 4545 καταράσσει

108 4564 324 4629 κλῶνα,
353 4564 494 4618 οὕτω
540 4567 888 4636 ὑπερηφανία
932 4567 1185 4638 ἐνάρετον
1235 4566 1681 4635 καταϐάλλειψυ-

107 4657 245 4729 χήν.
286 4655 376 4727 Μὴ
397 4655 499 4727 δῷς
526 4657 872 4728 ὑπερηφανίᾳ
895 4658 992 4729 σὴν
1020 4658 1216 4728 ψυχὴν,
1248 4659 1340 4711 καὶ
1363 4658 1425 4711 οὑ
1458 4658 1532 4728 μὴ
1565 4658 1679 4730 ἴδῃς

109 4749 420 4819 φαντασίας
446 4750 697 4819 φρικτάς.
729 4751 889 4821 Ψυχὴ
920 4752 1028 4820 γὰρ
1068 4753 1415 4823 ὑπερηφάνου
1446 4753 1677 4819 ἐγκατα-

109 4839 447 4910 λιμπάνεται
502 4840 606 4893 ὑπὸ
659 4841 817 4905 Θεοῦ,
881 4843 974 4895 καὶ
1023 4844 1233 4911 γίνεται
1264 4846 1533 4916 δαιμόνων
1558 4847 1677 4899 ἐπί-

110 4946 331 5003 χαρμα.
377 4929 608 5001 Νύκτωρ
664 4934 992 5001 φαντάζεται
1046 4935 1249 5006 θηρίων
1296 4939 1677 5009 ἐπερχομένων

112 5021 345 5091 πλῆθος,
379 5023 470 5074 καὶ
504 5022 623 5092 μεθ’
653 5024 866 5094 ἡμέρας
896 5026 1228 5095 ταράσσεται
1266 5028 1369 5081 ὑπὸ
1401 5029 1678 5101 λογισμῶν

111 5112 355 5175 δειλίας·
386 5111 663 5168 καθεύδων
705 5115 979 5181 ἐξάλλεται
1037 5119 1290 5189 συνεχῶς,
1314 5123 1407 5173 καὶ⁸
1443 5122 1678 5193 ἐγρηγό-

117 5220 231 5275 ρως
262 5205 636 5276 καταπτήσσει
685 5208 846 5262 σκίαν
874 5209 1083 5280 ὀρνέου.
1101 5212 1255 5283 Φωνὴ
1282 5212 1503 5281 φύλλου,
1526 5215 1681 5268 ἐπτό-

111 5313 251 5369 ησεν
295 5296 661 5367 ὑπερήφανον,
704 5301 798 5352 καὶ
845 5300 1035 5366 ὓδατος
1064 5298 1197 5374 ἦχος
1222 5305 1555 5360 κατέκλασεν
1580 5308 1680 5361 αὑ-

111 5388 209 5443 τοῦ
241 5388 340 5458 τὴν
362 5388 559 5460 ψυχήν.
602 5389 659 5443 '0
688 5392 794 5462 γὰρ
835 5393 943 5465 πρὸ
979 5395 1175 5465 μικροῦ
1199 5398 1390 5450 ἑαυτὸν
1423 5400 1676 5453 ἀντιτάσ-

115 5496 227 5535 σων
268 5478 407 5550 Θεῷ,
447 5480 540 5534 καὶ
596 5482 694 5552 τὴν
752 5484 962 5538 ἐκείνου
1017 5486 1268 5558 βοήθειαν
1318 5490 1671 5562 ἀρνούμενος,

111 5568 344 5641 ’ὕστερος
402 5571 833 5643 ὲκδειματοῦται,
911 5576 1018 5631 ὑπὸ
1076 5581 1476 5647 φαντασμάτων
1528 5583 1680 5637 εὑτε-

114 5662 246 5717 λῶν.

431 5800 697 5862 ΡΑιτιοι.
729 5804 843 5865 Gn.
873 5806 1127 5868 LXXIX.

1785 3290 2031 3355 turuerit,
2061 3300 2329 3362 erumpet,
2379 3294 2719 3364 multumque
2788 3295 3052 3350 redolebit
3097 3297 3347 3352 fetorem.

1782 3382 2036 3453 Fulguris
2086 3384 2343 3453 splendor
2383 3401 2578 3439 sonum
2630 3388 2962 3457 przenuntiat
3011 3390 3265 3454 tonitrus,
3295 3399 3351 3446 et

1782 3475 2069 3543 praesentia
2096 3491 2249 3530 vanae
2301 3477 2491 3546 gloria:
2541 3479 2834 3533 annuntiat
2863 3480 3200 3549 superbiam.
3240 3480 3348 3535 Sn-

1783 3566 1931 3634 perhi
1964 3567 2144 3621 anima
2173 3568 2239 3621 ad
2273 3584 2526 3639 magnam
2573 3570 2819 3625 ascendit
2859 3572 3228 3639 altitudinem,
3267 3574 3350 3628 in-

1781 3658 1956 3728 deque
1983 3660 2162 3729 ipsum
2188 3660 2376 3731 dejicit
2408 3662 2460 3715 in
2495 3661 2849 3732 profundum.
2895 3665 3159 3735 Superbia
3199 3666 3351 3721 labo-

1782 3758 1886 3817 rat,
1917 3751 2010 3820 qui
2041 3752 2280 3823 seipsum
2312 3771 2342 3808 a
2379 3753 2490 3809 Deo
2520 3755 2800 3823 dissociat,
2838 3758 3182 3828 propriisque
3216 3758 3349 3812 viri-

1782 3841 1884 3897 bus
1910 3842 2152 3897 facinora
2185 3856 2328 3899 recte
2352 3856 2560 3915 patrata
2596 3848 2841 3902 ascribit.
2878 3848 3347 3914 Quemadmodum

1782 3941 1985 3998 autem,
2030 3936 2122 4003 qui
2174 3950 2339 4005 super
2386 3951 2643 4009 araneam
2682 3938 2992 4003 inscendit,
3044 3939 3346 4003 decidens,

1783 4024 1956 4079 fertur
1987 4025 2268 4091 deorsum,
2314 4028 2390 4081 ita
2436 4029 2697 4093 concidit,
2730 4029 2823 4099 qui
2856 4030 3087 4099 propriae
3126 4033 3349 4086 conlidit

1782 4120 1990 4174 virtuti.
2019 4120 2287 4191 Copiosus
2311 4120 2520 4176 fructus
2551 4122 2766 4177 arboris
2795 4121 3020 4178 inﬂectit
3047 4138 3256 4190 ramos,
3295 4134 3349 4177 et

1783 4211 2043 4265 virtutum
2082 4211 2237 4279 copia
2272 4226 2493 4265 sensum
2530 4213 2784 4267 humiliat
2808 4215 2933 4268 viri.
2981 4213 3217 4269 Fructus
3245 4232 3348 4283 pu-

1784 4303 1956 4357 tridus
2004 4303 2216 4357 inutilis
2248 4313 2331 4357 est
2380 4305 2651 4373 agricolae,
2685 4313 2739 4360 et
2772 4305 2945 4361 virtus
2988 4308 3209 4376 superbi
3239 4306 3350 4360 Dco

1783 4411 1891 4449 non
1920 4404 2005 4449 est
2048 4405 2288 4464 accepta.
2340 4394 2525 4457 Palus.
2561 4413 2657 4451 seu
2704 4398 3110 4466 pedamentum,
3136 4414 3349 4453 ramum

1786 4494 2056 4541 sustentat
2081 4496 2339 4541 onustum
2387 4487 2680 4553 fructibus,
2708 4500 2762 4543 et
2794 4490 2959 4543 timor
2986 4488 3079 4545 Dei
3108 4492 3348 4546 animam

1786 4579 1984 4633 virtute
2042 4579 2277 4647 praediti.
2343 4579 2518 4636 Sicuti
2580 4582 2793 4638 lructus
2854 4582 3068 4652 pondus
3136 4596 3347 4637 ramum

1785 4669 2100 4739 disrumpit,
2136 4668 2208 4725 ita
2242 4672 2496 4741 superbia
2521 4673 2719 4728 virtute
2755 4675 3109 4744 conspicuam
3151 4675 3347 4730 demit-

1786 4759 1852 4810 tit
1908 4759 2165 4815 animam.
2219 4759 2298 4815 Ne
2352 4763 2623 4833 superbia:
2668 4771 2821 4819 tuum
2860 4764 3027 4819 dedas
3082 4765 3348 4828 animum,

1786 4851 1911 4919 quia
1968 4853 2049 4906 sic
2091 4854 2298 4909 tetricis
2326 4856 2534 4910 carebis
2561 4856 3086 4927 imaginationibus:
3129 4860 3350 4928 snperbi

1786 4938 1986 4992 etenim
2019 4941 2201 4995 anima
2226 4942 2621 5014 derelinquitur
2655 4962 2686 5000 a
2722 4946 2852 5013 Deo,
2896 4946 3063 5018 (itque
3088 4948 3353 5004 daemoni-

1786 5028 1892 5083 bus
1924 5033 2154 5087 materia
2179 5034 2384 5102 gaudii.
2412 5034 2609 5101 Nocte,
2649 5038 2946 5094 bestiarum
2978 5040 3351 5097 invadentium

1784 5120 2119 5193 imaginatur
2158 5127 2588 5190 multitudinem.
2617 5130 2815 5202 dieque
2853 5148 2885 5188 a
2931 5134 3354 5205 cogitationibus

1782 5215 1997 5271 timoris
2028 5218 2296 5275 turbatur.
2326 5218 2383 5275 Si
2406 5221 2624 5288 dormit,
2645 5226 2827 5280 exsilit
2848 5226 3087 5292 assidue,
3115 5235 3171 5282 et
3196 5227 3241 5281 si
3272 5227 3355 5280 νίς

1783 5308 1934 5377 gilet,
1967 5310 2032 5365 ad
2060 5313 2308 5367 umbram
2343 5314 2459 5369 avis
2500 5316 2825 5385 perterrelit.
2862 5318 3001 5374 Folii
3044 5334 3231 5372 rumor
3258 5333 3357 5371 su-

1783 5399 2011 5469 perbum
2040 5403 2330 5467 exterruit,
2362 5412 2417 5460 et
2447 5421 2601 5476 aqua:
2631 5423 2797 5464 sonus
2828 5410 2948 5481 ejus
2970 5409 3202 5478 diﬂ‘regit
3233 5409 3354 5462 ani-

1785 5505 1951 5545 mam.
1990 5493 2201 5549 Etenim
2232 5498 2325 5567 qui
2365 5499 2527 5568 paulo
2562 5509 2688 5555 ante
2732 5517 2790 5556 se
2842 5503 3021 5575 ipsum
3054 5501 3164 5554 Deo
3187 5515 3359 5569 oppo-

1791 5584 1891 5648 nit,
1954 5586 2213 5658 illiusque
2257 5592 2487 5663 denegat
2522 5593 2809 5660 auxilium,
2846 5608 3127 5670 postremo
3166 5608 3197 5647 a
3237 5592 3359 5646 vili-

1796 5676 1898 5731 bus
1934 5680 2164 5749 spectris
2212 5692 2567 5751 perterretur.

3002 5824 3077 5890 3'1
