3838 6056
505 246 643 316 “63
976 357 1137 431 473
1162 357 1389 415 CAPUT
1418 359 1603 417 xvm.

576 471 840 543 Superbia
879 487 910 527 e
938 475 1091 529 cretis
1121 474 1347 544 proiecit
1380 472 1789 545 archangelum,
1823 473 2076 545 fecitque,

504 579 566 624 ut
594 568 683 623 ille
711 567 867 639 quasi
912 567 1094 640 fulgur
1136 570 1203 624 ad
1243 580 1443 624 terram
1483 570 1759 625 decideret
1778 570 1845 624 ⁸⁷.
1875 570 1945 624 At
1974 570 2077 624 hu-

506 655 705 711 militas
744 656 1020 711 hominem
1071 657 1280 713 extollit
1328 659 1397 714 ad
1437 659 1659 725 coelum,
1698 657 1974 730 efﬁcitque
2016 668 2079 714 ut

507 759 634 801 cum
682 746 891 818 angelis
934 748 1225 819 tripudiet!
1259 748 1303 803 0
1337 750 1531 815 homo,
1580 751 1709 821 quid
1742 751 1798 807 in
1846 753 2077 808 sublime

420 852 423 857 ‘
510 838 743 905 tolleris,
775 854 900 894 cum
937 849 1134 895 natura
1162 839 1240 895 sis
1266 841 1438 895 lutum
1469 851 1521 897 et
1546 843 1814 913 putredo?
1867 843 2073 915 Ecquid

505 936 558 982 et
600 943 762 997 supra
809 927 986 983 nubes
1030 928 1329 985 attolleris?
1357 942 1505 985 tuam
1550 932 1758 1003 inspice
1798 943 2070 1000 naturam,

505 1022 647 1091 quod
690 1022 766 1077 sis
800 1022 999 1092 pulvis,
1039 1030 1093 1077 et
1122 1021 1282 1088 cinis,
1324 1032 1555 1095 postque
1582 1041 1772 1095 parum
1811 1028 2072 1098 temporis

506 1129 559 1169 ιιι
600 1113 875 1180 pulverem
935 1113 1246 1170 resolveris.
1292 1114 1449 1171 Modo
1498 1114 1800 1186 faswosus,
1847 1128 1901 1172 et
1951 1130 2072 1190 post

504 1220 693 1274 parum
723 1204 980 1276 temporis
1004 1206 1231 1273 vermis;
1260 1207 1388 1277 quid
1410 1208 1673 1263 cervicem
1695 1210 1918 1277 attollis,
1951 1227 2072 1281 qua:

504 1297 667 1366 paulo
698 1306 823 1366 post
844 1299 1208 1356 emarcescet?
1234 1299 1428 1367 Homo,
1468 1303 1562 1373 qui
1602 1319 1631 1358 a
1662 1302 1771 1359 Deo
1804 1305 2069 1361 auxilium

502 1389 829 1459 assequitur,
878 1398 961 1445 est
1002 1406 1259 1462 magnum
1294 1394 1460 1464 quid;
1506 1396 1799 1452 derelictus
1827 1408 1928 1465 est,
1966 1399 2069 1453 im-

502 1479 952 1551 becillitatemque
988 1484 1208 1552 agnovit
1245 1495 1486 1551 naturae;
1519 1486 1654 1541 nihil
1698 1488 1886 1556 habes,
1921 1492 2066 1561 quod

502 1586 535 1624 a
563 1569 671 1625 Dco
702 1587 810 1626 non
840 1574 1122 1644 accepisti,
1147 1576 1281 1646 quid
1309 1575 1473 1647 igitur
1493 1579 1548 1633 in
1584 1580 1783 1647 alieno,
1810 1591 2065 1654 tanquam

502 1660 558 1717 in
595 1671 687 1717 tuo
717 1664 1022 1720 hebetaris?
1055 1666 1185 1736 quid
1216 1669 1387 1738 gratia
1418 1669 1533 1736 Dei,
1558 1670 1723 1727 veluti
1751 1675 1969 1744 propria
2006 1690 2065 1729 re

502 1753 782 1823 gloriaris?
819 1756 1065 1826 Agnosce
1101 1758 1431 1830 largitorem,
1483 1776 1616 1817 neve
1658 1765 1891 1819 multum
1938 1763 2069 1820 ell‘e-

502 1846 676 1914 raris;
709 1856 959 1903 creatura
995 1864 1055 1906 es
1088 1848 1205 1917 Dei,
1256 1867 1325 1907 ne
1360 1852 1672 1910 Creatorem
1721 1857 2062 1927 asperneris;

500 1952 531 1992 a
562 1939 671 1995 Deo
701 1939 995 2009 adjuvaris,
1034 1957 1103 1998 ne
1128 1958 1326 2001 renuas
1357 1944 1791 2015 benefactorem;
1821 1949 1887 2003 ad
1934 1949 2067 2005 sub-

500 2031 779 2089 limitatem
833 2033 1065 2090 instituti
1122 2036 1435 2104 ascendisti,
1478 2040 1572 2094 sed
1611 2040 1700 2096 ille
1725 2050 1778 2097 te
1806 2041 2063 2111 deduxit;

500 2132 649 2179 recta
689 2124 906 2180 virtutis
953 2141 1115 2196 opera
1158 2128 1407 2197 patrasti,
1454 2145 1645 2186 verum
1692 2131 1782 2186 ille
1811 2141 2065 2203 operatus

382 2212 392 2224 '
501 2224 617 2281 est;
654 2214 828 2285 ipsum
858 2216 1135 2282 conﬁtere,
1174 2219 1268 2288 qui
1298 2226 1351 2274 te
1382 2220 1655 2289 exaltavit,
1681 2230 1741 2276 ut
1778 2222 1968 2281 ﬁrmus
2008 2223 2064 2279 in

500 2304 782 2362 altitudine
828 2322 1182 2377 permaneas;
1231 2325 1466 2381 agnosce
1511 2313 1893 2382 contribulem,
1936 2316 2064 2387 quia

501 2396 744 2467 ejusdem
776 2407 858 2454 est
885 2407 1113 2469 natum,
1146 2417 1215 2458 ne
1242 2418 1338 2474 per
1363 2403 1683 2474 iactantiam
1719 2421 1941 2464 recuses
1965 2423 2062 2464 co-

502 2487 831 2557 gnationem.

1072 2605 1298 2663 CAPUT
1339 2608 1481 2664 XIX.

567 2712 801 2772 Humilis
845 2725 931 2775 est
975 2718 1087 2786 ille,
1134 2730 1296 2792 atque
1338 2722 1553 2779 modice
1605 2732 1967 2797 temperatus;
2007 2736 2063 2783 at

499 2804 638 2861 idem
675 2807 920 2863 conditor
947 2817 1245 2882 utrumque
1270 2814 1495 2869 creavit.
1526 2812 1605 2870 Ne
1628 2816 1893 2873 humilem
1928 2833 2062 2874 con-

500 2906 731 2962 temnas,
759 2908 815 2953 te
839 2914 1075 2971 namque
1108 2904 1351 2957 securior
1383 2914 1466 2958 est
1494 2923 1508 2959 :
1540 2905 1742 2961 incedit
1772 2908 1863 2963 ille
1895 2923 2062 2978 super

500 2986 749 3053 humum,
778 2996 833 3042 et
867 3004 974 3044 non
999 2991 1143 3046 cadit
1168 2992 1437 3062 celeriter;
1479 2996 1571 3065 qui
1602 3007 1784 3053 autem
1810 3000 2059 3055 excelsus

2023 249 2084 310 S.
2106 251 2268 323 NILI

2104 380 2152 435 Α

3624 255 3751 321 1164

2764 366 3026 425 ΚΕΦΔΔ.’
3043 368 3147 423 lH'.

2256 475 2633 550 Ὑπερηφανία
2664 477 2760 531 ἀπ’
2786 477 3015 549 ούρανοῦ
3051 478 3349 534 κατέϐαλεν
3372 480 3748 552 ἀρχάγγελον,

2174 567 2268 622 καὶ
2288 567 2364 632 ὡς
2386 568 2672 640 ἀστραπὴν
2711 570 2933 643 ἐποίησε
2964 574 3149 624 πεσεῖν
3190 573 3284 625 ἐπὶ
3319 574 3450 643 γῆς.
3496 574 3750 627 Tantam-

2174 658 2413 732 φροσύνη
2431 659 2511 727 δὲ,
2539 659 2823 732 ἄνθρωπον
2846 660 3037 729 ἀνάγει
3065 663 3147 726 εἰς
3178 663 3452 734 οὐρανὸν,
3487 666 3591 717 καὶ
3624 668 3753 733 μετὰ

2171 750 2418 820 ἀγγέλων
2453 750 2703 822 χορεύειν
2741 753 3168 822 παρασκευάζει.
3195 755 3263 808 Τί
3297 754 3640 827 μετεωρίζῃ,
3669 757 3753 810 ἆν-

2172 841 2356 913 θρωπε
2381 884 2401 910 ,
2430 844 2601 916 πηλὸς
2640 846 2736 915 ὢν,
2770 848 2865 902 καλ⁵
2895 848 3102 919 σαπρία
3141 850 3207 918 τῇ
3243 848 3427 916 φύσει,
3476 850 3577 902 καὶ
3624 850 3752 919 ὑπὲρ

2169 936 2268 998 τὰς
2307 937 2536 1007 νεφέλας
2580 939 2819 1011 tuatim;
2872 941 3167 1011 ἐπισκέψαι
3197 959 3291 995 σου
3320 942 3422 1012 τὴν
3464 941 3639 1011 φύσιν
3680 943 3751 995 ὅτι

2170 1025 2240 1097 γῆ
2263 1022 2335 1091 εἴ,
2370 1028 2465 1081 καὶ
2495 1029 2710 1095 σποδὸς,
2741 1031 2839 1084 καὶ
2858 1032 2977 1102 μετ’
3001 1031 3179 1101 ὀλίγον
3200 1033 3281 1095 είς
3321 1032 3477 1085 κόνιν
3511 1033 3751 1106 ἀναλύῃ,

2170 1118 2294 1188 ἄρτι
2323 1120 2569 1191 σοϐαρὸς.
2602 1122 2695 1176 καὶ
2719 1121 2838 1193 μετ’
2860 1122 3041 1191 ὀλίγον
3064 1123 3294 1195 σκώληξ.
3333 1124 3401 1177 Τί
3432 1123 3533 1177 τὸν
3556 1125 3754 1194 αὐχένα

2169 1208 2417 1279 ἐπαίρεις
2442 1211 2533 1265 τὸν
2564 1214 2684 1282 μετ’
2704 1214 2885 1283 ὀλίγον
2914 1216 3248 1293 σηπόμενονς
3276 1216 3441 1284 Μέγα
3472 1216 3754 1288 ἄνθρωπος

2169 1298 2529 1372 βοηθούμενος
2557 1304 2708 1376 παρά
2735 1305 2892 1360 Θεοῦ·
2911 1302 3338 1379 ἐγκατελείφθη,
3371 1308 3475 1362 καὶ
3514 1308 3578 1361 τὸ
3602 1309 3757 1361 ἀσθε-

2168 1392 2255 1455 νὲς
2291 1383 2501 1462 ἐπέγνω
2554 1395 2657 1466 τῆς
2707 1397 2941 1467 φύσεως.
2994 1399 3158 1453 Οὐδὲν
3187 1400 3365 1471 ἔχεις,
3411 1400 3441 1453 ὃ
3487 1400 3567 1471 μὴ
3617 1404 3759 1470 παρά

2165 1483 2301 1537 Θεοῦ
2330 1484 2541 1551 έλαϐες·
2572 1490 2625 1542 τί
2653 1486 2744 1544 οὖν
2779 1489 2856 1561 τῷ
2898 1491 3163 1564 ἀλλοτρίῳ
3186 1492 3510 1564 ἐναμϐλύνῃ
3544 1492 3625 1556 ὡς
3651 1492 3754 1563 diu:

2163 1576 2217 1629 τί
2241 1579 2306 1648 τῇ
2330 1578 2515 1651 χάριτι
2533 1578 2629 1633 τοῦ
2658 1579 2794 1636 Θεοῦ
2816 1584 2891 1647 ὡς
2911 1581 3027 1655 ἰδίῳ
3053 1585 3293 1656 κτήματι
3322 1584 3755 1655 ἐγκαλλωπξῃς

2184 1669 2475 1739 Ἐπίγνωθι
2501 1672 2594 1726 τὸν
2622 1673 2909 1741 δεδωκότα,
2942 1676 3035 1730 καὶ
3066 1676 3139 1749 μὴ
3171 1677 3405 1749 ἐπαίρου
3432 1676 3607 1729 πολύ·
3648 1679 3756 1729 κτί-

2175 1775 2290 1829 σμα
2319 1759 2455 1814 Θεοῦ
2493 1759 2546 1815 εἴ
2565 1802 2592 1838 ,ο
2630 1762 2705 1834 μὴ
2728 1764 2910 1818 άθέτει
2937 1766 3030 1819 τὸν
3060 1766 3362 1821 Κτίσαντα·
3395 1767 3579 1840 βοηθῇ
3614 1770 3755 1838 παρά

2172 1851 2327 1918 Θεοῦ,
2362 1852 2438 1926 μὴ
2465 1854 2630 1925 άρνοῦ
2656 1855 2747 1909 τὸν
2782 1858 3097 1931 εὐεργέτην.
3137 1861 3233 1926 Et;
3258 1860 3395 1931 ὕψος
3428 1861 3651 1932 ἀνέϐης
3678 1878 3756 1911 τινα·

2170 1944 2395 2010 λιτείας,
2413 1947 2530 2001 ἀλλ’
2562 1950 2766 2015 ἐκεῖνος
2789 1951 3038 2025 ὡδήγησε
3063 1969 3079 1986 ·
3124 1954 3511 2026 κατώρθωσας
3537 1955 3753 2025 ἀρετὴν.

2171 2037 2287 2092 ἀλλ’
2324 2040 2535 2105 ἐκεῖνος
2594 2043 2917 2115 ἐνήργησεν.
2966 2044 3248 2115 Ὀμολόγει
3283 2045 3380 2099 τὸν
3419 2044 3751 2115 ὑψώσειντα,

2171 2129 2260 2187 ἵνα
2299 2133 2490 2207 μείνῃς
2517 2135 2577 2190 ἐν
2601 2135 2679 2208 τῷ
2705 2135 2830 2207 ὕψει
2860 2138 3098 2208 βέϐαιος·
3129 2139 3399 2209 ἐπίγνωθι
3420 2139 3525 2192 τὸν
3554 2141 3749 2209 ὁμόφυ-

2168 2223 2281 2291 λον,
2311 2226 2394 2281 ὅτι
2424 2227 2526 2299 τῆς
2552 2227 2725 2299 αὐτῆς
2766 2230 2912 2284 ἐστιν
2955 2231 3168 2296 οὐσίας.
3210 2232 3305 2303 Μὴ
3329 2232 3401 2285 δι’
3431 2231 3749 2297 ἀλαζονείας

2152 2318 2337 2390 ’ἀρνοῦ
2372 2318 2470 2392 τὴν
2491 2322 2835 2392 συγγένειαν.

2761 2610 3013 2665 ΚΕΦΑΛ.
3041 2608 3144 2667 ΙΘ’.

2234 2718 2502 2785 Ταπεινδς
2544 2721 2773 2787 ἐκεῖνος,
2821 2721 2919 2776 καὶ⁸
2959 2722 3310 2794 σύμμετρος·
3353 2723 3477 2777 ἀλλ’
3518 2724 3551 2778 ό
3599 2725 3754 2789 αὐτὸς

2162 2809 2489 2882 δημιουργὸς
2510 2810 2709 2866 ἔπλασε
2740 2812 2865 2876 τοὺς
2892 2813 3251 2885 ἀμφοτέρους.
3277 2814 3371 2885 Μή
3397 2820 3751 2888 καταφρονής

2166 2917 2262 2973 σῃς
2276 2900 2557 2956 ταπεινοῦ·
2582 2900 2784 2972 ἕστηκε
2814 2902 2922 2971 γάρ
2949 2918 3043 2955 σου
3064 2901 3500 2975 ἀσφαλέστερος·
3534 2904 3635 2956 ἐπὶ
3660 2905 3755 2975 γῆς

2166 2988 2389 3060 βαδίζει,
2444 2990 2539 3043 καὶ
2570 2989 2632 3043 ού
2682 2989 2868 3043 πίπτει
2921 2990 3174 3061 ταχέως·
3211 2992 3240 3046 ὁ
3292 2990 3351 3044 δὲ
3384 2991 3626 3062 ὑψηλὸς,
3666 2994 3756 3046 ἐὰν

498 3087 599 3142 εει,
640 3081 687 3135 si
731 3080 1008 3147 ceciderit,
1061 3092 1392 3141 conteretur.
1447 3086 1723 3159 Superbus
1764 3091 2063 3147 monachus

2170 3080 2325 3154 πέσῃ,
2358 3080 2793 3167 συντριϐήσεται.
2821 3080 3203 3153 Ὑπερήφανος
3235 3084 3474 3154 μοναχὸς
3532 3085 3754 3157 δένδρον

496 3166 661 3241 474
678 3170 847 3225 arbor
890 3182 973 3227 est
1010 3175 1217 3245 absque
1249 3175 1450 3244 radice,
1504 3194 1605 3235 nec
1643 3180 1787 3234 venti
1824 3182 2062 3251 perferet

498 3258 780 3331 impetum.
814 3261 963 3320 Mens
995 3264 1203 3338 absque
1245 3277 1476 3337 tumore,
1520 3271 1715 3329 civitas
1746 3282 1830 3329 est
1866 3274 2061 3330 maeni-

496 3349 599 3406 bus
647 3351 846 3422 cincta,
893 3362 948 3410 et
993 3356 1088 3427 qui
1143 3372 1263 3414 eam
1316 3360 1524 3427 incolit,
1566 3362 1894 3419 inviolabilis
1931 3364 2059 3420 erit.

493 3442 638 3498 Aura
673 3445 820 3500 venti
858 3446 1060 3503 siccam
1103 3452 1313 3507 extollit
1358 3453 1647 3521 festucam,
1677 3464 1730 3510 et
1764 3456 2059 3527 superbum

494 3530 732 3589 insultus
757 3533 910 3592 effert
938 3539 1242 3597 dementire.
1279 3542 1435 3599 Bulla
1476 3544 1646 3601 fracta
1673 3555 1979 3612 evanescet,
2008 3557 2063 3603 et

494 3626 755 3681 memoria
785 3631 1008 3699 superbi
1050 3634 1266 3702 peribit.
1304 3635 1538 3694 Humilis
1568 3654 1749 3695 sermo
1794 3639 1863 3694 ad
1891 3640 2061 3696 emol-

494 3712 724 3770 liendam
751 3727 835 3773 est
857 3720 1120 3791 animam,
1161 3733 1219 3779 at
1261 3729 1481 3796 superbi
1536 3730 1762 3784 verbum
1797 3739 1882 3786 est
1906 3745 2062 3787 arro-

492 3806 671 3875 gantia
714 3808 993 3868 refertum.
1053 3812 1240 3872 Oratio
1308 3818 1408 3873 viri
1461 3819 1683 3876 humilis
1748 3819 1920 3877 Deum
1974 3822 2061 3877 in-

488 3896 672 3967 ﬂectit,
726 3900 897 3958 Deum
946 3920 1076 3963 vero
1116 3921 1403 3981 exasperat
1450 3912 1671 3983 superbi
1713 3914 2059 3985 supplicatio.

490 3988 705 4046 Corona
739 3993 937 4051 domus
969 4006 1054 4053 est
1100 3998 1402 4070 humilitas,
1448 4011 1672 4075 tuteque
1701 4006 1938 4062 custodit
1976 4007 2060 4061 in-

490 4090 818 4140 troeuntem.
860 4085 999 4143 Cum
1047 4090 1115 4157 ad
1164 4093 1373 4162 apicem
1413 4095 1675 4152 virtutum
1724 4097 2057 4166 ascenderis,

492 4180 623 4229 tunc
661 4177 833 4232 multa
868 4194 1007 4249 opus
1047 4190 1132 4239 est
1163 4184 1261 4239 tibi
1293 4186 1488 4253 tutela;
1534 4203 1684 4256 nam,
1722 4189 1817 4259 qui
1855 4189 2001 4245 cadit
2027 4205 2060 4246 e

491 4265 805 4334 pavimento
837 4271 993 4327 ocius
1026 4275 1219 4346 surgit,
1250 4278 1345 4347 qui
1384 4287 1566 4335 autem
1616 4282 1684 4336 ab
1721 4281 1831 4338 alto
1869 4284 2057 4340 conci-

491 4354 589 4421 nit,
643 4359 710 4413 ad
761 4370 995 4417 mortem
1045 4367 1396 4435 periclitatur.
1453 4369 1708 4441 Lapidem
1760 4376 2054 4444 pretiosum

492 4449 693 4505 muniri
723 4465 860 4510 auro
883 4454 1058 4525 decet,
1091 4467 1144 4515 et
1167 4460 1270 4517 viri
1294 4461 1576 4521 humilitas
1604 4466 1793 4523 multis
1813 4467 2055 4538 resplen—

491 4539 580 4593 dct
602 4541 917 4600 virtutibus.

563 4715 606 4747 "
646 4713 751 4773 lsa.
789 4733 903 4788 xlv,
932 4720 1022 4778 12.

2158 3173 2405 3245 ἄρριζον,
2432 3174 2528 3228 καὶ
2548 3174 2609 3227 ού
2642 3175 2718 3245 μὴ
2747 3173 2949 3247 ἐνέγκῃ
2982 3174 3289 3247 προσϐολὴν
3316 3178 3555 3247 ἀνέμου.
3593 3178 3754 3242 Πόλις

2158 3264 2558 3336 τετειχισμένη,
2592 3264 2797 3334 ἄτυφον
2824 3265 3117 3337 φρόνημα,
3150 3267 3247 3319 καὶ
3271 3267 3301 3319 ό
3337 3268 3581 3321 ἐνοικῶν
3613 3269 3751 3339 αὐτῇ

2158 3354 2356 3419 ἄσυλος
2378 3356 2551 3411 ἐσται.
2583 3354 2915 3429 Μετεωρίζει
2957 3356 3168 3428 κάρφος
3202 3351 3347 3427 αὖρα
3374 3360 3627 3429 ἀνέμου,
3663 3364 3753 3413 καὶ

2159 3446 2506 3519 ὑπερήφανον
2545 3448 2759 3521 ἐπαίρει
2809 3446 3065 3513 ἀπονοίας
3106 3448 3385 3520 προσϐολή
3410 3466 3425 3479 ·
3458 3452 3751 3521 πομφόλυξ

2160 3539 2390 3609 ραγεῖσα
2444 3539 2917 3611 ἀφανισθήσεται,
2961 3540 3058 3594 καὶ
3114 3541 3306 3611 μνήμη
3382 3541 3749 3613 ὑπερηφάνου

2157 3628 2397 3684 ϐλλυται.
2433 3632 2606 3701 Λόγος
2642 3632 2901 3686 ταπεινοῦ
2954 3632 3217 3703 μάλαγμα
3263 3632 3443 3704 ψυχῆς
3472 3677 3490 3700 ,
3520 3635 3633 3689 όδὲ
3662 3635 3750 3688 τοῦ

2159 3725 2507 3797 ὑπερηφάνου
2569 3724 2885 3790 ἀλαζονείας
2909 3724 3286 3797 πεπλήρωται.
3313 3727 3620 3798 Προσευχὴ
3661 3746 3749 3780 t1-

2157 3814 2345 3870 πεινοῦ
2408 3813 2750 3885 ἐπικάμπτει
2804 3815 2955 3878 Θεὸν,
3012 3816 3306 3887 παροξύνει
3345 3816 3405 3868 δὲ
3453 3816 3554 3870 τὸν
3621 3817 3747 3870 Θεὸν

2156 3911 2339 3985 δέησις
2359 3911 2739 3982 ὑπερηφάνου..
2756 3910 3024 3981 Στέφανος
3045 3909 3292 3980 δὼματός
3313 3911 3466 3962 ἐστιν
3493 3911 3529 3980 ή
3556 3927 3747 3963 ταπει-

2158 4003 2461 4075 νοφροσύνη
2490 4003 2584 4057 καὶ
2623 4002 2713 4059 τδν
2740 4002 3034 4057 ἀνελθόντα
3061 4005 3218 4073 τηρεί
3246 3999 3538 4070 ἀσφαλῶς.
3577 4002 3746 4055 Ὅταν

2157 4095 2388 4169 ἀνέλθῃς
2421 4098 2503 4160 είς
2538 4096 2599 4149 τὸ
2635 4096 2747 4150 τῶν
2790 4094 3000 4167 ἀρετῶν
3051 4093 3204 4165 ῦψος,
3259 4093 3385 4146 τότε
3432 4092 3615 4163 πολλή
3668 4110 3743 4145 σοι

2158 4187 2318 4258 χρεία
2361 4187 2465 4258 τῆς
2506 4186 2826 4256 ἀσφαλείας.
2871 4186 2929 4240 '0
2975 4185 3085 4256 γάρ
3120 4183 3304 4239 πεσὼν
3349 4182 3446 4238 ἀπ’
3482 4184 3739 4252 ἐδάφους,

2155 4279 2367 4351 ταχέως
2392 4278 2685 4351 ἐγείρεται,
2710 4280 2740 4333 ό
2765 4279 2822 4333 δὲ
2853 4276 3035 4332 πεσὼν
3064 4278 3156 4347 ἀφ’
3188 4275 3423 4347 ὑψηλοῦ,
3455 4278 3541 4339 εἰς
3572 4276 3737 4330 θάνα-

2157 4388 2249 4426 τον
2293 4370 2609 4427 κινδυνεύει.
2655 4371 2819 4435 Λίθος
2865 4370 3048 4441 τίμιος
3092 4367 3369 4440 ἐμπρέπει
3434 4366 3737 4437 σιαλώματι

2159 4464 2408 4539 χρυσίου,
2436 4466 2530 4520 καὶ
2550 4463 2769 4530 πολλαῖς
2788 4466 3007 4538 ἀρεταῖς
3027 4462 3380 4535 φαιδρύνεται
3409 4460 3735 4520 ταπείνωσις

2160 4554 2377 4627 ἀνδρός.
