3804 6052
84 360 113 419 1
130 360 250 424 165

121 505 2638 538 Μ

556 624 889 786 ’ΤΟΥ
925 668 1412 785 ΑΥΤΟΥ
1503 669 1855 784 ΠΕΡΙ
1917 667 2823 783 ΠΡΟΣΕΥΧΗΣ

1454 362 1549 421 DE
1581 360 1976 422 ORATIONE.

3181 350 3314 413 1166

2652 500 3305 531 w

1544 891 1901 978 ΛΟΓΟΣ

1082 1073 1188 1124 ΕΙΣ
1217 1069 1358 1124 PN!”
1387 1068 1739 1124 ΚΕΦΑΛᾹΙΑ
1790 1066 2337 1123 ΔῙΕΙΔΗΜΜΕΝΟΣ.

842 1323 1471 1441 EJUSDEM
1553 1328 1733 1439 DE
1836 1324 2552 1441 ORAT-IONE

1388 1567 2059 1661 TRACTATUS

869 1760 944 1823 1n
981 1767 1228 1823 centum
1269 1767 1716 1849 quinquaginta
1751 1767 1862 1829 tria
1919 1730 2569 1848 capituladistinctus.

689 1929 1089 1989 ΠΡΟΟΙΜΙΟΝ.

159 2043 507 2116 Πυρίττοντά
534 2060 601 2114 με
619 2042 698 2117 τῷ
722 2044 946 2117 φλογμῷ
968 2046 1079 2101 τῶν
1099 2045 1420 2118 ἀκαθάρτων
1449 2043 1656 2107 παθῶν,

82 2137 346 2209 συνήθως
367 2138 667 2208 ἅνεκτήσω,
690 2139 756 2209 τῇ
776 2137 885 2192 τῶν
906 2137 1168 2208 θεοφιλῶν
1201 2156 1294 2192 σου
1318 2137 1659 2209 γραμμάτων

80 2232 304 2301 ἐπαφῇ,
322 2229 413 2285 τὸν
443 2229 720 2301 κάμνοντά
753 2246 854 2302 μου
891 2230 1018 2285 νοῦν
1047 2232 1106 2285 ὲν
1131 2232 1244 2294 τοῖς
1274 2230 1523 2301 ὲσχάτοις
1555 2245 1658 2282 πα-

85 2322 574 2394 ραμυθησάμενος,
626 2322 722 2377 καὶ
758 2322 849 2376 τὸν
893 2322 1067 2395 μέγαν
1107 2322 1487 2394 μιμησάμενος
1523 2320 1656 2374 καθ-

80 2413 329 2485 ηγητὴν,
350 2414 444 2468 καὶ
471 2414 787 2469 διδάσκαλον
807 2413 1088 2486 μακαρίως
1106 2432 1119 2445 ·
1143 2415 1237 2468 καὶ
1250 2416 1310 2467 ού
1327 2412 1652 2483 θαυμαστόνο

82 2505 160 2573 σὴ
206 2504 318 2577 γὰρ
356 2506 444 2561 ἀεὶ
484 2506 640 2578 μερὶς
686 2507 876 2577 γέγονε
913 2507 983 2561 τὰ
1015 2508 1280 2578 ἐπίσημα,
1320 2506 1395 2569 ὡς
1435 2506 1530 2558 καὶ
1560 2502 1653 2557 τοῦ

82 2597 459 2669 εὐλογημένοι)
499 2598 709 2652 Ἰακώϐ·
736 2600 917 2663 καλῶς
935 2599 1044 2671 γὰρ
1074 2596 1366 2662 δουλεύσας
1394 2597 1493 2667 τῆς
1530 2595 1655 2650 Ῥα-

83 2687 195 2759 χὴλ
226 2689 403 2760 χάριν,
429 2692 524 2743 καὶ
550 2687 729 2744 λαϐὼν
752 2690 849 2761 τὴν
890 2691 1073 2755 Λείαν,
1102 2689 1283 2760 ζητεῖς
1309 2689 1403 2743 καὶ
1430 2687 1529 2759 τὴν
1560 2705 1655 2742 πο-

85 2779 188 2831 6ου
195 2780 384 2852 μένην,
408 2781 483 2846 ὡς
508 2782 599 2835 καί
618 2782 818 2853 ταύτης
838 2781 1009 2853 δήπου
1035 2780 1326 2851 πληρώσας
1349 2780 1415 2835 τὰ
1429 2780 1650 2851 ἓὸδομα.

97 2870 250 2941 Ἐγὼ
269 2873 326 2926 δὲ
351 2874 450 2928 οὐκ
466 2873 779 2946 ἀρνηθείην,
808 2875 884 2939 ὡς
905 2875 1033 2947 ὅλην
1054 2874 1150 2946 τὴν
1171 2874 1338 2927 νύκτα
1365 2875 1650 2937 κοπιάσας,

85 2966 345 3019 πεπίακα
374 2966 547 3031 οὐδὲν,
588 2967 725 3038 πλὴν
753 2966 869 3021 ἀλλ’
911 2968 1005 3021 ἐπὶ
1029 2966 1106 3037 τῷ
1141 2965 1218 3037 σῷ
1245 2965 1388 3037 λόγῳ
1415 2965 1653 3036 χαλάσας

82 3054 151 3108 τὺ
180 3054 418 3121 δίκτυον,
453 3055 694 3127 ῆγρευσα
737 3056 933 3128 ἰχθύων
969 3056 1199 3128 πληθὺν,
1228 3057 1327 3111 ούκ
1371 3051 1521 3127 οἶμαι
1554 3055 1652 3126 μὲν

88 3148 369 3217 μεγάλων,
418 3149 612 3203 ἑκατὸν
649 3149 708 3202 δὲ
747 3150 899 3220 ὅμως
938 3150 1033 3203 καὶ
1077 3151 1415 3222 πεντήκοντα
1459 3148 1647 3222 τριῶν,

85 3240 189 3293 καὶ
215 3238 438 3304 τούτους
459 3241 753 3296 ἀπέστειλα
787 3242 844 3294 ὲν
872 3243 938 3313 τῇ
963 3241 1179 3313 σπυρίδι
1200 3242 1298 3311 τῆς
1322 3241 1540 3313 ἀγάπης
1562 3240 1651 3294 διὰ

84 3331 198 3384 τῶν
222 3331 521 3403 ἰσαρίθμων
542 3332 865 3401 κεφαλαίων,
888 3332 986 3404 τὴν
1012 3332 1303 3402 πρόσταξιν
1325 3350 1418 3387 σου
1448 3333 1655 3406 πεπλη-

90 3420 286 3491 ρωκώς
303 3436 319 3451 ⁶
344 3420 606 3493 θαυμάζω
640 3422 697 3476 δέ
725 3440 785 3476 σε
805 3463 821 3487 ,
857 3423 950 3477 καὶ
994 3422 1112 3478 λίαν
1137 3422 1279 3496 ζηλῶ
1299 3424 1398 3495 τῆς
1430 3423 1656 3496 ἀρίστης

86 3514 403 3584 προθέσεως
439 3515 547 3567 τῶν
580 3516 709 3586 περί¹
744 3514 1053 3586 προσευχῆς
1079 3515 1289 3588 ἐρῶντα
1323 3516 1651 3585 κεφαλαίων.

87 3606 166 3661 Οὐ
191 3606 304 3677 γὰρ
338 3606 524 3671 ἁπλῶς
553 3606 757 3661 τούτων
790 3608 922 3679 ἐρᾷς
956 3607 1064 3661 τῶν
1087 3607 1193 3662 ὑπὸ
1222 3608 1439 3691 χειρῶν,
1470 3609 1565 3663 καὶ
1598 3608 1656 3662 ὲν

86 3699 269 3770 χάρτῃ
291 3699 379 3752 διὰ
409 3698 638 3769 μέλανος
658 3698 720 3752 τὸ
757 3696 893 3753 εἶναι
920 3700 1169 3771 ἑχόντων,
1204 3699 1339 3755 ἀλλὰ
1365 3702 1470 3753 τῶν
1497 3701 1555 3753 δν
1581 3700 1657 3771 νῷ

88 3793 394 3863 ἱδρυμένων
450 3791 517 3845 δι’
586 3790 841 3861 ἀγάπης,
887 3792 984 3844 καὶ
1028 3790 1451 3863 ἀμνησικακίας.
1515 3791 1654 3845 Ἀλλ’

87 3882 215 3935 ἐπεὶ
241 3881 419 3935 πάντα
463 3880 642 3945 δισσὰ,
674 3879 733 3934 ἓν
757 3880 877 3935 κατ’
908 3881 1088 3935 ἔναντι
1107 3881 1202 3935 τοῦ
1229 3882 1369 3947 ἐνὸς,
1402 3881 1546 3936 κατὰ
1565 3883 1655 3936 τὸν

90 3974 257 4044 σοφὸν
310 3972 517 4044 Ἰησοῦν
544 4012 560 4038 ,
605 3973 761 4044 δέχου
811 3974 947 4046 πρὸς
987 3973 1064 4045 τῷ
1108 3974 1396 4045 γράμματι
1448 3975 1656 4047 καὶτῷ

88 4066 385 4139 πνεύματι·
412 4066 505 4119 καὶ
528 4064 800 4139 σύνες,.ὡς
820 4067 1036 4129 πάντως
1063 4064 1155 4119 τοῦ
1184 4067 1509 4137 γράμματος
1533 4067 1656 4133 νοῦς

87 4158 456 4226 προηγεῖται’
495 4157 596 4209 ούκ
633 4156 784 4219 ὄντος
830 4156 940 4226 γὰρ
982 4156 1207 4222 τούτου,
1249 4157 1369 4211 οὐδὲ
1420 4158 1654 4230 γράμμα

86 4245 267 4298 ἔσται.
299 4243 508 4298 Οὐκοῦν
533 4246 629 4301 καὶ
656 4244 966 4315 προσευχῆς
988 4244 1162 4308 διττὸς
1186 4246 1214 4297 6
1246 4246 1465 4317 τρόπος,
1498 4248 1527 4299 6
1551 4248 1653 4317 μέν

84 4352 176 4399 τις
210 4335 537 4406 πρακτικὸς,
566 4336 672 4390 ὁδὶ
702 4335 1056 4407 θεωρητικὸς,
1099 4336 1240 4389 οὕτω
1271 4337 1366 4391 καὶ
1393 4336 1651 4410 ἀριθμοῦ,

84 4428 152 4481 τὸ
184 4427 283 4499 μὲν
317 4428 602 4499 πρόχειρός
632 4430 749 4482 ἐστι
786 4429 1020 4493 ποσότης
1039 4471 1055 4495 ,
1088 4428 1149 4482 τὸ
1178 4429 1235 4483 δὲ
1261 4432 1655 4502 σημαινόμενον

84 4518 315 4589 ποιότης
340 4534 357 4547 ο
398 4520 477 4582 εἰς
510 4518 702 4572 ἑκατὸν
728 4513 822 4572 οὖν
856 4521 1190 4592 πεντήκοντα
1208 4520 1375 4592 τριῶν
1397 4521 1490 4576 τὸν
1525 4522 1655 4592 περὶ

2240 1916 2808 2005 ωενιιιΕΡΑΤιο.

1828 2037 2243 2096 Febricitantem
2272 2058 2361 2097 me
2380 2041 2694 2112 passionum
2717 2042 3048 2110 impurarum
3070 2047 3204 2095 aestu
3226 2055 3310 2095 re-

1760 2129 2013 2187 focillasti
2050 2148 2149 2204 pro
2176 2149 2347 2202 more,
2375 2122 2593 2188 tuarum
2624 2136 2735 2189 Deo
2764 2132 3076 2188 ainabilium
3105 2132 3312 2187 littera-

1759 2238 1877 2277 rum
1925 2226 2299 2281 attrectatione
2341 2242 2515 2281 meam
2572 2225 2907 2282 consolando
2959 2232 3194 2278 mentem
3242 2223 3310 2278 ad

1758 2326 2055 2373 extremum
2094 2317 2393 2390 fatigatam,
2421 2331 2787 2390 magnumque
2822 2313 3085 2369 imitando
3114 2329 3313 2385 praece-

1756 2420 1984 2480 ptorem,
2028 2427 2094 2467 ac
2133 2413 2448 2483 magistrum
2496 2413 2684 2479 beate;
2725 2426 2902 2481 neque
2942 2409 3162 2474 mirum,
3209 2418 3314 2463 tua:

1758 2512 1949 2568 nempe
1973 2508 2155 2568 partes
2187 2498 2338 2555 {uere
2366 2514 2581 2569 semper
2615 2500 2851 2570 insignia
2890 2513 3139 2568 quaeque,
3170 2498 3312 2552 sicut

1754 2602 1808 2646 et
1847 2591 2112 2647 benedicti
2150 2590 2379 2648 Iacob“
2412 2607 2578 2648 :cum
2606 2591 2748 2647 enim
2781 2591 3035 2662 praeclare
3060 2588 3313 2646 servieris

1754 2693 1974 2754 propter
2018 2682 2240 2751 Rachel,
2289 2694 2344 2741 et
2387 2685 2539 2741 Liam
2585 2686 2880 2756 acceperis,
2915 2684 3115 2756 quieris
3144 2684 3310 2740 etiam

1753 2775 2134 2840 desideratam,
2172 2787 2356 2847 utpote
2397 2779 2489 2848 qui
2537 2789 2591 2834 et
2636 2779 2863 2849 hujusce
2906 2786 3108 2849 septem
3137 2793 3313 2833 annos

1753 2867 2079 2939 adimplesti.
2126 2868 2237 2940 Ego
2265 2886 2393 2925 vero
2438 2886 2544 2926 non
2585 2871 2926 2943 denegarem,
2964 2870 3135 2941 quod,
3187 2886 3311 2926 cum

1753 2976 1849 3029 per
1873 2968 2041 3015 totam
2084 2972 2298 3018 noctem
2342 2962 2696 3028 laborassem,
2729 2962 2865 3017 nihil
2892 2964 3309 3033 comprehendi;

1752 3062 2143 3115 verumtamen,
2194 3068 2320 3109 cum
2381 3053 2438 3108 in
2496 3065 2591 3109 tuo
2639 3054 2806 3110 verbo
2849 3063 2960 3110 rete
3016 3055 3310 3120 laxassem,

1751 3144 2088 3213 exspiscatus
2120 3160 2241 3201 sum
2284 3145 2516 3216 piscium
2557 3146 2981 3215 multitudinem,
3019 3162 3129 3202 non
3162 3147 3316 3217 equi-

1751 3236 1872 3292 dem
1912 3237 1996 3308 (ut
2021 3238 2294 3309 existimo)
2333 3256 2674 3311 magnorum,
2712 3253 2929 3297 centum
2989 3258 3117 3298 vero
3148 3242 3314 3298 simul

1754 3338 1808 3385 et
1832 3330 2219 3404 quinquaginta
2246 3332 2431 3399 trium,
2455 3332 2680 3404 illosque
2704 3349 2800 3404 per
2820 3335 3049 3404 capitula
3083 3351 3312 3390 numero

1753 3423 1980 3492 aequalia
2013 3424 2069 3478 in
2109 3425 2273 3480 corbe
2312 3425 2408 3479 tibi
2452 3425 2572 3481 misi
2600 3426 2900 3490 charitatis,
2942 3435 3094 3481 tuum
3136 3429 3313 3481 adim-

1754 3513 1950 3583 plendo
2001 3516 2351 3582 mandatum;
2410 3525 2464 3573 te
2513 3531 2640 3571 vero
2692 3516 2951 3581 admiror,
3000 3518 3315 3589 felicemque

1754 3606 1957 3675 optimo
1984 3607 2259 3677 proposito
2283 3608 2535 3674 arbitror,
2565 3609 2711 3679 quod
2741 3610 2977 3684 capitula
3004 3610 3072 3665 de
3101 3612 3312 3666 oratio-

1754 3712 1822 3753 ne
1849 3700 2165 3770 percupias;
2199 3716 2297 3757 nec
2318 3702 2461 3757 enim
2490 3702 2806 3773 simpliciter
2828 3716 3017 3759 eorum
3044 3703 3307 3759 detineris

1754 3806 1959 3860 amore,
1992 3808 2114 3864 qua:
2150 3795 2401 3850 manibus
2440 3797 2880 3861 conscribuntur,
2930 3796 3315 3866 inque‘charta

1754 3898 1847 3951 per
1886 3895 2247 3941 atramentum
2279 3887 2618 3953 subsistunt;
2663 3902 2874 3951 verum,
2896 3902 3084 3941 eorum
3113 3902 3232 3954 qua:
3260 3887 3316 3939 in

1754 3987 1935 4033 mente
1965 3993 2061 4048 per
2093 3980 2433 4046 charitatem,
2482 3980 2917 4050 injuriarumque
2963 3979 3313 4042 oblivionem,

1754 4068 2116 4124 stabiliuntur.
2150 4069 2257 4126 Sed
2290 4072 2547 4140 quoniam
2588 4071 2819 4141 duplicia
2850 4078 2980 4125 sunt
3019 4070 3222 4138 omnia,
3264 4079 3316 4124 et

1753 4172 1920 4211 unum
1948 4173 1980 4213 e
2005 4158 2223 4229 regione
2262 4159 2487 4215 alterius
2513 4159 2678 4232 476
2713 4160 2970 4230 positum,
3015 4160 3313 4214 secundum

1753 4250 2049 4319 sapientem
2078 4249 2264 4307 Jesum
2288 4252 2355 4317 θ’,
2397 4253 2583 4323 accipe
2626 4254 2777 4323 iuxta
2826 4252 3079 4317 litteram,
3113 4261 3167 4306 et
3204 4252 3315 4319 spi-

1751 4342 1940 4409 ritum,
1967 4351 2021 4397 et
2052 4343 2308 4413 intellige,
2348 4344 2490 4413 quod
2521 4359 2676 4399 mens
2707 4343 2929 4397 omnino
2957 4342 3149 4397 litterze
3181 4358 3315 4411 prae-

1751 4433 1913 4498 cedit,
1940 4450 2065 4489 nam
2090 4434 2138 4490 si
2167 4434 2271 4489 ista
2300 4451 2408 4490 non
2446 4435 2606 4501 adsit,
2640 4451 2740 4491 nec
2770 4436 2873 4489 erit
2898 4434 3073 4489 littera
3112 4454 3125 4488 :
3155 4433 3316 4506 igitur

1751 4527 2014 4582 orationis
2048 4541 2264 4598 quoque
2301 4527 2501 4598 duplex
2547 4536 2632 4583 est
2663 4527 2880 4591 modus,
2928 4543 3071 4582 unus
3113 4524 3313 4595 practi-

85 4610 401 4681 προσευχῆς
437 4610 596 4680 λόγον
643 4609 998 4681 διειληφότες,
1043 4613 1395 4681 εὐαγγελικὺν
1427 4612 1653 4682 ὀψώνιόν

1755 4633 1874 4683 cus,
1905 4634 2000 4674 seu
2034 4618 2088 4674 in
2118 4619 2326 4689 agendo
2341 4620 2595 4706 positus;
2628 4620 2763 4673 alter
2796 4619 3196 4688 speculativus,
3232 4626 3314 4671 ta-

87 4718 178 4754 σοι
202 4702 595 4773 πεπόμφαμεν,
623 4703 710 4757 ἴνα
738 4701 902 4775 εὕρῃς
927 4703 1253 4775 συμδολικοῦ
1272 4704 1505 4775 ἀριθμοῦ
1530 4721 1654 4777 τερ-

84 4790 333 4860 πνότητα
363 4792 456 4845 καὶ
496 4791 679 4864 σχῆμα
717 4793 979 4863 τρίγωνον
1002 4832 1018 4857 ,
1056 4795 1150 4849 καί
1183 4796 1473 4864 ἑξάγωνον,
1518 4794 1652 4867 ὁμοῦ

89 4881 193 4952 μὲν
216 4881 415 4953 εὐσεϐῆ
446 4882 645 4952 γνῶσιν
677 4884 928 4957 Τριάδος,
967 4886 1102 4957 ὁμοῦ
1136 4887 1194 4940 δὲ
1222 4888 1318 4941 κα)⁸
1352 4889 1514 4961 τῆσδε
1552 4889 1654 4959 τῆς

83 4974 501 5044 διακοσμήσεως
550 4976 649 5048 τὴν
694 4978 1036 5049 περιγραφὴν
1076 4979 1391 5049 ὑποφαίνον.
1447 4981 1585 5035 Ἀλλ’
1624 4981 1654 5033 6

87 5065 287 5119 ἑκατὸν
312 5066 543 5139 ἀριθμὸς
572 5070 696 5125 καθ’
727 5071 917 5126 ἑαυτὸν
949 5073 1287 5145 τετράγωνός
1315 5074 1495 5140 ἐστιν,
1531 5077 1561 5129 6
1595 5075 1653 5128 δὲ

88 5159 428 5227 πεντήκοντα
454 5160 598 5230 τρὶς,
624 5161 909 5232 τρίγωνος,
939 5162 1035 5217 καὶ
1056 5164 1361 5235 σφαιρικός·
1392 5168 1421 5219 6
1444 5165 1553 5238 γάρ
1573 5168 1653 5221 εἰ·

85 5251 281 5315 κοστὺς
308 5252 490 5321 ὄγδοος
524 5255 623 5324 μὲν
649 5255 927 5327 τρίγωνος.
959 5256 1253 5328 Σφαιρικδς
1278 5258 1336 5312 δὲ
1354 5259 1383 5311 6
1412 5260 1654 5325 εἰκοστὸς

88 5343 366 5412 πέμπτος⁸
426 5346 685 5411 πεντάκις
740 5348 848 5420 γὰρ
894 5348 1055 5402 πέντε
1109 5350 1395 5421 κεφάλαια.
1446 5353 1655 5407 Οὐκοῦν

87 5431 234 5504 ἔχεις
271 5434 330 5487 τὸ
355 5437 690 5506 τετράγωνον
720 5439 923 5509 σχῆμα,
953 5440 1017 5493 ού
1042 5440 1201 5511 μόνον
1223 5440 1310 5495 διὰ
1332 5443 1433 5513 τῆς
1458 5461 1651 5516 τετρα-

89 5525 254 5589 κτύος
276 5525 383 5581 τῶν
410 5528 619 5598 ἀρετῶν
641 5571 657 5594 ,
687 5530 824 5584 ἀλλὰ
861 5532 955 5585 καὶ
999 5533 1149 5586 τοῦδε
1195 5535 1288 5589 τοῦ
1324 5535 1517 5601 αἰῶνος
1550 5538 1646 5608 τὴν

90 5616 314 5686 ινσοφον
339 5619 538 5687 γνῶσιν
567 5621 644 5693 τῷ
666 5623 891 5695 εἰκοστῷ
923 5626 1159 5697 πέμπτῳ
1186 5628 1445 5697 ἐοικυῖαν,
1477 5631 1565 5685 διὰ
1588 5632 1648 5685 τὸ

160 5773 209 5809 ⁸⁸
236 5774 373 5833 Gen.
405 5792 552 5849 nix,
578 5778 669 5838 27.
745 5781 789 5815 "
824 5780 989 5840 Eceii.
1022 5799 1152 5853 mi,
1180 5785 1267 5841 25.

1754 4711 1939 4780 lesque
1962 4711 2162 4781 pariter
2200 4712 2412 4767 numeri
2440 4721 2568 4768 sunt
2598 4721 2801 4781 partes,
2837 4728 2945 4766 una
2988 4711 3204 4781 quidem
3234 4719 3317 4765 est

1751 4803 2027 4874 quantitas
2069 4813 2339 4875 prompta,
2385 4806 2551 4860 altera
2590 4819 2739 4869 vero,
2785 4819 2907 4874 quae
2957 4803 3313 4873 signiﬁcatur,

1750 4905 1834 4952 est
1860 4895 2114 4966 qualitas.
2144 4895 2201 4949 In
2237 4904 2454 4950 centum
2484 4896 2646 4965 igitur
2665 4894 3056 4966 quinquaginta
3094 4892 3195 4946 tria
3223 4906 3317 4945 ca-

1751 4988 1920 5059 pitula
1952 4997 2237 5043 tractatum
2269 4988 2335 5043 de
2359 4988 2605 5042 oratione
2644 4989 3057 5057 distinguentes,
3086 5000 3319 5054 evange-

1752 5081 1914 5135 licum
1949 5080 2044 5135 tibi
2065 5079 2355 5136 obsonium
2375 5080 2648 5144 misimus,
2687 5089 2747 5134 ut
2772 5062 3042 5149 all'egorici
3072 5077 3317 5132 invenias

1752 5172 1962 5226 numeri
1999 5171 2417 5241 iucunditatem,
2451 5170 2787 5242 ﬁguramque
2827 5170 3238 5241 triangularem,
3264 5178 3320 5222 et

1753 5267 2187 5336 sexangularem,
2233 5264 2761 5326 submonstrantem,
2795 5271 2910 5318 tum
2953 5263 3097 5332 piam
3137 5260 3317 5315 Trini-

1754 5358 1879 5413 tatis
1907 5358 2290 5428 cognitionem,
2324 5366 2437 5413 tum
2476 5358 2639 5412 etiam
2668 5357 2895 5426 hujusce
2932 5352 3313 5413 ordinationis.

1753 5464 1817 5503 ac
1866 5448 2261 5504 distributionis
2312 5449 2751 5520 descriptionem.
2800 5446 2866 5501 Et
2900 5460 3159 5502 numerus
3190 5444 3286 5514 qui

1751 5541 1870 5593 dem
1902 5542 2245 5596 centenarius
2271 5542 2567 5598 secundum
2601 5543 2841 5610 seipsum
2867 5536 3317 5610 quadrangulan‘s

1753 5641 1853 5700 est,
1886 5632 1977 5688 sed
2040 5634 2540 5706 quinquagenarius
2581 5635 2794 5697 tertius,
2838 5630 3182 5701 triangularis
3210 5639 3315 5692 est,
