  <div class='ocr_page' id='page_1' title='image "/cluster/home/n/w/nwhite01/storage/ocr_20150623/79/hvd.32044010610517/591.png"; bbox 0 0 3838 6056; ppageno 0'>
   <div class='ocr_carea' id='block_1_1' title="bbox 502 349 637 417">
    <p class='ocr_par' dir='ltr' id='par_1_1' title="bbox 502 349 637 417">
     <span class='ocr_line' id='line_1_1' title="bbox 502 349 637 417; baseline 0 0"><span class='ocrx_word' id='word_1_1' title='bbox 502 349 637 417; x_wconf 77' lang='grc'><strong>1167</strong></span> 
     </span>
    </p>
   </div>
   <div class='ocr_carea' id='block_1_2' title="bbox 1967 343 2236 405">
    <p class='ocr_par' dir='ltr' id='par_1_2' title="bbox 1967 343 2236 405">
     <span class='ocr_line' id='line_1_2' title="bbox 1967 343 2236 405; baseline 0 0"><span class='ocrx_word' id='word_1_2' title='bbox 1967 345 2028 405; x_wconf 91' lang='lat' dir='ltr'><strong>S.</strong></span> <span class='ocrx_word' id='word_1_3' title='bbox 2073 343 2236 405; x_wconf 86' lang='lat' dir='ltr'><strong>NILI</strong></span> 
     </span>
    </p>
   </div>
   <div class='ocr_carea' id='block_1_3' title="bbox 3576 355 3710 421">
    <p class='ocr_par' dir='ltr' id='par_1_3' title="bbox 3576 355 3710 421">
     <span class='ocr_line' id='line_1_3' title="bbox 3576 355 3710 421; baseline 0.015 -2"><span class='ocrx_word' id='word_1_4' title='bbox 3576 355 3710 421; x_wconf 79' lang='lat'><strong>1168</strong></span> 
     </span>
    </p>
   </div>
   <div class='ocr_carea' id='block_1_4' title="bbox 474 455 2046 539">
    <p class='ocr_par' dir='ltr' id='par_1_4' title="bbox 474 455 2043 531">
     <span class='ocr_line' id='line_1_4' title="bbox 474 455 2043 531; baseline -0.009 -5"><span class='ocrx_word' id='word_1_5' title='bbox 474 478 552 526; x_wconf 80' lang='lat' dir='ltr'><strong>.et</strong></span> <span class='ocrx_word' id='word_1_6' title='bbox 580 463 874 531; x_wconf 81' lang='lat' dir='ltr'><strong>rotundus;</strong></span> <span class='ocrx_word' id='word_1_7' title='bbox 912 478 1036 519; x_wconf 82' lang='lat' dir='ltr'><strong>nam</strong></span> <span class='ocrx_word' id='word_1_8' title='bbox 1083 462 1370 519; x_wconf 78' lang='lat' dir='ltr'><strong>vicesimus</strong></span> <span class='ocrx_word' id='word_1_9' title='bbox 1408 469 1655 524; x_wconf 84' lang='lat' dir='ltr'><strong>octavus,</strong></span> <span class='ocrx_word' id='word_1_10' title='bbox 1698 455 2043 530; x_wconf 86' lang='lat' dir='ltr'><strong>triaugularis</strong></span> 
     </span>
    </p>
   </div>
   <div class='ocr_carea' id='block_1_5' title="bbox 2159 455 3707 539">
    <p class='ocr_par' dir='ltr' id='par_1_5' title="bbox 2159 461 3707 539">
     <span class='ocr_line' id='line_1_5' title="bbox 2159 461 3707 539; baseline 0.007 -26"><span class='ocrx_word' id='word_1_11' title='bbox 2159 461 2427 531; x_wconf 69' lang='grc' dir='ltr'>ςφαιρικὸν</span> <span class='ocrx_word' id='word_1_12' title='bbox 2457 461 2564 516; x_wconf 90' lang='grc' dir='ltr'><strong>τῶν</strong></span> <span class='ocrx_word' id='word_1_13' title='bbox 2593 464 2816 535; x_wconf 86' lang='grc' dir='ltr'><strong>χρόνων.</strong></span> <span class='ocrx_word' id='word_1_14' title='bbox 2860 464 3124 538; x_wconf 77' lang='grc' dir='ltr'>Ἐὁδομάς</span> <span class='ocrx_word' id='word_1_15' title='bbox 3153 468 3262 539; x_wconf 85' lang='grc' dir='ltr'><strong>γάρ</strong></span> <span class='ocrx_word' id='word_1_16' title='bbox 3284 468 3380 523; x_wconf 75' lang='grc' dir='ltr'><strong>ἐπὶ</strong></span> <span class='ocrx_word' id='word_1_17' title='bbox 3411 468 3707 539; x_wconf 68' lang='grc' dir='ltr'>ἑὸδομώδα,</span> 
     </span>
    </p>
   </div>
   <div class='ocr_carea' id='block_1_6' title="bbox 380 544 2042 634">
    <p class='ocr_par' dir='ltr' id='par_1_6' title="bbox 380 544 2042 634">
     <span class='ocr_line' id='line_1_6' title="bbox 380 544 2042 634; baseline -0.008 -16"><span class='ocrx_word' id='word_1_18' title='bbox 380 544 383 547; x_wconf 13' lang='grc' dir='ltr'><em>Α</em></span> <span class='ocrx_word' id='word_1_19' title='bbox 496 561 714 634; x_wconf 87' lang='lat' dir='ltr'><strong>quidem</strong></span> <span class='ocrx_word' id='word_1_20' title='bbox 766 565 881 623; x_wconf 90' lang='lat' dir='ltr'><strong>est,</strong></span> <span class='ocrx_word' id='word_1_21' title='bbox 934 557 1195 613; x_wconf 90' lang='lat' dir='ltr'><strong>rotundus</strong></span> <span class='ocrx_word' id='word_1_22' title='bbox 1254 570 1379 610; x_wconf 88' lang='lat' dir='ltr'><strong>vero</strong></span> <span class='ocrx_word' id='word_1_23' title='bbox 1442 553 1735 610; x_wconf 74' lang='lat' dir='ltr'><strong>vicesimus</strong></span> <span class='ocrx_word' id='word_1_24' title='bbox 1796 552 2042 623; x_wconf 86' lang='lat' dir='ltr'><strong>quintus,</strong></span> 
     </span>
    </p>
   </div>
   <div class='ocr_carea' id='block_1_7' title="bbox 497 641 2045 724">
    <p class='ocr_par' dir='ltr' id='par_1_7' title="bbox 497 641 2045 724">
     <span class='ocr_line' id='line_1_7' title="bbox 497 641 2045 724; baseline -0.007 -17"><span class='ocrx_word' id='word_1_25' title='bbox 497 651 788 724; x_wconf 86' lang='lat' dir='ltr'><strong>quinquies</strong></span> <span class='ocrx_word' id='word_1_26' title='bbox 818 664 1010 719; x_wconf 88' lang='lat' dir='ltr'><strong>nempe</strong></span> <span class='ocrx_word' id='word_1_27' title='bbox 1048 649 1289 719; x_wconf 90' lang='lat' dir='ltr'><strong>quinque</strong></span> <span class='ocrx_word' id='word_1_28' title='bbox 1317 647 1556 702; x_wconf 74' lang='lat' dir='ltr'><strong>continet</strong></span> <span class='ocrx_word' id='word_1_29' title='bbox 1581 642 1837 714; x_wconf 90' lang='lat' dir='ltr'><strong>capitula,</strong></span> <span class='ocrx_word' id='word_1_30' title='bbox 1877 641 2045 697; x_wconf 88' lang='lat' dir='ltr'><strong>habes</strong></span> 
     </span>
    </p>
   </div>
   <div class='ocr_carea' id='block_1_8' title="bbox 500 734 2045 818">
    <p class='ocr_par' dir='ltr' id='par_1_8' title="bbox 500 734 2045 818">
     <span class='ocr_line' id='line_1_8' title="bbox 500 734 2045 818; baseline -0.008 -18"><span class='ocrx_word' id='word_1_31' title='bbox 500 745 664 818; x_wconf 92' lang='lat' dir='ltr'><strong>igitur</strong></span> <span class='ocrx_word' id='word_1_32' title='bbox 688 743 910 813; x_wconf 87' lang='lat' dir='ltr'><strong>ﬁguram</strong></span> <span class='ocrx_word' id='word_1_33' title='bbox 937 741 1440 812; x_wconf 88' lang='lat' dir='ltr'><strong>quadrangularem,</strong></span> <span class='ocrx_word' id='word_1_34' title='bbox 1466 753 1573 793; x_wconf 91' lang='lat' dir='ltr'><strong>non</strong></span> <span class='ocrx_word' id='word_1_35' title='bbox 1604 736 1779 793; x_wconf 86' lang='lat' dir='ltr'><strong>solum</strong></span> <span class='ocrx_word' id='word_1_36' title='bbox 1812 750 1908 806; x_wconf 93' lang='lat' dir='ltr'><strong>per</strong></span> <span class='ocrx_word' id='word_1_37' title='bbox 1932 734 2045 789; x_wconf 89' lang='lat' dir='ltr'><strong>vir-</strong></span> 
     </span>
    </p>
   </div>
   <div class='ocr_carea' id='block_1_9' title="bbox 500 825 2046 905">
    <p class='ocr_par' dir='ltr' id='par_1_9' title="bbox 500 825 2046 905">
     <span class='ocr_line' id='line_1_9' title="bbox 500 825 2046 905; baseline -0.007 -15"><span class='ocrx_word' id='word_1_38' title='bbox 500 846 675 891; x_wconf 89' lang='lat' dir='ltr'><strong>tutum</strong></span> <span class='ocrx_word' id='word_1_39' title='bbox 703 833 1134 905; x_wconf 90' lang='lat' dir='ltr'><strong>quaternionem,</strong></span> <span class='ocrx_word' id='word_1_40' title='bbox 1166 831 1259 887; x_wconf 91' lang='lat' dir='ltr'><strong>sed</strong></span> <span class='ocrx_word' id='word_1_41' title='bbox 1291 838 1346 886; x_wconf 92' lang='lat' dir='ltr'><strong>et</strong></span> <span class='ocrx_word' id='word_1_42' title='bbox 1366 830 1527 901; x_wconf 84' lang='lat' dir='ltr'><strong>hujus</strong></span> <span class='ocrx_word' id='word_1_43' title='bbox 1559 827 1740 884; x_wconf 60' lang='lat' dir='ltr'><strong>saculi</strong></span> <span class='ocrx_word' id='word_1_44' title='bbox 1766 825 2046 883; x_wconf 86' lang='lat' dir='ltr'><strong>scientiam</strong></span> 
     </span>
    </p>
   </div>
   <div class='ocr_carea' id='block_1_10' title="bbox 500 920 2045 998">
    <p class='ocr_par' dir='ltr' id='par_1_10' title="bbox 500 920 2045 998">
     <span class='ocr_line' id='line_1_10' title="bbox 500 920 2045 998; baseline -0.008 -14"><span class='ocrx_word' id='word_1_45' title='bbox 500 928 822 998; x_wconf 86' lang='lat' dir='ltr'><strong>sapientem,</strong></span> <span class='ocrx_word' id='word_1_46' title='bbox 872 924 1129 980; x_wconf 88' lang='lat' dir='ltr'><strong>vicesimo</strong></span> <span class='ocrx_word' id='word_1_47' title='bbox 1167 923 1355 993; x_wconf 91' lang='lat' dir='ltr'><strong>quinto</strong></span> <span class='ocrx_word' id='word_1_48' title='bbox 1403 920 1752 977; x_wconf 86' lang='lat' dir='ltr'><strong>assimilatam</strong></span> <span class='ocrx_word' id='word_1_49' title='bbox 1800 931 2045 981; x_wconf 89' lang='lat' dir='ltr'><strong>numero,</strong></span> 
     </span>
    </p>
   </div>
   <div class='ocr_carea' id='block_1_11' title="bbox 501 1010 2049 1091">
    <p class='ocr_par' dir='ltr' id='par_1_11' title="bbox 501 1010 2049 1091">
     <span class='ocr_line' id='line_1_11' title="bbox 501 1010 2049 1091; baseline -0.007 -16"><span class='ocrx_word' id='word_1_50' title='bbox 501 1030 718 1091; x_wconf 81' lang='lat' dir='ltr'><strong>prapter</strong></span> <span class='ocrx_word' id='word_1_51' title='bbox 750 1033 1014 1073; x_wconf 90' lang='lat' dir='ltr'><strong>annorum</strong></span> <span class='ocrx_word' id='word_1_52' title='bbox 1044 1016 1455 1079; x_wconf 88' lang='lat' dir='ltr'><strong>revolutionem,</strong></span> <span class='ocrx_word' id='word_1_53' title='bbox 1494 1010 1822 1068; x_wconf 89' lang='lat' dir='ltr'><strong>hebdomada</strong></span> <span class='ocrx_word' id='word_1_54' title='bbox 1852 1011 2049 1079; x_wconf 87' lang='lat' dir='ltr'><strong>quippe</strong></span> 
     </span>
    </p>
   </div>
   <div class='ocr_carea' id='block_1_12' title="bbox 501 1107 2049 1182">
    <p class='ocr_par' dir='ltr' id='par_1_12' title="bbox 501 1107 2049 1182">
     <span class='ocr_line' id='line_1_12' title="bbox 501 1107 2049 1182; baseline -0.009 -15"><span class='ocrx_word' id='word_1_55' title='bbox 501 1127 662 1182; x_wconf 84' lang='lat' dir='ltr'><strong>super</strong></span> <span class='ocrx_word' id='word_1_56' title='bbox 689 1109 1101 1176; x_wconf 85' lang='lat' dir='ltr'><strong>hebdomadam,</strong></span> <span class='ocrx_word' id='word_1_57' title='bbox 1143 1118 1198 1162; x_wconf 89' lang='lat' dir='ltr'><strong>et</strong></span> <span class='ocrx_word' id='word_1_58' title='bbox 1236 1107 1435 1162; x_wconf 88' lang='lat' dir='ltr'><strong>mensis</strong></span> <span class='ocrx_word' id='word_1_59' title='bbox 1466 1119 1627 1175; x_wconf 86' lang='lat' dir='ltr'><strong>super</strong></span> <span class='ocrx_word' id='word_1_60' title='bbox 1657 1116 1897 1158; x_wconf 87' lang='lat' dir='ltr'><strong>mensem</strong></span> <span class='ocrx_word' id='word_1_61' title='bbox 1935 1114 2049 1154; x_wconf 79' lang='lat' dir='ltr'><strong>mo-</strong></span> 
     </span>
    </p>
   </div>
   <div class='ocr_carea' id='block_1_13' title="bbox 504 1196 2049 1268">
    <p class='ocr_par' dir='ltr' id='par_1_13' title="bbox 504 1196 2049 1268">
     <span class='ocr_line' id='line_1_13' title="bbox 504 1196 2049 1268; baseline -0.006 -12"><span class='ocrx_word' id='word_1_62' title='bbox 504 1216 680 1268; x_wconf 85' lang='lat' dir='ltr'><strong>vetur,</strong></span> <span class='ocrx_word' id='word_1_63' title='bbox 722 1213 777 1259; x_wconf 89' lang='lat' dir='ltr'><strong>et</strong></span> <span class='ocrx_word' id='word_1_64' title='bbox 813 1220 876 1258; x_wconf 80' lang='lat' dir='ltr'><strong>ex</strong></span> <span class='ocrx_word' id='word_1_65' title='bbox 938 1216 1081 1257; x_wconf 90' lang='lat' dir='ltr'><strong>anno</strong></span> <span class='ocrx_word' id='word_1_66' title='bbox 1128 1201 1183 1255; x_wconf 89' lang='lat' dir='ltr'><strong>in</strong></span> <span class='ocrx_word' id='word_1_67' title='bbox 1227 1214 1429 1254; x_wconf 88' lang='lat' dir='ltr'><strong>annum</strong></span> <span class='ocrx_word' id='word_1_68' title='bbox 1472 1196 1704 1253; x_wconf 84' lang='lat' dir='ltr'><strong>volvitur</strong></span> <span class='ocrx_word' id='word_1_69' title='bbox 1740 1204 1951 1263; x_wconf 88' lang='lat' dir='ltr'><strong>tempus</strong></span> <span class='ocrx_word' id='word_1_70' title='bbox 1995 1201 2049 1247; x_wconf 92' lang='lat' dir='ltr'><strong>et</strong></span> 
     </span>
    </p>
   </div>
   <div class='ocr_carea' id='block_1_14' title="bbox 500 1286 2049 1363">
    <p class='ocr_par' dir='ltr' id='par_1_14' title="bbox 500 1286 2049 1363">
     <span class='ocr_line' id='line_1_14' title="bbox 500 1286 2049 1363; baseline -0.008 -12"><span class='ocrx_word' id='word_1_71' title='bbox 500 1305 833 1351; x_wconf 87' lang='lat' dir='ltr'><strong>momentum</strong></span> <span class='ocrx_word' id='word_1_72' title='bbox 882 1307 1043 1363; x_wconf 77' lang='lat' dir='ltr'><strong>super</strong></span> <span class='ocrx_word' id='word_1_73' title='bbox 1080 1302 1432 1355; x_wconf 87' lang='lat' dir='ltr'><strong>momentum,</strong></span> <span class='ocrx_word' id='word_1_74' title='bbox 1461 1298 1523 1344; x_wconf 91' lang='lat' dir='ltr'><strong>ut</strong></span> <span class='ocrx_word' id='word_1_75' title='bbox 1564 1288 1618 1343; x_wconf 92' lang='lat' dir='ltr'><strong>in</strong></span> <span class='ocrx_word' id='word_1_76' title='bbox 1657 1287 1788 1342; x_wconf 90' lang='lat' dir='ltr'><strong>solis</strong></span> <span class='ocrx_word' id='word_1_77' title='bbox 1816 1294 1871 1340; x_wconf 85' lang='lat' dir='ltr'><strong>et</strong></span> <span class='ocrx_word' id='word_1_78' title='bbox 1908 1286 2049 1339; x_wconf 73' lang='lat' dir='ltr'><strong>lunae</strong></span> 
     </span>
    </p>
   </div>
   <div class='ocr_carea' id='block_1_15' title="bbox 501 1376 2048 1453">
    <p class='ocr_par' dir='ltr' id='par_1_15' title="bbox 501 1376 2048 1453">
     <span class='ocr_line' id='line_1_15' title="bbox 501 1376 2048 1453; baseline -0.006 -14"><span class='ocrx_word' id='word_1_79' title='bbox 501 1394 674 1453; x_wconf 89' lang='lat' dir='ltr'><strong>motu,</strong></span> <span class='ocrx_word' id='word_1_80' title='bbox 704 1385 866 1450; x_wconf 89' lang='lat' dir='ltr'><strong>veris,</strong></span> <span class='ocrx_word' id='word_1_81' title='bbox 905 1398 969 1438; x_wconf 93' lang='lat' dir='ltr'><strong>ac</strong></span> <span class='ocrx_word' id='word_1_82' title='bbox 1012 1382 1235 1446; x_wconf 62' lang='lat' dir='ltr'><strong>aestatis,</strong></span> <span class='ocrx_word' id='word_1_83' title='bbox 1266 1382 1528 1437; x_wconf 79' lang='lat' dir='ltr'><strong>videmus.</strong></span> <span class='ocrx_word' id='word_1_84' title='bbox 1560 1376 1912 1449; x_wconf 86' lang='lat' dir='ltr'><strong>Triangulum</strong></span> <span class='ocrx_word' id='word_1_85' title='bbox 1950 1389 2048 1430; x_wconf 84' lang='lat' dir='ltr'><strong>au-</strong></span> 
     </span>
    </p>
   </div>
   <div class='ocr_carea' id='block_1_16' title="bbox 500 1467 2047 1543">
    <p class='ocr_par' dir='ltr' id='par_1_16' title="bbox 500 1467 2047 1543">
     <span class='ocr_line' id='line_1_16' title="bbox 500 1467 2047 1543; baseline -0.008 -10"><span class='ocrx_word' id='word_1_86' title='bbox 500 1488 604 1533; x_wconf 88' lang='lat' dir='ltr'><strong>tem</strong></span> <span class='ocrx_word' id='word_1_87' title='bbox 634 1477 730 1533; x_wconf 83' lang='lat' dir='ltr'><strong>tibi</strong></span> <span class='ocrx_word' id='word_1_88' title='bbox 762 1475 899 1531; x_wconf 81' lang='lat' dir='ltr'><strong>forte</strong></span> <span class='ocrx_word' id='word_1_89' title='bbox 931 1473 1253 1543; x_wconf 81' lang='lat' dir='ltr'><strong>signiﬁcabit</strong></span> <span class='ocrx_word' id='word_1_90' title='bbox 1272 1471 1553 1529; x_wconf 88' lang='lat' dir='ltr'><strong>scientiam</strong></span> <span class='ocrx_word' id='word_1_91' title='bbox 1579 1480 1777 1526; x_wconf 67' lang='lat' dir='ltr'><strong>sanctae</strong></span> <span class='ocrx_word' id='word_1_92' title='bbox 1807 1467 2047 1523; x_wconf 90' lang='lat' dir='ltr'><strong>Trinita-</strong></span> 
     </span>
    </p>
   </div>
   <div class='ocr_carea' id='block_1_17' title="bbox 499 1560 2044 1638">
    <p class='ocr_par' dir='ltr' id='par_1_17' title="bbox 499 1560 2044 1638">
     <span class='ocr_line' id='line_1_17' title="bbox 499 1560 2044 1638; baseline -0.008 -12"><span class='ocrx_word' id='word_1_93' title='bbox 499 1570 610 1626; x_wconf 85' lang='lat' dir='ltr'><strong>tis:</strong></span> <span class='ocrx_word' id='word_1_94' title='bbox 642 1570 775 1624; x_wconf 89' lang='lat' dir='ltr'><strong>alias</strong></span> <span class='ocrx_word' id='word_1_95' title='bbox 803 1583 933 1624; x_wconf 89' lang='lat' dir='ltr'><strong>vero</strong></span> <span class='ocrx_word' id='word_1_96' title='bbox 977 1568 1026 1624; x_wconf 88' lang='lat' dir='ltr'><strong>si</strong></span> <span class='ocrx_word' id='word_1_97' title='bbox 1072 1582 1168 1638; x_wconf 91' lang='lat' dir='ltr'><strong>per</strong></span> <span class='ocrx_word' id='word_1_98' title='bbox 1200 1578 1551 1622; x_wconf 90' lang='lat' dir='ltr'><strong>numerorum</strong></span> <span class='ocrx_word' id='word_1_99' title='bbox 1595 1560 2044 1632; x_wconf 89' lang='lat' dir='ltr'><strong>multiplicitatem</strong></span> 
     </span>
    </p>
   </div>
   <div class='ocr_carea' id='block_1_18' title="bbox 496 1650 2043 1730">
    <p class='ocr_par' dir='ltr' id='par_1_18' title="bbox 496 1650 2043 1730">
     <span class='ocr_line' id='line_1_18' title="bbox 496 1650 2043 1730; baseline -0.006 -13"><span class='ocrx_word' id='word_1_100' title='bbox 496 1662 846 1718; x_wconf 87' lang='lat' dir='ltr'><strong>centesimum</strong></span> <span class='ocrx_word' id='word_1_101' title='bbox 895 1659 1036 1716; x_wconf 84' lang='lat' dir='ltr'><strong>feras</strong></span> <span class='ocrx_word' id='word_1_102' title='bbox 1086 1658 1587 1730; x_wconf 78' lang='lat' dir='ltr'><strong>quinquagesimum</strong></span> <span class='ocrx_word' id='word_1_103' title='bbox 1642 1656 1891 1722; x_wconf 89' lang='lat' dir='ltr'><strong>tertium,</strong></span> <span class='ocrx_word' id='word_1_104' title='bbox 1952 1650 2043 1724; x_wconf 89' lang='lat' dir='ltr'><strong>qui</strong></span> 
     </span>
    </p>
   </div>
   <div class='ocr_carea' id='block_1_19' title="bbox 495 1745 2044 1824">
    <p class='ocr_par' dir='ltr' id='par_1_19' title="bbox 495 1745 2044 1824">
     <span class='ocr_line' id='line_1_19' title="bbox 495 1745 2044 1824; baseline -0.006 -16"><span class='ocrx_word' id='word_1_105' title='bbox 495 1753 847 1824; x_wconf 86' lang='lat' dir='ltr'><strong>triangularis</strong></span> <span class='ocrx_word' id='word_1_106' title='bbox 889 1761 992 1817; x_wconf 93' lang='lat' dir='ltr'><strong>est,</strong></span> <span class='ocrx_word' id='word_1_107' title='bbox 1038 1750 1337 1821; x_wconf 79' lang='lat' dir='ltr'><strong>intelligere</strong></span> <span class='ocrx_word' id='word_1_108' title='bbox 1362 1748 1522 1821; x_wconf 65' lang='grc'><strong>477</strong></span> <span class='ocrx_word' id='word_1_109' title='bbox 1547 1747 1800 1804; x_wconf 84' lang='lat' dir='ltr'><strong>convenit</strong></span> <span class='ocrx_word' id='word_1_110' title='bbox 1840 1745 2044 1816; x_wconf 88' lang='lat' dir='ltr'><strong>practi-</strong></span> 
     </span>
    </p>
   </div>
   <div class='ocr_carea' id='block_1_20' title="bbox 499 1834 2044 1913">
    <p class='ocr_par' dir='ltr' id='par_1_20' title="bbox 499 1834 2044 1913">
     <span class='ocr_line' id='line_1_20' title="bbox 499 1834 2044 1913; baseline -0.009 -13"><span class='ocrx_word' id='word_1_111' title='bbox 499 1858 619 1900; x_wconf 89' lang='lat' dir='ltr'><strong>cam</strong></span> <span class='ocrx_word' id='word_1_112' title='bbox 648 1843 879 1913; x_wconf 86' lang='lat' dir='ltr'><strong>(scilicet</strong></span> <span class='ocrx_word' id='word_1_113' title='bbox 923 1840 1230 1909; x_wconf 86' lang='lat' dir='ltr'><strong>scientiam)</strong></span> <span class='ocrx_word' id='word_1_114' title='bbox 1258 1838 1558 1893; x_wconf 86' lang='lat' dir='ltr'><strong>naturalem</strong></span> <span class='ocrx_word' id='word_1_115' title='bbox 1590 1846 1642 1891; x_wconf 90' lang='lat' dir='ltr'><strong>et</strong></span> <span class='ocrx_word' id='word_1_116' title='bbox 1672 1834 2044 1905; x_wconf 82' lang='lat' dir='ltr'><strong>theologicam,</strong></span> 
     </span>
    </p>
   </div>
   <div class='ocr_carea' id='block_1_21' title="bbox 493 1929 2049 2003">
    <p class='ocr_par' dir='ltr' id='par_1_21' title="bbox 493 1929 2049 2003">
     <span class='ocr_line' id='line_1_21' title="bbox 493 1929 2049 2003; baseline -0.006 -13"><span class='ocrx_word' id='word_1_117' title='bbox 493 1944 587 1990; x_wconf 89' lang='lat' dir='ltr'><strong>aut</strong></span> <span class='ocrx_word' id='word_1_118' title='bbox 621 1934 780 1989; x_wconf 89' lang='lat' dir='ltr'><strong>etiam</strong></span> <span class='ocrx_word' id='word_1_119' title='bbox 816 1933 962 1999; x_wconf 92' lang='lat' dir='ltr'><strong>ﬁdei,</strong></span> <span class='ocrx_word' id='word_1_120' title='bbox 1009 1932 1123 2003; x_wconf 89' lang='lat' dir='ltr'><strong>spei</strong></span> <span class='ocrx_word' id='word_1_121' title='bbox 1157 1939 1211 1987; x_wconf 89' lang='lat' dir='ltr'><strong>et</strong></span> <span class='ocrx_word' id='word_1_122' title='bbox 1252 1929 1565 1997; x_wconf 91' lang='lat' dir='ltr'><strong>charitatis;</strong></span> <span class='ocrx_word' id='word_1_123' title='bbox 1597 1943 1813 1994; x_wconf 89' lang='lat' dir='ltr'><strong>aurum,</strong></span> <span class='ocrx_word' id='word_1_124' title='bbox 1858 1941 2049 1998; x_wconf 86' lang='lat' dir='ltr'><strong>argen-</strong></span> 
     </span>
    </p>
   </div>
   <div class='ocr_carea' id='block_1_22' title="bbox 494 2021 2045 2105">
    <p class='ocr_par' dir='ltr' id='par_1_22' title="bbox 494 2021 2045 2105">
     <span class='ocr_line' id='line_1_22' title="bbox 494 2021 2045 2105; baseline -0.006 -22"><span class='ocrx_word' id='word_1_125' title='bbox 494 2036 629 2095; x_wconf 87' lang='lat' dir='ltr'><strong>tum,</strong></span> <span class='ocrx_word' id='word_1_126' title='bbox 673 2027 877 2105; x_wconf 84' lang='lat' dir='ltr'><strong>lapides</strong></span> <span class='ocrx_word' id='word_1_127' title='bbox 923 2025 1211 2097; x_wconf 89' lang='lat' dir='ltr'><strong>pretiosos.</strong></span> <span class='ocrx_word' id='word_1_128' title='bbox 1256 2021 1457 2079; x_wconf 76' lang='lat' dir='ltr'><strong>Verum</strong></span> <span class='ocrx_word' id='word_1_129' title='bbox 1501 2022 1617 2078; x_wconf 56' lang='lat' dir='ltr'><strong>haec</strong></span> <span class='ocrx_word' id='word_1_130' title='bbox 1670 2027 1736 2076; x_wconf 87' lang='lat' dir='ltr'><strong>de</strong></span> <span class='ocrx_word' id='word_1_131' title='bbox 1777 2035 2045 2075; x_wconf 87' lang='lat' dir='ltr'><strong>numero:</strong></span> 
     </span>
    </p>
   </div>
   <div class='ocr_carea' id='block_1_23' title="bbox 493 2118 2046 2190">
    <p class='ocr_par' dir='ltr' id='par_1_23' title="bbox 493 2118 2046 2190">
     <span class='ocr_line' id='line_1_23' title="bbox 493 2118 2046 2190; baseline -0.005 -15"><span class='ocrx_word' id='word_1_132' title='bbox 493 2120 856 2190; x_wconf 86' lang='lat' dir='ltr'><strong>capitulorum</strong></span> <span class='ocrx_word' id='word_1_133' title='bbox 921 2126 1101 2173; x_wconf 88' lang='lat' dir='ltr'><strong>autem</strong></span> <span class='ocrx_word' id='word_1_134' title='bbox 1167 2118 1478 2172; x_wconf 87' lang='lat' dir='ltr'><strong>tenuitatem</strong></span> <span class='ocrx_word' id='word_1_135' title='bbox 1534 2128 1642 2169; x_wconf 85' lang='lat' dir='ltr'><strong>non</strong></span> <span class='ocrx_word' id='word_1_136' title='bbox 1697 2120 2046 2181; x_wconf 87' lang='lat' dir='ltr'><strong>contemnes,</strong></span> 
     </span>
    </p>
   </div>
   <div class='ocr_carea' id='block_1_24' title="bbox 492 2205 2049 2281">
    <p class='ocr_par' dir='ltr' id='par_1_24' title="bbox 492 2205 2049 2281">
     <span class='ocr_line' id='line_1_24' title="bbox 492 2205 2049 2281; baseline -0.004 -16"><span class='ocrx_word' id='word_1_137' title='bbox 492 2213 640 2267; x_wconf 84' lang='lat' dir='ltr'><strong>velut</strong></span> <span class='ocrx_word' id='word_1_138' title='bbox 672 2211 779 2279; x_wconf 90' lang='lat' dir='ltr'><strong>ille,</strong></span> <span class='ocrx_word' id='word_1_139' title='bbox 809 2210 904 2281; x_wconf 91' lang='lat' dir='ltr'><strong>qui</strong></span> <span class='ocrx_word' id='word_1_140' title='bbox 952 2209 1064 2265; x_wconf 90' lang='lat' dir='ltr'><strong>scis</strong></span> <span class='ocrx_word' id='word_1_141' title='bbox 1099 2217 1153 2264; x_wconf 89' lang='lat' dir='ltr'><strong>et</strong></span> <span class='ocrx_word' id='word_1_142' title='bbox 1197 2207 1452 2271; x_wconf 85' lang='lat' dir='ltr'><strong>saturari,</strong></span> <span class='ocrx_word' id='word_1_143' title='bbox 1496 2214 1550 2262; x_wconf 93' lang='lat' dir='ltr'><strong>et</strong></span> <span class='ocrx_word' id='word_1_144' title='bbox 1576 2205 1902 2276; x_wconf 79' lang='lat' dir='ltr'><strong>indigere&quot;,</strong></span> <span class='ocrx_word' id='word_1_145' title='bbox 1937 2205 2049 2259; x_wconf 89' lang='lat' dir='ltr'><strong>imo</strong></span> 
     </span>
    </p>
   </div>
   <div class='ocr_carea' id='block_1_25' title="bbox 2143 552 3707 627">
    <p class='ocr_par' dir='ltr' id='par_1_25' title="bbox 2143 552 3707 627">
     <span class='ocr_line' id='line_1_25' title="bbox 2143 552 3707 627; baseline 0.007 -23"><span class='ocrx_word' id='word_1_146' title='bbox 2143 552 2239 606; x_wconf 80' lang='grc' dir='ltr'>καὶ</span> <span class='ocrx_word' id='word_1_147' title='bbox 2260 553 2367 623; x_wconf 85' lang='grc' dir='ltr'>μὴν</span> <span class='ocrx_word' id='word_1_148' title='bbox 2395 553 2489 608; x_wconf 69' lang='grc' dir='ltr'><strong>ἐπὶ</strong></span> <span class='ocrx_word' id='word_1_149' title='bbox 2518 555 2662 627; x_wconf 85' lang='grc' dir='ltr'><strong>μῆνα</strong></span> <span class='ocrx_word' id='word_1_150' title='bbox 2682 560 2927 623; x_wconf 83' lang='grc' dir='ltr'>κινεῖται,</span> <span class='ocrx_word' id='word_1_151' title='bbox 2946 560 3040 612; x_wconf 79' lang='grc' dir='ltr'>καὶ</span> <span class='ocrx_word' id='word_1_152' title='bbox 3059 559 3118 625; x_wconf 83' lang='grc' dir='ltr'>ἐξ</span> <span class='ocrx_word' id='word_1_153' title='bbox 3145 560 3391 614; x_wconf 71' lang='grc' dir='ltr'>ἐνιαυτοῦ</span> <span class='ocrx_word' id='word_1_154' title='bbox 3414 562 3504 624; x_wconf 82' lang='grc' dir='ltr'><strong>είς</strong></span> <span class='ocrx_word' id='word_1_155' title='bbox 3531 564 3707 615; x_wconf 77' lang='grc' dir='ltr'>ὲνιαυ·</span> 
     </span>
    </p>
   </div>
   <div class='ocr_carea' id='block_1_26' title="bbox 2141 645 3710 723">
    <p class='ocr_par' dir='ltr' id='par_1_26' title="bbox 2141 645 3710 723">
     <span class='ocr_line' id='line_1_26' title="bbox 2141 645 3710 723; baseline 0.005 -25"><span class='ocrx_word' id='word_1_156' title='bbox 2141 645 2233 700; x_wconf 86' lang='grc' dir='ltr'><strong>τδν</strong></span> <span class='ocrx_word' id='word_1_157' title='bbox 2259 647 2289 699; x_wconf 86' lang='grc' dir='ltr'><strong>ό</strong></span> <span class='ocrx_word' id='word_1_158' title='bbox 2322 647 2511 718; x_wconf 87' lang='grc' dir='ltr'>χρόνος</span> <span class='ocrx_word' id='word_1_159' title='bbox 2547 649 2867 704; x_wconf 79' lang='grc' dir='ltr'><strong>κυλινδεῖται</strong></span> <span class='ocrx_word' id='word_1_160' title='bbox 2896 652 2991 704; x_wconf 77' lang='grc' dir='ltr'>καὶ</span> <span class='ocrx_word' id='word_1_161' title='bbox 3027 651 3220 723; x_wconf 81' lang='grc' dir='ltr'>καιρὸς</span> <span class='ocrx_word' id='word_1_162' title='bbox 3255 654 3353 707; x_wconf 78' lang='grc' dir='ltr'><strong>ἐπὶ</strong></span> <span class='ocrx_word' id='word_1_163' title='bbox 3376 652 3577 723; x_wconf 78' lang='grc' dir='ltr'>καιρὸν</span> <span class='ocrx_word' id='word_1_164' title='bbox 3595 690 3612 717; x_wconf 91' lang='grc'><strong>,</strong></span> <span class='ocrx_word' id='word_1_165' title='bbox 3640 654 3710 717; x_wconf 74' lang='grc' dir='ltr'><strong>ὡς</strong></span> 
     </span>
    </p>
   </div>
   <div class='ocr_carea' id='block_1_27' title="bbox 2144 737 3710 814">
    <p class='ocr_par' dir='ltr' id='par_1_27' title="bbox 2144 737 3710 814">
     <span class='ocr_line' id='line_1_27' title="bbox 2144 737 3710 814; baseline 0.007 -24"><span class='ocrx_word' id='word_1_166' title='bbox 2144 737 2236 791; x_wconf 77' lang='grc' dir='ltr'><strong>ἐπὶ</strong></span> <span class='ocrx_word' id='word_1_167' title='bbox 2259 739 2520 810; x_wconf 80' lang='grc' dir='ltr'>κινήσεως</span> <span class='ocrx_word' id='word_1_168' title='bbox 2541 739 2712 811; x_wconf 77' lang='grc' dir='ltr'>ἡλίου,</span> <span class='ocrx_word' id='word_1_169' title='bbox 2734 744 2830 796; x_wconf 72' lang='grc' dir='ltr'>καὶ</span> <span class='ocrx_word' id='word_1_170' title='bbox 2850 742 3098 814; x_wconf 81' lang='grc' dir='ltr'><strong>σελήνης,</strong></span> <span class='ocrx_word' id='word_1_171' title='bbox 3122 743 3298 812; x_wconf 73' lang='grc' dir='ltr'>ἔαρος,</span> <span class='ocrx_word' id='word_1_172' title='bbox 3329 746 3430 799; x_wconf 78' lang='grc' dir='ltr'>καὶ</span> <span class='ocrx_word' id='word_1_173' title='bbox 3453 745 3569 798; x_wconf 86' lang='grc' dir='ltr'><strong>τῶν</strong></span> <span class='ocrx_word' id='word_1_174' title='bbox 3588 747 3710 814; x_wconf 72' lang='grc' dir='ltr'>ἑξῆς</span> 
     </span>
    </p>
   </div>
   <div class='ocr_carea' id='block_1_28' title="bbox 2144 829 3713 906">
    <p class='ocr_par' dir='ltr' id='par_1_28' title="bbox 2144 829 3713 906">
     <span class='ocr_line' id='line_1_28' title="bbox 2144 829 3713 906; baseline 0.006 -24"><span class='ocrx_word' id='word_1_175' title='bbox 2144 829 2377 900; x_wconf 84' lang='grc' dir='ltr'>δρῶμεν.</span> <span class='ocrx_word' id='word_1_176' title='bbox 2425 831 2497 885; x_wconf 86' lang='grc' dir='ltr'><strong>Τὸ</strong></span> <span class='ocrx_word' id='word_1_177' title='bbox 2520 831 2579 886; x_wconf 86' lang='grc' dir='ltr'>δὲ</span> <span class='ocrx_word' id='word_1_178' title='bbox 2614 833 2897 904; x_wconf 86' lang='grc' dir='ltr'>τρίγωνον,</span> <span class='ocrx_word' id='word_1_179' title='bbox 2945 835 3195 906; x_wconf 80' lang='grc' dir='ltr'><strong>σημαίνει</strong></span> <span class='ocrx_word' id='word_1_180' title='bbox 3239 837 3304 890; x_wconf 78' lang='grc' dir='ltr'>ἄν</span> <span class='ocrx_word' id='word_1_181' title='bbox 3349 852 3435 889; x_wconf 88' lang='grc' dir='ltr'><strong>σοι</strong></span> <span class='ocrx_word' id='word_1_182' title='bbox 3482 835 3587 905; x_wconf 77' lang='grc' dir='ltr'>τήν</span> <span class='ocrx_word' id='word_1_183' title='bbox 3619 835 3713 905; x_wconf 73' lang='grc' dir='ltr'>τῆς</span> 
     </span>
    </p>
   </div>
   <div class='ocr_carea' id='block_1_29' title="bbox 2146 921 3714 1000">
    <p class='ocr_par' dir='ltr' id='par_1_29' title="bbox 2146 921 3714 1000">
     <span class='ocr_line' id='line_1_29' title="bbox 2146 921 3714 1000; baseline 0.006 -26"><span class='ocrx_word' id='word_1_184' title='bbox 2146 921 2305 990; x_wconf 82' lang='grc' dir='ltr'><strong>ἁγίας</strong></span> <span class='ocrx_word' id='word_1_185' title='bbox 2332 923 2556 994; x_wconf 88' lang='grc' dir='ltr'>Τριάδος</span> <span class='ocrx_word' id='word_1_186' title='bbox 2587 924 3021 993; x_wconf 79' lang='grc' dir='ltr'>γνῶσιν.”Αλλως</span> <span class='ocrx_word' id='word_1_187' title='bbox 3040 942 3055 957; x_wconf 82' lang='grc'><strong><em>⁸</em></strong></span> <span class='ocrx_word' id='word_1_188' title='bbox 3084 930 3131 982; x_wconf 83' lang='grc' dir='ltr'><strong>εί</strong></span> <span class='ocrx_word' id='word_1_189' title='bbox 3153 928 3207 982; x_wconf 83' lang='grc' dir='ltr'>δὲ</span> <span class='ocrx_word' id='word_1_190' title='bbox 3231 928 3318 983; x_wconf 76' lang='grc' dir='ltr'><strong>διὰ</strong></span> <span class='ocrx_word' id='word_1_191' title='bbox 3338 930 3445 1000; x_wconf 83' lang='grc' dir='ltr'>τῆς</span> <span class='ocrx_word' id='word_1_192' title='bbox 3475 930 3714 1000; x_wconf 80' lang='grc' dir='ltr'>πληθύος</span> 
     </span>
    </p>
   </div>
   <div class='ocr_carea' id='block_1_30' title="bbox 2145 1010 3712 1093">
    <p class='ocr_par' dir='ltr' id='par_1_30' title="bbox 2145 1010 3712 1093">
     <span class='ocr_line' id='line_1_30' title="bbox 2145 1010 3712 1093; baseline 0.009 -29"><span class='ocrx_word' id='word_1_193' title='bbox 2145 1010 2254 1064; x_wconf 87' lang='grc' dir='ltr'><strong>τῶν</strong></span> <span class='ocrx_word' id='word_1_194' title='bbox 2281 1013 2530 1084; x_wconf 81' lang='grc' dir='ltr'><strong>ἀριθμῶν</strong></span> <span class='ocrx_word' id='word_1_195' title='bbox 2555 1014 2758 1088; x_wconf 78' lang='grc' dir='ltr'>κομίζῃ</span> <span class='ocrx_word' id='word_1_196' title='bbox 2782 1015 2873 1071; x_wconf 80' lang='grc' dir='ltr'>τὸν</span> <span class='ocrx_word' id='word_1_197' title='bbox 2903 1019 3194 1074; x_wconf 79' lang='grc' dir='ltr'>ἑκατοστὸν</span> <span class='ocrx_word' id='word_1_198' title='bbox 3230 1023 3417 1091; x_wconf 86' lang='grc' dir='ltr'>τρίτον</span> <span class='ocrx_word' id='word_1_199' title='bbox 3446 1022 3712 1093; x_wconf 66' lang='grc' dir='ltr'>τρίγωνον</span> 
     </span>
    </p>
   </div>
   <div class='ocr_carea' id='block_1_31' title="bbox 2146 1101 3713 1182">
    <p class='ocr_par' dir='ltr' id='par_1_31' title="bbox 2146 1101 3713 1182">
     <span class='ocr_line' id='line_1_31' title="bbox 2146 1101 3713 1182; baseline 0.006 -27"><span class='ocrx_word' id='word_1_200' title='bbox 2146 1101 2293 1164; x_wconf 75' lang='grc' dir='ltr'>ὅντα,</span> <span class='ocrx_word' id='word_1_201' title='bbox 2308 1107 2445 1158; x_wconf 87' lang='grc' dir='ltr'>νοεῖν</span> <span class='ocrx_word' id='word_1_202' title='bbox 2463 1107 2725 1178; x_wconf 85' lang='grc' dir='ltr'>προσήκει</span> <span class='ocrx_word' id='word_1_203' title='bbox 2742 1110 3064 1180; x_wconf 82' lang='grc' dir='ltr'>πρακτικὴν,</span> <span class='ocrx_word' id='word_1_204' title='bbox 3087 1112 3349 1182; x_wconf 83' lang='grc' dir='ltr'>φυσικὴν,</span> <span class='ocrx_word' id='word_1_205' title='bbox 3371 1112 3713 1181; x_wconf 49' lang='grc' dir='ltr'>θεολογικῇ,</span> 
     </span>
    </p>
   </div>
   <div class='ocr_carea' id='block_1_32' title="bbox 2145 1194 3716 1274">
    <p class='ocr_par' dir='ltr' id='par_1_32' title="bbox 2145 1194 3716 1274">
     <span class='ocr_line' id='line_1_32' title="bbox 2145 1194 3716 1274; baseline 0.006 -26"><span class='ocrx_word' id='word_1_206' title='bbox 2145 1194 2179 1265; x_wconf 80' lang='grc' dir='ltr'>ἢ</span> <span class='ocrx_word' id='word_1_207' title='bbox 2211 1195 2305 1249; x_wconf 75' lang='grc' dir='ltr'>καὶ</span> <span class='ocrx_word' id='word_1_208' title='bbox 2330 1195 2583 1263; x_wconf 88' lang='grc' dir='ltr'>πίστεως,</span> <span class='ocrx_word' id='word_1_209' title='bbox 2605 1197 2834 1262; x_wconf 78' lang='grc' dir='ltr'>ἐλπίδος,</span> <span class='ocrx_word' id='word_1_210' title='bbox 2869 1201 2964 1253; x_wconf 74' lang='grc' dir='ltr'>καὶ</span> <span class='ocrx_word' id='word_1_211' title='bbox 3002 1200 3241 1271; x_wconf 84' lang='grc' dir='ltr'>ἀγάπης,</span> <span class='ocrx_word' id='word_1_212' title='bbox 3274 1203 3511 1272; x_wconf 73' lang='grc' dir='ltr'>χρυσὸν,</span> <span class='ocrx_word' id='word_1_213' title='bbox 3543 1203 3716 1274; x_wconf 79' lang='grc' dir='ltr'>ἀργυ-</span> 
     </span>
    </p>
   </div>
   <div class='ocr_carea' id='block_1_33' title="bbox 2147 1284 3713 1363">
    <p class='ocr_par' dir='ltr' id='par_1_33' title="bbox 2147 1284 3713 1363">
     <span class='ocr_line' id='line_1_33' title="bbox 2147 1284 3713 1363; baseline 0.01 -30"><span class='ocrx_word' id='word_1_214' title='bbox 2147 1301 2273 1355; x_wconf 85' lang='grc' dir='ltr'>ρον,</span> <span class='ocrx_word' id='word_1_215' title='bbox 2298 1284 2478 1349; x_wconf 78' lang='grc' dir='ltr'><strong>λίθους</strong></span> <span class='ocrx_word' id='word_1_216' title='bbox 2512 1288 2742 1356; x_wconf 83' lang='grc' dir='ltr'>τιμίους.</span> <span class='ocrx_word' id='word_1_217' title='bbox 2788 1289 2928 1343; x_wconf 83' lang='grc' dir='ltr'>Ἀλλ’</span> <span class='ocrx_word' id='word_1_218' title='bbox 2956 1292 2985 1344; x_wconf 91' lang='grc' dir='ltr'><strong>ό</strong></span> <span class='ocrx_word' id='word_1_219' title='bbox 3030 1292 3126 1362; x_wconf 80' lang='grc' dir='ltr'>μὲν</span> <span class='ocrx_word' id='word_1_220' title='bbox 3172 1292 3403 1363; x_wconf 82' lang='grc' dir='ltr'>ἀριθμὸς</span> <span class='ocrx_word' id='word_1_221' title='bbox 3447 1295 3713 1359; x_wconf 83' lang='grc' dir='ltr'>τοιοῦτος,</span> 
     </span>
    </p>
   </div>
   <div class='ocr_carea' id='block_1_34' title="bbox 2144 1373 3718 1457">
    <p class='ocr_par' dir='ltr' id='par_1_34' title="bbox 2144 1373 3718 1457">
     <span class='ocr_line' id='line_1_34' title="bbox 2144 1373 3718 1457; baseline 0.008 -31"><span class='ocrx_word' id='word_1_222' title='bbox 2144 1373 2255 1427; x_wconf 94' lang='grc' dir='ltr'><strong>τῶν</strong></span> <span class='ocrx_word' id='word_1_223' title='bbox 2279 1375 2336 1428; x_wconf 80' lang='grc' dir='ltr'>δὲ</span> <span class='ocrx_word' id='word_1_224' title='bbox 2363 1377 2673 1447; x_wconf 84' lang='grc' dir='ltr'>κεφαλαίων</span> <span class='ocrx_word' id='word_1_225' title='bbox 2704 1379 2768 1432; x_wconf 80' lang='grc' dir='ltr'>τὸ</span> <span class='ocrx_word' id='word_1_226' title='bbox 2791 1380 3042 1435; x_wconf 81' lang='grc' dir='ltr'>ταπεινὸν</span> <span class='ocrx_word' id='word_1_227' title='bbox 3061 1383 3122 1436; x_wconf 90' lang='grc' dir='ltr'><strong>ού</strong></span> <span class='ocrx_word' id='word_1_228' title='bbox 3154 1384 3581 1457; x_wconf 74' lang='grc' dir='ltr'>περιυϐρίσειας</span> <span class='ocrx_word' id='word_1_229' title='bbox 3598 1428 3613 1449; x_wconf 92' lang='grc'><strong>,</strong></span> <span class='ocrx_word' id='word_1_230' title='bbox 3645 1386 3718 1449; x_wconf 75' lang='grc' dir='ltr'>ὡς</span> 
     </span>
    </p>
   </div>
   <div class='ocr_carea' id='block_1_35' title="bbox 2145 1465 3719 1549">
    <p class='ocr_par' dir='ltr' id='par_1_35' title="bbox 2145 1465 3719 1549">
     <span class='ocr_line' id='line_1_35' title="bbox 2145 1465 3719 1549; baseline 0.007 -29"><span class='ocrx_word' id='word_1_231' title='bbox 2145 1465 2302 1531; x_wconf 75' lang='grc' dir='ltr'>εἰδὼς</span> <span class='ocrx_word' id='word_1_232' title='bbox 2336 1470 2427 1522; x_wconf 78' lang='grc' dir='ltr'>καὶ</span> <span class='ocrx_word' id='word_1_233' title='bbox 2456 1469 2834 1540; x_wconf 76' lang='grc' dir='ltr'><strong>χορτάζεσθαι,</strong></span> <span class='ocrx_word' id='word_1_234' title='bbox 2862 1475 2955 1527; x_wconf 82' lang='grc' dir='ltr'>καὶ</span> <span class='ocrx_word' id='word_1_235' title='bbox 2975 1474 3336 1545; x_wconf 77' lang='grc' dir='ltr'><strong>ὑστερεῖσθαι,</strong></span> <span class='ocrx_word' id='word_1_236' title='bbox 3362 1476 3456 1530; x_wconf 77' lang='grc' dir='ltr'>ναὶ</span> <span class='ocrx_word' id='word_1_237' title='bbox 3482 1477 3596 1549; x_wconf 75' lang='grc' dir='ltr'>μὴν</span> <span class='ocrx_word' id='word_1_238' title='bbox 3629 1481 3719 1531; x_wconf 74' lang='grc' dir='ltr'>καὶ</span> 
     </span>
    </p>
   </div>
   <div class='ocr_carea' id='block_1_36' title="bbox 2144 1559 3720 1642">
    <p class='ocr_par' dir='ltr' id='par_1_36' title="bbox 2144 1559 3720 1642">
     <span class='ocr_line' id='line_1_36' title="bbox 2144 1559 3720 1642; baseline 0.008 -30"><span class='ocrx_word' id='word_1_239' title='bbox 2144 1559 2220 1622; x_wconf 85' lang='grc' dir='ltr'><strong>ὡς</strong></span> <span class='ocrx_word' id='word_1_240' title='bbox 2274 1563 2616 1633; x_wconf 84' lang='grc' dir='ltr'>μεμνημένος</span> <span class='ocrx_word' id='word_1_241' title='bbox 2664 1563 2755 1617; x_wconf 89' lang='grc' dir='ltr'><strong>τοῦ</strong></span> <span class='ocrx_word' id='word_1_242' title='bbox 2804 1566 2873 1619; x_wconf 89' lang='grc' dir='ltr'><strong>τά</strong></span> <span class='ocrx_word' id='word_1_243' title='bbox 2913 1566 3008 1620; x_wconf 85' lang='grc' dir='ltr'><strong>δύο</strong></span> <span class='ocrx_word' id='word_1_244' title='bbox 3061 1568 3160 1639; x_wconf 85' lang='grc' dir='ltr'>τῆς</span> <span class='ocrx_word' id='word_1_245' title='bbox 3199 1569 3377 1641; x_wconf 83' lang='grc' dir='ltr'>χήρας</span> <span class='ocrx_word' id='word_1_246' title='bbox 3419 1569 3608 1623; x_wconf 71' lang='grc' dir='ltr'>λεπτά</span> <span class='ocrx_word' id='word_1_247' title='bbox 3648 1572 3720 1642; x_wconf 75' lang='grc' dir='ltr'>μὴ</span> 
     </span>
    </p>
   </div>
   <div class='ocr_carea' id='block_1_37' title="bbox 2144 1653 3720 1733">
    <p class='ocr_par' dir='ltr' id='par_1_37' title="bbox 2144 1653 3720 1733">
     <span class='ocr_line' id='line_1_37' title="bbox 2144 1653 3720 1733; baseline 0.008 -28"><span class='ocrx_word' id='word_1_248' title='bbox 2144 1653 2594 1726; x_wconf 75' lang='grc' dir='ltr'>ἀποϐεϐληκότος,</span> <span class='ocrx_word' id='word_1_249' title='bbox 2622 1655 2756 1712; x_wconf 87' lang='grc' dir='ltr'><strong>ἀλλά</strong></span> <span class='ocrx_word' id='word_1_250' title='bbox 2784 1660 2877 1713; x_wconf 74' lang='grc' dir='ltr'>καὶ</span> <span class='ocrx_word' id='word_1_251' title='bbox 2916 1661 3056 1733; x_wconf 80' lang='grc' dir='ltr'>ὑπὲρ</span> <span class='ocrx_word' id='word_1_252' title='bbox 3088 1662 3318 1718; x_wconf 87' lang='grc' dir='ltr'>πλοῦτον</span> <span class='ocrx_word' id='word_1_253' title='bbox 3355 1663 3578 1717; x_wconf 82' lang='grc' dir='ltr'>πολλῶν</span> <span class='ocrx_word' id='word_1_254' title='bbox 3610 1665 3720 1717; x_wconf 79' lang='grc' dir='ltr'><strong>ἑτέ-</strong></span> 
     </span>
    </p>
   </div>
   <div class='ocr_carea' id='block_1_38' title="bbox 2146 1747 3722 1827">
    <p class='ocr_par' dir='ltr' id='par_1_38' title="bbox 2146 1747 3722 1827">
     <span class='ocr_line' id='line_1_38' title="bbox 2146 1747 3722 1827; baseline 0.007 -27"><span class='ocrx_word' id='word_1_255' title='bbox 2146 1764 2256 1817; x_wconf 89' lang='grc' dir='ltr'>ρων</span> <span class='ocrx_word' id='word_1_256' title='bbox 2311 1747 2709 1820; x_wconf 80' lang='grc' dir='ltr'>ἀποδεξαμένου</span> <span class='ocrx_word' id='word_1_257' title='bbox 2741 1764 2756 1781; x_wconf 84' lang='lat'><strong>&#39;</strong></span> <span class='ocrx_word' id='word_1_258' title='bbox 2800 1751 2992 1807; x_wconf 82' lang='grc' dir='ltr'>οὐκοῦν</span> <span class='ocrx_word' id='word_1_259' title='bbox 3046 1755 3286 1822; x_wconf 83' lang='grc' dir='ltr'>εὐνοίας,</span> <span class='ocrx_word' id='word_1_260' title='bbox 3327 1757 3424 1811; x_wconf 79' lang='grc' dir='ltr'>καὶ</span> <span class='ocrx_word' id='word_1_261' title='bbox 3497 1756 3722 1827; x_wconf 77' lang='grc' dir='ltr'>ἀγάπης</span> 
     </span>
    </p>
   </div>
   <div class='ocr_carea' id='block_1_39' title="bbox 2152 1840 3721 1921">
    <p class='ocr_par' dir='ltr' id='par_1_39' title="bbox 2152 1840 3721 1921">
     <span class='ocr_line' id='line_1_39' title="bbox 2152 1840 3721 1921; baseline 0.01 -29"><span class='ocrx_word' id='word_1_262' title='bbox 2152 1840 2364 1910; x_wconf 71' lang='grc' dir='ltr'>καρπὸν</span> <span class='ocrx_word' id='word_1_263' title='bbox 2411 1840 2566 1905; x_wconf 77' lang='grc' dir='ltr'>εἰδὼς</span> <span class='ocrx_word' id='word_1_264' title='bbox 2596 1881 2612 1907; x_wconf 91' lang='grc'><strong>,</strong></span> <span class='ocrx_word' id='word_1_265' title='bbox 2672 1843 2926 1912; x_wconf 82' lang='grc' dir='ltr'>φυλάξεις</span> <span class='ocrx_word' id='word_1_266' title='bbox 2988 1849 3097 1911; x_wconf 86' lang='grc' dir='ltr'>σοῖς</span> <span class='ocrx_word' id='word_1_267' title='bbox 3162 1848 3403 1921; x_wconf 84' lang='grc' dir='ltr'>γνησίοις</span> <span class='ocrx_word' id='word_1_268' title='bbox 3467 1849 3721 1918; x_wconf 60' lang='grc' dir='ltr'>ἀδελφὼ</span> 
     </span>
    </p>
   </div>
   <div class='ocr_carea' id='block_1_40' title="bbox 2153 1933 3718 2012">
    <p class='ocr_par' dir='ltr' id='par_1_40' title="bbox 2153 1933 3718 2012">
     <span class='ocr_line' id='line_1_40' title="bbox 2153 1933 3718 2012; baseline 0.007 -26"><span class='ocrx_word' id='word_1_269' title='bbox 2153 1933 2464 2005; x_wconf 66' lang='grc' dir='ltr'>ἐπιτρέπων</span> <span class='ocrx_word' id='word_1_270' title='bbox 2513 1934 2905 2006; x_wconf 81' lang='grc' dir='ltr'>προσεύχεσθαι</span> <span class='ocrx_word' id='word_1_271' title='bbox 2950 1938 3091 2011; x_wconf 82' lang='grc' dir='ltr'>ὑπὲρ</span> <span class='ocrx_word' id='word_1_272' title='bbox 3138 1940 3230 1993; x_wconf 91' lang='grc' dir='ltr'><strong>τοῦ</strong></span> <span class='ocrx_word' id='word_1_273' title='bbox 3280 1941 3718 2012; x_wconf 54' lang='lat' dir='ltr'><strong>decumam,</strong></span> 
     </span>
    </p>
   </div>
   <div class='ocr_carea' id='block_1_41' title="bbox 2151 2026 3721 2107">
    <p class='ocr_par' dir='ltr' id='par_1_41' title="bbox 2151 2026 3721 2107">
     <span class='ocr_line' id='line_1_41' title="bbox 2151 2026 3721 2107; baseline 0.004 -27"><span class='ocrx_word' id='word_1_274' title='bbox 2151 2026 2297 2091; x_wconf 80' lang='grc' dir='ltr'>ὅπως</span> <span class='ocrx_word' id='word_1_275' title='bbox 2319 2028 2556 2101; x_wconf 76' lang='grc' dir='ltr'>ὑγιαίνῃ,</span> <span class='ocrx_word' id='word_1_276' title='bbox 2574 2029 2669 2083; x_wconf 69' lang='grc' dir='ltr'>καὶ</span> <span class='ocrx_word' id='word_1_277' title='bbox 2687 2030 2879 2085; x_wconf 78' lang='grc' dir='ltr'>ἑαυτοῦ</span> <span class='ocrx_word' id='word_1_278' title='bbox 2902 2030 2997 2087; x_wconf 81' lang='grc' dir='ltr'>τὸν</span> <span class='ocrx_word' id='word_1_279' title='bbox 3020 2032 3326 2104; x_wconf 79' lang='grc' dir='ltr'>κράσόατον</span> <span class='ocrx_word' id='word_1_280' title='bbox 3344 2035 3515 2107; x_wconf 71' lang='grc' dir='ltr'>ἄρας,</span> <span class='ocrx_word' id='word_1_281' title='bbox 3536 2036 3721 2089; x_wconf 67' lang='grc' dir='ltr'>λοιπον</span> 
     </span>
    </p>
   </div>
   <div class='ocr_carea' id='block_1_42' title="bbox 2153 2117 3721 2196">
    <p class='ocr_par' dir='ltr' id='par_1_42' title="bbox 2153 2117 3721 2196">
     <span class='ocr_line' id='line_1_42' title="bbox 2153 2117 3721 2196; baseline 0.004 -26"><span class='ocrx_word' id='word_1_282' title='bbox 2153 2118 2390 2189; x_wconf 71' lang='grc' dir='ltr'>πατήσῃ,</span> <span class='ocrx_word' id='word_1_283' title='bbox 2421 2117 2604 2190; x_wconf 86' lang='grc' dir='ltr'>χάριτι</span> <span class='ocrx_word' id='word_1_284' title='bbox 2636 2118 2871 2189; x_wconf 82' lang='grc' dir='ltr'>Χριστοῦ</span> <span class='ocrx_word' id='word_1_285' title='bbox 2898 2121 2995 2175; x_wconf 85' lang='grc' dir='ltr'><strong>τοῦ</strong></span> <span class='ocrx_word' id='word_1_286' title='bbox 3028 2122 3280 2194; x_wconf 78' lang='grc' dir='ltr'>ἀληθινοῦ</span> <span class='ocrx_word' id='word_1_287' title='bbox 3305 2123 3445 2178; x_wconf 81' lang='grc' dir='ltr'>Θεοῦ</span> <span class='ocrx_word' id='word_1_288' title='bbox 3482 2117 3721 2196; x_wconf 56' lang='grc' dir='ltr'>ἡμῶνμῖ</span> 
     </span>
    </p>
   </div>
   <div class='ocr_carea' id='block_1_43' title="bbox 2152 2208 3456 2289">
    <p class='ocr_par' dir='ltr' id='par_1_43' title="bbox 2152 2208 3456 2289">
     <span class='ocr_line' id='line_1_43' title="bbox 2152 2208 3456 2289; baseline 0.007 -27"><span class='ocrx_word' id='word_1_289' title='bbox 2152 2212 2186 2279; x_wconf 83' lang='grc' dir='ltr'><strong>ἡ</strong></span> <span class='ocrx_word' id='word_1_290' title='bbox 2220 2208 2347 2275; x_wconf 89' lang='grc' dir='ltr'>δόξα</span> <span class='ocrx_word' id='word_1_291' title='bbox 2374 2210 2454 2275; x_wconf 83' lang='grc' dir='ltr'><strong>εἰς</strong></span> <span class='ocrx_word' id='word_1_292' title='bbox 2483 2212 2610 2275; x_wconf 72' lang='grc' dir='ltr'>τοὺς</span> <span class='ocrx_word' id='word_1_293' title='bbox 2638 2212 2837 2277; x_wconf 72' lang='grc' dir='ltr'>αἰῶνας</span> <span class='ocrx_word' id='word_1_294' title='bbox 2866 2215 2975 2269; x_wconf 88' lang='grc' dir='ltr'><strong>τῶν</strong></span> <span class='ocrx_word' id='word_1_295' title='bbox 2988 2216 3218 2272; x_wconf 80' lang='grc' dir='ltr'>αἰώνων.</span> <span class='ocrx_word' id='word_1_296' title='bbox 3256 2218 3456 2289; x_wconf 79' lang='grc' dir='ltr'>Ἀμήν.</span> 
     </span>
    </p>
   </div>
   <div class='ocr_carea' id='block_1_44' title="bbox 498 2298 3721 2385">
    <p class='ocr_par' dir='ltr' id='par_1_44' title="bbox 498 2298 3721 2385">
     <span class='ocr_line' id='line_1_44' title="bbox 498 2298 3721 2385; baseline 0.003 -28"><span class='ocrx_word' id='word_1_297' title='bbox 498 2302 591 2371; x_wconf 88' lang='lat' dir='ltr'><strong>qui</strong></span> <span class='ocrx_word' id='word_1_298' title='bbox 617 2302 739 2373; x_wconf 88' lang='lat' dir='ltr'><strong>ejus</strong></span> <span class='ocrx_word' id='word_1_299' title='bbox 775 2317 988 2385; x_wconf 82' lang='lat' dir='ltr'><strong>memor</strong></span> <span class='ocrx_word' id='word_1_300' title='bbox 1012 2316 1093 2367; x_wconf 89' lang='lat' dir='ltr'><strong>es,</strong></span> <span class='ocrx_word' id='word_1_301' title='bbox 1120 2300 1215 2371; x_wconf 90' lang='lat' dir='ltr'><strong>qui</strong></span> <span class='ocrx_word' id='word_1_302' title='bbox 1274 2299 1452 2354; x_wconf 73' lang='lat' dir='ltr'><strong>vidua:</strong></span> <span class='ocrx_word' id='word_1_303' title='bbox 1514 2300 1620 2354; x_wconf 89' lang='lat' dir='ltr'><strong>duo</strong></span> <span class='ocrx_word' id='word_1_304' title='bbox 1660 2298 1868 2354; x_wconf 87' lang='lat' dir='ltr'><strong>minuta</strong></span> <span class='ocrx_word' id='word_1_305' title='bbox 1932 2316 2041 2357; x_wconf 85' lang='lat' dir='ltr'><strong>non</strong></span> <span class='ocrx_word' id='word_1_306' title='bbox 2106 2303 2330 2374; x_wconf 80' lang='lat' dir='ltr'><strong>respuit,</strong></span> <span class='ocrx_word' id='word_1_307' title='bbox 2366 2303 2461 2359; x_wconf 85' lang='lat' dir='ltr'><strong>sed</strong></span> <span class='ocrx_word' id='word_1_308' title='bbox 2496 2318 2559 2359; x_wconf 89' lang='lat' dir='ltr'><strong>ea</strong></span> <span class='ocrx_word' id='word_1_309' title='bbox 2588 2319 2700 2375; x_wconf 73' lang='lat' dir='ltr'><strong>pm:</strong></span> <span class='ocrx_word' id='word_1_310' title='bbox 2725 2306 3015 2362; x_wconf 87' lang='lat' dir='ltr'><strong>multorum</strong></span> <span class='ocrx_word' id='word_1_311' title='bbox 3057 2310 3284 2365; x_wconf 89' lang='lat' dir='ltr'><strong>aliorum</strong></span> <span class='ocrx_word' id='word_1_312' title='bbox 3324 2311 3539 2367; x_wconf 85' lang='lat' dir='ltr'><strong>divitiis</strong></span> <span class='ocrx_word' id='word_1_313' title='bbox 3570 2325 3721 2367; x_wconf 84' lang='lat' dir='ltr'><strong>rece-</strong></span> 
     </span>
    </p>
   </div>
   <div class='ocr_carea' id='block_1_45' title="bbox 499 2393 3717 2474">
    <p class='ocr_par' dir='ltr' id='par_1_45' title="bbox 499 2393 3717 2474">
     <span class='ocr_line' id='line_1_45' title="bbox 499 2393 3717 2474; baseline 0.002 -24"><span class='ocrx_word' id='word_1_314' title='bbox 499 2396 615 2468; x_wconf 87' lang='lat' dir='ltr'><strong>pit;</strong></span> <span class='ocrx_word' id='word_1_315' title='bbox 647 2396 961 2468; x_wconf 87' lang='lat' dir='ltr'><strong>cumigitur</strong></span> <span class='ocrx_word' id='word_1_316' title='bbox 985 2394 1367 2450; x_wconf 68' lang='lat' dir='ltr'><strong>benevolentiae</strong></span> <span class='ocrx_word' id='word_1_317' title='bbox 1390 2400 1536 2449; x_wconf 89' lang='lat' dir='ltr'><strong>recte</strong></span> <span class='ocrx_word' id='word_1_318' title='bbox 1592 2393 1808 2449; x_wconf 89' lang='lat' dir='ltr'><strong>noveris</strong></span> <span class='ocrx_word' id='word_1_319' title='bbox 1871 2393 2132 2464; x_wconf 83' lang='lat' dir='ltr'><strong>fructum,</strong></span> <span class='ocrx_word' id='word_1_320' title='bbox 2168 2396 2439 2453; x_wconf 88' lang='lat' dir='ltr'><strong>custodies</strong></span> <span class='ocrx_word' id='word_1_321' title='bbox 2481 2396 2590 2452; x_wconf 88' lang='lat' dir='ltr'><strong>tuis</strong></span> <span class='ocrx_word' id='word_1_322' title='bbox 2637 2399 2905 2469; x_wconf 84' lang='lat' dir='ltr'><strong>germanis</strong></span> <span class='ocrx_word' id='word_1_323' title='bbox 2945 2398 3205 2457; x_wconf 77' lang='lat' dir='ltr'><strong>fratribus</strong></span> <span class='ocrx_word' id='word_1_324' title='bbox 3247 2403 3608 2474; x_wconf 81' lang='lat' dir='ltr'><strong>imponendo,</strong></span> <span class='ocrx_word' id='word_1_325' title='bbox 3663 2409 3717 2457; x_wconf 73' lang='lat' dir='ltr'><strong>ul</strong></span> 
     </span>
    </p>
   </div>
   <div class='ocr_carea' id='block_1_46' title="bbox 491 2485 3721 2564">
    <p class='ocr_par' dir='ltr' id='par_1_46' title="bbox 491 2485 3721 2564">
     <span class='ocr_line' id='line_1_46' title="bbox 491 2485 3721 2564; baseline 0.002 -18"><span class='ocrx_word' id='word_1_326' title='bbox 491 2500 649 2548; x_wconf 83' lang='lat' dir='ltr'><strong>orent</strong></span> <span class='ocrx_word' id='word_1_327' title='bbox 674 2505 773 2563; x_wconf 90' lang='lat' dir='ltr'><strong>pro</strong></span> <span class='ocrx_word' id='word_1_328' title='bbox 805 2490 1041 2553; x_wconf 89' lang='lat' dir='ltr'><strong>inﬁrmo,</strong></span> <span class='ocrx_word' id='word_1_329' title='bbox 1071 2497 1125 2542; x_wconf 91' lang='lat' dir='ltr'><strong>et</strong></span> <span class='ocrx_word' id='word_1_330' title='bbox 1150 2494 1470 2556; x_wconf 67' lang='lat' dir='ltr'><strong>aagrotante,</strong></span> <span class='ocrx_word' id='word_1_331' title='bbox 1499 2485 1565 2541; x_wconf 90' lang='lat' dir='ltr'><strong>ad</strong></span> <span class='ocrx_word' id='word_1_332' title='bbox 1599 2486 1702 2541; x_wconf 85' lang='lat' dir='ltr'><strong>hoc</strong></span> <span class='ocrx_word' id='word_1_333' title='bbox 1730 2496 1790 2541; x_wconf 91' lang='lat' dir='ltr'><strong>ut</strong></span> <span class='ocrx_word' id='word_1_334' title='bbox 1815 2495 2055 2550; x_wconf 85' lang='lat' dir='ltr'><strong>sanetur,</strong></span> <span class='ocrx_word' id='word_1_335' title='bbox 2093 2502 2363 2558; x_wconf 85' lang='lat' dir='ltr'><strong>suumque</strong></span> <span class='ocrx_word' id='word_1_336' title='bbox 2426 2487 2711 2558; x_wconf 83' lang='lat' dir='ltr'><strong>grabatum</strong></span> <span class='ocrx_word' id='word_1_337' title='bbox 2775 2490 2989 2555; x_wconf 87' lang='lat' dir='ltr'><strong>tollens,</strong></span> <span class='ocrx_word' id='word_1_338' title='bbox 3037 2502 3093 2547; x_wconf 89' lang='lat' dir='ltr'><strong>et</strong></span> <span class='ocrx_word' id='word_1_339' title='bbox 3123 2492 3379 2564; x_wconf 85' lang='lat' dir='ltr'><strong>deinceps</strong></span> <span class='ocrx_word' id='word_1_340' title='bbox 3401 2494 3721 2551; x_wconf 78' lang='lat' dir='ltr'><strong>obambulet</strong></span> 
     </span>
    </p>
   </div>
   <div class='ocr_carea' id='block_1_47' title="bbox 492 2575 2659 2653">
    <p class='ocr_par' dir='ltr' id='par_1_47' title="bbox 492 2575 2659 2653">
     <span class='ocr_line' id='line_1_47' title="bbox 492 2575 2659 2653; baseline -0.002 -16"><span class='ocrx_word' id='word_1_341' title='bbox 492 2582 665 2653; x_wconf 86' lang='lat' dir='ltr'><strong>gratia</strong></span> <span class='ocrx_word' id='word_1_342' title='bbox 700 2579 903 2636; x_wconf 87' lang='lat' dir='ltr'><strong>Christi</strong></span> <span class='ocrx_word' id='word_1_343' title='bbox 937 2580 1048 2633; x_wconf 89' lang='lat' dir='ltr'><strong>veri</strong></span> <span class='ocrx_word' id='word_1_344' title='bbox 1098 2575 1194 2631; x_wconf 89' lang='lat' dir='ltr'><strong>Dei</strong></span> <span class='ocrx_word' id='word_1_345' title='bbox 1234 2576 1425 2641; x_wconf 87' lang='lat' dir='ltr'><strong>nostri,</strong></span> <span class='ocrx_word' id='word_1_346' title='bbox 1450 2576 1539 2631; x_wconf 90' lang='lat' dir='ltr'><strong>cui</strong></span> <span class='ocrx_word' id='word_1_347' title='bbox 1562 2576 1731 2648; x_wconf 81' lang='lat' dir='ltr'><strong>gloria</strong></span> <span class='ocrx_word' id='word_1_348' title='bbox 1759 2576 1816 2632; x_wconf 94' lang='lat' dir='ltr'><strong>in</strong></span> <span class='ocrx_word' id='word_1_349' title='bbox 1857 2577 2054 2633; x_wconf 69' lang='lat' dir='ltr'><strong>saecula</strong></span> <span class='ocrx_word' id='word_1_350' title='bbox 2091 2578 2436 2635; x_wconf 72' lang='lat' dir='ltr'><strong>saeculorum.</strong></span> <span class='ocrx_word' id='word_1_351' title='bbox 2466 2580 2659 2635; x_wconf 85' lang='lat' dir='ltr'><strong>Amen.</strong></span> 
     </span>
    </p>
   </div>
   <div class='ocr_carea' id='block_1_48' title="bbox 1014 2688 1529 2765">
    <p class='ocr_par' dir='ltr' id='par_1_48' title="bbox 1014 2688 1529 2765">
     <span class='ocr_line' id='line_1_48' title="bbox 1014 2688 1529 2765; baseline -0.002 -20"><span class='ocrx_word' id='word_1_352' title='bbox 1014 2690 1179 2765; x_wconf 63' lang='lat' dir='ltr'><strong>47s</strong></span> <span class='ocrx_word' id='word_1_353' title='bbox 1218 2688 1444 2746; x_wconf 84' lang='lat' dir='ltr'><strong>CAPUT</strong></span> <span class='ocrx_word' id='word_1_354' title='bbox 1483 2688 1529 2744; x_wconf 83' lang='grc' dir='ltr'>ι.</span> 
     </span>
    </p>
   </div>
   <div class='ocr_carea' id='block_1_49' title="bbox 563 2802 2049 2875">
    <p class='ocr_par' dir='ltr' id='par_1_49' title="bbox 563 2802 2049 2875">
     <span class='ocr_line' id='line_1_49' title="bbox 563 2802 2049 2875; baseline -0.001 -14"><span class='ocrx_word' id='word_1_355' title='bbox 563 2806 621 2860; x_wconf 89' lang='lat' dir='ltr'><strong>Si</strong></span> <span class='ocrx_word' id='word_1_356' title='bbox 655 2806 777 2875; x_wconf 86' lang='lat' dir='ltr'><strong>quis</strong></span> <span class='ocrx_word' id='word_1_357' title='bbox 835 2804 1157 2861; x_wconf 85' lang='lat' dir='ltr'><strong>suaveolcns</strong></span> <span class='ocrx_word' id='word_1_358' title='bbox 1212 2803 1427 2860; x_wconf 83' lang='lat' dir='ltr'><strong>eﬁicere</strong></span> <span class='ocrx_word' id='word_1_359' title='bbox 1483 2802 1847 2859; x_wconf 87' lang='lat' dir='ltr'><strong>suﬁimentum</strong></span> <span class='ocrx_word' id='word_1_360' title='bbox 1886 2804 2049 2869; x_wconf 88' lang='lat' dir='ltr'><strong>velit,</strong></span> 
     </span>
    </p>
   </div>
   <div class='ocr_carea' id='block_1_50' title="bbox 492 2896 2052 2970">
    <p class='ocr_par' dir='ltr' id='par_1_50' title="bbox 492 2896 2052 2970">
     <span class='ocr_line' id='line_1_50' title="bbox 492 2896 2052 2970; baseline -0.002 -16"><span class='ocrx_word' id='word_1_361' title='bbox 492 2900 619 2954; x_wconf 87' lang='lat' dir='ltr'><strong>thus</strong></span> <span class='ocrx_word' id='word_1_362' title='bbox 647 2898 996 2970; x_wconf 87' lang='lat' dir='ltr'><strong>pellucidum,</strong></span> <span class='ocrx_word' id='word_1_363' title='bbox 1026 2906 1081 2952; x_wconf 92' lang='lat' dir='ltr'><strong>et</strong></span> <span class='ocrx_word' id='word_1_364' title='bbox 1108 2898 1363 2962; x_wconf 87' lang='lat' dir='ltr'><strong>cassiam,</strong></span> <span class='ocrx_word' id='word_1_365' title='bbox 1401 2906 1455 2953; x_wconf 87' lang='lat' dir='ltr'><strong>et</strong></span> <span class='ocrx_word' id='word_1_366' title='bbox 1484 2897 1763 2968; x_wconf 82' lang='lat' dir='ltr'><strong>ungulam,</strong></span> <span class='ocrx_word' id='word_1_367' title='bbox 1807 2913 1901 2953; x_wconf 89' lang='lat' dir='ltr'><strong>seu</strong></span> <span class='ocrx_word' id='word_1_368' title='bbox 1938 2896 2052 2952; x_wconf 79' lang='lat' dir='ltr'><strong>fru-</strong></span> 
     </span>
    </p>
   </div>
   <div class='ocr_carea' id='block_1_51' title="bbox 2754 2695 3117 2752">
    <p class='ocr_par' dir='ltr' id='par_1_51' title="bbox 2754 2695 3117 2752">
     <span class='ocr_line' id='line_1_51' title="bbox 2754 2695 3117 2752; baseline 0.011 -4"><span class='ocrx_word' id='word_1_369' title='bbox 2754 2695 3003 2749; x_wconf 72' lang='grc' dir='ltr'><strong>ΚΕΦΑΛ.</strong></span> <span class='ocrx_word' id='word_1_370' title='bbox 3038 2695 3117 2752; x_wconf 83' lang='lat' dir='ltr'><strong>A&#39;.</strong></span> 
     </span>
    </p>
   </div>
   <div class='ocr_carea' id='block_1_52' title="bbox 2223 2804 3723 2883">
    <p class='ocr_par' dir='ltr' id='par_1_52' title="bbox 2223 2804 3723 2883">
     <span class='ocr_line' id='line_1_52' title="bbox 2223 2804 3723 2883; baseline 0.006 -25"><span class='ocrx_word' id='word_1_371' title='bbox 2223 2804 2292 2859; x_wconf 82' lang='grc' dir='ltr'><strong>Εῐ</strong></span> <span class='ocrx_word' id='word_1_372' title='bbox 2315 2823 2398 2870; x_wconf 89' lang='grc' dir='ltr'><strong>τις</strong></span> <span class='ocrx_word' id='word_1_373' title='bbox 2424 2804 2663 2876; x_wconf 86' lang='grc' dir='ltr'>βούλοιτο</span> <span class='ocrx_word' id='word_1_374' title='bbox 2684 2807 2880 2872; x_wconf 82' lang='grc' dir='ltr'>εὑῶδες</span> <span class='ocrx_word' id='word_1_375' title='bbox 2902 2808 3152 2883; x_wconf 79' lang='grc' dir='ltr'>θυμίαμα</span> <span class='ocrx_word' id='word_1_376' title='bbox 3169 2812 3461 2877; x_wconf 84' lang='grc' dir='ltr'>σκευάσαι,</span> <span class='ocrx_word' id='word_1_377' title='bbox 3488 2812 3587 2866; x_wconf 76' lang='grc' dir='ltr'>τὸν</span> <span class='ocrx_word' id='word_1_378' title='bbox 3610 2812 3723 2867; x_wconf 84' lang='grc' dir='ltr'>δια-</span> 
     </span>
    </p>
   </div>
   <div class='ocr_carea' id='block_1_53' title="bbox 2154 2897 3729 2975">
    <p class='ocr_par' dir='ltr' id='par_1_53' title="bbox 2154 2897 3729 2975">
     <span class='ocr_line' id='line_1_53' title="bbox 2154 2897 3729 2975; baseline 0.005 -24"><span class='ocrx_word' id='word_1_379' title='bbox 2154 2898 2295 2970; x_wconf 83' lang='grc' dir='ltr'>φανῆ</span> <span class='ocrx_word' id='word_1_380' title='bbox 2324 2897 2540 2954; x_wconf 77' lang='grc' dir='ltr'>λίϐανον</span> <span class='ocrx_word' id='word_1_381' title='bbox 2559 2938 2575 2964; x_wconf 89' lang='grc'><strong>,</strong></span> <span class='ocrx_word' id='word_1_382' title='bbox 2614 2899 2712 2956; x_wconf 78' lang='grc' dir='ltr'>καὶ</span> <span class='ocrx_word' id='word_1_383' title='bbox 2749 2902 2847 2973; x_wconf 80' lang='grc' dir='ltr'>τὴν</span> <span class='ocrx_word' id='word_1_384' title='bbox 2880 2902 3111 2957; x_wconf 86' lang='grc' dir='ltr'>κασσίαν</span> <span class='ocrx_word' id='word_1_385' title='bbox 3139 2903 3233 2957; x_wconf 76' lang='grc' dir='ltr'>καὶ</span> <span class='ocrx_word' id='word_1_386' title='bbox 3266 2904 3357 2956; x_wconf 80' lang='grc' dir='ltr'>τὸν</span> <span class='ocrx_word' id='word_1_387' title='bbox 3383 2905 3559 2975; x_wconf 77' lang='grc' dir='ltr'>ὄνυχα</span> <span class='ocrx_word' id='word_1_388' title='bbox 3578 2949 3597 2973; x_wconf 83' lang='grc'><strong>,</strong></span> <span class='ocrx_word' id='word_1_389' title='bbox 3634 2907 3729 2959; x_wconf 77' lang='grc' dir='ltr'>καὶ</span> 
     </span>
    </p>
   </div>
   <div class='ocr_carea' id='block_1_54' title="bbox 493 2988 2046 3066">
    <p class='ocr_par' dir='ltr' id='par_1_54' title="bbox 493 2990 2046 3062">
     <span class='ocr_line' id='line_1_54' title="bbox 493 2990 2046 3062; baseline -0.002 -16"><span class='ocrx_word' id='word_1_390' title='bbox 493 2993 652 3047; x_wconf 89' lang='lat' dir='ltr'><strong>ticem</strong></span> <span class='ocrx_word' id='word_1_391' title='bbox 695 2992 775 3047; x_wconf 89' lang='lat' dir='ltr'><strong>sic</strong></span> <span class='ocrx_word' id='word_1_392' title='bbox 822 2992 1048 3058; x_wconf 90' lang='lat' dir='ltr'><strong>dictum,</strong></span> <span class='ocrx_word' id='word_1_393' title='bbox 1087 2992 1460 3062; x_wconf 83' lang='lat' dir='ltr'><strong>liquoremque</strong></span> <span class='ocrx_word' id='word_1_394' title='bbox 1498 2990 1669 3057; x_wconf 90' lang='lat' dir='ltr'><strong>illum,</strong></span> <span class='ocrx_word' id='word_1_395' title='bbox 1699 2990 1791 3061; x_wconf 86' lang='lat' dir='ltr'><strong>qui</strong></span> <span class='ocrx_word' id='word_1_396' title='bbox 1836 3004 1867 3044; x_wconf 92' lang='lat' dir='ltr'><strong>e</strong></span> <span class='ocrx_word' id='word_1_397' title='bbox 1906 3006 2046 3060; x_wconf 87' lang='lat' dir='ltr'><strong>myr-</strong></span> 
     </span>
    </p>
   </div>
   <div class='ocr_carea' id='block_1_55' title="bbox 2159 2988 3729 3066">
    <p class='ocr_par' dir='ltr' id='par_1_55' title="bbox 2159 2990 3729 3066">
     <span class='ocr_line' id='line_1_55' title="bbox 2159 2990 3729 3066; baseline 0.006 -24"><span class='ocrx_word' id='word_1_398' title='bbox 2159 2990 2248 3061; x_wconf 80' lang='grc' dir='ltr'>τὴν</span> <span class='ocrx_word' id='word_1_399' title='bbox 2269 2991 2503 3062; x_wconf 84' lang='grc' dir='ltr'>στάκτην</span> <span class='ocrx_word' id='word_1_400' title='bbox 2532 2993 2711 3060; x_wconf 83' lang='grc' dir='ltr'>ἑξίσου</span> <span class='ocrx_word' id='word_1_401' title='bbox 2744 2994 2995 3066; x_wconf 84' lang='grc' dir='ltr'>συνθήσει</span> <span class='ocrx_word' id='word_1_402' title='bbox 3022 2994 3160 3048; x_wconf 83' lang='grc' dir='ltr'>κατὰ</span> <span class='ocrx_word' id='word_1_403' title='bbox 3194 2996 3285 3050; x_wconf 72' lang='grc' dir='ltr'><strong>τὸν</strong></span> <span class='ocrx_word' id='word_1_404' title='bbox 3310 2997 3501 3066; x_wconf 89' lang='grc' dir='ltr'>νόμον.</span> <span class='ocrx_word' id='word_1_405' title='bbox 3535 2998 3729 3053; x_wconf 81' lang='grc' dir='ltr'>Ταῦτα</span> 
     </span>
    </p>
   </div>
   <div class='ocr_carea' id='block_1_56' title="bbox 494 3080 2050 3152">
    <p class='ocr_par' dir='ltr' id='par_1_56' title="bbox 494 3080 2050 3152">
     <span class='ocr_line' id='line_1_56' title="bbox 494 3080 2050 3152; baseline -0.002 -16"><span class='ocrx_word' id='word_1_406' title='bbox 494 3083 612 3149; x_wconf 89' lang='lat' dir='ltr'><strong>rha,</strong></span> <span class='ocrx_word' id='word_1_407' title='bbox 664 3094 718 3137; x_wconf 90' lang='lat' dir='ltr'><strong>et</strong></span> <span class='ocrx_word' id='word_1_408' title='bbox 756 3084 1101 3138; x_wconf 91' lang='lat' dir='ltr'><strong>cinnamomo</strong></span> <span class='ocrx_word' id='word_1_409' title='bbox 1147 3082 1318 3137; x_wconf 86' lang='lat' dir='ltr'><strong>inciso</strong></span> <span class='ocrx_word' id='word_1_410' title='bbox 1374 3080 1598 3137; x_wconf 87' lang='lat' dir='ltr'><strong>distillat</strong></span> <span class='ocrx_word' id='word_1_411' title='bbox 1615 3082 1683 3146; x_wconf 74' lang='grc' dir='ltr'>τί,</span> <span class='ocrx_word' id='word_1_412' title='bbox 1710 3096 1864 3152; x_wconf 68' lang='lat' dir='ltr'><strong>aequo</strong></span> <span class='ocrx_word' id='word_1_413' title='bbox 1892 3096 2050 3135; x_wconf 84' lang='lat' dir='ltr'><strong>com-</strong></span> 
     </span>
    </p>
   </div>
   <div class='ocr_carea' id='block_1_57' title="bbox 492 3175 2053 3248">
    <p class='ocr_par' dir='ltr' id='par_1_57' title="bbox 492 3175 2053 3248">
     <span class='ocr_line' id='line_1_57' title="bbox 492 3175 2053 3248; baseline -0.001 -18"><span class='ocrx_word' id='word_1_414' title='bbox 492 3177 719 3232; x_wconf 85' lang='lat' dir='ltr'><strong>misceat</strong></span> <span class='ocrx_word' id='word_1_415' title='bbox 746 3176 985 3248; x_wconf 88' lang='lat' dir='ltr'><strong>pondere</strong></span> <span class='ocrx_word' id='word_1_416' title='bbox 1013 3176 1310 3232; x_wconf 88' lang='lat' dir='ltr'><strong>secundum</strong></span> <span class='ocrx_word' id='word_1_417' title='bbox 1344 3177 1533 3247; x_wconf 87' lang='lat' dir='ltr'><strong>legem.</strong></span> <span class='ocrx_word' id='word_1_418' title='bbox 1564 3175 1690 3231; x_wconf 70' lang='lat' dir='ltr'><strong>llaec</strong></span> <span class='ocrx_word' id='word_1_419' title='bbox 1717 3185 1896 3231; x_wconf 88' lang='lat' dir='ltr'><strong>autem</strong></span> <span class='ocrx_word' id='word_1_420' title='bbox 1926 3184 2053 3230; x_wconf 88' lang='lat' dir='ltr'><strong>sunt</strong></span> 
     </span>
    </p>
   </div>
   <div class='ocr_carea' id='block_1_58' title="bbox 491 3269 2053 3342">
    <p class='ocr_par' dir='ltr' id='par_1_58' title="bbox 491 3269 2053 3342">
     <span class='ocr_line' id='line_1_58' title="bbox 491 3269 2053 3342; baseline 0.001 -19"><span class='ocrx_word' id='word_1_421' title='bbox 491 3269 754 3324; x_wconf 89' lang='lat' dir='ltr'><strong>virtutum</strong></span> <span class='ocrx_word' id='word_1_422' title='bbox 781 3272 1103 3340; x_wconf 87' lang='lat' dir='ltr'><strong>quaternio;</strong></span> <span class='ocrx_word' id='word_1_423' title='bbox 1141 3286 1266 3325; x_wconf 91' lang='lat' dir='ltr'><strong>nam</strong></span> <span class='ocrx_word' id='word_1_424' title='bbox 1310 3270 1356 3326; x_wconf 91' lang='lat' dir='ltr'><strong>si</strong></span> <span class='ocrx_word' id='word_1_425' title='bbox 1386 3286 1461 3327; x_wconf 64' lang='lat' dir='ltr'><strong>ea:</strong></span> <span class='ocrx_word' id='word_1_426' title='bbox 1487 3271 1817 3342; x_wconf 65' lang='lat' dir='ltr'><strong>plenissimae</strong></span> <span class='ocrx_word' id='word_1_427' title='bbox 1844 3270 1972 3338; x_wconf 92' lang='lat' dir='ltr'><strong>sint,</strong></span> <span class='ocrx_word' id='word_1_428' title='bbox 1998 3278 2053 3325; x_wconf 91' lang='lat' dir='ltr'><strong>et</strong></span> 
     </span>
    </p>
   </div>
   <div class='ocr_carea' id='block_1_59' title="bbox 491 3364 1527 3436">
    <p class='ocr_par' dir='ltr' id='par_1_59' title="bbox 491 3364 1527 3436">
     <span class='ocr_line' id='line_1_59' title="bbox 491 3364 1527 3436; baseline 0.002 -17"><span class='ocrx_word' id='word_1_429' title='bbox 491 3365 748 3436; x_wconf 69' lang='lat' dir='ltr'><strong>aequales,</strong></span> <span class='ocrx_word' id='word_1_430' title='bbox 779 3378 887 3419; x_wconf 88' lang='lat' dir='ltr'><strong>non</strong></span> <span class='ocrx_word' id='word_1_431' title='bbox 920 3364 1180 3436; x_wconf 88' lang='lat' dir='ltr'><strong>prodetur</strong></span> <span class='ocrx_word' id='word_1_432' title='bbox 1203 3364 1527 3421; x_wconf 89' lang='lat' dir='ltr'><strong>intellectus.</strong></span> 
     </span>
    </p>
   </div>
   <div class='ocr_carea' id='block_1_60' title="bbox 1102 3478 1433 3537">
    <p class='ocr_par' dir='ltr' id='par_1_60' title="bbox 1102 3478 1433 3537">
     <span class='ocr_line' id='line_1_60' title="bbox 1102 3478 1433 3537; baseline 0 -2"><span class='ocrx_word' id='word_1_433' title='bbox 1102 3478 1330 3537; x_wconf 84' lang='lat' dir='ltr'><strong>CAPUT</strong></span> <span class='ocrx_word' id='word_1_434' title='bbox 1367 3478 1433 3535; x_wconf 86' lang='lat' dir='ltr'><strong>ll.</strong></span> 
     </span>
    </p>
   </div>
   <div class='ocr_carea' id='block_1_61' title="bbox 560 3592 2053 3667">
    <p class='ocr_par' dir='ltr' id='par_1_61' title="bbox 560 3592 2053 3667">
     <span class='ocr_line' id='line_1_61' title="bbox 560 3592 2053 3667; baseline -0.001 -19"><span class='ocrx_word' id='word_1_435' title='bbox 560 3596 755 3649; x_wconf 84' lang='lat' dir='ltr'><strong>Anima</strong></span> <span class='ocrx_word' id='word_1_436' title='bbox 782 3605 1077 3667; x_wconf 81' lang='lat' dir='ltr'><strong>expurgata</strong></span> <span class='ocrx_word' id='word_1_437' title='bbox 1099 3611 1195 3666; x_wconf 88' lang='lat' dir='ltr'><strong>per</strong></span> <span class='ocrx_word' id='word_1_438' title='bbox 1227 3596 1489 3651; x_wconf 87' lang='lat' dir='ltr'><strong>virtutum</strong></span> <span class='ocrx_word' id='word_1_439' title='bbox 1524 3592 1935 3664; x_wconf 88' lang='lat' dir='ltr'><strong>plenitudinem,</strong></span> <span class='ocrx_word' id='word_1_440' title='bbox 1966 3592 2053 3647; x_wconf 82' lang='lat' dir='ltr'><strong>in-</strong></span> 
     </span>
    </p>
   </div>
   <div class='ocr_carea' id='block_1_62' title="bbox 491 3686 2050 3756">
    <p class='ocr_par' dir='ltr' id='par_1_62' title="bbox 491 3686 2050 3756">
     <span class='ocr_line' id='line_1_62' title="bbox 491 3686 2050 3756; baseline 0.001 -15"><span class='ocrx_word' id='word_1_441' title='bbox 491 3688 735 3744; x_wconf 88' lang='lat' dir='ltr'><strong>tellectus</strong></span> <span class='ocrx_word' id='word_1_442' title='bbox 764 3689 944 3744; x_wconf 89' lang='lat' dir='ltr'><strong>sedem</strong></span> <span class='ocrx_word' id='word_1_443' title='bbox 982 3688 1149 3745; x_wconf 81' lang='lat' dir='ltr'><strong>efﬁcit</strong></span> <span class='ocrx_word' id='word_1_444' title='bbox 1173 3688 1575 3754; x_wconf 87' lang='lat' dir='ltr'><strong>inconcussam,</strong></span> <span class='ocrx_word' id='word_1_445' title='bbox 1609 3686 1898 3756; x_wconf 82' lang='lat' dir='ltr'><strong>ipsumque</strong></span> <span class='ocrx_word' id='word_1_446' title='bbox 1926 3687 2050 3742; x_wconf 90' lang='lat' dir='ltr'><strong>red-</strong></span> 
     </span>
    </p>
   </div>
   <div class='ocr_carea' id='block_1_63' title="bbox 372 3777 2052 3849">
    <p class='ocr_par' dir='ltr' id='par_1_63' title="bbox 372 3777 2052 3849">
     <span class='ocr_line' id='line_1_63' title="bbox 372 3777 2052 3849; baseline 0.001 -18"><span class='ocrx_word' id='word_1_447' title='bbox 372 3814 379 3825; x_wconf 73' lang='lat'><strong>.</strong></span> <span class='ocrx_word' id='word_1_448' title='bbox 490 3778 569 3831; x_wconf 86' lang='lat' dir='ltr'><strong>dit</strong></span> <span class='ocrx_word' id='word_1_449' title='bbox 611 3778 842 3835; x_wconf 89' lang='lat' dir='ltr'><strong>habilem</strong></span> <span class='ocrx_word' id='word_1_450' title='bbox 892 3781 960 3836; x_wconf 90' lang='lat' dir='ltr'><strong>ad</strong></span> <span class='ocrx_word' id='word_1_451' title='bbox 1026 3779 1435 3849; x_wconf 84' lang='lat' dir='ltr'><strong>suscipiendum</strong></span> <span class='ocrx_word' id='word_1_452' title='bbox 1506 3784 1705 3834; x_wconf 88' lang='lat' dir='ltr'><strong>statum</strong></span> <span class='ocrx_word' id='word_1_453' title='bbox 1769 3777 1862 3848; x_wconf 89' lang='lat' dir='ltr'><strong>qui</strong></span> <span class='ocrx_word' id='word_1_454' title='bbox 1908 3792 2052 3848; x_wconf 72' lang='lat' dir='ltr'><strong>qua:-</strong></span> 
     </span>
    </p>
   </div>
   <div class='ocr_carea' id='block_1_64' title="bbox 489 3871 644 3927">
    <p class='ocr_par' dir='ltr' id='par_1_64' title="bbox 489 3871 644 3927">
     <span class='ocr_line' id='line_1_64' title="bbox 489 3871 644 3927; baseline 0.013 -2"><span class='ocrx_word' id='word_1_455' title='bbox 489 3871 644 3927; x_wconf 83' lang='lat' dir='ltr'><strong>ritur.</strong></span> 
     </span>
    </p>
   </div>
   <div class='ocr_carea' id='block_1_65' title="bbox 1097 3983 1442 4041">
    <p class='ocr_par' dir='ltr' id='par_1_65' title="bbox 1097 3983 1442 4041">
     <span class='ocr_line' id='line_1_65' title="bbox 1097 3983 1442 4041; baseline 0 -1"><span class='ocrx_word' id='word_1_456' title='bbox 1097 3983 1325 4041; x_wconf 82' lang='lat' dir='ltr'><strong>CAPUT</strong></span> <span class='ocrx_word' id='word_1_457' title='bbox 1360 3985 1442 4041; x_wconf 85' lang='lat' dir='ltr'><strong>Ill.</strong></span> 
     </span>
    </p>
   </div>
   <div class='ocr_carea' id='block_1_66' title="bbox 559 4098 2045 4170">
    <p class='ocr_par' dir='ltr' id='par_1_66' title="bbox 559 4098 2045 4170">
     <span class='ocr_line' id='line_1_66' title="bbox 559 4098 2045 4170; baseline 0 -15"><span class='ocrx_word' id='word_1_458' title='bbox 559 4098 743 4155; x_wconf 89' lang='lat' dir='ltr'><strong>Oratio</strong></span> <span class='ocrx_word' id='word_1_459' title='bbox 805 4108 891 4155; x_wconf 90' lang='lat' dir='ltr'><strong>est</strong></span> <span class='ocrx_word' id='word_1_460' title='bbox 963 4098 1294 4170; x_wconf 87' lang='lat' dir='ltr'><strong>colloquium</strong></span> <span class='ocrx_word' id='word_1_461' title='bbox 1348 4101 1654 4156; x_wconf 89' lang='lat' dir='ltr'><strong>intellectus</strong></span> <span class='ocrx_word' id='word_1_462' title='bbox 1716 4116 1840 4155; x_wconf 92' lang='lat' dir='ltr'><strong>cum</strong></span> <span class='ocrx_word' id='word_1_463' title='bbox 1896 4101 2045 4168; x_wconf 91' lang='lat' dir='ltr'><strong>Deo;</strong></span> 
     </span>
    </p>
   </div>
   <div class='ocr_carea' id='block_1_67' title="bbox 488 4189 2051 4263">
    <p class='ocr_par' dir='ltr' id='par_1_67' title="bbox 488 4189 2051 4263">
     <span class='ocr_line' id='line_1_67' title="bbox 488 4189 2051 4263; baseline 0.003 -20"><span class='ocrx_word' id='word_1_464' title='bbox 488 4189 633 4259; x_wconf 88' lang='lat' dir='ltr'><strong>quali</strong></span> <span class='ocrx_word' id='word_1_465' title='bbox 688 4191 854 4260; x_wconf 91' lang='lat' dir='ltr'><strong>igitur</strong></span> <span class='ocrx_word' id='word_1_466' title='bbox 913 4199 1058 4245; x_wconf 91' lang='lat' dir='ltr'><strong>statu</strong></span> <span class='ocrx_word' id='word_1_467' title='bbox 1120 4191 1325 4263; x_wconf 85' lang='lat' dir='ltr'><strong>indiget</strong></span> <span class='ocrx_word' id='word_1_468' title='bbox 1376 4192 1698 4260; x_wconf 89' lang='lat' dir='ltr'><strong>intellectus,</strong></span> <span class='ocrx_word' id='word_1_469' title='bbox 1755 4202 1815 4248; x_wconf 91' lang='lat' dir='ltr'><strong>ut</strong></span> <span class='ocrx_word' id='word_1_470' title='bbox 1871 4193 2051 4263; x_wconf 90' lang='lat' dir='ltr'><strong>quiete</strong></span> 
     </span>
    </p>
   </div>
   <div class='ocr_carea' id='block_1_68' title="bbox 2149 3083 3728 3162">
    <p class='ocr_par' dir='ltr' id='par_1_68' title="bbox 2149 3083 3728 3162">
     <span class='ocr_line' id='line_1_68' title="bbox 2149 3083 3728 3162; baseline 0.006 -26"><span class='ocrx_word' id='word_1_471' title='bbox 2149 3083 2203 3137; x_wconf 81' lang='grc' dir='ltr'>δέ</span> <span class='ocrx_word' id='word_1_472' title='bbox 2227 3085 2372 3140; x_wconf 79' lang='grc' dir='ltr'>ἐστιν</span> <span class='ocrx_word' id='word_1_473' title='bbox 2394 3087 2427 3158; x_wconf 80' lang='grc' dir='ltr'>ὴ</span> <span class='ocrx_word' id='word_1_474' title='bbox 2455 3087 2650 3159; x_wconf 84' lang='grc' dir='ltr'>τετρὰς</span> <span class='ocrx_word' id='word_1_475' title='bbox 2676 3088 2784 3141; x_wconf 90' lang='grc' dir='ltr'><strong>τῶν</strong></span> <span class='ocrx_word' id='word_1_476' title='bbox 2804 3088 3034 3159; x_wconf 76' lang='grc' dir='ltr'>ἀρετῶνο</span> <span class='ocrx_word' id='word_1_477' title='bbox 3065 3089 3158 3143; x_wconf 76' lang='grc' dir='ltr'><strong>ἐὰν</strong></span> <span class='ocrx_word' id='word_1_478' title='bbox 3182 3089 3291 3161; x_wconf 77' lang='grc' dir='ltr'><strong>γὰρ</strong></span> <span class='ocrx_word' id='word_1_479' title='bbox 3313 3092 3728 3162; x_wconf 83' lang='grc' dir='ltr'>πληρέσταται,</span> 
     </span>
    </p>
   </div>
   <div class='ocr_carea' id='block_1_69' title="bbox 2147 3178 3541 3256">
    <p class='ocr_par' dir='ltr' id='par_1_69' title="bbox 2147 3178 3541 3256">
     <span class='ocr_line' id='line_1_69' title="bbox 2147 3178 3541 3256; baseline 0.005 -22"><span class='ocrx_word' id='word_1_480' title='bbox 2147 3178 2244 3235; x_wconf 76' lang='grc' dir='ltr'>καὶ</span> <span class='ocrx_word' id='word_1_481' title='bbox 2278 3180 2391 3235; x_wconf 74' lang='grc' dir='ltr'>ἶσαι</span> <span class='ocrx_word' id='word_1_482' title='bbox 2424 3182 2785 3254; x_wconf 85' lang='grc' dir='ltr'>τυγχάνωσιν,</span> <span class='ocrx_word' id='word_1_483' title='bbox 2815 3182 2876 3237; x_wconf 89' lang='grc' dir='ltr'><strong>ού</strong></span> <span class='ocrx_word' id='word_1_484' title='bbox 2910 3183 3301 3256; x_wconf 67' lang='grc' dir='ltr'>πρῶοθήσεται</span> <span class='ocrx_word' id='word_1_485' title='bbox 3329 3187 3360 3239; x_wconf 86' lang='grc' dir='ltr'><strong>ὁ</strong></span> <span class='ocrx_word' id='word_1_486' title='bbox 3382 3186 3541 3251; x_wconf 89' lang='grc' dir='ltr'>νοῦς.</span> 
     </span>
    </p>
   </div>
   <div class='ocr_carea' id='block_1_70' title="bbox 2744 3474 3094 3531">
    <p class='ocr_par' dir='ltr' id='par_1_70' title="bbox 2744 3474 3094 3531">
     <span class='ocr_line' id='line_1_70' title="bbox 2744 3474 3094 3531; baseline 0.014 -5"><span class='ocrx_word' id='word_1_487' title='bbox 2744 3474 2993 3530; x_wconf 77' lang='grc' dir='ltr'><strong>ΚΕΦΛΛ.</strong></span> <span class='ocrx_word' id='word_1_488' title='bbox 3017 3476 3094 3531; x_wconf 91' lang='lat' dir='ltr'><strong>B&#39;.</strong></span> 
     </span>
    </p>
   </div>
   <div class='ocr_carea' id='block_1_71' title="bbox 2218 3582 3729 3665">
    <p class='ocr_par' dir='ltr' id='par_1_71' title="bbox 2218 3582 3729 3665">
     <span class='ocr_line' id='line_1_71' title="bbox 2218 3582 3729 3665; baseline 0.009 -30"><span class='ocrx_word' id='word_1_489' title='bbox 2218 3582 2566 3655; x_wconf 84' lang='grc' dir='ltr'>Καθαρθεῖσα</span> <span class='ocrx_word' id='word_1_490' title='bbox 2595 3585 2741 3658; x_wconf 79' lang='grc' dir='ltr'>ψυχὴ</span> <span class='ocrx_word' id='word_1_491' title='bbox 2768 3587 2855 3642; x_wconf 82' lang='grc' dir='ltr'>διὰ</span> <span class='ocrx_word' id='word_1_492' title='bbox 2882 3588 2978 3659; x_wconf 83' lang='grc' dir='ltr'>τῆς</span> <span class='ocrx_word' id='word_1_493' title='bbox 3004 3588 3113 3642; x_wconf 87' lang='grc' dir='ltr'><strong>τῶν</strong></span> <span class='ocrx_word' id='word_1_494' title='bbox 3141 3589 3352 3662; x_wconf 83' lang='grc' dir='ltr'>ἀρετῶν</span> <span class='ocrx_word' id='word_1_495' title='bbox 3374 3592 3729 3665; x_wconf 76' lang='grc' dir='ltr'>πληρότητος</span> 
     </span>
    </p>
   </div>
   <div class='ocr_carea' id='block_1_72' title="bbox 2146 3674 3725 3749">
    <p class='ocr_par' dir='ltr' id='par_1_72' title="bbox 2146 3674 3725 3749">
     <span class='ocr_line' id='line_1_72' title="bbox 2146 3674 3725 3749; baseline 0.006 -21"><span class='ocrx_word' id='word_1_496' title='bbox 2146 3674 2439 3747; x_wconf 87' lang='grc' dir='ltr'>ἀκλόνητον</span> <span class='ocrx_word' id='word_1_497' title='bbox 2464 3677 2562 3749; x_wconf 83' lang='grc' dir='ltr'>τὴν</span> <span class='ocrx_word' id='word_1_498' title='bbox 2585 3679 2738 3745; x_wconf 86' lang='grc' dir='ltr'>τάξιν</span> <span class='ocrx_word' id='word_1_499' title='bbox 2772 3678 2868 3733; x_wconf 88' lang='grc' dir='ltr'><strong>τοῦ</strong></span> <span class='ocrx_word' id='word_1_500' title='bbox 2896 3680 2987 3734; x_wconf 92' lang='grc' dir='ltr'><strong>νοῦ</strong></span> <span class='ocrx_word' id='word_1_501' title='bbox 3007 3682 3432 3749; x_wconf 77' lang='grc' dir='ltr'>κατασκευάζει,</span> <span class='ocrx_word' id='word_1_502' title='bbox 3468 3684 3725 3739; x_wconf 78' lang='grc' dir='ltr'>δεκτικὸν</span> 
     </span>
    </p>
   </div>
   <div class='ocr_carea' id='block_1_73' title="bbox 2146 3768 3495 3844">
    <p class='ocr_par' dir='ltr' id='par_1_73' title="bbox 2146 3768 3495 3844">
     <span class='ocr_line' id='line_1_73' title="bbox 2146 3768 3495 3844; baseline 0.007 -22"><span class='ocrx_word' id='word_1_503' title='bbox 2146 3768 2308 3823; x_wconf 80' lang='grc' dir='ltr'>αὐτὸν</span> <span class='ocrx_word' id='word_1_504' title='bbox 2335 3769 2564 3824; x_wconf 86' lang='grc' dir='ltr'>ποιοῦσα</span> <span class='ocrx_word' id='word_1_505' title='bbox 2584 3772 2684 3843; x_wconf 85' lang='grc' dir='ltr'><strong>τῆς</strong></span> <span class='ocrx_word' id='word_1_506' title='bbox 2709 3772 3044 3844; x_wconf 73' lang='grc' dir='ltr'>ζητουμένης</span> <span class='ocrx_word' id='word_1_507' title='bbox 3079 3776 3495 3840; x_wconf 78' lang='grc' dir='ltr'>καταστάσεως.</span> 
     </span>
    </p>
   </div>
   <div class='ocr_carea' id='block_1_74' title="bbox 2737 3990 3108 4047">
    <p class='ocr_par' dir='ltr' id='par_1_74' title="bbox 2737 3990 3108 4047">
     <span class='ocr_line' id='line_1_74' title="bbox 2737 3990 3108 4047; baseline 0.008 -3"><span class='ocrx_word' id='word_1_508' title='bbox 2737 3990 2986 4047; x_wconf 77' lang='grc' dir='ltr'><strong>ΚΕΦΑΛ.</strong></span> <span class='ocrx_word' id='word_1_509' title='bbox 3033 3993 3108 4047; x_wconf 84' lang='grc' dir='ltr'><strong>Γ¹.</strong></span> 
     </span>
    </p>
   </div>
   <div class='ocr_carea' id='block_1_75' title="bbox 2225 4098 3720 4177">
    <p class='ocr_par' dir='ltr' id='par_1_75' title="bbox 2225 4098 3720 4177">
     <span class='ocr_line' id='line_1_75' title="bbox 2225 4098 3720 4177; baseline 0.008 -26"><span class='ocrx_word' id='word_1_510' title='bbox 2225 4098 2292 4151; x_wconf 87' lang='grc' dir='ltr'><strong>Ἦ</strong></span> <span class='ocrx_word' id='word_1_511' title='bbox 2342 4101 2641 4173; x_wconf 83' lang='grc' dir='ltr'>προσευχὴ,</span> <span class='ocrx_word' id='word_1_512' title='bbox 2672 4100 2859 4171; x_wconf 82' lang='grc' dir='ltr'>ὁμιλία</span> <span class='ocrx_word' id='word_1_513' title='bbox 2900 4104 3018 4157; x_wconf 77' lang='grc' dir='ltr'>ἐστὶ</span> <span class='ocrx_word' id='word_1_514' title='bbox 3050 4103 3141 4157; x_wconf 91' lang='grc' dir='ltr'><strong>νοῦ</strong></span> <span class='ocrx_word' id='word_1_515' title='bbox 3173 4105 3312 4177; x_wconf 77' lang='grc' dir='ltr'>πρὸς</span> <span class='ocrx_word' id='word_1_516' title='bbox 3349 4105 3487 4160; x_wconf 88' lang='grc' dir='ltr'>Θεόν</span> <span class='ocrx_word' id='word_1_517' title='bbox 3513 4124 3528 4139; x_wconf 91' lang='grc'><strong>·</strong></span> <span class='ocrx_word' id='word_1_518' title='bbox 3556 4125 3720 4172; x_wconf 69' lang='lat' dir='ltr'><strong>mu;</strong></span> 
     </span>
    </p>
   </div>
   <div class='ocr_carea' id='block_1_76' title="bbox 2147 4186 3718 4271">
    <p class='ocr_par' dir='ltr' id='par_1_76' title="bbox 2147 4186 3718 4271">
     <span class='ocr_line' id='line_1_76' title="bbox 2147 4186 3718 4271; baseline 0.006 -26"><span class='ocrx_word' id='word_1_519' title='bbox 2147 4186 2239 4245; x_wconf 78' lang='grc' dir='ltr'>οὖν</span> <span class='ocrx_word' id='word_1_520' title='bbox 2274 4191 2441 4245; x_wconf 85' lang='grc' dir='ltr'>δεῖται</span> <span class='ocrx_word' id='word_1_521' title='bbox 2473 4195 2851 4259; x_wconf 86' lang='grc' dir='ltr'>καταστάσεως</span> <span class='ocrx_word' id='word_1_522' title='bbox 2878 4197 2906 4250; x_wconf 90' lang='grc' dir='ltr'><strong>ό</strong></span> <span class='ocrx_word' id='word_1_523' title='bbox 2930 4194 3074 4262; x_wconf 83' lang='grc' dir='ltr'>νοῦς,</span> <span class='ocrx_word' id='word_1_524' title='bbox 3106 4197 3195 4251; x_wconf 80' lang='grc' dir='ltr'>ἵνα</span> <span class='ocrx_word' id='word_1_525' title='bbox 3224 4200 3480 4270; x_wconf 73' lang='grc' dir='ltr'>ἡσυχάσῃ</span> <span class='ocrx_word' id='word_1_526' title='bbox 3509 4204 3718 4271; x_wconf 74' lang='grc' dir='ltr'>ἀμετα-</span> 
     </span>
    </p>
   </div>
   <div class='ocr_carea' id='block_1_77' title="bbox 490 4270 2046 4364">
    <p class='ocr_par' dir='ltr' id='par_1_77' title="bbox 490 4270 2045 4351">
     <span class='ocr_line' id='line_1_77' title="bbox 490 4270 2045 4351; baseline 0.004 -17"><span class='ocrx_word' id='word_1_527' title='bbox 490 4281 719 4351; x_wconf 85' lang='lat' dir='ltr'><strong>agendo,</strong></span> <span class='ocrx_word' id='word_1_528' title='bbox 760 4270 879 4336; x_wconf 72' lang='lat' dir='ltr'><strong>sese</strong></span> <span class='ocrx_word' id='word_1_529' title='bbox 914 4282 1324 4338; x_wconf 88' lang='lat' dir='ltr'><strong>immutabiliter</strong></span> <span class='ocrx_word' id='word_1_530' title='bbox 1361 4294 1549 4351; x_wconf 90' lang='lat' dir='ltr'><strong>mutet,</strong></span> <span class='ocrx_word' id='word_1_531' title='bbox 1595 4300 1661 4340; x_wconf 90' lang='lat' dir='ltr'><strong>ac</strong></span> <span class='ocrx_word' id='word_1_532' title='bbox 1699 4294 1939 4340; x_wconf 87' lang='lat' dir='ltr'><strong>transeat</strong></span> <span class='ocrx_word' id='word_1_533' title='bbox 1979 4285 2045 4340; x_wconf 92' lang='lat' dir='ltr'><strong>ad</strong></span> 
     </span>
    </p>
   </div>
   <div class='ocr_carea' id='block_1_78' title="bbox 2159 4270 3720 4364">
    <p class='ocr_par' dir='ltr' id='par_1_78' title="bbox 2159 4270 3720 4364">
     <span class='ocr_line' id='line_1_78' title="bbox 2159 4270 3720 4364; baseline 0.006 -27"><span class='ocrx_word' id='word_1_534' title='bbox 2159 4285 2392 4356; x_wconf 71' lang='grc' dir='ltr'>ττρόφως</span> <span class='ocrx_word' id='word_1_535' title='bbox 2426 4286 2751 4359; x_wconf 84' lang='grc' dir='ltr'>ὲκσταθῆναι</span> <span class='ocrx_word' id='word_1_536' title='bbox 2788 4289 2925 4360; x_wconf 84' lang='grc' dir='ltr'>πρὸς</span> <span class='ocrx_word' id='word_1_537' title='bbox 2949 4288 3040 4342; x_wconf 81' lang='grc' dir='ltr'>τὸν</span> <span class='ocrx_word' id='word_1_538' title='bbox 3067 4291 3261 4344; x_wconf 75' lang='grc' dir='ltr'>οἰκεῖον</span> <span class='ocrx_word' id='word_1_539' title='bbox 3287 4270 3597 4364; x_wconf 77' lang='grc' dir='ltr'>Δεσπότην,</span> <span class='ocrx_word' id='word_1_540' title='bbox 3628 4295 3720 4347; x_wconf 76' lang='grc' dir='ltr'><strong>καὶ</strong></span> 
     </span>
    </p>
   </div>
   <div class='ocr_carea' id='block_1_79' title="bbox 2071 4335 2126 4396">
    <p class='ocr_par' dir='ltr' id='par_1_79' title="bbox 2071 4335 2126 4396">
     <span class='ocr_line' id='line_1_79' title="bbox 2071 4335 2126 4396; baseline 0 0"><span class='ocrx_word' id='word_1_541' title='bbox 2071 4335 2126 4396; x_wconf 88' lang='lat' dir='ltr'><strong><em>D</em></strong></span> 
     </span>
    </p>
   </div>
   <div class='ocr_carea' id='block_1_80' title="bbox 490 4370 2046 4451">
    <p class='ocr_par' dir='ltr' id='par_1_80' title="bbox 490 4370 2046 4448">
     <span class='ocr_line' id='line_1_80' title="bbox 490 4370 2046 4448; baseline 0.004 -23"><span class='ocrx_word' id='word_1_542' title='bbox 490 4373 765 4442; x_wconf 89' lang='lat' dir='ltr'><strong>proprium</strong></span> <span class='ocrx_word' id='word_1_543' title='bbox 795 4370 1103 4439; x_wconf 91' lang='lat' dir='ltr'><strong>Dominum,</strong></span> <span class='ocrx_word' id='word_1_544' title='bbox 1138 4375 1399 4445; x_wconf 91' lang='lat' dir='ltr'><strong>nulloque</strong></span> <span class='ocrx_word' id='word_1_545' title='bbox 1430 4376 1753 4432; x_wconf 87' lang='lat' dir='ltr'><strong>intermedio</strong></span> <span class='ocrx_word' id='word_1_546' title='bbox 1785 4392 1906 4432; x_wconf 88' lang='lat' dir='ltr'><strong>cum</strong></span> <span class='ocrx_word' id='word_1_547' title='bbox 1928 4377 2046 4448; x_wconf 89' lang='lat' dir='ltr'><strong>ipso</strong></span> 
     </span>
    </p>
   </div>
   <div class='ocr_carea' id='block_1_81' title="bbox 2159 4370 3350 4451">
    <p class='ocr_par' dir='ltr' id='par_1_81' title="bbox 2159 4374 3350 4451">
     <span class='ocr_line' id='line_1_81' title="bbox 2159 4374 3350 4451; baseline 0.004 -23"><span class='ocrx_word' id='word_1_548' title='bbox 2159 4374 2457 4446; x_wconf 86' lang='grc' dir='ltr'>συνομιλεῖν</span> <span class='ocrx_word' id='word_1_549' title='bbox 2481 4376 2632 4447; x_wconf 82' lang='grc' dir='ltr'>αὐτῷ</span> <span class='ocrx_word' id='word_1_550' title='bbox 2662 4377 2891 4448; x_wconf 82' lang='grc' dir='ltr'>μηδενὸς</span> <span class='ocrx_word' id='word_1_551' title='bbox 2926 4380 3307 4449; x_wconf 85' lang='grc' dir='ltr'>μεσιτεύοντος</span> <span class='ocrx_word' id='word_1_552' title='bbox 3332 4401 3350 4451; x_wconf 88' lang='grc'>;</span> 
     </span>
    </p>
   </div>
   <div class='ocr_carea' id='block_1_82' title="bbox 487 4458 1975 4532">
    <p class='ocr_par' dir='ltr' id='par_1_82' title="bbox 487 4458 1975 4532">
     <span class='ocr_line' id='line_1_82' title="bbox 487 4458 1975 4532; baseline 0.005 -22"><span class='ocrx_word' id='word_1_553' title='bbox 487 4458 867 4527; x_wconf 86' lang='lat' dir='ltr'><strong>colloquatur?</strong></span> <span class='ocrx_word' id='word_1_554' title='bbox 900 4458 1273 4531; x_wconf 75' lang='lat' dir='ltr'><strong>(subintellige)</strong></span> <span class='ocrx_word' id='word_1_555' title='bbox 1304 4462 1464 4517; x_wconf 91' lang='lat' dir='ltr'><strong>talem</strong></span> <span class='ocrx_word' id='word_1_556' title='bbox 1504 4472 1712 4532; x_wconf 58' lang='lat' dir='ltr'><strong>quierat</strong></span> <span class='ocrx_word' id='word_1_557' title='bbox 1751 4473 1975 4520; x_wconf 88' lang='lat' dir='ltr'><strong>statum.</strong></span> 
     </span>
    </p>
   </div>
   <div class='ocr_carea' id='block_1_83' title="bbox 991 4570 1540 4643">
    <p class='ocr_par' dir='ltr' id='par_1_83' title="bbox 991 4570 1540 4643">
     <span class='ocr_line' id='line_1_83' title="bbox 991 4570 1540 4643; baseline 0.011 -18"><span class='ocrx_word' id='word_1_558' title='bbox 991 4570 1155 4643; x_wconf 68' lang='lat'><strong>479</strong></span> <span class='ocrx_word' id='word_1_559' title='bbox 1186 4572 1413 4629; x_wconf 85' lang='lat' dir='ltr'><strong>CAPUT</strong></span> <span class='ocrx_word' id='word_1_560' title='bbox 1452 4572 1540 4631; x_wconf 83' lang='lat' dir='ltr'><strong>tv.</strong></span> 
     </span>
    </p>
   </div>
   <div class='ocr_carea' id='block_1_84' title="bbox 555 4685 2051 4762">
    <p class='ocr_par' dir='ltr' id='par_1_84' title="bbox 555 4685 2051 4762">
     <span class='ocr_line' id='line_1_84' title="bbox 555 4685 2051 4762; baseline 0.005 -20"><span class='ocrx_word' id='word_1_561' title='bbox 555 4686 615 4742; x_wconf 83' lang='lat' dir='ltr'><strong>Si</strong></span> <span class='ocrx_word' id='word_1_562' title='bbox 645 4685 878 4756; x_wconf 76' lang='lat' dir='ltr'><strong>Iloyses,</strong></span> <span class='ocrx_word' id='word_1_563' title='bbox 920 4699 1045 4739; x_wconf 92' lang='lat' dir='ltr'><strong>cum</strong></span> <span class='ocrx_word' id='word_1_564' title='bbox 1077 4685 1144 4740; x_wconf 86' lang='lat' dir='ltr'><strong>ad</strong></span> <span class='ocrx_word' id='word_1_565' title='bbox 1179 4687 1376 4741; x_wconf 89' lang='lat' dir='ltr'><strong>rubum</strong></span> <span class='ocrx_word' id='word_1_566' title='bbox 1411 4687 1688 4744; x_wconf 84' lang='lat' dir='ltr'><strong>ardentem</strong></span> <span class='ocrx_word' id='word_1_567' title='bbox 1729 4705 1894 4762; x_wconf 89' lang='lat' dir='ltr'><strong>super</strong></span> <span class='ocrx_word' id='word_1_568' title='bbox 1942 4701 2051 4749; x_wconf 88' lang='lat' dir='ltr'><strong>ter-</strong></span> 
     </span>
    </p>
   </div>
   <div class='ocr_carea' id='block_1_85' title="bbox 487 4773 2051 4849">
    <p class='ocr_par' dir='ltr' id='par_1_85' title="bbox 487 4773 2051 4849">
     <span class='ocr_line' id='line_1_85' title="bbox 487 4773 2051 4849; baseline 0.008 -21"><span class='ocrx_word' id='word_1_569' title='bbox 487 4790 605 4830; x_wconf 84' lang='lat' dir='ltr'><strong>ram</strong></span> <span class='ocrx_word' id='word_1_570' title='bbox 660 4773 1100 4844; x_wconf 89' lang='lat' dir='ltr'><strong>appropinquare</strong></span> <span class='ocrx_word' id='word_1_571' title='bbox 1152 4777 1417 4842; x_wconf 88' lang='lat' dir='ltr'><strong>tentavit,</strong></span> <span class='ocrx_word' id='word_1_572' title='bbox 1473 4780 1828 4849; x_wconf 87' lang='lat' dir='ltr'><strong>prohibetur,</strong></span> <span class='ocrx_word' id='word_1_573' title='bbox 1877 4783 2051 4840; x_wconf 91' lang='lat' dir='ltr'><strong>donec</strong></span> 
     </span>
    </p>
   </div>
   <div class='ocr_carea' id='block_1_86' title="bbox 488 4865 2051 4943">
    <p class='ocr_par' dir='ltr' id='par_1_86' title="bbox 488 4865 2051 4943">
     <span class='ocr_line' id='line_1_86' title="bbox 488 4865 2051 4943; baseline 0.005 -22"><span class='ocrx_word' id='word_1_574' title='bbox 488 4866 812 4921; x_wconf 80' lang='lat' dir='ltr'><strong>exsolvisset</strong></span> <span class='ocrx_word' id='word_1_575' title='bbox 861 4865 1058 4937; x_wconf 88' lang='lat' dir='ltr'><strong>pedum</strong></span> <span class='ocrx_word' id='word_1_576' title='bbox 1105 4868 1617 4936; x_wconf 77' lang='lat' dir='ltr'><strong>calceamentum&quot;,</strong></span> <span class='ocrx_word' id='word_1_577' title='bbox 1673 4875 1948 4943; x_wconf 90' lang='lat' dir='ltr'><strong>quomodo</strong></span> <span class='ocrx_word' id='word_1_578' title='bbox 1991 4884 2051 4930; x_wconf 92' lang='lat' dir='ltr'><strong>tu</strong></span> 
     </span>
    </p>
   </div>
   <div class='ocr_carea' id='block_1_87' title="bbox 492 4959 2051 5033">
    <p class='ocr_par' dir='ltr' id='par_1_87' title="bbox 492 4959 2051 5033">
     <span class='ocr_line' id='line_1_87' title="bbox 492 4959 2051 5033; baseline 0.006 -20"><span class='ocrx_word' id='word_1_579' title='bbox 492 4962 626 5030; x_wconf 83' lang='lat' dir='ltr'><strong>ipse,</strong></span> <span class='ocrx_word' id='word_1_580' title='bbox 664 4959 851 5015; x_wconf 85' lang='lat' dir='ltr'><strong>volens</strong></span> <span class='ocrx_word' id='word_1_581' title='bbox 896 4975 1021 5016; x_wconf 89' lang='lat' dir='ltr'><strong>eum</strong></span> <span class='ocrx_word' id='word_1_582' title='bbox 1071 4961 1276 5027; x_wconf 89' lang='lat' dir='ltr'><strong>videre,</strong></span> <span class='ocrx_word' id='word_1_583' title='bbox 1325 4965 1418 5033; x_wconf 93' lang='lat' dir='ltr'><strong>qui</strong></span> <span class='ocrx_word' id='word_1_584' title='bbox 1462 4980 1677 5021; x_wconf 87' lang='lat' dir='ltr'><strong>omnem</strong></span> <span class='ocrx_word' id='word_1_585' title='bbox 1726 4967 2051 5025; x_wconf 82' lang='lat' dir='ltr'><strong>intellectio-</strong></span> 
     </span>
    </p>
   </div>
   <div class='ocr_carea' id='block_1_88' title="bbox 492 5054 2051 5124">
    <p class='ocr_par' dir='ltr' id='par_1_88' title="bbox 492 5054 2051 5124">
     <span class='ocr_line' id='line_1_88' title="bbox 492 5054 2051 5124; baseline 0.007 -21"><span class='ocrx_word' id='word_1_586' title='bbox 492 5066 613 5105; x_wconf 88' lang='lat' dir='ltr'><strong>nem</strong></span> <span class='ocrx_word' id='word_1_587' title='bbox 646 5058 700 5106; x_wconf 90' lang='lat' dir='ltr'><strong>et</strong></span> <span class='ocrx_word' id='word_1_588' title='bbox 728 5064 948 5106; x_wconf 87' lang='lat' dir='ltr'><strong>sensum</strong></span> <span class='ocrx_word' id='word_1_589' title='bbox 974 5060 1214 5121; x_wconf 86' lang='lat' dir='ltr'><strong>superat,</strong></span> <span class='ocrx_word' id='word_1_590' title='bbox 1261 5054 1423 5123; x_wconf 90' lang='lat' dir='ltr'><strong>eique</strong></span> <span class='ocrx_word' id='word_1_591' title='bbox 1449 5054 1564 5111; x_wconf 88' lang='lat' dir='ltr'><strong>ﬁeri</strong></span> <span class='ocrx_word' id='word_1_592' title='bbox 1594 5058 1909 5124; x_wconf 90' lang='lat' dir='ltr'><strong>collocutor,</strong></span> <span class='ocrx_word' id='word_1_593' title='bbox 1940 5074 2051 5114; x_wconf 87' lang='lat' dir='ltr'><strong>non</strong></span> 
     </span>
    </p>
   </div>
   <div class='ocr_carea' id='block_1_89' title="bbox 490 5137 2051 5214">
    <p class='ocr_par' dir='ltr' id='par_1_89' title="bbox 490 5137 2051 5214">
     <span class='ocr_line' id='line_1_89' title="bbox 490 5137 2051 5214; baseline 0.005 -18"><span class='ocrx_word' id='word_1_594' title='bbox 490 5137 660 5197; x_wconf 69' lang='lat' dir='ltr'><strong>solvis</strong></span> <span class='ocrx_word' id='word_1_595' title='bbox 686 5155 718 5195; x_wconf 89' lang='lat' dir='ltr'><strong>a</strong></span> <span class='ocrx_word' id='word_1_596' title='bbox 740 5150 793 5196; x_wconf 90' lang='lat' dir='ltr'><strong>te</strong></span> <span class='ocrx_word' id='word_1_597' title='bbox 812 5149 1030 5197; x_wconf 85' lang='lat' dir='ltr'><strong>omnem</strong></span> <span class='ocrx_word' id='word_1_598' title='bbox 1053 5141 1437 5212; x_wconf 87' lang='lat' dir='ltr'><strong>c0gitationem</strong></span> <span class='ocrx_word' id='word_1_599' title='bbox 1465 5146 1704 5214; x_wconf 88' lang='lat' dir='ltr'><strong>passioni</strong></span> <span class='ocrx_word' id='word_1_600' title='bbox 1723 5147 2051 5204; x_wconf 63' lang='lat' dir='ltr'><strong>obnoxiam?</strong></span> 
     </span>
    </p>
   </div>
   <div class='ocr_carea' id='block_1_90' title="bbox 1100 5254 1430 5312">
    <p class='ocr_par' dir='ltr' id='par_1_90' title="bbox 1100 5254 1430 5312">
     <span class='ocr_line' id='line_1_90' title="bbox 1100 5254 1430 5312; baseline 0.003 -1"><span class='ocrx_word' id='word_1_601' title='bbox 1100 5254 1326 5311; x_wconf 83' lang='lat' dir='ltr'><strong>CAPUT</strong></span> <span class='ocrx_word' id='word_1_602' title='bbox 1366 5256 1430 5312; x_wconf 77' lang='grc' dir='ltr'>ν.</span> 
     </span>
    </p>
   </div>
   <div class='ocr_carea' id='block_1_91' title="bbox 557 5368 2045 5445">
    <p class='ocr_par' dir='ltr' id='par_1_91' title="bbox 557 5368 2045 5445">
     <span class='ocr_line' id='line_1_91' title="bbox 557 5368 2045 5445; baseline 0.003 -22"><span class='ocrx_word' id='word_1_603' title='bbox 557 5368 663 5424; x_wconf 89' lang='lat' dir='ltr'><strong>Ora</strong></span> <span class='ocrx_word' id='word_1_604' title='bbox 700 5371 753 5424; x_wconf 93' lang='lat' dir='ltr'><strong>in</strong></span> <span class='ocrx_word' id='word_1_605' title='bbox 786 5370 996 5440; x_wconf 88' lang='lat' dir='ltr'><strong>primis,</strong></span> <span class='ocrx_word' id='word_1_606' title='bbox 1026 5385 1135 5442; x_wconf 92' lang='lat' dir='ltr'><strong>quo</strong></span> <span class='ocrx_word' id='word_1_607' title='bbox 1164 5371 1401 5441; x_wconf 89' lang='lat' dir='ltr'><strong>accipias</strong></span> <span class='ocrx_word' id='word_1_608' title='bbox 1422 5373 1625 5427; x_wconf 82' lang='lat' dir='ltr'><strong>donum</strong></span> <span class='ocrx_word' id='word_1_609' title='bbox 1668 5374 2045 5445; x_wconf 88' lang='lat' dir='ltr'><strong>lacrymarum,</strong></span> 
     </span>
    </p>
   </div>
   <div class='ocr_carea' id='block_1_92' title="bbox 488 5462 2045 5537">
    <p class='ocr_par' dir='ltr' id='par_1_92' title="bbox 488 5462 2045 5537">
     <span class='ocr_line' id='line_1_92' title="bbox 488 5462 2045 5537; baseline 0.004 -22"><span class='ocrx_word' id='word_1_610' title='bbox 488 5470 548 5515; x_wconf 90' lang='lat' dir='ltr'><strong>ut</strong></span> <span class='ocrx_word' id='word_1_611' title='bbox 581 5476 675 5531; x_wconf 90' lang='lat' dir='ltr'><strong>per</strong></span> <span class='ocrx_word' id='word_1_612' title='bbox 714 5463 918 5517; x_wconf 91' lang='lat' dir='ltr'><strong>luctum</strong></span> <span class='ocrx_word' id='word_1_613' title='bbox 951 5462 1198 5517; x_wconf 88' lang='lat' dir='ltr'><strong>emollias</strong></span> <span class='ocrx_word' id='word_1_614' title='bbox 1234 5470 1502 5533; x_wconf 80' lang='lat' dir='ltr'><strong>agrestem</strong></span> <span class='ocrx_word' id='word_1_615' title='bbox 1532 5464 1806 5532; x_wconf 84' lang='lat' dir='ltr'><strong>duritiem,</strong></span> <span class='ocrx_word' id='word_1_616' title='bbox 1840 5481 1962 5537; x_wconf 68' lang='lat' dir='ltr'><strong>qua</strong></span> <span class='ocrx_word' id='word_1_617' title='bbox 1991 5469 2045 5523; x_wconf 91' lang='lat' dir='ltr'><strong>in</strong></span> 
     </span>
    </p>
   </div>
   <div class='ocr_carea' id='block_1_93' title="bbox 488 5552 2051 5629">
    <p class='ocr_par' dir='ltr' id='par_1_93' title="bbox 488 5552 2051 5629">
     <span class='ocr_line' id='line_1_93' title="bbox 488 5552 2051 5629; baseline 0.004 -21"><span class='ocrx_word' id='word_1_618' title='bbox 488 5553 668 5608; x_wconf 83' lang='lat' dir='ltr'><strong>anima</strong></span> <span class='ocrx_word' id='word_1_619' title='bbox 711 5564 802 5608; x_wconf 90' lang='lat' dir='ltr'><strong>tua</strong></span> <span class='ocrx_word' id='word_1_620' title='bbox 839 5564 943 5618; x_wconf 92' lang='lat' dir='ltr'><strong>est,</strong></span> <span class='ocrx_word' id='word_1_621' title='bbox 990 5563 1044 5609; x_wconf 90' lang='lat' dir='ltr'><strong>et</strong></span> <span class='ocrx_word' id='word_1_622' title='bbox 1088 5552 1371 5609; x_wconf 80' lang='lat' dir='ltr'><strong>confessus</strong></span> <span class='ocrx_word' id='word_1_623' title='bbox 1400 5555 1695 5621; x_wconf 78' lang='lat' dir='ltr'><strong>adversum</strong></span> <span class='ocrx_word' id='word_1_624' title='bbox 1746 5567 1798 5613; x_wconf 89' lang='lat' dir='ltr'><strong>te</strong></span> <span class='ocrx_word' id='word_1_625' title='bbox 1835 5558 2051 5629; x_wconf 87' lang='lat' dir='ltr'><strong>injusti-</strong></span> 
     </span>
    </p>
   </div>
   <div class='ocr_carea' id='block_1_94' title="bbox 490 5643 2045 5727">
    <p class='ocr_par' dir='ltr' id='par_1_94' title="bbox 490 5643 2045 5727">
     <span class='ocr_line' id='line_1_94' title="bbox 490 5643 2045 5727; baseline 0.005 -31"><span class='ocrx_word' id='word_1_626' title='bbox 490 5644 623 5697; x_wconf 89' lang='lat' dir='ltr'><strong>tiam</strong></span> <span class='ocrx_word' id='word_1_627' title='bbox 650 5653 795 5697; x_wconf 88' lang='lat' dir='ltr'><strong>tuam</strong></span> <span class='ocrx_word' id='word_1_628' title='bbox 824 5643 1136 5712; x_wconf 78' lang='lat' dir='ltr'><strong>Domino&quot;,</strong></span> <span class='ocrx_word' id='word_1_629' title='bbox 1169 5645 1488 5727; x_wconf 31' lang='lat' dir='ltr'><strong>veniam‘ab</strong></span> <span class='ocrx_word' id='word_1_630' title='bbox 1522 5647 1639 5715; x_wconf 92' lang='lat' dir='ltr'><strong>ipso</strong></span> <span class='ocrx_word' id='word_1_631' title='bbox 1670 5651 2045 5719; x_wconf 86' lang='lat' dir='ltr'><strong>consequaris.</strong></span> 
     </span>
    </p>
   </div>
   <div class='ocr_carea' id='block_1_95' title="bbox 2758 4576 3110 4635">
    <p class='ocr_par' dir='ltr' id='par_1_95' title="bbox 2758 4576 3110 4635">
     <span class='ocr_line' id='line_1_95' title="bbox 2758 4576 3110 4635; baseline 0.017 -6"><span class='ocrx_word' id='word_1_632' title='bbox 2758 4576 3008 4632; x_wconf 81' lang='grc' dir='ltr'><strong>ΚΕΦΔΛ.</strong></span> <span class='ocrx_word' id='word_1_633' title='bbox 3037 4577 3110 4635; x_wconf 85' lang='grc' dir='ltr'><strong>Δ⁹.</strong></span> 
     </span>
    </p>
   </div>
   <div class='ocr_carea' id='block_1_96' title="bbox 2223 4693 3713 4768">
    <p class='ocr_par' dir='ltr' id='par_1_96' title="bbox 2223 4693 3713 4768">
     <span class='ocr_line' id='line_1_96' title="bbox 2223 4693 3713 4768; baseline 0.005 -23"><span class='ocrx_word' id='word_1_634' title='bbox 2223 4694 2286 4746; x_wconf 77' lang='lat' dir='ltr'><strong>Et</strong></span> <span class='ocrx_word' id='word_1_635' title='bbox 2313 4695 2378 4764; x_wconf 70' lang='grc' dir='ltr'>τῇ</span> <span class='ocrx_word' id='word_1_636' title='bbox 2425 4693 2519 4747; x_wconf 66' lang='grc' dir='ltr'><strong>ἐπὶ</strong></span> <span class='ocrx_word' id='word_1_637' title='bbox 2545 4695 2648 4764; x_wconf 78' lang='grc' dir='ltr'>γῆς</span> <span class='ocrx_word' id='word_1_638' title='bbox 2677 4693 2823 4764; x_wconf 82' lang='grc' dir='ltr'>βάτῳ</span> <span class='ocrx_word' id='word_1_639' title='bbox 2853 4694 3163 4768; x_wconf 78' lang='grc' dir='ltr'>φλεγομένῃ</span> <span class='ocrx_word' id='word_1_640' title='bbox 3200 4698 3571 4767; x_wconf 85' lang='grc' dir='ltr'>προσεγγίσαι</span> <span class='ocrx_word' id='word_1_641' title='bbox 3600 4718 3713 4753; x_wconf 73' lang='grc' dir='ltr'>πει-</span> 
     </span>
    </p>
   </div>
   <div class='ocr_carea' id='block_1_97' title="bbox 2156 4780 3712 4863">
    <p class='ocr_par' dir='ltr' id='par_1_97' title="bbox 2156 4780 3712 4863">
     <span class='ocr_line' id='line_1_97' title="bbox 2156 4780 3712 4863; baseline 0.005 -25"><span class='ocrx_word' id='word_1_642' title='bbox 2156 4786 2325 4857; x_wconf 87' lang='grc' dir='ltr'>ράσας</span> <span class='ocrx_word' id='word_1_643' title='bbox 2350 4785 2590 4853; x_wconf 81' lang='grc' dir='ltr'>Μωῡσῆς</span> <span class='ocrx_word' id='word_1_644' title='bbox 2614 4783 2902 4851; x_wconf 83' lang='grc' dir='ltr'>κωλύεται,</span> <span class='ocrx_word' id='word_1_645' title='bbox 2933 4785 3092 4858; x_wconf 83' lang='grc' dir='ltr'>ἄχρις</span> <span class='ocrx_word' id='word_1_646' title='bbox 3116 4780 3177 4841; x_wconf 76' lang='grc' dir='ltr'><strong>οὗ</strong></span> <span class='ocrx_word' id='word_1_647' title='bbox 3198 4788 3348 4843; x_wconf 82' lang='grc' dir='ltr'>λύσει</span> <span class='ocrx_word' id='word_1_648' title='bbox 3372 4792 3436 4844; x_wconf 85' lang='grc' dir='ltr'>τὸ</span> <span class='ocrx_word' id='word_1_649' title='bbox 3464 4792 3712 4863; x_wconf 79' lang='grc' dir='ltr'>ὑπόδημα</span> 
     </span>
    </p>
   </div>
   <div class='ocr_carea' id='block_1_98' title="bbox 2153 4875 3714 4952">
    <p class='ocr_par' dir='ltr' id='par_1_98' title="bbox 2153 4875 3714 4952">
     <span class='ocr_line' id='line_1_98' title="bbox 2153 4875 3714 4952; baseline 0.006 -24"><span class='ocrx_word' id='word_1_650' title='bbox 2153 4876 2260 4929; x_wconf 90' lang='grc' dir='ltr'><strong>τῶν</strong></span> <span class='ocrx_word' id='word_1_651' title='bbox 2296 4875 2490 4941; x_wconf 86' lang='grc' dir='ltr'>ποδῶν,</span> <span class='ocrx_word' id='word_1_652' title='bbox 2525 4875 2642 4940; x_wconf 74' lang='grc' dir='ltr'><strong>πῶς</strong></span> <span class='ocrx_word' id='word_1_653' title='bbox 2661 4876 2827 4942; x_wconf 74' lang='grc' dir='ltr'>αὐτὸς</span> <span class='ocrx_word' id='word_1_654' title='bbox 2849 4878 2941 4932; x_wconf 78' lang='grc' dir='ltr'><strong>τδν</strong></span> <span class='ocrx_word' id='word_1_655' title='bbox 2966 4879 3106 4952; x_wconf 81' lang='grc' dir='ltr'>ὑπὲρ</span> <span class='ocrx_word' id='word_1_656' title='bbox 3126 4882 3307 4935; x_wconf 79' lang='grc' dir='ltr'>πᾶσαν</span> <span class='ocrx_word' id='word_1_657' title='bbox 3363 4882 3582 4937; x_wconf 72' lang='grc' dir='ltr'>ἔννοιαν</span> <span class='ocrx_word' id='word_1_658' title='bbox 3628 4886 3714 4939; x_wconf 71' lang='grc' dir='ltr'>καὶ</span> 
     </span>
    </p>
   </div>
   <div class='ocr_carea' id='block_1_99' title="bbox 2153 4966 3716 5047">
    <p class='ocr_par' dir='ltr' id='par_1_99' title="bbox 2153 4966 3716 5047">
     <span class='ocr_line' id='line_1_99' title="bbox 2153 4966 3716 5047; baseline 0.006 -27"><span class='ocrx_word' id='word_1_659' title='bbox 2153 4968 2401 5039; x_wconf 73' lang='grc' dir='ltr'>αἴσθησιν</span> <span class='ocrx_word' id='word_1_660' title='bbox 2462 4966 2587 5021; x_wconf 71' lang='grc' dir='ltr'>ἰδεῖν</span> <span class='ocrx_word' id='word_1_661' title='bbox 2648 4968 2988 5041; x_wconf 80' lang='grc' dir='ltr'>βουλόμενος,</span> <span class='ocrx_word' id='word_1_662' title='bbox 3056 4973 3151 5026; x_wconf 79' lang='grc' dir='ltr'>καὶ</span> <span class='ocrx_word' id='word_1_663' title='bbox 3215 4973 3510 5044; x_wconf 86' lang='grc' dir='ltr'>συνόμιλος</span> 
     </span>
    </p>
   </div>
   <div class='ocr_carea' id='block_1_100' title="bbox 2153 5060 3562 5138">
    <p class='ocr_par' dir='ltr' id='par_1_100' title="bbox 2153 5060 3562 5138">
     <span class='ocr_line' id='line_1_100' title="bbox 2153 5060 3562 5138; baseline 0.006 -24"><span class='ocrx_word' id='word_1_664' title='bbox 2153 5060 2421 5129; x_wconf 70' lang='grc' dir='ltr'>γενέσθαι,</span> <span class='ocrx_word' id='word_1_665' title='bbox 2446 5060 2509 5115; x_wconf 86' lang='grc' dir='ltr'><strong>ού</strong></span> <span class='ocrx_word' id='word_1_666' title='bbox 2533 5060 2685 5127; x_wconf 84' lang='grc' dir='ltr'>λύεις</span> <span class='ocrx_word' id='word_1_667' title='bbox 2720 5063 2786 5117; x_wconf 83' lang='grc' dir='ltr'>ὲκ</span> <span class='ocrx_word' id='word_1_668' title='bbox 2810 5062 2907 5117; x_wconf 85' lang='grc' dir='ltr'><strong>σοῦ</strong></span> <span class='ocrx_word' id='word_1_669' title='bbox 2934 5066 3043 5119; x_wconf 74' lang='grc' dir='ltr'>πᾶν</span> <span class='ocrx_word' id='word_1_670' title='bbox 3068 5067 3245 5137; x_wconf 90' lang='grc' dir='ltr'>νόημα</span> <span class='ocrx_word' id='word_1_671' title='bbox 3275 5068 3562 5138; x_wconf 76' lang='grc' dir='ltr'>ἑμπαθέςς</span> 
     </span>
    </p>
   </div>
   <div class='ocr_carea' id='block_1_101' title="bbox 2764 5261 3127 5319">
    <p class='ocr_par' dir='ltr' id='par_1_101' title="bbox 2764 5261 3127 5319">
     <span class='ocr_line' id='line_1_101' title="bbox 2764 5261 3127 5319; baseline 0 -2"><span class='ocrx_word' id='word_1_672' title='bbox 2764 5262 3007 5319; x_wconf 74' lang='grc' dir='ltr'><strong>ΚΕΦΑΛ.</strong></span> <span class='ocrx_word' id='word_1_673' title='bbox 3050 5261 3127 5317; x_wconf 81' lang='lat' dir='ltr'><strong>E’.</strong></span> 
     </span>
    </p>
   </div>
   <div class='ocr_carea' id='block_1_102' title="bbox 2221 5371 3717 5447">
    <p class='ocr_par' dir='ltr' id='par_1_102' title="bbox 2221 5371 3717 5447">
     <span class='ocr_line' id='line_1_102' title="bbox 2221 5371 3717 5447; baseline 0.003 -20"><span class='ocrx_word' id='word_1_674' title='bbox 2221 5373 2494 5446; x_wconf 83' lang='grc' dir='ltr'>Πρότερον</span> <span class='ocrx_word' id='word_1_675' title='bbox 2533 5373 2658 5443; x_wconf 79' lang='grc' dir='ltr'>περὶ</span> <span class='ocrx_word' id='word_1_676' title='bbox 2696 5371 2910 5442; x_wconf 82' lang='grc' dir='ltr'>λήψεως</span> <span class='ocrx_word' id='word_1_677' title='bbox 2955 5372 3204 5446; x_wconf 84' lang='grc' dir='ltr'>δακρύων</span> <span class='ocrx_word' id='word_1_678' title='bbox 3241 5377 3552 5447; x_wconf 84' lang='grc' dir='ltr'>προσεύχου</span> <span class='ocrx_word' id='word_1_679' title='bbox 3575 5419 3592 5443; x_wconf 90' lang='grc'><strong>,</strong></span> <span class='ocrx_word' id='word_1_680' title='bbox 3638 5380 3717 5432; x_wconf 75' lang='grc' dir='ltr'>ἵνα</span> 
     </span>
    </p>
   </div>
   <div class='ocr_carea' id='block_1_103' title="bbox 2154 5466 3714 5543">
    <p class='ocr_par' dir='ltr' id='par_1_103' title="bbox 2154 5466 3714 5543">
     <span class='ocr_line' id='line_1_103' title="bbox 2154 5466 3714 5543; baseline 0.003 -22"><span class='ocrx_word' id='word_1_681' title='bbox 2154 5466 2242 5521; x_wconf 80' lang='grc' dir='ltr'><strong>διὰ</strong></span> <span class='ocrx_word' id='word_1_682' title='bbox 2291 5466 2385 5519; x_wconf 90' lang='grc' dir='ltr'><strong>τοῦ</strong></span> <span class='ocrx_word' id='word_1_683' title='bbox 2431 5467 2657 5530; x_wconf 83' lang='grc' dir='ltr'>πένθους</span> <span class='ocrx_word' id='word_1_684' title='bbox 2710 5466 2954 5540; x_wconf 82' lang='grc' dir='ltr'>μαλάξῃς</span> <span class='ocrx_word' id='word_1_685' title='bbox 3002 5466 3101 5539; x_wconf 81' lang='grc' dir='ltr'><strong>τὴν</strong></span> <span class='ocrx_word' id='word_1_686' title='bbox 3146 5468 3498 5541; x_wconf 82' lang='grc' dir='ltr'>ὑπάρχουσαν</span> <span class='ocrx_word' id='word_1_687' title='bbox 3552 5473 3611 5525; x_wconf 77' lang='grc' dir='ltr'>ὲν</span> <span class='ocrx_word' id='word_1_688' title='bbox 3652 5476 3714 5543; x_wconf 68' lang='grc' dir='ltr'>τῇ</span> 
     </span>
    </p>
   </div>
   <div class='ocr_carea' id='block_1_104' title="bbox 2154 5556 3715 5629">
    <p class='ocr_par' dir='ltr' id='par_1_104' title="bbox 2154 5556 3715 5629">
     <span class='ocr_line' id='line_1_104' title="bbox 2154 5556 3715 5629; baseline 0.002 -21"><span class='ocrx_word' id='word_1_689' title='bbox 2154 5556 2301 5626; x_wconf 65' lang='grc' dir='ltr'>ψυχῇ</span> <span class='ocrx_word' id='word_1_690' title='bbox 2334 5572 2429 5609; x_wconf 90' lang='grc' dir='ltr'><strong>σου</strong></span> <span class='ocrx_word' id='word_1_691' title='bbox 2466 5556 2792 5627; x_wconf 83' lang='grc' dir='ltr'>ἀγριότητα,</span> <span class='ocrx_word' id='word_1_692' title='bbox 2819 5558 2913 5610; x_wconf 77' lang='grc' dir='ltr'>καὶ</span> <span class='ocrx_word' id='word_1_693' title='bbox 2945 5557 3309 5627; x_wconf 80' lang='grc' dir='ltr'>ἐξαγορεύσας</span> <span class='ocrx_word' id='word_1_694' title='bbox 3333 5561 3478 5614; x_wconf 81' lang='grc' dir='ltr'>κατὰ</span> <span class='ocrx_word' id='word_1_695' title='bbox 3506 5560 3600 5614; x_wconf 87' lang='grc' dir='ltr'><strong>σοῦ</strong></span> <span class='ocrx_word' id='word_1_696' title='bbox 3624 5562 3715 5629; x_wconf 59' lang='grc' dir='ltr'>τὴν</span> 
     </span>
    </p>
   </div>
   <div class='ocr_carea' id='block_1_105' title="bbox 2154 5648 3711 5724">
    <p class='ocr_par' dir='ltr' id='par_1_105' title="bbox 2154 5648 3711 5724">
     <span class='ocr_line' id='line_1_105' title="bbox 2154 5648 3711 5724; baseline 0.001 -21"><span class='ocrx_word' id='word_1_697' title='bbox 2154 5648 2385 5718; x_wconf 86' lang='grc' dir='ltr'>ἀνομίαν</span> <span class='ocrx_word' id='word_1_698' title='bbox 2414 5666 2507 5703; x_wconf 91' lang='grc' dir='ltr'><strong>σου</strong></span> <span class='ocrx_word' id='word_1_699' title='bbox 2544 5649 2623 5721; x_wconf 81' lang='grc' dir='ltr'><strong>τῷ</strong></span> <span class='ocrx_word' id='word_1_700' title='bbox 2650 5649 2860 5721; x_wconf 78' lang='grc' dir='ltr'>Κυρίῳ,</span> <span class='ocrx_word' id='word_1_701' title='bbox 2895 5650 3025 5721; x_wconf 89' lang='grc' dir='ltr'>παρ’</span> <span class='ocrx_word' id='word_1_702' title='bbox 3058 5650 3223 5705; x_wconf 81' lang='grc' dir='ltr'>αὑτοῦ</span> <span class='ocrx_word' id='word_1_703' title='bbox 3263 5652 3515 5722; x_wconf 71' lang='grc' dir='ltr'>ἀφέσεως</span> <span class='ocrx_word' id='word_1_704' title='bbox 3534 5652 3711 5724; x_wconf 73' lang='grc' dir='ltr'>τεύξῃ.</span> 
     </span>
    </p>
   </div>
   <div class='ocr_carea' id='block_1_106' title="bbox 590 5781 2046 5862">
    <p class='ocr_par' dir='ltr' id='par_1_106' title="bbox 590 5781 2021 5853">
     <span class='ocr_line' id='line_1_106' title="bbox 590 5781 2021 5853; baseline 0.01 -21"><span class='ocrx_word' id='word_1_705' title='bbox 590 5782 610 5808; x_wconf 85' lang='grc'><strong>⁸</strong></span> <span class='ocrx_word' id='word_1_706' title='bbox 640 5782 868 5850; x_wconf 69' lang='lat' dir='ltr'><strong>Philipp.</strong></span> <span class='ocrx_word' id='word_1_707' title='bbox 890 5800 964 5849; x_wconf 82' lang='lat' dir='ltr'><strong>iv,</strong></span> <span class='ocrx_word' id='word_1_708' title='bbox 993 5781 1079 5836; x_wconf 71' lang='grc' dir='ltr'>ιε.</span> <span class='ocrx_word' id='word_1_709' title='bbox 1152 5783 1198 5815; x_wconf 74' lang='grc'><strong>⁷⁸</strong></span> <span class='ocrx_word' id='word_1_710' title='bbox 1236 5782 1401 5840; x_wconf 86' lang='lat' dir='ltr'><strong>Eccli.</strong></span> <span class='ocrx_word' id='word_1_711' title='bbox 1432 5801 1583 5853; x_wconf 59' lang='grc' dir='ltr'>σειν,</span> <span class='ocrx_word' id='word_1_712' title='bbox 1612 5788 1701 5844; x_wconf 79' lang='lat'><strong>‘20.</strong></span> <span class='ocrx_word' id='word_1_713' title='bbox 1778 5792 1821 5822; x_wconf 83' lang='grc'><strong>⁷³</strong></span> <span class='ocrx_word' id='word_1_714' title='bbox 1852 5790 2021 5847; x_wconf 67' lang='grc' dir='ltr'>Εκοο.</span> 
     </span>
    </p>
   </div>
   <div class='ocr_carea' id='block_1_107' title="bbox 2159 5781 2854 5862">
    <p class='ocr_par' dir='ltr' id='par_1_107' title="bbox 2172 5791 2854 5859">
     <span class='ocr_line' id='line_1_107' title="bbox 2172 5791 2854 5859; baseline 0 -12"><span class='ocrx_word' id='word_1_715' title='bbox 2172 5791 2292 5848; x_wconf 73' lang='lat'><strong>2-5.</strong></span> <span class='ocrx_word' id='word_1_716' title='bbox 2369 5793 2416 5826; x_wconf 87' lang='grc'><strong>⁷³</strong></span> <span class='ocrx_word' id='word_1_717' title='bbox 2441 5791 2582 5848; x_wconf 87' lang='lat' dir='ltr'><strong>Psal.</strong></span> <span class='ocrx_word' id='word_1_718' title='bbox 2613 5807 2759 5859; x_wconf 71' lang='lat' dir='ltr'><strong>xxxx,</strong></span> <span class='ocrx_word' id='word_1_719' title='bbox 2799 5793 2854 5847; x_wconf 89' lang='lat'><strong>5.</strong></span> 
     </span>
    </p>
   </div>
  </div>
