3838 6056
136 285 273 351 1169
1469 286 1565 346 DE
1592 284 1990 347 ORATIONE.
3194 280 3217 344 1
3230 282 3327 345 170

717 394 965 450 ΚΕΦΔᾹ.
1002 397 1093 461 ς’.
1713 401 1757 459 Δ

1713 401 1757 459 Δ
2380 394 2604 452 CAPUT
2640 394 2742 452 Vl.’
2834 450 2840 457 .

201 509 456 580 Κέχρησο
526 507 641 572 τοῖς
705 507 932 576 δάκρυσι
977 506 1113 578 πρὸς
1154 505 1350 570 παντὸς
1394 508 1685 578 umquam;

1854 501 2015 560 Utere
2060 503 2310 575 lacrymis
2355 504 2422 559 ad
2465 520 2681 559 omnem
2734 506 3044 575 petitionem
3101 509 3327 565 feliciter

123 599 479 670 κατόρθωσιν·
495 598 613 651 λίαν
630 596 737 668 γὰρ
756 598 932 667 χαίρει
952 614 1042 650 σου
1059 598 1087 650 ὁ
1100 596 1371 669 Δεσπότης
1389 599 1446 651 ὲν
1460 597 1639 669 δάκρυε

1817 596 2179 665 uscipiendatn
2206 610 2271 651 ac
2288 595 2662 665 perﬁciendam
2688 597 3009 667 :plurimum
3034 601 3175 656 enim
3199 617 3333 671 gau-

122 688 433 761 προσευχὴν
465 688 769 760 δεχόμενος.

1813 696 1873 741 et
1914 685 2176 743 Dominus
2210 696 2384 755 tuus,
2427 688 2482 743 in
2534 688 2786 761 lacrymis
2828 690 3131 747 orationem
3178 692 3329 748 exci-

1782 792 1956 848 piens.

726 888 974 946 ΚΕΦΔΛ.
1010 891 1086 945 Z'.
1700 884 1703 885 ν

1700 884 1703 885 ν
2365 892 2591 951 CAPUT
2628 892 2740 953 VII.

213 1004 338 1059 Ἐὰν
371 1004 552 1075 πηγὰς
585 1002 835 1075 δακρύων
864 1003 1058 1078 ὲκχέῃς
1078 1005 1137 1057 ὲν
1169 1005 1237 1075 τῇ
1268 1006 1540 1075 προσευχῇ
1567 1020 1683 1070 σου,

1855 1000 2110 1068 Quamvrs
2136 1004 2195 1059 in
2227 1013 2321 1059 tua
2358 1004 2606 1060 oratiouna
2636 1003 2814 1059 fontes
2853 1005 3213 1077 lacrymarum
3250 1004 3333 1060 et-

129 1097 395 1167 μηδαμῶς
431 1097 655 1167 ὲπαίρου
697 1099 754 1151 ὲν
779 1100 1012 1168 σεαυτζ),
1047 1096 1124 1160 ὡς
1156 1097 1294 1168 ὑπὲρ
1320 1097 1443 1161 τοὺς
1464 1097 1645 1151 πολλοί

1814 1095 2018 1160 undas,
2066 1111 2439 1168 nequaquamo:
2473 1107 2649 1153 tamen
2691 1097 2968 1153 extollaris
3026 1097 3083 1152 in
3128 1097 3330 1166 teipse,

124 1187 232 1243 ὥν·
256 1187 503 1261 βοήθειαν
535 1189 644 1261 γὰρ
672 1189 1033 1260 προσείληφεν
1062 1191 1398 1262 ήοπροσευχή
1444 1207 1539 1243 σου
1559 1233 1575 1257 ,
1601 1190 1640 1243 't'v

1823 1187 1939 1241 uasi
1978 1187 2162 1242 multis
2192 1188 2496 1257 praecellas;
2536 1189 2798 1247 auxilium
2828 1190 2971 1245 enim
3005 1198 3095 1244 tua
3136 1189 3334 1259 recepit

125 1280 365 1353 δυνηθῇς
402 1282 695 1354 προθύμως
737 1281 1081 1353 ἐξαγορεύειν
1114 1301 1205 1337 σου
1238 1284 1336 1348 τὰς
1370 1284 1641 1356 ἁμαρτίας

1817 1279 1979 1345 ratio,
2009 1287 2071 1333 ut
2108 1278 2287 1351 possis
2318 1282 2501 1334 animo
2538 1290 2783 1351 prompto
2825 1281 3068 1337 conﬁteri
3114 1290 3333 1352 peccata

128 1373 231 1427 καὶ
272 1372 715 1445 ἐξευμενίσασθαι
743 1374 835 1430 τὸν
862 1375 1135 1447 Δεσπότην
1178 1375 1266 1430 διὰ
1284 1374 1392 1429 τῶν
1414 1374 1644 1447 δακρύωε

1363 1392 1392 1429 ν
1414 1374 1685 1447 δακρύων.
1787 1380 1901 1439 tua,
1931 1371 2326 1441 Dominumque
2356 1371 2610 1443 lacrymis
2646 1372 2879 1444 placare.

731 1509 979 1567 ΚΕΦΑΛ.
1006 1509 1092 1566 Η’.

2270 1504 2435 1577 430
2454 1502 2678 1561 CAPUT
2714 1503 2845 1560 vni.

206 1623 298 1694 Μὴ
332 1622 424 1678 οὖν
453 1623 533 1688 είς
566 1623 735 1689 πάθος
771 1625 943 1698 τρέψῃ
977 1625 1039 1679 τὺ
1068 1624 1177 1679 τῶν
1210 1624 1397 1680 παθῶν
1422 1624 1689 1697 ἀλέξημα,

1860 1616 1935 1673 Ne
1962 1617 2126 1690 igitur
2153 1618 2207 1673 in
2233 1618 2538 1687 passionem
2562 1628 2866 1685 convertas,
2893 1618 3035 1690 quod
3064 1615 3131 1673 ad
3153 1612 3335 1673 delen-

130 1714 225 1767 ἴνα
264 1715 339 1787 μὴ
381 1715 543 1769 πλέον
582 1718 918 1791 παροργίσῃς
948 1717 1037 1772 τὸν
1064 1717 1331 1773 δεδωκότα
1359 1718 1458 1791 τὴν
1487 1718 1644 1789 χάριν

1824 1723 1884 1764 as
1927 1708 2294 1779 arcendasque
2351 1710 2634 1779 passiones
2676 1709 2780 1764 fuit
2818 1709 3024 1773 datum,
3064 1722 3132 1763 ne
3165 1709 3335 1778 magis

132 1806 326 1861 πολλοὶ
380 1806 705 1879 δακρύοντες
749 1809 889 1881 ὑπὲρ
940 1810 1261 1882 ἁμαρτιῶν,
1308 1810 1648 1882 ὲπιλαθόμενι

1822 1802 1855 1855 d
1904 1800 2039 1855 iram
2094 1801 2328 1856 concites
2371 1816 2517 1869 eum,
2566 1801 2659 1872 qui
2722 1801 2816 1857 tibi
2868 1803 3094 1873 gratiam
3145 1800 3333 1855 dedit:

130 1898 233 1955 τοῦ
261 1900 370 1955 τῶν
397 1900 645 1974 δακρύων
670 1901 894 1969 σκοποῦ,
938 1902 1196 1974 μανέντες
1223 1902 1616 1975 ἐξεπλάγησαν.

1817 1892 1944 1947 nnlti
1974 1891 2162 1949 ﬂentes
2189 1908 2289 1963 pro
2314 1894 2571 1963 peccatis,
2602 1893 2754 1950 obliti
2782 1894 3139 1964 lacrymarum
3163 1891 3333 1962 secpi.

1789 1983 2138 2051 insanientes,
2165 1984 2506 2040 aberrarunt.

730 2121 979 2179 ΚΕΦᾹΛ.
1027 2123 1105 2182 Θ¹.
2390 2119 2615 2179 (APUT
2652 2123 2742 2178 IX.

213 2236 377 2308 Στῆθι
405 2235 675 2308 ὲμπόνως,
703 2236 796 2289 καὶ
819 2237 1125 2309 προσεύχου
1152 2238 1409 2305 εὐτόνως,
1439 2240 1532 2293 καὶ
1559 2239 1695 2292 ἀπο·

1860 2235 1954 2293 Sta
1988 2252 2184 2311 magno
2214 2254 2338 2295 cum
2377 2240 2578 2306 studio,
2616 2240 2924 2311 intenteque
2958 2255 3074 2306 ora,
3102 2249 3156 2295 et
3183 2257 3337 2295 aver-

140 2330 377 2402 στρὲφου
408 2329 505 2393 τὰς
524 2329 628 2383 τῶν
653 2330 942 2401 φροντίδων
965 2332 1059 2385 καὶ
1092 2330 1454 2402 διαλογισμῶν
1481 2331 1656 2386 ὲπιτεί

1825 2343 1914 2383 are
1970 2344 2244 2397 curarum,
2306 2331 2803 2402 cogitationumque
2857 2331 3246 2397 obventiones;
3290 2342 3341 2388 te

139 2422 276 2486 ξεις·
295 2421 615 2493 ταράττουσι
638 2420 746 2492 γὰρ
767 2421 861 2475 καὶ
888 2420 1172 2493 θορυϐοῦσι
1204 2437 1283 2490 σε,
1315 2421 1401 2476 ἴνα
1429 2421 1655 2475 ὲκλύσωι

1823 2435 2027 2491 iamque
2050 2421 2267 2477 turbant
2296 2422 2408 2487 illa,
2434 2438 2499 2478 ac
2528 2423 2943 2489 tumultuantur,
2972 2431 3031 2478 ut
3067 2423 3231 2477 animi
3263 2423 3339 2478 tui

136 2512 239 2567 τοῦ
265 2513 439 2568 τόνου.

1795 2510 2139 2569 inﬂexibilem
2167 2511 2467 2571 dissolvant
2486 2515 2874 2571 constantiam.

735 2647 985 2704 ΚΕΦΔΔ.
1026 2649 1086 2705 l'.

2396 2646 2624 2706 CAPUT
2661 2649 2729 2704 Χ.

215 2763 388 2819 Ὅταν
426 2762 606 2816 ἴδωσιν
632 2760 683 2815 οἱ
711 2760 964 2832 δαίμονες
995 2759 1439 2832 προθυμούμενόν
1478 2779 1537 2817 σε
1568 2762 1701 2834 ἀλη-

1865 2764 2001 2819 Cum
2030 2772 2084 2819 te
2108 2763 2379 2819 daemones
2410 2762 2643 2819 viderint
2668 2778 2792 2819 vere
2826 2771 3133 2833 promptum
3163 2778 3342 2823 orare.

138 2856 253 2919 θῶς
283 2854 695 2927 προσεύξασθαι,
731 2854 851 2908 τότε
879 2854 1218 2910 ὑποτίθενται
1252 2855 1496 2926 νοήματά
1537 2873 1654 2911 τινα

1804 2868 1930 2913 tunc
1986 2866 2280 2928 suggerunt
2323 2857 2678 2928 cogitationes
2733 2858 3092 2926 quarumdam
3140 2873 3320 2912 rerum

138 2950 485 3021 πραγμάτων
527 2948 685 3020 δῆθεν
750 2947 1105 3017 ἀναγκαίων,
1172 2947 1266 3001 καὶ
1329 2948 1471 3018 μετά
1524 2947 1654 3021 βραχ

1832 2949 1958 3004 eluti
1987 2948 2433 3016 necessariarum,
2464 2958 2519 3004 et
2551 2948 2711 3018 paulo
2738 2957 2860 3019 post
2885 2949 3110 3005 incitant
3140 2964 3345 3004 memo-

137 3043 430 3115 ἐπαίρουσι
461 3042 558 3116 τὴν
603 3042 731 3112 περὶ
780 3041 957 3096 αὐτῶν
1007 3044 1245 3114 μνήμην.
1302 3042 1574 3106 κινοῦντες
1608 3042 1653 3096 τί

1832 3046 1957 3109 iam,
1980 3044 2047 3100 de
2081 3044 2211 3114 ipsis
2246 3053 2523 3100 moventes
2567 3044 2918 3107 intellectum,
2959 3051 3018 3099 ut
3046 3057 3141 3098 eas
3174 3043 3348 3113 inqui-

137 3109 428 3208 voﬁv'rrpo;
450 3109 881 3207 ζήτησιν-αὑτῶν
906 3175 921 3200 ,
949 3109 1044 3189 καὶ
1282 3134 1549 3206 εὑρίσκων
1576 3151 1653 3205 σιμ

1830 3141 1903 3201 at,
1937 3109 2170 3204 dumque
2198 3134 2421 3190 minime
2460 3134 2713 3205 reperiat,
2751 3134 2838 3189 ille
2865 3134 3028 3200 dolet,
3057 3109 3346 3205 animoque

137 3228 250 3299 δρα
286 3227 551 3294 λυπεῖται,
599 3230 692 3281 καὶ
714 3228 929 3297 ἀθυμεῖν
964 3227 1125 3298 ἡνίκα
1146 3226 1203 3280 δὲ
1231 3229 1331 3297 στῇ
1359 3229 1441 3290 είς
1474 3242 1653 3298 προσει

1835 3229 2125 3297 espondet;
2177 3228 2393 3298 quando
2436 3241 2565 3282 vero
2619 3235 2727 3281 stat
2777 3226 2846 3282 ad
2896 3228 3229 3291 orationem,
3292 3228 3346 3282 in

136 3319 270 3392 χὴν,
319 3320 825 3391 ύπομιμνήσκουσιν
847 3318 1007 3374 αὐτὸν
1041 3319 1148 3373 τῶν
1186 3317 1558 3390 ζητηθέντων,
1607 3334 1652 3370 κι

1829 3317 1968 3386 psius
2005 3325 2260 3371 revocant
2295 3316 2609 3372 memoriam
2639 3317 2885 3387 quaesita,
2929 3329 2983 3373 et
3028 3329 3345 3385 memorata,

141 3411 645 3483 μνημονευθέντων.
695 3412 780 3464 ἵνα
820 3410 1115 3480 χαυνωθεὶς
1154 3410 1184 3463 ὁ
1223 3409 1348 3473 νοῦς
1382 3410 1518 3479 πρὸς
1551 3407 1657 3477 γνῶ

1810 3418 1859 3463 ut
1898 3410 2196 3465 intellectus
2228 3409 2295 3465 ad
2324 3409 2685 3481 cognitionem
2721 3423 2909 3463 earum
2957 3424 3137 3464 rerum
3180 3412 3326 3467 lassa

139 3519 234 3561 σιν
265 3503 447 3563 αὐτῶν
467 3502 711 3575 ἀπολέσῃ
729 3503 829 3572 τὴν
861 3500 1133 3573 εὔκαρπον
1163 3502 1492 3573 προσευχήν.

1800 3505 1908 3562 tus,
1940 3510 2003 3552 ac
2024 3497 2254 3563 laxatus,
2290 3496 2619 3553 fructuosam
2650 3497 2839 3568 perdat
2861 3498 3184 3555 orationem.

744 3602 993 3686 ΚΕΦΑΑ.
1023 3631 1127 3686 IA'.

2394 3627 2621 3686 CAPUT
2656 3629 2748 3685 XI.

235 3740 521 3809 ’Δγωνίζου
557 3740 751 3811 στῆσαι
786 3740 879 3792 τὸν
910 3740 1034 3795 νοῦν
1070 3759 1185 3806 σου,
1226 3742 1367 3797 κατὰ
1391 3742 1482 3796 τὸν
1512 3743 1701 3815 καιρὸν

1867 3737 2075 3796 Conare
2123 3748 2225 3808 ιιι,
2274 3740 2329 3796 in
2378 3750 2617 3814 tempore
2657 3746 2937 3815 orationis,
2993 3748 3216 3804 surdum
3286 3765 3350 3803 ac

137 3835 246 3905 τῆς
272 3833 576 3907 προσευχῆς
593 3833 795 3902 κωφὸν,
818 3833 913 3887 καὶ
941 3831 1154 3899 ἄλαλον,
1179 3834 1272 3889 καὶ
1303 3834 1507 3908 δυνήσῃ
1535 3854 1653 3909 προς

1835 3841 2008 3887 lutum
2058 3843 2208 3889 tuum
2270 3836 2433 3891 sistas
2487 3837 2852 3905 intellectum,
2904 3841 3093 3911 sicque
3146 3842 3351 3910 poteris

140 3924 432 3993 εύξασθαι.

1798 3940 1971 3982 orare.

727 4032 977 4091 ΚΕΦΑΛ.
1016 4034 1117 4089 IB'.

2284 4038 2443 4111 431
2479 4039 2706 4096 CAPUT
2736 4042 2846 4100 xu.

233 4148 427 4209 'Hvtw.
451 4148 755 4221 ἀπαντήσει
793 4165 877 4202 σοι
910 4149 1234 4223 πειρασμὸς,
1272 4151 1305 4223 ἢ
1335 4153 1631 4224 ἀντιλογία,
1664 4156 1698 4228 ἢ

1869 4151 2098 4218 Quando
2126 4152 2221 4207 tibi
2247 4154 2547 4208 occurrerit
2572 4156 2818 4220 tentatio,
2851 4167 2945 4213 aut
2970 4159 3349 4228 contradictio,

144 4240 396 4314 ἑρεθίσῃ,
436 4241 471 4312 ἢ
517 4241 655 4313 πρὸς
695 4240 793 4311 τὴν
842 4240 910 4295 δι’
943 4240 1189 4307 ἐναντίας
1232 4243 1445 4315 ἄμυναν
1488 4249 1660 4318 κινῆσι

1837 4253 1896 4298 ιιι
1932 4243 2097 4300 fueris
2119 4244 2377 4310 irritatus,
2408 4257 2520 4314 aut,
2552 4248 2622 4302 ob
2651 4250 2972 4304 contrariam
3005 4267 3248 4321 causam,
3285 4255 3350 4309 ad

144 4333 345 4404 θυμὸν.
372 4331 405 4402 ἢ
437 4331 595 4403 ῥῆξαι
615 4333 797 4403 φωνήν
818 4348 958 4398 τινα,
991 4334 1257 4407 μνήσθητι
1283 4337 1378 4408 τῆς
1400 4343 1660 4412 προσευχὶ

1842 4340 2059 4395 ltionem
2086 4355 2423 4396 commovere
2446 4342 2685 4396 animum
2715 4344 3017 4415 contigerit,
3051 4355 3143 4400 aut
3166 4348 3231 4401 ad
3254 4348 3351 4402 ali-

144 4424 253 4480 καὶ
282 4423 375 4477 τοῦ
412 4424 530 4478 κατ’
556 4423 725 4493 αὐτὴν
751 4424 1012 4496 κρίματος
1039 4442 1051 4455 ·
1086 4426 1178 4481 καὶ
1220 4428 1417 4495 εὐθέως
1456 4432 1490 4502 ἡ
1529 4432 1586 4487 ἓν
1619 4451 1660 4487 σι

1844 4447 1964 4485 nam
1992 4447 2272 4502 erumpere
2292 4448 2502 4498 vocem,
2524 4444 2793 4490 memento
2835 4437 3096 4494 orationis
3124 4448 3177 4493 et
3208 4440 3354 4510 judi~

144 4519 384 4581 ἄτακτος
408 4514 618 4587 κίνησις
639 4516 923 4588 ἠρεμήσει.

1836 4524 1898 4588 ii,
1925 4525 2069 4595 quod
2101 4524 2167 4581 de
2192 4526 2308 4597 ipsa
2334 4526 2413 4591 tit,
2444 4538 2498 4582 et
2524 4527 2726 4594 statim,
2756 4544 2877 4598 qua:
2900 4530 2953 4584 in
2972 4539 3024 4586 te
3066 4529 3231 4588 fuerit
3266 4531 3352 4587 in-

206 4636 209 4639 ν
1807 4616 2102 4687 composita
2134 4618 2449 4687 commotio,
2476 4618 2772 4676 sedabitur.

743 4740 992 4795 ΚΕΦΔΛ.
1034 4740 1129 4797 Il".

2388 4751 2614 4821 CAPUT
2642 4752 2780 4811 Xlll.

223 4854 368 4911 Ὅσα
393 4854 459 4912 ἂν
486 4855 717 4927 ποιήσῃς
741 4854 877 4926 πρὸς
904 4853 1117 4927 ἄμυναν
1143 4856 1371 4926 ἀδελφοῦ
1394 4860 1707 4933 ἠδικηκότος

1874 4864 2148 4933 Quotquot
2171 4864 2364 4921 feceris
2400 4869 2466 4921 ad
2493 4868 2786 4923 vindictam
2820 4867 3022 4932 fratris,
3053 4870 3153 4939 'qui
3184 4878 3235 4923 te
3265 4869 3325 4925 of

151 4965 239 5015 σε,
277 4948 490 5003 ἅπαντα
540 4948 620 5012 είς
653 4946 944 5002 σκάνδαλόν
989 4965 1072 5001 σοι
1102 4950 1389 5020 γενήσεται
1430 4952 1489 5005 ἐν
1532 4969 1667 5025 καιρ

1828 4957 2052 5020 ’enderit,
2081 4958 2132 5010 in
2167 4966 2404 5027 tempore
2440 4958 2738 5026 orationis‘,
2774 4962 3088 5019 scandalum
3128 4963 3219 5018 tibi
3266 4964 3344 5035 gi'

152 5038 485 5113 προσευχῆς.

1806 5056 1987 5117 gnent,
2021 5054 2076 5103 ct
2102 5047 2502 5105 oll‘endiculum.

736 5151 983 5207 ΚΕΦΑΛ.
1026 5153 1117 5207 IA'.

2398 5158 2625 5216 CAPUT
2647 5159 2784 5217 XIV.

227 5265 509 5337 Προσευχή
556 5266 670 5318 ἐστι
718 5265 1018 5336 πραότητος
1086 5267 1180 5320 καὶ
1235 5268 1529 5340 ἀοργησὼς
1577 5270 1707 5341 βλά-

1873 5270 2057 5329 Oratio
2080 5289 2297 5346 germen
2320 5283 2405 5330 est
2428 5277 2855 5333 mansuetudinis
2881 5287 2936 5335 et
2966 5277 3296 5334 lenitudinis.

156 5375 364 5430 στημα.

731 5471 977 5526 ΚΕΦΛΛ.
1020 5470 1117 5529 lE'.

2362 5473 2587 5533 CAPUT
2616 5475 2730 5531 XV.

245 5582 522 5655 Προσευχή
585 5586 697 5639 ἐστι
757 5586 928 5654 χαρᾶς
1000 5586 1091 5639 καὶ
1174 5585 1516 5656 εὐχαριστίας
1575 5586 1674 5659 πρό

158 5671 363 5723 ϐλημα.

1874 5585 2055 5642 Oratio
2098 5596 2180 5643 cst
2222 5589 2396 5659 gaudii
2451 5594 2850 5661 gratiarumque
2882 5587 3108 5653 actionis
3162 5584 3354 5656 produ-

1841 5690 1932 5723 tm-

194 5672 257 5724 )m
270 5691 363 5729 αα.

1807 5678 1932 5734 ctio.
