  <div class='ocr_page' id='page_1' title='image "/cluster/home/n/w/nwhite01/storage/ocr_20150623/79/hvd.32044010610517/593.png"; bbox 0 0 3838 6056; ppageno 0'>
   <div class='ocr_carea' id='block_1_1' title="bbox 507 269 635 333">
    <p class='ocr_par' dir='ltr' id='par_1_1' title="bbox 507 269 635 333">
     <span class='ocr_line' id='line_1_1' title="bbox 507 269 635 333; baseline -0.008 0"><span class='ocrx_word' id='word_1_1' title='bbox 507 269 635 333; x_wconf 79' lang='lat'><strong>1171</strong></span> 
     </span>
    </p>
   </div>
   <div class='ocr_carea' id='block_1_2' title="bbox 1076 384 1470 442">
    <p class='ocr_par' dir='ltr' id='par_1_2' title="bbox 1076 384 1470 442">
     <span class='ocr_line' id='line_1_2' title="bbox 1076 384 1470 442; baseline 0.005 -2"><span class='ocrx_word' id='word_1_2' title='bbox 1076 384 1301 441; x_wconf 80' lang='lat' dir='ltr'><strong>CAPUT</strong></span> <span class='ocrx_word' id='word_1_3' title='bbox 1334 386 1470 442; x_wconf 77' lang='lat' dir='ltr'><strong>XVI.</strong></span> 
     </span>
    </p>
   </div>
   <div class='ocr_carea' id='block_1_3' title="bbox 569 492 2051 570">
    <p class='ocr_par' dir='ltr' id='par_1_3' title="bbox 569 492 2051 570">
     <span class='ocr_line' id='line_1_3' title="bbox 569 492 2051 570; baseline 0.003 -21"><span class='ocrx_word' id='word_1_4' title='bbox 569 492 754 549; x_wconf 88' lang='lat' dir='ltr'><strong>Oratio</strong></span> <span class='ocrx_word' id='word_1_5' title='bbox 800 502 883 549; x_wconf 89' lang='lat' dir='ltr'><strong>est</strong></span> <span class='ocrx_word' id='word_1_6' title='bbox 942 493 1199 552; x_wconf 84' lang='lat' dir='ltr'><strong>adversus</strong></span> <span class='ocrx_word' id='word_1_7' title='bbox 1259 498 1529 553; x_wconf 70' lang='lat' dir='ltr'><strong>tristitiam</strong></span> <span class='ocrx_word' id='word_1_8' title='bbox 1583 498 1856 569; x_wconf 84' lang='lat' dir='ltr'><strong>animique</strong></span> <span class='ocrx_word' id='word_1_9' title='bbox 1904 500 2051 570; x_wconf 81' lang='lat' dir='ltr'><strong>deje-</strong></span> 
     </span>
    </p>
   </div>
   <div class='ocr_carea' id='block_1_4' title="bbox 495 586 1077 641">
    <p class='ocr_par' dir='ltr' id='par_1_4' title="bbox 495 586 1077 641">
     <span class='ocr_line' id='line_1_4' title="bbox 495 586 1077 641; baseline 0.003 -2"><span class='ocrx_word' id='word_1_10' title='bbox 495 587 731 639; x_wconf 89' lang='lat' dir='ltr'><strong>ctionem</strong></span> <span class='ocrx_word' id='word_1_11' title='bbox 765 586 1077 641; x_wconf 88' lang='lat' dir='ltr'><strong>amuletum.</strong></span> 
     </span>
    </p>
   </div>
   <div class='ocr_carea' id='block_1_5' title="bbox 1071 702 1486 760">
    <p class='ocr_par' dir='ltr' id='par_1_5' title="bbox 1071 702 1486 760">
     <span class='ocr_line' id='line_1_5' title="bbox 1071 702 1486 760; baseline 0.005 -2"><span class='ocrx_word' id='word_1_12' title='bbox 1071 702 1295 758; x_wconf 87' lang='lat' dir='ltr'><strong>CAPUT</strong></span> <span class='ocrx_word' id='word_1_13' title='bbox 1328 703 1486 760; x_wconf 88' lang='lat' dir='ltr'><strong>XVII.</strong></span> 
     </span>
    </p>
   </div>
   <div class='ocr_carea' id='block_1_6' title="bbox 566 813 2051 889">
    <p class='ocr_par' dir='ltr' id='par_1_6' title="bbox 566 813 2051 889">
     <span class='ocr_line' id='line_1_6' title="bbox 566 813 2051 889; baseline 0.004 -21"><span class='ocrx_word' id='word_1_14' title='bbox 566 813 769 871; x_wconf 79' lang='lat' dir='ltr'><strong>Abiens</strong></span> <span class='ocrx_word' id='word_1_15' title='bbox 802 817 972 871; x_wconf 92' lang='lat' dir='ltr'><strong>vende</strong></span> <span class='ocrx_word' id='word_1_16' title='bbox 997 816 1353 873; x_wconf 86' lang='lat' dir='ltr'><strong>substantiam</strong></span> <span class='ocrx_word' id='word_1_17' title='bbox 1390 825 1561 884; x_wconf 88' lang='lat' dir='ltr'><strong>tuam,</strong></span> <span class='ocrx_word' id='word_1_18' title='bbox 1593 828 1647 873; x_wconf 89' lang='lat' dir='ltr'><strong>et</strong></span> <span class='ocrx_word' id='word_1_19' title='bbox 1686 819 1754 874; x_wconf 90' lang='lat' dir='ltr'><strong>da</strong></span> <span class='ocrx_word' id='word_1_20' title='bbox 1804 820 2051 889; x_wconf 87' lang='lat' dir='ltr'><strong>pauperi-</strong></span> 
     </span>
    </p>
   </div>
   <div class='ocr_carea' id='block_1_7' title="bbox 498 905 2046 983">
    <p class='ocr_par' dir='ltr' id='par_1_7' title="bbox 498 905 2046 983">
     <span class='ocr_line' id='line_1_7' title="bbox 498 905 2046 983; baseline 0.005 -23"><span class='ocrx_word' id='word_1_21' title='bbox 498 905 602 962; x_wconf 89' lang='lat' dir='ltr'><strong>bus</strong></span> <span class='ocrx_word' id='word_1_22' title='bbox 629 905 695 971; x_wconf 79' lang='lat'><strong>&quot;’,</strong></span> <span class='ocrx_word' id='word_1_23' title='bbox 723 906 1100 979; x_wconf 75' lang='lat' dir='ltr'><strong>accipiensque</strong></span> <span class='ocrx_word' id='word_1_24' title='bbox 1127 925 1363 973; x_wconf 89' lang='lat' dir='ltr'><strong>crucem,</strong></span> <span class='ocrx_word' id='word_1_25' title='bbox 1393 911 1596 981; x_wconf 81' lang='lat' dir='ltr'><strong>abnega</strong></span> <span class='ocrx_word' id='word_1_26' title='bbox 1626 912 2046 983; x_wconf 85' lang='lat' dir='ltr'><strong>temetipsum&quot;,</strong></span> 
     </span>
    </p>
   </div>
   <div class='ocr_carea' id='block_1_8' title="bbox 502 997 1716 1068">
    <p class='ocr_par' dir='ltr' id='par_1_8' title="bbox 502 997 1716 1068">
     <span class='ocr_line' id='line_1_8' title="bbox 502 997 1716 1068; baseline 0.006 -19"><span class='ocrx_word' id='word_1_27' title='bbox 502 1006 560 1051; x_wconf 93' lang='lat' dir='ltr'><strong>ut</strong></span> <span class='ocrx_word' id='word_1_28' title='bbox 583 997 761 1068; x_wconf 88' lang='lat' dir='ltr'><strong>possis</strong></span> <span class='ocrx_word' id='word_1_29' title='bbox 789 998 994 1067; x_wconf 83' lang='lat' dir='ltr'><strong>absque</strong></span> <span class='ocrx_word' id='word_1_30' title='bbox 1028 999 1133 1052; x_wconf 89' lang='lat' dir='ltr'><strong>ulla</strong></span> <span class='ocrx_word' id='word_1_31' title='bbox 1164 999 1513 1055; x_wconf 81' lang='lat' dir='ltr'><strong>distractione</strong></span> <span class='ocrx_word' id='word_1_32' title='bbox 1538 1014 1716 1056; x_wconf 87' lang='lat' dir='ltr'><strong>orare.</strong></span> 
     </span>
    </p>
   </div>
   <div class='ocr_carea' id='block_1_9' title="bbox 948 1109 1595 1181">
    <p class='ocr_par' dir='ltr' id='par_1_9' title="bbox 948 1109 1595 1181">
     <span class='ocr_line' id='line_1_9' title="bbox 948 1109 1595 1181; baseline 0.006 -16"><span class='ocrx_word' id='word_1_33' title='bbox 948 1109 1109 1181; x_wconf 63' lang='lat'><strong>532</strong></span> <span class='ocrx_word' id='word_1_34' title='bbox 1152 1109 1379 1167; x_wconf 85' lang='lat' dir='ltr'><strong>CAPUT</strong></span> <span class='ocrx_word' id='word_1_35' title='bbox 1415 1111 1595 1169; x_wconf 82' lang='lat' dir='ltr'><strong>xvm.</strong></span> 
     </span>
    </p>
   </div>
   <div class='ocr_carea' id='block_1_10' title="bbox 570 1220 2047 1301">
    <p class='ocr_par' dir='ltr' id='par_1_10' title="bbox 570 1220 2047 1301">
     <span class='ocr_line' id='line_1_10' title="bbox 570 1220 2047 1301; baseline 0.008 -26"><span class='ocrx_word' id='word_1_36' title='bbox 570 1220 627 1275; x_wconf 90' lang='lat' dir='ltr'><strong>Si</strong></span> <span class='ocrx_word' id='word_1_37' title='bbox 662 1220 793 1277; x_wconf 82' lang='lat' dir='ltr'><strong>velis</strong></span> <span class='ocrx_word' id='word_1_38' title='bbox 826 1221 1164 1278; x_wconf 85' lang='lat' dir='ltr'><strong>laudabiliter</strong></span> <span class='ocrx_word' id='word_1_39' title='bbox 1196 1240 1373 1290; x_wconf 90' lang='lat' dir='ltr'><strong>orare,</strong></span> <span class='ocrx_word' id='word_1_40' title='bbox 1425 1243 1638 1296; x_wconf 91' lang='lat' dir='ltr'><strong>quaque</strong></span> <span class='ocrx_word' id='word_1_41' title='bbox 1667 1230 1801 1285; x_wconf 89' lang='lat' dir='ltr'><strong>hora</strong></span> <span class='ocrx_word' id='word_1_42' title='bbox 1845 1231 2047 1301; x_wconf 78' lang='lat' dir='ltr'><strong>abnega</strong></span> 
     </span>
    </p>
   </div>
   <div class='ocr_carea' id='block_1_11' title="bbox 497 1313 2049 1393">
    <p class='ocr_par' dir='ltr' id='par_1_11' title="bbox 497 1313 2049 1393">
     <span class='ocr_line' id='line_1_11' title="bbox 497 1313 2049 1393; baseline 0.007 -25"><span class='ocrx_word' id='word_1_43' title='bbox 497 1313 855 1383; x_wconf 82' lang='lat' dir='ltr'><strong>temetipsum,</strong></span> <span class='ocrx_word' id='word_1_44' title='bbox 886 1329 948 1369; x_wconf 87' lang='lat' dir='ltr'><strong>ac</strong></span> <span class='ocrx_word' id='word_1_45' title='bbox 977 1315 1416 1387; x_wconf 88' lang='lat' dir='ltr'><strong>philosophorum</strong></span> <span class='ocrx_word' id='word_1_46' title='bbox 1450 1334 1618 1386; x_wconf 91' lang='lat' dir='ltr'><strong>more,</strong></span> <span class='ocrx_word' id='word_1_47' title='bbox 1650 1321 1825 1387; x_wconf 87' lang='lat' dir='ltr'><strong>stude,</strong></span> <span class='ocrx_word' id='word_1_48' title='bbox 1867 1323 2049 1393; x_wconf 85' lang='lat' dir='ltr'><strong>sisque</strong></span> 
     </span>
    </p>
   </div>
   <div class='ocr_carea' id='block_1_12' title="bbox 497 1407 1975 1485">
    <p class='ocr_par' dir='ltr' id='par_1_12' title="bbox 497 1407 1975 1485">
     <span class='ocr_line' id='line_1_12' title="bbox 497 1407 1975 1485; baseline 0.007 -25"><span class='ocrx_word' id='word_1_49' title='bbox 497 1417 789 1464; x_wconf 80' lang='lat' dir='ltr'><strong>occupatus</strong></span> <span class='ocrx_word' id='word_1_50' title='bbox 820 1408 874 1461; x_wconf 93' lang='lat' dir='ltr'><strong>in</strong></span> <span class='ocrx_word' id='word_1_51' title='bbox 904 1407 1186 1477; x_wconf 82' lang='lat' dir='ltr'><strong>permultis</strong></span> <span class='ocrx_word' id='word_1_52' title='bbox 1206 1425 1303 1480; x_wconf 91' lang='lat' dir='ltr'><strong>pro</strong></span> <span class='ocrx_word' id='word_1_53' title='bbox 1328 1412 1570 1468; x_wconf 90' lang='lat' dir='ltr'><strong>oratione</strong></span> <span class='ocrx_word' id='word_1_54' title='bbox 1596 1415 1975 1485; x_wconf 87' lang='lat' dir='ltr'><strong>perpetiendis.</strong></span> 
     </span>
    </p>
   </div>
   <div class='ocr_carea' id='block_1_13' title="bbox 1076 1521 1467 1579">
    <p class='ocr_par' dir='ltr' id='par_1_13' title="bbox 1076 1521 1467 1579">
     <span class='ocr_line' id='line_1_13' title="bbox 1076 1521 1467 1579; baseline 0 -1"><span class='ocrx_word' id='word_1_55' title='bbox 1076 1521 1298 1579; x_wconf 81' lang='lat' dir='ltr'><strong>CAPUT</strong></span> <span class='ocrx_word' id='word_1_56' title='bbox 1325 1524 1467 1579; x_wconf 88' lang='lat' dir='ltr'><strong>XIX.</strong></span> 
     </span>
    </p>
   </div>
   <div class='ocr_carea' id='block_1_14' title="bbox 569 1635 2043 1714">
    <p class='ocr_par' dir='ltr' id='par_1_14' title="bbox 569 1635 2043 1714">
     <span class='ocr_line' id='line_1_14' title="bbox 569 1635 2043 1714; baseline 0.007 -24"><span class='ocrx_word' id='word_1_57' title='bbox 569 1635 626 1691; x_wconf 88' lang='lat' dir='ltr'><strong>Si</strong></span> <span class='ocrx_word' id='word_1_58' title='bbox 657 1637 1037 1707; x_wconf 88' lang='lat' dir='ltr'><strong>philopborum</strong></span> <span class='ocrx_word' id='word_1_59' title='bbox 1060 1654 1211 1694; x_wconf 90' lang='lat' dir='ltr'><strong>more</strong></span> <span class='ocrx_word' id='word_1_60' title='bbox 1238 1639 1390 1695; x_wconf 90' lang='lat' dir='ltr'><strong>dabis</strong></span> <span class='ocrx_word' id='word_1_61' title='bbox 1424 1656 1641 1711; x_wconf 87' lang='lat' dir='ltr'><strong>operam</strong></span> <span class='ocrx_word' id='word_1_62' title='bbox 1683 1644 1920 1714; x_wconf 91' lang='lat' dir='ltr'><strong>cuipiam</strong></span> <span class='ocrx_word' id='word_1_63' title='bbox 1968 1646 2043 1701; x_wconf 87' lang='lat' dir='ltr'><strong>rei</strong></span> 
     </span>
    </p>
   </div>
   <div class='ocr_carea' id='block_1_15' title="bbox 1973 278 2233 342">
    <p class='ocr_par' dir='ltr' id='par_1_15' title="bbox 1973 278 2233 342">
     <span class='ocr_line' id='line_1_15' title="bbox 1973 278 2233 342; baseline -0.004 -3"><span class='ocrx_word' id='word_1_64' title='bbox 1973 279 2036 340; x_wconf 90' lang='lat' dir='ltr'><strong>S.</strong></span> <span class='ocrx_word' id='word_1_65' title='bbox 2071 278 2233 342; x_wconf 87' lang='lat' dir='ltr'><strong>NILI</strong></span> 
     </span>
    </p>
   </div>
   <div class='ocr_carea' id='block_1_16' title="bbox 2077 399 2129 454">
    <p class='ocr_par' dir='ltr' id='par_1_16' title="bbox 2077 399 2129 454">
     <span class='ocr_line' id='line_1_16' title="bbox 2077 399 2129 454; baseline 0 0"><span class='ocrx_word' id='word_1_66' title='bbox 2077 399 2129 454; x_wconf 83' lang='grc' dir='ltr'><strong>Α</strong></span> 
     </span>
    </p>
   </div>
   <div class='ocr_carea' id='block_1_17' title="bbox 3585 290 3712 357">
    <p class='ocr_par' dir='ltr' id='par_1_17' title="bbox 3585 290 3712 357">
     <span class='ocr_line' id='line_1_17' title="bbox 3585 290 3712 357; baseline -0.008 -1"><span class='ocrx_word' id='word_1_67' title='bbox 3585 290 3712 357; x_wconf 65' lang='lat'><strong>117?</strong></span> 
     </span>
    </p>
   </div>
   <div class='ocr_carea' id='block_1_18' title="bbox 2720 397 3116 470">
    <p class='ocr_par' dir='ltr' id='par_1_18' title="bbox 2720 397 3116 470">
     <span class='ocr_line' id='line_1_18' title="bbox 2720 397 3116 470; baseline 0.01 -18"><span class='ocrx_word' id='word_1_68' title='bbox 2720 397 2967 455; x_wconf 70' lang='grc' dir='ltr'><strong>ΚΕΦΑΔ.</strong></span> <span class='ocrx_word' id='word_1_69' title='bbox 3009 400 3116 470; x_wconf 73' lang='grc' dir='ltr'>ις’.</span> 
     </span>
    </p>
   </div>
   <div class='ocr_carea' id='block_1_19' title="bbox 2220 507 3579 593">
    <p class='ocr_par' dir='ltr' id='par_1_19' title="bbox 2220 507 3579 593">
     <span class='ocr_line' id='line_1_19' title="bbox 2220 507 3579 593; baseline 0.015 -35"><span class='ocrx_word' id='word_1_70' title='bbox 2220 507 2499 581; x_wconf 85' lang='grc' dir='ltr'>Προσευχή</span> <span class='ocrx_word' id='word_1_71' title='bbox 2527 508 2644 565; x_wconf 75' lang='grc' dir='ltr'>ἐστι</span> <span class='ocrx_word' id='word_1_72' title='bbox 2674 510 2850 584; x_wconf 82' lang='grc' dir='ltr'>λύπης</span> <span class='ocrx_word' id='word_1_73' title='bbox 2909 516 3003 570; x_wconf 82' lang='grc' dir='ltr'>καὶ</span> <span class='ocrx_word' id='word_1_74' title='bbox 3035 518 3273 589; x_wconf 84' lang='grc' dir='ltr'>ἀθυμίας</span> <span class='ocrx_word' id='word_1_75' title='bbox 3299 521 3579 593; x_wconf 79' lang='grc' dir='ltr'>ἀλέξημα.</span> 
     </span>
    </p>
   </div>
   <div class='ocr_carea' id='block_1_20' title="bbox 2730 717 3114 775">
    <p class='ocr_par' dir='ltr' id='par_1_20' title="bbox 2730 717 3114 775">
     <span class='ocr_line' id='line_1_20' title="bbox 2730 717 3114 775; baseline 0.016 -5"><span class='ocrx_word' id='word_1_76' title='bbox 2730 717 2982 775; x_wconf 80' lang='grc' dir='ltr'><strong>ΚΕΦΑΛ.</strong></span> <span class='ocrx_word' id='word_1_77' title='bbox 3018 722 3114 775; x_wconf 89' lang='lat' dir='ltr'><strong>IZ&#39;.</strong></span> 
     </span>
    </p>
   </div>
   <div class='ocr_carea' id='block_1_21' title="bbox 2149 1010 3389 1093">
    <p class='ocr_par' dir='ltr' id='par_1_21' title="bbox 2149 1010 3389 1093">
     <span class='ocr_line' id='line_1_21' title="bbox 2149 1010 3389 1093; baseline 0.014 -31"><span class='ocrx_word' id='word_1_78' title='bbox 2149 1010 2235 1062; x_wconf 76' lang='grc' dir='ltr'>ἴνα</span> <span class='ocrx_word' id='word_1_79' title='bbox 2265 1010 2497 1083; x_wconf 83' lang='grc' dir='ltr'>δυνηθῇς</span> <span class='ocrx_word' id='word_1_80' title='bbox 2525 1014 2946 1085; x_wconf 81' lang='grc' dir='ltr'><strong>ἀπερισπάστως</strong></span> <span class='ocrx_word' id='word_1_81' title='bbox 2977 1021 3389 1093; x_wconf 75' lang='grc' dir='ltr'><strong>προσεύχεσθαι.</strong></span> 
     </span>
    </p>
   </div>
   <div class='ocr_carea' id='block_1_22' title="bbox 2720 1128 3124 1213">
    <p class='ocr_par' dir='ltr' id='par_1_22' title="bbox 2720 1128 3124 1213">
     <span class='ocr_line' id='line_1_22' title="bbox 2720 1128 3124 1213; baseline 0.015 -33"><span class='ocrx_word' id='word_1_82' title='bbox 2720 1128 2982 1213; x_wconf 25' lang='grc' dir='ltr'><strong>σΚΕΦΔΛ.</strong></span> <span class='ocrx_word' id='word_1_83' title='bbox 3022 1133 3124 1185; x_wconf 84' lang='grc' dir='ltr'><strong>1Η’.</strong></span> 
     </span>
    </p>
   </div>
   <div class='ocr_carea' id='block_1_23' title="bbox 2215 1231 3709 1317">
    <p class='ocr_par' dir='ltr' id='par_1_23' title="bbox 2215 1231 3709 1317">
     <span class='ocr_line' id='line_1_23' title="bbox 2215 1231 3709 1317; baseline 0.015 -33"><span class='ocrx_word' id='word_1_84' title='bbox 2215 1232 2277 1285; x_wconf 82' lang='lat' dir='ltr'><strong>Ei</strong></span> <span class='ocrx_word' id='word_1_85' title='bbox 2304 1231 2478 1303; x_wconf 84' lang='grc' dir='ltr'>βούλει</span> <span class='ocrx_word' id='word_1_86' title='bbox 2500 1236 2797 1303; x_wconf 79' lang='grc' dir='ltr'>ἐπαινετῶς</span> <span class='ocrx_word' id='word_1_87' title='bbox 2821 1240 3231 1313; x_wconf 88' lang='grc' dir='ltr'>προσεύχεσθαι,</span> <span class='ocrx_word' id='word_1_88' title='bbox 3255 1247 3494 1317; x_wconf 73' lang='grc' dir='ltr'>ἄρνησαι</span> <span class='ocrx_word' id='word_1_89' title='bbox 3522 1251 3709 1305; x_wconf 73' lang='grc' dir='ltr'>ἑαυτὸν</span> 
     </span>
    </p>
   </div>
   <div class='ocr_carea' id='block_1_24' title="bbox 2147 1319 3706 1411">
    <p class='ocr_par' dir='ltr' id='par_1_24' title="bbox 2147 1319 3706 1411">
     <span class='ocr_line' id='line_1_24' title="bbox 2147 1319 3706 1411; baseline 0.014 -40"><span class='ocrx_word' id='word_1_90' title='bbox 2147 1319 2270 1372; x_wconf 82' lang='grc' dir='ltr'>καθ’</span> <span class='ocrx_word' id='word_1_91' title='bbox 2289 1320 2454 1391; x_wconf 83' lang='grc' dir='ltr'>ὥραν,</span> <span class='ocrx_word' id='word_1_92' title='bbox 2490 1324 2582 1376; x_wconf 79' lang='grc' dir='ltr'>καὶ</span> <span class='ocrx_word' id='word_1_93' title='bbox 2612 1326 2871 1396; x_wconf 85' lang='grc' dir='ltr'>πάμπολα</span> <span class='ocrx_word' id='word_1_94' title='bbox 2898 1329 3043 1386; x_wconf 85' lang='grc' dir='ltr'>δεινά</span> <span class='ocrx_word' id='word_1_95' title='bbox 3072 1333 3330 1403; x_wconf 84' lang='grc' dir='ltr'>πάμπολα</span> <span class='ocrx_word' id='word_1_96' title='bbox 3365 1337 3512 1411; x_wconf 76' lang='grc' dir='ltr'>ὑπὲρ</span> <span class='ocrx_word' id='word_1_97' title='bbox 3539 1357 3706 1411; x_wconf 59' lang='lat' dir='ltr'><strong>atpos-</strong></span> 
     </span>
    </p>
   </div>
   <div class='ocr_carea' id='block_1_25' title="bbox 2146 1413 2630 1484">
    <p class='ocr_par' dir='ltr' id='par_1_25' title="bbox 2146 1413 2630 1484">
     <span class='ocr_line' id='line_1_25' title="bbox 2146 1413 2630 1484; baseline 0.014 -20"><span class='ocrx_word' id='word_1_98' title='bbox 2146 1413 2310 1483; x_wconf 84' lang='grc' dir='ltr'>ευχῆς</span> <span class='ocrx_word' id='word_1_99' title='bbox 2337 1415 2630 1484; x_wconf 80' lang='grc' dir='ltr'>φιλοσόφει.</span> 
     </span>
    </p>
   </div>
   <div class='ocr_carea' id='block_1_26' title="bbox 2723 1535 3109 1595">
    <p class='ocr_par' dir='ltr' id='par_1_26' title="bbox 2723 1535 3109 1595">
     <span class='ocr_line' id='line_1_26' title="bbox 2723 1535 3109 1595; baseline 0.016 -7"><span class='ocrx_word' id='word_1_100' title='bbox 2723 1535 2972 1593; x_wconf 80' lang='grc' dir='ltr'><strong>ΚΕΦΑΛ.</strong></span> <span class='ocrx_word' id='word_1_101' title='bbox 3011 1539 3109 1595; x_wconf 77' lang='lat'><strong>18&#39;.</strong></span> 
     </span>
    </p>
   </div>
   <div class='ocr_carea' id='block_1_27' title="bbox 2217 1642 3707 1730">
    <p class='ocr_par' dir='ltr' id='par_1_27' title="bbox 2217 1642 3707 1730">
     <span class='ocr_line' id='line_1_27' title="bbox 2217 1642 3707 1730; baseline 0.013 -36"><span class='ocrx_word' id='word_1_102' title='bbox 2217 1642 2393 1709; x_wconf 85' lang='grc' dir='ltr'>Ὅπερ</span> <span class='ocrx_word' id='word_1_103' title='bbox 2436 1643 2503 1698; x_wconf 84' lang='grc' dir='ltr'><strong>ἀν</strong></span> <span class='ocrx_word' id='word_1_104' title='bbox 2545 1645 2776 1715; x_wconf 79' lang='grc' dir='ltr'>χαλεπὸν</span> <span class='ocrx_word' id='word_1_105' title='bbox 2823 1650 3109 1721; x_wconf 82' lang='grc' dir='ltr'><strong>ὑπομένων</strong></span> <span class='ocrx_word' id='word_1_106' title='bbox 3152 1655 3552 1730; x_wconf 74' lang='grc' dir='ltr'>φιλοσοφήσῃς,</span> <span class='ocrx_word' id='word_1_107' title='bbox 3588 1660 3707 1713; x_wconf 73' lang='grc' dir='ltr'>τού-</span> 
     </span>
    </p>
   </div>
   <div class='ocr_carea' id='block_1_28' title="bbox 494 1729 2027 1820">
    <p class='ocr_par' dir='ltr' id='par_1_28' title="bbox 494 1729 2027 1805">
     <span class='ocr_line' id='line_1_28' title="bbox 494 1729 2027 1805; baseline 0.008 -23"><span class='ocrx_word' id='word_1_108' title='bbox 494 1729 645 1784; x_wconf 74' lang='lat' dir='ltr'><strong>durze</strong></span> <span class='ocrx_word' id='word_1_109' title='bbox 671 1730 977 1796; x_wconf 78' lang='lat' dir='ltr'><strong>tolerandae,</strong></span> <span class='ocrx_word' id='word_1_110' title='bbox 1007 1731 1125 1802; x_wconf 85' lang='lat' dir='ltr'><strong>ejus</strong></span> <span class='ocrx_word' id='word_1_111' title='bbox 1152 1731 1385 1788; x_wconf 81' lang='lat' dir='ltr'><strong>fructum</strong></span> <span class='ocrx_word' id='word_1_112' title='bbox 1417 1744 1656 1805; x_wconf 86' lang='lat' dir='ltr'><strong>tempore</strong></span> <span class='ocrx_word' id='word_1_113' title='bbox 1678 1738 1940 1796; x_wconf 90' lang='lat' dir='ltr'><strong>orationis</strong></span> <span class='ocrx_word' id='word_1_114' title='bbox 1963 1740 2027 1794; x_wconf 89' lang='lat' dir='ltr'><strong>in-</strong></span> 
     </span>
    </p>
   </div>
   <div class='ocr_carea' id='block_1_29' title="bbox 2158 1729 3706 1820">
    <p class='ocr_par' dir='ltr' id='par_1_29' title="bbox 2158 1729 3706 1820">
     <span class='ocr_line' id='line_1_29' title="bbox 2158 1729 3706 1820; baseline 0.014 -36"><span class='ocrx_word' id='word_1_115' title='bbox 2158 1748 2237 1785; x_wconf 68' lang='grc' dir='ltr'><strong>που</strong></span> <span class='ocrx_word' id='word_1_116' title='bbox 2264 1732 2355 1785; x_wconf 78' lang='grc' dir='ltr'>τὸν</span> <span class='ocrx_word' id='word_1_117' title='bbox 2381 1734 2593 1804; x_wconf 76' lang='grc' dir='ltr'>καρπὸν</span> <span class='ocrx_word' id='word_1_118' title='bbox 2618 1737 2759 1791; x_wconf 85' lang='grc' dir='ltr'><strong>κατά</strong></span> <span class='ocrx_word' id='word_1_119' title='bbox 2784 1739 2876 1793; x_wconf 81' lang='grc' dir='ltr'><strong>τὸν</strong></span> <span class='ocrx_word' id='word_1_120' title='bbox 2905 1743 3092 1813; x_wconf 78' lang='grc' dir='ltr'>καιρὸν</span> <span class='ocrx_word' id='word_1_121' title='bbox 3119 1745 3217 1815; x_wconf 82' lang='grc' dir='ltr'>τῆς</span> <span class='ocrx_word' id='word_1_122' title='bbox 3261 1729 3581 1820; x_wconf 76' lang='grc' dir='ltr'>προσευχῆς</span> <span class='ocrx_word' id='word_1_123' title='bbox 3617 1752 3706 1805; x_wconf 54' lang='grc' dir='ltr'><strong>εὖ.</strong></span> 
     </span>
    </p>
   </div>
   <div class='ocr_carea' id='block_1_30' title="bbox 497 1818 698 1874">
    <p class='ocr_par' dir='ltr' id='par_1_30' title="bbox 497 1818 698 1874">
     <span class='ocr_line' id='line_1_30' title="bbox 497 1818 698 1874; baseline 0.02 -4"><span class='ocrx_word' id='word_1_124' title='bbox 497 1818 698 1874; x_wconf 84' lang='lat' dir='ltr'><strong>venies.</strong></span> 
     </span>
    </p>
   </div>
   <div class='ocr_carea' id='block_1_31' title="bbox 1086 1898 1461 1990">
    <p class='ocr_par' dir='ltr' id='par_1_31' title="bbox 1086 1898 1461 1990">
     <span class='ocr_line' id='line_1_31' title="bbox 1086 1898 1461 1990; baseline 0.005 -3"><span class='ocrx_word' id='word_1_125' title='bbox 1086 1898 1312 1990; x_wconf 86' lang='lat' dir='ltr'><strong>CAPUT</strong></span> <span class='ocrx_word' id='word_1_126' title='bbox 1340 1933 1461 1989; x_wconf 85' lang='lat' dir='ltr'><strong>xx.</strong></span> 
     </span>
    </p>
   </div>
   <div class='ocr_carea' id='block_1_32' title="bbox 563 2044 2039 2116">
    <p class='ocr_par' dir='ltr' id='par_1_32' title="bbox 563 2044 2039 2116">
     <span class='ocr_line' id='line_1_32' title="bbox 563 2044 2039 2116; baseline 0.008 -18"><span class='ocrx_word' id='word_1_127' title='bbox 563 2044 618 2099; x_wconf 92' lang='lat' dir='ltr'><strong>Si</strong></span> <span class='ocrx_word' id='word_1_128' title='bbox 644 2061 799 2101; x_wconf 90' lang='lat' dir='ltr'><strong>orare</strong></span> <span class='ocrx_word' id='word_1_129' title='bbox 826 2046 1012 2116; x_wconf 90' lang='lat' dir='ltr'><strong>cupias</strong></span> <span class='ocrx_word' id='word_1_130' title='bbox 1040 2057 1099 2102; x_wconf 93' lang='lat' dir='ltr'><strong>ut</strong></span> <span class='ocrx_word' id='word_1_131' title='bbox 1120 2047 1290 2113; x_wconf 86' lang='lat' dir='ltr'><strong>decet,</strong></span> <span class='ocrx_word' id='word_1_132' title='bbox 1321 2064 1389 2104; x_wconf 90' lang='lat' dir='ltr'><strong>ne</strong></span> <span class='ocrx_word' id='word_1_133' title='bbox 1429 2049 1647 2107; x_wconf 84' lang='lat' dir='ltr'><strong>tristitia</strong></span> <span class='ocrx_word' id='word_1_134' title='bbox 1690 2053 1925 2110; x_wconf 89' lang='lat' dir='ltr'><strong>animam</strong></span> <span class='ocrx_word' id='word_1_135' title='bbox 1958 2054 2039 2110; x_wconf 80' lang='lat' dir='ltr'><strong>af-</strong></span> 
     </span>
    </p>
   </div>
   <div class='ocr_carea' id='block_1_33' title="bbox 494 2139 1477 2212">
    <p class='ocr_par' dir='ltr' id='par_1_33' title="bbox 494 2139 1477 2212">
     <span class='ocr_line' id='line_1_33' title="bbox 494 2139 1477 2212; baseline 0.008 -19"><span class='ocrx_word' id='word_1_136' title='bbox 494 2139 666 2210; x_wconf 79' lang='lat' dir='ltr'><strong>ﬂigas,</strong></span> <span class='ocrx_word' id='word_1_137' title='bbox 700 2141 939 2212; x_wconf 88' lang='lat' dir='ltr'><strong>alioquin</strong></span> <span class='ocrx_word' id='word_1_138' title='bbox 966 2141 1020 2196; x_wconf 91' lang='lat' dir='ltr'><strong>in</strong></span> <span class='ocrx_word' id='word_1_139' title='bbox 1051 2157 1246 2197; x_wconf 86' lang='lat' dir='ltr'><strong>vanum</strong></span> <span class='ocrx_word' id='word_1_140' title='bbox 1279 2144 1477 2201; x_wconf 88' lang='lat' dir='ltr'><strong>curris.</strong></span> 
     </span>
    </p>
   </div>
   <div class='ocr_carea' id='block_1_34' title="bbox 1059 2253 1473 2314">
    <p class='ocr_par' dir='ltr' id='par_1_34' title="bbox 1059 2253 1473 2314">
     <span class='ocr_line' id='line_1_34' title="bbox 1059 2253 1473 2314; baseline 0.007 -3"><span class='ocrx_word' id='word_1_141' title='bbox 1059 2253 1289 2313; x_wconf 83' lang='lat' dir='ltr'><strong>CAPUT</strong></span> <span class='ocrx_word' id='word_1_142' title='bbox 1335 2256 1473 2314; x_wconf 86' lang='lat' dir='ltr'><strong>XXI.</strong></span> 
     </span>
    </p>
   </div>
   <div class='ocr_carea' id='block_1_35' title="bbox 563 2365 2041 2444">
    <p class='ocr_par' dir='ltr' id='par_1_35' title="bbox 563 2365 2041 2444">
     <span class='ocr_line' id='line_1_35' title="bbox 563 2365 2041 2444; baseline 0.009 -24"><span class='ocrx_word' id='word_1_143' title='bbox 563 2365 782 2424; x_wconf 88' lang='lat' dir='ltr'><strong>Dimitte</strong></span> <span class='ocrx_word' id='word_1_144' title='bbox 841 2369 1060 2441; x_wconf 87' lang='lat' dir='ltr'><strong>(inquit)</strong></span> <span class='ocrx_word' id='word_1_145' title='bbox 1114 2387 1317 2427; x_wconf 88' lang='lat' dir='ltr'><strong>munus</strong></span> <span class='ocrx_word' id='word_1_146' title='bbox 1370 2384 1519 2428; x_wconf 90' lang='lat' dir='ltr'><strong>tuum</strong></span> <span class='ocrx_word' id='word_1_147' title='bbox 1570 2384 1695 2431; x_wconf 85' lang='lat' dir='ltr'><strong>ante</strong></span> <span class='ocrx_word' id='word_1_148' title='bbox 1753 2378 1936 2444; x_wconf 91' lang='lat' dir='ltr'><strong>altare,</strong></span> <span class='ocrx_word' id='word_1_149' title='bbox 1988 2387 2041 2433; x_wconf 90' lang='lat' dir='ltr'><strong>et</strong></span> 
     </span>
    </p>
   </div>
   <div class='ocr_carea' id='block_1_36' title="bbox 491 2461 2036 2535">
    <p class='ocr_par' dir='ltr' id='par_1_36' title="bbox 491 2461 2036 2535">
     <span class='ocr_line' id='line_1_36' title="bbox 491 2461 2036 2535; baseline 0.006 -19"><span class='ocrx_word' id='word_1_150' title='bbox 491 2461 702 2527; x_wconf 87' lang='lat' dir='ltr'><strong>abiens,</strong></span> <span class='ocrx_word' id='word_1_151' title='bbox 724 2463 875 2533; x_wconf 88' lang='lat' dir='ltr'><strong>prius</strong></span> <span class='ocrx_word' id='word_1_152' title='bbox 900 2464 1256 2520; x_wconf 84' lang='lat' dir='ltr'><strong>reconciliare</strong></span> <span class='ocrx_word' id='word_1_153' title='bbox 1278 2463 1427 2520; x_wconf 81' lang='lat' dir='ltr'><strong>fratri</strong></span> <span class='ocrx_word' id='word_1_154' title='bbox 1445 2476 1559 2535; x_wconf 91' lang='lat' dir='ltr'><strong>tuo,</strong></span> <span class='ocrx_word' id='word_1_155' title='bbox 1574 2476 1627 2522; x_wconf 90' lang='lat' dir='ltr'><strong>et</strong></span> <span class='ocrx_word' id='word_1_156' title='bbox 1652 2478 1778 2525; x_wconf 92' lang='lat' dir='ltr'><strong>tunc</strong></span> <span class='ocrx_word' id='word_1_157' title='bbox 1795 2470 2036 2535; x_wconf 89' lang='lat' dir='ltr'><strong>veniens,</strong></span> 
     </span>
    </p>
   </div>
   <div class='ocr_carea' id='block_1_37' title="bbox 493 2556 2037 2632">
    <p class='ocr_par' dir='ltr' id='par_1_37' title="bbox 493 2556 2037 2632">
     <span class='ocr_line' id='line_1_37' title="bbox 493 2556 2037 2632; baseline 0.005 -21"><span class='ocrx_word' id='word_1_158' title='bbox 493 2556 703 2625; x_wconf 82' lang='lat' dir='ltr'><strong>absque</strong></span> <span class='ocrx_word' id='word_1_159' title='bbox 746 2557 1153 2625; x_wconf 85' lang='lat' dir='ltr'><strong>perturbatione</strong></span> <span class='ocrx_word' id='word_1_160' title='bbox 1191 2559 1371 2615; x_wconf 90' lang='lat' dir='ltr'><strong>orabis</strong></span> <span class='ocrx_word' id='word_1_161' title='bbox 1401 2561 1485 2627; x_wconf 70' lang='lat'><strong>7‘;</strong></span> <span class='ocrx_word' id='word_1_162' title='bbox 1542 2577 1665 2616; x_wconf 90' lang='lat' dir='ltr'><strong>nam</strong></span> <span class='ocrx_word' id='word_1_163' title='bbox 1718 2562 2037 2632; x_wconf 87' lang='lat' dir='ltr'><strong>injuriarum</strong></span> 
     </span>
    </p>
   </div>
   <div class='ocr_carea' id='block_1_38' title="bbox 490 2648 2038 2725">
    <p class='ocr_par' dir='ltr' id='par_1_38' title="bbox 490 2648 2038 2725">
     <span class='ocr_line' id='line_1_38' title="bbox 490 2648 2038 2725; baseline 0.006 -24"><span class='ocrx_word' id='word_1_164' title='bbox 490 2648 752 2703; x_wconf 86' lang='lat' dir='ltr'><strong>memoria</strong></span> <span class='ocrx_word' id='word_1_165' title='bbox 786 2648 1016 2705; x_wconf 79' lang='lat' dir='ltr'><strong>oﬂ‘uscat</strong></span> <span class='ocrx_word' id='word_1_166' title='bbox 1039 2650 1246 2706; x_wconf 85' lang='lat' dir='ltr'><strong>orantis</strong></span> <span class='ocrx_word' id='word_1_167' title='bbox 1265 2653 1561 2709; x_wconf 89' lang='lat' dir='ltr'><strong>ductricem</strong></span> <span class='ocrx_word' id='word_1_168' title='bbox 1588 2653 1873 2721; x_wconf 88' lang='lat' dir='ltr'><strong>rationem,</strong></span> <span class='ocrx_word' id='word_1_169' title='bbox 1899 2654 2038 2725; x_wconf 85' lang='lat' dir='ltr'><strong>ejus-</strong></span> 
     </span>
    </p>
   </div>
   <div class='ocr_carea' id='block_1_39' title="bbox 487 2740 1519 2810">
    <p class='ocr_par' dir='ltr' id='par_1_39' title="bbox 487 2740 1519 2810">
     <span class='ocr_line' id='line_1_39' title="bbox 487 2740 1519 2810; baseline 0.007 -16"><span class='ocrx_word' id='word_1_170' title='bbox 487 2755 594 2810; x_wconf 89' lang='lat' dir='ltr'><strong>que</strong></span> <span class='ocrx_word' id='word_1_171' title='bbox 623 2740 962 2797; x_wconf 86' lang='lat' dir='ltr'><strong>orationibus</strong></span> <span class='ocrx_word' id='word_1_172' title='bbox 1000 2742 1249 2798; x_wconf 86' lang='lat' dir='ltr'><strong>tenebras</strong></span> <span class='ocrx_word' id='word_1_173' title='bbox 1270 2742 1519 2801; x_wconf 80' lang='lat' dir='ltr'><strong>offundit.</strong></span> 
     </span>
    </p>
   </div>
   <div class='ocr_carea' id='block_1_40' title="bbox 1039 2852 1477 2911">
    <p class='ocr_par' dir='ltr' id='par_1_40' title="bbox 1039 2852 1477 2911">
     <span class='ocr_line' id='line_1_40' title="bbox 1039 2852 1477 2911; baseline 0.009 -4"><span class='ocrx_word' id='word_1_174' title='bbox 1039 2852 1267 2910; x_wconf 80' lang='lat' dir='ltr'><strong>CAPUT</strong></span> <span class='ocrx_word' id='word_1_175' title='bbox 1314 2854 1477 2911; x_wconf 83' lang='lat' dir='ltr'><strong>XXII.</strong></span> 
     </span>
    </p>
   </div>
   <div class='ocr_carea' id='block_1_41' title="bbox 554 2959 2034 3041">
    <p class='ocr_par' dir='ltr' id='par_1_41' title="bbox 554 2959 2034 3041">
     <span class='ocr_line' id='line_1_41' title="bbox 554 2959 2034 3041; baseline 0.009 -26"><span class='ocrx_word' id='word_1_176' title='bbox 554 2959 657 3027; x_wconf 80' lang='lat' dir='ltr'><strong>Qui</strong></span> <span class='ocrx_word' id='word_1_177' title='bbox 712 2963 960 3020; x_wconf 88' lang='lat' dir='ltr'><strong>tristitias</strong></span> <span class='ocrx_word' id='word_1_178' title='bbox 989 2980 1052 3022; x_wconf 85' lang='lat' dir='ltr'><strong>ac</strong></span> <span class='ocrx_word' id='word_1_179' title='bbox 1082 2967 1342 3024; x_wconf 82' lang='lat' dir='ltr'><strong>vindictas</strong></span> <span class='ocrx_word' id='word_1_180' title='bbox 1379 2984 1447 3024; x_wconf 80' lang='lat' dir='ltr'><strong>ex</strong></span> <span class='ocrx_word' id='word_1_181' title='bbox 1494 2970 1809 3041; x_wconf 71' lang='lat' dir='ltr'><strong>iniuriarum</strong></span> <span class='ocrx_word' id='word_1_182' title='bbox 1854 2988 2034 3028; x_wconf 87' lang='lat' dir='ltr'><strong>recor-</strong></span> 
     </span>
    </p>
   </div>
   <div class='ocr_carea' id='block_1_42' title="bbox 486 3052 2105 3151">
    <p class='ocr_par' dir='ltr' id='par_1_42' title="bbox 486 3052 2105 3151">
     <span class='ocr_line' id='line_1_42' title="bbox 486 3052 2105 3151; baseline 0.009 -45"><span class='ocrx_word' id='word_1_183' title='bbox 486 3052 709 3108; x_wconf 89' lang='lat' dir='ltr'><strong>datione</strong></span> <span class='ocrx_word' id='word_1_184' title='bbox 746 3055 847 3109; x_wconf 89' lang='lat' dir='ltr'><strong>sibi</strong></span> <span class='ocrx_word' id='word_1_185' title='bbox 876 3056 1009 3127; x_wconf 92' lang='lat' dir='ltr'><strong>ipsis</strong></span> <span class='ocrx_word' id='word_1_186' title='bbox 1035 3071 1377 3129; x_wconf 86' lang='lat' dir='ltr'><strong>coacervant,</strong></span> <span class='ocrx_word' id='word_1_187' title='bbox 1397 3068 1451 3117; x_wconf 91' lang='lat' dir='ltr'><strong>et</strong></span> <span class='ocrx_word' id='word_1_188' title='bbox 1472 3062 1722 3118; x_wconf 88' lang='lat' dir='ltr'><strong>videntur</strong></span> <span class='ocrx_word' id='word_1_189' title='bbox 1746 3080 1923 3130; x_wconf 89' lang='lat' dir='ltr'><strong>orare,</strong></span> <span class='ocrx_word' id='word_1_190' title='bbox 1958 3066 2032 3121; x_wconf 88' lang='lat' dir='ltr'><strong>si-</strong></span> <span class='ocrx_word' id='word_1_191' title='bbox 2056 3085 2105 3151; x_wconf 71' lang='grc' dir='ltr'><strong>ο</strong></span> 
     </span>
    </p>
   </div>
   <div class='ocr_carea' id='block_1_43' title="bbox 486 3141 2032 3225">
    <p class='ocr_par' dir='ltr' id='par_1_43' title="bbox 486 3141 2032 3225">
     <span class='ocr_line' id='line_1_43' title="bbox 486 3141 2032 3225; baseline 0.01 -28"><span class='ocrx_word' id='word_1_192' title='bbox 486 3141 643 3197; x_wconf 89' lang='lat' dir='ltr'><strong>miles</strong></span> <span class='ocrx_word' id='word_1_193' title='bbox 670 3154 801 3199; x_wconf 87' lang='lat' dir='ltr'><strong>sunt</strong></span> <span class='ocrx_word' id='word_1_194' title='bbox 833 3145 937 3212; x_wconf 76' lang='lat' dir='ltr'><strong>his,</strong></span> <span class='ocrx_word' id='word_1_195' title='bbox 969 3148 1060 3216; x_wconf 91' lang='lat' dir='ltr'><strong>qui</strong></span> <span class='ocrx_word' id='word_1_196' title='bbox 1092 3149 1345 3205; x_wconf 88' lang='lat' dir='ltr'><strong>hauriunt</strong></span> <span class='ocrx_word' id='word_1_197' title='bbox 1388 3166 1575 3222; x_wconf 85' lang='lat' dir='ltr'><strong>aquas,</strong></span> <span class='ocrx_word' id='word_1_198' title='bbox 1628 3153 1790 3225; x_wconf 90' lang='lat' dir='ltr'><strong>inque</strong></span> <span class='ocrx_word' id='word_1_199' title='bbox 1830 3155 2032 3212; x_wconf 91' lang='lat' dir='ltr'><strong>dolium</strong></span> 
     </span>
    </p>
   </div>
   <div class='ocr_carea' id='block_1_44' title="bbox 486 3239 1113 3308">
    <p class='ocr_par' dir='ltr' id='par_1_44' title="bbox 486 3239 1113 3308">
     <span class='ocr_line' id='line_1_44' title="bbox 486 3239 1113 3308; baseline 0.021 -23"><span class='ocrx_word' id='word_1_200' title='bbox 486 3241 768 3300; x_wconf 86' lang='lat' dir='ltr'><strong>pertusum</strong></span> <span class='ocrx_word' id='word_1_201' title='bbox 800 3239 1113 3308; x_wconf 89' lang='lat' dir='ltr'><strong>projiciunt.</strong></span> 
     </span>
    </p>
   </div>
   <div class='ocr_carea' id='block_1_45' title="bbox 1010 3356 1507 3422">
    <p class='ocr_par' dir='ltr' id='par_1_45' title="bbox 1010 3356 1507 3422">
     <span class='ocr_line' id='line_1_45' title="bbox 1010 3356 1507 3422; baseline 0.018 -9"><span class='ocrx_word' id='word_1_202' title='bbox 1010 3356 1233 3417; x_wconf 87' lang='lat' dir='ltr'><strong>CAPUT</strong></span> <span class='ocrx_word' id='word_1_203' title='bbox 1272 3363 1507 3422; x_wconf 83' lang='lat' dir='ltr'><strong>XXXIII.</strong></span> 
     </span>
    </p>
   </div>
   <div class='ocr_carea' id='block_1_46' title="bbox 553 3439 1918 3531">
    <p class='ocr_par' dir='ltr' id='par_1_46' title="bbox 553 3439 1918 3531">
     <span class='ocr_line' id='line_1_46' title="bbox 553 3439 1918 3531; baseline 0.018 -35"><span class='ocrx_word' id='word_1_204' title='bbox 553 3439 611 3496; x_wconf 93' lang='lat' dir='ltr'><strong>Si</strong></span> <span class='ocrx_word' id='word_1_205' title='bbox 638 3444 851 3511; x_wconf 89' lang='lat' dir='ltr'><strong>patiens</strong></span> <span class='ocrx_word' id='word_1_206' title='bbox 883 3447 1071 3517; x_wconf 77' lang='lat' dir='ltr'><strong>fueris,</strong></span> <span class='ocrx_word' id='word_1_207' title='bbox 1104 3468 1226 3508; x_wconf 91' lang='lat' dir='ltr'><strong>cum</strong></span> <span class='ocrx_word' id='word_1_208' title='bbox 1251 3458 1448 3528; x_wconf 87' lang='lat' dir='ltr'><strong>gaudio</strong></span> <span class='ocrx_word' id='word_1_209' title='bbox 1479 3476 1692 3531; x_wconf 90' lang='lat' dir='ltr'><strong>semper</strong></span> <span class='ocrx_word' id='word_1_210' title='bbox 1718 3464 1918 3520; x_wconf 89' lang='lat' dir='ltr'><strong>orabis.</strong></span> 
     </span>
    </p>
   </div>
   <div class='ocr_carea' id='block_1_47' title="bbox 906 3643 1551 3717">
    <p class='ocr_par' dir='ltr' id='par_1_47' title="bbox 906 3643 1551 3717">
     <span class='ocr_line' id='line_1_47' title="bbox 906 3643 1551 3717; baseline 0.017 -20"><span class='ocrx_word' id='word_1_211' title='bbox 906 3643 1066 3717; x_wconf 64' lang='lat'><strong>433</strong></span> <span class='ocrx_word' id='word_1_212' title='bbox 1114 3645 1340 3703; x_wconf 83' lang='lat' dir='ltr'><strong>CAPUT</strong></span> <span class='ocrx_word' id='word_1_213' title='bbox 1366 3648 1551 3708; x_wconf 82' lang='lat' dir='ltr'><strong>xx1v.</strong></span> 
     </span>
    </p>
   </div>
   <div class='ocr_carea' id='block_1_48' title="bbox 503 3755 2022 3842">
    <p class='ocr_par' dir='ltr' id='par_1_48' title="bbox 503 3755 2022 3842">
     <span class='ocr_line' id='line_1_48' title="bbox 503 3755 2022 3842; baseline 0.014 -32"><span class='ocrx_word' id='word_1_214' title='bbox 503 3767 505 3770; x_wconf 77' lang='lat'><em>‘</em></span> <span class='ocrx_word' id='word_1_215' title='bbox 541 3755 729 3812; x_wconf 89' lang='lat' dir='ltr'><strong>Oranti</strong></span> <span class='ocrx_word' id='word_1_216' title='bbox 753 3758 868 3823; x_wconf 86' lang='lat' dir='ltr'><strong>tibi,</strong></span> <span class='ocrx_word' id='word_1_217' title='bbox 899 3770 959 3814; x_wconf 88' lang='lat' dir='ltr'><strong>ut</strong></span> <span class='ocrx_word' id='word_1_218' title='bbox 985 3761 1569 3831; x_wconf 69' lang='lat' dir='ltr'><strong>decet,&#39;bujuscemodi</strong></span> <span class='ocrx_word' id='word_1_219' title='bbox 1595 3783 1681 3825; x_wconf 92' lang='lat' dir='ltr'><strong>res</strong></span> <span class='ocrx_word' id='word_1_220' title='bbox 1707 3785 2022 3842; x_wconf 86' lang='lat' dir='ltr'><strong>occurrent;</strong></span> 
     </span>
    </p>
   </div>
   <div class='ocr_carea' id='block_1_49' title="bbox 472 3848 2024 3925">
    <p class='ocr_par' dir='ltr' id='par_1_49' title="bbox 472 3848 2024 3925">
     <span class='ocr_line' id='line_1_49' title="bbox 472 3848 2024 3925; baseline 0.015 -25"><span class='ocrx_word' id='word_1_221' title='bbox 472 3848 611 3916; x_wconf 88' lang='lat' dir='ltr'><strong>quod</strong></span> <span class='ocrx_word' id='word_1_222' title='bbox 645 3848 898 3904; x_wconf 91' lang='lat' dir='ltr'><strong>nimirum</strong></span> <span class='ocrx_word' id='word_1_223' title='bbox 932 3850 1177 3906; x_wconf 81' lang='lat' dir='ltr'><strong>videatur</strong></span> <span class='ocrx_word' id='word_1_224' title='bbox 1217 3853 1330 3920; x_wconf 88' lang='lat' dir='ltr'><strong>tibi,</strong></span> <span class='ocrx_word' id='word_1_225' title='bbox 1386 3855 1593 3925; x_wconf 87' lang='lat' dir='ltr'><strong>justum</strong></span> <span class='ocrx_word' id='word_1_226' title='bbox 1636 3876 1755 3918; x_wconf 89' lang='lat' dir='ltr'><strong>esse</strong></span> <span class='ocrx_word' id='word_1_227' title='bbox 1803 3867 2024 3921; x_wconf 92' lang='lat' dir='ltr'><strong>omnino</strong></span> 
     </span>
    </p>
   </div>
   <div class='ocr_carea' id='block_1_50' title="bbox 470 3941 2020 4024">
    <p class='ocr_par' dir='ltr' id='par_1_50' title="bbox 470 3941 2020 4024">
     <span class='ocr_line' id='line_1_50' title="bbox 470 3941 2020 4024; baseline 0.012 -29"><span class='ocrx_word' id='word_1_228' title='bbox 470 3941 747 3999; x_wconf 91' lang='lat' dir='ltr'><strong>iracundia</strong></span> <span class='ocrx_word' id='word_1_229' title='bbox 776 3944 877 4010; x_wconf 90' lang='lat' dir='ltr'><strong>uti,</strong></span> <span class='ocrx_word' id='word_1_230' title='bbox 907 3954 1274 4004; x_wconf 87' lang='lat' dir='ltr'><strong>verumtamen</strong></span> <span class='ocrx_word' id='word_1_231' title='bbox 1296 3949 1551 4009; x_wconf 87' lang='lat' dir='ltr'><strong>adversus</strong></span> <span class='ocrx_word' id='word_1_232' title='bbox 1580 3956 1884 4024; x_wconf 80' lang='lat' dir='ltr'><strong>proximum</strong></span> <span class='ocrx_word' id='word_1_233' title='bbox 1912 3975 2020 4014; x_wconf 91' lang='lat' dir='ltr'><strong>non</strong></span> 
     </span>
    </p>
   </div>
   <div class='ocr_carea' id='block_1_51' title="bbox 468 4030 2023 4117">
    <p class='ocr_par' dir='ltr' id='par_1_51' title="bbox 468 4030 2023 4117">
     <span class='ocr_line' id='line_1_51' title="bbox 468 4030 2023 4117; baseline 0.013 -31"><span class='ocrx_word' id='word_1_234' title='bbox 468 4030 614 4099; x_wconf 77' lang='lat' dir='ltr'><strong>iusta</strong></span> <span class='ocrx_word' id='word_1_235' title='bbox 648 4043 731 4090; x_wconf 90' lang='lat' dir='ltr'><strong>est</strong></span> <span class='ocrx_word' id='word_1_236' title='bbox 752 4035 969 4105; x_wconf 88' lang='lat' dir='ltr'><strong>penitus</strong></span> <span class='ocrx_word' id='word_1_237' title='bbox 991 4037 1289 4105; x_wconf 87' lang='lat' dir='ltr'><strong>iracundia,</strong></span> <span class='ocrx_word' id='word_1_238' title='bbox 1323 4057 1447 4097; x_wconf 92' lang='lat' dir='ltr'><strong>nam</strong></span> <span class='ocrx_word' id='word_1_239' title='bbox 1469 4086 1483 4109; x_wconf 93' lang='lat'><strong>,</strong></span> <span class='ocrx_word' id='word_1_240' title='bbox 1510 4044 1555 4099; x_wconf 91' lang='lat' dir='ltr'><strong>si</strong></span> <span class='ocrx_word' id='word_1_241' title='bbox 1580 4048 1864 4117; x_wconf 90' lang='lat' dir='ltr'><strong>perquiras</strong></span> <span class='ocrx_word' id='word_1_242' title='bbox 1900 4050 2023 4105; x_wconf 88' lang='lat' dir='ltr'><strong>dili-</strong></span> 
     </span>
    </p>
   </div>
   <div class='ocr_carea' id='block_1_52' title="bbox 469 4125 2023 4211">
    <p class='ocr_par' dir='ltr' id='par_1_52' title="bbox 469 4125 2023 4211">
     <span class='ocr_line' id='line_1_52' title="bbox 469 4125 2023 4211; baseline 0.013 -34"><span class='ocrx_word' id='word_1_243' title='bbox 469 4133 674 4193; x_wconf 74' lang='lat' dir='ltr'><strong>genter,</strong></span> <span class='ocrx_word' id='word_1_244' title='bbox 707 4125 950 4183; x_wconf 88' lang='lat' dir='ltr'><strong>invenies</strong></span> <span class='ocrx_word' id='word_1_245' title='bbox 978 4130 1120 4198; x_wconf 90' lang='lat' dir='ltr'><strong>quod</strong></span> <span class='ocrx_word' id='word_1_246' title='bbox 1151 4132 1406 4199; x_wconf 89' lang='lat' dir='ltr'><strong>possibile</strong></span> <span class='ocrx_word' id='word_1_247' title='bbox 1433 4146 1517 4191; x_wconf 82' lang='lat' dir='ltr'><strong>est</strong></span> <span class='ocrx_word' id='word_1_248' title='bbox 1537 4147 1592 4192; x_wconf 87' lang='lat' dir='ltr'><strong>et</strong></span> <span class='ocrx_word' id='word_1_249' title='bbox 1610 4138 1726 4194; x_wconf 87' lang='lat' dir='ltr'><strong>sine</strong></span> <span class='ocrx_word' id='word_1_250' title='bbox 1752 4140 1832 4195; x_wconf 86' lang='lat' dir='ltr'><strong>ira</strong></span> <span class='ocrx_word' id='word_1_251' title='bbox 1864 4156 2023 4211; x_wconf 77' lang='lat' dir='ltr'><strong>nego-</strong></span> 
     </span>
    </p>
   </div>
   <div class='ocr_carea' id='block_1_53' title="bbox 469 4215 2019 4298">
    <p class='ocr_par' dir='ltr' id='par_1_53' title="bbox 469 4215 2019 4298">
     <span class='ocr_line' id='line_1_53' title="bbox 469 4215 2019 4298; baseline 0.01 -25"><span class='ocrx_word' id='word_1_252' title='bbox 469 4215 599 4273; x_wconf 69' lang='lat' dir='ltr'><strong>tium</strong></span> <span class='ocrx_word' id='word_1_253' title='bbox 648 4216 785 4272; x_wconf 91' lang='lat' dir='ltr'><strong>bene</strong></span> <span class='ocrx_word' id='word_1_254' title='bbox 834 4222 1085 4290; x_wconf 92' lang='lat' dir='ltr'><strong>componi</strong></span> <span class='ocrx_word' id='word_1_255' title='bbox 1118 4239 1132 4276; x_wconf 91' lang='lat'><strong>:</strong></span> <span class='ocrx_word' id='word_1_256' title='bbox 1165 4233 1319 4279; x_wconf 90' lang='lat' dir='ltr'><strong>utere</strong></span> <span class='ocrx_word' id='word_1_257' title='bbox 1367 4225 1549 4298; x_wconf 89' lang='lat' dir='ltr'><strong>itaque</strong></span> <span class='ocrx_word' id='word_1_258' title='bbox 1594 4229 1743 4285; x_wconf 90' lang='lat' dir='ltr'><strong>omni</strong></span> <span class='ocrx_word' id='word_1_259' title='bbox 1780 4231 2019 4289; x_wconf 84' lang='lat' dir='ltr'><strong>adhibito</strong></span> 
     </span>
    </p>
   </div>
   <div class='ocr_carea' id='block_1_54' title="bbox 465 4309 1393 4384">
    <p class='ocr_par' dir='ltr' id='par_1_54' title="bbox 465 4309 1393 4384">
     <span class='ocr_line' id='line_1_54' title="bbox 465 4309 1393 4384; baseline 0.012 -21"><span class='ocrx_word' id='word_1_260' title='bbox 465 4309 666 4375; x_wconf 83' lang='lat' dir='ltr'><strong>studio,</strong></span> <span class='ocrx_word' id='word_1_261' title='bbox 705 4326 773 4366; x_wconf 93' lang='lat' dir='ltr'><strong>ne</strong></span> <span class='ocrx_word' id='word_1_262' title='bbox 803 4327 1122 4384; x_wconf 91' lang='lat' dir='ltr'><strong>prorumpas</strong></span> <span class='ocrx_word' id='word_1_263' title='bbox 1146 4314 1199 4371; x_wconf 94' lang='lat' dir='ltr'><strong>in</strong></span> <span class='ocrx_word' id='word_1_264' title='bbox 1233 4317 1393 4374; x_wconf 87' lang='lat' dir='ltr'><strong>iram.</strong></span> 
     </span>
    </p>
   </div>
   <div class='ocr_carea' id='block_1_55' title="bbox 1026 4429 1463 4488">
    <p class='ocr_par' dir='ltr' id='par_1_55' title="bbox 1026 4429 1463 4488">
     <span class='ocr_line' id='line_1_55' title="bbox 1026 4429 1463 4488; baseline 0.009 -3"><span class='ocrx_word' id='word_1_265' title='bbox 1026 4429 1258 4488; x_wconf 83' lang='lat' dir='ltr'><strong>CAPUT</strong></span> <span class='ocrx_word' id='word_1_266' title='bbox 1320 4432 1463 4488; x_wconf 81' lang='lat' dir='ltr'><strong>XXV</strong></span> 
     </span>
    </p>
   </div>
   <div class='ocr_carea' id='block_1_56' title="bbox 533 4537 2020 4619">
    <p class='ocr_par' dir='ltr' id='par_1_56' title="bbox 533 4537 2020 4619">
     <span class='ocr_line' id='line_1_56' title="bbox 533 4537 2020 4619; baseline 0.009 -26"><span class='ocrx_word' id='word_1_267' title='bbox 533 4537 676 4594; x_wconf 88' lang='lat' dir='ltr'><strong>Cave</strong></span> <span class='ocrx_word' id='word_1_268' title='bbox 723 4555 811 4605; x_wconf 89' lang='lat' dir='ltr'><strong>ne,</strong></span> <span class='ocrx_word' id='word_1_269' title='bbox 839 4541 967 4597; x_wconf 93' lang='lat' dir='ltr'><strong>dum</strong></span> <span class='ocrx_word' id='word_1_270' title='bbox 1006 4551 1166 4611; x_wconf 87' lang='lat' dir='ltr'><strong>putas</strong></span> <span class='ocrx_word' id='word_1_271' title='bbox 1204 4542 1430 4599; x_wconf 87' lang='lat' dir='ltr'><strong>alterum</strong></span> <span class='ocrx_word' id='word_1_272' title='bbox 1469 4560 1677 4612; x_wconf 85' lang='lat' dir='ltr'><strong>curare,</strong></span> <span class='ocrx_word' id='word_1_273' title='bbox 1722 4549 1834 4619; x_wconf 90' lang='lat' dir='ltr'><strong>ipse</strong></span> <span class='ocrx_word' id='word_1_274' title='bbox 1868 4550 2020 4606; x_wconf 82' lang='lat' dir='ltr'><strong>insa-</strong></span> 
     </span>
    </p>
   </div>
   <div class='ocr_carea' id='block_1_57' title="bbox 461 4630 2017 4712">
    <p class='ocr_par' dir='ltr' id='par_1_57' title="bbox 461 4630 2017 4712">
     <span class='ocr_line' id='line_1_57' title="bbox 461 4630 2017 4712; baseline 0.009 -29"><span class='ocrx_word' id='word_1_275' title='bbox 461 4630 658 4686; x_wconf 86' lang='lat' dir='ltr'><strong>nabilis</strong></span> <span class='ocrx_word' id='word_1_276' title='bbox 700 4647 938 4700; x_wconf 83' lang='lat' dir='ltr'><strong>maneas,</strong></span> <span class='ocrx_word' id='word_1_277' title='bbox 995 4643 1208 4705; x_wconf 83' lang='lat' dir='ltr'><strong>tuaeque</strong></span> <span class='ocrx_word' id='word_1_278' title='bbox 1255 4638 1487 4692; x_wconf 90' lang='lat' dir='ltr'><strong>orationi</strong></span> <span class='ocrx_word' id='word_1_279' title='bbox 1525 4641 1762 4709; x_wconf 73' lang='lat' dir='ltr'><strong>praebeas</strong></span> <span class='ocrx_word' id='word_1_280' title='bbox 1794 4642 2017 4712; x_wconf 86' lang='lat' dir='ltr'><strong>impedi-</strong></span> 
     </span>
    </p>
   </div>
   <div class='ocr_carea' id='block_1_58' title="bbox 462 4732 723 4779">
    <p class='ocr_par' dir='ltr' id='par_1_58' title="bbox 462 4732 723 4779">
     <span class='ocr_line' id='line_1_58' title="bbox 462 4732 723 4779; baseline 0.015 -4"><span class='ocrx_word' id='word_1_281' title='bbox 462 4732 723 4779; x_wconf 87' lang='lat' dir='ltr'><strong>mentum.</strong></span> 
     </span>
    </p>
   </div>
   <div class='ocr_carea' id='block_1_59' title="bbox 1051 4842 1494 4901">
    <p class='ocr_par' dir='ltr' id='par_1_59' title="bbox 1051 4842 1494 4901">
     <span class='ocr_line' id='line_1_59' title="bbox 1051 4842 1494 4901; baseline 0.011 -6"><span class='ocrx_word' id='word_1_282' title='bbox 1051 4842 1277 4899; x_wconf 84' lang='lat' dir='ltr'><strong>CAPUT</strong></span> <span class='ocrx_word' id='word_1_283' title='bbox 1307 4844 1494 4901; x_wconf 86' lang='lat' dir='ltr'><strong>XXVI.</strong></span> 
     </span>
    </p>
   </div>
   <div class='ocr_carea' id='block_1_60' title="bbox 529 4953 2007 5033">
    <p class='ocr_par' dir='ltr' id='par_1_60' title="bbox 529 4953 2007 5033">
     <span class='ocr_line' id='line_1_60' title="bbox 529 4953 2007 5033; baseline 0.009 -24"><span class='ocrx_word' id='word_1_284' title='bbox 529 4953 586 5009; x_wconf 91' lang='lat' dir='ltr'><strong>Si</strong></span> <span class='ocrx_word' id='word_1_285' title='bbox 629 4956 903 5013; x_wconf 88' lang='lat' dir='ltr'><strong>abstineas</strong></span> <span class='ocrx_word' id='word_1_286' title='bbox 943 4958 1012 5012; x_wconf 91' lang='lat' dir='ltr'><strong>ab</strong></span> <span class='ocrx_word' id='word_1_287' title='bbox 1051 4958 1153 5024; x_wconf 88' lang='lat' dir='ltr'><strong>ira,</strong></span> <span class='ocrx_word' id='word_1_288' title='bbox 1209 4962 1426 5017; x_wconf 90' lang='lat' dir='ltr'><strong>modum</strong></span> <span class='ocrx_word' id='word_1_289' title='bbox 1455 4965 1705 5033; x_wconf 86' lang='lat' dir='ltr'><strong>parcendi</strong></span> <span class='ocrx_word' id='word_1_290' title='bbox 1747 4966 2007 5029; x_wconf 88' lang='lat' dir='ltr'><strong>invenies.</strong></span> 
     </span>
    </p>
   </div>
   <div class='ocr_carea' id='block_1_61' title="bbox 456 5049 2010 5131">
    <p class='ocr_par' dir='ltr' id='par_1_61' title="bbox 456 5049 2010 5131">
     <span class='ocr_line' id='line_1_61' title="bbox 456 5049 2010 5131; baseline 0.011 -31"><span class='ocrx_word' id='word_1_291' title='bbox 456 5055 616 5117; x_wconf 88' lang='lat' dir='ltr'><strong>teque</strong></span> <span class='ocrx_word' id='word_1_292' title='bbox 648 5049 823 5117; x_wconf 83' lang='lat' dir='ltr'><strong>ipsum</strong></span> <span class='ocrx_word' id='word_1_293' title='bbox 853 5052 1170 5120; x_wconf 88' lang='lat' dir='ltr'><strong>prudentem</strong></span> <span class='ocrx_word' id='word_1_294' title='bbox 1220 5055 1615 5116; x_wconf 86' lang='lat' dir='ltr'><strong>demonstrabis</strong></span> <span class='ocrx_word' id='word_1_295' title='bbox 1642 5060 1708 5115; x_wconf 88' lang='lat' dir='ltr'><strong>ad</strong></span> <span class='ocrx_word' id='word_1_296' title='bbox 1752 5062 1826 5126; x_wconf 87' lang='lat' dir='ltr'><strong>id,</strong></span> <span class='ocrx_word' id='word_1_297' title='bbox 1868 5061 2010 5131; x_wconf 89' lang='lat' dir='ltr'><strong>quod</strong></span> 
     </span>
    </p>
   </div>
   <div class='ocr_carea' id='block_1_62' title="bbox 369 5143 2010 5224">
    <p class='ocr_par' dir='ltr' id='par_1_62' title="bbox 369 5143 2010 5224">
     <span class='ocr_line' id='line_1_62' title="bbox 369 5143 2010 5224; baseline 0.011 -31"><span class='ocrx_word' id='word_1_298' title='bbox 369 5161 374 5164; x_wconf 93' lang='grc'><strong>·</strong></span> <span class='ocrx_word' id='word_1_299' title='bbox 456 5151 664 5209; x_wconf 89' lang='lat' dir='ltr'><strong>spectat</strong></span> <span class='ocrx_word' id='word_1_300' title='bbox 696 5143 762 5198; x_wconf 89' lang='lat' dir='ltr'><strong>ad</strong></span> <span class='ocrx_word' id='word_1_301' title='bbox 813 5147 892 5200; x_wconf 90' lang='lat' dir='ltr'><strong>tui</strong></span> <span class='ocrx_word' id='word_1_302' title='bbox 942 5148 1419 5218; x_wconf 78' lang='lat' dir='ltr'><strong>existimationem,</strong></span> <span class='ocrx_word' id='word_1_303' title='bbox 1467 5153 1675 5224; x_wconf 88' lang='lat' dir='ltr'><strong>riteque</strong></span> <span class='ocrx_word' id='word_1_304' title='bbox 1716 5156 1824 5211; x_wconf 90' lang='lat' dir='ltr'><strong>eris</strong></span> <span class='ocrx_word' id='word_1_305' title='bbox 1868 5156 2010 5211; x_wconf 86' lang='lat' dir='ltr'><strong>inter</strong></span> 
     </span>
    </p>
   </div>
   <div class='ocr_carea' id='block_1_63' title="bbox 457 5242 695 5290">
    <p class='ocr_par' dir='ltr' id='par_1_63' title="bbox 457 5242 695 5290">
     <span class='ocr_line' id='line_1_63' title="bbox 457 5242 695 5290; baseline 0.017 -4"><span class='ocrx_word' id='word_1_306' title='bbox 457 5242 695 5290; x_wconf 88' lang='lat' dir='ltr'><strong>orantes.</strong></span> 
     </span>
    </p>
   </div>
   <div class='ocr_carea' id='block_1_64' title="bbox 996 5351 1465 5421">
    <p class='ocr_par' dir='ltr' id='par_1_64' title="bbox 996 5351 1465 5421">
     <span class='ocr_line' id='line_1_64' title="bbox 996 5351 1465 5421; baseline 0.006 -15"><span class='ocrx_word' id='word_1_307' title='bbox 996 5351 1465 5421; x_wconf 58' lang='lat' dir='ltr'><strong>CAPUTJKXVII.</strong></span> 
     </span>
    </p>
   </div>
   <div class='ocr_carea' id='block_1_65' title="bbox 518 5458 2002 5537">
    <p class='ocr_par' dir='ltr' id='par_1_65' title="bbox 518 5458 2002 5537">
     <span class='ocr_line' id='line_1_65' title="bbox 518 5458 2002 5537; baseline 0.012 -27"><span class='ocrx_word' id='word_1_308' title='bbox 518 5458 571 5511; x_wconf 83' lang='lat' dir='ltr'><strong>Si</strong></span> <span class='ocrx_word' id='word_1_309' title='bbox 604 5458 863 5517; x_wconf 88' lang='lat' dir='ltr'><strong>adversus</strong></span> <span class='ocrx_word' id='word_1_310' title='bbox 892 5464 1025 5519; x_wconf 87' lang='lat' dir='ltr'><strong>iram</strong></span> <span class='ocrx_word' id='word_1_311' title='bbox 1049 5465 1125 5521; x_wconf 90' lang='lat' dir='ltr'><strong>sis</strong></span> <span class='ocrx_word' id='word_1_312' title='bbox 1147 5475 1414 5530; x_wconf 87' lang='lat' dir='ltr'><strong>armatus,</strong></span> <span class='ocrx_word' id='word_1_313' title='bbox 1452 5482 1728 5537; x_wconf 89' lang='lat' dir='ltr'><strong>nunquam</strong></span> <span class='ocrx_word' id='word_1_314' title='bbox 1765 5471 2002 5527; x_wconf 86' lang='lat' dir='ltr'><strong>sustine-</strong></span> 
     </span>
    </p>
   </div>
   <div class='ocr_carea' id='block_1_66' title="bbox 448 5548 1998 5630">
    <p class='ocr_par' dir='ltr' id='par_1_66' title="bbox 448 5548 1998 5630">
     <span class='ocr_line' id='line_1_66' title="bbox 448 5548 1998 5630; baseline 0.014 -31"><span class='ocrx_word' id='word_1_315' title='bbox 448 5548 531 5601; x_wconf 88' lang='lat' dir='ltr'><strong>bis</strong></span> <span class='ocrx_word' id='word_1_316' title='bbox 569 5554 1089 5622; x_wconf 86' lang='lat' dir='ltr'><strong>concupiscentiam;</strong></span> <span class='ocrx_word' id='word_1_317' title='bbox 1116 5557 1229 5626; x_wconf 90' lang='lat' dir='ltr'><strong>ipsa</strong></span> <span class='ocrx_word' id='word_1_318' title='bbox 1261 5557 1401 5611; x_wconf 91' lang='lat' dir='ltr'><strong>enim</strong></span> <span class='ocrx_word' id='word_1_319' title='bbox 1428 5568 1528 5625; x_wconf 85' lang='lat' dir='ltr'><strong>est,</strong></span> <span class='ocrx_word' id='word_1_320' title='bbox 1564 5576 1685 5630; x_wconf 74' lang='lat' dir='ltr'><strong>qua:</strong></span> <span class='ocrx_word' id='word_1_321' title='bbox 1722 5564 1998 5620; x_wconf 90' lang='lat' dir='ltr'><strong>materiam</strong></span> 
     </span>
    </p>
   </div>
   <div class='ocr_carea' id='block_1_67' title="bbox 2144 1822 2349 1894">
    <p class='ocr_par' dir='ltr' id='par_1_67' title="bbox 2144 1822 2349 1894">
     <span class='ocr_line' id='line_1_67' title="bbox 2144 1822 2349 1894; baseline 0.015 -20"><span class='ocrx_word' id='word_1_322' title='bbox 2144 1822 2349 1894; x_wconf 83' lang='grc' dir='ltr'>ρήσεις.</span> 
     </span>
    </p>
   </div>
   <div class='ocr_carea' id='block_1_68' title="bbox 2720 1944 3089 2000">
    <p class='ocr_par' dir='ltr' id='par_1_68' title="bbox 2720 1944 3089 2000">
     <span class='ocr_line' id='line_1_68' title="bbox 2720 1944 3089 2000; baseline 0.011 -3"><span class='ocrx_word' id='word_1_323' title='bbox 2720 1944 2968 1999; x_wconf 78' lang='grc' dir='ltr'><strong>ΚΕΦΔΛ.</strong></span> <span class='ocrx_word' id='word_1_324' title='bbox 3006 1947 3089 2000; x_wconf 84' lang='lat' dir='ltr'><strong>K&#39;.</strong></span> 
     </span>
    </p>
   </div>
   <div class='ocr_carea' id='block_1_69' title="bbox 2220 2053 3702 2142">
    <p class='ocr_par' dir='ltr' id='par_1_69' title="bbox 2220 2053 3702 2142">
     <span class='ocr_line' id='line_1_69' title="bbox 2220 2053 3702 2142; baseline 0.009 -36"><span class='ocrx_word' id='word_1_325' title='bbox 2220 2053 2529 2125; x_wconf 80' lang='grc' dir='ltr'>Ἑπιθυμῶν</span> <span class='ocrx_word' id='word_1_326' title='bbox 2557 2056 2953 2127; x_wconf 81' lang='grc' dir='ltr'>προσεύξασθαι</span> <span class='ocrx_word' id='word_1_327' title='bbox 2980 2059 3055 2124; x_wconf 86' lang='grc' dir='ltr'>ὡς</span> <span class='ocrx_word' id='word_1_328' title='bbox 3081 2061 3179 2127; x_wconf 87' lang='grc' dir='ltr'>δεῖ,</span> <span class='ocrx_word' id='word_1_329' title='bbox 3212 2064 3289 2136; x_wconf 80' lang='grc' dir='ltr'>μὴ</span> <span class='ocrx_word' id='word_1_330' title='bbox 3316 2064 3577 2142; x_wconf 69' lang='grc' dir='ltr'>λυπήσῃς</span> <span class='ocrx_word' id='word_1_331' title='bbox 3603 2069 3702 2139; x_wconf 58' lang='grc' dir='ltr'><strong>ψῃ.</strong></span> 
     </span>
    </p>
   </div>
   <div class='ocr_carea' id='block_1_70' title="bbox 2136 2144 3161 2223">
    <p class='ocr_par' dir='ltr' id='par_1_70' title="bbox 2136 2144 3161 2223">
     <span class='ocr_line' id='line_1_70' title="bbox 2136 2144 3161 2223; baseline 0.01 -24"><span class='ocrx_word' id='word_1_332' title='bbox 2136 2144 2258 2217; x_wconf 76' lang='grc' dir='ltr'>χὴν,</span> <span class='ocrx_word' id='word_1_333' title='bbox 2279 2148 2327 2200; x_wconf 84' lang='grc' dir='ltr'><strong>εί</strong></span> <span class='ocrx_word' id='word_1_334' title='bbox 2348 2146 2405 2201; x_wconf 83' lang='grc' dir='ltr'><strong>δὲ</strong></span> <span class='ocrx_word' id='word_1_335' title='bbox 2430 2148 2594 2219; x_wconf 81' lang='grc' dir='ltr'>μήγε,</span> <span class='ocrx_word' id='word_1_336' title='bbox 2626 2149 2705 2213; x_wconf 78' lang='grc' dir='ltr'><strong>εἰς</strong></span> <span class='ocrx_word' id='word_1_337' title='bbox 2736 2150 2911 2222; x_wconf 84' lang='grc' dir='ltr'><strong>μάτην</strong></span> <span class='ocrx_word' id='word_1_338' title='bbox 2933 2152 3161 2223; x_wconf 82' lang='grc' dir='ltr'><strong>τρέχεις.</strong></span> 
     </span>
    </p>
   </div>
   <div class='ocr_carea' id='block_1_71' title="bbox 2710 2263 3131 2320">
    <p class='ocr_par' dir='ltr' id='par_1_71' title="bbox 2710 2263 3131 2320">
     <span class='ocr_line' id='line_1_71' title="bbox 2710 2263 3131 2320; baseline 0.014 -5"><span class='ocrx_word' id='word_1_339' title='bbox 2710 2263 2955 2319; x_wconf 80' lang='grc' dir='ltr'>ΚΕΦΑΛ.</span> <span class='ocrx_word' id='word_1_340' title='bbox 3003 2265 3131 2320; x_wconf 84' lang='lat' dir='ltr'><strong>KA&#39;.</strong></span> 
     </span>
    </p>
   </div>
   <div class='ocr_carea' id='block_1_72' title="bbox 2207 2373 3701 2453">
    <p class='ocr_par' dir='ltr' id='par_1_72' title="bbox 2207 2373 3701 2453">
     <span class='ocr_line' id='line_1_72' title="bbox 2207 2373 3701 2453; baseline 0.01 -29"><span class='ocrx_word' id='word_1_341' title='bbox 2207 2373 2376 2443; x_wconf 74' lang='grc' dir='ltr'>Ἄφες</span> <span class='ocrx_word' id='word_1_342' title='bbox 2407 2390 2501 2427; x_wconf 85' lang='grc' dir='ltr'><strong>σου</strong></span> <span class='ocrx_word' id='word_1_343' title='bbox 2526 2373 2587 2429; x_wconf 80' lang='grc' dir='ltr'>τὸ</span> <span class='ocrx_word' id='word_1_344' title='bbox 2613 2374 2806 2447; x_wconf 84' lang='grc' dir='ltr'>δῶρον,</span> <span class='ocrx_word' id='word_1_345' title='bbox 2836 2378 3020 2448; x_wconf 76' lang='grc' dir='ltr'>φησὶν,</span> <span class='ocrx_word' id='word_1_346' title='bbox 3047 2380 3356 2453; x_wconf 75' lang='grc' dir='ltr'>ἔμπροσθεν</span> <span class='ocrx_word' id='word_1_347' title='bbox 3388 2384 3488 2437; x_wconf 81' lang='grc' dir='ltr'>τοῦ</span> <span class='ocrx_word' id='word_1_348' title='bbox 3518 2385 3701 2439; x_wconf 78' lang='grc' dir='ltr'>θυσια-</span> 
     </span>
    </p>
   </div>
   <div class='ocr_carea' id='block_1_73' title="bbox 2136 2466 3701 2549">
    <p class='ocr_par' dir='ltr' id='par_1_73' title="bbox 2136 2466 3701 2549">
     <span class='ocr_line' id='line_1_73' title="bbox 2136 2466 3701 2549; baseline 0.01 -32"><span class='ocrx_word' id='word_1_349' title='bbox 2136 2466 2378 2538; x_wconf 88' lang='grc' dir='ltr'>στηρίου,</span> <span class='ocrx_word' id='word_1_350' title='bbox 2406 2468 2498 2522; x_wconf 82' lang='grc' dir='ltr'>καὶ</span> <span class='ocrx_word' id='word_1_351' title='bbox 2523 2468 2773 2524; x_wconf 87' lang='grc' dir='ltr'>ἀπελθὼν</span> <span class='ocrx_word' id='word_1_352' title='bbox 2805 2471 3065 2545; x_wconf 79' lang='grc' dir='ltr'>πρότερον</span> <span class='ocrx_word' id='word_1_353' title='bbox 3092 2474 3413 2547; x_wconf 78' lang='grc' dir='ltr'><strong>διαλλάγηθι</strong></span> <span class='ocrx_word' id='word_1_354' title='bbox 3437 2480 3521 2549; x_wconf 86' lang='grc' dir='ltr'><strong>τῷ</strong></span> <span class='ocrx_word' id='word_1_355' title='bbox 3549 2480 3701 2533; x_wconf 79' lang='grc' dir='ltr'>ἀδελο</span> 
     </span>
    </p>
   </div>
   <div class='ocr_carea' id='block_1_74' title="bbox 2133 2557 3699 2642">
    <p class='ocr_par' dir='ltr' id='par_1_74' title="bbox 2133 2557 3699 2642">
     <span class='ocr_line' id='line_1_74' title="bbox 2133 2557 3699 2642; baseline 0.011 -33"><span class='ocrx_word' id='word_1_356' title='bbox 2133 2557 2219 2628; x_wconf 82' lang='grc' dir='ltr'>φῷ</span> <span class='ocrx_word' id='word_1_357' title='bbox 2249 2574 2363 2625; x_wconf 86' lang='grc' dir='ltr'>σου,</span> <span class='ocrx_word' id='word_1_358' title='bbox 2389 2559 2483 2613; x_wconf 78' lang='grc' dir='ltr'>καὶ</span> <span class='ocrx_word' id='word_1_359' title='bbox 2500 2560 2622 2613; x_wconf 85' lang='grc' dir='ltr'>τότε</span> <span class='ocrx_word' id='word_1_360' title='bbox 2651 2562 2919 2638; x_wconf 81' lang='grc' dir='ltr'>προσεύξῃ</span> <span class='ocrx_word' id='word_1_361' title='bbox 2950 2565 3258 2636; x_wconf 61' lang='grc' dir='ltr'>ἀταράχως</span> <span class='ocrx_word' id='word_1_362' title='bbox 3292 2570 3324 2638; x_wconf 81' lang='grc' dir='ltr'><strong>ή</strong></span> <span class='ocrx_word' id='word_1_363' title='bbox 3355 2569 3471 2641; x_wconf 72' lang='grc' dir='ltr'><strong>γὰρ</strong></span> <span class='ocrx_word' id='word_1_364' title='bbox 3508 2590 3699 2642; x_wconf 81' lang='grc' dir='ltr'>μνησι-</span> 
     </span>
    </p>
   </div>
   <div class='ocr_carea' id='block_1_75' title="bbox 2133 2651 3697 2733">
    <p class='ocr_par' dir='ltr' id='par_1_75' title="bbox 2133 2651 3697 2733">
     <span class='ocr_line' id='line_1_75' title="bbox 2133 2651 3697 2733; baseline 0.01 -30"><span class='ocrx_word' id='word_1_365' title='bbox 2133 2651 2299 2704; x_wconf 82' lang='grc' dir='ltr'>κακία</span> <span class='ocrx_word' id='word_1_366' title='bbox 2337 2652 2582 2723; x_wconf 86' lang='grc' dir='ltr'>ἀμαυροί</span> <span class='ocrx_word' id='word_1_367' title='bbox 2608 2653 2672 2707; x_wconf 76' lang='grc' dir='ltr'>τὸ</span> <span class='ocrx_word' id='word_1_368' title='bbox 2712 2654 3036 2726; x_wconf 78' lang='grc' dir='ltr'>ἡγεμονικὸν</span> <span class='ocrx_word' id='word_1_369' title='bbox 3079 2656 3175 2710; x_wconf 82' lang='grc' dir='ltr'>τοῦ</span> <span class='ocrx_word' id='word_1_370' title='bbox 3227 2664 3697 2733; x_wconf 73' lang='grc' dir='ltr'>προσευχομένου,</span> 
     </span>
    </p>
   </div>
   <div class='ocr_carea' id='block_1_76' title="bbox 2134 2742 3180 2817">
    <p class='ocr_par' dir='ltr' id='par_1_76' title="bbox 2134 2742 3180 2817">
     <span class='ocr_line' id='line_1_76' title="bbox 2134 2742 3180 2817; baseline 0.007 -22"><span class='ocrx_word' id='word_1_371' title='bbox 2134 2742 2226 2795; x_wconf 79' lang='grc' dir='ltr'>καὶ</span> <span class='ocrx_word' id='word_1_372' title='bbox 2256 2742 2492 2809; x_wconf 80' lang='grc' dir='ltr'>σκοτίζει</span> <span class='ocrx_word' id='word_1_373' title='bbox 2516 2744 2704 2797; x_wconf 88' lang='grc' dir='ltr'>τούτου</span> <span class='ocrx_word' id='word_1_374' title='bbox 2728 2743 2826 2809; x_wconf 88' lang='grc' dir='ltr'><strong>τάς</strong></span> <span class='ocrx_word' id='word_1_375' title='bbox 2854 2747 3180 2817; x_wconf 80' lang='grc' dir='ltr'>προσευχάς.</span> 
     </span>
    </p>
   </div>
   <div class='ocr_carea' id='block_1_77' title="bbox 2704 2865 3118 2920">
    <p class='ocr_par' dir='ltr' id='par_1_77' title="bbox 2704 2865 3118 2920">
     <span class='ocr_line' id='line_1_77' title="bbox 2704 2865 3118 2920; baseline 0.007 -3"><span class='ocrx_word' id='word_1_376' title='bbox 2704 2865 2949 2919; x_wconf 80' lang='grc' dir='ltr'><strong>ΚΕΦᾹΛ.</strong></span> <span class='ocrx_word' id='word_1_377' title='bbox 2989 2865 3118 2920; x_wconf 83' lang='grc' dir='ltr'><strong>ΚΒ’.</strong></span> 
     </span>
    </p>
   </div>
   <div class='ocr_carea' id='block_1_78' title="bbox 2199 2970 3697 3049">
    <p class='ocr_par' dir='ltr' id='par_1_78' title="bbox 2199 2970 3697 3049">
     <span class='ocr_line' id='line_1_78' title="bbox 2199 2970 3697 3049; baseline 0.006 -25"><span class='ocrx_word' id='word_1_378' title='bbox 2199 2972 2261 3025; x_wconf 74' lang='lat' dir='ltr'><strong>Oi</strong></span> <span class='ocrx_word' id='word_1_379' title='bbox 2302 2970 2474 3035; x_wconf 84' lang='grc' dir='ltr'>λύπας</span> <span class='ocrx_word' id='word_1_380' title='bbox 2528 2972 2622 3027; x_wconf 71' lang='grc' dir='ltr'><strong>καὶ</strong></span> <span class='ocrx_word' id='word_1_381' title='bbox 2665 2975 3026 3044; x_wconf 82' lang='grc' dir='ltr'>μνησικακίας</span> <span class='ocrx_word' id='word_1_382' title='bbox 3072 2976 3283 3041; x_wconf 78' lang='grc' dir='ltr'><strong>ἑαυτοῖς</strong></span> <span class='ocrx_word' id='word_1_383' title='bbox 3330 2979 3697 3049; x_wconf 78' lang='grc' dir='ltr'>σωρεύοντες,</span> 
     </span>
    </p>
   </div>
   <div class='ocr_carea' id='block_1_79' title="bbox 2131 3060 3701 3137">
    <p class='ocr_par' dir='ltr' id='par_1_79' title="bbox 2131 3060 3701 3137">
     <span class='ocr_line' id='line_1_79' title="bbox 2131 3060 3701 3137; baseline 0.006 -24"><span class='ocrx_word' id='word_1_384' title='bbox 2131 3060 2225 3113; x_wconf 75' lang='grc' dir='ltr'>καὶ</span> <span class='ocrx_word' id='word_1_385' title='bbox 2249 3062 2643 3133; x_wconf 86' lang='grc' dir='ltr'>προσεύχεσθαι</span> <span class='ocrx_word' id='word_1_386' title='bbox 2679 3064 2978 3131; x_wconf 82' lang='grc' dir='ltr'>δοκοῦντες,</span> <span class='ocrx_word' id='word_1_387' title='bbox 3021 3067 3196 3137; x_wconf 83' lang='grc' dir='ltr'>ὅμοιοί</span> <span class='ocrx_word' id='word_1_388' title='bbox 3229 3071 3335 3121; x_wconf 79' lang='grc' dir='ltr'>εἱσι</span> <span class='ocrx_word' id='word_1_389' title='bbox 3376 3071 3492 3133; x_wconf 87' lang='grc' dir='ltr'>τοῖς</span> <span class='ocrx_word' id='word_1_390' title='bbox 3546 3068 3701 3137; x_wconf 77' lang='grc' dir='ltr'>ὕδωρ</span> 
     </span>
    </p>
   </div>
   <div class='ocr_carea' id='block_1_80' title="bbox 2134 3153 3517 3230">
    <p class='ocr_par' dir='ltr' id='par_1_80' title="bbox 2134 3153 3517 3230">
     <span class='ocr_line' id='line_1_80' title="bbox 2134 3153 3517 3230; baseline 0.007 -24"><span class='ocrx_word' id='word_1_391' title='bbox 2134 3153 2404 3217; x_wconf 73' lang='grc' dir='ltr'>ἀνελοῦσι,</span> <span class='ocrx_word' id='word_1_392' title='bbox 2433 3154 2527 3208; x_wconf 70' lang='grc' dir='ltr'><strong>καὶ</strong></span> <span class='ocrx_word' id='word_1_393' title='bbox 2557 3157 2636 3218; x_wconf 81' lang='grc' dir='ltr'><strong>είς</strong></span> <span class='ocrx_word' id='word_1_394' title='bbox 2662 3156 2991 3228; x_wconf 84' lang='grc' dir='ltr'>τετρημένον</span> <span class='ocrx_word' id='word_1_395' title='bbox 3019 3158 3171 3212; x_wconf 82' lang='grc' dir='ltr'>πίθον</span> <span class='ocrx_word' id='word_1_396' title='bbox 3206 3158 3517 3230; x_wconf 79' lang='grc' dir='ltr'>βάλλουσιν.</span> 
     </span>
    </p>
   </div>
   <div class='ocr_carea' id='block_1_81' title="bbox 2698 3358 3109 3415">
    <p class='ocr_par' dir='ltr' id='par_1_81' title="bbox 2698 3358 3109 3415">
     <span class='ocr_line' id='line_1_81' title="bbox 2698 3358 3109 3415; baseline 0.015 -6"><span class='ocrx_word' id='word_1_397' title='bbox 2698 3358 2943 3413; x_wconf 80' lang='grc' dir='ltr'><strong>ΚΕΦΑΛ.</strong></span> <span class='ocrx_word' id='word_1_398' title='bbox 2984 3361 3109 3415; x_wconf 82' lang='lat' dir='ltr'><strong>Kl&quot;.</strong></span> 
     </span>
    </p>
   </div>
   <div class='ocr_carea' id='block_1_82' title="bbox 2211 3466 3693 3548">
    <p class='ocr_par' dir='ltr' id='par_1_82' title="bbox 2211 3466 3693 3548">
     <span class='ocr_line' id='line_1_82' title="bbox 2211 3466 3693 3548; baseline 0.007 -29"><span class='ocrx_word' id='word_1_399' title='bbox 2211 3466 2334 3520; x_wconf 81' lang='grc' dir='ltr'><strong>Ἐἀν</strong></span> <span class='ocrx_word' id='word_1_400' title='bbox 2372 3469 2767 3547; x_wconf 71' lang='grc' dir='ltr'>ύπομονητικὺς</span> <span class='ocrx_word' id='word_1_401' title='bbox 2809 3470 2903 3548; x_wconf 76' lang='grc' dir='ltr'>ᾖς,</span> <span class='ocrx_word' id='word_1_402' title='bbox 2948 3475 3034 3529; x_wconf 73' lang='grc' dir='ltr'><strong>ἀεὶ</strong></span> <span class='ocrx_word' id='word_1_403' title='bbox 3083 3473 3220 3546; x_wconf 85' lang='grc' dir='ltr'><strong>μετά</strong></span> <span class='ocrx_word' id='word_1_404' title='bbox 3278 3478 3454 3547; x_wconf 78' lang='grc' dir='ltr'>χαρᾶς</span> <span class='ocrx_word' id='word_1_405' title='bbox 3512 3492 3693 3547; x_wconf 84' lang='grc' dir='ltr'>προσ-</span> 
     </span>
    </p>
   </div>
   <div class='ocr_carea' id='block_1_83' title="bbox 2130 3556 2279 3612">
    <p class='ocr_par' dir='ltr' id='par_1_83' title="bbox 2130 3556 2279 3612">
     <span class='ocr_line' id='line_1_83' title="bbox 2130 3556 2279 3612; baseline 0.02 -3"><span class='ocrx_word' id='word_1_406' title='bbox 2130 3556 2279 3612; x_wconf 79' lang='grc' dir='ltr'>εύξη.</span> 
     </span>
    </p>
   </div>
   <div class='ocr_carea' id='block_1_84' title="bbox 2195 3557 3095 3722">
    <p class='ocr_par' dir='ltr' id='par_1_84' title="bbox 2195 3557 3095 3722">
     <span class='ocr_line' id='line_1_84' title="bbox 2195 3557 3095 3722; baseline 0.007 -7"><span class='ocrx_word' id='word_1_407' title='bbox 2195 3557 2258 3630; x_wconf 60' lang='lat' dir='ltr'><strong>gn</strong></span> <span class='ocrx_word' id='word_1_408' title='bbox 2680 3666 2929 3721; x_wconf 79' lang='grc' dir='ltr'><strong>ΚΕΦΑΛ.</strong></span> <span class='ocrx_word' id='word_1_409' title='bbox 2968 3668 3095 3722; x_wconf 83' lang='lat' dir='ltr'><strong>KA&#39;.</strong></span> 
     </span>
    </p>
   </div>
   <div class='ocr_carea' id='block_1_85' title="bbox 2186 3778 3685 3859">
    <p class='ocr_par' dir='ltr' id='par_1_85' title="bbox 2186 3778 3685 3859">
     <span class='ocr_line' id='line_1_85' title="bbox 2186 3778 3685 3859; baseline 0.005 -25"><span class='ocrx_word' id='word_1_410' title='bbox 2186 3778 2625 3851; x_wconf 83' lang='grc' dir='ltr'>Προσευχομένου</span> <span class='ocrx_word' id='word_1_411' title='bbox 2659 3798 2751 3836; x_wconf 88' lang='grc' dir='ltr'>σου</span> <span class='ocrx_word' id='word_1_412' title='bbox 2779 3782 3025 3846; x_wconf 87' lang='grc' dir='ltr'>δεόντως,</span> <span class='ocrx_word' id='word_1_413' title='bbox 3055 3782 3282 3838; x_wconf 88' lang='grc' dir='ltr'>τοιαῦτά</span> <span class='ocrx_word' id='word_1_414' title='bbox 3319 3801 3403 3839; x_wconf 84' lang='grc' dir='ltr'><strong>σοι</strong></span> <span class='ocrx_word' id='word_1_415' title='bbox 3434 3786 3685 3859; x_wconf 73' lang='grc' dir='ltr'>ἀπαντή-</span> 
     </span>
    </p>
   </div>
   <div class='ocr_carea' id='block_1_86' title="bbox 2119 3871 3684 3950">
    <p class='ocr_par' dir='ltr' id='par_1_86' title="bbox 2119 3871 3684 3950">
     <span class='ocr_line' id='line_1_86' title="bbox 2119 3871 3684 3950; baseline 0.005 -26"><span class='ocrx_word' id='word_1_416' title='bbox 2119 3887 2201 3924; x_wconf 87' lang='grc' dir='ltr'><strong>σει</strong></span> <span class='ocrx_word' id='word_1_417' title='bbox 2245 3872 2563 3943; x_wconf 82' lang='grc' dir='ltr'>πράγματα,</span> <span class='ocrx_word' id='word_1_418' title='bbox 2598 3873 2684 3926; x_wconf 80' lang='grc' dir='ltr'>ἵνα</span> <span class='ocrx_word' id='word_1_419' title='bbox 2720 3872 2877 3947; x_wconf 80' lang='grc' dir='ltr'>δόξῃς</span> <span class='ocrx_word' id='word_1_420' title='bbox 2918 3874 3124 3928; x_wconf 85' lang='grc' dir='ltr'>δίκαιον</span> <span class='ocrx_word' id='word_1_421' title='bbox 3165 3871 3305 3929; x_wconf 82' lang='grc' dir='ltr'>εἶναι</span> <span class='ocrx_word' id='word_1_422' title='bbox 3335 3876 3561 3943; x_wconf 81' lang='grc' dir='ltr'>πάντως</span> <span class='ocrx_word' id='word_1_423' title='bbox 3601 3880 3684 3950; x_wconf 75' lang='grc' dir='ltr'>τῷ</span> 
     </span>
    </p>
   </div>
   <div class='ocr_carea' id='block_1_87' title="bbox 2117 3962 3685 4041">
    <p class='ocr_par' dir='ltr' id='par_1_87' title="bbox 2117 3962 3685 4041">
     <span class='ocr_line' id='line_1_87' title="bbox 2117 3962 3685 4041; baseline 0.005 -24"><span class='ocrx_word' id='word_1_424' title='bbox 2117 3962 2272 4036; x_wconf 85' lang='grc' dir='ltr'>θυμῷ</span> <span class='ocrx_word' id='word_1_425' title='bbox 2297 3964 2600 4037; x_wconf 76' lang='grc' dir='ltr'>χρήσασθαι</span> <span class='ocrx_word' id='word_1_426' title='bbox 2627 3982 2641 3997; x_wconf 72' lang='grc'><strong><em>⁸</em></strong></span> <span class='ocrx_word' id='word_1_427' title='bbox 2690 3966 2788 4019; x_wconf 83' lang='grc' dir='ltr'><strong>οὐκ</strong></span> <span class='ocrx_word' id='word_1_428' title='bbox 2828 3966 2941 4020; x_wconf 80' lang='grc' dir='ltr'>ἐστι</span> <span class='ocrx_word' id='word_1_429' title='bbox 2982 3967 3037 4020; x_wconf 88' lang='grc' dir='ltr'><strong>δὲ</strong></span> <span class='ocrx_word' id='word_1_430' title='bbox 3083 3967 3287 4031; x_wconf 85' lang='grc' dir='ltr'>δίκαιος</span> <span class='ocrx_word' id='word_1_431' title='bbox 3325 3969 3501 4041; x_wconf 81' lang='grc' dir='ltr'>θυμὸς</span> <span class='ocrx_word' id='word_1_432' title='bbox 3539 3972 3685 4025; x_wconf 82' lang='grc' dir='ltr'><strong>κατά</strong></span> 
     </span>
    </p>
   </div>
   <div class='ocr_carea' id='block_1_88' title="bbox 2114 4055 3679 4135">
    <p class='ocr_par' dir='ltr' id='par_1_88' title="bbox 2114 4055 3679 4135">
     <span class='ocr_line' id='line_1_88' title="bbox 2114 4055 3679 4135; baseline 0.004 -26"><span class='ocrx_word' id='word_1_433' title='bbox 2114 4055 2209 4109; x_wconf 83' lang='grc' dir='ltr'>τοῦ</span> <span class='ocrx_word' id='word_1_434' title='bbox 2238 4056 2420 4119; x_wconf 76' lang='grc' dir='ltr'>πέλας.</span> <span class='ocrx_word' id='word_1_435' title='bbox 2447 4058 2507 4111; x_wconf 83' lang='grc' dir='ltr'><strong>τὸ</strong></span> <span class='ocrx_word' id='word_1_436' title='bbox 2538 4056 2775 4112; x_wconf 88' lang='grc' dir='ltr'>σύνολον·</span> <span class='ocrx_word' id='word_1_437' title='bbox 2810 4059 2904 4112; x_wconf 80' lang='grc' dir='ltr'><strong>ὲάν</strong></span> <span class='ocrx_word' id='word_1_438' title='bbox 2949 4059 3056 4131; x_wconf 82' lang='grc' dir='ltr'><strong>γὰρ</strong></span> <span class='ocrx_word' id='word_1_439' title='bbox 3101 4060 3363 4133; x_wconf 77' lang='grc' dir='ltr'>ζητήσῃς,</span> <span class='ocrx_word' id='word_1_440' title='bbox 3401 4063 3679 4135; x_wconf 77' lang='grc' dir='ltr'>εὑρήσεις,</span> 
     </span>
    </p>
   </div>
   <div class='ocr_carea' id='block_1_89' title="bbox 2114 4149 3681 4223">
    <p class='ocr_par' dir='ltr' id='par_1_89' title="bbox 2114 4149 3681 4223">
     <span class='ocr_line' id='line_1_89' title="bbox 2114 4149 3681 4223; baseline 0.004 -22"><span class='ocrx_word' id='word_1_441' title='bbox 2114 4149 2198 4202; x_wconf 84' lang='grc' dir='ltr'>ὅτι</span> <span class='ocrx_word' id='word_1_442' title='bbox 2240 4151 2480 4217; x_wconf 83' lang='grc' dir='ltr'>δυνατὸν,</span> <span class='ocrx_word' id='word_1_443' title='bbox 2529 4154 2622 4206; x_wconf 73' lang='grc' dir='ltr'><strong>καὶ</strong></span> <span class='ocrx_word' id='word_1_444' title='bbox 2664 4152 2786 4223; x_wconf 87' lang='grc' dir='ltr'>δίχα</span> <span class='ocrx_word' id='word_1_445' title='bbox 2829 4151 3001 4222; x_wconf 82' lang='grc' dir='ltr'>θυμοῦ</span> <span class='ocrx_word' id='word_1_446' title='bbox 3036 4152 3214 4215; x_wconf 82' lang='grc' dir='ltr'>καλῶς</span> <span class='ocrx_word' id='word_1_447' title='bbox 3250 4151 3569 4223; x_wconf 83' lang='grc' dir='ltr'>διατεθῆναι</span> <span class='ocrx_word' id='word_1_448' title='bbox 3616 4155 3681 4208; x_wconf 81' lang='grc' dir='ltr'>τὸ</span> 
     </span>
    </p>
   </div>
   <div class='ocr_carea' id='block_1_90' title="bbox 2115 4238 3675 4316">
    <p class='ocr_par' dir='ltr' id='par_1_90' title="bbox 2115 4238 3675 4316">
     <span class='ocr_line' id='line_1_90' title="bbox 2115 4238 3675 4316; baseline 0.006 -26"><span class='ocrx_word' id='word_1_449' title='bbox 2115 4238 2375 4308; x_wconf 74' lang='grc' dir='ltr'>πρᾶγμασ</span> <span class='ocrx_word' id='word_1_450' title='bbox 2406 4239 2555 4312; x_wconf 79' lang='grc' dir='ltr'>πάσῃ</span> <span class='ocrx_word' id='word_1_451' title='bbox 2578 4240 2669 4293; x_wconf 78' lang='grc' dir='ltr'><strong>οὖν</strong></span> <span class='ocrx_word' id='word_1_452' title='bbox 2700 4243 2910 4312; x_wconf 77' lang='grc' dir='ltr'>μηχανῇ</span> <span class='ocrx_word' id='word_1_453' title='bbox 2941 4241 3140 4311; x_wconf 85' lang='grc' dir='ltr'>χρῆσαι</span> <span class='ocrx_word' id='word_1_454' title='bbox 3168 4241 3303 4311; x_wconf 80' lang='grc' dir='ltr'>πρὸς</span> <span class='ocrx_word' id='word_1_455' title='bbox 3326 4242 3388 4297; x_wconf 85' lang='grc' dir='ltr'>τὸ</span> <span class='ocrx_word' id='word_1_456' title='bbox 3415 4244 3492 4315; x_wconf 82' lang='grc' dir='ltr'>μὴ</span> <span class='ocrx_word' id='word_1_457' title='bbox 3516 4246 3675 4316; x_wconf 78' lang='grc' dir='ltr'>ῥῆξαι</span> 
     </span>
    </p>
   </div>
   <div class='ocr_carea' id='block_1_91' title="bbox 2115 4329 2304 4399">
    <p class='ocr_par' dir='ltr' id='par_1_91' title="bbox 2115 4329 2304 4399">
     <span class='ocr_line' id='line_1_91' title="bbox 2115 4329 2304 4399; baseline 0 -15"><span class='ocrx_word' id='word_1_458' title='bbox 2115 4329 2304 4399; x_wconf 83' lang='grc' dir='ltr'>θυμόν.</span> 
     </span>
    </p>
   </div>
   <div class='ocr_carea' id='block_1_92' title="bbox 2692 4456 3107 4511">
    <p class='ocr_par' dir='ltr' id='par_1_92' title="bbox 2692 4456 3107 4511">
     <span class='ocr_line' id='line_1_92' title="bbox 2692 4456 3107 4511; baseline 0.002 -1"><span class='ocrx_word' id='word_1_459' title='bbox 2692 4456 2940 4511; x_wconf 76' lang='grc' dir='ltr'><strong>ΚΕΦΔΛ.</strong></span> <span class='ocrx_word' id='word_1_460' title='bbox 2979 4458 3107 4511; x_wconf 72' lang='grc' dir='ltr'>κεν.</span> 
     </span>
    </p>
   </div>
   <div class='ocr_carea' id='block_1_93' title="bbox 2190 4568 3672 4644">
    <p class='ocr_par' dir='ltr' id='par_1_93' title="bbox 2190 4568 3672 4644">
     <span class='ocr_line' id='line_1_93' title="bbox 2190 4568 3672 4644; baseline -0.002 -17"><span class='ocrx_word' id='word_1_461' title='bbox 2190 4575 2331 4644; x_wconf 77' lang='grc' dir='ltr'>Ὅρα</span> <span class='ocrx_word' id='word_1_462' title='bbox 2358 4573 2433 4643; x_wconf 79' lang='grc' dir='ltr'>μὴ</span> <span class='ocrx_word' id='word_1_463' title='bbox 2467 4571 2634 4625; x_wconf 82' lang='grc' dir='ltr'>δοκῶν</span> <span class='ocrx_word' id='word_1_464' title='bbox 2665 4571 2849 4642; x_wconf 71' lang='grc' dir='ltr'>ἕτερον</span> <span class='ocrx_word' id='word_1_465' title='bbox 2885 4570 3085 4633; x_wconf 79' lang='grc' dir='ltr'>ἰᾶσθαι,</span> <span class='ocrx_word' id='word_1_466' title='bbox 3110 4568 3271 4634; x_wconf 80' lang='grc' dir='ltr'>αὐτὸς</span> <span class='ocrx_word' id='word_1_467' title='bbox 3296 4570 3520 4635; x_wconf 78' lang='grc' dir='ltr'>ἀνίατος</span> <span class='ocrx_word' id='word_1_468' title='bbox 3556 4570 3672 4643; x_wconf 75' lang='grc' dir='ltr'>ἔσῃ,</span> 
     </span>
    </p>
   </div>
   <div class='ocr_carea' id='block_1_94' title="bbox 2118 4664 3179 4735">
    <p class='ocr_par' dir='ltr' id='par_1_94' title="bbox 2118 4664 3179 4735">
     <span class='ocr_line' id='line_1_94' title="bbox 2118 4664 3179 4735; baseline -0.002 -17"><span class='ocrx_word' id='word_1_469' title='bbox 2118 4666 2211 4718; x_wconf 79' lang='grc' dir='ltr'>καὶ</span> <span class='ocrx_word' id='word_1_470' title='bbox 2246 4664 2351 4734; x_wconf 80' lang='grc' dir='ltr'><strong>δῷς</strong></span> <span class='ocrx_word' id='word_1_471' title='bbox 2382 4664 2618 4735; x_wconf 78' lang='grc' dir='ltr'>ἐκκοπὴν</span> <span class='ocrx_word' id='word_1_472' title='bbox 2649 4666 2716 4734; x_wconf 79' lang='grc' dir='ltr'>τῇ</span> <span class='ocrx_word' id='word_1_473' title='bbox 2748 4664 3020 4734; x_wconf 82' lang='grc' dir='ltr'>προσευχῇ</span> <span class='ocrx_word' id='word_1_474' title='bbox 3064 4678 3179 4716; x_wconf 85' lang='grc' dir='ltr'>σου.</span> 
     </span>
    </p>
   </div>
   <div class='ocr_carea' id='block_1_95' title="bbox 2666 4861 3099 4929">
    <p class='ocr_par' dir='ltr' id='par_1_95' title="bbox 2666 4861 3099 4929">
     <span class='ocr_line' id='line_1_95' title="bbox 2666 4861 3099 4929; baseline -0.002 -12"><span class='ocrx_word' id='word_1_475' title='bbox 2666 4863 2913 4917; x_wconf 78' lang='grc' dir='ltr'><strong>ΚΕΦΛΛ.</strong></span> <span class='ocrx_word' id='word_1_476' title='bbox 2955 4861 3099 4929; x_wconf 77' lang='lat' dir='ltr'><strong>Kq&#39;.</strong></span> 
     </span>
    </p>
   </div>
   <div class='ocr_carea' id='block_1_96' title="bbox 2181 4973 3673 5049">
    <p class='ocr_par' dir='ltr' id='par_1_96' title="bbox 2181 4973 3673 5049">
     <span class='ocr_line' id='line_1_96' title="bbox 2181 4973 3673 5049; baseline -0.003 -17"><span class='ocrx_word' id='word_1_477' title='bbox 2181 4978 2499 5049; x_wconf 79' lang='grc' dir='ltr'>Φειδόμενος</span> <span class='ocrx_word' id='word_1_478' title='bbox 2530 4975 2723 5045; x_wconf 82' lang='grc' dir='ltr'>θυμοῦ,</span> <span class='ocrx_word' id='word_1_479' title='bbox 2768 4974 2933 5044; x_wconf 85' lang='grc' dir='ltr'>φειδὼ</span> <span class='ocrx_word' id='word_1_480' title='bbox 2964 4975 3231 5046; x_wconf 82' lang='grc' dir='ltr'>εὑρήσεις,</span> <span class='ocrx_word' id='word_1_481' title='bbox 3266 4973 3364 5028; x_wconf 82' lang='grc' dir='ltr'>καὶ</span> <span class='ocrx_word' id='word_1_482' title='bbox 3407 4975 3673 5045; x_wconf 77' lang='grc' dir='ltr'>φρόνιμον</span> 
     </span>
    </p>
   </div>
   <div class='ocr_carea' id='block_1_97' title="bbox 2111 5066 3673 5139">
    <p class='ocr_par' dir='ltr' id='par_1_97' title="bbox 2111 5066 3673 5139">
     <span class='ocr_line' id='line_1_97' title="bbox 2111 5066 3673 5139; baseline -0.003 -14"><span class='ocrx_word' id='word_1_483' title='bbox 2111 5071 2302 5125; x_wconf 78' lang='grc' dir='ltr'>ἑαυτὸν</span> <span class='ocrx_word' id='word_1_484' title='bbox 2332 5068 2626 5135; x_wconf 82' lang='grc' dir='ltr'>ἀναδείξεις</span> <span class='ocrx_word' id='word_1_485' title='bbox 2671 5066 2806 5139; x_wconf 78' lang='grc' dir='ltr'>πρὸς</span> <span class='ocrx_word' id='word_1_486' title='bbox 2836 5066 2898 5120; x_wconf 80' lang='grc' dir='ltr'>τὸ</span> <span class='ocrx_word' id='word_1_487' title='bbox 2931 5069 3009 5130; x_wconf 82' lang='grc' dir='ltr'><strong>είς</strong></span> <span class='ocrx_word' id='word_1_488' title='bbox 3051 5067 3241 5138; x_wconf 78' lang='grc' dir='ltr'>οἴησιν,</span> <span class='ocrx_word' id='word_1_489' title='bbox 3296 5067 3393 5120; x_wconf 74' lang='grc' dir='ltr'><strong>καὶ</strong></span> <span class='ocrx_word' id='word_1_490' title='bbox 3438 5067 3500 5120; x_wconf 81' lang='grc' dir='ltr'>ὲν</span> <span class='ocrx_word' id='word_1_491' title='bbox 3562 5068 3673 5131; x_wconf 61' lang='lat' dir='ltr'><strong>tot;</strong></span> 
     </span>
    </p>
   </div>
   <div class='ocr_carea' id='block_1_98' title="bbox 2110 5162 2722 5235">
    <p class='ocr_par' dir='ltr' id='par_1_98' title="bbox 2110 5162 2722 5235">
     <span class='ocr_line' id='line_1_98' title="bbox 2110 5162 2722 5235; baseline 0 -18"><span class='ocrx_word' id='word_1_492' title='bbox 2110 5164 2562 5235; x_wconf 84' lang='grc' dir='ltr'>προσευχομένοις</span> <span class='ocrx_word' id='word_1_493' title='bbox 2603 5162 2722 5235; x_wconf 74' lang='grc' dir='ltr'>ἔσῃ.</span> 
     </span>
    </p>
   </div>
   <div class='ocr_carea' id='block_1_99' title="bbox 2678 5361 3089 5416">
    <p class='ocr_par' dir='ltr' id='par_1_99' title="bbox 2678 5361 3089 5416">
     <span class='ocr_line' id='line_1_99' title="bbox 2678 5361 3089 5416; baseline 0.005 -2"><span class='ocrx_word' id='word_1_494' title='bbox 2678 5361 2925 5415; x_wconf 75' lang='grc' dir='ltr'><strong>ΚΕΦΑΛ.</strong></span> <span class='ocrx_word' id='word_1_495' title='bbox 2965 5362 3089 5416; x_wconf 84' lang='grc' dir='ltr'><strong>ΚΖ’.</strong></span> 
     </span>
    </p>
   </div>
   <div class='ocr_carea' id='block_1_100' title="bbox 2176 5474 3665 5547">
    <p class='ocr_par' dir='ltr' id='par_1_100' title="bbox 2176 5474 3665 5547">
     <span class='ocr_line' id='line_1_100' title="bbox 2176 5474 3665 5547; baseline 0.001 -20"><span class='ocrx_word' id='word_1_496' title='bbox 2176 5474 2333 5528; x_wconf 82' lang='grc' dir='ltr'>Κατά</span> <span class='ocrx_word' id='word_1_497' title='bbox 2374 5474 2547 5547; x_wconf 82' lang='grc' dir='ltr'>θυμοῦ</span> <span class='ocrx_word' id='word_1_498' title='bbox 2589 5475 2973 5547; x_wconf 80' lang='grc' dir='ltr'>ὀπλιζόμενος,</span> <span class='ocrx_word' id='word_1_499' title='bbox 3019 5475 3310 5546; x_wconf 74' lang='grc' dir='ltr'>ἐπιθυμίας</span> <span class='ocrx_word' id='word_1_500' title='bbox 3354 5475 3458 5529; x_wconf 81' lang='grc' dir='ltr'><strong>οὐκ</strong></span> <span class='ocrx_word' id='word_1_501' title='bbox 3500 5474 3665 5547; x_wconf 67' lang='grc' dir='ltr'>ἀνέξῃ</span> 
     </span>
    </p>
   </div>
   <div class='ocr_carea' id='block_1_101' title="bbox 2107 5562 3665 5639">
    <p class='ocr_par' dir='ltr' id='par_1_101' title="bbox 2107 5562 3665 5639">
     <span class='ocr_line' id='line_1_101' title="bbox 2107 5562 3665 5639; baseline 0.003 -20"><span class='ocrx_word' id='word_1_502' title='bbox 2107 5565 2237 5619; x_wconf 81' lang='grc' dir='ltr'>ποτέ</span> <span class='ocrx_word' id='word_1_503' title='bbox 2270 5581 2283 5596; x_wconf 77' lang='grc' dir='ltr'><strong>ο</strong></span> <span class='ocrx_word' id='word_1_504' title='bbox 2311 5565 2450 5638; x_wconf 77' lang='grc' dir='ltr'>αὕτη</span> <span class='ocrx_word' id='word_1_505' title='bbox 2491 5566 2601 5639; x_wconf 85' lang='grc' dir='ltr'><strong>γὰρ</strong></span> <span class='ocrx_word' id='word_1_506' title='bbox 2652 5567 2783 5633; x_wconf 77' lang='grc' dir='ltr'>ὔλας</span> <span class='ocrx_word' id='word_1_507' title='bbox 2823 5568 3006 5623; x_wconf 84' lang='grc' dir='ltr'>δίδωσι</span> <span class='ocrx_word' id='word_1_508' title='bbox 3045 5566 3124 5639; x_wconf 85' lang='grc' dir='ltr'>τῷ</span> <span class='ocrx_word' id='word_1_509' title='bbox 3171 5567 3349 5639; x_wconf 82' lang='grc' dir='ltr'>θυμῷ,</span> <span class='ocrx_word' id='word_1_510' title='bbox 3389 5569 3486 5623; x_wconf 79' lang='grc' dir='ltr'><strong>καὶ</strong></span> <span class='ocrx_word' id='word_1_511' title='bbox 3511 5562 3665 5633; x_wconf 72' lang='grc' dir='ltr'>οὗτος</span> 
     </span>
    </p>
   </div>
   <div class='ocr_carea' id='block_1_102' title="bbox 516 5712 2027 5812">
    <p class='ocr_par' dir='ltr' id='par_1_102' title="bbox 516 5719 2027 5812">
     <span class='ocr_line' id='line_1_102' title="bbox 516 5719 2027 5812; baseline 0.017 -39"><span class='ocrx_word' id='word_1_512' title='bbox 516 5719 564 5752; x_wconf 74' lang='grc' dir='ltr'><strong>’δ</strong></span> <span class='ocrx_word' id='word_1_513' title='bbox 594 5720 782 5778; x_wconf 78' lang='lat' dir='ltr'><strong>Matth.</strong></span> <span class='ocrx_word' id='word_1_514' title='bbox 815 5742 922 5789; x_wconf 74' lang='lat' dir='ltr'><strong>xix.</strong></span> <span class='ocrx_word' id='word_1_515' title='bbox 964 5729 1071 5792; x_wconf 74' lang='lat'><strong>25;</strong></span> <span class='ocrx_word' id='word_1_516' title='bbox 1115 5730 1277 5787; x_wconf 81' lang='lat' dir='ltr'><strong>Marc.</strong></span> <span class='ocrx_word' id='word_1_517' title='bbox 1312 5748 1363 5799; x_wconf 69' lang='grc' dir='ltr'><strong>κ,</strong></span> <span class='ocrx_word' id='word_1_518' title='bbox 1390 5733 1477 5789; x_wconf 76' lang='lat'><strong>2|.</strong></span> <span class='ocrx_word' id='word_1_519' title='bbox 1554 5737 1599 5772; x_wconf 85' lang='grc'><strong>⁷⁸</strong></span> <span class='ocrx_word' id='word_1_520' title='bbox 1623 5736 1810 5798; x_wconf 83' lang='lat' dir='ltr'><strong>Matth.</strong></span> <span class='ocrx_word' id='word_1_521' title='bbox 1840 5757 1951 5812; x_wconf 78' lang='lat' dir='ltr'><strong>xw,</strong></span> <span class='ocrx_word' id='word_1_522' title='bbox 1994 5741 2027 5798; x_wconf 76' lang='lat'><strong>2</strong></span> 
     </span>
    </p>
   </div>
   <div class='ocr_carea' id='block_1_103' title="bbox 2158 5712 3145 5812">
    <p class='ocr_par' dir='ltr' id='par_1_103' title="bbox 2158 5712 3145 5811">
     <span class='ocr_line' id='line_1_103' title="bbox 2158 5712 3145 5811; baseline 0.005 -14"><span class='ocrx_word' id='word_1_523' title='bbox 2158 5758 2259 5800; x_wconf 85' lang='lat' dir='ltr'><strong>.uc.</strong></span> <span class='ocrx_word' id='word_1_524' title='bbox 2312 5743 2514 5811; x_wconf 60' lang='lat' dir='ltr'><strong>mss.</strong></span> <span class='ocrx_word' id='word_1_525' title='bbox 2590 5744 3056 5809; x_wconf 67' lang='lat' dir='ltr'><strong>&quot;Mattb.v.25.</strong></span> <span class='ocrx_word' id='word_1_526' title='bbox 3141 5712 3145 5716; x_wconf 67' lang='grc'><em>’</em></span> 
     </span>
    </p>
   </div>
  </div>
