3838 6056
85 302 230 367 H73

1443 313 1540 374 DE
1564 308 1967 371 ORATIONE.

3180 299 3317 358 11η

77 424 344 492 ταράττει
400 424 489 478 τὸν
537 429 720 500 νοερὸν
766 427 1077 503 ὀφθαλμὸν,
1123 410 1514 505 λυμαιδόμενος
1561 432 1659 502 τήν

1809 425 2140 483 ibministrat
2185 423 2296 487 irae,
2325 433 2376 478 et
2402 421 2492 477 illa
2546 420 2762 476 oculum
2789 418 3066 489 perturbat
3104 415 3318 471 intelle-

79 513 422 569 κατάστασιν
454 517 550 586 τῆς
582 525 908 594 προσευχῆς.

665 657 915 710 ΚΕΦΑΛ.
955 658 1090 711 KH'.

161 764 257 836 Μὴ
282 764 339 817 ἐν
372 765 552 835 μόνοις
575 769 687 831 τοῖς
715 769 870 832 ἐκτὸς
904 769 1143 840 σχήμασι
1173 770 1502 842 προσεύχου,
1525 769 1661 823 ἀλλά

1754 521 1985 576 ctualem
2014 515 2410 587 corrumpendo
2448 522 2648 569 statum
2702 511 2980 566 orationis.

2281 647 2509 704 CAPUT
2556 643 2792 700 XXVIII.

1828 765 1906 819 Ne
1931 765 2062 819 solis
2087 763 2326 819 externis
2352 761 2591 832 gestibus
2609 774 2754 823 ores,
2787 757 2880 813 sed
2907 763 3140 810 mentem
3175 763 3319 806 tuam

81 854 263 926 τρέπε
310 856 402 909 τὸν
448 855 574 910 νοῦν
615 875 710 912 σου
756 861 838 924 εἰς
883 861 1231 932 συναίσθησιν
1282 862 1662 932 πνευματικῆς

1809 867 1908 912 arte
1933 866 1992 911 ut
2021 858 2093 912 sit
2116 855 2335 912 conscia
2366 852 2665 924 spiritualis
2707 847 2967 906 orationis
2999 861 3120 902 cum
3153 843 3322 898 multo

86 947 405 1018 προσευχῆς
438 949 574 1019 μετὰ
603 950 800 1004 πολλοῦ
839 952 1029 1022 φόϐου.

681 1085 934 1143 ΚΕΦΑΛ.
978 1086 1108 1143 ΚΘ’.

172 1197 309 1250 Ποτέ
334 1199 430 1267 μὲν
454 1197 663 1269 ἁθρόως
689 1200 820 1263 στάς
844 1201 923 1262 εἰς
947 1198 1253 1269 προσευχὴν
1279 1199 1340 1252 ού
1367 1197 1663 1268 προσεύξῃ,

1764 950 1979 1005 timore.

2194 1077 2360 1150 434
2393 1074 2623 1131 CAPUT
2663 1071 2853 1126 XXIX.

1836 1194 2104 1250 Interdum
2169 1191 2387 1262 quidem
2429 1187 2713 1242 confestim
2763 1181 2997 1239 orationi
3051 1179 3324 1241 insistens,

94 1291 237 1343 ποτέ
267 1289 322 1341 δέ
354 1290 472 1342 λίαν
501 1292 760 1361 πονήσας,
787 1290 886 1343 ούκ
916 1289 1172 1361 ἐπιτεύξῃ
1205 1289 1296 1342 τοῦ
1329 1289 1553 1353 σκοποῦ,
1581 1290 1668 1342 ἵνα

1809 1303 1903 1343 ene
1934 1286 2273 1356 precaberis;
2317 1281 2644 1353 quandoque
2702 1292 2857 1339 vero,
2891 1289 3014 1329 cum
3052 1273 3142 1326 diu
3188 1269 3330 1322 mul-

97 1378 188 1432 ἔτι
237 1379 433 1445 μᾶλλον
477 1359 735 1451 ζητήσας,
777 1381 870 1435 καὶ
919 1379 1119 1445 λαϐὼν,
1148 1359 1311 1445 ἀέξεις
1358 1379 1554 1435 ἄσυλον
1607 1379 1668 1433 τὸ

1809 1394 1994 1450 imque
2019 1376 2373 1439 laboraveris,
2397 1388 2622 1444 scopum
2651 1386 2758 1425 non
2782 1366 3110 1437 assequeris,
3145 1370 3202 1415 ut
3233 1359 3330 1414 ad-

99 1470 463 1543 κατόρθωμα.

702 1775 951 1830 ΚΕΦΑΛ.
990 1776 1070 1830 A'.

193 1879 556 1954 Ἐπιστάντος
583 1888 815 1958 ἀγγέλου
857 1887 1052 1958 ἀθρόον
1079 1888 1314 1948 ἅπαντες
1354 1885 1674 1955 ἀφίστανται

105 1977 160 2030 οἱ
191 1978 533 2049 ἐνοχλοῦντες
563 1983 713 2051 ἡμῖν,
750 1982 844 2034 καὶ⁸
872 1981 1183 2053 εὑρίσκεται
1209 1981 1237 2033 ό
1268 1978 1390 2041 νοῦς
1420 1979 1477 2030 ἐν
1506 1976 1675 2048 πολλῇ

106 2069 318 2132 ἀνέσει,
353 2070 524 2138 ὑγιῶς
557 2071 1018 2142 προσευχόμενος·
1061 2070 1188 2124 ποτὲ
1213 2069 1271 2122 δὲ
1291 2067 1388 2121 τοῦ
1416 2067 1679 2136 συνήθους

110 2162 350 2232 πολέμου
377 2165 508 2233 ἡμῖν
537 2165 908 2234 ἐπικειμένου,
953 2163 1216 2217 πυκτεύει
1255 2165 1283 2215 ὁ
1313 2160 1456 2224 νοῦς,
1495 2162 1588 2212 καὶ
1615 2159 1676 2212 οὺ

112 2258 474 2325 συγχωρεῖται
503 2256 815 2322 ἀνανεῦσαι,
849 2256 1258 2328 προπεποίωται
1286 2254 1394 2324 γὰρ
1423 2254 1535 2315 τοῖς
1563 2268 1681 2304 ποι·

111 2345 284 2415 κίλοις
315 2346 561 2413 πάθεσιν,
593 2350 740 2419 ὅμως
769 2349 862 2402 ἐπὶ
894 2347 1052 2401 πλέον
1097 2346 1273 2418 ζητῶν
1305 2345 1547 2416 εὑρήσει,
1586 2345 1680 2398 καὶ

111 2437 367 2508 κρούοντι
395 2439 548 2511 αύτῷ
579 2441 829 2506 εὐτόνως,
864 2441 1234 2511 ἀνοιγήσεται.

691 2661 941 2713 ΚΕΦΛΛ.
983 2656 1107 2713 AA'.

187 2768 281 2840 Μή
307 2769 605 2841 προσεύχου
633 2771 701 2826 τά
729 2771 797 2824 σὰ
821 2771 1099 2840 θελήματα
1126 2769 1395 2839 γενέσθαιο
1427 2769 1549 2822 ούδέ
1579 2767 1686 2839 γὰρ

113 2859 340 2922 πάντως
375 2860 724 2931 συμφωνοῦσι
776 2861 854 2932 τῷ
905 2861 1170 2930 θελήματι
1220 2859 1313 2913 τοῦ
1355 2859 1510 2924 Θεοῦ,
1553 2859 1688 2911 ἀλλά

119 2951 326 3018 μᾶλλον
367 2953 547 3016 καθὼς
587 2953 888 3024 ἐδιδάχθης,
931 2951 1229 3024 προσεύχου
1274 2951 1475 3019 λέγων’
1525 2949 1690 3019 Γενη-

1769 1471 1877 1524 huc
1910 1483 2034 1523 eum
2066 1465 2240 1536 magis
2285 1462 2552 1532 requiras,
2597 1473 2830 1526 cumque
2854 1455 3039 1526 [fueris
3087 1452 3330 1520 adeptus,

1772 1558 1974 1614 habeas
2000 1566 2206 1612 rectum
2234 1568 2372 1625 opus
2401 1568 2433 1607 a
2467 1551 2660 1622 praedm
2705 1548 2945 1620 periculo
2983 1547 3224 1600 immune
3272 1555 3336 1594 ac

1773 1658 1978 1706 tutum.

2357 1778 2582 1840 CAPUT
2628 1776 2796 1831 XXX.

1844 1896 2111 1953 Adstante
2157 1895 2348 1966 angelo
2377 1892 2662 1948 discedunt
2700 1887 2986 1944 confestim
3012 1899 3219 1948 omnes,
3246 1882 3340 1951 qui

1779 1990 1936 2045 nobis
1972 1989 2202 2044 all‘erunt
2253 1985 2719 2056 impedimentum,
2775 1993 3036 2047 mensque
3081 1975 3342 2044 reperitur

1779 2080 1832 2135 in
1862 2081 2033 2134 multa
2068 2079 2256 2148 requie
2285 2091 2416 2132 sane
2454 2089 2646 2138 orans;
2673 2072 2940 2127 interdum
2974 2084 3122 2132 vero,
3156 2083 3344 2136 super-

1778 2172 2029 2226 veniente
2051 2170 2207 2225 nobis
2231 2176 2490 2224 consueto
2535 2166 2697 2229 bello,
2734 2179 2890 2218 mens
2945 2161 3141 2231 pugilis
3174 2160 3346 2213 instar

1781 2269 2007 2331 pugnat,
2054 2274 2154 2314 nec
2203 2256 2784 2330 permittitur_sursum
2835 2260 2997 2321 caput
3041 2247 3342 2312 reﬂectere,

1782 2353 1936 2407 vanis
1987 2351 2185 2420 quippe
2237 2350 2466 2404 allicitur
2523 2345 2914 2417 passionihus;
2967 2351 3240 2406 attamen,
3299 2339 3347 2394 si

1781 2444 1942 2498 etiam
1975 2453 2138 2512 atque
2158 2442 2320 2496 etiam
2348 2451 2573 2510 quaerat,
2601 2436 2859 2501 inveniet,
2892 2435 3202 2502 intenteque
3247 2429 3348 2500 ipsi

1785 2535 2023 2606 pulsanti
2047 2535 2319 2605 aperietur
2351 2534 2417 2585 ".

2326 2664 2554 2722 CAPUT
2588 2662 2782 2718 XXXI.

1855 2781 1934 2837 Ne
1990 2797 2135 2846 ores,
2183 2790 2305 2835 tuas
2348 2779 2531 2850 perlici
2571 2778 2894 2840 voluntates,
2933 2789 3032 2829 nec
3070 2774 3213 2827 enim
3259 2770 3352 2826 Dei

1787 2873 2048 2927 voluntati
2076 2880 2202 2927 sunt
2221 2872 2443 2926 omnino
2468 2885 2741 2935 consume,
2784 2868 2875 2924 sed
2910 2868 3088 2937 potius
3133 2881 3249 2928 ora,
3296 2873 3357 2919 ut

1789 2964 2046 3028 didicisti,
2070 2963 2255 3018 dicens
2287 2981 2301 3016 :
2326 2961 2446 3016 Fiat
2474 2963 2721 3015 voluntas
2751 2969 2839 3013 tua
2868 2959 2920 3012 in
2945 2973 3031 3012 me
3053 2957 3098 2989 ⁷⁸
3123 2975 3136 3023 ;
3163 2957 3352 3026 sicque

117 3040 271 3110 θήτω
303 3041 363 3094 τὸ
396 3041 608 3112 θέλημά.
652 3060 748 3096 σου
801 3044 860 3097 ἐν
912 3043 1073 3114 ἐμοί·
1127 3043 1222 3095 καὶ
1274 3042 1365 3094 ἐπὶ
1419 3040 1582 3094 παντὶ
1631 3041 1686 3092 δὲ

1817 3069 1848 3105 n
1880 3053 2028 3107 omni
2062 3067 2121 3107 re
2167 3051 2236 3106 ab
2278 3052 2396 3120 ipso
2446 3059 2588 3121 pete,
2625 3057 2683 3102 ut
2714 3048 2807 3101 fiat
2854 3047 3024 3115 ipsius
3071 3045 3354 3109 voluntas;

117 3134 412 3204 πράγματι
445 3133 616 3199 οὕτως
657 3136 819 3189 αὑτὸν
869 3137 1008 3189 αἴτει
1045 3134 1106 3188 τὸ
1151 3131 1378 3201 ἀγαθὸν,
1424 3132 1520 3186 καὶ
1551 3149 1686 3202 συμο

1809 3143 1909 3197 ωιι
1933 3143 2075 3197 enim
2093 3142 2236 3212 quod
2266 3118 2468 3195 bonum
2500 3149 2603 3203 est,
2635 3139 2888 3208 quodque
2917 3137 3110 3190 animae
3128 3133 3354 3190 confert.

120 3224 300 3294 φέρον
328 3228 394 3296 τῇ
428 3225 595 3297 ψυχῇ,
630 3227 694 3281 σὺ
729 3226 786 3280 δέ
816 3227 877 3280 οὐ
911 3227 1126 3289 πάντως
1150 3223 1307 3278 τοῦτο
1338 3224 1543 3295 ζητεῖς.

702 3361 951 3414 ΚΕΦΛΛ.
991 3359 1137 3425 AB'.,

199 3473 463 3538 Πολλάκις
488 3475 916 3547 προσευχόμενος
945 3475 1231 3547 ᾐτησάμην
1263 3473 1519 3543 γενέσθαι
1547 3490 1637 3543 μοι
1665 3473 1694 3526 ὅ

122 3560 286 3630 ἔδοξα.
315 3564 476 3617 καλὸν
521 3560 660 3618 εἷναί
706 3583 818 3638 μοι,
862 3566 955 3619 καὶ
999 3564 1261 3637 ἐπέμενον
1292 3563 1368 3634 τῷ
1410 3564 1691 3634 αἱτήματι,

125 3654 343 3722 ἀλόγως
400 3656 718 3728 βιαζόμενος
763 3657 824 3710 τὸ
877 3656 1086 3727 θέλημα
1134 3657 1227 3710 τοῦ
1272 3655 1428 3718 Θεοῦ,
1482 3655 1575 3708 καὶ
1621 3655 1695 3725 μὴ

124 3745 414 3811 ἀποδιδοὺς
445 3750 615 3817 αύτῷ,
657 3749 744 3802 ἵνα
783 3748 812 3800 ὃ
853 3744 962 3801 οἶδε
995 3749 1272 3818 συμφέρον
1302 3747 1463 3809 αὐτὸς
1498 3745 1696 3814 μᾶλλον

127 3838 483 3910 οἰκονομήσῃ,
538 3839 633 3892 καὶ
684 3839 863 3908 μέντοι
913 3838 1112 3904 λαϐὼν,
1161 3837 1383 3906 ὕστερον
1429 3835 1698 3904 ἠχθέσθην

127 3924 277 3993 λίαν,
326 3928 459 3981 διότι
512 3925 708 3997 μᾶλλον
760 3929 820 3980 τὸ
871 3928 1115 3998 βούλημα
1160 3925 1354 3980 ἐαυτοῦ
1408 3924 1698 3996 ᾐτησάμην

129 4018 411 4089 γενέσθαι·
439 4020 498 4072 ού
530 4019 639 4091 γὰρ
667 4017 905 4072 τοιοῦτόν
933 4035 1024 4089 μοι
1047 4019 1324 4089 ἀπήντησε
1349 4016 1408 4070 τὸ
1443 4017 1696 4087 πρᾶγμα,

130 4108 249 4167 οἷον
274 4111 539 4184 ἐνόμιζον.

715 4251 964 4305 ΚΕΦΑΛ.
1005 4248 1124 4304 AI".

209 4359 279 4414 Τί
305 4360 429 4416 ἀλλο
468 4363 691 4431 ἀγαθὸν,
733 4363 846 4417 ἀλλ’
878 4361 911 4433 ἢ
950 4362 1118 4429 Θεός;
1157 4362 1366 4416 Οὐκοῦν
1394 4360 1542 4432 αύτῷ
1568 4361 1704 4414 ἀπο-

1796 3233 1878 3288 Tu
1905 3249 2032 3288 vero
2062 3248 2168 3289 non
2202 3233 2308 3287 hoc
2334 3232 2557 3287 omnino
2584 3231 2846 3300 exquiris.

2349 3363 2577 3422 CAPUT
2610 3363 2829 3418 XXXII.

1868 3478 2034 3548 Smpe,
2066 3479 2192 3533 dum
2229 3493 2465 3542 orarem,
2505 3477 2655 3546 petii,
2690 3476 2822 3529 mihi
2854 3475 2993 3534 ﬁeri,
3043 3472 3184 3541 quod
3220 3471 3365 3526 arbi-

1801 3580 1974 3624 tratus
2006 3585 2124 3624 sum
2154 3571 2356 3624 bonum
2389 3569 2520 3623 mihi
2567 3569 2703 3631 fore,
2743 3569 2906 3638 inque
2939 3567 3195 3637 petitione
3229 3565 3366 3619 irra-

1803 3661 2130 3717 tionabiliter
2167 3661 2578 3732 perseverabam
2611 3659 2796 3733 585,
2830 3660 2923 3714 Dei
2953 3674 3149 3730 cogens
3179 3659 3366 3712 volun-

1802 3763 1986 3818 tatem,
2019 3770 2118 3810 nec
2145 3755 2246 3825 ipsi
2273 3756 2591 3820 concedens,
2613 3755 2838 3823 utquod
2862 3753 2948 3807 ille
2971 3753 3208 3807 futurum
3240 3752 3368 3806 utile

1803 3846 2035 3912 noverit,
2065 3847 2436 3916 dispensaret;
2478 3857 2534 3902 et
2579 3846 2797 3916 quidem
2848 3862 2969 3900 cum
3023 3845 3365 3912 recepissem,

1805 3949 2079 4008 postremo
2102 3940 2262 3993 nimis
2299 3940 2534 4007 graviter
2564 3940 2684 4003 tuli,
2715 3955 2780 3994 eo
2808 3940 2950 4008 quod
2980 3953 3152 3991 meam
3190 3936 3369 4004 potius

1805 4031 2137 4085 voluntatem
2177 4032 2292 4085 fieri
2323 4032 2633 4100 petiissem;
2659 4047 2758 4086 nec
2789 4031 2932 4086 enim
2960 4045 3046 4084 res
3085 4029 3216 4082 mihi
3246 4028 3370 4083 talis

1804 4123 2005 4194 evenit,
2045 4125 2258 4194 qualem
2293 4125 2692 4180 existimabam.
3241 4127 3246 4132 “

2333 4256 2561 4312 CAPUT
2596 4256 2834 4314 XXXIII.

1882 4369 2022 4435 Quid
2048 4369 2194 4424 aliud
2223 4369 2422 4423 bonum
2441 4407 2456 4433 ,
2501 4369 2604 4424 nisi
2636 4370 2819 4424 Deus?
2847 4369 3009 4440 igitur
3029 4367 3078 4422 ei
3127 4366 3373 4421 remitta-

135 4451 323 4523 δῶμεν
354 4455 528 4509 πάντα
560 4457 627 4509 τὰ
671 4455 792 4509 καθ’
840 4457 1007 4526 ἡμᾶς,
1055 4456 1160 4533 καὶ.
1195 4453 1253 4510 εὖ
1298 4458 1428 4527 ἡμῖν
1471 4455 1642 4508 ἔσται·
1676 4455 1686 4503 t‘

1811 4477 1950 4525 mus,
1984 4476 2103 4532 qua:
2119 4461 2183 4515 ad
2206 4475 2305 4514 nos
2325 4461 2597 4529 pertinent
2614 4461 2815 4523 omnia,
2835 4470 2888 4514 et
2911 4459 3046 4514 bene
3068 4458 3371 4522 nobiscrit;

141 4547 256 4616 γὰρ
304 4547 506 4615 ἀγαθὸς
550 4549 795 4613 πάντως,
850 4548 948 4602 καὶ⁵
999 4547 1221 4616 ἀγαθῶν
1269 4549 1387 4602 ἐστι
1438 4545 1686 4617 παροχεὺ.

1810 4553 1925 4621 ipse
1950 4553 2094 4606 enim
2141 4553 2366 4607 omnino
2390 4552 2566 4608 bonus
2595 4562 2699 4617 est,
2738 4552 3115 4621 bonorumque
3155 4549 3377 4620 largitor

141 4639 388 4712 δωρεῶν.

728 4775 972 4830 ΚΕΦΑΛ.
1012 4776 1130 4830 AA'.

218 4908 314 4980 Μὴ
344 4909 420 4973 ὡς
444 4911 501 4964 ἐν
523 4910 746 4981 δυνάμει
773 4911 1153 4981 κομιζόμενος,
1181 4910 1383 4974 εὐθέως
1412 4910 1473 4963 τὸ
1503 4866 1711 4979 αἴτημα

1811 4645 2080 4700 donorum
2093 4685 2106 4698 .

2333 4776 2559 4832 CAPUT
2609 4775 2851 4832 XXXIV.

1885 4911 1964 4966 Ne
1982 4921 2236 4982 tanquam
2255 4913 2308 4967 in
2332 4923 2595 4983 potestate
2616 4913 2911 4982 procedens
2923 4911 3232 4980 petitionem
3249 4925 3379 4963 con-

150 4999 308 5070 ζήτει
338 5016 352 5030 ο
417 5001 664 5071 βούλεται
729 5003 836 5074 γάρ
890 5021 949 5055 σε
1004 5002 1096 5056 ἐπὶ
1147 5002 1307 5055 πλέον
1357 5002 1686 5074 εύεργετῆσα

1822 5002 2002 5056 Iestim
2033 5004 2320 5073 exquiras;
2363 5005 2475 5058 vult
2500 5005 2643 5058 enim
2686 5006 2780 5059 tibi
2815 5005 3104 5074 plurimum
3138 5002 3380 5057 conferre

151 5092 668 5162 προσκαρτεροῦντα
723 5094 872 5163 αὐτῷ
920 5096 979 5147 ἐν
1027 5097 1094 5166 τῇ
1141 5097 1416 5168 προσευχῇ
1444 5112 1457 5125 ·
1505 5095 1558 5147 τί
1607 5095 1686 5164 γάι

1815 5095 2129 5149 beneﬁcium
2151 5097 2512 5166 perseveranti
2537 5097 2589 5150 in
2611 5097 2890 5161 oratione;
2918 5095 3046 5165 quid
3087 5090 3226 5150 enim
3253 5095 3381 5146 sub-

153 5183 426 5256 ἀνώτερον
453 5185 546 5238 τοῦ
569 5186 650 5256 τῷ
679 5187 796 5257 Θεῷ
821 5187 1187 5257 προσομιλεῖν,
1214 5187 1306 5243 καὶ
1330 5189 1396 5257 τῇ
1428 5185 1534 5254 πρὸ
1555 5185 1684 5239 αὐτὸ

1813 5186 2017 5253 limius,
2069 5203 2230 5257 quam
2261 5187 2428 5243 Deum
2460 5189 2684 5259 alloqui,
2743 5197 2798 5243 ct
2823 5187 2993 5258 ipsius
3024 5185 3375 5243 circumtralii

157 5279 417 5349 συνουσίᾳ
435 5281 833 5350 περισπᾶσθαι,

735 5416 981 5470 ΚΕΦΑΛ.
1022 5417 1142 5470 ΛΕ’.

233 5549 512 5618 Προσευχή
545 5551 690 5603 ἐστιν
715 5550 976 5612 ἀνάϐασις
1005 5548 1096 5602 νοῦ
1131 5549 1266 5619 πρὸς
1298 5548 1448 5602 Θεόν.

247 5731 290 5763 “
324 5729 624 5795 Matthmr,
654 5730 682 5783 7
711 5748 724 5796 ;
760 5730 888 5786 Luc.
923 5746 996 5798 χι,
1025 5732 1077 5786 9.
1152 5730 1196 5761 ⁷⁸
1225 5727 1412 5784 Matth.-
1449 5744 1522 5794 γι,
1559 5728 1640 5782 lt).

1815 5281 2248 5336 consuetudine?

2342 5408 2572 5464 CAPUT
2610 5409 2821 5463 XXXV.

1894 5544 2079 5599 Oratio
2112 5556 2192 5600 est
2247 5561 2503 5603 ascensus
2535 5549 2726 5602 tuentis
2757 5548 2822 5601 ad
2852 5546 3041 5606 Deum.
