3838 6056
505 261 641 328 1I75
868 308 874 316 -
1989 280 2021 341 ε

2234 281 2262 342 [,
3623 281 3750 346 1116

1040 380 1267 440 CAPUT
1307 383 1541 440 xxxvr.
2103 400 2156 457 Α
2514 453 2521 472 ι

2103 400 2156 457 A
2514 453 2521 472 ,
2755 401 3002 460 κεοΑΑ.
3040 407 3176 474 Acr.

567 490 627 546 Si
655 503 816 548 orare
844 495 1054 564 cupias,
1083 511 1337 554 omnibus
1373 509 1647 568 renuntia,
1679 495 1947 560 ut'omnia
1984 510 2080 566 tibi

2250 511 2313 564 El
2340 513 2735 584 προσεύξασθαι
2761 517 2966 585 ποθείς,
2996 520 3262 588 ἀπόταξαι
3292 523 3409 586 τοῖς
3447 520 3739 592 σύμπασιν,

384 634 388 637 .
493 584 689 640 cedant
723 584 776 640 in
809 585 1203 644 hereditatem.

2183 601 2268 657 τνα
2298 603 2360 657 τὸ
2391 607 2501 660 πᾶν
2531 607 2965 684 κληρονομήσῃς.

997 699 1226 756 CAPUT
1259 701 1526 760 XXXVII.

2743 724 2994 782 ΚΕΦΔΛ.
3032 724 3148 784 ΔΖ’.

561 813 670 870 Ora
698 814 875 884 primo
911 824 968 871 ut
1002 819 1248 889 purgeris
1267 834 1300 874 a
1327 819 1695 893 passionibus,
1729 831 1783 878 et
1806 823 2070 880 secundo.

2243 831 2553 903 Προσεύχω
2600 833 2866 906 πρότερον
2916 837 3046 910 περὶ
3088 839 3182 892 τοῦ
3234 840 3590 912 καθαρθῆναι
3640 844 3741 897 τῶι

494 917 555 961 ut
579 909 791 965 eruaris
813 909 881 964 ab
909 910 1236 979 ignorantia.
1263 921 1319 967 et
1348 913 1528 980 tertio,
1575 925 1633 969 ut
1673 916 1742 970 ab
1773 916 1921 971 omni
1949 923 2010 971 te:

2220 923 2382 987 αθῶν,
2430 925 2526 977 και
2568 924 2818 996 δεύτερον
2861 909 3001 999 περι
3033 927 3126 983 τοῦ
3179 909 3447 1002 ρυσθῆναι
3478 909 3609 986 ’ἀπὸ
3650 935 3736 1004 τῆς

491 1001 696 1056 tatione
721 1011 884 1072 atque
907 1001 1255 1058 derelictione
1279 1005 1542 1060 libereris.

2218 1015 2472 1083 γνωσίας,
2519 1017 2614 1071 καὶ
2653 1017 2837 1090 τρίτον
2882 1019 2992 1072 ἀπὸ
3033 1001 3234 1085 παντὸς
3284 1022 3606 1094 πειρασμοῦ
3653 1001 3734 1077 καὶ

2165 1109 2622 1180 ἐγκαταλείψεως.

884 1203 1051 1276 486
1075 1203 1305 1263 CAPUT
1340 1205 1634 1263 xxxvm.

2738 1224 2991 1281 ΚΕΦΑΛ.
3033 1227 3159 1285 AH'.

559 1315 617 1371 ln
652 1317 900 1373 oratione
949 1327 1040 1373 tua
1082 1320 1254 1374 solam
1307 1323 1524 1394 require
1549 1323 1817 1393 justitiam
1841 1367 1855 1392 ,
1888 1335 1944 1381 et
1972 1343 2060 1383 re-

2228 1336 2414 1410 Μόνην
2443 1336 2595 1408 ζήτει
2626 1338 2686 1393 ὲν
2708 1342 2774 1412 τῇ
2799 1344 3074 1414 προσευχῇ
3106 1359 3201 1396 σου
3230 1342 3333 1415 τὴν
3354 1341 3731 1412 δικαιοσύνην,

492 1423 685 1479 gnum,
721 1408 773 1462 id
804 1419 888 1464 est
925 1407 1178 1465 virtutem
1200 1450 1216 1474 .
1254 1421 1309 1467 et
1344 1412 1730 1484 cognitionem,
1773 1425 1828 1470 et
1862 1426 2008 1475 caete:

2217 1433 2254 1486 ιὶ
2434 1434 2730 1506 βασιλείαν,
2747 1407 3160 1510 ’,τουτέστιῗτὴν
3204 1407 3436 1510 ἀρετὴν,
3494 1439 3596 1493 καὶ

487 1499 670 1557 omnia
703 1499 798 1555 tibi
828 1498 1175 1568 ὃάῘίοῘθηῐυΓο
2154 1523 2375 1591 ννῶσιν,
2402 1525 2498 1580 καὶ
2523 1525 2594 1581 τὰ
2624 1526 2786 1582 λοιπά
2813 1527 2992 1582 πάντα
3023 1528 3464 1599 προστεθήσεταί
3501 1545 3611 1582 σοι.

1020 1619 1250 1675 CAPUT
1282 1619 1520 1680 XXXIX.

2737 1641 2990 1696 ΚΕΦΑΛ.
3029 1641 3152 1696 ΛΘ¹.

554 1731 765 1788 Justum
806 1744 889 1789 est
921 1751 1032 1790 non
1071 1735 1247 1791 solum
1278 1751 1374 1806 pro
1404 1739 1622 1809 propria
1671 1741 2053 1799 emundatione

2223 1757 2458 1824 Δίκαιον,
2491 1758 2566 1829 μὴ
2598 1757 2757 1830 μόνον
2785 1758 2915 1830 περὶ
2953 1759 3161 1823 οίκείας
3198 1758 3530 1830 καθάρσεως
3563 1773 3727 1828 προσ·

485 1839 664 1891 orare,
697 1826 789 1881 sed
830 1835 883 1882 et
913 1842 1011 1896 pro
1039 1829 1184 1883 omni
1215 1830 1538 1897 contribule,
1573 1841 1633 1887 ut
1678 1834 1898 1888 modum
1932 1835 2001 1888 im

2211 1851 2424 1922 ιχεσθαι,
2466 1826 2610 1906 ἀλλὰ.
2644 1851 2738 1905 καὶ
2769 1826 2900 1923 περὶ
2938 1852 3138 1913 παντὸς
3164 1826 3472 1923 ὁμοφύλου,
3513 1826 3727 1920 ῐναῖάγ-

483 1918 615 1975 teris
635 1920 961 1992 angelicum.
1132 1972 1138 1978 .

2152 1918 2366 2009 γελικδν
2399 1943 2539 2013 μιμή
2548 1959 2614 2014 σῃ
2644 1918 2862 2015 τρόπον.

1089 2034 1318 2094 CAPUT
1349 2036 1468 2093 XL.

2737 2055 2990 2110 ΚΕΦΔΛ.
3025 2054 3115 2111 Μ’.

546 2145 704 2214 Vide,
740 2162 809 2205 an
841 2163 967 2204 vere
996 2147 1107 2204 Deo
1135 2158 1225 2208 tua
1265 2151 1320 2204 in
1351 2153 1596 2209 oratione
1613 2153 1944 2223 adhaeseris,§
1965 2157 2050 2212 vel

2222 2167 2382 2240 Ὅρα,
2421 2167 2516 2221 ἐὰν
2542 2167 2759 2238 ἀληθῶς
2795 2167 2916 2239 Θεῷ
2957 2167 3311 2240 παρέστηκας
3342 2167 3403 2221 ὲν
3442 2169 3515 2239 τῇ
3552 2181 3723 2237 προσ-

477 2253 546 2291 an
602 2239 885 2294 hominum
917 2241 1154 2298 vincaris
1207 2241 1402 2304 laude.
1455 2245 1710 2316 illamque
1754 2249 1993 2303 contend:

2204 2259 2280 2330 »χῇ
2313 2275 2428 2319 σου,
2458 2257 2492 2329 ἢ
2526 2259 2730 2330 ἐπαίνῳ
2760 2239 3058 2329 ἀνθρώπων
3089 2259 3343 2330 ήττᾶσαι,
3388 2260 3491 2311 καὶ
3515 2259 3720 2310 τούτων

475 2331 774 2401 aucupari,
821 2333 1084 2390 orationis
1131 2342 1287 2390 utens
1341 2338 1834 2407 repraesentatione,
1882 2339 1991 2396 velu

2200 2350 2320 2420 πρᾷν
2348 2350 2568 2420 ἐπείγῃ,
2608 2347 2796 2420 ὥσπερ
2828 2347 3246 2420 ὲπικαλύμματι
3273 2347 3630 2420 κεχρημένος
3657 2349 3716 2416 τῇ

475 2420 732 2491 ιθίςηιῑηθ.
2145 2441 2486 2512 παραστάσει
2517 2440 2617 2511 τῆς
2649 2440 2979 2512 προσευχῆς.

1061 2534 1288 2593 CAPUT
1335 2535 1475 2593 XLI.

2715 2553 2966 2608 ΚΕΦΔΛ.
3005 2554 3142 2608 MA'.

541 2644 667 2704 Sive
690 2664 814 2705 cum
840 2648 1104 2706 fratribus
1138 2666 1285 2712 ores.
1325 2652 1442 2710 sive
1482 2653 1656 2722 solus,
1686 2671 1907 2722 conare,
1933 2673 2042 2714 non

2213 2667 2338 2721 Εἴτε
2367 2667 2506 2738 μετὰ
2537 2667 2782 2738 ἀδελφῶν
2825 2668 3123 2742 προσεύχῃ,
3169 2669 3280 2722 εἴτε
3323 2667 3475 2722 κατὰ
3521 2664 3717 2738 μόνας,

471 2743 884 2811 consuetudine,
913 2745 1006 2802 sed
1047 2761 1213 2802 sensu
1245 2762 1425 2804 orare.

2140 2759 2428 2830 ἀγώνισαι,
2461 2760 2538 2832 μὴ
2565 2759 2700 2827 teet,
2739 2760 2877 2816 ἀλλὰ
2907 2761 3156 2833 αἰσθήσει
3186 2759 3623 2832 προσεύχεσθαι.

1032 2859 1262 2918 CAPUT
1299 2862 1462 2919 XLII.

2711 2875 2964 2931 ΚΕΦΑΛ.
3003 2874 3133 2931 MB’.

541 2967 827 3040 Proprium
854 2971 1121 3029 orationis
1151 2983 1235 3029 est
1264 2976 1475 3031 interna
1509 2979 1766 3048 cogitatio
1795 2996 1919 3036 cum
1946 2981 2039 3036 de-

2205 2984 2378 3055 'H00;
2408 2988 2527 3045 ἐστὶ
2555 2991 2866 3064 προσευχῆς
2895 2989 3110 3045 σύννοια
3137 2990 3257 3062 μετ’
3282 2988 3599 3054 εὐλαϐείας,
3622 2988 3718 3042 καὶ

467 3069 595 3116 vota
648 3062 849 3131 pietate
901 3073 956 3117 et
1000 3067 1439 3135 compunctione,
1485 3069 1786 3141 animaeque
1828 3071 1983 3128 dolor

2201 3081 2503 3150 ιτανὺξεως,
2537 3062 2632 3138 καὶ
2659 3062 2853 3153 ὀδύνης
2878 3082 3055 3156 ψυχῆς
3079 3083 3137 3137 ὲν
3165 3080 3526 3154 ἐξαγορεύσει
3553 3097 3717 3136 πται-

467 3163 689 3223 peccata
717 3168 840 3209 cum
871 3156 1040 3210 mutis
1071 3157 1323 3227 suspiriis
1354 3161 1683 3218 conmendo.

1908 3127 1939 3128 π
1994 3127 2032 3140 ίι
2060 3127 2105 3190 c
2140 3127 2503 3150 πἠ-ἠι--ννν
2540 3127 2632 3138 η’·-
2662 3127 2850 3153 -νυ-ιν
2882 3127 3052 3156 ῐνλίν
3079 3127 3133 3137 -υ
3166 3127 3371 3154 *τνίνΓ

2138 3180 2360 3251 σμάτων
2399 3180 2538 3252 μετὰ
2566 3177 2890 3254 στεναγμῶν
2919 3177 3172 3250 ἀφώνων.
3363 3175 3371 3183 ’

1033 3268 1262 3328 CAPUT
1292 3271 1474 3328 XLIII.

2711 3293 2965 3352 ΚΕΦΑΔ.
3002 3295 3136 3351 ΜΡ.

535 3379 593 3436 Si
629 3389 721 3436 tua
750 3398 907 3440 mens
936 3385 1111 3441 aetatis
1159 3384 1348 3442 ﬂorem
1391 3387 1444 3443 in
1491 3396 1733 3460 tempore
1772 3392 2036 3448 orationis

2215 3409 2341 3464 Ἐὰν
2364 3408 2761 3482 περισλέπηται
2787 3409 2817 3462 6
2846 3407 2970 3473 νοῦς
2997 3425 3089 3462 σου
3115 3406 3302 3478 ἀκμὴν
3327 3405 3390 3461 ὲν
3418 3404 3505 3478 τῷ
3532 3423 3716 3480 καιρφ

463 3471 696 3541 aﬂ’ectet,
723 3477 964 3532 nondum
994 3485 1054 3532 ut
1083 3480 1389 3558 monachus
1417 3490 1562 3546 orat,
1595 3483 1688 3539 sed
1735 3483 1974 3540 etiamnu

2203 3521 2230 3567 ς
2277 3471 2610 3576 προσευχῆς,
2656 3471 2878 3558 ὀὐδέπω
2904 3471 2980 3567 ὡς
3035 3471 3270 3574 μοναχὺς
3312 3471 3713 3572 προσεύχεται,

461 3567 739 3624 mundana
767 3579 872 3637 est,
910 3573 1152 3628 exterius
1185 3573 1594 3631 tabernaculum
1626 3591 1921 3633 exornans.

2197 3595 2246 3648 λ’
2281 3567 2362 3650 ἔτι
2407 3567 2670 3670 κοσμικός
2713 3597 2850 3663 ἐστι,
2883 3596 2983 3669 τὴν
3022 3567 3221 3663 ἐξωθέῦ
3253 3567 3465 3665 σκηνὴν
3500 3567 3713 3648 καλλω-

2132 3687 2326 3752 πίζων.

925 3774 1089 3848 487
1126 3773 1356 3832 CAPUT
1385 3774 1570 3833 XLIV.
1846 3857 1849 3860 .

1846 3857 1849 3860 .
2712 3801 2964 3856 ΚΕΦΔΔ.
3002 3800 3134 3856 MA'.

529 3885 667 3943 Dum
698 3903 842 3957 oras,
874 3898 1044 3955 tuam,
1065 3906 1163 3960 pro
1188 3891 1417 3958 viribus,
1442 3892 1650 3948 custodi
1688 3895 2028 3960 memoriam,

2198 3912 2660 3984 Προσευχόμενος,
2688 3910 2789 3981 τὴν
2811 3910 3031 3984 μνήμην
3064 3926 3158 3963 σου
3185 3907 3418 3979 δυνάμει
3440 3906 3705 3976 φύλαττε,

458 3991 518 4035 ut
551 3996 650 4036 sua
679 3983 894 4053 propria
927 3999 1033 4039 non
1066 3983 1164 4038 tibi
1205 3993 1492 4055 proponat,
1517 3985 1613 4040 sed
1655 3994 1706 4042 te
1729 3995 1974 4042 moveat:

2189 4026 2216 4062 ι
2254 4008 2329 4080 μὴ
2370 4007 2440 4062 τὰ
2485 4008 2663 4062 οίκεῖα
2712 4005 3026 4078 παραθηταί
3075 4022 3177 4070 σοι,
3226 4004 3368 4060 ἀλλὰ
3416 4003 3562 4076 πρὸς
3604 4001 3705 4073 τὴν

456 4077 816 4144 cognitionem
863 4079 1203 4135 extensionis
1244 4079 1310 4133 ad
1344 4077 1546 4147 Deum;
1578 4080 1839 4137 memoria
1872 4096 1972 4137 nan

2184 4077 2328 4155 ιῶσιν
2354 4101 2457 4172 τῆς
2501 4077 2861 4172 παῳτάσεῶς
2909 4077 2971 4153 σε
2998 4101 3143 4170 κινῇ·
3187 4096 3312 4150 λίαν
3338 4095 3452 4168 γὰρ
3487 4097 3700 4166 πέφυκε

457 4183 564 4237 que
602 4170 803 4225 assolet
835 4169 1068 4225 multum
1103 4170 1402 4242 depraedari
1435 4183 1671 4228 mentem
1714 4173 1857 4229 circa
1889 4182 1973 4230 ten

2184 4193 2390 4248 ιλᾶσθαι
2413 4169 2450 4245 '6
2493 4169 2618 4258 νοῦς
2669 4191 2774 4246 ὑπὸ
2803 4191 2905 4262 τῆς
2960 4191 3179 4263 μνήμης
3218 4191 3361 4246 κατά
3385 4189 3481 4244 τὸν
3508 4190 3700 4262 καιρὸν

455 4275 558 4331 pus
589 4263 869 4320 orationis.

2126 4287 2221 4356 τῆς
2254 4284 2581 4356 προσευχῆς.

1023 4376 1251 4433 CAPUT
1291 4377 1451 4434 XLV.
2707 4396 2956 4451 ΚΕΦΛΔ.
2995 4395 3128 4450 ΜΕ’.

521 4490 630 4545 Aut
653 4501 861 4549 veteres
889 4508 1070 4548 rerum
1092 4495 1510 4566 imaginationes
1558 4498 1655 4554 tibi
1685 4499 1862 4556 oranti
1893 4515 2022 4572 pro-

2196 4515 2268 4568 Ἢ
2317 4513 2561 4569 παλαιῶν
2607 4513 2948 4585 πραγμάτων
3001 4513 3122 4581 ἄγει
3170 4529 3252 4566 σοι
3307 4510 3622 4580 φαντασίας
3666 4512 3695 4580 ἡ

452 4581 603 4638 ducit
628 4585 910 4651 memoria,
943 4596 1035 4640 aut
1061 4601 1228 4642 n0vas
1253 4603 1434 4654 curas,
1453 4599 1547 4645 aut
1572 4607 1859 4660 personam
1902 4593 1968 4665 ejt

2221 4605 2324 4681 ιμη
2356 4581 2794 4679 προπυχοιὶένῴ,
2841 4605 2875 4676 ἢ
2917 4605 3046 4671 νέας
3080 4605 3389 4677 φροντίδας,
3443 4603 3488 4692 ἦ*
3534 4604 3696 4676 πρός.
3736 4595 3737 4598 ‘

452 4675 546 4744 qui
575 4683 627 4731 te
652 4677 840 4734 dolore
868 4677 1066 4734 aﬂ‘ecit.

2120 4675 2268 4754 ιυπον
2296 4675 2685 4768 λελυπηκοτος.

1031 4789 1256 4846 CAPUT
1286 4791 1472 4848 XLVI.

2686 4810 2936 4866 ΚΕΦΑΛ.
2975 4809 3125 4876 Μετ’.

519 4903 687 4962 Valde
721 4905 927 4961 invidet
954 4906 1168 4962 daemon
1208 4908 1418 4965 homini
1450 4913 1649 4978 oranti,
1697 4930 2023 4987 omnemque

2188 4925 2322 4980 Δίαν
2349 4921 2628 4995 βασκαίνει
2655 4923 2685 4977 6
2709 4922 2920 4992 δαίμων
2940 4919 3214 4992 ἀνθρώπῳ
3235 4914 3687 4988 προσευχομένῳ,

447 4998 758 5054 machinam
801 4999 1038 5065 adhibet,
1086 5010 1146 5056 ut
1182 5001 1301 5072 ejus
1338 5003 1693 5064 intentionem
1733 5009 1963 5079 inquinet

2172 5021 2216 5073 ti.
2254 5019 2400 5090 πάσῃ
2434 5018 2632 5088 χρᾶται
2672 5017 2910 5087 μηχανῇ,
2957 5010 3297 5083 λυμήνασθαι
3341 5008 3441 5062 τὸν
3500 5008 3688 5061 τούτου

361 5160 365 5164 ,
452 5106 562 5144 non
579 5099 755 5146 cessat
778 5091 943 5161 igitur
973 5107 1068 5163 per
1095 5097 1412 5152 memoriam
1436 5099 1791 5170 cogitationes
1825 5104 1877 5157 Ιιε

2171 5111 2340 5164 ιοπόν’
2380 5109 2443 5162 οὺ
2476 5108 2710 5162 παὺεται
2733 5102 2826 5160 οὖν
2853 5105 2924 5159 τὰ
2947 5104 3194 5175 νοήματα
3220 5100 3387 5154 κινῶν
3415 5099 3530 5152 τῶν
3559 5115 3687 5168 πρα-

448 5197 631 5237 rerum
661 5197 1026 5248 commovere,
1051 5201 1348 5260 omnesque
1372 5193 1658 5261 passiones
1674 5211 1772 5264 per
1795 5211 1959 5252 carne

2173 5204 2340 5258 ιάτων
2380 5201 2470 5256 διὰ
2512 5201 2613 5271 τῆς
2660 5201 2898 5270 μνήμης,
2945 5197 3040 5250 καὶ⁸
3070 5195 3166 5248 ὅλα
3195 5194 3264 5248 τὰ
3295 5191 3449 5263 πάθη
3485 5194 3689 5262 ἀναμο-

449 5282 710 5345 tanquam
757 5277 1000 5333 vectibus
1049 5281 1405 5350 subexcitare,
1451 5292 1510 5338 ut
1544 5286 1806 5356 impedire
1845 5305 1965 5360 poss

2171 5296 2321 5350 tsbwv
2348 5294 2435 5348 διὰ
2481 5294 2580 5364 τῆς
2615 5293 2836 5365 σαρκὸς,
2885 5292 2971 5344 ἵνα
3019 5288 3306 5360 ἐμποδίσαι
3351 5285 3564 5357 δυνηθῇ
3616 5283 3687 5355 τῷ

449 5369 712 5440 optimum
742 5371 913 5441 ipsius
945 5388 1188 5440 cursum,
1219 5385 1273 5430 et
1300 5391 1579 5432 accessum
1611 5379 1679 5433 ad
1720 5379 1910 5436 Deum.

2115 5369 2322 5460 ἀρίστῳ
2345 5382 2515 5440 αὐτοῦ
2546 5383 2752 5455 δρόμῳ,
2781 5383 2878 5436 καὶ
2900 5383 2967 5452 τῇ
2994 5378 3131 5452 πρὸς
3161 5378 3292 5432 Θεὸν
3319 5377 3582 5448 ἑκδημίᾳ.

1007 5510 1235 5568 CAPUT
1260 5511 1470 5567 XLVII.
2691 5521 2938 5574 ΚΕΦΑΛ.
2971 5517 3107 5573 MZ'.

521 5621 749 5687 Quando
780 5626 1221 5696 improbissimus
1249 5628 1459 5684 daemon
1507 5630 1734 5700 plurima
1767 5634 2011 5696 molitus.

2189 5638 2354 5692 Ὀταν
2383 5638 2551 5692 πολλὰ
2593 5637 2826 5707 ποιήσας
2853 5636 2880 5688 6
2920 5631 3288 5703 πονηρότατος
3327 5631 3558 5703 δαίμων,
3607 5642 3679 5703 μη

454 5713 682 5770 studiosi
710 5719 1008 5773 orationem
1041 5720 1302 5790 impedire
1350 5739 1452 5780 non
1495 5726 1744 5794 potuerit,
1799 5743 1970 5798 parun

2162 5733 2314 5800 δνηθῆ
2345 5733 2634 5802 ἐμποδίσαι
2661 5732 2762 5802 τὴν
2789 5731 2882 5786 τοῦ
2913 5711 3204 5784 σπουδαίου
3233 5727 3565 5800 προσευχὴν,
3595 5743 3678 5800 μι-
