3838 6056
166 280 306 347 1177

1505 290 1602 350 DE
1629 290 2030 358 ORATIONE.

3237 303 3370 372 1178
3403 322 3410 346 ¹

161 400 299 468 κρὸν
320 396 563 468 ὑποχαλᾷ
579 436 594 461 ,
625 397 718 450 καὶ
756 397 1049 467 μετέπειτα
1072 397 1336 468 ἀμύνεται
1374 400 1535 454 αὐτὸν
1555 419 1692 474 προσ

1819 423 1917 478 per
1938 411 2182 476 remittit,
2211 420 2267 467 et
2291 412 2632 482 postmodum
2664 413 2830 485 ipsius
2859 419 2950 486 qui
2993 418 3247 485 oraverit,
3278 436 3370 475 su-

157 487 479 558 ευξάμενονο
515 487 546 556 ἢ
581 487 688 555 γάρ
716 488 795 556 εἰς
824 487 992 559 ὀργῆν
1020 488 1223 558 ἐξάψας
1247 490 1497 558 ἀφανίζει
1525 493 1625 564 τὴν
1652 495 1717 547 ἐκ

157 578 267 648 τῆς
311 579 475 649 εὐχῆς
523 581 990 652 συγκροτουμένην
1031 581 1260 652 ἀρίστην
1298 585 1627 640 κατάστασιν
1657 588 1716 640 ἐν

155 672 362 742 ἐαυτῷ,
392 671 425 742 ἢ
458 671 592 743 πρὸς
625 673 816 744 ἡδονήν
843 689 962 727 τινα
991 673 1180 742 ἄλογον
1223 674 1474 747 ἐρεθίσας
1507 675 1714 749 ὑϐρίζει

153 763 254 817 τὸν
283 764 425 819 νοῦν.
767 791 776 802 ·

731 879 978 933 ΚΕΦΑΛ.
1017 880 1157 936 MH'.

225 992 668 1063 Προσευξάμενος
707 992 782 1055 ὡς
828 993 925 1059 δεῖ,
976 993 1251 1065 προσδόκα
1293 993 1331 1049 ἃ.
1364 1011 1441 1066 μη
1475 995 1576 1062 δεῖ,
1618 995 1714 1050 καὶ

148 1082 315 1152 στῆθι
343 1082 598 1154 ἀνδρείως
623 1082 902 1151 φυλάττων
928 1083 1017 1136 τὸν
1047 1083 1258 1156 καρπόν
1285 1102 1377 1140 σου
1402 1101 1418 1118 ο
1451 1087 1531 1149 είς
1554 1085 1713 1144 τοῦτο

144 1173 264 1242 γὰρ
292 1173 349 1239 ἐξ
376 1173 549 1242 ἀρχῆς
575 1173 826 1243 ἐτάχθης,
859 1173 1206 1245 ἐργάζεσθαι,
1251 1176 1346 1228 καὶ
1380 1175 1668 1246 φυλάττειν
1691 1190 1706 1205 °

147 1264 233 1332 μὴ
264 1258 354 1315 οῦν
380 1263 752 1333 ἐργασάμενος
798 1265 965 1337 ἐάσῃς
1006 1265 1314 1334 ἀφύλακτον
1345 1266 1405 1320 τὺ
1433 1267 1663 1339 πονηθέν
1687 1282 1705 1299 ο

141 1355 196 1405 εί
229 1352 286 1407 δέ
316 1355 639 1424 μήγε,ούδέν
667 1355 952 1427 ὠφέλησας
978 1357 1429 1430 προσευχόμενος.

722 1573 972 1628 ΚΕΦΑΛ.
1011 1574 1147 1629 ΜΘ.

218 1683 334 1748 Πᾶς
363 1683 393 1737 6
422 1685 891 1757 συγκροτούμενος
920 1686 1153 1756 πόλεμος
1197 1685 1399 1758 μεταξὺ
1428 1687 1589 1758 ἡμῶν
1616 1707 1699 1757 τε,

137 1779 241 1831 καὶ
285 1777 393 1831 τῶν
442 1776 769 1846 ἀκαθάρτων
822 1779 1182 1848 πνευμάτων,
1227 1778 1287 1832 ού
1338 1780 1464 1851 περὶ
1506 1779 1692 1850 ἐτέρου
1732 1768 1775 1825 Β

136 1867 376 1935 γίνεται,
405 1866 438 1938 ἢ
470 1867 600 1938 περὶ
644 1871 1016 1940 πνευματικῆς
1048 1869 1357 1940 προσευχῆς
1383 1885 1397 1900 ο
1446 1869 1566 1923 λίαν
1592 1869 1703 1941 γάρ

137 1957 403 2030 πολέμιος
451 1959 634 2022 αὐτοῖς
676 1961 811 2024 ἐστι,
869 1960 965 2014 καὶ
1009 1960 1418 2032 ἐπαχθεστάτη,
1471 1963 1605 2033 ἡμῖν
1647 1961 1704 2015 δὲ

141 2052 428 2122 σωτήριος,
460 2052 554 2105 καὶ
582 2051 1010 2124 προσηνεστάτη.

731 2272 986 2329 ΚΕΦΑΛ.
1025 2271 1108 2327 N'.

209 2389 278 2443 Τί
310 2389 557 2461 βούλεται
589 2390 701 2451 τοῖς
728 2387 943 2457 δαίμοσι
971 2387 1210 2457 ἐνεργεῖν
1236 2386 1294 2440 ἐν
1320 2386 1451 2456 ἡμῖν
1476 2401 1699 2457 γαστρι-

137 2483 400 2554 μαργίαν,
433 2481 710 2552 πορνείαν,
743 2478 1123 2550 φιλαργυρίαν,
1170 2478 1339 2549 ὀργήν
1357 2493 1417 2530 τε
1445 2477 1540 2531 καὶ
1569 2494 1701 2548 μνη-

132 2575 420 2642 σικακίαν,
448 2576 542 2628 καὶ
565 2572 635 2626 τὰ
657 2572 819 2626 λοιπά
845 2571 1027 2642 πάθη;
1071 2571 1158 2624 ἵνα
1190 2570 1483 2642 παχυνθεὶς
1514 2572 1542 2624 6
1572 2570 1695 2634 νοῦς

127 2669 197 2734 ἐξ
223 2669 424 2734 αὐτῶν,
460 2668 533 2738 μὴ
579 2665 776 2737 δυνηθῇ
811 2666 887 2726 ὡς
924 2665 1004 2717 δεῖ
1031 2662 1452 2735 προσεύξασθαι⁸
1488 2663 1556 2716 τὰ
1586 2662 1692 2732 γὰρ

125 2762 229 2816 τοῦ
257 2763 452 2830 ἀλόγου
488 2762 687 2832 μέρους
731 2759 878 2830 πάθη
907 2758 1145 2832 ἄρξαντα
1175 2758 1274 2812 ούκ
1311 2759 1376 2828 ἐᾷ
1403 2757 1563 2811 αὑτὸν
1603 2755 1694 2810 λο-

125 2854 309 2924 γικῶς
337 2853 603 2907 κινεῖσθαι
631 2851 726 2906 καὶ
754 2852 846 2906 τὸν
872 2850 1008 2904 Θεοῦ
1035 2849 1207 2919 Λόγον
1236 2846 1536 2919 ἐπιζητεῖν.

717 3051 965 3105 ΚΕΦΛΛ.
1003 3050 1132 3108 NA'.

1817 504 1916 557 mit
1941 504 2266 571 vindictam;
2302 515 2396 560 aut
2424 506 2567 560 enim
2604 506 2669 560 ad
2701 507 3030 564 iracundiam
3057 511 3366 578 incendens,

1815 596 2077 664 optimum
2123 597 2448 652 exterminat
2496 606 2718 664 statum,
2760 598 2813 652 in
2863 600 2979 668 ipso
3008 616 3072 655 ex
3123 603 3370 659 oratione

1814 688 2137 742 instructum
2166 707 2181 755 ;
2220 699 2312 744 aut
2337 689 2403 744 ad
2440 690 2674 760 aliquam
2706 695 2976 760 proritans
3005 693 3366 749 irrationalelu

1812 780 2166 850 voluptatem,
2197 783 2365 836 menti
2400 783 2703 852 petulanter
2728 784 2888 838 inlert
2914 785 3189 854 iujuriam.

2251 896 2419 968 488
2442 895 2669 952 CAPUT
2700 897 2930 952 XLVIII.

1883 1009 1941 1066 Si
1973 1009 2212 1065 oraveris
2239 1012 2315 1064 uti
2343 1013 2514 1075 decet,
2547 1021 2800 1082 exspecta
2835 1029 2954 1082 quae
3003 1029 3107 1068 non
3153 1015 3362 1078 decent,

1809 1110 1864 1158 et
1888 1111 1971 1158 sta
2001 1103 2262 1167 viriliter,
2303 1103 2536 1157 fructum
2577 1114 2728 1158 tuum
2778 1106 3113 1171 custodiens;
3148 1106 3213 1160 ad
3263 1106 3365 1160 hoc

1808 1195 1952 1250 enim
1987 1211 2016 1248 a
2050 1195 2319 1266 principio
2352 1194 2505 1250 fuisti
2539 1198 2891 1261 constitutus,
2925 1207 2984 1251 ut
3013 1197 3278 1267 opereris,
3310 1206 3364 1250 et

1808 1287 2112 1342 custodires
2153 1303 2266 1342 :ne
2313 1288 2494 1358 itaque
2538 1304 2806 1358 operans,
2852 1288 2996 1358 quod
3029 1289 3359 1343 elaboratum

1806 1387 1891 1432 est
1922 1377 2071 1432 sinas
2121 1378 2546 1446 incustoditum;
2579 1379 2631 1434 id
2659 1389 2838 1434 autem
2880 1379 2984 1434 nisi
3018 1378 3177 1444 faxis,
3228 1379 3362 1434 nihil

1805 1468 2010 1523 orando
2045 1469 2310 1538 prolicies.

2349 1580 2575 1636 CAPUT
2622 1581 2808 1639 XLIX.

1875 1715 2046 1772 Omne
2103 1717 2246 1788 quod
2296 1718 2577 1772 instruitur
2608 1717 2807 1771 bellum
2837 1717 2976 1772 inter
3031 1733 3132 1772 nos
3180 1717 3356 1788 impu-

1809 1821 2005 1875 rosque
2044 1806 2264 1875 spiritus
2283 1847 2297 1871 ,
2323 1821 2431 1858 non
2460 1807 2528 1860 ob
2548 1807 2690 1861 aliud
2719 1807 2795 1873 ﬁt,
2822 1823 2981 1876 quam
3012 1808 3080 1861 ob
3103 1807 3358 1878 spirituay-

1804 1900 1906 1954 lem
1936 1899 2271 1963 orationem;
2299 1898 2452 1952 valde
2478 1914 2710 1968 namque
2742 1899 2871 1968 ipsis
2904 1899 3112 1952 hostilis
3147 1909 3246 1963 est,
3292 1913 3354 1954 ac

1802 1989 2032 2044 maxime
2071 1987 2310 2052 inimica,
2346 1987 2502 2043 nobis
2528 1999 2707 2043 autem
2756 1989 3026 2054 salutaris,
3061 2003 3124 2044 ac
3156 1989 3356 2059 jucun-

1800 2081 2040 2136 dissima.

2416 2253 2641 2310 CAPUT
2676 2252 2738 2308 L.

1865 2367 1976 2425 Cur
2006 2368 2194 2422 volunt
2213 2367 2481 2422 daemones
2511 2367 2564 2422 in
2591 2367 2748 2422 nobis
2781 2367 2992 2436 operari
3022 2369 3218 2437 gulam,
3243 2368 3346 2423 foro

1796 2459 2140 2523 nicationem,
2183 2460 2485 2522 avaritiam,
2538 2459 2894 2525 iracundiam,
2941 2470 2992 2514 et
3033 2460 3346 2529 injuriarum

1795 2552 2249 2616 recordationem,
2287 2567 2350 2606 ac
2403 2553 2636 2620 reliquas
2681 2551 2992 2621 passiones?
3023 2563 3080 2606 ut
3127 2569 3187 2606 ex
3223 2554 3345 2622 ipsis

1793 2663 1947 2702 mens
1973 2647 2267 2701 incrassata
2305 2663 2410 2700 non
2443 2646 2633 2716 possit,
2665 2647 2806 2700 sicut
2837 2647 2988 2701 decet
3011 2662 3166 2701 orare
3190 2665 3204 2713 ;
3228 2659 3348 2702 nam

1794 2739 2100 2810 passiones,
2130 2755 2251 2808 qua:
2271 2739 2338 2793 ab
2366 2739 2669 2792 irrationali
2697 2746 2850 2808 parte
2877 2746 3096 2792 sumunt
3118 2737 3358 2792 initium-

1795 2847 1906 2886 non
1934 2832 2118 2885 sinunt
2161 2846 2281 2884 eam
2327 2830 2661 2884 rationaliter
2707 2829 2948 2894 moveri,
2991 2828 3189 2899 Deique
3221 2828 3324 2883 Ver

1790 2923 1920 2978 bum
1957 2922 2250 2994 inquirere.

2378 3032 2602 3090 CAPUT
2633 3031 2717 3091 LI.

202 3166 314 3231 Τάς
344 3165 546 3238 ἀρετάς
581 3163 952 3236 μετερχόμεθα
973 3162 1062 3216 διὰ
1094 3162 1221 3226 τοὺς
1244 3160 1436 3230 λόγους
1458 3158 1568 3213 τῶν
1590 3174 1685 3226 γε·

1861 3145 2102 3201 Virtutes
2131 3155 2505 3200 consectamur
2525 3145 2596 3200 ob
2627 3146 2884 3208 rationes,
2912 3158 3007 3198 seu
3038 3156 3232 3198 causas
3261 3156 3320 3196 re

119 3259 384 3330 γονότων,
433 3257 525 3310 καὶ
572 3255 793 3320 τούτους
833 3254 921 3309 διὰ
957 3254 1046 3308 τὸν
1082 3250 1419 3307 ούσιώσαντα
1461 3250 1684 3320 Κύριον,

119 3346 285 3414 οὗτος
315 3350 371 3402 δέ
400 3349 457 3402 ἐν
480 3350 548 3420 τῇ
577 3348 903 3402 καταστάσει
935 3347 1033 3418 τῆς
1059 3345 1365 3418 προσευχῆς
1393 3341 1686 3412 ἀναφαίνε-

122 3441 256 3494 σθαι
286 3437 462 3492 εῐωθε.

710 3547 958 3604 ΚΕΦΑΛ.
987 3547 1114 3602 NB’.

194 3659 540 3724 Κατάστασίς
581 3660 696 3713 ἐστι
744 3660 1049 3730 προσευχῆς
1092 3659 1206 3725 ἕξις
1245 3658 1480 3728 ἀπαθὴς,
1523 3655 1688 3727 ἔρωτι

114 3753 410 3824 ἀκροτάτῳ
437 3753 514 3816 εἰς
543 3750 675 3820 ὕψος
704 3751 888 3821 νοητὸν
910 3751 1229 3822 ἀρπάζουσα
1253 3751 1344 3806 τὸν
1373 3750 1683 3822 φιλόσοφον,

115 3847 218 3900 καὶ
251 3842 618 3913 πνευματικὸν
649 3841 792 3896 νοῦν.

704 3955 953 4010 ΚΕΦΑΛ.
983 3954 1109 4012 NI”.

191 4072 268 4125 Οὐ
315 4069 473 4142 μόνον
520 4068 723 4139 θυμοῦ,
775 4068 868 4121 καὶ
921 4067 1212 4137 ἐπιθυμίας
1252 4068 1334 4121 δεῖ
1359 4068 1546 4140 ἄρχειν
1592 4068 1685 4122 τὸν

112 4163 335 4234 ἀληθῶς
373 4161 769 4234 προσεύξασθαι
798 4160 1185 4230 ἐπειγόμενον,
1232 4161 1365 4217 ἀλλα
1396 4162 1492 4216 καὶ
1528 4161 1685 4226 ἐκτὸς

112 4253 399 4327 ἐμπαθοῦς
429 4255 693 4325 νοήματος
728 4251 999 4306 ⁴γενέσθαι.

693 4450 944 4504 ΚΕΦΑΛ.
984 4449 1111 4506 NA'.

203 4561 264 4617 Ὀ
291 4562 516 4630 ἀγαπῶν
539 4563 630 4616 τὸν
662 4561 814 4626 Θεὸν,
844 4563 1016 4632 τούτῳ
1039 4561 1113 4624 ὡς
1144 4561 1316 4632 Πατρὶ
1348 4562 1436 4617 ἀεὶ
1463 4578 1682 4632 συνομι-

112 4654 223 4719 λεῖ,
252 4653 722 4724 ἀποστρεφόμενος
752 4654 859 4705 πᾶν
887 4652 1062 4722 νόημα
1090 4651 1354 4721 ἐμπαθές.

700 4854 946 4908 ΚΕΦΔΛ.
986 4853 1090 4908 NE'

189 4969 304 5038 Ούχ
341 4969 369 5020 6
405 4968 669 5031 ἀπαθείας
699 4967 1029 5039 τετυχηκὼς,
1067 4969 1165 5040 ἤδη
1198 4971 1292 5024 καὶ
1321 4971 1677 5042 προσεύχεται

110 5060 354 5128 ἁληθῶςο
379 5059 596 5113 δύναται
620 5060 726 5131 γάρ
752 5061 808 5112 ἐν
835 5063 945 5123 τοῖς
967 5061 1139 5129 ψιλοῖς
1164 5063 1394 5133 νοήμασι
1430 5057 1680 5116 εἶναικαὶ

113 5155 174 5204 ἐν
202 5154 322 5214 ταῖς
366 5153 628 5222 ἱστορίαις
661 5152 840 5206 αὐτῶν
891 5154 1279 5225 περισπᾶσθαι,
1331 5156 1425 5209 καὶ
1458 5155 1678 5227 μακράν

112 5241 346 5310 ἀπέχειν
372 5242 480 5294 ἀπὸ
509 5241 663 5297 Θεοῦ.

691 5354 935 5409 ΚΕΦΛΛ.
967 5355 1110 5423 Nq'.

188 5463 304 5514 Ούκ
350 5461 415 5515 ἂν
461 5463 547 5516 ὅτε
598 5463 672 5534 μὴ
709 5466 995 5538 ἐγχρονίζῃ
1041 5469 1068 5520 ὁ
1101 5467 1224 5530 νοῦς
1261 5468 1319 5521 ἐν
1361 5470 1472 5532 τοῖς
1499 5468 1674 5539 ψιλοῖς

114 5556 350 5624 νοήμασι
372 5555 479 5608 τῶν
505 5556 858 5627 πραγμάτων,
893 5559 990 5630 ἥδη
1023 5560 1115 5613 καὶ
1162 5561 1466 5631 προσευχῆς
1492 5561 1673 5616 κατεί-

113 5647 254 5716 ληφε
303 5648 493 5705 τόπον)
520 5648 739 5703 δύναται
783 5650 888 5723 γὰρ
935 5652 991 5703 ἐν
1031 5653 1094 5721 τῇ
1143 5651 1347 5722 θεωρία
1393 5648 1671 5706 εἶναιτῶν

115 5737 478 5807 πραγμάτων,
535 5738 627 5791 καὶ
660 5739 718 5793 ἐν
752 5742 862 5804 τοῖς
906 5739 1080 5810 λόγοις
1121 5741 1298 5796 αὐτῶν
1338 5742 1663 5814 ἀδολεσχεῖν,

1785 3257 1906 3295 rum
1964 3247 2268 3294 creatarum
2297 3278 2312 3303 ,
2348 3247 2403 3293 et
2447 3239 2580 3294 istas
2631 3247 2845 3308 propter
2891 3235 3203 3297 Dominum,
3252 3249 3342 3304 quo

1784 3347 1971 3387 earum
1998 3331 2264 3386 essentias
2298 3331 2539 3385 condidit
2567 3348 2578 3384 :
2605 3330 2719 3399 ipse
2742 3338 2920 3384 autem
2957 3328 3012 3382 in
3042 3337 3186 3382 statu
3221 3339 3332 3379 ora-

1784 3421 1951 3478 tionis
1983 3421 2315 3477 manifestari
2340 3423 2643 3476 consuevit.

2270 3532 2434 3606 439
2479 3530 2704 3588 CAPUT
2747 3530 2855 3588 LII.

1856 3639 2040 3696 Status
2077 3639 2339 3696 orationis
2401 3648 2486 3695 est
2541 3639 2756 3695 habitus
2794 3639 2999 3706 absque
3054 3637 3346 3708 passione.

1784 3751 1970 3792 amore
2000 3749 2211 3791 summo
2232 3733 2298 3788 ad
2322 3733 2698 3788 celsitudinem
2721 3732 3106 3803 intelligibilem
3133 3731 3346 3801 rapiens

1783 3839 2020 3884 mentem
2049 3821 2345 3897 sapientem
2373 3866 2387 3891 ,
2415 3835 2470 3881 et
2499 3825 2858 3895 spiritualem.

2363 3935 2592 3992 CAPUT
2627 3936 2761 3992 LIII.

1851 4053 1901 4110 Is
1930 4053 2024 4124 qui
2057 4052 2254 4109 festino
2283 4051 2454 4121 gradu
2484 4049 2762 4105 contendit
2788 4062 2914 4106 vere
2953 4059 3146 4113 orare,
3187 4059 3329 4115 opor-

1783 4155 1860 4202 tet
1887 4155 2079 4202 utnon
2113 4144 2289 4201 solum
2320 4143 2643 4206 iracundiae,
2671 4150 2834 4212 atque
2865 4137 3145 4209 cupiditati
3171 4136 3343 4192 domi-

1781 4240 1968 4306 netur‘,
2001 4252 2186 4294 \erum
2217 4237 2386 4291 etiam
2424 4235 2634 4290 alienus
2664 4235 2736 4290 sit
2770 4249 2800 4288 a
2831 4231 3155 4304 cogitatione
3179 4269 3194 4295 ,
3224 4244 3345 4299 quae

1781 4332 1983 4386 imbuta
2011 4331 2081 4386 sit
2103 4329 2374 4401 passione.

2356 4439 2589 4498 CAPUT
2627 4438 2761 4494 LIV.

1856 4558 1960 4624 Qui
1991 4566 2137 4612 amat
2165 4556 2332 4614 Deum
2351 4597 2368 4624 ,
2398 4571 2524 4612 cum
2550 4556 2687 4627 ipso,
2731 4563 2991 4624 tanquam
3019 4551 3180 4608 Patre
3203 4565 3335 4606 sem-

1785 4665 1880 4720 per
1915 4649 2240 4717 colloquitur
2263 4689 2280 4715 ,
2309 4658 2365 4704 et
2400 4656 2752 4705 conversatur
2772 4688 2789 4714 ,
2824 4661 3038 4703 omnem
3067 4657 3344 4700 aversatus

1784 4743 2164 4813 cogitationem
2187 4741 2439 4811 passione
2462 4740 2822 4811 inquinatam.

2377 4851 2604 4908 CAPUT
2642 4850 2752 4906 LV.

1841 4967 1958 5023 Non
1990 4967 2082 5037 qui
2113 4965 2440 5021 vacuitatem
2470 4965 2783 5034 passionum
2817 4971 2901 5019 est
2931 4962 3189 5032 adeptus,
3229 4961 3340 5031 jam

1772 5075 1914 5115 vere
1941 5074 2158 5130 quoque
2184 5065 2346 5122 orat,
2380 5065 2554 5128 potest
2590 5057 2785 5127 quippe
2832 5059 2885 5110 in
2936 5056 3095 5111 nudis
3136 5053 3338 5110 versari

1772 5151 2225 5222 cogitationibus,
2273 5149 2433 5218 inque
2488 5149 2728 5203 studium
2775 5149 2919 5218 ipsas
2949 5147 3338 5218 cognoscendi,

1719 5279 1729 5290 ι
1772 5258 1867 5299 seu
1890 5241 2150 5298 lustrandi
2173 5241 2432 5304 distrahi,
2462 5248 2516 5294 et
2544 5240 2698 5310 longe
2723 5241 2913 5295 abesse
2936 5255 2964 5293 a
2989 5239 3124 5295 Deo.

2352 5351 2581 5410 CAPUT
2620 5352 2753 5408 LVI.

1847 5466 1957 5522 Nec
1989 5481 2138 5533 vero,
2159 5469 2376 5537 quando
2400 5483 2550 5523 mens
2574 5467 2626 5522 in
2653 5467 2810 5523 nudis
2837 5481 3017 5522 rerum
3052 5461 3332 5533 cogitatio-

1777 5561 1937 5617 nibus
1960 5577 2067 5615 non
2096 5561 2188 5616 diu
2220 5563 2570 5626 immoretur,
2609 5561 2721 5630 jam
2751 5561 2916 5618 simul
2964 5555 3224 5614 orationis
3252 5555 3332 5610 lo-

1776 5668 1899 5707 cum
1933 5662 2014 5707 est
2043 5662 2325 5719 assecuta;
2360 5662 2535 5723 potest
2562 5653 2705 5709 enim
2759 5651 2815 5706 in
2869 5663 3053 5712 rerum
3096 5655 3330 5700 contem-

1771 5743 2004 5815 platione
2033 5744 2256 5809 versari,
2289 5745 2453 5815 inque
2481 5746 2722 5817 ipsarum
2743 5742 3097 5812 discursibus
3122 5735 3336 5792 assiduo
