3838 6056
509 276 646 346 1179

1953 303 2014 363 S.
2040 302 2205 364 NILI

3602 308 3732 374 11%

501 394 767 463 meditari,
824 416 965 469 quae,
1015 404 1137 462 licet
1188 408 1329 464 nuda
1383 411 1492 465 sint
1527 412 1725 479 verba;
1766 423 2040 480 attamen,

2168 416 2311 487 ιπερ,
2334 419 2427 472 καὶ
2455 420 2504 473 εἰ
2529 419 2657 489 ψιλά
2685 422 2906 492 ῥήματά
2939 424 3095 490 εἰσιν,
3128 422 3244 477 ἀλλ’
3267 424 3347 486 ὼς
3378 422 3731 491 πραγμάτων

495 482 659 554 490
691 501 873 559 utpote
896 509 1017 563 quae
1048 512 1227 554 rerum
1257 504 1741 574 contemplationes
1758 506 2049 572 exsistunt,

496 581 649 643 quasi
676 582 886 651 signum
914 589 1179 656 quoddam
1216 594 1522 666 insculpunt
1552 598 1609 652 in
1651 607 1849 665 mente,
1877 598 2051 653 abdu-

496 680 733 739 cuntque
764 679 953 763 procul
985 695 1015 735 a
1048 680 1179 739 Deo.

1058 794 1289 853 CAPUT
1326 798 1484 856 LVII.

567 894 827 963 Quamvis
876 922 1029 964 mens
1070 914 1201 967 citra
1236 920 1740 988 contemplationem
1782 937 2056 993 corporeae

497 995 704 1083 natura:
770 1007 1051 1069 versetur,
1107 1007 1345 1063 nondum
1396 1020 1572 1066 tamen
1619 1014 1914 1083 perfectum
1958 1014 2053 1070 Dei

497 1074 671 1135 locum
705 1095 788 1139 est
820 1095 1179 1164 contemplata
1210 1115 1223 1151 :
1258 1110 1435 1169 potest
1465 1074 1663 1173 quippe
1698 1105 1752 1159 in
1784 1106 2054 1177 cognitio-

2155 505 2281 560 ὄντα
2308 507 2480 579 θεωρή
2490 527 2656 579 ματα,
2680 512 2906 567 τυποῦσι
2930 514 3019 566 τὸν
3046 515 3190 581 νοῦν,
3222 515 3337 585 καὶ,
3360 513 3593 583 μακρὰν
3634 515 3732 566 ἀπ’

2156 596 2377 664 άγουσιν
2398 599 2504 651 ἀπὸ
2532 598 2687 654 Θεοῦ.

2736 803 2982 857 ΚΕΦΑΛ.
3014 798 3135 859 NZ'.

2227 909 2345 964 Κᾶν
2368 872 2511 984 ῦπὲρ
2551 914 2649 986 τὴν
2686 915 2918 987 θεωρίαν
2945 918 3046 989 τῆς
3085 916 3412 988 σωματικῆς
3444 914 3668 985 φύσεως
3705 918 3731 968 ὁ

2158 998 2282 1064 νοῦς
2304 998 2721 1074 γένηταὶῆοῦπω
2747 1009 2926 1063 τέλεον
2964 1009 3055 1063 τὸν
3089 1009 3184 1063 τοῦ
3210 1008 3349 1062 Θεοῦ
3373 1007 3549 1061 τόπον
3584 1006 3731 1060 ἐθεά-

2159 1109 2291 1149 σατο
2313 1111 2326 1125 ·
2363 1095 2582 1151 δύναται
2624 1101 2730 1171 γάρ
2756 1103 2813 1154 ἐν
2840 1106 2906 1175 τῇ
2935 1103 3043 1156 τῶν
3074 1101 3279 1173 νοητῶν
3319 1097 3471 1154 εἶναι
3500 1100 3729 1170 γνώσει,

496 1182 565 1222 ne
608 1187 783 1229 rerum
814 1178 1252 1243 intellectualium
1291 1193 1524 1257 versari,
1565 1203 1620 1249 et
1651 1196 1719 1249 ad
1763 1209 1882 1251 eam
1906 1197 2051 1253 varie

2168 1186 2253 1241 καὶ
2281 1190 2649 1246 ποικίλλεσθαι
2676 1194 2814 1264 πρὸς
2846 1196 3039 1266 αὐτήν.

497 1260 776 1334 distingui.

1052 1387 1279 1445 CAPUT
1316 1390 1493 1449 LVIII.

574 1492 628 1546 Si
662 1507 818 1550 orare
844 1497 977 1554 velis
998 1542 1012 1565 ,
1040 1499 1150 1556 Deo
1186 1513 1271 1558 est
1298 1521 1464 1576 opus,
1488 1508 1581 1578 qui
1610 1509 1701 1565 dat
1726 1512 1902 1566 oranti
1928 1527 2055 1567 ora-

498 1582 731 1650 tionem;
762 1586 919 1654 igitur
945 1590 1122 1660 ipsum
1152 1593 1364 1662 invoca,
1403 1598 1589 1655 dicens
1621 1618 1634 1653 :
1680 1620 1699 1652 ι
1737 1600 2054 1659 Sanctiﬁce—

497 1682 585 1725 tur
621 1690 816 1731 nomen
856 1687 1027 1746 tuum,
1060 1683 1308 1740 adveniat
1342 1703 1564 1759 regnum
1599 1700 1748 1745 tuum
1769 1693 1815 1725 "
1839 1735 1854 1759 ,
1891 1713 1911 1746 ι
1949 1696 2053 1750 hoc

2732 1393 2979 1449 ΚΕΦᾹΛ.
3010 1394 3147 1453 ΝΗ’.

2228 1500 2293 1554 El
2334 1502 2733 1572 προσεύξασθαι
2768 1507 2977 1578 βούλει,
3020 1507 3154 1562 Θεοῦ
3184 1507 3345 1579 χρεία
3370 1504 3474 1561 τοῦ
3506 1504 3735 1567 διδόντος

2158 1592 2323 1664 εὐχὴν
2353 1594 2430 1665 τῷ
2468 1596 2762 1670 εὐχομένην
2804 1600 2999 1655 ούκοῦν
3038 1600 3297 1654 ἐπικαλοῦ
3331 1599 3506 1653 αὐτὸν
3528 1598 3731 1665 λέγων,

2166 1703 2185 1737 ι
2205 1684 2548 1759 ’Δγιασθήτω
2569 1688 2629 1743 τὸ
2654 1689 2824 1761 ὄνομά
2853 1710 2971 1759 σου,
3000 1692 3198 1746 ἐλθέτω
3218 1694 3253 1763 ή
3288 1690 3551 1762 βασιλεία
3577 1706 3688 1748 σου,
3712 1708 3728 1739 ι

494 1775 578 1820 est
618 1764 851 1836 Spiritus
898 1782 1152 1842 sanctus,
1216 1788 1269 1833 et
1318 1776 1635 1851 Unigcnitus
1674 1782 1841 1839 Filius
1886 1794 2044 1852 tuus;

2168 1780 2391 1833 εουτέστι
2443 1781 2505 1834 τὸ
2564 1780 2717 1851 ἀγιον
2773 1784 3017 1856 Πνεῦμα,
3063 1785 3157 1839 καὶ
3200 1786 3230 1839 ὁ
3286 1784 3601 1855 μονογενής
3648 1799 3733 1834 σω

496 1857 579 1911 sic
607 1859 748 1913 enim
793 1862 1014 1930 docuit,
1058 1866 1284 1923 dicendo
1310 1909 1324 1933 ,
1365 1869 1418 1925 in
1462 1873 1701 1941 Spiritu,
1733 1883 1788 1929 et
1826 1877 2052 1931 veritate

495 1950 709 2005 adorari
747 1953 791 1984 ⁸⁰
836 1952 1028 2025 Deum,
1080 1959 1285 2016 scilicet
1317 1960 1528 2019 Patrem
1554 2006 1571 2033 ,
1616 1967 2052 2039 quandoquidem

495 2040 609 2097 haec
637 2045 736 2099 tria
770 2044 932 2103 Deus.

1062 2164 1290 2223 CAPUT
1325 2167 1459 2225 LIX.

562 2269 663 2338 Qui
705 2285 822 2329 orat
872 2277 924 2331 in
977 2278 1221 2350 Spiritu,
1270 2290 1325 2337 et
1373 2283 1640 2349 veritate,
1682 2302 1790 2341 non
1833 2299 2054 2358 pr0pter

491 2372 765 2419 creaturas
784 2367 1125 2426 Conditorem
1156 2373 1451 2430 honoriﬁce
1474 2375 1677 2443 laudat,
1707 2378 1799 2433 sed
1830 2389 2046 2450 prapter

491 2453 703 2522 ipsum,
756 2460 1011 2517 nimirum
1054 2463 1173 2534 ejus
1222 2480 1499 2531 amorem,
1540 2469 1787 2524 eumdem
1838 2470 2053 2542 hymnis

490 2547 713 2603 exaltat.

1077 2666 1304 2725 CAPUT
1340 2668 1453 2725 LX.

560 2774 617 2829 Si
644 2777 923 2850 theologus
949 2796 1029 2849 es,
1055 2798 1179 2839 vere
1207 2785 1410 2853 orabis,
1445 2785 1598 2857 sique
1630 2803 1758 2845 vere
1780 2790 2048 2859 oraveris,

488 2884 549 2925 es
581 2872 885 2943 theologus.

974 2989 1134 3061 (.91
1178 2990 1405 3049 CAPUT
1440 2992 1605 3050 ωλι,

562 3096 792 3163 Quando
815 3115 969 3154 mens
992 3100 1080 3156 tua
1105 3142 1121 3169 ,
1148 3106 1317 3159 multo
1346 3123 1573 3165 accensa
1602 3127 1726 3183 erga
1758 3112 1924 3168 Deum
1954 3113 2048 3168 de-
2072 3107 2122 3173 α

490 3188 711 3253 εἰιίενίο,
743 3190 1010 3245 tantillum
1038 3195 1191 3263 quasi
1238 3199 1449 3252 recedet
1475 3215 1506 3253 a
1540 3216 1723 3269 carne,
1755 3218 2050 3274 omnesque

489 3280 840 3349 cogitationes
872 3300 900 3336 a
932 3284 1225 3355 cupidiate,
1258 3297 1349 3344 aut
1380 3304 1411 3344 a
1441 3294 1721 3359 memoria,
1750 3303 1846 3349 aut
1878 3310 1910 3349 a
1935 3310 2050 3349 cor-

490 3373 638 3441 poris
669 3383 1090 3444 temperamento
1126 3376 1511 3450 procedentes,
1546 3397 1852 3455 aversatur,
1890 3391 2051 3443 devo-

490 3465 634 3520 tione
678 3467 927 3523 simulet
968 3470 1167 3539 gaudio
1202 3473 1434 3543 repleta,
1477 3486 1605 3532 tunc
1665 3479 1932 3536 arbitrare
1996 3489 2049 3537 te

488 3558 820 3627 operationis
841 3562 1087 3617 terminis
1112 3567 1594 3637 appropinquasse.

1058 3676 1286 3734 CAPUT
1318 3680 1477 3737 LXII.

559 3788 794 3855 Spiritus
836 3802 1055 3849 sanctus
1089 3793 1391 3851 inﬁrmitati
1430 3806 1630 3855 nostrae
1676 3802 2048 3871 compatiens,

491 3880 666 3945 nobis,
708 3883 956 3950 quamvis
988 3885 1187 3956 impuri
1222 3888 1415 3955 simus,
1441 3889 1693 3957 advenit;
1722 3892 1875 3962 sique
1902 3909 2052 3948 men-

489 3979 595 4024 tem
629 3982 865 4028 nostram
894 3975 1163 4032 invenerit
1187 3994 1308 4033 cum
1342 3995 1527 4037 amore
1551 3983 1792 4040 veritatis
1825 3985 1891 4040 ad
1923 4001 2048 4042 eum

486 4071 753 4127 orantem,
783 4082 945 4137 super
968 4068 1142 4139 ipsam
1171 4073 1432 4141 ascendit,
1459 4083 1799 4145 turmamque
1827 4092 2048 4133 omnem

487 4155 910 4226 cogitationum,
951 4174 1043 4217 aut
1080 4164 1361 4219 notionum
1388 4209 1402 4231 ,
1451 4183 1571 4235 qua:
1618 4166 1789 4237 ipsam
1839 4170 2046 4235 ambit,

490 4246 668 4313 delet,
715 4261 1036 4309 convertens
1076 4270 1195 4311 eam
1244 4258 1311 4312 ad
1353 4273 1516 4328 opera
1572 4260 1872 4329 spiritualis
1923 4277 2050 4317 ora-

489 4336 676 4394 tionis.

634 4438 635 4441 ‘
1041 4456 1275 4516 CAPUT
1314 4459 1497 4515 LXIII.

556 4563 746 4622 Caeteri
777 4570 993 4639 quidem
1020 4588 1116 4642 per
1139 4576 1385 4645 corporis
1413 4576 1845 4637 immutationem
1877 4582 2043 4639 menti

488 4654 787 4712 immittunt
819 4660 1203 4729 cogitationes,
1254 4680 1349 4721 seu
1383 4666 1630 4723 notiones
1654 4710 1669 4734 ,
1718 4680 1773 4725 et
1800 4673 2046 4741 specula-

488 4745 713 4802 tiones:
766 4749 909 4807 Deus
959 4764 1137 4809 autem
1187 4758 1519 4812 contrarium
1562 4761 1761 4825 allicit,
1810 4773 2042 4819 mentem

488 4837 758 4896 inscendit
794 4842 995 4912 ipsam;
1029 4846 1322 4902 immittens
1356 4851 1403 4904 ei
1447 4852 1857 4921 cogitationem,
1887 4866 2047 4926 prout

487 4930 633 4997 vult,
666 4926 934 5005 simulque
970 4953 1065 5007 per
1089 4948 1321 4995 mentem
1347 4982 1362 5008 ,
1400 4944 1651 5014 corporis
1684 4946 2047 5017 intemperati.

490 5021 618 5075 tiam
650 5026 988 5096 consopiens.

1042 5139 1269 5196 CAPUT
1302 5141 1486 5199 LXIV.

558 5249 728 5304 Nemo
750 5292 763 5316 ,
798 5267 939 5308 vera:
972 5255 1236 5312 orationis
1257 5272 1448 5314 amans
1471 5302 1486 5326 ,
1541 5260 1585 5315 si
1617 5261 1870 5317 irascitur
1896 5304 1910 5329 ,
1954 5274 2048 5321 aut

490 5342 808 5411 iniuriarum
842 5346 913 5431 sit
950 5364 1174 5416 memor,
1216 5366 1407 5421 expers
1439 5353 1543 5408 erit
1576 5354 1831 5423 insaniae;
1872 5361 2047 5428 persi-

490 5436 635 5491 milis
660 5452 895 5508 namque
922 5449 1005 5496 est
1039 5442 1235 5499 volenti
1274 5454 1432 5500 acute
1458 5460 1681 5502 cernere
1700 5489 1715 5515 ,
1755 5451 2048 5523 oculosque

492 5527 738 5593 proprios
763 5530 1102 5587 obturbanli.

562 5676 609 5709 "
644 5681 833 5737 Matth.
869 5700 940 5746 v1,
969 5686 1021 5750 9;
1048 5685 1178 5742 Luc.
1206 5705 1279 5755 ιι,
1310 5689 1363 5744 9..
1440 5692 1483 5727 ⁸ο
1511 5692 1665 5751 Joan.
1688 5710 1761 5765 tv,
1782 5698 1871 5755 25.

2156 1871 2281 1935 Υἱός
2303 1889 2317 1903 ο
2344 1872 2489 1927 οὕτω
2515 1874 2623 1947 γὰρ
2643 1876 2867 1940 ἐδίδαξε,
2910 1877 3111 1946 λέγων,
3167 1879 3225 1931 ἐν
3285 1877 3586 1946 Πνεύματι
3650 1875 3734 1926 καὶ

2153 1963 2382 2037 ἀληθείᾳ
2402 1966 2818 2035 προσκυνεῖσθαι
2846 1968 2937 2023 τὸν
2965 1969 3118 2035 Θεὸν,
3182 1968 3436 2022 τουτέστι
3481 1967 3583 2020 τὸν
3633 1966 3735 2019 ﬂa-

2152 2055 2307 2128 τέρα,
2329 2058 2450 2111 ἐπεὶ
2480 2058 2575 2113 καὶ
2601 2059 2668 2113 τά
2694 2061 2820 2131 τρία
2853 2060 3000 2125 Θεός.

2730 2175 2977 2229 ΚΕΦΔΛ.
3005 2174 3133 2229 NG’.

2248 2283 2291 2336 0
2316 2283 2375 2337 ἐν
2392 2284 2668 2356 Πνεῦματι
2716 2287 2809 2340 καὶ
2833 2288 3059 2360 ἀληθείᾳ
3083 2289 3533 2361 προσευχόμενος
3552 2286 3730 2340 οὐκέτι

2151 2372 2216 2428 ἐκ
2238 2373 2348 2427 τῶν
2380 2378 2695 2447 κτισμάτων
2720 2379 2811 2432 τὸν
2831 2380 3173 2452 Δημιουργὸν
3205 2380 3494 2452 γεραίρει,
3526 2378 3651 2432 ἀλλ’
3680 2378 3732 2442 ἐξ

2150 2463 2313 2519 αὑτοῦ
2336 2466 2495 2521 αὑτὸν
2531 2470 2777 2541 ἀνυμνεῖ.

2682 2694 2700 2714 ι
2744 2671 2991 2726 ΚΕΦΑΔ.
3016 2671 3091 2725 Ξ¹.

2220 2785 2283 2838 El
2305 2782 2554 2852 θεολόγος
2581 2779 2666 2852 εῖ¹,
2708 2786 2981 2861 προσεύξῃ
3024 2786 3239 2858 ἀληθῶς
3260 2826 3275 2852 ,
3307 2787 3403 2841 καὶ
3430 2787 3487 2840 εἰ
3515 2786 3734 2857 ἀληθῶς

2150 2875 2446 2949 προσεύξῃ,
2481 2876 2731 2948 θεολόγος
2753 2874 2823 2934 εἷ.

2732 2993 2984 3047 ΚΕΦᾹΛ.
3015 2991 3133 3047 ΞΝ.

2220 3100 2390 3155 Ὅταν
2419 3103 2448 3155 ὁ
2474 3100 2600 3166 νοῦς
2627 3118 2721 3155 σου
2764 3101 2845 3172 τῷ
2872 3102 3047 3174 πολλῷ
3080 3104 3215 3176 πρὸς
3258 3104 3349 3158 τὸν
3398 3104 3541 3158 Θεὸν
3584 3105 3734 3170 πόθῳ

2149 3192 2289 3245 κατὰ
2349 3193 2545 3263 μικρὸν
2601 3187 2713 3247 οἷον
2772 3194 3118 3265 ὑπαναχωρεῖ
3177 3195 3279 3266 τῆς
3346 3196 3577 3267 σαρκὸς,
3642 3200 3733 3250 καὶ

2147 3283 2325 3338 πάντα
2352 3284 2422 3337 τά
2454 3283 2514 3350 ἐξ
2557 3284 2921 3357 ἐνθυμήσεως,
2954 3286 2987 3356 ἦ
3018 3288 3268 3359 κράσεως
3293 3290 3548 3359 νοήματα
3589 3290 3730 3342 ﬁm-

2148 3375 2469 3447 στρέφηται,
2532 3376 2818 3442 εὐλαϐείας
2862 3377 3023 3449 ὁμοῦ,
3085 3379 3180 3433 καὶ
3232 3382 3410 3451 χαρᾶς
3472 3381 3730 3452 ἔμπλεως

2148 3469 2440 3540 γενόμενος
2468 3512 2483 3539 ,
2550 3470 2675 3525 τότε
2745 3470 2931 3542 νόμιζε
2971 3474 3263 3543 ήγγικέναι
3327 3475 3483 3546 ὅροις
3553 3492 3728 3547 προσ-

2146 3561 2334 3633 ευχῆς.

2737 3678 2987 3733 ΚΕΦΔΛ.
3012 3678 3130 3734 EB’.

2218 3790 2291 3843 Τὸ
2321 3791 2473 3859 ἆγιον
2488 3782 2711 3863 Πνεῦμα
2734 3793 3054 3865 συμπάσχον
3072 3797 3139 3866 τῇ
3161 3810 3413 3867 ημετερα
3441 3786 3719 3869 ασῢενειᾳ,

2142 3882 2242 3933 καὶ
2287 3880 2617 3953 ἀκαθάρτοις
2664 3879 2815 3938 οὖσιν
2859 3885 3115 3957 ἐπιφοιτᾷ
3146 3889 3300 3958 ἡμῖν,
3342 3890 3435 3941 καὶ
3481 3891 3531 3942 εἰ
3572 3890 3721 3960 εὖροι

2147 3966 2237 4018 τὸν
2265 3965 2388 4021 νοῦν
2421 3970 2453 4039 ή
2462 3968 2578 4039 μῶν
2605 3970 2912 4042 φιλαλήθως
2936 3974 3085 4046 αὐτῷ
3108 3978 3574 4048 προσευχόμενον,
3598 3980 3716 4033 ἐπι-

2148 4055 2322 4111 ϐαίνει
2366 4058 2537 4132 αύτῷ,
2580 4061 2676 4115 καὶ
2702 4061 2917 4116 ἃπασαν
2958 4066 3057 4135 τὴν
3089 4066 3393 4121 κυκλοῦσαν
3421 4069 3591 4122 αὑτὸν
3614 4072 3717 4123 τῶν

2146 4148 2443 4220 λογισμῶν,
2484 4151 2518 4224 ἢ
2560 4151 2667 4205 τῶν
2703 4154 2990 4225 νοημάτων
3038 4156 3325 4225 φάλαγγα,
3375 4157 3717 4227 ἐξαφανίζει,

2147 4242 2586 4313 προτρεπόμενον
2616 4242 2777 4298 αὑτὸν
2806 4247 2885 4308 εἰς
2906 4245 3041 4317 ἔργα
3067 4250 3443 4321 πνευματικῆς
3481 4268 3716 4320 προσευ-

2146 4332 2267 4403 xi:-

2724 4452 2972 4511 ΚΕΦᾹΛ.
3005 4456 3121 4511 ΞΓθ.

2214 4562 2278 4616 Οἱ
2316 4562 2416 4633 μὲν
2459 4563 2635 4619 λοιποὶ
2674 4566 2763 4621 διά
2796 4569 2897 4639 τῆς
2933 4569 3268 4635 ἀλλοιώσεως
3309 4570 3416 4641 ιτοῦ
3462 4571 3711 4642 σώματος

2144 4656 2430 4726 ἐμποιοῦσι
2449 4658 2527 4729 τῷ
2555 4659 2631 4731 νῷ
2663 4660 2977 4732 λογισμοὺς,
3008 4663 3040 4732 ἢ
3072 4665 3341 4734 νοήματα,
3380 4666 3478 4718 καὶ
3508 4666 3711 4739 θεωρή-

2148 4766 2310 4819 ματα.
2351 4749 2410 4801 '0
2445 4749 2501 4803 δέ
2541 4767 2605 4819 γε
2647 4750 2781 4816 Θεὸς
2822 4754 3129 4809 τούναντίον
3169 4756 3289 4827 δρᾷ,
3330 4756 3485 4826 αὐτῷ
3526 4758 3606 4827 τῷ
3642 4758 3708 4825 νῷ

2143 4838 2432 4904 ἐπιϐαίνει,
2472 4842 2565 4894 καὶ
2600 4841 2827 4908 ἐντιθεὶς
2858 4845 3006 4916 αὐτῷ
3043 4846 3241 4915 γνῶσιν
3264 4887 3280 4910 ,
3310 4846 3388 4909 ὡς
3427 4846 3705 4917 βούλεται,

2144 4931 2241 4985 καὶ
2266 4931 2354 4987 διά
2378 4931 2473 4987 τοῦ
2496 4933 2588 4987 νοῦ
2613 4933 2713 5007 τὴν
2744 4935 2836 4989 τοῦ
2866 4937 3115 5008 σώματος
3148 4938 3419 5009 ἀκρασίαν
3442 4941 3706 4993 κατευνά-

2145 5024 2276 5090 ζων.

2724 5139 2973 5195 ΚΕΦᾹΛ.
3003 5138 3116 5195 ΞΝ.

2214 5251 2401 5315 Οὐδεὶς
2432 5250 2571 5323 ἐρῶν
2599 5252 2831 5325 ἀληθοῦς
2851 5256 3155 5327 προσευχῆς
3174 5296 3189 5321 ,
3214 5256 3310 5310 καὶ
3329 5256 3705 5329 ὀργιζόμενος.

2146 5344 2181 5415 ἢ
2215 5344 2570 5415 μνησικακῶν
2599 5346 2754 5412 ἐκτός
2786 5348 2901 5400 ἐστι
2931 5348 3312 5419 παραπληξίας
3337 5364 3351 5378 '
3385 5351 3579 5420 ὅμοιος
3608 5351 3707 5420 γάρ

2146 5436 2263 5488 ἐστι
2282 5434 2358 5506 τῷ
2373 5435 2589 5501 ὀξυπεῖν
2610 5436 2835 5505 θέλοντι,
2870 5439 2965 5495 καὶ
2991 5440 3115 5504 τοὺς
3134 5440 3369 5504 οἰκείους
3398 5441 3705 5511 ὀφθαλμοὺς

2147 5528 2557 5600 ἐκταράσσοντι.
