3838 6056
15 303 191 371 1181
1421 308 1518 370 DE
1537 305 1647 367 ΟΒ.

1759 305 1938 366 ΙΟΝΕ.

651 429 899 483 ΚΕΦΑΛ.
928 428 1046 485 ΞΕ’.
1657 425 1706 482 Δ

103 538 194 595 EI
239 540 634 613 προσεύξασθαι
660 543 862 606 ποθεῖς,
896 543 1059 613 μηδὲν
1080 541 1187 595 τῶν
1207 541 1630 612 ἐναντιουμένων

14 633 95 703 τῇ
153 638 445 706 προσευχῇ
472 638 700 706 πρᾶττε,
732 637 818 690 ἵνα
844 639 870 691 6
896 637 1026 701 Θεὸς
1067 636 1290 705 ἐγγίσας
1322 637 1630 707 συμπορεύ-

19 727 229 793 σηταί
257 744 359 783 σοι.

2196 423 2358 496 492
2403 420 2629 478 CAPUT
2668 422 2826 476 va.
3149 305 3286 370 “82

1803 539 1860 595 Si
1891 555 2045 594 orare
2075 539 2348 594 desideras
2367 582 2380 604 ,
2413 538 2545 592 nihil
2578 553 2763 592 eorum
2792 536 2955 591 facias
2977 581 2989 602 ,
3018 554 3134 608 quae
3161 554 3286 592 ora-

1733 636 1861 690 tioni
1893 637 2162 689 contraria
2189 636 2347 706 sunt},
2394 643 2454 689 ut
2490 635 2630 690 Deus
2673 634 3110 703 apprOpinquans
3150 635 3284 701 tibi,

1730 737 1904 783 tecum
1935 727 2264 783 obambulet.

636 841 885 894 ΚΕΦΑΛ.
913 837 1044 906 Ξζῖ.

2288 840 2513 898 CAPUT
2548 839 2726 895 LXVI.

107 952 228 1022 Μὴ
259 953 594 1025 σχηματίζῃς
624 953 684 1006 τὸ
709 953 860 1007 Θεῖον
888 955 944 1006 ὲν
978 951 1151 1023 ἑαυτῷ
1178 951 1628 1024 προσευχόμενος,

22 1044 202 1114 μηδὲ
234 1046 368 1115 πρὸς
408 1047 618 1116 μορφήν
651 1061 772 1100 τινα
799 1045 1159 1115 συγχωρήσῃς
1194 1041 1503 1110 τυπωθῆναί
1538 1057 1630 1093 σου

18 1135 143 1188 τὸν
198 1136 326 1191 νοῦν
369 1151 384 1166 ⁶
414 1136 539 1202 ,ἀλλ’
575 1136 735 1200 ἀῦλος
772 1135 848 1206 τῷ
888 1134 1036 1206 ἀύλῳ
1089 1133 1330 1207 πρόσιθι,
1371 1134 1464 1186 καὶ
1509 1147 1632 1183 συν-

29 1227 130 1280 fas
142 1245 228 1292 ις.

1800 953 1908 1019 Ne,
1935 955 2078 1023 quod
2127 954 2365 1009 divinum
2398 965 2522 1018 est,
2564 954 2656 1007 tibi
2709 953 2808 1022 ipsi
2844 952 3129 1017 assimiles,
3165 967 3288 1007 cum

1731 1066 1886 1116 oras,
1946 1065 2042 1104 nec
2081 1049 2236 1119 juxta
2285 1051 2519 1119 aliquam
2567 1049 2792 1103 formam
2828 1049 3107 1116 permittas
3140 1058 3290 1103 tuam

1673 1203 1677 1213 ι
1730 1140 2000 1196 efformari
2045 1151 2301 1206 mentem,
2360 1141 2451 1195 sed
2487 1140 2826 1194 immateriali
2852 1181 2868 1207 ,
2912 1148 2966 1193 tu
3005 1140 3150 1195 velut
3187 1140 3294 1195 im-

1732 1235 2025 1291 materialis
2061 1234 2287 1302 accede,
2340 1251 2569 1306 cumque
2617 1236 2733 1305 ipso
2775 1235 2829 1288 in
2881 1250 3046 1288 unum
3089 1249 3292 1290 conve-

1732 1342 1870 1382 mes.

665 1453 914 1507 ΚΕΦΑΛ.
930 1449 1041 1509 ΞΖ’,

2277 1436 2505 1494 CAPUT
2535 1436 2741 1493 LXVII.

122 1570 420 1625 Φυλάττου
450 1569 548 1632 τὰς
584 1568 814 1636 παγίδας
850 1567 957 1621 τῶν
983 1565 1256 1622 ἐναντίων.
1285 1566 1497 1622 Γίνεται
1525 1567 1637 1640 γὰρ

1805 1549 2062 1620 Laqueos
2108 1549 2544 1605 adversariorum
2571 1549 2740 1614 evita;
2781 1547 2896 1602 ﬁeri
2934 1561 3169 1615 namque
3200 1561 3293 1601 so-

35 1666 107 1719 ὲν
177 1665 262 1735 τῷ
313 1663 706 1735 προσεύχεσθαί
755 1680 813 1716 σε
863 1661 1137 1730 καθαρῶς,
1189 1661 1284 1716 καὶ
1327 1662 1632 1732 ἀταράχως,

1759 1651 1887 1696 etut
1927 1642 2102 1696 oranti
2146 1642 2238 1696 tibi
2267 1659 2400 1711 pure
2454 1658 2518 1696 ac
2573 1643 2690 1696 sine
2728 1640 3130 1709 perturbatione
3155 1654 3290 1692 con-

37 1758 119 1812 ἀθ
131 1731 285 1828 ρόως
324 1731 604 1825 ἐπιστῆναί
629 1771 708 1807 σοι
746 1752 955 1825 μορφὴν
987 1753 1160 1824 ξένην,
1193 1753 1288 1807 καὶ
1316 1731 1630 1822 ἀλλόφυλον,

1759 1735 1914 1789 ’estim
1942 1743 2082 1789 astet
2128 1733 2299 1788 forma
2339 1733 2621 1802 peregrina
2669 1740 2723 1786 et
2764 1731 3091 1800 alienigena,
3135 1738 3194 1784 ut
3236 1739 3293 1785 te

39 1821 208 1921 προς
247 1850 306 1903 τὸ
332 1850 410 1913 είς
436 1821 611 1918 οἴησιν
641 1821 946 1915 ἀπαγαγεῖν
975 1863 1033 1899 σε
1060 1821 1363 1908 τοπάζοντα
1387 1821 1630 1898 τὸγθεῖον

1759 1844 1784 1880 n
1818 1826 1892 1880 tui
1943 1833 2281 1896 arrogantem
2335 1824 2788 1880 existimationem
2837 1823 3102 1886 inducat,
3161 1821 3292 1876 dum

41 1915 210 2006 ἐκεῖ,
266 1941 352 1994 ἵνα
407 1939 466 1992 τὸ
515 1915 740 2010 ἀθρόως
802 1937 1140 2007 ἐκκαλυφθὲν
1187 1954 1290 2000 σοι,
1358 1936 1520 1990 ποσὸν
1571 1935 1631 1990 τὸ

1759 1918 2013 1987 ιοιιίίοἱος,
2058 1917 2166 1983 ibi,
2220 1916 2443 1987 reperiri
2499 1915 2643 1985 quod
2684 1915 2926 1982 divinum
2974 1923 3097 1975 est,
3140 1919 3199 1966 ut
3223 1926 3291 1966 ex

39 2033 226 2086 Θείον
255 2029 394 2087 εἶναι
411 2031 593 2103 πείσῃο
619 2031 818 2084 ἀποσον
844 2028 901 2082 δὲ
922 2028 982 2082 τὸ
996 2029 1170 2094 Θεῖον,
1205 2029 1299 2084 καὶ
1330 2027 1635 2100 ἀσχημάτι-

42 2139 219 2179 στον.
1322 2135 1324 2137 ’

649 2335 898 2390 ΚΕΦΑΛ.
932 2333 1060 2387 ΞΗ’.

132 2451 316 2505 Ὅταν
353 2448 426 2519 μὴ
458 2445 659 2517 δυνηθῇ
690 2446 787 2516 τὴν
815 2445 1032 2516 μνήμην
1056 2444 1273 2513 κινῆσαι
1296 2446 1353 2496 ὲν
1373 2446 1439 2514 τῇ
1470 2461 1637 2514 προσ·

51 2543 206 2612 ευχῇ
234 2543 262 2594 ὁ
286 2538 541 2609 φθονερὸς
569 2537 794 2606 δαίμων,
825 2536 944 2588 τότε
982 2534 1079 2606 τὴν
1119 2535 1314 2605 κρᾶσιν
1335 2531 1426 2586 τοῦ
1449 2532 1636 2602 σώμα-

50 2648 160 2696 τος
193 2629 505 2694 ἐκσιάζεται
531 2629 610 2690 είς
640 2626 700 2680 τὸ
733 2626 952 2696 ποιῆσαι
984 2625 1140 2694 ξένην
1171 2623 1293 2677 τινά
1342 2623 1638 2690 φαντασίαν

51 2722 145 2794 τῷ
175 2721 278 2796 νῷ,
300 2723 392 2776 καὶ
417 2718 701 2792 μορφῶσαι
723 2718 901 2771 αὐτόν·
922 2720 948 2770 6
968 2718 1024 2770 δὲ
1047 2716 1184 2786 ἔχων
1209 2715 1326 2780 ἔθος
1355 2718 1412 2769 ὲν
1433 2717 1638 2794 νοῄμασ-

58 2788 182 2879 σίν,
219 2788 460 2885 εὐχερῶς
492 2788 827 2882 κάμπτεται,
854 2811 949 2863 καὶ
988 2809 1124 2880 πρὸς
1157 2809 1336 2876 άῦλον,
1366 2807 1459 2862 καὶ
1495 2788 1640 2861 ἀνεί-

59 2907 195 2962 δεον
205 2907 408 2975 γνῶσιν
427 2905 774 2975 ἐπειγόμενος
792 2904 1090 2967 ἀπατᾶται,
1102 2900 1307 2956 καπνὸν
1329 2901 1448 2954 ἀντὶ
1467 2897 1641 2970 φωτὸς

61 3000 341 3071 κατέχων.

659 3197 906 3251 ΚΕΦΑΔ.
942 3193 1057 3251 ΞΘ’.

139 3316 313 3386 Στῆθι
352 3313 445 3367 ἐπὶ
483 3311 582 3383 τῆς
628 3309 872 3380 φυλακῆς
921 3325 1016 3361 σου
1059 3306 1340 3375 φυλάττων
1387 3303 1479 3358 τὸν
1516 3303 1642 3357 νοῦν

71 3427 177 3463 σου
212 3409 321 3464 ἀπὸ
343 3405 629 3479 νοημάτων
681 3403 825 3457 κατὰ
853 3401 946 3455 τὸν
972 3398 1164 3469 καιρὸν
1187 3399 1288 3468 τῆς
1313 3396 1639 3469 προσευχῆς,

70 3501 274 3573 στῆναι
307 3499 398 3553 ἐπὶ
423 3500 488 3570 τῇ
519 3495 693 3572 οἰκεία
722 3493 944 3565 ἠρεμίᾳ,
986 3493 1072 3546 ἵνα
1100 3493 1128 3545 6
1157 3489 1489 3560 συμπάσχων
1530 3490 1642 3562 τοῖς

70 3593 357 3662 ἀγνοοῦσι,
397 3591 491 3645 καὶ
528 3590 610 3642 σοὶ
640 3587 983 3657 ὲπιφοιτήσῃ,
1016 3585 1109 3637 καὶ
1148 3585 1268 3638 τότε
1294 3580 1440 3653 λήψῃ
1476 3579 1644 3650 δῶρον

72 3687 388 3757 προσευχῆς
411 3680 795 3736 εὐκλεέστατον

668 3787 920 3842 ΚΕΦΑΛ.
966 3788 1044 3840 0'.

149 3907 231 3964 Οὐ
281 3907 482 3978 δυνήσῃ
553 3898 956 3973 προσεύξασθαι
1032 3895 1308 3967 καθαρῶς,
1361 3876 1646 3966 πράγμασι

75 3998 534 4071 συμπλεκόμενος
555 3996 782 4058 ύλικοῖς,
805 3993 898 4044 καὶ
923 3989 1164 4061 φροντίσι
1197 3988 1443 4058 συνεχέσι
1467 3985 1647 4040 δονού-

80 4111 271 4166 μενοςο
310 4089 583 4162 προσευχὴ
612 4087 720 4158 γάρ
751 4087 898 4139 ἐστιν
922 4082 1178 4146 ἀπόθεσις
1202 4081 1508 4152 νοημάτων.

668 4283 917 4336 ΚΕΦΑΛ.
947 4278 1070 4334 OA'.

160 4379 239 4435 οὗ
271 4379 491 4433 δύναται
529 4374 807 4445 δεδεμένος
849 4374 1096 4445 δραμεῖν,
1129 4369 1248 4424 οὐδὲ
1291 4367 1416 4431 νοῦς
1457 4366 1654 4421 πάθεσι

78 4468 354 4526 δουλεύων
378 4443 682 4538 προσευχῆς
718 4443 1091 4534 πνευματικῆς
1119 4462 1284 4514 τόπον
1317 4459 1461 4512 ἰδεῖν
1488 4457 1646 4511 ἕλκε-
1677 4443 1722 4498 Ῑ)

80 4579 182 4615 ται
206 4561 334 4630 γὰρ,
365 4559 456 4611 καὶ
475 4557 830 4628 περιφέρεται
858 4557 923 4608 ὲκ
943 4554 1036 4608 τοῦ
1058 4551 1336 4624 ὲμπαθοῦς
1360 4553 1648 4622 νοήματος,

84 4652 189 4708 καὶ
213 4650 310 4721 ούχ
336 4649 548 4703 ἵσταται
580 4647 890 4717 ἀκλόνητος.

674 4847 919 4900 ΚΕΦΑΛ.
949 4848 1068 4900 ΟΒ’.

173 4945 344 4999 Ἐπὰν
361 4941 615 5013 καθαρῶς
642 4940 847 5003 λοιπὸν,
876 4938 1128 5002 ἀπλανῶς
1156 4939 1247 4992 καὶ
1260 4937 1470 5007 ἀληθῶς
1498 4937 1657 5008 προσ·

90 5036 319 5108 εύχηται
348 5039 376 5089 ὁ
399 5035 520 5097 νοῦς
549 5033 610 5087 τὸ
646 5032 964 5105 τηνικαῦτα,
995 5033 1093 5085 οὐκ
1117 5031 1196 5085 ἔτι
1221 5034 1283 5085 ὲκ
1306 5031 1415 5084 τῶν
1439 5032 1657 5102 ἀριστε-

95 5131 207 5200 ρῶν
257 5129 583 5199 ύπέρχονται
628 5128 675 5179 οἱ
713 5126 986 5194 δαίμονες,
1027 5125 1143 5179 ἀλλ’
1200 5126 1262 5177 ὲκ
1305 5123 1411 5177 τῶν
1445 5123 1654 5188 δεξιῶνο

94 5221 441 5275 ὑποτίθενται
468 5219 574 5289 γὰρ
599 5219 746 5288 αὐτῷ
779 5217 933 5284 δόξαν
963 5216 1116 5278 Θεοῦ,
1158 5217 1252 5270 καὶ
1282 5216 1659 5286 σχηματισμόν

98 5333 222 5367 τινα
249 5312 356 5365 τῶν
389 5314 455 5382 τῇ
487 5312 733 5381 αἰσθήσει
782 5309 970 5378 φίλων,
1005 5309 1078 5370 ὡς
1111 5310 1284 5362 δοκεῖν
1315 5307 1533 5370 τελείως
1570 5323 1659 5360 τε·

97 5406 321 5476 τεῦχθαι
347 5405 506 5457 αὑτὸν
531 5403 622 5456 τοῦ
648 5403 778 5472 περί⁵
800 5403 1101 5472 προσευχῆς
1129 5400 1354 5454 σκοποῦ.
1384 5399 1552 5452 Τοῦτο
1579 5399 1659 5466 δὲ,

101 5498 303 5568 ἔφρασε
336 5494 643 5564 θαυμαστὸς
675 5493 766 5545 καὶ
804 5490 1098 5558 γνωστικδς
1132 5490 1290 5560 ἀνὴρ,
1324 5489 1426 5542 ὑπὸ
1446 5489 1536 5542 τοῦ
1564 5490 1661 5561 τῆς

103 5585 403 5649 κενοδοξίας
453 5583 654 5646 πάθους
693 5581 959 5652 γίνεσθαι,
1003 5581 1095 5633 καὶ
1137 5579 1241 5632 ὑπὸ
1286 5580 1379 5633 τοῦ
1413 5579 1664 5650 δαίμονος

104 5676 198 5731 τοῦ
230 5676 556 5745 ἁπτομένου,
600 5674 692 5729 τοῦ
730 5672 869 5730 κατά
899 5672 990 5728 τὸν
1022 5670 1320 5741 ἐγκέφαλον
1359 5671 1542 5739 τόπου,
1571 5672 1662 5727 καὶ

109 5769 269 5839 φλεψὶ
299 5767 604 5830 πάλλοντος.

1733 2011 2027 2081 improviso
2073 2009 2362 2064 revelatum
2399 2007 2494 2061 tibi
2525 2005 2870 2076 persuadeat,
2901 2004 3141 2058 divinum
3171 2016 3293 2056 esse

1732 2111 1992 2174 quantum
2028 2121 2042 2156 :
2083 2117 2271 2156 verum
2311 2100 2551 2154 divinum
2593 2112 2790 2152 numen
2841 2097 2958 2153 sine
2996 2094 3296 2165 quantitate

1733 2203 1836 2262 est,
1870 2203 2122 2272 caretque
2152 2193 2345 2263 ﬁgura.

2263 2299 2488 2358 CAPUT
2538 2298 2765 2354 LXVIII.

1805 2419 2032 2486 Quando
2078 2416 2292 2471 invidus
2348 2415 2557 2469 daemon
2607 2427 2714 2466 non
2754 2419 2927 2480 potest
2957 2409 3009 2463 in
3051 2407 3298 2463 oratione

1736 2511 2051 2568 memoriam
2080 2521 2438 2570 commovere,
2462 2514 2589 2559 tunc
2609 2501 2850 2572 corporis
2874 2506 3296 2568 temperamento

1735 2604 1845 2658 vim
1883 2600 2049 2656 infert
2079 2599 2146 2654 ad
2175 2596 2506 2652 causandam
2533 2595 2585 2648 in
2622 2592 2890 2646 intellectu
2924 2589 3158 2657 aliquam
3200 2602 3296 2657 pe-

1737 2694 2010 2766 regrinam
2050 2685 2524 2760 imaginationem,
2566 2685 2848 2754 ipsumque
2894 2680 3073 2748 aliqua
3120 2677 3298 2732 forma

1739 2784 2202 2856 componendum;
2237 2781 2340 2836 iste
2380 2792 2506 2832 vero
2537 2776 2622 2831 cui
2658 2789 2777 2828 mos
2808 2783 2890 2827 est
2925 2772 2980 2825 in
3017 2770 3301 2839 cogitatio-

1738 2881 1900 2936 nibus
1921 2877 2126 2934 versari
2178 2884 2232 2930 et
2257 2875 2481 2937 haerere,
2524 2869 2679 2924 facile
2709 2867 2940 2922 flectitur
2962 2909 2977 2933 ,
3011 2874 3063 2918 et
3098 2864 3165 2916 ad
3201 2863 3302 2916 im-

1738 2970 2072 3028 materialem
2124 2973 2396 3037 expertem
2421 2963 2608 3032 ﬁgurae
2626 2959 2989 3030 cognitionem
3013 2955 3300 3025 impulsus,

1661 3091 1706 3152 ρ
1740 3063 2029 3135 decipitur,
2059 3059 2267 3116 fumum
2299 3073 2398 3126 pro
2427 3055 2627 3110 lumine
2656 3051 2984 3120 suscipiens.

2189 3170 2351 3243 493
2400 3165 2629 3224 CAPUT
2665 3162 2851 3222 LXIX.

1811 3293 1907 3349 Sta
1930 3292 1983 3346 in
2011 3291 2088 3345 tui
2120 3288 2369 3344 custodia
2397 3293 2630 3341 mentem
2665 3292 2812 3338 tuam
2843 3293 3065 3337 servans
3092 3279 3145 3333 in
3172 3288 3304 3334 tem-

1739 3403 1874 3460 pore
1894 3384 2155 3442 orationis
2184 3399 2215 3437 a
2243 3377 2686 3451 c0gitationibus,
2713 3389 2808 3430 seu
2838 3371 3168 3436 nationibus,
3193 3384 3303 3439 quo

1743 3481 1798 3536 in
1843 3479 2058 3549 propria
2102 3475 2281 3546 quiete
2330 3484 2685 3542 permaneas,
2721 3477 2810 3530 ut,
2852 3465 2946 3535 qui
2978 3462 3304 3532 compatitur

1744 3570 2140 3642 ignorantibus,
2170 3565 2392 3620 ventitet
2418 3562 2580 3617 etiam
2607 3559 2674 3613 ad
2703 3567 2770 3622 te,
2803 3566 3040 3626 tuncque
3069 3554 3307 3611 celeber-

1743 3669 1945 3722 rimum
1974 3660 2240 3718 orationis
2268 3656 2551 3729 praemium
2587 3651 2920 3723 assequeris.

2301 3768 2528 3826 CAPUT
2583 3766 2742 3823 LXX.

1815 3891 1959 3946 Pure
1984 3903 2142 3943 orare
2172 3901 2280 3941 non
2314 3882 2518 3954 poteris
2541 3921 2556 3945 ,
2598 3881 2644 3935 si
2675 3875 3045 3933 materialibus
3076 3870 3306 3942 negotiis

1747 3987 1917 4044 fueris
1954 3985 2248 4055 implicitus
2271 4026 2285 4049 ,
2323 3980 2661 4047 assiduisque
2691 3975 2837 4031 curis
2873 3972 3147 4042 agitatus;
3181 3981 3306 4021 ora—

1750 4082 1827 4137 tio
1882 4079 2078 4150 quippe
2150 4083 2232 4129 est
2287 4071 2556 4142 depositio
2614 4084 2708 4124 seu
2760 4065 2984 4135 abjectio
3022 4059 3308 4131 cogitatio-

1751 4188 1905 4229 num.

2306 4273 2533 4330 CAPUT
2571 4270 2755 4326 LXXI.

1826 4377 2113 4433 Devinctus
2148 4383 2487 4440 nequaquam
2522 4378 2740 4420 currere
2768 4365 2983 4431 potest,
3025 4370 3123 4410 nec
3156 4367 3310 4407 mens

1751 4467 2095 4546 passionibus
2133 4461 2436 4518 inserviens
2471 4455 2667 4510 valebit
2715 4448 3011 4522 spiritualis
3051 4443 3310 4499 orationis

1752 4534 1929 4621 locum
1962 4556 2178 4621 videre;
2207 4550 2494 4606 attrahitur
2538 4545 2764 4616 quippe,
2804 4550 2856 4597 et
2883 4534 3257 4596 circumfertur
3281 4547 3309 4586 a

1753 4654 2079 4726 cogitatione
2118 4645 2323 4718 percita
2348 4639 2693 4713 passionibus
2719 4679 2734 4699 .
2779 4649 2955 4704 neque
2990 4635 3096 4685 stat
3134 4627 3313 4681 incon-

1753 4759 1935 4803 011853.

2294 4839 2525 4899 CAPUT
2561 4835 2768 4894 LXXII.

1824 4945 1993 5016 Igitur
2018 4937 2239 5012 quando
2262 4951 2420 5006 pure,
2454 4931 2738 4995 stabiliter,
2773 4943 2868 4982 seu
2903 4939 3012 4980 non
3043 4919 3315 4992 vagabun-

1757 5011 2096 5104 de,vereque
2121 5045 2277 5086 mens
2306 5036 2462 5092 oret,
2488 5041 2597 5081 non
2624 5022 2857 5092 amplius
2886 5034 2916 5074 e
2946 5016 3184 5073 sinistris
3217 5011 3315 5064 ad-

1757 5137 1980 5187 ventant
2007 5128 2298 5190 daemones,
2329 5121 2422 5176 sed
2451 5135 2482 5174 a
2511 5117 2713 5172 dextris
2739 5132 2752 5168 :
2781 5115 3316 5182 suggeruntnamque
3385 5095 3408 5108 '

1758 5223 1860 5295 ipsi
1898 5221 1992 5276 Dei
2030 5219 2289 5291 gloriam,
2320 5223 2374 5270 et
2397 5212 2686 5284 quamdam
2725 5206 3095 5278 ﬁgurationem
3129 5195 3314 5254 sensui

1759 5294 2070 5372 amabilium
2093 5351 2108 5376 ,
2151 5311 2226 5364 ita
2258 5317 2318 5362 ut
2347 5308 2592 5360 videatur
2632 5303 2745 5373 ipse
2788 5296 3021 5370 perfecte
3047 5294 3157 5362 jam
3192 5304 3315 5343 ora-

1759 5405 1924 5461 tionis
1957 5415 2180 5472 scopum
2219 5398 2494 5467 attigisse;
2552 5397 2654 5450 hoc
2700 5401 2877 5447 autem
2923 5385 3060 5439 dixit
3097 5379 3316 5472 quidam

1760 5495 2023 5554 mirabilis
2050 5503 2103 5549 et
2132 5493 2323 5548 doetus
2349 5489 2431 5543 vir
2463 5505 2493 5544 a
2523 5488 2768 5560 passione
2802 5493 2955 5535 vanae
2990 5471 3170 5544 gloriae
3196 5482 3321 5538 pro-

1762 5594 1948 5647 cedere
1973 5631 1988 5655 ,
2021 5597 2075 5642 et
2117 5600 2146 5640 a
2191 5585 2437 5640 daemone
2484 5588 2730 5654 tangente
2769 5569 2983 5633 cerebri
3011 5565 3185 5620 locum
3212 5598 3228 5626 9
3267 5566 3323 5614 ει

1762 5695 1928 5738 venas
1965 5682 2354 5737 commovente.
