3838 6056
537 258 593 325 ιε

579 290 599 327 ι

603 262 675 329 83
967 370 1154 447 494.
1177 369 1404 428 CAPUT
1440 367 1670 427 LXXIII.

608 482 872 538 Existimo
914 485 1061 554 quod
1099 485 1307 539 damon
1331 524 1347 545 ,
1381 482 1470 537 ubi
1510 482 1721 545 locum,
1754 496 1915 550 quem
1958 480 2103 546 dixi,

532 572 795 643 tetigerit,
826 574 1026 629 mentis
1065 572 1241 627 lucem
1285 572 1561 637 obvertat,
1600 570 1821 640 perinde
1858 585 1924 626 ac
1954 570 2103 633 vult,

534 666 720 735 sicque
759 663 961 723 moveri
1009 664 1313 733 passionem
1360 678 1513 717 vana:
1549 662 1769 731 gloriae,
1802 662 1928 715 dum
1965 661 2105 717 idem

535 755 734 810 format
768 764 998 809 mentem
1026 755 1083 809 in
1114 754 1490 825 cogitationem
1524 754 1712 807 leviter
1742 754 2063 808 sentientem
2085 794 2101 819 ,

536 834 611 900 ita
640 855 698 900 ut
733 846 961 901 fortnam
1010 847 1207 901 habeat
1249 847 1445 900 divinae
1499 862 1563 899 ac
1608 845 1980 900 substantialis
2012 859 2109 899 co-

542 938 824 1008 gnitionis.
858 938 959 992 Hic
992 938 1115 992 talis
1142 951 1269 993 vero
1303 939 1527 993 minime
1561 949 1786 992 vexatus
1814 951 1843 990 a
1874 935 2108 990 carnali-

537 1028 641 1083 bus
680 1037 841 1097 atquc
881 1029 1107 1097 impuris
1156 1029 1526 1098 passionibus,
1582 1028 1673 1083 sed
1718 1042 1849 1097 pure
1895 1035 2105 1091 astans,

538 1119 783 1184 videtur,
831 1119 935 1174 sibi
980 1135 1087 1174 non
1135 1122 1369 1191 amplius
1400 1120 1729 1177 contrariam
1772 1118 2010 1187 aliquam
2052 1117 2108 1171 in

539 1212 723 1281 seipso
767 1212 882 1266 ﬁeri
912 1214 1317 1281 Operationem;
1361 1216 1501 1269 unde
1535 1213 1845 1283 suspicatur
1870 1209 2108 1265 divinam

540 1318 661 1358 esse
698 1305 1088 1372 apparitionem
1115 1346 1130 1369 ,
1178 1320 1298 1374 qua:
1334 1304 1477 1361 facta
1517 1314 1602 1359 est
1642 1303 1747 1373 ipsi
1800 1317 1831 1355 a
1865 1301 2112 1355 daemone

459 1412 468 1425 ·
543 1396 845 1451 vehementi
876 1412 974 1451 uso
1003 1397 1235 1464 vafritie,
1262 1408 1315 1453 et
1344 1413 1441 1469 per
1468 1398 1752 1454 cerebrum
1786 1396 1959 1448 lucem
1982 1407 2113 1447 con-

544 1488 788 1558 iunctam
825 1490 1123 1557 alterante,
1163 1506 1226 1546 ac
1268 1492 1442 1562 ipsum
1465 1530 1480 1555 ,
1511 1498 1671 1561 prout
1698 1488 1964 1565 diximus:
2002 1483 2116 1539 τοτ’

548 1584 746 1629 mante.

1067 1711 1293 1767 CAPUT
1346 1710 1579 1769 LXXIV.

614 1831 707 1888 Dei
762 1836 986 1906 angelus
1033 1846 1215 1892 astans
1274 1839 1392 1894 solo
1454 1839 1618 1894 verbo
1667 1848 1919 1895 cunctam
1982 1852 2115 1908 ope-

545 1925 811 1981 rationem
858 1930 1156 1997 oppositam
1202 1946 1231 1982 ιι
1270 1920 1461 1985 nobis
1514 1946 1727 1986 cessare
1782 1930 1949 1997 facit,
1998 1945 2116 1985 mo-

546 2026 740 2089 vetque
775 2020 954 2075 lumen
998 2023 1194 2078 mentis
1226 2025 1290 2079 ad
1333 2026 1664 2094 operandum
1715 2025 1834 2080 sine
1872 2024 1983 2080 ullo
2023 2039 2114 2080 er-

549 2124 692 2165 rore.

1090 2248 1322 2305 CAPUT
1362 2248 1570 2307 LXXV.

618 2358 772 2426 Quod
831 2360 1046 2418 dicatur
1096 2363 1153 2418 in
1207 2363 1532 2438 Apocalypsi
1574 2363 1621 2398 ⁸¹
1668 2366 1913 2438 angelum
1971 2366 2115 2424 ferre

550 2454 882 2510 thuribulum
906 2458 1197 2514 sullimenti
1220 2501 1235 2526 ,
1275 2468 1335 2515 ut
1378 2459 1532 2514 daret
1568 2461 1633 2515 ad
1676 2460 1954 2515 orationes
1984 2474 2112 2516 san-

547 2554 789 2614 ctorum,
847 2549 1080 2604 arbitror
1120 2552 1263 2621 quod
1330 2553 1401 2609 sit
1436 2552 1549 2607 haec
1581 2551 1794 2621 gratia,
1842 2566 1963 2622 qua:
2017 2565 2113 2621 per

547 2639 795 2708 angelum
819 2639 1082 2695 ellicitur:
1108 2642 1243 2697 indit
1270 2642 1412 2697 enim
1442 2642 1805 2712 cognitionem
1830 2657 1971 2697 vera:
1987 2655 2110 2697 ora-

548 2730 751 2809 tionis,
806 2731 880 2785 ita
931 2740 992 2787 ut
1039 2748 1192 2787 mens
1241 2733 1497 2804 deinceps
1555 2741 1659 2789 stet
1700 2742 1851 2789 extra
1892 2747 2108 2791 omnem

547 2822 913 2893 agitationem,
942 2823 1210 2893 pigritiam
1251 2839 1315 2879 ac
1341 2826 1743 2897 negligentiam.

968 2934 1131 3007 (.95
1187 2935 1416 2992 CAPUT
1465 2936 1695 2993 LXXVI.

2025 260 2085 321 S.
2112 258 2275 321 NILI

2124 376 2173 432 Δ

3650 250 3784 315 1184

2784 366 3032 423 ΚΕΦΔΛ.
3063 366 3182 420 0P.

2274 478 2443 553 Οἶμαι
2494 482 2585 535 τὸν
2631 479 2856 551 δαίμονα
2915 480 3289 552 ἐφαπτόμενον
3336 478 3438 533 τοῦ
3489 481 3789 552 signium

2203 572 2370 627 τόπου
2396 572 2456 626 τὸ
2480 572 2607 643 περὶ
2630 571 2722 627 τὸν
2745 571 2868 625 νοῦν
2898 571 3013 640 φῶς
3037 570 3261 640 τρέπειν
3284 568 3479 633 καθὼς
3514 569 3790 640 βούλεται,

2205 666 2299 720 καὶ
2321 664 2462 719 οὕτω
2485 662 2748 718 κινεῖσθαι
2777 663 2837 716 τὸ
2859 663 2955 733 τῆς
2980 661 3284 726 κενεδοξίας
3305 660 3516 728 πάθος,
3550 664 3641 725 εὶς
3666 663 3776 731 Its-{1

2207 756 2342 828 σμὺν
2388 754 2694 827 μορφοῦντα
2745 753 2837 809 τὸν
2888 751 3011 807 νοῦν
3054 751 3253 821 κοῦφον
3294 753 3623 822 γνωμόνως
3670 759 3788 825 πρὸς

2204 849 2295 903 τὸν
2342 846 2690 917 ἀναπλασμὸν
2717 845 2817 916 τῆς
2859 842 3004 906 θείας
3038 843 3133 895 καὶ
3160 843 3464 906 οὐσιώδους
3510 844 3785 911 γνώσεως,

2208 938 2284 1010 μὴ
2330 936 2651 1008 ὀχλούμενος
2705 935 2762 989 δὲ
2805 935 2834 987 ὁ
2880 932 3118 997 τοιοῦτος
3169 933 3276 986 ὑπὸ
3329 934 3665 1005 σαρκικῶν,
3711 944 3785 989 zz:

2204 1028 2526 1099 ἀκαθάρτων
2556 1026 2762 1092 παθῶν,
2777 1024 2913 1079 ἀλλὰ
2935 1024 3187 1096 καθαρῶς
3202 1024 3368 1095 δῆθεν
3396 1026 3783 1095 παρεστηκὼς,

2205 1120 2353 1175 δοκεῖ
2396 1119 2596 1191 μηκέτι
2642 1116 2925 1187 ἐνέργειάν
2972 1133 3094 1171 τινα
3140 1118 3396 1171 ἐναντίαν
3441 1117 3701 1185 γίνεσθαι
3741 1120 3785 1170 ὲν

2208 1212 2402 1284 ἐαυτῷ,
2450 1212 2571 1267 ὅθεν
2613 1210 2906 1265 ὑποπτεύει
2952 1209 3101 1263 θεῖαν
3137 1205 3276 1263 εἶναι
3316 1210 3673 1279 ἐπιφάνειαν

2207 1306 2505 1374 γενομένην
2545 1302 2693 1373 αὺτῷ
2718 1300 2824 1355 ὑπὸ
2866 1300 2959 1354 τοῦ
2997 1300 3269 1372 δαίμονος,
3309 1301 3417 1355 καὶ
3454 1299 3786 1373 μορφοῦιηος

2209 1395 2389 1461 αὑτὸν,
2428 1394 2609 1459 καθῶς
2638 1392 2974 1467 προέφαμεν.

2780 1723 3028 1776 ΚΕΦΑΛ.
3073 1722 3188 1777 οΔ¹.

2292 1831 2353 1886 '0
2383 1830 2478 1887 τοῦ
2507 1831 2642 1886 Θεοῦ
2674 1832 2900 1902 ἄγγελος
2946 1830 3171 1896 ἐπιστάς
3209 1831 3358 1903 λόγῳ
3388 1834 3557 1905 μόνῳ
3588 1828 3783 1888 6mm

2209 1920 2310 1993 τὴν
2334 1922 2713 1992 ἀντικειμένην
2752 1922 3032 1991 ἐνέργειαν
3068 1918 3230 1973 παύει
3259 1920 3323 1985 ἐξ
3362 1920 3571 1991 ἡμῶν,
3602 1920 3695 1971 καὶ
3720 1935 3781 1969 ar;-

2208 2014 2293 2068 νεῖ
2313 2013 2375 2069 τὸ
2400 2014 2514 2083 φῶς
2539 2013 2634 2067 τοῦ
2656 2012 2745 2067 νοῦ
2771 2010 3027 2075 ἀπλανῶς
3055 2013 3318 2084 ἐνεργεῖν.

2778 2231 3027 2287 ΚΕΦΔΛ.
3064 2229 3189 2285 OE'.

2280 2349 2355 2404 Τδ
2391 2348 2571 2418 λέγειν
2615 2347 2674 2401 ἐν
2705 2349 2771 2419 τῇ
2815 2343 3174 2415 ’Δποκαλύψει
3203 2342 3553 2415 κομίζεσθαι
3584 2342 3683 2396 τὸν
3704 2344 3780 2409 ἆγ-

2209 2442 2363 2514 γελον
2393 2442 2641 2513 θυμίαμα
2668 2439 2756 2495 ἵνα
2779 2438 2854 2511 δῷ
2882 2440 2961 2504 είς
2988 2439 3088 2504 τὰς
3118 2438 3436 2509 προσευχάς
3457 2438 3583 2491 τῶν
3612 2438 3779 2506 ἁγίων,

2209 2531 2362 2608 οἶμαι
2391 2536 2490 2605 τὴν
2518 2534 2677 2605 χάριν
2716 2528 2853 2587 εἶναι
2883 2534 3089 2604 ταύτην
3126 2532 3212 2586 διὰ
3243 2529 3338 2584 τοῦ
3367 2530 3628 2600 ἀγγέλου
3654 2532 3779 2599 ἐνερ-

2208 2627 2478 2699 γουμένην
2506 2643 2520 2658 ο
2548 2625 2745 2696 γνῶσιν
2774 2626 2881 2697 γὰρ
2920 2627 3139 2698 ἐμποιεί
3164 2624 3261 2697 τῆς
3293 2623 3545 2698 ἀληθοῦς
3574 2641 3782 2695 προσευ-

2209 2722 2331 2791 χῆς,
2363 2718 2503 2772 ὥστε
2522 2718 2743 2772 ἑστάναι
2769 2718 2954 2772 λοιπὸν
2987 2717 3142 2781 ἐκτὸς
3171 2716 3373 2781 παντὸς
3402 2716 3641 2778 κλόνου,
3666 2718 3780 2785 ειη-

2204 2812 2326 2878 δίας
2347 2828 2427 2877 τε,
2454 2810 2549 2865 καὶ
2580 2811 2872 2882 ὀλιγωρίας
2889 2810 2982 2865 τὸν
3013 2810 3159 2865 νοῦν.

2776 2955 3026 3009 usus.
3057 2955 3193 3022 oq'.

618 3046 816 3101 Phiale
881 3048 1358 3106 odoramentorum
1406 3052 1452 3084 ⁸¹
1524 3051 1781 3106 dicuntur
1837 3050 2108 3107 orationes

2276 3070 2345 3123 AI
2371 3068 2559 3139 φιάλαι
2588 3068 2698 3124 τῶν
2726 3069 3085 3140 θυμιαμάτων
3113 3068 3169 3122 αἱ
3191 3068 3505 3141 προσευχαὶ
3537 3064 3686 3122 εἶναι
3712 3068 3781 3121 λέ-

550 3153 671 3194 esse
707 3151 1021 3197 sanctorum
1050 3181 1067 3208 ,
1118 3158 1254 3215 quas
1282 3143 1523 3201 seniores
1553 3143 1745 3216 viginti
1774 3152 2005 3215 quatuor
2031 3143 2114 3200 Ie-

554 3240 699 3286 ΐυῐιι.

1075 3367 1305 3425 CAPUT
1343 3367 1599 3425 LXXVII.

618 3476 1048 3561 Existimandnm
1080 3489 1258 3535 autem
1288 3489 1392 3545 est,
1421 3482 1654 3552 phialam
1707 3495 1945 3537 amorem
1993 3496 2119 3538 esse

549 3588 676 3642 erga
725 3571 889 3627 Deum
918 3614 934 3639 ,
1001 3572 1113 3628 sire
1162 3571 1449 3641 perfectam
1483 3583 1538 3627 et
1577 3572 1905 3643 spiritualem
1937 3571 2117 3628 chari~

550 3672 747 3728 tatem,
794 3664 849 3718 in
888 3678 994 3735 qua
1046 3663 1321 3733 perﬁcitur
1360 3661 1536 3717 oratio
1564 3662 1619 3717 in
1655 3661 1859 3733 Spiritu
1900 3671 1954 3718 et
1976 3660 2118 3716 veri-

552 3765 678 3810 tate.

1059 3887 1287 3947 CAPUT
1319 3886 1603 3944 LXXVIII.

620 3996 757 4053 Cum
800 3998 1048 4068 opinatus
1074 3998 1243 4057 fueris
1290 4012 1341 4056 te
1390 4016 1498 4055 non
1546 4015 1706 4073 egere
1761 4000 2012 4074 lacrymis
2060 3998 2117 4055 in

510 4164 529 4181 ι
548 4086 797 4143 oratione
825 4097 916 4143 tua
940 4098 1158 4159 propter
1186 4099 1407 4160 peccata
1426 4130 1441 4154 ,
1483 4088 1689 4160 dispice
1719 4100 1982 4161 quantum
2018 4089 2118 4143 ab-

550 4177 721 4235 fueris
740 4196 770 4233 a
792 4180 920 4247 Deo,
946 4197 1067 4239 cum
1087 4183 1311 4239 deberes
1333 4183 1481 4238 omni
1507 4193 1748 4255 tempore
1785 4184 1841 4239 in
1881 4198 1948 4240 eo
1972 4197 2116 4251 esse,

549 4280 604 4327 et
635 4271 863 4328 calidius
894 4272 1302 4344 lacrymaberis.

1074 4408 1301 4467 CAPUT
1347 4408 1583 4468 LXXIX.

622 4519 871 4577 Profecto
899 4538 1181 4581 mensuras
1214 4534 1335 4583 tuas
1366 4537 1700 4593 agnoscens,
1739 4522 1977 4578 suaviter
2022 4521 2107 4578 lu-

2212 3180 2397 3233 γονται
2416 3163 2522 3218 τῶν
2534 3162 2722 3233 ἁγίων,
2742 3161 2809 3226 ἃς
2821 3161 3254 3232 εἰκοσιτέσσαρες
3274 3160 3659 3233 πρεσϐύτεροι
3682 3160 3782 3211 ἐπι·

2214 3256 2491 3329 φέρονται.

2788 3387 3040 3442 ΚΕΦΔΔ.
3070 3388 3187 3442 ΟΖ’.

2283 3501 2482 3574 Φιάλην
2509 3501 2564 3557 δὲ
2593 3500 2933 3572 ὑποληπτέον
2968 3500 3068 3573 τὴν
3094 3502 3230 3575 πρὸς
3261 3500 3395 3556 Θεὸν
3434 3501 3653 3571 φιλίαν,
3679 3502 3774 3570 ἦτοι

2214 3594 2313 3665 τὴν
2356 3593 2566 3647 τελείαν
2590 3594 2686 3647 καὶ
2713 3593 3085 3665 πνευματικὴν
3110 3594 3352 3665 ἀγάπην,
3382 3595 3442 3647 ἐν
3554 3595 3590 3664 ἡ
3626 3609 3772 3664 προσ·

2216 3689 2348 3757 ευχὴ
2372 3687 2671 3757 ἐνεργεῖται
2700 3687 2758 3740 ἐν
2784 3684 3060 3756 Πνεύματι
3095 3685 3191 3739 καὶ
3220 3685 3473 3757 ἀληθείᾳ.

2786 3887 3035 3943 ΚΕΦΛΛ.
3067 3889 3173 3942 OH’

2287 3999 2455 4054 Ὅταν
2481 3998 2638 4073 δόξῃς
2667 3998 2743 4073 μὴ
2789 3999 2997 4055 δεῖσθαι
3027 3998 3279 4068 δακρύων
3301 4000 3361 4053 ὲν
3388 4001 3456 4071 τῇ
3501 4002 3764 4071 “map:

2216 4109 2311 4147 σου
2356 4090 2425 4146 δι’
2480 4092 2773 4164 ἀμαρτίας,
2801 4092 2993 4146 σκόπει
3054 4092 3221 4145 πόσον
3264 4091 3587 4163 ἀφέστηκας
3627 4091 3767 4149 Θεοῦ.

2215 4185 2446 4256 ὀφείλων
2490 4181 2627 4240 εἶναι
2667 4186 2726 4240 ἐν
2755 4184 2903 4257 αὐτῷ
2944 4183 3032 4240 διὰ
3057 4185 3289 4250 παντὸς,
3328 4185 3425 4239 καὶ
3454 4184 3769 4257 θερμότερον

2215 4276 2450 4349 δακρύσε
2459 4295 2526 4345 ις.

2792 4407 3041 4463 ΚΕΦΑΛ.
3076 4407 3195 4464 ΟΘ’.

2278 4522 2386 4577 Ναὶ
2415 4522 2523 4593 μὴν
2548 4519 2923 4589 ἐπιγινώσκων
2949 4520 3017 4575 τά
3042 4519 3217 4591 μέτρα
3241 4536 3357 4585 σου,
3381 4518 3557 4591 ἡδέως
3579 4519 3762 4589 πενθή-

551 4610 737 4679 gebis,
792 4613 1048 4669 miserum
1086 4630 1562 4682 aerumnosumque
1603 4614 1833 4684 teipsum
1870 4616 2111 4671 vocitans

2227 4612 2643 4679 τεις.ταλανίζων
2662 4613 2853 4666 ἐαυτὸν
2866 4612 3006 4666 κατά
3017 4612 3106 4665 τὸν
3120 4612 3451 4678 Ἦσαῒαν,ὠς
3477 4611 3761 4682 ἀκάθαρτος

554 4700 850 4756 secundum
887 4701 1077 4783 Isaiam
1105 4703 1184 4768 ⁸³,
1215 4702 1358 4772 quod
1375 4718 1495 4758 cum
1524 4703 1760 4772 pollutus
1783 4704 1859 4758 sis
1878 4746 1893 4770 ,
1923 4712 1976 4758 et
1998 4704 2113 4773 pol-

553 4791 665 4847 luta
694 4794 839 4849 labia
881 4794 1117 4861 habeas,
1172 4802 1228 4849 et
1284 4795 1339 4848 in
1381 4794 1560 4851 medio
1599 4794 1782 4865 populi
1822 4796 1945 4852 talis
1973 4796 2116 4851 exsi-

2210 4706 2403 4771 ὣν,καὶ
2422 4705 2705 4777 ἀκάθαρτα
2724 4704 2873 4776 χείλη
2900 4703 3059 4775 ἔχων,
3082 4703 3174 4756 καὶ
3198 4704 3256 4756 ἐν
3279 4703 3429 4774 μέσῳ
3446 4703 3580 4757 λαοῦ
3607 4702 3756 4755 τοιού-

2206 4816 2300 4853 του
2361 4799 2639 4870 ὑπάρχων,
2690 4795 3001 4851 τούναντίον
3055 4795 3257 4866 τολμᾷς
3297 4796 3491 4867 Κυρίῳ
3557 4792 3755 4849 Σαϐαὼθ

554 4896 704 4956 stas,
766 4897 821 4944 tu
876 4903 909 4944 e
956 4887 1229 4944 contrario
1268 4888 1434 4945 audes
1492 4888 1719 4947 Domino
1777 4889 2110 4947 exercituum

2227 4893 2565 4964 παρεστάναι.

553 4986 753 5032 astare.

1098 5108 1327 5166 CAPUT
1366 5110 1578 5169 LXXX.

626 5227 683 5282 Si
712 5241 839 5282 vere
871 5227 1112 5282 oraveris
1137 5271 1152 5294 ,
1185 5228 1555 5297 plenissimam
1588 5226 1888 5296 comperies
1918 5226 2075 5282 ﬁdem
2097 5266 2115 5293 ,

558 5334 654 5375 seu
696 5317 1177 5384 certilicationem,
1222 5330 1276 5374 et
1328 5321 1393 5374 ad
1444 5327 1496 5373 te
1536 5317 1709 5387 angeli
1752 5317 2108 5387 convenient,

2807 5110 3060 5165 ΚΕΦΔΛ.
3095 5109 3177 5165 Π’.

2295 5226 2421 5282 Ἐἀν
2442 5225 2655 5297 ἀληθῶς
2680 5222 2976 5298 προσεύχῃ,
3000 5222 3198 5294 πολλὴν
3220 5221 3599 5294 πληροφορίαν
3612 5222 3750 5292 stipi;

2217 5338 2351 5390 σεις,
2378 5320 2474 5376 καὶ
2492 5319 2711 5390 ἄγγελοι
2758 5314 3166 5372 συνελεύσονταί
3200 5332 3281 5370 σοι
3309 5315 3407 5370 καὶ
3435 5316 3562 5381 τοὺς
3587 5314 3748 5383 λόγους

558 5419 612 5465 et
667 5408 901 5465 rationes
950 5425 1137 5465 eorum
1165 5451 1180 5476 ,
1224 5426 1343 5480 qua:
1396 5410 1559 5473 ﬁunt,
1602 5408 1657 5462 in
1703 5409 1877 5464 lucem
1931 5408 2111 5479 profe-

2227 5413 2322 5469 τῶν
2349 5410 2647 5486 γινομένων
2674 5408 2955 5483 φωτιοῦσι.

560 5510 694 5556 rent.

633 5676 673 5709 "
715 5679 879 5747 Apoc.
915 5694 1032 5743 vin,
1061 5679 1125 5733 ’5.
1192 5678 1236 5709 ³²
1273 5677 1436 5749 Apoc.
1475 5694 1527 5747 ν,
1556 5680 1609 5735 8.
1684 5678 1731 5712 ⁸³
1758 5677 1865 5735 Isa.
1888 5692 1963 5746 vi,
1988 5677 2042 5732 5.
