3838 6056
1451 312 1550 372 DE
1585 311 1986 373 ORATIONE.

693 421 945 478 ΚΕΦΔΔ.
982 423 1105 477 ΠΔθ.
1712 430 1758 488 Α

166 531 450 598 Γίνωσκε,
499 531 692 604 ὅτιπερ
730 535 781 588 οί
823 534 967 604 ἅγιοι
1015 535 1235 605 ἄγγελοι
1288 537 1684 608 προτρέπονται

77 620 259 692 ἡμᾶς
300 624 380 688 είς
416 626 747 699 προσευχὴν,
781 628 875 680 καὶ
902 628 1379 699 συμπαρίστανται
1404 631 1535 700 ἡμῖν
1561 629 1684 700 χαίο

75 728 305 782 ροντες
338 718 475 787 ἅμα,
510 719 606 770 καὶ
631 718 1056 791 προσευχόμενοι
1096 720 1238 791 ὐπέρ
1266 720 1439 791 ἡμῶν·
1467 720 1564 774 ἐὰν
1590 717 1684 776 οὗν

73 802 500 878 ἅμελήσωμεν,
523 810 616 864 καὶ
634 809 913 881 δεξώμεθα
935 811 1228 880 λογισμοὺς
1266 812 1542 876 ἐναντίους
1560 812 1682 867 λίαν

71 904 488 976 παροξύνομεν
521 906 738 971 αὐτοὺς.
756 907 939 979 ὅτιπερ
965 908 1105 979 ὑπὲρ
1132 907 1288 978 ἡμῶν
1325 907 1681 976 ἀγωνίζονται

68 995 385 1060 τοσοῦτον,
416 998 577 1067 ἡμεῖς
612 997 670 1052 δὲ
701 998 819 1053 οὐδὲ
853 999 993 1069 ὑπὲρ
1017 998 1223 1051 ἑαυτῶν
1246 999 1545 1070 βουλόμεθα
1567 1002 1680 1055 ίκε-

66 1086 305 1141 σπεῦσαι
348 1088 438 1141 τὸν
472 1088 604 1141 Θεόν
630 1105 643 1117 ·
694 1089 827 1143 ἀλλὰ
870 1090 1336 1160 καταφρονοῦντες
1368 1091 1465 1161 τῆς
1500 1090 1679 1145 αὐτῶν

68 1173 473 1252 λειτουργίας,
511 1183 603 1235 καὶ
629 1181 720 1237 τὸν
754 1181 959 1236 τούτων
991 1182 1144 1245 Θεὸν,
1173 1183 1268 1237 καὶ
1289 1182 1562 1253 Δεσπότην
1583 1200 1679 1237 κα-

68 1266 545 1338 ταλιμπάνοντες
625 1270 876 1343 δαίμοσιν
946 1270 1280 1345 ἀκαθάρτοις
1348 1270 1677 1342 ἐντυγχάνο-

78 1367 233 1421 μεν.

85 300 107 367 Ι
125 307 262 373 185
638 308 641 309 ⁷
1451 312 1550 372 DE
1585 311 1986 373 ORATIONE.
3203 318 3342 388 1186

2208 426 2383 500 v.93
2417 426 2643 485 carur
2675 427 2910 485 LXXXI.

1851 537 2044 603 Nosce,
2073 538 2217 610 quod
2240 541 2415 596 sancti
2438 541 2613 611 angeli
2647 556 2745 597 nos
2778 544 3014 600 excitant
3042 544 3107 600 ad
3136 546 3344 601 oratio-

1780 641 1935 694 nem,
1971 639 2025 683 et
2066 645 2174 685 una
2202 632 2484 687 nobiscum
2521 642 2738 698 astant,
2776 635 3070 704 gaudentes
3101 637 3263 693 simul
3290 645 3345 693 et

1780 732 1997 776 orantes
2035 736 2135 792 pro
2172 724 2367 789 nobis;
2405 726 2450 779 si
2482 720 2645 796 igitur
2674 724 3095 795 neglexerimus,
3120 736 3176 781 et
3214 743 3344 782 con-

1780 813 1973 869 trarias
1996 817 2395 886 susceperimus
2420 819 2804 887 cogitationes,
2831 818 2983 873 valde
3008 818 3344 874 irritabimus

1779 902 1962 973 ipsos,
1995 905 2136 975 quod
2178 906 2216 961 ii
2258 921 2358 976 pro
2388 908 2546 963 nobis
2582 916 2861 979 tantopere
2892 911 3199 975 decerteut,
3244 924 3344 963 nos

1779 1010 1906 1050 vero
1938 1010 2037 1051 nec
2066 1012 2162 1066 pro
2200 999 2357 1055 nobis
2396 1000 2533 1070 ipsis
2576 1001 2823 1055 volumus
2852 1002 3158 1072 supplicare
3200 1000 3338 1065 Deo,

1779 1085 1876 1140 sed
1912 1101 2099 1141 eorum
2126 1098 2535 1144 contemnentes
2562 1090 2924 1145 ministerium
2946 1134 2959 1155 ,
2988 1092 3340 1161 ipsorumque

1776 1173 1942 1229 Deum
1983 1190 2046 1230 ac
2104 1175 2391 1231 Dominum
2430 1178 2867 1250 derelinquentes
2891 1220 2906 1246 ,
2950 1179 3177 1247 impuris
3214 1193 3339 1232 cum

1774 1267 2111 1325 (temonibus
2146 1284 2552 1327 conversamur.

688 1469 935 1543 item.
966 1471 1090 1527 ne.

170 1575 483 1647 Προσεύχου
511 1579 785 1645 ἐπιεικῶς,
815 1582 909 1635 καὶ
934 1582 1239 1654 ἀταράχως,
1258 1581 1350 1636 καὶ
1369 1581 1536 1653 ψάλλε
1553 1600 1677 1638 συν-

76 1668 244 1733 ετῶς
275 1669 370 1722 καὶ
412 1669 718 1742 εὐρύθμως,
750 1673 845 1727 καὶ
897 1672 996 1747 ἔσῃ
1035 1674 1110 1739 ὼς
1155 1674 1371 1740 νεοσσὸς
1401 1674 1561 1729 ἀετοῦ
1614 1677 1676 1730 ὲν

80 1759 231 1830 ὕψει
257 1762 561 1833 αἰρόμενος.

678 1880 926 1937 ΚΕΦΔΛ.
958 1882 1080 1938 III".

177 1986 247 2042 'H
293 1989 394 2059 μὲν
432 1988 714 2063 ψαλμῳδία
750 1992 818 2047 τὰ
869 1994 1015 2066 πάθη
1062 1996 1399 2063 κατευνάζει,
1430 1997 1526 2052 καὶ
1563 1994 1666 2069 τὴν

82 2078 371 2149 ἀκρασίαν
402 2081 495 2135 τοῦ
526 2082 774 2155 σώματος
817 2087 1041 2158 ἠρεμεῖν
1078 2090 1469 2161 ἀπεργάζεται.
1514 2088 1578 2144 'II
1605 2090 1663 2145 δὲ

83 2176 379 2246 προσευχὴ
406 2177 646 2249 ἐνεργεῖν
686 2181 1093 2250 παρασκευάζει
1120 2182 1212 2236 τὸν
1239 2182 1363 2238 νοῦν
1390 2183 1491 2256 τὴν
1526 2183 1662 2238 ίδίαν

83 2266 184 2317 ὲνέ
197 2282 408 2335 ργειαν.

651 2382 922 2454 ΧΕΦΑΛ.
969 2387 1091 2442 ων.

165 2495 450 2568 Προσευχη
517 2497 632 2551 ἐστὶ
702 2498 983 2571 πρέπουσα
1046 2502 1294 2576 ἐνέργεια
1326 2546 1343 2572 ,
1402 2510 1469 2580 τῇ
1534 2507 1661 2583 ἀξίᾳ

83 2586 187 2640 τοῦ
227 2586 320 2641 νοῦ
343 2588 461 2661 ἦτοι
489 2591 768 2663 κρείττων,
802 2597 895 2649 καὶ
920 2596 1213 2671 εἰλικρινὴς
1235 2601 1413 2672 κρίσις
1437 2602 1621 2659 αὐτοῦ.

670 2796 920 2853 ΚΕΦΑΛ.
963 2798 1087 2854 ΠΕν.

180 2908 242 2961 Ἦ
268 2908 366 2978 μὲν
385 2907 670 2982 ψαλμῳδία
690 2909 855 2976 τύπος
875 2913 971 2983 τῆς
999 2914 1245 2985 ποικίλης
1276 2917 1466 2987 σοφίας
1486 2920 1654 2990 ἐστὶν,

84 2999 124 3069 ἡ
169 2997 225 3051 δὲ
268 2999 565 3071 προσευχὴ,
604 3002 887 3081 προοίμιόν
914 3005 1029 3058 ἐστι
1070 3006 1170 3076 τῆς
1199 3007 1384 3077 ἀΰλου,
1420 3012 1516 3065 καὶ
1544 3029 1657 3066 ποι-

87 3089 253 3159 κίλης
280 3090 546 3159 γνώσεως.

649 3206 896 3260 ΚΕΦΑΛ.
950 3208 1089 3278 nq'.

174 3315 241 3368 Ἦ
270 3315 488 3384 γνῶσις,
522 3316 779 3392 καλλίστη
809 3322 1062 3395 ὑπάρχει,
1093 3327 1352 3398 συνεργὸς
1393 3329 1502 3401 γάρ
1534 3324 1653 3385 ἔστι

86 3407 193 3478 τῆς
223 3409 550 3480 προσευχῆς,
582 3411 682 3481 τὴν
715 3414 905 3485 νοερὰν
938 3415 1166 3487 δύναμιν
1190 3417 1285 3473 τοῦ
1321 3419 1413 3475 νοῦ
1441 3421 1651 3477 διυπνί-

86 3501 263 3565 ζουσα
290 3501 425 3574 πρὸς
460 3503 691 3577 θεωρίαν
711 3506 808 3577 τῆς
830 3507 978 3572 θείας
1007 3508 1280 3578 γνώσεως.

678 3708 924 3761 ΚΕΦΑΛ.
958 3709 1078 3763 ΠΖ’.

163 3814 225 3869 EI
255 3813 469 3869 οὐδέπω
509 3814 697 3880 ἔλαϐες
741 3818 984 3889 χάρισμα
1026 3820 1353 3893 προσευχῆς,
1396 3822 1430 3894 ἢ
1470 3822 1649 3896 ψαλμ-

84 3906 274 3976 ῳδίας,
309 3907 650 3981 ὲφέδρευσον,
686 3910 780 3961 καὶ¹
805 3908 972 3981 λήψῃ.

659 4042 911 4096 ΚΕΦΑΛ.
941 4041 1075 4097 IIH'.

163 4156 355 4223 Ἔλεγε
386 4154 444 4209 δὲ
473 4154 663 4219 αὐτοῖς
689 4155 784 4209 καὶ
814 4155 1126 4228 παραϐολὴν
1150 4157 1286 4229 πρὸς
1306 4156 1368 4211 τὸ
1390 4156 1501 4212 δεῖν
1544 4158 1644 4212 αὺ-

82 4247 216 4312 τοὺς
237 4246 469 4301 πάντοτε
505 4245 918 4317 προσεύχεσθαι,
954 4247 1050 4300 καὶ
1079 4246 1154 4317 μὴ
1197 4248 1449 4303 ὲκκακείν
1472 4264 1487 4280 ο
1517 4251 1646 4303 οὐκ·

80 4338 184 4392 οῦν
240 4338 315 4410 μὴ
369 4338 592 4393 suam
631 4337 788 4402 τέως.
831 4337 964 4409 μηδὲ
994 4337 1192 4408 ἀθύμει
1225 4337 1300 4402 ὡς
1331 4339 1406 4409 μὴ
1442 4338 1640 4394 λαϐών·

80 4431 230 4503 λήψῃ
268 4431 377 4504 γὰρ
408 4430 633 4503 ὕστερον
660 4448 674 4460 ·
727 4430 820 4484 καὶ
851 4431 1093 4502 ἒπήγαγε
1120 4432 1187 4499 τῇ
1218 4431 1518 4503 παραϐολῇ,
1551 4432 1639 4485 τόο

87 4540 110 4574 ι
146 4522 205 4575 EI
234 4522 340 4592 γὰρ
383 4523 476 4574 καὶ
505 4520 635 4574 Θεὸν
670 4521 733 4574 οὐ
766 4519 1058 4592 φοϐοῦμαι,
1091 4521 1182 4574 κα)⁵
1227 4520 1510 4593 ἄνθρωπον
1542 4523 1643 4577 οὐκ

81 4614 436 4685 ἐντρέπομαι,
460 4611 594 4668 ἀλλά
620 4630 684 4682 γε
714 4612 802 4667 διὰ
828 4612 887 4666 τὸ
915 4613 1114 4675 κόπους
1147 4615 1404 4684 παρέχειν
1438 4631 1528 4686 μοι
1546 4615 1645 4684 τὴν

83 4706 339 4772 γυναῖκα,
379 4703 592 4775 ποιήσω
622 4703 720 4775 τὴν
748 4703 1026 4774 ἐκδίκησιν
1050 4703 1249 4775 αὐτῆς·
1282 4723 1303 4758 ι
1351 4704 1523 4770 οὕτως
1552 4702 1645 4759 οὖν

80 4795 180 4850 καὶ
214 4795 242 4847 ό
272 4794 401 4860 Θεὸς
438 4796 653 4868 ποιήσει
684 4794 781 4867 τὴν
805 4796 1079 4865 ἐκδίκησιν
1094 4794 1201 4850 τῶν
1236 4794 1476 4866 βοώντων
1509 4797 1644 4867 πρὸς

82 4887 248 4942 αὑτὸν
296 4888 489 4952 νυκτὸς
531 4887 626 4943 καὶ
674 4888 887 4960 ἡμέρας
934 4889 993 4940 ὲν
1035 4887 1210 4960 τάχει.
1236 4887 1474 4960 Εὐθύμει
1530 4906 1643 4942 τοι-

83 4978 289 5049 γαροῦν
347 4970 772 5051 προσκαρτερῶν
827 4977 1078 5049 ὲμπόνως
1138 4979 1206 5050 τῇ
1275 4976 1406 5051 ἁγίᾳ
1469 4994 1641 5049 προσ-

84 5072 242 5142 ευχῇ.

654 5201 903 5258 ΚΕΦΔΛ.
925 5198 1054 5256 ΠΘ’.

151 5314 243 5387 Μὴ
276 5314 508 5388 θελήσῃς
531 5316 607 5380 ὥς
634 5333 716 5372 σοι
743 5317 908 5379 δοκεῖ,
944 5316 1059 5371 ἀλλ’
1093 5316 1169 5380 ὡς
1192 5312 1310 5385 Θεῷ
1328 5311 1549 5385 ἀρέσκει
1569 5312 1637 5369 τά

84 5408 221 5463 κατά
249 5408 308 5461 σὲ
338 5410 611 5479 γενέσθαι,
644 5410 741 5465 καὶ
766 5411 869 5484 ἔσῃ
888 5410 1185 5482 ἀτάραχος,
1207 5408 1301 5463 καὶ
1325 5405 1642 5479 εὐχάριστος

86 5504 143 5556 ὲν
168 5504 439 5573 προσευχῇ
466 5519 584 5560 σου.

155 5726 200 5758 ⁸⁸
235 5724 367 5783 Luc.
395 5741 551 5795 xvut,
573 5725 711 5791 2-6.

2286 1465 2516 1523 CAPUT
2553 1466 2812 1522 LXXXII.

1840 1576 2021 1648 IEquo
2061 1578 2312 1650 bonoque
2367 1581 2578 1648 animo,
2608 1590 2663 1637 et
2694 1582 2898 1652 absque
2928 1566 3334 1651 perturbatione

1771 1684 1887 1737 ora,
1918 1679 1972 1724 et
2004 1672 2295 1739 prudenter
2315 1682 2478 1743 atque
2508 1674 2775 1729 concinne
2805 1674 2990 1745 psalle,
3016 1674 3232 1744 erisque
3254 1672 3331 1728 uti

1696 1765 1745 1829 Β
1770 1759 1949 1831 pullus
1990 1760 2185 1830 aquilae
2217 1760 2273 1814 in
2305 1761 2474 1816 altum
2508 1763 2771 1818 elevatus.

2280 1871 2507 1930 CAPUT
2539 1874 2821 1932 LXXXIII.

1836 1982 2172 2038 Psalmorum
2205 1994 2398 2039 cantus
2436 1984 2716 2054 passiones
2751 1986 2933 2053 sedat,
2961 1994 3015 2041 et
3045 1988 3291 2058 consopit
3311 2025 3330 2053 ,

1764 2077 2117 2147 corporisque
2141 2077 2610 2147 intemperantiam
2645 2079 2927 2149 quiescere
2952 2077 3099 2135 facit.
3142 2078 3331 2136 Oratio

1764 2178 1942 2224 autem
1980 2178 2214 2224 mentem
2246 2178 2531 2240 praeparat,
2562 2180 2624 2224 ut
2659 2171 3031 2241 operationem
3055 2171 3329 2243 propriam

1762 2269 2030 2318 exerceat.

2268 2375 2495 2433 CAPUT
2534 2376 2819 2433 LXXXIV.

1833 2492 2021 2549 Oratio
2059 2502 2145 2550 est
2202 2495 2445 2565 operatio
2468 2536 2485 2561 ,
2510 2510 2633 2565 qua:
2656 2495 2812 2551 decet
2837 2493 3149 2567 dignitatem
3178 2510 3327 2552 men-

1775 2586 1888 2653 tis,
1939 2601 2036 2643 seu
2086 2594 2171 2643 est
2212 2586 2475 2657 judicium
2531 2586 2704 2657 ipsius
2755 2587 2993 2658 melius,
3044 2596 3099 2643 et
3148 2588 3324 2644 since-

1761 2695 1881 2735 rum
1891 2719 1905 2734 .

2273 2794 2502 2853 CAPUT
2542 2793 2800 2850 LXXXV.

1828 2907 2169 2963 Psalmorum
2207 2917 2399 2964 cantus
2436 2918 2521 2964 est
2570 2909 2748 2978 imago
2777 2907 3063 2980 variegatzc
3101 2909 3318 2979 sapien-

1758 3003 1879 3070 tiae;
1914 3003 2091 3058 oratio
2131 3000 2291 3074 497
2344 3017 2509 3069 vero,
2566 3001 2892 3073 prooemium
2953 3011 3038 3058 est
3070 3003 3320 3059 immate-

1679 3124 1725 3185 Β
1760 3087 1909 3144 rialis
1947 3095 2000 3143 et
2026 3088 2185 3142 varia:
2210 3088 2551 3157 cognitionis.

2265 3201 2489 3258 CAPUT
2519 3199 2802 3256 LXXXVI.

1822 3315 2072 3389 Cognitio
2125 3315 2488 3387 pulcherrirna
2523 3322 2628 3378 est,
2662 3314 2861 3384 quippe
2889 3325 3010 3383 qua
3048 3311 3315 3368 orationis

1752 3417 1837 3465 est
1882 3408 2242 3480 cooperatrix,
2280 3406 2389 3462 vim
2448 3407 2643 3462 mentis
2693 3405 3086 3477 intelligibilem
3117 3420 3312 3473 exper-

1754 3498 1887 3570 gisci
1948 3497 2154 3555 faciens
2222 3497 2290 3553 ad
2363 3496 2567 3552 notitia:
2636 3494 2831 3550 divinae
2902 3494 3313 3563 contemplatio-

1753 3605 1902 3645 nem.

2245 3696 2474 3756 CAPUT
2500 3697 2807 3757 LXXXVII.

1822 3814 1880 3872 Si
1907 3815 2135 3873 necdum
2161 3815 2415 3886 accepisti
2444 3816 2674 3886 gratiam
2712 3816 2999 3884 orationis,
3025 3824 3122 3871 aut
3164 3816 3310 3887 psal-

1752 3908 1963 3976 modiae,
1996 3908 2186 3963 insiste
2220 3908 2465 3974 sedulus,
2502 3916 2557 3963 et
2594 3907 2853 3976 accipies.

2227 4038 2456 4095 CAPUT
2491 4036 2823 4093 LXXXVIII.

1819 4152 2043 4209 Dicebat
2072 4162 2251 4208 autem
2278 4152 2411 4223 ipsis
2438 4160 2493 4208 et
2531 4152 2865 4223 parabolam,
2893 4150 3041 4222 quod
3062 4158 3311 4221 oporteat

1750 4244 1896 4315 ipsos
1923 4260 2137 4314 semper
2157 4260 2334 4311 orare,
2362 4260 2534 4315 neque
2563 4246 2793 4301 deficere
2826 4264 2839 4299 :
2870 4263 2980 4303 non
3013 4248 3175 4319 igitur
3208 4250 3307 4303 de~

1749 4339 1898 4393 ticius
1919 4336 2199 4402 hactenus,
2230 4351 2404 4406 neque
2433 4337 2770 4406 despondeas
2798 4338 3003 4402 animo,
3034 4338 3162 4409 quia
3196 4356 3303 4394 non

1747 4429 2057 4499 acceperis;
2113 4427 2345 4497 accipies
2411 4428 2608 4484 etenim
2669 4438 2856 4498 postea
2911 4450 2925 4485 :
2974 4436 3031 4485 et
3079 4429 3310 4498 subjecit

1749 4522 1943 4576 deinde
1970 4520 2240 4591 parabolae
2266 4520 2393 4575 illud
2432 4521 2635 4575 dictum
2664 4539 2677 4575 :
2714 4540 2735 4573 ι
2775 4520 2831 4575 Si
2865 4536 3100 4591 namque
3135 4520 3304 4576 Deum

1748 4613 1969 4667 minime
1999 4612 2185 4677 timeo,
2213 4620 2268 4667 et
2306 4612 2580 4667 hominem
2622 4628 2730 4667 non
2770 4626 3055 4679 revereor;
3127 4623 3305 4667 tamen

1745 4714 2026 4777 propterea
2053 4704 2198 4776 quod
2238 4704 2430 4759 mulier
2460 4704 2592 4758 mihi
2638 4704 2837 4775 praebet
2868 4705 3167 4769 molestias,
3219 4705 3306 4774 ip-

1745 4800 1859 4855 sius
1895 4798 2153 4853 ultionem
2175 4795 2367 4852 faciam
2394 4796 2473 4863 ”;
2519 4815 2538 4849 ι
2572 4796 2653 4851 sic
2676 4811 2807 4867 ergo
2832 4807 2888 4851 et
2940 4796 3086 4851 Deus
3142 4795 3307 4851 faciet

1743 4889 2034 4944 vindictam
2082 4886 2433 4942 clamantium
2484 4885 2553 4941 ad
2614 4885 2790 4955 ipsum
2858 4896 3021 4941 noctu
3081 4886 3300 4954 diuque.

1743 4975 1873 5034 Esto
1900 4976 2081 5047 itaque
2112 4976 2256 5032 bono
2285 4976 2468 5032 animo
2519 4990 2871 5047 perseverans
2926 4976 3192 5032 laboriose
3246 4977 3303 5032 in

1743 5077 1927 5127 sancta
1966 5068 2228 5125 oratione.

2240 5202 2469 5261 CAPUT
2496 5201 2795 5260 LXXXIX.

1808 5318 1907 5385 Ne,
1929 5329 1989 5375 ut
2014 5318 2110 5375 tibi
2139 5318 2371 5383 videtur,
2403 5317 2537 5374 velis
2552 5318 2692 5384 fieri,
2713 5332 2834 5389 qua:
2859 5315 2925 5372 ad
2954 5324 3005 5371 te
3034 5320 3297 5386 spectant,

1741 5414 1836 5469 sed
1871 5424 1931 5467 ut
1966 5410 2077 5467 Deo
2104 5411 2300 5482 placet,
2328 5411 2545 5477 erisque
2577 5408 3021 5483 lmperturbatus,
3071 5414 3127 5463 et
3174 5418 3298 5475 gra-

1742 5500 1845 5556 tias
1864 5514 2029 5572 agens
2058 5500 2112 5556 in
2144 5510 2235 5556 tua
2258 5500 2522 5558 oratione.
