3804 6052
547 289 683 358 1287

1027 401 1192 474 (.93
1220 382 1446 461 CAPUT
1507 406 1620 462 xc.

608 514 755 568 Licet
786 525 911 567 cum
955 512 1064 568 Deo
1093 516 1324 572 videaris
1353 533 1492 585 esse,
1532 534 1663 575 cave
1693 534 1724 574 a
1755 519 1980 577 luxuriae
1999 522 2107 577 dae-

536 621 734 670 mone;
772 604 926 660 valde
953 621 1191 677 namque
1212 607 1369 698 fallax
1395 622 1499 672 est,
1523 621 1576 664 et
1602 612 1837 667 maxime
1866 614 2100 680 invidus,

533 709 587 751 et
617 696 767 750 ocior
791 710 913 751 esse
952 698 1067 751 vult
1100 696 1336 752 motione
1362 715 1426 753 ac
1456 701 1729 771 vigilantia
1756 703 1951 759 mentis
1977 713 2102 769 tum,

536 787 609 839 ita
640 795 700 839 ut
750 802 879 840 eam.
901 788 1098 843 avellat
1124 804 1154 843 a
1180 789 1312 857 Deo,
1346 791 1433 846 cui
1458 794 1747 849 assistebat
1784 810 1908 850 cum
1942 796 2102 851 devo-

534 877 680 933 tione
709 894 773 935 ac
801 879 1013 935 timore.
1118 930 1123 939 .

1110 1098 1337 1156 CAPUT
1368 1102 1507 1158 XCI.

601 1208 658 1264 Si
686 1209 781 1265 tibi
807 1226 935 1267 cura
957 1223 1039 1268 est
1054 1215 1332 1281 orationis,
1353 1233 1592 1288 praepara
1614 1220 1741 1275 tead
1759 1221 1979 1278 hostiles
1995 1222 2097 1278 dae-

528 1313 751 1353 monum
780 1300 1109 1368 invasiones,
1144 1314 1196 1359 et
1216 1316 1529 1362 constanter
1550 1311 1769 1365 verbera
1804 1327 1923 1382 qua:
1955 1312 2097 1367 infli-

529 1400 680 1460 gunt,
701 1393 909 1447 sustine
932 1410 946 1459 ;
967 1410 1086 1448 nam
1122 1404 1375 1466 tanquam
1402 1397 1608 1455 feroces
1643 1402 1827 1458 bestiae
1859 1404 2097 1460 insilient

529 1479 585 1534 in
619 1489 690 1545 te,
723 1490 983 1552 tuumque
1016 1500 1211 1555 corpus
1239 1496 1409 1542 towm
1440 1491 1711 1547 vexabunt
1734 1502 1788 1549 et
1818 1492 2068 1566 amigent.

1095 1597 1318 1655 CAPUT
1348 1599 1506 1657 XCII.

601 1704 833 1764 Paratus
872 1710 970 1775 sis,
1010 1711 1087 1765 uti
1114 1715 1318 1782 peritus
1341 1726 1600 1782 eertator,
1642 1727 1721 1780 ut,
1749 1721 1999 1789 quamvis
2022 1737 2088 1777 ex

525 1798 809 1869 inopinato
838 1800 1038 1858 videris
1075 1814 1370 1873 speetrum,
1423 1823 1531 1862 non
1567 1811 1918 1877 concutiaris,
1943 1821 1997 1867 et
2021 1813 2089 1866 li—

523 1900 608 1945 cet
643 1890 943 1961 dispexeris
975 1895 1211 1963 gladium
1243 1897 1542 1953 districtum
1582 1901 1866 1957 adversum
1903 1913 1974 1971 te,
1997 1912 2092 1959 aut

520 1980 847 2051 lampadem,
882 2000 1003 2055 qua:
1030 1996 1185 2043 tuum
1244 1992 1667 2060 comprehendat
1721 1994 1919 2063 visum,
1977 2013 2086 2052 non

519 2075 777 2139 turberis,
806 2085 861 2130 et
890 2082 1138 2147 quamvis
1195 2083 1429 2151 speciem
1482 2084 1721 2156 aliquam
1768 2086 2083 2157 deformem,

519 2174 576 2219 et
645 2177 927 2222 cruentam
993 2173 1338 2242 spectaveris,
1397 2176 1547 2231 nullo
1612 2179 1773 2233 modo
1836 2183 2086 2239 concidas

520 2259 724 2325 anima,
765 2275 951 2315 verum
983 2272 1064 2317 sta
1092 2272 1239 2320 tuam
1271 2268 1577 2324 conﬁtendo
1613 2272 1924 2340 praeclaram
1953 2290 2085 2330 con-

519 2347 831 2415 fessionem,
862 2363 915 2409 et
943 2353 1155 2412 facilius
1182 2368 1301 2414 tuos
1330 2360 1582 2431 inspicies
1600 2364 1867 2422 inimicos.

1066 2469 1295 2527 CAPUT
1325 2473 1527 2531 XCIII.

587 2578 692 2647 Qui
725 2583 949 2638 molesta
981 2586 1191 2653 suffert,
1247 2600 1568 2662 assequetur
1596 2595 1758 2650 etiam
1790 2612 1910 2667 quae
1937 2614 2078 2668 gau-

514 2670 663 2727 dium
692 2675 932 2743 pariunt,
970 2686 1024 2731 et
1054 2680 1146 2748 qui
1176 2692 1430 2740 constans
1458 2686 1653 2742 tolerat
1680 2688 1946 2758 insuavia,
1969 2704 2077 2746 non

514 2767 723 2821 carebit
750 2770 1048 2825 suavibus..

974 2883 1139 2956 499
1167 2884 1398 2942 CAPUT
1434 2888 1615 2945 XCIV.

585 2990 728 3045 Cave
757 3007 826 3046 ne
856 3000 909 3048 te
935 2994 1208 3065 decipiant
1239 3013 1332 3069 per
1374 2999 1611 3071 aliquam
1641 3004 1903 3062 visionem
1958 3024 2077 3065 ma-

1945 295 1951 299 ’
2024 304 2084 364 S.
2129 305 2292 367 NILI

2130 422 2183 475 Α
2810 420 3057 475 ΚΕΦΑΛ.
3087 425 3160 489 ια.

3638 322 3755 389 1138

2274 526 2394 581 Κᾶν
2419 529 2553 599 μετὰ
2577 529 2712 584 Θεοῦ
2734 531 2891 604 δοκῇς
2925 530 3081 599 εἶναι,
3103 534 3371 604 φυλάττου
3390 538 3500 609 τῆς
3518 547 3753 613 πορνείας

2202 615 2449 689 δαίμονα.
2480 621 2616 675 Λίαν
2655 623 2763 691 γάρ
2817 625 2964 677 ἐστιν
3004 627 3280 693 ἀπατεὼν,
3304 631 3398 683 καὶ
3428 630 3752 704 semedia-

2201 728 2292 775 τος
2321 752 2336 777 ,
2392 714 2487 765 καὶ
2543 714 2790 784 βούλεται
2851 717 3105 791 ὀξύτερος
3148 717 3289 776 εἶναι
3349 725 3454 796 τῆς
3506 728 3750 796 κινήσεως

2201 802 2296 854 καὶ
2350 801 2561 872 νήψεως
2604 805 2697 858 τοῦ
2758 807 2876 871 νοός
2940 825 3053 870 σου,
3114 812 3208 865 καὶ
3264 813 3375 867 ἀπὸ
3437 814 3579 868 Θεοῦ
3638 821 3748 871 ἀπο-

2202 892 2343 963 σπᾷν
2375 892 2535 947 αὐτὸν
2568 898 2895 965 παρεστῶτα
2947 897 3098 969 αὐτῷ
3152 901 3271 971 μετ’
3310 902 3627 970 εὐλαϐείας,
3671 911 3747 960 καὶ

2201 984 2389 1053 φόόου.

2781 1103 3177 1172 ΚΕΦΑΛ.ιΑκ

2277 1212 2404 1268 Ἐὰν
2434 1220 2739 1290 προσευχῆς
2762 1219 3015 1290 ἐπιμελῇ,
3041 1220 3331 1291 ἐτοιμάζου
3375 1221 3522 1293 πρὸς
3552 1226 3740 1291 ἐπαγω-

2194 1306 2296 1373 γὰς
2328 1306 2615 1379 δαιμόνων,
2650 1312 2740 1365 καὶ
2764 1312 3045 1383 καρτερῶς
3075 1311 3173 1376 τὰς
3202 1315 3336 1382 παρ’
3359 1314 3549 1367 αὐτῶν
3578 1320 3740 1386 ptim-

2192 1414 2294 1466 γας
2334 1399 2589 1469 ὐπόμενευ
2609 1402 2684 1467 ὼς
2710 1403 2818 1474 γὰρ
2840 1402 3005 1475 θῆρες
3033 1404 3212 1475 ἄγριοι
3240 1405 3629 1460 ἐπελεύσονταί
3653 1426 3738 1474 σοι,

2192 1492 2286 1544 καὶ
2314 1493 2421 1545 πᾶν
2444 1509 2538 1545 σου
2569 1476 2879 1549 κακώσουσι
2901 1494 2964 1549 τὸ
2992 1495 3169 1566 σῶμα.

2780 1608 3167 1678 ΚΕΦΑΛ.ιΒ.

2258 1719 2680 1790 Παρασκευάζου
2700 1722 2774 1785 ὡς
2794 1720 3051 1794 ἔμπειρος
3071 1724 3396 1795 ἀγωνιστὴς,
3418 1725 3530 1778 κᾶν
3550 1725 3736 1796 ἁθρόως

2192 1807 2305 1879 ἴδῃς
2337 1812 2657 1879 φαντασίαν,
2695 1813 2770 1885 μὴ
2809 1813 3132 1882 κλονεῖσθαι,
3166 1815 3269 1869 κᾶν
3294 1816 3582 1886 ῥομφαίαν
3616 1824 3736 1871 κατὰ

2190 1898 2283 1953 σοῦ
2322 1902 2694 1973 ἐσπασμένην,
2737 1903 2770 1975 ἢ
2821 1904 3076 1976 λαμπάδα
3122 1907 3465 1976 κατέχουσαν
3521 1925 3615 1961 σου
3655 1910 3737 1980 τὴν

2186 1990 2306 2060 ὄψιν
2337 1991 2410 2062 μὴ
2443 1994 2819 2066 ταράττεσθαι,
2877 1997 2980 2050 κᾶν
3038 1998 3251 2068 μορφήν
3285 2015 3407 2050 τινα
3449 1999 3616 2068 ἀηδῆ.
3657 2003 3735 2052 καὶ

2186 2080 2485 2152 αἱματώδη.
2545 2085 2787 2155 μηδόλως
2840 2086 3200 2140 καταπίπτειν
3264 2104 3361 2141 σου
3408 2088 3516 2160 τὴν
3552 2088 3732 2160 ψυχὴν,

2184 2172 2321 2227 ἀλλὰ
2359 2175 2515 2244 στῆθι
2553 2176 2826 2248 ὁμολογῶν
2853 2179 2950 2249 τὴν
2974 2179 3146 2250 καλήν
3180 2196 3274 2233 σου
3305 2181 3628 2252 ὁμολογίαν,
3658 2188 3732 2236 καὶ

2186 2267 2314 2337 ῥᾷον
2340 2268 2513 2340 ἐπόψῃ
2543 2270 2638 2322 ἐπὶ
2666 2272 2791 2334 τοὺς
2816 2272 3039 2342 ἐχθρούς
3064 2290 3177 2329 σου.

2778 2472 3026 2528 nam.
3057 2473 3170 2542 tm.

2261 2577 2322 2630 '0
2354 2578 2420 2632 τὰ
2444 2579 2661 2653 λυπηρὰ
2694 2583 3000 2657 ὑποφέρων,
3020 2587 3114 2640 καὶ
3136 2588 3243 2641 τῶν
3270 2592 3602 2664 περιχαρῶν
3626 2595 3728 2647 τεύ-

2180 2667 2350 2734 ξεται,
2386 2672 2478 2726 καὶ
2499 2675 2527 2726 ὀ
2549 2677 2604 2727 ὲν
2629 2679 2739 2740 τοῖς
2767 2678 2957 2748 ἀηδέσι
2984 2684 3283 2754 καρτερῶν,
3306 2684 3421 2738 τῶν
3452 2687 3625 2757 ἡδέων
3647 2690 3729 2743 οὐκ

2176 2761 2489 2833 ἀμοιρήσει.

2766 2880 3014 2938 ΚΕΦΑΛ.
3046 2886 3157 2951 seu

2249 2965 2388 3038 Ὅρα
2419 2969 2491 3041 μή
2530 2986 2588 3023 σε
2614 2969 2934 3043 ἀπατήσωσι
2971 2975 3059 3030 διά
3096 2994 3239 3041 τινος
3269 2979 3547 3047 ὀπτασίας
3572 2986 3619 3039 οἱ
3646 3004 3726 3039 πο-

514 3080 647 3152 ligni
678 3083 981 3152 daemones;
1033 3102 1215 3141 verum
1248 3101 1366 3145 esto
1394 3094 1650 3161 prudens,
1678 3106 1730 3151 te
1757 3109 2073 3157 convertens

2192 3057 2329 3127 μηροὶ
2373 3057 2652 3129 δαίμονεςο
2682 3060 2817 3114 ἀλλὰ
2849 3063 3000 3131 γίνου
3042 3065 3262 3131 σύννους
3289 3073 3633 3142 τρεπόμενος
3658 3081 3726 3140 εἰς

515 3172 582 3226 ad
613 3174 933 3241 orationem,
1016 3175 1298 3250 Deumque
1339 3197 1578 3252 precare,
1638 3197 1697 3242 ut
1740 3190 1787 3244 si
1827 3205 1892 3246 ex
1958 3194 2075 3263 ipso

514 3263 732 3331 quidem
763 3273 847 3320 est
873 3266 1189 3338 cogitatum,
1240 3271 1356 3341 ipse
1388 3282 1439 3329 te
1488 3276 1775 3347 illuminet,
1802 3290 1858 3335 at
1889 3282 1933 3337 si
1965 3298 2072 3339 non

512 3360 603 3408 est
660 3353 904 3410 celeriter
932 3372 964 3411 a
996 3366 1049 3413 te
1111 3360 1450 3431 deceptorem
1477 3367 1726 3438 depellat,
1760 3381 1813 3427 et
1840 3375 2070 3441 confide,

512 3444 661 3514 quod
695 3461 805 3501 non
854 3449 1079 3506 stabunt
1102 3466 1285 3520 canes,
1335 3465 1385 3510 te
1431 3459 1650 3516 ardente
1705 3478 1828 3518 cum
1888 3468 2071 3524 animo

513 3533 623 3587 Deo
648 3536 986 3606 colloquente
1015 3559 1029 3595 :
1071 3543 1354 3599 confestim
1384 3562 1575 3619 nempe
1602 3552 1960 3623 invisibiliter,
1986 3567 2072 3612 at-

512 3638 618 3691 que
652 3626 860 3682 occulte
882 3626 978 3683 Dei
1026 3634 1265 3700 potentia
1294 3634 1564 3708 ﬂagellati,
1630 3644 1820 3712 procul
1884 3648 2070 3717 expela

513 3711 711 3768 lentur.

1074 3830 1303 3888 CAPUT
1335 3835 1497 3893 XCV.

575 3931 793 3989 Justum
843 3946 927 3993 est
961 3943 1104 4011 quod
1151 3960 1325 4016 neque
1378 3948 1643 4009 fallaciam
1694 3954 1861 4014 istam
1910 3959 2067 4030 igno-

507 4036 635 4091 res;
665 4027 918 4083 nimirum
972 4033 1114 4102 quod
1164 4036 1232 4091 ad
1268 4048 1476 4111 tempus
1526 4060 1647 4101 sese
1679 4027 2066 4108 dividunt—dae-

505 4130 717 4180 mones,
752 4119 905 4189 sique
957 4125 1216 4182 auxilium
1260 4134 1608 4200 quaerendum
1641 4142 1940 4207 censueris,
1973 4144 2063 4197 in-

508 4214 656 4261 trant
680 4208 871 4279 reliqui
905 4215 1161 4282 angelicis
1213 4218 1267 4273 in
1314 4219 1522 4291 formis,
1581 4230 1895 4298 expellendo
1947 4235 2061 4303 pri-

510 4313 654 4396 mos,
694 4304 805 4396 quo
856 4313 912 4357 tu
967 4305 1252 4377 decipiaris
1293 4312 1363 4368 ab
1411 4315 1562 4385 ipsis,
1589 4319 1881 4389 judicando
1917 4326 2061 4396 quod

504 4390 756 4448 videlicet
778 4391 954 4449 forent
992 4401 1165 4470 angeli
1196 4405 1386 4461 sancti.

1046 4510 1274 4568 CAPUT
1321 4516 1501 4573 XCVI.

569 4610 753 4668 Multae
797 4614 1084 4674 humilitati
1138 4637 1201 4678 ac
1244 4630 1586 4693 generositati
1640 4636 1813 4704 stude,
1867 4646 1922 4694 et
1970 4639 2055 4696 in-

502 4703 679 4758 sultes
709 4703 1016 4764 daemonum
1050 4713 1286 4769 animam
1316 4728 1463 4774 tuam
1497 4738 1604 4778 non
1625 4729 1921 4800 continget,
1963 4749 2057 4788 ne-

502 4808 612 4888 que
672 4796 938 4888 ﬂagellum
1017 4806 1463 4878 appmpinquabit
1538 4796 1880 4877 tabernaculo
1946 4833 2058 4888 tuo,

499 4885 624 4954 quia
654 4887 860 4957 angelis
886 4891 1003 4946 suis
1036 4898 1393 4956 mandavitde
1410 4910 1481 4971 te,
1503 4916 1561 4960 ut
1581 4912 1888 4966 custodiant
1911 4922 1962 4968 te
1981 4885 2047 4980 ⁸⁸,

498 4983 553 5030 et
600 4975 938 5038 invisibiliter
962 4985 1181 5058 abigant
1209 5006 1241 5045 a
1280 5000 1330 5047 te
1357 5010 1572 5053 omnem
1599 5003 1898 5071 oppositam
1919 4975 2051 5075 ope;

499 5066 786 5124 rationem.

1022 5188 1248 5251 CAPUT
1308 5198 1515 5257 XCVII.

564 5296 668 5365 Qui
697 5299 930 5358 orationi
955 5304 1047 5363 dat
1072 5323 1295 5381 operam
1332 5317 1515 5372 audiet
1546 5319 1761 5388 quidem
1790 5328 2055 5396 strepitus

496 5396 550 5444 et
586 5389 847 5463 fragores,
879 5406 933 5451 et
959 5413 1141 5470 voces,
1171 5415 1333 5475 atque
1366 5407 1526 5480 500
1553 5412 1835 5471 verberum
1867 5389 2048 5489 pulsa-

497 5481 689 5546 tiones,
719 5486 814 5541 sed
866 5504 972 5545 non
1015 5496 1284 5563 concidet,
1316 5514 1488 5572 neque
1532 5504 1723 5574 prodet
1755 5481 2046 5570 ratiocina-

568 5658 613 5690 ⁸⁸
646 5658 791 5717 Psal.
823 5666 1031 5731 sedo,
1067 5668 1151 5722 Il.

2172 3147 2357 3219 εὐχὴν,
2400 3152 2494 3204 καὶ
2530 3153 2834 3222 παρακάλει
2865 3155 2956 3208 τὸν
2993 3156 3145 3223 Θεὸν,
3182 3160 3287 3227 ἳνα,
3315 3167 3365 3217 εἰ
3404 3166 3513 3235 μὲν
3552 3170 3610 3235 ἐξ
3638 3174 3725 3224 αὑ-

2170 3240 2262 3293 τοῦ
2292 3241 2408 3294 ἐστι
2434 3242 2495 3295 τὸ
2522 3243 2720 3315 νόημα,
2752 3246 2912 3310 αὐτός
2937 3264 2995 3300 σε
3041 3251 3271 3325 φωτίσῃ,
3302 3258 3352 3308 εἰ
3373 3256 3431 3309 δὲ
3472 3261 3637 3331 μήγε,
3674 3266 3723 3316 τὸ

2170 3333 2333 3403 τάχος
2369 3333 2459 3387 τὸν
2494 3334 2692 3389 πλάνον
2726 3338 2970 3411 ἀπελάσῃ
2997 3342 3105 3395 ἀπὸ
3137 3343 3251 3408 σοῦ,
3275 3349 3371 3400 καὶ
3410 3349 3629 3421 θάρσει.
3659 3357 3722 3419 ὡς

2169 3424 2231 3477 ού
2279 3425 2564 3494 στήσονται
2604 3428 2655 3480 οἱ
2697 3429 2877 3497 κύνες,
2914 3431 3010 3486 σοῦ
3047 3435 3308 3507 ὲμπύρως
3338 3442 3405 3510 τῇ
3439 3445 3579 3514 πρὸς
3606 3446 3723 3499 Θεὸν

2169 3514 2407 3581 ἐντεύξει
2468 3518 2802 3590 κεχρημένου
2834 3537 2850 3552 ⁸
2877 3523 3079 3588 εὐθέως
3138 3527 3246 3599 γὰρ
3307 3530 3584 3600 ἀοράτως,
3641 3541 3720 3590 καί

2167 3606 2387 3675 ἀφανῶς
2411 3607 2545 3663 Θεοῦ
2566 3609 2793 3683 δυνάμει
2823 3615 3229 3688 μαστιζόμενοι,
3259 3623 3487 3692 μακρὰν
3510 3627 3723 3700 uas-01'}.

2172 3714 2375 3753 σονται.

2751 3864 3136 3947 ΚΕΦΑΛτιΕκ

2235 3970 2450 4026 Δίωιόν
2484 3975 2597 4028 ἐστι
2628 3977 2761 4045 μηδὲ
2788 3978 2874 4032 τὸν
2895 3980 3042 4035 δόλον
3078 3983 3268 4038 τοῦτόν
3292 4003 3355 4041 σε
3380 3990 3623 4061 ἀγνοεῖν,
3649 3999 3720 4051 ὅτι

2164 4064 2223 4115 ἐν
2253 4062 2428 4134 καιρῷ
2456 4066 2763 4135 μερίζονται
2790 4069 3016 4134 ἑαυτοὺς
3054 4073 3102 4125 οἱ
3130 4072 3402 4144 δαίμονες,
3433 4085 3532 4135 καὶ
3560 4090 3608 4139 εί
3640 4089 3716 4141 δέ-

2165 4154 2258 4225 ξης
2285 4154 2533 4227 βοήθειαν
2554 4158 2850 4230 ἐπιζητεῖν,
2877 4162 3107 4217 εἰσίασιν
3130 4166 3179 4218 οἱ
3206 4166 3385 4224 λοιποὶ
3416 4175 3480 4227 ἐν
3516 4181 3716 4248 σχήμαο

2163 4260 2248 4296 σιν
2287 4246 2595 4314 ἀγγελικοῖς
2632 4250 2757 4312 τοὺς
2787 4251 3037 4321 πρώτους
3064 4252 3465 4325 ἐξελαύνοντες,
3660 4271 3712 4321 τὸ

2163 4350 2221 4387 σε
2271 4335 2640 4400 ἐξαπατᾶσθαι
2695 4340 2787 4393 ὑπ’
2818 4342 3017 4409 αὐτῶν,
3066 4349 3130 4417 τῇ
3182 4350 3397 4422 γνώμῃ,
3442 4356 3527 4420 ὡς
3568 4359 3711 4429 δῆθεν

2091 4449 2136 4507 D
2164 4426 2335 4495 ἁγίων
2359 4428 2525 4482 ὅντων
2549 4431 2812 4499 ἀγγέλων.

2729 4547 3129 4621 ΚΕΦΑΛ.ιςτ

2228 4654 2739 4727 Ταπεινοφροσύνης
2781 4659 2980 4732 πολλῆς
3020 4664 3369 4738 ὲπιμὲλησαι,
3400 4671 3501 4723 καὶ
3539 4674 3600 4725 ού
3641 4676 3702 4743 μή

2163 4762 2255 4798 σου
2306 4745 2573 4815 δαιμόνων
2623 4749 2856 4820 ὲπήρεια
2897 4754 3204 4825 καθάψηται
3250 4759 3350 4829 τῆς
3391 4762 3597 4834 ψυχῆς,
3625 4767 3703 4816 καὶ

2163 4838 2357 4907 μάστιξ
2389 4840 2489 4893 ούκ
2510 4840 2683 4908 ὲγγιεϊ
2714 4842 2790 4914 τῷ
2815 4846 3127 4917 σκηνώματι
3157 4867 3270 4914 σου,
3296 4854 3378 4906 ὅτι
3411 4859 3529 4919 τοῖς
3556 4859 3703 4925 ἀγγέ-

2158 4928 2269 4992 λοις
2298 4929 2463 4983 αὐτοῦ
2511 4932 2801 4988 ἐντελεῖται
2850 4939 2981 5009 περὶ
3013 4940 3105 4994 σοῦ
3143 4942 3237 4995 τοῦ
3275 4944 3606 5016 διαφυλάξαι
3636 4967 3696 5011 σε,

2157 5025 2249 5075 καὶ
2270 5024 2490 5092 ἀφανῶς
2519 5024 2735 5081 ἃπασαν
2771 5028 2869 5100 τὴν
2900 5034 3281 5105 ἀντικειμένην
3308 5037 3597 5108 ἐνέργειαν
3623 5044 3697 5093 ὲκο

2154 5112 2432 5179 διώξουσιν
2458 5117 2564 5170 ἀπὸ
2594 5118 2708 5172 σοῦ.

2740 5232 3143 5304 “ΚΕΦΑΛ.ὴΖἏ

2217 5339 2437 5407 Ψόφους
2470 5340 2567 5410 μὲν
2597 5342 2690 5394 καὶ
2716 5343 2953 5410 κτύπους
2981 5349 3073 5402 καὶ
3098 5351 3277 5418 φωνὰς
3302 5352 3396 5405 καὶ
3422 5357 3696 5425 αἰκισμοὺς

2147 5428 2212 5481 ὲκ
2259 5429 2527 5498 δαιμόνων
2573 5431 2863 5487 ἀκούσεται
2922 5436 2951 5488 ὁ
2995 5437 3237 5509 καθαρᾶς
3279 5443 3693 5515 ἐπιμελούμενος

2147 5521 2467 5592 προσευχῆς,
2503 5522 2639 5576 ἀλλὰ
2670 5525 2730 5579 οὺ
2759 5532 3131 5596 συμπετείται,
3164 5533 3282 5586 οὐδὲ
3318 5536 3588 5591 ποοδὼσει
3616 5538 3692 5590 τον
