3838 6056
50 275 245 342 1189

1460 276 1555 337 DE
1582 276 1985 338 ORATIONE.

3195 277 3328 343 1190

44 385 367 457 δ.ογισμὸν
415 384 588 453 λέγων
637 383 772 454 πρὸς
829 383 918 437 τὸν
969 382 1120 435 Θεὸν·
1169 381 1245 434 Οὺ
1295 380 1674 453 φοϐηθήσομαι

1795 384 2002 448 ίοιιεηι,
2058 383 2241 441 dicens
2264 385 2329 441 ad
2358 386 2563 442 Deum:
2598 388 2711 442 Non
2742 390 2941 445 timebo
2987 388 3146 455 mala,
3193 405 3324 459 quo-

50 478 277 543 κακὰ,
307 478 390 530 ὃτι
415 475 479 529 σὺ
510 475 628 547 μετ’
661 474 794 545 ἐμοῦ
824 470 894 537 εἴ,
927 474 1019 527 καὶ
1040 473 1109 526 τὰ
1136 474 1317 543 ὅμοια.

701 586 955 641 “om.
987 586 1109 652 ur.

180 700 280 753 Ἑν
310 697 483 769 καιρῷ
510 697 618 751 τῶν
642 697 898 760 τοιούτων
937 695 1285 770 πειρασμῶν,
1321 694 1554 769 βραχείᾳ
1579 699 1674 753 καὶ

59 790 471 862 ἐπιτεταμὲνῃ
504 794 781 863 προσευχῇ
815 791 1074 861 κέχρησο.

708 902 960 956 ΚΕΦΑΛ.
989 899 1082 968 ne

186 1017 319 1073 Ἐάν
352 1016 690 1089 άπειλήσωσί
728 1031 811 1069 σοι
853 1015 903 1068 οί
933 1014 1205 1085 δαίμονες,
1241 1013 1450 1086 ἀθρόως
1487 1014 1551 1067 ὲκ
1580 1012 1674 1067 τοῦ

75 1113 275 1185 ἀέρος
301 1109 711 1187 προφαίνεσθαι,
741 1109 838 1163 καὶ
862 1108 1185 1179 ἐκπλήττειν
1216 1124 1297 1171 σε,
1322 1107 1412 1160 καὶ
1440 1104 1674 1176 διαρπά-

79 1208 159 1270 ξε
171 1225 225 1260 ιν
258 1207 352 1260 τὸν
374 1204 498 1260 νοῦν
529 1220 645 1267 σου,
675 1202 709 1274 ἢ
731 1201 805 1266 ὡς
824 1201 989 1273 θῆρες
1008 1201 1211 1255 ἀδικεῖν
1229 1199 1326 1271 τὴν
1353 1200 1529 1269 σάρκα
1557 1214 1674 1261 σου,

86 1297 187 1366 μὴ
242 1295 485 1366 πτοηθῇς
518 1291 735 1355 αὐτοὺς,
770 1290 903 1362 μηδὲ
932 1289 1069 1352 ὅλως
1099 1288 1390 1361 φροντίσῃς
1420 1288 1519 1357 τῆς
1551 1285 1676 1340 τού-

80 1404 218 1441 των
248 1387 498 1458 ἀπειλῆςο
521 1380 813 1453 ὲκφοϐοὖσι
841 1382 949 1455 γάρ
979 1398 1037 1435 σε
1064 1379 1435 1452 πειράζοντες,
1464 1379 1514 1431 εί
1542 1378 1677 1441 ὅλως

85 1480 403 1551 προσέχεις
456 1478 662 1543 αὐτοῖς,
723 1476 772 1528 εί
829 1474 1034 1529 τέλειον
1100 1471 1280 1527 αὐτῶν
1337 1470 1677 1542 κατεφρόνη-

87 1589 233 1637 σας,
265 1573 313 1625 εί
333 1569 451 1641 Θεῷ
478 1568 896 1640 παντοκράτορι,
932 1565 1027 1618 καὶ
1063 1561 1398 1634 δημιουργῷ,
1424 1562 1517 1615 καὶ
1541 1577 1675 1632 προ-

99 1666 280 1735 δοητῇ
313 1662 407 1717 τοῦ
443 1661 642 1725 παντὸς
671 1658 1009 1731 παρίστασαι
1033 1656 1091 1709 ὲν
1112 1657 1177 1727 τῇ
1201 1655 1500 1725 προσευχῇ.

721 1872 973 1927 ΚΕΦΑΛ.
1001 1871 1080 1927 P'.

179 1984 251 2038 Τί
275 1983 445 2048 οὕτως
472 1982 680 2053 αλόγως
704 1982 854 2055 αὐτῷ
882 1983 1250 2055 παρέστηκας,
1281 1983 1356 2048 ώς
1379 1983 1673 2053 παρελθόν-

92 2093 177 2128 τα
233 2076 326 2129 τὸν
380 2074 785 2147 ἀνυπέρϐλητον
832 2074 994 2128 αὐτοῦ
1033 2075 1216 2144 φόϐον,
1251 2075 1345 2129 καὶ
1386 2074 1672 2140 κώνωπας,

94 2168 209 2221 καὶ
244 2167 546 2239 κανθάρους
579 2167 939 2231 δεδίττεσθαις
969 2168 1002 2238 ἢ
1038 2167 1139 2221 οὐκ
1174 2168 1412 2239 ἤκουσας
1457 2166 1550 2220 τοῦ
1587 2167 1676 2219 λέ-

114 2276 340 2327 γοντος·
356 2281 373 2311 ι
399 2240 605 2331 Κιξριον
619 2259 711 2314 τὸν
737 2259 869 2314 Θεόν
887 2277 980 2313 σου
1007 2259 1312 2332 φοϐηθήσῃς
1339 2278 1357 2310 ι
1380 2259 1476 2313 καὶ
1492 2259 1673 2313 πάλιν

106 2370 130 2402 ι
174 2353 273 2405 Ὃν
306 2352 516 2423 φρίττει
550 2352 646 2406 καὶ
698 2351 891 2423 τρέμει
931 2352 1108 2405 πάντα
1130 2350 1239 2406 άπὸ
1263 2349 1554 2423 προσώπου
1577 2350 1676 2421 τῆς

96 2442 395 2514 δυνάμεως
417 2443 615 2511 ain-06;
652 2462 673 2497 ι
705 2443 888 2498 καὶτὰ
915 2442 1062 2514 ἑξῆς.

687 2558 940 2614 ΚΕΦΔΛ.
974 2558 1097 2614 PA'.

187 2666 398 2738 Ὥσπερ
424 2667 452 2720 ὁ
475 2667 639 2740 ἄρτος
665 2669 837 2740 τροφή
866 2670 981 2723 ἐστι
1025 2668 1104 2740 τῷ
1129 2667 1363 2740 σώματι,
1388 2668 1484 2723 καὶ
1507 2667 1676 2740 ἀρετὴ

101 2760 181 2830 τῇ
222 2758 389 2831 ψυχῇ,
428 2758 570 2815 οὕτω
599 2760 692 2814 καὶ
727 2759 819 2814 τοῦ
851 2759 943 2815 νοῦ
971 2761 1005 2831 ἠ
1029 2760 1373 2832 πνευματικὴ
1401 2760 1676 2832 προσευχὴ

106 2853 290 2923 τροφὴ
324 2852 577 2924 ὑπάρχει.

697 2959 948 3014 ΚΕΦΔΛ.
973 2960 1110 3015 .ΡΒ’.

1774 478 1919 532 niam
1949 486 2005 532 tu
2054 494 2263 533 mecum
2293 496 2391 547 es;
2428 492 2482 536 et
2509 483 2728 537 similia.

2299 594 2529 649 CAPUT
2582 595 2807 653 XCVIII.

1843 701 1899 758 In
1927 713 2169 776 tempore
2197 706 2568 777 hujuscemodi
2601 710 2954 765 tentationum
2988 720 3136 766 utere
3187 713 3331 769 brevi

1772 803 1829 850 et
1856 795 2065 852 intensa
2088 798 2354 855 oratione.

2330 912 2559 969 CAPUT
2591 912 2773 970 XCIX.

1844 1017 1902 1074 Si
1935 1020 2210 1079 daemones
2238 1025 2639 1080 comminentur
2682 1027 2778 1081 tibi
2807 1042 2928 1083 sese
2954 1042 3020 1082 ex
3043 1027 3334 1097 improviso

1775 1113 2117 1182 apparituros
2144 1131 2210 1170 ex
2244 1131 2387 1182 aere,
2443 1127 2599 1188 teque
2628 1121 3128 1189 perterrefacturos,
3158 1132 3335 1177 tuam-

1773 1220 1881 1273 que
1908 1215 2142 1260 mentem
2175 1216 2446 1276 rapturos,
2472 1218 2583 1272 aut,
2614 1218 2870 1281 tanquam
2901 1220 3113 1267 atroces
3140 1212 3327 1267 bestia?

1774 1305 1924 1352 tuam
1950 1313 2165 1353 carnem
2208 1300 2469 1356 violenter
2496 1300 2883 1367 dilaniaturos,
2956 1318 3023 1356 ne
3059 1304 3207 1371 ipsos
3238 1319 3336 1372 pa-

1774 1405 1920 1455 veas,
1951 1404 2085 1445 neve
2117 1391 2385 1448 ullatenus
2414 1393 2625 1448 illorum
2643 1395 3119 1452 comminationein
3151 1413 3334 1463 cures;

1778 1480 2029 1550 injiciunt
2082 1484 2288 1553 quippe
2338 1494 2541 1539 metum
2593 1494 2856 1541 tentantes
2884 1497 2956 1553 te,
3007 1503 3074 1542 an
3113 1490 3337 1544 omnino

1776 1569 1907 1639 ipsis
1931 1574 2177 1627 attendas
2198 1614 2214 1637 ,
2247 1588 2314 1627 an
2344 1588 2437 1629 eos
2465 1574 2701 1629 totaliter
2717 1577 3044 1645 despexeris,
3068 1593 3135 1631 an
3158 1593 3338 1633 omm-

1774 1661 1977 1730 potenti
2008 1663 2133 1727 Deo,
2164 1673 2217 1716 et
2253 1664 2521 1731 Creatori,
2580 1667 2928 1738 omniumque
2982 1684 3161 1723 rerum
3215 1685 3338 1739 pro-

1705 1769 1748 1824 Β
1778 1752 1963 1821 visori,
1993 1752 2047 1808 in
2097 1753 2342 1809 oratione
2368 1756 2627 1811 astiteris.
2724 1822 2727 1829 λ

2397 1869 2625 1926 CAPUT
2668 1872 2728 1926 (ἶ.

1843 1974 1981 2043 Quid
2020 1978 2192 2033 eidem
2223 1978 2333 2036 Deo
2366 1980 2438 2036 ita
2481 1982 2881 2038 inconsiderate
2923 1992 3093 2045 astas,
3128 1993 3186 2038 ut
3213 1984 3333 2054 ejus

1776 2065 2197 2136 insuperabilem
2247 2071 2501 2129 omittens
2560 2073 2827 2139 timorem,
2902 2084 2957 2129 et
3013 2075 3214 2131 culices
3286 2087 3341 2131 et

1774 2158 2060 2214 scarabeos
2092 2160 2484 2228 pertimescas?
2546 2163 2742 2218 Annon
2796 2164 2993 2219 audisti
3024 2166 3327 2221 dicentem:

1782 2266 1802 2299 ι
1837 2248 2123 2305 Dominum
2159 2251 2325 2307 Deum
2390 2262 2542 2309 tuum
2588 2255 2802 2311 timebis
2823 2255 2890 2323 ",
2949 2273 2969 2308 ι
3007 2265 3061 2310 et
3112 2273 3337 2312 rursus:

1779 2357 1799 2390 ι
1840 2339 2010 2407 Quem
2070 2352 2340 2410 metuunt,
2400 2354 2455 2400 et
2511 2356 2747 2403 tremunt
2804 2363 2835 2402 a
2898 2347 3035 2402 facie
3086 2348 3340 2417 potenti‘

1774 2432 1893 2503 ejus
1912 2433 1997 2488 ⁸⁸ἳ
2032 2453 2052 2486 ι
2078 2444 2128 2489 et
2158 2436 2378 2509 reliqua.

2279 2548 2434 2619 501
2478 2549 2705 2605 CAPUT
2740 2548 2826 2606 ει.

1848 2659 2001 2716 Sicut
2029 2663 2185 2733 panis
2213 2673 2296 2719 est
2319 2666 2640 2720 alimentum
2665 2664 2903 2735 corpori,
2929 2676 2984 2719 et
3015 2664 3187 2719 virtus
3208 2665 3329 2720 ani-

1776 2768 1900 2821 mae,
1938 2754 2013 2809 ita
2046 2764 2101 2811 et
2135 2755 2429 2813 intellectui
2488 2757 2787 2827 spiritualis
2828 2757 3004 2813 oratio
3040 2754 3342 2813 nutrimen-

1776 2852 1892 2901 tum
1923 2856 2023 2903 est.

2374 2962 2603 3021 CAPUT
2632 2963 2741 3020 CII.

186 3075 279 3146 Μὴ
305 3073 664 3145 φαρισαῖκῶς,
698 3073 833 3129 ἀλλὰ
861 3073 1165 3139 τελωνικῶς
1189 3073 1491 3145 προσεύχου
1521 3074 1581 3127 ὲν
1599 3073 1676 3145 τῷ

1849 3075 1927 3131 Ne
1952 3077 2258 3148 pharisaice
2278 3117 2294 3143 ,
2329 3078 2423 3133 sed
2455 3093 2604 3133 more
2635 3078 2910 3148 publicani
2938 3094 3061 3135 ores
3099 3079 3153 3134 in
3183 3095 3341 3139 sacro

112 3165 253 3235 ἱερῷ
279 3164 426 3236 τόπῳ
448 3164 549 3230 τῆς
572 3165 897 3235 προσευχῆς,
927 3164 1014 3217 ἴνα
1043 3164 1139 3217 καὶ
1162 3164 1227 3216 σὺ
1255 3162 1547 3234 δικαιωθῇς
1572 3162 1677 3216 ὑπὸ

112 3260 345 3332 Κυρίου.

706 3372 959 3426 ΚΕΦΑΛ.
998 3372 1118 3426 ΡΓ⁹.

202 3463 494 3533 ’Δγωνίζου
528 3463 602 3534 μὴ
632 3462 993 3528 κατεύξασθαί
1028 3478 1173 3526 τινος
1217 3462 1273 3517 ἐν
1301 3465 1365 3534 τῇ
1400 3465 1675 3535 προσευχῇ

117 3572 240 3618 σου,
272 3555 359 3609 ἵνα
381 3554 454 3627 μὴ
481 3554 516 3609 ἃ
537 3555 836 3618 οίκοδοιιεῖς
862 3551 1170 3625 καταλύσῃς
1192 3553 1483 3626 βδελυκτὴν
1508 3553 1678 3610 ποιῶν

115 3645 219 3715 τὴν
249 3645 556 3716 προσευχήν
592 3660 706 3697 σου.

713 3757 965 3811 ΚΕΦΑΛ.
992 3756 1111 3812 ΡΔ’.

199 3849 259 3902 ’0
288 3848 686 3920 χρεωφειλέτης
710 3850 819 3904 τῶν
845 3850 1055 3921 μυρίων
1079 3848 1354 3903 ταλάντων
1379 3851 1679 3908 παιδευέτω

121 3958 205 4003 σε,
224 3942 317 4007 ὡς,
352 3941 401 3994 εί
440 3942 514 4013 μὴ
547 3942 762 4014 ἀφήσῃς
784 3942 863 4014 τῷ
884 3942 1155 4014 ὀφειλέτῃ,
1186 3941 1305 3995 οὐδὲ
1324 3943 1486 4008 αὐτὸς
1517 3945 1678 4019 τεύξῃ

120 4035 221 4104 τῆς
250 4033 826 4112 ἀφέσεως-παρέδωκε
861 4035 990 4106 γάρ,
1026 4032 1209 4107 φησὶν,
1251 4037 1413 4091 αὐτὸν
1439 4040 1551 4103 τοῖς
1579 4037 1701 4115 βα(

123 4126 416 4188 σανισταῖς.

713 4234 966 4293 ΚΕΦΑΛ.
994 4238 1116 4295 PE'.

194 4324 571 4395 Παραπέμπου
621 4324 721 4390 τὰς
765 4328 1010 4399 ἀνάγκας
1056 4331 1149 4386 τοῦ
1197 4334 1470 4406 σώματος,
1518 4338 1577 4392 ὲν
1612 4341 1678 4411 τῇ

123 4416 459 4488 παραστάσει
491 4414 590 4484 τῆς
618 4419 943 4490 προσευχῆς,
986 4420 1072 4474 ἵνα
1103 4422 1177 4493 μὴ
1221 4424 1543 4496 νυττόμενος
1576 4427 1680 4481 ὑπὸ

123 4504 345 4576 ψύλλης,
372 4503 714 4576 ἦφθειρὸς,ἢ
745 4507 1022 4575 κώνωπος,
1045 4512 1077 4583 ἢ
1109 4513 1290 4584 μυίας,
1310 4515 1594 4590 ζημιωθῇς
1619 4517 1681 4572 τὸ

130 4596 380 4669 μέγιστον
414 4594 602 4666 κέρδος
628 4594 728 4666 τῆς
751 4602 1057 4673 προσευχῆς
1093 4621 1207 4659 σου.

710 4688 960 4745 ΚΕΦΑΛ.
1001 4690 1138 4762 Pq'.

195 4771 391 4829 Ἦλθεν
415 4776 496 4840 είς
527 4776 695 4848 ἡμᾶς,
728 4776 804 4841 ὥς
829 4795 936 4833 τινι
966 4780 1075 4834 τῶν
1107 4783 1276 4852 ἁγίων
1310 4788 1677 4859 προσευχομέ⁶

131 4886 225 4939 νῳ,
244 4865 489 4922 τοσοῦτον
514 4867 801 4922 ἀνθίστατο
826 4869 855 4921 6
883 4870 1135 4942 πονηρὸς,
1158 4873 1234 4937 ώς
1257 4875 1373 4945 ἅμα
1399 4875 1477 4946 τῷ
1511 4877 1683 4931 ἐκτεῖ-

132 4975 217 5014 ναι
242 4958 338 5021 τάς
365 4960 584 5029 χεῖρας,
614 4958 819 5013 ἐκεῖνον
855 4961 935 5024 εἰς
982 4962 1169 5017 λέοντα
1216 4968 1685 5038 μετασχηματίζε-

136 5051 271 5117 σθαι,
302 5050 394 5104 καὶ
421 5050 723 5123 ἀνεγείρειν
752 5055 832 5114 είς
854 5054 1014 5126 ὀρθὸν
1046 5057 1174 5121 τοὺς
1202 5058 1567 5130 ἐμπροσθίους
1588 5061 1686 5114 πό-

136 5143 245 5208 δας,
270 5145 363 5198 καὶ
388 5144 517 5210 τοὺς
540 5148 771 5214 οἰκείους
806 5140 1002 5220 ὄνυχας
1039 5149 1379 5221 ἑκατέρωθεν
1411 5155 1533 5217 ταῖς
1563 5153 1686 5208 δυσὶ

136 5235 292 5306 ψύαις
320 5230 601 5310 ἐμπείρειν
634 5239 728 5294 τοῦ
764 5239 1088 5310 άγωνιστοῢ,
1118 5242 1213 5297 καὶ
1243 5241 1319 5313 μὴ
1358 5242 1687 5312 ἀφίστασθαι

138 5328 260 5400 πρὶν
308 5329 408 5393 τὰς
461 5334 650 5402 χεῖρας
703 5332 948 5398 κατάξει.
1008 5333 1111 5386 Τὸν
1172 5333 1230 5386 δὲ
1284 5334 1419 5404 μηδὲ
1470 5334 1687 5389 πώποτε

141 5420 468 5492 ὑποχαλάσαι
519 5417 723 5488 ταύτας
778 5423 938 5496 ἄχρις
988 5416 1050 5480 οὗ
1089 5423 1194 5496 ξτάς
1239 5425 1491 5495 συνήθεις
1525 5425 1689 5497 εὐχὰς

144 5512 440 5586 ἐπλήρωσε.

1778 3169 2041 3225 orationis
2072 3170 2212 3236 loco,
2239 3179 2300 3225 ut
2319 3170 2482 3226 etiam
2512 3179 2571 3225 tu
2598 3187 2629 3224 a
2657 3169 2887 3226 Domino
2921 3171 3258 3242 justiticeris.

2366 3370 2593 3428 CAPUT
2619 3371 2751 3428 CIII.

1846 3459 2147 3527 Contende,
2190 3476 2298 3516 non
2328 3476 2485 3517 orare
2542 3463 2806 3516 adversus
2838 3461 3073 3533 aliquem
3132 3463 3185 3517 in
3243 3474 3335 3519 tua

1777 3551 2042 3617 oratione,
2076 3566 2144 3606 ne
2168 3552 2417 3608 destruas
2437 3566 2557 3620 qua:
2583 3551 2842 3621 aedificas,
2864 3554 3160 3609 orationem
3189 3564 3339 3611 tuam

1775 3643 2165 3699 exsecrandam
2198 3644 2497 3700 reddendo.

2357 3758 2588 3817 CAPUT
2615 3760 2753 3817 CIV.

1847 3849 2049 3907 Doceat
2094 3860 2147 3907 te
2190 3851 2282 3923 qui
2324 3853 2537 3909 debitor
2587 3865 2705 3909 erat
2743 3855 2927 3910 decem
2965 3855 3111 3911 mille
3168 3856 3335 3910 talen-

1778 3951 1982 4007 torum,
2023 3945 2168 4014 quod
2203 3944 2308 4000 nisi
2340 3945 2584 4001 dimittas
2647 3945 2904 4011 debitori,
2959 3963 3057 4003 nec
3094 3948 3208 4018 ipse
3255 3948 3338 4003 di-

1777 4034 2095 4091 missionem
2163 4037 2556 4106 consequeris;
2622 4038 2842 4093 tradidit
2896 4039 3062 4105 enim,
3142 4039 3337 4110 inquit,

1777 4125 1957 4198 ipsum
2007 4128 2304 4185 tortoribus
2337 4130 2405 4186 ".

2374 4241 2600 4299 CAPUT
2626 4242 2739 4297 CV.

1849 4332 2204 4390 Praetermitte
2226 4336 2470 4406 corporis
2500 4337 2877 4403 necessitates,
2917 4337 3044 4392 dum
3097 4337 3334 4391 orationi

1708 4458 1754 4516 Β
1783 4427 2021 4493 assistis,
2072 4442 2140 4483 ne
2174 4428 2443 4485 Iodicatus
2471 4444 2503 4484 a
2536 4430 2732 4501 pulice,
2770 4440 2863 4485 aut
2895 4445 2925 4484 a
2954 4429 3216 4500 pediculo,
3256 4428 3342 4485 vel

1780 4518 1956 4574 culice
1988 4534 2084 4574 seu
2117 4534 2326 4587 musca,
2362 4519 2587 4576 maximi
2630 4522 2766 4577 lucri
2802 4530 2905 4576 tua:
2933 4520 3197 4575 orationis
3247 4520 3343 4573 de-

1778 4609 2095 4665 trimentum
2122 4610 2370 4681 patiaris.

2354 4697 2581 4754 CAPUT
2612 4697 2745 4754 CVI.

1850 4791 2100 4848 Pervenit
2128 4790 2196 4846 ad
2222 4805 2343 4858 nos,
2374 4806 2470 4847 seu
2501 4793 2567 4847 ad
2593 4807 2754 4847 aures
2787 4800 3026 4853 nostras,
3059 4790 3201 4861 quod
3226 4790 3346 4847 cui-

1782 4882 1907 4938 dam
1932 4890 2246 4937 sanctorum
2301 4882 2479 4936 oranti
2502 4883 2636 4950 adep
2665 4882 2822 4952 502
2857 4882 3127 4952 malignus
3160 4882 3346 4936 obsta-

1785 4972 1901 5038 bat,
1936 4982 2016 5040 ut,
2039 4972 2203 5027 simul
2241 4987 2305 5027 ac
2329 4988 2527 5029 manus
2557 4974 2898 5040 extendebat,
2932 4974 3020 5027 ille
3056 4974 3107 5045 in
3135 4973 3345 5026 leonem

1783 5062 2286 5134 transﬁguraretur,
2328 5073 2383 5118 et
2410 5072 2558 5118 recta
2587 5079 2806 5119 sursum
2862 5065 3075 5134 erigens
3106 5062 3347 5116 anterio-

1786 5169 1876 5211 res
1919 5156 2105 5226 pedes,
2154 5155 2515 5226 propriosque
2575 5172 2785 5226 ungues
2834 5156 3091 5225 utrinque
3135 5155 3346 5209 duabus

1788 5246 1950 5302 malis
1979 5246 2269 5302 certatoris
2298 5246 2545 5316 inﬁgeret
2563 5287 2578 5311 ,
2604 5262 2780 5317 neque
2806 5247 3114 5307 desisteret,
3168 5245 3347 5315 prius-

1789 5354 1954 5409 quam
2002 5353 2197 5395 manus
2228 5338 2320 5394 ille
2348 5338 2664 5407 diduceret;
2711 5339 2826 5409 ipse
2887 5353 3018 5393 vero
3067 5349 3346 5405 nunquam

1785 5432 2049 5487 relaxavit
2075 5446 2191 5498 eas,
2222 5431 2395 5488 donec
2426 5447 2613 5504 preces
2667 5440 2957 5489 consuetas
2982 5426 3238 5499 explevit-

218 5696 260 5730 "
282 5696 435 5753 Deut.
468 5712 524 5765 ιι,
548 5697 639 5754 20.
710 5698 758 5732 ⁸⁸
791 5695 924 5755 Joel.
954 5712 1014 5766 ιι,
1050 5696 1156 5772 1ος
1185 5694 1419 5751 Nalium.
1470 5709 1510 5760 ι,
1540 5693 1592 5749 5.
1668 5696 1679 5727 '

1799 5695 1933 5752 attb.
1968 5710 2120 5763 xvm,
2143 5696 2229 5751 δι.
