3838 6056
518 287 647 353 1191

1109 389 1340 450 CAPUT
1367 388 1521 447 CVII.

582 506 969 577 Ilujuscemodi
1002 505 1174 560 fuisse
1201 504 1453 559 novimus
1503 516 1649 566 eum,
1680 498 1775 569 qui
1804 498 1859 552 in
1917 496 2073 551 fovea

510 602 751 657 solitaria
784 599 966 669 quiete
1001 598 1213 663 silebat,
1242 596 1503 651 Joannem
1542 593 1796 658 Parvum,
1827 589 1940 645 sive
1974 604 2074 659 po-

511 695 618 747 tius
650 706 1019 762 praemagnum
1054 689 1403 753 monachum,
1441 687 1534 755 qui
1573 700 1640 740 ex
1672 683 1766 740 Dei
1794 682 2071 739 consortio

508 788 711 841 mansit
740 787 1021 847 immotus,
1053 784 1298 837 daemone
1328 781 1385 835 in
1418 779 1601 851 specie
1649 776 1904 833 draconis
1962 776 2071 829 cir—

506 880 841 942 cnmvoluto,
872 878 1100 947 ejusque
1126 889 1320 931 carnes
1349 872 1661 939 mandente,
1692 880 1747 925 et
1784 870 1837 925 in
1873 868 2068 923 faciem

506 973 629 1044 ejus
690 980 995 1027 eructante.

1059 1080 1292 1139 CAPUT
1321 1078 1503 1138 CVIII.

576 1195 776 1266 Legisti
807 1194 1034 1249 omnino
1065 1201 1121 1249 et
1153 1193 1291 1249 vitas
1344 1192 1735 1247 monachorum
1780 1188 2069 1244 Tabenne-

503 1288 793 1351 siotarum,
834 1287 929 1341 ubi
956 1287 1179 1351 dicitur,
1217 1286 1361 1355 quod
1406 1285 1603 1339 abbate
1631 1282 1920 1337 Theodoro
1947 1295 2066 1336 ser-

501 1396 719 1436 monem
755 1379 821 1433 ad
861 1378 1053 1434 fratres
1081 1378 1337 1442 habente,
1376 1383 1639 1432 venerunt
1685 1375 1808 1429 duae
1868 1374 2067 1444 viperae

502 1472 607 1529 sub
627 1472 747 1541 ejus
780 1472 973 1541 pedes;
1004 1471 1095 1524 ille
1130 1485 1258 1525 vero
1293 1468 1681 1540 imperturbate
1711 1482 1805 1522 eas
1830 1465 1909 1520 uti
1949 1464 2067 1520 for-

503 1562 682 1616 nicem
709 1562 934 1627 faciens,
975 1560 1215 1631 suscepit
1256 1560 1508 1624 interius,
1544 1560 1717 1614 donec
1758 1570 2066 1613 sermonem

499 1652 717 1708 locutus
765 1651 1009 1723 perfecit,
1062 1661 1298 1723 tuncque
1319 1651 1465 1721 ipsas
1494 1649 1754 1705 fratribus
1805 1647 2063 1714 ostendit,

496 1758 613 1799 rem
642 1758 939 1815 exponens.

1072 1852 1302 1910 CAPUT
1330 1852 1466 1908 CIX.

568 1962 782 2018 Itursus
808 1966 874 2019 de
911 1964 1083 2019 altero
1119 1965 1277 2020 Patre
1338 1965 1630 2036 spirituali,
1675 1981 1771 2021 seu
1810 1965 2063 2036 religioso

494 2054 745 2126 legimus,
781 2057 927 2125 quod
962 2068 1154 2113 orante
1202 2059 1318 2128 ipso
1368 2059 1552 2128 vipera
1615 2060 1877 2115 accedens
1941 2059 2061 2129 ejus

496 2148 677 2215 attigit
708 2148 896 2216 pedes,
924 2148 1015 2204 ille
1065 2164 1194 2204 vero
1226 2166 1333 2204 non
1381 2150 1532 2220 prius
1562 2150 1812 2220 deposuit
1839 2165 2057 2217 manus,

492 2252 780 2308 quousque
810 2250 1124 2294 consuetam
1165 2240 1389 2310 perfecit
1416 2241 1739 2307 orationem,
1771 2240 1929 2313 503
1972 2242 2059 2298 ni-

375 2370 379 2379 .
446 2327 684 2400 ,‘quue
747 2344 941 2399 passus
987 2340 1070 2386 est
1117 2346 1274 2387 noxze
1307 2332 1399 2403 qui
1443 2332 1633 2387 dilexit
1688 2331 1859 2389 Deum
1908 2334 2059 2405 plus-

492 2414 655 2488 quam
680 2422 941 2491 seipsum.

1081 2535 1305 2591 CAPUT
1345 2536 1457 2594 CX.

560 2648 619 2703 In
652 2649 898 2705 oratione
924 2660 1014 2706 tua
1048 2666 1148 2707 nec
1189 2653 1412 2717 elatum,
1463 2668 1565 2710 nec
1611 2654 1930 2713 distractum
1959 2656 2058 2713 ha-

487 2740 616 2798 beas
644 2742 843 2810 visum,
876 2753 931 2800 et
954 2745 1268 2817 abnegando
1294 2756 1440 2802 tuam
1463 2762 1680 2804 carnem
1718 2759 1772 2806 et
1791 2750 2052 2819 animam,

488 2836 609 2891 vive
632 2838 961 2893 mentaliter.

1068 2950 1297 3007 CAPUT
1320 2952 1461 3009 CXI.

557 3062 727 3117 Alteri
757 3062 973 3118 cuidam
1012 3073 1200 3121 sancto
1253 3066 1310 3122 in
1350 3068 1565 3125 deserta
1608 3071 1904 3129 solitudine
1954 3074 2049 3130 de-
2075 3081 2121 3143 c

487 3155 631 3227 genti
675 3156 988 3227 tranquille,
1014 3156 1145 3211 dum
1207 3167 1409 3226 oraret,
1476 3161 1753 3221 daemones
1810 3173 2051 3223 astantes

487 3263 584 3318 per
620 3248 756 3304 duas
786 3248 1153 3305 hebdomadas
1186 3251 1303 3321 ipso
1346 3263 1603 3325 tanquam
1640 3258 1747 3326 pila
1796 3258 2052 3315 ludebant

485 3339 614 3393 etin
645 3354 767 3394 aera
794 3340 1049 3409 jactando
1092 3341 1397 3411 vibrabant,
1424 3360 1548 3399 eum
1589 3347 1643 3401 in
1701 3357 1877 3405 storea
1927 3364 2052 3406 sus-

484 3431 763 3500 cipientes,
817 3431 1120 3489 nullatenus
1151 3442 1330 3490 tamen
1388 3446 1628 3494 mentem
1675 3440 1797 3512 ejus
1856 3456 1888 3496 a
1936 3440 2047 3498 fer-

484 3534 644 3580 vente
688 3525 934 3579 oratione
970 3525 1238 3583 deducere
1281 3537 1593 3599 potuerunt.

1044 3639 1273 3696 CAPUT
1308 3641 1464 3699 CXII.

556 3749 764 3807 Rursus
788 3751 943 3808 alteri
973 3752 1142 3809 Deum
1176 3756 1377 3811 amanti
1430 3765 1486 3813 et
1543 3760 1806 3816 orationis
1859 3776 2045 3817 curam

484 3844 711 3914 gerenti,
745 3858 871 3899 cum
905 3860 1002 3916 per
1032 3847 1301 3903 desertam
1340 3850 1685 3909 solitudinem
1705 3854 2043 3923 graderetur,

489 3937 786 3992 astiterunt
819 3937 998 4008 angeli
1027 3939 1157 4006 duo,
1194 3942 1473 4013 simulque
1499 3960 1623 3999 cum
1655 3947 1773 4015 ipso
1823 3946 1926 4002 iter
1968 3946 2050 4002 fa-

483 4029 705 4096 cientes,
736 4046 858 4085 eum
914 4032 965 4086 in
1005 4033 1185 4089 medio
1203 4035 1560 4092 collocarunt.
1587 4038 1679 4093 Ille
1708 4054 1836 4095 vero
1869 4040 2047 4095 nulla-

486 4130 643 4176 tenus
673 4121 740 4177 iis
768 4122 1018 4188 adhaesit,
1052 4141 1142 4189 ne,
1174 4129 1317 4196 quod
1352 4129 1548 4186 melius
1578 4140 1714 4198 erat,
1752 4132 2045 4187 detrimen-

1999 277 2060 343 S.
2079 275 2242 337 NILI

2106 388 2156 444 Δ

3614 276 3743 342 1192

2765 385 3016 442 ΚΕΦΑΛ.
3055 389 3173 442 PZ'.

2241 498 2493 555 Τοιοῦτον
2538 498 2783 571 ἔγνωμεν
2829 502 3130 570 γεγονέναι,
3162 501 3256 557 καὶ
3302 502 3396 557 τὸν
3452 504 3513 556 ἐν
3560 503 3740 575 λάκκῳ

2168 590 2516 660 ἡσυχάσαντα
2550 591 2800 663 Ἰωάννην
2829 593 2921 647 τὸν
2950 594 3179 665 Μικρὸν,
3218 596 3337 666 ήτοι
3383 595 3737 667 ὑπερμεγέθη

2173 680 2426 751 μοναχὸν,
2452 680 2510 743 ὃς
2543 681 2799 754 ἀκίνητος
2831 682 3047 752 ἔμεινεν
3088 685 3154 738 ἐκ
3179 685 3281 756 τῆς
3317 684 3415 738 τοῦ
3443 683 3592 737 Θεοῦ
3628 702 3740 737 suv—

2168 770 2379 834 ουσίας,
2403 771 2495 824 τοῦ
2522 770 2774 843 δαίμονος
2802 774 2859 826 ἐν
2880 774 3012 827 εῐδει
3031 774 3321 845 δράκοντος
3346 774 3741 847 περιειλιχθένο

2167 880 2278 928 τος,
2339 865 2434 917 καὶ
2496 865 2839 936 μασσομένου
2898 868 3064 921 αὑτοῦ
3108 869 3208 933 τὰς
3236 870 3476 941 σάρκας,
3525 872 3630 922 καὶ
3670 870 3737 940 τῷ

2170 954 2446 1028 προσώπῳ
2470 955 2635 1010 αὑτοῦ
2661 957 3115 1029 ὲπερευγομένου.

2756 1072 3007 1128 ΚΕΦΑΔ.
3040 1076 3165 1131 ΡΗ⁹.

2249 1181 2514 1252 Ἀνέγνως
2537 1185 2755 1250 πάντως
2781 1189 2875 1241 καὶ
2897 1188 3025 1252 τοὺς
3054 1190 3199 1260 βίους
3229 1192 3337 1245 τῶν
3355 1189 3736 1262 Ταόεννησιω-

2165 1272 2272 1328 τῶν
2303 1276 2572 1345 μοναχῶν,
2604 1277 2746 1332 καθά
2771 1296 2954 1351 φησιν,
2999 1281 3082 1334 ὅτι
3111 1281 3418 1347 Λαλοῦντος
3460 1283 3563 1337 τοῦ
3588 1285 3738 1353 βεδε

2164 1368 2320 1438 λόγον
2356 1374 2470 1436 τοῖς
2498 1372 2769 1444 ἀδελφοῖς,
2803 1370 2968 1446 ἦλθον
3000 1375 3094 1429 δύο
3113 1377 3317 1447 ἔχιδναι
3344 1377 3456 1431 ὑπὸ
3482 1379 3619 1443 τοὺς
3645 1382 3736 1432 πο-

2163 1461 2262 1526 δας
2311 1463 2475 1518 αὑτοῦ
2502 1482 2516 1496 ⁸
2567 1467 2598 1519 ὁ
2658 1466 2717 1519 δὲ
2761 1468 3048 1539 ἀταράχως
3109 1471 3342 1539 ποιήσας
3399 1470 3583 1534 αὐτας
3611 1472 3737 1525 ὡσεὶ

2164 1556 2441 1626 καμάραν,
2478 1557 2746 1612 ὑπέλαϐεν
2806 1560 2976 1624 αὐτὰς
3025 1560 3254 1626 ἔνδοθεν,
3294 1563 3404 1626 ἕως
3457 1563 3738 1617 ἐπαύσατο

2164 1644 2341 1701 λαλῶν
2383 1649 2475 1703 τὸν
2523 1648 2702 1719 λόγον,
2752 1653 2847 1705 καὶ
2890 1653 3013 1706 τότε
3065 1654 3233 1718 αὐτὰς
3273 1655 3581 1711 ὑπεδείκνυ
3633 1659 3737 1719 τοῖς

2086 1729 2135 1791 Β
2159 1736 2423 1807 ἀδελφοῖς,
2452 1739 2812 1812 ἐξηγούμενος
2834 1742 2896 1795 τὸ
2922 1746 3153 1815 πρᾶγμα

2764 1854 3015 1910 ΚΕΦΑΛ.
3044 1856 3165 1912 ΡΘ¹.

2230 1965 2364 2035 Περὶ
2402 1964 2590 2038 ἐτέρου
2633 1965 2796 2021 πάλιν
2846 1967 3160 2039 ἀνέγνωμεν
3208 1973 3622 2043 πνευματικοῦ,
3658 1974 3737 2027 ὅτι

2158 2058 2593 2128 προσευχομένου
2623 2058 2805 2126 αὐτοῦ,
2832 2059 3012 2130 ἔχιδνα
3042 2060 3290 2128 ἐλθοῦσα,
3322 2064 3627 2136 καθήψατο
3647 2067 3735 2119 τοῦ

2158 2150 2318 2214 ποδὸς
2342 2150 2528 2205 αὑτοῦ·
2557 2152 2587 2204 ὁ
2614 2152 2672 2207 δὲ
2716 2154 2779 2206 οὐ
2812 2157 3075 2227 πρότερον
3113 2158 3321 2229 καθῆκε
3365 2159 3473 2223 τὰς
3520 2162 3733 2229 χεῖρας,

2157 2240 2317 2313 ἄχρις
2366 2237 2426 2299 οὗ
2475 2244 2575 2314 τὴν
2614 2244 2814 2318 συνήθη
2869 2245 3175 2312 ἐξετέλεσεν
3218 2249 3408 2321 εὐχὴν,
3447 2252 3552 2305 καὶ
3584 2252 3735 2305 οὐδὲν

2156 2333 2360 2407 ἐϐλάϐη
2395 2335 2425 2389 ὁ
2459 2336 2753 2407 ἀγαπήσας
2778 2338 2870 2392 τὸν
2902 2339 3034 2393 Θεὸν
3055 2341 3196 2413 ὑπὲρ
3219 2343 3440 2397 ἐαυτὸν.

2749 2539 3002 2597 ΚΕΦΔΛ.
3047 2542 3151 2597 PI'.

2238 2652 2664 2727 Ἀμετεώριστον
2690 2654 2843 2728 ὄμμα
2870 2657 2961 2730 ἔχε
2999 2659 3057 2713 ἐν
3086 2662 3155 2732 τῇ
3181 2663 3467 2733 προσευχῇ
3500 2678 3603 2715 σου
3642 2664 3732 2716 καὶ

2153 2743 2534 2815 ἀρνησάμενός
2575 2763 2668 2802 σου
2703 2748 2807 2821 τὴν
2843 2750 3041 2821 σάρκα,
3073 2752 3165 2806 καὶ
3206 2752 3308 2823 τήν
3344 2751 3561 2824 ψυχὴν,
3596 2753 3734 2806 κατὰ

2153 2836 2277 2891 νοῦν
2299 2837 2437 2907 ζῆθι.

2709 2952 2962 3009 ΚΕΦΑΔ.
3004 2950 3150 3008 PIA'.

2235 3059 2436 3131 Ἐτέρῳ
2484 3062 2589 3114 τινὶ
2639 3063 2868 3127 εὐτόνως
2914 3062 3188 3135 εὐχομένῳ
3232 3063 3373 3136 ἁγίῳ
3426 3065 3490 3118 ἐν
3534 3067 3733 3137 ἐρήμῳ

2152 3149 2497 3221 ἡσυχάζοντι,
2530 3151 2781 3223 δαίμονες
2804 3155 3123 3219 ἐπιστάντες
3143 3156 3237 3209 ἐπὶ
3264 3155 3362 3208 δύο
3393 3155 3731 3227 ἐσδομὰδας,

2150 3240 2341 3296 τοῦτον
2401 3243 2737 3316 ἐσφαίριζον,
2791 3248 2887 3300 καὶ
2933 3247 3210 3302 ὲτίνασσον
3264 3250 3346 3312 εἰς
3400 3248 3498 3303 τὸν
3565 3250 3731 3322 ἀέρα,

2149 3334 2431 3405 δεχόμενοι
2486 3337 2651 3391 αὑτὸν
2693 3338 2754 3392 ἐν
2797 3337 2874 3411 τῷ
2916 3339 3137 3412 ψιαθιῳ,
3171 3342 3263 3396 καὶ
3308 3342 3553 3406 οὐδόλως
3583 3344 3734 3413 ἰσχυ-

2152 3443 2249 3480 σαν
2274 3429 2533 3498 κατάγειν
2563 3429 2654 3483 τὸν
2688 3431 2814 3487 νοῦν
2847 3432 3107 3512 αὐτοῦιέκ
3128 3433 3232 3504 τῆς
3258 3435 3518 3506 ἐμπύρου
3550 3452 3731 3507 προσ-

2148 3520 2336 3591 ευχῆς.

2720 3640 2971 3695 ΚΕΦΑΛ.
2998 3641 3146 3696 PIB'.

2219 3750 2396 3823 Ἀλλῳ
2444 3752 2605 3806 πάλιν
2654 3754 2884 3827 φιλοθέῳ
2958 3759 3051 3813 καὶ
3098 3761 3406 3832 προσευχῆς
3456 3762 3727 3833 πρόνοιαν

2145 3846 2472 3915 ποιουμένῳ,
2502 3846 2559 3899 ὲν
2590 3847 2780 3919 ἐρήμῳ
2810 3849 3098 3919 βαδίζοντι,
3147 3854 3363 3922 ἄγγελοι
3398 3854 3727 3928 ἐπέστησαν

2143 3936 2256 4002 δύο,
2286 3938 2377 3992 καὶ
2398 3938 2663 4010 ἐμέσαζον
2694 3942 2855 3997 αὐτὸν
2882 3944 3378 4018 συνοδοιποροῦντες
3398 3950 3579 4020 αὐτῷ·
3607 3952 3639 4004 ὁ
3660 3952 3725 4004 δὲ

2143 4028 2372 4094 οὐδόλως
2402 4031 2609 4096 τούτοις
2646 4036 2953 4106 προσεῖχεν,
2986 4036 3069 4090 ἵνα
3116 4037 3190 4108 μὴ
3228 4038 3288 4092 τὺ
3317 4042 3574 4110 κρεῖττον
3617 4043 3723 4110 ζη-

2146 4121 2345 4193 μιωθῇ.
2384 4122 2787 4195 Ἐμνημόνευσε
2837 4127 2943 4199 γὰρ
2990 4128 3084 4181 τοῦ
3134 4130 3497 4184 άποστολικοῦ
3545 4133 3721 4203 ῥητοῦ

485 4221 600 4267 tum
641 4213 929 4283 acciperet.
962 4214 1279 4274 Meminerat
1306 4220 1507 4292 quippe
1555 4222 1841 4291 apostolici
1898 4223 2045 4279 elI'ati

2176 4211 2235 4263 οὗ
2291 4213 2617 4281 φάσκοντος·
2659 4234 2678 4267 ι
2706 4213 2840 4270 Οὔτε
2872 4217 3115 4286 ἄγγελοι,
3174 4218 3297 4272 οὔτε
3334 4222 3530 4291 ἀρχαὶ,
3588 4222 3720 4277 οὔτε

482 4303 747 4359 dicentis:
779 4321 799 4355 ι
833 4303 949 4363 Nec
973 4308 1172 4381 angeli,
1221 4325 1395 4380 neque
1449 4312 1805 4383 principatus,
1870 4328 2047 4386 neque

2176 4299 2397 4370 υνάμεις
2423 4301 2749 4372 δυνήσονται·
2770 4307 2915 4378 ήμᾶς
2957 4308 3186 4379 χωρίσαι
3221 4310 3330 4364 ἀπὸ
3354 4312 3458 4381 τῆς
3485 4312 3720 4382 ἀγάπης

486 4402 777 4460 potestates
808 4407 1064 4467 poterunt
1110 4416 1211 4456 nos
1246 4416 1504 4472 separare
1533 4420 1565 4459 a
1591 4405 1859 4463 cbaritate
1880 4405 2041 4463 Chri-

2176 4389 2239 4445 οὖ
2276 4392 2539 4464 Χριστοῦ.
2565 4412 2587 4447 ι

484 4485 552 4540 sti
577 4486 644 4542 ”.
680 4505 701 4540 ι

1037 4601 1267 4659 CAPUT
1301 4604 1484 4668 CXIII.

555 4708 775 4781 Angelis
808 4713 1034 4784 aequalis
1068 4714 1127 4769 llt
1152 4720 1455 4776 monachus
1488 4735 1587 4792 per
1628 4737 1810 4779 veram
1840 4725 2043 4782 oratio-

483 4815 629 4858 nem.

953 4919 1113 4993 504
1137 4919 1365 4980 CAPUT
1419 4925 1604 4982 cxnv.

552 5027 790 5100 Cupiens
827 5030 1012 5089 videre
1040 5034 1233 5091 faciem
1269 5036 1467 5106 Patris,
1506 5043 1598 5113 qui
1631 5042 1684 5097 in
1744 5045 1896 5101 aclis
1932 5053 2041 5110 est,

358 5143 363 5147 ο
482 5118 635 5173 nullo
660 5120 824 5177 modo
852 5125 1073 5182 studeas
1110 5128 1349 5199 aliquam
1374 5133 1623 5205 excipere
1650 5136 1880 5191 formam
1903 5145 2041 5193 tem-

482 5223 615 5279 pore
649 5212 932 5270 orationis.

1043 5332 1269 5390 CAPUT
1296 5337 1457 5397 CXV.

549 5438 629 5496 Ne
662 5440 932 5501 desideres
962 5446 1218 5520 Angelos,
1251 5461 1345 5508 aut
1386 5452 1707 5523 Potestates,
1739 5450 1831 5515 aut
1880 5459 2037 5517 Chri-

481 5538 625 5586 stum
655 5537 982 5594 sensibiliter
1012 5542 1212 5612 videre,
1237 5561 1306 5601 ne
1328 5561 1552 5617 prorsus
1585 5565 1770 5610 amens
1812 5554 2031 5621 evadas,

549 5705 595 5739 "
642 5706 799 5765 Rom.
829 5727 950 5780 vm,
986 5714 1077 5771 58.

2709 4623 2961 4678 ΚΕΦΔΛ.
2991 4623 3139 4679 PII".

2223 4731 2530 4802 ’ἰσάγγελος
2560 4733 2767 4803 γίνεται
2802 4736 3031 4808 μοναχδς
3051 4736 3141 4792 διὰ
3166 4737 3265 4809 τῆς
3287 4738 3533 4810 ἀληθοῦς
3553 4760 3715 4814 προσ-

2141 4825 2327 4897 ευχῆς.

2711 4944 2963 4999 ΚΕΦΑΛ.
2996 4944 3139 5000 ΡΙΔ’.

2227 5055 2535 5111 Ἐπιποθῶν
2592 5057 2722 5112 ἰδεῖν
2768 5059 2830 5112 τὸ
2875 5060 3165 5132 πρόσωπον
3216 5061 3310 5115 τοῦ
3348 5062 3576 5131 Πατρὸς
3621 5065 3706 5119 τοῦ

2141 5148 2201 5201 ἐν
2230 5148 2499 5218 οὐρανοῖς,
2534 5148 2610 5220 μὴ
2641 5149 2789 5220 ζήτει
2825 5152 3098 5217 παντελῶς
3146 5155 3383 5227 μορφὴν,
3431 5156 3466 5227 ἢ
3524 5163 3708 5229 σχῆμα

2141 5236 2390 5308 δέχεσθαι
2410 5238 2471 5292 ἐν
2494 5238 2574 5310 τῷ
2592 5239 2695 5310 τῆς
2715 5243 3017 5312 προσευχῆς
3044 5243 3220 5315 καιρῷ
3236 5260 3251 5276 ⁸

2704 5354 2957 5410 ΚΕΦΔΛ.
2992 5355 3136 5410 ΡΙΕ’.

2209 5432 2321 5533 Μὴ.
2339 5465 2493 5520 πόθει
2537 5468 2801 5536 ἀγγέλους
2835 5469 2981 5534 ἰδεῖν,
3029 5470 3060 5541 ἢ
3090 5471 3365 5543 δυνάμεις,
3402 5474 3437 5545 ἢ
3471 5476 3705 5546 Χριστὸν

2142 5553 2433 5624 αἰσθητῶς,
2460 5555 2547 5608 ἴνα
2579 5556 2657 5628 μὴ
2690 5557 2869 5613 τέλεον
2899 5560 3205 5631 φρενιτικὸς
3231 5563 3568 5634 γένῃ,λύκον
3587 5566 3700 5619 ἁντδ
