3804 6052
497 281 631 347 1195

1041 395 1265 452 CAPUT
1303 397 1510 453 CXXX.

563 507 616 559 Si
670 508 1056 576 promissiones
1113 524 1442 567 consecutus
1517 512 1716 575 fueris,
1772 513 2050 581 regnabis;

487 600 553 654 ad
579 615 670 656 eas
709 601 871 670 igitur
904 603 1226 672 respiciens,
1268 609 1502 660 suaviter
1534 614 1847 675 praesentem
1870 616 2053 676 porta-

486 691 570 747 bis
600 701 987 762 paupertatem.

1019 805 1245 888 CAPUT
1278 808 1513 862 cxxxr.

552 914 630 972 Ne
677 922 891 972 recuses
945 929 1336 986 paupertatem,
1390 930 1442 974 et
1473 921 1898 987 tribulationem,
1932 937 2052 992 qua:

483 1015 611 1063 sunt
640 1008 879 1062 materiae
917 1009 1138 1062 minime
1170 1013 1350 1080 gravis
1375 1012 1660 1068 orationis.

1009 1121 1232 1178 CAPUT
1261 1123 1517 1178 CXXXII.

545 1234 830 1302 Corporete
848 1237 1072 1290 virtutes
1083 1236 1190 1290 sint
1207 1237 1304 1290 tibi
1327 1240 1551 1294 comites
1567 1243 1758 1304 adeas,
1775 1257 1894 1312 qua:
1923 1253 2050 1298 sunt

477 1326 691 1384 animae.
726 1341 910 1396 emque
945 1328 1139 1382 anima:
1165 1328 1231 1382 ad
1255 1329 1580 1397 spirituales,
1602 1341 1656 1386 et
1692 1333 1820 1402 ipsa:
1849 1334 1915 1389 ad
1943 1335 2049 1390 im-

475 1418 805 1473 materialem
838 1428 998 1488 atque
1023 1423 1364 1478 essentialem
1421 1426 1801 1494 cognitionem.

879 1534 1039 1606 507
1069 1536 1297 1594 CAPUT
1323 1538 1605 1594 CXXXIII.

545 1647 623 1710 Si,
677 1647 903 1710 orando,
957 1649 1112 1704 facile
1186 1653 1538 1718 cogitationes
1600 1655 2042 1726 interquiescant,

1977 294 2035 352 S.
2075 291 2236 355 NILI

2085 415 2134 464 Δ

3573 295 3709 371 1196

2724 403 2969 464 ΚΕΦΑΛ.
3009 407 3132 466 PA'.

2239 515 2363 570 Ἐὰν
2419 516 2674 591 ἐπιτεύξῃ
2727 521 2835 576 τῶν
2889 523 3263 593 ἐπαγγελιῶν,
3327 526 3704 595 βασιλεύσεις,

2152 607 2346 660 οὐκοῦν
2388 608 2525 677 πρὸς
2565 609 2736 664 ταῦτα
2780 613 3139 680 ἀποϐλέπων,
3179 616 3349 686 ἡδέως
3391 619 3568 682 οτσεις
3615 619 3707 690 τὴν

2153 697 2432 754 παροῦσαν
2465 700 2675 754 πενίαν.

2689 817 2935 875 ΚΕΦᾹΛ.
2976 821 3147 878 PAA'.

2222 923 2313 994 Μὴ
2358 927 2627 996 παραιτοῦ
2674 932 2864 1013 πενίαν
2903 935 2997 988 καὶ
3042 935 3238 1007 θλῖψιν,
3288 939 3391 1005 τὰς
3441 941 3578 1005 ῦλας
3617 943 3705 1013 τῆς

2150 1014 2254 1068 ἀϐα
2263 1013 2387 1087 ροῦς
2417 1009 2742 1091 προσευχῆς.

2689 1135 2936 1190 ΚΕΦΑΛ.
2977 1139 3146 1192 ΡΛΒ¹.

2230 1244 2676 1317 Ὀμηρευέτωσάν
2741 1270 2822 1304 σοι
2875 1255 2930 1306 αἱ
2974 1256 3284 1324 σωματικαὶ
3335 1259 3536 1329 ἀρεταὶ
3577 1263 3700 1332 πρὸς

2145 1335 2245 1398 τὰς
2266 1337 2501 1422 ψυχικὰς
2521 1381 2535 1404 ,
2559 1343 2652 1396 καὶ
2680 1345 2734 1397 αί
2757 1345 2987 1415 ψυχικαὶ
3012 1348 3145 1417 πρὸς
3173 1349 3274 1412 τάς
3303 1356 3696 1422 πνευματικάς.

2148 1424 2258 1478 Καὶ
2286 1421 2446 1482 αῦται
2476 1430 2614 1500 πρὸς
2643 1433 2744 1502 τὴν
2768 1433 2930 1488 ἄῦλον
2962 1437 3185 1503 γνῶσιν.

2697 1546 2947 1604 ΚΕΦΑΛ.
2990 1529 3154 1604 PAF'.

2214 1651 2410 1706 Σκόπει
2442 1659 2840 1728 κατευχόμενος
2878 1660 3173 1733 λογισμῶν,
3202 1667 3252 1719 εἰ
3284 1668 3496 1738 ῥᾳδίως
3527 1669 3700 1740 λωφήο

472 1734 676 1802 dispice
709 1733 852 1787 unde
882 1735 934 1788 id
967 1736 1077 1800 ﬁat,
1113 1753 1181 1791 ne
1211 1739 1436 1793 latenter
1466 1741 1689 1809 patiaris
1715 1741 1962 1806 insidias,
1995 1759 2022 1797 ε

2162 1759 2289 1797 ςειεν
2313 1787 2326 1809 ,
2363 1747 2481 1800 ὅθεν
2515 1749 2672 1804 τοῦτο
2699 1751 2888 1821 γέγονε
2908 1794 2924 1818 ,
2960 1755 3038 1827 μὴ
3069 1733 3367 1830 ἐγκρυμμα
3397 1761 3580 1833 πάθῃς

473 1831 661 1870 errans
691 1815 922 1886 teipsum
949 1817 1228 1874 divendas.

984 1926 1214 1985 CAPUT
1253 1927 1522 1987 CXXXIV.

537 2031 936 2104 Nonnunquam
976 2038 1246 2093 daemones
1297 2041 1392 2092 tibi
1422 2050 1715 2110 suggerunt
1761 2041 2043 2107 cogitatio-

468 2140 596 2192 nes,
649 2142 952 2198 rursusque
1007 2138 1058 2183 te
1098 2142 1421 2200 provocant.
1477 2143 1536 2185 ut
1597 2132 1848 2187 videlicet
1917 2148 2040 2188 ores

468 2219 729 2275 adversus
754 2236 871 2284 eos,
921 2232 1011 2275 aut
1053 2223 1186 2292 ipsis
1216 2225 1576 2289 contradieas,
1621 2238 1781 2295 atque
1809 2225 2038 2282 libenter

468 2307 747 2372 secedunt,
781 2317 858 2373 ut,
910 2309 1205 2384 deceptus,
1256 2311 1533 2378 egisﬂmes
1566 2313 1632 2367 de
1665 2315 1854 2384 teipso,
1893 2315 2035 2384 quod

468 2395 717 2466 =nccpisti
763 2383 1116 2467 cogitationes
1161 2399 1464 2461 devincere,
1505 2416 1567 2454 ac
1604 2402 1875 2456 daemones
1915 2417 2036 2471 per-

466 2490 636 2544 terref
635 2505 806 2545 acere.
897 2545 900 2547 Α

985 2607 1212 2664 CAPUT
1238 2608 1498 2664 CXXXV.

532 2721 588 2778 Si
628 2738 750 2779 ores
790 2724 1050 2778 adversus
1093 2725 1422 2794 passionem,
1465 2734 1559 2778 aut
1590 2723 1912 2792 dzemonem,
1936 2731 2028 2798 qui

2144 1835 2436 1907 πλανηθεὶς
2465 1841 2679 1912 ἀποδῷς
2713 1846 2961 1899 σεαυτόν.

2690 1958 2936 2013 ΚΕΦΑΛ.
2978 1962 3142 2017 ΡΛΔ’.

2217 2062 2401 2116 Ἔστιν
2445 2064 2532 2117 ὅτε
2585 2068 2634 2118 οἱ
2683 2067 2940 2138 δαίμονες
2993 2072 3362 2129 ὑποϐάλλουσι
3416 2094 3506 2130 σοι
3559 2079 3698 2148 λογι-

2142 2153 2328 2220 σμοὺς,
2360 2156 2455 2208 καὶ
2482 2157 2644 2210 πάλιν
2678 2159 2979 2229 ὲρεθίζουσί
3009 2181 3070 2218 σε
3099 2165 3270 2237 δῆθεν
3293 2169 3696 2240 προσεύξασθαι

2137 2243 2258 2295 κατ’
2287 2245 2466 2299 αὐτῶν
2487 2287 2502 2309 ,
2535 2247 2568 2317 ἢ
2602 2251 2874 2319 ἀντιλέξαι
2905 2255 3089 2320 αὐτοῖς
3131 2259 3226 2311 καὶ
3266 2259 3536 2323 ἑκουσίως
3571 2262 3696 2315 ὑπο-

2135 2336 2436 2406 χωροῦσιν,
2489 2339 2574 2394 ἴνα
2623 2342 2959 2416 ἀπατηθεὶς.
3009 2348 3199 2421 οἰηθῇς
3248 2353 3378 2422 περὶ
3431 2353 3694 2418 σεαυτοῦ,

2133 2427 2215 2479 ὅτι
2252 2429 2407 2512 ᾕρξω
2447 2435 2604 2504 νικᾷν
2649 2438 2774 2500 τοὺς
2815 2438 3138 2510 λογισμοὺς,
3186 2444 3283 2498 καὶ
3335 2445 3529 2514 φοϐεῖν
3575 2448 3696 2509 coit;

2133 2517 2417 2588 δαίμονας.

2681 2643 2930 2700 ΚΕΦΑΛ.
2971 2647 3136 2704 ΡΛΕ’.

2202 2747 2484 2822 Προσευχὴ
2513 2753 2656 2807 κατά
2685 2756 2913 2822 πάθους,
2948 2761 2982 2832 ἢ
3012 2761 3264 2834 δαίμονος
3291 2770 3694 2840 παρενοχλοῦνο

461 2824 513 2870 te
558 2817 834 2886 perturbat
870 2832 935 2872 ac
963 2827 1136 2878 vexat,
1175 2831 1444 2872 memento
1475 2818 1704 2874 dicentis
1736 2836 1750 2872 :
1784 2838 1802 2870 ι
1839 2818 2026 2876 Perse-

2162 2838 2220 2902 ός
2249 2817 2330 2893 σοι
2352 2883 2366 2906 ,
2413 2817 2660 2915 μέμνησο
2688 2847 2780 2901 τοῦ
2814 2817 3116 2920 λιὲγονῖιοςσ⁸
3137 2874 3156 2907 ι

460 2923 597 2977 quar
639 2908 890 2962 inimicos
922 2922 1091 2970 meos,
1131 2916 1185 2962 et
1212 2908 1663 2977 comprehendam
1694 2925 1811 2976 eos,
1838 2920 1892 2966 et
1920 2927 2028 2966 non

2129 2931 2355 3004 ἐχθρούς
2386 2953 2488 3006 μου
2521 2941 2616 2993 καὶ
2645 2943 3030 3017 καταλήψομαι
3061 2950 3281 3016 αὐτοὺς,
3309 2956 3405 3009 καὶ
3433 2958 3540 3011 ούκ
3568 2959 3693 3013 ἀποο

458 3007 748 3052 convertar
781 2997 952 3050 donec
997 2996 1281 3064 deﬁciant,
1314 3007 1368 3052 et
1391 3006 1668 3052 conteram
1705 3001 1883 3069 ipsos,
1932 3017 2026 3057 nec

459 3098 706 3115 κλίναι-...εί
765 3100 906 3115 ..ιη-..Α
978 3090 1162 3115 ,ηελλ-..ι
1219 3090 1405 3115 -..ιι-η..
1446 3089 1603 3115 ..ι-ΛΑ-
1643 3095 1886 3115 ..----In-
1928 3112 1940 3115 _
1985 3103 2026 3115 -.

2162 2996 2189 3001 ,ἡ
2229 2996 2240 3004 ,
2337 2996 2346 2998 _
2386 2996 2399 3006 _
2840 2996 2882 3014 η
2908 2996 3029 3017 τήν-
3062 2996 3281 3016 ---ην
3313 2996 3405 3009 η...
3435 2996 3540 3011 υ...
3568 2996 3689 3013 ...ι-..ν

2165 3026 2510 3095 τραφήσομαι
2546 3029 2650 3094 ἕως
2689 3033 2754 3086 ἂν
2800 3035 3144 3107 ἐκλείπωσιν,
3182 3044 3420 3115 ἐκθλίψω
3468 3049 3689 3114 αὖτοὺς,

458 3098 713 3160 poterunt
765 3100 925 3153 stare,
976 3090 1170 3144 cadent
1217 3090 1409 3145 subtus
1446 3089 1606 3160 pedes
1643 3095 1887 3159 meos”;
1926 3112 1944 3145 ι
1977 3103 2026 3149 et

458 3183 659 3205 _-I2..-.-
717 3180 819 3205 l-I-
848 3183 1156 3205 a...--..-..a!-.-
1188 3183 1325 3205 ΑΒ---
1371 3195 1417 3205 ι-
1447 3183 1741 3205 Ι,--..,212ι-.-
1775 3187 2022 3205 -______J_

2201 3089 2211 3092 _
2281 3089 2289 3092 _
2329 3089 2340 3094 ,
2415 3089 2426 3095 -
2629 3089 2645 3094 -
2936 3089 2941 3090 ν
2978 3089 3144 3107 inv":
3183 3089 3420 3115 νην-’γα
3468 3089 3689 3114 """""ﬂ

2162 3116 2223 3166 αἱ
2254 3118 2312 3168 ού
2353 3116 2428 3188 μὴ
2459 3119 2716 3176 δύνωνται
2745 3126 2953 3197 στῆναι,
2985 3135 3276 3188 πεσοῦνται
3302 3137 3408 3191 ὑπὸ
3439 3141 3570 3205 τοὺς
3596 3143 3694 3195 πό-

456 3183 685 3252 reliqua.
717 3180 824 3237 Ista
848 3183 1158 3250 tempestive
1183 3183 1348 3249 dices,
1371 3195 1422 3240 te
1446 3183 1746 3240 humilitate
1772 3187 2032 3242 armanda

456 3285 644 3329 contra
674 3275 1030 3329 adversarios.

970 3478 1196 3534 CAPUT
1230 3479 1513 3535 CXXXVI.

523 3592 601 3649 Ne
641 3604 796 3664 putes
835 3595 1005 3650 fuisse
1033 3605 1400 3665 comparatam
1435 3598 1710 3664 virtutem,
1741 3597 1846 3653 nisi
1879 3596 2027 3666 prius

454 3702 626 3756 usque
671 3688 737 3742 ad
793 3687 1108 3756 sanguinem
1143 3703 1240 3756 pro
1279 3689 1392 3756 ipsa
1425 3689 1566 3742 velut
1603 3690 1655 3742 in
1703 3689 1817 3744 acie
1850 3699 2025 3744 certa-

451 3778 594 3832 veris
633 3796 646 3832 :
689 3789 902 3848 oportet
959 3779 1104 3832 enim
1155 3793 1324 3848 usque
1373 3780 1439 3832 ad
1491 3791 1719 3834 mortem
1766 3780 2025 3837 adversus

451 3881 727 3938 peccatum
770 3871 1087 3940 pugnaciter
1120 3871 1453 3936 consistere;
1496 3882 1550 3926 et
1578 3871 2023 3942 irreprehensibi-

451 3965 592 4030 liter,
631 3967 928 4021 secundum
957 3965 1198 4020 divinum
1242 3967 1560 4036 Apostolum
1579 3968 1645 4022 ³³,

851 4099 1012 4170 508
1037 4097 1269 4154 CAPUT
1303 4099 1608 4154 CXXXVII.

516 4215 572 4270 Si
608 4216 842 4284 aliquem
873 4213 1174 4282 adiuvabis,
1209 4215 1418 4269 laedaris
1451 4216 1520 4269 ab
1547 4217 1738 4282 altero,
1773 4227 1831 4272 ut
1868 4235 2020 4275 acce-

445 4316 531 4376 pta
587 4307 785 4377 injuria
829 4306 1020 4374 cedas,
1071 4316 1166 4362 aut
1221 4308 1420 4378 aliquid
1469 4307 1638 4365 facias
1689 4311 2016 4378 absurdum,

2129 3203 2221 3267 δας
2251 3223 2372 3275 μου,
2408 3227 2426 3259 ι
2464 3211 2560 3264 καὶ
2593 3213 2662 3268 τά
2691 3215 2837 3287 ἑξῆς.
2882 3221 3064 3276 Ταῦτα
3105 3224 3162 3277 δὲ
3211 3227 3492 3300 εὐκαίρως
3519 3203 3694 3299 λέξεις

2128 3302 2593 3377 ταπεινοφροσύνῃ
2639 3309 2833 3363 ἑαυτὸν
2889 3313 3122 3380 ὁπλίζων
3181 3319 3326 3382 κατά
3375 3320 3492 3374 τῶν
3545 3327 3694 3379 am.

2130 3389 2336 3446 πάλων.

2667 3513 2914 3571 ΚΕΦΑΛ.
2956 3520 3041 3573 PA
3051 3521 3141 3589 ς’.

2195 3616 2286 3682 Μὴ
2322 3618 2508 3687 νόμιζε
2550 3625 2842 3696 κεκτῆσθαι
2888 3631 3107 3704 ἀρετὴν,
3157 3637 3232 3705 μὴ
3276 3639 3552 3711 πρότερον
3587 3644 3689 3708 Eax

2125 3707 2356 3808 αἵματος
2390 3712 2528 3785 ὑπὲρ
2558 3716 2726 3788 αὐτῆς
2754 3725 3233 3796 παραταξάμενος,
3255 3707 3358 3784 δείλ’
3386 3707 3500 3805 γάρ
3529 3737 3689 3808 μέχρι

2125 3797 2353 3854 θανάτου
2394 3807 2844 3865 ἀντικαθίσασθαι
2893 3815 3028 3886 πρὸς
3059 3818 3160 3890 τὴν
3196 3797 3690 3897 ἀμαρτίαηίίάᾕι-

2125 3907 2376 3955 νιστικως

2126 3982 2330 4038 στολον.

2401 3935 2415 3958 ,
2464 3899 2557 3950 καὶ
2599 3899 2947 3974 ἀνεγκλήτως
2995 3910 3137 3964 κατὰ
3181 3913 3273 3965 τὸν
3330 3914 3480 3970 θεῖον
3529 3909 3688 3973 ’Λπό-

2677 4129 2925 4185 ΚΕΦΑΛ.
2970 4131 3132 4192 ΡΛΖ’.

2203 4235 2328 4326 Ἐἀν
2373 4238 2659 4315 ῶφελήσῃς
2693 4244 2846 4309 τινὰ,
2893 4245 3136 4320 βλαϐήσῃ
3185 4251 3276 4319 ὑφ’
3331 4253 3560 4326 ἑτέρου,
3598 4261 3678 4315 ινα

2119 4323 2470 4396 ἀδικούμενος
2504 4331 2656 4402 είκῃς
2679 4371 2694 4396 ,
2731 4333 2764 4404 ἢ
2798 4333 3003 4409 δράσῃς
3029 4355 3081 4391 τι
3113 4339 3337 4405 ἄτοπον,
3383 4323 3482 4399 καὶ

449 4403 696 4470 maleque
744 4401 976 4469 dissipes
1011 4416 1133 4470 qua!
1162 4401 1298 4454 bene
1326 4403 1702 4472 congregasti;
1743 4405 1830 4460 hic
1867 4407 2012 4461 enim

2163 4414 2281 4486 ίσῃς
2327 4418 2515 4481 κακῶς
2545 4459 2560 4483 ,
2703 4401 2887 4488 καλῶς
2941 4401 3267 4498 συνήγαγες.
3313 4401 3530 4500 Σκοπὸς
3577 4401 3676 4510 γάρ

442 4495 802 4563 malignorum
819 4509 1016 4564 seopus
1029 4501 1113 4548 est
1127 4492 1456 4547 daemonum.
1480 4493 1602 4548 Ideo
1623 4497 2007 4554 attendendum

443 4587 798 4639 emisiderate.

931 4721 1156 4776 CAPUT
1195 4721 1522 4780 CXXXVIII.

504 4835 820 4907 Ingruentes
883 4834 1188 4890 daemonum
1233 4838 1467 4907 impetus
1517 4850 1786 4910 exspecta,
1823 4859 2006 4898 curam

435 4927 693 4982 adhibens
721 4927 992 4996 quomodo
1017 4929 1085 4982 ab
1129 4929 1371 4998 ipsorum
1406 4934 1664 4988 servitute
1694 4935 1933 4991 recedas.

946 5061 1173 5116 CAPUT
1197 5062 1481 5121 CXXXIX.

501 5175 672 5231 Noctu
724 5175 939 5245 quidem
1001 5175 1218 5229 turbare
1271 5192 1368 5246 per
1423 5195 1480 5233 se
1537 5181 1684 5250 ipsos
1743 5194 2002 5254 expetunt

2113 4509 2271 4561 τοῦτο
2297 4509 2406 4562 τῶν
2439 4515 2694 4584 πονηρῶν
2729 4516 3018 4588 δαιμόνων*
3070 4521 3151 4575 διὸ
3191 4528 3532 4596 προσεκτέον
3557 4547 3674 4585 νον-

2114 4599 2301 4670 νεχῶς.

2662 4743 2907 4799 ΚΕΦΑΛ.
2948 4747 3124 4803 ΡΛΗ¹.

2193 4851 2397 4924 ὐρμάς
2435 4854 2701 4926 δαιμόνων
2739 4859 3070 4930 ὲπαχθείσας
3111 4863 3336 4936 ἑκδὲχου
3371 4871 3669 4940 φροντίζων

2110 4940 2224 5005 πῶς
2251 4946 2492 5017 ἀποστῇς
2512 4948 2610 5016 τῆς
2634 4947 2882 5015 δουλείας
2909 4954 3109 5007 αὐτῶν.

2667 5088 2917 5144 ΚΕΦΑΛ.
2958 5091 3126 5146 ΡΛΘ¹.

2175 5192 2407 5264 Νύκτωρ
2465 5194 2563 5264 μὲν
2607 5197 2898 5267 ταράττειν
2963 5199 3030 5254 δι’
3073 5205 3284 5258 ἑαυτῶν
3333 5206 3662 5272 ἐξαιτοῦνται

432 5268 700 5323 .Izemones
732 5267 1068 5336 spiritualem
1103 5270 1449 5339 magistrum,
1491 5271 1726 5327 interdiu
1759 5290 1886 5329 vero
1912 5293 2006 5345 per

2162 5303 2189 5337 ν
2241 5288 2611 5356 πνευματικὸν
2656 5288 2974 5346 διδάσκαλον
3005 5295 3054 5347 οί
3083 5295 3360 5368 δαίμονες.
3378 5267 3510 5356 ’Καὶ
3549 5303 3661 5373 μεθ’

432 5360 676 5414 nomines
695 5360 948 5428 periculis
975 5371 1026 5414 et
1047 5361 1354 5427 calumniis,
1379 5376 1442 5415 ac
1467 5363 1823 5420 seditionibus
1845 5368 1991 5422 illum

433 5449 783 5506 :ircumdant.

496 5651 542 5686 ⁹¹
570 5650 712 5707 Psal.
740 5672 875 5723 xvtl,
911 5661 1000 5726 38,
1037 5660 1124 5714 39.
1203 5661 1246 5692 "
1282 5660 1297 5712 I
1337 5661 1482 5718 Tim.
1515 5681 1586 5734 vt,
1643 5666 1732 5724 12.

2105 5374 2316 5445 ἡμέραν
2360 5375 2426 5428 δι’
2467 5377 2774 5451 ἀνθρώπων
2819 5385 3200 5455 περιστάσεσι,
3251 5390 3348 5444 καὶ
3401 5409 3656 5464 συκοφαν-

2107 5467 2270 5532 τίαις,
2305 5470 2400 5522 καὶ
2434 5466 2703 5538 κινδύῦοις
2729 5473 2919 5530 τοῦτον
2940 5477 3352 5549 περιϐάλλουσι.
