3838 6056
142 293 293 366 119.7

713 421 957 477 ΚΕΦΑΛ.
1000 418 1131 476 PM”.

224 534 318 605 Μὴ
354 534 620 606 παραιτοῦ
667 536 789 599 τοὺς
831 537 1083 604 κναφεῖς·
1111 536 1161 587 εί
1190 534 1298 605 γὰρ
1331 535 1422 588 καὶ
1454 534 1713 587 τύπτουσι

142 624 474 689 πατοῦντες,
506 626 599 680 καὶ
629 627 893 690 τείνοντες
927 626 1188 691 ξαίνουσι,
1218 624 1354 679 ἀλλά
1386 641 1449 693 γε
1475 624 1561 677 διὰ
1590 623 1713 677 τού-

138 735 264 773 των
289 719 516 791 λαμπρὰ
541 722 575 791 ἡ
610 720 862 789 αἴσθησίς
889 736 982 772 σου
1010 719 1238 787 γίνεται.

698 857 945 910 ΚΕΦΑΛ.
989 856 1168 909 PMA'.

243 970 357 1039 Ἐφ’
385 967 507 1023 ὅσον
534 969 633 1022 οὐκ
664 971 920 1035 ἀπετάξω
948 973 1063 1034 τοῖς
1099 969 1348 1035 πάθεσιν,
1385 969 1499 1023 ἀλλ’
1529 971 1557 1023 δ
1588 969 1714 1033 νοῦς

145 1077 256 1115 σου
289 1061 624 1116 ἐναντιοῦται
654 1066 720 1134 τῇ
747 1064 949 1134 ἀρετῇ,
979 1064 1073 1116 καὶ
1104 1065 1168 1134 τῇ
1198 1062 1456 1135 ἀληθείᾳ,
1496 1064 1595 1134 οὐχ
1625 1063 1716 1116 εύ-

150 1153 348 1224 ρῄσεις
373 1152 571 1217 εὑῶδες
598 1153 845 1224 θυμίαμα
877 1156 934 1207 ἐν
961 1154 1034 1223 τῷ
1063 1154 1249 1225 κόλπῳ
1283 1171 1399 1209 σου.

701 1286 950 1340 ΚΕΦΑΛ.
990 1288 1168 1341 PMB'.

229 1393 637 1469 Προσεύξασθαι
671 1396 885 1462 ποθεῖςς
921 1396 1195 1467 μεταστὰς
1233 1396 1343 1449 τῶν
1382 1397 1614 1460 ἐνθένδε,
1653 1397 1717 1451 τὸ

145 1488 482 1558 πολίτευμα,
533 1488 621 1559 ἔχε
662 1490 722 1541 ἐν
763 1488 1010 1559 οὐρανοῖς
1048 1488 1135 1541 διά
1181 1487 1421 1554 παντὸς,
1466 1490 1528 1541 οὐ
1572 1488 1716 1558 λόγῳ

148 1579 345 1643 ἁπλῶς
396 1578 571 1652 ψιλῷ,
625 1579 760 1633 ἀλλά
818 1580 1016 1652 πράξει
1068 1580 1331 1653 ἀγγελικῇ
1384 1582 1478 1635 καὶ
1517 1580 1715 1650 γνώσει

148 1671 426 1745 θειοτέρα.

700 1809 950 1863 ΚΕΦΔΛ.
989 1810 1171 1865 PMI".

231 1920 294 1972 Εἰ
341 1920 500 1988 μόνον
539 1920 869 1993 δυσπραγῶν
916 1920 1275 1992 μνημονεύεις
1324 1920 1419 1973 τοῦ
1473 1921 1717 1993 Κριτοῦ,

151 2008 234 2072 ὡς
267 2010 511 2081 φοϐερὸς,
542 2013 636 2065 καὶ
662 2010 958 2075 ἀδέκαστος
992 2013 1262 2083 ὑπάρχει,
1291 2011 1504 2065 οὐδέπω
1538 2012 1720 2082 μεμά-

153 2100 336 2173 θηκας
365 2103 635 2159 δουλεύειν
680 2106 870 2177 Κυρίῳ
912 2106 970 2158 ἐν
1009 2104 1191 2175 φόϐῳ,
1226 2104 1322 2159 καὶ
1364 2102 1721 2173 ἁγαλλιᾶσθαι

154 2195 311 2267 αὐτῷ
340 2198 397 2250 ἐν
422 2197 632 2269 τρόμῳ.
667 2197 807 2252 Ἰσθι
832 2199 975 2269 γὰρ,
1014 2199 1096 2251 ὅτι
1141 2197 1244 2251 κάν
1274 2198 1395 2259 ταῖς
1420 2212 1720 2266 πνευματι-

155 2291 289 2352 καῖς
316 2289 571 2353 ἀνέσεσι,
626 2292 721 2344 καὶ
746 2292 1001 2361 εὐωχίαις
1047 2290 1248 2361 μᾶλλον
1291 2290 1406 2361 μετ’
1437 2288 1722 2352 εὐλαϐείας

157 2380 265 2435 καὶ
292 2381 471 2447 αἰδοῦς
498 2383 579 2436 δεῖ
607 2382 890 2456 λατρεύειν
917 2384 1084 2455 αὐτῷ.

702 2519 953 2572 ΚΕΦΑΛ.
994 2520 1173 2573 ΡΜΔ’.

248 2630 607 2701 Ἐπιγνώμων
636 2631 775 2702 ἀνὴρ
797 2671 813 2696 ,
857 2634 886 2685 δ
930 2632 1007 2703 μὴ
1052 2632 1159 2704 πρὸ
1184 2634 1283 2703 τῆς
1313 2633 1526 2695 τελείας
1561 2649 1724 2702 μετα-

160 2724 315 2788 νοίας
341 2726 708 2796 ἀνασχόμενος
739 2726 837 2796 τῆς
862 2725 1095 2779 ἐλλύπου
1144 2726 1332 2795 μνείας
1368 2725 1477 2779 τῶν
1508 2726 1724 2781 οἰκείων

161 2816 607 2887 ἁμαρτημάτων,
641 2818 731 2869 καὶ
759 2817 857 2887 τῆς
890 2817 949 2869 ἐν
987 2816 1120 2885 πυρὶ
1154 2817 1356 2887 αίωνίῳ
1395 2816 1584 2885 δίκης,
1624 2819 1724 2889 τῆς

160 2910 373 2964 τούτων
410 2910 773 2981 εἰσπράξεως.

712 3044 960 3097 ΚΕΦΑΑ.
1002 3046 1181 3098 ΡΜΕ’.

1494 303 1593 363 DE
1624 299 2027 361 ORATIONE.

1734 426 1786 480 Λ

3238 298 3373 361 1198

2389 411 2614 467 CAPUT
2644 412 2796 469 CXL.

1881 525 1959 583 Ne
1990 540 2215 596 respuas
2245 522 2510 587 fullones;
2541 526 2741 580 etenim
2774 539 2817 579 si
2839 526 3221 582 conculcanles
3252 528 3374 597 pul-

1814 628 1954 685 sent,
1993 628 2047 673 et
2075 617 2460 673 contendentes
2513 618 2841 683 carminent;
2880 628 3115 674 attamen
3150 634 3245 690 per
3276 621 3379 677 ista

1815 725 2012 766 sensus
2048 719 2173 766 tuus
2193 710 2505 779 splendidus
2528 709 2724 764 evadit.

2366 806 2605 897 CAPUT
2631 841 2806 898 cxu.

1802 954 1803 957 “
1884 956 2133 1022 Quandiu
2176 972 2283 1011 non
2324 957 2720 1012 renuntiaveris
2763 956 3129 1025 passionibus,
3165 956 3261 1013 sed
3294 967 3382 1011 tua

1815 1064 1968 1105 mens
2005 1050 2189 1104 virtuti
2233 1051 2581 1113 adversetur,
2635 1060 2689 1104 et
2740 1049 2985 1115 veritati,
3045 1065 3383 1120 nequaquam

1817 1142 2062 1198 invenies
2090 1142 2381 1198 bencolens
2412 1142 2464 1196 in
2505 1142 2626 1197 sinu
2662 1152 2753 1196 tuo
2790 1140 3179 1197 suffimentum.

2270 1278 2432 1350 509
2464 1276 2693 1333 CAPUT
2730 1276 2934 1332 CXLII.

1885 1395 2053 1464 Cupis
2101 1394 2290 1449 orare?
2320 1394 2696 1450 transferendo
2745 1406 2796 1448 te
2842 1393 2986 1457 hinc,
3022 1392 3391 1448 conversatio-

1818 1503 1938 1541 nem
1965 1489 2168 1558 jugiter
2192 1489 2247 1542 in
2278 1489 2433 1543 caelis
2477 1488 2633 1551 habe,
2680 1501 2786 1541 non
2818 1485 2966 1541 nudo
2994 1486 3160 1541 verbo
3186 1484 3392 1556 simpli-

1817 1578 1972 1643 citer,
2001 1578 2093 1633 sed
2123 1586 2246 1633 actu
2286 1579 2546 1649 angelico,
2588 1589 2641 1633 et
2662 1578 2925 1634 divininre
2957 1577 3285 1647 cognitione.

2360 1805 2587 1862 CAPUT
2618 1805 2849 1862 CXLIII.

1893 1917 1952 1973 Si
1985 1925 2193 1973 tantum
2242 1918 2486 1973 adversis
2528 1920 2580 1972 in
2630 1918 2793 1973 rebus
2833 1916 3138 1973 recorderis
3168 1915 3396 1984 Judicis,

1822 2026 1987 2081 quam
2017 2010 2293 2077 terribilis,
2335 2020 2390 2066 et
2416 2010 2575 2066 donis
2632 2009 2980 2078 incorruptus
3006 2010 3251 2075 exsistat,
3290 2025 3399 2066 non

1822 2104 2000 2158 adhuc
2048 2103 2284 2160 didicisti
2318 2105 2522 2159 servire
2571 2102 2803 2159 Domino
2856 2103 2911 2158 in
2968 2100 3196 2172 timore,
3241 2103 3403 2174 eique

1821 2196 2095 2252 exsultare
2126 2198 2179 2251 in
2213 2206 2451 2251 tremore
2471 2195 2537 2251 ³³.
2574 2195 2724 2250 Scito
2754 2196 2938 2266 igitur,
2971 2196 3116 2266 quod
3152 2197 3209 2251 in
3239 2196 3403 2266 spiri-

1824 2288 2057 2343 tualibus
2088 2289 2536 2354 recreationibus,
2567 2304 2631 2343 ac
2660 2288 2837 2358 epulis
2860 2288 3053 2358 majori
3087 2304 3209 2343 cum
3240 2289 3406 2344 devo-

1827 2381 1973 2435 tione
1999 2389 2053 2435 et
2081 2381 2382 2436 reverentia
2407 2390 2618 2450 oportet
2653 2381 2827 2450 ipsum
2865 2380 3045 2435 colere
3072 2387 3128 2434 et
3156 2378 3405 2435 adorare.

2374 2513 2601 2571 CAPUT
2634 2514 2863 2569 CXLIV.

1896 2630 2125 2701 Sapiens
2162 2630 2245 2684 vir
2290 2642 2375 2686 est
2422 2640 2478 2685 et
2521 2631 2917 2695 consideratus,
2978 2629 3068 2699 qui
3113 2638 3239 2684 ante
3284 2644 3410 2699 per-

1824 2724 2020 2779 fectam
2056 2724 2427 2796 pmnitentiam
2476 2740 2581 2779 non
2622 2723 2836 2781 desistit
2869 2742 2899 2779 a
2932 2725 3195 2779 memoria
3223 2724 3412 2780 dolore

1825 2814 2018 2872 aﬂ‘ecta
2083 2831 2306 2872 suorum
2364 2826 2748 2886 peccatorum,
2822 2826 2877 2872 et
2934 2816 3300 2872 damnationis
3353 2816 3410 2872 in

1827 2918 2032 2964 aeterno
2063 2909 2189 2980 igne
2216 2924 2316 2980 pro
2345 2909 2564 2964 illorum
2603 2909 3025 2980 perpetratione.

2389 3041 2620 3099 CAPUT
2642 3040 2850 3098 CXLV.

246 3155 308 3209 Ὅ
334 3157 391 3210 ἐν
415 3156 713 3226 ἁμαρτίαις
752 3156 1070 3226 ἐνεχόμενος
1093 3198 1109 3224 ,
1160 3158 1255 3211 καὶ
1287 3163 1688 3232 παροργισμοῖς
1708 3202 1723 3227 ,

1900 3153 2005 3220 Qui
2034 3154 2272 3224 peccatis
2314 3153 2589 3212 detinetur
2608 3164 2663 3210 et
2686 3154 3145 3212 concitationibus
3168 3157 3233 3212 ad
3252 3155 3412 3224 iram,

162 3249 264 3303 καὶ
290 3247 501 3319 τολμῶν
530 3248 758 3312 ἀναιδῶς
780 3248 1115 3302 ἐκτείνεσθαι
1139 3250 1273 3319 πρὸς
1302 3251 1504 3319 γνῶσιν
1530 3252 1728 3306 θειοτέ-

165 3356 281 3411 ρων
310 3338 667 3410 πραγμάτων,
698 3339 730 3410 ἢ
759 3340 854 3394 καὶ
874 3341 1038 3394 άΰλου
1070 3341 1528 3412 κατεπεμϐαίνων
1558 3360 1729 3415 προσ-

163 3430 354 3500 ευχῆς,
387 3424 541 3492 οὗτος
567 3430 804 3500 δεχέσθω
843 3432 903 3485 τὸ
934 3431 1289 3486 άποστολικδν
1315 3433 1613 3503 ἐπιτίμιον,
1648 3434 1725 3498 ὡς

162 3522 273 3575 οὐκ
298 3522 446 3575 ἐστιν
471 3522 750 3575 ἀκίνδυνον
782 3520 949 3593 αὐτῷ,
972 3522 1032 3575 τὸ
1050 3526 1230 3594 γυμνῇ
1252 3565 1267 3587 ,
1303 3524 1394 3576 καὶ
1423 3524 1727 3595 ἀκαλύπτῳ

154 3613 376 3693 ,κεφαλῇ
435 3614 850 3685 προσεύχεσθαι.
902 3633 920 3666 ι
968 3616 1199 3684 Ὀφείλει
1252 3616 1395 3686 γὰρ,
1447 3617 1632 3686 φησὶν,
1690 3619 1723 3687 ἠ

160 3706 393 3777 τοιαύτη
449 3706 589 3760 κατὰ
634 3706 877 3776 κεφαλῆς
927 3707 1178 3773 ἐξουσίαν
1238 3706 1403 3777 ἔχειν,
1457 3707 1543 3761 διά
1600 3709 1728 3773 τοὺς

164 3797 482 3868 ἐφεστῶτας
528 3796 810 3865 ἀγγέλους,
834 3817 851 3848 ι
888 3797 1041 3861 αἱδὼ,
1088 3799 1183 3852 κα)⁸
1229 3799 1728 3872 ταπεινοφροσύνην

165 3889 554 3962 προσήκουσαν
585 3887 1043 3960 περιϐαλλομένη.

706 4044 955 4099 ΚΕΦΔΛ.
994 4048 1192 4115 ΡΜΕΤ.

242 4157 451 4228 Ὥσπερ
490 4157 871 4229 ὀφθαλμιῶντα
926 4162 1027 4215 οὐκ
1074 4163 1259 4234 ὀνήσει
1303 4166 1337 4234 η
1385 4165 1445 4217 ἐν
1486 4164 1730 4237 σταθηρᾷ

170 4249 526 4322 μεσημϐρίᾳ,
574 4251 670 4304 καὶ
717 4254 1049 4325 σφοδροτάτῃ
1092 4256 1414 4327 φρυκτωρία
1453 4256 1728 4326 ἀκατάλη-

166 4358 307 4403 πτος
327 4380 342 4403 ,
371 4342 466 4394 καὶ
511 4342 874 4413 ἐπιτεταμένη
921 4344 1015 4397 τοῦ
1047 4344 1197 4416 ήλίου
1229 4345 1360 4410 θέα,
1396 4346 1572 4411 οῦτως
1611 4350 1732 4401 οὐδὲ

164 4430 263 4485 τὸν
312 4430 534 4501 ἐμπαθῆ
558 4473 574 4497 ,
610 4434 703 4486 καὶ
732 4434 1041 4505 ἀκάθαρτον
1084 4436 1231 4502 νοῦν,
1276 4439 1309 4508 ἡ
1340 4437 1440 4507 τῆς
1472 4439 1531 4492 ἐν
1569 4440 1729 4492 πνεύ-

172 4538 308 4591 ματι
330 4562 347 4587 ,
381 4522 474 4575 καὶ
517 4522 747 4595 ἀληθείᾳ
791 4525 1056 4596 φοϐερᾶς,
1088 4528 1182 4580 καὶ⁹
1210 4528 1522 4599 ὑπερφυοῦς
1559 4547 1728 4601 προσ-

168 4615 338 4683 ευχῆς
380 4614 727 4679 ἀνατύπωσις
776 4619 1052 4682 παντελῶς
1109 4620 1393 4691 ὀνήσειεν,
1454 4620 1589 4673 ἀλλὰ
1641 4621 1734 4673 καὶ

166 4703 481 4756 τούναντίον
536 4704 670 4775 πρὸς
717 4706 1090 4780 ἀγανάκτησιν
1138 4710 1261 4764 καθ’
1295 4709 1487 4763 ἐαυτοῦ
1532 4711 1735 4781 ἐγείρει

171 4794 236 4847 τὸ
273 4795 447 4847 Θεῖον.

713 4935 963 4988 ΚΕΦΑΛ.
1006 4936 1182 4989 ΡΜΖ’.

242 5043 307 5096 ΕΞ
336 5044 426 5097 τὸν
460 5042 599 5113 μετά
628 5042 799 5114 δώρου
834 5044 1198 5116 προσελθόντα
1235 5046 1326 5099 ἐπὶ
1353 5045 1416 5099 τὸ
1444 5046 1723 5117 θυσιαστὴ-

174 5150 291 5205 ριον
314 5132 412 5185 ούκ
445 5130 681 5199 ἐδέξατο,
705 5135 734 5185 ὁ
760 5133 1034 5205 ἀνενδεὴς,
1063 5134 1157 5186 καὶ
1182 5132 1477 5195 ἀδέκαστος
1506 5134 1612 5194 ἓως
1636 5132 1731 5185 τοῦ

170 5223 526 5294 διαλλαγῆναι
586 5223 664 5293 τῷ
721 5222 945 5291 πλησίον
1006 5224 1326 5295 λυπουμένῳ
1379 5224 1515 5298 πρὸς
1548 5225 1731 5290 αὐτὸν,

173 5316 364 5369 σκόπει
397 5316 567 5384 πόσης
605 5314 850 5385 φυλακῆς
898 5316 993 5368 καὶ
1038 5316 1363 5386 διακρίσεως
1404 5316 1562 5386 χρεία
1586 5355 1602 5379 ,
1646 5317 1734 5369 ἵνα

173 5407 562 5478 εὐπρόσδεκτον
601 5408 779 5479 δῶμεν
818 5409 895 5480 τῷ
924 5409 1042 5479 Θεῷ
1071 5410 1325 5481 θυμίαμα
1368 5412 1424 5464 ἐν
1449 5409 1528 5480 τῷ
1557 5410 1734 5481 νοητῷ

172 5499 560 5571 θυσιαστηρίῳ.

245 5680 293 5713 ⁸⁸
356 5679 497 5736 Psal.
536 5699 595 5750 ιι,
630 5682 711 5736 ll.
772 5680 835 5769 ff
867 5681 887 5735 ι
923 5681 1045 5736 Cor.
1077 5698 1154 5749 χι,
1186 5681 1240 5735 7.
1315 5680 1362 5715 ⁹³
1391 5681 1586 5740 Matth.
1619 5701 1694 5751 ιι,
1724 5684 1813 5739 ‘23.

1827 3247 2101 3315 audetque
2138 3246 2478 3316 impudenter
2514 3247 2582 3302 ad
2639 3262 2824 3302 rerum
2869 3247 3196 3303 diviniorum
3229 3251 3416 3321 cogni-
3476 3316 3483 3323 .

1830 3338 2035 3393 tionem
2067 3353 2187 3394 sese
2241 3339 2553 3403 extendere,
2584 3348 2678 3393 aut
2706 3340 2868 3393 etiam
2904 3338 2969 3393 ad
3005 3340 3414 3397 immaterialem

1830 3430 2123 3483 ascendere
2168 3430 2507 3495 orationem,
2574 3429 2837 3499 suscipiat
2906 3429 2997 3483 ille
3059 3431 3415 3500 apostolicam

1829 3536 2139 3587 censuram,
2170 3522 2315 3591 quod
2345 3522 2605 3575 nimirum
2649 3535 2736 3576 res
2769 3536 2873 3576 non
2900 3522 3016 3577 sine
3042 3523 3283 3593 periculo
3310 3532 3414 3589 est,

1828 3614 1997 3677 nudo,
2020 3627 2120 3667 nec
2150 3624 2341 3683 operto
2358 3614 2534 3684 capite
2554 3628 2711 3669 orare
2742 3632 2755 3668 :
2788 3632 2806 3665 ι
2831 3613 2997 3669 Debet
3019 3614 3186 3680 enim,
3217 3613 3414 3685 inquit,

1832 3704 1939 3760 ista
1977 3714 2297 3775 potestatem
2335 3706 2535 3763 habere
2576 3722 2739 3779 super
2787 3717 2950 3779 caput
2998 3715 3218 3778 propter
3253 3722 3417 3779 ange‘

1826 3798 1910 3856 los
1935 3798 1982 3832 ⁸⁸
2008 3809 2270 3864 astantes,
2310 3802 2566 3870 pudorem
2597 3809 2759 3871 atque
2790 3800 3148 3856 humilitatem
3178 3801 3418 3857 circunr

1830 3892 2019 3947 induta
2049 3893 2481 3948 convenientem.

2279 4044 2440 4115 διο
2476 4042 2707 4099 CAPUT
2739 4043 2967 4101 CXLVI.

1898 4158 2370 4225 Quemadmodum
2424 4159 2764 4230 lippientem,
2806 4162 2920 4216 sive
2956 4160 3131 4217 oculis
3165 4160 3417 4217 laboran-

1832 4257 1940 4304 tem
1983 4249 2207 4304 minime
2235 4249 2449 4319 juvabit
2475 4260 2727 4321 aspectus
2758 4253 2908 4316 solis,
2944 4253 3038 4322 qui
3076 4254 3276 4323 percipi
3305 4270 3414 4309 non

1832 4347 2028 4411 potest,
2062 4350 2116 4395 et
2141 4340 2380 4396 intentus
2417 4352 2520 4408 est,
2565 4358 2689 4397 cum
2736 4344 2790 4396 in
2831 4342 3039 4398 fervida
3070 4345 3318 4410 meridie,
3362 4355 3418 4400 et

1836 4433 2310 4489 vehementissima
2345 4434 2739 4488 illuminatione
2775 4434 3101 4504 resplendet,
3124 4436 3199 4490 ita
3240 4451 3418 4507 neque

1833 4524 2180 4592 passionibus
2229 4524 2596 4593 inquinatam,
2653 4525 3030 4596 impuramque
3076 4537 3312 4582 mentem
3350 4530 3417 4583 ii-

1830 4615 2045 4683 guratio
2063 4615 2355 4669 tremendae
2391 4630 2455 4669 ac
2482 4615 2796 4669 excellentis
2835 4617 3100 4672 orationis
3126 4619 3178 4671 in
3219 4619 3417 4687 spiritu

1830 4712 1885 4758 et
1932 4704 2159 4759 veritate
2204 4704 2474 4760 ullatenus
2518 4705 2759 4775 juvabit,
2822 4707 2913 4761 sed
2967 4714 3022 4762 et
3060 4717 3307 4764 econtra
3359 4710 3417 4764 in

1832 4796 2065 4866 seipsam
2103 4798 2282 4866 potius
2332 4798 2577 4852 divinum
2612 4798 2813 4854 excitat
2842 4814 3063 4857 numen.

2359 4935 2587 4992 CAPUT
2636 4936 2886 4993 CXLVII.

1907 5046 1964 5103 Si
1996 5063 2117 5103 eum
2169 5049 2263 5119 qui
2315 5064 2439 5103 cum
2504 5051 2648 5105 dono
2686 5054 2951 5122 processit
3003 5053 3069 5107 ad
3103 5054 3271 5109 altare
3311 5070 3417 5109 non

1832 5142 2070 5209 suscepit
2119 5141 2165 5195 is
2212 5141 2304 5211 qui
2350 5142 2497 5195 nulla
2537 5155 2655 5213 eget
2689 5160 2766 5209 re,
2812 5145 3079 5216 donisque
3120 5156 3204 5201 est
3236 5148 3419 5201 incor-

1833 5245 2044 5304 ruptus,
2091 5236 2265 5291 donec
2295 5238 2676 5291 reconciliatus
2705 5236 2869 5293 fuerit
2903 5238 3055 5294 fratri
3085 5256 3187 5295 suo
3217 5241 3416 5295 adver-

1838 5341 1935 5383 sus
1995 5328 2172 5397 ipsum
2232 5327 2435 5381 dolenti
2466 5328 2549 5394 ⁸⁵,
2606 5329 2830 5397 dispice,
2886 5340 3088 5400 quanta
3137 5346 3275 5399 opus
3346 5331 3420 5385 sit

1840 5417 2187 5473 observantia
2222 5430 2274 5475 et
2312 5421 2661 5485 discretione,
2695 5430 2754 5474 ut
2783 5421 2835 5474 in
2881 5422 3229 5476 intellectuali
3261 5421 3419 5477 altari

1841 5507 2205 5565 sufﬁmentum
2251 5513 2358 5569 Deo
2385 5514 2519 5568 bene
2553 5511 3208 5583 acceptabileoﬂ‘eramus.

2150 5762 2194 5787 5“
2239 5765 2272 5801 ,ί
2418 5800 2427 5811 ι
2539 5778 2585 5797 ..ι
3253 5768 3319 5802 ,ἁ-
