3838 6056
496 333 630 398 “99
1003 420 1228 477 CAPUT
1258 420 1530 477 CXLVIII.

553 532 631 588 Ne
679 533 753 588 sis
785 534 1099 604 garrulitate
1149 536 1406 605 gaudens,
1461 547 1592 588 neve
1643 531 1830 602 gloriae
1872 531 2048 586 studio

485 625 761 692 exsultas;
791 625 1030 695 alioquin
1063 641 1169 681 non
1194 635 1401 681 tantum
1437 624 1494 679 in
1524 623 1687 680 dorso
1732 633 1844 688 tuo,
1875 623 1967 678 sed
1995 632 2050 678 et

485 715 538 769 in
565 715 717 768 vultu
746 727 838 772 tuo
861 715 1200 770 fabricabunt
1227 725 1536 784 peccatores
1557 715 1623 780 °‘,
1673 714 1890 783 erisque
1919 715 2052 784 ipsis

484 814 728 876 tempore
757 808 1020 862 orationis
1051 807 1362 871 ludibrium,
1398 791 1681 872 attractus,
1715 815 1770 861 et
1795 806 2052 876 deceptus

486 897 554 953 ab
577 897 708 968 ipsis
741 899 796 952 in
825 898 1245 970 cegitationibus
1279 899 1489 954 alienis.

1019 1101 1244 1157 CAPUT
1279 1101 1508 1158 CXLIX.

559 1216 830 1280 Studium,
860 1230 956 1271 seu
978 1216 1208 1272 attentio
1224 1216 1523 1272 orationem
1559 1230 1826 1286 quaerens,
1848 1216 2050 1270 oratio-

487 1324 614 1365 nem
664 1308 932 1373 inveniet;
963 1307 1136 1364 oratio
1183 1308 1402 1379 quippe,
1434 1307 1515 1363 vel
1547 1306 1675 1378 quid
1703 1307 1847 1362 aliud
1877 1307 2053 1363 simile

487 1399 836 1470 subsequitur
863 1399 1236 1463 attentionem,
1268 1399 1356 1453 cui
1383 1398 1558 1453 danda
1587 1411 1773 1468 opera.

992 1507 1148 1579 511
1179 1507 1406 1565 CAPUT
1435 1508 1541 1566 CL.

557 1623 1020 1692 Quemadmodum
1081 1626 1332 1682 sensibus
1403 1626 1656 1682 omnibus
1723 1625 1913 1680 melior
1969 1634 2052 1680 est

485 1720 663 1784 visus,
725 1718 799 1774 ita
875 1725 932 1774 et
986 1717 1240 1774 omnibus
1300 1719 1594 1774 virtutibus
1657 1718 1892 1774 divinior
1968 1729 2052 1775 est

486 1824 677 1868 oratio.

1076 1927 1302 1984 CAPUT
1333 1929 1464 1986 CLI.

554 2038 831 2097 Orationis
864 2041 983 2095 laus
1015 2048 1098 2096 est
1126 2056 1232 2095 non
1278 2041 1593 2112 simpliciter
1630 2044 1925 2113 quantitas,
1958 2046 2054 2100 sed

484 2133 740 2204 qualitas,
795 2141 849 2186 et
901 2138 1004 2187 hoc
1053 2130 1424 2188 demonstrant
1457 2133 1550 2204 qui
1597 2135 1956 2190 ascenderunt
1997 2137 2051 2190 in

487 2225 744 2294 templum
776 2224 851 2285 ";
903 2230 958 2278 et
1010 2222 1180 2278 illud:
1211 2241 1232 2275 ι
1269 2222 1398 2291 Vos,
1454 2223 1583 2280 dum
1637 2224 1826 2293 oratis,
1887 2225 2055 2282 nolite

486 2316 716 2371 multum
739 2314 895 2386 loqui
915 2314 985 2367 ⁸⁸.
1022 2334 1042 2366 ι

1055 2427 1282 2484 CAPUT
1317 2429 1467 2484 CLII.

554 2544 806 2611 Quandiu
843 2543 1248 2614 proportionem
1299 2545 1543 2614 corporis
1575 2545 1828 2615 attendis,
1871 2562 2052 2604 mens—

483 2654 588 2708 que
637 2645 725 2692 tua
772 2651 893 2707 qua:
920 2645 1047 2692 sunt
1091 2636 1440 2691 tabernaculo
1506 2638 1846 2694 delectabilia
1884 2638 2048 2704 fovet,

483 2733 658 2787 locum
699 2729 960 2786 orationis
1003 2730 1243 2783 nondum
1293 2729 1496 2796 vidisti,
1528 2732 1624 2788 sed
1668 2732 1832 2788 etiam
1865 2733 2054 2802 procul

483 2839 516 2880 a
539 2834 590 2880 te
615 2825 779 2879 distat
804 2823 950 2878 illius
971 2822 1078 2878 vita
1098 2823 1276 2878 beata.
1857 2827 1865 2838 ‘

1049 2932 1276 2988 CAPUT
1305 2932 1480 2990 CLIII.

555 3047 780 3115 Quando
813 3049 1052 3104 orationi
1080 3049 1339 3106 assistens
1365 3064 1526 3119 supra
1560 3063 1722 3104 omne
1748 3048 1892 3104 aliud
1917 3065 2050 3119 gau-

484 3140 635 3197 dium
663 3141 993 3207 ascenderis,
1019 3149 1147 3195 tunc
1178 3143 1477 3196 orationem
1510 3155 1636 3196 vere
1669 3141 1942 3196 invenisti.

551 3407 601 3440 ³⁸
628 3409 770 3464 Psal.
794 3424 1016 3474 cxxvm,
1045 3410 1098 3464 5.
1175 3409 1218 3441 ⁸⁷
1243 3407 1378 3464 Luc.
1410 3423 1563 3472 xvm,
1587 3407 1655 3462 10
1682 3421 1834 3478 seqq.

1980 333 2040 394 S.
2064 331 2223 391 NIIJ

2765 407 2768 410 ,
2795 361 2822 400 .·
3581 331 3700 399 1200

2691 417 2938 474 ΚΕΦΔΛ.
2978 421 3165 476 PMII'.

2222 531 2313 602 Μὴ
2347 529 2437 583 ἔσο
2463 530 2762 602 λογοχαρὴς
2782 573 2795 596 ,
2837 530 2971 602 μηδὲ
3018 529 3310 603 δοξοχαρὴς
3333 572 3350 597 ,
3385 532 3442 583 εί
3472 531 3530 584 δὲ
3557 534 3695 602 μήτε,

2152 624 2252 676 οὐκ
2299 623 2380 675 ἔτι
2424 624 2481 674 ἐν
2518 622 2597 692 τῷ
2634 622 2788 694 νώτῳ
2821 641 2934 684 σου,
2965 623 3077 677 ἀλλ’
3106 627 3164 676 ὲν
3191 623 3268 694 τῷ
3298 624 3589 695 προσώπῳ
3621 644 3696 677 σου

2150 715 2521 769 τεκταίνουσιν
2560 715 2611 767 οἱ
2653 715 3004 786 ἁμαρτωλοὶ,
3036 716 3130 768 καὶ
3166 715 3266 786 ἐστι
3294 715 3588 785 ὲπίχαρμα
3620 717 3700 768 εὐ-

2149 809 2263 870 τοῖς
2296 805 2436 860 κατὰ
2468 805 2560 858 τὸν
2591 808 2781 879 καιρὸν
2829 811 2923 879 τῆς
2967 808 3295 880 προσευχῆς,
3337 807 3694 875 ἐξελκόμενις.

2152 898 2247 952 κα)⁸
2297 895 2676 969 δελεαζόμενος
2741 900 2833 951 ὑπ’
2878 900 3058 953 αὐτῶν
3113 903 3170 952 ἐν
3217 900 3512 968 λογισμοῖς
3567 899 3696 952 ἀλλος

2153 990 2352 1052 κότοις.

2699 1103 2946 1156 ΚΕΦΑΛ.
2988 1103 3164 1160 PMB’.

2223 1215 2466 1288 Προσοχὴ
2488 1214 2793 1286 προσευχὴν
2826 1213 3063 1284 ζητοῦσα
3081 1257 3097 1281 ,
3123 1215 3444 1287 προσευχὴν
3477 1215 3695 1286 εὑρήσει·

2153 1309 2428 1380 προσευχὴ
2456 1307 2562 1378 γὰρ
2593 1311 2830 1381 προσοχῇ
2877 1311 2924 1362 εἰ
2967 1310 3062 1362 καὶ
3099 1308 3224 1364 ἄλλο
3265 1309 3505 1373 ἕπεται,
3535 1308 3614 1377 ἐφ’
3646 1309 3697 1377 ἦν

2155 1399 2534 1455 σπουδαστέον.
2921 1450 2924 1453 .

2722 1517 2967 1570 ΚΕΦΔΛ.
3008 1517 3134 1571 PN'.

2223 1629 2433 1702 Ὥσπερ
2461 1629 2648 1683 πασῶν
2674 1628 2782 1682 τῶν
2807 1629 3113 1700 αἰσθήσεων
3137 1630 3411 1702 κρείττων
3447 1631 3483 1700 ἡ
3508 1631 3699 1702 ὅρασις,

2150 1721 2292 1775 οὕτω
2313 1723 2406 1776 καὶ
2431 1722 2616 1777 πασῶν
2644 1721 2756 1777 τῶν
2786 1722 3016 1792 ἀρετῶν,
3044 1723 3321 1794 προσευχὴ
3351 1723 3630 1793 θειοτέρα.

2696 1917 2946 1971 ΚΕΦΑΛ.
2986 1919 3080 1972 ΡΝ
3083 1918 3161 1974 Δ’.

2224 2027 2537 2100 Προσευχῆς
2565 2029 2804 2095 ἔπαινος,
2835 2030 2932 2101 οὐχ
2961 2031 3148 2097 ἁπλῶς
3176 2035 3212 2104 ῆ
3243 2033 3508 2104 ποσότης,
3540 2036 3649 2088 ἀλλ’
3673 2039 3704 2110 ἡ

2153 2119 2374 2191 ποιότης
2392 2162 2407 2186 ,
2434 2120 2527 2174 καὶ
2559 2120 2720 2175 τοῦτο
2739 2122 2994 2194 δηλοῦσιν
3027 2126 3076 2177 οἱ
3104 2125 3410 2191 ἀναϐάντες
3442 2131 3526 2191 εἰς
3550 2128 3608 2181 τὸ
3641 2130 3704 2182 ἱε-

2154 2209 2266 2280 ρὸν,
2311 2213 2495 2266 καὶτὸ
2520 2255 2534 2277 ,
2577 2233 2597 2265 r
2637 2213 2825 2285 Ὑμεῖς
2863 2217 3326 2290 προσευχόμενοι,
3363 2220 3450 2292 μὴ
3482 2219 3706 2290 βαττολον

2151 2303 2393 2374 γήσητε·
2437 2324 2454 2356 ι
2492 2306 2586 2360 καὶ
2613 2305 2680 2360 τὰ
2704 2307 2850 2377 ἑξῆς.

2699 2425 2950 2478 ΚΕΦΔΛ.
2990 2424 3162 2479 ΡΝΒ’.

2236 2535 2348 2606 Ἐφ’
2382 2538 2506 2591 ὅσον
2555 2541 2624 2610 τῇ
2666 2538 2928 2610 ἀναλογίᾳ
2975 2539 3260 2612 προσέχεις
3287 2538 3380 2592 τοῦ
3427 2537 3702 2608 σώματος,

2153 2630 2247 2685 καὶ
2291 2632 2319 2684 ό
2369 2632 2491 2694 νοῦς
2539 2647 2632 2686 σου
2678 2633 2747 2685 τὰ
2785 2633 2884 2702 τῆς
2933 2633 3139 2703 σκηνῆς
3181 2632 3443 2704 περιέπει
3492 2630 3700 2703 τερπνὰ,

2151 2719 2362 2774 οὐδέπω
2405 2719 2505 2789 τῆς
2551 2723 2861 2792 προσευχῆς
2909 2723 3158 2795 ἑώρακας
3190 2723 3383 2776 τόπον·
3440 2722 3582 2776 ἀλλὰ
3611 2736 3700 2790 ιιι·

2152 2811 2292 2884 κρὰν
2313 2811 2420 2866 ἀπὸ
2450 2811 2543 2866 σοῦ
2569 2815 2602 2884 ὴ
2631 2815 2876 2886 μακαρία
2904 2814 3108 2885 ταύτης
3135 2815 3254 2878 ὁδὸς
3286 2815 3580 2885 τυγχάνει.

2700 2928 2949 2981 ΚΕΦΑΛ.
2989 2928 3163 2985 PNI".

2226 3041 2394 3094 Ὅταν
2440 3041 2844 3112 παριστάμενος
2890 3044 2968 3107 είς
3019 3041 3329 3114 προσευχὴν
3359 3041 3509 3110 ὑπὲρ
3541 3043 3702 3095 πᾶσαν

2077 3151 2120 3208 c
2153 3133 2320 3204 ἄλλην
2365 3133 2540 3203 χαρὰν
2584 3135 2718 3207 γένῃ
2742 3175 2758 3200 ,
2812 3136 2930 3189 τότε
2977 3134 3192 3206 ἀληθῶς
3253 3135 3504 3206 εὕρηκας
3553 3150 3702 3206 προο-

2151 3227 2337 3296 ευχήν.

486 3512 3688 3547 W

1592 3695 1941 3829 ΤΟΥ
2038 3689 2607 3825 ΑΥΤΟΥ

1868 3946 2216 4001 ΚΕΦΔΛΔΙΑ
2256 3948 2363 4001 KZ"

1066 4141 1324 4227 ΠΕΡΙ
1377 4137 1923 4227 ΔΙΑΦΟΡΩΝ
1963 4135 2507 4224 ΠΟΝΗΡΩΝ
2559 4135 3121 4226 ΛΟΓΙΣΜΩΝ

1664 4450 2501 4675 EJUSDEM

1310 4971 1406 5032 DE
1442 4974 1782 5036 DIVERSIS
1839 4976 2199 5038 MALIGNIS
2241 4975 2882 5038 COGITATIONIBUS.

1018 5155 1176 5228 512
1204 5157 1428 5218 CAPUT
1460 5159 1495 5213 ι.
2078 5217 2079 5222 γ

2747 5163 2995 5222 ΚΕΦΔΛ.
3032 5166 3113 5220 Δ’.

543 5267 893 5326 Dazinonibus
922 5273 1111 5327 activae
1136 5274 1257 5329 vita;
1275 5275 1537 5345 oppositis
1559 5274 1718 5344 primi
1748 5273 1815 5327 ad
1837 5274 2038 5330 bellum

471 5360 778 5430 insurgunt,
809 5364 900 5433 qui
931 5365 1068 5434 gula:
1094 5365 1482 5436 voluptatibus,
1516 5367 1629 5422 sive
1657 5365 2043 5435 cupiditatibus

471 5464 729 5517 praesunt,
765 5456 968 5526 quique
1013 5457 1172 5512 nobis
1197 5459 1476 5512 avaritiam
1525 5469 1839 5528 suggerunt,
1869 5469 1924 5513 et
1949 5461 2043 5530 qui

470 5558 570 5596 nos
629 5545 694 5597 ad
747 5546 1034 5601 humanam
1087 5547 1312 5617 gloriam
1377 5558 1694 5615 provocant.
1743 5551 1814 5604 At
1859 5553 2038 5607 caeteri

471 5647 658 5687 omnes
686 5639 1083 5693 retrocedentes
1110 5647 1232 5707 post
1285 5638 1440 5702 istos,
1491 5655 1627 5708 quos
1665 5641 1741 5696 illi
1783 5644 2038 5698 vulnera-

474 5729 622 5785 runt,
645 5723 937 5791 excipiunt.
965 5725 1072 5780 Nec
1101 5727 1244 5781 enim
1280 5726 1393 5782 ﬁeri
1440 5737 1635 5798 potest,
1671 5741 1726 5785 ut
1755 5733 1800 5790 is
1832 5733 2035 5788 incidat

2221 5275 2340 5328 Τῶν
2373 5275 2768 5346 ἀντικειμένων
2785 5274 3058 5346 δαιμόνων
3086 5277 3151 5345 τῇ
3178 5279 3480 5347 πρακτικῇ,
3509 5273 3682 5346 πρῶτος

2147 5367 2290 5420 κατὰ
2333 5367 2426 5422 τὸν
2463 5367 2697 5438 πόλεμον
2729 5365 3076 5422 συνίστανται
3121 5369 3172 5421 οί
3209 5367 3308 5431 τὰς
3338 5371 3438 5438 τῆς
3479 5382 3682 5437 γαστρι-

2151 5460 2393 5530 μαργίας
2420 5459 2634 5530 ἡδονὰς,
2657 5459 2820 5532 ἤτουν
2841 5460 3053 5529 ὀρέξεις
3085 5461 3529 5530 πεπιστευμένοι,
3546 5458 3624 5512 καὶ
3641 5454 3682 5507 οἱ

2145 5549 2244 5620 τὴν
2271 5550 2635 5622 φιλαργυρίαν
2653 5553 2786 5622 ἡμῖν
2809 5551 3217 5617 ὑποϐάλλοντες,
3245 5553 3342 5605 καὶ
3370 5553 3420 5606 οί
3453 5553 3582 5622 πρὸς
3600 5549 3680 5616 τὴν

2145 5642 2254 5695 τῶν
2285 5641 2587 5714 ἀνθρώπων
2612 5642 2770 5707 δόξαν
2797 5645 2945 5714 ἡμᾶς
2970 5643 3380 5715 ἐκκαλούμενοι.
3403 5645 3466 5698 ΟΞ
3493 5645 3536 5697 δ’
3556 5641 3682 5696 ἄλλοι

2145 5735 2346 5798 πάντες
2379 5733 2610 5789 κατόπιν
2626 5735 2833 5790 τούτων
2858 5735 3186 5806 βαδίζοντες,
3214 5735 3340 5798 τοὺς
3368 5735 3474 5789 ὑπὸ
3501 5733 3679 5787 τούτων
