3838 6056
71 340 238 406 1201

1114 351 1211 411 DE
1250 351 1618 411 MALIGNIS
1655 351 2311 416 COGITATIONIBUS.

3182 351 3321 414 1202

58 463 572 533 τιτρωσκομένους
602 466 952 535 διαδέχονται.
984 466 1097 521 Οὐκ
1125 469 1239 522 ἔστι
1263 470 1371 539 γὰρ
1396 470 1658 538 ἐμπεσεῖν

1767 467 1814 521 in
1837 485 2028 525 manus
2057 471 2279 540 spiritus
2308 471 2702 535 fornicationis,
2743 471 2835 541 qui
2863 483 2971 524 non
3003 465 3259 522 ceciderit
3292 481 3323 519 a

62 554 181 616 είς
224 558 413 626 χεῖρας
442 557 534 609 τοῦ
559 557 866 627 πνεύματος
890 561 989 628 τῆς
1015 562 1288 632 πορνείας,
1332 564 1406 637 μὴ
1431 564 1536 616 ὑπὸ
1560 564 1661 633 τῆς

62 650 550 718 γαστριμαργίας
581 650 988 705 καταπεσόνταο
1021 655 1114 706 καὶ
1142 654 1241 706 οὐκ
1269 654 1383 707 ἔστι
1428 654 1664 725 ταράξαι

71 735 317 808 Θυμὸν,
350 742 422 811 μὴ
451 742 590 812 ὑπὲρ
647 741 947 812 βρωμάτων
991 744 1023 814 ἤ
1070 747 1368 815 χρημάτων
1392 786 1405 812 ,
1437 747 1471 817 ἢ
1502 747 1661 817 δόξης

71 830 325 899 ἀλόγων
348 834 649 904 ἐπιθυμιῶν
680 837 1017 906 μαχόμενον·
1063 838 1155 890 καὶ
1180 838 1280 891 οὐκ
1307 838 1419 890 ἐστι
1449 838 1540 892 τὸν
1566 839 1663 909 τῆς

70 924 289 998 λύπης
335 928 561 997 δαίμονα
604 930 905 998 διαφυγεῖν,
953 930 1154 983 τούτων
1204 932 1423 984 πάντων
1468 950 1664 1003 στερη-

72 1016 272 1071 Θέντα
300 1060 313 1080 ,
349 1020 380 1088 ἢ
416 1020 491 1089 μὴ
534 1020 825 1089 δυνηθέντα
868 1024 1078 1091 τυχεῖνο
1131 1023 1251 1075 οὐδὲ
1299 1024 1667 1092 ἀποφεύξεται

70 1107 203 1176 τὴν
241 1112 618 1181 ὑπερηφανίαν
649 1130 732 1170 τις
752 1153 767 1179 ,
809 1114 869 1165 τὸ
914 1114 1127 1184 πρῶτον
1153 1117 1398 1185 γέννημα
1426 1116 1518 1169 τοῦ
1548 1117 1664 1170 δια-

76 1200 266 1254 δόλου
294 1241 308 1266 ,
347 1202 419 1271 μὴ
452 1203 551 1273 τὴν
579 1205 689 1256 τῶν
718 1205 901 1257 κακῶν
954 1206 1167 1259 πάντων
1211 1208 1364 1277 ῥίζαν
1415 1208 1665 1279 ἐξορίσας

78 1291 495 1360 φιλαργυρίαν,
524 1293 683 1363 εἴπερ
708 1296 802 1346 καὶ
824 1294 984 1347 πενία
1014 1296 1182 1365 ἄνδρα
1208 1300 1493 1363 ταπεινοῖ,
1524 1300 1665 1352 κατὰ

73 1383 197 1434 τὸν
239 1384 402 1449 σοφὸν
440 1384 793 1454 Σολομῶνταο
839 1388 934 1440 καὶ
979 1386 1276 1459 συλλήϐδην
1323 1390 1529 1452 εἰπεῖν,
1565 1391 1663 1444 οὐκ

74 1473 257 1526 ἔστιν
289 1474 571 1546 ἄνθρωπον
617 1480 932 1546 περιπεσεῖν
975 1479 1230 1549 δαίμονι,
1281 1481 1355 1552 μὴ
1399 1482 1663 1553 πρότερον

74 1564 195 1617 ὑπ’
236 1566 461 1620 ἐκείνων
504 1566 608 1619 τῶν
644 1568 1041 1637 πρωτοστατῶν
1090 1572 1541 1642 κατατρωθέντα,
1580 1574 1663 1627 διὸ

74 1658 197 1709 καὶ
226 1660 353 1721 τοὺς
379 1661 526 1728 τρεῖς
573 1658 799 1722 τούτους
837 1660 1130 1731 λογισμοὺς
1175 1663 1204 1714 6
1249 1662 1493 1726 διάϐολος
1542 1663 1660 1717 τότε

72 1751 174 1821 τῷ
228 1753 442 1823 Σωτῆρι
491 1756 827 1825 προσήγαγε.
874 1755 1095 1825 Πρῶτον
1148 1755 1246 1825 μὲν
1292 1758 1418 1818 τοὺς
1456 1755 1658 1822 λίθους,

76 1843 302 1914 ἄρτους
344 1846 595 1914 γενέσθαι
630 1846 992 1917 παρακαλῶν,
1026 1847 1214 1901 ἔπειτα
1244 1848 1300 1902 δὲ
1330 1851 1422 1902 τὸν
1455 1851 1663 1920 κόσμον

74 1936 221 1987 ὅλον
271 1938 738 2007 ἐπαγγελλόμενος
790 1941 837 1991 εἰ
884 1940 1064 1992 πεσὼν
1112 1945 1508 2011 προσκυνήσει·
1567 1942 1663 1995 καὶ

73 2027 284 2094 τρίτον
337 2030 385 2080 εί
429 2029 649 2082 ἁκούσοι
691 2029 1112 2101 δοξασθήσεσθαι
1165 2033 1357 2101 λέγων,
1393 2033 1561 2104 μηδὲν
1599 2035 1668 2086 ἐκ

74 2117 194 2171 τοῦ
245 2119 566 2189 τηλικούτου
597 2122 889 2193 πτώματος
920 2124 1226 2177 πεπονθότα
1249 2165 1264 2188 ,
1298 2118 1371 2178 ῶν
1398 2127 1426 2177 ὁ
1455 2125 1662 2195 Κύριος

75 2210 261 2279 ἡμῶν
311 2213 574 2282 κρείττων
625 2216 831 2282 φανεὶς,
891 2217 971 2273 είς
1010 2217 1252 2271 τούπίσω
1301 2216 1379 2287 τῷ
1427 2217 1665 2290 διαϐόλῳ

78 2302 301 2367 χωρεῖν
340 2302 691 2370 προσέταττε,
724 2304 812 2358 διὰ
841 2305 1045 2358 τούτων
1069 2307 1162 2359 καὶ
1192 2308 1338 2377 ἡμᾶς
1369 2307 1657 2373 διδάσκων,

76 2390 174 2451 ὡς
209 2391 311 2443 οὐκ
345 2391 488 2445 ἐστιν
513 2393 835 2449 ἀπώσασθαι
857 2397 946 2450 τὸν
975 2397 1239 2467 διάϐολον,
1274 2400 1348 2471 μὴ
1371 2400 1479 2455 τῶν
1496 2400 1665 2473 τριῶν

80 2485 309 2539 τούτων
332 2492 848 2561 καταφρονήσαντας
872 2492 1168 2564 λογισμῶν.

700 2628 951 2684 ΚΕΦΑΛ.
993 2629 1069 2685 B'.

172 2738 386 2802 Πάντες
410 2742 457 2793 oi
486 2739 856 2811 δαιμονιώδεις
879 2742 1143 2813 λογισμοὶ,
1178 2746 1423 2815 νοήματα
1455 2748 1536 2809 είς
1564 2747 1663 2816 τὴν

84 2826 282 2897 ψυχὴν
329 2829 599 2899 αἰσθητῶν
626 2832 964 2901 πραγμάτων
987 2833 1348 2903 εἰσφέρουσιν,
1372 2837 1430 2888 ἐν
1466 2831 1548 2898 οἷς
1573 2854 1668 2889 τυ-

86 2920 205 2973 πού
216 2938 373 2989 μενος
395 2923 423 2974 6
456 2922 577 2986 νοῦς
602 2923 699 2986 τὰς
721 2923 932 2995 μορφὰς
948 2925 1053 2978 τῶν
1083 2927 1418 3001 πραγμάτων
1447 2928 1666 2983 ἐκείνων

88 3011 163 3064 ὲν
190 3012 371 3081 ἑαυτῷ
403 3013 707 3083 περιφέρει,
739 3016 831 3067 καὶ
875 3015 966 3067 ἀπ’
999 3015 1161 3068 αὐτοῦ
1200 3015 1293 3069 τοῦ
1344 3018 1667 3087 πράγματος

87 3101 295 3156 λοιπὸν
355 3104 704 3173 ἐπιγινώσκει
759 3106 850 3160 τὸν
916 3108 1354 3179 προσεγγίσαντα
1407 3109 1662 3179 δαίμονα·

1762 552 1955 619 spiritu
2001 554 2139 623 gulae
2189 555 2461 623 devictus;
2504 572 2603 611 nec
2646 554 2902 625 possibile
2947 560 3050 616 est,
3084 558 3143 604 ut
3188 550 3324 604 iram

1760 630 2125 711 commoveat,
2157 646 2249 716 qui
2279 663 2387 702 non
2416 647 2696 703 contendit
2735 654 2789 700 et
2817 644 3024 699 rixatur
3058 656 3159 710 pro
3197 639 3328 693 οὐν-

1760 733 1867 797 liis.
1895 746 1988 790 aut
2017 739 2282 806 pecuniis,
2333 748 2427 792 aut
2458 740 2640 809 glorim
2680 734 3079 791 irrationalibus
3116 729 3328 799 cupidi-

1760 827 1991 893 tatibus;
2036 845 2137 884 nec
2183 830 2344 884 etiam
2392 830 2503 884 ﬁeri
2548 839 2741 899 potest,
2775 829 3150 881 utdazmonem
3192 821 3326 882 εαυ-

1761 918 1869 988 giat
1894 920 2146 983 tristitize,
2181 923 2271 990 qui
2296 922 2550 977 omnibus
2582 923 2729 975 hisce
2761 921 2921 975 fuerit
2945 920 3205 986 privatus,
3227 927 3323 969 aut

1763 1006 1853 1058 illa
1891 1011 2107 1077 assequi
2141 1011 2468 1078 nequiverit;
2502 1026 2601 1065 nec
2630 1010 2753 1079 quis
2781 1006 3326 1076 evadetsuperbiam,

1762 1111 1882 1163 qua‘
1931 1097 2164 1165 primum
2216 1098 2316 1152 fuit
2364 1115 2582 1168 germen
2631 1099 2852 1163 diaboli,
2899 1096 3005 1150 nisi
3060 1095 3327 1149 malorum

1761 1185 2003 1241 omnium
2042 1188 2272 1242 radicem
2305 1189 2766 1253 exterminaverit,
2798 1184 3101 1240 avaritiam.
3141 1182 3331 1252 Siqui-

1763 1278 1882 1330 dem
1941 1286 1994 1331 et
2024 1287 2312 1347 paupertas
2341 1279 2517 1333 virum
2573 1278 2849 1339 liumiliat,
2907 1274 3202 1329 secundum
3245 1288 3332 1326 sa-

1763 1369 1995 1437 pientem
2064 1368 2444 1433 Salomoneni;
2516 1378 2680 1438 utque
2753 1367 3062 1421 summatim
3131 1364 3327 1427 dicam,

1764 1461 2072 1514 nullatenus
2111 1461 2269 1513 homo
2318 1469 2493 1530 potest
2538 1461 2588 1513 in
2616 1460 2812 1513 diaboli
2856 1457 3061 1528 prolabi
3100 1464 3333 1525 potesta-

1765 1564 1896 1617 tem,
1941 1554 2045 1607 nisi
2097 1554 2244 1621 prius
2273 1554 2340 1607 ab
2371 1554 2475 1607 illis
2528 1551 2949 1622 primipilaribus
3008 1548 3168 1601 fuerit
3203 1562 3333 1602 sau-

1764 1646 1970 1711 ciatus;
1999 1654 2054 1699 et
2100 1645 2220 1700 ideo
2272 1644 2368 1699 has
2401 1654 2509 1698 tres
2545 1643 2896 1712 cogitationes
2930 1637 3177 1694 diabolus
3208 1644 3333 1688 tunc

1765 1740 2026 1793 Salvatori
2058 1739 2267 1793 induxit
2290 1740 2356 1795 ”.
2387 1738 2627 1791 Primum
2662 1736 2876 1806 quidem
2920 1734 3243 1793 exhortans,
3276 1736 3334 1781 ut

1764 1829 1971 1898 lapides
2000 1828 2242 1885 efﬁceret
2277 1829 2436 1899 513
2468 1844 2665 1899 panes;
2692 1826 3033 1898 postmodum
3062 1821 3335 1891 spondens

1762 1922 2021 1975 mundum
2040 1921 2372 1985 universum,
2393 1921 2437 1975 si
2460 1920 2657 1976 cadens
2680 1919 2925 1972 adoraret
2940 1934 2954 1981 ;
2972 1915 3130 1970 tertio
3146 1912 3332 1965 dicens

1764 2014 1939 2083 ipsum
1963 2013 2341 2068 celebrandum
2376 2012 2490 2065 fore
2521 2028 2584 2065 ac
2612 2008 3046 2080 gloriﬁcandum,
3084 2005 3128 2059 si
3161 2003 3332 2057 obau-

1763 2106 1952 2170 disset,
1985 2106 2113 2160 dum
2175 2121 2241 2160 ex
2268 2106 2360 2158 illo
2409 2105 2501 2158 tali
2550 2119 2683 2159 casu
2720 2102 2855 2156 nihil
2887 2100 3047 2154 fuerit
3079 2112 3273 2168 passus
3314 2114 3327 2148 :

1764 2196 1964 2265 quibus
2029 2195 2292 2251 Dominus
2354 2202 2536 2250 noster
2596 2193 2844 2263 superior
2912 2204 3217 2260 apparens,
3274 2195 3333 2239 ut

1765 2286 2125 2342 retrocederet
2178 2287 2393 2342 diabolo
2450 2286 2759 2349 mandavit,
2815 2298 3023 2354 nosque
3082 2296 3177 2351 per
3228 2279 3330 2333 ista

1765 2377 1999 2443 edocuit,
2030 2380 2173 2449 quod
2226 2380 2553 2448 impossibile
2600 2389 2681 2435 est
2726 2378 2999 2433 diabolum
3040 2374 3326 2445 repellere,

1767 2471 1873 2525 nisi
1898 2481 2008 2527 tres
2028 2472 2159 2527 istas
2180 2472 2587 2541 despexerimus
2611 2471 2988 2542 cogitationes.

2376 2603 2603 2659 CAPUT
2652 2602 2717 2657 ιι.

1837 2716 2040 2773 Omnes
2073 2717 2424 2774 daamouiales
2456 2720 2812 2789 cogitationes
2852 2717 3095 2771 inierunt
3136 2716 3331 2770 animae

1767 2823 1951 2863 rerum
2001 2809 2343 2864 sensibilium
2398 2811 2671 2874 notiones,
2716 2809 2914 2878 quibus
2957 2824 3107 2863 mens
3156 2806 3333 2860 infor-

1766 2907 1933 2965 mata,
1968 2899 2171 2955 formas
2214 2900 2427 2954 illarum
2471 2916 2651 2954 rerum
2698 2900 2750 2953 in
2783 2900 2959 2969 seipsa
2995 2897 3331 2961 circumfert.

1769 2990 1957 3060 sicque
2004 2989 2341 3056 daemonem,
2396 2990 2489 3060 qui
2530 2991 2994 3061 appropinquarit,
3036 3004 3067 3044 e
3113 3005 3170 3044 re
3214 2990 3333 3059 ipsa

1771 3080 2071 3150 dignoscit;
2106 3082 2339 3152 exempli
2380 3083 2576 3153 gratia,
2628 3082 2674 3137 si
2707 3082 2998 3138 accesserit
3038 3081 3332 3136 intellectui

87 3185 235 3251 οἷον,
288 3193 336 3243 εί
386 3192 478 3244 τοῦ
514 3192 888 3264 ζημιώσαντὸς
923 3215 1013 3267 με,
1058 3200 1148 3251 καὶ
1194 3200 1559 3270 άτιμάσαντὸς
1595 3218 1663 3272 με

1769 3187 1892 3227 meo
1932 3188 2186 3243 persona,
2235 3189 2356 3245 qua:
2383 3190 2469 3229 me
2508 3175 2857 3237 detrimento,
2891 3182 2985 3228 aut
3034 3173 3333 3241 ignominia

89 3282 159 3330 ὲν
199 3284 266 3350 τῇ
300 3282 505 3354 διανοίᾳ
540 3303 641 3353 μου
688 3286 749 3339 τὸ
792 3288 1081 3359 πρόσωπον
1115 3290 1342 3359 γένοιτο,
1384 3293 1664 3363 ἐλέγχεται

88 3372 122 3423 ὁ
161 3372 264 3439 τῆς
304 3377 667 3443 μνησικακίας
698 3380 1027 3449 παραϐαλὼν
1057 3382 1335 3453 λογισμός.
1388 3386 1450 3438 El
1502 3387 1664 3439 πάλιν

90 3464 432 3532 χρημάτων,
493 3467 526 3537 ἢ
588 3468 743 3540 δόξης
793 3472 1107 3544 ,ἀνάμνησις
1161 3476 1404 3544 γένοιτο,
1461 3479 1525 3531 ἐκ
1568 3479 1661 3532 τοῦ

6 3566 7 3585 ῖ
92 3554 427 3623 πράγματος
444 3558 601 3628 δῆλον
625 3562 705 3613 ὅτι
721 3563 748 3614 6
772 3561 966 3616 θλίϐων
984 3567 1127 3635 ἡμᾶς
1159 3568 1661 3638 ἐπιγνωσθήσεται·

93 3645 198 3697 καὶ
234 3647 324 3699 ἐπὶ
355 3648 461 3701 τῶν
507 3650 679 3703 ἄλλων
706 3651 763 3705 δὲ
795 3653 1071 3725 λογισμῶν
1109 3658 1388 3721 ὡσαύτως,
1428 3661 1534 3713 ἀπὸ
1569 3661 1663 3715 τοῦ

92 3734 432 3804 πράγματος
477 3740 731 3809 εὑρήσεις
777 3743 866 3794 τὸν
914 3747 1260 3817 παρεστῶτα,
1293 3750 1384 3802 καὶ
1431 3751 1667 3806 ὑποϐάλ-

91 3824 265 3879 λοντα
316 3826 415 3891 τὰς
454 3830 753 3896 φαντασίας
806 3833 1054 3904 δαίμονα.
1112 3840 1186 3891 Οὐ
1242 3841 1419 3904 πάσας
1470 3842 1527 3895 δὲ
1570 3843 1667 3907 τὰς

97 3918 327 3988 μνήμας
355 3920 460 3974 τῶν
491 3922 747 3979 τοιούτων
776 3928 1121 3998 πραγμάτων
1146 3930 1208 3983 ὲκ
1237 3932 1500 4001 δαιμόνων
1522 3934 1667 4004 λέγω

60 4090 67 4099 ⁸
99 4011 460 4081 συμϐαίνειν·
498 4019 685 4089 ἐπειδὴ
720 4022 927 4091 πέφυκε
961 4024 1056 4076 καὶ
1084 4024 1242 4088 αὐτὸς
1272 4027 1300 4077 6
1325 4026 1448 4091 νοῦς
1483 4030 1666 4081 κινού-

99 4123 267 4175 μενος
303 4109 408 4162 ὑπὸ
434 4109 530 4163 τοῦ
576 4112 862 4183 ἀνθρώπου
901 4113 1008 4169 τῶν
1050 4118 1348 4184 γεγονότων
1374 4120 1669 4192 ἀναφέρειν

97 4199 202 4261 τὰς
252 4202 569 4267 φαντασίας,
616 4204 731 4257 ἀλλ’
778 4205 898 4258 ὅσαι
944 4206 1054 4260 τῶν
1104 4207 1333 4277 μνημῶν
1392 4208 1583 4280 θυμὸν,
1632 4209 1666 4280 ἦ

97 4286 401 4358 ἐπιθυμίαν
429 4293 577 4361 παρὰ
607 4292 764 4359 φύσιν
796 4295 1251 4348 συνεπισπῶνται.
1303 4296 1401 4350 Διά
1428 4299 1535 4369 γὰρ
1559 4300 1658 4369 τὴν

96 4381 353 4451 ταραχὴν
396 4382 501 4435 τῶν
551 4382 644 4436 δύο
687 4384 970 4456 δυνάμεων
1012 4387 1252 4455 τούτων,
1284 4389 1313 4441 ὁ
1354 4380 1478 4454 νοῦς
1525 4390 1667 4444 κατὰ

97 4473 345 4529 διάνοιαν
378 4475 638 4547 μοιχεύει,
670 4480 764 4530 καὶ
797 4481 1046 4550 μάχεται,
1078 4481 1171 4534 τοῦ
1201 4483 1666 4551 νομοθετήσαντος
1698 4519 1744 4575 D

98 4565 269 4617 αὐτον
316 4567 415 4636 τὴν
465 4571 766 4637 φαντασίαν
814 4571 1169 4636 ἀναδέξασθαι
1223 4574 1297 4643 μὴ
1344 4572 1662 4642 δυνάμενος.

100 4659 340 4728 Εἴπερή
379 4659 698 4730 λαμπρότης
739 4662 920 4733 ἐκείνη
965 4664 1105 4716 κατὰ
1152 4665 1411 4736 στέρησιν
1448 4667 1665 4719 πάντων

98 4749 213 4801 τῶν
243 4750 301 4801 ἐν
327 4753 436 4813 τοῖς
468 4751 755 4820 πράγμασι
802 4754 1090 4822 νοημάτων
1120 4757 1176 4807 ὲν
1218 4755 1297 4825 τῷ
1345 4758 1523 4827 καιρῷ
1569 4760 1666 4827 τῆς

100 4842 411 4910 προσευχῆς
436 4841 513 4910 τῷ
528 4842 837 4911 ἡγεμονικῷ
857 4846 1277 4913 παραφαίνεται.
1299 4848 1412 4901 Οὐκ
1437 4848 1664 4902 evane-

102 4932 254 4984 θοιτο
278 4932 374 4993 τὰς
408 4933 674 5002 ἐμπαθεῖς
713 4937 928 5005 μνήμας
961 4937 990 4987 ὀ
1014 4937 1315 5007 ἄνθρωπος,
1365 4939 1439 5009 μὴ
1477 4940 1662 4993 ἐπιθυ-

108 5024 259 5091 μίας,
308 5024 401 5077 καὶ
430 5024 600 5094 θυμοῦ
643 5026 959 5097 ἐπιμέλειαν
1001 5030 1383 5099 ποιησάμενος,
1422 5030 1518 5099 τὴν
1564 5031 1662 5101 μὲν

102 5116 401 5182 νηστείαις,
432 5116 778 5188 ἀγρυπνίαις,
820 5120 914 5171 καὶ
955 5121 1303 5189 χαμευνείαις
1351 5121 1663 5174 καταναλώ-

106 5222 228 5267 σας,
255 5205 345 5257 τδν
392 5207 448 5258 δὲ
494 5208 915 5279 μακροθυμίαις,
952 5212 1046 5265 καὶ
1075 5214 1518 5282 ἁμνησικακὶαις,
1568 5214 1664 5266 καὶ

102 5296 493 5366 ἐλεημοσύναις
525 5300 942 5370 καθημερώσας·
974 5305 1037 5356 ἐκ
1059 5305 1167 5374 γὰρ
1190 5304 1297 5358 τῶν
1336 5306 1429 5359 δύο
1459 5308 1664 5360 τούτων

103 5388 291 5441 παθῶν
334 5392 534 5455 πάντες
590 5394 777 5462 σχεδὸν
816 5397 863 5448 οἱ
898 5395 1265 5465 δαιμονιώδεις
1316 5398 1662 5453 συνίστανται

105 5484 355 5552 λογισμοὶ
391 5486 439 5537 οἱ
473 5486 563 5548 τὸν
591 5487 714 5541 νοῦν
758 5488 1114 5559 ἐμϐάλλοντες
1158 5493 1237 5555 είς
1282 5490 1519 5562 ὄλεθρον,
1570 5495 1661 5546 καὶ

106 5574 400 5631 ἀπώλειαν.

1768 3266 1965 3331 affecit,
2031 3267 2299 3337 arguitur,
2353 3267 2498 3338 quod
2563 3266 2885 3337 iniuriarum
2938 3266 3331 3321 recordationis

1766 3359 2217 3430 appropinquavit
2275 3360 2553 3430 cogitatio.
2604 3359 2660 3413 Si
2722 3361 2919 3414 iterum
2978 3360 3332 3430 pecuniarum

1765 3464 1862 3508 aut
1907 3452 2090 3524 gloriae
2126 3453 2434 3507 recordatio
2479 3452 2591 3518 ﬁat,
2632 3450 2977 3507 manifestum
3018 3469 3083 3507 ex
3128 3468 3186 3506 re
3226 3460 3329 3517 est,

1765 3546 1909 3615 quod
1941 3546 2009 3609 is,
2054 3543 2146 3615 qui
2186 3559 2285 3599 nos
2320 3544 2563 3609 tribulat,
2603 3544 2969 3615 dignoscetur.
3006 3544 3147 3610 Quin
3183 3555 3235 3600 et
3276 3547 3327 3599 in

1766 3639 1888 3693 aliis
1910 3638 2330 3710 cogitationibus
2350 3637 2599 3693 similiter
2627 3652 2657 3693 e
2688 3654 2745 3693 re
2770 3639 3011 3693 invenies
3034 3640 3329 3693 daemonem

1767 3739 2056 3797 astantem,
2075 3740 2129 3785 et
2149 3729 2563 3801 imaginationes
2582 3740 2975 3801 suggerentem.
3000 3730 3115 3784 Non
3141 3745 3333 3786 omnes

1768 3830 1950 3877 autem
2003 3822 2412 3877 recordationes
2450 3822 2835 3892 hujuscemodi
2870 3837 3050 3876 rerum
3077 3838 3107 3876 a
3134 3824 3333 3876 daemo-

1767 3912 1931 3967 nibus
1974 3912 2285 3983 contingere
2333 3912 2487 3979 dico;
2549 3911 2988 3981 quandoquidem
3058 3918 3112 3965 et
3182 3925 3334 3963 mens

1768 4003 1885 4073 ipsa
1928 4002 1995 4057 ab
2051 4002 2271 4058 homine
2312 4012 2621 4067 commota,
2658 4002 3069 4071 imaginationes
3127 4017 3330 4065 rerum,

1769 4113 1893 4169 quae
1919 4096 2215 4163 evenerint,
2263 4097 2527 4167 proferre,
2570 4112 2668 4153 seu
2711 4096 2955 4152 emittere
3010 4097 3332 4161 consuevit;

1770 4188 1867 4243 sed
1894 4196 2160 4257 quotquot
2203 4188 2610 4243 recordationes
2656 4187 2815 4253 iram,
2848 4187 2931 4240 vel
2981 4186 3330 4255 cupiditatem

1770 4290 1965 4350 praeter
2002 4288 2255 4334 naturam
2303 4280 2583 4347 alliciunt,
2622 4278 3000 4350 (subintellige)
3032 4294 3125 4333 eas
3155 4278 3276 4332 dico
3302 4293 3333 4329 a

1769 4371 2112 4426 daemonibus
2150 4373 2477 4442 procedere;
2529 4386 2654 4425 nam
2693 4371 2764 4425 ob
2792 4371 3157 4426 turbationem
3196 4370 3334 4424 dua-

1768 4479 1891 4518 rum
1926 4464 2154 4519 istarum
2181 4464 2544 4534 potentiarum
2571 4464 2800 4533 (scilicet
2830 4464 2942 4528 irae,
2976 4472 3031 4517 et
3061 4461 3333 4531 cupidita-

1770 4555 1861 4627 tis)
1900 4570 2053 4611 mens
2076 4557 2514 4612 intellectualiter
2531 4556 2819 4623 adulterat,
2850 4564 2905 4611 et
2930 4562 3150 4625 pugnat,
3175 4551 3337 4623 514

1768 4663 1892 4702 cum
1948 4646 2062 4710 Dei,
2109 4649 2201 4717 qui
2263 4649 2429 4718 legem
2490 4648 2591 4717 ipsi
2648 4647 2932 4716 imposuit.
2988 4646 3106 4699 Non
3159 4646 3336 4699 valeat

1768 4740 2213 4807 imaginationem
2258 4740 2570 4809 suscipere;
2630 4741 2897 4809 siquidem
2949 4739 3170 4793 claritas
3220 4737 3333 4802 illa,

1768 4834 1941 4901 posita
1968 4833 2269 4900 privatione
2293 4833 2537 4885 omnium
2560 4833 2841 4887 notionum
2868 4832 2933 4885 de
2961 4831 3144 4892 rebus,
3167 4829 3334 4884 animi

1769 4926 2095 4995 principatui
2120 4936 2425 4993 opportune
2447 4925 2711 4979 orationis
2738 4934 2979 4992 tempore
3004 4923 3161 4992 quasi
3192 4937 3334 4991 pm-

1771 5014 2034 5070 tereundo
2064 5025 2308 5083 apparet.
2345 5014 2518 5067 Homo
2546 5030 2652 5068 non
2682 5016 2915 5084 deponet
2948 5030 3185 5084 unquam
3220 5028 3336 5067 me-

1771 5106 1976 5160 morias
2029 5106 2377 5173 passionibus
2426 5106 2680 5174 percitas,
2715 5106 2758 5159 si
2792 5104 3244 5175 concupiscentiae
3282 5113 3337 5158 et

1770 5197 2069 5252 iracundia:
2102 5212 2291 5251 curam
2337 5211 2445 5250 non
2488 5196 2744 5266 gesserit;
2776 5195 2926 5249 illam
2957 5196 3174 5265 quidem
3202 5194 3336 5264 jeju-

1769 5292 1877 5345 niis
1904 5300 1957 5344 et
1981 5289 2202 5359 vigiliis,
2241 5297 2294 5343 et
2326 5290 2478 5343 humi
2514 5290 2765 5343 cubando
2807 5303 3160 5353 consumens,
3192 5288 3336 5341 hanc

1768 5400 1899 5441 vero
1942 5383 2371 5453 longanimitatis
2405 5383 2635 5448 actibus,
2677 5391 2730 5436 et
2770 5382 3058 5436 oblivionis
3100 5379 3332 5450 injuriae,

1770 5494 1833 5536 ac
1862 5476 2223 5547 eleemosynis
2252 5474 2683 5531 mansuefaciens
2718 5493 2732 5529 :
2763 5490 2830 5528 ex
2861 5475 2948 5527 his
2974 5473 3171 5541 quippe
3196 5471 3333 5524 dua—

1770 5573 1874 5626 bus
1919 5548 2267 5638 passionibus
2298 5584 2487 5622 omnes
2531 5567 2644 5621 fere
2688 5566 3036 5620 daemoniales
3082 5570 3336 5616 constant

1771 5662 2145 5733 cogitationes,
2175 5676 2295 5732 quae
2320 5671 2556 5716 mentem
2576 5661 2629 5713 in
2648 5657 2871 5713 exitium
2892 5671 2955 5711 ac
2978 5654 3330 5725 perditionem

1777 5756 2060 5810 inducunt.
