3838 6056
518 306 657 371 1203

1120 423 1347 481 CAPUT
1384 426 1473 482 Ill.

579 533 725 592 Fieri
782 548 966 594 autem
1015 554 1127 596 non
1181 550 1377 613 potest,
1426 550 1487 597 ut
1531 542 1655 613 quis
1696 543 2075 614 hujuscemodi

508 627 857 699 passionibus
888 633 1138 703 superior
1164 635 1375 700 evadat,
1411 635 1515 689 nisi
1544 635 1766 691 omnino
1799 651 1973 704 escas,
2020 648 2077 693 et

508 720 788 791 pecunias,
817 732 870 778 et
895 725 1121 795 gloriam
1144 726 1427 797 despiciat,
1453 728 1629 785 adhuc
1659 730 1844 794 etiam,
1870 740 1924 786 et
1948 745 2076 800 pro-

507 812 689 882 prium
737 830 958 886 corpus,
1006 828 1227 889 propter
1272 835 1385 885 eos,
1437 820 1532 892 qui
1580 832 1847 877 conantur
1894 823 2074 892 ipsum

508 913 657 967 velut
692 914 935 984 colaphis
982 925 1267 984 percutere
1301 932 1320 968 ξ
1351 931 1636 971 necessum
1682 919 1844 988 igitur
1892 918 2071 988 plane,

507 1007 713 1063 imitari
758 1007 1124 1077 periclitantes
1166 1008 1219 1061 in
1266 1011 1423 1069 mari,
1455 1010 1571 1078 qui,
1612 1019 1832 1080 pr0pter
1869 1012 2075 1066 violen-

507 1100 637 1155 tiam
676 1109 984 1165 ventorum,
1034 1099 1413 1170 undarumque
1459 1104 1876 1172 insurgentium,
1920 1118 2075 1157 vaso—

506 1206 631 1246 rum
673 1193 835 1247 etiam
864 1200 1089 1246 utuntur
1117 1191 1404 1261 ejectione.
1440 1192 1633 1248 Verum
1677 1195 1763 1249 hic
1791 1194 2075 1264 diligenter

506 1283 892 1339 attendendum
916 1323 932 1349 ,
965 1299 1031 1338 ne
1060 1284 1199 1338 forte
1222 1327 1237 1349 ,
1273 1285 1401 1338 dum
1439 1298 1698 1339 vasorum
1732 1285 1933 1338 utimur
1961 1285 2073 1355 eje-

505 1375 708 1441 ctione,
767 1375 820 1431 id
863 1375 1146 1442 faciamus,
1189 1385 1248 1431 ut
1291 1377 1359 1430 ab
1409 1376 1724 1432 hominibus
1767 1378 2071 1443 videamur,

504 1467 951 1539 quandoquidem
1025 1477 1268 1524 nostram
1330 1454 1675 1538 reportamus
1742 1468 2070 1534 mercedem,

505 1559 764 1632 aliudque
792 1574 893 1617 nos
919 1569 1285 1631 consequetur
1313 1560 1682 1631 naufragium,
1711 1560 1888 1630 primo
1913 1559 2076 1629 longe

503 1651 807 1718 molestius,
827 1666 951 1707 cum
978 1666 1173 1723 nempe
1197 1652 1407 1707 dmmon
1429 1666 1459 1706 e
1482 1662 1670 1707 contra
1699 1650 1855 1706 nobis
1874 1664 2070 1705 vanam

2007 321 2068 381 S.
2091 320 2252 388 Νιιι

2102 437 2152 496 Δ

3640 314 3777 383 191M

2772 433 3022 488 ΚΕΦᾹΛ.
3061 433 3136 487 1‘.

2261 543 2543 599 Ἀδύνατον
2581 543 2637 597 δέ
2682 560 2802 597 τινα
2832 544 2939 597 τῶν
2975 544 3162 598 παθῶν
3206 542 3425 598 τούτων
3478 543 3773 612 περιγενέ-

2178 632 2324 700 σθαι,
2357 632 2432 704 μὴ
2480 632 2758 697 παντελῶς
2791 632 3115 704 βρωμάτων,
3157 634 3256 687 καὶ
3292 634 3646 705 χρημάτων,
3681 636 3769 685 καὶ

2174 723 2333 794 δόξης
2361 723 2703 795 ὑπεριδόντα,
2733 722 2893 777 ἔτιδὲ
2921 723 3017 777 καὶ
3063 724 3155 777 τοῦ
3190 725 3324 778 ἰδίου
3371 724 3646 794 σώματος
3685 725 3769 776 διὰ

2173 817 2300 878 τοὺς
2333 815 2583 885 ῥαπίζειν
2631 816 2763 869 αὐτὸ
2806 816 3062 879 πολλάκις
3101 816 3573 888 ἐπιχειροῦντας·
3621 818 3769 867 πᾶσα

2175 908 2268 963 οῦν
2310 910 2522 979 ἀνάγκη
2558 909 2841 979 μιμεῖσθαι
2878 912 3005 973 τοὺς
3056 910 3513 972 κινδυνεύοντας,
3568 909 3629 960 ἐν
3680 908 3769 959 θα-

2174 999 2376 1073 λάττῃ,
2423 1000 2516 1052 καὶ
2565 999 2674 1053 τῶν
2719 1000 2927 1052 σκευῶν
2974 999 3202 1070 ἐκϐολὴν
3250 999 3645 1069 ποιουμένους
3686 998 3767 1049 διὰ

2173 1091 2273 1162 τὴν
2300 1091 2421 1161 βίαν
2446 1090 2554 1143 τῶν
2584 1090 2797 1161 ἀνέμων
2832 1091 2926 1145 καὶ
2952 1091 3059 1143 τῶν
3087 1092 3565 1162 ἐπανισταμένων
3592 1091 3765 1159 κυμέ-

2172 1201 2304 1238 των.
2373 1183 2516 1240 Ἀλλ’
2571 1183 2802 1238 ἐνταῦθα
2843 1185 3172 1256 προσεκτέον
3219 1185 3511 1257 ἀκριϐῶς,
3578 1186 3768 1256 gigni;

2174 1275 2401 1347 ἐκϐολὴν
2427 1275 2739 1347 ποιούμενοι
2782 1276 2890 1329 τῶν
2924 1276 3155 1342 σκευῶν,
3191 1278 3327 1348 πρὸς
3363 1278 3432 1330 τὺ
3487 1276 3772 1330 θεαθείναι

2172 1371 2285 1432 τοῖς
2316 1367 2627 1440 ἀνθρώποις
2659 1369 2973 1440 ποιήσωμεν
2996 1387 3011 1401 ο
3055 1372 3177 1424 ἐπεὶ
3207 1370 3514 1442 ἀπέχομεν
3546 1370 3645 1423 τὸν
3682 1387 3769 1439 μι-

2176 1458 2302 1513 σθὸν
2351 1460 2529 1530 ἡμῶν,
2578 1460 2674 1514 καὶ
2722 1458 2850 1512 ἄλλο
2896 1459 2991 1513 τοῦ
3039 1461 3307 1532 προτέρου
3369 1458 3771 1531 xulem-rapo?

2172 1551 2473 1616 διαδέξεται
2504 1552 2651 1622 ἡμᾶς
2680 1550 2958 1619 ναυάγιον,
2987 1551 3082 1606 τοῦ
3124 1552 3223 1621 τῆς
3270 1551 3615 1616 κενοδοξίας
3644 1554 3773 1621 ἡμῖν

2172 1639 2629 1704 ἀντιπνεύσαντος
2658 1640 2931 1711 δαίμονος.
2971 1642 3062 1694 Διὸ
3091 1643 3185 1695 καί
3205 1644 3234 1695 6
3259 1642 3484 1712 Κύριος
3510 1641 3684 1712 ἡμῶν
3718 1644 3771 1694 ἐν

504 1741 733 1811 gloriam
806 1742 1111 1797 insumarit.
1190 1743 1394 1799 Idcirco
1451 1741 1712 1796 Dominus
1773 1750 1960 1797 noster
2014 1740 2069 1794 in

2183 1734 2290 1796 τοῖς
2337 1733 2710 1801 Εὐαγγελίοις,
2759 1735 2850 1787 τὸν
2906 1735 3243 1806 κυϐερνήτην
3275 1735 3412 1789 νοῦν
3458 1734 3769 1795 παιδεύων.

506 1826 814 1900 Evangeliis
862 1832 1280 1887 moderatricem
1334 1833 1611 1888 instruens
1643 1840 1903 1905 mentem,
1945 1831 2068 1886 ait:

510 1937 531 1973 ι
571 1919 865 1986 Attendite,
898 1938 967 1977 ne
1013 1921 1227 1977 faciatis
1267 1923 1669 1993 eleemosynam
1694 1930 1931 1977 vestram
1976 1937 2073 1978 co-

503 2024 621 2065 ram
654 2011 986 2077 hominibus,
1020 2024 1080 2067 ut
1111 2013 1179 2067 ab
1210 2013 1340 2083 ipsis
1368 2011 1799 2083 conspiciamini,
1831 2013 2072 2084 alioquin

502 2103 812 2159 mercedem
841 2102 1001 2174 515
1035 2119 1141 2157 non
1184 2104 1451 2159 habebitis
1480 2119 1512 2158 a
1546 2103 1705 2157 Patre
1731 2110 1933 2168 vestro,
1980 2105 2077 2174 qui

500 2204 586 2249 est
608 2194 662 2248 in
683 2194 837 2250 cmlis
864 2196 881 2226 ¹
920 2214 939 2247 ι
972 2205 1028 2250 et
1054 2211 1244 2251 rursus
1272 2215 1286 2250 :
1322 2215 1341 2247 ‹
1377 2194 1605 2262 Quando
1629 2193 1799 2249 oratis
1832 2193 2073 2267 (inquit),

500 2302 612 2340 non
644 2286 800 2342 eritis
823 2286 967 2342 sicut
995 2287 1312 2358 hypocritac,
1340 2288 1435 2358 qui
1456 2294 1640 2342 amant
1669 2284 1723 2339 in
1757 2288 2070 2359 synagOgis,

500 2386 555 2432 ct
582 2378 636 2433 in
679 2379 894 2449 angulis
922 2380 1223 2451 platearum
1256 2391 1462 2436 stantes
1489 2395 1667 2442 orare.
1701 2388 1759 2433 ut
1790 2379 2077 2436 videantur

501 2470 572 2524 ab
608 2470 963 2539 hominibus;
999 2488 1158 2527 amen
1198 2473 1321 2527 dico
1355 2474 1533 2539 vobis,
1566 2473 1711 2545 quod
1755 2484 2077 2543 receperunt

501 2562 805 2619 mercedem
838 2580 993 2620 suam
1017 2566 1057 2621 ².
1088 2584 1107 2619 ι
1129 2565 1195 2621 Et
1218 2566 1414 2622 iterum
1453 2567 1583 2623 dicit
1602 2571 1661 2622 ς’(
1682 2566 1912 2636 Quando
1934 2564 2077 2637 jeju-

500 2651 665 2715 natis,
689 2668 758 2709 ne
786 2652 907 2710 sitis
946 2654 1093 2711 sicut
1121 2655 1420 2727 hypocritae
1450 2658 1663 2725 tristes;
1707 2657 2077 2714 exterminant

500 2746 646 2801 enim
673 2745 842 2804 facies
866 2763 997 2805 suas
1018 2789 1035 2815 ,
1074 2758 1133 2805 ut
1170 2750 1457 2807 videantur
1481 2751 1797 2813 hominibus
1823 2752 2076 2826 ieiunan-

500 2847 617 2907 tes;
640 2855 797 2895 amen
812 2842 935 2897 dico
953 2843 1131 2908 vobis,
1148 2856 1469 2914 receperunt
1491 2846 1793 2902 mercedem
1808 2863 1963 2902 suam
1982 2845 2023 2898 ³.
2050 2862 2075 2902 ι

503 2935 706 2994 Verum
747 2940 836 2996 hic
879 2941 1262 2995 attendendum
1311 2942 1523 3000 medico
1572 2944 1909 3007 animarum,
1939 2957 2077 3012 quo—

502 3033 667 3088 modo
703 3049 798 3104 per
824 3033 1220 3102 eleemosynam
1248 3042 1404 3087 curat
1433 3033 1795 3101 iracundiam,
1824 3048 1919 3103 per
1944 3048 2070 3087 ora-

502 3124 709 3181 tionem
738 3133 920 3183 autem
953 3133 1216 3193 expurgat
1246 3136 1507 3190 mentem,
1535 3134 1590 3180 et
1610 3125 1790 3185 denuo
1822 3140 1916 3195 per
1937 3124 2074 3195 jeju—

400 3204 403 3207 ’
502 3217 654 3273 nium
704 3216 983 3272 tabescere
1040 3214 1169 3270 facit
1212 3214 1734 3285 concupiscentiam,
1787 3231 1817 3273 e
1872 3216 2077 3286 quibus,

501 3317 718 3366 constat
754 3322 929 3366 novus
954 3306 1140 3372 homo,
1173 3314 1465 3360 renovatus
1500 3306 1565 3363 ad
1607 3306 1896 3376 imaginem
1929 3307 2071 3377 ejus,

501 3401 595 3472 qui
628 3400 805 3470 ipsum
837 3396 1066 3462 creavit,
1107 3395 1163 3450 in
1201 3410 1331 3466 quo,
1359 3396 1430 3451 ob
1466 3404 1712 3451 sanctam
1751 3397 2072 3467 passionum

498 3494 850 3558 vacuitatem,
900 3507 1009 3549 non
1056 3498 1147 3552 est.
1172 3505 1311 3556 mas,
1358 3498 1412 3545 et
1461 3488 1685 3554 femina,
1734 3498 1806 3554 et,
1858 3497 2075 3563 propter

503 3600 667 3641 unam
698 3585 877 3646 tidem,
908 3590 963 3638 et
992 3580 1332 3645 charitatem,
1366 3594 1472 3634 non
1504 3588 1589 3636 est
1614 3579 1854 3651 gentilis,
1894 3588 1947 3635 et
1977 3577 2074 3634 Ju-

501 3677 674 3736 daaus.
706 3673 1071 3737 circumcisio,
1090 3681 1144 3728 et
1167 3673 1515 3743 praeputium,
1532 3671 1826 3737 Barbarus,
1847 3671 2071 3743 Scytha,

501 3783 698 3828 servus
719 3778 774 3823 et
810 3766 967 3833 liber,
1004 3765 1094 3819 sed
1140 3765 1324 3819 omnia
1354 3764 1410 3823 in
1455 3765 1715 3821 omnibus
1750 3763 2001 3820 Christus
2029 3764 2077 3827 ’.η

1100 3961 1333 4021 CAPUT
1382 3961 1473 4017 iV.

573 4075 964 4150 inquirendum
986 4090 1139 4143 vero,
1172 4077 1451 4147 quomodo
1481 4077 1533 4131 in
1572 4077 2075 4148 imaginationibus,

2185 1842 2205 1876 ι
2269 1824 2603 1895 Προσέχετε,
2656 1828 2839 1896 φησιν,
2889 1825 2989 1896 τὴν
3037 1826 3419 1897 ἐλεημοσύνην
3478 1826 3653 1897 ἡμῶν
3701 1826 3771 1896 μὴ

2176 1919 2348 1971 ποιεῖν
2389 1915 2701 1987 ἔμπροσθεν
2725 1915 2831 1970 τῶν
2875 1915 3179 1987 ἀνθρώπων
3208 1918 3349 1988 πρὸς
3378 1918 3447 1970 τὸ
3484 1916 3775 1970 θεαθείναι

2174 2008 2379 2073 αὐτοῖς,
2413 2011 2461 2062 εί
2482 2008 2538 2061 δὲ
2573 2010 2713 2080 μήγε
2737 2008 2925 2079 μισθὸν
2951 2009 3049 2062 οὐκ
3082 2008 3235 2078 ἔχετε
3273 2008 3437 2078 παρὰ
3463 2006 3559 2078 τῷ
3603 2010 3775 2076 Harp”:

2177 2101 2329 2173 ὑμῶν
2373 2100 2451 2170 τῷ
2487 2103 2545 2153 ἐν
2582 2105 2693 2164 τοῖς
2736 2102 3003 2172 οὐρανοῖς.
3058 2119 3076 2151 ι
3128 2100 3241 2153 Καὶ
3271 2100 3483 2153 πάλιν-
3548 2118 3570 2150 ι
3610 2100 3774 2151 Ὅταν

2176 2192 2573 2263 προσεύχησθε,
2604 2194 2795 2264 φησιν,
2824 2194 2923 2246 οὐκ
2963 2192 3149 2245 ἔσεσθε
3189 2192 3382 2263 ὥσπερ
3426 2193 3482 2244 οἱ
3532 2191 3771 2261 ὑποκρι-

2174 2287 2287 2349 ταὶ,
2319 2287 2401 2339 ὅτι
2448 2284 2699 2355 φιλοῦσιν.
2744 2288 2801 2338 ἐν
2845 2287 2965 2348 ταῖς
3004 2286 3366 2352 συναγωγαῖς,
3406 2283 3511 2335 καὶ
3546 2284 3613 2334 ὲν
3660 2284 3772 2343 ταῖς

2176 2380 2403 2448 γωνίαις
2439 2378 2548 2431 τῶν
2579 2377 2851 2435 πλατειῶν
2878 2376 3113 2440 ἑστῶτες
3146 2375 3600 2447 προσεύχεσθαι,
3632 2374 3773 2437 ὅπως

2178 2471 2388 2543 φανῶσι
2431 2472 2545 2534 τοῖς
2587 2468 2921 2541 ἀνθρώποις·
2958 2468 3105 2539 ἀμὴν
3138 2468 3280 2537 λέγω
3312 2468 3481 2537 ύμῖν,
3530 2468 3627 2520 ὅτι
3673 2467 3772 2518 ἀπ·

2176 2567 2356 2637 έχουσι
2379 2564 2470 2617 τὸν
2502 2564 2690 2635 μισθὸν
2722 2563 2921 2618 αὐτῶν.
2948 2582 2966 2615 ›
3003 2564 3113 2616 Καὶ
3142 2562 3300 2616 πάλιν
3324 2562 3517 2632 λέγει’
3552 2578 3577 2613 ι
3613 2562 3772 2614 Ὅταν

2176 2658 2495 2730 νηστεύητε,
2549 2657 2624 2728 μὴ
2673 2656 2911 2725 γίνεσθε,
2956 2655 3144 2726 ῶσπερ
3187 2658 3234 2709 oi
3275 2654 3607 2725 ὑποκριταὶ
3655 2670 3773 2705 σκυ-

2177 2750 2404 2822 θρωποθ
2440 2748 2760 2818 ἀφανίζουσι
2807 2748 2915 2819 γὰρ
2948 2747 3015 2802 τὰ
3045 2748 3312 2818 πρόσωπα
3358 2747 3591 2809 αὐτῶν,
3628 2747 3773 2806 ὅπως

2176 2840 2386 2909 φανῶσι
2434 2843 2548 2905 τοῖς
2615 2838 2922 2910 ἀνθρώποις
2980 2838 3359 2909 νηστεύοντεςσ
3410 2837 3583 2908 ἀμὴν
3635 2836 3775 2903 λέγω

2177 2931 2324 3002 ὑμῖν,
2364 2932 2657 3001 ἀπέχουσιν
2699 2930 2791 2983 τὸν
2831 2928 3019 3001 μισθὸν
3060 2930 3260 2984 αὐτῶν.
3307 2948 3325 2979 ι
3379 2928 3563 2982 Ἀλλά
3607 2944 3775 2998 προσ-

2178 3029 2365 3082 εκτέον
2395 3026 2630 3082 ὲνταῦθα
2658 3024 2736 3096 τῷ
2772 3024 2940 3098 ἰατρῷ
2981 3024 3089 3077 τῶν
3113 3023 3317 3095 ψυχῶν,
3365 3022 3496 3087 πῶς
3534 3023 3634 3075 διὰ
3680 3020 3775 3091 μὲν

2173 3116 2287 3191 τῆς
2314 3119 2684 3191 ὲλεημοσύνης
2715 3117 2807 3171 τὸν
2845 3117 3015 3188 θυμὸν
3048 3116 3363 3187 θεραπεύει,
3409 3115 3513 3167 διὰ
3565 3115 3632 3168 δὲ
3682 3113 3776 3183 τῆς

2174 3212 2483 3283 προσευχῆς
2527 3212 2619 3266 τὸν
2648 3209 2773 3265 νοῦν
2822 3209 3129 3281 καθαρίζει,
3175 3210 3265 3262 καὶ
3305 3207 3477 3261 πάλιν
3537 3207 3643 3259 διὰ
3679 3207 3774 3275 τῆς

2173 3303 2427 3374 νηστείας
2455 3303 2553 3374 τὴν
2604 3302 2898 3375 ἐπιθυμίαν
2926 3301 3343 3371 καταμαραίνει,
3394 3300 3458 3365 ἐξ
3509 3292 3599 3351 ὧν
3650 3315 3772 3350 συν-

2177 3395 2391 3450 ίσταται
2425 3398 2456 3449 6
2481 3394 2599 3459 νέος
2647 3394 2950 3466 ἄνθρωπος,
2979 3396 3007 3448 ὁ
3030 3393 3494 3463 ἀνακαινούμενος
3533 3390 3667 3444 κατ’
3700 3392 3775 3442 εἰ·

2173 3489 2306 3543 κύνα
2343 3488 2436 3542 τοῦ
2479 3487 2765 3551 κτίσαντος
2789 3488 2971 3551 αὐτὸν,
3014 3489 3071 3540 ἐν
3114 3479 3158 3555 ᾧ
3203 3486 3305 3538 οὐκ
3343 3483 3467 3537 ἐστι
3519 3482 3623 3536 διὰ
3676 3480 3775 3552 τὴν

2175 3580 2336 3649 ἁγίαν
2363 3580 2632 3635 ἀπάθειαν
2669 3580 2856 3652 ἄρσεν,
2883 3580 2977 3633 καὶ
3004 3579 3172 3649 θῆλυ,
3214 3576 3335 3631 οὐδὲ
3364 3575 3459 3628 διὰ
3491 3574 3610 3645 τὴν
3645 3574 3770 3643 μίαν

2173 3674 2375 3739 πίστιν,
2397 3673 2491 3727 καὶ
2515 3673 2756 3743 ἀγάπην,
2787 3672 3007 3742 Ἕλλην,
3036 3671 3127 3725 καὶ
3158 3670 3431 3732 Ἰουδαῖος,
3451 3685 3529 3720 πε
3540 3665 3767 3736 ριτομὴ,

2174 3768 2270 3821 καὶ
2329 3766 2682 3838 ἀκροϐυστία,
2741 3765 3043 3838 Βάρϐαρος,
3093 3762 3323 3837 Σκύθης,
3379 3760 3615 3824 δοῦλος,
3680 3758 3767 3812 καὶ

2173 3860 2489 3933 ἐλεύθερος,
2508 3859 2644 3914 ἀλλά
2667 3859 2734 3923 τὰ
2764 3860 2947 3925 πάντα
2980 3860 3039 3911 ὲν
3082 3855 3510 3931 πᾶσιΧριστός.

2812 3969 3061 4029 ΚΕΦΑΛ.
3102 3969 3175 4021 Δ’.

2246 4086 2514 4159 Ζητητέον
2537 4085 2594 4139 δὲ
2632 4083 2748 4147 πῶς
2777 4085 2834 4137 ἐν
2874 4086 2999 4147 ταῖς
3047 4083 3167 4138 καθ’
3199 4080 3363 4139 ὕπνον
3416 4078 3767 4147 φαντασίαις

500 4182 625 4237 quae
655 4182 748 4235 per
771 4181 1027 4221 somnum
1053 4167 1397 4237 contingunt,
1421 4166 1694 4221 daamones
1716 4169 1885 4222 nostri
1905 4167 2070 4222 animi

2183 4180 2434 4234 τυποῦσιν
2464 4177 2620 4250 ἡμῶν
2652 4177 2714 4235 τὸ
2742 4174 3066 4247 ἡγεμονικὸν
3097 4174 3191 4234 καὶ
3223 4170 3683 4243 σχηματίζουσιν
3718 4170 3771 4220 οἱ

499 4259 861 4332 principatum
880 4258 1237 4329 imprimendo
1250 4259 1560 4326 ell‘orment;
1580 4259 1793 4314 videtur
1807 4260 1951 4315 enim
1970 4262 2073 4316 hoc

2183 4272 2424 4342 5αίμονες
2447 4284 2461 4299 ⁸
2494 4269 2555 4322 τὸ
2582 4268 2691 4339 γὰρ
2718 4266 2962 4322 τοιοῦτον
2994 4266 3138 4319 ἔοικε
3179 4260 3513 4334 συμϐαίνειν,
3548 4260 3637 4330 τῷ
3666 4258 3765 4327 νῷ,

500 4352 612 4407 tale
634 4352 765 4423 quid
784 4352 951 4407 menti
968 4351 1233 4417 accidere,
1255 4362 1349 4406 aut
1366 4367 1463 4422 per
1484 4352 1673 4408 oculos
1690 4352 1942 4418 intuenti,
1976 4362 2073 4407 aut

2183 4366 2209 4436 ἢ
2261 4365 2328 4418 δι’
2363 4362 2663 4434 ὀφθαλμῶν
2705 4361 2923 4432 ὁρῶντι,
2972 4358 3005 4429 ἥ
3056 4358 3124 4411 δι’
3166 4355 3337 4426 ἀκοῆς
3388 4352 3688 4415 ἀκούοντι»
3730 4350 3761 4418 ἦ

498 4457 596 4512 per
620 4457 782 4498 aures
802 4441 1067 4507 audienti,
1086 4450 1181 4497 aut
1204 4456 1396 4497 rursus
1417 4457 1512 4512 per
1526 4458 1746 4497 sensum
1772 4451 1922 4498 certa
1937 4460 2073 4514 qua.

2183 4418 2336 4510 πάλιν
2361 4418 2430 4508 δί’
2460 4418 2766 4525 αἰσθήσεως
2790 4418 3048 4521 ’ποιάςίῆ
3080 4447 3189 4503 ἀπὸ
3220 4418 3319 4517 τῆξ
3368 4446 3611 4516 μνήμης
3643 4445 3765 4511 ἥτις

500 4536 627 4591 dam
645 4535 905 4606 qualitate
930 4535 1235 4606 praeditum,
1250 4546 1344 4591 aut
1360 4552 1427 4591 ex
1448 4536 1733 4603 memoria,
1747 4553 1869 4607 qua:
1890 4538 2076 4610 impria

500 4628 599 4683 mit
625 4628 789 4682 animi
816 4630 1164 4701 principatui,
1187 4645 1295 4684 non
1320 4645 1416 4700 per
1432 4645 1650 4699 corpus,
1678 4640 2070 4701 verumtamen,

500 4731 625 4786 quae
642 4732 737 4786 per
754 4732 952 4788 corpus
969 4718 1178 4783 habuit,
1202 4718 1293 4773 illa
1315 4728 1639 4786 commovet;
1661 4719 1822 4790 igitur
1843 4721 1973 4775 mihi
1990 4723 2073 4777 vi-

500 4808 698 4863 dentur
725 4809 1021 4875 dazmones,
1076 4810 1393 4865 memoriam
1436 4811 1729 4877 movendo,
1762 4812 2071 4882 imprimere

498 4901 666 4956 animi
685 4902 1031 4972 principatui;
1052 4903 1471 4959 instrumentum
1492 4904 1893 4975 quippesensus
1909 4905 2078 4979 516.

501 5008 533 5048 a
554 5008 750 5050 somno
775 4994 1319 5050 detineturotiosum.
1350 4994 1561 5051 Rursus
1583 5012 1733 5066 ergo,
1767 5012 1876 5066 quo
1912 5008 2070 5067 pacto

501 5087 818 5140 memoriam
850 5098 1249 5153 commoveant,
1284 5087 1690 5159 inquirendum.
1708 5088 1791 5142 Au
1818 5088 2072 5146 fortassis

501 5192 595 5246 per
619 5178 940 5248 passiones?
978 5189 1033 5235 et
1062 5181 1163 5235 hoc
1196 5179 1543 5236 manifestum
1587 5179 1710 5233 inde
1733 5222 1747 5245 ,
1788 5182 1937 5251 quia,
1976 5184 2074 5253 qui-

500 5272 618 5339 puri
639 5271 1124 5341 sunt,minimeque
1140 5274 1357 5327 obnoxii
1374 5270 1738 5342 passionibus,
1756 5273 2075 5343 neutiquam

500 5360 710 5429 aliquid
752 5361 1062 5432 huiusmodi
1104 5366 1404 5435 patiuntur.
1444 5362 1541 5416 Est
1585 5373 1765 5415 autem
1794 5374 1849 5419 et
1891 5378 2070 5423 motus

498 5452 727 5520 quidam
768 5460 1044 5513 memoria:
1096 5459 1346 5528 simplex,
1399 5458 1494 5528 qui
1537 5470 1568 5509 a
1612 5456 1769 5513 nobis
1798 5457 1889 5525 ﬁt,
1925 5472 2067 5516 nuta

500 5548 704 5602 sanctis
755 5552 1145 5617 potestatibus,
1191 5568 1286 5620 per
1307 5568 1467 5620 quem
1515 5568 1901 5609 conversamur
1944 5572 2070 5610 cum

2174 4548 2334 4600 τυποῖ
2359 4545 2457 4615 μὲν
2483 4543 2544 4597 τὸ
2563 4542 2914 4614 ἡγεμονικὸν,
2951 4540 3012 4602 ού
3040 4539 3128 4593 διὰ
3149 4537 3244 4593 τοῦ
3276 4537 3565 4606 σώματος,
3620 4534 3760 4603 πλὴν

2173 4640 2315 4710 ειπερ
2360 4637 2449 4697 διὰ
2480 4636 2573 4692 τοῦ
2609 4635 2856 4705 σώματκ
2899 4634 3044 4706 ἔσχε,
3096 4630 3268 4693 ταῦτα
3321 4630 3483 4683 κινεῖ.
3547 4630 3617 4681 Ui
3667 4621 3759 4678 οὖν

2171 4733 2421 4803 δαίμονες
2450 4728 2661 4787 ἐοίκασί
2692 4743 2783 4797 μοι
2807 4727 2906 4798 τὴν
2938 4726 3158 4797 μνήμην
3200 4720 3507 4783 κινοῦντες,
3552 4717 3757 4771 τυποῦν

2172 4824 2234 4877 τὸ
2262 4820 2586 4893 ἡγεμονικόν
2607 4836 2621 4851 ·
2653 4819 2714 4873 τὸ
2738 4818 2847 4889 γὰρ
2876 4817 3109 4889 ὄργανον
3137 4814 3241 4868 ὑπὸ
3265 4812 3362 4873 τοῦ
3402 4812 3586 4864 ῦπνου
3628 4825 3755 4862 κατ-

2176 4915 2361 4985 έχεται,
2403 4910 2787 4982 ἁνενὲργητον.
2845 4909 2969 4972 Πῶς
3011 4904 3103 4962 οῦν
3156 4905 3317 4965 πάλιν
3360 4905 3465 4974 τὴν
3525 4904 3750 4973 μνήμην

2176 5002 2385 5058 κινοῦσι
2411 5001 2688 5072 ζητητέον,
2717 5000 2751 5071 ἢ
2775 5001 2914 5071 τάχα
2941 4999 3029 5053 διὰ
3058 4999 3164 5053 τῶν
3196 4996 3420 5062 παθῶν;
3457 4996 3563 5050 καὶ
3596 4993 3748 5046 τοῦτο

2174 5094 2330 5166 δῆλον
2379 5095 2444 5148 ὲκ
2480 5093 2575 5146 τοῦ
2626 5094 2823 5164 μηκέτι
2864 5092 2989 5155 τοὺς
3033 5090 3325 5160 καθαροὺς,
3368 5087 3471 5141 καὶ
3517 5085 3746 5144 ἀπαθεῖς

2177 5189 2402 5258 πάσχειν
2430 5203 2482 5241 τι
2509 5185 2767 5247 τοιοῦτον.
2800 5186 2954 5238 Ἔστι
3000 5184 3057 5237 δὲ
3088 5184 3181 5237 καὶ
3209 5179 3427 5253 κίνησίς
3472 5195 3563 5241 τις
3603 5175 3747 5241 ἀττλῆ

2173 5279 2263 5350 ὑφ’
2316 5279 2473 5351 ἡμῶν
2526 5278 2868 5351 γινομένη,ἢ
2905 5278 3007 5332 ὑπὸ
3044 5278 3215 5347 ἁγίων
3258 5273 3577 5342 δυνάμεων,
3629 5270 3743 5323 καθ’

2170 5372 2239 5441 ἢν
2265 5372 2439 5439 ἁγίοις
2463 5388 2522 5423 τε
2553 5373 2986 5442 συντυγχάνομεν
3024 5372 3084 5423 ὲν
3125 5372 3239 5433 τοῖς
3274 5367 3468 5429 ὕπνοις
3496 5366 3600 5418 καὶ
3624 5369 3743 5431 ὀμι-

2172 5463 2391 5534 λοῦμεν,
2440 5464 2534 5524 καὶ
2585 5464 3007 5535 συνεατιώμεθα.
3060 5462 3211 5533 Πλὴν.
3254 5458 3618 5530 προσεκτέον,
3663 5456 3743 5508 δτι

2172 5556 2318 5630 ἅπερ
2352 5558 2489 5628 μετά
2519 5559 2611 5611 τοῦ
2644 5558 2893 5630 σώματος
2938 5560 2971 5630 ἡ
3003 5555 3148 5627 ψυχὴ
3188 5553 3491 5624 είσδέχεται
3522 5550 3743 5611 εἴδωλαι

582 5728 595 5757 ³
630 5726 819 5782 Matth.
849 5744 922 5793 v1,
958 5729 1004 5782 1.
1083 5731 1102 5759 ²
1133 5729 1264 5784 ibid.
1297 5732 1347 5786 5.
1427 5734 1446 5765 ³
1486 5735 1618 5792 ibid.
1662 5737 1746 5793 16.
1823 5745 1845 5772 ⁸
1874 5739 2045 5794 Galat.
2082 5755 2163 5803 ιιι,
2200 5740 2285 5795 28.
