3838 6056
59 264 214 327 1205
449 240 457 248 ’
1071 273 1166 331 DE
1213 272 1579 334 MALIGNIS
1616 274 2264 336 COGITATIONIBUS.
3167 270 3302 335 1206

58 373 252 425 ταῦτα
320 372 449 428 ἄνευ
492 374 581 429 τοῦ
631 376 937 448 σώματοςὴ
973 380 1160 451 μνήμη
1204 384 1345 434 κινεῖ
1372 383 1469 435 καὶ
1495 382 1574 435 τοῐ

1781 384 1950 438 anelis
1985 385 2036 436 in
2065 385 2291 449 somnis,
2327 392 2379 438 et
2409 384 2787 455 colloquimur,
2820 392 2873 439 et
2904 381 3297 438 convéséimur.

57 464 251 533 σαφὲς
287 468 359 519 ἐκ
390 467 483 520 τοῦ
522 468 794 533 πολλάκις,
826 471 917 524 καὶ
947 472 1002 523 ὲν
1031 476 1137 543 τοῖς
1188 472 1372 536 ὕπνοις
1412 473 1573 543 πάσχε

1790 482 2121 527 crumtamen
2162 475 2563 541 attendendum,
2596 475 2764 543 quod,
2789 490 2908 543 qua:
2932 488 3053 527 cum
3079 487 3303 541 corpore

59 560 221 625 ἡμᾶς
275 558 441 612 τοῦτο
472 561 803 630 ἠρεμοῦντος
831 563 923 615 τοῦ
973 542 1236 633 σώματος.
1272 564 1479 634 Ὥσπερ
1527 566 1575 617 si:

1788 562 1921 615 nima
1957 564 2183 633 suscipit
2215 565 2524 629 simulacra,
2554 581 2614 620 ea
2640 566 2841 634 absque
2866 578 3094 633 corpore
3125 572 3304 617 movet

58 650 179 716 γὰρ
219 651 602 721 μνημονεῦσαι
635 652 843 717 ὓδατος,
876 655 967 706 καὶ
1009 656 1143 723 μετὰ
1189 655 1365 725 δίψης,
1397 657 1490 709 καὶ
1518 657 1574 709 ἄν

1788 655 2023 721 tentoria;
2064 666 2118 709 et
2145 657 2244 711 hoc
2278 658 2514 713 dilucide
2560 667 2705 728 patet
2738 675 2801 711 ex
2832 672 2894 711 eo
2927 657 3071 725 quod
3108 658 3304 725 smpius

58 741 237 813 δίψης
263 761 276 774 ·
315 743 485 806 οὕτως
515 744 625 797 ἔστι
659 746 1021 816 μνημονεῦσαι
1047 748 1266 817 χρυσίου
1298 748 1433 816 μετά
1462 748 1574 800 πλε(

1791 767 1797 800 ι
1829 748 2032 802 somnis
2068 750 2227 803 etiam
2270 768 2368 806 nos
2393 752 2533 807 istud
2583 752 2818 822 patimur
2841 793 2856 815 ,
2902 768 3127 819 corpore
3156 754 3307 821 quie—

61 832 268 906 εξίας,
335 835 426 887 καὶ
483 834 612 887 ἄνευ
672 836 1000 901 πλεονεξίας,
1044 839 1136 890 καὶ
1188 840 1279 891 ἐπὶ
1323 839 1429 893 τῶν
1473 839 1577 892 ἄλλα

1793 852 1949 897 :ente.
1999 844 2463 907 Quemadmodum
2523 848 2666 900 enim
2718 844 2976 914 possibile
3024 853 3107 897 est
3160 860 3309 913 aqua:

62 922 437 991 πραγμάτων
467 923 746 987 ὡσαύτως.
797 925 869 977 Τὸ
919 925 973 977 δὲ
1022 927 1230 979 τοιάσδε
1259 927 1291 997 ἢ
1320 927 1529 981 τοιάσδε
1560 945 1578 979 ε

1793 934 2080 999 ιθιιιίιιίεςθ,
2114 947 2166 990 et
2192 952 2314 991 cum
2342 939 2453 1001 siti,
2476 946 2531 993 et
2552 939 2754 1006 absque
2777 937 2886 1002 siti,
2918 936 2997 991 sic
3018 952 3309 1006 possumus

69 1014 307 1082 ρίσκειν
363 1016 670 1083 φαντασιῶν
698 1017 955 1089 διαφορὰς
1000 1017 1089 1069 τὸν
1126 1018 1272 1082 νοῦν,
1303 1019 1401 1089 τῆς
1428 1018 1585 1071 ἐκείνι

1796 1026 2019 1081 :cordari
2050 1028 2165 1080 auri
2189 1043 2312 1082 cum
2344 1032 2637 1100 cupiditate
2670 1028 2896 1083 habendi
2929 1029 3084 1093 illud,
3120 1039 3175 1082 et
3195 1029 3312 1083 sine

65 1106 457 1176 κακοτεχνίας
508 1108 624 1159 ἐστὶ
673 1107 974 1181 γνώρισμα.
1042 1111 1190 1180 ’Ἅμα
1243 1110 1297 1163 δὲ
1353 1112 1442 1163 καὶ
1496 1111 1581 1164 τοῦ

1793 1117 2074 1186 upiditate;
2126 1129 2288 1190 atque
2323 1121 2573 1175 similiter
2616 1119 2734 1173 aliis
2782 1118 2848 1173 de
2897 1119 3080 1173 rebus.
3112 1117 3309 1173 Verum

72 1198 290 1262 ἰστέον,
318 1200 401 1252 ὄτι
430 1199 650 1263 καὶτοῖς
668 1200 864 1265 ἔξωθεν
885 1203 1170 1272 πράγμασι
1200 1204 1487 1273 κέχρηνται
1518 1221 1588 1273 πρ

1794 1209 1893 1263 uod
1929 1227 2077 1267 mens
2130 1213 2264 1267 tales
2300 1221 2396 1266 aut
2429 1212 2559 1266 tales
2593 1210 2829 1267 inveniat
2866 1211 3310 1278 imaginationum

67 1289 175 1353 τὰς
212 1292 526 1360 φαντασίας
553 1294 602 1345 οἰ
628 1294 896 1363 δαίμονες,
926 1294 1001 1359 ὡς
1034 1296 1126 1347 ἐπὶ
1154 1295 1261 1348 τῶν
1286 1295 1551 1350 πλεόντων
1576 1316 1583 1331 σ

1795 1299 2099 1370 iﬂ‘erentias,
2124 1305 2336 1359 illarum
2364 1307 2622 1361 indicium
2644 1319 2723 1361 est
2746 1308 3013 1371 maleficii,
3043 1320 3137 1360 seu
3156 1303 3311 1365 artis,

72 1382 197 1452 ῆχῳ
225 1381 350 1434 τῶν
379 1384 658 1451 κυμάτων;
692 1383 901 1453 Σφόδρα
928 1385 1006 1455 τῷ
1036 1384 1224 1454 σκοπῴ
1252 1385 1357 1438 τῶν
1385 1386 1588 1457 δαιμόνι

1799 1408 1874 1447 ua:
1894 1395 1959 1449 ad
1984 1406 2225 1451 nostram
2252 1398 2589 1453 convertitur
2621 1401 2938 1469 perniciem.
2969 1397 3141 1452 Simul
3164 1410 3315 1455 vero,

71 1475 101 1525 ό
132 1472 325 1543 θυμὸς
351 1472 510 1544 ἡμῶν
539 1475 901 1545 συμϐάλλεται
936 1477 1088 1548 παρά
1119 1478 1279 1546 φύσιν
1318 1479 1587 1549 κινούμενι

1801 1494 1811 1538 t
1856 1489 1961 1541 hoc
2008 1488 2311 1551 sciendum,
2358 1491 2501 1559 quod
2549 1492 2818 1547 dtemones
2861 1491 3108 1545 externis
3155 1493 3317 1542 etiam

76 1562 178 1614 καὶ
222 1562 373 1633 πρὸς
404 1566 581 1618 πᾶσαν
622 1566 803 1619 αὐτῶν
839 1568 1251 1639 κακομηχανίαν
1280 1569 1485 1637 γίνεται
1521 1588 1587 1641 χρ

1800 1581 1922 1635 :bus
1951 1586 2179 1633 utuntur
2214 1579 2279 1632 ad
2326 1580 2739 1649 imaginationes
2770 1581 3110 1645 excitandas,
3154 1586 3233 1641 ut,
3266 1577 3316 1628 in

78 1652 428 1723 σιμώτατος,
452 1654 572 1708 ὅθεν
600 1655 833 1729 νύκτωρ,
855 1659 948 1711 καὶ
974 1658 1090 1728 μεθ’
1118 1661 1335 1731 ἡμέραν
1362 1660 1594 1732 ταράσσε

1802 1666 2157 1736 avigantibus,
2205 1668 2383 1721 sonitu
2427 1667 2709 1724 fluctuum.
2744 1668 3107 1725 Vehementer
3140 1676 3318 1719 autem

76 1744 281 1799 τοῦτον
334 1748 511 1810 οὐδεὶς
554 1749 734 1802 αὐτῶν
763 1753 1129 1821 παραιτεῖται,
1163 1751 1277 1804 ἀλλ’
1303 1752 1431 1805 ὅταν
1473 1753 1592 1805 ῐδωο

1802 1772 2059 1812 ιεωοηιιιιι
2086 1756 2350 1813 intentum
2372 1762 2626 1832 juvatjra
2652 1774 2832 1818 nostra
2856 1772 3049 1834 praeter
3070 1770 3318 1814 naturam

76 1837 251 1891 αὑτὸν
302 1838 525 1893 δεθέντα
557 1841 843 1911 πραότητι,
877 1841 937 1894 τὸ
973 1841 1271 1912 τηνικαῦτα
1304 1843 1395 1895 ἐπὶ
1423 1843 1592 1896 δικαία

1806 1862 2049 1912 )mmota,
2103 1858 2155 1903 et
2188 1856 2252 1908 ad
2287 1871 2499 1908 onmem
2549 1855 2787 1924 ipsorum
2845 1856 3040 1908 malam
3097 1851 3322 1906 fraudu-

78 1931 435 2001 προφάσεσιν
480 1933 640 1995 εὐθὺς
689 1933 851 1988 αὐτὸν
897 1934 1250 1999 ἀπολύουσιν,
1286 1934 1371 1989 ἵνα
1408 1934 1594 2005 όξύτερ

1802 1943 1979 1998 entiam
2024 1949 2201 2003 evadit
2250 1948 2549 2017 aptissima,
2596 1949 2735 2002 unde
2780 1957 2967 2013 noctu,
3006 1955 3059 2001 et
3091 1945 3318 1999 interdiu

76 2021 357 2091 γεγονὼς,
391 2024 643 2094 καὶπρὸς
677 2024 803 2087 τοὺς
837 2024 1119 2096 θηριώδεις
1152 2026 1442 2096 λογισμοὺς
1481 2029 1592 2081 αὐτα

1806 2050 1930 2089 psam
1965 2039 2182 2095 turbare
2232 2042 2412 2094 nullus
2467 2056 2653 2094 eorum
2691 2048 2926 2105 recusat,
2963 2039 3057 2094 sed
3106 2037 3322 2107 quando

80 2114 429 2185 χρησιμεύη,
460 2113 646 2186 διόπερ
674 2116 905 2185 ἀνάγκη,
940 2117 1075 2186 μήτε
1105 2118 1352 2181 δικαίοις,
1387 2118 1523 2188 μήτε
1571 2118 1595 2169 ὲ

1805 2124 1991 2180 iderint
2026 2144 2143 2183 eam
2190 2130 2605 2185 mansuetudine
2648 2130 2926 2200 illigatam,
2972 2139 3102 2183 tunc
3145 2128 3321 2197 justos

78 2203 300 2267 ἀδίκοις
324 2204 645 2274 πράγμασιν
673 2208 802 2260 αὐτὸ
831 2208 1109 2273 ἐρεθίζειν,
1141 2210 1277 2278 μήτε
1308 2210 1476 2262 κακὸν
1508 2208 1594 2277 ξίφ

1806 2217 2151 2287 bpraetextus
2195 2222 2481 2277 confestim
2529 2222 2672 2277 illam
2713 2224 3021 2288 exsolvunt,
3050 2232 3109 2275 ut
3135 2219 3322 2275 effecta

81 2294 287 2351 διδόναι
317 2299 433 2360 τοῖς
477 2298 882 2352 ὑποϐάλλουσιν.
926 2300 1102 2371 Ὅπερ
1145 2301 1404 2365 πολλάκις
1434 2302 1597 2355 πολλοι

1806 2309 1931 2378 uagis
1965 2322 2141 2376 acuta,
2174 2315 2240 2368 ad
2270 2314 2471 2370 ferinas
2501 2315 2666 2369 etiam
2696 2315 2934 2385 ipsorum
2966 2313 3322 2384 cogitationes

80 2389 385 2454 ποιοῦντας
415 2391 732 2464 ἐπίσταμαι,
771 2395 864 2447 καὶ
894 2392 1054 2447 πλέον
1083 2394 1117 2463 ἦ
1150 2394 1275 2465 χρὴ,
1306 2395 1396 2447 ἐπὶ
1437 2412 1596 2465 μικρα

1808 2405 2216 2471 :commodetur;
2243 2406 2401 2477 517
2438 2407 2558 2461 ideo
2585 2421 2868 2461 necessum
2895 2414 2996 2471 est,
3032 2420 3131 2460 nec
3159 2404 3324 2474 justis

84 2480 508 2552 ἁναπτομένους
537 2485 891 2559 προφάσεσιν.

1806 2505 1859 2546 ec
1890 2494 2105 2562 injustis
2134 2498 2200 2553 de
2241 2499 2403 2553 rebus
2432 2513 2550 2554 eam
2606 2499 2839 2563 irritare,
2887 2513 3059 2569 neque
3100 2498 3322 2552 noxium

83 2590 277 2632 ensem
311 2579 555 2648 praebere
587 2582 1035 2651 suggerentibus;
1100 2582 1247 2654 quod
1293 2596 1531 2652 persaepe
1568 2579 1777 2638 multos
1809 2584 2000 2645 fecisse
2042 2592 2185 2659 novi,
2227 2601 2280 2647 et
2312 2592 2433 2663 plus
2474 2608 2635 2662 quam
2697 2601 2988 2663 oporteret,
3030 2606 3224 2662 parvos
3255 2589 3326 2644 ob

82 2677 411 2736 praetextas,
443 2684 754 2726 ειιοοειιεοε.

242 2864 247 2867 _
690 2791 935 2847 ΚΕΦΑΛ.

2370 2800 2597 2857 CAPUT
2636 2800 2698 2855 Υ.

171 2881 353 2955 Ὑπὲρ
369 2881 514 2945 τίνος
538 2884 801 2955 γὰρ,είπέ
833 2902 943 2955 μοι,
962 2884 1055 2937 καὶ
1075 2883 1433 2953 προσπίπτεις
1461 2882 1664 2952 ταχέως

1823 2882 2029 2939 Etenim
2068 2887 2155 2944 dic
2177 2889 2337 2943 etiam
2379 2889 2531 2954 mihi,
2574 2903 2743 2959 quare
2802 2888 3049 2943 celeriter
3084 2887 3325 2957 procidis

91 2978 170 3040 εἰς
202 2976 414 3047 μάχην,
446 2977 599 3046 εἴπερ
631 2976 952 3048 βρωμάτων,
984 2977 1077 3029 καὶ
1106 2976 1282 3047 δόξης,
1316 2976 1409 3028 καὶ
1444 2993 1607 3046 χρημς

1810 2994 1816 3028 ι
1850 2992 2046 3047 pugna,
2090 2980 2354 3050 siquidem
2393 2996 2573 3045 escas,
2606 2988 2660 3035 et
2689 2980 2938 3052 gloriam,
2977 2988 3031 3034 ct
3070 2979 3326 3048 pecunias

94 3089 199 3127 των
230 3072 763 3143 καταπεφρόνηκας;
795 3073 847 3125 τί
885 3072 942 3125 δὲ
982 3072 1201 3142 τρέφεις
1240 3070 1329 3124 τὸν
1368 3071 1525 3131 κύνα.
1558 3089 1610 3141 μι

1818 3072 2096 3137 aspexisti?
2125 3074 2314 3143 ecquid
2344 3081 2525 3129 autem
2567 3074 2743 3127 nutris
2774 3087 2987 3138 canem,
3038 3087 3160 3126 cum
3194 3070 3334 3124 nihil.

94 3163 181 3216 δὲν
210 3164 362 3234 ἔχειν
391 3161 852 3233 ἐπαγγελλόμενος
879 3180 893 3228 ;
928 3163 989 3215 El
1019 3162 1076 3216 δὲ
1105 3156 1252 3224 οὗτος
1284 3160 1522 3225 ὑλακτεῖ,
1570 3179 1610 3214 κε

1810 3163 2043 3218 assidere
2093 3164 2434 3233 proﬁtearis?
2464 3165 2520 3220 Si
2566 3179 2694 3219 vero
2722 3164 2766 3219 is
2792 3164 3032 3225 allatret,
3067 3172 3117 3217 et
3153 3163 3204 3215 in
3228 3162 3326 3214 hn-

94 3259 206 3320 τοῖς
235 3255 552 3327 ἀνθρώποις
583 3256 893 3326 ἐπέρχεται,
919 3254 1181 3326 πρόδηλος
1212 3250 1263 3307 εἴ
1289 3254 1433 3307 ἔνδον
1462 3270 1610 3307 κεκτη

1811 3255 1940 3310 lines
1964 3256 2183 3321 insiliat,
2212 3254 2561 3311 manifestum
2592 3265 2695 3319 est,
2732 3255 2874 3325 quod
2904 3254 3050 3309 intus
3084 3252 3327 3323 possides

101 3346 258 3417 μένος
287 3346 434 3412 τινά,
473 3347 564 3401 καὶ
604 3346 775 3400 ταῦτα
809 3345 1101 3415 φυλάσσειν
1131 3345 1466 3417 βουλόμενος.
1521 3346 1617 3397 Ἀλῖ

1810 3348 1970 3417 liqua,
1993 3364 2163 3418 eaque
2208 3349 2341 3404 velis
2374 3348 2665 3404 cuStodire.
2696 3347 2807 3418 Ego
2833 3363 2959 3402 vero
2989 3349 3134 3401 hunc
3168 3346 3326 3400 talem

100 3436 207 3505 ἐγὼ
250 3439 348 3493 τὸν
387 3440 623 3493 τοιοῦτον
672 3439 888 3509 μακρὰν
927 3438 1172 3508 καθαρᾶς
1214 3438 1516 3511 προσευχῆς
1546 3455 1612 3491 πε

1808 3441 1957 3497 rocul
2008 3456 2040 3495 a
2104 3456 2239 3511 pura
2280 3442 2521 3495 oratione
2573 3442 2761 3496 abesse
2802 3439 2932 3494 mihi
2993 3439 3324 3508 persuadeo,

102 3526 265 3599 θομαι
310 3526 452 3585 εἶναι
482 3532 735 3603 λυμεῶνα
778 3533 867 3587 τὸν
899 3533 1069 3603 θυμὸν
1113 3534 1215 3603 τῆς
1254 3534 1511 3604 τοιαύτης
1541 3536 1618 3587 ἐπι

1814 3550 1891 3587 um
1934 3533 2101 3603 probe
2130 3534 2322 3598 sciam,
2348 3532 2493 3602 quod
2523 3530 2801 3603 iracundia
2835 3532 3100 3587 orationis
3140 3530 3330 3597 hujus-

107 3620 397 3695 στάμενος.
449 3621 592 3691 Πρὸς
623 3622 681 3674 δὲ
713 3620 920 3683 τούτοις
969 3621 1250 3693 θαυμάζω,
1297 3623 1373 3686 ὼς
1421 3622 1514 3676 καὶ
1556 3622 1623 3675 τᾶ

1824 3625 1981 3678 :modi
2018 3626 2085 3680 sit
2124 3627 2259 3679 lues.
2306 3624 2527 3694 Insuper
2570 3624 2832 3688 admiror,
2886 3624 3029 3694 quod
3072 3632 3125 3677 et
3157 3623 3340 3677 sancti-

107 3712 274 3781 ἁγίων
307 3712 765 3783 ὲπιλελησμένων,
786 3714 876 3766 τοῦ
896 3714 992 3784 μὲν
1010 3714 1171 3768 Δαόὶδ
1199 3713 1446 3784 βοῶντος,
1475 3732 1493 3765 ι
1517 3713 1623 3767 Παῐ

1812 3715 2025 3771 blivioni
2052 3716 2256 3773 fuerint
2286 3717 2544 3781 mandati,
2583 3727 2696 3771 tum
2731 3716 2919 3779 David,
2958 3715 3049 3785 qui
3096 3715 3328 3769 clamat:

18 3830 19 3839 ι
111 3821 194 3859 σαι
221 3806 338 3860 ἀπὸ
367 3805 561 3876 ὀργῆς,
592 3805 687 3858 καὶ
720 3804 1048 3873 ἐγκατάλιπε
1080 3804 1265 3876 θυμόνο
1300 3825 1320 3859 ι
1352 3805 1446 3858 τοῦ
1473 3805 1531 3858 δὲ

1816 3808 2001 3862 Desine
2020 3809 2087 3862 ab
2114 3808 2215 3871 ira,
2239 3819 2293 3863 et
2310 3809 2625 3878 derelinque
2644 3808 2876 3862 furorem
2899 3809 2939 3872 ⁸;
2956 3828 2972 3858 ι
3011 3818 3120 3861 tum
3150 3806 3332 3859 Eccle-

112 3894 440 3964 κλησιαστοῦ
493 3895 979 3964 παραγγέλλοντος,
1038 3915 1057 3947 r
1116 3896 1446 3967 Ἀπόστησον
1498 3897 1628 3967 θυμὲ

1823 3906 1967 3949 astes
2016 3895 2106 3965 qui
2150 3896 2410 3965 praecipit:
2450 3896 2660 3949 «Aufer
2704 3896 2841 3949 iram
2875 3911 2903 3947 a
2930 3894 3094 3947 corde
3133 3904 3245 3954 tuo,
3280 3902 3332 3943 et

108 3985 213 4038 ἀπὸ
240 3986 473 4056 καρδίας
503 4002 616 4050 σου,
657 3986 751 4039 καὶ
779 3987 992 4056 πάραγε
1021 3988 1283 4057 πονηρίαν
1313 3987 1419 4041 ἀπὸ
1468 3997 1624 4058 σαρκί

1812 4003 1960 4042 move
1999 3987 2257 4041 malitiam
2288 4002 2319 4041 a
2369 4003 2532 4042 carne
2566 4000 2653 4041 tua
2692 3988 2741 4053 ⁶;
2775 4008 2792 4038 ι
2854 3995 2966 4039 tum
3019 3985 3328 4054 Apostolus,

114 4091 235 4130 σου’
277 4097 296 4129 ι
333 4077 427 4132 τοῦ
465 4077 523 4130 δὲ
574 4077 894 4131 Ἀποστόλου
940 4078 1392 4148 προστάσσοντος,
1433 4097 1450 4129 ‹
1484 4079 1630 4147 Χωρὶ

1915 4081 2152 4136 mandat:
2208 4100 2227 4133 ι
2260 4081 2479 4150 Absque
2530 4080 2837 4143 iracundia,
2879 4087 2932 4132 ct
2984 4076 3333 4146 disceptatio-
3407 4076 3416 4088 ‘

111 4168 313 4240 ὀργῆς,
365 4170 459 4223 καὶ
503 4168 864 4240 διαλογισμῶν
892 4171 969 4222 νὲν
1017 4170 1179 4223 παντὶ
1231 4171 1378 4240 τόπῳ
1423 4171 1627 4240 ἐπαίρει

1818 4178 1932 4231 ihus
1959 4177 2013 4229 in
2044 4177 2189 4230 omni
2221 4177 2341 4231 loco
2370 4174 2627 4230 extollere
2664 4182 2880 4228 sanctas
2914 4169 3198 4225 manusad
3230 4168 3334 4222 Do-

111 4260 259 4324 όσίας
290 4264 479 4332 χεῖρας
508 4261 641 4332 πρὸς
670 4261 922 4329 Κύριον.)
940 4262 1003 4313 Τί
1032 4262 1089 4314 δὲ
1109 4262 1169 4314 ού
1196 4262 1537 4332 μανθάνομεν
1561 4263 1627 4316 ἀπ

1816 4270 1979 4324 tinum
1998 4271 2037 4324 ⁷.
2063 4289 2081 4321 ι
2112 4269 2316 4338 Ecquid
2345 4283 2475 4323 vero
2507 4282 2612 4321 non
2637 4266 2927 4320 ediscimus
2960 4266 3027 4318 ab
3056 4261 3332 4317 hominum

110 4353 207 4423 τῆς
370 4323 668 4424 ἀνθρώπων
694 4323 977 4423 μυστικῆς,
1010 4354 1106 4406 καί
1132 4323 1361 4416 παλαιᾶς
1386 4323 1626 4425 συνηθείο

1818 4364 2022 4432 iystica,
2066 4371 2121 4416 et
2160 4370 2368 4415 vetusta
2413 4359 2800 4415 consuetudine
2845 4354 3141 4427 depellendi
3172 4369 3334 4409 canes

112 4445 410 4518 διωκούσης
440 4448 503 4500 ὲκ
530 4446 635 4501 τῶν
650 4447 811 4501 οἴκων
839 4450 963 4511 τοὺς
987 4446 1153 4511 κύνας
1182 4448 1239 4500 ὲν
1266 4447 1341 4518 τῷ
1370 4448 1543 4518 καιρῷ
1570 4448 1628 4516 τῆ

1817 4474 1837 4510 ι
1864 4458 2072 4511 aedibus
2094 4465 2332 4525 tempore
2354 4454 2649 4517 orationis;
2687 4466 2807 4521 quae
2835 4447 3171 4504 consuetudo
3205 4444 3333 4500 illud

70 4590 76 4607 γ
115 4541 440 4611 προσευχῆς,
472 4540 566 4593 καὶ
600 4539 760 4593 τοῦτο
807 4541 1205 4610 αίνιττομένης,
1235 4541 1310 4603 ὡς
1337 4541 1396 4593 οὐ
1426 4540 1506 4593 δεῖ
1537 4557 1586 4591 σι

1818 4549 2109 4603 .tbohscure
2142 4547 2433 4609 indicabat,
2466 4543 2610 4613 quod
2652 4542 2907 4595 nimirum
2932 4554 3037 4592 non
3068 4545 3334 4606 oporteat,

73 4615 76 4620 λ
116 4631 355 4700 παρῆναι
402 4634 514 4695 τοῖς
570 4631 1022 4701 προσευχομένοις
1069 4631 1269 4701 θυμόν;
1313 4632 1423 4684 Καὶ
1474 4630 1589 4683 πάλι

1826 4644 1935 4696 mul
1971 4642 2161 4697 adesse
2189 4640 2476 4695 orantibus
2498 4634 2854 4691 iracundiam:
2885 4641 2938 4686 et
2959 4646 3171 4685 rursus:
3214 4648 3232 4680 ι
3254 4627 3334 4682 lra

124 4737 141 4768 ι
196 4719 379 4791 Θυμὸς
423 4721 726 4792 δρακόντων
772 4723 800 4775 ὁ
840 4716 981 4785 οἶνος
1026 4721 1225 4775 αὐτῶν.
1264 4741 1281 4772 ι
1318 4723 1474 4776 Οίνου
1526 4722 1581 4775 δὲ
1621 4739 1640 4774 c

1818 4749 2070 4789 raconum
2119 4733 2305 4786 vinum
2358 4730 2589 4785 eorum".
2636 4748 2661 4799 »η
2683 4724 2823 4780 Vino
2876 4733 3055 4778 autem
3096 4721 3334 4776 abstine-

118 4811 405 4883 Ναζιραῖοι
452 4813 759 4882 ἀπείχοντο.
804 4813 978 4884 Χολὴν
1027 4813 1082 4865 δὲ
1126 4816 1219 4867 καὶ
1245 4814 1413 4884 ὀσφὺν
1451 4817 1632 4886 άόρωτ

1818 4834 1908 4878 aut
1928 4824 2166 4878 Nazaraei
2188 4841 2201 4877 :
2221 4823 2314 4877 sed
2337 4828 2389 4876 et
2412 4820 2629 4890 quidam
2654 4834 2716 4872 ex
2734 4813 3004 4886 profanis,
3036 4827 3131 4868 seu
3160 4812 3334 4867 ethni-

119 4905 225 4965 τοῖς
273 4903 414 4966 θεοῖς
439 4921 523 4967 τις
567 4904 678 4956 τῶν
719 4904 913 4971 ἔξωθεν
952 4904 1126 4973 σοφῶν
1163 4906 1477 4977 ἀπεφήνατο
1508 4904 1635 4960 εἶναι

1818 4920 1855 4972 is
1896 4917 2229 4986 sapientibus
2269 4914 2571 4976 affirmavit,
2620 4911 2711 4976 fel,
2742 4921 2901 4980 atque
2951 4911 3037 4964 ilia
3088 4904 3195 4959 diis
3230 4920 3334 4959 non

122 4993 218 5044 ούκ
246 4994 419 5059 εἰδὼς,
460 4992 631 5067 οἴμαι,
675 4997 703 5048 ὂ
731 4996 933 5063 ἔλεγεν,
965 4990 1041 5049 ὧν
1080 4997 1141 5051 τὸ
1174 5000 1273 5068 μὲν
1301 5001 1487 5070 ὀργῆς,
1516 5001 1576 5053 τὸ
1615 5002 1638 5052 δ

1820 5020 1896 5059 sse
1931 5002 2309 5066 comestibilia,
2352 5000 2598 5054 nesciens
2631 4998 2812 5068 518,
2859 5009 2989 5067 puto
3020 4998 3163 5068 quod
3192 4996 3336 5050 dice-

123 5083 313 5152 ἀλόγου
363 5087 657 5157 ἐπιθυμίας
708 5089 881 5157 ἔγωγε
938 5089 1201 5159 σύμϐολον
1246 5086 1387 5143 εἶναι
1444 5092 1639 5160 νομίζω

1819 5101 1886 5154 at;
1931 5105 2163 5160 quorum
2202 5088 2331 5141 illud
2376 5085 2591 5155 quidem
2650 5086 2963 5152 iracundiae,
3018 5088 3119 5141 ista
3160 5094 3335 5138 autem

124 5175 256 5246 Περὶ
284 5178 340 5231 δὲ
378 5178 471 5232 τοῦ
504 5180 578 5250 μὴ
605 5180 714 5233 δεῖν
745 5182 1013 5251 μεριμνᾷν
1059 5182 1367 5251 ἐνδυμάτων
1400 5184 1603 5248 ἕνεκεν,
1635 5203 1640 5213 ·

1818 5180 2028 5234 elluina:
2045 5176 2354 5247 cupiditatis
2378 5183 2531 5228 notas
2553 5187 2673 5228 esse
2696 5175 2949 5229 arbitror.
2981 5175 3135 5240 Quod
3160 5182 3334 5226 autem

130 5264 447 5339 βρωμάτων,
490 5272 738 5342 περιττὸν
780 5270 929 5343 οἶμαι
976 5274 1035 5325 τὸ
1086 5275 1335 5345 γράφειν,
1366 5275 1530 5328 αὐτοῦ
1580 5294 1646 5329 τοι

1820 5289 1884 5329 on
1935 5280 2181 5342 oporteat
2225 5270 2511 5323 sollicitum
2581 5283 2699 5324 esse
2744 5269 2808 5323 de
2851 5268 3210 5331 indumentis,
3245 5274 3336 5317 aut

132 5359 371 5433 Σωτῆρος
398 5368 429 5435 ἡ
440 5364 555 5433 μῶν
582 5366 638 5418 ὲν
668 5367 779 5426 τοῖς
807 5365 1155 5433 Εὐαγγελίοις
1183 5368 1648 5437 ἀπαγορεύσαντος

1820 5366 1996 5429 duliis,
2034 5378 2493 5433 supervacaneum
2526 5363 2719 5431 opinor
2757 5362 3027 5425 scribere;
3060 5375 3180 5414 cum
3224 5357 3336 5426 ipse

142 5466 161 5501 ι
190 5452 278 5522 Μὴ
311 5459 677 5527 μεριμνήσητε
706 5458 832 5526 γὰρ,
867 5460 1014 5526 φησι,
1048 5460 1109 5528 τῇ
1140 5458 1283 5529 ψυχῇ
1315 5460 1465 5527 ὑμῶν
1495 5460 1544 5511 τί
1576 5461 1658 5527 φά

1818 5461 2027 5514 ιιινιιιοι·
2069 5466 2251 5511 noster
2288 5457 2341 5509 in
2386 5455 2687 5527 Evangeliis
2726 5454 3121 5524 prohibuisset;
3163 5449 3334 5517 inquit

134 5554 281 5613 τητε,
310 5547 343 5615 ἦ
373 5548 423 5598 τί
455 5548 611 5618 πίητε
645 5549 674 5617 ἢ
708 5550 757 5601 τί
784 5550 1177 5619 περιϐαλεῖσθε.
1222 5572 1238 5602 ι
1290 5551 1542 5604 Ἐθνικῶν
1572 5554 1650 5621 γὰί

1833 5554 1923 5606 lim
1960 5571 1971 5604 :
2014 5568 2032 5601 ι
2070 5550 2243 5604 Nolite
2288 5549 2500 5603 solliciti
2534 5564 2650 5603 esse
2698 5548 2890 5601 anima:
2945 5554 3152 5609 vestrm,
3209 5540 3344 5611 quid

207 5706 226 5736 ⁸
260 5704 397 5761 Psal.
439 5726 625 5773 xxxw,
655 5711 706 5765 8.
784 5712 800 5738 ⁶
848 5709 1023 5766 Eccle.
1068 5728 1139 5776 xi,
1180 5710 1260 5762 10.
1338 5713 1354 5741 ⁷
1392 5709 1408 5763 l
1441 5712 1581 5766 Tim.
1620 5714 1723 5773 11.8

848 5709 1023 5766 Eccle.
1068 5728 1139 5776 xi,
1180 5710 1260 5762 10.
1338 5713 1354 5741 ⁷
1392 5709 1408 5763 Ι
1441 5712 1581 5766 Τὶιιι.
1620 5729 1677 5773 ιι.
1702 5714 1754 5768 8.
1833 5713 1851 5743 ⁸
1884 5710 2041 5766 Deut.
2074 5723 2245 5775 χχχιι,
2275 5706 2360 5761 55.
