3838 6056
471 235 607 304 1207

1997 243 2062 304 S.
2079 242 2244 303 NILI

3579 225 3720 301 MSS

405 397 408 399 λ
466 349 826 416 manducetis,
851 353 946 406 aut
961 349 1178 416 bibatis,
1205 361 1299 406 aut
1331 345 1660 418 induamini;
1695 367 1715 402 ι
1740 351 1843 406 hoc
1884 353 2027 406 enim

2165 368 2392 423 ιντικρυς
2435 348 2615 416 τοῦτο,
2659 348 2754 402 καὶ
2783 348 3029 402 ἀπίστων
3057 344 3396 399 ἁθετούντων
3427 340 3538 412 τὴν
3581 338 3716 410 πρό-

464 445 648 515 ροιεηιι
675 453 758 500 est
788 447 1050 515 gentium,
1095 459 1160 499 ac
1189 445 1507 511 inﬁdelium,
1552 446 1641 513 qui
1667 445 1946 516 abrogant,
1980 455 2036 503 et

466 541 820 588 contemnunt
883 531 1278 588 Providentiam
1341 532 1637 602 mundique
1688 529 2033 588 Conditorem

467 625 795 690 inficiantur;
829 633 886 679 at
925 625 1066 679 istud
1102 639 1132 678 a
1171 624 1494 678 Christianis
1532 624 1756 678 omnino
1792 634 1874 679 est
1906 624 2034 679 alie-

466 732 622 782 num,
665 717 759 786 qui
806 717 972 771 semel
1020 715 1384 778 crediderunt,
1417 716 1560 785 quod
1583 727 1636 769 et
1669 715 1778 769 duo
1809 731 2027 786 passer-

468 809 600 873 culi,
639 809 732 878 qui
769 817 1018 863 vaeneunt
1049 807 1327 878 dipondio,
1365 817 1490 862 sunt
1544 808 1643 863 sub
1683 809 2035 864 administra-

469 904 620 958 tione
668 911 978 957 sanctorum
1036 903 1377 974 angelorum.
1425 903 1809 960 Verumtamen
1861 913 1944 960 est
1983 915 2037 961 et

471 991 584 1046 haec
625 991 929 1046 daemonum
975 989 1330 1055 consuetudo,
1381 993 1738 1058 titinimirum
1775 1001 1896 1063 post
1936 993 2037 1047 im-

469 1094 632 1151 puras
654 1079 1028 1149 cogitationes,
1069 1088 1360 1149 suggerant
1406 1081 1566 1136 etiam
1603 1093 1716 1145 eas,
1745 1097 1866 1151 qua:
1910 1089 2038 1136 sunt

469 1168 850 1224 sollicitudinis
871 1205 886 1233 ,
905 1163 974 1222 'ut
989 1165 1166 1234 Jesus,
1189 1173 1452 1237 praesente
1473 1169 1862 1240 cogitationum
1879 1169 2036 1224 turba

469 1259 524 1316 in
556 1260 676 1315 loco
705 1259 1072 1324 intellectuali,
1103 1261 1278 1329 capite
1298 1261 1566 1314 declinato
1583 1261 1824 1330 effugiat,
1851 1261 2038 1330 sicque

477 1352 844 1408 infructuosus
903 1352 1098 1407 evadat
1144 1367 1325 1408 sermo
1367 1367 1398 1406 a
1445 1353 1616 1425 spinis
1658 1353 2038 1408 sollicitudinis

473 1446 786 1503 suffocatus.

1065 1554 1294 1612 CAPUT
1353 1551 1440 1611 VI.

2136 461 2282 499 νοιαν
2313 443 2405 496 τοῦ
2451 441 2740 504 Δεσπότον,
2779 442 2872 494 καὶ
2903 435 2990 493 τόν
3043 436 3394 510 Δημιουργδν
3443 433 3712 506 ἀρνουμέ-

2134 553 2260 592 νων’
2287 534 2628 608 Χριστιανῶν
2658 534 2714 587 δὲ
2739 534 2800 588 τὸ
2825 533 3062 586 τοιοῦτον
3089 529 3374 593 παντελῶς
3399 527 3720 595 ἀλλότριον,

2135 623 2282 693 ἅπαξ
2332 625 2795 692 πεπιστευκότων,
2843 625 2922 680 ὅτι
2971 624 3064 677 καὶ
3107 622 3176 676 τὰ
3222 621 3598 692 πρασσόμενα
3623 616 3722 669 6.3+:

2137 720 2392 793 στρουθία
2411 719 2503 774 τοῦ
2523 717 2784 788 ἀσσαρίου
2809 717 2913 771 ὑπὸ
2935 715 3032 788 τὴν
3055 715 3374 786 οἰκονομίαν
3397 711 3518 765 τῶν
3546 711 3724 778 ἁγίων

2133 811 2382 882 ἀγγέλων
2427 810 2562 865 ἐστί.
2623 809 2769 880 Πλήν
2805 809 2920 862 ἐστι
2971 809 3068 862 καὶ
3099 805 3240 876 αὕτη
3293 804 3570 874 συνήθεια
3609 801 3726 854 τῶν

2136 896 2427 973 δαιμόνων,
2464 902 2602 972 μετὰ
2627 902 2750 966 τοὺς
2780 900 3126 972 ἀκαθάρτους
3153 900 3460 969 λογισμοὺς
3513 897 3720 966 iaC-ri}.-

2135 995 2246 1048 λειν
2275 995 2518 1058 καὶτοὺς
2556 993 2656 1064 τῆς
2695 994 2982 1064 μερίμνης,
3014 992 3101 1046 ἵνα
3149 981 3388 1061 ἑκνεύσῃ
3433 991 3468 1042 ὁ
3515 986 3724 1060 Ἰησοῦς

2135 1079 2293 1158 δχλου
2315 1086 2466 1150 ὄντος
2479 1085 2768 1157 νοημάτων
2791 1087 2848 1138 ἐν
2877 1083 2952 1156 τῷ
2977 1083 3116 1140 κατὰ
3145 1083 3392 1138 διάνοιαν
3419 1079 3604 1150 τόπῳ,
3629 1083 3724 1132 καὶ

2135 1179 2382 1251 ἄκαρπος
2412 1177 2636 1250 γένηται
2680 1179 2708 1231 ὁ
2737 1177 2892 1246 λόγος
2921 1175 3027 1229 ὑπὸ
3057 1177 3158 1249 τῆς
3204 1173 3490 1246 μερίμνης
3535 1171 3728 1238 mtro-

2141 1289 2299 1344 μενος
2327 1269 2433 1324 τῶν
2462 1269 2735 1326 ἀκανθῶν.

2729 1555 2980 1610 ΚΕΦΑΛ.
3023 1555 3112 1621 ς’.

546 1671 713 1743 Igitur
763 1673 1119 1744 cegitationes
1173 1673 1368 1739 etiam,
1423 1687 1542 1742 quae
1599 1687 1630 1726 e
1677 1672 2040 1728 sollicitudine

2213 1671 2422 1728 Οὐκοῦν
2451 1671 2575 1733 τοὺς
2609 1670 2675 1722 ὲκ
2719 1667 2984 1739 μερίμνης
3011 1665 3346 1737 ἀποθέμενοι
3393 1659 3736 1734 λοτισμὺς,

475 1770 793 1839 procedunt,
827 1769 1180 1838 deponentes,
1226 1779 1468 1823 nostram
1505 1767 1560 1822 in
1619 1767 1906 1822 Dominum
1935 1767 2043 1824 sol—

475 1861 810 1918 licitudinem
862 1861 1164 1932 jactemus,
1227 1861 1584 1930 praesentibus
1649 1861 1926 1924 contenti,
1992 1869 2048 1916 et

479 1969 715 2024 paupere
761 1954 892 2017 vita,
935 1969 999 2008 ac
1041 1963 1190 2008 veste
1239 1963 1474 2017 utentes,
1519 1951 1823 2016 ell‘ectores,
1857 1963 1910 2006 et
1952 1966 2050 2006 au-

479 2056 659 2101 ctores
684 2062 834 2100 vana:
857 2045 1040 2126 gloria;
1067 2055 1187 2114 post
1211 2033 1350 2100 diem
1375 2061 1659 2100 exeamus.
1688 2043 1744 2099 Si
1775 2059 1900 2098 vero
1924 2044 2050 2115 quis

479 2135 635 2208 putat
673 2139 728 2192 in
775 2148 923 2192 veste
965 2139 1314 2208 paupercula,
1365 2137 1781 2208 incompositam
1827 2151 1893 2192 ac
1952 2137 2048 2193 de-

481 2223 712 2284 formem
743 2231 976 2299 speciem
1006 2221 1282 2295 exhibere,
1336 2230 1591 2302 respiciat
1627 2239 1878 2286 sanctum
1905 2223 2050 2286 Pau-

479 2318 629 2384 ium,
673 2319 768 2390 qui
795 2319 848 2374 in
892 2319 1092 2390 frigore
1133 2337 1199 2376 ac
1245 2321 1492 2376 nuditate
1533 2335 1790 2377 coronam
1825 2320 2054 2391 justitite

483 2409 876 2483 exspectabai’.
920 2409 1026 2468 Sed
1075 2415 1332 2483 quoniam
1385 2415 1678 2481 theatrum,
1721 2423 1774 2470 et
1815 2416 2050 2472 stadium

483 2499 780 2578 Apostolus
843 2507 1005 2562 istum
1059 2511 1362 2564 nominavit
1412 2513 1698 2578 mundum,
1746 2513 2050 2575 videamus,

483 2611 552 2650 an
583 2587 842 2666 possibile
874 2597 967 2662 sit,
998 2597 1167 2668 quod,
1190 2599 1282 2668 qui
1327 2600 1750 2670 cogitationibus
1787 2601 2052 2657 sollicitu-

483 2682 628 2738 dinis
650 2683 872 2740 indutus
895 2693 998 2748 est,
1029 2695 1216 2739 currat
1253 2687 1316 2740 ad
1345 2687 1589 2742 bravium
1618 2703 1866 2758 supernae
1894 2687 2056 2758 519

482 2780 860 2846 vocationis”,
908 2790 1001 2835 aut
1029 2781 1260 2836 luctetur
1303 2781 1568 2838 adversus
1607 2784 1964 2854 principatus,
2003 2793 2057 2840 et

484 2877 802 2942 potestates,
860 2869 1120 2929 adversus
1177 2869 1364 2930 mundi
1419 2885 1658 2932 rectores
1709 2877 2054 2932 tenebrarum

485 2965 650 3036 hujus
678 2966 862 3021 επιξυιί
887 2961 952 3022 “.
1002 2963 1114 3036 Ego
1149 2969 1367 3037 quidem
1413 2969 1618 3034 nescio,
1655 2985 1780 3025 cum
1833 2969 1900 3025 ab
1939 2971 2056 3040 ipsa

2146 1764 2524 1836 ἐπιρρίψωμεν
2572 1762 2666 1816 ἐπὶ
2699 1762 2904 1831 Κύριον
2932 1760 3032 1830 τὴν
3081 1759 3356 1830 μέριμναν
3403 1755 3580 1828 ἡμῶν
3619 1757 3740 1818 est;

2147 1855 2412 1928 παροῦσιν
2438 1853 2786 1924 ἀρκούμενοι,
2821 1852 2916 1905 καὶ
2946 1852 3180 1921 πενιχρᾷ
3210 1849 3324 1920 ζωῇ
3353 1848 3736 1920 χρησάμενοι,

2148 1951 2242 2003 καὶ
2271 1947 2430 2018 στολῇ
2465 1948 2596 2010 τοὺς,
2617 1945 2862 2016 πατέρας
2891 1944 2990 2014 τῆς
3019 1942 3321 2007 κενοδοξίας
3361 1941 3492 2010 μεθ’
3517 1941 3742 2011 ἡμέραν

2149 2039 2564 2110 ἀποδυσώμεθα.
2600 2040 2666 2092 Εἰ
2685 2038 2742 2091 δέ
2769 2055 2854 2100 τις
2881 2038 3212 2107 ἀσχημονεῖν
3241 2036 3336 2088 ἐπὶ
3367 2033 3618 2102 πενικρᾷ
3653 2047 3740 2082 νο-

2154 2134 2302 2206 μίζει
2347 2132 2528 2203 στολῇ,
2565 2130 2807 2202 βλεπέτω
2856 2129 2946 2182 τὸν
2994 2130 3148 2196 ἆτιον
3189 2126 3406 2179 Παῦλον
3449 2129 3518 2178 ὲν
3551 2122 3740 2193 ψύχει,

2151 2227 2245 2280 καὶ
2283 2224 2604 2296 γυμνότητι,
2627 2221 2720 2275 τὸν
2759 2221 2859 2291 τῆς
2891 2220 3236 2293 δικαιοσύνης
3271 2217 3740 2290 προσδοκήσαντα

2153 2320 2436 2388 στέφανον.
2501 2315 2642 2370 Ἀλλ’
2698 2313 2892 2384 ἐπειδὴ
2953 2312 3186 2383 θέατρον
3211 2347 3228 2374 ,
3274 2308 3372 2364 καὶ
3428 2306 3668 2361 στάδιον
3717 2307 3742 2356 ὁ

2165 2409 2484 2471 ’Λπόστολος
2512 2407 2603 2461 τὸν
2635 2406 2840 2477 κόσμον
2868 2403 3058 2458 τοῦτον
3087 2403 3388 2472 ὠνόμασεν,
3421 2400 3672 2465 ἴδωμεν,
3699 2397 3744 2450 τι

2155 2499 2270 2552 ἔστι
2326 2496 2582 2560 δυνατὸν,
2643 2494 2916 2566 μερίμνης
2975 2491 3336 2560 ένδυσάμενον
3407 2487 3742 2557 λογισμοὺς,

2153 2591 2384 2661 δραμεῖν
2413 2587 2506 2642 ὲπὶ
2555 2586 2616 2640 τὸ
2651 2585 2901 2656 βραϐεῖον
2931 2580 3032 2650 τῆς
3078 2579 3192 2634 ἄνω
3219 2579 3498 2649 κλήσεως,
3549 2577 3588 2647 ἢ
3641 2593 3744 2628 πσ-

2155 2679 2335 2733 λαῖσαι
2367 2679 2500 2749 πρὸς
2541 2677 2639 2740 τὰς
2668 2675 2842 2747 ἀρχὰς
2871 2674 2966 2728 καὶ
3001 2673 3102 2735 τὰς
3146 2670 3416 2738 ἐξουσίας,
3463 2667 3746 2738 mndavi;

2154 2773 2280 2835 τοὺς
2303 2769 2754 2842 κοσμοκράτορας
2775 2765 2870 2821 τοῦ
2899 2761 3126 2827 σκότους
3155 2762 3250 2815 τοῦ
3277 2759 3482 2822 αἰῶνος
3505 2758 3716 2811 τούτου
3731 2773 3744 2786 ο

2157 2861 2268 2934 ἐγὼ
2301 2861 2398 2932 μὲν
2426 2862 2525 2914 οὐκ
2557 2855 2694 2922 οἶδα,
2729 2859 2824 2912 καὶ
2845 2859 2939 2912 ἀπ’
2969 2853 3144 2924 αὐτῆς
3175 2851 3273 2921 τῆς
3298 2849 3585 2921 αἰσθητῆς
3615 2867 3748 2902 παι-

2159 2951 2446 3021 δευόμενος
2479 2948 2740 3018 ἰστορίας.
2799 2941 3287 3017 Ἐμποδισθήσεται
3324 2937 3436 3008 γὰρ
3463 2939 3694 2999 ἐκεῖνος
3725 2935 3750 2988 ό

486 3071 705 3126 quoque
765 3053 1007 3112 sensibili
1061 3028 1284 3114 historia
1325 3059 1568 3128 erudiar;
1625 3063 1755 3132 quia
1801 3028 2053 3118 videlicet

2165 3045 2335 3100 ἁθλῶν
2364 3041 2467 3096 ὑπὸ
2503 3039 2596 3094 τοῦ
2630 3038 2856 3112 χιτῶνος
2883 3034 3146 3106 δηλονότι,
3179 3031 3274 3086 xui.
3308 3028 3562 3132 εὐκόλως
3591 3045 3750 3129 πεξ-

488 3145 601 3213 ille,
634 3149 727 3218 qui
769 3157 960 3216 cci-tat,
994 3149 1321 3220 impedietur
1354 3167 1384 3206 a
1418 3153 1622 3221 tunica,
1667 3155 1930 3225 facileque
1956 3155 2066 3210 cir-

487 3241 884 3309 cumlrahetur,
936 3233 1394 3313 qnemadmodum
1426 3254 1479 3301 et
1525 3262 1680 3302 mens
1712 3262 1740 3301 a
1786 3247 2070 3319 cogitatio—

487 3329 652 3386 nibus
681 3329 1086 3398 sollicitudinis;
1114 3332 1160 3387 si
1195 3347 1362 3388 verax
1392 3335 1607 3404 quidcm
1640 3336 1710 3389 sit
1746 3351 1948 3403 sermo,
1975 3337 2069 3407 qui

487 3417 640 3482 dicit,
689 3423 924 3473 mentem
961 3415 1180 3491 proprio
1221 3421 1484 3477 thesauro
1529 3423 1806 3478 assiduam
1848 3424 2066 3480 incum-

490 3505 639 3572 bere;
681 3521 699 3558 ι
730 3505 832 3561 Ubi
858 3523 1092 3579 namque
1131 3509 1421 3566 thesaurus
1463 3520 1590 3567 tuus
1621 3517 1725 3577 est,
1756 3513 1831 3567 ibi
1886 3515 1991 3568 erit
2019 3517 2072 3568 et

491 3606 587 3648 cor
615 3601 769 3649 tuum
792 3598 856 3651 ιι.
893 3615 910 3648 ι

1081 3699 1310 3762 CAPUT
1351 3705 1462 3762 VII'

565 3819 610 3874 E
643 3817 1090 3888 cogitationibus,
1123 3819 1202 3874 ha:
1243 3819 1466 3888 quidem
1499 3829 1703 3886 secant,
1740 3820 1860 3876 alia:
1888 3829 2069 3876 autem

498 3923 776 3979 secantur;
813 3922 867 3968 et
915 3921 1106 3969 secant
1140 3912 1361 3982 quidem
1399 3913 1556 3968 malae
1593 3914 1784 3979 bonas,
1823 3928 1855 3970 e
1881 3925 2070 3970 contra

499 4021 627 4064 vero
650 4007 806 4061 mala:
831 4015 1084 4062 secantur
1110 4021 1138 4060 a
1167 4006 1323 4062 bonis
1347 4023 1362 4073 ;
1403 4022 1526 4061 nam
1574 3997 1810 4078 Spiritus
1847 4017 2072 4064 sanctus

501 4095 730 4150 attendit
775 4095 1091 4166 cogitationi
1123 4095 1176 4148 in
1213 4095 1405 4166 primis
1435 4095 1647 4164 positas,
1687 4105 1741 4149 et
1770 4097 2070 4152 secundum

503 4189 653 4243 illam
705 4188 918 4260 judicat
964 4202 1087 4251 nos,
1133 4194 1229 4241 aut
1275 4185 1487 4256 recipit.
1536 4184 1692 4252 Quod
1713 4195 1894 4242 autem
1926 4187 2069 4253 dico,

503 4279 878 4350 hujuscemodi
928 4287 1030 4334 est.
1086 4275 1271 4333 Habeo
1333 4278 1625 4348 quamdam
1690 4279 2070 4351 cegitationem

505 4372 912 4443 hospitalitatis,
941 4386 1169 4440 eamque
1186 4369 1360 4426 habeo
1384 4380 1602 4440 prepter
1633 4370 1943 4434 Dominum,
1977 4373 2072 4427 sed

505 4467 609 4523 ista
655 4465 922 4520 scinditur
967 4465 1292 4520 adventante
1337 4465 1440 4518 alia
1488 4474 1748 4528 tentante,
1787 4475 1842 4520 et
1877 4481 2075 4537 sugge-

503 4568 679 4622 rente,
725 4569 786 4612 ut
828 4559 1008 4627 gloria:
1043 4572 1214 4612 causa
1265 4557 1496 4625 hospitio
1555 4557 1842 4626 excipiam.
1877 4558 1920 4612 E
1949 4573 2081 4612 con-

504 4661 623 4708 tra:
663 4651 833 4706 habeo
863 4652 1244 4724 cogitationem
1289 4649 1692 4718 hospitalitatis,
1724 4659 1783 4703 ut
1809 4649 1876 4704 ab
1907 4649 2080 4704 homi-

505 4744 671 4800 nibus
730 4743 946 4808 vidcar,
1014 4743 1104 4798 sed
1161 4750 1216 4796 et
1277 4741 1375 4796 ista
1434 4742 1758 4806 dissecatur,
1811 4743 2082 4798 subeunte

507 4837 732 4893 meliore
804 4835 1174 4906 cOgitatione,
1257 4848 1378 4902 quae
1401 4831 1465 4886 ad
1549 4832 1832 4890 Dominum
1899 4834 2080 4904 potius

506 4931 763 4984 virtutem
815 4935 1058 4981 nostram
1111 4924 1332 4995 dirigit,
1385 4940 1592 4994 nosque
1647 4935 1820 4998 urget,
1859 4933 1920 4980 ut
1965 4941 2076 4981 non

509 5029 731 5092 propter
769 5019 1014 5073 homines
1053 5019 1158 5074 ista
1203 5015 1485 5074 faciamus.
1527 5017 1582 5072 Si
1621 5034 1750 5090 ergo
1793 5034 1888 5090 per
1911 5033 2074 5086 opera

511 5113 726 5168 tandem
760 5111 814 5166 in
863 5110 1053 5181 primis
1100 5125 1449 5176 maneamus,
1495 5111 1596 5164 etsi
1633 5109 1894 5165 fuerimus
1921 5124 1950 5164 a
1989 5125 2075 5164 se-

512 5204 706 5258 cundis
751 5202 961 5266 tentati,
1007 5211 1186 5256 tamen
1224 5217 1322 5271 pro
1351 5202 1482 5258 solis
1527 5202 1719 5270 primis
1769 5201 1958 5270 positis
1982 5218 2076 5256 co-

514 5293 869 5366 gitationibus
917 5294 1191 5350 mercedes
1241 5293 1595 5348 habebimus:
1641 5293 2080 5362 quandoquidem

515 5403 640 5442 cum
664 5385 912 5442 homines
942 5385 1138 5452 simus,
1172 5398 1404 5453 cumque
1433 5383 1766 5438 daemonibus
1791 5383 2078 5450 luctemur,

519 5478 744 5535 minime
768 5479 1034 5544 valemus,
1067 5484 1269 5532 rectam
1304 5474 1684 5545 cogitationem
1715 5477 2080 5548 incorruptam

2167 3134 2578 3206 ελκυσθήσεται,
2605 3131 2857 3200 καθάπερ
2885 3129 2979 3182 καὶ
2997 3127 3024 3181 ὁ
3043 3125 3166 3188 νοῦς
3192 3123 3298 3177 ὑπὸ
3327 3121 3438 3175 τῶν
3459 3119 3751 3189 λογισμῶν

2165 3227 2265 3296 τῆς
2306 3225 2595 3298 μερίμνης,
2631 3223 2786 3294 εῐπερ
2817 3219 3064 3292 ἀληθινὸς
3111 3219 3139 3271 ὁ
3178 3215 3350 3284 λέγων
3386 3211 3465 3283 τῷ
3503 3211 3626 3282 ἰδίῳ
3663 3211 3750 3262 τὸν

2167 3319 2291 3374 νοῦν
2319 3319 2745 3392 προσκαρτερεῖν
2783 3311 3058 3386 θησαυρῷ,
3101 3330 3121 3364 ι
3159 3309 3334 3364 Ὅπου
3375 3307 3489 3376 γάρ
3519 3305 3684 3357 ἐστιν
3727 3301 3752 3352 δ

2169 3409 2433 3485 θησαυρός
2462 3427 2575 3476 σου,
2595 3399 2778 3480 φησιν,
2811 3409 2928 3460 ἐκεῖ
2952 3405 3122 3468 ἔσται,
3151 3403 3248 3457 καὶ
3281 3403 3316 3472 ἠ
3347 3399 3558 3472 καρδία
3593 3413 3744 3449 σουλ

2760 3713 3011 3768 ΚΕΦΔΛ.
3049 3713 3123 3767 Ζ’.

2238 3831 2359 3884 Τῶν
2390 3827 2664 3901 λογισμῶν
2712 3828 2764 3882 οἱ
2793 3827 2892 3898 μὲν
2911 3827 3222 3896 τέμνουσιν,
3255 3825 3308 3877 οἱ
3335 3823 3396 3877 δὲ
3423 3817 3746 3892 τέμνονται*

2169 3919 2262 3974 καὶ
2291 3920 2545 3990 τέμνουσι
2576 3917 2674 3989 μὲν
2695 3917 2746 3970 oi
2767 3917 2990 3988 πονηροὶ
3010 3915 3138 3978 τοὺς
3165 3912 3430 3982 ἀγαθοὺς,
3449 3911 3750 3981 τέμνονται

2168 4011 2227 4064 δὲ
2273 4011 2433 4065 πάλιν
2483 4009 2588 4063 ὑπὸ
2636 4008 2748 4062 τῶν
2794 4007 3020 4076 ἀγαθῶν
3063 4006 3114 4058 οι
3163 4002 3390 4075 πονηροὶ
3445 4001 3511 4056 τδ
3565 3999 3752 4054 τοίνυν

2171 4101 2395 4174 Πνεῦμα
2448 4101 2510 4155 τὺ
2555 4102 2708 4170 ἅγιον
2743 4097 2974 4170 πρώτως
3021 4095 3232 4151 τεθέντι
3282 4093 3550 4167 προσέχει
3596 4093 3750 4159 λογι-

2174 4191 2317 4264 σμῷ,
2356 4192 2454 4246 καὶ
2497 4191 2633 4262 πρὸς
2677 4191 2882 4244 ἐκεῖνον
2910 4189 3083 4259 κρίνει
3109 4187 3280 4259 ἡμᾶς,
3317 4186 3352 4256 ἢ
3387 4184 3748 4252 ἀποδέχεται.

2179 4285 2244 4338 "O
2288 4283 2344 4337 δὲ
2387 4283 2530 4352 λέγω
2578 4281 2814 4336 τοιοῦτόν
2847 4282 3013 4337 ἐστιν.
3071 4281 3219 4350 "Exeo
3265 4277 3386 4331 τινὰ
3433 4274 3750 4345 φιλοξενίας

2174 4377 2452 4448 λογισμὸν,
2480 4375 2574 4430 καὶ
2601 4374 2788 4428 τοῦτον
2817 4374 2925 4445 ἔχω
2948 4373 3033 4427 διὰ
3059 4374 3150 4426 τὸν
3179 4371 3404 4442 Κύριον,
3435 4369 3558 4424 ἀλλ’
3591 4362 3750 4427 οὗτος

2182 4468 2498 4533 ἐπελθόντος
2535 4468 2638 4523 τοῦ.
2663 4467 3010 4538 πειράζοντος
3037 4467 3294 4537 τέμνεται
3329 4466 3424 4518 καὶ
3451 4464 3618 4532 δόξης
3647 4461 3748 4531 χᾶ-

2185 4580 2268 4636 ριν
2299 4561 2595 4631 φιλοξενεῖν
2629 4562 3038 4624 ὑποϐάλλοντος.
3072 4559 3270 4614 Πάλιν·
3298 4559 3406 4630 ἔχω
3441 4557 3748 4627 φιλοξενίας

2181 4657 2436 4726 λογισμὸν
2469 4655 2608 4728 πρὸς
2653 4655 2712 4708 τὺ
2733 4657 2844 4718 τοῖς
2868 4653 3174 4724 ἀνθρώποις
3197 4653 3454 4722 φανῆναι,
3485 4649 3628 4704 ἀλλὰ
3657 4651 3746 4702 καὶ

2180 4745 2335 4814 οὗτος
2379 4749 2696 4812 ἐπελθόντος
2751 4748 3056 4819 κρείττονος
3091 4743 3352 4815 λογισμοῦ
3375 4741 3740 4811 διατέμνεται,

2179 4841 2273 4896 τοῦ
2307 4841 2442 4912 πρὸς
2476 4841 2566 4894 τὸν
2585 4839 2791 4910 Κύριον
2818 4839 3018 4911 μᾶλλον
3047 4837 3202 4909 ὴμῶν
3231 4836 3330 4908 τὴν
3361 4834 3570 4906 ἀρετὴν
3583 4837 3744 4888 ἀπευ-

2186 4931 2456 4996 θύνοντος,
2483 4931 2578 4985 καὶ
2611 4931 2686 5002 μὴ
2713 4931 2781 4984 δι’
2801 4929 3118 5002 ἀνθρώπους
3133 4927 3306 4983 ταῦτα
3323 4928 3590 4998 πράττειν
3607 4927 3740 4996 ἡμᾶς

2181 5023 2601 5094 ἀναγκάζοντος.
2617 5023 2714 5076 Ἂν
2736 5022 2830 5076 οὖν
2854 5021 2941 5075 διὰ
2953 5020 3062 5075 τῶν
3085 5020 3260 5093 ἔργων
3273 5017 3460 5070 λοιπὸν
3477 5019 3596 5079 τοῖς
3615 5031 3738 5084 προ-

2181 5119 2358 5188 τέροις
2417 5116 2762 5188 ἐμμείνωμεν
2793 5114 2900 5169 ὑπὸ
2925 5114 3034 5168 τῶν
3050 5111 3312 5181 δευτέρων
3329 5107 3733 5179 πειραζόμενοι,

2185 5211 2360 5280 μόνων
2373 5209 2483 5262 τῶν
2507 5210 2787 5278 προτέρων
2813 5207 3072 5262 τεθέντων
3100 5203 3370 5274 λογισμῶν
3403 5201 3604 5271 ἕξομεν
3625 5199 3738 5260 τοὺς

2185 5299 2563 5370 μισθοὺς,διότι
2573 5299 2672 5353 ἄνθ
2679 5315 2846 5369 ρωποι
2857 5297 3028 5360 ὅντες,
3041 5295 3134 5350 καὶ
3147 5295 3465 5356 παλαίοντες
3479 5293 3736 5361 δαίμοσιν,

2181 5394 2268 5447 ἀεὶ
2281 5393 2532 5464 κατέχειν
2569 5393 2660 5446 τὸν
2685 5391 2843 5462 ὀρθὸν
2873 5389 3125 5460 λογισμὸν
3150 5387 3422 5458 ἄφθαρτον
3441 5385 3544 5438 οὐκ
3569 5382 3736 5452 ἰσχύο-

2185 5499 2306 5553 μεν,
2321 5484 2442 5539 οὐδὲ
2453 5483 2617 5540 πάλιν
2627 5483 2718 5537 τὸν
2731 5481 2965 5554 πονηρὸν
2974 5479 3230 5551 λογισμὸν
3241 5475 3734 5550 ἔχεινάπείραστσν,

598 5679 620 5710 ο
649 5675 840 5732 Matth.
875 5695 948 5742 v1,
977 5679 1068 5734 9.5.
1145 5679 1184 5712 ³·
1219 5675 1258 5729 ll
1292 5676 1418 5732 Cor.
1447 5695 1522 5746 ιι,
1567 5681 1658 5735 ‘27.
1735 5681 1777 5714 ¹⁰
1811 5681 2038 5752 Philipp.

2168 5718 2184 5746 ,
2245 5681 2331 5746 13,
2363 5679 2447 5734 14.
2527 5681 2566 5713 ¹¹
2593 5677 2790 5750 Ephes.
2817 5693 2892 5744 vr,
2925 5675 3008 5732 12.
