3838 6056
452 223 585 287 1211
1939 224 2002 284 s.
2024 224 2188 285 N11,:
3565 202 3704 271 1212

441 333 680 390 sustinet
705 331 898 396 videri,
927 331 1056 388 dum
1086 331 1204 388 hac
1235 329 1404 400 facit;
1451 346 1515 388 ac
1559 340 1830 402 postremo
1871 333 2007 388 nihil

2137 333 2336 406 picea:
2384 331 2494 402 γάρ
2541 329 2712 385 ταῦτα
2754 326 3006 401 πράττων
3050 325 3112 380 ού
3142 325 3516 394 καταδέχεται
3539 337 3556 352 ⁸
3604 325 3700 375 καὶ

443 426 681 482 sciemus
710 416 922 488 eorum,
955 440 1076 496 qua
1115 425 1296 480 dicere
1345 425 1675 489 studuimus,
1703 440 1892 480 verum
1919 426 2016 480 ad-

2137 429 2263 483 ιύδὲν
2317 427 2503 482 λοιπὸν
2563 424 2816 496 είσόμεθα
2871 415 2946 479 ὧν
3010 421 3200 493 μαθεῖν
3244 417 3701 486 ἐσπουδάκαμεν.

439 518 549 575 huc
577 535 740 573 unam
775 520 942 586 diem,
995 521 1109 576 sive
1142 529 1196 575 et
1235 521 1394 574 aliam
1458 521 1821 576 concedamus
1866 519 1968 590 ipsi
1998 558 2014 582 ,

443 619 504 664 ut
528 619 707 668 artum
757 609 1020 679 perficiat,
1058 625 1198 680 quo,
1244 609 1527 678 diligenter
1561 608 1732 678 ipsius
1775 609 2014 677 ineptum

445 701 835 771 stupidumque
867 700 1142 770 ingenium
1193 700 1570 769 dignoscentes
1590 741 1604 762 ,
1636 699 1871 769 posthac
1901 713 2016 753 ser-

442 807 606 850 mone
636 793 814 864 ipsum
843 792 1126 862 arguendo
1156 801 1431 847 vertamus
1462 793 1512 846 in
1543 791 1746 862 fugam.

947 907 1107 979 522
1147 906 1375 963 CAPUT
1417 908 1510 961 IX.

519 1019 626 1076 Sed
661 1020 920 1091 quoniam
955 1020 1253 1089 contingit,
1301 1020 1444 1089 quod
1467 1062 1481 1086 ,
1518 1020 1830 1075 tentationis
1879 1029 2015 1075 tem-

445 1128 598 1181 pore,
632 1129 810 1178 mens,
859 1128 984 1168 cum
1018 1112 1089 1168 sit
1113 1111 1385 1168 infuscata
1409 1151 1425 1176 ,
1473 1127 1538 1168 ac
1576 1113 1743 1168 veluti
1779 1115 2017 1168 excitato

445 1204 734 1260 faeculento
763 1220 924 1262 cano
952 1205 1256 1275 inquinata,
1292 1220 1399 1258 non
1431 1205 1690 1274 perspicit
1731 1205 2017 1274 diligenter

446 1309 511 1352 ea
539 1312 662 1366 qua
708 1297 865 1368 fiunt,
915 1306 1037 1366 post
1081 1312 1356 1352 secessum
1389 1296 1650 1352 damonis
1698 1295 1840 1351 istud
1886 1297 2013 1350 fiat:

448 1385 742 1440 considens
775 1385 914 1454 apud
961 1386 1192 1455 teipsum
1235 1395 1509 1440 memento
1542 1401 1745 1451 rerum,
1773 1401 1893 1456 qua
1918 1385 2015 1440 tlhi

448 1487 750 1532 evenerunt
803 1479 1073 1533 undenam
1121 1478 1374 1548 coeperis,
1410 1487 1465 1533 et
1508 1495 1617 1549 quo
1661 1479 2012 1549 processeris,

447 1558 629 1638 quove
653 1569 706 1621 in
742 1569 863 1624 loco
907 1570 1336 1638 comprehensus
1363 1569 1533 1625 fueris
1561 1587 1593 1625 a
1622 1570 1813 1640 spiritu
1847 1570 2016 1624 forni-

2129 519 2287 573 Ἀλλὰ
2317 518 2411 573 καὶ
2445 502 2610 586 ἄλλην
2644 516 2772 588 μίαν
2799 513 3039 586 ἡμέραν,
3075 514 3108 583 ἦ
3142 513 3237 567 καὶ
3262 511 3537 581 δευτέραν
3575 525 3700 575 συγ-

2117 612 2454 683 χωρήσωμεν
2479 607 2627 678 αύτῷ
2652 607 2938 660 τελειῶσαι
2963 604 3023 657 τὸ
3057 605 3300 674 δρᾶγμα,
3327 602 3417 655 ἵνα
3445 598 3700 668 ἁκριῦῶς

2121 700 2381 772 μαθόντες
2429 698 2593 752 αὐτοῦ
2641 698 2703 750 τό
2758 696 3104 766 σκαιὼρημα,
3150 695 3291 764 λόγῳ
3337 691 3486 762 μετά
3527 690 3702 743 ταῦτα

2117 793 2432 859 ἐλέγξαντες
2467 791 2629 845 αὑτὸν
2659 789 3105 859 φυγαδεύσωμεν.

2718 904 2968 956 ΚΕΦΑΛ.
3009 902 3086 955 Θ’.

2202 1015 2343 1069 ’Λλλ’
2369 1013 2558 1082 ἐπειδὴ
2591 1011 2732 1066 κατὰ
2759 1009 2852 1063 τὸν
2877 1009 3068 1081 καιρὸν
3095 1007 3191 1061 τοῦ
3217 1005 3550 1078 πειρασμοῦ
3581 1011 3706 1076 στιμο

2119 1109 2318 1172 σαίνει,
2349 1105 2714 1176 τεθολωμένον
2742 1103 2872 1158 ὅντα
2897 1102 2989 1155 τὸν
3021 1101 3145 1155 νοῦν
3177 1102 3250 1171 μὴ
3283 1099 3548 1171 ἀκριϐῶς
3583 1099 3703 1150 ἰδεῖν

2114 1201 2184 1255 τὰ
2207 1200 2486 1270 γινόμενα,
2508 1197 2644 1269 μετά
2657 1195 2755 1266 τὴν
2785 1192 3130 1265 ἀναχώρησιν
3145 1194 3237 1246 τοῦ
3255 1191 3528 1262 δαίμονος
3552 1188 3705 1242 τοῦτο

2115 1291 2366 1362 γινέσθω·
2384 1289 2662 1352 καθεσθεὶς
2679 1288 2796 1342 καθ’
2812 1286 3022 1348 ἑαυτὸν,
3041 1285 3414 1356 μνημόνευσον
3435 1280 3562 1334 τῶν
3577 1298 3642 1332 συ
3650 1299 3704 1349 μ-

2117 1383 2428 1453 ϐεϐηκότων
2453 1400 2534 1436 σοι
2552 1381 2910 1454 πραγμάτων,
2932 1377 3318 1450 πόθεντεήρξω
3334 1377 3436 1428 καὶ
3447 1372 3566 1425 ποῦ
3583 1373 3706 1425 ἐπο-

2117 1476 2339 1549 ρεύθης,
2357 1476 2452 1529 καὶ
2467 1477 2524 1528 ἐν
2544 1474 2680 1544 ποίῳ
2699 1475 2846 1543 τόπῳ
2863 1471 3197 1541 συνελήφθης
3217 1469 3321 1522 ὑπὸ
3334 1467 3435 1521 τοῦ
3461 1464 3703 1534 πνεύμαο

2117 1589 2209 1634 τος
2243 1570 2340 1640 τῆς
2382 1567 2660 1638 πορνείας,
2707 1564 2741 1634 ἦ
2771 1564 2870 1634 τῆς
2915 1563 3104 1632 όργῆς,
3145 1562 3178 1631 ἢ
3212 1561 3311 1630 τῆς
3357 1560 3574 1630 λύπης,
3617 1558 3706 1610 καὶ

449 1660 702 1724 cationis,
735 1660 820 1715 vel
863 1661 1180 1724 iracundia.
1231 1662 1310 1716 vel
1354 1663 1604 1725 tristitia,
1649 1671 1704 1716 et
1746 1664 2018 1731 quomodo

2137 1665 2239 1728 πῶς
2281 1663 2455 1717 πάντα
2504 1659 2693 1728 γέγονε
2730 1659 2797 1712 τὰ
2837 1659 3116 1728 γινόμενα,
3155 1657 3250 1710 καὶ
3285 1653 3485 1722 σαφῶς
3532 1652 3703 1705 ταῦτα

449 1749 597 1806 facta
630 1749 837 1805 fuerint
875 1753 1082 1816 omnia,
1113 1767 1236 1822 qua
1263 1762 1380 1808 acta
1425 1763 1571 1818 sunt,
1616 1769 1680 1808 ac
1722 1753 2024 1808 luculenter

453 1843 562 1899 ista
589 1843 787 1909 edisce,
833 1852 888 1898 et
913 1845 1107 1898 manda
1143 1846 1453 1912 memoria,
1505 1855 1562 1899 ut
1606 1846 1781 1914 ipsum
1824 1847 2025 1899 adven-

453 1942 659 1990 tantem
686 1935 869 1989 valeas
905 1950 1164 2003 arguere,
1197 1936 1487 2006 locumque
1529 1937 1598 1990 ab
1631 1936 1750 2005 ipso
1789 1937 2026 1990 abscon-

454 2041 580 2082 sum
625 2025 827 2092 indica,
877 2041 1012 2081 neve
1051 2025 1310 2098 deinceps
1358 2044 1481 2082 eum
1526 2029 1772 2082 secteris.
1812 2026 1867 2081 Si
1897 2043 2026 2083 vero

457 2117 730 2172 interdum
760 2118 895 2173 velis
919 2119 972 2172 in
1001 2117 1240 2173 furorem
1270 2134 1484 2188 quoque
1511 2119 1684 2186 ipsum
1711 2135 2026 2188 provocare,

458 2222 585 2261 eum
616 2216 886 2262 astantem
913 2207 1096 2262 subito
1124 2223 1327 2276 argue,
1369 2208 1732 2278 primumque.
1768 2209 1820 2262 in
1867 2225 2028 2278 quem

458 2296 689 2367 prodiit,
726 2297 903 2352 locum
931 2297 1242 2365 manifesta,
1271 2308 1326 2355 et
1351 2299 1676 2365 secundum,
1701 2310 1753 2355 et
1783 2303 2029 2368 tertium;

459 2389 618 2444 valde
652 2405 888 2460 namque
937 2389 1041 2445 fert
1075 2406 1247 2461 agre,
1289 2390 1511 2445 minime
1555 2391 1793 2446 tolerans
1829 2406 2029 2462 oppro-

461 2482 639 2538 brium
663 2501 677 2550 ;
707 2483 1104 2539 demonstratio
1131 2498 1279 2548 vero,
1311 2482 1458 2552 quod
1483 2485 1797 2553 tempestive
1819 2485 1883 2538 ad
1907 2499 2031 2538 eum

461 2572 634 2629 fueris
671 2575 903 2642 locutus,
935 2575 1061 2641 erit,
1107 2574 1232 2644 quia
1265 2575 1434 2646 fugiet
1461 2590 1491 2628 a
1527 2583 1578 2629 te
1605 2576 1897 2646 cogitatio:
1923 2591 2032 2631 non

460 2675 550 2722 est
575 2668 774 2737 quippe
805 2668 1087 2737 possibile,
1114 2668 1261 2737 quod
1289 2668 1551 2738 deinceps
1577 2677 1738 2732 astet,
1765 2669 1892 2723 dum
1918 2684 2033 2727 ma-

470 2757 670 2816 nifeste
699 2757 1063 2828 redarguitur.
1117 2760 1258 2813 Huic
1288 2775 1418 2813 vero
1453 2760 1686 2814 damoni
1718 2761 1919 2814 erroris
1943 2775 2036 2815 su-

464 2859 652 2918 perato
684 2850 942 2915 succedit,
977 2866 1072 2905 seu
1115 2850 1467 2920 subsequitur
1509 2851 1863 2920 gravissimus
1891 2867 2036 2905 som-

467 2956 593 3004 nus,
618 2950 672 2994 et
696 2941 1042 2997 mortificatio
1064 2958 1186 2996 cum
1217 2943 1389 2998 multo
1413 2942 1789 3011 palpebrarum
1812 2942 2031 3013 frigore,

2125 1751 2434 1822 κατάμαθε,
2464 1750 2557 1803 καὶ
2582 1748 2822 1818 παράδος
2849 1751 2915 1819 τῇ
2951 1748 3138 1818 μνήμῃ
3166 1745 3252 1800 ἴνα
3279 1745 3414 1816 ἔχῃς
3453 1743 3705 1812 ἐλέγχειν

2125 1845 2286 1898 αὐτὸν
2329 1841 2644 1913 προσιόντα,
2691 1841 2784 1893 καὶ
2828 1839 2920 1892 τὸν
2969 1839 3343 1908 κρυπτόμενον
3393 1836 3497 1890 ὑπ’
3540 1833 3702 1888 αὖτοξ

2124 1927 2290 1989 τόπον
2332 1934 2673 2004 καταμήνυε,
2709 1933 2805 1986 καὶ
2833 1932 2933 1984 ούκ
2979 1931 3358 2001 ἀκολουθήσεις
3397 1929 3567 2000 αὐτῷ
3601 1928 3707 1981 λοι-

2126 2033 2246 2086 πόν.
2317 2032 2380 2082 Et
2427 2029 2484 2082 δέ
2537 2026 2715 2098 βούλει
2762 2026 2890 2079 ποτὲ
2934 2026 3029 2080 καὶ
3065 2028 3145 2090 είς
3180 2026 3377 2096 μανίαν
3424 2023 3702 2096 προκαλέ-

2129 2124 2364 2186 σασθαι,
2409 2121 2626 2190 ἔλεγξον
2675 2119 2838 2173 αὑτὸν
2885 2117 3044 2181 εὐθὺς
3085 2117 3418 2182 ἐπιστάντα,
3470 2116 3578 2169 καὶ
3617 2116 3701 2168 τὸν

2127 2216 2344 2287 πρῶτον
2393 2214 2555 2267 τόπον
2608 2213 2687 2275 είς
2736 2210 2794 2264 ὃν
2825 2210 3041 2281 εἰσῆλθε
3083 2210 3428 2282 φανέρωσον,
3484 2209 3587 2261 καὶ
3616 2208 3700 2260 τὸν

2103 2305 2399 2376 οδεύτερον,
2433 2305 2527 2358 καὶ
2577 2303 2671 2358 τὸν
2712 2303 2914 2374 τρίτον,
2963 2301 3102 2354 πάνυ
3135 2301 3242 2371 γὰρ
3269 2299 3604 2369 χαλεπαίνει
3634 2299 3698 2368 μὴ

2130 2397 2310 2466 φέρων
2340 2397 2439 2465 τὴν
2473 2397 2736 2467 αἰσχύνην
2759 2410 2775 2426 ⁶
2825 2395 3100 2460 ἀπόδειξις
3149 2395 3208 2449 δὲ
3249 2394 3404 2448 ἐσται
3444 2392 3549 2447 τοῦ
3588 2410 3697 2447 και-

2133 2487 2264 2559 ρίως
2291 2505 2350 2540 σε
2379 2487 2712 2555 φθέγξασθαι
2742 2485 2878 2556 πρὸς
2915 2487 3096 2550 αὑτὸν,
3133 2486 3196 2538 τὸ
3240 2485 3589 2554 πεφευγέναι
3617 2484 3699 2536 τόν

2128 2579 2388 2650 λογισμὸν
2417 2579 2526 2632 ἀπὸ
2557 2579 2651 2633 σοῦ
2675 2596 2689 2610 ·
2732 2579 2992 2634 ἀδύνατον
3025 2577 3136 2649 γὰρ
3159 2576 3343 2630 λοιπὸν
3377 2575 3582 2645 στῆναι
3609 2574 3696 2626 αὐ-

2129 2666 2222 2725 τὸν
2252 2667 2500 2736 φανερῶς
2528 2664 2903 2739 ἐλεγχόμενον.
2947 2666 3148 2721 Τοῦτον
3183 2666 3242 2718 δὲ
3274 2665 3594 2736 ἡττηθέντα
3615 2664 3696 2716 τὸν

2131 2759 2230 2829 τῆς
2259 2757 2462 2828 πλάνης
2490 2757 2718 2829 δαίμονα
2739 2758 3041 2829 διαδέχεται
3066 2757 3230 2821 ὕπνος
3258 2756 3592 2828 βαρύτατος,
3614 2754 3696 2807 καὶ

2133 2853 2398 2924 νέκρωσις
2440 2854 2578 2923 μετὰ
2607 2852 2943 2923 ψυχρότητος
2987 2851 3188 2920 πολλῆς
3236 2849 3344 2904 τῶν
3391 2849 3693 2920 βλεφάρων,

2133 2946 2229 3000 καῖ¹
2255 2945 2460 3016 χασμοὶ
2489 2945 2724 3016 ἄπειροι,
2756 2943 2849 2997 καὶ
2889 2938 3028 3013 ὦμοι
3066 2940 3414 3014 βαρούμενοι,
3446 2939 3548 2992 καὶ
3577 2955 3696 3009 ναρ-

465 3045 533 3090 ac
565 3030 790 3086 inﬁnita
841 3033 1238 3098 oscitationes,
1297 3034 1610 3104 gravatique
1665 3034 1921 3100 humeri,
1973 3050 2030 3090 ac

2137 3037 2375 3103 κῶντες,
2422 3036 2566 3108 ἅπερ
2613 3039 2679 3106 τῇ
2729 3033 2965 3101 συντόνῳ
3019 3034 3294 3104 προσευχῇ
3347 3030 3594 3086 διαλύσει
3638 3028 3692 3081 τὸ

467 3129 774 3192 torpentes;
812 3140 934 3195 qua
969 3125 1182 3181 intensa
1232 3127 1478 3182 oratione
1515 3126 1772 3183 dissolvet
1803 3127 2038 3199 Spiritus

467 3228 716 3274 sanctus.

1088 3331 1316 3387 CAPUT
1356 3333 1424 3388 X.

541 3443 762 3508 Odium,
790 3443 936 3514 quod
964 3444 1225 3500 adversus
1263 3445 1541 3501 damones
1574 3448 1855 3509 habemus,
1879 3448 2036 3504 nobis

465 3536 537 3596 ad
565 3537 794 3594 salutem
826 3538 1053 3602 confert,
1089 3548 1142 3592 et
1179 3539 1245 3593 ad
1293 3541 1504 3595 virtutis
1548 3542 1912 3610 operationem
1954 3552 2039 3596 est

467 3627 624 3682 valde
672 3629 1084 3683 accommodum
1126 3641 1180 3683 et
1231 3642 1436 3699 aptum.
1494 3633 1596 3685 Sed
1643 3633 1743 3686 hoc
1783 3632 1835 3685 in
1881 3633 2037 3685 nobis

469 3715 630 3784 ipsis,
657 3716 806 3769 velut
832 3717 1102 3785 quoddam
1139 3718 1338 3771 bonum
1366 3717 1522 3790 523
1559 3736 1776 3789 germen
1799 3722 2038 3774 enutrirc

472 3813 583 3862 nOn
625 3806 889 3874 valemus,
925 3823 1048 3862 cum
1088 3809 1315 3877 spiritus
1343 3811 1676 3878 voluptatum
1715 3820 1957 3865 amantes
1986 3813 2036 3866 id

467 3909 865 3969 corrumpant,
919 3901 1094 3970 adque
1133 3901 1450 3967 amicitiam,
1500 3912 1551 3956 et
1591 3904 2035 3958 consuetudinem

475 4005 671 4045 rursus
708 3989 945 4045 animam
979 4003 1238 4057 evocent;
1285 4010 1470 4048 verum
1528 3995 1667 4048 hanc
1709 3996 2036 4059 amicitiam.

470 4095 570 4138 seu
616 4082 799 4151 potius
861 4099 1202 4153 gangranam
1262 4094 1452 4140 curatu
1487 4086 1754 4140 difﬁcilem
1802 4088 2039 4142 medicus

474 4173 783 4234 animarum
819 4186 976 4231 sanat
1001 4191 1093 4244 per
1123 4178 1557 4245 derelictionem;
1584 4179 1847 4248 permittit
1871 4180 2036 4245 enim,

471 4282 576 4323 nos
610 4267 813 4338 aliquid
848 4269 1088 4325 terribile
1117 4271 1224 4340 pati
1272 4272 1341 4325 ab
1386 4271 1517 4340 ipsis
1563 4281 1758 4336 noctu,
1801 4287 1896 4326 seu
1947 4287 2039 4341 per

2138 3125 2360 3199 Πνεῦμα
2393 3125 2454 3181 τὸ
2486 3127 2662 3196 ἅγιον.

2746 3324 3002 3383 ΚΕΦΑΛ.
3032 3325 3090 3378 l'.

2207 3437 2360 3494 Πάνυ,
2387 3435 2447 3490 τδ
2482 3438 2638 3508 μῖσος
2670 3437 2731 3490 τδ
2761 3436 2902 3490 κατὰ
2948 3435 3056 3489 τῶν
3088 3435 3362 3504 δαιμόνων
3399 3435 3541 3504 ἡμῖν
3566 3434 3688 3505 πρὸς

2139 3528 2412 3599 σωτηρίαν
2443 3527 2832 3598 συμόἀλλεται,
2869 3526 2963 3578 καὶ
2995 3523 3131 3594 πρὸς
3178 3523 3278 3592 τὴν
3317 3522 3580 3592 ἐργασίαν
3604 3519 3687 3588 τῆς

2138 3620 2340 3690 ἀρετῆς
2377 3621 2524 3673 ἐστιν
2570 3619 2890 3688 ἐπιτήδειον·
2943 3616 3082 3671 ἀλλά
3123 3614 3280 3670 τοῦτο
3320 3613 3609 3686 ἐκτρέφειν
3638 3612 3685 3662 ὲν

2139 3715 2371 3776 ἑαυτοῖς,
2405 3712 2593 3781 ῶσπερ
2622 3728 2676 3763 τι
2719 3709 2964 3778 γέννημα
3015 3706 3219 3775 ἀγαθὸν
3267 3705 3366 3758 οὐκ
3416 3703 3686 3774 ἰσχύομεν,

2137 3807 2248 3864 τῶν
2277 3804 2575 3875 φιληδόνων
2621 3800 2945 3871 πνευμάτων
2971 3797 3383 3869 διαφθειρόντων
3414 3797 3570 3858 αὐτὸ,
3605 3792 3686 3846 καὶ

2139 3900 2275 3971 πρὸς
2303 3896 2505 3966 φιλίαν,
2547 3894 2641 3947 καὶ
2674 3892 2963 3961 συνήθειαν
2994 3890 3155 3943 πάλιν
3199 3888 3296 3959 τὴν
3324 3887 3510 3957 ψυχὴν
3537 3888 3684 3938 ἐκκα-

2137 3990 2411 4060 λουμένων
2434 4002 2449 4016 ⁰
2501 3986 2636 4038 ἀλλὰ
2671 3983 2872 4054 ταύτην
2899 3983 2997 4055 τὴν
3031 3982 3231 4049 φιλίαν,
3282 3978 3486 4049 μᾶλλον
3517 3977 3572 4030 δέ
3598 3976 3680 4045 τὴν

2139 4083 2392 4140 δυσίατον
2417 4078 2724 4149 γάγραιναν
2754 4077 2782 4128 ό
2818 4074 2996 4144 ἰατρὸς
3029 4073 3137 4126 τῶν
3161 4072 3343 4142 ψυχῶν
3375 4071 3444 4123 δι’
3472 4073 3680 4138 ἐγκατα·
3739 4110 3742 4117 .

2137 4172 2363 4238 λείψεως
2384 4165 2672 4239 θεραπεύει
2701 4183 2714 4194 ο
2753 4166 3020 4235 συγχωρεῖ
3045 4164 3153 4232 γάρ
3181 4181 3229 4215 τι
3253 4160 3487 4230 φοϐερὸν
3511 4158 3677 4238 παθεῖν

2140 4266 2283 4336 ἡμᾶς
2317 4261 2409 4316 ὑπ’
2440 4259 2616 4313 αὐτῶν
2645 4259 2858 4327 νύκτωρ
2904 4255 2936 4324 ἢ
2973 4255 3091 4326 μεθ’
3125 4255 3354 4325 ἡμέραν,
3407 4253 3506 4306 καὶ
3538 4251 3678 4305 πάλιν

470 4359 640 4426 diem,
669 4368 906 4432 tuncque
936 4363 1117 4418 denuo
1142 4364 1323 4417 anima
1352 4365 1418 4418 ad
1448 4365 1631 4420 odium
1657 4364 2030 4434 primigenium

2141 4359 2173 4427 ἡ
2205 4353 2350 4426 ψυχὴ
2384 4351 2520 4424 πρὸς
2553 4349 2611 4409 τὸ
2637 4349 2945 4420 ἀρχέτυπον
2975 4349 3131 4416 μῖσος
3164 4345 3528 4416 ἑπανατρέχει
3553 4342 3674 4397 διδα-

473 4453 744 4518 recurrit,
799 4457 987 4510 edocta
1027 4457 1205 4512 dicere
1259 4457 1327 4512 ad
1367 4456 1680 4521 Dominum,
1740 4457 2034 4511 secundum

473 4545 647 4601 David
681 4566 694 4600 :
735 4565 754 4598 ‹
796 4547 1040 4605 Perfecto
1072 4550 1220 4618 ipsos
1255 4552 1477 4604 oderam
1512 4550 1657 4614 odio,
1699 4550 1754 4604 in
1790 4551 2038 4606 inimicos

477 4640 607 4696 facti
657 4651 785 4696 sunt
823 4642 1043 4697 mihi”.
1086 4662 1103 4694 ι
1153 4642 1204 4698 ls
1249 4643 1448 4712 quippe
1498 4643 1736 4712 perfecto
1790 4644 2038 4699 inimicos

473 4733 604 4788 odio
637 4732 817 4800 habet,
853 4735 943 4804 qui
981 4750 1081 4788 nec
1113 4736 1422 4798 actualiter,
1456 4750 1558 4789 nec
1603 4735 2040 4790 intellectualiter

475 4831 696 4894 peccat;
733 4827 877 4895 quod
917 4826 1134 4895 quidem
1180 4826 1392 4895 prima,
1434 4827 1790 4898 maximaque
1834 4828 2043 4899 passio-

474 4927 610 4966 num
640 4915 928 4970 vacuitatis
967 4925 1051 4970 est
1082 4927 1486 4987 argumentum.

1099 5024 1329 5082 CAPUT
1366 5027 1458 5090 Xl.

436 5147 440 5151 ‘
549 5133 627 5189 De
652 5134 898 5190 damone
929 5145 1131 5200 autem,
1165 5139 1258 5207 qui
1291 5139 1468 5206 efﬁcit,
1506 5151 1565 5196 ut
1591 5143 1774 5197 anima
1808 5141 2042 5209 stnpide,

475 5224 782 5294 stolideque
834 5239 955 5280 sese
1012 5236 1183 5295 gerat,
1229 5229 1357 5298 quid
1403 5240 1620 5300 oportet
1667 5231 1894 5286 dicere?
1945 5244 2044 5299 ego

473 5315 628 5371 enim
684 5315 847 5370 timeo
902 5316 970 5372 de
1035 5319 1155 5386 ipso
1221 5315 1350 5387 quid
1397 5320 1673 5386 scribere;
1723 5335 1832 5390 quo
1886 5329 2040 5389 pacto

479 5407 666 5461 anima
694 5408 910 5477 proprio
945 5409 1106 5474 labat,
1142 5418 1195 5463 et
1226 5409 1490 5463 alienatur
1525 5427 1555 5465 e
1588 5419 1753 5465 statu.
1780 5410 2044 5481 Tempore

489 5515 728 5569 namque
753 5501 1014 5556 adventus
1047 5501 1170 5571 ejus
1205 5501 1448 5571 (sciliCct
1475 5503 1776 5560 damonis)
1808 5513 1921 5560 tum
1951 5501 2042 5557 Dei

565 5614 610 5644 "
637 5612 781 5669 Psal.
811 5630 1073 5683 cxxxvm.
1113 5613 1203 5669 22.

2144 4446 2380 4516 σκομένη
2430 4443 2565 4514 πρὸς
2606 4441 2696 4493 τὸν
2730 4439 2930 4511 Κύριον
2959 4437 3158 4506 λέγειν,
3194 4437 3330 4490 κατὰ
3377 4437 3470 4489 τὸν
3516 4433 3673 4496 Δαόὶδ,

2139 4537 2202 4590 τὸ
2219 4577 2234 4602 ,
2268 4555 2285 4587 ‹
2309 4534 2520 4587 Τέλειον
2551 4533 2706 4602 μῖσος
2733 4530 2958 4600 ἐμίσουν
2986 4529 3204 4592 αὐτοὺς,
3227 4529 3308 4590 εἰς
3327 4527 3553 4598 ἐχθροὺς
3574 4524 3671 4593 ἐγέ-

2141 4626 2291 4680 νοντό
2342 4640 2453 4694 μοι.
2484 4640 2504 4673 ι
2555 4613 2723 4682 Οὗτος
2770 4618 2880 4690 γὰρ
2928 4617 3132 4672 τέλειον
3188 4621 3343 4688 μῖσος
3393 4619 3546 4688 μισεῖ
3575 4615 3671 4675 τοὺς

2141 4719 2389 4794 ἐχθροὺς,
2415 4717 2444 4769 ό
2476 4717 2611 4788 μήτε
2642 4714 2760 4767 κατ’
2789 4712 3092 4783 ἐνέργειαν,
3127 4713 3265 4783 μήτε
3300 4711 3438 4764 κατὰ
3465 4710 3669 4764 διάνοιαν

2144 4812 2472 4884 ἁμαρτάνων
2497 4827 2510 4840 ·
2559 4810 2696 4880 ὅπερ
2727 4806 2827 4876 τῆς
2878 4804 3120 4876 πρώτης,
3173 4805 3268 4858 καὶ
3311 4804 3408 4876 τῆς
3440 4802 3669 4874 μεγίστης

2143 4905 2290 4959 ἐστὶν
2321 4902 2587 4965 ἀπαθείας
2619 4903 2930 4970 τεκμήριον.

2689 5053 2705 5070 .
2727 5012 2980 5066 ΚΕΦΑΛ.
3022 5012 3124 5063 IA’.

2210 5128 2347 5201 Περὶ
2383 5128 2439 5181 δὲ
2470 5124 2564 5180 τοῦ
2599 5123 2870 5194 δαίμονος,
2902 5121 2998 5174 τοῦ
3027 5121 3126 5190 τὴν
3157 5121 3333 5190 ψυχὴν
3361 5117 3664 5190 ἀναισθητεῖν

2142 5220 2445 5284 ποιοῦντος,
2472 5217 2525 5271 τί
2547 5217 2626 5270 δεῖ
2656 5215 2834 5283 λέγειν
2857 5231 2872 5280 ;
2917 5211 3056 5278 Ἐγὼ
3081 5211 3190 5283 γὰρ
3217 5212 3430 5265 δέδοικα
3452 5211 3544 5264 καὶ
3562 5208 3665 5278 γρὰ·

2148 5329 2270 5383 φειν
2301 5310 2430 5380 περὶ
2454 5305 2639 5372 αὑτοῦ,
2677 5304 2795 5368 πῶς
2823 5304 2856 5373 ἡ
2887 5304 3032 5374 ψυχὴ
3070 5303 3173 5372 τῆς
3197 5303 3404 5366 οἰκείας
3431 5301 3662 5368 ἐξίσταται

2147 5403 2568 5464 καταστάσεωςσ
2613 5399 2766 5466 παρά
2801 5397 2908 5467 γὰρ
2937 5396 3026 5448 τὸν
3063 5395 3252 5465 καιρὸν
3287 5395 3386 5464 τῆς
3416 5390 3664 5461 ἐπιδημίας

2150 5493 2461 5573 αὐτοῦηκαὶ
2498 5491 2589 5545 τὸν
2631 5487 2794 5558 φόϐον
2840 5485 2932 5541 τοῦ
2961 5485 3116 5552 Θεοῦ,
3164 5485 3257 5539 καὶ
3289 5483 3385 5555 τὴν
3419 5481 3661 5539 εὐλάϐειαν
