3838 6056
125 303 262 372 1213

1104 302 1203 362 DE
1263 295 1635 360 MALIGNIS
1696 291 2352 354 COGITATIONIBUS.

3197 269 3333 335 1214

114 419 426 484 ἀποδύεται,
457 418 551 473 καὶ
594 417 694 488 τὴν
728 416 1023 490 ἁμαρτίαν,
1074 419 1172 488 οὑχ
1221 415 1494 488 ἁμαρτίαν
1531 410 1671 467 εἶναι

1799 419 1943 477 netu,
1990 426 2051 466 ac
2103 410 2393 465 devotione
2423 403 2656 470 exuitur,
2702 411 2815 457 tum
2858 407 3137 470 peceatum
3181 400 3339 466 putat

114 513 403 583 λογίζεται,
456 514 549 565 καὶ
593 512 691 582 τὴν
740 511 1085 582 παρανομίαν
1131 512 1191 564 ού
1235 508 1447 580 νομίζει
1497 524 1674 578 παρα-

116 605 328 680 νομίαν,
364 604 638 668 κολάσεως
670 604 726 657 δὲ
757 605 850 658 καὶ
881 605 1115 673 κρίσεως
1144 602 1385 668 αἰωνίου,
1414 601 1489 663 ὡς
1520 597 1674 667 ψιλοῦ

118 700 361 770 ῥήματος
392 695 683 766 μέμνηται,
716 695 990 765 καταγελᾷ
1014 694 1071 748 δὲ
1099 694 1265 756 ὅντως
1289 691 1512 761 σεισμοῦ
1548 706 1678 758 πυρ-

118 791 307 860 φόρου,
354 788 448 843 καὶ
475 785 605 845 Θεὸν
645 786 741 857 μὲν
771 785 933 855 δῆθεν
986 784 1256 854 ὁμολογεῖ,
1299 783 1351 836 τί
1403 782 1459 834 δὲ
1508 795 1679 850 προσ-

119 880 305 945 έταξεν
335 880 435 932 οὐκ
460 878 746 931 ἐπίσταται
768 895 781 908 ·
822 876 1049 940 τύπτεις
1074 878 1154 938 είς
1182 875 1249 929 τὰ
1279 873 1472 945 στήθη,
1504 889 1682 925 κινου-

124 972 287 1043 μένης
336 969 508 1040 αύτῆς
557 970 695 1041 πρὸς
742 969 841 1040 τὴν
894 968 1198 1039 ἁμαρτίαν,
1250 966 1344 1021 καὶ
1393 964 1532 1035 enim;
1583 964 1683 1017 οὐκ

122 1062 457 1119 αἰσθάνεται.
477 1060 609 1115 Ἀπὸ
639 1061 871 1132 Γραφῶν
899 1061 1141 1132 διαλέγῃ,
1171 1060 1266 1111 καὶ
1292 1059 1387 1129 ὅλη
1415 1055 1684 1126 πεπώρω-

122 1171 229 1218 ται,
264 1155 358 1207 καὶ
384 1154 485 1209 οὐκ
522 1152 731 1207 ἀκούει’
775 1151 976 1215 ὄνειδος
1004 1152 1136 1219 αὐτῇ
1169 1150 1230 1203 τὺ
1263 1151 1414 1220 παρὰ
1452 1148 1558 1200 τῶν
1587 1146 1684 1200 ἀν-

125 1243 356 1316 θρώπων
387 1244 742 1313 προσφέρεις,
773 1241 869 1295 καὶ
892 1241 952 1293 οὐ
982 1240 1253 1308 λογίζεται
1282 1237 1380 1308 τὴν
1404 1236 1557 1307 παρὰ
1578 1238 1688 1299 τοῖς

123 1334 429 1406 ἀνθρώποις
462 1335 746 1405 αἰσχύνην,
787 1335 882 1389 καὶ
915 1333 1052 1402 αὕτη
1077 1333 1215 1394 ὅλως
1245 1333 1306 1384 ού
1336 1332 1568 1399 συνίησι,
1603 1330 1684 1383 δί-

124 1446 224 1498 κην
266 1429 450 1500 χοίρου
486 1426 879 1498 καμμύσαντος
912 1425 1243 1495 ὀφθαλμοὺς,
1268 1424 1363 1477 καὶ
1403 1423 1492 1476 τὸν
1515 1439 1691 1493 φραγ-

129 1522 227 1591 μὸν
250 1520 635 1584 διακόπτοντος
657 1538 671 1552 ·
705 1519 889 1573 τοῦτον
917 1519 973 1572 δὲ
1012 1516 1102 1571 τὸν
1138 1516 1367 1586 δαίμονα
1387 1514 1691 1580 κενοδοξίας

123 1611 467 1685 χρονίσαντες
501 1612 763 1680 ἐπάγουσι
811 1609 1082 1677 λογισμοὶ,
1128 1603 1187 1662 οὗ
1230 1609 1279 1660 εί
1322 1607 1399 1676 μὴ
1428 1605 1691 1661 ἐκολοϐώ-

125 1703 293 1773 θησαν
322 1703 380 1755 αί
407 1702 633 1777 ἡμέραι,
661 1703 760 1755 οὐκ
783 1701 847 1755 ἂν
875 1697 1050 1769 ἐσώθη
1079 1700 1229 1751 πᾶσα
1257 1696 1413 1766 σάρξ.
1448 1695 1556 1750 Καὶ
1583 1698 1690 1767 γὰρ

124 1794 227 1849 τῶν
255 1794 499 1857 σπανίως
532 1792 985 1864 παραϐαλλόντων
1017 1793 1127 1851 τοῖς
1156 1789 1424 1858 ἀδελφοῖς,
1450 1788 1565 1841 ἐστὶ
1592 1787 1686 1840 καὶ

124 1886 158 1957 ἠ
187 1886 333 1939 αἰτία
363 1885 631 1956 πρόδηλος
653 1903 665 1915 ο
710 1885 807 1937 ἐπὶ
842 1884 1147 1953 συμφοραζς
1179 1880 1287 1953 γὰρ
1326 1881 1529 1951 ἐτέρων
1561 1878 1594 1950 ἢ
1629 1881 1685 1931 ὲν

125 1977 295 2040 νόσοις
323 1977 680 2047 πιεζομένων,
726 1975 765 2047 ἢν
808 1977 866 2031 ὲν
903 1974 1172 2044 φυλακαῖς
1197 1971 1620 2042 δυστυχούντων,
1651 1970 1685 2042 ἢ

126 2070 412 2138 αίφνιδίοις
469 2066 908 2139 περιπιπτόντων
965 2066 1253 2129 θανάτοις,
1325 2062 1687 2134 φυγαδεύεται

126 2155 291 2227 οὗτος,
320 2162 423 2229 τῆς
450 2160 625 2231 ψυχῆς
652 2159 795 2213 κατὰ
827 2158 1021 2230 μικρὸν
1064 2155 1565 2226 κατανυσσομένης.
1594 2153 1689 2207 καὶ

127 2256 202 2317 είς
232 2251 574 2321 συμπάθειαν
601 2250 926 2323 ἐρχομένης,
955 2252 1051 2303 καὶ
1075 2248 1421 2316 διαλυομένου
1450 2247 1544 2300 τοῦ
1576 2247 1691 2299 δαι-

132 2343 310 2415 μονίου
362 2342 729 2415 πωρώματος,
780 2336 854 2395 ὧν
899 2342 1062 2417 ἡμεῖς
1108 2339 1422 2409 ἀποροῦμεν
1471 2336 1560 2390 διὰ
1591 2335 1689 2417 τὴν

128 2406 357 2509 ἔρημον,
422 2406 658 2508 καὶ-τὴν
718 2406 1079 2491 σπάνιν-*τῶν
1142 2406 1270 2504 παρ’
1329 2432 1461 2504 ἡμῖν
1525 2406 1704 2482 ἀσθεί

136 2544 221 2581 νου
228 2544 385 2588 ντων.

718 2835 969 2893 ΚΕΦΔΛ.
1008 2836 1108 2890 IB'.

201 2950 406 3008 Τοῦτον
436 2949 527 3005 τὸν
557 2948 790 3021 δαίμονα
823 2949 1060 3020 μάλιστα
1090 2945 1406 3018 φυγαδεύων
1434 2947 1462 3000 ό
1491 2946 1693 3018 Κύριος

135 3045 191 3100 ὲν
221 3047 328 3109 τοῖς
378 3041 725 3111 Εὐαγγελίσις
768 3038 1097 3109 προσέταξεν
1140 3038 1497 3102 ἀσθενοῦντας
1536 3040 1690 3109 όρᾷν,

134 3139 224 3193 καὶ
247 3137 375 3200 τοὺς
406 3137 463 3188 ὲν
494 3134 706 3205 φυλακῇ
733 3130 1154 3189 ἐπισκέπτεσθαι
1175 3145 1191 3161 ο
1245 3148 1263 3181 ι
1301 3129 1555 3201 Ἀσθενὴς
1583 3130 1694 3201 γὰρ

134 3228 295 3297 ἢμην,
327 3226 484 3297 φησὶ,
512 3224 603 3281 καὶ
636 3220 1010 3288 ἐπεσκέψασθέ
1042 3238 1130 3292 με,
1162 3222 1255 3275 καὶ
1278 3222 1335 3275 ὲν
1369 3222 1579 3293 φυλακῇ
1602 3223 1698 3275 καὶ

136 3318 317 3389 ηλθετε
349 3318 485 3390 πρός
517 3334 603 3387 με.
644 3335 662 3367 ι
699 3315 845 3385 Πλὴν
874 3313 1033 3377 τοῦτο
1061 3314 1324 3379 ίστέον,εῐ
1342 3331 1423 3378 τις
1447 3312 1557 3368 τῶν
1569 3315 1698 3368 ἀνα-

135 3410 417 3482 χωρητῶν,
462 3406 774 3489 περιπεσὼν
806 3406 977 3477 τούτῳ
1008 3405 1085 3476 τῷ
1127 3404 1369 3477 δαίμονι,
1409 3405 1700 3477 λογισμοὺς

137 3502 233 3557 οὐκ
273 3502 434 3570 ἔλαϐε
481 3501 791 3574 πορνικοὺς,
833 3498 987 3570 ἢτὸν
1030 3492 1177 3558 οἷκον
1208 3496 1435 3568 ἀκηδίας
1476 3497 1540 3550 οὐ
1566 3515 1699 3551 κατ-

139 3593 337 3661 έλιπεν,
355 3586 510 3665 οὗτος
539 3590 912 3663 σωφροσύνην,
937 3590 1031 3642 καὶ
1048 3589 1326 3659 ὑπομονὴν
1342 3589 1436 3641 ἀπ’
1458 3588 1699 3659 οὐρανῶν

140 3685 348 3752 ἐδέξατο
394 3682 779 3748 κατελθούσας,
814 3682 909 3735 καὶ
941 3679 1209 3750 μακάριός
1242 3680 1365 3741 ἐστι¹
1382 3679 1482 3749 τῆς
1518 3678 1701 3732 τοιαύ-

140 3794 231 3847 της
258 3774 612 3843 καταξιωθεὶς
641 3773 929 3834 ἀπαθείας.
966 3773 1120 3825 Ὅσοι
1149 3770 1207 3823 δὲ
1235 3769 1343 3823 τῶν
1376 3769 1703 3839 ἐπαγγελλο-

144 3870 317 3941 μένων
340 3867 672 3931 θεοσέὸειαν,
700 3865 796 3919 καὶ
821 3865 1100 3934 κοσμικαῖς
1132 3860 1541 3925 συναυλίζεσθαι
1572 3877 1703 3931 προ-

142 3961 439 4034 αιροῢνται,
468 3955 917 4028 φυλαττέσθωσαν
938 3954 1127 4009 τούτου
1148 3953 1241 4007 τοῦ
1258 3953 1527 4024 δαίμονος.
1566 3952 1705 4021 Ἐγὼ

144 4054 246 4126 γὰρ
280 4054 407 4124 περὶ
435 4050 601 4105 αὑτοῦ
632 4048 791 4102 πλέον
821 4064 874 4100 τι
901 4046 1097 4115 λέγειν,
1122 4045 1156 4115 ἢ
1183 4045 1434 4118 γράφειν,
1464 4046 1705 4109 καὶτοὺς

146 4142 460 4216 ἀνθρώπους
492 4140 842 4211 αἰσχύνομαι.
866 4202 875 4209 .
904 4201 910 4209 _

734 4488 987 4545 ΚΕΦΑΛ.
1030 4488 1133 4550 Il".

216 4608 427 4670 Πάντες
448 4607 496 4665 οἱ
526 4604 777 4673 δαίμονες
811 4602 1091 4674 φιλήδονον
1136 4601 1441 4655 διδάσκουσι
1474 4600 1573 4674 τὴν
1598 4601 1671 4671 ψυ
1683 4630 1709 4647 ης

151 4702 268 4785 χήν·
316 4700 471 4770 μόνος
506 4698 563 4751 δὲ
592 4699 620 4750 ὁ
649 4697 748 4766 τῆς
778 4693 956 4765 λύπης
999 4691 1227 4763 δαίμων,
1254 4692 1408 4746 τοῦτο
1449 4693 1707 4764 πράττειν

153 4792 213 4845 οὐ
246 4791 621 4861 καταδέχεται,
668 4787 802 4840 ἀλλά
827 4789 921 4840 καὶ
945 4785 1053 4839 τῶν
1083 4785 1429 4839 εἰσελθόντων
1457 4787 1583 4847 τοὺς
1617 4784 1708 4837 λο-

154 4882 381 4952 γισμοὺς
407 4880 729 4951 διαφθείρει,
783 4879 962 4931 πᾶσαν
1007 4876 1199 4948 ἡδονὴν
1227 4877 1574 4948 περικόπτων
1615 4876 1712 4929 καὶ

158 4973 423 5044 ξηραῐνων
449 4974 621 5043 αὐτὴν⁴
648 4971 736 5025 διὰ
770 4971 866 5040 τῆς
890 4968 1087 5039 λύπης.
1119 4969 1290 5039 Είπερ
1322 4969 1513 5040 ἀνδρὸς
1543 4969 1715 5037 λυπη-

163 5063 251 5134 ροῦ
279 5064 586 5137 ξηραίνεται
623 5062 776 5123 ὀστᾶ,
812 5062 906 5114 καὶ
948 5061 1180 5132 μετρίως
1211 5060 1310 5130 μὲν
1343 5059 1594 5130 πολεμῶν
1624 5059 1713 5112 86.-

158 5171 312 5225 κιμον
354 5157 443 5210 τὸν
498 5152 850 5225 ἀναχωρητὴν
904 5148 1309 5223 ἀπεργάζεταιο
1373 5151 1549 5204 πείθει
1609 5150 1717 5219 γὰρ

160 5244 315 5301 αὑτὸν
390 5246 554 5318 μηδὲν
626 5246 732 5299 τῶν
821 5242 1026 5313 κόσμου
1104 5245 1291 5298 τούτου
1364 5242 1715 5315 προσίεσθαι,

160 5336 251 5391 καὶ
298 5341 478 5393 πᾶσαν
524 5339 716 5409 ἡδονὴν
779 5320 1197 5412 περιίστασθαι,
1230 5337 1409 5390 πλεῖον
1448 5335 1505 5388 δὲ
1550 5350 1720 5404 προσ-

163 5429 471 5500 καρτερῶν,
554 5432 718 5501 γεννᾷ
788 5431 1079 5502 λογισμοὺς
1156 5428 1449 5496 ὑπεξάγειν
1516 5424 1705 5480 ἑαυτὸν

162 5520 226 5589 τῇ
254 5519 395 5593 ψυχῇ
432 5521 917 5595 συμϐουλεύοντας,
950 5522 982 5593 ἢ
1015 5522 1234 5591 φεύγειν
1259 5520 1366 5575 τῶν
1391 5521 1572 5573 τόπων
1603 5535 1709 5590 μα-

1774 520 1882 557 non
1912 518 2035 558 esse
2061 511 2369 572 peccatum,
2414 508 2526 553 tum
2562 495 2901 565 iniquitatem
2944 506 3055 545 non
3083 487 3336 558 opinatum

1775 613 1894 654 esse
1927 598 2291 667 iniquitatem,
2324 603 2438 648 tum
2480 592 2813 662 punitionem
2846 595 3123 652 aeternam,
3155 600 3219 640 ac
3247 583 3338 653 ju-

1776 692 1973 746 dicium
2027 698 2282 759 tanquam
2356 686 2585 755 simplex
2636 681 2854 736 effatum
2908 684 3340 739 commemorat,

1779 794 1892 839 tum
1928 784 2135 837 deridet
2183 791 2364 835 motus
2415 777 2806 833 concussiones
2862 786 2989 825 vere
3036 768 3341 838 igniferas,

1781 886 1894 933 tum
1931 876 2095 931 Deum
2130 874 2381 929 videlicet
2408 871 2715 940 conﬁtetur,
2751 876 2826 929 at,
2872 864 3002 933 quid
3048 860 3338 917 mandarit}

1782 970 2027 1040 ignorat;
2084 967 2323 1037 percutis
2374 964 2427 1019 in
2480 974 2716 1034 pectora,
2751 957 2969 1029 quando
3010 970 3072 1009 ea
3107 952 3343 1025 (scilicet

1782 1059 1999 1127 anima)
2034 1066 2280 1112 movetur
2314 1055 2379 1109 ad
2413 1064 2696 1124 peccatum
2719 1090 2735 1114 ,
2769 1057 2823 1103 et
2863 1049 2980 1116 ipsa
3014 1061 3120 1101 non
3156 1044 3338 1099 sentit.

1784 1150 1860 1204 Ex
1896 1148 2191 1217 Seriptnris
2224 1160 2526 1200 sermonem
2558 1143 2756 1205 habes,
2788 1139 2985 1208 illaque
3026 1147 3135 1190 tota
3164 1149 3342 1189 excae-

1784 1250 1904 1295 cata
1935 1248 2138 1297 manet.
2169 1254 2268 1291 nec
2292 1236 2476 1301 audit;
2508 1233 2733 1288 adducis
2766 1230 2864 1297 ipsi
2893 1229 3032 1298 quod
3066 1227 3132 1280 ab
3165 1224 3343 1280 homi-

1787 1331 1946 1385 nihus
2000 1328 2160 1400 524
2210 1327 2441 1382 infertur
2489 1323 2746 1380 dedecus.
2799 1330 2851 1373 et
2904 1335 3009 1373 non
3069 1322 3345 1386 computat

1787 1421 2158 1493 opprobrium,
2196 1418 2340 1488 quod
2372 1428 2457 1471 est
2482 1414 2621 1482 apud
2663 1411 2948 1475 homines;
2987 1410 3211 1478 ipsaque
3252 1421 3345 1475 ρε-

1787 1514 1937 1568 nitus
1966 1527 2073 1567 non
2095 1507 2368 1579 intelligit,
2403 1505 2468 1560 ad
2499 1506 2670 1559 instar
2704 1502 2851 1572 porci
2886 1500 3187 1555 claudentis
3216 1512 3347 1551 ocu-

1791 1607 1872 1660 los
1898 1648 1911 1668 ,
1984 1616 2274 1672 sepemque
2320 1595 2674 1653 discindentis
2720 1612 2733 1646 :
2776 1590 3131 1662 cogitationes
3164 1595 3345 1640 autem

1790 1714 1942 1753 vanae
1980 1697 2164 1767 gloria:
2203 1692 2409 1749 diutius
2463 1690 2822 1743 immanentes
2876 1684 3023 1737 hunc
3080 1678 3348 1733 inducunt

1789 1793 2110 1853 (Immunem,
2142 1785 2300 1855 cujus
2334 1783 2434 1837 nisi
2467 1776 2763 1834 abhreviati
2797 1774 3028 1830 fuissent
3060 1771 3200 1833 dies,
3232 1784 3349 1849 non

1790 1881 1939 1936 salva
1973 1877 2111 1930 foret
2137 1873 2320 1929 omnis
2351 1885 2479 1925 caro
2504 1869 2567 1922 ³⁸.
2610 1867 2819 1922 Etenim
2856 1862 2999 1933 quod
3034 1876 3111 1915 ea:
3140 1843 3347 1929 cogita-

1791 1972 1965 2026 tiones
1998 1983 2121 2022 raro
2151 1963 2411 2021 accedant
2444 1961 2509 2015 ad
2561 1959 2756 2012 fratres
2777 1997 2792 2021 ,
2841 1969 3005 2009 causa
3058 1950 3348 2005 manifesta

1790 2070 1891 2118 est.
1928 2059 2066 2114 Dum
2092 2071 2284 2127 nempe
2309 2055 2399 2107 alii
2449 2062 2543 2106 aut
2572 2047 2990 2110 calamitatibus,
3024 2053 3119 2099 aut
3142 2041 3349 2097 morbis

1791 2156 2183 2227 Opprimantur,
2219 2158 2313 2204 aut
2348 2148 2545 2202 misere
2576 2145 2774 2214 degant
2803 2141 2895 2195 alii
2935 2140 2989 2193 in
3015 2136 3349 2200 carceribus,

1791 2258 1885 2302 aut
1940 2247 1993 2299 in
2050 2252 2253 2298 mortes
2313 2238 2554 2294 incidant
2599 2234 2939 2306 repentinas,
2988 2231 3091 2285 iste
3137 2229 3347 2283 daemon

1791 2340 2079 2409 eﬂ'ugatur,
2104 2350 2227 2391 cum
2255 2333 2438 2386 anima
2469 2329 2723 2401 paulatim
2754 2330 3168 2395 compungatur,
3202 2326 3256 2374 et
3284 2317 3355 2371 ad

1792 2430 2224 2501 compassionem
2267 2424 2484 2486 veniat,
2534 2422 2722 2490 sicque
2771 2416 3101 2479 excaecatio,
3151 2426 3270 2482 quae
3321 2424 3357 2465 δ

1791 2526 2037 2580 daemone
2095 2520 2272 2575 fuerat
2316 2523 2598 2587 compacta
2630 2552 2646 2578 ,
2700 2510 3030 2566 dissolvatur
3080 2526 3095 2561 :
3158 2504 3354 2574 quibus

1794 2616 2035 2689 (scilicet
2076 2609 2304 2681 mediis)
2341 2624 2441 2664 nos
2470 2604 2711 2662 destituti
2746 2618 2938 2659 sumus
2974 2606 3192 2669 propter
3219 2594 3357 2651 soli-

1795 2688 2061 2771 tudinem,
2098 2712 2153 2759 et
2187 2698 2564 2772 mgrotantium
2599 2694 2884 2766 penuriam
2924 2688 3066 2759 apud
3102 2701 3223 2740 nos.

2383 2827 2609 2888 CAPUT
2646 2826 2762 2881 XII.

1865 2948 2180 3008 istiusmodi
2217 2947 2521 3002 daemonem
2557 2940 2791 2995 maxime
2825 2938 2879 2990 in
2914 2934 3099 3005 fugam
3131 2944 3361 2986 conver—

1797 3056 1918 3102 tens
1950 3042 2211 3097 Dominus
2256 3039 2311 3092 in
2358 3032 2662 3103 Evangeliis
2713 3027 2987 3099 praecepit,
3022 3024 3241 3079 visitare
3273 3021 3361 3074 in-

1798 3139 2008 3200 firmos,
2042 3144 2096 3187 et
2126 3130 2363 3185 invisere
2398 3140 2525 3190 eos,
2557 3123 2651 3194 qui
2688 3126 2818 3176 sunt
2860 3118 2915 3172 in
2944 3130 3179 3171 carcere.
3218 3131 3237 3164 ι
3274 3112 3364 3166 ln-

1800 3234 1989 3288 ﬁrmus
2040 3228 2184 3284 enim
2234 3224 2312 3279 fui
2373 3219 2659 3295 (inquit),
2712 3226 2767 3273 et
2818 3213 3081 3271 visitastis
3128 3224 3258 3275 me;
3309 3214 3366 3262 et

1799 3327 1854 3382 in
1887 3337 2105 3381 carcere
2140 3320 2242 3381 fui,
2277 3327 2330 3373 et
2359 3314 2584 3370 venistis
2616 3312 2683 3366 ad
2713 3325 2800 3365 me
2822 3308 2886 3363 ¹⁶.
2913 3326 2932 3359 ι
2973 3304 3363 3361 Verumtamen

1800 3420 1903 3473 hoc
1952 3413 2231 3471 sciendum
2277 3408 2441 3477 quod,
2498 3404 2671 3475 siquis
2710 3400 3183 3463 anachoretarum,
3239 3410 3366 3449 cum

1799 3512 1854 3565 in
1884 3510 2026 3562 hunc
2060 3506 2359 3559 daemonem
2395 3496 2686 3562 inciderit,
2735 3493 3089 3564 cogitationes
3128 3502 3233 3542 non
3264 3485 3366 3540 ha-

1800 3601 1919 3657 buit
1952 3596 2309 3657 meretricias,
2357 3599 2451 3646 attt
2500 3588 2754 3651 domum,
2807 3586 2920 3639 sive
2962 3581 3213 3638 cellulam
3256 3592 3366 3632 non

1802 3692 2089 3762 dereliquit
2120 3702 2232 3759 prae
2281 3684 2510 3748 desidia,
2561 3682 2665 3737 iste
2717 3676 3157 3749 temperantiam,
3206 3682 3369 3740 atque

1800 3783 2119 3857 patientiam
2148 3794 2179 3833 e
2207 3776 2360 3832 etelis
2395 3771 2785 3829 descendentes
2828 3777 2909 3824 est
2953 3773 3237 3822 assecutus
3257 3802 3271 3826 ,
3304 3774 3370 3814 ac

1802 3855 1993 3934 beatus
2022 3874 2251 3934 exsistit,
2296 3868 2391 3939 qui
2422 3866 2517 3921 tali
2548 3861 2818 3935 passionis
2844 3859 3118 3914 vacuitate
3163 3855 3364 3924 dignus

1804 3982 1889 4029 est
1946 3971 2182 4025 habitus.
2216 3965 2491 4033 Quotquot
2537 3969 2715 4014 autem
2762 3956 3003 4012 divinum
3049 3951 3370 4023 profitentur

1809 4065 2041 4125 cultum,
2078 4069 2130 4113 ct
2163 4054 2476 4117 mundanis,
2508 4067 2604 4107 seu
2637 4049 2991 4105 saecularibus
3038 4046 3243 4114 eligunt
3275 4055 3371 4096 co-

1806 4155 2081 4215 habitare,
2112 4158 2337 4204 eaveant
2367 4143 2524 4215 525
2557 4144 2624 4196 ab
2654 4142 2759 4197 isto
2784 4140 3029 4195 dtemone
3055 4153 3069 4189 :
3097 4148 3198 4205 ego
3223 4132 3369 4187 enim

1806 4246 1874 4302 de
1912 4247 2029 4314 ipso
2076 4240 2306 4310 amplius
2346 4237 2546 4306 aliqu-id
2589 4234 2767 4288 dicere
2808 4241 2901 4286 aut
2943 4227 3181 4285 scribere
3207 4225 3369 4280 etiam

1812 4341 1959 4409 ipsos
1988 4333 2232 4389 homines
2258 4327 2615 4383 verecundor.

2386 4478 2613 4537 CAPUT
2650 4477 2790 4532 λιιι.

1881 4603 2082 4658 Omnes
2115 4598 2389 4653 daemones
2416 4594 2643 4648 edocent
2671 4590 2931 4652 animam,
2980 4597 3036 4642 ut
3065 4601 3255 4641 amans
3301 4585 3371 4639 sit

1810 4697 2173 4764 voluptatum;
2212 4688 2361 4745 solus
2395 4695 2580 4740 autem
2602 4684 2809 4739 daemon
2839 4680 3077 4735 tristitim
3109 4678 3161 4731 id
3194 4676 3373 4730 facere
3406 4726 3407 4729 η

1814 4796 2073 4849 recusat,
2131 4781 2225 4836 sed
2267 4777 2656 4833 introeuntium
2699 4772 3051 4843 cogitationes
3091 4768 3370 4837 disperdit,

1814 4878 2142 4946 voluptatem
2184 4888 2399 4926 omnem
2432 4871 2625 4925 animae
2656 4866 3020 4930 imminuens,
3067 4877 3130 4916 ac
3175 4859 3372 4913 infrin-

1814 4986 1966 5042 gens,
2002 4969 2284 5036 ipsamque
2313 4961 2617 5017 arefaciens
2645 4974 2741 5029 per
2772 4958 3035 5012 dolorem.
3091 4951 3371 5023 Siquidem

1816 5058 2054 5115 hominis
2099 5071 2210 5126 prae
2237 5053 2453 5109 tristitia
2484 5050 2715 5107 dolentis
2757 5049 3098 5102 exsiccantur
3136 5058 3261 5099 ossa
3293 5042 3377 5108 ‘7;

1816 5163 1872 5209 et
1916 5149 2259 5205 mediocriter
2283 5147 2505 5217 quidem
2534 5144 2857 5213 belligerans
2887 5138 3171 5209 probatum
3215 5134 3374 5189 eﬂicit

1820 5241 2246 5302 anachoretam;
2295 5234 2583 5309 persuadet
2624 5232 2823 5303 quippe
2858 5230 2963 5300 ipsi
3004 5229 3071 5283 ab
3118 5226 3373 5281 omnibus

1823 5333 2049 5402 hujusce
2090 5330 2276 5391 mundi
2328 5329 2492 5382 rebus
2543 5325 2854 5389 abhorrere,
2905 5333 3229 5389 omnemque
3274 5330 3348 5369 vo

1811 5424 2069 5493 luptatem
2121 5421 2363 5486 evitare;
2420 5418 2539 5488 plus
2587 5430 2715 5472 vero
2758 5425 3110 5484 perseverans
3150 5411 3379 5477 generat

1816 5516 2169 5589 cogitationes
2226 5512 2570 5568 consulentes
2625 5510 2817 5563 anima:
2866 5521 2986 5561 sese
3032 5502 3377 5569 subducere,

238 5695 281 5729 “
307 5694 491 5755 Matth.
525 5714 669 5763 xxiv,
700 5698 768 5753 ‘22
794 5716 807 5765 ;
832 5700 999 5753 Marc.
1032 5716 1145 5765 xm,
1180 5696 1267 5751 '20.
1347 5697 1387 5728 ¹⁶
1434 5695 1620 5753 Matth.
1653 5710 1778 5757 xxv,
1809 5693 1894 5749 56.
1974 5694 2014 5724 ¹⁷
2052 5691 2209 5745 Prov.
2237 5688 2491 5749 “11.22.
