3804 6052
58 311 226 377 1217

1072 318 1170 379 DE
1226 318 1597 380 MALIGNIS
1670 317 1810 378 COG
1820 316 2322 379 ITATIONIBUS.
3170 306 3307 374 1218

50 440 165 489 τις
200 424 467 495 προδότης
494 427 729 500 πονηρὸς
756 428 964 500 ἀγαθῆς
995 432 1282 501 γενόμενος
1312 431 1540 494 πόλεως.
1568 429 1658 483 Διὸ

1776 429 2062 483 :lancu‘lum
2095 431 2270 499 aperit
2297 436 2500 498 portas,
2556 439 2745 495 eStque
2771 426 2917 481 velut
2946 426 3165 496 quidam
3193 443 3310 480 ma-

51 517 176 569 καὶ
207 517 348 570 πάνυ
378 521 624 572 ταπεινοῖ
653 519 748 573 τοῦ
776 521 1186 592 ἀναχωροῦντος
1214 522 1305 575 τὸν
1345 520 1489 585 νοῦν,
1522 522 1651 574 πολ-

1776 538 1837 576 us
1866 523 2107 591 proditor
2141 523 2295 577 bona:
2326 522 2503 584 urbis;
2547 521 2664 573 ideo
2698 519 3035 574 anachoreta:
3060 559 3074 583 ,
3113 535 3207 573 seu
3258 520 3312 573 in

53 606 191 660 λῶν
236 609 409 678 λόγων
435 610 598 665 αὑτὸν
635 613 729 665 καὶ
758 613 1105 684 πραγμάτων
1146 614 1389 685 πληρῶν,
1431 614 1526 667 καὶ
1554 615 1651 677 τὰς

1776 628 1967 669 ’8085811
2025 615 2269 685 degetttis
2307 614 2461 667 valde
2510 620 2743 665 mentem
2798 610 3079 673 humiliat,
3127 610 3313 663 multis

54 703 391 772 προσευχὰς
417 704 582 757 αὐτοῦ
616 703 1010 775 λυμαινόμενος
1056 708 1122 759 δι’
1150 701 1223 762 ὧν
1251 708 1427 761 πάντα
1458 707 1525 761 τά
1554 707 1651 777 τῆς

1776 717 1876 755 :um
1909 703 2127 772 replens
2173 703 2478 757 intellectus
2516 700 2866 772 conceptihus
2890 742 2903 766 ,
2956 711 3115 771 atque
3150 716 3316 770 nego-

52 790 264 861 ψυχῆς
294 793 458 845 αὐτοῦ
490 795 779 865 τραύματα
811 796 1133 868 θεραπεύειν
1161 799 1471 863 σπουδάζει.
1515 799 1652 853 Τοῦ-

1778 793 1879 858 iis,
1919 794 2274 865 inﬁciensqu
2320 795 2410 849 lue
2461 794 2633 863 ipsius
2687 794 2981 855 orationes,
3038 808 3132 861 per
3180 807 3317 859 quas

54 898 170 934 τον
198 883 297 936 τὸν
328 883 586 956 λογισμὸν
635 886 954 953 συναύξουσι
993 890 1199 953 πάντες
1246 891 1566 961 ἡττηθέντες
1604 890 1653 943 oi

1776 887 1949 939 mima:
1981 901 2094 941 suae
2123 889 2350 941 vulnera
2379 887 2557 941 studet
2587 887 2702 956 ipse
2737 902 2947 941 curare.
2983 885 3182 939 Omnes
3211 885 3318 937 dae-

55 972 360 1043 δαίμονες,
393 977 486 1031 καὶ
512 978 673 1032 πάλιν
702 980 771 1033 δι’
802 981 965 1035 αὑτοῦ
996 983 1194 1047 πάντες
1240 985 1319 1047 εἰς
1347 984 1445 1046 τὰς
1481 982 1655 1052 ψυχὰς

1776 992 1964 1043 nones,
1996 981 2086 1051 qui
2115 981 2307 1034 devicti
2341 988 2505 1043 sunt,
2552 979 2696 1033 hanc
2744 979 3125 1048 cogitationem
3157 977 3320 1030 simul

55 1069 456 1141 λαμῦάνουσιν
507 1073 730 1142 εἴσοδον,
782 1075 1060 1140 ποιοῦντες
1108 1076 1274 1141 ὅντως
1322 1077 1387 1129 τὰ
1431 1078 1653 1147 ἔσχατα,

1776 1081 1985 1144 lugent;
2017 1082 2070 1128 et
2102 1088 2293 1129 rursus
2324 1072 2504 1127 cuncti
2527 1087 2621 1142 per
2646 1087 2762 1127 eam
2790 1072 2843 1125 in
2866 1071 3076 1125 animas
3106 1070 3311 1123 aditum

59 1164 306 1234 χείρονα
349 1168 457 1222 τῶν
500 1169 751 1239 πρώτων.
798 1172 891 1224 Ἐκ
932 1171 1120 1223 τούτου
1168 1171 1223 1224 δὲ
1261 1173 1520 1238 γεννᾶται
1562 1170 1654 1223 τοῦ

1776 1173 2063 1229 issumunt,
2100 1165 2384 1220 reddentes
2415 1180 2540 1219 vere
2570 1164 2867 1218 novissima
2907 1164 3089 1231 pejora
3121 1162 3321 1231 priori-

59 1257 374 1330 λογισμοῦ,
407 1262 503 1315 καὶ
535 1265 563 1315 ό
596 1264 694 1334 τῆς
728 1264 1102 1335 ὑπερηφανίας
1134 1266 1357 1327 ἐκεῖνος,
1385 1267 1413 1318 ό
1444 1264 1502 1317 τὸ
1531 1267 1657 1318 ἀπο-

66 1354 415 1425 σφράγισμα
464 1357 562 1426 τῆς
614 1357 948 1427 ὁμοιώσεως,
995 1359 1090 1413 καὶ
1141 1359 1232 1412 τὸν
1273 1358 1535 1426 στέφανον
1563 1358 1657 1412 τοῦ

66 1444 319 1509 κάλλους
348 1449 441 1501 ἀπ’
467 1450 709 1519 οὐρανῶν
740 1452 819 1527 είς
847 1451 951 1521 γῆν
982 1450 1331 1515 κατασείσας.
1370 1451 1509 1505 Ἀλλ’
1530 1452 1661 1505 ἀπο-

68 1537 332 1608 πήδησον
360 1540 570 1606 τούτου,
597 1545 689 1598 καὶ
724 1544 798 1614 μὴ
829 1546 1104 1615 χρονίσῃς,
1140 1545 1227 1597 ἵνα
1259 1545 1332 1614 μὴ
1374 1544 1661 1614 προδῶμεν

67 1630 273 1695 ἄλλοις
299 1633 399 1703 τὴν
429 1633 570 1705 ζωὴν
595 1634 774 1705 ἡμῶν,
798 1636 892 1689 καὶ
912 1636 1003 1690 τὸν
1026 1636 1290 1707 ἡμέτερον
1316 1636 1429 1711 βίον
1450 1637 1663 1703 ἀνελεή-

77 1723 246 1789 μοσιζ
263 1723 459 1777 Τοῦτον
486 1725 542 1778 δὲ
566 1727 655 1778 τὸν
683 1726 909 1797 δαίμονα
939 1728 1229 1797 φυγαδεύει
1258 1727 1479 1795 ὲκτενὴς
1502 1742 1663 1793 προσ-

76 1812 253 1883 ευχὴ.
298 1814 392 1867 καὶ
423 1814 482 1868 τὸ
528 1817 693 1887 μηδὲν
743 1819 933 1872 ἑκόντα
975 1822 1169 1882 ποιεῖν,
1203 1819 1311 1872 τῶν
1344 1815 1661 1870 συντελούν-

73 1922 195 1957 των
220 1905 357 1975 πρὸς
380 1907 477 1976 τὴν
498 1908 770 1977 ἐπάρατον
794 1910 972 1976 δόξαν.
999 1911 1167 1964 Ὅταν
1187 1910 1373 1980 ὀλίγης
1395 1909 1660 1972 ἀπαθείας

77 1996 200 2049 τῶν
241 1997 664 2070 ἀναχωρούντων
703 2001 731 2053 ὁ
764 2000 887 2065 νοῦς
934 2002 1296 2071 ἐπιλάϐηται,
1347 2002 1466 2054 τότε
1512 2018 1666 2054 κενο-

75 2083 275 2150 δοξίας
322 2085 486 2141 ἵππον
519 2088 880 2159 κτησάμενος,
912 2090 1112 2153 εὐθέως
1140 2090 1351 2144 ἐλαύνει
1388 2089 1527 2144 κατά
1570 2091 1667 2154 τὰς

81 2176 301 2242 πόλεις,
328 2179 564 2250 ἄκρατον
592 2182 657 2235 ὲκ
682 2182 779 2252 τῆς
804 2182 960 2251 δόξης
989 2183 1396 2253 ἐμφορούμενος
1427 2182 1666 2247 ἔπαινον,

78 2262 152 2336 ᾧ,
186 2270 311 2323 κατ’
337 2272 665 2343 οἰκονομίαν,
707 2273 767 2327 τὸ
801 2273 1016 2343 πνεῦμα
1059 2275 1158 2344 τῆς
1187 2274 1442 2344 πορνείας
1497 2276 1669 2327 ἀπαν-

82 2362 288 2432 τῆσαν,
326 2364 421 2415 καλ¹
453 2365 531 2426 εἰς
560 2363 655 2417 ἕνα
697 2363 804 2418 τῶν
857 2365 1068 2442 συφεῶν
1099 2365 1428 2418 ἀποκλεῖσαν
1460 2364 1666 2425 τοῦτον,

85 2443 345 2509 ἦαιδεύει
374 2456 535 2510 αὐτὸν
571 2458 765 2529 μηκέτι
800 2458 906 2529 πρὸ
932 2458 1032 2528 τῆς
1060 2459 1269 2521 τελείας
1298 2459 1484 2527 ὑγείας
1510 2477 1672 2511 κατα-

84 2548 388 2619 λιμπάνειν
429 2548 528 2621 τὴν
560 2551 768 2621 κλίνην,
805 2551 937 2620 μηδὲ
968 2551 1095 2612 τοὺς
1134 2551 1398 2613 ἀτάκτους
1435 2551 1544 2603 τῶν
1572 2552 1671 2622 ἀρ-

89 2641 324 2711 ῥὼστων
348 2642 653 2711 μιμεῖσθαι,
676 2643 890 2705 οῆινες,
915 2641 993 2694 ἔτι
1019 2642 1247 2710 λείψανα
1266 2645 1370 2712 τῆς
1393 2641 1671 2703 ἀσθενείας

90 2731 156 2784 ὲν
191 2732 407 2794 ἑαυτοῖς
433 2731 841 2802 περιφέροντες,
872 2731 1008 2793 ὁδοῖς
1032 2732 1279 2795 ἑαυτοὺς,
1312 2731 1406 2784 καὶ
1428 2731 1672 2803 λουτροῖς

91 2822 354 2891 ἀκαίροις
400 2821 721 2886 ἐπιδιδόασι,
758 2824 851 2874 καὶ
894 2825 1006 2884 τοῖς
1038 2820 1099 2886 ἐξ
1140 2822 1486 2893 ὑποστροφῆς
1515 2824 1673 2893 νοσή-

96 2933 237 2986 μασι
261 2916 668 2985 περιπί-πτουσι.
696 2917 893 2987 Διόπερ
915 2917 1266 2989 καθεζόμενοι
1292 2918 1491 2989 μᾶλλον
1515 2936 1673 2989 προσ-

94 3008 317 3078 έχωμεν
364 3008 596 3072 ἑαυτοῖς,
645 3009 742 3073 ὡς,
791 3011 1191 3079 προκόπτοντες
1228 3011 1327 3079 μὲν
1366 3010 1436 3064 ὲν
1478 3011 1669 3081 ἀρετῇ,

1758 1258 1859 1312 bus
1883 1259 1950 1311 “.
1988 1256 2067 1312 Ex
2117 1258 2218 1313 hac
2267 1267 2447 1312 autem
2482 1258 2807 1327 cogitatione
2860 1257 3095 1327 gignitur
3124 1265 3176 1311 et
3230 1255 3322 1309 illa

1759 1350 2026 1418 superbiae
2050 1391 2065 1414 ,
2119 1366 2241 1419 quae
2275 1350 2614 1419 signaculum
2648 1347 3016 1405 similitudinis
3038 1388 3051 1412 ,
3089 1363 3153 1402 ac
3196 1348 3321 1416 pul-

1759 1442 2084 1497 chritudinis
2116 1457 2377 1497 coronam
2416 1458 2447 1497 e
2478 1441 2631 1497 caelis
2661 1440 2714 1494 in
2748 1450 2946 1495 terram
2977 1439 3236 1505 decussit,
3260 1455 3325 1493 ac

1760 1532 1971 1602 prolabi
2014 1533 2183 1587 fecit:
2222 1548 2407 1587 verum
2446 1532 2514 1587 ab
2544 1532 2644 1585 ista
2694 1532 2862 1593 resili,
2918 1547 3017 1585 nec
3044 1532 3134 1585 diu
3169 1546 3324 1585 com-

1762 1626 2011 1690 moreris,
2049 1640 2148 1679 nec
2178 1626 2303 1680 aliis
2347 1625 2514 1679 vitam
2554 1632 2834 1689 nostram,
2884 1632 3208 1692 nostrasque
3248 1620 3327 1675 l‘a-

1764 1717 2013 1783 cultatcs,
2073 1733 2137 1773 ac
2196 1718 2340 1772 bona
2395 1716 2923 1771 immisericordihus
2984 1716 3323 1786 prodamus:

1763 1811 1925 1863 istum
1954 1826 2080 1865 vero
2105 1811 2405 1865 daemonem
2431 1811 2649 1865 assidua
2678 1809 2828 1881 fugat
2859 1810 3052 1875 oratio,
3085 1809 3328 1876 nihilque

1764 1903 1995 1957 libenter
2024 1901 2221 1968 facere,
2258 1911 2351 1956 aut
2377 1903 2558 1957 dicere
2591 1903 2827 1967 illorum,
2859 1917 2977 1971 quze
3020 1900 3087 1955 ad
3131 1901 3327 1954 elatam

1766 1997 1990 2067 gloriam
2029 1999 2362 2053 conducunt.
2395 1996 2623 2064 Quando
2652 1998 2980 2067 aliquantam
3010 1996 3327 2065 passionum

1765 2089 2091 2141 vacuitatem
2124 2103 2280 2141 mens
2307 2088 2762 2142 anachoretarum
2795 2097 2954 2142 nacta
2986 2086 3167 2150 fuerit,
3204 2096 3332 2140 tunc

1766 2195 1967 2248 equum
1998 2194 2149 2233 vanze
2172 2179 2358 2249 gloriae
2385 2179 2692 2249 possidens,
2726 2180 2878 2233 ocius
2909 2178 3117 2247 equitat
3144 2179 3210 2232 ad
3242 2193 3331 2231 ur-

1768 2273 1901 2337 bes,
1952 2272 2309 2340 intemperata
2347 2272 2507 2327 laude
2558 2286 2587 2325 e
2639 2271 2809 2341 gloria
2864 2271 3212 2341 ingurgitata,
3268 2284 3334 2324 ac

1768 2364 1993 2433 repleta,
2034 2364 2145 2426 cui,
2192 2364 2346 2433 juxta
2394 2364 2809 2433 providentiam,
2841 2363 3066 2433 spiritus
3096 2361 3335 2416 fornica-

1770 2456 1933 2509 tionis
1955 2456 2120 2526 528
2140 2470 2455 2521 occurrens,
2488 2464 2649 2525 atque
2677 2455 2729 2508 in
2754 2470 2860 2509 una
2885 2471 3168 2525 porcorum
3201 2454 3332 2508 hara

1770 2547 1944 2618 ipsam
1982 2547 2290 2610 recludens,
2330 2546 2520 2601 edocet
2564 2560 2683 2601 eam
2734 2547 3048 2614 neutiquam
3100 2545 3336 2599 derelin-

1771 2655 1939 2710 quere
1990 2640 2191 2694 lectum
2245 2649 2371 2693 ante
2429 2638 2723 2708 perfectam
2781 2639 3177 2700 valetudinem,
3234 2651 3335 2695 nec

1772 2732 2160 2786 immoderatos
2192 2731 2439 2785 inlirmos
2480 2730 2703 2793 imitari,
2752 2732 2866 2798 qui,
2896 2732 3022 2785 dum
3070 2730 3230 2783 etiam
3276 2729 3335 2789 in

1773 2824 1967 2893 seipsis
1996 2823 2253 2893 reliquias
2281 2822 2679 2879 circumferunt
2710 2823 3060 2885 inﬁrmitatis,
3084 2837 3208 2875 sese
3240 2821 3335 2875 de-

1773 2916 1908 2971 dunt
1964 2916 2365 2986 intempestivis
2412 2916 2716 2979 itineribus,
2767 2926 2824 2969 et
2880 2915 3121 2979 balneis,
3173 2914 3340 2982 inque

1774 3008 1994 3063 morbos
2027 3008 2278 3063 incidunt
2326 3007 2583 3063 recidiva.
2629 3007 2991 3074 Quamobrem
3035 3004 3340 3060 secetlendo

94 3100 412 3170 δυσκίνητοι
445 3099 581 3172 πρὸς
605 3100 801 3155 κακίαν
830 3102 1113 3172 γινόμεθα,
1145 3105 1591 3175 ἀνακαινούμενοι
1616 3104 1671 3156 δὲ

1776 3100 1953 3168 potius
1978 3100 2136 3155 nobis
2167 3099 2301 3169 ipsis
2326 3098 2699 3163 attendamus,
2725 3098 2870 3169 quod
2907 3098 3181 3160 nimirum,
3206 3097 3337 3150 dum

97 3194 159 3243 ὲν
210 3193 282 3262 τῇ
328 3190 557 3259 γνώσει,
619 3193 876 3247 ποικίλων
929 3195 1420 3265 προσλαμϐάνομεν
1470 3196 1672 3267 πλῆθος

1776 3194 2157 3262 progredimur
2185 3192 2406 3263 quidem
2440 3192 2497 3246 in
2525 3192 2749 3255 virtute,
2783 3206 2925 3261 aegre
2954 3204 3239 3245 moventur
3269 3185 3338 3242 ad

98 3286 500 3354 θεωρημάτων,
542 3284 833 3356 ύψούμενοι
885 3286 941 3339 δὲ
986 3286 1149 3340 πάλιν
1196 3289 1336 3342 κατά
1371 3289 1467 3358 τὴν
1503 3306 1672 3359 προσ-

1776 3286 2059 3352 malitiam,
2090 3295 2148 3342 et
2183 3287 2311 3342 dum
2346 3288 2399 3341 in
2436 3284 2746 3355 cognitione
2778 3298 3123 3347 renovamur,
3157 3281 3337 3335 varia-

102 3372 272 3443 ευχὴν
302 3372 676 3444 φανερώτερον
703 3374 765 3428 τὺ
784 3373 886 3428 τοῦ
924 3376 1177 3448 Σωτῆρος
1212 3377 1370 3449 ἡμῶν
1405 3377 1672 3432 ἐποπτεύ-

1776 3397 1896 3436 rum
1933 3382 2231 3451 accipimus
2270 3380 2669 3435 multitudinem
2700 3376 3164 3447 speculationem;
3210 3388 3338 3429 rur-

103 3483 278 3536 σομεν
304 3464 441 3536 φῶς.

692 3686 941 3741 sema.
983 3688 1101 3754 ις’.

176 3800 369 3863 Πάσας
390 3801 497 3871 ,μὲν
520 3799 618 3863 τὰς
652 3798 987 3870 κακουργίας
1015 3797 1124 3851 τῶν
1152 3797 1419 3869 δαιμόνων
1446 3797 1677 3869 γράφειν

105 3895 169 3949 οὐ
196 3893 457 3963 δύναμαι,
490 3895 594 3945 καὶ
626 3891 723 3954 τὰς
756 3890 1109 3960 κακοτεχνίας
1152 3889 1331 3943 αὐτῶν
1361 3890 1679 3958 καταλέγειν

106 3985 461 4056 αἰσχύνομαι,
493 3982 745 4046 δεδοικὼς
774 3981 882 4035 τῶν
910 3981 1308 4051 ἐντευξομένων
1334 3985 1459 4047 τοὺς
1484 3984 1681 4037 ἀπλου·

109 4081 359 4150 στέρους.
423 4077 568 4147 Πλὴν
625 4074 683 4127 δὲ
732 4073 825 4126 τοῦ
878 4071 1186 4143 πνεύματος
1237 4073 1335 4144 τῆς
1391 4076 1677 4143 πορνείας,

105 4170 279 4223 ἄκουε
316 4165 671 4236 πανουργίαν.
702 4164 869 4217 Ὅταν
900 4180 985 4226 τις
1014 4163 1107 4215 τοῦ
1142 4162 1538 4233 ἐπιθυμητικοῦ
1583 4165 1679 4233 μέ-

111 4278 244 4330 ρους
291 4259 560 4330 κτήσηται
608 4255 898 4321 ἀπάθειαν,
944 4254 1037 4309 καὶ
1080 4256 1130 4308 oi
1181 4256 1396 4325 αἰσχροὶ
1435 4255 1680 4327 λογισμοὶ

107 4347 302 4402 λοιπὸν
348 4346 647 4417 ύπόψυχροι
693 4344 979 4413 γένωνται,
1030 4344 1092 4397 τὸ
1129 4346 1428 4414 τηνικαῦτα
1474 4346 1681 4413 εἰσάγει

1775 3487 1998 3541 susque,
2027 3472 2156 3525 dum
2188 3471 2255 3525 ad
2282 3470 2583 3523 orationem
2614 3469 2911 3535 elevantur,
2939 3465 3119 3520 lumen
3150 3462 3340 3519 Salva-

1776 3563 1911 3617 toris
1942 3562 2115 3617 nostri
2136 3561 2341 3617 clarius
2373 3558 2748 3629 inspiciemus.

2347 3671 2577 3730 CAPUT
2618 3671 2758 3727 X‘Vl.

1845 3786 2039 3844 Omnia
2078 3788 2297 3859 quidem
2329 3790 2634 3843 daemonum
2672 3786 2933 3842 maleﬁcia
2965 3784 3202 3841 scribere
3232 3799 3343 3838 non

1778 3897 2027 3951 possum,
2075 3882 2427 3951 ipsorumque
2468 3881 2737 3949 malignas
2787 3888 2930 3933 artes
2968 3879 3131 3948 pudet
3179 3875 3342 3932 dinu-

1778 3989 2026 4038 merare,
2074 3975 2282 4027 veritus
2328 3987 2397 4026 ne
2443 3968 2782 4027 olfendantur
2824 3970 3200 4040 simpliciores,
3249 3968 3343 4038 qui

1779 4064 2026 4135 legerint.
2078 4064 2182 4128 At,
2236 4071 2434 4133 praeter
2467 4061 2843 4116 fornicationis
2896 4062 3168 4131 spiritum,
3219 4058 3344 4113 audi

1782 4157 2072 4212 vafritiem.
2128 4154 2358 4223 Quando
2421 4154 2615 4225 aliquis
2662 4153 2978 4223 passionum
3033 4150 3345 4221 acquisierit

1781 4249 2109 4304 vacuitatem
2168 4248 2222 4301 in
2282 4258 2436 4315 parte
2493 4244 2922 4314 concupiscibili,
2986 4255 3345 4313 Cancrumque

1783 4352 1966 4411 turpes
1995 4340 2350 4411 cogitationes
2387 4336 2701 4407 subfrigide
2734 4335 3042 4400 evaserint,
3096 4346 3221 4390 tunc
3263 4335 3347 4389 in-

106 4438 315 4507 ἆνδρας
362 4453 445 4500 τε,
494 4436 589 4489 καὶ
636 4437 898 4503 γυναῖκας
930 4432 1222 4497 παίζοντας
1254 4432 1372 4502 μετ’
1418 4434 1680 4505 ἀλλήλων,

1784 4434 2021 4489 trodncit
2073 4432 2242 4495 viros,
2296 4440 2458 4502 atque
2508 4430 2763 4484 mulieres
2812 4438 3003 4485 mutuo
3058 4430 3345 4497 ludentes,

110 4532 211 4584 καὶ
243 4528 485 4599 αἰσχρῶν
538 4526 904 4598 πραγμάτων,
951 4528 1047 4579 καὶ
1091 4527 1385 4597 σχημάτων
1428 4527 1519 4579 τὸν
1554 4528 1684 4581 ἀνα-

111 4622 373 4693 χωρητὴν
403 4620 689 4690 καθίστησι
717 4620 934 4689 θεατήν.
984 4618 1119 4671 Ἀλλ’
1145 4612 1300 4683 οὗτος
1322 4621 1350 4673 ὁ
1380 4620 1683 4689 πειρασμὸς

112 4713 220 4765 οὐκ
250 4711 363 4763 ἔστι
396 4710 505 4763 τῶν
536 4709 909 4780 χρονιζόντων·
946 4710 1225 4781 προσευχὴ
1271 4711 1379 4783 γὰρ
1409 4710 1678 4775 σύντονος,

112 4801 217 4856 καὶ
246 4801 421 4854 δίαιτα
462 4800 765 4870 πενωτάτη
813 4804 948 4869 μετὰ
983 4799 1309 4870 ἀγρυπνίας,
1353 4802 1443 4854 καὶ
1473 4818 1681 4872 γυμνα-

114 4892 245 4953 σίας
287 4891 656 4962 θεωρημάτων
701 4889 1081 4960 πνευματικῶν
1114 4890 1302 4962 ὥσπερ
1336 4892 1492 4961 νέφος
1518 4893 1679 4946 αὑτὸν

112 4983 348 5053 ἄνυδρον
398 4982 704 5036 ἐπελαύνει.
757 4982 914 5034 Ἔστι
951 4981 1008 5034 δὲ
1050 4982 1140 5034 ὅτε
1186 4982 1421 5035 καὶτῶν
1467 4984 1703 5063 σαρκῶνκ

112 5075 445 5145 ἐφάπτεται,
501 5074 639 5144 πρὸς
693 5073 789 5145 τὴν
840 5073 1033 5142 ἄλογον
1089 5073 1334 5144 πύρωσιν
1381 5074 1548 5134 αὑτὰς
1588 5077 1683 5127 ex-

114 5166 422 5238 μοχλεύων,
452 5168 546 5219 καὶ
575 5165 708 5221 ἄλλα
737 5165 794 5220 δέ
823 5182 944 5221 τινα
976 5165 1149 5236 μυρία
1177 5168 1626 5235 προσμηχανᾶται
1655 5166 1685 5218 ὁ

110 5263 480 5333 παμπόνηρος
507 5256 681 5325 οὗτος,
707 5261 848 5331 άπερ
872 5260 971 5314 οὐκ
992 5261 1286 5328 ἀναγκαῖον
1306 5258 1678 5329 δημοσιεῦσαι,

112 5353 217 5408 καὶ
240 5356 428 5422 γραφῇ
456 5352 813 5423 παραδοῦναι.
840 5351 1213 5423 Συμεάλλεται
1238 5350 1294 5403 δὲ
1322 5350 1526 5420 σφόδρα
1551 5351 1683 5421 πρὸς

110 5445 246 5508 τοὺς
282 5445 574 5515 λογισμοὺς
603 5446 700 5498 καὶ
729 5443 877 5507 ζέσις
902 5441 1073 5513 θυμοῦ
1106 5440 1247 5496 κατὰ
1294 5441 1389 5494 τοῦ
1433 5442 1683 5512 δαίμονος

114 5535 425 5605 κινηθεῖσα,
474 5537 642 5605 ὅνπερ
674 5534 844 5604 θυμὸν
882 5535 1115 5605 μάλιστα
1156 5532 1390 5587 δέδοικεν
1432 5533 1526 5585 ἐπὶ
1572 5535 1684 5597 τοῖς

116 5627 401 5696 λογισμοῖς
428 5625 850 5695 ταρασσόμενον,
884 5626 977 5675 καὶ
1004 5623 1399 5695 διαφθείροντα,
1428 5622 1590 5677 αὐτοῦ
1619 5622 1687 5679 τὰ

87 5723 111 5750 ’ἶ

102 5756 117 5839 ἠ
193 5766 242 5798 ³⁸
277 5763 463 5819 Matth.
488 5779 564 5828 xx,
590 5762 658 5817 45
679 5779 699 5829 ;
724 5760 857 5817 Luc.
900 5776 973 5826 XI,
995 5758 1086 5815 9.6.

1784 4528 2135 4597 turpiumque
2164 4540 2368 4589 rerum,
2402 4539 2465 4579 ac
2497 4533 2747 4593 gestuum
2784 4522 3164 4577 anacltorelatn
3218 4538 3340 4576 con-

1782 4616 1960 4673 stituit
2006 4625 2387 4684 spectatorem.
2449 4611 2555 4667 Sed
2597 4612 2709 4667 haec
2758 4613 2980 4667 tentatio
3020 4628 3123 4665 non
3170 4621 3253 4665 est
3283 4625 3347 4665 ex

1781 4711 1891 4772 his,
1923 4723 2044 4778 quae
2089 4708 2251 4777 longo
2282 4715 2524 4775 tempore
2573 4706 2804 4771 durent;
2855 4705 3065 4759 intensa
3116 4718 3350 4772 namque

1779 4799 1978 4863 oratio,
2016 4798 2468 4866 arctissimusque
2501 4796 2676 4850 victus
2703 4811 2823 4850 cum
2868 4796 3069 4865 vigilia,
3105 4804 3156 4848 et
3191 4794 3349 4862 spiri-

1787 4889 2014 4942 tualium
2044 4888 2559 4956 contemplationem
2607 4888 2901 4947 exercitio,
2951 4888 3119 4954 ipsam
3165 4883 3347 4953 procul

1787 4977 2017 5047 repellit,
2070 4977 2237 5031 veluti
2285 4976 2483 5032 nubem
2533 4992 2672 5046 aqua
2723 4983 3016 5031 carentem.
3073 4974 3351 5028 Interdum

1786 5084 1917 5123 vero
1958 5068 2188 5131 accidit,
2240 5078 2301 5122 ut
2360 5077 2416 5123 et
2477 5083 2669 5123 carnes
2729 5075 2931 5136 tangat,
2965 5066 3031 5120 ad
3060 5066 3350 5120 inrationa-

1789 5163 1891 5217 lem
1948 5162 2094 5231 ipsas
2155 5176 2486 5231 promovens
2551 5160 3066 5220 inﬂammationem;
3130 5157 3351 5225 aliaque

1787 5254 1955 5309 millia
1976 5255 2259 5324 (excogitat
2283 5254 2676 5318 talistentatio,
2694 5251 2864 5323 .529
2884 5251 3042 5305 .omni
3062 5250 3350 5303 abundans

1789 5347 2029 5414 malitia,
2074 5362 2196 5417 quae
2248 5347 2307 5402 in
2359 5346 2631 5416 publicum
2697 5344 2960 5415 proferre,
3014 5340 3349 5409 scriptisque

1788 5440 2003 5496 tradere
2036 5454 2146 5495 non
2166 5449 2260 5495 est
2280 5453 2592 5495 necessum.
2624 5437 2823 5492 Verum
2856 5435 2930 5490 .ad
2964 5427 3349 5500 hujuscemodi

1789 5532 2144 5601 cogitationes
2188 5532 2481 5600 plurimum
2530 5529 2693 5584 etiam
2748 5525 2960 5581 confert
3000 5524 3183 5578 fervor
3237 5519 3348 5574 ira-

1790 5624 1999 5679 cundiae
2021 5633 2206 5680 contra
2233 5624 2531 5681 daemonem
2559 5627 2887 5684 commotus,
2910 5629 3073 5687 quam
3096 5610 3349 5683 equidem
