3838 6056
478 283 618 350 1219

1954 280 2026 346 S.
2065 280 2226 347 NILI

3584 277 3722 342 1320

467 399 810 456 iracundiam
865 400 1100 456 maxime
1134 401 1305 465 timet,
1340 399 1470 454 dum
1521 400 1576 454 in
1616 397 2036 470 cogitationibus

2137 399 2417 468 νοήματα·
2468 397 2562 451 καὶ
2593 396 2750 450 τοῦτό
2775 398 2890 450 ἐστι
2915 396 3007 463 τὸῖ,
3066 415 3085 448 ι
3121 395 3463 467 Ὀργίζεσθε,
3505 395 3615 448 καὶ
3647 396 3724 464 μὴ

467 490 745 557 turbatur,
784 491 1066 561 ipsiusque
1115 491 1376 560 dispertiit
1409 489 1674 556 consilia;
1707 498 1760 542 et
1809 487 1912 542 hoc
1951 494 2034 542 est

466 581 601 638 illud
633 600 648 636 :
689 601 709 634 ι
751 583 1074 650 lrascimini,
1103 593 1157 639 et.
1185 584 1351 638 nolite
1378 596 1604 652 peccare
1625 581 1689 633 ³⁷.
1717 599 1736 632 ι
1777 578 1920 633 Utile
1946 593 2033 632 re-

469 675 712 730 medium
777 685 860 729 est
921 675 1024 730 hoc
1088 676 1141 729 in
1212 671 1586 743 hujuscemodi
1650 671 2037 727 tentationibus

466 765 663 820 animae
713 766 1059 836 applicatum.
1101 765 1204 819 Sed
1241 777 1294 818 et
1339 765 1434 818 irae
1485 763 1696 817 damon
1726 762 1890 816 istum
1925 759 2038 814 for-

468 858 759 913 nicationis
795 857 1094 912 daemonem
1133 857 1394 910 imitatur.
1432 854 1643 909 Etenim
1673 854 1788 924 ipse
1819 867 2035 924 quoque

468 950 621 1020 fingit
649 950 913 1018 quosdam
965 958 1272 1017 parentum,
1321 958 1412 1001 aut
1456 948 1776 1012 amicorum,
1814 956 1907 1000 aut
1940 960 2035 1000 co-

470 1051 781 1110 gnatorum,
814 1049 908 1094 aut
938 1041 1361 1094 domesticorum
1410 1038 1756 1093 contumeliis
1784 1037 2033 1103 allectos,

469 1138 525 1185 et
554 1147 721 1185 caesos
746 1131 814 1185 ab
843 1130 1080 1200 indignis
1126 1130 1460 1196 hominibus,
1503 1130 1690 1199 sicque
1718 1130 1855 1183 iram
1885 1143 2037 1182 com-

471 1231 653 1274 movet
711 1221 1184 1285 anachoretarum,
1219 1221 1289 1273 ita
1347 1229 1424 1285 ut,
1467 1227 1561 1274 aut
1596 1219 1895 1289 proferant,
1940 1228 2033 1272 aut

473 1309 673 1364 faciant
717 1312 843 1380 quid
878 1311 1000 1363 mali
1029 1311 1290 1366 adversus
1317 1327 1430 1377 eos,
1472 1312 1562 1381 qui
1611 1311 2038 1365 intellectualiter

475 1413 764 1472 apparent,
807 1405 1006 1472 quibus
1039 1405 1314 1458 attendere
1349 1419 1454 1457 non
1486 1413 1567 1458 est
1606 1418 1913 1464 necessum,
1942 1399 2036 1458 sed

472 1495 720 1550 celeriter
778 1497 1026 1566 abripere
1067 1505 1299 1550 mentem
1358 1496 1427 1550 ab
1473 1495 1779 1550 istiusmodi
1811 1495 2036 1549 simula-

471 1585 602 1650 cris,
650 1599 722 1638 ne
775 1586 1074 1640 immorans
1105 1599 1165 1638 ea
1211 1585 1264 1638 in
1305 1585 1445 1647 istis,
1487 1595 1727 1654 tempore
1769 1584 2036 1638 orationis

470 1672 664 1726 evadat
703 1672 866 1726 veluti
914 1673 1077 1726 torris
1124 1671 1361 1726 fumans.
1405 1669 1466 1726 .ln
1518 1673 1616 1728 has
1664 1685 1810 1729 certe
1865 1682 2039 1728 tenta-

2135 487 2496 559 ἁμαρτάνετε.
2538 506 2559 540 ι
2610 488 2894 559 Χρήσιμον
2936 487 3096 541 τοῦτο
3144 488 3444 558 φάρμακον
3494 485 3562 538 ὲν
3608 487 3721 548 τοῖς

2133 577 2392 642 τοιούτοις
2422 581 2745 648 πειρασμοῖς
2773 581 2840 649 τῇ
2867 578 3009 650 ψυχῇ
3041 579 3482 650 προσαγόμενον.
3511 575 3722 647 Μιμεῖ-

2132 685 2222 722 ται
2272 668 2330 722 δὲ
2376 668 2470 722 καὶ
2512 670 2540 721 ό
2587 669 2685 738 τῆς
2731 670 2899 741 ὀργῆς
2946 670 3132 724 τοῦτον
3173 669 3266 724 τὸν
3311 670 3586 740 δαίμονα,
3629 670 3722 723 καί

2135 760 2380 825 πλάττει,
2408 761 2502 813 καὶ
2521 760 2680 824 αὑτός
2701 777 2852 824 τινας
2871 761 2980 813 τῶν
3003 755 3431 833 γεγεννηκότων,
3461 763 3496 831 ἢ
3522 760 3719 830 φίλων,

2134 851 2504 924 ῆσυγγενῶν,
2558 851 2591 924 ἢ
2644 852 2860 906 οἰκείων
2903 853 3314 925 ὑϐριζομένους,
3369 853 3474 907 καὶ
3518 869 3722 905 τυπτο-

2138 943 2333 1014 μένους
2375 943 2478 996 ύπὸ
2520 941 2775 1010 ἀναξίων,
2815 943 2911 997 καὶ
2942 943 3053 998 τῶν
3095 944 3536 1016 ἀναχωρούντων
3585 945 3718 996 ἀνα-

2133 1035 2273 1086 κινεῖ
2298 1033 2388 1086 τὸν
2407 1031 2596 1104 θυμὸν,
2614 1032 2754 1087 ὥστε
2780 1033 3112 1102 φθέγξασθαί
3129 1052 3182 1087 τι
3204 1035 3474 1106 πονηρὸν,
3491 1029 3531 1104 ἦ
3561 1033 3716 1102 ποιῆ-

2133 1142 2223 1178 σαι
2278 1127 2415 1196 πρὸς
2462 1125 2589 1189 τοὺς
2635 1125 2995 1194 φαινομένους
3043 1126 3185 1181 κατὰ
3213 1126 3486 1190 διάνοιαν,
3542 1118 3633 1188 οἷς
3665 1124 3721 1177 οὗ

2134 1215 2422 1286 προσέχειν
2450 1216 2764 1283 ἀναγκαῖον,
2819 1218 2914 1269 καὶ
2963 1217 3172 1287 ταχέως
3218 1213 3566 1288 ἐξαρπάζειν
3619 1219 3720 1268 ἀπὸ

2132 1309 2242 1362 τῶν
2268 1307 2526 1362 τοιούτων
2559 1309 2791 1371 εἰδῲλων
2821 1309 2908 1363 τὸν
2938 1308 3084 1375 νοῦν,
3130 1309 3223 1364 ῖνα
3257 1309 3334 1380 μὴ
3361 1309 3636 1380 χρονίαις
3666 1312 3721 1361 ἐν

2134 1399 2338 1463 αὐτοῖς,
2393 1397 2616 1468 γένηται
2669 1397 2811 1451 κατὰ
2850 1396 2942 1450 τὸν
2999 1398 3187 1470 καιρὸν
3224 1399 3324 1468 τῆς
3373 1399 3719 1470 προσευχῆς.

2135 1485 2323 1560 ὥσπερ
2371 1489 2530 1553 δαλὸς
2581 1491 2996 1561 καπνιζόμενος.
3045 1489 3266 1553 Τούτοις
3309 1490 3369 1544 δὲ
3433 1493 3556 1554 τοῖς
3604 1508 3722 1544 πει-

2141 1584 2368 1654 ρασμοῖς
2403 1583 2453 1636 οἰ
2489 1581 2756 1652 θυμώδεις
2809 1582 3218 1653 περιπίπτουσι,
3258 1583 3355 1636 καὶ
3397 1583 3650 1653 μάλιστα
3673 1584 3720 1636 οἱ

2140 1674 2336 1748 ῥᾳδίως
2363 1675 2498 1746 πρὸς
2525 1674 2623 1738 τὰς
2654 1674 2822 1746 ὀργὰς
2856 1675 3229 1746 ἐξαπτόμενοι,
3255 1673 3466 1739 οἵτινες
3500 1676 3722 1748 μακράν

472 1764 650 1819 tiones
720 1764 1057 1823 dilabuntur,
1095 1765 1340 1818 iracundi
1367 1804 1381 1829 ,
1446 1765 1610 1832 hique
1652 1765 1997 1834 potissimum
2023 1804 2036 1830 ,

2142 1770 2246 1820 εἰσι
2283 1766 2530 1839 καθαρᾶς
2565 1767 2890 1838 προσευχῆς,
2930 1767 3027 1822 καὶ
3054 1766 3154 1838 τῆς
3179 1766 3446 1837 γνώσεως
3479 1764 3584 1821 τοῦ
3616 1767 3722 1820 Συ-

469 1856 561 1925 (ιυί
589 1854 746 1910 facile
785 1855 852 1909 ad
890 1856 1289 1926 indignationes
1318 1865 1709 1910 succensentur
1730 1895 1745 1921 ,
1777 1857 1872 1927 qui
1905 1857 2039 1911 tales

469 1947 657 2015 procul
707 1947 907 2000 absunt
954 1962 982 1999 a
1035 1962 1170 2015 pura
1218 1947 1505 2010 oratione,
1549 1955 1610 2001 et
1651 1961 1686 2000 a
1735 1946 2041 2017 cognitione

471 2037 769 2092 Salvatoris
810 2036 983 2092 nostri
1020 2034 1148 2090 Jesu
1185 2033 1408 2091 Christi.

1045 2145 1273 2200 CAPUT
1302 2145 1462 2202 XVII.

541 2259 810 2331 Cogitata,
845 2275 939 2315 seu
977 2261 1202 2315 consilia
1232 2261 1392 2330 hujus
1429 2262 1612 2317 saeculi
1647 2261 1941 2329 Dominus,
1982 2269 2042 2316 ut

472 2367 604 2407 oves
637 2353 900 2422 quasdam
924 2393 943 2419 ,
982 2354 1129 2409 bono
1170 2355 1376 2424 pastori
1407 2356 1626 2410 tradidit
1656 2355 1894 2422 homini;
1928 2365 2040 2410 ete-

472 2445 585 2498 nim
634 2445 752 2517 (ait)
797 2446 1055 2501 szeculum
1101 2447 1248 2501 dedit
1289 2447 1341 2501 in
1381 2447 1544 2502 corde
1592 2448 1764 2518 ipsius
1795 2466 1808 2502 :
1838 2462 2040 2504 conne-

473 2547 626 2592 ctens
658 2537 708 2592 ei
733 2537 1088 2604 iracundiam,
1123 2549 1177 2594 et
1199 2540 1549 2610 cupiditatem
1577 2541 1644 2596 ad
1663 2540 1947 2606 auxilium,
1979 2551 2039 2596 ut

472 2645 568 2700 per
601 2631 733 2684 iram
767 2631 984 2700 quidem
1015 2632 1268 2702 luporum
1302 2632 1510 2703 fugaret
1531 2633 1783 2696 consilia,
1816 2648 1912 2703 per
1940 2649 2040 2687 cu-

474 2720 755 2792 pidttatem
786 2721 952 2794 .530
977 2733 1160 2779 autem
1205 2725 1483 2780 adamaret
1511 2739 1660 2790 oves,
1699 2727 1803 2782 etsi
1829 2726 1898 2781 ab
1936 2725 2038 2780 im-

475 2814 683 2881 bribus,
713 2823 875 2885 atque
904 2817 1079 2872 ventis
1107 2817 1303 2887 sapius
1337 2817 1496 2872 fuerit
1514 2818 1776 2887 iactatus.
1817 2820 2038 2888 Insuper

470 2913 654 2961 autem
693 2906 841 2961 dedit
874 2907 976 2977 ipsi
1027 2918 1076 2963 et
1133 2924 1412 2978 pascuum,
1449 2917 1508 2963 ut
1554 2919 1794 2980 pasceret
1826 2925 1954 2964 oves
1985 2919 2039 2964 et

471 2998 653 3054 locum
682 2999 864 3054 herbae
901 3000 1145 3064 virentis,
1181 3010 1235 3054 et
1268 3017 1466 3072 aquam
1491 3003 1720 3074 requiei,
1747 3012 1800 3059 et
1835 3002 2036 3074 psalte-

2138 1863 2306 1932 τῇρος
2334 1857 2490 1931 ἡμῶν
2524 1857 2696 1929 Ἰησοῦ
2733 1857 2990 1929 Χριστοῦ.

2720 2145 2968 2204 ΚΕΦΑΛ.
3019 2144 3115 2204 ῙΖ’.

2204 2257 2293 2310 Τὰ
2327 2257 2572 2329 νοήματα
2599 2255 2692 2311 τοῦ
2715 2257 2908 2322 αἰῶνος
2949 2259 3135 2315 τούτου
3164 2263 3194 2316 ό
3228 2261 3441 2334 Κύριος
3466 2263 3724 2334 καθάπερ

2140 2349 2390 2420 πρόϐατά
2414 2366 2536 2402 τινα
2561 2349 2639 2419 τῷ
2668 2349 2856 2422 ἀγαθῷ
2892 2351 3112 2420 ποιμένι
3154 2353 3233 2424 τῷ
3267 2354 3556 2427 ἀνθρώπῳ
3588 2374 3724 2428 παρ-

2139 2440 2327 2493 έδωκε”
2369 2441 2462 2493 καὶ
2491 2440 2620 2511 γὰρ,
2647 2442 2829 2511 φησὶν,
2847 2442 2936 2496 τὸν
2965 2442 3138 2498 αἰῶνα
3164 2446 3404 2513 ἰδιέδωκεν
3435 2449 3500 2501 έν
3522 2449 3724 2521 καρδίᾳ

2137 2531 2303 2584 αὑτοῦ
2329 2547 2343 2560 ο
2377 2531 2640 2598 συζεύξας
2671 2531 2820 2606 αὐτῷ
2863 2534 3053 2607 θυμὸν,
3089 2537 3184 2590 καὶ
3228 2538 3538 2609 ἐπιθυμίαν
3589 2540 3726 2610 πρὸς

2139 2622 2408 2694 βοήθειαν,
2437 2624 2543 2693 ἵνα,
2579 2624 2666 2680 διὰ
2693 2625 2792 2696 μὲν
2825 2625 2918 2680 τοῦ
2950 2626 3144 2699 θυμοῦ,
3183 2630 3470 2704 φυγαδεύῃ
3502 2631 3581 2685 τὰ
3618 2630 3725 2686 τῶν

2137 2714 2322 2769 λύκων
2365 2717 2634 2788 νοήματα,
2674 2716 2766 2771 διὰ
2811 2717 2871 2772 δὲ
2899 2719 2998 2790 τῆς
3037 2719 3336 2792 ἐπιθυμίας
3383 2723 3606 2795 στέργῃ
3659 2724 3726 2776 τά

2139 2806 2404 2878 πρόϐατα,
2443 2809 2538 2863 καὶ
2577 2809 2682 2864 ὑπὸ
2708 2809 2817 2864 τῶν
2841 2811 3037 2877 ὑετῶν,
3080 2813 3176 2866 καὶ
3198 2814 3416 2885 ἀνέμων
3451 2815 3725 2880 πολλάκις

2136 2897 2483 2971 βαλλόμενος.
2511 2899 2719 2954 Δέδωκε
2738 2900 2796 2954 δὲ
2819 2900 2969 2973 αὐτῷ
2989 2903 3126 2974 πρὸς
3156 2901 3367 2968 τούτοις
3392 2905 3498 2958 καὶ
3527 2905 3720 2976 νομὸν,

2136 2992 2282 3057 ὃπως
2331 2993 2595 3066 ποιμαίνῃ
2641 2994 2710 3048 τὰ
2745 2995 3012 3065 πρόϐατα,
3068 2997 3164 3051 καὶ
3201 2998 3367 3052 τόπον
3392 2999 3593 3071 χλόης,
3630 3003 3724 3055 καὶ

475 3091 640 3158 rium,
688 3101 742 3145 et
782 3091 1069 3158 citharam,
1125 3104 1180 3147 et
1215 3095 1442 3164 virgam,
1467 3104 1523 3150 et
1549 3096 1824 3161 baculum,
1881 3105 1942 3150 ut
1969 3110 2036 3150 ex

2139 3085 2281 3156 ὕδωρ
2338 3086 2716 3152 ἀναπαύσεως,
2771 3088 2868 3142 καὶ
2920 3087 3242 3162 ψαλτήριον,
3300 3091 3396 3146 καὶ
3449 3092 3719 3164 κιθάραν,

473 3183 582 3239 hoc
607 3199 765 3255 grege
807 3186 1126 3252 nutriretur,
1156 3195 1318 3256 atque
1352 3189 1661 3254 vestiretur,
1695 3201 2036 3245 montanam-

474 3291 582 3345 que
623 3277 845 3332 herbam
891 3278 1183 3349 colligeret.
1233 3280 1364 3346 Quis
1406 3281 1553 3336 enim
1607 3283 1822 3356 (inquit)
1865 3284 2039 3354 pascit

475 3379 801 3440 9regem,~et
827 3387 935 3425 non
967 3371 1202 3426 comedit
1243 3388 1276 3427 e
1321 3375 1499 3444 gregis
1545 3375 1680 3430 lacte
1726 3377 1810 3430 ’3?
1863 3379 2037 3447 Opor-

471 3470 552 3516 tet
581 3461 744 3532 igitur
771 3501 786 3526 ,
833 3463 1212 3518 anachoretam
1261 3473 1462 3530 noctu,
1508 3464 1708 3535 diuque
1763 3469 2038 3523 custodire

475 3567 688 3624 gegem
721 3553 909 3618 istum,
933 3569 1002 3609 ne
1027 3554 1318 3625 cogitatum
1341 3555 1554 3625 aliquod
1583 3558 1677 3612 ﬁat
1699 3559 1886 3614 bellum
1901 3575 2038 3630 pra:-

476 3648 566 3713 da,
602 3662 736 3702 neve
764 3648 819 3701 in
859 3648 1098 3704 latrones
1122 3649 1366 3717 incidat;
1395 3649 1440 3704 si
1471 3665 1599 3706 vero
1621 3651 1823 3722 aliquid
1853 3652 2039 3722 hujus-

475 3736 624 3791 modi
649 3736 986 3806 contingeret
1029 3738 1084 3791 in
1129 3737 1267 3792 valle
1289 3753 1592 3804 nemorosa,
1617 3739 1902 3795 confestim
1933 3739 2034 3795 eri-

472 3846 602 3900 pere
631 3846 694 3885 ex
729 3845 824 3887 ore
845 3830 1037 3898 leonis,
1090 3840 1185 3886 aut
1231 3833 1346 3887 ursi
1376 3833 1443 3888 ’9.
1495 3832 1583 3887 Fit
1623 3844 1806 3889 autem
1847 3834 2038 3889 belluas

472 3921 656 3991 prada
684 3921 1000 3990 cogitatum,
1035 3922 1180 3991 quod
1212 3921 1280 3977 de
1311 3921 1476 3977 fratre
1503 3922 1751 3990 habetur,
1797 3925 1866 3988 si,
1891 3924 2035 3993 quod

473 4012 531 4067 in
562 4023 744 4068 nostra
789 4023 972 4068 mente
1004 4024 1250 4070 versatur
1283 4015 1595 4082 consilium,
1634 4031 1757 4070 cum
1801 4017 1926 4072 odio
1949 4031 2037 4088 pa-

473 4115 698 4172 scatur;
726 4106 892 4177 ﬁtque
916 4105 1045 4161 ferae
1071 4108 1248 4178 praeda
1279 4109 1571 4178 cogitatum
1609 4109 1676 4164 de
1704 4109 1951 4177 muliere,
1985 4111 2035 4170 si

435 4273 440 4276 _
472 4213 597 4255 cum
650 4200 798 4270 turpi
844 4199 1287 4270 concupiscentia
1327 4210 1573 4256 versetur
1618 4202 1759 4271 apud
1793 4216 1918 4268 nos;
1956 4201 2036 4258 sic

470 4291 635 4346 etiam
671 4306 730 4346 se
767 4292 930 4347 habet
977 4293 1277 4363 cogitatum
1310 4291 1379 4347 de
1411 4301 1664 4366 argento,
1709 4301 1765 4349 et
1795 4308 1951 4360 auro,
1987 4293 2034 4350 si

470 4398 595 4438 cum
649 4385 906 4439 aviditate
961 4385 1080 4454 plus
1136 4385 1369 4439 habendi
1417 4385 1715 4440 stabuletur
1751 4386 1806 4440 in
1854 4386 2028 4442 nobis.

471 4473 612 4541 Quin
647 4486 702 4531 et
731 4476 1108 4547 cogitationes,
1150 4492 1272 4546 qua:
1299 4476 1366 4531 de
1395 4477 1598 4532 sanctis
1631 4477 1790 4533 donis
1828 4478 2031 4534 haben-

468 4578 579 4632 tur,
612 4567 752 4622 idem
791 4567 1168 4637 perpetiuntur
1207 4567 1612 4634 detrimentum,
1645 4569 1689 4622 si
1731 4584 1860 4624 cum
1895 4585 2032 4626 vana

467 4659 638 4727 gloria
683 4668 976 4729 pascantur
1009 4659 1064 4713 in
1102 4659 1377 4714 intellectu
1405 4677 1418 4714 :
1443 4675 1507 4714 ac
1533 4660 1774 4716 similiter
1817 4663 1870 4716 in
1909 4663 2031 4718 aliis

466 4749 719 4819 cogitatis
757 4751 1055 4822 continget,
1091 4765 1212 4819 quae
1247 4765 1280 4805 a
1322 4751 1664 4820 passionibus
1690 4751 1876 4809 furtim
1902 4769 2028 4826 spo-

464 4839 667 4895 liantur
716 4857 782 4897 ac
807 4843 1217 4898 defraudantttr.

1027 4952 1258 5008 CAPUT
1297 4952 1480 5009 XVIII.

535 5064 736 5121 Verum
759 5083 866 5121 non
894 5067 1068 5121 solum
1095 5068 1325 5124 interdiu
1351 5069 1464 5125 haec
1485 5077 1695 5140 oportet
1713 5071 2021 5138 observare,

370 5159 374 5164 ’
464 5160 560 5215 sed
597 5160 760 5214 etiam
810 5169 969 5214 noctu
1006 5161 1276 5230 vigilando
1326 5179 1390 5217 ea
1437 5177 1666 5228 cavere,
1716 5180 1781 5218 ac
1832 5167 2020 5219 vitare.

460 5248 744 5318 Contingit
770 5249 938 5315 enim,
980 5251 1124 5320 quod
1159 5251 1286 5306 dum
1329 5255 1454 5322 quis
1483 5253 1731 5322 turpiter,
1772 5267 1836 5307 ac
1873 5254 2026 5308 mali-

463 5356 570 5413 gne
608 5341 1025 5411 contempletur,
1077 5345 1268 5414 perdat
1317 5345 1462 5414 quod
1500 5343 1773 5414 proprium
1818 5353 1939 5400 est:
1969 5357 2024 5401 et

462 5434 565 5488 hoc
598 5434 829 5504 exsistit,
867 5441 1011 5508 quod
1038 5455 1067 5494 a
1105 5449 1297 5495 sancto
1347 5436 1517 5494 Jacob
1562 5439 1759 5495 dicitur
1792 5460 1804 5494 :
1843 5459 1862 5492 ι
1903 5441 2019 5498 Non

458 5526 558 5582 tuli
597 5527 693 5582 tibi
739 5531 998 5599 pecudem
1062 5541 1274 5601 captam
1351 5546 1378 5584 a
1423 5529 1575 5597 fera;
1626 5546 1654 5584 a
1704 5535 2018 5604 memetipso

529 5704 575 5735 ⁸⁷
610 5705 754 5758 Psal.
785 5723 856 5772 tv,
892 5708 946 5762 7.
1024 5710 1070 5746 ³⁸
1099 5710 1120 5766 ι
1158 5710 1286 5766 Cor.
1323 5727 1402 5780 ιιι,
1433 5711 1486 5767 7.
1566 5715 1813 5790 "lileg.
1847 5735 1980 5784 xvn,
2011 5719 2099 5776 37.

2137 3177 2230 3230 καὶ
2255 3176 2468 3248 ῥάϐδον,
2496 3178 2590 3232 καὶ
2616 3178 2934 3252 βακτηρίαν,
2985 3180 3074 3235 ἵνα
3112 3183 3179 3236 ὲκ
3211 3184 3412 3254 ταύτης
3453 3184 3560 3256 τῆς
3599 3186 3722 3240 ποί-

2139 3286 2297 3340 μνης,
2339 3269 2433 3322 καὶ
2457 3273 2663 3343 τραφῇ,
2692 3271 2787 3326 καὶ
2817 3271 3126 3344 ἐνδύσηται,
3155 3275 3250 3328 καὶ
3270 3275 3468 3348 χόρτον
3497 3277 3720 3348 ὀρεινὸν

2138 3359 2434 3432 συναγάγῃ.
2477 3379 2496 3412 ι
2521 3360 2616 3426 Τίς
2646 3361 2778 3434 γὰρ,
2809 3365 2965 3435 φησὶ,
3002 3366 3280 3438 ποιμαίνει
3311 3369 3581 3440 ποίμνην,
3620 3373 3719 3424 καὶ

2135 3451 2200 3503 ἐκ
2226 3451 2318 3504 τού
2370 3451 2637 3521 γάλακτος
2671 3455 2771 3525 τῆς
2797 3455 3033 3528 ποίμνης
3058 3459 3159 3513 οὐκ
3199 3459 3400 3529 ἐσθίεις
3423 3479 3446 3514 ι
3487 3465 3593 3516 Δεῖ
3622 3459 3717 3518 οὖν

2134 3542 2225 3596 τὸν
2257 3543 2638 3615 ἀναχωροῦντα
2655 3546 2945 3616 φυλάττειν
2961 3549 3194 3622 νύκτωρ,
3218 3551 3315 3604 καὶ
3337 3553 3462 3623 μεθ’
3489 3555 3715 3626 ἡμέραν

2135 3635 2292 3690 τοῦτο
2319 3637 2379 3691 τὸ
2408 3637 2671 3709 ποίμνιον,
2704 3640 2834 3710 μήτι
2861 3639 2970 3694 τῶν
3003 3642 3287 3714 νοημάτων
3325 3643 3559 3716 γένηται
3611 3648 3714 3718 θη-

2140 3727 2418 3798 ριάλωτον,
2461 3728 2495 3800 ἦ
2539 3729 2763 3804 λῃσταῖς
2795 3732 3084 3806 περιπέσῃ,
3126 3735 3175 3788 εἰ
3195 3735 3255 3788 δὲ
3282 3735 3392 3805 ἄρα
3414 3755 3470 3790 τι
3493 3738 3713 3793 τοιοῦτο

2134 3819 2374 3890 συμϐαίη
2409 3819 2669 3892 κατὰτὴν
2705 3822 2901 3893 νάπην,
2933 3823 3131 3888 εὐθέως
3175 3824 3507 3898 ἐξαρπάζειν
3527 3830 3598 3883 ὲκ
3618 3831 3712 3884 τοῦ

2139 3909 2399 3979 στόματος
2425 3911 2520 3964 τοῦ
2545 3911 2817 3985 λέοντοςῆ
2877 3915 2976 3986 τῆς
3018 3914 3243 3986 ἄρκτου.
3296 3917 3519 3972 Γίνεται
3565 3920 3629 3974 δὲ
3653 3922 3710 3976 τὸ

2130 4001 2309 4071 νόημα
2362 4001 2426 4055 τὸ
2478 4003 2607 4074 περὶ
2640 4003 2732 4056 τοῦ
2772 4005 3002 4074 ἀδελφοῦ
3063 4005 3420 4078 θηριάλωτον,
3482 4013 3533 4065 εἰ
3566 4015 3708 4082 μετὰ

2135 4095 2329 4163 μίσους
2377 4093 2534 4165 νέμοι
2553 4095 2614 4148 τὸ
2648 4097 2708 4149 ὲν
2731 4097 2881 4168 ήμῖν,
2919 4098 3014 4151 καὶ
3038 4098 3100 4151 τὸ
3131 4101 3260 4171 περὶ
3291 4101 3395 4171 τῆς
3415 4106 3702 4171 γυναικὸς,

2134 4186 2184 4237 εἰ
2223 4185 2341 4256 μετ’
2368 4187 2597 4258 αἰσχρᾶς
2625 4188 2921 4257 ἐπιθυμίας
2947 4190 3227 4261 στρέφοιτο
3253 4194 3386 4263 παρ’
3417 4196 3578 4266 ήμῖν,
3614 4200 3706 4252 καί

2134 4275 2196 4328 τὸ
2222 4275 2316 4328 τοῦ
2344 4277 2629 4350 ἀργυρίου,
2659 4279 2751 4333 καὶ
2777 4281 2869 4334 τοῦ
2900 4282 3144 4352 χρυσίου,
3165 4286 3212 4336 εἰ
3233 4287 3370 4353 μετὰ
3388 4287 3706 4355 πλεονεξίας

2133 4361 2420 4432 αὖλίζοιτο.
2467 4369 2576 4423 Καὶ
2605 4371 2676 4424 τά
2708 4374 2952 4444 νοήματα
2985 4374 3092 4427 τῶν
3123 4376 3293 4444 ἁγίων
3321 4381 3701 4452 χαρισμάτων,

2061 4443 2106 4498 Ῑ)
2134 4457 2182 4508 εί
2244 4458 2381 4528 μετά
2442 4460 2744 4526 κενοδοξίας
2792 4443 2934 4517 κατὰ
2984 4464 3218 4520 διάνοιαν
3269 4443 3561 4537 βόσκοιτο·
3611 4443 3702 4526 καί

2128 4550 2220 4602 ἐπὶ
2252 4550 2362 4604 τῶν
2416 4550 2590 4605 ἄλλων
2616 4552 2674 4606 δὲ
2703 4555 2986 4625 νοημάτων
3025 4556 3283 4626 ὡσαύτως
3335 4563 3675 4635 συμϐήσετρο

2128 4639 2511 4712 κλεπτομένων
2542 4645 2656 4706 τοῖς
2685 4643 2936 4702 πάθεσιν.

2709 4974 2955 5029 ΚΕΦΔΔ.
2982 4977 3086 5031 IH'.

2195 5081 2268 5138 Ού
2295 5083 2452 5155 μόνον
2479 5084 2538 5139 δὲ
2580 5087 2640 5140 ὲν
2679 5090 2745 5159 τῇ
2795 5090 2980 5161 ήμέρᾳ
3007 5089 3090 5143 δεῖ
3110 5092 3283 5147 ταῦτα
3318 5097 3536 5166 τηρεῖν,
3561 5097 3690 5151 ἀλλὰ

2124 5172 2216 5224 καὶ
2243 5172 2457 5244 νύκτωρ
2486 5175 2898 5245 άγρυπνοῦντας
2915 5178 3222 5248 φυλάττειν.
3256 5181 3558 5252 Συμϐαίνει
3585 5186 3689 5257 γὰρ

2126 5261 2222 5315 καὶ
2262 5266 2663 5337 φανταζόμενον
2681 5267 2943 5340 αἰσχρῶς,
2983 5271 3079 5324 καὶ
3122 5273 3394 5344 πονηρῶς,
3427 5275 3687 5331 ἀπολέσαι

2125 5353 2186 5406 τὸ
2209 5353 2337 5408 ἴδιον
2370 5371 2384 5387 ’
2415 5356 2510 5410 καὶ
2538 5357 2694 5412 τοῦτό
2719 5358 2838 5413 ἐστι
2864 5361 2925 5414 τὸ
2953 5362 3058 5416 ὑπὸ
3083 5362 3177 5416 τοῦ
3205 5364 3361 5432 ἁγίου
3394 5364 3689 5438 λεγόμενον

2137 5445 2352 5500 Ἰακώϐ·
2391 5448 2532 5502 «Ούκ
2561 5451 2788 5524 ένήνοχά
2817 5470 2898 5507 σοι
2928 5455 3195 5527 πρόϐατον
3211 5456 3567 5528 θηριάλωτον,
3593 5459 3684 5514 ἀπ)

2123 5540 2361 5633 ἐμαυτοῦ
2404 5543 2719 5601 ἀπετίννυον
2760 5546 3048 5619 κλέμματα
3083 5548 3325 5621 ἡμέρας,
3380 5550 3478 5606 καὶ
3516 5551 3682 5622 κλέμ-
