3838 6056
48 270 248 339 Ῑῇί

1144 274 1241 335 DE
1295 273 1666 335 MALI‘GNIS
1704 270 2366 333 COGITATIONIBUS.

3221 263 3364 331 1222

45 398 263 451 ματα
309 383 529 447 νυκτὸς,
590 385 686 439 καὶ
738 384 1004 455 ἐγενόμην
1025 385 1417 455 συγκαιόμενος
1456 385 1535 452 τῷ
1562 382 1685 437 καύ·

1801 381 2007 435 reddidi
2057 381 2318 451 quidquid
2353 381 2499 435 furto
2529 381 2772 450 peribat,
2820 397 2912 435 seu
2949 379 3089 436 furta
3123 380 3251 444 diei.
3317 391 3374 435 ct

44 490 241 528 σωνι
293 476 396 545 τῆς
440 476 673 547 ἡμέρας,
729 479 823 531 καὶ
858 479 935 548 τῷ
965 478 1185 547 παγετῷ
1214 478 1314 548 τῆς
1347 479 1556 539 νυκτὸς,
1600 477 1694 528 καὶ

43 565 382 635 ἀφίστατο
413 568 442 619 6
482 566 645 630 ύπνος
698 568 806 621 ἀπὸ
838 568 945 622 τῶν
973 568 1266 639 ὀφθαλμῶν
1301 587 1440 638 μου;
1470 588 1488 621 ι
1541 570 1604 622 Εἰ
1635 570 1692 621 δέ

39 670 183 719 τις
234 658 307 710 ὲκ
350 656 445 710 τοῦ
487 658 732 723 καμάτου
776 659 869 711 καὶ
906 659 1102 729 ἀκηδία
1142 661 1272 729 ἡμῖν
1303 659 1689 729 προσγένηται,

52 748 312 819 μικρὸν
354 747 755 819 ἀναδραμόντες
805 752 896 803 ἐπὶ
928 752 1027 821 τὴν
1071 751 1169 813 τῆς
1195 751 1447 819 γνώσεως
1490 752 1694 821 πέτραν

46 840 165 909 τῷ
211 841 508 911 ψαλτηρίῳ
540 841 1054 912 προσομιλήσωμεν,
1098 842 1433 912 πλήσσοντες
1467 843 1556 896 διὰ
1583 844 1692 895 τῶν

48 933 322 1003 ἀρετῶν
382 933 482 1003 τῆς
532 934 783 1002 γνώσεως
828 934 926 997 τὰς
973 935 1187 1004 χορδὰς,
1240 935 1594 1004 βοσκήσωμεν
1635 934 1690 985 δὲ

51 1025 275 1079 πάλιν
311 1026 416 1079 ὑπὸ
454 1025 514 1077 τὸ
549 1027 757 1078 Σιναῖον
802 1025 927 1096 ὅρος
970 1026 1038 1079 τὰ
1077 1026 1347 1096 πρόϐατα,
1397 1026 1482 1078 ἵνα
1508 1027 1535 1077 ὀ
1560 1025 1693 1088 Θεὸς

54 1118 211 1172 τῶν
243 1121 501 1189 πατέρων
531 1120 707 1190 ἡμῶν,
737 1121 832 1173 καὶ
862 1122 1007 1191 ἡμᾶς
1042 1123 1105 1173 ὲκ
1126 1122 1223 1191 τῆς
1264 1121 1426 1189 βάτου
1459 1121 1688 1191 καλέσῃ,

60 1210 197 1263 καὶ
245 1212 377 1274 τοὺς
408 1210 598 1279 λόγους
623 1211 731 1263 τῶν
760 1211 1020 1281 σημείων,
1046 1213 1144 1265 καὶ
1178 1212 1285 1265 τῶν
1316 1213 1558 1282 τεράτων
1595 1215 1691 1265 καὶ

62 1303 238 1372 ἡμῖν
306 1301 618 1373 χαρίσηται.
699 1304 866 1355 Φύσιν
914 1303 1013 1372 μὲν
1066 1304 1288 1373 λογικὴν
1348 1304 1452 1356 ύπὸ
1499 1305 1691 1367 κακίας

66 1392 516 1446 Θανατωθεῖσαν
559 1394 761 1464 ἐγείρει
798 1395 1031 1465 Χριστὸς
1058 1396 1145 1448 διὰ
1169 1396 1267 1465 τῆς
1299 1395 1529 1465 θεωρίας
1559 1397 1691 1448 πάν-

65 1499 213 1536 των
234 1483 350 1535 τῶν
380 1482 589 1536 αἰώνων
618 1500 632 1513 ·
665 1487 692 1537 ὀ
725 1483 781 1536 δὲ
813 1484 1003 1537 τούτου
1039 1485 1220 1555 πατὴρ
1251 1484 1347 1554 τὴν
1385 1485 1690 1538 ἀποθανοῦ-

70 1592 205 1627 σαν
231 1575 439 1646 ταύτης
462 1575 659 1646 ψυχὴν,
690 1576 780 1628 τὸν
807 1576 1036 1629 θάνατον
1068 1576 1163 1629 τοῦ
1200 1574 1435 1646 Χριστοῦ
1452 1616 1466 1640 ,
1491 1576 1692 1647 ἐγείρει

68 1665 189 1720 διὰ
222 1668 482 1735 γνώσεως
505 1669 603 1738 τῆς
636 1668 850 1722 ἑαυτοῦ.
889 1670 997 1723 Καὶ
1022 1668 1179 1721 τοῦτό
1222 1670 1335 1721 ἐστι
1366 1668 1424 1721 τὸ
1448 1668 1561 1722 ’ὑπὸ
1598 1668 1691 1721 τοῦ

1801 473 1944 527 furta
1986 473 2140 543 531
2171 475 2365 531 noctis.
2402 482 2456 528 et
2497 474 2761 527 exurcbar
2809 484 2939 527 aestu
2976 473 3103 537 diei,
3160 484 3213 526 et
3248 474 3372 544 gelu

1800 566 1997 626 noctis,
2020 567 2422 634 secedebatque
2447 581 2672 620 somnus
2693 566 2761 619 ab
2790 565 2962 619 oculis
2991 568 3125 619 meis
3155 566 3198 597 ³ο
3229 605 3243 618 .
3264 585 3287 614 ι
3312 567 3373 620 Si

1800 664 1976 710 autem
2029 658 2210 726 aliqua
2256 674 2319 711 ex
2372 658 2554 711 lahore
2598 657 2816 726 pigritia
2862 657 3017 711 nobis
3058 659 3370 724 accesserit,

1801 749 2079 817 paululum
2118 758 2471 804 recurrentes
2500 750 2566 805 ad
2602 750 2926 819 cognitionis
2957 759 3182 818 petram,
3212 750 3366 804 Psal-

1800 841 1938 894 terio
1989 858 2087 896 nos
2145 843 2572 907 admoveamus,
2630 858 2724 910 per
2771 844 2999 897 virtutes
3046 843 3372 909 cognitionis

1799 933 2031 988 chordas
2058 935 2362 1002 pulsantes,
2400 949 2700 1004 rursusque
2723 935 2828 989 sub
2856 934 3035 987 Simeo
3065 946 3249 989 monte
3276 951 3371 1004 pe-

1798 1028 1963 1081 cudes
1988 1028 2364 1096 depascamus,
2401 1037 2459 1083 ut
2481 1028 2650 1082 Deum
2693 1038 2906 1097 patrum
2934 1037 3240 1083 nostrorum
3272 1045 3373 1083 nos

1796 1119 1958 1171 etiam
1991 1130 2176 1173 evocet
2205 1135 2235 1174 e
2262 1121 2416 1186 rubo,
2459 1130 2620 1189 atque
2645 1121 2881 1189 rationes
2920 1135 3012 1173 seu
3050 1135 3246 1175 causas
3285 1120 3363 1174 si-

1798 1225 2024 1278 gnorum
2050 1227 2111 1264 ac
2140 1213 2686 1281 prodigiorumnohis
2717 1216 2877 1266 donet
2898 1213 3251 1281 aclargiatnr.
3275 1211 3376 1278 Na,-

1798 1309 1972 1354 turam
2022 1303 2240 1370 quidem
2283 1304 2597 1358 rationalem
2640 1320 2670 1358 e
2722 1306 2854 1357 vitio
2904 1315 3077 1359 morte
3122 1305 3372 1362 affectam

1798 1393 2026 1446 suscitat
2046 1395 2298 1449 Christus
2328 1411 2421 1463 per
2450 1396 2961 1465 contemplationem
2996 1397 3240 1450 omnium
3266 1412 3371 1451 saa—

1800 1484 2085 1549 culorum;
2118 1485 2282 1552 hujus
2312 1466 2504 1540 autem‘
2522 1486 2679 1539 Pater
2702 1496 2971 1540 mortuam
3000 1487 3243 1555 ejusdem
3271 1503 3372 1542 na-

1800 1580 1936 1629 tura:
1960 1577 2241 1631 rationalis
2271 1578 2529 1641 animam,
2568 1595 2687 1648 quae
2715 1594 2866 1633 mors
2909 1589 2991 1631 est
3021 1578 3239 1645 Christi,
3279 1595 3371 1648 per

1799 1668 1880 1719 sui
1901 1667 2071 1734 ipsius
2108 1669 2308 1722 excitat
2333 1670 2699 1739 cognitiOnem
2728 1689 2739 1724 :
2768 1670 2977 1739 hocque
3008 1680 3110 1735 est,
3151 1671 3297 1739 quod
3337 1687 3370 1725 a

74 1757 328 1810 Παύλου
376 1758 686 1829 λεγόμενον,
720 1760 801 1826 τὸ,
856 1779 873 1811 ι
895 1762 957 1814 EE
985 1759 1423 1829 συναπεθάνομεν
1450 1759 1528 1829 τῷ
1555 1761 1685 1830 Χρι-

1803 1752 1972 1808 Paulo
1995 1756 2229 1831 dicitur;
2262 1776 2279 1807 ι
2310 1757 2365 1811 Si
2391 1761 2777 1813 commorimur
2807 1759 3044 1825 Christo,
3074 1759 3367 1824 credimus,

80 1849 244 1920 στῷ,
278 1851 629 1921 πιστεύομεν,
658 1852 738 1904 ὅτι
772 1852 864 1905 καὶ
884 1853 1191 1922 συζήσομεν
1218 1850 1384 1921 αύτῷ,
1411 1870 1427 1901 ι
1462 1852 1631 1903 Ὅταν
1663 1853 1691 1904 6

78 1941 235 2005 νοῦς
287 1944 379 1995 τὸν
426 1943 654 1996 παλαιὸν
702 1944 983 2013 ἄνθρωπον
1041 1944 1448 2012 ἀποδυσάμενος
1488 1942 1579 1995 τὸν
1630 1944 1694 1995 ὲκ

78 2035 332 2104 χάριτος
358 2035 663 2107 ἐνδύσηται,
713 2038 833 2089 τότε
879 2036 974 2089 καὶ
1022 2036 1120 2106 τὴν
1150 2036 1314 2090 αὐτοῦ
1360 2037 1698 2090 κατάστασιν

78 2126 300 2195 δῴεται
330 2127 466 2180 κατὰ
483 2128 670 2199 καιρὸν
694 2132 791 2200 τῆς
809 2130 1135 2198 προσευχῆς,
1164 2129 1448 2199 σαπφείρῳ
1476 2128 1509 2198 ἢ
1532 2128 1698 2198 ούρα-

81 2215 205 2286 νίῳ
262 2216 513 2287 χρώματι
563 2219 913 2290 παρεμφερῆ,
993 2219 1184 2288 ἥντινα
1228 2218 1322 2271 καὶ
1361 2218 1526 2269 τόπον
1561 2215 1696 2269 Θεοῦ

86 2306 305 2379 Γραφὴ
342 2308 594 2380 ὀνομάζει
618 2311 723 2363 ὑπὸ
759 2311 868 2364 τῶν
897 2310 1277 2381 πρεσϐυτέρων
1303 2309 1536 2379 ὀφθέντα
1590 2307 1697 2362 ὑπὸ

86 2398 206 2451 τοῦ
250 2399 414 2471 ὅρους
442 2402 592 2456 Σινᾶ.

718 2512 968 2567 ΚΕΦΑΛ.
1002 2513 1104 2567 ΙΘ’.

177 2628 353 2682 Ὅταν
397 2626 504 2681 τῶν
532 2627 741 2699 ἐχθρῶν
770 2627 953 2699 τρώσῃ
996 2628 1055 2680 σέ
1094 2644 1177 2690 τις
1211 2628 1565 2699 παραϐαλὼν,
1593 2630 1690 2683 καὶ

96 2722 291 2792 βούλει
308 2724 404 2791 τὴν
436 2720 884 2791 ῥομφαίανιαύτοῦ
914 2720 1161 2791 στρέψαι,
1198 2720 1417 2774 κατὰτὸ
1440 2738 1688 2792 γεγραμ-

101 2816 297 2886 μένον,
324 2814 414 2865 ἐπὶ
436 2813 532 2888 τίς)
571 2813 798 2883 καρδίαν
824 2812 989 2867 αὐτοῦ
1020 2813 1244 2881 ποίησον
1260 2812 1455 2876 οὕτως,
1493 2814 1568 2876 ώς
1601 2814 1689 2866 λέ-

96 2924 304 2978 γομεν.
356 2906 504 2958 Δίελε
546 2905 687 2959 κατὰ
722 2905 918 2960 σαυτὸν
960 2904 1050 2958 τὸν
1092 2905 1183 2958 ὑπ’
1215 2904 1378 2958 αὐτοῦ
1422 2905 1685 2976 βληθέντα

98 2997 390 3067 λογισμὸν,
425 2997 573 3059 ὅστις
599 2995 726 3048 ποτέ
753 2996 887 3059 ἐστι,
920 2995 1013 3048 καὶ
1039 2996 1101 3047 ὲκ
1133 2993 1314 3047 πόσων
1346 2994 1685 3066 πραγμάτων

1804 1846 1947 1914 quod
1983 1858 2036 1901 et
2086 1849 2189 1918 ipsi
2241 1851 2757 1906 convivilicabimur.
2785 1853 2825 1883 ³¹
2870 1872 2888 1904 ι
2922 1853 3148 1919 Quando
3177 1868 3366 1919 mens,

1803 1956 1924 1993 cum
1956 1950 2188 1996 veterem
2235 1945 2445 1998 exuerit
2490 1945 2786 2007 hominem,
2828 1946 3060 2000 induerit
3087 1961 3232 2009 eum,
3277 1948 3370 2015 qui

1799 2048 1862 2085 ex
1892 2034 2058 2101 gratia
2082 2045 2182 2099 est,
2222 2044 2348 2089 tunc
2384 2045 2438 2090 et
2474 2047 2672 2090 statum
2706 2051 2864 2092 suum
2894 2038 3093 2092 videbit
3129 2048 3371 2108 tempore

1801 2124 2063 2179 orationis
2085 2125 2360 2194 sapphiro,
2386 2136 2478 2181 aut
2509 2128 2715 2182 caelesti
2736 2128 2904 2183 colori
2930 2129 3182 2194 similem,
3206 2143 3369 2199 quem

1796 2222 1851 2268 et
1888 2216 2063 2270 locum
2096 2214 2188 2270 Dei
2237 2216 2518 2288 Scriptura
2553 2219 2822 2286 nominat,
2881 2219 3055 2275 visum
3079 2236 3109 2275 a
3134 2220 3369 2276 seniori-

1796 2307 1897 2362 bus
1929 2308 2032 2362 sub
2061 2319 2247 2364 monte
2275 2310 2426 2365 Sina.

2368 2510 2594 2567 CAPUT
2629 2511 2748 2565 XIX

1860 2626 2087 2690 Quando
2112 2624 2382 2695 quispiam
2411 2625 2641 2680 hostium
2679 2626 3139 2697 appropinquans,
3173 2636 3223 2681 te
3248 2626 3366 2681 vul-

1793 2732 1921 2770 ncra
1932 2718 2025 2782 vit,
2051 2718 2293 2787 velisque
2310 2717 2541 2787 gladium
2562 2718 2677 2787 ejus
2698 2728 3005 2773 convertere
3024 2718 3362 2789 (secundum,

1788 2810 1933 2880 quod
1965 2810 2224 2879 scriptum
2266 2819 2348 2864 est
2384 2811 2452 2880 δ’)
2492 2811 2545 2863 in
2586 2826 2682 2864 cor
2707 2810 2845 2881 ejus,
2899 2813 2967 2864 ita
3003 2811 3162 2876 faxis,
3192 2822 3249 2866 ut
3279 2812 3364 2866 di-

1784 2903 1977 2958 cimus.
2026 2901 2211 2957 Divide
2251 2902 2391 2971 apud
2440 2902 2669 2971 teipsum
2720 2903 3100 2972 cogitationem
3151 2904 3219 2957 ab
3268 2904 3363 2958 illo

1790 2994 2117 3059 immissam,
2142 2994 2401 3049 nimirum
2427 2995 2604 3064 qualis
2631 3010 2870 3064 unquam
2896 3012 2957 3051 ea
2991 2997 3079 3060 sit,
3120 3005 3364 3066 quotque

102 3091 433 3159 συνέστηκε,
486 3090 582 3142 καὶ
604 3091 753 3141 ποῖον
785 3086 943 3140 τοῦτό
963 3088 1080 3139 ἐστι
1134 3086 1365 3157 μάλιστα
1419 3087 1479 3139 τὸ
1506 3087 1685 3141 θλίόον

1795 3088 2000 3143 erebus
2061 3097 2306 3152 constet,
2351 3096 2405 3142 et
2437 3088 2671 3141 maxime
2715 3090 2872 3157 quale
2903 3089 2974 3144 sit
3016 3089 3156 3143 istud
3178 3131 3192 3156 ,
3220 3089 3363 3159 quod

99 3185 205 3237 τὸν
252 3181 395 3234 νοῦν.
466 3182 532 3232 Ὃ
578 3180 633 3233 δὲ
665 3180 826 3248 λέγω,
860 3178 1098 3232 τοιοῦτόν
1124 3180 1291 3231 ἐστιν’
1335 3179 1516 3233 Ἔστω
1548 3197 1690 3249 πεμ-

103 3275 270 3345 φθεὶς
294 3276 321 3327 6
357 3275 455 3344 τῆς
482 3272 847 3343 φιλαργυρίας
877 3272 970 3324 ὑπ’
990 3270 1156 3325 αὑτοῦ
1179 3271 1457 3341 λογισμὸς,
1502 3271 1691 3327 τοῦτον

100 3369 255 3423 δίελε
292 3368 370 3431 είς
398 3385 457 3420 τε
492 3366 583 3419 τὸν
610 3363 1006 3433 ὑποδεξάμενον
1036 3363 1196 3416 αὑτὸν
1229 3362 1375 3429 νοῦν,
1407 3363 1501 3415 καὶ
1526 3366 1606 3427 εἰς
1630 3365 1691 3417 τὸ

102 3463 294 3530 νόημα
310 3459 402 3511 τοῦ
429 3457 674 3528 χρυσίου,
712 3456 809 3509 καὶ
834 3456 913 3518 είς
942 3454 1103 3508 αὑτὸν
1123 3453 1213 3506 τὸν
1245 3453 1464 3524 χρυσὸν,
1491 3456 1585 3508 καὶ
1610 3457 1691 3519 είς

102 3556 175 3609 τὸ
206 3554 535 3623 φιλάργυρον
578 3550 747 3612 πάθος
782 3565 796 3579 ο
845 3548 938 3601 καὶ
987 3546 1173 3600 λοιπὸν
1202 3546 1378 3614 ἐρώτα
1406 3546 1458 3597 τί
1486 3547 1689 3600 τούτων

106 3648 264 3702 ἐστὶν
308 3643 586 3716 ἁμαρτία,
642 3642 869 3709 πότερον
898 3642 926 3692 6
958 3639 1126 3702 ’νοῦς;
1179 3638 1273 3691 καὶ
1321 3637 1472 3703 πῶς;
1544 3638 1690 3692 ἔστιν

106 3741 277 3795 εἰκὼν
304 3739 460 3792 Θεοῦ.
514 3734 674 3787 Ἀλλὰ
698 3734 759 3786 τὸ
789 3732 968 3801 νόημα
988 3730 1081 3783 τοῦ
1115 3728 1354 3800 χρυσοῦ;
1396 3731 1492 3783 καὶ
1534 3730 1690 3784 τοῦτο

106 3836 199 3896 τίς
257 3834 321 3887 ἂν
374 3831 518 3884 είποι
546 3827 669 3884 νοῦν
700 3827 839 3896 ἔχων
888 3824 1014 3877 ποτέ
1041 3841 1055 3890 ;
1112 3823 1226 3877 ἀλλ’
1249 3824 1411 3886 αὐτὸς
1435 3825 1463 3876 ὀ
1490 3824 1691 3894 χρυσός

108 3930 265 3980 ἐστιν
304 3920 577 3995 ἁμαρτία;
633 3918 729 3971 καὶ
755 3917 898 3978 τίνος
927 3916 1084 3986 χάριν
1113 3914 1400 3984 γεγένηται
1431 3932 1445 3979 ;
1497 3915 1687 3968 ἕπεται

108 4018 328 4081 τοίνυν,
378 4015 515 4084 ὅπερ
560 4012 658 4064 οὐκ
690 4009 811 4062 ἐστι
854 4006 953 4078 μὲν
1012 4006 1242 4076 πρᾶγμα
1288 4004 1535 4075 ὑφεστὼς
1566 4006 1687 4059 κατ’

107 4110 323 4173 οὐσίαν,
373 4106 491 4159 οὐδὲ
550 4104 727 4174 νόημα
775 4101 1121 4171 πράγματος,
1171 4099 1293 4152 οὐδὲ
1344 4098 1469 4163 νοῦς
1523 4100 1686 4154 πάλιν

109 4199 444 4269 ἀσώματος,
504 4194 619 4249 ἀλλ’
669 4193 829 4265 ἡδονή
881 4208 965 4254 τις
1012 4189 1427 4261 μισάνθρωπος,
1480 4192 1544 4244 ὲκ
1591 4191 1685 4243 τοῦ

110 4286 458 4352 αύτεξουσίου
486 4285 802 4355 τικτομένη,
850 4282 947 4334 καὶ
991 4280 1176 4342 κακῶς
1216 4279 1539 4351 κεχρῆσθαι,
1573 4284 1686 4342 τοῖς

108 4379 212 4434 τοῦ
248 4376 378 4431 Θεοῦ
427 4376 690 4447 κτίσμασι
726 4374 819 4427 τὸν
857 4372 981 4427 νοῦν
1022 4370 1440 4441 ἀναγκάζουσα,
1468 4373 1534 4443 ἢν
1590 4373 1684 4425 καί⁵

1792 3190 2023 3236 mentem
2053 3180 2293 3236 afﬂictat.
2328 3179 2485 3247 Quod
2516 3188 2696 3235 autem
2728 3182 2872 3244 dico,
2910 3182 3070 3253 532
3105 3182 3363 3251 hujusce-

1790 3274 1936 3329 modi
1986 3284 2069 3329 est
2096 3294 2108 3330 :
2140 3275 2212 3330 sit
2254 3274 2497 3329 immissa
2519 3275 2586 3329 ab
2626 3275 2742 3343 ipso
2784 3275 3039 3343 cogitatio
3079 3277 3319 3331 avaritia
3345 3314 3361 3340 ,

1790 3370 1947 3423 istam
1992 3368 2170 3423 divide
2197 3376 2309 3423 tum
2359 3369 2413 3423 in
2441 3378 2700 3431 mentem,
2731 3383 2851 3437 quae
2899 3370 3071 3438 ipsam
3100 3370 3363 3439 suscepit,

1790 3470 1903 3515 tum
1932 3460 1988 3514 in
2040 3462 2158 3515 auri
2201 3462 2496 3526 notionem,
2543 3470 2653 3515 tum
2684 3462 2735 3514 in
2777 3461 2951 3529 ipsum
2982 3476 3215 3527 aurum,
3245 3472 3357 3516 tum

1789 3553 1949 3605 etiam
1977 3553 2029 3605 in
2052 3551 2357 3621 passionem
2377 3566 2628 3617 avaram;
2658 3567 2722 3606 ac
2754 3550 2878 3605 dein
2904 3551 3176 3625 interroga
3199 3554 3361 3624 quid-

1788 3660 1914 3698 nam
1958 3644 2153 3697 horum
2209 3645 2280 3698 sit
2311 3654 2591 3713 peccatum
2625 3662 2638 3698 :
2670 3652 2848 3697 utrum
2900 3646 3103 3700 mens?
3138 3655 3191 3701 et
3220 3662 3360 3715 quo—

1788 3736 1980 3790 modo?
2008 3745 2107 3791 est
2141 3736 2319 3806 imago
2348 3735 2477 3801 Dei;
2515 3736 2607 3791 sed
2636 3737 2785 3791 notio
2813 3737 2971 3790 auri?
2993 3748 3047 3792 et
3071 3737 3213 3793 iStud
3236 3739 3360 3810 quis

1788 3845 2027 3899 unquam
2056 3830 2259 3883 diceret
2296 3838 2533 3884 mentem
2565 3829 2807 3884 habens?
2827 3845 3014 3883 verum
3050 3829 3229 3899 ipsum
3256 3845 3358 3884 au-

1786 3937 1905 3976 rum
1939 3931 2021 3975 est
2046 3921 2365 3990 peccatum?
2394 3929 2446 3974 et
2476 3921 2632 3989 cujus
2654 3921 2823 3990 gratia
2850 3919 3051 3974 factum
3082 3920 3230 3976 fuit?
3258 3922 3359 3977 Se-

1787 4015 1971 4085 quitur
1998 4014 2200 4081 itaque,
2237 4014 2440 4082 peccati
2472 4027 2689 4066 causam
2719 4028 2840 4068 esse
2866 4022 3120 4082 quartum
3143 4013 3359 4085 (nempe

1786 4108 2091 4179 passionem
2120 4107 2359 4173 avaram)
2386 4120 2507 4175 quae
2540 4104 2754 4173 quidem
2789 4119 2897 4158 non
2930 4113 3014 4159 est
3053 4118 3142 4159 res
3174 4103 3358 4159 subsi-

1785 4208 1934 4256 stens
1974 4215 2068 4268 per
2102 4200 2414 4261 essentiam,
2466 4211 2645 4266 neque
2683 4196 2759 4250 rei
2805 4197 2974 4262 nutio,
3031 4210 3133 4251 nec
3165 4212 3356 4251 rursus

1785 4304 1937 4344 mens
1967 4290 2305 4356 incorporea,
2343 4285 2434 4340 sed
2466 4285 2714 4354 voluptas
2756 4286 3001 4355 quaedam
3026 4284 3236 4339 homini
3265 4284 3353 4339 in-

1786 4380 1957 4443 fensa,
1981 4395 2011 4432 e
2040 4377 2211 4431 libero
2234 4375 2461 4430 arbitrio
2488 4376 2784 4445 progenita,
2824 4382 3167 4444 mentemque
3202 4389 3356 4429 com-

113 4471 461 4542 περιτέμνειν
516 4444 680 4522 ὀήτοῦ
740 4465 873 4519 Θεοῦ
913 4464 1075 4536 νόμος
1124 4463 1500 4517 πεπίστευται.
1572 4465 1683 4518 Καὶ

1795 4473 2012 4543 pellens,
2049 4478 2109 4523 ut
2140 4468 2276 4521 male
2307 4466 2573 4522 creaturis
2598 4444 2699 4520 Dei
2749 4474 2949 4530 utatur,
2978 4480 3141 4534 quam
3192 4465 3355 4519 etiam

112 4562 287 4618 ταῦτά
338 4578 432 4615 σου
483 4558 923 4631 διερευνωμένου,
951 4556 1299 4628 [φθαρήσεται
1333 4555 1431 4626 μὲν
1462 4558 1491 4608 6
1532 4556 1682 4625 λογι-

116 4656 257 4727 σμὸς
277 4657 352 4718 είς
378 4655 479 4725 τὴν
505 4653 640 4707 ἰδίαν
664 4652 1027 4722 ἀναλυόμενος
1053 4649 1320 4720 θεωρίαν,
1346 4650 1600 4719 φεύξεται
1624 4650 1682 4704 δὲ

117 4748 228 4803 ὀιπὺ
257 4747 344 4801 σοῦ
396 4746 457 4800 τὸ
486 4745 783 4816 δαιμόνιον,
830 4742 931 4812 τῆς
960 4741 1197 4805 διανοίας
1221 4758 1313 4794 σου
1343 4742 1446 4795 ὑπὸ
1478 4742 1679 4814 ταύτης

119 4842 219 4911 τῆς
247 4838 493 4909 γνώσεως
513 4840 593 4901 εἰς
623 4836 758 4906 ὕψος
781 4834 1062 4905 ἀρθείσης.

715 5055 967 5110 ΚΕΦΑΛ.
999 5054 1081 5108 K'.

192 5178 251 5232 Εἰ
290 5178 347 5231 δὲ
395 5176 571 5247 βούλει
594 5173 895 5246 χρήσασθαι
950 5174 1047 5243 μὲν
1082 5174 1149 5243 τῇ
1177 5171 1385 5225 ἐκείνου
1411 5172 1672 5243 ῥομφαίᾳ,

126 5269 388 5333 ὲπιποθεῖς
446 5269 504 5321 δὲ
552 5267 764 5338 πρῶτον
790 5265 880 5319 διὰ
912 5265 1011 5336 τῆς
1041 5268 1138 5337 σῆς
1167 5264 1453 5335 σφενδόνης
1489 5261 1676 5316 τοῦτον

128 5360 492 5435 χειρώσασθαι.
525 5359 787 5412 Ἔκϐαλλε
810 5359 904 5413 καὶ
943 5358 1006 5411 σὺ
1032 5357 1176 5410 λίθον
1205 5357 1268 5409 ὲκ
1295 5353 1386 5407 τοῦ
1432 5370 1679 5423 ποιμενι-

131 5454 221 5510 κοῦ
245 5472 330 5507 σου
366 5452 585 5517 κωδίου,
617 5452 712 5506 καὶ
738 5450 929 5504 τούτου
961 5448 1113 5520 ζήτει
1143 5447 1239 5519 τὴν
1273 5445 1522 5517 θεωρίαν.
1555 5443 1679 5506 Πῶς

130 5546 332 5616 ἄγγελοι
395 5543 516 5615 μὲν,
564 5544 657 5597 καὶ
704 5543 953 5613 δαίμονες
985 5540 1063 5611 τῷ
1113 5538 1364 5610 ἡμετέρῳ
1394 5534 1673 5608 παραϐάλ-

1787 4563 2176 4619 circumcidere
2211 4561 2410 4616 credita
2440 4569 2522 4613 est
2548 4559 2725 4613 divina
2766 4559 2871 4613 lex.
2909 4556 2985 4612 Te
3027 4559 3211 4628 itaque
3238 4556 3355 4612 haec

1784 4664 2190 4728 perscrutante,
2238 4652 2495 4723 cogitatio
2547 4652 2763 4722 quidem
2806 4659 3094 4707 evanescet
3140 4650 3196 4705 in
3230 4664 3354 4720 pro-
3448 4653 3463 4665 '

1783 4750 1957 4821 priam
1985 4746 2222 4802 resoluta
2256 4744 2787 4814 contemplationem,
2808 4743 3084 4814 fugietque
3106 4759 3135 4797 a
3163 4751 3214 4798 te
3244 4742 3353 4797 daa-

1778 4844 2043 4909 monium,
2091 4841 2218 4895 dum
2266 4839 2568 4911 intellectus
2613 4848 2737 4894 tuus
2779 4838 2847 4893 ab
2896 4839 2998 4893 ista
3048 4836 3352 4908 cognitione

1780 4937 1943 4993 fuerit
1967 4936 2228 4990 elevatus.

2381 5045 2608 5102 CAPUT
2656 5045 2771 5100 XX.

1857 5164 1913 5217 Si
1946 5173 2124 5217 autem
2146 5161 2279 5215 velis
2307 5162 2387 5215 uti
2417 5160 2632 5229 quidem
2666 5159 2811 5214 illius
2840 5158 3041 5230 gladio,
3074 5158 3348 5215 desideras

1782 5269 1914 5309 vero
1942 5255 1994 5308 in
2021 5253 2212 5323 primis
2259 5268 2353 5322 per
2388 5250 2608 5305 fundam
2652 5262 2799 5306 tuam
2833 5251 3013 5321 ipsum
3058 5250 3343 5320 subigere:
3422 5306 3430 5314 ,

1785 5347 1919 5418 ejicc
1951 5356 2007 5401 tu
2033 5360 2249 5417 quoque
2282 5345 2509 5415 lapidem
2529 5360 2558 5399 e
2581 5328 2836 5414 pastorali
2861 5355 2949 5398 tua
2974 5359 3121 5413 pera,
3158 5343 3348 5411 hujus-

1786 5456 1892 5509 que
1916 5440 2139 5510 exquire
2170 5436 2714 5507 contemplationem;
2746 5435 3027 5497 nimirum,
3068 5429 3344 5504 quomodo

1781 5531 1956 5601 angeli
2008 5530 2223 5601 quidem
2255 5573 2270 5595 ,
2326 5537 2487 5599 atque
2530 5529 2801 5583 dromones
2850 5534 3037 5581 nostro
3082 5520 3346 5579 accedant

205 5746 245 5780 ³⁸
272 5744 401 5801 Gen.
428 5760 579 5808 XXXI.
609 5744 698 5799 45.
776 5743 817 5774 ³¹
850 5739 898 5795 ll
926 5740 1067 5796 Tim.
1094 5738 1251 5808 11:“.
1348 5732 1553 5790 “Psal.
1581 5744 1771 5817 xxxvi.
1802 5728 1891 5796 14,
