3838 6056
500 267 634 333 1223

1966 265 2028 326 S.
2079 266 2242 329 NILI

3620 271 3747 346 1224

499 384 724 449 mundo,
757 392 814 438 at
835 399 936 439 nos
963 384 1206 456 ipsorum
1234 399 1345 440 non
1367 381 1687 439 accedamus
1703 381 1946 448 mundis,
1966 399 2048 439 net

2165 384 2315 438 λουσι
2343 383 2554 456 κόσμῳ,
2586 381 2745 454 ἡμεῖς
2772 381 2828 435 δὲ
2851 385 3168 466 τοῖςιαςιιων
3194 385 3426 466 κόσμοις
3450 387 3530 448 οὐ
3570 405 3743 460 παρι-

498 476 640 532 enim
671 491 961 545 possumus
990 478 1212 548 angelos
1267 477 1440 546 magis
1479 477 1768 547 adjungere
1792 475 1921 542 Deo,
1959 492 2063 536 nec

496 567 773 622 daemones
803 566 1015 623 efﬁcere
1050 570 1224 640 magis
1276 570 1516 632 impuros
1551 570 1605 622 in
1632 570 1872 623 animum
1907 569 2062 626 indu-

496 659 672 714 cimus
701 676 716 712 :
742 675 960 729 quoque
985 671 1141 730 pacto
1167 659 1410 723 Lucifer,
1445 662 1536 730 qui
1582 676 1741 715 mane
1763 661 2060 728 oriebatur,

495 751 548 804 in
588 760 787 807 terram
841 769 1076 822 praeceps
1105 752 1261 823 533
1315 753 1556 822 dejectus
1594 753 1665 807 sit
1699 754 1770 820 ³³,
1818 763 1873 808 et
1911 769 2062 810 mare

499 845 719 913 quidem
749 846 1026 900 existimat
1057 847 1130 899 uti
1160 861 1253 900 vas
1288 847 1726 915 unguentariam,
1773 845 2058 904 Tartarum

492 946 672 992 autem
701 939 883 1010 abyssi
916 939 1136 1006 perinde
1160 947 1323 1007 atque
1358 939 1650 1007 captivum,
1683 939 1774 994 sed
1804 948 1858 993 et
1887 941 2057 1009 ipsam

491 1031 750 1101 abyssum
798 1033 960 1084 veluti
996 1041 1348 1085 :eramentum
1387 1030 1686 1098 fervefacit,
1727 1050 1916 1088 omnes
1959 1050 2057 1089 sua

491 1125 819 1192 perturbans
852 1124 1075 1186 malitia,
1120 1124 1483 1192 omnibusque
1535 1125 1719 1179 volens
1769 1127 2054 1195 imperare.

493 1211 692 1267 Harum
735 1216 932 1284 quippe
983 1231 1163 1268 rerum
1220 1215 1603 1283 contemplatio
1664 1216 1813 1270 valde
1849 1218 2058 1272 sauciat

486 1305 808 1370 dazmouem,
835 1323 1159 1376 omnemque
1177 1309 1295 1376 ejus
1325 1308 1473 1377 fugat
1491 1310 2051 1374 castrametationem;

487 1397 582 1451 sed
607 1398 724 1452 haec
749 1399 968 1468 quidem
999 1400 1320 1468 contingunt
1351 1400 1483 1454 solis
1517 1401 1698 1469 quiete
1731 1401 2056 1470 placideque

486 1490 754 1558 purgatis,
809 1498 861 1542 et
915 1489 1308 1558 aliquantulum
1357 1489 1775 1560 dispicientibus
1815 1494 2054 1548 rationes

483 1592 696 1638 earum,
729 1593 852 1647 qua:
881 1578 1022 1632 facta
1053 1587 1199 1632 sunt.
1239 1579 1524 1648 Atimpuri
1556 1581 1802 1635 nesciunt
1825 1582 2051 1636 istarum

484 1684 667 1722 rerum
701 1669 1114 1738 dispectionem,
1151 1686 1250 1724 nec
1295 1673 1541 1734 audiunt,
1595 1674 1665 1728 ab
1694 1674 1818 1728 aliis
1850 1675 2049 1742 edocti,

2164 473 2452 552 ϐάλλομεν·
2489 471 2613 526 οὔτε
2651 473 2760 543 γὰρ
2790 459 3051 543 ἀγγέλους
3075 475 3195 546 Θεῷ
3235 459 3546 540 συνάπτειν
3597 459 3746 542 πλέον

2161 566 2459 640 δυνάμεθα,
2517 565 2641 619 οὔτε
2668 566 2926 632 δαίμονας
2958 567 3302 639 ἀκαθάρτους
3329 570 3550 640 μᾶλλον
3582 580 3746 632 ποιεῖν

2161 657 2593 728 προαιρούμεθα.
2620 657 2730 711 Καὶ
2753 657 2868 720 πῶς
2888 659 2916 710 ὁ
2949 658 3254 730 Ἐωσφὸρος
3285 665 3312 714 ὁ
3333 661 3491 732 πρωῒ
3525 664 3746 720 ﬁatfi-

2160 746 2266 804 λων
2330 751 2411 812 είς
2461 749 2560 820 τὴν
2612 750 2714 818 γῆν
2767 751 3097 821 κατερῤίφη,
3139 755 3233 808 καὶ
3281 755 3495 826 ἥγηται
3527 757 3630 826 μὲν

2161 841 2436 896 θάλασσαν
2455 843 2530 906 ὡς
2553 843 2920 913 ἑξάλειπτρον,
2944 843 3036 896 τὸν
3063 845 3120 898 δὲ
3146 847 3435 919 Τάρταρον
3451 849 3562 918 τῆς
3590 852 3746 904 ἀϐύσ-

2161 949 2254 986 σου
2314 933 2502 1004 ῶσπερ
2559 933 2924 1004 αἰχμάλωτον,
3003 937 3194 1001 ἀναζεῖ
3257 941 3313 993 δὲ
3355 940 3461 1012 τὴν
3513 943 3745 1000 ἄϐυσσον

2158 1023 2346 1094 ὥσπερ
2391 1025 2634 1096 χαλκίον,
2685 1027 2892 1090 πάντας
2921 1029 3277 1101 ἐκταράσσων
3297 1033 3394 1085 διὰ
3422 1034 3533 1104 τῆς
3557 1038 3748 1100 κακίας

2157 1115 2344 1180 αὑτοῦ,
2375 1118 2469 1171 καὶ
2499 1118 2718 1172 πάντων
2753 1119 2942 1189 ἄρχειν
2968 1121 3289 1193 βουλόμενος
3315 1144 3329 1192 ;
3386 1127 3625 1181 Τούτων
3651 1133 3746 1201 γάρ

2155 1209 2265 1261 τῶν
2305 1211 2644 1282 πραγμάτων
2674 1213 2706 1282 ἡ
2754 1211 2957 1281 θεωρία
2993 1215 3132 1270 πάνυ
3171 1218 3480 1286 τιτρώσκει
3515 1220 3616 1273 τὸν
3645 1222 3746 1280 διί-

2159 1318 2316 1370 μονα,
2372 1303 2466 1355 καὶ
2511 1304 2690 1356 πᾶσαν
2725 1291 2888 1357 αὑτοῦ
2913 1306 3013 1376 τὴν
3036 1309 3392 1381 παρεμϐολὴν
3427 1314 3746 1382 φυγαδεύει.

2167 1392 2328 1446 Ἀλλά
2366 1392 2537 1447 ταῦτα
2589 1397 2689 1464 μὲν
2737 1394 2844 1447 τῶν
2866 1395 3050 1467 ἠρέμα
3083 1399 3537 1472 κεκαθαρμένων
3580 1405 3748 1474 μόνων

2155 1483 2481 1554 συμϐαίνει,
2531 1486 2626 1539 καὶ
2694 1485 3018 1555 βλεπόντων.
3095 1492 3276 1556 ποσῶς
3349 1495 3491 1556 toi»;
3563 1495 3747 1563 λόγους

2153 1576 2262 1630 τῶν
2286 1579 2608 1646 γεγονότων.
2659 1581 2720 1632 Οί
2766 1581 2824 1634 δὲ
2848 1582 3150 1653 ἀκάθαρτοι
3195 1587 3295 1655 τὴν
3351 1585 3611 1656 Θεωρίαν
3636 1592 3748 1646 τού-

2154 1685 2264 1723 των
2287 1671 2386 1724 οὐκ
2427 1671 2626 1737 ἴσασιν,
2659 1673 2779 1726 οὐδὲ
2809 1675 2858 1726 εί
2898 1675 3162 1744 μαθόντες
3206 1680 3337 1749 παρ’
3369 1681 3595 1753 ἐτέρων
3629 1702 3748 1740 κατ.

483 1761 528 1814 si
563 1761 637 1814 illi
688 1761 1046 1828 demulceam,
1094 1773 1147 1817 et
1177 1763 1494 1831 incantent;
1536 1764 1820 1842 cumbelli
1855 1765 2048 1819 multus

2157 1763 2406 1834 επᾴδοιεν
2431 1764 2874 1836 ἁκουσθήσονται,
2901 1768 3097 1822 πολλοῦ
3125 1771 3435 1842 κονιορτοῦ,
3467 1775 3577 1827 καὶ
3608 1775 3750 1848 θορύ-

481 1855 752 1907 cxcitatus
805 1855 1024 1924 pulvis,
1075 1855 1343 1910 multusve
1391 1857 1652 1910 tumultus
1712 1856 1785 1911 sit
1835 1864 2056 1925 propter

480 1949 763 2017 passiones
789 1949 1080 2003 conﬂatus.
1135 1946 1360 2018 Oportet
1384 1949 1528 2003 enim
1553 1949 1797 2015 omnino,
1849 1957 2056 2004 castra-

481 2042 828 2094 meta-tionem
901 2041 1332 2111 alienigenarum
1401 2042 1676 2111 paululum
1751 2042 2053 2112 quiescere,

481 2141 539 2184 ut
601 2133 753 2186 solus
817 2132 1033 2187 Goliath
1093 2135 1296 2188 .obvius
1356 2144 1445 2188 eat
1517 2143 1707 2188 nostro
1759 2134 1926 2189 David
1987 2133 2050 2190 “.

483 2225 742 2278 Similiter
767 2225 820 2278 in
859 2226 1115 2281 omnibus
1159 2226 1390 2296 impuris
1431 2227 1848 2297 cogitationibus
1886 2229 2056 2282 haece

481 2317 766 2382 divisione,
803 2318 1013 2388 istaque
1035 2318 1157 2373 belli
1187 2319 1367 2389 specie
1394 2329 1630 2374 utamur.

1070 2433 1304 2490 CAPUT
1336 2432 1478 2487 XXI.

474 2606 479 2611 ,
549 2546 617 2602 Et
639 2547 857 2617 quidem
881 2547 1051 2618 aliqui
1074 2549 1408 2618 impurornm
1437 2549 1745 2604 daemonum
1778 2548 2050 2604 hominem

483 2648 818 2712 pertentant,
867 2649 925 2695 ut
954 2641 1267 2708 hominem;
1302 2641 1466 2711 aliqui
1500 2657 1628 2696 vero
1665 2642 1967 2704 hominem,
1995 2652 2053 2697 ut

480 2733 679 2786 animal
703 2733 1016 2788 irrationale
1041 2734 1358 2803 perturbant
1383 2742 1480 2800 ;.et
1516 2734 1674 2804 primi
1703 2735 1923 2806 quidem
1957 2749 2052 2788 ac-

478 2823 754 2887 cedentes,
792 2831 883 2876 aut
909 2838 1056 2876 vana:
1088 2824 1294 2891 gloriae.
1317 2831 1412 2876 aut
1459 2824 1746 2893 superbire,
1773 2835 1872 2880 aut
1914 2825 2053 2880 invi-

479 2913 601 2976 diae,
639 2922 732 2966 aut
756 2914 1148 2968 criminationis
1177 2915 1331 2969 nobis
1372 2914 1622 2983 injiciunt
1647 2917 1899 2986 cogitata,
1931 2932 2053 2987 quae

479 3005 689 3060 nullum
715 3006 1174 3060 irrationabilium
1199 3016 1464 3078 tangunt;
1496 3005 1720 3063 secundi
1744 3020 1924 3066 autem
1955 3025 2051 3079 ap-

2157 1855 2253 1909 ϐου
2307 1856 2396 1909 διὰ
2435 1855 2504 1909 τά
2557 1856 2704 1926 πάθη
2763 1860 3152 1929 συνισταμένου
3183 1862 3322 1914 κατά
3347 1864 3444 1916 τὸν
3488 1866 3745 1936 πόλεμον.

2156 1947 2247 1998 Δεῖ
2289 1947 2396 2016 γὰρ
2448 1947 2663 2010 πάντως
2708 1949 2806 2020 τὴν
2859 1951 3208 2022 παρεμϐολὴν
3261 1955 3373 2007 τῶν
3427 1956 3753 2028 ἀλλοφύλων

2159 2039 2354 2109 μικρὸν
2388 2042 2690 2111 ἠρεμῆσαι»
2743 2043 2828 2097 ἵνα
2864 2044 3023 2114 μόνον
3049 2047 3078 2103 ὁ
3114 2046 3306 2104 reme
3339 2051 3657 2127 ἀπαντήσῃ
3684 2056 3750 2124 τῷ

2154 2131 2410 2202 ἡμετέρῳ
2445 2132 2632 2187 ,Δαϐίδ.
2675 2132 2952 2198 Ὡσαύτως
2989 2135 3046 2189 δὲ
3083 2137 3180 2191 καὶ
3210 2140 3276 2209 τῇ
3305 2138 3616 2212 διαιρέσει,
3665 2146 3750 2198 καὶ

2153 2221 2230 2292 τῷ
2283 2223 2415 2276 εῖδει
2469 2223 2645 2294 τούτῳ
2699 2225 2794 2277 τοῦ
2855 2226 3093 2297 πολέμου
3148 2229 3500 2302 χρησώμεθα
3531 2237 3638 2292 καὶ
3667 2238 3747 2292 ἐπὶ

2156 2315 2374 2366 πάντων
2401 2313 2722 2384 ἀκαθάρτων
2744 2314 3040 2386 λογισμῶν.

2724 2424 2973 2480 ΚΕΦΑΛ.
3009 2427 3137 2482 KA'.

2224 2532 2343 2585 Τῶν
2363 2534 2685 2606 ἀκαθάρτων
2702 2536 2995 2606 δαιμόνων,
3009 2540 3056 2596 oi
3087 2542 3189 2610 μὲν
3205 2544 3296 2596 τὸν
3315 2544 3649 2616 ἄνθρωπον,
3683 2549 3746 2612 (1.»;

2153 2619 2440 2692 ἄνθρωπον
2465 2623 2903 2694 ὲκπειράζουσιν,
2922 2627 2970 2679 οἱ
2987 2627 3041 2680 δὲ
3061 2628 3152 2682 τὸν
3178 2630 3496 2702 ἄνθρωπον,
3518 2634 3600 2699 ὡς
3619 2636 3747 2698 ¹ζῶον

2152 2713 2341 2784 ἄλογον
2353 2717 2863 2788 ὲκταράσσουσι,καὶ
2875 2721 2925 2774 oi
2939 2721 3040 2790 μὲν
3052 2723 3256 2792 πρῶτοι
3274 2742 3352 2777 πα
3359 2726 3749 2797 ραϐάλλοντες,

2152 2807 2510 2879 κενοδοξίας,ῆ
2529 2809 2963 2884 ὑπερηφανίας,ἢ
2987 2813 3240 2886 φθόνου.ἣ
3256 2818 3612 2888 κατηγορίας
3628 2822 3749 2891 ἡμῖν

2152 2898 2478 2970 ἐμϐάλλουσι
2501 2901 2770 2972 νοήματα,
2804 2902 2948 2974 ἅπερ
2975 2904 3186 2968 οὐδενὸς
3216 2905 3450 2960 ἅπτεται
3479 2909 3604 2962 τῶν
3637 2911 3752 2964 ἀλό-

2152 3010 2262 3061 γων
2285 3006 2299 3021 ⁸
2334 2994 2384 3047 oi
2427 2993 2482 3050 δὲ
2512 2993 2779 3066 δεύτεροι,
2831 2996 3305 3066 προσεγγίζοντες,
3334 2998 3543 3069 θυμὸν,
3577 3001 3612 3071 ἢ
3636 3001 3749 3054 ἐπι-

477 3095 849 3164 proximantes
871 3105 1089 3148 movent
1109 3095 1266 3159 iram,
1291 3104 1385 3149 aut
1403 3097 1898 3166 concupiscentiam
1922 3114 2048 3168 pra:-

2155 3085 2356 3154 θυμίαν
2408 3085 2560 3158 παρά
2603 3088 2772 3156 ,φύσιν
2802 3086 3032 3142 κινοῦσι.
3105 3088 3290 3141 Ταῦτα
3338 3089 3454 3160 γάρ
3500 3094 3577 3144 τὰ
3608 3093 3748 3165 πάθη

478 3192 562 3238 ter
593 3194 865 3238 naturam.
913 3182 1008 3238 Ha:
1053 3185 1252 3255 quippe
1290 3186 1567 3254 passiones
1599 3202 1914 3244 communes
1947 3204 2051 3244 no-

480 3279 562 3341 nis
591 3290 645 3334 et
678 3281 1083 3335 irrationalibus
1113 3282 1481 3336 animantibus
1509 3285 1798 3348 exsistunt,
1825 3283 1928 3338 sub
1959 3299 2050 3339 ra-

477 3373 663 3429 tionali
695 3385 889 3427 natura
921 3374 1179 3437 latentes,
1205 3372 1382 3444 535.,
1409 3373 1532 3429 ideo
1559 3373 1790 3444 Spiritus
1828 3384 2049 3431 sanctus

391 3465 394 3468 ’
477 3466 543 3520 ad
581 3464 886 3519 incidentes
917 3464 1138 3534 quidem
1189 3467 1241 3517 in
1273 3465 1542 3520 humanas
1585 3467 1936 3536 cogitationes
1961 3465 2047 3528 di-

476 3558 589 3614 cit:
620 3577 640 3612 i
680 3556 791 3627 Ego
830 3556 938 3612 dixi
969 3575 982 3609 :
1014 3555 1097 3610 Dii
1132 3555 1287 3620 estis,
1321 3567 1379 3611 et
1409 3556 1504 3611 lilii
1526 3556 1792 3614 Altissimi
1821 3574 2042 3626 omnes;

473 3665 574 3704 vos
605 3658 788 3704 autem
823 3649 964 3703 sicut
1004 3648 1264 3703 homines
1293 3649 1620 3712 moriemini,
1647 3661 1698 3705 et
1729 3651 1872 3710 sicut
1905 3668 2046 3710 unus

475 3742 543 3797 de
570 3741 908 3811 principibus
940 3740 1143 3795 cadetis
1166 3740 1236 3793 ”.
1278 3758 1298 3792 ι
1346 3741 1426 3795 Ad
1456 3755 1550 3796 eos
1593 3751 1794 3807 autem,
1837 3743 1928 3812 qui
1969 3744 2044 3797 ir-

474 3831 818 3886 rationaliter
837 3840 1150 3896 morentur,
1183 3831 1314 3901 quid
1355 3832 1474 3887 ait?
1513 3851 1531 3884 ι
1559 3831 1732 3888 Nolite
1757 3837 1868 3888 lteri
1905 3835 2046 3890 sicut

478 3939 654 3994 equus
690 3932 752 3977 et
775 3923 976 3988 mulus,
1006 3924 1204 3994 quibus
1231 3940 1341 3978 non
1378 3933 1461 3980 est
1501 3923 1822 3981 intellectus.
1857 3927 1914 3980 lu
1952 3943 2044 3988 ca-

474 4032 601 4083 mo,
642 4027 696 4071 et
725 4015 891 4071 dreno
921 4017 1169 4071 maxillas
1209 4032 1399 4071 eorum
1442 4017 1769 4087 constringe,
1811 4019 1900 4088 qui
1935 4035 2042 4074 non

473 4109 855 4179 approximant
874 4107 942 4161 ad
967 4116 1018 4162 te
1040 4107 1107 4160 ³⁸.
1134 4126 1151 4158 ι
1176 4109 1372 4162 Anima
1403 4123 1548 4170 vero,
1573 4124 1694 4178 qua:
1711 4111 2039 4178 peccaverit,

473 4201 593 4269 ipsa
629 4200 912 4254 morietur.
957 4197 1300 4252 Manifestum
1324 4207 1428 4262 est,
1455 4199 1607 4268 quod
1635 4199 1882 4254 homines
1904 4199 2044 4260 sicut

473 4293 725 4348 homines
762 4293 1082 4357 morientes,
1120 4291 1188 4344 ab
1215 4291 1534 4346 hominibus
1581 4290 1945 4361 sepelientur,
1987 4304 2042 4347 at

471 4383 587 4454 qui,
623 4393 690 4437 ut
715 4383 1058 4438 irrationales
1089 4394 1271 4436 morte
1302 4381 1628 4445 alliciuntur,
1663 4382 1778 4438 sive
1809 4382 2036 4448 cadunt,

473 4492 504 4530 a
534 4476 841 4532 vulturibus
861 4485 916 4530 et
939 4474 1118 4530 corvis
1147 4475 1570 4540 devorabuntur,
1601 4489 1632 4528 e
1660 4489 1894 4544 quorum
1917 4475 2041 4546 pul-

471 4567 558 4632 lis,
583 4568 644 4620 -hi
669 4567 886 4636 quidem
919 4565 1176 4618 invocant
1211 4563 1526 4629 Dominum,
1555 4563 1650 4619 alii
1677 4579 1806 4620 vero
1833 4563 2044 4622 findan-

470 4669 560 4713 tur
589 4658 648 4713 in
675 4655 1053 4727 sanguinibus.
1103 4654 1203 4720 Qui
1232 4655 1403 4710 habet
1437 4670 1597 4714 aures
1640 4656 1912 4722 audiendi,
1943 4672 2041 4713 au-

471 4753 606 4808 diat.

1034 4863 1267 4920 CAPUT
1305 4865 1468 4922 XXII.

539 4985 769 5051 Quando
795 4984 1020 5054 impura:
1054 4983 1300 5053 quaedam
1347 4965 1701 5054 cogitationes
1731 4984 1884 5040 ocius
1923 4984 2040 5039 fue-

470 5076 583 5132 rint
614 5076 882 5147 ell‘ugatae,
926 5076 1265 5146 inquiramus
1307 5091 1552 5143 causam,
1591 5075 1735 5130 unde
1775 5075 1828 5129 id
1871 5076 2040 5130 conti-

472 5168 611 5242 gerit
640 5188 653 5224 :
680 5177 862 5224 utrum
897 5178 1118 5238 propter
1146 5167 1224 5222 rei
1252 5168 1559 5236 penuriam,
1599 5181 1666 5221 eo
1693 5166 1836 5236 quod
1871 5176 2040 5222 mate-

471 5265 583 5320 ries
611 5278 751 5334 aegre
777 5262 848 5316 sit
871 5261 1158 5331 parabilis;
1199 5268 1296 5313 aut
1343 5269 1568 5329 propter
1604 5274 1744 5325 eam,
1796 5275 1917 5328 qua:
1939 5274 2034 5314 no-

471 5358 558 5414 bis
579 5357 735 5422 inest,
770 5354 1085 5425 passionum
1112 5355 1463 5418 vacuitatem,
1505 5367 1608 5406 non
1639 5352 2035 5422 praevaluerunt

473 5449 734 5503 adversus
767 5461 866 5501 nos
892 5446 1140 5501 inimici?
1165 5445 1415 5513 Exempli
1453 5459 1619 5499 causa
1640 5462 1653 5497 :
1678 5442 1734 5500 Si
1759 5444 1882 5514 quis
1911 5458 2032 5498 ana-

472 5541 838 5605 cboretarum,
888 5547 1146 5609 suggestu
1175 5538 1458 5602 daemonis,
1503 5537 1816 5596 recordatus
1843 5535 2027 5602 fuerit,

2152 3177 2305 3230 κοινά
2341 3177 2516 3247 ἡμῶν,
2543 3179 2636 3232 καὶ
2661 3178 2766 3232 τῶν
2789 3179 2997 3248 ἀλόγων
3030 3179 3184 3244 ζώων
3210 3183 3617 3252 τυγχάνουσιν,

2150 3269 2246 3338 τῆς
2297 3253 2516 3340 λογικῆς
2567 3270 2955 3342 ,καλυπτόμενα
3013 3271 3245 3340 φύσεως.
3299 3274 3395 3327 Διὸ
3440 3276 3610 3345 λέγει
3661 3279 3749 3331 καὶ

2147 3357 2209 3412 τὸ
2236 3360 2458 3432 Πνεῦμα
2478 3360 2540 3415 τὸ
2562 3362 2738 3431 ἀγιον,
2770 3363 2906 3434 πρὸς
2933 3364 3030 3434 μὲν
3059 3367 3172 3428 τοῖς
3184 3365 3560 3436 ἀνθρωπίνοις
3597 3386 3748 3441 περι·

2149 3451 2444 3515 πίπτοντας
2471 3451 2770 3523 λογισμοῖς,
2803 3473 2823 3506 ι
2847 3453 2987 3522 Ἐγὼ
3015 3450 3165 3508 εῐπα·
3189 3455 3313 3508 Θεοί
3342 3459 3497 3524 ἐστε,
3520 3462 3623 3511 καὶ
3648 3461 3746 3512 υἱοὶ

2157 3541 2413 3612 Ὑψίστου
2427 3544 2626 3608 πάντες
2646 3559 2660 3572 °
2686 3545 2840 3615 ὑμεῖς
2853 3545 2910 3599 δὲ
2925 3546 3000 3610 ὡς
3024 3547 3299 3616 ἄνθρωποι
3327 3549 3739 3621 ἀποθνήσκετε,

2147 3636 2241 3688 καὶ
2289 3635 2366 3698 ὡς
2411 3630 2492 3700 εἷς
2542 3636 2649 3692 τῶν
2690 3638 2965 3709 ἀρχόντων
2986 3639 3281 3693 πίπτετε.»
3325 3640 3480 3710 Πρὸς
3523 3643 3583 3694 δὲ
3624 3646 3742 3706 τοὺς

2146 3727 2492 3797 κινουμένους
2515 3727 2743 3798 ἀλόγως,
2760 3729 2812 3782 τί
2847 3747 3012 3799 φησι;
3044 3747 3062 3780 t
3088 3730 3180 3800 Μὴ
3204 3729 3420 3798 γίνεσθε
3436 3730 3523 3794 ὡς
3555 3733 3736 3797 ἵππος,

2145 3820 2239 3873 καὶ
2269 3819 2512 3891 ἡμίονος,
2555 3817 2636 3884 οἷς
2672 3823 2771 3875 οὐκ
2812 3823 2926 3875 ἐστι
2956 3823 3165 3885 σύνεσις
3185 3865 3200 3888 ,
3227 3824 3285 3876 ἐν
3311 3823 3488 3895 κημῷ
3520 3829 3618 3879 καὶ
3645 3845 3736 3896 χα-

2144 3910 2271 3980 λινῷ
2301 3912 2397 3974 τὰς
2432 3913 2684 3982 σιαγόνας
2711 3915 2888 3971 αὐτῶν
2929 3913 3108 3983 ἆγξαι,
3135 3915 3244 3968 τῶν
3288 3917 3364 3986 μὴ
3399 3918 3736 3986 ἐγγιζόντων

2143 4003 2279 4076 πρὸς
2312 4004 2391 4059 σέ.
2419 4023 2438 4056 ι
2513 4005 2575 4060 Ἡ
2621 4006 2677 4058 δὲ
2719 4006 2862 4078 ψυχὴ
2891 4009 2924 4076 ὴ
2971 4007 3374 4079 ἁμαρτάνουσα,
3412 4009 3562 4080 αὕτη
3603 4011 3733 4063 ἁπο-

2144 4092 2406 4149 θανεῖται.
2467 4095 2758 4166 Πρόδηλον,
2779 4097 2861 4150 ὅτι
2883 4098 2933 4148 oi
2961 4098 3062 4164 μὲν
3088 4098 3361 4168 ἄνθρωποι
3401 4101 3482 4163 ὡς
3527 4100 3734 4172 ἄνθρω-

2143 4202 2233 4238 ποι
2275 4186 2740 4258 ἀποθνήσκοντες,
2794 4189 2896 4242 ὑπὸ
2941 4190 3242 4262 ἀνθρώπων
3280 4192 3649 4262 ταφήσονται,
3684 4194 3728 4244 οί

2141 4275 2198 4328 δὲ
2235 4277 2311 4340 ὡς
2364 4276 2545 4345 ἄλογοι
2601 4278 3024 4350 θανατούμενοι,
3079 4281 3196 4352 ἦτοι
3237 4281 3573 4346 πίπτοντες,
3632 4282 3728 4335 ὑπὸ

2143 4369 2352 4436 γυπῶν,
2401 4369 2434 4439 ἢ
2478 4370 2725 4446 κοράκων
2773 4371 3163 4442 βρωθήσονται,
3206 4365 3282 4424 ὧν
3315 4374 3366 4426 oi
3416 4377 3726 4437 νεοσσοὶ,οἱ

2148 4461 2246 4532 μὲν
2300 4461 2678 4516 ἐπικαλοῦνται
2714 4463 2804 4515 τὸν
2863 4462 3090 4534 Κύριον,
3147 4463 3195 4516 oi
3237 4463 3296 4516 δὲ
3367 4465 3642 4538 φύρονται
3675 4467 3725 4517 ὲν

2144 4553 2391 4624 αἴμασιν.
2445 4557 2502 4608 '0
2523 4554 2658 4625 ἔχων
2685 4549 2798 4610 ὦτα
2819 4555 3062 4622 ἀκούειν,
3091 4555 3354 4612 ἀκουέτω.

2737 4867 2986 4926 ΚΕΦΔΛ.
3014 4867 3141 4925 ΚΒἿ.

2218 4977 2385 5030 Ὅταν
2452 4976 2593 5040 τινὲς
2639 4976 2746 5029 τῶν
2796 4977 3120 5048 ἀκαθάρτων
3182 4976 3468 5048 λογισμῶν
3518 4979 3720 5050 ταχέως

2145 5068 2582 5138 φυγαδευθῶσιν,
2647 5069 2969 5141 ζητήσωμεν
3001 5071 3101 5142 τὴν
3138 5071 3317 5124 αἰτίαν
3361 5070 3539 5125 πόθεν
3576 5072 3720 5124 τοῦτο

2146 5161 2459 5232 συμϐέϐηκε
2484 5178 2498 5192 ο
2535 5163 2761 5232 πότερον
2795 5163 2882 5216 διὰ
2913 5162 3008 5234 τὴν
3038 5163 3228 5216 σπάνιν
3245 5161 3340 5215 τοῦ
3374 5165 3717 5234 πράγματος.

2142 5252 2235 5306 τοῦ
2251 5253 2610 5326 δυσπόριστον
2637 5249 2779 5311 εἶναι
2800 5254 2896 5326 τὴν
2921 5254 3072 5325 ὕλην,
3102 5256 3133 5326 ἢ
3165 5254 3252 5308 διὰ
3283 5253 3383 5325 τὴν
3414 5255 3719 5325 προσοῦσαν

2144 5347 2277 5417 ἡμῖν
2329 5347 2595 5404 ἀπάθειαν
2633 5348 2732 5400 οὐκ
2769 5347 2993 5418 ἴσχυσαν
3031 5348 3152 5406 καθ’
3216 5348 3377 5418 ἡμῶν
3413 5349 3465 5400 ot
3513 5347 3692 5418 ἐχθροί
3705 5366 3715 5411 ;

2139 5438 2286 5510 Οἷον,
2327 5444 2380 5496 εἴ
2405 5459 2490 5507 τις
2507 5440 2616 5497 τῶν
2651 5441 3074 5514 ἀναχωρούντων
3099 5439 3429 5513 ἐνθυμηθείη
3475 5440 3586 5495 ὑπὸ
3617 5439 3718 5493 δαί-

2140 5555 2318 5608 μονος,
2347 5537 2445 5610 τῆς
2467 5534 2688 5609 πρώτης
2729 5535 2934 5600 πόλεως
2975 5533 3346 5612 πνευματικὴν
3391 5532 3715 5606 κυϐέρνησιν

550 5714 594 5745 ⁸³
630 5715 731 5767 lsa.
758 5729 868 5780 xxv,
900 5714 988 5768 l2.
1067 5715 1112 5747 ³³
1146 5713 1185 5768 ll
1217 5714 1349 5785 Reg.
1384 5731 1517 5782 (γη,
1555 5714 1646 5772 48.
1724 5715 1769 5751 ³⁵
1794 5713 1942 5773 Psal.
1976 5730 2040 5769 1.x

2155 5713 2240 5783 .6,
2265 5713 2316 5768 7.
2395 5715 2440 5748 ³⁸
2477 5712 2622 5771 Psal.
2660 5728 2810 5782 xui,
2837 5715 2890 5773 9.
