3838 6056
108 293 250 359 1225

1114 293 1213 352 DE
1275 291 1646 352 MALIGNIS
1671 289 2325 351 COGITATIONIBUS.

3199 283 3335 349 1.?26

99 409 492 480 πιστευθῆναι,
530 393 683 472 οὗτος
721 407 908 479 δῆλον,
947 408 1031 460 ὅτι
1065 407 1126 460 οὐ
1161 406 1400 478 χρονίσει
1421 407 1511 459 τὸν
1536 405 1679 473 λογι-

1795 405 1918 474 μιοιί
1944 403 2131 474 primae
2147 404 2297 458 urbis
2309 402 2410 460 sibi
2425 400 2734 458 concredita
2749 399 2912 456 fuerit
2924 399 3222 471 spiritualis
3238 416 3342 471 gu-

101 503 245 572 σμὸν
271 500 456 555 τοῦτον
488 498 906 570 φανταζόμενος,
941 499 1032 552 atati
1061 499 1094 570 ἡ
1123 499 1270 552 αἰτία
1294 499 1359 552 ἐκ
1387 497 1494 551 τῶν
1528 497 1682 565 λεγοι-

102 592 286 661 μένων
312 589 520 658 γίνεται
555 588 827 659 γνώριμος
850 602 864 617 ⁸
913 587 1040 640 εἶδέ
1071 604 1155 650 τις
1178 585 1406 649 πόλεως,
1451 587 1542 639 καὶ
1579 585 1679 654 τῆς

97 683 376 752 τυχούσης
411 680 640 748 γίνεται,
679 680 773 733 καὶ
813 678 1010 749 ὁμοίως
1048 676 1342 745 λογίζεται,
1379 672 1532 740 οὗτος
1565 679 1675 746 ’μα-

101 773 302 843 κάριος
324 775 424 844 τῆς
451 771 720 834 ἀπαθείας
747 771 912 825 ἐστίν.
960 771 1196 840 Ὁμοίως
1227 771 1285 824 δὲ
1330 770 1423 825 καὶ
1456 771 1547 824 ἐπὶ
1573 770 1680 823 τῶν

100 867 285 921 ἄλλων
310 865 588 936 λογισμῶν
615 865 966 937 εὑρεθήσεται
1015 865 1044 916 ὁ
1078 864 1314 929 τοιοῦτος
1349 864 1548 935 τρόπος
1591 862 1678 926 ἐξ-

102 957 454 1026 εταζόμενος.
511 956 698 1009 Ταῦτα
739 955 796 1008 δὲ
828 957 1122 1023 ἀναγκαῖον
1169 955 1368 1010 εἰδέναι
1411 955 1546 1026 πρὸς
1582 953 1680 1024 τὴν

102 1044 390 1116 ἡμετέραν
441 1042 782 1114 προθυμίαν,
845 1045 939 1096 καὶ
985 1043 1248 1113 δύναμιν,
1296 1044 1384 1096 ἵνα
1430 1043 1678 1111 εἴδωμεν,

105 1134 386 1208 πότερονῆ
407 1133 500 1188 τὸν
524 1133 793 1204 Ἰορδάνην
811 1133 1182 1204 παρήλθομεν,
1211 1135 1303 1188 καὶ
1318 1133 1486 1203 ἐγγύς
1516 1136 1682 1204 ἐσμεν

105 1221 211 1291 τῆς
245 1221 453 1281 πόλεως
499 1219 608 1274 τῶν
644 1220 990 1291 Φοινίκων,ἢ
1031 1222 1112 1272 ἔτι
1146 1222 1204 1274 ἐν
1246 1224 1314 1292 τῇ
1361 1223 1553 1292 ἐρήμῳ
1601 1223 1682 1274 δι-

108 1315 340 1384 άγομεν,
373 1313 468 1366 καὶ
509 1313 613 1366 ὑπὸ
649 1313 757 1366 τῶν
807 1313 1117 1382 ἀλλοφύλων
1153 1313 1484 1383 τυπτόμεθα.
1537 1313 1682 1366 Πάνυ

107 1404 224 1473 γὰρ
246 1401 488 1466 ποικίλος
517 1419 608 1472 μοι
625 1403 869 1472 φαίνεται
897 1403 997 1472 τῆς
1019 1401 1379 1473 φιλαργυρίας
1399 1402 1429 1455 ὁ
1453 1403 1681 1472 δαίμων,

109 1496 211 1550 καὶ
247 1495 381 1568 πρὸς
403 1495 618 1567 ἀπάτην
646 1496 970 1568 εὐμήχανος,
1011 1495 1071 1559 ὃς
1102 1495 1360 1560 πολλάκις
1399 1496 1684 1557 στενωθεὶς

111 1587 225 1642 ὑπὸ
250 1588 348 1658 τῆς
381 1587 557 1657 ἄκρας
599 1589 899 1658 ἀποταγῆς,
933 1586 1025 1641 τὸν
1055 1586 1334 1657 οἰκονόμον
1378 1586 1559 1650 εὐθὺς,
1592 1586 1686 1637 καὶ¹

110 1680 456 1751 φιλόπτωχον
483 1681 853 1752 ὑποκρίνεται,
879 1679 974 1734 καὶ
995 1681 1123 1744 τοὺς
1151 1679 1376 1751 μηδέπω
1413 1680 1686 1750 παρόντας

1779 497 2042 560 bernatio,
2081 493 2432 550 manifestum
2455 503 2558 559 est,
2582 493 2727 563 quod
2750 493 2798 548 is
2826 507 2935 546 non
2963 492 3342 550 immorabitur

1778 589 1936 643 istam
1957 589 2337 657 cogitationem
2355 587 2746 657 contemplans,
2763 594 2818 640 et
2831 600 2995 641 causa
3011 602 3075 642 ex
3093 587 3200 652 his,
3220 603 3342 658 quat

1777 682 2052 745 dicuntur,
2078 681 2292 750 cognita
2321 679 2459 734 fuit:
2492 678 2547 732 Si
2585 679 2710 748 quis
2739 687 2916 733 autem
2935 679 3080 747 quod
3095 679 3166 735 sit
3190 680 3342 735 urbis

1778 781 1831 825 et
1859 773 2274 842 qualiscunque,
2314 787 2378 826 ac
2420 772 2673 827 similiter
2701 771 2923 841 cogitet,
2955 770 3002 826 is
3031 771 3223 828 beatus
3258 781 3345 827 est

1779 863 1848 916 ob
1871 864 2184 932 passionum
2216 863 2514 918 carentiam
2542 882 2556 916 :
2582 863 2662 916 sic
2689 863 2850 916 etiam
2883 863 3089 932 pariter
3133 864 3187 917 in
3221 865 3342 920 aliis

1781 953 2205 1024 cogitationibus
2230 955 2606 1028 hujuscemodi
2646 954 2860 1021 modus,
2906 955 2950 1010 si
2983 955 3344 1020 examinetur,

1778 1048 2162 1117 comperietur.
2195 1047 2322 1102 Haec
2364 1055 2544 1102 autem
2584 1050 2952 1105 necessarium
2979 1059 3064 1105 est
3102 1051 3244 1108 scire
3279 1049 3346 1106 ad

1781 1151 2027 1194 nostram
2091 1139 2252 1210 535
2299 1141 2465 1194 animi
2518 1141 2892 1207 alacritatem;
2942 1159 3006 1198 ac
3060 1144 3245 1208 robur,
3290 1153 3354 1198 ut

1781 1247 2091 1295 noscamus,
2139 1243 2342 1296 utrum,
2398 1242 2493 1286 aut
2535 1233 2822 1289 Jordanem
2877 1236 3346 1304 pertransivimus,

1783 1323 2068 1392 simusque
2113 1339 2280 1393 prope
2326 1323 2643 1379 Phtenicum
2689 1327 2908 1391 urbem,
2943 1335 3036 1380 aut
3081 1326 3261 1382 adhuc
3293 1325 3348 1380 in

1785 1414 2080 1468 solitudine
2131 1414 2440 1485 degamus,
2483 1427 2538 1470 et
2579 1416 2851 1472 caedamur
2890 1417 2960 1472 ab
3005 1418 3346 1488 alienigenis.

1785 1506 1953 1560 Valde
1975 1507 2174 1577 quippe
2195 1517 2448 1563 versutus
2476 1519 2530 1562 et
2559 1509 2787 1564 callidus
2816 1510 2948 1564 mihi
2979 1510 3191 1565 videtur
3223 1525 3352 1565 ava-

1786 1599 1923 1654 ritiae
1952 1599 2188 1664 daemon,
2213 1600 2389 1670 adque
2417 1601 2790 1670 decipiendum
2837 1603 3140 1658 industrius
3168 1617 3230 1659 ac
3259 1616 3351 1658 so-

1787 1691 1914 1753 lers,
1948 1692 2039 1760 qui
2068 1692 2268 1762 saepius
2311 1703 2462 1747 arcte
2499 1709 2722 1762 pressus
2751 1709 2780 1749 a
2822 1710 3035 1751 summa
3068 1693 3349 1750 renuntia-

111 1748 436 1844 ὑποδέχεται
472 1748 658 1840 ξένους
682 1772 1066 1844 γνησιώτερον,
1110 1748 1203 1827 καὶ
1225 1773 1402 1837 ἄλλοις
1427 1748 1686 1841 λειπομέ-

1795 1783 1932 1838 tione
1963 1784 2173 1849 mundi,
2205 1783 2490 1840 confestim
2523 1787 2809 1856 providum
2835 1780 3348 1852 administratorem,

109 1883 229 1931 νοις
259 1865 574 1921 ἀποστέλλει
619 1865 918 1928 διακονίαν,
957 1866 1054 1920 καὶ
1095 1865 1447 1936 δεσμωτήρια
1481 1863 1688 1926 πόλεως

29 1978 32 1982 '
109 1959 529 2024 ἐπισκέπτεται,
563 1959 658 2012 καὶ
694 1959 822 2023 τοὺς
859 1959 1336 2030 πιπρασκομένους
1381 1957 1544 2027 δῆθεν
1596 1956 1684 2019 ἐξ·

109 2032 398 2120 αγοράζει,
428 2045 641 2118 γυναιξί
665 2065 724 2101 τε
749 2047 1005 2101 κολλᾶται
1030 2045 1330 2109 πλουσίαις,
1358 2043 1597 2105 καὶτοὺς
1627 2036 1686 2094 εὖ

111 2139 312 2194 παθεῖν
351 2139 666 2210 ὀφείλοντας
713 2139 1090 2202 ὑποδείκνυσι,
1139 2140 1234 2192 καὶ
1275 2137 1469 2200 ἄλλους
1525 2135 1688 2190 πάλιν

114 2231 488 2297 ἀποτάξασθαι
521 2232 760 2288 νουθετεῖ
785 2233 1068 2304 βαλάντιον
1095 2230 1256 2302 ἁδρὸν
1295 2227 1688 2298 κεκτημένους,

115 2326 218 2379 καὶ
243 2323 412 2386 οὑτως
448 2326 790 2398 ἐξαπατήσας
823 2325 962 2380 κατὰ
998 2323 1193 2395 μικρὸν
1225 2321 1325 2394 τὴν
1355 2319 1555 2391 ψυχὴν,
1588 2319 1688 2389 τῆς

121 2419 484 2490 ’φιλαργυρίας
511 2419 680 2490 αὑτὴν
705 2417 984 2487 λογισμοῖς
1010 2412 1324 2482 ὑποϐάλλει,
1362 2411 1459 2466 καὶ
1489 2409 1567 2480 τῷ
1589 2409 1688 2480 τῆς

115 2511 426 2577 κενοδοξίας
448 2510 781 2584 παραδίδωσι
815 2510 1027 2580 δαίμονι

693 2817 942 2872 ΚΕΦΑΛ.
977 2813 1102 2870 KI".

202 2932 293 2998 Ὧς
327 2933 531 3002 πλῆθος
568 2932 779 2999 εἰσάγει
814 2929 920 2985 τῶν
955 2929 1283 2996 δοξαξόττων
1317 2927 1410 2981 ἐπὶ
1433 2929 1553 2990 ταῖς
1615 2926 1691 2978 oi-
1778 2927 1781 2932 '

117 3028 404 3100 κονομίαις
432 3026 656 3090 ταύταις
691 3027 784 3079 τὸν
811 3023 1034 3095 Κύριον,
1071 3022 1163 3076 καί
1192 3038 1344 3083 τινας
1365 3021 1485 3073 κατ’
1514 3017 1691 3085 ὀλίγον

116 3092 268 3192 περὶ.
303 3122 604 3193 ἱερωσύνης
676 3092 1066 3180 συλλαλούντας
1123 3113 1441 3185 προϐάλλων
1506 3110 1694 3164 λοιπὸν
1721 3092 1762 3147 C

117 3213 562 3283 προμαντεύεται
618 3211 788 3280 ταχὴν
829 3210 1053 3263 θάνατον
1104 3206 1197 3258 τοῦ
1258 3205 1410 3266 ὄντος
1486 3203 1694 3273 ἱερέως,

117 3305 221 3359 καὶ
257 3303 334 3366 ὡς
364 3303 463 3355 οὑκ
515 3301 581 3356 ἃν
629 3301 844 3374 ἐκφύγῃ
890 3299 1060 3370 μυρία
1088 3300 1321 3368 ποιήσας
1351 3293 1693 3365 προστίθησι,

117 3398 222 3451 καὶ
248 3395 419 3460 οὕτως
451 3396 480 3448 ὁ
524 3394 865 3464 ταλαίπωρος
906 3392 1028 3455 νοῦς
1067 3391 1298 3452 ἐνδεθεὶς
1338 3387 1548 3450 τούτοις
1586 3389 1698 3450 τοῖς

116 3490 422 3578 λοχισμοῖς,
446 3490 558 3550 τοῖς
599 3488 696 3558 μὲν
736 3486 810 3557 μὴ
850 3483 1304 3578 καταδεξαμένοις
1343 3481 1453 3578 τῶν
1495 3478 1698 3578 ἀνθρώ-

115 3571 243 3634 πὼν
298 3579 620 3649 διαμάχεται
648 3615 665 3642 ,
736 3579 847 3638 τοῖς
899 3575 957 3628 δὲ
997 3574 1155 3627 τοῦτο
1205 3571 1692 3640 καταδεξαμένοις,

117 3671 537 3744 ἐτοίμωςδῶρα
563 3668 865 3740 χαρίζεται,
885 3668 979 3721 καὶ
1009 3667 1107 3736 τῆς
1140 3663 1556 3736 εὐγνωμοσύνης
1601 3663 1697 3715 αύ-

117 3767 251 3829 τοῦς
271 3764 594 3834 ἀποδέχεται
612 3777 626 3790 °
664 3761 815 3823 τινάς
845 3759 902 3812 δὲ
931 3759 1390 3820 διστασιάζοντας,
1415 3758 1525 3819 τοῖς
1547 3756 1698 3808 δικα-

120 3861 284 3922 σταῖς
341 3854 710 3927 παραδίδωσι,
756 3851 1001 3922 καὶτῆς
1070 3849 1278 3914 πόλεως
1359 3847 1698 3917 ἐξορίζεσθαι

119 3947 533 4022 παραγγέλλει·
598 3944 804 3998 τούτων
846 3943 904 3997 δέ
945 3943 1130 3997 λοιπὸν
1165 3941 1314 3995 ἔνδον
1359 3941 1528 3995 ὄντων
1548 3980 1564 4004 ,
1605 3938 1698 3992 καὶ

121 4042 512 4114 στρεφομένων
544 4038 654 4092 τῶν
681 4037 976 4108 λογισμῶν,
1009 4034 1170 4098 εὐθὺς
1196 4033 1292 4088 καὶ
1316 4035 1345 4086 ὁ
1369 4036 1466 4104 τῆς
1494 4034 1698 4100 ὑπερη-

121 4133 327 4206 φανίας
360 4131 646 4200 ἐφίσταται
679 4129 906 4200 δαίμων,
951 4125 1238 4197 ἀστραπὰς
1283 4127 1523 4195 συνεχεῖς
1558 4123 1700 4177 κατὰ

117 4227 218 4280 τὸν
230 4224 373 4297 ἀέρα
396 4225 493 4296 τῆς
523 4223 720 4292 κέλλης
734 4220 942 4286 τυπῶν,
956 4221 1049 4274 καὶ
1069 4219 1368 4290 δράκοντας
1389 4217 1700 4287 πτερωτοὺς

120 4317 486 4387 ἐπιπέμπων,
537 4315 655 4382 καὶ,
703 4313 765 4368 τὸ
815 4313 1124 4368 τελευταῖον
1173 4312 1342 4366 κακὸν
1364 4351 1379 4377 ,
1444 4311 1700 4380 στέρησιν

1786 1883 2168 1945 amantemque
2189 1890 2485 1946 pauperum
2513 1879 2752 1942 simulat,
2779 1887 2834 1934 et
2862 1895 2977 1944 eos,
2995 1879 3088 1948 qui
3107 1879 3350 1936 nondum

1786 1967 2004 2030 adsunt,
2037 1967 2234 2036 hospes
2272 1969 2590 2038 generosius
2631 1970 2853 2040 excipit,
2884 1982 2941 2026 et
2969 1972 3092 2028 aliis
3118 1970 3354 2027 absenti-

1787 2059 1890 2113 bus
1921 2058 2086 2113 mittit
2109 2059 2498 2126 ministerium,
2533 2072 2588 2118 et
2613 2063 2798 2118 visitat
2824 2079 3070 2120 carceres
3098 2063 3268 2130 urbis,
3300 2073 3356 2117 et

1793 2148 2098 2204 divenditos
2129 2149 2380 2208 videlicet
2419 2154 2666 2218 redimit,
2715 2163 2768 2209 et
2817 2154 3080 2209 divitibus
3122 2155 3358 2209 adhaere-

1788 2237 1894 2292 scit
1927 2238 2268 2307 mulieribus,
2291 2249 2344 2296 et
2368 2257 2484 2306 eos,
2529 2242 2622 2314 qui
2678 2243 2942 2300 beneﬁcio
2973 2243 3111 2300 allici
3139 2244 3354 2306 debent,

1789 2331 2120 2400 subindicat,
2160 2344 2214 2387 et
2247 2349 2277 2388 e
2305 2335 2521 2390 diverso
2551 2336 2707 2403 alios,
2736 2336 2829 2406 qni
2855 2337 3189 2408 marsupium
3227 2352 3356 2407 pos-

1788 2422 1970 2477 sident
1993 2425 2330 2494 opulentum,
2385 2427 2660 2492 admonet,
2689 2436 2750 2482 ut
2781 2429 2980 2484 mundo
3003 2429 3315 2484 renuntient
3340 2444 3356 2481 :

1787 2515 1996 2586 sicque,
2019 2531 2140 2570 eum
2171 2518 2431 2587 paulatim
2459 2519 2697 2574 animam
2721 2520 3010 2590 deceperit,
3035 2522 3208 2591 ipsam
3234 2537 3360 2576 ava-

1790 2609 1930 2664 ritia:
1959 2610 2181 2680 subjicit
2209 2611 2652 2682 cogitationibus,
2698 2615 2970 2686 traditque
3006 2615 3239 2670 (ιπηιοηί
3267 2631 3360 2670 va-

1794 2715 1878 2754 nae
1915 2702 2121 2772 gloriae.

2350 2817 2579 2872 CAPUT
2611 2817 2797 2872 XXIII.

1865 2925 1978 2979 Tali
2009 2937 2166 2996 pacto
2204 2928 2467 2994 (avaritia:
2503 2928 2735 2996 dactnon)
2779 2930 3178 2986 multitudinem
3204 2930 3363 2985 indu-

1792 3019 1864 3072 cit
1886 3019 2276 3095 celebrantium
2312 3019 2598 3073 Dominum
2626 3021 2696 3074 ob
2719 3021 2882 3077 hasce
2908 3023 3159 3091 providas
3190 3023 3364 3079 admi-

1800 3109 2182 3175 nistrationes,
2238 3111 2606 3180 paulatimque
2657 3112 2981 3180 proferendo
3025 3114 3236 3184 aliquos
3297 3117 3388 3170 de'

1799 3201 2101 3254 sacerdotio
2129 3203 2194 3254 ad
2229 3203 2460 3257 invicem
2497 3204 2891 3273 colloquentes,
2933 3205 3163 3260 celerem
3209 3206 3364 3262 dein-

1798 3293 1863 3346 de
1888 3303 2112 3347 mortem
2140 3296 2437 3349 sacerdotis
2463 3297 2780 3352 exsistentis
2803 3297 3150 3362 vaticinatur,
3197 3308 3366 3369 utque

1801 3400 1906 3438 non
1954 3383 2192 3453 effugiat,
2241 3387 2407 3439 millia
2443 3387 2704 3455 cllingens
2735 3388 2940 3457 adjicit,
2991 3389 3178 3460 sicque
3211 3406 3366 3463 mens

1799 3473 1986 3528 infelix
2019 3475 2167 3530 hisce
2203 3475 2401 3544 illigata
2445 3479 2884 3546 cogitationibus,
2915 3493 3117 3551 pugnat
3145 3483 3364 3552 quidem

1801 3570 2002 3647 acriter
2031 3568 2299 3622 adversus
2331 3569 2580 3623 homines
2611 3580 2947 3637 recusantes,
2994 3572 3044 3627 id
3093 3590 3222 3630 vero
3252 3592 3367 3631 am—

1799 3659 2142 3728 plexantihus
2169 3659 2310 3714 dona
2339 3671 2583 3730 prompte
2613 3663 2859 3732 largitur,
2895 3663 3247 3738 ipsorumque
3277 3669 3369 3723 bo-

1799 3762 1926 3800 nam
1973 3759 2230 3814 mentem,
2260 3764 2354 3803 seu
2380 3749 2654 3817 virtutem,
2680 3768 2801 3820 qua)
2829 3753 3149 3810 benelicium
3187 3759 3369 3814 tidem-

1801 3855 1906 3909 quc
1931 3840 2124 3894 bonam
2156 3842 2422 3910 agnoscit,
2453 3844 2736 3912 approbat.
2777 3853 2830 3900 et
2858 3851 3199 3903 commendat
3231 3869 3244 3904 :
3272 3853 3368 3906 sed

1798 3941 1853 3986 et
1885 3931 2048 4004 536
2087 3931 2130 3985 si
2163 3931 2384 4000 quidam
2439 3933 2670 4003 litigent.
2723 3936 2886 3990 tradit
2925 3952 3020 3992 eos
3069 3938 3365 4006 iudicibus,

1800 4028 2128 4095 mandatque
2163 4035 2220 4080 ut
2248 4042 2316 4081 ex
2351 4028 2488 4082 urbe
2537 4029 2838 4082 niultcntur
2862 4030 3366 4088 exsiliozcaaterum

1802 4121 1951 4174 hisce
1979 4119 2399 4191 cogitationibus
2429 4121 2660 4175 interius
2691 4120 3100 4189 exsistentibus,
3141 4139 3206 4180 ac
3247 4141 3369 4181 ver-

1802 4211 2067 4274 santibus,
2097 4211 2280 4266 statim
2316 4211 2585 4282 superbiae
2608 4228 2826 4284 quoque
2855 4213 3088 4279 daemon,
3115 4218 3273 4284 quasi
3302 4234 3370 4272 ex

1801 4299 2018 4356 insidiis
2072 4309 2293 4369 repente
2330 4301 2528 4370 prodit,
2576 4301 2793 4371 fulgura
2839 4303 3097 4358 continua
3128 4307 3182 4359 in
3223 4308 3372 4361 cella:

120 4406 344 4480 φρενῶν
391 4403 786 4477 ἐργαζόμενον,
860 4401 976 4456 ἀλλ’
1011 4403 1175 4473 ἡμεῖς
1218 4401 1427 4461 τούτοις
1458 4399 1572 4460 τοῖς
1611 4396 1694 4449 λο·

1806 4407 1932 4447 aere
1961 4393 2302 4470 impgimens,
2353 4393 2632 4463 alatosque
2677 4395 2943 4451 dracones
2996 4396 3216 4467 insuper
3247 4399 3372 4453 mit-

119 4499 348 4568 γισμοῖς
385 4495 658 4550 ἀπώλειαν
685 4493 1064 4565 ἐπευξάμενοι,
1103 4491 1220 4563 μετ’
1251 4491 1595 4563 εὐχαριστίας
1637 4490 1694 4559 τῇ

1806 4493 1946 4550 tens,
1982 4481 2236 4553 quodque
2265 4493 2566 4537 extremum
2623 4493 2707 4539 est
2735 4485 2961 4551 malum,
2997 4488 3195 4554 mentis
3243 4503 3372 4542 cau-

123 4590 295 4661 πενίᾳ
326 4587 672 4657 συζήσωμεν,
726 4604 745 4638 ι
766 4585 930 4640 Οὐδὲν
951 4585 1060 4658 γὰρ
1089 4585 1486 4656 εἰσηνέγκαμεν
1506 4584 1586 4645 είς
1615 4581 1706 4634 τὸν

121 4682 353 4752 κόσμον,
396 4680 514 4733 οὑδὲ
543 4678 845 4747 ἐξενεγκεῖν
874 4696 927 4730 τι
945 4677 1102 4748 δῆλον
1120 4678 1202 4730 ὅτι
1219 4674 1494 4746 δυνάμεθα
1513 4691 1526 4704 °
1558 4673 1708 4742 έχον-

119 4785 222 4831 τες
262 4766 319 4820 δὲ
345 4766 583 4839 τροφὰς,
627 4766 724 4819 καὶ
762 4765 1154 4834 σκεπάσματα,
1192 4763 1402 4824 τούτοις
1437 4761 1706 4834 ἀρκεσθη-

121 4856 356 4928 σόμεθα,
375 4875 394 4909 ι
421 4857 756 4928 μεμνημένοι
794 4855 888 4909 καὶ
903 4855 1138 4919 Παύλου,
1175 4853 1330 4926 ῥίζαν
1355 4853 1572 4906 πάντων
1595 4851 1703 4904 τῶν

120 4947 316 5002 κακῶν
355 4947 454 5016 τὴν
492 4945 854 5018 φιλαργυρίαν
893 4945 1159 5008 εἰπόντος.
1206 4945 1416 5006 Πάντες
1470 4943 1520 4995 οἱ
1564 4942 1702 4997 ἀκά-

123 5039 321 5110 θαρτοι
379 5037 632 5109 λογισμοὶ
680 5036 768 5090 διὰ
810 5035 879 5088 τὰ
909 5034 1054 5106 πάθη
1089 5035 1427 5106 χρονίζοντες
1463 5035 1522 5086 ἐν
1549 5035 1700 5104 ἡμῖν,

122 5130 428 5199 κατάγουσι
463 5131 556 5184 τὸν
604 5129 730 5185 νοῦν
782 5131 863 5193 εἰς
915 5128 1169 5200 ὄλεθρον,
1229 5127 1323 5180 καὶ
1389 5127 1699 5181 ἀπώλειαν·

124 5223 323 5292 ὥσπερ
351 5224 460 5293 γὰρ
487 5222 548 5275 τὸ
582 5222 760 5293 νόημα
781 5221 876 5275 τοῦ
905 5223 1072 5292 ἄρτου
1107 5222 1346 5293 χρονίζει
1384 5223 1444 5274 ἐν
1477 5221 1556 5292 τῷ
1585 5237 1707 5273 πει-

123 5315 293 5368 νῶντι
334 5314 424 5368 διά
449 5313 550 5386 τὴν
585 5318 794 5380 πεῖναν,
848 5314 946 5367 καὶ
985 5315 1046 5367 τὸ
1083 5315 1259 5385 νόημα
1301 5313 1396 5367 τοῦ
1432 5313 1621 5377 ὓδατος
1649 5315 1708 5367 ἐν

122 5405 209 5478 τῷ
248 5405 472 5476 διψῶντι
521 5406 612 5460 διὰ
675 5405 771 5476 τὴν
813 5405 992 5475 δίψαν,
1035 5405 1179 5460 οὕτω
1221 5407 1316 5460 καὶ
1355 5408 1424 5459 τὰ
1461 5407 1709 5476 νοήματα

123 5495 241 5550 τῶν
272 5495 592 5566 κτημάτων,
626 5495 719 5549 καὶ
757 5493 866 5548 τῶν
893 5494 1214 5565 χρημάτων,
1241 5492 1480 5566 χρονίζει
1501 5495 1589 5548 διὰ
1613 5495 1709 5564 τὴν

127 5583 463 5652 πλεονεξίαν,
496 5588 591 5640 καὶ
620 5588 686 5642 τὰ
711 5589 957 5659 νοήματα
983 5587 1093 5640 τῶν
1126 5587 1447 5656 βρωμάτων,
1480 5588 1572 5640 καὶ
1601 5587 1709 5638 τῶν

212 5730 256 5762 ³⁷
284 5731 305 5784 ι
338 5729 478 5787 Tim.
513 5747 588 5794 vr,
619 5731 672 5795 7,
705 5725 774 5784 8.'
834 5729 878 5761 ³³
915 5728 1045 5783 ibid.
1077 5729 1162 5782 10.

499 5825 771 5884 ΡΑτιιοι..
805 5823 920 5883 Gn.
957 5823 1223 5884 LXXIX.

1803 4589 1934 4630 sans
1984 4576 2365 4644 privationem.
2400 4575 2510 4632 Nos
2541 4593 2693 4644 vero,
2727 4587 2911 4648 utpote
2963 4580 3052 4648 qui
3085 4581 3373 4648 cogitatio-

1803 4667 1966 4722 nibus
2001 4669 2120 4725 istis
2152 4669 2294 4724 luem
2325 4679 2646 4740 exoptamus
2668 4679 2723 4725 et
2757 4671 3055 4737 interitum,
3094 4690 3218 4728 cum
3245 4690 3373 4743 gra-

1803 4760 2000 4816 tiarum
2030 4762 2241 4817 actione
2265 4764 2567 4832 paupertati
2599 4764 2972 4819 convivamus.
3012 4785 3031 4817 ι
3051 4764 3196 4820 Nihil
3225 4767 3371 4821 enim

1809 4855 1864 4910 in
1905 4857 2052 4910 hunc
2108 4858 2370 4911 mundum
2424 4858 2731 4926 intulimus,
2787 4871 2842 4914 et
2893 4861 3240 4916 manifestum
3289 4869 3375 4915 est

1809 4947 1950 5017 quod
1985 4963 2085 5003 nec
2106 4949 2307 5019 aliquid
2338 4948 2550 5005 deferre
2594 4951 2915 5019 poterimus.
2952 4953 3224 5009 Habentes
3245 4969 3375 5007 vero

1787 5040 2064 5098 alimenta
2091 5049 2145 5094 et
2167 5043 2506 5108 vestimenta,
2528 5042 2611 5098 his
2629 5045 2866 5098 contenti
2890 5045 3062 5099 simus
3080 5045 3156 5111 z";
3182 5061 3378 5102 memo-
3475 5031 3480 5034 ’

1811 5144 1898 5184 res
1917 5139 1970 5183 et
1994 5127 2170 5194 Pauli,
2202 5129 2296 5199 qui
2342 5130 2580 5184 radicem
2620 5131 2874 5186 vitiorum
2920 5135 3159 5188 omnium
3191 5136 3376 5189 avari-

1806 5222 1939 5276 tiam
1995 5222 2422 5290 nuncupavit”.
2475 5221 2680 5278 Omnes
2740 5223 2968 5294 impurae
3022 5227 3377 5296 cogitationes

1808 5314 2018 5370 diutino
2048 5325 2291 5386 tempore
2319 5315 2372 5370 in
2417 5317 2596 5381 nobis,
2628 5317 2699 5372 ob
2731 5318 3034 5388 passiones,
3074 5329 3376 5379 manentes,

1811 5406 2089 5461 deducunt
2140 5416 2374 5462 mentem
2438 5409 2496 5462 in
2551 5408 2909 5478 perditionem
2973 5420 3029 5462 et
3078 5408 3302 5484 exitium
3357 5425 3373 5462 :

1811 5498 2268 5568 quemadmodum
2304 5501 2447 5554 enim
2497 5501 2754 5569 cogitatio
2789 5500 2945 5569 panis
2976 5500 3066 5554 diu
3101 5507 3282 5552 manet
3322 5500 3379 5554 in

1811 5592 2086 5647 esuriente
2126 5601 2342 5661 propter
2389 5592 2610 5656 famem,
2639 5603 2696 5648 et
2727 5591 2980 5659 cogitatio
3013 5605 3168 5658 aqua:
3203 5590 3253 5646 in
3305 5590 3380 5644 si-

2942 5822 3016 5882 39
