3838 6056
509 283 642 352 1227

1962 292 2022 352 8.
2048 292 2214 355 NILI

3625 293 3751 359 1E8

505 403 670 459 tiente
699 409 917 469 propter
946 399 1092 455 sitim
1135 416 1150 454 :
1199 399 1270 454 ita
1315 410 1369 456 et
1400 400 1630 471 cogitata
1676 401 1990 472 passionum
2013 413 2067 458 et

2172 404 2498 474 τικτομένων
2547 404 2789 476 αἰσχρῶν
2837 403 3110 476 λογισμῶν
3152 406 3217 460 ὲκ
3257 405 3373 460 τῶν
3422 406 3747 478 βρωμάτων,

503 493 858 561 pecuniarum
890 492 1194 562 perdurant
1223 500 1444 563 propter
1467 493 1818 563 cupiditatem
1859 493 2070 549 baben-

500 585 590 651 di;
623 592 680 638 et
719 583 970 639 notiones
1022 598 1297 648 escarum,
1345 593 1400 640 et
1430 598 1641 650 earum,
1675 599 1797 654 quae
1821 599 1886 638 ex
1929 585 2071 640 escis

501 675 808 746 pariuntur,
842 675 1082 744 turpium
1114 675 1524 746 cogitationum,
1567 678 1932 730 immorantur
1975 675 2069 730 diu

500 776 722 839 propter
749 767 1056 838 passiones.
1089 766 1292 823 Verum
1321 777 1375 823 et
1395 769 1446 822 in
1469 767 1892 838 cogitationibus
1923 785 2074 824 vanae

503 861 708 931 glorise,
746 870 909 932 atque
939 861 992 915 in
1045 860 1167 914 aliis
1200 859 1450 931 cogitatis
1477 860 1726 915 similiter
1755 861 1861 915 ista
1900 861 2073 916 clare-

504 961 678 1009 scent.
724 953 862 1008 Fieri
897 961 1076 1008 autem
1112 969 1217 1008 non
1255 962 1450 1023 potest,
1481 953 1626 1022 quod
1661 969 1815 1008 mens
1861 953 1930 1008 ab
1955 954 2073 1008 istis

504 1042 670 1096 rebus
699 1041 984 1107 suﬁocata,
1032 1041 1142 1096 Deo
1183 1049 1344 1107 astet,
1399 1038 1731 1111 iustitiaeque
1782 1057 1981 1097 corona
2015 1056 2073 1096 se

502 1133 774 1187 redimiat.
808 1131 874 1186 Et
912 1148 977 1187 ex
1008 1133 1093 1188 bis
1141 1149 1333 1203 nempe
1375 1133 1792 1203 cogitationibus
1819 1134 2072 1188 deorsum

496 1233 684 1280 tracta
724 1224 1027 1292 miserrima
1056 1224 1146 1278 illa
1177 1239 1331 1278 mens
1374 1225 1428 1278 in
1454 1225 1757 1296 Evangeliis
1783 1225 1848 1290 ",
1875 1224 2075 1280 Christi

503 1317 835 1388 cognitionis
901 1317 1188 1387 prandium
1241 1317 1562 1372 recusavit:
1609 1332 1906 1387 rursusque
1949 1317 2072 1382 ille,

503 1410 596 1480 qui
629 1410 916 1465 devinctus
955 1408 1058 1462 fuit
1092 1423 1287 1464 manus
1327 1416 1380 1462 et
1409 1407 1593 1477 pedes,
1626 1417 1788 1478 atque
1823 1410 1874 1462 in
1921 1417 2075 1463 tene-

498 1501 635 1556 bras
668 1500 966 1556 exteriores
1013 1501 1304 1570 proiectus,
1338 1499 1494 1570 537
1531 1515 1596 1556 ex
1641 1501 1759 1556 istis
1790 1501 2075 1572 cogitatio-

503 1589 667 1646 nibus
713 1591 1027 1646 subtextum
1063 1591 1294 1646 habebat
1332 1592 1728 1656 indumentum,
1758 1607 1942 1662 quem,
1981 1592 2075 1662 qui

490 1691 810 1748 vocaverat,
836 1683 1062 1738 minime
1086 1681 1310 1750 dignum
1339 1683 1710 1752 hujuscemodi
1733 1683 1936 1754 nuptiis
1954 1697 2076 1738 esse

2169 495 2406 567 χρονίζει
2433 496 2526 550 διά
2547 497 2618 550 τὰ
2647 495 2819 566 πάθη.
2876 495 3038 550 Ἀλλά
3067 497 3162 550 καὶ⁵
3205 499 3300 551 ἐπὶ
3326 498 3441 551 τῶν
3471 498 3578 566 τῆς
3606 515 3747 550 κενο-

2168 587 2347 654 δοξίας
2370 587 2666 658 λογισμῶν,
2697 589 2792 641 καὶ
2808 587 2902 642 ἐπὶ
2924 587 3034 641 τῶν
3058 587 3232 643 ἀλλων
3251 588 3545 659 λογισμῶν
3564 590 3749 658 ὁμοίως

2171 678 2639 750 φανερωθήσεται.
2705 677 2822 734 Ούκ
2860 680 2977 732 ἔστι
3009 678 3067 732 δὲ
3099 679 3224 732 νοῦν
3285 680 3631 750 πνιγόμενον
3657 680 3750 732 ύπὺ

2169 772 2426 826 τοιούτων
2465 775 2811 842 παραστῆναι
2855 771 2995 842 Θεῷ,
3031 771 3126 826 καὶ
3166 772 3258 826 τὸν
3280 772 3384 842 τῆς
3408 771 3750 840 δικαιοσύνης

2171 863 2542 935 ἀναδήσασθαι
2587 864 2870 932 στέφανον.
2945 863 3039 916 Ἐκ
3065 863 3273 917 τούτων
3299 865 3416 935 γὰρ
3455 863 3578 916 τῶν
3613 863 3749 930 λογι-

2174 955 2325 1024 σμῶν
2354 955 2784 1024 κατασπώμενος
2805 954 2899 1006 καὶ
2925 954 3129 1016 ἐκεῖνος
3146 957 3174 1007 ό
3189 957 3247 1008 ὲν
3269 958 3383 1014 τοῖς
3402 954 3749 1021 Εὑαγγελίοις

2172 1043 2478 1114 τρισάθλιος
2517 1042 2670 1108 νοῦς,
2704 1043 2766 1097 τὸ
2801 1042 2901 1112 τῆς
2943 1041 3180 1114 Χριστοῦ
3221 1044 3489 1111 γνώσεως
3548 1045 3750 1114 ἀριστον

2174 1135 2526 1205 παρῃτήσατο
2546 1151 2562 1168 ο
2593 1134 2688 1188 κα)⁵
2727 1133 2888 1187 πάλιν
2936 1135 2964 1187 ὁ
2985 1134 3357 1204 δεσμούμενος
3401 1137 3626 1204 χεῖρας,
3673 1139 3750 1188 καὶ

2175 1228 2362 1293 πόδας,
2417 1227 2510 1281 καὶ
2559 1229 2640 1290 είς
2682 1226 2742 1280 τὸ
2797 1225 3057 1298 ἐξώτερον
3090 1227 3279 1290 σκότος
3316 1226 3660 1296 βαλλόμενος
3699 1231 3751 1280 ἐι

2174 1317 2378 1371 τούτων
2404 1317 2510 1371 τῶν
2535 1316 2812 1388 λογισμῶν
2833 1317 3246 1387 καθυφασμένον
3293 1314 3412 1388 εἶχε
3442 1318 3513 1371 τὸ
3543 1318 3749 1387 ἔνδυμα,

2175 1409 2343 1481 ὅνπερ
2394 1409 2496 1462 οὐκ
2543 1408 2693 1474 ἀξιον
2751 1409 2858 1462 τῶν
2907 1407 3162 1462 τοιούτων
3208 1410 3410 1480 γάμων
3443 1411 3477 1462 ὁ
3528 1408 3752 1471 καλέσας

2175 1499 2490 1570 ἀπεφήνατο
2515 1494 2650 1552 εἶναι
2669 1515 2682 1529 ο
2723 1498 2803 1552 διὸ
2827 1497 3032 1569 ἔνδυμά
3061 1499 3181 1553 ἐστι
3228 1501 3503 1570 γαμικὸν,
3528 1500 3751 1552 ἀπάθεια

2175 1591 2352 1662 ψυχῆς
2400 1591 2623 1661 λογικῆς
2664 1591 2936 1661 κοσμικὰς
2986 1591 3376 1663 ἀρνησαμένης
3433 1590 3753 1660 ἐπιθυμίας.

2177 1683 2274 1745 Τίς
2304 1681 2361 1736 δὲ
2409 1684 2442 1753 ἡ
2476 1681 2626 1735 αίτία
2653 1679 2745 1734 τοῦ
2774 1682 2840 1734 τὰ
2862 1682 3108 1751 νοήματα
3131 1682 3239 1734 τῶν
3267 1681 3563 1751 αἰσθητῶν
3588 1697 3755 1752 πραγο

400 1798 412 1811 σ
503 1774 786 1843 respondit
814 1792 828 1830 :
856 1775 976 1830 ideo
1000 1767 1256 1844 nuptialis
1283 1785 1366 1830 est
1395 1775 1562 1830 vestis
1589 1777 1826 1832 vacuitas
1857 1776 2067 1846 passio-

2173 1777 2378 1848 μάτων,
2413 1774 2730 1846 χρονίζοντα
2773 1773 3108 1845 διαφθείρειν
3143 1773 3243 1845 τὴν
3289 1775 3514 1844 γνῶσιν
3548 1775 3756 1845 εῐρηται

497 1881 634 1922 num
658 1869 854 1924 animae
881 1869 1193 1934 rationalis,
1225 1870 1530 1926 mundanas
1566 1871 1904 1941 repudiantis
1933 1887 2068 1927 con-

2173 1871 2231 1923 ὲν
2247 1873 2360 1934 τοῖς
2381 1870 2511 1941 περὶ
2542 1871 2852 1940 προσευχῆς
2887 1868 3226 1937 κεφαλαίοις.

509 1965 901 2036 cupiscentias.
951 1965 1083 2032 Quae
1105 1981 1235 2021 vero
1279 1983 1443 2022 causa
1489 1969 1578 2032 sit,
1627 1968 1772 2039 quod
1809 1969 2040 2039 cogitata
2100 1966 2460 2033 sensibilium,
2509 1965 2715 2020 diutius
2758 1965 3100 2019 immorantia
3133 1964 3476 2033 disperdant,
3533 1980 3604 2022 ac
3632 1967 3758 2037 peri-

490 2068 657 2117 anant
678 2061 1040 2132 cognitionem
1081 2077 1177 2118 seu
1203 2061 1472 2133 judicium
1509 2064 1564 2118 in
1599 2064 1848 2134 capitulis
1874 2064 1940 2120 de
1983 2065 2227 2120 oratione
2251 2064 2454 2120 dictum
2480 2061 2582 2118 fuit
2610 2076 2809 2117 rerum.

1063 2192 1291 2250 CAPUT
1321 2192 1516 2248 XXIV.

559 2299 956 2372 Oppositorum
1019 2305 1210 2360 activae
1252 2305 1372 2362 vita:
1428 2307 1735 2363 daemonum
1793 2317 1906 2365 tres
1949 2319 2080 2366 sunt

484 2393 779 2464 \principes
800 2395 853 2449 in
882 2397 1053 2465 prima
1085 2398 1230 2452 velut
1256 2398 1310 2452 in
1344 2399 1461 2454 acie
1503 2410 1728 2466 stantes,
1767 2418 1907 2471 quos
1943 2402 2077 2457 sub-

501 2486 753 2556 sequitur
773 2488 952 2543 omnis
989 2489 1414 2560 alienigenarum
1449 2495 1875 2557 castrametatio,
1914 2493 2076 2563 quive

497 2575 556 2630 in
585 2577 726 2633 bello
768 2580 924 2649 primi
961 2590 1128 2648 stant,
1145 2592 1200 2637 et
1228 2583 1438 2638 animas
1462 2569 1556 2654 per
1590 2585 1830 2655 impuras
1868 2585 2076 2657 cegita-

501 2667 677 2722 tiones
707 2678 1026 2737 provocant,
1071 2678 1125 2723 et
1169 2671 1449 2740 pelliciunt
1490 2671 1556 2726 ad
1603 2673 1864 2727 malitiam
1918 2672 2074 2728 nimi-

499 2775 620 2813 rum
654 2760 691 2814 ii
724 2761 814 2830 qui
856 2762 993 2832 gulae
1026 2763 1414 2832 cupiditatibus
1453 2773 1694 2833 praesunt
1726 2766 1804 2836 (ut
1839 2765 2077 2821 diximus

499 2851 676 2920 capite
699 2852 918 2922 primo),
949 2862 1004 2907 et
1042 2853 1077 2906 ii
1105 2854 1196 2924 qui
1226 2855 1383 2910 nobis
1423 2856 1704 2911 avaritiam
1757 2866 2072 2928 suggerunt,

497 2953 552 2997 et
582 2943 618 2997 ii
653 2945 743 3013 qui
787 2944 854 2999 ad
885 2947 1178 3000 humanam
1218 2947 1445 3017 gloriam
1483 2965 1584 3004 nos
1625 2951 1886 3005 excitant.
1921 2949 2074 3004 Desi-

499 3034 699 3090 derans
735 3036 908 3104 igitur
944 3051 1138 3106 puram
1185 3035 1413 3094 fundere
1458 3028 1785 3106 orationém,
1838 3057 1969 3097 cave
2005 3041 2075 3096 ab

500 3126 799 3192 iracundia,
837 3136 892 3181 et
934 3127 1165 3197 diligens
1206 3132 1620 3199 temperantiam
1674 3133 1892 3188 contine
1942 3149 2075 3188 ven-

483 3229 658 3284 trem,
697 3233 803 3274 non
853 3220 946 3274 des
987 3234 1183 3290 panem
1215 3219 1338 3275 a-lvo
1381 3232 1508 3285 tute,
1529 3231 1583 3277 et
1631 3223 1686 3278 in
1724 3239 1863 3293 aqua
1896 3225 2073 3294 ipsum

480 3319 695 3379 'attere,
725 3321 778 3366 et
807 3311 1004 3382 alllige,
1029 3297 1192 3382 vigila
1216 3312 1269 3366 in
1293 3313 1562 3380 oratione,
1591 3330 1654 3372 ac
1678 3316 1935 3371 ultionem
1959 3317 2072 3372 sive

2737 2173 2990 2228 ΚΕΦΔΛ.
3027 2173 3154 2226 KA'.

2247 2289 2368 2342 Τῶν
2399 2287 2792 2357 ἀντικειμένων
2819 2285 3094 2357 δαιμόνων
3140 2287 3208 2356 τῇ
3245 2289 3575 2357 πρακτικῇ,
3619 2291 3756 2358 τρεῖς

2177 2383 2313 2436 είσιν
2363 2381 2626 2452 ἄρχοντες
2683 2379 3082 2449 πρωτοστάται,
3133 2373 3215 2440 οἷς
3260 2379 3459 2431 ἕπεται
3516 2383 3683 2451 πᾶσι
3726 2385 3752 2448 ἠ

2179 2475 2500 2549 παρεμϐολὴ
2533 2474 2643 2528 τῶν
2694 2472 3047 2544 ἀλλοφύλων,
3099 2473 3296 2535 οἵτινες
3345 2472 3573 2543 πρῶτοι
3626 2477 3755 2527 κατὰ

2175 2568 2267 2622 τὸν
2301 2567 2537 2637 πόλεμον
2564 2568 2806 2619 ἵστανται
2833 2605 2848 2629 ,
2881 2565 2976 2618 καὶ
3021 2564 3116 2628 τὰς
3151 2564 3326 2634 ψυχὰς
3351 2565 3443 2618 διὰ.
3487 2566 3608 2619 τῶν
3633 2568 3756 2620 ἐικαυ

2180 2661 2394 2731 θάρτων
2436 2657 2715 2728 λογισμῶν
2747 2655 3104 2709 ἐκκαλοῦνται
3134 2657 3270 2728 πρὸς
3297 2656 3401 2726 τὴν
3427 2659 3682 2711 κακίαν·
3715 2661 3756 2710 οἱ

2177 2753 2274 2818 τὰς
2313 2751 2411 2822 τῆς
2456 2751 2902 2822 γαστριμαργίας
2939 2749 3149 2820 ὀρέξεις
3189 2752 3638 2818 πεπιστευμένοι
3667 2791 3681 2814 ,
3714 2753 3756 2802 ei

2179 2845 2276 2917 τὴν
2333 2844 2699 2915 φιλαργυρίαν
2747 2846 2879 2915 ἡμῖν
2921 2843 3350 2910 ὑποϐάλλοντες,
3395 2843 3504 2896 καὶ
3533 2845 3586 2895 οξ
3627 2844 3756 2912 πρὸς

2177 2937 2276 3009 τὴν
2303 2937 2412 2990 τῶν
2445 2936 2748 3008 ἀνθρώπων
2772 2936 2929 3002 δόξαν
2955 2937 3102 3007 ἡμᾶς
3133 2933 3564 3004 ἐκκαλούμενοι.
3609 2936 3755 2987 Ἐπι-

2180 3030 2367 3102 θυμῶν
2397 3025 2490 3084 οὖν
2522 3029 2772 3101 καθαρᾶς
2796 3027 3139 3099 προσευχῆς,
3185 3027 3528 3098 διατήρησον
3561 3027 3755 3097 θυμὸν,

2179 3122 2274 3175 καὶ
2305 3121 2534 3191 ἀγαπῶν
2563 3119 2938 3191 σωφροσύνην,
2975 3119 3168 3190 κράτει
3204 3119 3449 3188 γαστρὸς
3475 3160 3492 3185 ,
3542 3120 3624 3188 μὴ
3658 3117 3755 3187 δίῖις

2177 3214 2341 3285 ἀρτον
2405 3217 2470 3286 σῇ
2517 3213 2726 3284 κοιλίᾳ,
2795 3212 2891 3264 καὶ
2947 3211 3005 3264 ὲν
3064 3208 3218 3263 ὕδατι
3273 3208 3501 3262 εκθλιϐε
3561 3209 3754 3277 αὐτὴν,

2177 3303 2446 3375 ἀγρύπνει
2497 3305 2554 3356 ὲν
2599 3304 2915 3373 προσευχῇ,
2965 3299 3062 3354 καὶ
3111 3300 3490 3370 μνησικακίαν
3538 3301 3755 3368 μακρὰν

499 3404 816 3460 memoriam
867 3405 1191 3476 injuriarum
1237 3406 1428 3475 procul
1476 3421 1507 3460 a
1557 3414 1612 3461 te
1660 3403 1880 3478 repelle,
1911 3410 2068 3464 verba

2180 3395 2404 3465 ποίησον
2435 3392 2542 3446 ἀπὸ
2574 3393 2669 3446 σοῦ
2697 3433 2712 3455 ,
2747 3391 2896 3458 λόγοι
2926 3389 3240 3459 Πνεύματος
3269 3387 3428 3456 ἀγίου
3467 3387 3549 3459 μὴ
3580 3388 3753 3440 Exlit-

497 3496 734 3566 Spiritus
766 3497 940 3552 sancti
971 3511 1079 3551 non
1102 3495 1356 3552 deﬁciant
1386 3513 1414 3551 a
1442 3508 1510 3565 te,
1537 3498 1790 3570 foresque
1829 3498 2074 3570 Scriptu-

495 3605 682 3644 rarum
724 3592 878 3660 pulsa
910 3590 1161 3645 manibus
1198 3589 1483 3655 virtutum,
1535 3601 1666 3648 tunc
1719 3592 1925 3648 orietur
1979 3593 2072 3648 tibi

496 3681 679 3737 cordis
739 3680 1028 3736 affectuum
1083 3682 1362 3749 vacuitas,
1431 3692 1779 3754 mentemque
1835 3686 2070 3740 similem

494 3774 658 3830 astris
683 3773 737 3828 in
763 3773 1009 3828 oratione
1034 3773 1343 3844 perspicies.
1404 3773 1446 3827 E
1469 3775 1784 3831 notionibus
1821 3779 2070 3846 quaedam

494 3873 644 3928 sunt,
681 3877 802 3934 quae
837 3862 1010 3917 nostri
1055 3862 1221 3917 animi
1255 3863 1615 3934 principatum
1661 3864 1981 3935 imprimunt
2006 3881 2071 3922 ac

474 3953 749 4021 'formant,
806 3965 859 4010 et
905 3955 1161 4027 ﬁgurant,
1222 3957 1470 4027 quaedam
1521 3973 1652 4013 vero
1701 3960 2068 4028 cognitionem

477 4046 835 4102 solummodo
869 4047 1129 4117 praebent,
1162 4048 1332 4103 menti
1356 4049 1570 4120 signum
1595 4065 1702 4103 non
1734 4050 2068 4119 imprimen—

493 4146 594 4193 tes.
627 4137 856 4203 Etenim,
895 4159 912 4190 ι
952 4140 1006 4192 In
1054 4138 1321 4210 principio
1383 4149 1501 4195 erat
1556 4141 1809 4205 Verbum,
1843 4149 1896 4194 et
1933 4138 2070 4196 Ver-

474 4231 618 4286 ‘bum
653 4241 770 4286 erat
796 4231 935 4300 apud
978 4232 1147 4285 Deum
1165 4230 1232 4292 ‘°,
1267 4249 1284 4282 ι
1311 4230 1533 4302 deponit
1559 4232 1779 4302 quidem
1805 4231 1860 4286 in
1901 4231 2065 4287 corde

492 4323 787 4386 notionem,
819 4339 922 4375 non
957 4330 1134 4375 tamen
1164 4318 1327 4390 538
1352 4321 1528 4390 ipsum
1557 4320 1963 4390 ﬁgurat,neque
1989 4319 2067 4374 si-

479 4427 613 4486 :gnat
637 4413 1013 4483 impressione.
1050 4409 1140 4466 Sic
1176 4431 1194 4464 ‹
1236 4411 1507 4480 accipiens
1529 4425 1724 4480 panem
1741 4410 1842 4476 “,›
1871 4409 2068 4480 ﬁgurat

485 4516 743 4571 mentem,
779 4513 835 4561 et
873 4503 1150 4574 (fregisse
1170 4504 1216 4535 "
1240 4543 1255 4569 ,
1282 4521 1300 4553 ι
1333 4501 1598 4571 imprimit
1625 4502 1793 4556 menti
1823 4501 2060 4572 signum.

487 4595 712 4662 Verum,
741 4615 759 4647 ι
790 4593 921 4649 'Vidi
947 4593 1237 4648 Dominum
1283 4592 1561 4647 sedentem
1591 4607 1756 4662 super
1800 4593 2060 4648 thronum

485 4688 758 4742 excelsum
793 4694 849 4739 et
897 4685 1165 4738 elevatum
1181 4682 1250 4748 “,
1272 4700 1302 4733 ν)
1344 4682 1608 4752 imprimit
1643 4683 1810 4738 menti
1844 4683 2061 4754 signum

2177 3483 2428 3536 πέτωσάν
2463 3499 2545 3545 σε,
2585 3483 2678 3535 καὶ
2711 3481 2880 3552 θύρας
2922 3479 3087 3550 κροῦε
3117 3478 3301 3548 χερσὶν
3342 3477 3590 3548 ἀρετῶν.
3623 3478 3750 3529 Τότε

2176 3575 2427 3628 ἁνατελεῖ
2454 3590 2535 3626 σοι
2560 3573 2790 3643 καρδίας
2818 3570 3056 3625 ἀπάθεια
3084 3611 3100 3634 ,
3131 3568 3226 3622 καὶ
3263 3568 3390 3622 νοῦν
3419 3553 3747 3638 ἀστεροεῧῆ

2174 3667 2296 3736 ὄψει
2327 3667 2386 3720 ὲν
2419 3667 2716 3736 προσευχῇ.
2759 3663 2881 3717 Τῶν
2915 3664 3223 3732 νοημάτων,
3253 3659 3324 3713 τὰ
3365 3659 3471 3728 μὲν
3503 3662 3674 3712 τυποί
3697 3659 3750 3710 τὸ

2174 3759 2501 3830 ἡγεμονικὸν
2529 3757 2723 3829 ἡμῶν,
2764 3756 2860 3810 καὶ
2909 3751 3272 3824 σχηματίζει,
3325 3755 3396 3806 τά
3437 3752 3502 3804 δὲ
3545 3751 3749 3820 γνῶσιν

2177 3854 2337 3923 μόνον
2363 3851 2594 3922 παρέχει
2628 3849 2701 3920 μὴ
2728 3848 3001 3901 τυποῦντα
3043 3847 3134 3900 τὸν
3161 3845 3315 3910 νοῦν,
3355 3844 3497 3915 μηδὲ
3537 3861 3749 3915 σχημα-

2170 3943 2406 4006 τίζοντα.
2437 3941 2511 3994 Τὸ
2538 3939 2666 4010 γὰρ,
2709 3959 2727 3991 ι
2773 3940 2860 3992 Ἑν
2888 3941 3032 4009 ἀρχῇ
3068 3935 3136 4009 ἦν
3165 3940 3193 3991 ὁ
3220 3938 3427 4005 Λόγος,
3462 3934 3565 3990 κάι
3591 3941 3623 3990 ό
3652 3937 3748 3989 Ade

2171 4053 2264 4106 γος
2286 4031 2353 4104 ἦν
2388 4033 2523 4103 πρὸς
2547 4033 2638 4087 τὸν
2670 4032 2825 4096 Θεὸν,
2862 4051 2888 4098 ,ι
2932 4030 3306 4084 ἐναποτίθεται
3340 4030 3442 4100 μέν
3479 4046 3536 4081 τι
3567 4030 3749 4099 νόημα

2167 4129 2234 4198 τῇ
2268 4127 2468 4199 καρδίᾳ
2489 4166 2504 4191 ,
2546 4126 2608 4179 ού
2648 4126 2754 4196 μὴν
2785 4123 3111 4196 σχηματίζει
3138 4122 3309 4192 αὐτὴν
3331 4162 3348 4186 ,
3398 4121 3528 4175 οὐδὲ
3561 4124 3747 4209 τυποῖ.

2169 4221 2242 4275 Τὸ
2269 4221 2392 4290 μὲν,
2427 4237 2446 4270 t
2482 4217 2675 4273 Λασὼν
2721 4217 2908 4289 ἀρτον,
2942 4235 2962 4269 ι
3000 4216 3328 4288 σχηματίζει
3357 4213 3452 4267 τὸν
3482 4213 3653 4277 νοῦν,
3691 4214 3750 4266 τὸ

2167 4312 2248 4377 δὲ,
2277 4331 2296 4360 ε
2326 4313 2546 4378 κλάσαι,
2578 4329 2598 4363 ι
2627 4309 2790 4365 πάλιν
2818 4310 2979 4362 τυποῖ
3004 4307 3096 4360 τὸν
3126 4306 3272 4361 νοῦν.
3303 4306 3379 4358 Τὸ
3399 4307 3490 4370 δὲ,
3531 4327 3552 4358 ι
3593 4303 3749 4359 Εἶδον

2164 4403 2256 4455 τδν
2291 4403 2494 4473 Κύριον
2535 4399 2844 4470 καθήμενον
2869 4399 2964 4452 ἐπὶ
2997 4398 3184 4468 θρόνου
3228 4397 3436 4468 ὑψηλοῦ
3466 4439 3486 4462 ,
3520 4398 3627 4451 καὶ
3655 4400 3748 4450 ἐπ-

2163 4496 2427 4566 ηρμένου,
2462 4513 2482 4547 ι
2517 4496 2680 4547 τυποῖ
2708 4492 2799 4546 τὸν
2836 4491 2962 4545 νοῦν
3004 4491 3174 4564 χωρὶς
3218 4489 3311 4544 τοῦ
3339 4532 3357 4555 ,
3395 4510 3415 4542 ι
3451 4487 3622 4546 Εἶδον
3660 4491 3746 4544 τὸν

2164 4587 2390 4659 Κύριον,
2422 4605 2446 4639 9
2485 4588 2580 4640 atat
2611 4585 2673 4640 τὸ
2705 4584 2804 4658 μὲν
2840 4584 3003 4655 ῥητὸν
3031 4583 3177 4637 δοκεῖ
3206 4581 3420 4638 τυποῦν
3451 4584 3554 4637 τὸν
3595 4583 3745 4648 νοῦν,

2163 4681 2224 4734 τὸ
2250 4682 2307 4734 δὲ
2342 4683 2628 4751 σημαῖνον,
2655 4679 2715 4732 ού
2751 4681 2936 4732 τυποῖ.
2979 4675 3224 4748 Ἑώρακε
3255 4675 3366 4746 γὰρ
3405 4675 3747 4748 προφητικῷ

484 4781 602 4833 sine
651 4796 670 4829 ι
706 4776 814 4832 vidi
843 4774 1157 4838 Dominum,
1188 4792 1211 4828 ι
1257 4782 1313 4829 et
1357 4774 1563 4829 dictum
1593 4773 1814 4844 quidem
1845 4775 2061 4830 videtur

2172 4772 2430 4843 ὀφθαλμῷ
2479 4771 2580 4841 τὴν
2641 4772 2804 4842 φύσιν
2853 4771 2954 4841 τὴν
3012 4770 3234 4840 λογικὴν
3281 4768 3604 4838 ῦψωθείσαν
3660 4770 3745 4822 διὰ

485 4867 796 4936 imprimere
843 4863 1061 4934 aliquod
1104 4863 1319 4934 signum
1355 4863 1544 4926 menti,
1578 4863 1723 4934 quod
1757 4871 1939 4919 autem
1982 4863 2059 4920 si-

482 4954 722 5024 gniﬁcat,
751 4967 854 5006 non
897 4951 1196 5021 imprimit;
1226 4951 1360 5007 vidit
1389 4951 1588 5022 quippe
1619 4952 1782 5008 oculo
1826 4952 2059 5022 prophe-

481 5047 592 5100 tico
625 5053 872 5098 naturam
913 5042 1235 5097 rationalem
1264 5043 1554 5110 elevatam,
1616 5059 1739 5114 qua:
1792 5043 2053 5113 practice,

383 5131 388 5134 ’
479 5152 578 5192 seu
608 5137 893 5191 actualiter
913 5134 1147 5204 suscepit
1182 5134 1235 5189 in
1275 5150 1336 5190 se
1362 5135 1479 5204 ipsa
1522 5135 1892 5204 cognitionem
1923 5132 2050 5200 Dei;

481 5229 554 5283 ibi
585 5242 821 5296 namque
864 5227 1063 5281 dicitur
1117 5224 1308 5280 sedere
1345 5224 1509 5290 Deus,
1549 5225 1641 5279 ubi
1675 5225 2047 5294 dignoscitur;

480 5321 601 5377 ideo
618 5334 762 5391 pura
783 5333 938 5374 mens
970 5318 1169 5373 dicitur
1207 5317 1301 5371 Dei
1343 5317 1592 5370 thronus.
1635 5315 1844 5370 Dicitur
1867 5327 2047 5372 autem

475 5422 532 5467 et
565 5412 779 5477 mulier,
813 5411 1052 5464 thronus
1082 5408 1382 5472 dedecoris,
1407 5408 1528 5462 loco
1548 5407 1782 5474 dicendi,
1805 5409 1950 5480 quod
1978 5409 2050 5466 sit

474 5503 853 5571 artimajustas
879 5516 966 5554 res
989 5499 1116 5554 odio
1143 5497 1379 5563 habens;
1410 5497 1646 5553 dedecus
1669 5513 1798 5555 vero
1823 5500 2044 5567 animae,

2162 4866 2472 4936 πρακτικῆς
2501 4862 2800 4933 δεξαμένην
2831 4863 2889 4914 έν
2918 4863 3084 4930 ἑαυτῇ
3127 4860 3226 4930 τὴν
3268 4859 3477 4928 γνῶσιν
3504 4859 3610 4930 τὴν
3647 4858 3740 4911 τοῦ

2158 4954 2316 5010 Θεοῦ.
2361 4955 2507 5008 Ἐκεῖ
2527 4952 2645 5024 ’γάρ
2693 4953 2910 5021 λέγεται
2937 4949 3267 5015 καθέζεσθαι
3298 4948 3456 5013 Θεὸς,
3484 4950 3624 5003 ἔνθα
3663 4968 3742 5016 γιο

2160 5045 2456 5107 νώσκεται,
2480 5043 2613 5096 διότι
2644 5043 2737 5096 καὶ
2773 5041 2962 5113 θρόνος
2990 5041 3210 5110 λέγεται
3233 5039 3371 5094 Θεοῦ
3401 5041 3540 5105 νοῦς
3565 5041 3739 5095 καθα-

2159 5136 2272 5207 ρός.
2300 5136 2532 5202 Λέγεται
2554 5133 2610 5188 δὲ
2639 5136 2734 5188 καὶ
2761 5133 2944 5204 θρόνος
2978 5132 3203 5202 ἀτιμίας
3246 5131 3388 5202 γυνὴ
3411 5172 3425 5195 ,
3459 5134 3588 5185 ἀντὶ
3615 5132 3732 5194 τοῦ,

2157 5226 2304 5297 ψυχὴ
2355 5225 2586 5297 μισοῦσα
2615 5222 2818 5287 δίκαια,
2861 5221 3060 5296 ἀτιμία
3105 5221 3161 5274 δὲ
3200 5220 3379 5292 ψυχῆς
3407 5223 3604 5287 κακία,
3649 5224 3736 5274 καὶ

2157 5316 2416 5384 ἀγνωσία.
2460 5316 2532 5368 Τὸ
2566 5315 2746 5368 τοίνυν
2801 5313 2979 5384 νόημα
3023 5313 3116 5366 τοῦ
3164 5312 3323 5380 Θεοῦ,
3364 5315 3472 5367 οὐκ
3526 5317 3587 5368 ὲν
3628 5316 3737 5375 τοίς

2154 5406 2384 5461 τυποῦσι
2429 5406 2524 5460 τὸν
2552 5406 2700 5469 νοῦν,
2750 5403 2888 5458 ἀλλά
2930 5405 3047 5468 τοῖς
3080 5405 3318 5474 νοήμασι
3364 5407 3482 5469 τοῖς
3527 5405 3606 5476 μὴ
3642 5422 3734 5456 τυ-

2155 5499 2316 5552 ποῦσι
2355 5498 2445 5552 τὸν
2469 5497 2614 5550 νοῦν.
2651 5496 2798 5550 Διότι
2822 5495 2914 5551 τὸν
2949 5497 3387 5568 προσευχόμενον
3412 5497 3498 5551 δεῖ
3525 5496 3734 5550 παντά-

559 5681 605 5711 ³⁹
638 5678 826 5732 Matth.
868 5692 1003 5743 χχιι,
1030 5676 1182 5732 2ου.
1261 5675 1306 5708 ⁸ο
1327 5675 1486 5732 Joan.
1518 5691 1557 5741 ι,
1600 5675 1652 5732 l.
1729 5677 1772 5710 “
1816 5675 2009 5734 Matth.
2046 5695 2068 5733 ι

2180 5719 2196 5745 ,
2225 5676 2316 5734 26.
2393 5679 2439 5712 ⁵³
2466 5674 2600 5733 ibid.
2677 5675 2726 5710 ⁸³
2762 5675 2868 5734 lsa.
2907 5691 2981 5742 Vt,
3017 5675 3070 5732 ι.
3162 5720 3166 5725 .
