3838 6056
148 344 279 409 1229

1154 347 1255 406 DE
1309 346 1680 408 MALIGNIS
1712 347 2365 411 COGITATIONIBUS.

3231 344 3363 407 1230

145 480 277 517 πασι
331 460 662 532 χωρίζεσθαι
690 461 799 517 τῶν
820 462 1135 517 τυπούντων
1160 464 1251 517 τὸν
1281 464 1433 519 νοῦν.
1467 466 1579 519 Καὶ
1617 465 1714 537 ζη-

1828 467 2017 522 nalitia
2038 476 2141 532 est,
2168 477 2221 522 et
2254 465 2581 537 ignorantia.
2622 464 2783 520 Notio
2809 464 2972 536 igitur
3017 462 3109 516 Dei
3147 476 3252 516 non
3282 460 3368 515 in-

145 556 344 624 τήσεις,
372 554 553 624 εῐπερ,
605 555 681 618 ὡς
706 554 819 625 ἔχει
869 556 964 609 ἐπὶ
988 555 1099 609 τῶν
1156 556 1450 625 σωμάτων,
1479 558 1575 611 καὶ
1600 557 1712 610 τῶν

145 645 414 715 λογισμῶν
442 645 652 711 αὐτῶν,
689 645 861 710 ούτως
900 646 1042 718 ἔχει,
1090 649 1185 701 καὶ
1214 649 1306 701 ἐπὶ
1342 649 1452 701 τῶν
1484 648 1713 719 ἀσωμά-

144 756 269 802 των,
306 737 535 790 καὶτῶν
568 737 739 806 λόγων
766 739 969 802 αὐτῶν,
1019 738 1113 792 καὶ
1153 740 1327 803 ἄλλως
1356 740 1455 808 μὲν
1502 740 1531 791 ὁ
1588 737 1713 802 νοῦς

144 830 521 901 τυπωθησεται
573 830 718 902 ὁρῶν
765 830 912 895 νοῦν,
968 832 1063 885 καὶ
1105 832 1280 895 ἀλλως
1332 832 1714 902 διατεθήσεται

144 922 283 994 ὁρῶν
327 920 419 976 τὸν
464 922 622 991 λόγον
661 923 860 991 αὐτοῦς
918 923 1200 978 Ἐντεῦθεν
1246 924 1304 977 δὲ
1348 922 1713 993 γινώσκομεν,

145 1015 261 1080 πῶς
292 1017 325 1089 ἡ
353 1016 554 1086 γνῶσις
585 1019 619 1088 ἡ
646 1018 993 1088 πνευματικὴ
1040 1017 1302 1088 ἀφίστησι
1332 1016 1423 1069 τὸν
1455 1016 1579 1069 νοῦν
1607 1014 1714 1069 τῶν

146 1109 431 1179 νοημάτων
462 1107 570 1162 τῶν
602 1108 917 1163 τυπούντων
944 1108 1126 1172 αὑτὸν,
1153 1106 1437 1160 ἀτύπωτον
1465 1107 1525 1159 δὲ
1553 1106 1715 1161 αὑτὸν

148 1202 444 1272 παρίστησι
480 1200 558 1271 τῷ
587 1200 739 1270 Θεῷ,
771 1200 905 1254 διότι
935 1199 996 1253 τὸ
1019 1199 1112 1252 τοῦ
1142 1196 1278 1251 Θεοῦ
1314 1198 1499 1269 νόημα
1525 1198 1627 1252 ούκ
1655 1200 1715 1251 ὲν

148 1297 258 1358 τοῖς
292 1293 555 1348 τυποῦσίν
580 1294 729 1347 ἐστιν
755 1310 767 1322 ·
796 1294 858 1345 οὐ
889 1293 997 1363 γάρ
1024 1293 1141 1345 ἐστι
1165 1291 1322 1361 σῶμα
1360 1295 1389 1345 ό
1417 1291 1569 1359 Θεὸς,
1599 1291 1715 1346 ἀλλ’

150 1386 207 1437 ὲν
232 1387 345 1447 τοῖς
375 1384 450 1455 μὴ
480 1385 711 1438 τυποῦσι
748 1385 968 1456 μᾶλλον.
1004 1384 1176 1439 Πάλιν
1197 1386 1308 1437 τῶν
1344 1383 1717 1456 θεωρημάτων

150 1476 256 1528 τῶν
286 1476 362 1548 μὴ
390 1476 699 1530 τυπούντων
727 1477 816 1530 τὸν
844 1475 991 1541 νοῦν,
1019 1476 1087 1530 τὰ
1112 1475 1214 1545 μὲν
1238 1476 1425 1530 οὐσίαν
1456 1476 1716 1546 σημαίνει

148 1568 478 1637 ἀσωμάτων,
510 1569 579 1622 τὰ
615 1568 672 1622 δὲ
718 1569 844 1631 τοὺς
883 1569 1075 1636 λόγους
1109 1567 1289 1622 αὐτῶν
1310 1583 1324 1597 °
1373 1570 1469 1622 καὶ
1500 1568 1597 1639 οὐχ
1642 1568 1717 1631 ὡς

150 1658 373 1712 ἐπὶτῶν
401 1660 669 1730 σωμάτων
700 1660 1012 1730 συμϐαίνει,
1039 1657 1182 1712 οὕτω
1204 1658 1301 1712 καὶ
1327 1659 1549 1713 ἐπὶτῶν
1575 1662 1719 1713 ἀσω-

152 1751 340 1820 μάτων
359 1769 373 1783 ·
417 1754 512 1806 ἐπὶ
557 1753 656 1823 μὲν
686 1751 794 1823 γάρ
826 1752 934 1805 τῶν
964 1751 1233 1822 σωμάτων
1265 1751 1337 1805 τά
1385 1753 1481 1822 μὲν
1515 1750 1715 1805 ὲτύπου

152 1842 241 1895 τὸν
269 1843 395 1897 νοῦν
417 1883 434 1909 ,
465 1844 535 1898 τὰ
564 1845 620 1897 δὲ
649 1845 749 1898 οὐκ
788 1843 989 1898 ὲτύπου
1009 1859 1024 1874 ·
1067 1841 1304 1898 ἐνταῦθα
1350 1842 1408 1897 δὲ
1439 1841 1717 1913 οὐδέτερον

1812 560 2061 614 venietur
2098 559 2238 613 inter
2261 560 2534 624 notiones,
2563 574 2686 629 quae
2716 557 2881 612 menti
2920 557 3133 627 signum
3176 554 3367 623 impri-

1812 658 1985 715 munt,
2018 666 2205 704 verum
2235 650 2376 706 inter
2421 650 2689 711 notiones,
2730 663 2851 718 quae
2888 661 2997 701 non
3055 646 3373 715 imprimunt

1812 737 2030 806 aliquod
2060 740 2273 810 signum
2308 740 2497 795 menti.
2548 738 2771 809 Oportet
2815 737 2962 792 enim
3011 735 3159 807 quod
3190 736 3237 790 is
3274 734 3370 804 qui

1812 839 1933 884 orat
1959 845 2083 885 sese
2110 831 2350 886 totaliter
2400 848 2430 886 a
2481 831 2794 887 notionibus
2840 837 3071 900 separet,
3118 843 3239 897 quae
3266 832 3373 881 im-

1812 922 2056 992 primunt
2097 923 2311 994 signum
2354 924 2543 979 menti.
2582 922 2649 977 Et
2687 922 2929 992 inquires
2981 936 3073 987 an,
3109 928 3172 973 ut
3195 934 3253 974 se
3288 933 3376 973 res

1815 1013 1977 1069 habet
2022 1014 2079 1069 in
2142 1016 2481 1085 corporibus.
2529 1015 2885 1085 ipsorumque
2929 1009 3374 1089 cogitationibus,

1815 1104 1895 1160 sic
1935 1120 1995 1160 se
2059 1105 2258 1162 habeat
2307 1106 2471 1162 etiam
2531 1106 2584 1160 in
2633 1103 2986 1174 incorporeis,
3030 1103 3378 1171 ipsorumque

1815 1200 2083 1271 cogitatis,
2136 1216 2232 1255 seu
2267 1199 2645 1271 conceptibus,
2694 1206 2747 1253 et
2791 1198 2928 1252 alias
2954 1195 3173 1265 quidem
3222 1206 3379 1247 mens

1816 1293 2004 1347 videns
2054 1301 2287 1348 mentem
2352 1293 2695 1357 informetur,
2753 1305 2849 1345 seu
2919 1287 3285 1356 imprimatur,
3326 1292 3383 1339 et

1815 1385 1951 1440 alias
1989 1384 2309 1451 disponatur
2354 1384 2545 1439 videns
2585 1385 2756 1454 ipsius
2788 1377 3384 1452 conceptum?Exinde

1815 1493 1943 1533 vero
1997 1479 2399 1548 cognoscimus,
2460 1476 2737 1547 quomodo
2799 1475 3039 1544 cognitio
3084 1469 3384 1541 spiritualis

1815 1579 2050 1625 mentem
2095 1578 2306 1639 separet
2371 1586 2403 1624 a
2456 1569 2791 1633 notionibus,
2840 1583 2961 1636 quae
3019 1564 3120 1634 ipsi
3165 1563 3383 1632 signum

1816 1658 2155 1728 imprimunt,
2185 1672 2416 1727 eamque
2463 1658 2624 1713 sistat
2664 1656 2773 1712 Deo
2826 1655 2977 1711 omni
3028 1651 3387 1722 impressione

1816 1758 2125 1816 carentem;
2157 1752 2284 1819 quia
2326 1751 2581 1806 nimirum
2604 1751 2755 1804 notio
2772 1749 2838 1804 de
2870 1748 2975 1802 Deo
3001 1761 3110 1802 non
3135 1754 3219 1801 est
3246 1743 3388 1797 inter

1825 1842 2075 1898 notiones
2106 1843 2479 1912 imprimentes
2521 1843 2738 1913 aliquod
2785 1842 2999 1912 signum
3051 1837 3237 1903 menti,
3288 1848 3389 1890 nec

154 1933 329 2005 νόημα
359 1939 451 1988 τὸν
484 1935 606 1990 νοῦν
630 1938 810 1991 τυποῖ.

1828 1935 1971 1990 enim
2014 1934 2157 1991 Deus
2210 1943 2294 1990 est
2335 1951 2553 2005 corpus,
2584 1934 2681 1990 sed
2720 1935 2894 2006 magis
2926 1934 3065 1987 inter
3123 1945 3238 1992 eas,
3266 1940 3391 1998 quae

154 2043 262 2083 non
287 2030 623 2100 imprimunt.
652 2030 864 2086 Rursus
894 2046 925 2086 e
960 2026 1539 2101 contemplationibus,
1561 2042 1684 2097 qua:
1719 2028 1887 2084 menti
1916 2029 2629 2104 non‘imprimunlsignum,
2656 2033 2850 2102 aliquae
2872 2029 3090 2098 quidem
3119 2025 3280 2097 539
3299 2037 3394 2079 es-

152 2122 383 2178 sentiam
442 2122 743 2193 signilicant
817 2123 1286 2192 incorporeorum,
1333 2120 1529 2190 aliquae
1582 2136 1712 2175 vero
1747 2120 1987 2176 rationes
2027 2123 2308 2192 ipsorum;
2373 2141 2550 2195 neque
2613 2125 2771 2180 sicuti
2801 2123 3067 2191 contingit
3098 2122 3153 2175 in
3193 2133 3393 2189 corpo-

158 2216 329 2280 ribus,
360 2217 508 2271 itaet
534 2218 584 2271 in
616 2217 1028 2287 incorporeislit
1053 2236 1067 2271 :
1095 2217 1147 2271 in
1176 2216 1499 2286 corporibus
1556 2218 1753 2271 etenim
1791 2217 1897 2272 alia
1941 2219 2159 2288 quidem
2236 2222 2399 2274 menti
2440 2224 2655 2291 signum
2697 2220 3079 2291 imprimebant
3126 2220 3227 2291 (ut
3249 2216 3393 2271 dixi-

156 2317 322 2382 mus),
354 2314 459 2368 alia
490 2328 622 2367 vero
651 2328 761 2368 non
802 2313 1183 2382 imprimebant
1206 2333 1222 2383 ;
1249 2314 1339 2369 hic
1370 2322 1551 2370 autem
1588 2323 1779 2369 neutra
1810 2316 1963 2369 notio
1986 2314 2201 2386 signum
2235 2316 2498 2386 imprimit
2528 2318 2721 2372 menti.

716 2430 965 2484 ΚΕΦΑΛ.
1002 2429 1132 2483 ΚΕ’.

2366 2429 2593 2486 CAPUT
2642 2429 2806 2485 XXV.

226 2540 400 2595 Ὅταν
435 2542 463 2593 ὁ
492 2541 591 2610 τῆς
620 2543 1065 2615 γαστριμαργίας
1110 2542 1283 2597 πολλά
1326 2543 1423 2595 καὶ
1457 2541 1721 2606 πολλάκις

1895 2544 2125 2610 Quando
2180 2546 2317 2617 gulae
2359 2546 2707 2613 daemonium,
2746 2561 2869 2601 cum
2914 2560 3012 2615 per
3041 2543 3231 2610 multa,
3262 2542 3397 2597 mul-

152 2632 567 2703 dywvwdpevo;
592 2633 802 2702 δαίμων
836 2636 909 2706 μὴ
940 2637 1134 2706 ίσχύσῃ
1163 2635 1473 2706 διαφθεῖραι
1505 2635 1603 2701 τὴν
1639 2651 1725 2688 τε-

1828 2636 2090 2706 totiesque
2179 2638 2507 2700 decertarit,
2583 2652 2691 2691 non
2773 2636 3005 2691 valuerit
3076 2635 3396 2704 inpressam

152 2726 486 2796 τυπωμένην
516 2726 867 2797 ἐγκράτειαν,
886 2728 1005 2782 τότε
1030 2730 1108 2791 εἰς
1131 2727 1423 2798 ἐπιθυμίαν
1443 2728 1726 2797 ἀσκήσεως

1828 2729 2107 2786 destruere
2143 2730 2554 2795 continentiam,
2600 2740 2729 2785 tunc
2777 2729 2844 2783 ad
2880 2742 3110 2783 summa:
3134 2726 3398 2782 exercita-

157 2817 467 2889 ἀκροτάτης
501 2817 761 2887 ἐμϐάλλει
794 2818 885 2871 τὸν
923 2818 1070 2885 νοῦν,
1122 2817 1180 2885 ἐξ
1227 2813 1302 2874 ὧν
1349 2822 1444 2874 καὶ
1487 2820 1555 2874 τά
1599 2819 1726 2891 περὶ

1833 2823 1997 2878 tionis
2041 2823 2369 2879 desiderium
2432 2831 2667 2878 mentem
2722 2820 2984 2891 impellit;
3041 2817 3427 2897 quamobrem.

152 2908 248 2962 τὸν
300 2908 499 2981 Δανιὴλ
527 2911 608 2973 είς
650 2910 812 2981 μέσον
849 2911 1039 2983 φέρει,
1086 2912 1182 2983 τὴν
1219 2913 1480 2983 πενιχρὰν
1513 2912 1726 2982 ἐκείνην

1831 2924 1945 2969 tum
1975 2930 2039 2969 ea
2084 2915 2151 2970 de
2206 2913 2423 2968 Daniele
2479 2914 2534 2968 in
2579 2913 2817 2968 medium
2858 2911 3089 2983 profert,
3135 2911 3397 2965 nimirum

156 3000 333 3072 ζωὴν,
363 3002 457 3055 καὶ
488 3001 558 3055 τὰ
590 3002 879 3073 σπέρματα
902 3043 918 3067 ,
950 3004 1041 3057 καί
1088 3021 1252 3057 τινων
1294 3004 1472 3058 ἀλλων
1511 3005 1725 3075 ἀναχω-

158 3093 344 3165 ρητῶν
373 3094 699 3165 μνημονεύει
735 3094 1078 3164 βεϐιωκότων
1113 3096 1201 3151 διὰ
1230 3096 1432 3159 παντὸς
1465 3096 1657 3160 οὔτως,
1687 3096 1720 3168 ἢ

1831 3020 2119 3076 pauperem
2159 3004 2305 3059 illam
2340 3005 2527 3066 vitam,
2577 3013 2631 3059 et
2674 3003 2928 3059 semina:
2962 3010 3078 3057 tum
3132 3000 3395 3071 quosdam

1831 3093 1966 3148 alios
2014 3093 2369 3148 anachoretas
2427 3101 2841 3156 commemorat,
2895 3092 2991 3162 qui
3040 3106 3259 3162 semper
3315 3090 3397 3146 sic

156 3184 521 3256 ἀρξαμένων,
567 3188 660 3241 καὶ
715 3187 919 3242 τούτων
978 3189 1220 3260 μιμητὴν
1281 3188 1528 3258 γενέσθαι
1592 3204 1723 3242 κατ-

1838 3185 2125 3248 vixerunt,
2175 3193 2269 3239 aut
2317 3186 2672 3255 inceperunt,
2729 3185 3033 3255 horumque
3086 3194 3240 3252 urget
3282 3182 3399 3239 ﬁeri

154 3278 456 3347 ἀναγκάζει
476 3294 489 3308 ο
509 3279 595 3334 ἵνα
612 3279 710 3349 τὴν
732 3279 971 3352 ἄμετρον
995 3280 1207 3334 διώκων
1227 3281 1572 3353 ἐγκράτειαν,
1589 3281 1727 3335 ἀπο-

156 3367 300 3438 τύχῃ
328 3370 423 3422 καὶ
450 3369 550 3441 τῆς
582 3371 926 3442 συμμετρίας
956 3371 1050 3437 τοῦ
1082 3372 1333 3443 σώματος
1383 3373 1459 3444 μὴ
1491 3373 1729 3444 ἐπαρκέ-

158 3476 356 3523 σαντος
386 3461 473 3515 διά
502 3462 600 3534 τὴν
630 3464 837 3517 οἰκείαν
867 3464 1174 3531 ἀσθένειαν,
1199 3466 1367 3528 ὄντως
1394 3465 1631 3533 εὐλογῶν
1651 3464 1728 3536 τῷ

158 3550 400 3622 σώματι,
439 3555 534 3607 καὶ
563 3555 952 3627 καταρώμενος
989 3559 1056 3627 τῇ
1087 3556 1286 3627 καρδίᾳ
1306 3571 1321 3587 ⁸
1352 3552 1395 3624 ᾧ
1433 3558 1506 3626 μὴ
1541 3556 1728 3610 πείθε-

158 3637 290 3691 σθαι
317 3639 523 3693 δίκαιον
549 3640 774 3706 τούτους
803 3644 1010 3712 νομίζω
1031 3685 1046 3709 ,
1106 3645 1242 3715 μηδὲ
1278 3644 1580 3715 ἀπέχεσθαι
1625 3647 1726 3717 ἆρ-

150 3745 277 3797 του,
302 3732 395 3785 καὶ
422 3733 625 3799 ὲλαίου,
643 3735 737 3787 καὶ
770 3734 984 3797 ὓδατος.
1009 3736 1225 3807 Ταύτην
1254 3736 1363 3807 γάρ
1388 3736 1488 3807 τὴν
1520 3737 1729 3792 δίαιταν

156 3824 304 3877 πάνυ
336 3822 627 3895 καλλίστην
655 3827 703 3877 oi
737 3826 958 3895 ἀδελφοὶ
1005 3828 1377 3899 πεπειράκασι
1398 3869 1413 3893 ,
1456 3830 1548 3882 καὶ
1577 3830 1731 3884 τοῦτο

152 3915 218 3968 οὐ
258 3914 400 3984 πρὸς
428 3915 610 3987 κόρον,
650 3918 744 3971 καὶ
773 3918 920 3983 ἅπαξ
947 3922 1028 3984 είς
1056 3920 1155 3991 τὴν
1183 3920 1421 3992 ἡμέραν.
1454 3922 1731 3993 Θαυμάζω

158 4008 273 4077 γὰρ
301 4008 354 4059 εἴ
378 4025 481 4073 τις,
511 4009 676 4078 ἄρτου
706 4010 801 4063 καὶ
830 4008 1021 4076 ὓδατος
1057 4016 1471 4083 κορεννύμενος,
1504 4014 1731 4086 δυνήσε-

156 4115 251 4151 ται
283 4096 375 4151 τὸν
398 4097 499 4167 τῆς
529 4099 798 4164 ἀπαθείας
839 4101 1201 4168 ὑποδέξασθαι
1231 4103 1513 4172 στέφανον.
1561 4105 1731 4158 Ἀπά-

160 4190 320 4241 θειαν
346 4188 402 4241 δὲ
431 4189 572 4258 λέγω
590 4229 605 4254 ,
635 4191 696 4244 οὐ
723 4191 820 4263 τὴν
845 4194 1140 4248 κατάλυσιν
1168 4194 1268 4265 τῆς
1298 4195 1419 4249 κατ’
1446 4196 1731 4268 ἐνέργειαν

159 4280 445 4351 ἁμαρτίας
468 4324 483 4347 ,
521 4281 657 4354 αὕτη
687 4283 797 4357 γὰρ
843 4286 1139 4356 ἐγκράτεια
1167 4286 1384 4354 λέγεται
1405 4326 1420 4351 ,
1462 4288 1599 4342 ἀλλὰ
1634 4290 1734 4362 τὴν

1827 3276 2082 3330 aemulum
2116 3291 2182 3331 ac
2216 3275 2544 3342 imitatorem
2580 3284 2661 3341 ut,
2701 3277 2829 3331 dum
2871 3275 3218 3331 immodicam
3269 3290 3401 3330 con—

1829 3379 2069 3426 sectatur
2108 3369 2525 3431 continentiam,
2567 3368 2862 3424 frustretur
2905 3368 3069 3423 etiam
3118 3368 3399 3423 moderato

1828 3461 2076 3531 corporis
2113 3469 2282 3527 statu,
2328 3477 2436 3516 non
2482 3462 2551 3518 iis
2589 3462 2826 3517 contenti
2868 3468 3089 3531 propter
3121 3459 3398 3531 propriam

1828 3552 2239 3619 inﬁrmitatem;
2289 3568 2417 3608 vere
2478 3552 2695 3623 corpori
2744 3552 3115 3608 benedicendo
3164 3551 3401 3624 (daemon

1830 3646 1942 3716 ille)
1980 3654 2034 3702 et
2064 3647 2213 3701 cordi
2264 3646 2677 3702 maledicendo:
2711 3645 2799 3702 cui
2834 3646 2982 3715 ipsos
3021 3660 3132 3700 non
3178 3644 3403 3701 obedire

1827 3737 2037 3808 justum
2070 3754 2299 3802 censeo.
2348 3754 2523 3810 neque
2564 3739 2838 3795 abstinere
2886 3754 3046 3809 pane,
3088 3747 3141 3793 et
3168 3739 3317 3804 oleo,
3348 3747 3404 3793 et

1831 3845 2007 3900 aqua;
2042 3830 2182 3886 hanc
2221 3834 2365 3886 enim
2393 3833 2607 3887 vivendi
2640 3832 2869 3885 formam
2903 3846 3116 3886 summe
3140 3832 3403 3901 Optimam

1838 3921 2036 3976 fratres
2094 3922 2303 3991 experti
2354 3930 2520 3989 sunt;
2572 3921 2785 3992 hocque
2820 3936 2926 3976 non
2970 3923 3036 3976 ad
3074 3923 3403 3987 satietatem,

1832 4024 1888 4069 et
1912 4014 2080 4068 semel
2130 4023 2338 4068 tantum
2382 4013 2439 4068 in
2504 4013 2671 4069 diem.
2709 4012 2967 4068 Admiror
3023 4013 3224 4082 quippe
3257 4013 3404 4083 quod

1833 4105 1978 4175 quis,
2011 4104 2056 4159 si
2082 4120 2218 4175 pane
2239 4114 2295 4159 et
2313 4120 2457 4175 aqua
2473 4105 2710 4160 satiatus
2742 4104 2926 4169 fuerit,
2952 4105 3122 4175 possit
3144 4119 3404 4160 coronam

1834 4198 2050 4267 assequi
2078 4198 2326 4252 carentiae
2355 4198 2690 4267 passionum.
2726 4196 3063 4253 Vacnitatem
3088 4198 3406 4268 passionum

1834 4304 1991 4352 voco,
2016 4294 2124 4369 non
2154 4290 2491 4345 eversionem
2532 4290 2760 4345 actualis
2814 4290 3041 4360 peccati,
3074 4290 3188 4345 haec
3215 4304 3411 4359 nempe

160 4370 313 4424 κατά
338 4370 578 4425 διάνοιαν
603 4375 731 4438 τοὺς
755 4376 1024 4446 ἐμπαθεῖς
1046 4376 1340 4447 λογισμοὺς
1370 4380 1726 4450 περικόπτου-

1836 4380 2035 4434 dicitur
2053 4380 2402 4447 continentia,
2422 4380 2514 4436 sed
2530 4395 2671 4445 eam,
2696 4395 2816 4450 quae
2836 4379 3272 4435 intellectualiter
3291 4394 3410 4450 pas-

165 4477 296 4527 σαν,
339 4463 530 4533 ἥντινα
570 4467 665 4521 καὶ
698 4469 1073 4539 πνευματικὴν
1118 4471 1420 4541 περιτομὴν
1461 4471 1556 4525 τοῦ
1602 4490 1726 4545 κρυ-

1838 4472 2086 4528 sionibus
2111 4471 2331 4528 ali'ectas
2364 4473 2719 4544 cogitationes
2748 4473 3128 4538 circumsecat,
3158 4488 3323 4543 quam
3355 4480 3411 4527 et

163 4553 311 4607 πτοῦ
362 4556 617 4611 Ἰουδαίου
666 4561 696 4612 ό
743 4560 899 4628 ἆγιος
951 4561 1167 4626 Παῦλος
1218 4562 1518 4633 ὠνόμασεν.
1567 4565 1629 4617 Ei
1677 4565 1726 4619 δὲ

1838 4565 2175 4634 spiritualem
2196 4565 2670 4621 circumcisionem
2713 4565 2912 4620 occulti
2965 4563 3138 4619 Judaei
3186 4572 3411 4620 sanctus

162 4645 374 4714 ἀθυμεῖ
398 4649 507 4717 Lm;
564 4648 658 4702 ἐπὶ
704 4652 818 4713 τοῖς
863 4650 1123 4721 λεχθεῖσι,
1173 4654 1602 4724 μνημονευσάτω
1641 4655 1726 4708 τοί

1841 4652 2044 4711 Paulus
2075 4655 2444 4710 nominavit“
2468 4673 2484 4723 ;
2526 4656 2572 4710 si
2601 4671 2731 4711 vero
2759 4656 2886 4726 quis
2907 4655 3149 4710 animum
3177 4655 3413 4725 despon-

166 4739 402 4802 σκεύους
433 4741 535 4810 τῆς
566 4740 823 4811 ἐκλογῆς,
865 4743 1211 4810 Ἀποστόλου,
1247 4745 1305 4797 ὲν
1339 4744 1483 4816 λιμῷ
1520 4747 1614 4799 καὶ
1657 4746 1739 4800 δί-

161 4832 264 4901 ψει
296 4830 388 4884 τὸν
437 4831 637 4903 δρόμον
667 4834 1007 4898 τελέσαντος.
1046 4837 1310 4905 Μιμεῖται
1342 4836 1399 4890 δὲ
1430 4837 1524 4889 καὶ
1567 4838 1596 4890 ὁ
1638 4836 1740 4907 τῆς

165 4919 433 4991 ἀληθείας
458 4923 752 4987 ἀντίπαλος
778 4925 807 4975 ὁ
836 4926 933 4995 τῆς
962 4925 1191 4996 ἀκηδίας
1213 4925 1420 4996 δαίμων
1440 4926 1629 4981 τοῦτον
1647 4928 1740 4981 τὸν

165 5013 440 5082 δαίμονα,
502 5016 809 5087 ἀκροτάτην
871 5018 1224 5088 ἀναχώρησιν
1282 5019 1361 5090 τῷ
1425 5019 1740 5091 καρτερικῷ

168 5105 516 5171 ὑποϐάλλων,
552 5109 633 5171 είς
663 5108 827 5179 ζῆλον
857 5110 1338 5181 προσκαλούμενος
1372 5109 1616 5165 Ἰωάννου
1644 5113 1737 5166 τοῦ

169 5198 507 5267 Βαπτιστοῦ,
543 5201 638 5254 καὶ
662 5201 761 5271 τῆς
790 5203 1044 5274 ἀπαρχῆς
1077 5202 1187 5255 τῶν
1210 5203 1579 5274 ἀναχωρητῶν
1622 5204 1741 5256 Ἀν-

167 5290 515 5357 τωνίου,ἴνα,
543 5294 618 5362 μὴ
644 5293 919 5363 βαστάσας
946 5295 1043 5364 τὴν
1068 5295 1310 5365 χρονίαν,
1335 5296 1429 5348 καὶ
1451 5295 1743 5368 ἀπάνθρω-

172 5396 280 5435 πον
325 5382 693 5455 ἀναχώρησιν,
748 5384 898 5458 φύγῃ
945 5388 1063 5456 μετ’
1109 5387 1396 5458 αἰσχύνης,
1442 5389 1533 5443 τὸν
1582 5390 1745 5443 τόπον

172 5474 513 5541 καταλιπὼν,
580 5477 675 5531 καὶ
739 5478 901 5542 αὐτὸς
946 5478 1131 5533 λοιπὸν
1181 5479 1537 5552 καυχώμενος
1591 5482 1744 5557 είπῃ,

182 5563 444 5636 «Ἵσχυσα
474 5567 612 5640 πρὸς
646 5569 865 5625 αὐτόν.»

255 5773 303 5804 ⁸⁸
330 5771 485 5831 Rom.
515 5793 576 5845 ιι,
608 5778 697 5835 29.
774 5778 819 5811 "
845 5778 990 5837 Psal.
1022 5794 1119 5848 xu,
1147 5780 1202 5836 5.

1839 4749 1967 4804 deat
2020 4763 2185 4818 super
2206 4748 2290 4804 his
2340 4764 2463 4818 quae
2510 4749 2657 4804 dicta
2698 4758 2850 4812 sunt,
2907 4748 3222 4804 recordetur
3265 4748 3413 4803 vasis

1839 4842 2121 4897 electionis
2170 4840 2437 4911 Apostoli,
2480 4841 2574 4911 qui
2617 4841 2672 4895 in
2724 4841 2869 4897 fame
2915 4856 2981 4897 ac
3040 4842 3128 4897 siti
3187 4855 3412 4896 cursum

1844 4932 2006 5004 540
2044 4932 2459 4987 consummavit.
2497 4932 2638 4999 Quin
2677 4942 2732 4989 et
2777 4933 3020 4989 veritatis
3069 4932 3415 4988 adversarius

1846 5026 2053 5081 daemon
2102 5025 2192 5080 ille
2248 5024 2489 5087 desidiae,
2552 5025 2718 5080 istum
2769 5025 3019 5080 imitatur
3070 5025 3412 5089 daemonem,

1846 5133 2115 5172 summam
2146 5118 2511 5173 secessionem
2542 5118 2830 5175 tolerantia
2860 5118 3085 5187 praedito
3119 5132 3419 5186 suggerens

1846 5209 1914 5264 ad
1961 5209 2359 5264 aemulationem
2431 5208 2775 5278 provocando
2834 5206 3060 5262 Joannis
3122 5206 3413 5275 Baptista,

1847 5309 2006 5369 atque
2031 5298 2396 5368 primitiarum
2424 5297 2886 5353 anachoretarum
2914 5295 3161 5355 Antonii.
3190 5304 3269 5357 ut,
3304 5308 3416 5346 non

1847 5398 2072 5459 portans
2109 5390 2429 5445 diuturnum
2452 5398 2507 5444 et.
2526 5388 2889 5445 inhumanum
2915 5401 3216 5450 secessum,
3246 5383 3417 5453 fugiat

1848 5497 1971 5536 cum
2019 5480 2246 5550 pudore,
2300 5481 2483 5535 locum
2528 5480 2936 5549 derelinquens,
2980 5484 3036 5531 et
3073 5476 3187 5545 ipse
3227 5481 3414 5543 postea

1847 5570 2241 5643 gloriabundus
2265 5570 2450 5630 dicat:
2494 5590 2514 5625 ι
2544 5570 2807 5627 Praavalui
2839 5568 3103 5624 adversus
3127 5579 3253 5621 eum
3282 5563 3352 5619 “.
3386 5579 3411 5617 ι
