3804 6052
124 299 273 367 1233

1166 299 1264 361 DE
1298 298 1668 360 MALIGNIS
1704 296 2354 359 COGITATIONIBUS.

3224 288 3357 354 1234

117 437 276 488 τητα
318 416 640 488 μελετῶσιν,
683 417 770 471 ἴνα
806 416 897 470 τὸν
938 414 1191 470 ταπεινὸν
1218 416 1358 471 κατὰ
1385 416 1480 469 τὸν
1508 416 1696 487 καιρὸν
1723 422 1760 478 Λ

1799 424 2003 480 tantur,
2032 422 2226 471 cuncta
2268 419 2633 475 commovent,
2666 418 2833 465 totam
2871 424 2967 480 per
2999 407 3142 464 diem
3166 408 3357 464 adver-

117 512 232 584 τῆς
266 511 572 583 προσευχῆς
615 510 1065 579 συκοφαντήσωσι
1095 508 1239 572 νοῦν,
1284 509 1379 562 καὶ
1406 508 1468 561 τὸ
1518 508 1690 579 μακὰ-

125 622 250 672 ριον
298 602 462 657 αὑτοῦ
503 602 881 656 κατασϐέσωσι
928 601 1065 669 φῶς.
1104 601 1268 672 Ὁρᾷς
1313 602 1407 654 καὶ
1456 603 1485 655 ὁ
1539 600 1693 670 ἅγιος

119 695 344 759 Παῦλος
391 696 447 749 τί
505 713 638 766 φησι
695 693 773 765 τῷ
825 694 1004 764 Τίτῳ;
1038 712 1057 746 ι
1101 694 1190 747 Ἐν
1235 696 1303 765 τῇ
1349 693 1692 765 διδασκαλίᾳ,

119 788 367 857 ἄφθορον
392 787 568 855 λόγον,
602 787 751 857 ὑγιῆ,
783 785 1228 854 ἀκατάγνωστον,
1262 786 1348 839 ἵνα
1375 788 1410 854 ὁ,
1434 786 1493 853 ἐξ
1534 788 1693 841 ἐναν-

116 880 255 942 τίας
284 881 524 951 ἐντραπῇ
552 918 569 943 ,
604 879 769 950 μηδὲν
796 878 934 949 ἔχων
978 877 1156 947 λέγειν
1188 879 1319 952 περ)⁵
1362 879 1519 950 ἡμῶν
1558 878 1695 949 φαῦ-

119 969 251 1023 λονο
288 990 307 1021 ι
336 973 364 1025 ὁ
387 971 444 1025 δὲ
474 972 744 1042 μακάριος
769 971 932 1024 Δαῦὶδ
967 970 1058 1025 καὶ
1088 970 1447 1042 προσεύχεται
1495 971 1687 1040 λέγων·

126 1080 150 1112 c
199 1062 395 1117 Ῥὗσαί
438 1081 504 1133 με
537 1063 647 1117 ἀπὸ
691 1064 1052 1132 συκοφαντίας
1083 1062 1444 1131 ἀνθρώπων,»
1479 1064 1693 1135 ἀνθρὼο

120 1167 270 1215 πους
298 1152 392 1205 καὶ
420 1153 545 1216 τοὺς
567 1152 825 1223 δαίμονας
852 1151 1135 1222 ὀνομάζων
1155 1152 1242 1206 διὰ
1271 1152 1333 1206 τὸ
1351 1156 1451 1224 τῆς
1477 1153 1693 1223 φύσεως

118 1238 375 1309 λογικόν·
410 1241 549 1296 ἀλλὰ
594 1243 686 1296 καὶ
742 1243 771 1296 ὁ
811 1242 1005 1314 Σωτὴρ
1055 1244 1116 1295 ὲν
1158 1245 1271 1307 τοῖς
1314 1241 1688 1312 Εὐαγγελίοις,

120 1331 329 1401 ἐχθρὸν
359 1332 647 1404 ἄνθρωπον
688 1328 811 1386 εἷπε
860 1334 951 1389 τὸν
998 1334 1297 1407 σπείραντα
1324 1335 1457 1405 ἡμῖν
1490 1334 1558 1388 τὰ
1592 1336 1691 1407 τῆς

121 1423 328 1486 κακίας
357 1422 589 1488 ζιζάνια.
627 1417 705 1478 Οὖ
727 1426 821 1479 καὶ
848 1425 1179 1496 ρυσθείημεν
1210 1424 1395 1496 χάριτι
1421 1426 1517 1479 τοῦ
1551 1428 1692 1498 Χρι-

120 1513 263 1567 στοῦ
293 1515 388 1568 καὶ
419 1514 555 1569 Θεοῦ
583 1514 743 1587 ἡμῶν
764 1555 780 1581 ,
822 1509 867 1584 ᾧ
896 1516 1095 1588 πρέπει
1131 1516 1268 1587 τιμὴ
1298 1516 1394 1571 καὶ
1432 1516 1559 1584 δόξα
1608 1517 1690 1581 εἰς

116 1604 259 1667 τοὺς
285 1605 504 1671 αἰῶνας.
543 1607 736 1679 ’Δμήν.

1796 523 1892 564 sus
1925 523 2026 564 nos
2074 508 2226 564 dolos
2270 507 2620 567 meditantur,
2665 514 2726 558 ut
2775 502 3040 559 orationis
3085 512 3351 573 tempore,

1798 609 2031 655 mentem
2083 599 2341 655 humilem
2383 584 2814 661 calumnientur,
2844 604 2899 650 et
2926 595 3097 664 ipsius
3135 595 3354 650 beatum

1799 691 1980 746 lumen
2042 690 2412 759 exstinguant.
2439 685 2604 743 Vides
2632 685 2763 756 quid
2802 693 2857 740 et
2888 692 3110 741 sanctus
3152 681 3355 739 Paulus

1798 782 1944 837 dicat
1992 782 2115 836 Tito
2146 798 2160 834 :
2188 800 2207 832 ι
2245 779 2305 833 In
2348 779 2623 843 doctrina,
2674 776 2903 832 verbum
2954 776 3353 844 incorruptum,

1799 889 1991 931 sanum
2020 871 2511 942 irreprehensibilc,
2550 880 2607 925 ut
2638 871 2684 925 is
2707 911 2723 935 ,
2759 870 2853 940 qui
2891 884 2957 924 ex
2983 868 3213 923 adverso
3246 876 3351 933 est,

1796 965 2003 1036 pudore
2058 961 2400 1019 sull‘undatur
2442 961 2582 1016 nihil
2630 962 2837 1016 habens
2888 960 2956 1016 de
3013 958 3174 1015 nobis
3225 959 3354 1028 quid

1798 1055 2000 1110 malum
2041 1055 2187 1111 dicat
2224 1055 2293 1110 δ’.
2344 1072 2366 1107 ι
2412 1052 2478 1109 Et
2525 1054 2714 1109 beatus
2770 1053 2938 1108 David
2982 1062 3103 1107 orat
3157 1053 3354 1116 etiam,

1795 1148 2029 1205 dicens:
2087 1166 2107 1200 ι
2137 1148 2330 1204 Libera
2370 1162 2459 1202 me
2510 1161 2543 1202 a
2596 1146 2867 1202 calumnia
2906 1145 3187 1201 hominum
3217 1144 3300 1209 '°,
3330 1163 3350 1195 ι

1796 1241 2077 1296 Daemones
2122 1240 2273 1311 ipsos
2321 1238 2568 1295 homines
2606 1251 2845 1300 vocans,
2885 1244 3105 1306 propter
3149 1243 3358 1290 natura:

1795 1332 2092 1400 rationale;
2147 1330 2240 1387 sed
2265 1340 2319 1386 et
2368 1331 2618 1386 Salvator
2642 1330 2696 1385 in
2727 1327 3034 1399 Evangeliis
3073 1326 3355 1382 inimicum

1795 1423 2070 1479 hominem
2119 1430 2399 1492 nuncupat
2425 1437 2569 1487 eum,
2610 1422 2704 1491 qui
2734 1419 2953 1475 malitia:
2983 1420 3142 1474 nobis
3190 1418 3387 1475 δοιώ-ί

1795 1514 1947 1569 navit
1979 1514 2187 1568 zizania
2212 1513 2256 1544 “
2288 1531 2302 1568 :
2345 1528 2376 1567 a
2396 1528 2506 1581 quo
2530 1512 2821 1568 liberemur
2842 1512 3014 1583 gratia
3040 1510 3266 1577 Christi,
3303 1519 3359 1565 et

1797 1605 1895 1661 Dei
1929 1605 2126 1671 nostri,
2156 1620 2320 1677 quem
2353 1605 2509 1662 decet
2553 1605 2727 1661 honor
2760 1613 2810 1661 et
2844 1604 3017 1676 gloria
3046 1604 3103 1660 in
3131 1604 3353 1661 amula.

1797 1699 1990 1754 Amen.

199 1874 249 1908 δ’
284 1873 394 1931 Tit.
430 1890 494 1941 Il,
525 1874 581 1931 8.
654 1874 703 1908 ⁸⁸
732 1873 877 1932 Psal.
909 1889 1097 1945 cmu,
1134 1877 1260 1934 156.
1333 1879 1377 1911 ⁸⁸
1409 1875 1605 1933 Matth.
1634 1873 1869 1939 xw,25.

140 2170 3326 2220 W

762 2432 1327 2526 ΚΕΦΑΛΑΙΑ
1382 2433 1554 2526 AI"
1631 2435 1760 2526 ΚΑ

1796 2444 1875 2527 I"
1954 2436 2720 2535 ΑΚΟΛΟΥΘΙΑΝ.

1434 2796 1799 2861 CAPITULA
1827 2799 2074 2861 XXXIII

966 2961 1087 3024 Per
1115 2962 1342 3041 gradus
1370 2964 1673 3044 quosdam
1705 2965 2003 3046 disposita
2033 2964 2527 3044 consequentiae.

126 3158 271 3213 Sunt
305 3154 523 3230 Evagrii
560 3154 773 3213 Pontici
791 3166 842 3214 et
870 3156 1115 3230 leguntur
1134 3160 1274 3215 inter
1296 3160 1410 3229 ejus
1444 3178 1602 3231 opera
1629 3160 1847 3230 hujusce
1892 3160 2217 3233 Patrologia:
2257 3172 2388 3218 tam.
2428 3161 2550 3231 XL,
2576 3163 2657 3218 col
2679 3204 2695 3221 .
2720 3162 2881 3221 1265.
2908 3161 3081 3239 Incip.
3114 3166 3358 3237 ἰκτερός

1321 3257 1509 3313 ἐστιν.
1542 3258 1665 3313 Des.
1690 3260 2180 3329 πεπιστευμένω.

127 3538 2425 3576 __._______________________________

1102 3786 1884 3879 ΠΝΕΥΜΑΤΙΚΑΙ
1963 3794 2388 3893 ΓΝΩΜΑΙ

1412 3972 1603 4027 ΚΑΤΑ
1666 3972 2104 4029 ΑΛΦᾹΒΗΤΟΝ.

666 4298 1158 4362 SPIRITUALES
1181 4301 1621 4365 SENTENTUE
1650 4306 1800 4367 PER
1826 4302 2339 4366 ALPHABETUM
2380 4304 2806 4380 DISPOSITE,

124 4502 366 4575 Evagrio
407 4502 570 4557 etiam
635 4502 989 4561 restituenda.
1049 4502 1179 4560 Vide
1208 4504 1325 4560 rubi
1365 4522 1546 4575 supra,
1615 4507 1716 4561 col.

1797 4506 1925 4569 267.
1954 4508 2152 4581 Ἰηοὶρ.
2215 4509 2450 4565 ’Δτοπάν
2500 4515 2642 4569 ἐστι.
2698 4511 2825 4569 Des.
2890 4510 2992 4584 τῆς
3034 4508 3216 4566 πάντα
3235 4509 3359 4581 ’μι-

1629 4599 1848 4673 σούσης.
1933 4593 1940 4602 ’
2398 4603 2401 4607 ’

341 4908 3357 4939 W

1203 5162 1520 5253 ALI/E
1590 5164 2301 5255 SENTENTIA?

135 5377 291 5436 Inter
343 5378 559 5453 Evagrii
605 5398 762 5453 opera
807 5381 1007 5439 dudum
1038 5381 1237 5441 relator.
1272 5382 1375 5439 Adi
1401 5392 1600 5441 (omum
1646 5385 1760 5439 citae

1796 5401 1886 5449 im,
1946 5384 2048 5439 col.
2092 5381 2251 5441 ηδε).
2298 5383 2414 5441 Inc.
2457 5384 2624 5458 Ἀρχὴ
2660 5385 2901 5457 ἀγάπης.
2929 5384 3049 5440 Des.
3074 5380 3215 5437 κατὰ
3234 5376 3367 5435 θεὸν

1559 5477 1739 5533 πάντα
1766 5480 1928 5532 ποιεῖ.
