3804 6052
364 232 504 297 1235
1838 238 1866 298 ε

3465 227 3628 291 1215

358 375 3275 415 ετξ-’ΜΞΝ

1322 518 1460 572 ΤΟΥ
1487 517 1719 574 ΔΥΤυΥ
1744 518 1836 570 ΕΝ
1872 518 2097 572 ΑΓΙΟΙΣ
2132 517 2403 573 ΠΑΤΡΟΣ
2454 516 2653 573 ΗΜΩΝ

1675 674 2245 797 ΝΕΙΛΟΥ

1164 902 1808 989 ΠΑΡΑΙΝΕΣΙΣ
1862 902 2151 989 ΠΡΟΣ
2223 900 2858 992 ΜΟΝΑΧΟΥΣ.

1351 1231 1691 1295 EIUSDEM
1720 1235 1985 1297 SANCTI
2019 1238 2299 1300 PATRIS
2325 1239 2604 1301 NOSTRI

1834 1398 2124 1513 NILI

1180 1634 1887 1728 INSTITUTIO
1936 1636 2083 1725 AD
2135 1635 2807 1730 MONACHOS.

1958 1853 2037 1873 —

445 1979 923 2049 lntemperantiam
972 1981 1277 2037 eduliorum
1342 1982 1587 2052 praecidit
1648 1980 1941 2052 jejunium,

2129 1986 2423 2057 Ἀκρασίαν
2449 1985 2753 2059 μρωμάτων
2781 1985 3102 2059 περικόπει
3135 2001 3379 2058 νηστεια,
3410 1985 3631 2040 ἀκολα-

377 2080 433 2125 et
460 2070 830 2127 fornicationis
855 2071 1131 2129 lasciviam
1164 2082 1408 2146 amputat
1434 2073 1767 2129 continentia
1812 2090 1879 2131 cu

2127 2096 2165 2131 ιν
2209 2078 2266 2131 δὲ
2293 2077 2547 2151 πορνείας
2593 2080 2871 2151 περιαιρεῖ
2900 2077 3199 2153 ἐγκράτεια
3248 2078 3390 2150 μετὰ
3443 2095 3629 2149 προσο

379 2162 641 2217 oratione.
1176 2220 1191 2237 .

1176 2220 1191 2237 ,
2045 2170 2226 2241 ευχῆς.

448 2252 743 2308 Avaritiam
781 2252 1097 2310 idololatria:
1117 2220 1341 2311 matrem
1374 2255 1598 2312 cohibet
1631 2264 1940 2327 paupertas,

2130 2220 2481 2331 θίλαργυρίαν
2527 2258 2625 2331 τὴν
2673 2259 2772 2330 τῆς
2813 2257 3223 2330 εἰδωλολατρίας
3260 2257 3489 2329 μητέρα
3538 2275 3632 2311 συ-

381 2360 697 2414 corpoream
728 2360 856 2401 vero
883 2345 1298 2403 sollicitudinem
1317 2348 1629 2421 praescindit
1656 2365 1800 2419 spes,
1823 2367 1883 2421 qu

2129 2356 2255 2409 Ξλλει
2285 2353 2660 2426 ἀκτημοσύνη,
2707 2352 2974 2424 μέριμναν
3005 2351 3062 2404 δὲ
3090 2351 3413 2423 σωματικὴν
3466 2368 3631 2424 περι-

383 2436 439 2491 in
468 2435 636 2491 Deum
667 2437 923 2507 iactatur.

2047 2447 2235 2500 κόπτει
2264 2445 2415 2508 ἐλπὶς
2441 2446 2474 2515 ἡ
2499 2445 2579 2508 εἰς
2609 2443 2757 2497 Θεόν.

453 2529 683 2586 Mentem
712 2541 982 2587 errantem
1014 2542 1228 2591 coercet
1264 2533 1427 2589 lectio
1458 2533 1767 2590 divinorum
1822 2548 1941 2589 ora-

2132 2534 2475 2605 [Ιλανὼμενον
2526 2535 2651 2588 νοῦν
2717 2533 2995 2588 συστέλλει
3052 2532 3363 2603 ἀνάγνωσις
3417 2531 3634 2600 λογίων

383 2623 652 2690 culorum,
684 2633 737 2679 et
761 2624 939 2696 vigilia
966 2642 1088 2681 cum
1125 2627 1391 2682 oratione.

2050 2627 2205 2692 Θεοῦ,
2243 2629 2337 2680 καὶ⁵
2365 2626 2643 2699 ἀγρυπνία
2677 2625 2814 2697 μετὰ
2862 2628 3191 2697 προσευχῆς.

452 2713 521 2768 Αι
546 2714 639 2769 iraa
677 2715 1013 2773 invasionem
1044 2719 1255 2789 mitigat
1283 2717 1691 2789 longanimitas,
1724 2725 1779 2775 et
1802 2719 1947 2790 psal~

2130 2719 2304 2790 θυμοῦ
2341 2718 2399 2772 δὲ
2431 2718 2799 2790 καταδρομὴν,
2834 2718 3206 2790 καταπραΰνει
3243 2714 3632 2789 μακροθυμία,

386 2820 599 2860 morum
629 2807 955 2863 decantatio.

2052 2814 2148 2867 καὶ
2175 2811 2485 2883 ψαλμῳδία.

455 2894 730 2968 Pigritiam
757 2900 1066 2971 comprimit
1092 2901 1414 2967 constantia,
1444 2911 1501 2958 et
1531 2903 1783 2976 lacrymaa
1802 2918 1823 2971 ;
1852 2903 1951 2958 tri-

2136 2902 2389 2973 Ἀκηδίαν
2438 2899 2790 2959 καταστέλλει
2828 2899 3092 2971 ὑπομονὴ,
3124 2899 3219 2953 καὶ
3265 2898 3511 2969 δάκρυα,
3540 2896 3633 2949 λύ-

387 2986 591 3041 stitiam
622 2997 800 3043 autem
868 2990 1201 3045 mundanam
1259 2992 1434 3056 sedat,
1492 3008 1557 3048 ac
1614 2993 1775 3049 silere
1822 2994 1889 3047 fat

2137 3011 2165 3046 ν
2196 2992 2253 3045 δὲ
2303 2992 2572 3063 κοσμικὴν
2633 2990 2989 3060 κατασιγάζει
3015 2988 3076 3044 τὸ
3115 2989 3254 3061 πρὸς
3289 2986 3393 3053 τὰς
3434 2986 3635 3058 ἡδονὰς

386 3080 571 3135 odium
612 3082 870 3141 adversus
897 3083 1220 3152 voluptates.

735 3097 870 3141 :rsus
897 3083 1220 3152 voluptates.
2061 3088 2237 3157 μῖσος.

460 3171 752 3228 Humilitas
806 3182 860 3228 et
917 3173 1130 3228 aversio
1184 3174 1253 3229 ab
1286 3188 1470 3228 amore
1518 3173 1851 3245 principatus
1902 3183 1957 3231 et

2134 3177 2434 3242 Φιλοξενίαν
2462 3177 2659 3229 κτᾶται
2678 3172 3165 3244 ταπεινοφροσύνη,
3195 3172 3291 3225 καὶ⁸
3309 3170 3636 3243 φιλαρχίας,

388 3264 695 3319 erninentize
754 3273 1071 3335 comparant
1126 3265 1577 3335 hospitalitatem:
1647 3267 1890 3336 superbia

2135 3273 2156 3325 't
2209 3271 2480 3341 ὑπεροχῆς
2521 3267 2860 3338 ἀποστροφὴ,
2904 3266 3287 3337 ὑπερηφανίαν
3313 3265 3400 3329 δὲ,
3430 3265 3498 3318 τὸ
3534 3265 3637 3335 ἀρ-

390 3371 519 3412 vero
549 3359 723 3427 (vetus
747 3358 972 3423 malum,
993 3359 1046 3412 in
1072 3370 1365 3428 conspectu
1394 3357 1608 3413 Domini
1638 3358 1888 3413 abomina

2136 3365 2211 3416 ἰον
2243 3360 2432 3424 κακὸν,
2461 3359 2522 3412 τὸ
2560 3356 2847 3429 βδελυκτὺν
2876 3354 3105 3409 ἐνώπιον
3150 3354 3386 3425 Κυρίου,
3512 3352 3638 3406 ἀνθ-

390 3449 544 3514 dum,
590 3451 678 3505 cui
710 3451 917 3507 resistit
944 3451 1106 3506 etiam
1137 3449 1296 3519 Deus)
1320 3466 1537 3507 cessare
1570 3451 1699 3506 facit
1722 3451 1888 3506 imme

2139 3472 2279 3509 ςαται
2304 3454 2398 3507 καὶ
2423 3453 2450 3504 ὁ
2473 3450 2625 3515 Θεὸς,
2657 3447 2965 3504 καταπαύει
2991 3445 3466 3519 ταπεινοφροσύνῃ
3500 3445 3641 3516 ἁμές

393 3559 452 3600 sa
476 3543 776 3611 humilitas,
816 3560 938 3615 quae
992 3544 1157 3599 dicit:
1200 3563 1220 3596 ι
1259 3546 1371 3615 Ego
1420 3561 1541 3600 sum
1602 3554 1747 3601 terra
1790 3552 1844 3600 et
1884 3563 1895 3598 ε

2133 3566 2277 3621 ητος,
2308 3548 2341 3619 ἡ
2388 3545 2657 3615 λέγουσα·
2695 3560 2716 3594 ι
2764 3540 2906 3608 Ἐγὼ
2946 3541 3064 3610 είμὶ
3112 3540 3183 3609 γῆ
3220 3539 3315 3592 καὶ
3358 3539 3580 3601 σποδός.
3618 3559 3635 3588 ι

397 3636 485 3692 nis
516 3637 597 3701 ⁸²;
636 3655 654 3689 ι
705 3646 760 3690 et
810 3650 1039 3692 rursus:
1106 3657 1125 3689 ι
1160 3636 1276 3693 Nisi
1317 3636 1579 3694 Dominus
1620 3637 1899 3693 aediﬁcavei

2137 3642 2175 3695 ιὶ
2203 3639 2366 3695 πάλιν
2400 3654 2412 3665 ·
2453 3655 2472 3689 ι
2495 3635 2619 3689 Ἐὰν
2653 3633 2728 3705 μὴ
2760 3633 2967 3704 Κύριος
2995 3630 3325 3702 οἰκοδομήσει
3352 3623 3531 3692 οἶκον,
3566 3629 3639 3690 είς

396 3728 638 3793 domum,
673 3727 729 3781 in
761 3743 962 3783 vanum
998 3729 1285 3796 laboravit,
1316 3730 1410 3800 qui
1436 3729 1666 3785 aediﬁcat
1691 3746 1814 3787 eam
1836 3730 1898 3798 ⁸⁸,

2142 3751 2242 3803 την
2267 3730 2557 3785 ἐκοπίασεν
2588 3728 2617 3781 ὁ
2644 3724 2961 3796 οἰκοδομῶν,
2992 3723 3088 3777 καὶ
3115 3721 3410 3793 φυλάττειν
3438 3716 3644 3791 πειρώ-

405 3827 459 3873 et
487 3818 579 3887 qui
610 3828 839 3873 conatur
869 3818 1163 3874 custodire.

750 3828 839 3873 tur
869 3818 1163 3874 custodire.
2069 3840 2248 3895 μενος.

468 3886 620 3967 Sicut
652 3927 792 3983 aqua
829 3911 959 3967 faece
1004 3912 1286 3983 inquinata
1329 3912 1581 3983 depurari
1613 3912 1970 3988 543-555

2147 3915 2234 3978 Ὠς
2280 3912 2381 3971 οὐκ
2432 3909 2547 3963 ἐστι
2594 3904 2961 3977 τεθολωμένον
2993 3902 3135 3972 ὕδωρ
3184 3886 3535 3971 καθαρεῦσαι
3570 3898 3645 3968 μὴ

397 4016 505 4056 non
556 4010 734 4072 potest
762 4001 870 4055 nisi
912 4002 1172 4057 manserit
1201 4001 1445 4070 immota,
1471 4004 1545 4057 ita
1574 4017 1748 4073 neque
1795 4012 1899 4058 stat

2142 4002 2259 4053 ῖναν
2302 3996 2615 4061 ἀσάλευτον,
2645 3994 2819 4056 οὕτως
2865 3993 2967 4046 οὐκ
3017 3990 3133 4044 ἐστι
3184 3989 3428 4061 μοναχοῦ
3474 3987 3644 4042 χατάρ

398 4094 649 4149 monachi
689 4093 910 4164 agnosci
940 4094 1083 4150 valet
1106 4095 1222 4151 sine
1241 4096 1444 4166 quiete.

2070 4108 2260 4147 στασιν
2289 4088 2603 4158 ἐπιγνῶναι,
2634 4087 2762 4142 ἄνευ
2791 4084 3040 4157 ἡσυχίας.

473 4183 627 4239 Sicut
656 4184 994 4254 impossibile
1028 4195 1113 4240 est
1157 4193 1481 4240 certatorem
1516 4184 1766 4239 coronari
1787 4222 1803 4245 ,
1864 4182 1970 4238 nisi

2153 4182 2242 4246 Ὠς
2292 4181 2553 4235 ἀδύνατόν
2608 4180 2754 4232 ἐστιν
2809 4174 3048 4246 ἀθλητήν
3101 4170 3525 4241 στεφανωθῆναι
3572 4169 3644 4239 μὴ

402 4277 597 4332 luctam
629 4277 953 4341 exercuerit,
984 4276 1058 4332 ita
1089 4292 1193 4334 nec
1222 4286 1406 4348 potest
1426 4292 1547 4332 esse
1562 4276 1687 4347 quis
1709 4275 1904 4330 Christi

2144 4271 2438 4336 ιλαίσαντα,
2490 4268 2662 4332 οὕτως
2704 4268 2805 4322 οὐκ
2849 4264 2966 4319 ἔστι
3014 4262 3265 4333 γενέσθαι
3311 4258 3646 4331 Χριστιανὸν

402 4385 505 4423 nus
544 4368 752 4439 absque
775 4369 1190 4424 certaminibus.

972 4369 1190 4424 Iinibus.
2073 4364 2200 4418 ἄνευ
2231 4362 2474 4432 ἀγώνων.

472 4459 941 4525 Quemadmodum
976 4475 1089 4515 non
1127 4467 1213 4513 est
1238 4456 1468 4527 aequalis
1499 4456 1657 4520 libra,
1691 4471 1798 4511 una
1833 4468 1974 4523 prae-

2155 4456 2243 4518 Ὢς
2286 4454 2387 4508 οὐκ
2435 4453 2581 4507 ἔστιν
2626 4452 2740 4514 ίσος
2780 4450 2810 4502 ὁ
2837 4447 3020 4517 ζυγὸς,
3057 4443 3348 4517 βαροῦντος
3398 4439 3496 4495 τοῦ
3533 4440 3647 4502 ἑνὸς

404 4551 736 4620 ponderante
770 4560 943 4621 parte,
974 4551 1055 4605 sic
1084 4550 1199 4605 lleri
1220 4564 1326 4604 non
1359 4558 1534 4619 potest
1572 4558 1631 4601 ut
1660 4547 1906 4601 mandatu

2141 4550 2302 4620 ἑρους,
2350 4546 2522 4608 οὕτως
2548 4546 2649 4599 οὑκ
2696 4542 2811 4596 ἔστι
2858 4538 3202 4610 κατορθῶσαι
3230 4534 3455 4605 ἐντολὴν
3488 4530 3643 4595 Θεοῦ,

406 4642 499 4696 Dei
549 4658 808 4714 prospere
852 4642 1181 4712 perliciatur,
1237 4657 1436 4697 carneo
1469 4658 1631 4697 sensu
1685 4641 1908 4713 praedou

1836 4641 1973 4695 omi-
2002 4686 2046 4743 υ
2079 4636 2547 4711 κατακρατοῦντος
2569 4633 2662 4689 τοῦ
2698 4629 2959 4706 σαρκικοῦ
2990 4629 3338 4701 φρονήματος

406 4745 589 4790 name.

479 4824 632 4880 Sicut
663 4839 773 4879 non
807 4831 983 4900 potest
1016 4822 1298 4901 addiscere
1327 4832 1522 4888 artem,
1554 4822 1649 4897 qui
1682 4823 1970 4895 diligenter

2152 4818 2362 4887 Ὠσπερ
2411 4815 2511 4868 οὑκ
2545 4812 2661 4871 ἔστι
2698 4811 2889 4882 μαθεῖν
2938 4810 3155 4878 τέχνην,
3190 4805 3265 4877 μὴ
3307 4803 3646 4907 σχολάσαντα

407 4906 469 4970 ei
501 4931 606 4970 non
644 4895 851 4971 dederit
887 4896 1133 4985 operam,
1161 4916 1233 4970 ita
1270 4932 1378 4971 non
1444 4895 1625 4985 potest
1672 4917 1909 4971 oratione

2143 4908 2377 4979 ειμελῶς,
2409 4906 2581 4969 οὓτως
2610 4906 2711 4959 οὐκ
2738 4904 2854 4956 ἔστι
2881 4899 3188 4970 κτήσασθαι
3227 4895 3547 4968 προσευχὴν
3578 4895 3645 4963 μὴ

409 5007 711 5077 acquirere,
743 5006 836 5077 qui
866 5005 977 5062 Deo
1005 5015 1152 5062 recto
1183 5022 1292 5063 non
1338 5005 1625 5061 adhznserit
1652 5005 1834 5060 corde.

2083 4998 2643 5072 προσκαρτερήσαντα
2679 4993 2759 5065 τῷ
2809 4991 2930 5063 Θεῷ
2972 4991 3033 5043 ὲν
3083 4987 3267 5059 εὐθείᾳ
3295 4986 3520 5059 καρδία.

472 5191 734 5263 Quisquis
775 5208 964 5262 puram
991 5209 1096 5248 non
1131 5191 1467 5262 comparavit
1511 5188 1832 5253 orationem,
1869 5202 1974 5241 non

2167 5181 2225 5235 Ὀ
2266 5182 2339 5251 μὴ
2384 5176 2721 5251 κεκτημένος
2761 5170 3073 5247 προσευχὴν
3095 5166 3362 5239 καθαρὰν,
3400 5166 3505 5219 οὐκ
3541 5163 3645 5231 ἔχει

413 5288 575 5341 habet
601 5294 933 5340 armaturam
963 5286 1028 5340 ad
1042 5286 1253 5339 bellum

2108 5273 2247 5326 ἑπλον
2281 5274 2358 5336 είς
2389 5270 2644 5339 πόλεμον.
3160 5275 3165 5279 ’
3378 5351 3391 5357 _
3459 5349 3472 5357 ι
3588 5343 3610 5357 ,

482 5377 588 5445 Qui
632 5387 853 5433 ornatus
894 5386 997 5444 est,
1035 5376 1251 5431 etvelut
1279 5373 1460 5443 scopis
1485 5370 1802 5435 mundatus,
1826 5384 1980 5435 ever-

2167 5368 2226 5420 '0
2270 5363 2699 5435 κεκοσμημένος,
2742 5361 2836 5415 καὶ
2879 5353 3258 5428 σεσαρωμένος
3296 5351 3406 5406 ἀπὸ
3447 5349 3649 5422 ἀρετῶν

417 5467 491 5523 sis
554 5467 647 5522 Dei
674 5468 983 5533 virtutibus,
1013 5467 1319 5521 dmmonum
1369 5463 1473 5518 erit
1498 5462 1886 5517 habitaculum.

1696 5462 1886 5517 culum.
2085 5460 2244 5527 Θεοῦ,
2276 5456 2692 5530 κατοικητήριον
2721 5454 2873 5509 ἔσται
2904 5450 3198 5524 δαιμόνων-

495 5642 542 5676 ⁸²
563 5643 699 5700 Gen.
735 5643 998 5707 “111,27.
1076 5642 1121 5673 ⁸³
1146 5640 1290 5697 Psal.
1319 5654 1504 5703 cxxvx,
1541 5638 1589 5691 ι.
