3838 6056
54 318 219 385 1237

1165 327 1608 388 INSTI'l‘UTIO
1639 331 1738 390 AD
1804 326 2227 390 MONALHOS.

3173 320 3319 391 1238:
3366 398 3367 403 γ

158 440 250 502 Ὧς
277 438 376 491 οὐκ
403 436 516 491 ἔστι
544 437 865 509 κατοικῆσαι
897 438 1119 509 βασιλέα
1146 441 1204 494 ἐν
1229 442 1365 513 οἴκῳ
1394 444 1643 511 πένητος,
1677 478 1688 506 Α

1832 443 1923 499 Uti
1954 460 2062 499 non
2095 444 2222 498 licet
2250 455 2429 513 regem
2463 440 2516 495 in
2544 439 2708 495 domo
2760 438 3025 509 pauperis
3047 437 3308 501 na‘bitare,

45 529 253 594 οὕτως
295 531 354 584 οὐ
396 532 707 601 κατοικήσει
735 532 969 603 Χριστὸς
1005 532 1063 586 ὲν
1102 532 1246 606 ψυχῇ
1280 537 1646 612 ῥερυπωμένῃ

48 626 190 679 ἀπὸ
223 625 508 694 ἁμαρτίας.
1525 623 1605 701 .

153 717 366 788 Ὠσπερ
409 718 682 789 ἀνήμερος
726 716 889 780 τόπος
916 715 1218 787 ἡμεροῦται
1260 715 1328 771 δι’
1357 717 1650 787 ἐπιμελοῦς

1750 534 1823 589 ita
1858 550 2036 605 neque
2061 534 2318 588 Christus
2365 530 2630 586 habitabit
2660 530 2715 584 in
2751 529 2953 595 anima,
2981 544 3101 597 qua:
3131 528 3331 597 inqut-.

1749 635 1874 681 nata
1901 634 1984 681 est
2014 640 2044 679 a
2085 633 2323 695 peccato.
3232 660 3237 665 ρ

1822 716 1994 772 Sicuti
2028 715 2446 772 locusincultus
2478 728 2578 786 per
2620 718 2931 767 accuratam
2992 707 3319 763 elaboratio-

54 807 393 881 φιλεργίας,
424 809 598 872 οὕτως
645 808 791 880 ψυχὴ
821 808 1159 878 ἁγριωθετσα
1191 810 1311 873 ταῖς
1354 809 1651 883 ἁμαρτίαις

1808 824 1874 864 :m
1928 809 2221 871 excolitur,
2268 808 2346 863 sic
2373 806 2554 861 anima
2594 804 2665 859 ob
2713 810 2944 873 peccata
3000 801 3333 863 silvescens,.

50 899 408 970 ἡμεροῦται,
438 902 487 953 εί
514 899 662 970 νόμῳ
687 899 823 953 Θεοῦ
852 900 1256 957 πολιτεύσεται.

154 992 370 1062 Ὥσπερ
400 991 577 1062 πέτρα
608 987 745 1045 οὖσα
772 993 831 1046 ἐν
859 991 1103 1062 θαλάσσῃ
1133 991 1322 1063 ὲδραία
1355 991 1528 1062 μένει,
1557 992 1655 1045 καὶ

58 1082 382 1144 ἀσάλευτος
404 1083 850 1154 κατακρουομένη
882 1082 985 1139 ὑπὸ
1008 1084 1289 1153 κυμάτων,
1324 1083 1465 1137 οὕτω
1494 1084 1588 1137 καὶ
1628 1084 1658 1137 6

58 1174 187 1239 τὰς
219 1173 421 1244 ἀρετὰς
444 1173 819 1245 κατορθώσας,
849 1178 945 1229 καὶ
972 1175 1198 1239 ταύταις
1247 1174 1382 1240 ὅλως
1410 1176 1657 1245 ἀνακρα-

65 1264 223 1331 Dele,
256 1265 318 1319 οὐ
356 1265 430 1337 μὴ
460 1265 693 1338 σαλευθῇ
725 1265 828 1320 ὑπὸ
852 1265 946 1323 τοῦ
970 1265 1237 1322 διαϐόλου.

162 1441 377 1513 Ὠσπερ
426 1442 611 1514 ἰατρὸς
642 1443 780 1515 πρὸς
828 1445 928 1514 τὴν
968 1444 1064 1499 τοῦ
1111 1444 1319 1507 πάθους
1362 1441 1662 1515 θεραπείαν

73 1535 302 1587 ἐπινοεῖ
327 1534 388 1587 το
413 1535 723 1607 φάρμακον,
753 1535 925 1600 οὕτως
957 1537 1052 1590 καὶ
1090 1539 1123 1608 ἡ
1166 1537 1364 1606 γνῶσις
1402 1536 1501 1590 τοῦ
1526 1534 1663 1589 Θεοῦ

76 1625 513 1695 συντηρουμὲνη,
538 1626 779 1682 διδάσκει
821 1627 911 1681 τὸν
947 1627 1243 1699 μετέχοντα
1291 1627 1491 1700 αὐτῆς,
1518 1628 1666 1692 ὅπως

76 1710 159 1769 ἂν
190 1715 550 1785 διαφυλαχθῇ,
588 1717 682 1768 καὶ
713 1718 802 1768 ἐπὶ
832 1716 1050 1786 μείζονα
1080 1716 1350 1785 προέλθοι.

1753 902 2052 971 mitigatur,
2088 900 2135 955 si
2167 901 2283 970 lege
2321 897 2417 954 Dei
2458 898 2811 969 gubernetur.

1804 992 2291 1060 Quemadmodum
2322 991 2578 1060 scopulus
2607 987 2661 1042 in
2694 987 2831 1041 mari
2863 984 3078 1056 positus
3132 982 3342 1036 ﬁrmus.

1755 1082 2220 1151 inconcussusque
2250 1088 2534 1150 permanet
2583 1079 2652 1133 ab
2712 1076 2875 1131 undis
2940 1075 3194 1139 collisus;
3250 1074 3322 1127 ita

1756 1183 1813 1229 et
1842 1174 1934 1244 qui
1962 1187 2221 1244 prospere
2254 1173 2485 1228 virtutes
2546 1170 2902 1239 compararit,
2954 1168 3199 1239 ipsisque
3256 1165 3329 1220 sit

1758 1265 1983 1322 omnino
2045 1272 2467 1334 attemperatus,
2511 1277 2790 1334 nunquam
2830 1277 2862 1317 a
2921 1259 3153 1317 diabolo
3192 1272 3329 1315 con»

1760 1358 2019 1413 cutietur.

1832 1451 1985 1506 Sicut
2009 1448 2255 1506 medicus
2321 1449 2622 1504 remedium
2698 1447 2970 1520 excogitat
3030 1443 3097 1501 ad
3152 1441 3347 1500 morbi»

1762 1543 2119 1609 curationem,
2154 1543 2231 1597 ita
2280 1541 2375 1597 Dei
2413 1542 2653 1612 cognitio
2706 1540 2980 1596 custodita
3025 1538 3183 1593 docet
3205 1551 3329 1592 eum

1765 1636 1857 1707 qui
1887 1635 2160 1706 particeps
2180 1636 2327 1692 illius
2351 1642 2453 1701 est,
2478 1632 2754 1706 quomodo
2779 1647 2901 1688 sese
2927 1637 3126 1695 servet,
3159 1628 3352 1698 adque.

1766 1727 1972 1797 majora
1999 1727 2295 1796 perveniat.

170 1809 385 1878 Ὠσπερ
447 1807 694 1879 χαράδρα
755 1809 953 1878 ἑαυτῆς
1003 1810 1290 1877 ὲμποεῖται
1343 1809 1443 1881 τὴν
1493 1809 1666 1864 διόδον

1838 1818 2304 1886 Quemadmodum
2353 1826 2569 1874 torrens
2615 1832 2648 1873 e
2694 1814 2955 1887 praecipiti
3011 1810 3170 1883 555
3214 1809 3337 1863 looo

83 1899 245 1953 οὕτω
274 1901 369 1953 καὶ
413 1900 657 1971 ἁμαρτία
703 1900 1104 1971 παραδεχθεῖσα
1146 1902 1548 1974 κατεργάζεται
1574 1901 1671 1957 τοῦ

1809 1926 2070 1965 ecurrens
2108 1909 2249 1964 viam
2282 1910 2386 1964 sibi
2417 1908 2629 1973 sternit,
2677 1907 2754 1962 ita
2807 1912 3083 1975 peccatum
3131 1899 3337 1955 admis-

87 1990 441 2061 κεκτημένου
472 1992 641 2063 αὐτῆς
668 1990 767 2063 τὴν
791 1991 1087 2048 ἀπώλειαν.

190 2084 276 2146 Ὧς
304 2084 402 2137 οὐκ
430 2082 577 2137 ἔστιν
607 2084 686 2146 είς
722 2085 842 2138 λίνα
881 2085 1190 2156 ἐμπεσόντα
1217 2085 1414 2157 ἔλαφον
1435 2086 1675 2159 εὐχερῶς

92 2175 389 2245 ἐκφυγεῖν,
420 2176 591 2241 οὕτως
631 2178 694 2231 ού
741 2177 815 2250 μὴ
847 2179 992 2249 φύγῃ
1051 2180 1322 2251 ἁμαρτίαν
1364 2181 1393 2233 6
1428 2179 1528 2244 τὰς
1558 2182 1678 2234 ἐπι-

96 2265 308 2335 θυμίας
348 2268 606 2333 ὲκτελῶν,
644 2270 736 2322 καὶ
780 2271 837 2321 ἐν
867 2270 945 2341 τῷ
976 2271 1162 2342 κόσμῳ
1207 2271 1382 2344 τούτῳ
1409 2274 1677 2343 ἀναστρε-

100 2359 376 2428 φόμενος·
407 2358 693 2431 ἐπιθυμίαι
722 2360 829 2433 γὰρ
859 2363 1115 2435 πονηραὶ,
1142 2364 1236 2419 καὶ
1264 2365 1470 2435 ἡδοναὶ,
1502 2365 1680 2436 σειραὶ

96 2449 379 2505 δύσλυτοι.
1652 2452 1653 2455 “

186 2544 400 2615 Ὠσπερ
445 2545 709 2617 ἄμπελος,
763 2548 837 2619 μὴ
884 2547 1114 2601 ποιοῦσα
1160 2548 1408 2620 καρποὺς
1458 2548 1680 2613 καλοὺς,

103 2635 439 2692 ἐκκόπτεται
470 2637 555 2691 ἵνα
587 2638 665 2710 μὴ
691 2638 783 2695 τὸν
830 2638 998 2695 τόπον
1045 2644 1316 2712 καταργῇ,
1366 2640 1540 2707 οὕτως
1587 2643 1684 2697 καὶ

104 2729 225 2782 ἀπὸ
276 2730 367 2782 τοῦ
418 2730 624 2801 Κυρίου
682 2731 1115 2801 ὲκριζωθήσεται
1162 2734 1269 2795 πᾶς
1317 2733 1346 2785 ὁ
1390 2731 1465 2803 μὴ
1517 2732 1683 2787 ποιῶν

107 2824 363 2893 καρποὺς
394 2822 707 2892 Πνεύματος
734 2824 913 2892 ἁγίου.

201 2911 287 2977 Ὠς
315 2915 616 2985 ἀμήχανον,
657 2915 730 2986 μὴ
761 2915 1019 2986 βλαϐῆναι
1049 2916 1333 2987 ἄνθρωπον
1352 2916 1687 2987 κρουσθέντα

111 3005 225 3058 ὑπὸ
256 3005 462 3076 βέλους,
483 3005 654 3071 οὕτως
678 3007 934 3063 ἀδύνατόν
964 3010 1098 3072 ἐστι,
1135 3008 1365 3081 μοναχὸν
1393 3007 1687 3074 καταδεξά-

114 3115 282 3168 μενον
310 3098 570 3167 λογισμὺν
597 3100 834 3170 πονηρὸν
866 3100 941 3171 μὴ
969 3101 1264 3171 τρωθῆναι.

1727 2022 1735 2035 “
1774 2018 1893 2059 sum
1923 2010 2172 2073 procreat
2198 2002 2424 2056 exitium
2458 2001 2623 2065 illius,
2656 2000 2750 2069 qui
2780 1999 2959 2069 ipsum
3003 1992 3267 2066 possedit.

1847 2094 1932 2151 Uti
1964 2110 2177 2158 cervus,
2218 2095 2312 2164 qui
2340 2095 2533 2149 incidit
2577 2095 2631 2149 in
2660 2094 2818 2159 retia,
2843 2091 3083 2162 elfugere
3111 2103 3221 2143 non
3243 2100 3342 2157 po-

1777 2197 1900 2255 test,
1931 2188 2005 2243 ita
2025 2203 2133 2243 non
2166 2185 2354 2258 ell‘ugit
2380 2193 2665 2257 peccatum
2710 2184 2805 2254 qui
2854 2198 2983 2238 suas
3012 2180 3222 2251 perlicit
3246 2192 3343 2231 cu-

1776 2282 2049 2352 piditates,
2106 2280 2271 2350 inque
2304 2278 2410 2334 hoc
2457 2277 2663 2332 mundo
2694 2282 3081 2339 conversatur;
3136 2269 3347 2339 cupidi-

1779 2378 1920 2439 tates
1940 2368 2140 2439 quippe
2170 2381 2459 2438 perversae,
2485 2374 2541 2421 et
2584 2365 2905 2435 voluptates,
2945 2371 3149 2418 catenae
3194 2367 3343 2423 sunt,

1780 2475 1902 2531 qua:
1938 2458 2224 2516 difﬁculter
2256 2458 2391 2515 solvi
2435 2466 2684 2528 possunt.

1852 2554 2005 2609 Sicut
2033 2553 2162 2608 vitis.
2194 2567 2304 2608 non
2332 2551 2511 2607 ferens
2540 2549 2752 2605 fructus
2784 2548 2955 2603 bonos
2992 2541 3345 2603 exscinditur,

1784 2664 1853 2705 ne
1893 2649 2074 2703 locum
2102 2646 2306 2702 frustra
2357 2652 2609 2714 occupet,
2644 2643 2719 2696 ita
2757 2651 2811 2695 et
2836 2656 2865 2693 a
2888 2638 3121 2693 Domino
3151 2634 3353 2689 exstir-

1783 2741 2001 2814 pabitur
2042 2739 2230 2796 omnis.
2294 2736 2389 2808 qui
2446 2734 2680 2807 Spiritus
2742 2730 2925 2789 sancti.
2977 2728 3186 2783 fructus
3240 2739 3349 2779 non

1786 2835 1943 2891 feret.

1859 2927 1929 2984 Ut
1956 2923 2294 2997 impossibile
2323 2930 2407 2978 est
2432 2918 2579 2992 quod
2613 2919 2781 2974 homo
2827 2932 2855 2971 a
2886 2914 3068 2986 jacqu
3107 2910 3355 2967 conﬁxus

1786 3035 1895 3077 non
1944 3021 2192 3083 laedatur,
2226 3018 2306 3073 sic
2332 3031 2439 3072 non
2465 3025 2549 3070 est
2584 3012 2847 3084 possibile
2879 3008 3229 3070 monachum,
3262 3005 3370 3075 qui

1788 3113 1986 3169 malam
2017 3111 2255 3166 admittit
2280 3107 2685 3179 cogitationem,
2713 3118 2821 3158 non
2851 3100 3146 3163 vulnerari.

111 3278 131 3293 ς
189 3192 404 3293 ΖΩσπερ
444 3193 473 3245 ὁ
498 3190 729 3258 ἐξελθὼν
758 3191 877 3246 6δοῦ
913 3192 1152 3257 εὐθείας,
1205 3193 1475 3251 πλανᾶται
1504 3194 1562 3247 ὲν
1593 3192 1687 3247 ἀλ.

1861 3202 2337 3272 Quemadmodum
2396 3199 2491 3269 qui
2553 3213 2583 3252 a
2630 3206 2778 3251 recta
2837 3193 2946 3249 exit
2993 3192 3081 3246 via
3131 3196 3360 3259 vagatur

112 3279 328 3351 λοδαπῇ
358 3280 532 3353 χώρᾳ,
568 3282 643 3352 μὴ
675 3281 1038 3353 ἐπιστάμενος
1071 3282 1173 3336 ποῦ
1201 3283 1515 3353 πορεύεται,
1545 3282 1688 3337 οὕτω

1808 3312 1979 3355 :rrans
2008 3295 2061 3350 in
2086 3294 2263 3350 aliena
2292 3293 2533 3363 regione,
2555 3288 2803 3345 nesciens
2835 3300 2945 3356 quo
2964 3282 3371 3355 progrediatur,

112 3371 217 3425 καὶ
250 3372 530 3443 ἅνθρωπος
564 3373 832 3428 πλανᾶται
869 3376 944 3445 μὴ
993 3374 1267 3432 πιστεύων
1299 3375 1381 3438 είς
1408 3375 1690 3446 ὁμοούσιον

113 3463 353 3533 Τριάδα.

197 3555 407 3626 Ὥσπερ
462 3573 548 3620 τις
602 3558 683 3620 εἰς
731 3556 901 3611 πολλὰ
952 3556 1330 3629 διαιρούμενος
1373 3556 1433 3611 ’ἐν
1469 3557 1586 3611 ἐστι
1624 3559 1692 3629 τῇ

116 3644 310 3716 φύσει,
342 3646 516 3711 οὕτως
543 3648 639 3700 καὶ
665 3650 698 3718 ἠ
739 3649 870 3717 ἁγία
902 3648 1092 3720 Τριὰς,
1129 3651 1177 3702 εἰ
1208 3650 1305 3702 καὶ
1331 3651 1443 3713 τοῖς
1468 3649 1695 3720 ὀνόμασι

116 3739 224 3791 καὶ
268 3740 389 3801 ταῖς
418 3739 748 3793 ὑποστάσεσι
778 3739 1049 3815 διῄρηται,
1102 3742 1167 3811 τῇ
1220 3740 1378 3810 φύσει
1429 3739 1527 3811 μία
1556 3740 1693 3795 ὲστί.

118 3828 264 3883 Θεοῦ
309 3827 471 3897 φύσιν
504 3830 565 3883 ού
602 3829 953 3896 καταλάϐοις,
987 3829 1095 3884 οὐδ’
1130 3832 1179 3884 εί
1216 3834 1433 3903 πτεροῖς
1463 3832 1698 3904 πετόμε-

120 3937 241 3985 νος,
264 3923 292 3975 ό
320 3921 453 3985 Θεὸς
477 3920 859 3993 ἀκατάληπτός
888 3924 1027 3989 ἐστι,
1061 3921 1142 3975 διὸ
1170 3924 1264 3976 καὶ
1294 3923 1516 3995 κτίστης
1543 3923 1699 3995 ἡμῶν

121 4017 298 4069 ἐστιν.

206 4127 419 4199 Ὠσπερ
456 4127 517 4181 τὸ
557 4128 1100 4199 κατασκευαζόμενον
1131 4129 1323 4193 σκεῦος
1382 4130 1570 4198 ἀγνοεῖ
1607 4127 1700 4181 τοῦ

127 4215 651 4279 κατασκευάσαντος
690 4216 788 4287 τὴν
838 4217 1011 4288 ἀρχὴν
1056 4221 1151 4273 καὶ
1197 4221 1295 4291 τὴν
1340 4219 1523 4289 φύσιν,
1562 4217 1705 4272 οὕτω

130 4306 232 4448 ἔα).
250 4305 551 4466 ήἄνθρωπος
583 4307 646 4361 οὐ
679 4308 967 4380 δυνήσεται
1000 4309 1240 4383 ἐξευρεῖν
1284 4311 1419 4365 Θεοῦ
1456 4309 1617 4381 φύσιν
1670 4308 1703 4379 ἦ

180 4411 246 4466 ρχ
287 4414 335 4449 ν.

180 4411 335 4466 ρχην-

212 4509 417 4578 Τριάδα
446 4509 521 4581 μὴ
549 4511 1109 4586 περιεργάζουηάλλὰ
1148 4512 1308 4583 μόνον
1341 4513 1585 4578 πίστευε,
1612 4477 1707 4568 καὶ

136 4601 456 4673 προσκύνει·
485 4605 514 4657 6
542 4604 651 4675 γὰρ
681 4604 1177 4677 περιεργαζόμενος
1205 4606 1267 4660 ού
1296 4606 1565 4662 πιστεύει.

214 4803 504 4873 Κτήσασθε
535 4802 729 4871 σοφίαν
757 4803 849 4857 καὶ
884 4803 959 4874 μὴ
993 4800 1277 4873 ἀργύριον,
1309 4803 1569 4875 ποιήσατε
1602 4820 1714 4871 φω-

140 4892 320 4949 τεινὸν
344 4893 553 4964 ἔνδυμα
595 4892 833 4965 Χριστοῦ
863 4892 958 4946 τοῦ
989 4893 1198 4963 Κυρίου
1226 4894 1405 4964 ἡμῶν,
1438 4895 1579 4963 ὑπὲρ
1609 4894 1711 4948 πᾶ.-

144 5004 251 5043 σαν
279 4986 472 5058 στολὴν
514 4986 793 5058 βυσσίνην,
826 4985 908 5039 ὅτι
948 4984 1049 5039 οὐκ
1090 4985 1363 5059 ὠφελήσει
1396 4986 1714 5058 ὑπάρχοντα

144 5085 208 5136 ὲν
232 5080 420 5151 ἡμέρα
453 5078 705 5134 θανάτου.
1405 5073 1411 5079 ’

220 5196 434 5267 Ὠσπερ
462 5193 572 5267 πῦρ
613 5192 999 5249 καταναλίσκει
1027 5192 1251 5265 δρυμὸν,
1291 5191 1434 5246 οὕτω
1475 5209 1716 5247 κατανα-

146 5286 451 5356 λωθήσεται
478 5286 587 5349 πᾶς
627 5282 950 5355 ἁμαρτωλὸς
980 5283 1085 5337 ὑπὸ
1129 5283 1223 5338 τοῦ
1268 5282 1484 5337 αἰωνίου
1516 5283 1710 5355 πυρὸς,

148 5381 247 5435 καὶ
269 5380 327 5433 ού
362 5378 581 5433 δύναται
604 5377 942 5449 τελευτῆσαι*
977 5376 1223 5432 ἀθάνατα
1251 5376 1360 5448 γὰρ
1386 5375 1719 5449 βασανισθή-

154 5485 328 5524 σεται.

230 5582 393 5637 Οὐδὲν
425 5583 584 5654 μέγα,
612 5583 660 5636 εί
687 5582 945 5654 γινόμεθα
970 5581 1186 5646 δίκαιοι,
1205 5581 1234 5635 ὃ
1255 5580 1364 5653 γὰρ
1390 5579 1611 5651 ἐκτίσθη
1621 5596 1720 5651 μεν

158 5673 265 5727 ὑπὸ
311 5671 412 5726 τοῦ
452 5672 585 5727 Θεοῦ
636 5673 869 5744 πρῶτον,
907 5673 1062 5729 καλοὶ
1111 5672 1254 5739 λίαν,
1305 5670 1469 5726 τοῦτο
1500 5670 1725 5742 γενησό-

165 5762 303 5833 μεθα

1791 3392 1865 3447 ita
1895 3398 1950 3445 et
1972 3390 2135 3443 homo
2167 3387 2403 3451 aberrat,
2436 3383 2533 3455 qui
2556 3396 2665 3437 non
2713 3378 2888 3436 credit
2938 3378 2995 3432 in
3039 3373 3363 3430 Trinitatem

1792 3480 2331 3540 consubstantialem.

1867 3572 2021 3628 Sicut
2051 3571 2270 3641 aliquis,
2301 3570 2354 3623 in
2382 3567 2545 3638 plura.
2565 3565 2796 3629 divisus,
2823 3572 2912 3622 est
2948 3579 3117 3619 unum
3145 3572 3372 3622 natura..

1796 3670 1875 3727 sic
1897 3678 1952 3726 et
1979 3676 2165 3725 sancta
2207 3665 2467 3733 Trinitas,
2497 3663 2601 3720 etsi
2631 3663 2997 3734 distinguatur
3044 3649 3362 3715 nominibu's

1799 3773 1852 3819 et
1899 3760 2288 3824 subsistentiis,
2324 3773 2433 3813 una
2476 3766 2561 3814 est
2586 3765 2801 3812 natura.
2834 3755 2928 3811 Dei
2972 3762 3223 3809 naturam
3257 3751 3363 3804 mi~

1801 3854 1947 3909 nime
1994 3849 2446 3921 comprehendes,
2497 3861 2677 3917 neque
2706 3848 2752 3901 si
2795 3860 2919 3902 cum
2991 3844 3095 3899 alis
3153 3841 3379 3899 volites..

1802 3946 1946 4001 Deus
1980 3942 2547 4013 incomprehensibilis
2592 3950 2698 4004 est,
2766 3939 2996 4009 ideoque
3051 3944 3236 3993 noster
3286 3940 3379 3989 est

1803 4037 2071 4092 conditor.

1880 4512 2203 4568 Trinitatem
2259 4525 2329 4566 ne
2370 4507 2644 4566 curiosius
2689 4504 2967 4576 exquiras,
3026 4501 3119 4558 sed
3167 4509 3376 4556 tantum

1812 4607 1992 4671 crede,
2016 4614 2179 4676 atque
2218 4604 2408 4670 adora,
2441 4617 2567 4657 nam
2596 4600 2813 4657 curiose
2868 4603 3240 4668 perscrutans,
3272 4607 3379 4647 non

1811 4698 2001 4754 credit.

1879 4809 2157 4880 Acquirite
2202 4807 2548 4879 sapientiam,
2581 4815 2636 4862 et
2685 4819 2793 4861 non
2853 4808 3158 4873 argenturm,
3220 4790 3433 4892 facite;

1815 4899 2057 4955 lucidum
2108 4898 2486 4953 indumentum
2537 4895 2741 4951 Christi
2770 4893 2984 4949 Domini
3014 4887 3186 4945 nostri
3224 4886 3398 4957 556.

1816 4990 2102 5061 plusquam
2133 5004 2350 5044 omnem
2400 4996 2603 5042 vestem
2632 4986 2928 5053 byssinam,
2990 4982 3116 5055 quia
3149 4994 3280 5051 Opes
3329 4979 3387 5032 in

1818 5082 1908 5138 die
1953 5081 2144 5136 mortis
2174 5080 2378 5135 nullius
2411 5086 2573 5133 erunt
2607 5076 2932 5149 juvamenti.

1890 5194 2359 5263 Quemadmodum
2405 5193 2546 5266 ignis
2583 5191 2857 5249 consumit
2903 5189 3264 5252 senticetnm,
3314 5185 3386 5239 ita

1820 5291 2002 5345 omnis
2028 5297 2283 5359 peccator
2330 5286 2398 5342 ab
2450 5294 2652 5342 aeterno
2687 5292 3043 5341 consumetur
3098 5282 3241 5352 igne,
3291 5292 3402 5333 nee

1824 5388 2003 5450 potest
2032 5376 2195 5445 mori,
2261 5391 2387 5432 nam
2421 5372 3196 5467 immortalita'torquebitur.

1891 5569 2036 5626 Nihil
2064 5584 2345 5638 magnum,
2400 5570 2445 5624 si
2475 5569 2610 5639 justi
2644 5567 2932 5631 fuerimus,
2989 5561 3133 5633 quod
3175 5561 3323 5616 enim
3363 5576 3390 5612 a

1830 5665 1942 5721 Deo
1991 5664 2226 5734 primum
2266 5663 2469 5720 conditi
2503 5677 2715 5728 sumus,
2754 5659 3034 5723 nimirum,
3068 5653 3196 5711 boni
3240 5652 3397 5707 valde

1831 5759 1885 5815 id
1932 5755 2245 5813 evademus.

1876 4147 1949 4204 Ut
1980 4165 2074 4205 vas
2119 4149 2353 4204 ellictum
2410 4147 2627 4217 ignorat
2678 4143 3029 4215 principium,
3076 4150 3240 4212 atque
3274 4154 3384 4194 na-i
3426 4090 3433 4119 ί

1811 4251 1988 4297 turam
2022 4241 2189 4313 ﬁguli,
2217 4243 2295 4297 sic
2319 4249 2373 4296 et
2404 4240 2587 4303 homo,
2642 4237 2737 4292 Dei
2788 4244 3060 4300 naturam,
3113 4244 3169 4289 et
3219 4230 3378 4303 prin-

1809 4336 2006 4407 cipinm
2040 4349 2385 4406 nequaquam
2415 4332 2615 4405 poterit
2653 4329 2989 4384 adinvenire.
