3838 6056
459 311 597 376 1239

452 529 606 568 serva
613 522 651 567 ι.

521 602 710 658 Cumis
769 603 1034 672 sapientia
1084 612 1168 657 est
1225 604 1415 658 timere
1467 604 1751 660 Dominum
1793 606 2015 662 :omnis

449 709 579 750 vero
606 694 914 764 disciplina,
943 711 1065 766 quae
1089 695 1259 764 legem
1293 695 1507 750 Domini
1534 713 1640 751 non
1673 699 1850 763 docet,
1878 698 2015 754 stul-

452 785 569 840 titia
603 794 688 840 est
721 793 777 840 et
825 786 1154 855 insipientia.

521 875 681 934 Fides
711 887 764 932 et
805 879 1108 949 baptismus
1163 896 1270 936 non
1303 889 1496 936 eruent
1532 879 1602 934 ab
1633 889 1839 936 aeterno
1888 880 2014 951 igne

446 967 654 1037 absque
700 969 954 1037 operibus
977 969 1223 1040 iustitiae.
1257 969 1312 1026 Si
1345 973 1486 1026 enim
1523 972 1770 1041 ejusdem
1814 989 1874 1029 es
1919 991 2013 1030 or-

445 1059 589 1114 dinis
610 1069 663 1114 et
693 1060 884 1116 classis
919 1077 1041 1116 cum
1068 1061 1307 1124 Christo,
1332 1065 1582 1118 mandata
1609 1065 1728 1134 ejus
1757 1065 2007 1132 observa,

444 1159 501 1206 et
527 1150 573 1207 si
601 1153 778 1207 credis
827 1152 1036 1218 futura,
1077 1165 1336 1209 aeternam
1390 1171 1592 1212 conare
1621 1158 1841 1226 assequi
1893 1157 2010 1227 glo-

443 1243 604 1309 riam,
635 1243 1056 1316 ﬂammeumque
1116 1247 1358 1318 gladium
1414 1249 1584 1314 time;
1630 1249 1676 1304 si
1717 1264 1844 1304 vero
1899 1263 2011 1304 non

443 1344 592 1391 recte
639 1339 881 1399 custodis
930 1349 1195 1410 praecepta
1249 1339 1362 1408 Dei,
1404 1355 1472 1396 ne
1512 1341 1742 1411 teipsum
1800 1341 2008 1398 ﬁdelem

439 1426 613 1482 dicas.
727 1435 730 1438 ’

507 1517 699 1576 Omnis
726 1531 973 1577 creatura
1012 1523 1193 1578 obedit
1227 1521 1320 1578 Dei
1353 1533 1641 1593 prmcepto.
1693 1523 1866 1580 Homo
1915 1540 2009 1580 so-

440 1610 527 1666 lus
585 1627 710 1680 non
783 1615 1120 1685 obtemperat
1169 1616 1240 1682 ei,
1282 1631 1378 1686 per
1439 1632 1601 1687 quem
1673 1615 1812 1672 facta
1881 1627 2011 1673 sunt

439 1719 644 1760 onmla.

1919 323 1977 380 S.
2032 321 2195 381 NILI

521 421 627 484 Qui
683 431 875 490 praeter
939 431 1186 478 naturam
1244 424 1394 490 vivit,
1449 425 1543 480 Dei
1591 425 1844 478 mandata
1905 439 2014 479 non
2044 434 2090 489 Α

3573 315 3718 378 12m

2199 428 2260 480 Ὀ
2288 426 2439 496 παρὰ
2471 425 2634 495 φύσιν
2662 424 2814 495 βιῶν,
2843 424 2906 478 οὐ
2930 427 3088 497 τηρεῖ
3118 425 3341 488 ἐντολὰς
3367 424 3539 478 Θεοῦ.

2186 605 2341 658 Πᾶσα
2368 603 2530 673 σοφία
2556 602 2837 672 φοϐεῖσθαι
2862 601 2957 655 τὸν
2982 601 3211 673 Κύριον,
3260 603 3414 656 πᾶσα
3467 600 3534 653 δὲ
3577 618 3714 654 παι-

2112 699 2229 751 δεία
2248 700 2282 768 ή
2313 697 2388 768 μὴ
2417 696 2739 751 διδάσκουσα
2759 696 2921 765 νόμον
2943 695 3170 766 Κυρίου,
3202 695 3390 766 μωρία
3445 695 3580 746 ἐστὶ
3616 701 3710 749 καὶ

2113 792 2411 864 ἀφροσύνη.

2184 885 2256 938 Οὐ
2313 884 2535 957 ῥύσεται
2595 881 2779 944 πίστις
2839 881 2934 934 καὶ
2985 879 3265 952 βάπτισμα
3312 878 3414 933 τοῦ
3476 879 3706 930 αἰωνεοο

2111 976 2306 1046 πυρὸς,
2337 973 2504 1045 χωρὶς
2536 972 2714 1042 ἔργων
2741 969 3107 1040 δικαιοσύνης.
3143 971 3205 1023 Et
3248 969 3363 1040 γὰρ
3412 968 3707 1032 συνετάξω

2110 1065 2188 1137 τῷ
2236 1064 2476 1137 Χριστῷ,
2527 1065 2684 1134 τήρει
2731 1063 2829 1126 τὰς
2859 1061 3080 1125 ἐντολὰς
3131 1061 3320 1125 αὐτοῦ,
3358 1061 3464 1113 καὶ
3519 1061 3572 1111 εἰ
3621 1076 3710 1110 πι-

2112 1155 2322 1220 στεύεις
2370 1156 2441 1209 τὰ
2487 1155 2770 1226 μέλλοντα,
2802 1151 3082 1206 ἀντιποιοῦ
3117 1155 3217 1223 τῆς
3264 1151 3432 1222 δόξης
3483 1149 3596 1219 τῆς
3633 1152 3709 1202 αἱ.

2108 1248 2290 1316 ὠνίου,
2321 1249 2417 1302 καὶ
2459 1245 2727 1317 φοϐήθητι
2766 1243 2864 1317 τὴν
2911 1245 3168 1315 φλογίνην
3209 1242 3534 1314 ῥομφαίαν·
3568 1242 3624 1294 εἰ
3649 1241 3706 1293 δὲ

2107 1342 2167 1396 οὑ
2215 1338 2498 1411 κατορθοῖς
2544 1338 2614 1392 τὰ
2655 1337 3054 1409 προστάγματα
3083 1335 3178 1390 τοῦ
3228 1335 3394 1402 Θεοῦ,
3448 1335 3537 1406 μὴ
3579 1333 3704 1400 λέγι

2108 1434 2298 1488 πιστὸν
2326 1431 2570 1488 σεαυτὸν.
2769 1437 2772 1440 ’

2179 1527 2338 1581 Πᾶσα
2364 1527 2396 1594 ἡ
2424 1525 2604 1589 κτίσις
2641 1523 2720 1595 τῷ
2749 1521 3128 1595 προστάγματι
3157 1519 3252 1576 τοῦ
3283 1518 3430 1573 Θεοῦ
3463 1517 3704 1586 πειθαρ-

2108 1622 2212 1692 χεῖ,
2257 1619 2286 1671 ὁ
2313 1619 2373 1673 δὲ
2399 1617 2683 1688 ἄνθρωπος
2713 1615 2872 1686 μόνος
2914 1613 3146 1678 ἀπειθεῖ,
3188 1613 3259 1668 δι’
3286 1613 3351 1666 ὃν
3388 1611 3602 1681 γέγονε
3635 1612 3701 1662 τὰ

2109 1729 2306 1766 παντα.

509 1793 654 1850 Nihil
703 1797 1065 1867 praebebimus
1112 1798 1243 1863 Deo,
1308 1800 1354 1855 si
1403 1800 1768 1870 nosmetipsos
1823 1808 2006 1856 castos

2177 1805 2346 1858 Οὐδὲν
2407 1801 2717 1873 παρέξομεν
2769 1799 2888 1870 Θεῷ
2953 1800 3002 1852 εί
3067 1797 3386 1868 τηρήσομεν
3463 1793 3702 1854 ἑαυτοὺς

436 1892 830 1959 custodiamus,
859 1895 952 1949 sed
983 1895 1387 1966 nobismetipsis
1403 1896 1816 1952 conciliabimus
1839 1897 2004 1952 vitam

437 1991 874 2053 aeternorumque
902 1983 1170 2039 bonorum
1209 1984 1536 2039 ineﬂabilem
1577 1985 1916 2040 fruitionem.

509 2071 587 2129 Ne
620 2074 794 2141 dicas,
829 2078 972 2146 quod
1017 2092 1125 2130 non
1179 2092 1399 2147 possum
1442 2078 1714 2132 custodire
1757 2077 2002 2131 divinum

441 2167 777 2228 mandatum,
814 2176 908 2222 aut
941 2178 1160 2238 propter
1203 2180 1434 2238 patrem,
1494 2179 1583 2223 aut
1624 2177 1842 2239 propter
1890 2184 2006 2223 ma-

439 2268 602 2324 trem,
643 2268 738 2313 aut
767 2270 986 2329 propter
1032 2275 1276 2327 uxorem,
1331 2271 1425 2316 aut
1453 2269 1670 2331 propter
1695 2262 1855 2323 lilios,
1909 2271 2006 2315 aut

441 2361 660 2422 propter
703 2352 868 2407 alium
918 2354 1252 2423 quempiam,
1311 2369 1412 2409 nec
1443 2354 1587 2408 enim
1620 2362 1670 2408 te
1698 2352 2007 2408 liberabunt

439 2446 516 2500 illi
579 2445 648 2500 ab
703 2445 1018 2500 imminente
1071 2445 1172 2510 ira,
1221 2455 1274 2500 et
1320 2461 1352 2500 a
1400 2460 1677 2515 nunquam
1741 2445 2005 2498 moriente

439 2551 643 2592 verme.
671 2535 864 2593 Omnis
915 2545 1120 2602 autem,
1173 2537 1267 2607 qui
1296 2538 1393 2592 tibi
1424 2538 1743 2593 adversatur
1771 2553 1838 2590 ne
1889 2537 2003 2590 vir-

438 2638 581 2686 tutes
617 2628 893 2701 Deumque
923 2631 1195 2700 acquiras,
1256 2631 1326 2685 sit
1381 2629 1477 2684 tibi
1531 2628 1895 2684 exsecrandus
1951 2637 2006 2682 et

436 2722 696 2790 odiosus;
735 2731 791 2778 et
820 2737 944 2778 cum
990 2724 1096 2778 isto
1145 2721 1430 2792 nequidem
1460 2721 1744 2778 comedere
1771 2720 2002 2775 bonum-

435 2828 540 2869 εει.

2109 1899 2324 1966 ἁγνοὺς,
2359 1895 2473 1950 ἀλλ’
2517 1897 2728 1958 ἑαυτοῖς
2755 1894 2899 1965 ζωὴν
2930 1891 3358 1963 προξενήσομεν,
3405 1888 3517 1940 καὶ
3564 1885 3703 1939 ἁπό-

2107 1991 2294 2044 λαυσιν
2322 1987 2684 2057 ἀνεκλάλητον
2705 1986 2812 2039 τῶν
2841 1983 3076 2037 αἰωνίων
3102 1980 3346 2051 ἀγαθῶν.

2178 2083 2266 2152 Μὴ
2295 2080 2473 2152 εἴπῃς,
2503 2078 2586 2131 ὅτι
2613 2077 2685 2130 Οὐ
2709 2076 2944 2146 δύναμαι
2980 2076 3216 2146 τηρῆσαι
3245 2071 3276 2143 ἦ
3306 2069 3399 2123 διὰ
3443 2067 3695 2138 πατέρα,

2107 2173 2261 2246 ἢδιὰ
2309 2171 2610 2243 μητέρα,ἢ
2657 2169 2743 2222 διὰ
2789 2169 3039 2236 γυναῖκα,
3092 2165 3125 2236 ἢ
3175 2163 3263 2217 διὰ
3303 2161 3510 2220 τέκνα.
3545 2157 3582 2219 ἧ
3633 2157 3699 2208 δι’

2106 2265 2290 2334 ἕτερόν
2321 2280 2466 2329 τινα,
2493 2262 2592 2333 τὴν
2631 2261 2724 2314 τοῦ
2759 2259 2892 2313 Θεοῦ
2938 2256 3176 2326 ἐντολὴν,
3214 2255 3276 2308 οὐ
3326 2252 3438 2322 γὰρ
3490 2249 3698 2302 ἐκεῖνοί

2107 2375 2166 2411 σε
2197 2356 2449 2428 ρύσονται
2500 2355 2601 2423 τῆς
2643 2352 2998 2422 ἐπικειμένης
3043 2348 3234 2419 ὀργῆς,
3269 2349 3365 2400 καὶ
3406 2343 3516 2398 τοῦ
3564 2345 3695 2394 ἀτε-

2105 2441 2376 2521 λευτήτοῦ
2393 2447 2692 2517 σκώληκος.
2725 2445 2905 2498 Ἔστω
2936 2444 2994 2497 δέ
3019 2459 3101 2495 σοι
3131 2443 3238 2503 πᾶς
3270 2441 3298 2492 ὁ
3320 2435 3695 2504 ἐναντιούμε-

2106 2560 2196 2605 νος
2233 2542 2368 2613 πρὸς
2398 2538 2731 2612 κατόρθωσιν
2777 2535 2936 2600 Θεοῦ,
2985 2536 3076 2588 καὶ
3105 2531 3337 2604 ἀρετῶν,
3389 2527 3698 2601 βδελυκτὸς

2109 2637 2202 2688 καὶ
2239 2634 2484 2707 μισητὸς,
2512 2632 2589 2704 τῷ
2627 2631 2851 2702 τοιούτῳ
2880 2627 3014 2700 μηδὲ
3049 2624 3354 2680 συνεσθίειν
3379 2620 3583 2676 καλὸν.

1602 3019 3614 3057 ___________________________________._

1443 3183 1582 3239 ΤΟΥ
1613 3183 1847 3241 ΑΥΤΟΥ
1895 3181 2098 3236 ΟΣΙΟΥ
2140 3177 2413 3234 ΠΛΤΡΟΣ
2462 3177 2661 3232 ΗΜΩΝ

1770 3339 2341 3463 ΝΕΙΛΟΥ
2421 3437 2425 3441 .

783 3559 1023 3632 Γνῶμαι
1051 3560 1394 3635 ἀπάγουσαι
1422 3561 1541 3618 τῶν
1565 3559 1842 3631 φθαρτῶν
1867 3559 1965 3616 καί
1996 3559 2304 3616 κολλῶσαι
2331 3561 2456 3628 τοῖς
2492 3559 2816 3631 ἀφθάρτοις
2841 3555 2951 3614 τὸν
2978 3555 3322 3625 ἄνθρωπον.

1472 3889 1793 3957 EJUSDEM
1825 3892 2068 3949 SANCTI
2100 3892 2350 3951 PATRIS
2379 3891 2632 3949 NOSTRI

1932 4090 2185 4178 NILI

672 4279 1008 4342 Sententia:
1036 4278 1423 4345 abducentes
1443 4279 1768 4347 hominem
1784 4299 1820 4346 ο
1848 4283 2384 4364 corruptibilibus,
2417 4289 2480 4346 et
2507 4282 3089 4365 incorruptibilibus
3113 4287 3435 4346 umentes.

509 4614 667 4688 557
708 4618 758 4674 l.
795 4618 893 4675 Via
944 4625 1012 4678 ad
1046 4625 1297 4682 virtutem
1354 4629 1497 4684 bona
1554 4639 1606 4685 et
1660 4630 1862 4694 brevis,
1920 4640 2004 4687 est

2173 4637 2240 4684 α’.
2292 4629 2440 4690 Ὁδὸς
2469 4630 2548 4693 εἰς
2574 4628 2794 4702 ἀρετὴν,
2825 4630 2860 4701 ή
2883 4626 2977 4682 τοῦ
3008 4626 3125 4700 βίου
3158 4625 3329 4698 φυγὴ,
3378 4623 3566 4695 ἀγαθή
3620 4641 3677 4676 τε

440 4709 625 4764 Iasculi
655 4707 804 4780 fuga.

406 4854 430 4881 θ
507 4801 560 4857 2.
598 4801 842 4872 Oportet,
875 4816 934 4862 ut
957 4809 1052 4878 qui
1073 4812 1405 4882 concupiscit
1429 4812 1880 4885 iucorruptibilia,
1906 4833 2003 4888 pro

440 4892 608 4949 nihilo
637 4895 800 4950 ducat
827 4900 1217 4968 corruptibilia.

506 4982 560 5038 ὅ.
604 4985 664 5040 Si
694 5003 873 5041 veram
910 4989 1186 5046 desideras
1221 4995 1409 5062 vitam,
1443 4995 1737 5052 humanam
1771 5007 2000 5052 mortem

435 5091 650 5148 semper
673 5093 946 5151 exspecta.

502 5169 558 5226 4.
593 5169 918 5228 Praesentem
951 5175 1116 5230 vitam
1157 5178 1286 5233 odio
1331 5180 1556 5247 habeas,
1605 5185 1756 5240 vides
1800 5185 2001 5256 quippe

434 5256 608 5327 ipsius
633 5265 802 5313 totam
826 5261 1034 5332 absque
1060 5265 1251 5321 ordine
1281 5270 1556 5324 convolvi.

501 5349 555 5404 5.
607 5349 687 5406 Ne
715 5353 989 5410 desideres
1016 5356 1178 5423 bona,
1229 5375 1462 5429 quorum
1494 5377 1626 5417 usus
1655 5366 1915 5432 praeterit,
1947 5375 2002 5420 et

433 5442 711 5508 possessio
735 5444 962 5514 deperit.

507 5530 560 5586 6.
609 5532 802 5590 Rideto
835 5551 931 5592 eos
958 5539 1158 5607 quibus
1188 5555 1275 5593 res
1314 5555 1570 5610 prospere
1597 5546 1914 5613 succedunt,
1945 5556 2000 5602 et

436 5618 722 5680 infeliciter
765 5628 1084 5696 degentibus
1121 5643 1468 5700 compatere:
1509 5634 1612 5690 hoc
1663 5639 1806 5694 enim
1861 5656 2000 5696 mer-

434 5711 644 5777 cedem,
669 5714 800 5771 illud
835 5733 962 5772 vero
988 5720 1309 5790 sapientiam
1334 5735 1633 5796 comparat.

2106 4725 2200 4778 καὶ
2236 4722 2517 4793 σύντομος.

2177 4817 2241 4887 β’.
2292 4816 2412 4889 Χρὴ
2460 4816 2550 4868 τὸν
2601 4813 2970 4886 ἐπιθυμοῦντα
3024 4811 3136 4866 τῶν
3185 4811 3505 4882 ἀφθάρτων,
3562 4809 3675 4865 ἀντ’

2103 4905 2315 4966 οὐδενὸς
2343 4905 2594 4975 ἡγεῖσθαι
2623 4903 2692 4956 τὰ
2719 4900 3070 4973 φθειρόμενα.

2173 5004 2241 5066 γ’.
2282 4997 2342 5049 Εἰ
2373 4998 2469 5066 τὴν
2495 4996 2640 5066 ζωὴν
2667 4997 2765 5066 τὴν
2809 4995 2978 5057 ὅντως
3009 4991 3212 5057 ποθεῖς,
3243 4990 3333 5044 ἀεὶ
3373 4989 3673 5060 προσδέχου

2101 5091 2192 5144 τὸν
2222 5088 2561 5160 ἀνθρώπινον
2591 5089 2837 5142 θάνατον.

2171 5181 2234 5236 δ’.
2273 5183 2436 5237 Μίσει
2471 5183 2562 5236 τὸν
2597 5182 2839 5251 παρόντα
2873 5178 3007 5244 βίον,
3049 5179 3180 5250 ὁρᾷς
3229 5176 3339 5248 γὰρ
3381 5176 3552 5231 αὑτοῦ
3583 5176 3668 5229 τὸν

2063 5339 2082 5358 ⁵
2103 5276 2292 5348 τροχὸν
2317 5277 2568 5338 ἀτάκτως
2602 5273 2938 5344 κινούμενον.

2175 5365 2236 5418 ε’.
2278 5367 2368 5435 Μὴ
2402 5366 2648 5438 ποθήσῃς
2676 5367 2877 5436 ἀγαθὰ,
2905 5360 2980 5419 ὧν
3003 5368 3036 5436 ἡ
3077 5367 3271 5437 χρῆσις
3314 5361 3669 5432 παρέρχεται.

2108 5457 2200 5510 καὶ
2231 5457 2263 5525 ἡ
2291 5456 2482 5526 κτῆσις
2511 5455 2830 5509 ἀπόλλυται.

2179 5555 2253 5613 ς’.
2293 5548 2434 5601 Γέλα
2482 5547 2609 5610 τοὺς
2655 5547 3083 5618 εὐπραγοῦντας,
3128 5550 3241 5610 τοῖς
3292 5540 3668 5614 δυσπραγοῦσι

2109 5641 2428 5710 σύμπασχε·
2465 5639 2625 5693 τοῦτο
2667 5640 2768 5710 μὲν
2810 5641 2918 5715 γὰρ
2955 5641 3165 5712 μισθοῦ,
3192 5642 3386 5712 ,ἐκεῖνο
3415 5637 3472 5692 δὲ
3516 5636 3667 5708 φιλο-

2109 5731 2297 5800 σοφίας
2329 5731 2601 5802 πρόξενον.
