3838 6056
60 343 213 408 1241

1459 318 1921 387 ΞΕΝΤΕΝΤΙᾹΞ.

3164 295 3303 358 1242

130 460 207 525 ζ’.
254 459 362 524 Τὴν
413 453 692 526 ὑπομονὴν
749 449 952 513 ἀσκοῦ,
1010 449 1127 502 οἵαν
1177 447 1345 515 αὐτὴν
1396 444 1640 514 ἔγνωμεν

1813 432 1863 488 7.
1920 432 2124 486 Exerce
2150 422 2488 497 patientiam,
2519 433 2662 480 eam,
2685 429 2846 485 quam
2879 410 3127 465 novimus
3146 422 3303 462 exer-

1816 525 1821 526 κ
2428 514 2441 526 .
2741 522 2755 526 Α
2801 504 2954 526 __._=_
2985 502 3299 526 “unum”

52 548 455 620 γυμνασθῆναι
496 546 623 608 τοὺς
678 544 981 615 μάρτυρας,
1031 538 1216 607 ἐπειδὴ
1250 536 1310 590 τὸ
1331 536 1432 606 τῆς
1462 551 1637 588 συνει-

50 640 286 709 δήσεως
316 633 614 706 μαρτύριον
662 632 755 685 καὶ
799 632 959 702 ἡμεῖς
1020 625 1417 696 ἀπαιτούμεθα.

132 738 229 806 η’.’
260 732 484 786 Πάντων
526 727 769 800 προτίμα
802 726 900 793 τὴν
941 721 1138 792 ψυχὴν,
1174 719 1267 771 καὶ
1296 717 1394 784 τῆς
1441 715 1642 785 ἀρετῆς

55 827 87 877 ὁ
117 824 330 895 δρόμος
355 821 656 891 ἀκαμάτως
685 816 904 871 ἀνύεται
930 828 946 844 ⁸
970 814 1146 867 πάντα
1178 809 1285 881 γὰρ
1317 806 1554 879 φθαρτὰ,
1605 809 1639 877 ὴ

58 917 121 970 δὲ
168 915 324 988 ψυχὴ
357 914 654 974 ἀθάνατοςο
692 903 1061 980 προτιμᾶσθαι
1097 903 1275 957 τοίνυν
1322 900 1429 954 τῶν
1467 898 1642 970 φθαρ-

58 1007 207 1075 τῶν,
246 1006 345 1078 τὴν
373 1006 641 1060 ἀθάνατον
670 1000 966 1073 προσῆκεν.

140 1200 217 1253 θ’.
271 1195 593 1269 Ἐτοιμάζου
640 1196 779 1269 πρὸς
822 1193 892 1248 τὰ
936 1190 1179 1263 λυπηρὰ,
1211 1189 1306 1244 καὶ
1347 1186 1647 1260 κερδαίνεις

61 1292 138 1348 τὰ
174 1291 423 1346 πλείονα.

146 1392 203 1440 ι’.
259 1385 351 1455 Μὴ
403 1383 553 1455 ζήτει
609 1377 759 1451 παρά
808 1376 942 1431 Θεοῦ
992 1374 1059 1429 τὰ
1104 1373 1254 1446 ἡδέα,
1309 1371 1443 1443 μόνα
1478 1367 1536 1425 δὲ
1578 1367 1648 1423 τὰ

68 1477 454 1550 συμφέροντα,
490 1474 672 1528 ἐκεῖνα
703 1471 809 1542 γὰρ
848 1467 1112 1539 αἰτηθεὶς,
1145 1466 1207 1518 οὐ
1242 1463 1476 1529 δίδωσιν,
1507 1460 1555 1514 εἰ
1592 1458 1649 1512 δὲ

67 1571 171 1623 καὶ
203 1569 397 1641 λάϐῃς,
430 1564 762 1637 φθείρονται.

146 1667 246 1714 ια’.
287 1659 378 1726 Μὴ
411 1657 625 1729 μέμφου
651 1656 749 1726 τὴν
779 1651 990 1714 πενίαν,
1012 1647 1416 1719 ἀπερίσπαστον
1442 1643 1551 1715 γὰρ
1572 1641 1650 1714 τῷ

67 1753 233 1823 νόμῳ
260 1752 353 1804 τὸν
382 1748 619 1821 ἀθλητὴν
656 1743 970 1819 ἐργάζεται.

150 1821 244 1914 ιβ’.
287 1843 379 1912 Μὴ
431 1838 725 1911 εὐφραίνου
764 1836 1009 1906 πλούτῳ,
1054 1835 1109 1888 αἱ
1158 1831 1287 1901 περὶ
1332 1827 1441 1897 γὰρ
1486 1821 1650 1879 αὐτοῦ

74 1935 367 2006 φροντίδες
410 1933 735 2003 χωρίζουσιν
767 1932 843 1994 ὡς
884 1930 953 1982 τά
980 1926 1172 1989 πολλὰ,
1199 1925 1295 1979 καὶ
1323 1921 1473 1993 παρὰ
1508 1917 1650 1989 γνώ-

77 2043 193 2096 μην
223 2024 315 2077 τὸν
348 2023 634 2094 ἄνθρωπον
668 2021 774 2074 ἀπὸ
812 2018 905 2073 τοῦ
932 2016 1090 2071 Θεοῦ.

153 2122 248 2186 ιγ’.
301 2116 498 2185 Ἐγγὺς
523 2115 581 2168 τὸ
599 2114 772 2179 τέλος,
796 2115 824 2167 ὁ
853 2109 1109 2185 ῥᾳθυμῶν
1130 2103 1500 2178 ἑτοιμαςέσθω
1519 2100 1655 2171 πρὸς

79 2206 378 2273 μάστιγας.

157 2298 245 2351 ιδ’.
305 2298 378 2349 Οὐ
424 2294 639 2364 μακρὰν
688 2292 748 2345 τὸ
801 2292 978 2362 θέρος,
1035 2285 1287 2343 ἀκανθῶν
1339 2285 1519 2339 τοίνυν
1565 2282 1659 2338 τὸν

79 2391 260 2463 ἀγρὸν
288 2388 389 2456 τῆς
420 2388 597 2458 ψυχῆς
625 2384 1040 2452 ἀπαλλάξωμεν.

159 2482 245 2537 ιε’.
290 2482 456 2536 Οὐδὲν
486 2479 735 2532 λανθάνει
764 2478 855 2530 τὸν
884 2476 1038 2540 Θεὸν,
1087 2473 1227 2527 ὥστε
1265 2470 1443 2541 μάτην
1467 2467 1655 2522 λανθά-

84 2591 202 2629 νειν
232 2573 638 2645 ἁμαρτάνοντες
671 2567 998 2639 σπεύδομεν.

161 2665 261 2732 ις’.
306 2667 416 2737 Πρὸ
443 2666 551 2718 τῶν
576 2658 897 2733 ἀνθρώπων,
929 2658 1183 2729 αἰσχύνοι)
1223 2656 1347 2717 τοὺς
1374 2650 1657 2721 ἀγγέλους·

1741 525 1919 580 cuisse
1939 529 2223 590 martyres,
2264 510 2699 586 quandoquidem
2736 522 2765 561 a
2801 504 2959 559 nobis
2982 502 3143 557 etiam
3166 514 3301 554 con-

1741 613 1980 669 scientiae
2004 607 2370 665 testimonium
2403 600 2726 672 reposcitur.
3084 660 3087 667 ι

1810 706 1865 761 8.
1893 706 2013 759 Prae
2058 700 2311 757 omnibus
2343 697 2575 751 animam
2608 689 2840 752 aestima,
2872 686 3059 753 sicque
3082 672 3304 735 virtutis

1743 811 1938 853 cursus
1976 794 2096 849 sine
2133 791 2322 845 labore
2352 784 2666 856 perﬁcitur:
2699 776 2881 834 omnia
2917 785 3150 841 namque
3177 784 3304 823 cor-

1744 884 2017 957 ruptibilia
2048 892 2196 945 sunt,
2231 880 2414 935 anima
2458 890 2588 930 vero
2642 867 3005 929 immortalis;
3057 860 3309 918 convenit

1747 983 1909 1053 igitur
1965 993 2109 1042 eam,
2137 989 2258 1045 quae
2285 969 2478 1026 mortis
2504 975 2588 1023 est
2627 975 2844 1033 expers,
2892 957 3065 1028 pluris
3129 953 3310 1008 facere

1746 1088 1904 1145 quam
1938 1064 2334 1136 eorruptibilia.

1814 1164 1866 1219 9.
1900 1165 2149 1231 Praepara
2180 1168 2231 1213 te
2251 1154 2321 1210 ad
2343 1168 2408 1208 ea
2440 1165 2560 1221 qua:
2584 1145 2812 1202 molesta
2842 1148 2991 1201 sunt,
3040 1144 3096 1191 et
3154 1136 3310 1205 plura

1663 1275 1684 1297 ο
1746 1254 2065 1312 lucraberis.

1823 1348 1908 1404 lo.
1941 1344 2020 1400 Ne
2048 1354 2261 1415 quaeras
2286 1352 2317 1392 a
2341 1336 2454 1391 Deo
2475 1330 2684 1394 suavia,
2714 1326 2809 1383 sed
2836 1340 2899 1381 ea
2919 1322 3034 1379 sola
3049 1334 3170 1390 qua:
3185 1323 3313 1374 sunt

1748 1440 1936 1504 utilia;
1993 1408 2083 1489 illa
2112 1432 2257 1487 enim
2287 1425 2584 1496 requisitus
2631 1420 2796 1484 Deus,
2827 1430 2936 1470 non
2966 1414 3059 1468 dat
3087 1427 3104 1478 ;
3133 1408 3177 1465 si
3211 1421 3313 1461 au-

1753 1542 1861 1588 tem
1891 1535 1949 1581 et
1982 1519 2274 1592 acceperis,
2311 1518 2754 1581 corrumpuntur.

1818 1640 1906 1695 ll.
1939 1635 2019 1693 Ne
2072 1627 2427 1702 conqueraris
2488 1624 2554 1680 de
2605 1626 2946 1693 paupertate,
2984 1612 3146 1684 558
3201 1610 3317 1664 haec

1752 1732 1953 1805 quippe
1985 1734 2308 1783 certatorem
2339 1717 2503 1775 eliicit
2526 1730 2556 1769 a
2586 1714 2701 1784 lege
2731 1709 3131 1765 indistractum.

1942 1817 2020 1873 Ne
2047 1812 2335 1871 oblecteris
2385 1805 2625 1869 divitiis;
2686 1815 2814 1856 nam
2865 1811 3009 1853 cura:
3071 1808 3190 1862 qua:
3250 1788 3321 1844 de

1752 1916 1889 1987 ipsis
1919 1914 2209 1969 habentur,
2250 1912 2307 1959 ut
2337 1901 2630 1973 plurimum
2664 1904 2718 1950 et
2745 1902 2933 1948 contra
2965 1886 3134 1943 animi
3188 1898 3317 1939 sen-

1755 1986 2000 2067 tentiam,
2029 2004 2283 2071 separant
2306 1991 2579 2049 hominem
2607 2003 2637 2040 a
2666 1986 2794 2040 Deo.

1826 2096 1914 2150 15.
1946 2069 2118 2161 Prope
2145 2098 2229 2145 est
2257 2087 2418 2151 ﬁnis;
2452 2081 2545 2153 qui
2574 2078 2815 2149 pigritat,
2851 2071 2915 2127 ad
2950 2069 3120 2139 ﬂagra
3179 2077 3320 2135 prte-

1756 2196 1996 2259 paretur.

1829 2280 1917 2335 14.
1948 2278 2067 2333 Νοιι
2088 2273 2281 2345 procul
2332 2277 2416 2326 est
2442 2277 2636 2331 aestas;
2690 2273 2879 2331 agrum
2910 2254 3074 2325 igitur
3129 2248 3327 2304 animae

1757 2390 1789 2431 e
1814 2373 1985 2443 spinis
2028 2369 2344 2423 liberemus.

1953 2461 2096 2517 Nihil
2130 2458 2298 2512 Deum
2327 2455 2478 2516 latet,
2512 2451 2584 2504 ita
2618 2446 2839 2510 ut,dum
2875 2449 3183 2511 peccamus,
3210 2430 3327 2486 fru-

1762 2567 1873 2614 stra
1904 2554 2072 2609 Deum
2100 2552 2266 2605 latere
2289 2546 2626 2601 festinemus.

1834 2647 1924 2703 l6.
1957 2647 2072 2700 Prae
2101 2639 2415 2697 hominibus
2472 2628 2838 2689 verecundare
2879 2618 3124 2692 angelos,
3172 2612 3327 2669 multi

88 2710 284 2814 7:05.01
320 2710 429 2830 γὲιρ
470 2760 602 2829 ἡμῖν
636 2710 1235 2825 πάρεισιίᾊάσης
1267 2710 1497 2819 αἰσχράς
1529 2710 1661 2798 ἀπο-

1803 2753 1956 2808 empe
2002 2733 2159 2790 nobis
2211 2738 2426 2793 astant;
2465 2725 2693 2793 ideoque
2751 2718 2820 2773 ab
2846 2714 3000 2771 omni
3046 2710 3332 2781 sejungere

87 2851 331 2922 χωρίζου
362 2848 633 2921 πράξεως.

164 2940 256 3005 ιζ’.
315 2939 569 3011 Μερίμνα
621 2936 716 2991 τοῦ
764 2934 968 3006 Κριτοῦ
1022 2933 1113 2987 τὸν
1165 2929 1366 2999 ζυγὸν,
1410 2928 1505 2982 καὶ
1557 2927 1666 2980 πᾶν

89 3031 198 3086 εἴτι
230 3050 315 3086 σοι
350 3030 599 3102 κίϐδηλον
632 3030 732 3100 τῆς
780 3026 978 3098 πείρας
1022 3025 1120 3096 τῆς
1171 3020 1434 3095 βιωτικῆς
1467 3018 1664 3073 ἐκϐάλ-

89 3126 267 3180 λεται.

166 3224 261 3290 ιη’.
303 3218 375 3287 Ζη
385 3215 512 3286 μίαν
538 3210 676 3267 εἶναι
716 3212 816 3284 τὴν
863 3209 1078 3282 σχολὴν,
1108 3208 1202 3263 καὶ
1234 3208 1416 3262 ἄνεσιν
1443 3204 1665 3275 νόμιζε,

91 3311 187 3364 καὶ
212 3306 414 3363 σπεῦδέ
441 3324 495 3360 τι
522 3306 801 3377 πράττειν,
832 3295 906 3357 ὧν
934 3298 1280 3356 ἀπαιτεῖσθαι
1310 3297 1595 3370 μέλλομεν.

166 3485 256 3542 ιθν.
289 3485 400 3538 Ἀεὶ
423 3483 517 3537 τοῦ
540 3482 654 3553 βίου
676 3481 893 3549 λογίζου
916 3480 977 3535 τὸ
1004 3478 1279 3547 ἀϐέϐαιον,
1310 3476 1404 3531 καὶ
1434 3473 1586 3529 οὐδέν
1610 3491 1669 3527 σε

95 3580 205 3663 τῶν
232 3583 295 3632 ὲν
321 3576 467 3649 αὐτῷ
505 3577 842 3647 περισπᾶσαι
868 3574 1178 3644 δυνήσεται.

167 3656 241 3726 κ’.
285 3670 364 3724 Τὰ
392 3669 595 3738 φαιδρά
624 3684 683 3720 σε
730 3666 834 3733 τῆς
858 3665 962 3735 γῆς
993 3663 1068 3734 μὴ
1098 3662 1367 3733 τερπύτω,
1395 3658 1467 3711 τὰ
1503 3656 1671 3728 πρόσ-

97 3763 292 3833 καίρα,
331 3764 604 3830 ἄγκιστρα
644 3756 753 3828 γάρ
796 3758 912 3808 ἐστι
953 3754 1052 3824 τὴν
1088 3751 1264 3822 ψυχὴν
1292 3749 1367 3813 ὡς
1397 3747 1550 3819 ἰχθὺν
1588 3748 1672 3800 δε-

98 3854 384 3920 λεάζοντα,
417 3852 510 3904 καὶ
545 3849 934 3919 σαγηνεύοντα.

172 4034 285 4082 κα’.
339 4023 569 4095 Ἀπέχου
598 4024 721 4086 τοὺς
750 4020 1112 4091 πειρασμοῦς,
1142 4019 1221 4081 εἰς
1246 4016 1304 4071 δὲ
1322 4015 1422 4086 τὴν
1454 4014 1675 4087 ἀνδρίαν

104 4115 392 4181 ἐπίδειξον.

174 4208 284 4278 κβ’.
327 4206 609 4277 Ἀίηδέποτε
639 4202 855 4272 πτωχὸν
880 4186 1109 4273 παρίδῃς
1132 4200 1456 4272 δακρύοντα,
1488 4200 1577 4253 ἵνα
1602 4199 1677 4270 μὴ

106 4297 362 4370 παροφθῇ
392 4299 491 4366 τῆς
532 4295 628 4364 σῆς
663 4292 970 4362 προσευχῆς
997 4293 1065 4343 τὰ
1090 4290 1322 4361 δάκρυα.

1765 2829 1911 2899 turpi
1944 2827 2177 2882 actione.

1838 2888 1924 2977 1⁸7.
1974 2918 2251 2974 Sollicitus
2279 2922 2399 2969 esto
2429 2913 2495 2964 de
2529 2913 2684 2962 lance
2715 2900 2946 2965 Judicis,
2987 2904 3044 2953 et
3102 2892 3148 2949 si
3202 2888 3335 2960 quid

1768 3016 1865 3072 tibi
1894 3010 2173 3070 sordidum
2205 3015 2307 3062 est-
2346 2998 2665 3059 tentationis
2703 2991 3006 3056 saecularis,
3064 2984 3334 3056 ejicietur.

1768 3389 2078 3462 repetenda.

1844 3454 1934 3539 Π).
1985 3481 2212 3548 Semper
2238 3474 2412 3543 cogita
2444 3467 2865 3527 inconstantiam
2917 3462 3058 3525 vitae,
3092 3454 3341 3524 nihilque

1774 3577 1991 3631 illorum
2038 3586 2159 3641 quae
2193 3570 2246 3623 in
2271 3584 2332 3622 ea
2362 3574 2507 3630 sunt,
2539 3571 2592 3617 te
2616 3558 2816 3631 poterit
2846 3554 3171 3611 distrahere.

1839 3669 1931 3723 20.
1983 3663 2273 3736 Splendida
2314 3662 2457 3715 bona
2504 3666 2665 3711 terrae
2694 3664 3038 3723 nequaquam
3096 3656 3147 3701 te
3198 3643 3345 3699 dele-

1773 3769 1940 3826 ctent,
1968 3757 2097 3828 quia
2145 3751 2472 3823 temporaria
2507 3756 2656 3814 sunt,
2712 3745 2860 3800 hami
2900 3754 3138 3811 namque
3189 3736 3344 3793 exsi-

1777 3862 1947 3917 stunt,
1999 3851 2244 3904 animam
2270 3845 2437 3902 veluti
2480 3844 2686 3913 piscem
2717 3837 3067 3907 decipientes,
3123 3841 3176 3887 et
3212 3829 3346 3885 reti-

1775 3944 1880 3999 bus
1912 3941 2270 3996 includentes.

1845 4035 1935 4089 21.
1966 4031 2193 4088 Abstine
2218 4046 2247 4084 a
2270 4024 2682 4089 tentationibus,
2714 4031 2872 4091 teque
2898 4023 3210 4089 promptum
3246 4028 3347 4068 ex-

1780 4130 1906 4185 hibe
1939 4128 2003 4182 ad
2049 4124 2444 4181 fortitudinem.

1841 4221 1931 4275 22.
1958 4218 2246 4287 Nunquam
2274 4226 2564 4285 pauperem
2598 4205 2872 4277 despicias
2924 4203 3347 4273 laerymantem,

1780 4329 1849 4370 ne
1883 4321 1988 4368 tuac
2024 4308 2289 4366 orationis
2330 4306 2582 4374 lacryma:
2638 4299 3027 4370 despiciantur.

177 4395 287 4458 κγ’.
339 4389 404 4467 ᾚ
438 4384 725 4455 φιλοσοφία
769 4383 951 4453 κτῆμα
981 4386 1091 4446 τοῖς
1122 4380 1429 4454 ἀνθρώποις
1469 4379 1661 4449 ὲξαίρε

1853 4409 1943 4463 25.
1978 4404 2273 4476 Sapientia,
2299 4398 2578 4471 possessio
2624 4402 2709 4451 est
2751 4390 3069 4448 hominibus
3126 4383 3348 4446 eximia,

106 4497 220 4546 τον,
248 4479 382 4532 οὖσα
411 4479 467 4531 δὲ
495 4478 605 4537 τοῖς
632 4472 937 4545 ἀνθρώποις
974 4474 1132 4545 μόνη,
1171 4475 1316 4545 μόνῳ
1344 4473 1578 4525 συνεῖναι
1603 4468 1679 4539 τῷ

110 4588 281 4640 κεκτη
291 4572 433 4641 μένῳ
468 4569 734 4639 βούλεται.

1785 4515 2017 4570 cumque
2066 4498 2181 4554 sola
2234 4495 2305 4551 sit
2359 4490 2693 4553 hominibus,
2727 4486 2829 4542 soli
2879 4480 3195 4556 possidenti.
3242 4476 3356 4531 vult

1786 4607 2064 4662 conjungi.

182 4664 288 4718 κδ’.
329 4664 506 4718 Χιτὼν
536 4665 569 4734 ὴ
598 4664 766 4736 ἀρετὴ
796 4664 888 4717 τοῦ
919 4661 1075 4717 Θεοῦ·
1104 4660 1306 4729 ταύτην
1338 4658 1554 4728 ὕφαινε,
1589 4655 1684 4709 καὶ

273 4664 1306 4783 °-
1338 4674 1554 4728 “‘Paws’
1589 4659 1684 4709 καὶ
1855 4684 1946 4739 24.
1986 4659 2194 4745 Virtus.
2231 4678 2412 4734 tunica
2448 4675 2539 4730 Dei
2564 4681 2670 4737 est.
2702 4671 2874 4741 ipsam
2928 4675 3073 4728 texe,
3131 4671 3185 4716 et
3236 4659 3356 4730 eius

1902 4776 1915 4783 -
2113 4772 2142 4783 Α.
2215 4771 2227 4782 ο
2355 4767 2509 4783 --Α
2614 4765 2643 4783 ,9
2700 4774 2965 4783 .-.._-._--..-
3035 4754 3205 4783 LVI-ﬁl
3265 4766 3356 4783 nam

125 4755 239 4827 γίνῃ
274 4756 554 4825 στολιστὴς
579 4755 673 4808 τοῦ
699 4757 797 4826 τὴν
826 4755 1005 4807 κτίσιν
1034 4754 1330 4815 ὲνδύοντος.

1786 4776 1981 4831 evades
2009 4771 2321 4835 vestiarius,
2352 4767 2513 4839 559
2554 4765 2645 4837 qui
2699 4774 2969 4818 terrarum
3035 4754 3209 4811 induit
3265 4766 3357 4805 or-

1788 4869 1934 4923 bern.

188 4964 288 5011 κε’.
332 4958 474 5012 Ὅσα
525 4958 619 5010 ἐπὶ
665 4958 789 5027 γῆς,
826 4956 1141 5017 κλέπτεται,
1178 4954 1247 5008 τὰ
1292 4956 1411 5007 κατ’
1462 4953 1661 5023 οὖρανδι

1860 4955 1949 5010 25.
1982 4953 2327 5020 Ουεεουηαιιο
2349 4954 2478 5003 sunt
2510 4959 2672 5014 super
2699 4952 2896 4997 terram
2936 4938 3081 4992 furto
3112 4936 3359 4990 substra-

121 5049 376 5120 ὲργάζου,
410 5050 585 5104 ταῦτα
615 5049 724 5119 γὰρ
760 5050 885 5112 τοὺς
918 5048 1025 5101 τῶν
1060 5046 1344 5100 συλώντων
1391 5045 1687 5106 δακτύλους

122 5143 221 5196 οὐκ
249 5143 578 5213 εἰσέρχεται.

192 5240 307 5301 καῖ’.
373 5234 762 5303 Παραιτεῖσθαι
819 5234 901 5288 δεῖ
953 5232 1016 5286 τὸ
1069 5232 1313 5306 τρυφᾷν,
1370 5229 1518 5282 ’ἐλκει
1581 5227 1689 5299 γὰρ

124 5327 209 5391 είς
258 5326 519 5397 πράξεις,
572 5329 665 5398 ἀφ’
711 5322 786 5381 ὧν
844 5325 1139 5397 στεναγμοὶ
1188 5323 1324 5395 μετά
1375 5323 1473 5393 τὴν
1532 5320 1691 5391 νῆψιν

128 5418 386 5473 γίνονται.
1092 5440 1100 5446 ·

128 5434 386 5489 γινονται.
1092 5440 1100 5446 -

1789 5049 2288 5114 huntur;operare
2345 5048 2406 5094 tu
2460 5036 2725 5100 cmlestia,
2758 5034 2862 5089 ista
2914 5030 3115 5102 quippe
3161 5026 3361 5097 digitos

1790 5138 2115 5210 rapientium
2145 5150 2255 5189 non
2278 5132 2531 5188 subeunt.

1868 5232 1957 5287 26.
1993 5230 2268 5284 Recusare
2297 5232 2510 5295 oportet
2540 5222 2783 5285 delicias,
2823 5218 3047 5274 trahunt
3100 5215 3245 5270 enim
3292 5210 3361 5266 ad

1791 5333 1944 5379 actus
2009 5336 2040 5373 a
2090 5318 2309 5389 quibus,
2362 5323 2486 5387 post
2532 5314 2898 5377 sobrietatem,
2945 5306 3176 5380 gemitus
3230 5316 3363 5361 oro-

1792 5420 2070 5469 creantur.

198 5509 301 5578 κς.
359 5512 497 5576 Τοὺς
540 5511 835 5581 λογισμοὺς
886 5509 1109 5578 ἄμεινον
1151 5504 1280 5568 τοὺς
1332 5502 1660 5575 φιλοσάρκου

1856 5503 1950 5558 27.
1991 5500 2182 5555 Melius
2210 5506 2294 5554 est
2324 5491 2995 5564 abominaricogitationes
3022 5484 3226 5540 amicas
3243 5495 3362 5535 car-

134 5597 525 5668 βδελύττεσθαι,
560 5599 838 5671 φθείρουσι
867 5597 976 5667 γὰρ
1004 5595 1066 5649 τὸ
1098 5593 1277 5666 σῶμα,
1327 5593 1422 5648 καὶ
1450 5593 1549 5665 τὴν
1590 5593 1694 5663 ψυ-

137 5692 234 5761 χὴν
266 5692 599 5762 μολύνουσιν.

205 5794 307 5858 κη’.
349 5784 484 5841 Οὐδὲ
526 5786 591 5840 τὰ
637 5783 874 5857 τῆςῖγῆς
916 5780 1093 5851 ἁγαθά
1126 5781 1293 5853 χωρὶς
1321 5779 1504 5837 κόπων
1539 5779 1695 5835 ἀνύε-

1798 5694 1952 5743 nant.

1869 5778 1959 5833 28.
1988 5774 2176 5847 Neque
2200 5774 2339 5833 bona
2375 5781 2587 5829 terrena
2625 5766 2749 5839 quis
2775 5761 3110 5836 comparabit
3156 5760 3364 5828 absque

1794 5596 1899 5661 nis,
1934 5601 2295 5662 corrumpunt
2318 5589 2464 5646 enim
2498 5601 2720 5657 corpus,
2751 5592 2807 5639 et
2856 5580 3097 5636 animam
3166 5572 3362 5645 inqui~
3451 5621 3456 5627 .
