3838 6056
505 272 639 340 1243

1952 297 2013 357 S.
2053 298 2218 360 NILI

3614 302 3746 369 12H

500 395 777 451 laboribus
798 440 813 461 ,
847 414 943 455 cur
968 400 1132 473 igitur
1183 406 1427 463 ccelestia
1450 420 1672 481 propter
1690 412 1933 471 laborem
1956 416 2039 473 de-

2194 432 2262 477 αι,
2316 414 2540 469 ἀνθότου
2586 415 2655 469 τὰ
2710 415 2959 488 οὐράνια,
3002 416 3091 473 διὰ
3121 417 3213 473 τὸν
3270 417 3505 491 μόχθον,
3562 419 3742 473 ἐκκλί-

496 486 761 543 clinamus
781 490 805 543 ?

565 579 656 633 29.
686 578 780 635 Vis
812 582 1018 652 absque
1046 584 1231 642 labore
1256 594 1465 659 operari
1494 593 1747 652 virtutem
1771 599 1795 652 ?
1858 602 2055 672 cogita,

496 668 637 733 quod
681 668 835 724 labor
864 677 1222 743 temporarius
1252 688 1354 745 est,
1402 691 1457 735 et
1499 700 1707 743 merces
1728 697 1951 746 aeterna.

566 847 654 903 50.
686 848 1004 922 Quicunque
1032 856 1100 910 ad
1159 859 1473 920 inhonestas
1533 869 1841 939 voluptates
1903 877 2053 932 tabe~

498 937 643 1006 facti,
671 958 767 998 seu
799 952 1111 1018 consumpti
1138 964 1284 1020 sunt,
1335 957 1651 1016 brevitatem
1668 937 1959 1027 ifruitionis
2004 982 2059 1026 et

495 1031 852 1098 prolixitatem
881 1040 1127 1108 supplicii
1159 1058 1494 1113 computent.

563 1124 653 1179 51.
684 1124 855 1192 Quam
905 1133 1147 1200 sordida,
1193 1138 1457 1210 bestialis,
1491 1160 1557 1200 ac
1585 1149 1781 1205 stolida
1807 1150 1923 1209 haec
1947 1154 2057 1211 vita

494 1213 585 1278 sit,
607 1215 729 1284 jure
758 1222 971 1290 merito,
1010 1236 1121 1282 tum
1151 1231 1355 1296 anima,
1407 1245 1518 1292 tum
1558 1241 1837 1299 rationalis
1877 1262 2052 1315 meus,

478 1304 609 1362 ‘tum
642 1310 676 1364 ii
706 1313 798 1382 qui
824 1330 854 1370 a
886 1320 1191 1391 semetipsis
1222 1324 1607 1385 detrimentum
1639 1337 1879 1405 perpessi
1906 1350 2051 1409 sunt,

495 1399 679 1471 lugere
708 1405 926 1465 debent.

562 1494 650 1547 32.
701 1497 893 1556 Omnia
916 1504 1168 1563 existima
1219 1516 1615 1585 corruptibilia,
1642 1522 1895 1580 virtutem
1923 1542 2052 1584 vero

490 1598 611 1640 esse
642 1588 1125 1664 incorruptibilem.

562 1676 650 1731 33.
704 1676 922 1755 Neglige
943 1687 1067 1755 alia,
1099 1707 1437 1768 quaecunque
1475 1704 1697 1770 pecudis
1732 1706 1904 1764 instar
1927 1726 2052 1765 eva-

2159 524 2321 573 νομεν
2341 523 2356 573 ;

2222 524 2557 651 igniculis:
2596 597 2696 669 τὴν
2724 598 2922 670 ἀρετὴν
2955 599 3121 653 κόπου
3157 601 3331 689 χωρὶς
3361 600 3742 671 unciis-50:2;

2158 687 2372 756 λογίζου
2402 690 2494 742 τὸν
2531 689 2724 756 κόπον,
2757 690 2839 744 ὅτι
2877 687 3232 764 πρόσκαιρος,
3273 693 3373 748 καὶ
3406 694 3509 747 τὸν
3554 694 3740 763 μισθὸν

2156 777 2232 842 ὼς
2263 780 2497 835 αἰώνιον.

2232 869 2298 926 λ’.
2341 871 2495 926 Ὅσοι
2529 873 2666 944 πρὸς
2693 872 2792 937 τὰς
2814 874 3009 945 ἡδονὰς
3032 876 3132 941 τὰς
3172 877 3413 942 ἀτόπους
3455 878 3737 947 τετήκαςι,

2157 960 2259 1032 τῆς
2284 962 2635 1028 ἀπολαύσεως
2662 965 2722 1018 τὸ
2752 966 2947 1037 βραχὺ,
2978 970 3072 1022 καὶ
3099 969 3200 1037 τῆς
3229 970 3519 1041 τιμωρίας
3548 971 3616 1022 τὸ
3647 988 3739 1039 μα-

2158 1051 2287 1121 κρὸν
2320 1051 2566 1120 λογιζέσθ
2576 1071 2744 1108 ωσαν.

2226 1141 2328 1196 λα’.
2372 1144 2541 1200 Ὅσον
2585 1146 2615 1199 6
2647 1145 2759 1217 βίος
2792 1148 3056 1220 ῥυπαρὸς,
3088 1149 3395 1220 κτηνὼδης,
3435 1151 3676 1225 εἰκότως
3709 1154 3735 1217 ἡ

2155 1232 2323 1305 ψυχὴ,
2374 1237 2469 1290 καὶ
2511 1236 2703 1290 παθεῖν
2730 1277 2746 1301 ,
2790 1238 2867 1303 ὡς
2893 1240 2954 1293 τὸ
2998 1240 3234 1309 λογικὸν,
3265 1243 3361 1296 καὶ
3402 1243 3506 1311 ὑφ’
3539 1242 3739 1295 hocin

2159 1324 2531 1397 ζημιωθέντες
2556 1329 2848 1399 ὀφείλουσι.

2224 1522 2325 1594 W-
2368 1525 2551 1580 Πάντα
2592 1528 2779 1599 νόμιζε
2827 1528 3071 1600 φθαρτὰ,
3119 1532 3213 1585 καὶ
3258 1530 3362 1601 τὴν
3389 1530 3611 1601 ἀρετὴν
3651 1530 3745 1600 ἃς.

2156 1611 2374 1684 θαρτον.

2224 1706 2326 1775 λγ’.
2380 1708 2599 1779 Ἀμέλει
2647 1709 2754 1764 τῶν
2799 1711 2975 1766 ἄλλων
3018 1714 3119 1768 ὅσα
3147 1714 3401 1786 κτηνὼδη
3438 1733 3745 1768 κατασκευ-

490 1764 620 1822 dere
648 1768 853 1828 faciunt
888 1776 1160 1847 hominem
1188 1802 1203 1849 ;
1244 1802 1306 1841 ea
1338 1805 1467 1844 vero
1496 1808 1693 1865 perage
1714 1813 1835 1867 qua:
1860 1809 1911 1856 te
1941 1818 2039 1858 (ιω.

492 1857 679 1885 ιιιηιΛ...
736 1864 864 1885 ι--ι.λ
892 1884 899 1885 ,
1041 1873 1051 1883 .
1096 1875 1107 1885 .
1444 1884 1452 1885 ,

2194 1764 2281 1863 ξεί
2306 1800 2415 1852 τῶν
2444 1764 2728 1872 δνθρωπον
2747 1821 2763 1836 ο
2790 1764 3103 1885 ἐργαζουβὲ
3127 1764 3302 1861 ταῦτα
3334 1764 3445 1861 ὅσα
3498 1825 3564 1860 σε
3596 1809 3745 1878 οὐρὰ-

492 1857 680 1915 lestem
735 1864 938 1923 habere
973 1873 1238 1943 originem
1266 1884 1552 1940 ostendere
1589 1900 1839 1956 possunt.

558 1952 647 2007 54.
680 1956 878 2014 Curam
923 1962 1119 2021 habeto
1166 1971 1399 2039 virtutis,
1430 1976 1540 2046 ipsa
1566 1952 1762 2051 quippe
1784 1984 2049 2043 Adamum

489 2047 710 2103 exhibet
738 2051 903 2109 Deum
938 2072 1035 2126 per
1064 2062 1408 2131 sapientiam.

557 2137 648 2192 '55.
682 2140 943 2200 Contines
972 2154 1259 2206 ventrem?
1314 2160 1534 2215 contine
1583 2173 1636 2217 et
1667 2164 1928 2236 linguam,
1984 2187 2054 2227 ne

489 2243 585 2296 per
642 2231 789 2289 hunc
818 2235 920 2293 tias
957 2254 1165 2307 servus,
1190 2261 1287 2314 per
1318 2248 1465 2305 illam
1504 2268 1632 2310 vero
1662 2258 1796 2314 liber
1853 2263 2051 2321 evadas

487 2320 717 2378 inutilis.

555 2408 646 2463 56.
684 2411 854 2484 Dilige
901 2415 1093 2487 Deum,
1148 2438 1311 2493 supra
1378 2428 1555 2499 ipsum
1597 2445 1801 2502 autem,
1856 2456 1923 2497 ne
1972 2443 2050 2500 sis

482 2498 751 2570 addictus,
802 2523 895 2564 seu
944 2512 1231 2573 affectione
1286 2521 1564 2581 adha'reas
1595 2528 1928 2599 domesticis;
1982 2552 2052 2594 ne

487 2591 623 2650 forte
654 2596 814 2670 560
842 2608 1137 2662 secundum
1172 2612 1294 2681 ejus
1331 2630 1539 2685 vocem,
1573 2635 1658 2686 eo,
1694 2624 1771 2679 uti
1810 2642 1918 2683 non
1945 2630 2048 2698 vis,

483 2685 740 2758 indiguus
774 2698 1149 2765 comperiaris.

557 2781 644 2836 57.
682 2784 1006 2845 Constanter
1035 2794 1212 2862 perfer
1241 2798 1617 2861 tribulationes
1650 2822 1713 2863 ac
1738 2816 2046 2882 aerumnas;

483 2872 539 2927 in
589 2874 719 2943 ipsis
756 2881 956 2951 quippe
988 2890 1319 2947 certantibus
1346 2894 1603 2962 plectitur
1624 2914 1846 2958 corona.

552 2968 641 3022 38.
679 2968 839 3027 Beata
869 2990 957 3030 res
991 2988 1075 3034 est
1103 2983 1243 3037 male
1288 2988 1424 3054 pati.
1473 2998 1531 3044 at
1568 2994 1707 3047 male
1736 2995 1915 3053 facere
1946 3000 2049 3055 mi-

482 3060 767 3149 serrimum
799 3076 915 3135 est;
948 3071 1040 3138 qui
1075 3088 1307 3144 namque
1338 3082 1561 3149 patitur,
1593 3085 1651 3139 ﬁt
1678 3088 1882 3144 Christi
1934 3092 2045 3147 hae-

481 3154 569 3205 rEs
597 3170 610 3216 ;
643 3154 735 3222 qui
787 3174 911 3215 vero
950 3164 1090 3218 male
1119 3165 1265 3233 facit,
1301 3171 1501 3228 diaboli
1556 3180 1734 3234 evadit
1782 3184 2041 3243 cohaeres.

550 3244 639 3300 59.
671 3247 854 3305 Bonus
876 3256 1172 3326 estjcjunii
1204 3263 1393 3331 panis;
1442 3271 1879 3342 quandoquidem
1912 3278 2046 3333 liber

476 3344 563 3389 est
588 3352 618 3389 a
647 3340 983 3411 voluptatum
1014 3346 1308 3407 fermento.

547 3426 636 3481 40.
676 3430 874 3490 Sancta
900 3446 984 3493 est
1008 3454 1103 3495 ara
1129 3446 1419 3516 orationis,
1464 3450 1589 3520 quia
1624 3455 1791 3511 trahit
1818 3459 1884 3513 ad
1945 3476 2046 3517 nos

479 3520 740 3579 Sanctum
774 3539 1111 3590 sanctorum.

543 3615 631 3671 41.
666 3617 743 3675 Ne
776 3637 1001 3681 censeas
1026 3628 1298 3697 justitiam
1354 3652 1477 3694 esse
1508 3642 1727 3700 virtutis
1786 3649 2046 3717 appendi-

476 3722 595 3763 cem
622 3726 637 3776 ;
693 3729 818 3769 nam
848 3718 1055 3790 absque
1086 3723 1171 3778 illa
1200 3729 1380 3785 omnis
1427 3734 1575 3789 actio
1596 3747 1681 3792 est
1702 3739 1935 3810 impura.

545 3893 636 3949 42.
671 3896 728 3952 Si
779 3899 1103 3963 dissemines
1160 3914 1515 3982 pauperibus,
1571 3926 1661 3975 tua
1722 3921 2038 3994 dissemina,

475 3984 652 4042 aliena
681 3991 881 4063 quippe
940 4006 1068 4052 sunt
1095 4000 1323 4060 zizaniis
1363 4009 1654 4065 amariora.

474 4185 667 4240 agrum
706 4180 924 4245 excolit,
979 4199 1141 4251 quem
1186 4198 1386 4245 metere
1417 4194 1641 4250 minime
1671 4208 1864 4266 potest.

544 4262 635 4318 44.
673 4263 898 4339 Semper
922 4274 1140 4340 quidem
1175 4292 1431 4350 exspecta
1480 4262 1730 4353 mortem,
1775 4300 1830 4344 at
1873 4308 1939 4348 ne
1971 4292 2041 4349 ti-

472 4368 664 4425 meas;
727 4369 1018 4433 utrumque
1066 4369 1213 4423 enim
1285 4387 1413 4426 vera
1469 4385 1554 4430 est
1614 4389 1742 4434 nota
1796 4382 2039 4451 philoso-

471 4451 635 4522 phiae.

542 4545 633 4601 45.
667 4544 896 4605 Virtutis
926 4550 1154 4622 ﬁguram
1194 4555 1376 4623 indue,
1411 4573 1517 4613 non
1547 4570 1607 4617 ut
1635 4563 1896 4635 decipias,
1946 4568 2044 4624 sed

472 4643 533 4689 ut
561 4636 784 4705 adjuves
810 4642 1158 4710 aspicientes.

542 4727 631 4784 46.
658 4728 845 4788 Dicere
875 4744 1087 4804 oportet
1110 4736 1342 4795 honesta
1372 4754 1496 4797 eum
1514 4745 1699 4813 etiam,
1726 4749 1820 4819 qui
1849 4751 2038 4807 eadem

470 4835 580 4876 non
610 4820 738 4878 facit
778 4825 1023 4895 honesta,
1071 4838 1129 4884 ut
1162 4830 1386 4902 incipiat
1420 4849 1607 4905 opera,
1638 4841 1904 4899 reveritus
1926 4858 2041 4898 ser-

469 4928 676 4970 mones.

540 5006 630 5062 47.
663 5007 720 5062 Si
758 5010 955 5065 caelum
982 5012 1279 5084 desideras,
1309 5018 1443 5074 nihil
1474 5019 1589 5087 tibi,
1621 5030 1675 5077 et
1702 5030 1879 5089 terrae,
1935 5040 2038 5082 nec

395 5162 399 5166 ι
467 5101 611 5153 enim
640 5100 743 5155 ista
777 5102 909 5157 sinit
938 5105 1004 5158 ad
1039 5105 1170 5160 illud
1192 5109 1430 5165 evolare.

537 5190 628 5245 48.
664 5190 743 5245 Ne
769 5192 1029 5249 ditescere
1057 5198 1189 5252 velis
1227 5215 1392 5255 causa
1417 5203 1679 5260 mendicis
1712 5204 2033 5262 cliaritative

468 5283 804 5352 opitulandi;
842 5284 983 5344 Deus
1011 5289 1156 5344 enim
1189 5291 1304 5359 lege
1353 5295 1605 5362 sancivit,
1653 5298 1797 5366 quod
1846 5297 2034 5354 Justus

469 5392 501 5431 e
526 5377 762 5446 propriis
794 5378 887 5450 [αι.
917 5396 946 5435 e
965 5383 1113 5450 juste
1132 5383 1322 5457 partis]
1358 5388 1700 5442 misereatur.

538 5466 629 5521 49.
661 5466 718 5522 Si
753 5471 1006 5538 poculum
1039 5487 1193 5543 aqua;
1240 5473 1449 5544 frigidae
1508 5477 1770 5547 jnstilicat
1815 5480 2032 5537 miseri-

469 5558 709 5623 cordem,
739 5572 939 5629 quanta
966 5564 1222 5620 succedet
1258 5566 1546 5623 retributio
1568 5568 1618 5623 ei
1646 5570 1738 5640 qui
1771 5573 2033 5631 mendicis

472 5648 652 5700 omnia
682 5650 985 5721 dispergit?

542 5736 630 5794 50.
659 5739 816 5812 561
844 5742 1034 5803 Patres
1065 5746 1322 5805 virtutum
1360 5762 1487 5809 sunt
1516 5754 1757 5824 castitas,
1799 5765 1852 5813 et
1880 5773 2031 5814 como

2063 4470 2116 4529 D

2152 1910 2262 1946 νιον
2288 1894 2562 1959 ἀναδεῖξαι
2599 1894 2941 1966 δυνήσονται.

2222 1984 2313 2040 λδ’.
2366 1986 2660 2056 Ἐπιμελοῦ
2703 1988 2805 2058 τῆς
2852 1990 3088 2062 ἀρετῆς,
3131 1991 3268 2064 αῦτη
3316 1993 3433 2063 γὰρ
3482 1992 3626 2045 Θεὸν
3672 1995 3747 2047 ὅιὲ

2152 2074 2489 2147 φιλοσοφίας,
2522 2079 2615 2130 τὸν
2663 2080 2832 2150 Ἀδὰμ
2860 2082 3229 2139 ἀποδείκνυσι.

2221 2166 2313 2222 λε’.
2355 2170 2588 2240 Κρατεῖς
2622 2172 2895 2242 γαστρός;
2947 2174 3137 2244 κράτει
3179 2176 3276 2228 καὶ
3323 2175 3619 2246 γλώττης,
3669 2178 3744 2230 ἶνα

2153 2258 2229 2330 μὴ
2259 2259 2334 2330 τῷ
2367 2261 2465 2330 μὲν
2498 2262 2748 2334 ὑπάρχῃς
2778 2264 2980 2328 δοῦλος.
3011 2266 3091 2338 τῷ
3118 2266 3174 2319 δὲ
3204 2268 3501 2341 τυγχάνῃς
3552 2270 3741 2339 ἀνόνη-

2150 2369 2242 2416 τος
2270 2352 2575 2425 ἐλεύθερος.

2220 2445 2328 2511 λς’.
2381 2447 2596 2516 Ἀγάπα
2617 2448 2709 2502 τὸν
2742 2448 2895 2513 Θεὸν,
2924 2449 3065 2519 ὑπὲρ
3092 2449 3251 2502 αὑτὸν
3282 2450 3343 2503 δὲ
3374 2453 3501 2515 τοῖς
3530 2450 3742 2515 οἰκείοις

2155 2538 2229 2609 μὴ
2263 2541 2605 2612 πρόσπασχε,
2632 2544 2826 2613 μήπως
2852 2542 3037 2606 αὐτοῦ,
3065 2542 3208 2596 κατὰ
3232 2543 3332 2614 τὴν
3361 2543 3544 2597 αὑτοῦ
3568 2545 3744 2614 φωνῄ

2152 2628 2399 2701 εὑρεθῇς,
2432 2630 2506 2695 ὡς
2537 2632 2595 2685 οὐ
2634 2631 2827 2696 θέλεις,
2857 2631 3093 2698 ἀνάξιος.

2218 2798 2315 2862 λζ’.
2365 2801 2638 2874 Καρτέρει
2677 2804 2776 2868 τὰς
2821 2804 3067 2876 θλίψεις·
3115 2807 3175 2861 ἐν
3217 2808 3415 2873 αὐταῖς
3467 2808 3591 2881 γὰρ
3640 2812 3746 2874 τοῖς

2149 2893 2404 2948 ἀθλοῦσιν
2431 2898 2458 2948 6
2498 2896 2782 2965 στέφανος.

2219 2987 2320 3058 λη’.
2361 2988 2647 3059 Μακάριον
2684 2990 2913 3061 πάσχειν
2956 2991 3159 3057 κακῶς,
3195 2992 3257 3044 τὸ
3286 2995 3471 3045 ποιεῖν
3502 2992 3565 3046 δὲ
3592 3011 3739 3063 τρισ-

2151 3079 2361 3142 άθλιον,
2415 3079 2507 3133 τοῦ
2557 3082 2794 3151 Χριστοῦ
2848 3083 2959 3153 γὰρ
3020 3083 3359 3154 κληρὸνομος
3406 3088 3438 3138 6
3488 3086 3745 3155 πάσχων,

2148 3173 2314 3226 ποιῶν
2335 3174 2391 3226 δὲ
2413 3173 2507 3226 τοῦ
2537 3174 2780 3228 διαϐόλου
2811 3176 3268 3247 συγκληρόνομος.

2215 3264 2312 3319 λθ’.
2354 3264 2531 3328 Καλὸς
2562 3268 2590 3317 6
2615 3266 2713 3335 τῆς
2760 3267 3014 3336 νηστείας
3051 3268 3231 3337 ἄρτος,
3271 3266 3470 3339 ἐπειδὴ
3511 3269 3619 3338 τῆς
3653 3269 3735 3333 ζύ-

2150 3374 2256 3427 μης
2289 3358 2406 3410 ἐστὶ
2446 3357 2558 3409 τῶν
2590 3358 2791 3429 ἡδονῶν
2823 3359 3122 3424 ἐλεύθερος.

2215 3455 2288 3517 μ’.
2329 3450 2512 3516 Ἄγιος
2541 3449 2568 3500 6
2597 3450 2696 3519 τῆς
2724 3452 3029 3521 προσευχῆς
3049 3451 3249 3522 βωμὸς,
3280 3452 3431 3505 ἕλκει
3465 3454 3581 3526 γὰρ
3609 3456 3738 3524 πρὸς

2144 3527 2293 3608 ἡμᾶς
2329 3540 2419 3592 τὸν
2445 3540 2554 3593 τῶν
2594 3542 2764 3610 ἁγίων
2799 3544 3011 3611 ’Ἀγιον.

2218 3630 2327 3701 μα’.
2386 3632 2477 3703 Μὴ
2537 3633 2683 3689 δόκει
2736 3635 2832 3705 τὴν
2896 3635 3241 3706 δικαιοσύνην
3301 3637 3516 3708 ἀρετῆς
3586 3635 3723 3692 εἶναι

2145 3724 2439 3795 πάρεργον,
2494 3727 2664 3801 αὐτῆς
2712 3727 2821 3801 γὰρ
2871 3731 3075 3801 χωρὶς,
3116 3731 3265 3782 πᾶσα
3317 3730 3527 3799 πρᾶξις
3600 3733 3734 3784 ἀκά-

2147 3816 2365 3887 θαρτος.
3077 3910 3089 3925 ‘
3306 3911 3332 3921 _
3499 3916 3522 3925 _
3714 3916 3719 3925 .

2217 3909 2325 3979 μβ’.
2368 3908 2429 3961 Εί
2466 3910 2711 3981 σπείρεις
2751 3914 3006 3983 πτωχοῖς,
3033 3910 3102 3964 τὰ
3136 3911 3334 3964 σαυτοῦ
3384 3916 3646 3984 σπεῖρον,
3671 3916 3731 3966 τὰ

2142 3999 2253 4072 γὰρ
2281 4002 2559 4075 ἀλλότρια,
2585 4004 2837 4068 ζιζανίων
2866 4006 3190 4077 πικρότερα.

2216 4091 2326 4164 μγ’.
2381 4095 2594 4165 Τυφλδς
2643 4094 2925 4167 ἐλεήμων,
2976 4099 3024 4150 εί
3080 4097 3154 4167 μὴ
3202 4098 3442 4169 ὑπάρχει
3496 4098 3729 4160 δίκαιος,

2140 4186 2407 4258 γεωργῶν
2438 4188 2628 4258 ἀγρὸν,
2665 4188 2722 4241 ὃν
2752 4188 2989 4259 θερίζειν
3022 4192 3081 4242 οὗ
3114 4190 3362 4244 δύναται.

2216 4280 2315 4350 μδ’.
2362 4279 2640 4351 Προσδόκα
2699 4280 2796 4349 μὲν
2845 4282 2931 4334 ἀεὶ
2975 4280 3065 4334 τὸν
3116 4281 3368 4347 θάνατον,
3420 4280 3504 4351 μὴ
3557 4281 3726 4349 φοϐοῦ

2140 4371 2219 4438 δὲ,
2252 4371 2455 4444 ἀληθὴς
2485 4373 2594 4443 γὰρ
2624 4371 2912 4444 χαρακτὴρ
2942 4374 3261 4443 φιλοσοφίας
3294 4374 3589 4443 ἑκάτερον.

2204 4557 2304 4623 με’.
2350 4551 2700 4621 Σχηματίζου
2738 4552 2839 4622 τὴν
2887 4553 3107 4624 ἀρετὴν,
3150 4553 3255 4623 οὐχ’
3291 4555 3445 4617 ὅπως
3488 4556 3725 4625 ἀπατᾷς.

2143 4643 2258 4697 ἀλλ’
2283 4644 2432 4706 ὅπως
2460 4643 2676 4714 ὠφελῇς
2711 4645 2837 4708 τοὺς
2867 4644 3184 4715 βλέποντας.

2217 4734 2334 4806 pg’.
2382 4735 2575 4804 Λέγειν
2622 4735 2728 4807 χρὴ
2776 4735 2923 4790 καλὰ.
2962 4737 3182 4791 καὶτὸν
3225 4735 3299 4808 μὴ
3354 4737 3505 4821 καλὰ
3552 4738 3723 4808 agat.

2142 4843 2323 4889 τοντα,
2351 4828 2497 4892 ὅπως
2520 4827 2747 4899 ἄρξηται
2772 4828 2880 4885 τῶν
2910 4828 3107 4900 ἔργων,
3134 4830 3262 4893 τοὺς
3294 4829 3497 4898 λὸγους
3532 4833 3723 4899 αἰσχυ-

2144 4920 2387 4991 νόμενος.

2212 5013 2321 5083 μζ’.
2362 5013 2426 5066 El
2452 5012 2542 5069 τδν
2572 5014 2801 5086 οὐρανὸν
2824 5014 3047 5082 ποθεῖς,
3078 5013 3246 5085 μηδέν
3278 5031 3361 5068 σοι
3399 5014 3504 5069 καὶ
3522 5018 3591 5086 τῇ
3627 5017 3715 5085 γῇ“

2137 5105 2239 5159 οὐκ
2267 5106 2333 5177 ἐᾷ
2358 5106 2466 5178 γὰρ
2498 5107 2679 5179 ἐκείνη
2712 5107 2849 5178 πρὸς
2876 5108 3082 5161 ἐκεῖνον
3110 5106 3471 5162 ἀνίπτασθαι.

2212 5196 2323 5269 μη’.
2384 5199 2474 5270 Μὴ
2532 5198 2723 5266 βούλου
2783 5198 3053 5264 πλουτεῖν,
3109 5198 3489 5269 φιλοπτωχίας
3540 5202 3712 5263 ἕνεκα,

2141 5288 2249 5342 ἀπὸ
2283 5289 2393 5360 γὰρ
2430 5289 2538 5343 τῶν
2562 5290 2751 5355 ὄντων,
2786 5291 2956 5344 ἐλεεῖν
2986 5292 3013 5344 6
3045 5290 3177 5353 Θεὸς
3208 5291 3497 5361 νομοθετεῖ
3530 5291 3619 5344 τὸν
3642 5292 3712 5345 δὶ-

2142 5398 2317 5435 καιον.

2214 5473 2319 5545 μθ’.
2342 5474 2404 5527 El
2432 5475 2689 5547 ποτήριον
2715 5475 2960 5547 ψυχροῦν
3011 5477 3214 5531 δικαιοῖ
3239 5476 3331 5530 τὸν
3363 5476 3708 5549 οίκτίρμονα,

2140 5568 2279 5638 πόση
2303 5585 2387 5631 τις
2407 5568 2607 5640 ἀμοιϐὴ
2626 5568 2717 5622 τὸν
2748 5570 2922 5623 πάντα
2945 5568 3309 5640 σκορπίζοντα
3336 5572 3451 5633 τοῖς
3479 5572 3707 5639 πτωχοῖς

2138 5660 2441 5732 διαδέχεται
2462 5678 2477 5725 ;
3176 5721 3182 5725 .

2213 5760 2274 5808 ν’.
2310 5755 2551 5825 Πατέρες
2580 5754 2690 5809 τῶν
2724 5752 2931 5826 ἀρετῶν
2966 5753 3184 5824 ἁγνεία,
3222 5753 3320 5807 καὶ
3366 5752 3703 5824 συμπάθεια,
