3838 6056
25 308 176 374 [245

1424 318 1882 383 ΞΕΝΤΕΝΤῙΕ.

3127 290 3261 380 12346

25 430 78 482 n’»
107 428 301 483 τοίνυν
321 427 401 485 ἔνι
428 428 507 501 τῷ
525 429 746 502 Χριστῷ
774 431 898 503 δίχα
921 430 1121 503 ταύτης
1145 432 1412 505 ἢὲκείνης
1443 452 1606 507 στρα-

1767 436 1926 503 ιεείο;
1988 433 2152 505 igitur
2207 431 2328 509 sine
2383 431 2507 495 hac,
2564 431 2649 486 vel
2691 430 2782 485 illa
2835 445 2940 486 non
2984 430 3110 485 licet
3160 430 3264 484 sub

25 518 312 576 εεύεσθαι.

91 618 215 666 να’.
251 612 342 681 Μὴ
380 610 572 682 ἀμέλει
601 612 699 683 τῆς
728 613 1097 682 συμπαθείας,
1126 614 1321 687 τὸγὰρ
1350 616 1409 682 ἐξ
1441 618 1609 689 αὐτῆς

1707 527 1923 583 Christo
1959 526 2212 581 militare.

1777 620 1864 674 5t.
1903 617 1980 674 Ne
2005 618 2435 688 compassionem
2468 614 2728 686 negligas,
2768 628 2905 684 opus
2932 614 3098 679 enim,
3121 612 3267 683 quod

25 703 294 775 ὂργανον,
334 702 415 756 τὺι
463 702 533 756 δι’
566 704 715 775 ἡμᾶς
742 705 1095 776 σαρκωθέντα
1145 708 1259 772 τοῖς
1302 707 1609 780 ἀνθρώποις

1767 711 1937 782 ;,ἱρεο
1987 710 2275 781 processit,
2328 708 2574 765 exhibuit
2628 707 2940 762 hominibus
2982 720 3130 772 eum,
3173 704 3269 776 qui

25 795 387 866 παρέστησεν
418 794 515 867 (1).

95 889 213 957 νβ’.
244 890 334 960 Μὴ
384 890 569 963 εἴπῃς⁸
601 890 835 961 Τίσομαι
871 890 965 947 τὸν
1002 890 1218 973 ἐχθρὸν,
1272 893 1465 966 κριτὴν
1501 893 1610 967 γὰρ

25 981 254 1035 δίκαιον
288 983 349 1036 ὲν
380 982 595 1053 οὐρανῷ
622 983 966 1055 κεκτήμεθα.

97 1081 213 1142 νγ’.
236 1075 328 1136 Μὴ
352 1073 543 1144 βούλου
570 1073 665 1146 [αι.
695 1074 825 1130 add.
849 1078 1083 1147 τρυφᾷν,
1108 1076 1209 1150 μὴ]
1238 1077 1509 1144 πλουτεῖν,
1535 1077 1611 1150 μὴ

25 1164 384 1230 δοξάζεσθαι,
416 1165 597 1237 φθορὰ
628 1165 737 1235 γὰρ
774 1166 947 1221 ταῦτα
965 1167 1059 1221 τοῦ
1089 1168 1228 1240 βίου,
1250 1170 1415 1241 ἡμεῖς
1434 1170 1491 1224 δὲ
1512 1169 1613 1226 οὐκ

26 1259 212 1329 ὲσμεν
234 1257 309 1321 ὡς
336 1258 386 1311 οἱ
424 1256 793 1330 φθειρόμενοι.

104 1352 210 1405 νδ’.
256 1352 379 1405 Ἐπὶ
408 1351 589 1424 νεκρῷ
619 1353 695 1424 μὴ
714 1353 923 1426 θρήνει,
950 1356 1108 1426 κοινὴ
1136 1354 1247 1429 γὰρ
1273 1358 1306 1429 ἡ
1346 1356 1484 1425 ὁδὸς,
1504 1359 1533 1412 ὁ
1556 1358 1614 1413 δὲ

28 1443 264 1512 φθάνων
288 1446 578 1516 μακάριος.

106 1544 211 1592 γε’.
240 1538 344 1591 Τὸν
372 1538 759 1611 ἁμαρτάνοντα
785 1540 1076 1613 πένθησον,
1116 1541 1240 1612 οὐχὶ
1259 1543 1316 1597 δὲ
1344 1545 1436 1599 τὸν
1462 1561 1614 1598 πτω-

33 1629 297 1702 χεύοντα,
317 1631 673 1701 στεφανοῦται
690 1633 799 1705 γὰρ
820 1632 1002 1698 αὐτὸς,
1021 1635 1227 1698 ἐκεῖνος
1237 1635 1293 1688 δὲ
1306 1635 1612 1701 κολάζεται.

114 1721 232 1788 νς’.
264 1723 400 1777 Γέλα
429 1724 531 1794 μὲν
563 1725 657 1778 τοῦ
682 1726 798 1795 βίου
823 1727 914 1779 τὸν
934 1728 1130 1798 τροχὸν
1154 1728 1408 1792 ἀτάκτως
1438 1730 1617 1783 κυλιό-

1707 813 1930 874 propter
1960 818 2060 858 nos
2093 816 2313 857 carnem
2342 799 2601 871 suscepit.

1778 893 1866 947 52.
1905 891 1983 947 Ne
2009 892 2159 947 dicas
2187 909 2203 950 :
2229 890 2501 947 Ultionem
2524 903 2733 945 sumam
2761 888 2827 943 de
2856 886 3108 953 inimico;
3133 883 3272 957 judi-

1710 1000 1825 1041 cem
1852 984 2220 1055 enimjustum
2248 984 2589 1039 obtinuimus
2616 982 2671 1036 in
2701 982 2861 1036 caelo.

1780 1077 1869 1132 55.
1908 1076 1986 1133 Ne
2015 1076 2151 1132 velis
2184 1075 2522 1146 locupletari,
2549 1084 2685 1130 neve
2717 1072 2900 1144 gloria:
2937 1085 3102 1126 causa
3128 1068 3274 1124 aesti-

1710 1170 1884 1235 mari;
1920 1178 2048 1225 sunt
2075 1168 2273 1239 quippe
2312 1167 2419 1222 ista
2464 1165 2647 1221 saeculi
2698 1161 2998 1234 corruptio,
3031 1174 3133 1215 nos
3172 1174 3273 1213 au-

1711 1263 1820 1312 tem
1852 1271 1963 1311 non
1995 1270 2186 1311 sumus
2211 1262 2269 1309 ut
2290 1252 2685 1323 corruptibiles.

1781 1349 1871 1404 54.
1916 1345 2091 1417 Super
2118 1347 2401 1402 demortuo
2440 1359 2510 1400 ne
2546 1344 2751 1414 lugeas,
2787 1337 3096 1396 communis
3123 1351 3277 1391 nam-

1712 1457 1820 1514 que
1850 1450 1933 1497 est
1952 1440 2061 1505 via,
2096 1449 2150 1494 et
2182 1439 2276 1509 qui
2308 1437 2571 1508 pervenit,
2603 1442 2688 1489 est
2718 1435 2928 1489 beatus.

1781 1533 1869 1589 55.
1910 1532 2227 1589 Peccantem
2266 1529 2422 1595 delle,
2464 1543 2575 1583 non
2617 1534 2797 1581 autem
2844 1523 3276 1589 mendicantem;

1714 1625 1823 1681 iste
1854 1622 2056 1693 quippe
2085 1627 2402 1683 coronatur,
2432 1618 2522 1674 ille
2552 1631 2683 1671 vero
2710 1613 2953 1685 punitur.

1785 1716 1873 1773 56.
1913 1714 2048 1770 Ride
2074 1713 2294 1784 quidem
2317 1712 2442 1766 vita:
2462 1719 2636 1764 rotam
2668 1704 2973 1761 inordinate
2997 1703 3234 1757 volutam
3259 1718 3277 1763 ς

41 1832 240 1885 μενον,
266 1792 533 1887 φυλάττου
559 1817 617 1871 δὲ
654 1792 744 1871 τδν
765 1792 1070 1890 τροχὸννείς
1092 1820 1151 1874 ὃν
1178 1820 1373 1887 κυλίει,
1404 1822 1531 1886 τούς
1560 1824 1617 1878 ὲν

1767 1828 1773 1863 μ
1815 1822 1933 1863 eam
1985 1821 2114 1862 cave
2158 1815 2357 1871 rotam,
2403 1804 2459 1857 in
2492 1817 2654 1872 quam
2699 1797 3059 1854 devolvuntur
3104 1794 3141 1847 ii
3187 1792 3281 1862 qui

43 1909 204 1978 αὐτῷ
227 1910 613 1974 νυστάζοντας.
1386 1952 1389 1955 .

119 1999 224 2066 νζ.
272 2002 438 2056 Λάλει
500 2002 579 2073 τῷ
637 2004 755 2075 Θεῷ
810 2004 1001 2070 πολλὰ,
1033 2006 1131 2059 καὶ
1174 2007 1287 2069 τοῖς
1313 2005 1622 2078 ἀνθρώποις

46 2094 336 2163 ἐλάχιστα,
371 2098 435 2166 τῇ
474 2094 673 2168 μελέτῃ
705 2096 763 2150 δὲ
788 2098 881 2151 τοῦ
905 2098 1070 2168 νόμου
1105 2099 1471 2171 κατορθώσεις
1495 2100 1625 2155 ἑκά-

46 2203 210 2256 τερα.

121 2288 229 2352 νη’.
260 2281 475 2354 Λουτὴρ
496 2283 700 2352 ἀγαθὸς
724 2287 791 2357 τῇ
813 2284 958 2357 ψυχῇ
980 2284 1043 2338 τὸ
1075 2285 1177 2354 τῆς
1198 2287 1506 2357 προσευχῆς
1533 2286 1626 2342 δά-

51 2388 248 2440 κρυον,
277 2372 413 2428 ἀλλὰ
442 2374 580 2445 μετὰ
611 2376 712 2447 τὴν
743 2376 1053 2449 προσευχὴν
1076 2377 1324 2449 μέμνησο
1360 2377 1504 2441 τίνος
1524 2378 1623 2448 χά-

54 2480 144 2535 ριν
184 2465 515 2536 ἐδάκρυσας.

126 2552 228 2607 νϐ’.
254 2547 394 2618 Τοὺς
423 2555 681 2620 δυνατοὺς
708 2556 802 2611 τοῦ
829 2556 944 2627 βίου
979 2557 1054 2629 μὴ
1103 2557 1394 2631 μακάριζε,
1411 2559 1628 2614 δυνατοὶ

51 2644 168 2715 γὰρ
208 2645 450 2711 δυνατῶς
493 2650 913 2720 ὲτασθήσονται,
954 2650 1079 2705 ὅθεν
1121 2652 1273 2705 αὐτοὶ
1300 2652 1392 2706 τὸν
1436 2653 1627 2725 κριτὴν

53 2738 458 2811 αὐστηρότερον
495 2740 729 2805 ἕξουσιν.
1214 2742 1223 2750 ’

127 2831 197 2897 ξ’.
236 2834 329 2886 Δεῖ
353 2835 537 2888 πονεῖν
568 2834 660 2888 τὸν
702 2834 895 2905 Ἀδὰμ,
946 2837 1110 2906 ἡμεῖς
1140 2837 1199 2889 δὲ
1244 2837 1543 2903 πονοῦντες
1569 2841 1628 2893 ὲν

55 2924 135 2995 τῷ
161 2925 336 2997 νόμῳ,
366 2927 464 2998 τὴν
500 2928 737 2998 ἀμοιϐὴν
762 2929 1138 3000 κερδαίνομεν.

127 3016 235 3084 ξα’.
286 3019 522 3091 Ἀνάγκη
571 3021 670 3092 τῆς
711 3020 1040 3087 Εὕας.τούς
1098 3023 1472 3095 κληρονόμους
1516 3023 1629 3078 θλί-

1721 1900 2019 1955 dormitant
2041 1899 2098 1952 in
2129 1898 2264 1967 ipsa.

1791 1990 1879 2044 57.
1920 1987 2085 2043 Multa
2129 2003 2254 2041 cum
2296 1985 2406 2041 Deo
2446 1984 2688 2054 loquere,
2716 1991 2770 2037 et
2796 1978 3121 2051 paucissima
3160 1987 3282 2028 cum

1722 2082 2073 2147 hominibus;
2115 2078 2252 2150 legis
2290 2086 2471 2133 autem
2516 2074 2866 2131 meditatione
2910 2082 3136 2139 utraque
3161 2079 3286 2137 pro-

1722 2188 1882 2245 spere
1910 2172 2151 2243 patrahis

1795 2290 1881 2346 58.
1948 2288 2213 2359 Lacryma
2280 2284 2544 2340 orationis
2615 2283 2889 2337 lavacrum
2948 2278 3150 2332 bonum
3203 2281 3287 2329 est

1724 2383 1938 2447 animae,
1969 2382 2060 2436 sed
2108 2389 2234 2451 post
2270 2378 2572 2435 orationem
2614 2381 2886 2430 memento
2918 2371 3074 2441 cujus
3114 2367 3287 2439 gratia

1726 2474 2052 2545 lacrymatus
2090 2487 2170 2527 es.

1794 2565 1883 2620 59.
1925 2564 2182 2620 Potentes
2224 2562 2405 2619 saeculi
2441 2577 2510 2618 ne
2545 2558 2804 2631 praedices
2838 2558 3053 2620 beatos;
3104 2560 3290 2621 p0ten-

1726 2665 1809 2712 tes
1850 2670 2086 2726 namque
2134 2663 2386 2726 potenter
2428 2661 2695 2708 tormenta
2737 2644 3101 2719 patientur“;
3146 2641 3291 2696 unde

1727 2750 1829 2820 ipsi
1865 2749 2104 2818 judicem
2134 2748 2414 2802 habebunt
2444 2744 2824 2800 austeriorem.

1799 2841 1886 2895 60.
1928 2840 2169 2910 Oportet)
2196 2838 2462 2892 Adamum
2498 2836 2772 2897 laborare;
2804 2844 2903 2884 nos
2933 2841 3064 2882 vero
3093 2825 3147 2880 in
3177 2823 3293 2893 lege

1728 2934 2040 2988 laborantes
2062 2930 2396 2986 lucrabimur
2417 2925 2850 2982 retributionem.

1800 3025 1889 3078 61.
1930 3021 2162 3077 Necesse
2198 3030 2283 3076 est
2316 3028 2376 3074 ut
2416 3018 2657 3073 haeredes
2690 3013 2814 3067 Eva:
2842 3012 3201 3071 aﬂlictentur;
3237 3014 3295 3059 at

58 3110 277 3177 ϐεσθαι,
337 3112 454 3166 ἀλλ’
496 3113 623 3166 ὅταν
674 3113 1012 3184 εὐχαρίστως
1058 3115 1157 3179 τὰς
1209 3114 1415 3184 θλίψεις
1473 3116 1627 3169 ὐπο-

1770 3114 1946 3167 uando
1966 3112 2284 3167 alllictiones
2304 3126 2427 3164 cum
2445 3108 2739 3179 gratiarum
2765 3104 2978 3159 actione
2998 3100 3294 3154 toleramus

1823 3205 1836 3214 ι
1979 3204 2010 3214 ,ι
2057 3203 2086 3214 Α.
2360 3200 2407 3214 ι·
2613 3205 2833 3214 ,,,,._.i_4
2862 3190 3168 3214 ..--,1,.,Ιζ,.ιῖλ

60 3204 337 3276 μένωμεν,
378 3208 457 3270 είς
488 3207 738 3275 εὐλογίαν
774 3208 909 3277 ἡμῖν
940 3209 972 3277 ἡ
1017 3208 1230 3279 κατάρα
1277 3209 1621 3279 μετέρχεται.

130 3294 449 3367 ξβὀΛύχνῳ
492 3296 625 3367 πρὸς
679 3296 779 3359 τὰς
818 3297 1050 3367 πράξεις
1100 3297 1178 3368 τῷ
1238 3299 1499 3352 συνειδότι
1548 3300 1622 3352 κέ-

58 3407 271 3461 χρησο·
309 3389 467 3443 τοῦτο
514 3390 621 3461 γάρ
674 3406 754 3443 σοι
803 3390 862 3444 ἐν
910 3390 1010 3461 βίῳ
1051 3390 1213 3455 ποίας
1266 3392 1476 3460 ἀγαθὰς
1526 3393 1634 3446 δεί..

62 3500 281 3538 κνυσιν.

131 3575 238 3643 ξγ⁸.
282 3575 543 3637 Ἐαυτούς
580 3577 880 3646 κρίνωμεν,
930 3576 1025 3628 καὶ
1053 3578 1081 3629 ὁ
1126 3576 1335 3647 Κριτὴς
1364 3575 1635 3646 κατήλλα-

64 3680 185 3717 κται
211 3680 228 3693 ·
264 3665 443 3735 χαίρει
494 3663 600 3733 γὰρ
653 3663 729 3727 ὡς
758 3663 987 3732 ἀγαθὸς,
1022 3663 1114 3717 τὸν
1141 3665 1462 3735 ἁμαρτωλὸν
1500 3665 1635 3719 θεω-

69 3757 194 3828 ρῶν,
236 3757 298 3809 τὸ
320 3756 541 3827 φορτίον
572 3755 957 3825 σκορπίζοντα.

133 3850 230 3915 ξδ’.
266 3848 335 3903 Εἰ
354 3866 407 3901 τι
424 3848 666 3919 ῥυπαρὸν
690 3850 1025 3919 πέπρακται,
1050 3851 1115 3920 τῇ
1140 3849 1394 3921 μετανοίᾳ
1423 3850 1635 3904 πλύνωο

71 3957 189 4011 μεν,
233 3942 503 4013 μέλλομεν
547 3941 658 4012 γὰρ
695 3939 794 4013 τὴν
834 3942 1019 3995 εἰκόνα
1057 3936 1304 4011 καθαρὰν
1353 3940 1636 4011 μεθοδεύε-

72 4034 220 4091 σθαι.

139 4129 237 4195 ξε’.
270 4128 407 4200 Πρὶν
438 4127 814 4197 γυμνωθῆναι,
840 4125 968 4197 ἕλκη
992 4127 1092 4197 τῆς
1129 4128 1305 4199 ψυχῆς
1334 4126 1638 4197 θεραπεύω-

75 4235 195 4290 μεν,
216 4221 307 4274 ἵνα
352 4221 699 4292 κερδάνωμεν
724 4222 837 4283 τοῖς
879 4220 1191 4289 φαρμάκοις
1220 4217 1320 4281 τὰς
1345 4218 1635 4289 μάστιγας.

143 4393 252 4458 5’?-
288 4393 497 4463 Ὥσπερ
526 4392 803 4464 δυσχερῶς
817 4393 868 4446 οί
889 4391 1163 4463 δεσμῶται
1196 4392 1521 4463 βαδίζουσιν,
1549 4394 1639 4446 οὐ·

1731 3206 1784 3258 in
1823 3203 2253 3259 benedictionem
2284 3200 2442 3254 nobis
2471 3205 2835 3252 commutatur
2862 3190 3190 3247 maledictio.

1799 3294 1887 3349 6‘2.
1927 3294 2085 3365 562
2133 3290 2473 3348 Conscientia
2535 3300 2685 3343 utere
2738 3285 2901 3341 veluti
2956 3284 3170 3336 lucerna
3225 3279 3291 3333 ad

1731 3390 1971 3445 actiones
2022 3399 2167 3455 tuas;
2231 3388 2565 3442 demonstrat
2619 3384 2761 3438 enim
2824 3382 2927 3435 ista
2986 3378 3173 3448 quales
3240 3375 3295 3429 in

1730 3483 1837 3536 vita
1879 3481 2033 3534 bona:
2062 3486 2208 3532 sunt.
2563 3528 2569 3535 ,

1802 3574 1888 3627 65.
1932 3574 2041 3625 Nos
2072 3571 2220 3640 ipsos
2249 3567 2576 3638 iudicemus,
2624 3572 2679 3619 et
2708 3562 2880 3618 Judex
2915 3557 3296 3615 reconciliatus

1732 3674 1848 3731 est;
1880 3664 2079 3735 gaudet
2118 3662 2259 3717 enim
2291 3668 2352 3715 ut
2394 3660 2590 3723 bonus,
2620 3656 2749 3711 dum
2786 3654 2928 3709 videt
2959 3660 3295 3723 peccatoreni

1732 3772 1871 3811 onus
1899 3756 2315 3825 dispergentem.

1804 3846 1892 3901 64.
1937 3845 1992 3900 Si
2042 3845 2172 3916 quid
2208 3843 2483 3901 sordidum
2530 3839 2732 3895 factum
2778 3838 2942 3893 fuerit
2987 3831 3299 3905 pmnitentia

1735 3941 2084 4010 perluamus;
2139 3938 2399 3994 debemus
2453 3949 2691 4005 namque
2761 3946 2954 4003 puram
3008 3928 3299 3997 imaginem

1736 4031 2100 4086 architectari.

1807 4123 1896 4178 65.
1935 4123 2241 4191 Antequam
2289 4119 2647 4182 denudemur,
2691 4115 2886 4171 animae
2928 4113 3105 4167 ulcera
3144 4125 3300 4165 cure-

1739 4230 1882 4277 mus,
1938 4222 2001 4269 ut
2041 4211 2287 4283 ﬂagella,
2337 4225 2434 4266 seu
2480 4207 2717 4264 divinam
2772 4205 3030 4260 ultionem
3079 4200 3301 4255 vitando

1739 4305 2033 4360 lucremur.
2308 4300 2311 4301 ⁷

1810 4396 1899 4450 66.
1941 4393 2404 4462 Quemadmodum
2434 4390 2601 4446 vincti
2645 4386 2931 4443 difﬁculter
2958 4381 3297 4454 gradiuntur,

75 4501 181 4547 τως
211 4484 302 4537 τὸν
327 4484 529 4554 δρόμον
557 4487 655 4552 τῆς
685 4483 887 4554 ἀρετῆς
905 4486 953 4537 οἱ
989 4484 1403 4555 συμπλακέντες
1431 4484 1510 4555 τῷ
1537 4485 1627 4556 βίῳ

1767 4498 1813 4542 ta
1843 4488 2043 4543 sarculo
2071 4486 2338 4556 impliciti,
2364 4498 2559 4554 purum
2588 4480 2803 4535 virtutis
2832 4476 3161 4533 curriculum
3193 4486 3298 4526 non

74 4576 318 4645 καθαρὸν
355 4576 457 4628 οὐκ
501 4574 773 4629 ἀνύουσιν.

147 4664 245 4730 EC.
277 4666 397 4735 Χρὴ
444 4665 544 4736 τὴν
589 4665 863 4737 ἁμαρτίαν
893 4667 1093 4736 μισεῖν,
1118 4666 1292 4731 οὕτως
1320 4667 1428 4738 γὰρ
1448 4669 1513 4721 ὲκ
1539 4669 1634 4739 τῆς

77 4756 247 4828 αὐτῆς
273 4757 498 4826 παγίδος
545 4757 767 4821 θᾶττον,
807 4756 909 4812 κᾶν
946 4758 1207 4831 ὀλισθήσῃ
1265 4776 1349 4824 τις
1382 4762 1518 4832 πρὸς
1539 4763 1638 4815 αὐ·

77 4849 201 4917 τὴν,
227 4848 586 4913 ἐξελεύσεται.

150 4939 252 5010 ξη’.
286 4941 384 5003 Ὃς
432 4940 493 4994 οὐ
557 4943 707 5012 μισεῖ
760 4940 860 5012 τὴν
904 4942 1201 5011 ἁμαρτίαν,
1261 4944 1321 4997 ἐν
1377 4946 1637 5018 ἀμαρτω-

79 5026 213 5098 λοϊς,
252 5031 302 5083 εί
335 5032 434 5086 καὶ
487 5032 564 5103 μὴ
617 5032 846 5104 πράττει
877 5033 977 5102 τὴν
1023 5034 1318 5105 ἁμαρτίαν,
1369 5039 1636 5108 κρίνεται.

1775 4581 2047 4637 eriiciunt.

1775 4599 2047 4637 erucmnt.

1740 4599 1774 4653 Ρ
1809 4674 1897 4727 67.
1940 4672 2165 4743 Oportet
2192 4669 2373 4726 odisse
2410 4675 2715 4739 peccatum,
2745 4664 2826 4719 sic
2852 4662 2996 4718 enim
3039 4676 3103 4715 ex
3133 4657 3302 4727 ipsius

1738 4766 1838 4821 reti
1885 4765 2119 4821 celerius
2147 4763 2271 4835 quis
2318 4762 2529 4827 exibit,
2574 4759 2678 4815 etsi
2722 4761 2778 4813 in
2824 4756 2953 4812 illud
2999 4753 3161 4809 fuerit
3207 4749 3301 4804 de-

1737 4860 1941 4915 lapsus.

1827 4875 1941 4915 sus.

1790 4875 1902 5007 p(i8.
1939 4948 2042 5017 Qui
2073 4964 2181 5004 non
2225 4947 2340 5003 odit
2383 4951 2688 5015 peccatum,
2728 4939 2831 4996 etsi
2874 4936 3097 4993 minime
3137 4931 3303 4988 faciat

1746 5051 2050 5127 peccatum,
2086 5043 2224 5098 inter
2252 5046 2565 5111 peccatores
2586 5034 2884 5106 iudicatur.

153 5258 415 5343 (1)Αρυᾶ
452 5263 704 5319 Dircaeum
734 5252 832 5321 hic
869 5282 1130 5321 numerus
1174 5267 1440 5336 duplicem
1487 5268 1620 5323 elIici

153 5340 405 5388 utentlam
456 5354 469 5390 :
524 5335 645 5389 187.
678 5338 767 5392 Μὴ
803 5336 996 5392 ἀμέλει
1019 5338 1118 5392 τῆς
1147 5338 1511 5392 συμπαθείας·
1544 5339 1627 5391 αὐ-

1767 5271 1845 5341 ῖῆς
1874 5271 2093 5339 ἁγνείας
2112 5287 2128 5303 ο
2158 5271 2219 5322 τὸ
2242 5267 2348 5392 γὰέ
2384 5262 2445 5330 ἐξ
2477 5263 2644 5334 αὐτῆς
2672 5260 2900 5332 ὄργανον
2929 5254 3020 5308 τὸν
3058 5250 3124 5304 δι’
3156 5248 3301 5319 ἡμᾶς

1767 5342 2099 5392 ταοκωθέντα
2146 5342 2255 5392 τοῖς
2345 5334 2612 5392 νθοώποις
2664 5330 2993 5392 παρέστησε.
3050 5320 3130 5375 Ne
3174 5334 3300 5372 con-

86 5333 405 5388 sententiam

87 5413 152 5468 τη
204 5402 313 5478 γᾲρ
358 5404 690 5478 τὺνννὰγαθὸν
731 5402 1005 5476 Δεσπότην
1037 5402 1096 5472 ἐξ
1123 5402 1352 5476 οὐράνοῧ
1403 5410 1644 5478 κατήγα-

89 5482 200 5545 ζεν.
234 5476 316 5545 Ne
348 5476 579 5545 negligas
626 5479 1071 5545 compassiomm;
1109 5480 1223 5545 ipsa
1272 5479 1409 5532 enim
1453 5476 1643 5532 bonum

92 5536 366 5597 Dominum
400 5536 433 5598 ἔ
469 5536 594 5601 ὄωιο
635 5536 885 5602 detraxit.
919 5536 1142 5623 -τ188ί
1184 5548 1277 5620 Μὴ
1317 5549 1643 5620 καταφρόνει

456 5354 469 5390 :
524 5335 645 5407 187.
678 5338 768 5407 Μὴ
803 5336 996 5405 ἀμέλει
1019 5338 1118 5405 τῆς
1147 5335 1511 5407 συμπαθείας·
1544 5339 1644 5391 αὓ-

159 5717 203 5750 "
226 5719 349 5778 Sau.
381 5739 453 5787 vi,
490 5722 542 5777 7.

2146 5320 2265 5412 τοῖς.
2288 5320 2640 5412 γᾶνθρώττοιέῠ
2664 5320 2993 5401 παρέστησε,
3013 5410 3032 5412 Α
3044 5320 3300 5412 glauco-1‘1:

1747 5401 1944 5466 Ieiunas
1983 5401 2319 5471 castitatem;
2348 5401 2471 5462 ndm
2510 5404 2654 5457 illius
2680 5414 2932 5472 organum
2971 5401 3178 5466 propter
3204 5402 3296 5445 nos

1745 5483 2078 5538 incarnatum
2116 5481 2385 5539 Christum
2417 5474 2672 5532 exhibuit.
