3838 6056
540 298 673 363 1247
2026 310 2056 370 ε

2266 311 2288 369 Ι
3660 316 3782 380 1243

605 412 694 465 69.
737 408 912 480 Super
952 411 1201 481 proximo
1246 423 1504 481 peccante
1533 430 1707 485 geme,
1744 424 1803 470 ut
1850 427 1903 473 et
1932 434 2094 489 super

2266 419 2361 484 ἔθ’.
2416 420 2542 473 Ἐπὶ
2596 419 2676 491 τῷ
2732 422 2962 492 πλησίον
2992 423 3371 494 ἁμαρτάνοντι
3410 424 3682 494 στέναξε,
3709 432 3778 484 ἴτε

533 499 707 569 teipso
734 515 939 570 gemas,
966 516 1155 557 omnes
1183 504 1326 557 enim
1365 521 1553 561 sumus
1580 507 1817 575 peccatis
1849 509 2045 564 obnoxi

2259 511 2290 563 εὶ
2324 511 2547 565 σεαυτὸν
2594 513 2877 585 στενάξῃς,
2914 515 3114 580 πάντες
3141 518 3249 589 γάρ
3272 520 3450 589 ἐσμεν
3488 519 3775 589 ἁμαρτίαις

2194 601 2507 656 ὑπεύθυνοι.

604 677 691 732 70.
731 679 1110 738 Commemora
1135 680 1341 741 Judicis
1369 686 1625 749 amicum,
1653 688 1747 758 qui
1773 690 1958 760 lapsus
1987 702 2090 756 est,

2259 699 2321 747 o'.
2368 693 2776 764 Ἀναμίμνησκε
2805 697 2902 750 τοῦ
2944 699 3151 770 Κριτοῦ
3210 701 3306 755 τὸν
3350 702 3527 770 φίλον
3576 703 3774 773 63.5813-

532 776 796 841 tuumque
826 772 1024 830 illinies
1056 776 1284 843 vulnus;
1325 781 1623 836 remedium
1653 784 1853 854 quippe
1882 787 2048 841 consil

2254 802 2380 852 ιντα,
2406 787 2503 839 καὶ
2531 786 2593 839 τὸ
2627 788 2720 841 σὸν
2752 790 3084 859 ὲμπλάττεις
3129 793 3383 866 τραῦμα,
3446 796 3648 848 κοινὸν
3682 772 3770 864 τάξ

529 875 822 918 commune
849 874 952 920 εει.

2188 876 2286 947 τῆς
2308 895 2371 930 συ
2382 878 2622 949 μὸουλῆς
2638 880 2699 933 τὸ
2727 881 3039 951 φάρμακον.

598 952 688 1008 71.
727 952 863 1009 Cum
913 955 1157 1013 dicturus
1207 968 1300 1014 aut
1345 960 1590 1018 facturus
1630 980 1687 1019 es
1721 965 1944 1036 aliquid,
1992 983 2091 1022 cu‘

2259 975 2357 1022 οα¹.
2393 970 2590 1038 Λέγειν
2618 972 2672 1024 τί
2704 973 2934 1043 μέλλων,
2970 975 3003 1046 ἢ
3036 977 3319 1047 πράττειν,
3370 978 3489 1049 τῆς
3524 980 3671 1048 μετὰ
3699 1000 3769 1049 μι-

528 1055 645 1095 ram
678 1059 802 1127 gere
838 1044 1169 1102 defensionis
1198 1050 1358 1117 paulo
1386 1062 1501 1119 post
1546 1052 1863 1109 adhibenda:
1903 1057 2044 1127 sicqt

2251 1061 2320 1114 ιὸν
2380 1063 2681 1131 ἀπολογίας
2727 1044 3005 1135 φρόντιζε,
3056 1044 3150 1123 καὶ
3181 1044 3500 1142 σωφρονεῖς
3524 1044 3617 1143 -τῷ

528 1152 558 1190 a
586 1136 780 1192 timore
800 1149 1100 1204 correctus,
1128 1143 1237 1196 eris
1268 1153 1600 1213 temperans.

1066 1156 1100 1204 ς,
1128 1143 1237 1196 eris
1268 1153 1372 1197 tem
1382 1161 1600 1213 perans.
2188 1154 2582 1225 διορθούμενος.

598 1229 686 1282 72.
742 1228 894 1286 Time
945 1235 1149 1302 peccati
1191 1237 1540 1306 supplicium,
1589 1249 1642 1293 et
1698 1240 1934 1297 dedecus
1979 1258 2089 1297 non

2257 1246 2354 1316 οβ’.
2382 1247 2493 1316 Τῆς
2522 1248 2798 1320 ἁμαρτίας
2818 1251 2920 1321 τὴν
2938 1253 3205 1324 τιμωρίαν
3234 1256 3440 1325 φοϐοῦ,
3462 1256 3576 1329 τὴν
3597 1259 3763 1328 αἰσχύ-

528 1321 826 1389 sustineas;
858 1326 1107 1381 molestia
1134 1343 1370 1399 namque
1397 1334 1679 1400 utriusque
1708 1333 1990 1389 immensa.

2245 1357 2286 1410 ιν
2314 1340 2371 1395 δὲ
2395 1340 2591 1411 νάρκα,
2625 1343 2688 1396 τὸ
2729 1343 2967 1412 χαλεπὸν
2999 1321 3117 1418 νγάρ
3161 1321 3461 1422 ἑκατέρων

597 1413 684 1467 75.
723 1412 1050 1472 Futurorum
1083 1420 1371 1486 bonorum,
1395 1432 1450 1477 et
1474 1423 1839 1492 pulchritudo,
1866 1434 1919 1480 et
1948 1426 2090 1480 mul-

2257 1439 2358 1501 ογ’.
2396 1433 2518 1486 Τῶν
2542 1434 2847 1505 μελλόντων
2868 1412 3112 1505 ἀγαθῶν,
3161 1441 3256 1495 καὶ
3302 1412 3371 1495 τὶ)
3420 1412 3765 1507 actin-agant

528 1503 700 1559 titudo
733 1505 981 1579 inﬁnita;
1011 1510 1116 1567 ista
1152 1528 1282 1569 vero
1316 1523 1445 1570 sunt
1471 1517 1685 1584 umbra,
1710 1528 1765 1573 et
1796 1516 2002 1581 fumus,
2036 1539 2044 1572 ι

2252 1522 2392 1595 τῆθος
2418 1503 2644 1596 ἄπειρον
2674 1542 2690 1559 ο
2732 1503 3001 1582 ταῦτατδὲ
3048 1531 3201 1599 σκιὰ,
3248 1537 3351 1588 καὶ
3400 1503 3658 1602 καπνὸς,
3692 1544 3768 1591 κει

524 1597 706 1655 bulla).

2187 1617 2538 1686 πομφόλυγες
2567 1618 2666 1689 (1).

597 1689 683 1744 74.
726 1689 804 1746 Ne
828 1693 1062 1749 semines
1090 1696 1252 1761 male,
1285 1698 1413 1768 quia
1434 1715 1601 1770 prope
1630 1700 1875 1756 imminet
1904 1711 2083 1766 aestas,

2255 1706 2347 1761 οδ’.
2378 1709 2470 1780 Μὴ
2502 1714 2693 1782 σπεῖρε
2722 1712 2955 1784 πονηρὰ,
2992 1713 3054 1767 τὸ
3081 1714 3191 1787 γὰρ
3236 1717 3403 1790 Θέρος
3457 1722 3667 1789 ἐγγὺς,
3693 1725 3768 1776 καὶ

522 1787 577 1834 et
606 1781 887 1848 spinarum
923 1784 1081 1856 563
1111 1787 1399 1858 agricolam
1437 1792 1576 1862 ignis
1597 1803 1889 1863 exspectat.
1970 1790 1974 1796 ’

2114 1776 2160 1832 Β
2186 1798 2247 1852 τὸ
2275 1800 2387 1872 πῦρ
2422 1776 2512 1854 τον
2557 1776 2802 1875 γεωργὸν
2975 1776 3229 1861 ἀκανθιῦν
3272 1776 3610 1882 ἐκδέχεται.

596 1872 682 1927 75.
723 1872 1047 1947 llypocrilaa,
1089 1894 1185 1934 seu
1222 1881 1591 1951 simulatores,
1628 1886 1769 1941 avidi
1814 1888 1936 1957 plus
1988 1890 2086 1945 ha-

2255 1900 2347 1948 σε’.
2396 1894 2671 1949 Ῥοδατοῦ
2708 1896 2825 1966 βίου
2865 1898 3184 1967 ὑποκριταὶ,
3237 1902 3621 1969 πλεονέκται,
3669 1907 3768 1975 φιλο

520 1962 724 2028 bendi,
783 1969 1155 2039 voluptatibus
1215 1972 1427 2039 dediti,
1490 1992 1632 2031 rosa:
1687 1988 1816 2033 sunt
1848 1982 2036 2036 'szeculi

2251 1988 2390 2045 ῖονοι,
2424 1983 2560 2036 ἀλλὰ
2594 1962 2791 2057 μικρὸν
2819 1962 3133 2058 καρτερεῖς,
3165 1993 3261 2044 καὶ
3280 1993 3382 2048 τὸν
3400 1962 3626 2067 χόρτον
3653 1962 3767 2050 θεω-

519 2056 615 2111 sed
663 2061 937 2116 tantillum
988 2074 1263 2134 exspecta,
1306 2066 1672 2139 inspiciesque
1709 2073 2035 2129 00000163181

1181 2074 1263 2131 :ta,
1306 2066 1672 2139 inspiciesque
1709 2073 2084 2129 conculcatam
2186 2072 2299 2140 ρεῖς
2330 2072 2697 2145 πατούμενον·

520 2146 766 2205 herbam.

592 2240 678 2295 76.
720 2244 906 2299 Omnis
942 2246 1087 2301 actio
1128 2248 1271 2302 mala
1305 2248 1577 2305 diabolum
1616 2252 1882 2320 obarmat,
1929 2254 2084 2308 obar-

2252 2252 2357 2319 σις’.
2402 2256 2559 2308 Πᾶσα
2611 2260 2825 2331 πονηρὰ
2879 2263 3096 2333 πρᾶξις,
3162 2264 3378 2329 ὁπλίζει
3431 2265 3546 2317 τὸν
3604 2265 3766 2321 διάϐο-

518 2345 700 2393 inatus
729 2346 909 2394 autem
953 2341 1223 2400 molestiis
1252 2342 1423 2400 allicit
1445 2360 1539 2403 eos
1563 2350 1657 2417 qui
1688 2348 1863 2418 ipsum
1894 2365 2034 2406 arma

2230 2362 2302 2411 δν,
2347 2345 2632 2415 ὁπλισθεὶς
2681 2351 2739 2405 δὲ
2792 2353 3048 2423 χαλεπῶς
3096 2359 3210 2421 τοῖς
3256 2357 3543 2411 ὁπλίσασι
3587 2360 3746 2430 κέχρῆ

515 2434 664 2482 runt.

2179 2453 2289 2490 ται.

587 2520 673 2575 77.
716 2519 810 2578 Vis
842 2531 902 2578 ut
932 2523 1189 2584 inimicus
1235 2527 1582 2585 debilitetur?
1632 2542 1910 2602 peccatum
1944 2548 2080 2603 prae-

2250 2528 2348 2594 oC’.
2379 2530 2570 2587 Βούλει
2612 2534 2704 2588 τὸν
2761 2536 2964 2609 ἐχθρὸν
2990 2540 3275 2607 ἁσθενεῖνς
3321 2541 3430 2615 τὴν
3492 2544 3766 2616 ἁμαρτίαν

512 2609 718 2676 scinde,
756 2612 944 2684 sicque
975 2616 1096 2673 aliis
1120 2618 1427 2677 denudatus
1456 2620 1569 2689 ille,
1593 2624 1757 2679 veluti
1790 2640 2028 2695 passere:

2253 2622 2504 2692 ρίκοπτε,
2558 2626 2653 2678 καὶ
2690 2629 3001 2697 γυμνωθεὶς
3038 2631 3149 2686 τῶν
3181 2609 3429 2706 πτερῶν,
3594 2609 3766 2707 στρου-

510 2702 618 2765 lus,
651 2704 944 2761 deluditur.
1832 2759 1833 2762 η

1832 2759 1833 2762 η
2178 2709 2312 2778 ϐίον,
2341 2714 2691 2784 ἐμπαίζετται.

578 2796 669 2851 78.
713 2795 803 2852 Vae
831 2797 1018 2868 impio,
1043 2799 1195 2870 quia,
1218 2802 1438 2872 quando
1462 2803 1839 2860 illuminantur
1859 2819 2073 2873 omnes,

2245 2811 2344 2874 οη’.
2363 2805 2499 2859 Οὐαὶ
2516 2807 2593 2877 τῷ
2623 2808 2830 2874 ἀσεϐεῖ,
2858 2812 2963 2876 ὅτι,
2990 2812 3118 2866 ὅταν
3147 2815 3355 2881 πάντες
3386 2817 3761 2887 (part-£ng712,

510 2896 641 2943 tunc
670 2890 757 2943 ille
778 2891 1184 2950 obtenebratur.

2175 2895 2296 2948 τότε
2323 2898 2531 2961 ἐκεῖνος
2562 2901 2890 2965 σκοτίζεται.

584 2980 669 3036 79.
714 2981 805 3038 Vae
833 2983 1174 3053 blasphemo,
1222 2987 1474 3058 alligatur
1502 3004 1695 3058 nempe
1723 2989 1829 3060 ipsi
1866 2990 2072 3061 lingua,

2244 2986 2339 3042 σθ’.
2372 2990 2508 3043 Ούαὶ
2535 2990 2613 3063 τῷ
2651 2992 2978 3067 βλασφήμῳ,
3008 2998 3291 3069 δεσμεῖται
3313 3000 3430 3072 γάρ
3455 3000 3571 3072 τὴν
3604 3001 3760 3069 γλῶτ-

509 3083 565 3131 et
589 3074 698 3130 ullo
722 3078 883 3131 modo
905 3092 965 3131 se
990 3076 1280 3135 defendere
1305 3080 1448 3151 apud
1476 3078 1721 3136 Judicem
1742 3098 1852 3138 non
1874 3090 2025 3152 potes

2243 3096 2291 3143 ν,
2321 3082 2416 3134 καὶ
2446 3082 2564 3147 πῶς
2606 3085 2989 3156 ἀπολογεῖσθαι
3030 3092 3168 3164 πρὸς
3193 3092 3287 3147 τὸν
3324 3094 3559 3167 Κριτὴν
3590 3097 3658 3149 ού
3682 3097 3757 3148 δύ

2177 3188 2334 3227 ναται
2342 3213 2357 3228 ο

582 3256 669 3312 80.
714 3254 807 3311 Va:
848 3255 1072 3325 iniusto,
1126 3257 1195 3313 ad
1226 3228 1472 3314 Iudicem
1527 3260 1727 3331 quippe
1770 3232 2072 3328 austerum,

2247 3271 2322 3320 π’.
2364 3266 2501 3321 Οὐαὶ
2538 3268 2616 3339 τῷ
2665 3271 2877 3344 ἀνόμῳ,
2931 3276 3069 3347 πρὸς
3110 3279 3322 3349 Κριτὴν
3378 3280 3499 3350 γάρ
3553 3282 3753 3351 αὐστη-

507 3347 828 3419 justumque
855 3349 970 3404 abit
993 3349 1381 3420 legislatorem.

2177 3355 2271 3426 ρόν
2318 3374 2376 3410 τε
2413 3359 2508 3412 καὶ
2540 3360 2749 3416 δίκαιον
2781 3364 2876 3419 τὸν
2917 3369 3220 3441 νομοθέτην
3249 3347 3589 3441 ἀπέρχεται.

482 3441 492 3453 “
582 3442 671 3496 8i.
714 3439 807 3496 Va:
835 3441 1132 3497 alienorum
1167 3440 1346 3516 avido,
1381 3442 1582 3498 divitia:
1619 3442 1796 3515 ipsum
1836 3442 1998 3516 fugin]

2248 3456 2360 3505 πα¹.
2392 3452 2530 3505 Οὐαὶ
2569 3454 2646 3524 τῷ
2673 3456 2997 3532 πλεονέκτῃ,
3027 3463 3056 3514 6
3085 3439 3313 3527 πλοῦτος
3342 3439 3519 3518 aith
3545 3464 3750 3534 φεύγει,

507 3541 564 3590 et
587 3533 728 3602 ignis
758 3534 1003 3605 suscipit.

2175 3540 2271 3594 καὶ
2294 3542 2355 3594 τὸ
2382 3543 2493 3615 πῦρ
2523 3546 2869 3618 ὑποδέχεται.

579 3623 670 3678 82.
712 3623 803 3679 Va:
839 3624 998 3697 pigro
1021 3666 1037 3691 ,
1077 3634 1285 3696 quaeret
1324 3634 1574 3697 tempus,
1613 3630 1757 3698 quod
1814 3629 1955 3684 male
1991 3629 2076 3685 iu-

2245 3631 2357 3701 πβ’.
2382 3633 2520 3687 Οὐαὶ
2551 3636 2635 3708 τῷ
2670 3639 2923 3713 ρᾳθύμῳ,
2948 3641 3177 3715 ζητήσει
3204 3645 3296 3699 τὸν
3316 3647 3544 3719 καιρὸν,
3572 3649 3640 3703 6v
3662 3668 3748 3706 m-

510 3715 762 3784 sumpsit.

2176 3723 2286 3788 κῶς
2317 3726 2678 3800 ἐδαπάνησεν.

581 3808 669 3863 85.
726 3807 817 3864 Vae
859 3809 1117 3879 superbo,
1171 3812 1389 3881 quando
1439 3812 1749 3882 sepulcrum
1796 3812 2074 3883 ingressus

2245 3816 2354 3886 πγ’.
2382 3822 2518 3875 Οὐαὶ
2552 3822 2629 3892 τῷ
2652 3824 2893 3892 ἀλαζόνι,
2928 3828 3058 3883 ὅταν
3076 3831 3297 3907 εἰσέλθῃ
3324 3832 3419 3886 τὸν
3447 3835 3651 3904 τάφον,
3672 3835 3744 3896 τίς

511 3902 696 3967 fuerit,
726 3902 975 3972 quisnam
1009 3903 1257 3970 exsistat,
1282 3905 1561 3962 edocetur.

1282 3905 1561 3962 edocetur.
2174 3910 2407 3983 ὑπάρχει
2443 3914 2778 3971 διδάσκεται.

582 3995 672 4052 84.
712 3994 805 4051 Vae
844 3996 1188 4052 meretricum
1232 3997 1484 4061 amatori,
1530 3996 1831 4066 inquinanti
1869 4007 2073 4054 vestem

2244 4004 2346 4058 πδ’.
2378 4006 2512 4060 Ούαὶ
2546 4008 2621 4077 τῷ
2662 4009 2993 4085 φιλοπόρνῳ,
3018 4015 3277 4086 ῥυποῠντι
3319 4016 3522 4088 στολὴν
3550 4037 3742 4090 νυμᾳι.

511 4090 829 4161 nuptialem,
854 4090 966 4161 jam
988 4103 1205 4160 quoque
1232 4103 1265 4143 e
1287 4089 1453 4159 regiis
1473 4091 1680 4160 nuptiis
1704 4090 1923 4159 eiicitur
1949 4108 2027 4147 Cll!

2230 4113 2294 4166 ιν,
2326 4097 2420 4151 καὶ
2448 4097 2543 4152 τοῦ
2574 4100 2857 4170 βασιλικοῦ
2886 4106 3066 4176 γάμου
3100 4109 3219 4178 μετ’
3252 4108 3521 4180 αἰσχύνης
3564 4111 3746 4164 ὲκεάλ·

507 4184 794 4239 dedecore.

2172 4185 2340 4241 λεται.

579 4275 668 4330 85.
710 4272 802 4328 Va:
830 4273 1243 4333 contumelioso,
1275 4280 1479 4327 etcum
1505 4272 1622 4344 ipso
1652 4273 1815 4329 simul
1833 4275 2070 4339 ebrioso,

2240 4287 2342 4333 πε’.
2385 4281 2629 4353 Οὐαὶντῷ
2673 4283 2913 4357 λοιδόρῳ,
2954 4289 3049 4341 καὶ
3087 4290 3184 4343 σὺν
3215 4290 3365 4361 αὐτῷ
3387 4291 3468 4363 τῷ
3506 4294 3740 4366 μεθύσῳ,

507 4365 636 4436 quia
677 4381 804 4420 cum
840 4363 1125 4420 homicidis
1153 4364 1510 4430 collocantur,
1560 4374 1615 4421 et
1648 4380 1772 4420 cum
1809 4365 2020 4421 adulter

2228 4390 2250 4424 ι
2287 4372 2424 4442 μετά
2457 4374 2726 4442 φονευτῶν
2750 4377 3051 4445 τάττονται,
3078 4381 3173 4434 καὶ
3204 4383 3344 4453 μετὰ
3367 4384 3580 4455 μοιχῶν
3596 4363 3744 4441 κολί-

507 4461 830 4533 puniuntur.

2106 4468 2150 4523 Ι)
2174 4459 2378 4525 ζονται.

576 4553 663 4608 86.
707 4550 796 4606 Vae
817 4548 1111 4605 luxurianti
1138 4562 1305 4617 parvo
1337 4555 1597 4616 tempore,
1642 4549 1709 4611 is,
1741 4549 1897 4619 quasi
1926 4549 2067 4604 vitu-

2245 4549 2363 4616 πς·’.
2397 4553 2535 4606 υύαὶ
2558 4552 2637 4625 τῷ
2669 4555 2945 4627 τρυφῶντι
2984 4558 3174 4630 χρόνον
3196 4559 3401 4628 ὀλίγον,
3434 4561 3520 4626 ὡς
3552 4562 3742 4635 μόσχος

508 4645 594 4702 Ius
622 4645 688 4699 ad
712 4642 1040 4698 occisionem
1061 4640 1384 4703 destinatus,
1412 4639 1797 4709 impinguatur.

1731 4655 1797 4694 lt‘.
2173 4642 2254 4703 είς
2304 4642 2521 4714 σφαγὴν
2551 4645 2918 4714 ὲτοιμασθεὶς,
2957 4648 3247 4705 σιτεύεται.

576 4737 665 4793 87.
700 4735 793 4790 Vae
826 4734 1137 4806 hypocrita.
1172 4748 1269 4788 seu
1305 4731 1632 4798 simulatori,
1683 4741 1863 4802 pastor
1889 4732 2066 4802 ipsum

2241 4731 2351 4798 πζθ.
2385 4735 2522 4789 Οὐαὶ
2553 4735 2632 4808 τῷ
2661 4738 2957 4811 ὑποκριτῇ,
2990 4741 3020 4793 6
3049 4740 3253 4811 ποιμὴν
3290 4742 3459 4797 αὐτὸν
3475 4744 3736 4815 ἀρνεῖται,

508 4830 755 4901 abnegat,
790 4838 842 4883 et
870 4829 1047 4896 lupum
1079 4824 1433 4897 5641υᾶοχ
1462 4825 1814 4880 demonstrat.

1650 4834 1814 4880 Istrat.
2173 4822 2267 4876 καὶ
2298 4823 2458 4878 λύκον
2488 4826 2516 4877 6
2550 4827 2756 4897 Κριτὴς
2785 4828 3166 4898 ἀποφαίνεται.

573 4924 663 4979 88.
707 4922 919 4986 Beatus,
970 4921 1065 4990 qui
1106 4934 1203 4989 per
1246 4930 1531 4990 angustam
1575 4919 1718 4973 viam
1765 4919 1870 4974 iter
1918 4918 2068 4984 facit,

2243 4914 2354 4986 πη’.
2384 4916 2669 4988 Μακάριος
2695 4921 2723 4972 6
2749 4921 2942 4991 στενὴν
2992 4922 3192 4977 ὁδεύων
3235 4923 3375 4988 ὁδὸν,
3406 4942 3736 4998 “spumeo-

509 5030 765 5073 comnam
790 5014 991 5084 quippe
1017 5020 1234 5083 gestans
1266 5013 1462 5068 caelum
1500 5013 1820 5084 ingreditur.

1607 5013 1820 5069 'editur.
2173 5007 2281 5080 ρῶν
2302 5007 2411 5080 γὰρ
2437 5009 2527 5063 τὸν
2546 5011 2773 5082 οὐρανὸν
2794 5014 3123 5086 εἰσέρχεται.

576 5106 666 5163 89.
718 5106 933 5167 Beatus,
983 5103 1077 5174 qui
1120 5104 1425 5173 voluptates
1469 5105 1775 5171 conculcat,
1830 5099 2071 5160 trem'unt

2243 5098 2350 5153 πθ’.
2384 5100 2670 5172 Μακάριος
2692 5103 2721 5156 ὀ
2741 5102 2841 5167 τὰς
2869 5104 3063 5175 ἡδονὰς
3088 5106 3299 5172 πατῶν,
3331 5109 3611 5181 τρέμουσι
3639 5111 3731 5180 γὰρ

505 5201 651 5259 enim
677 5196 949 5253 daemones
980 5210 1163 5250 coram
1197 5194 1335 5266 ipso.

2174 5192 2310 5263 πρὸς
2336 5194 2497 5249 αὐτὸν
2525 5196 2573 5248 οἱ
2596 5196 2867 5268 δαίμονες.

577 5290 669 5347 90.
710 5287 926 5354 Beatus,
956 5286 1051 5358 qui
1081 5301 1253 5357 purus
1279 5298 1362 5343 est
1387 5285 1587 5340 virtute
1619 5293 1873 5355 caretque
1896 5286 2069 5340 simu-

2244 5290 2315 5354 l".
2348 5288 2635 5359 Μακάριος
2670 5289 2700 5342 6
2725 5288 2826 5362 τὴν
2851 5290 3053 5364 ἀρετὴν
3097 5290 3334 5363 καθαρὸς
3384 5292 3483 5348 καὶ
3526 5295 3625 5366 τὴν
3648 5295 3732 5365 duo

507 5384 709 5442 latione
753 5380 810 5436 in
852 5380 1055 5447 anima,
1105 5378 1231 5449 quia
1273 5378 1617 5461 judicaturus
1664 5384 1748 5432 est
1784 5379 2023 5433 mundun

2214 5380 2277 5449 ὴν
2320 5382 2715 5452 ἀνυπόκριτος·
2763 5384 2969 5454 κρίνειν
2994 5384 3105 5457 γάρ
3150 5385 3333 5456 μέλλει
3394 5388 3489 5443 τὸν
3523 5389 3730 5461 κόσμον,

510 5494 620 5537 non
641 5490 770 5532 vero
806 5490 837 5529 a
866 5478 1069 5528 mundo
1095 5470 1439 5541 iudicandus.
1492 5460 1495 5463 6

2174 5476 2292 5542 οὐχὶ
2319 5473 2374 5525 δὲ
2412 5475 2548 5543 μετὰ
2577 5472 2671 5527 τοῦ
2694 5475 2899 5547 κόσμου
2927 5478 3224 5547 κρίνεσθαι.

581 5568 671 5623 91.
720 5567 942 5630 Beatus,
981 5567 1075 5635 qui
1119 5564 1405 5619 sublimem
1445 5565 1558 5636 agit
1606 5565 1792 5632 vitam,
1845 5580 2066 5622 sensum

2245 5570 2353 5631 ιμ’.
2382 5562 2668 5637 Μακάριος
2694 5566 2723 5619 6
2756 5570 2849 5621 τὸν
2888 5567 3001 5638 βίον
3038 5568 3176 5639 ἔχων
3224 5569 3449 5643 ὑψηλὸν,
3494 5572 3728 5629 ταπεινὸν

589 5742 665 5809 (1)
693 5739 849 5810 Apud
881 5739 1137 5795 Ductcum
1168 5753 1435 5797 numerus
1472 5740 1540 5796 75
1572 5740 1627 5796 in
1652 5740 1791 5799 duas
1825 5740 2129 5797 sententias
2163 5740 2416 5810 partitur.
