3838 6056
43 236 227 305 ἑ249

1325 244 1588 305 CAPITA
1618 246 2124 310 ΡΑΒΑΞΝΕΤΙΟΛ.

3202 257 3338 325 19.50

43 350 104 401 δὲ
148 352 477 421 φρόνημα.
500 349 732 422 Χριστὸν
750 349 858 421 γὰρ
883 351 1153 420 μιμεῖται,
1178 350 1271 404 καὶ⁵
1296 350 1445 423 αύτῷ
1481 369 1660 421 συγκαε

1822 369 1911 409 ero
1941 355 2234 422 humilem;
2266 357 2543 414 Christum
2581 363 2779 418 etenim
2817 365 3079 435 imitatur,
3104 384 3337 441 cumque

43 440 351 506 ῦὲζεται.

126 555 289 627 ιτβκ
327 558 631 627 Μακάριος,
670 551 731 611 οὗ
773 556 871 625 τῆς
899 556 1146 629 γλώττης
1179 558 1209 609 6
1244 558 1405 628 νόμος
1430 559 1529 613 οὐκ
1575 558 1678 629 ἀφ-

43 648 359 713 ίσταται,
419 650 612 703 τούτου
641 651 750 721 γὰρ
799 651 899 722 τῆς
944 650 1149 721 σκηνῆς
1191 650 1378 714 ὁΘεὸς
1404 652 1464 704 ού
1508 652 1674 724 χωρία

43 737 285 800 terat.

133 858 287 923 ια’.
348 855 636 925 Μακάριος
681 857 710 911 6
748 857 976 921 πολλοὺς
1008 852 1067 912 εὖ
1100 856 1287 924 ποιῶν,
1315 857 1537 922 πολλοὺς
1566 859 1674 931 γὰρ

43 946 118 997 εὖ
132 947 221 1019 ρή
236 966 332 1001 σει
359 948 688 1020 συνηγόρους
710 952 1049 1024 κρινόμενος.

141 1059 281 1128 κδ’.
318 1063 606 1139 Μακάριος
636 1065 664 1117 6
698 1064 773 1135 μὴ
805 1063 1037 1119 νοθεύων
1062 1064 1158 1136 τὴν
1184 1064 1405 1137 ἀρετὴν,
1425 1064 1518 1118 τοῦ
1540 1066 1673 1136 Κρι-

44 1150 169 1235 tot":
208 1153 341 1224 γὰρ
368 1153 430 1207 τὸ
459 1155 629 1208 πτύον
657 1157 756 1209 οὐκ
785 1157 1135 1227 ὲμπαίζεται.

142 1263 278 1329 ιβ’.
337 1266 620 1339 Μακάριος
667 1269 696 1322 6
744 1270 842 1334 τὰς
889 1271 1088 1325 ἑαυτοῦ
1142 1273 1371 1344 πράξεις
1428 1273 1669 1345 κοσμῶν,

54 1356 222 1425 πρὶν
260 1356 500 1428 ὀφθῆναι
532 1358 593 1412 τὸ
620 1358 753 1431 πῦρ.
776 1355 819 1428 ᾧ
848 1363 1024 1416 πάντα
1046 1363 1422 1434 δοκιμάζεται.

146 1467 292 1535 ιιςέ.
326 1471 614 1542 Μακάριος
635 1475 663 1527 6
688 1475 931 1529 σπεύδων
956 1477 1092 1548 πρὸς
1124 1478 1224 1549 τὴν
1253 1476 1396 1550 ζωὴν
1424 1478 1522 1549 τὴν
1547 1479 1671 1548 μέλ-

55 1558 334 1624 λουσαν,
352 1564 419 1619 τὰ
442 1565 683 1638 παρόντα
704 1566 811 1639 γάρ
840 1567 955 1633 ὄζει
982 1568 1208 1641 φθορᾶς,
1236 1569 1330 1624 καὶ
1352 1570 1487 1642 πρὸς
1510 1571 1670 1624 θάνα-

62 1668 177 1705 τον
213 1653 467 1709 ἕλκεται.

133 1765 284 1834 ηιιζσ.
322 1769 607 1841 Μακάριος
651 1772 679 1825 6
716 1771 784 1825 τά
835 1772 1014 1841 φαῦλα
1068 1773 1412 1846 σκορπίζων,
1462 1775 1499 1830 ἃ
1545 1793 1670 1831 συν-

69 1858 307 1929 ήγαγε,
331 1860 422 1914 καὶ
450 1862 686 1932 καθαρὸς
703 1863 780 1935 τῷ
804 1864 1226 1938 καθαρῷξΚριτῇ
1244 1867 1668 1940 παριστάμενος.

152 1969 286 2041 ι,η⁸.
330 1972 638 2041 Κεφάλαιον
669 1973 770 2046 μὲν
807 1975 900 2030 τοῦ
944 1977 1101 2047 λόγου
1128 1992 1142 2005 ·
1165 1976 1310 2049 ψυχὴ
1340 1978 1414 2050 μὴ
1455 1980 1669 2046 ἀμέλει,
1718 1990 1725 1994 ’

1777 448 1897 519 ipso
1923 449 2180 505 considet.
2814 502 2849 538 .
2876 500 2893 515 ,

1845 562 1934 618 92.
1982 562 2194 629 Beatus,
2239 565 2397 636 cujus
2440 584 2470 623 a
2517 568 2699 640 lingua
2747 572 2833 627 lex
2872 576 3095 633 minime
3127 580 3333 646 deﬁcit,

1776 653 1845 708 ab
1881 654 2001 724 ejus
2046 672 2280 727 namque
2310 659 2653 717 tabernaculo
2692 664 2834 720 Deus
2879 682 3217 741 nequaquam
3251 689 3334 730 se-

1773 753 2080 839 paratum.

1798 882 1803 887 -
1845 855 1931 909 95.
1975 855 2192 923 Beatus,
2224 859 2314 929 qui
2345 860 2592 931 plurimis
2624 865 2909 936 benefacit,
2942 871 3142 929 multos
3162 874 3330 939 enim,

1773 943 1900 1001 dum
1934 946 2231 1017 judicatur,
2256 952 2493 1010 inveniet
2523 958 2832 1015 advocatos.

1841 1060 1928 1115 94.
1976 1061 2194 1131 Beatus,
2255 1067 2347 1135 qui
2403 1085 2508 1123 non
2550 1072 2814 1129 adulterat
2864 1076 3156 1147 virtutem;
3206 1080 3333 1151 quia

1768 1150 1969 1223 judicis
1996 1171 2104 1210 non
2138 1158 2384 1214 illuditur
2406 1161 2787 1220 ventilahrum.

1842 1267 1929 1322 95.
1970 1269 2184 1335 Beatus,
2219 1276 2313 1344 qui
2343 1278 2585 1334 actiones
2612 1295 2738 1335 suas
2764 1281 3011 1350 adornat,
3040 1294 3328 1354 antequam

1773 1371 2028 1428 appareat
2052 1362 2194 1433 ignis
2225 1381 2332 1435 quo
2364 1370 2663 1437 probantur
2689 1373 2893 1426 omnia.

1842 1473 1929 1528 96.
1970 1473 2189 1544 Beatus,
2230 1480 2320 1549 qui
2360 1482 2424 1535 ad
2467 1482 2700 1537 futuram
2750 1487 2917 1540 vitam
2963 1486 3210 1554 festinat;
3244 1505 3331 1543 res

1771 1580 2007 1635 namque
2056 1582 2347 1638 praesentes
2393 1574 2639 1630 redolent
2682 1578 3111 1649 corruptionem,
3160 1590 3213 1636 et
3261 1582 3330 1636 ad

1772 1668 2001 1713 mortem
2034 1662 2339 1719 trahuntur.

1836 1772 1924 1828 97.
1965 1772 2180 1840 Beatus,
2212 1777 2302 1845 qui
2346 1778 2606 1849 dispergit
2653 1781 2919 1849 improba,
2943 1800 3062 1855 quae
3106 1802 3332 1858 congre-

1765 1864 1929 1934 gavit,
1954 1874 2008 1919 et
2039 1882 2205 1934 purus
2235 1884 2373 1938 puro
2404 1868 2581 1927 Judiei
2620 1884 2781 1929 astat.

1836 1979 1923 2035 98.
1977 1980 2314 2052 Praecipuum
2365 1994 2578 2050 autem,
2633 2004 3017 2060 summumque
3062 1992 3329 2045 sermOnis

76 2057 335 2152 tsi—115:;
374 2061 481 2152 γάρ
528 2063 619 2117 τὸν
681 2066 845 2135 ζυγὸν
890 2068 1025 2137 μετὰ
1067 2068 1262 2141 μικρὸν
1314 2069 1660 2140 μετέρχεσθαι

1822 2080 1867 2127 ι.
1918 2072 2111 2129 Anima
2183 2091 2251 2130 ne
2302 2077 2378 2132 sis
2432 2080 2744 2149 negligens;
2817 2057 2951 2147 nam—7
2986 2084 3149 2152 paulo
3206 2093 3329 2152 post

70 2148 185 2201 τοῦ
224 2150 463 2223 φοϐεροῦ
495 2156 774 2227 κριτηρίου
800 2157 1035 2228 Χριστοῦ
1072 2159 1166 2212 τοῦ
1196 2159 1330 2213 Θεοῦ
1350 2161 1529 2231 ἡμῶν.

159 2261 280 2330 ι.,θ’.
321 2264 410 2328 Ὦς
439 2265 549 2336 γὰρ
572 2267 622 2320 οί
649 2268 956 2340 ἐλεήμονες,
984 2288 1040 2329 κ.
1068 2288 1120 2326 τ.
1154 2270 1205 2327 λ.

1769 2166 1979 2224 subibis
2010 2168 2219 2253 lancem
2255 2172 2517 2262 tremendi
2541 2173 2732 2243 judicii
2761 2174 2963 2229 Christi
3006 2174 3099 2229 Dei
3131 2176 3325 2231 nostri.

1841 2279 1929 2335 99.
1954 2279 2107 2336 Sicut
2145 2298 2379 2354 namque
2406 2284 2806 2342 misericordes.
2831 2297 2936 2342 etc.

82 2419 668 2512 Sequentiansquefd
690 2444 835 2481 num.
868 2427 1316 2512 IZLa‘djerbum
1339 2431 1611 2512 exscripta
1654 2444 1777 2512 sunt
1800 2452 1865 2489 ea:
1899 2435 2013 2512 Nili
2058 2440 2319 2512 opusculo
2338 2440 2412 2512 De
2459 2441 2769 2512 voluntaria
2807 2451 3139 2512 paupertate,
3164 2459 3324 2508 supra

159 2510 299 2583 pag.
465 2496 732 2583 ;_:e_!iq'ua,
751 2513 910 2583 ἠπίη.
944 2499 1176 2553 122-155
1194 2500 1495 2583 ,_verbatim
1518 2495 1679 2557 etiam
1701 2505 1946 2583 [ﬁguntur
1963 2508 2016 2561 in
2047 2495 2280 2578 ejusdem
2301 2509 2437 2566 libro
2458 2495 2531 2567 De
2556 2495 3319 2583 monaehorum—praestantia,

160 2580 360 2633 supra,
390 2582 444 2635 p.
476 2566 601 2622 577.
624 2566 829 2637 Duplex
843 2568 940 2622 hoc
968 2580 1327 2625 assumentum
1360 2588 1675 2628 resecamus.
1713 2566 1871 2629 Ean.

136 2720 2487 2756 —__.______.______________________

2490 2744 2819 2762 -——-——_~.

722 2900 1140 2989 ΝΕΙΛΟΥ
1194 2907 1860 2997 ΕΠΙΣΚΟΠΟΥ
1914 2912 2108 2997 ΚΑΙ
2142 2917 2714 3007 ΜΑΡΤΥΡΟΣ

1246 3090 1595 3147 ΚΕΦΔΛΑΙΑ
1651 3095 1699 3147 Η
1752 3097 2181 3151 ΠΑΡᾹῙΝΕΣΙΣ.

506 3429 599 3517 S.
677 3434 932 3522 NIIJ
1008 3432 1549 3526 MONACHI
1629 3430 2041 3520 CAPITA
2098 3430 2925 3523 PABIENETICA.

777 3626 871 3684 (Ex
894 3622 1154 3671 Frontonis
1183 3622 1352 3670 Ducaei
1380 3621 1613 3671 Auctario
1650 3618 1778 3670 Bibl.
1804 3625 1901 3669 vet.
1961 3620 2115 3681 Patr.,
2144 3623 2259 3669 tom.
2284 3618 2348 3681 ΙΙ,
2384 3634 2431 3683 ρ.
2468 3619 2631 3681 1168.)

181 3883 351 3956 Ἀρχὴ
382 3880 650 3955 σωτηρίας
674 3884 706 3954 ἡ
732 3883 925 3937 ἑαυτοῦ
953 3882 1318 3950 κατάγνωσις..

172 3979 389 4033 Βέλτιον
416 3978 537 4048 είκῆ
564 3977 848 4049 ἐμϐάλλειν
864 3977 1029 4043 λίθον,
1052 3977 1082 4049 ἢ
1104 3976 1281 4045 λόγον.

173 4069 327 4122 Γίνου
353 4071 462 4133 τοῖς
495 4070 679 4134 πᾶσιν,
699 4068 775 4133 ὡς
811 4070 891 4123 σοι
925 4068 1097 4132 θέλεις
1124 4068 1348 4133 πάντας.

173 4246 525 4317 Δικαιοσύνην
557 4246 755 4317 μᾶλλον
789 4248 934 4319 ἔργῳ
962 4246 995 4318 ἢ
1024 4246 1166 4318 λόγῳ
1197 4247 1377 4302 ἄσκει.

174 4337 414 4410 Εὐσεϐὴς
462 4339 559 4409 οὐχ
619 4341 648 4392 6
692 4339 920 4404 πολλοὺς
974 4339 1178 4405 ἐλεῶν,
1235 4338 1351 4394 ἀλλ’
1394 4341 1422 4394 6
1454 4339 1657 4411 μηδένα

109 4430 320 4486 ἀδικῶν.

178 4527 281 4595 Ζῇν
306 4523 524 4594 ἄμεινον
550 4522 643 4577 ἐπὶ
680 4523 950 4592 στιϐάδος,
994 4524 1088 4578 καὶ
1119 4524 1359 4597 θαρρεῖν,
1388 4524 1422 4596 ἢ
1454 4523 1661 4596 χρυσῆν

112 4613 290 4683 ἔχοντα
310 4612 512 4685 κλίνην.

188 4706 339 4769 Ἦδὺς
388 4707 592 4768 ἐκεῖνος
623 4706 651 4757 ὁ
678 4705 850 4774 φίλος,
887 4706 1038 4776 ὁτὴν
1090 4705 1267 4776 ψυχὴν
1328 4705 1655 4776 διατρέφων.

178 4794 301 4849 θεὸν
360 4798 459 4866 μὲν
515 4798 692 4867 λόγοις
751 4796 929 4867 ὕμνει,
969 4796 1149 4867 ἔργοις
1180 4799 1238 4850 δὲ
1273 4798 1453 4862 σέϐου,
1483 4799 1661 4870 ἐννοίᾳ.

116 4885 170 4939 δὲ
204 4887 344 4957 τίμα.

195 4978 353 5049 Ἱερέα
379 4979 658 5052 φρόνησις,
690 4980 785 5033 καὶ
821 4977 955 5050 βίος,
983 4979 1075 5032 καὶ
1099 4979 1346 5048 εὐγένεια
1382 4983 1550 5035 ποιεῖ.

183 5156 439 5210 Κάκιστὸν
467 5158 581 5211 ἐστι
614 5159 751 5210 πᾶσι
783 5156 1054 5210 δουλεύειν
1080 5158 1337 5229 αἰσχροῖς.

186 5335 327 5407 Λόγῳ
350 5336 448 5408 μὲν
484 5335 582 5409 τὴν
602 5336 801 5408 ἀρετὴν
824 5337 1057 5403 δίδασκε,
1097 5338 1242 5408 ἔργῳ
1270 5338 1325 5390 δὲ
1354 5337 1524 5407 αὐτὴν
1562 5337 1659 5408 κή-

157 5444 285 5483 υττε.

157 5444 285 5483 υττε.

126 5443 155 5497 Ρ
189 5520 284 5594 Μὴ,
338 5520 397 5575 τὸ
448 5520 591 5593 ἔχειν
645 5520 862 5592 ἀρετὴν,
909 5520 1070 5575 καλὸν
1098 5520 1304 5593 νόμιζε,
1336 5518 1473 5574 ἀλλὰ
1500 5519 1560 5574 τὸ
1584 5518 1660 5582 ὡς

129 5607 213 5661 δεῖ.

1688 5224 1736 5281 D

1685 3882 1731 3943 C
1833 3879 1884 3932 l.
1926 3876 2141 3932 Initium
2171 3876 2359 3931 salutis
2390 3886 2490 3941 est,
2520 3877 2776 3947 suiipsius
2807 3880 3098 3935 accusatio.

1828 3972 1882 4025 2.
1903 3971 2081 4025 Satius
2098 3978 2182 4023 est
2202 3979 2398 4023 temere
2415 3970 2626 4025 mittere
2641 3971 3056 4041 lapidem,quam
3074 3974 3316 4032 verbum.

1828 4064 1880 4117 5.
1921 4062 2026 4117 Fac
2051 4061 2322 4127 omnibus,
2345 4062 2797 4131 quemadmodum
2828 4072 2884 4118 tu
2916 4064 2994 4119 vis
3018 4080 3207 4121 omnes
3238 4067 3319 4122 fa-

1759 4170 1882 4209 cere
1917 4155 2029 4209 tibi.

1828 4246 1879 4299 4.
1913 4243 2183 4299 Jusritiam
2232 4245 2400 4315 magis
2434 4261 2598 4315 opere
2647 4260 2808 4312 quam
2840 4245 3007 4300 verbo
3036 4261 3246 4300 exerce.

1829 4337 1880 4391 5.
1920 4337 2049 4390 Pius
2097 4343 2200 4396 est.
2244 4352 2355 4390 non
2397 4337 2488 4406 qui
2536 4335 2830 4391 multorum
2885 4338 3191 4404 miseretur,
3227 4339 3319 4394 sed

1759 4427 1851 4497 qui
1884 4430 2154 4483 neminem
2180 4428 2375 4498 injuria
2404 4428 2589 4482 allicit.

1827 4520 1882 4574 6.
1922 4519 2103 4574 Satius
2128 4530 2209 4573 est
2234 4520 2383 4573 humi
2417 4521 2705 4575 cubantem
2729 4519 2929 4586 vivere,
2951 4529 3006 4575 et
3034 4520 3179 4575 bono
3202 4537 3321 4579 esse

1760 4613 1957 4678 animo,
1990 4629 2151 4683 quam
2180 4615 2551 4683 perturbatum
2580 4614 2632 4667 in
2664 4628 2830 4668 aureo
2854 4615 3013 4669 lecto.

1830 4707 1879 4759 7.
1920 4705 2103 4759 Dulcis
2129 4704 2216 4758 ille
2241 4704 2447 4760 amicus
2471 4712 2574 4767 est,
2610 4704 2701 4773 qui
2731 4703 2965 4758 animam
2991 4705 3184 4774 pascit.

1829 4796 1881 4850 8.
1923 4795 2089 4849 Deum
2118 4795 2296 4850 verbis
2324 4796 2542 4865 quidem
2582 4796 2760 4858 lauda,
2812 4796 3066 4864 operibus
3104 4797 3241 4860 cole,
3270 4805 3324 4850 et

1760 4887 2087 4958 cogitatione
2122 4886 2349 4940 honora.

1829 4980 1880 5032 9.
1923 4977 2265 5032 Sacerdotem
2296 4977 2419 5032 facit
2465 4976 2838 5046 intelligentia,
2873 4986 2928 5030 et
2966 4976 3095 5041 vita,
3132 4987 3185 5030 et
3206 4992 3322 5030 mo-

1758 5088 1876 5126 rum
1909 5069 2213 5139 integritas.

1832 5163 1917 5216 10.
1957 5160 2198 5216 Pessima
2236 5177 2325 5217 res
2372 5171 2472 5226 est,
2504 5161 2753 5215 omnibus
2799 5160 3001 5215 servire
3030 5160 3320 5231 turpitudi-

1766 5256 1945 5310 nibus.
2468 5247 2473 5251 ’

1838 5345 1924 5397 Η.
1967 5344 2142 5399 Verbo
2168 5345 2418 5400 virtutem
2448 5346 2658 5411 docetu,
2681 5359 2841 5415 Opere
2870 5352 3048 5399 autem
3077 5342 3318 5398 eamdem

1764 5434 2000 5489 declara.

1834 5527 1920 5580 12.
1960 5525 2100 5588 Non.
2134 5527 2328 5581 habere
2352 5528 2625 5591 virtutem,
2654 5528 2967 5598 praeclarum
2990 5534 3196 5595 putato,
3225 5525 3319 5580 sed

1762 5622 2215 5692 quemadmodum
2248 5623 2417 5685 decet,
2449 5638 2510 5683 ea
2542 5622 2637 5677 uti.
