3838 6056
505 301 641 368 1251
1979 298 2038 360 s.
2071 301 2238 362 NILI
3079 270 3084 275 ’
3619 293 3737 359 125,3

558 415 646 469 l3.
684 413 878 483 Legem
910 411 1206 476 honoraris,
1237 409 1391 482 juxta
1429 411 1600 481 legem
1625 410 1790 466 vives.
2072 474 2074 483 Α

1694 425 1790 466 tes.
2072 428 2122 486 Α
2216 414 2398 486 Νόμον
2422 413 2622 484 τιμῶν,
2654 412 2795 468 κατά
2821 411 2984 483 νόμον
3005 414 3210 485 ζήσεις.

555 505 642 558 Η.
683 503 893 574 Ho‘s’pes
925 505 1136 588 illgest,
1179 506 1263 559 cui
1296 503 1513 559 sordent
1549 503 1842 558 mundana.

2224 506 2383 571 Ξένος
2415 508 2640 570 ἐκεῖνος,
2675 498 2720 573 ᾧ
2751 505 2876 570 ξένα
2909 505 2976 559 τά
3017 505 3111 558 τοῦ
3137 504 3373 573 κόσμου.

558 596 644 650 l5.
685 595 904 652 Invidus
941 587 1196 666 seipsum
1243 597 1467 662 multat;
1519 595 1608 650 cui
1657 595 1802 650 enim
1864 594 2055 650 adver-

2237 601 2295 654 ‘O
2323 598 2534 669 φθονῶν
2576 596 2767 651 ἑαυτὸν
2797 597 3018 667 ζημιοῖ·
3039 596 3066 648 ό
3088 594 3198 665 γάρ
3229 593 3354 647 κατ’
3377 589 3559 646 ἄλλον
3582 587 3729 657 φθεγ-

487 701 582 742 sus
636 688 868 744 alterum
924 689 1183 760 loquitur,
1231 688 1468 758 seipsum
1521 686 1728 742 inscius
1779 687 1936 742 malis
1973 703 2001 740 a

1987 686 2056 742 tf-
2155 692 2404 764 γόμενος,
2439 691 2630 760 φθάνει
2661 690 2888 761 πάσχων
2928 688 3020 758 ὑφ’
3052 687 3244 742 ἑαυτοῦ
3271 683 3503 747 κακῶς.

488 777 623 834 ﬁcit.
1695 773 1700 778 ’

558 871 645 926 16.
686 871 845 926 Diviti
878 887 1054 940 neque
1085 871 1327 935 adulare,
1368 883 1544 940 neque
1585 823 1834 924 δαιτιᾱῶ
1885 869 2056 925 irrita.

1984 879 2056 924 ta.
2226 871 2486 925 Πλούσιον
2517 869 2654 941 μήτε
2683 867 2966 931 κολάκευε,
3010 867 3148 938 μήτε
3185 863 3500 936 παρόξυνε.

559 960 646 1015 17.
691 959 887 1016 Vinum
933 961 1157 1017 roborat
1191 975 1412 1030 corpus,
1457 959 1696 1014 animam
1728 969 1908 1014 autem
1935 975 2058 1014 ver-

2236 963 2495 1017 ⁹Ρώννυσι
2534 961 2632 1016 μὲν
2664 955 2805 1022 οἶνος
2832 959 2891 1013 τὸ
2935 959 3115 1029 σῶμα,
3146 957 3245 1027 τὴν
3273 957 3335 1010 δὲ
3359 953 3561 1025 ψυχὴν
3596 951 3730 1018 λόγος

489 1053 616 1110 bunt
652 1053 765 1108 Dei.
1191 1090 1206 1114 ο

1191 1090 1206 1114 ο
2153 1055 2313 1111 Θεοῦ.

561 1144 645 1198 18.
685 1144 834 1200 Cibis
862 1152 1013 1199 utere
1046 1161 1153 1200 non
1187 1144 1458 1209 dulcibus,
1483 1143 1576 1198 sed
1598 1144 1945 1199 salutaribus.

2226 1148 2422 1210 Σιτίοις
2450 1145 2583 1216 χρῶ,
2608 1145 2668 1200 οῦ
2700 1146 2811 1208 τοῖς
2838 1143 3043 1214 ἡδέσιν,
3078 1142 3213 1196 ἀλλὰ
3243 1142 3363 1204 τοῖς
3409 1136 3729 1204 ὡφελίμοκ.

560 1235 648 1290 19.
689 1236 745 1290 Si
794 1237 1010 1292 conaris
1047 1237 1260 1308 placere
1290 1237 1472 1306 vulgo,
1503 1237 1662 1308 vulgo
1709 1237 1902 1292 similis
1932 1236 2051 1294 fias.

2227 1241 2349 1303 Τοῖς
2403 1239 2582 1308 ὄχλοις
2652 1237 2994 1308 πειρώμενος
3053 1235 3335 1305 ἀρέσκειν,
3394 1230 3521 1283 τῶν
3578 1227 3731 1311 ὄχλων

2153 1330 2336 1400 ὅμοιος
2365 1329 2474 1384 ἔσο.

555 1413 646 1469 20.
687 1413 859 1482 Super
889 1416 1071 1470 omnia
1106 1422 1289 1470 autem
1332 1416 1594 1471 mortiﬁca
1638 1427 1838 1484 corpus
1880 1424 2054 1469 tuum.

1880 1424 2054 1469 tuum.
2239 1423 2410 1492 ’Υπὲρ
2438 1422 2615 1475 πάντα
2642 1419 2903 1490 καταχρῶ
2928 1417 3007 1489 τῷ
3033 1415 3241 1488 σώματί
3268 1432 3392 1469 σου.

559 1506 650 1562 2l.
692 1507 784 1564 Ille
812 1507 1116 1562 laboriosus
1153 1516 1255 1572 est,
1294 1507 1382 1562 cui
1426 1523 1533 1562 non
1571 1516 1784 1577 tempus
1817 1516 2054 1575 superat.

2225 1512 2514 1575 Φιλόπονος
2547 1513 2774 1575 ἐκεῖνος,
2799 1504 2844 1578 ᾧ
2875 1510 3066 1581 χρόνος
3094 1509 3156 1562 οὐ
3205 1504 3575 1580 περισσεύει.

556 1598 647 1655 22.
687 1597 765 1654 Ne
806 1599 1031 1669 recipito
1065 1598 1359 1655 Christiani
1413 1599 1647 1654 hominis
1681 1599 1912 1652 formam
1942 1607 2059 1653 tau-

2226 1603 2554 1675 Χριστιανοῦ
2593 1602 2894 1675 ἀνδρὸς⁶μὴ
2938 1602 3000 1655 τὸ
3032 1603 3217 1672 σχῆμα
3267 1597 3585 1666 ἀποδέχου,

491 1700 626 1754 tum,
667 1691 762 1747 sed
791 1691 987 1746 animae
1011 1691 1192 1761 potius
1220 1691 1585 1761 prudentiam.

1333 1691 1585 1747 dentiam.
2156 1697 2218 1752 τὸ
2248 1701 2346 1769 τῆς
2373 1697 2551 1767 ψυχῆς
2573 1695 2849 1767 φρόνημα.

557 1783 649 1838 23.
693 1783 916 1854 Culpam
941 1783 1239 1838 transferre
1272 1783 1324 1838 in
1363 1783 1529 1838 Deum
1564 1799 1671 1839 non
1701 1783 2051 1854 culpandum,

1879 1784 2051 1847 idum.
2083 1779 2126 1835 Β
2222 1789 2430 1858 Ψέγειν
2455 1787 2821 1858 ἀνεπίληπτον
2847 1785 2929 1849 είς
2958 1783 3090 1838 Θεὸν
3120 1783 3395 1855 ἁμαρτία.

489 1884 768 1945 peccatum
801 1886 902 1931 est.
2609 1891 2611 1893 ‘

560 1968 650 2022 24.
689 1969 916 2022 Aurium
948 1977 1000 2023 et
1029 1967 1225 2037 linguae
1258 1983 1512 2039 magnum
1549 1976 1630 2024 est
1655 1969 1979 2039 periculum.

1859 1985 1979 2024 um.
2229 1965 2402 2018 Ὠτων
2425 1964 2519 2018 καὶ
2543 1961 2812 2032 γλώσσης,
2849 1961 3023 2032 μέγας
3053 1962 3082 2014 ό
3107 1959 3375 2020 κίνδυνος.

558 2059 648 2113 25.
689 2060 960 2114 Timorem
997 2069 1050 2114 et
1091 2060 1420 2115 desiderium
1470 2059 1561 2114 Dei
1595 2060 1808 2126 habeto,
1833 2070 1888 2116 et
1923 2075 2058 2130 puro

2230 2057 2388 2112 Φόὸον
2429 2057 2520 2129 ἔχε
2557 2056 2716 2122 Θεοῦ,
2755 2055 2849 2110 καὶ
2899 2054 3082 2119 πόθον,
3145 2055 3240 2107 καὶ
3306 2051 3580 2124 καθαρὸν
3623 2050 3746 2122 πρὸς

490 2150 838 2204 conscientiae
868 2151 1182 2205 testimonio
1211 2166 1338 2222 erga
1371 2165 1562 2206 omnes
1593 2161 1766 2206 utere.

2158 2153 2365 2214 πάντας
2393 2152 2469 2222 τῷ
2499 2151 2778 2222 μαρτυρίῳ
2805 2148 2900 2203 τοῦ
2936 2147 3234 2211 συνειδότος
3258 2147 3545 2220 κέχρησο.

559 2240 650 2295 26.
693 2240 859 2295 Deum
900 2241 1078 2311 ipsum
1127 2258 1337 2312 semper
1376 2252 1692 2314 prmscntem
1722 2243 1911 2298 adesse
1941 2243 2059 2298 exi-

2228 2243 2398 2296 Αὑτὸν
2429 2242 2722 2311 ἐφεστάναι
2748 2242 2840 2296 τὸν
2873 2239 3005 2294 Θεὸν
3053 2239 3304 2304 πίστευε,
3351 2243 3415 2292 ἐν
3452 2233 3550 2303 οἷς
3581 2237 3744 2310 πράτ-

492 2334 678 2394 stima,
714 2334 766 2386 in
802 2334 1054 2389 omnibus
1083 2351 1205 2405 quae
1235 2336 1375 2406 agis.

1083 2351 1205 2405 qua
1235 2336 1375 2406 agis.
2159 2352 2270 2398 τεις
2300 2337 2573 2392 ἑκάστοτε.

560 2425 650 2479 27.
692 2425 884 2496 Fugito
909 2425 1144 2489 laudem,
1172 2437 1225 2480 et
1246 2434 1436 2480 caveto
1457 2425 1803 2495 vituperium.

2229 2427 2402 2495 Φεῦγε
2432 2428 2557 2490 τοὺς
2583 2427 2857 2494 ἐπαίνους,
2890 2426 3144 2497 αίσχὺνου
3172 2426 3229 2480 δὲ
3249 2426 3381 2487 τοὺς
3408 2424 3637 2495 ψόγους

561 2517 653 2574 28.
688 2518 871 2574 Gaude
910 2519 1129 2589 quando
1178 2519 1431 2574 virtutem
1477 2534 1737 2574 exerces:
1771 2534 1956 2573 verum
1996 2534 2062 2574 ne

2229 2518 2456 2589 Χαίρου,
2495 2518 2595 2590 τὴν
2647 2518 2848 2592 ἀρετὴν
2903 2519 3070 2590 ἡνίκα
3118 2517 3429 2592 πράττειςο
3485 2513 3640 2568 ἀλλά
3685 2511 3745 2583 ξιξ

493 2609 752 2676 eﬂ‘eraris,
776 2611 1067 2681 nequando
1101 2611 1155 2666 in
1183 2623 1338 2680 portu
1377 2611 1718 2682 naufragium
1752 2607 1938 2666 facias.

2228 2609 2424 2680 ιαίρου,
2461 2612 2670 2680 μήποτε
2696 2610 2758 2664 τὸ
2780 2612 3034 2679 ναυάγιον
3067 2613 3124 2664 ὲν
3150 2609 3228 2681 τῷ
3259 2609 3451 2679 λιμένι
3503 2608 3744 2676 γένηται.

560 2701 651 2757 29.
692 2701 906 2767 Quanto
937 2701 1107 2772 magis
1135 2702 1191 2756 in
1223 2702 1339 2772 lege
1364 2703 1604 2772 proticis,
1638 2710 1790 2757 tanto
1819 2703 1988 2772 magis
2014 2710 2064 2756 te

2233 2700 2395 2754 Ὅσον
2425 2703 2483 2754 ὲν
2525 2700 2607 2770 τῷ
2630 2701 2778 2772 νόμῳ
2821 2701 3170 2774 προκόπτεις,
3217 2696 3638 2752 ἀπολείπεσθαι
3665 2697 3749 2765 τῆς

495 2793 684 2847 abesse
717 2808 746 2846 a
774 2793 1103 2862 perfectione
1129 2794 1418 2866 intelliges.

1267 2794 1418 2866 liges.
2163 2789 2501 2864 τελειότητος
2526 2793 2782 2861 γίνωσκε.

565 2883 653 2938 30.
697 2885 1137 2956 Uniuscujusque
1185 2885 1264 2940 rei
1319 2885 1480 2940 linem
1526 2895 1651 2939 ante
1695 2883 1910 2939 initium
1935 2897 2068 2939 con-

2234 2881 2420 2953 Πάσης
2454 2882 2704 2954 πράξεως
2738 2883 2799 2936 τὸ
2819 2883 2971 2947 τέλος
3012 2881 3117 2954 πρὸ
3145 2881 3246 2952 τῆς
3274 2881 3461 2952 ἀρχῆς
3508 2879 3745 2946 ἐξέταξε.

496 2975 694 3030 sidera.

565 3065 655 3121 3i.
707 3064 810 3121 Diu
859 3076 1132 3137 noctuque
1183 3066 1250 3121 ad
1307 3066 1550 3122 ultimam
1598 3069 1787 3122 horam
1837 3067 2062 3139 respice.

2236 3063 2468 3134 Νύκτωρ
2520 3064 2615 3116 καὶ
2670 3063 2988 3134 μεθημέραν
3043 3061 3180 3134 πρὸς
3226 3061 3326 3133 τὴν
3383 3061 3624 3132 ἡμέραν
3661 3061 3750 3129 τὴν

2171 3155 2402 3225 ἐσχάτην
2426 3153 2721 3207 ἀπόὸλεπε.

569 3241 657 3298 32.
700 3241 778 3299 Ne
830 3243 1168 3300 converseris
1219 3242 1348 3310 isti,
1411 3258 1574 3315 quem
1630 3261 1662 3300 a
1709 3245 1866 3300 bonis
1918 3244 2069 3302 vides

2240 3246 2330 3316 Μὴ
2356 3246 2692 3316 ἀναμίγνυσο
2719 3247 2914 3319 τούτῳ,
2943 3247 3005 3302 ὸν
3029 3245 3181 3317 παρά
3207 3244 3314 3299 τῶν
3348 3244 3596 3314 ἀγαθῶν
3629 3244 3747 3298 θεω-

503 3335 728 3404 culpari.

2172 3342 2285 3411 ρεῖς
2310 3340 2548 3413 λοιδοροῦ
2557 3358 2623 3412 με
2631 3358 2718 3396 νον

571 3429 660 3483 33.
703 3427 933 3483 Studeas
978 3427 1182 3482 nemini
1227 3428 1487 3485 damnum
1524 3430 1674 3496 dare,
1712 3431 1799 3486 his
1829 3447 1950 3502 quas
1976 3447 2068 3487 seu

2242 3431 2446 3485 Σπεῦδε
2477 3433 2664 3503 μηδενὶ
2691 3431 2915 3505 βλάϐην,
2954 3435 3012 3486 ὲν
3035 3428 3116 3496 οἷς
3157 3432 3444 3502 πράττεις,
3477 3430 3519 3502 ἢ
3554 3430 3747 3499 λέγεις,

499 3520 659 3582 facis,
695 3535 789 3573 seu
819 3519 976 3584 dicis,
1002 3536 1096 3576 seu
1130 3522 1359 3592 cogitas.

1349 3563 1359 3576 .
2169 3524 2203 3595 ἢ
2233 3524 2563 3594 φιλοσοφεῖς,
2599 3525 2865 3594 γενέσθαι.

579 3611 668 3666 δι.
709 3609 786 3664 Ne
830 3611 1028 3666 lmteris
1085 3611 1291 3667 ﬂoridis
1340 3612 1463 3668 vitae
1501 3631 1515 3668 :
1563 3612 1663 3668 flos
1687 3614 1830 3669 enim
1871 3615 2070 3685 gran‘i-

2239 3615 2334 3686 Μὴ
2383 3615 2675 3684 εὐφραίνου
2734 3619 2846 3680 τοῖς
2889 3615 3146 3687 ἀνθηροῖς
3187 3613 3284 3668 τοῦ
3331 3613 3456 3684 βίου
3486 3630 3508 3646 ο
3542 3612 3612 3666 τὸ
3651 3614 3747 3681 γὰρ

503 3719 662 3767 neus,
691 3718 813 3757 cum
847 3705 1240 3768 attrecmveris,
1275 3704 1561 3761 ﬂaccescit.

2170 3707 2414 3779 χόρτινον
2440 3708 2619 3774 ἄνθος,
2651 3708 2725 3771 ὡς
2752 3707 3029 3779 ψηλαφᾷς,
3067 3706 3418 3778 μαραίνεται.

573 3794 662 3850 35.
703 3792 760 3849 In
801 3795 1048 3852 tristibus
1088 3797 1299 3867 gratias
1330 3813 1448 3869 age,
1495 3808 1549 3852 et
1591 3797 1781 3870 jugum
1832 3795 2074 3854 anlictio-

2254 3801 2342 3855 Ἐν
2379 3803 2491 3864 τοῖς
2527 3801 2790 3870 λυπηροῖς
2820 3800 3158 3872 εὐχαρίστει,
3207 3798 3301 3852 καὶ
3345 3799 3379 3851 ὁ
3425 3796 3605 3865 ζυγὸς
3647 3796 3747 3849 τῶν

505 3902 634 3940 num
666 3885 780 3940 leve
809 3885 931 3940 erit.

2171 3892 2452 3963 ἁμαρτιῶν
2476 3891 2810 3961 κουφίζεται.

573 3976 762 4032 36.1n
828 3978 1219 4033 tentationibus
1288 3979 1364 4036 sis
1428 3978 1631 4035 fortis:
1675 3980 1872 4036 multos
1927 3981 2070 4037 enim

2250 3982 2339 4036 Ἐν
2374 3987 2488 4047 τοῖς
2511 3987 2834 4055 πειρασμοῖς
2875 3981 3171 4052 ἀσφαλίζου
3195 3997 3210 4012 ο
3259 3979 3497 4044 πολλοὺς
3527 3983 3642 4051 γάρ
3661 3982 3746 4032 καὶ

503 4066 665 4120 etiam
696 4065 963 4135 maiorum
985 4077 1300 4138 arguerunt.

1196 4077 1300 4123 mt.
2173 4075 2433 4145 μειζόνων
2461 4075 2712 4146 ἤλεγξαν.

574 4159 663 4212 37.
703 4157 782 4214 Ne
833 4159 1020 4215 incusa
1061 4159 1157 4216 Dei
1211 4161 1669 4232 longanimitatem
1713 4181 1728 4219 :
1784 4178 2072 4219 commune

2240 4167 2330 4235 Μὴ
2373 4168 2588 4237 μέμφου
2636 4169 2737 4238 τὴν
2775 4167 2869 4222 τοῦ
2911 4167 3047 4222 Θεοῦ
3081 4166 3468 4240 μακροθυμίαν
3494 4182 3509 4195 °
3574 4165 3745 4219 κοινὸν

504 4249 652 4304 enim
689 4259 774 4305 est
809 4251 1189 4321 pharmacum.

2170 4254 2279 4324 γάρ
2314 4257 2428 4308 ἐστι
2463 4256 2771 4326 φάρμακον.

575 4363 664 4419 38.
705 4363 1122 4434 Inaequalitatem
1152 4367 1275 4422 vitae
1302 4367 1429 4421 odio
1461 4381 1809 4438 prosequere,
1852 4377 2070 4438 propter

2238 4367 2401 4422 Μίσει
2429 4369 2490 4421 τὸ
2517 4368 2802 4440 ἀνώμαλον
2832 4367 2927 4422 τοῦ
2963 4367 3102 4438 βίου,
3137 4368 3226 4421 ἐπ’
3246 4366 3379 4421 αὐτὸ
3400 4367 3461 4420 δὲ
3493 4367 3592 4420 τὸν
3618 4365 3744 4418 Θεὸν

506 4469 628 4511 eam
647 4469 776 4510 vero
808 4455 976 4511 Deum
1007 4472 1074 4513 ne
1103 4459 1443 4513 criminator.

1038 4472 1074 4513 te
1103 4459 1443 4513 criminator.
2103 4441 2147 4496 ο
2177 4456 2252 4530 μὴ
2287 4457 2554 4515 διάϐαλλε.

575 4569 666 4624 39.
705 4569 1059 4626 Attendamus
1103 4571 1260 4627 nobis
1310 4570 1478 4641 ipsis,
1529 4580 1584 4628 et
1655 4571 1792 4628 alios
1832 4587 1939 4627 non
1987 4587 2076 4628 rec

2246 4573 2608 4645 Προσέχωμεν
2655 4573 2889 4638 ἑαυτοῖς,
2939 4572 3036 4627 καὶ
3067 4570 3257 4635 ἄλλους
3313 4571 3375 4625 οὐ
3427 4571 3744 4640 σκῶψομεν.

507 4660 931 4731 prehendemus.
1889 4687 1894 4694 ο

580 4775 671 4830 40.
709 4774 874 4832 Multa
915 4775 1060 4832 enim
1091 4775 1148 4832 in
1175 4777 1339 4833 nobis
1369 4786 1519 4844 sunt,
1545 4786 1767 4848 propter
1788 4795 1909 4849 qua:
1939 4778 2076 4834 alios

2247 4775 2423 4829 Πολλά
2450 4775 2558 4848 γὰρ
2592 4776 2650 4828 ἐν
2684 4776 2840 4846 ἡμῖν,
2871 4775 2965 4846 ἀφ’
3000 4767 3076 4829 ὧν
3100 4774 3226 4837 τοὺς
3251 4772 3450 4836 ἄλλους
3494 4771 3740 4824 σκώπτο-

511 4872 779 4922 texamus.

2181 4885 2298 4940 μεν.

582 4977 671 5032 41.
712 4978 960 5035 Psalmus
985 4981 1310 5051 precationis
1339 4982 1408 5038 sit
1441 4983 1537 5038 tibi
1563 4983 1617 5038 in
1651 4999 1745 5040 ore
1775 4992 1868 5040 tuo
1893 5001 1906 5036 :
1935 4983 2078 5039 Deus

2243 4980 2473 5052 Ψαλμὸς
2498 4980 2638 5034 ἔστω
2666 4996 2748 5033 σοι
2792 4979 2959 5049 εὐχῆς
2987 4979 3044 5032 ὲν
3072 4977 3150 5049 τῷ
3183 4977 3410 5048 στόματί
3443 4995 3542 5032 σου
3567 4997 3582 5010 θ
3623 4980 3742 5042 Θεὸς

511 5071 656 5124 enim
682 5072 995 5128 nominatus
1031 5071 1179 5145 lugat
1211 5074 1502 5131 damones.

2177 5071 2287 5145 γάρ
2314 5071 2711 5144 ὀνομαζόμενος
2746 5069 3042 5140 φυγαδεύει
3079 5071 3206 5134 τοὺς
3247 5070 3539 5140 δαίμονας.

582 5183 674 5238 42.
712 5185 898 5240 Oratio
937 5171 1074 5242 cum
1106 5187 1397 5243 sobrietate
1442 5189 1555 5255 fiat,
1606 5203 1678 5245 ne
1706 5204 1738 5244 a
1772 5189 1886 5245 Deo
1925 5197 2079 5259 peta-

2249 5184 2533 5256 Προσευχὴ
2592 5182 2730 5253 μετά
2764 5182 2981 5254 νήψεως
3040 5179 3318 5252 γενέσθω,
3378 5179 3475 5234 ἵνα
3529 5180 3609 5251 μὴ
3661 5180 3741 5232 τὸν

513 5289 637 5329 mus
667 5290 789 5344 quae
825 5275 930 5346 ipsi
959 5291 1066 5331 non
1095 5288 1252 5348 grata
1279 5287 1428 5335 sunt.

2179 5275 2312 5329 Θεὸν
2345 5275 2626 5347 αἰτοῦμεν,
2655 5271 2739 5338 οἷς
2760 5277 2923 5340 αὐτὸς
2963 5275 3064 5328 οὐκ
3091 5275 3407 5343 ἀρέσκεται.

584 5386 673 5441 45.
713 5387 937 5457 Semper
965 5390 1252 5446 recordare
1304 5389 1422 5457 Dei,
1471 5399 1528 5446 et
1567 5390 1767 5446 cmlum
1818 5391 1890 5446 sit
1927 5391 2078 5462 cogi-

2260 5389 2375 5444 ’Asi.
2403 5392 2704 5462 μνημόνευε
2737 5391 2832 5445 τοῦ
2872 5389 3028 5458 Θεοῦ,
3053 5390 3148 5444 καὶ
3200 5387 3432 5457 οὐρανὸς
3474 5386 3510 5456 ὴ
3547 5385 3744 5438 διάνοια

515 5479 652 5532 tatio
685 5485 797 5534 tua.

2181 5497 2273 5534 σου
2312 5481 2551 5552 γίνηται.

586 5588 675 5642 44.
711 5589 918 5645 Cohibe
950 5567 1210 5650 oculum:
1245 5607 1370 5652 cum
1414 5593 1562 5652 enim
1602 5611 1711 5652 non
1752 5596 2079 5664 attenderis,

2249 5591 2481 5648 Χαλίνου
2507 5593 2600 5648 τὸν
2645 5593 2920 5672 ὀφθαλμόν
2942 5610 2958 5625 ⁶
2990 5592 3066 5656 ὡς
3118 5591 3229 5662 γὰρ
3273 5589 3374 5644 οὐκ
3419 5582 3599 5654 οἶδας.
3625 5585 3745 5658 ῥέεν

520 5677 981 5736 circumvolvitur.

2180 5680 2352 5738 δεται.
3229 5693 3232 5698 ’
