3838 6056
61 299 226 365 1253

1287 233 1555 349 CAi’ITA
1590 282 2082 345 ΡΑΒᾹΞΝΕΤῙΟΑ

3167 279 3301 345 1254

138 408 337 463 Φείδου
395 406 493 477 τῆς
547 400 836 474 γλώττης·
884 397 1144 461 πολλάκις
1192 395 1302 469 γὰρ
1361 393 1647 466 προφέρει,

1826 390 1908 445 45.
1946 389 2116 445 Parce
2143 399 2292 446 atere
2316 388 2497 460 lingua
2524 356 2712 460 :‘saepe
2752 389 2896 445 enim
2936 388 3303 460 proferuntur.

58 501 474 573 ἆπεράμεινον
500 495 852 567 κρύπτεσθαι.

140 613 393 687 Γεώργει
412 614 479 684 τῇ
500 610 697 682 μελέτῃ
717 607 809 663 τοῦ
831 607 1019 677 νόμου,
1049 605 1147 675 τὴν
1167 603 1405 658 διάνοιαν
1429 618 1442 631 ·
1471 600 1650 655 ἐκτίλ-

58 704 155 760 λει
193 706 307 779 γὰρ
332 704 439 759 τῶν
464 701 739 772 λογισμῶν
768 700 895 764 τοὺς
939 697 1232 768 πονηροὺς,
1274 692 1514 765 συνεχῶς
1556 708 1653 763 με·

64 797 414 866 λετὼμενος.

148 890 273 953 Τὰς
298 884 501 959 ἀρετὰς
530 882 741 954 κρύπτε
768 896 783 911 ·
826 878 1111 949 μάρτυρας
1136 875 1195 930 δὲ
1232 873 1326 928 τοῦ
1378 873 1493 945 βίου
1522 873 1654 927 πολι

64 979 212 1044 λοὺς
236 980 521 1050 κέκτησαι.
1072 984 1077 991 ’

144 1070 323 1125 Μίσει
349 1049 450 1131 τὰς
474 1062 669 1137 ἡδονὰς
697 1061 801 1132 τῆς
832 1058 1033 1130 σαρκός
1059 1074 1072 1088 ·
1103 1054 1357 1130 ῥυπαρὰν
1383 1053 1492 1125 γὰρ
1518 1049 1656 1124 μετὰ

59 1162 175 1217 τοῦ
212 1160 462 1231 σώματος
499 1155 597 1227 τὴν
632 1154 811 1225 ψυχὴν
836 1150 1174 1221 ἐργάζονται.

157 1250 317 1305 Μόνα
365 1248 505 1302 δίδου
529 1248 595 1318 τῇ
623 1245 789 1315 σαρκὶ
834 1243 933 1295 ὅσα
961 1240 1156 1314 χρῄζει
1194 1236 1399 1302 λαϐεῖν,
1430 1234 1527 1305 ούχ
1555 1234 1656 1287 ὅσα

72 1338 359 1410 βούλεται.

150 1430 252 1503 Μὴ
284 1430 473 1499 ἀγάπα
510 1425 572 1480 τὸ
604 1426 817 1498 τρυφᾷν
848 1440 863 1456 ο
899 1423 1082 1494 φιλίαν
1118 1421 1227 1493 7&9
1262 1419 1397 1491 πρὸς
1429 1418 1520 1473 τὸν
1544 1417 1657 1488 βίον

72 1522 326 1592 ἐμποιεῖ,
353 1518 521 1591 ἔχθρα
550 1517 610 1571 δὲ
643 1516 780 1588 πρὸς
805 1516 897 1571 τὸν
934 1515 1065 1568 Θεὸν
1094 1514 1358 1584 ἑκατέρου
1390 1510 1653 1564 τίκτεται.

168 1697 540 1771 Ἀποστρέφου
586 1698 687 1768 τὴν
729 1695 787 1751 ὲν
816 1694 894 1767 τῷ
945 1694 1047 1767 βίῳ
1080 1695 1253 1767 χαράν
1285 1712 1301 1727 ο
1358 1692 1497 1764 αὕτη
1548 1690 1659 1762 γὰρ
1689 1743 1733 1799 Β

76 1791 385 1846 ὀλισθαίνει
416 1792 511 1845 καὶ
534 1790 769 1854 σκελίζει
800 1792 929 1854 τοὺς
968 1788 1281 1861 τρέχοντας.

157 1882 403 1937 Πλοῦτον
451 1882 500 1936 εί
535 1881 635 1953 μὲν
670 1880 836 1952 ἔχεις,
882 1878 1163 1951 σκόρπιζε.
1194 1878 1257 1931 Et
1285 1876 1329 1930 δ’
1353 1875 1453 1929 οὐκ
1491 1872 1659 1945 ἔχεις,

94 1975 186 2046 μὴ
227 1974 446 2043 σύναγε.

159 2067 365 2122 Ὅπλον
409 2064 545 2136 ήγοῦ
580 2064 679 2137 τὴν
743 2062 1019 2135 νηστείαν,
1063 2060 1158 2114 καὶ
1197 2059 1297 2132 τὴν
1356 2056 1665 2129 προσευχὴν

82 2161 292 2229 τεῖχος,
316 2157 409 2211 καὶ
438 2156 677 2227 λουτῆρα
705 2154 774 2208 τὰ
801 2155 1035 2224 δάκρυα.

162 2251 309 2303 ’Ὀσα
326 2247 652 2321 ἐξήμαρτες,
678 2247 858 2301 πάντα
878 2244 1013 2317 μετὰ
1032 2242 1350 2311 στεναγμῶν
1387 2243 1631 2313 μέμνησο
1646 2257 1662 2273 ο

84 2340 306 2409 γίνεται
333 2340 443 2413 γὰρ
476 2337 727 2393 ἐντεῦθεν
759 2340 826 2410 τῇ
865 2338 1010 2409 ψυχῇ
1054 2333 1307 2407 διηνεκὴς
1351 2333 1661 2399 κατάνυξις.

164 2514 460 2589 Περιποιοῦ
514 2515 640 2577 τοὺς
692 2511 975 2584 πτωχούς·
1028 2494 1175 2565 οὗτοι
1228 2508 1336 2579 7&9
1388 2507 1520 2578 ἡμῖν
1572 2505 1666 2559 τὸν

89 2610 307 2681 Κριτὴν
342 2590 794 2663 καταλλάσσουσι.

165 2703 301 2765 Ταῖς
322 2702 533 2773 χρείαις
562 2699 669 2752 τῶν
696 2698 867 2767 ἁγίων
898 2694 1145 2750 κοινώνει
1169 2713 1183 2726 σ
1227 2693 1295 2748 δι’
1338 2690 1520 2746 αὐτῶν
1556 2689 1664 2761 γάρ

93 2812 181 2849 σοι
212 2793 465 2848 κοινωνία
492 2791 627 2863 πρὸς
661 2790 753 2844 τὸν
782 2790 914 2845 Θεὸν
942 2790 1173 2859 γίνεται.

164 2889 282 2960 Τὴν
310 2885 603 2957 ἐκκλησίαν
654 2885 727 2949 ὼς
764 2884 990 2955 οὐρανὸν
1023 2884 1183 2938 πάτει
1211 2896 1226 2913 ⁸
1256 2881 1352 2935 καὶ
1410 2878 1577 2951 μηδὲν
1607 2878 1667 2931 ἐν

92 2981 239 3051 αὐτῇ
272 2978 403 3051 μηδὲ
424 2978 573 3045 λέγε,
603 2976 735 3047 μηδὲ
760 2975 975 3044 λογίζου
1010 2976 1215 3045 γήϊνον.

1750 499 1871 555 quae
1900 484 2092 539 melius
2118 483 2309 538 fuisset
2332 482 2532 538 caelari.

1821 596 1910 651 46.
1951 596 2293 651 Meditatione
2342 593 2476 666 legis
2519 605 2753 649 mentem
2797 594 3011 651 colito:
3049 596 3312 666 exstirpat

1751 692 1896 747 enim
1927 694 2101 748 malas
2122 692 2500 763 cogitationes,
2525 691 2782 745 continue
2811 689 3171 760 frequentata.

1823 867 1913 924 47.
1957 868 2195 925 Virtutes
2249 878 2369 925 tuas
2415 870 2639 925 cauato:
2671 876 2834 924 testes
2872 883 3001 924 vero
3049 870 3170 923 vita:
3210 878 3314 922 tua:

1754 962 1953 1016 multos
1986 963 2267 1031 acquirere
2299 963 2474 1019 stude.

1824 1054 1911 1109 48.
1950 1054 2081 1109 Odio
2104 1070 2430 1125 prosequere
2458 1054 2638 1110 carnis
2660 1054 2963 1125 voluptates
2992 1072 3005 1108 :
3046 1054 3314 1109 sordidam

1754 1142 1898 1197 enim
1933 1144 2171 1198 animam
2203 1161 2321 1199 cum
2359 1159 2586 1215 corpore
2609 1144 2871 1200 efficiunt.

1824 1235 1914 1290 49.
1952 1235 2182 1306 Corpori
2236 1237 2413 1291 solum
2458 1244 2722 1308 quantum
2774 1236 2995 1307 indiget,
3042 1235 3315 1306 impende,

1755 1340 1864 1380 nor.
1888 1337 2147 1395 quantum
2182 1328 2351 1397 cupit.

1826 1416 1914 1473 50.
1958 1416 2195 1472 Delicate
2224 1420 2406 1474 vivere
2426 1435 2496 1474 ne.
2523 1420 2724 1491 eligas:
2759 1433 2998 1474 amorem
3032 1416 3176 1473 enim
3213 1418 3316 1470 hu-

1752 1507 1844 1578 jus
1876 1507 1999 1562 vita:
2023 1508 2275 1563 conciliat
2300 1526 2313 1562 :
2342 1508 2619 1565 inimicitia
2647 1519 2828 1565 autem
2862 1509 3121 1564 adversus
3148 1506 3317 1561 Deum

1758 1616 1819 1655 ex
1857 1609 2083 1670 utroque
2114 1602 2379 1656 nascitur.

1828 1693 1917 1748 51.
1960 1692 2259 1748 Adversare
2312 1692 2365 1746 in
2413 1692 2520 1747 vita
2576 1694 2829 1764 gaudium
2886 1713 2899 1747 :
2950 1692 3126 1763 ipsum
3179 1692 3321 1747 enim

1762 1782 2027 1838 lubricum
2056 1792 2157 1849 est,
2178 1792 2231 1838 et
2259 1783 2561 1853 przecipitat
2596 1784 2947 1838 exsultantes.

1832 1875 1920 1931 52.
1955 1875 2179 1930 Divitias
2211 1875 2257 1930 si
2293 1875 2482 1940 babes,
2514 1875 2817 1931 distribue:
2854 1877 2899 1929 si
2932 1891 3059 1930 vero
3086 1891 3191 1930 non
3226 1875 3324 1930 ha-

1762 1963 1878 2030 bes,
1906 1980 1975 2020 ne
1996 1965 2207 2036 collige.

1835 2056 1923 2110 55.
1963 2055 2305 2110 Armaturam
2354 2057 2497 2111 enim
2541 2056 2829 2126 jejunium,
2875 2062 3174 2115 orationem
3205 2075 3327 2115 mu-

1763 2164 1904 2213 rum,
1938 2159 1988 2204 et
2024 2150 2274 2204 balneum
2300 2151 2564 2221 lacrymas
2592 2165 2712 2205 esse
2737 2162 2942 2219 putato.
3138 2134 3145 2137 1

1839 2242 1927 2295 54.
1972 2240 2315 2310 Quaecunque
2347 2243 2532 2312 inique
2562 2240 2767 2308 fecisti,
2804 2243 2986 2298 omnia
3016 2260 3138 2299 cum
3167 2246 3330 2314 gemi-

1767 2333 1909 2388 tibus
1942 2334 2257 2401 recordare;
2282 2334 2456 2388 oritur
2497 2332 2642 2388 enim
2691 2333 2817 2389 hinc
2848 2336 3045 2391 anima:
3072 2336 3329 2391 continua

1766 2426 2130 2494 compunctio.

1835 2517 1923 2572 55.
1963 2518 2235 2588 Pauperes
2291 2516 2509 2572 foveto:
2543 2517 2644 2588 ipsi
2690 2517 2833 2572 enim
2873 2518 3109 2589 iudicem
3172 2520 3330 2575 nobis

1766 2609 2075 2663 conciliant.

1841 2703 1928 2757 56.
1968 2702 2166 2771 Inopia;
2225 2715 2538 2758 sanctorum
2597 2704 2866 2759 subveni:
2903 2718 2999 2774 per
3044 2719 3137 2760 eos
3188 2706 3331 2759 enim

1767 2792 1862 2848 tibi
1888 2807 2011 2846 cum
2045 2790 2156 2846 Deo
2194 2792 2418 2864 contigit
2461 2794 2712 2849 societas.

1837 2884 1925 2940 57.
1967 2883 2259 2939 Ecclesiatn
2302 2902 2409 2939 non
2451 2901 2608 2940 secus
2657 2901 2723 2941 ac
2767 2886 2964 2941 caelum
3010 2885 3329 2955 frequenta:

1770 2976 2013 3046 nihilque
2057 2976 2110 3030 in
2149 2976 2262 3045 ipsa
2297 2991 2392 3030 seu
2424 2977 2666 3045 loquere,
2697 2993 2792 3039 seu
2826 2978 2999 3047 cogita
3036 2989 3331 3035 terrenum.

181 3073 512 3139 Ἀναγκαῖαν
564 3068 753 3138 νόμιζε
801 3068 900 3138 τὴν
942 3066 1301 3138 αὐτάρκειαν,
1341 3060 1663 3134 παραχώρει

1836 3067 1923 3123 58.
1965 3066 2340 3122 Necessarium
2372 3069 2649 3132 existima,
2681 3072 2794 3123 suis
2833 3071 2995 3125 rebus
3023 3081 3335 3126 contentum

92 3164 153 3216 δὲ
175 3162 257 3233 τῷ
286 3162 404 3233 Θεῷ
428 3163 528 3232 τὴν
560 3162 700 3232 ὑπὲρ
724 3159 926 3229 ταύτης
962 3159 1249 3229 μέριμναν.

168 3253 359 3307 Κύλλα
412 3252 509 3324 τὴν
548 3252 723 3322 σάρκα
766 3250 991 3319 ἀγαθοῖς
1045 3250 1257 3313 πόνοις,
1304 3244 1584 3309 παντελῶς
1614 3245 1670 3298 δὲ

95 3345 275 3417 αὐτὴν
305 3345 379 3416 μὴ
406 3346 730 3398 καταπεσεῖν
765 3339 1037 3413 φρόντιζε.

173 3439 305 3490 Πίνε
338 3437 429 3489 τὸν
473 3432 613 3488 οἶνον
666 3433 981 3503 ἐλάχιστον·
1016 3432 1140 3485 ὅσον
1185 3427 1294 3500 γὰρ
1334 3424 1670 3489 κολοὸοὖται,

97 3531 386 3599 εὐεργετεί
411 3527 533 3589 τοὺς
568 3526 839 3588 πίνοντας.

172 3642 385 3707 Κόλαζε
415 3642 505 3695 τὴν
534 3641 701 3710 θυμόν
727 3656 742 3672 ο
778 3638 975 3711 μανίας
996 3637 1106 3707 γάρ
1126 3636 1243 3689 ἐστι
1271 3633 1474 3704 πατὴρ,
1496 3631 1556 3685 τὸ
1581 3630 1675 3701 μέ-

96 3752 232 3805 τρον
261 3734 347 3797 ὲξε
358 3733 638 3803 ρχόμενος.

188 3848 275 3901 Ἐν
298 3849 418 3908 ταῖς
464 3846 657 3909 νόσοις,
681 3846 746 3915 τῇ
771 3842 1044 3913 προσευχῇ
1096 3838 1201 3910 πρὸ
1229 3837 1336 3891 τῶν
1361 3835 1558 3907 ἰατρῶν
1581 3836 1674 3889 καὶ

100 3940 410 4011 φαρμάκων
442 3938 697 4008 κέχρησο.

174 4052 314 4116 Τοὺς
367 4054 532 4123 ἱερεῖς
584 4050 789 4112 πάντας
838 4048 935 4119 μὲν
978 4045 1135 4117 τίμα,
1186 4046 1297 4107 τοῖς
1347 4040 1569 4111 ἀγαθοῖς
1617 4040 1675 4094 δὲ

103 4145 433 4218 πρόστρεχε.
1040 4176 1043 4177 ν

188 4259 401 4325 ’Λγάπα
430 4257 523 4311 τοῦ
564 4254 699 4308 Θεοῦ
728 4254 855 4317 τοὺς
881 4249 1081 4316 οἴκους,
1111 4245 1257 4303 οἷκον
1297 4248 1353 4303 δὲ
1397 4246 1533 4301 Θεοῦ
1580 4247 1674 4301 καὶ

107 4354 305 4406 σαυτὸν
332 4349 762 4404 κατασκεύασον.

1775 3173 1934 3213 esse:
1974 3159 2221 3228 permitte
2260 3168 2439 3212 autem
2472 3159 2582 3213 Deo
2612 3161 2731 3229 ejus
2766 3160 2841 3214 rei
2880 3176 3091 3215 curam.

1845 3252 1932 3305 59.
1973 3250 2202 3304 Carnem
2228 3261 2374 3305 tuam
2404 3250 2681 3306 debilitato
2715 3252 2871 3307 bonis
2899 3252 3214 3320 laboribus;
3245 3270 3337 3324 pe-

1776 3343 1921 3398 nitus
1950 3360 2076 3397 vero
2100 3359 2216 3397 eam
2251 3358 2357 3397 non
2384 3344 2594 3396 domari
2624 3360 2785 3413 posse
2814 3346 3088 3398 existima.

1846 3434 1934 3487 60.
1974 3432 2170 3487 Vinum
2224 3433 2345 3486 bibe
2379 3433 2533 3486 valde
2565 3432 2862 3496 modicum,
2901 3443 3162 3502 quantum
3194 3432 3339 3487 enim

1777 3524 2015 3590 oll‘endit,
2047 3534 2252 3578 tantum
2277 3526 2440 3579 etiam
2467 3524 2783 3579 corroborat
2828 3526 3090 3579 bibentes.

1848 3635 1934 3691 (il.
1976 3636 2115 3689 lram
2163 3651 2478 3707 compesce:
2520 3636 2788 3691 insaniam
2834 3639 2980 3692 enim
3028 3641 3189 3710 parit,
3222 3658 3339 3699 mo-

1778 3735 1906 3789 dum
1937 3734 2225 3789 excedens.

1846 3846 1936 3901 62.
1977 3848 2035 3900 In
2091 3847 2331 3911 morbis,
2375 3846 2617 3902 oratione
2659 3846 2979 3919 priusquam
3025 3853 3249 3909 medicis
3289 3865 3343 3910 et

1778 3940 2088 4010 pbarmacis
2126 3950 2278 3993 utere

1847 4055 1936 4109 65.
1976 4054 2297 4109 Sacerdotes
2344 4067 2534 4108 omnes
2585 4053 2813 4119 honora,
2864 4055 3024 4113 bonis
3057 4073 3187 4113 vero
3222 4068 3343 4114 tan-

1787 4157 1843 4201 ιιι
1852 4163 1902 4200 ΠΙ
1940 4161 2285 4202 convcrsare.

1849 4261 1935 4316 64.
1979 4261 2247 4318 Venerare
2280 4262 2375 4320 Dei
2402 4264 2617 4334 domus,
2649 4263 2871 4321 domum
2900 4279 3028 4320 vero
3056 4263 3148 4320 Dei
3181 4264 3342 4320 etiam

1780 4353 2007 4422 teipsum
2036 4352 2209 4408 eflice.

174 4467 270 4528 Είς
302 4463 402 4536 τὴν
449 4461 745 4533 ἐκκλησίαν
778 4458 1007 4529 σύχναζε
1037 4473 1051 4489 ·
1097 4455 1342 4529 θορύϐων
1384 4453 1494 4526 7&9
1524 4453 1667 4525 ἡμᾶς

1839 4464 1928 4519 65.
1964 4464 2021 4518 ln
2057 4464 2339 4521 ecclesiam
2397 4464 2710 4537 frequenter
2742 4465 2968 4521 venias:
3005 4480 3035 4520 a
3064 4466 3346 4535 perturba-

106 4558 204 4611 καὶ
231 4556 397 4626 ζάλης
417 4553 747 4611 ἀπαλλάττει
778 4552 885 4605 τῶν
923 4549 1147 4619 ἔξωθεν.

178 4758 321 4811 Ὅσα
360 4760 416 4811 ὲν
441 4761 507 4829 τῇ
545 4759 636 4828 γῇ,
692 4755 1040 4828 πρόσκαιρα·
1082 4754 1156 4826 μή
1192 4771 1252 4807 σε
1297 4752 1392 4808 νῦν
1424 4751 1587 4805 λύπει
1617 4750 1679 4804 τὸ

108 4850 494 4925 χωριζόμενον.

180 5054 351 5108 Ὅταν
411 5071 493 5108 σοι
541 5051 800 5121 λογισμὸς
832 5050 1161 5121 ἡδυπαθείας
1209 5047 1523 5119 ἒγγένηται,
1554 5048 1683 5102 άντ-

1781 4556 2019 4611 tionibus
2049 4558 2193 4613 enim
2244 4567 2301 4615 et
2343 4558 2788 4615 ﬂuctuationibus
2819 4557 3180 4614 exterioribus
3209 4558 3345 4613 libe-

1782 4662 1906 4702 rare
1938 4662 2040 4702 nos
2071 4648 2228 4704 solet.

1850 4762 1938 4817 66.
1978 4761 2324 4832 Quaecunque
2358 4762 2411 4816 in
2457 4770 2597 4817 terra
2640 4772 2786 4829 sunt,
2820 4772 3166 4833 temporanea
3205 4762 3347 4819 exsi-

1783 4860 1969 4908 stunt:
2003 4867 2072 4908 ne
2095 4863 2146 4907 te
2174 4867 2302 4923 ergo
2340 4853 2639 4922 perturbet,
2668 4853 2810 4922 quod
2843 4853 2940 4907 tibi
2979 4854 3242 4908 aufertur.

1855 5047 1942 5102 67.
1979 5046 2208 5114 Quando
2241 5056 2292 5103 te
2327 5048 2621 5119 voluptatis
2656 5048 2881 5105 affectus
2930 5049 3210 5116 invaserit,
3252 5067 3350 5122 op-

112 5146 329 5219 ίστησον
374 5145 524 5216 αὐτῷ
575 5145 673 5216 τὴν
706 5143 815 5196 τῶν
878 5141 1181 5211 ἀνθρώπων
1229 5138 1533 5209 αἰσχύνην,
1590 5140 1667 5193 καπ

1826 5156 1924 5196 one
1956 5140 2058 5210 ipsi
2090 5149 2290 5196 metum
2331 5140 2635 5207 hominum,
2660 5150 2713 5196 et
2744 5142 2835 5197 Dei
2862 5140 3138 5197 offensam.

112 5240 209 5310 τὴν
230 5237 323 5291 τοῦ
352 5238 485 5291 Θεοῦ
520 5236 912 5309 πρόσκρουσιν.

192 5348 520 5420 Ἀσφαλίζου
570 5349 671 5420 τὴν
694 5348 864 5419 ἀκοὴν
908 5348 1002 5403 καὶ
1044 5348 1171 5412 τοὺς
1227 5343 1544 5416 ὀφθαλμούς
1573 5359 1587 5373 ⁸
1618 5342 1685 5396 δι’

112 5439 290 5492 αὐτῶν
314 5440 421 5512 γάρ
450 5440 627 5494 πάντα
648 5440 719 5494 τὰ
749 5438 875 5511 βέλη
906 5442 1003 5509 τῆς
1026 5439 1225 5502 κακίας
1254 5437 1614 5509 είσέρχονται.

194 5550 388 5607 Ἠνίκα
414 5552 692 5626 προσεύχῃ
718 5595 733 5619 ,
792 5554 884 5606 τὸν
922 5551 1184 5622 λογισμὸν
1236 5550 1377 5623 πρὸς
1426 5545 1559 5601 Θεὸν
1596 5546 1690 5600 ἀν-

1856 5257 1943 5311 68.
1985 5255 2193 5311 Μυηίιο
2235 5256 2517 5323 auditum,
2568 5266 2622 5312 et
2660 5257 2892 5313 oculos:
2930 5273 3024 5328 per
3070 5258 3159 5313 illa
3204 5254 3351 5313 enim

1787 5348 1970 5402 omnia
1995 5348 2098 5403 tela
2128 5348 2349 5403 malitia:
2382 5348 2780 5418 ingrediuntur.

1859 5544 1948 5600 69.
1985 5544 2119 5601 Cum
2157 5549 2420 5615 oraveris,
2452 5558 2682 5606 mentem
2729 5551 2794 5604 ad
2836 5549 3002 5603 Deum
3041 5546 3225 5601 attolle
3256 5564 3268 5599 :
3298 5554 3355 5601 et

117 5642 289 5712 άγαγε
317 5686 333 5712 ,
368 5647 472 5701 κᾶν
505 5644 901 5719 περισπασθεὶς
927 5643 1190 5715 κατέλθῃ,
1219 5640 1385 5698 πάλιν
1408 5638 1570 5695 αὐτὸν
1595 5638 1667 5693 ιίιν⁴

1826 5636 2000 5691 tiamsi
2054 5637 2177 5691 inde
2227 5641 2499 5698 abstracta
2535 5640 2890 5706 descenderit,
2929 5640 3124 5696 iterum
3173 5648 3354 5696 tamen

118 5733 310 5803 άγαγι.

1792 5729 1962 5800 ipsam
1991 5729 2266 5803 recollige.
