3838 6056
527 261 668 328 1255

1996 263 2058 323 S.
2089 263 2253 325 NILI

3606 269 3754 334 1256

583 377 669 432 70.
714 375 866 432 Meus
903 378 1139 433 humana
1185 395 1293 434 non
1327 395 1564 450 unquam
1602 391 1779 437 cessat
1811 395 2058 454 generare

2240 382 2313 436 Ού
2345 382 2574 438 παύεται
2605 387 2639 456 ή
2682 385 2886 448 διάνοια
2935 386 3194 444 τίκτουσα
3221 403 3235 417 ·
3272 391 3335 443 σὺ
3358 389 3422 442 δὲ
3453 388 3590 451 τοὺς
3643 393 3747 459 μὲν

511 471 865 540 cogitationes
897 485 912 523 :
951 480 1008 526 tu
1031 487 1159 527 vero
1188 473 1359 529 malas
1388 473 1606 544 quidem
1631 474 1857 545 expelle,
1900 474 2072 530 bonas

508 576 638 616 vero
673 561 898 618 colendo
928 576 1142 620 exerce.

579 674 665 728 7t.
703 675 1016 731 Humilitate
1053 678 1259 748 gaude:
1291 679 1518 735 altitudo
1552 679 1696 735 enim
1741 678 1862 750 ejus
1915 679 2072 734 ﬁrma

507 776 610 833 est,
642 782 740 823 nec
765 783 922 824 ruere
945 779 1141 839 potest.

577 881 666 935 72.
706 881 781 936 Ita
817 897 1007 938 exerce
1037 898 1256 953 corpus,
1294 892 1352 939 ut
1391 900 1707 955 compescas
1738 885 1918 941 carnis
1940 900 2072 939 mo-

508 983 634 1030 tus:
674 985 729 1030 et
775 976 820 1031 si
854 991 996 1047 aeger
1043 976 1230 1040 fueris,
1264 992 1460 1047 corpus
1490 993 1640 1043 cura,
1677 986 1736 1031 ut
1780 977 2066 1031 sanitatem

509 1066 859 1136 adipiscatur,
887 1083 994 1121 non
1025 1068 1308 1123 utdeliciis
1340 1077 1644 1122 enervetur.

577 1181 662 1236 75.
702 1183 902 1237 Pravas
928 1181 1282 1253 cogitationes
1318 1181 1440 1237 aliis
1467 1179 1903 1252 {cogitationibus
1949 1193 2066 1233 me-

503 1273 731 1329 fioribus
756 1274 930 1344 abige.

575 1387 662 1442 74.
702 1387 999 1446 Considera
1047 1391 1347 1446 ccelestium
1403 1388 1669 1445 bonorum
1714 1388 1986 1454 decorem,
2014 1396 2068 1442 et

503 1481 714 1536 nullum
756 1491 808 1538 te
847 1484 1024 1553 capiet
1044 1484 1373 1540 desiderium
1402 1492 1577 1548 terrae,
1612 1498 1713 1538 nec
1738 1482 1885 1537 aliud
1911 1497 1977 1537 ex
2003 1497 2067 1536 ea

502 1573 764 1629 dulcium.

520 1709 522 1712 ν
573 1687 659 1743 75.
703 1687 931 1756 Quando
973 1688 1066 1744 tibi
1116 1689 1297 1758 aliqua
1350 1688 1416 1745 de
1457 1689 1568 1744 Deo
1605 1691 1751 1745 subit
1791 1689 2064 1761 cogitatio,
2100 1725 2142 1780 Β

2171 474 2406 544 φαύλους
2433 475 2660 544 ἔκτειλε,
2691 479 2816 543 τοὺς
2846 479 2903 533 δὲ
2936 481 3177 550 ἀγαθοὺς
3209 479 3568 552 γεώργησον.

2239 680 2408 749 Χαῖρε
2427 681 2493 750 τῇ
2520 679 2841 733 ταπεινώσει
2864 696 2878 710 ο
2904 681 2966 734 τὸ
2992 681 3102 754 γάρ
3128 681 3187 747 ἐξ
3213 682 3386 754 αὐτῆς
3420 681 3567 753 5-3,»;
3587 684 3747 747 πολὺ,

2169 770 2264 822 καὶ
2291 773 2473 822 πεσεῖν
2515 771 2588 840 μὴ
2619 771 2932 841 δυνάμενον.

2243 877 2436 931 ’Δσκει
2459 877 2732 943 τοσοῦτον,
2777 880 2900 933 ὅσον
2930 879 3161 950 χαλάσαι
3201 881 3300 952 τῆς
3322 882 3544 953 σαρκὸς
3571 881 3640 936 τὰ
3665 901 3750 936 κι-

2167 968 2382 1038 νήματα
2414 985 2427 997 °
2477 968 2578 1022 κᾶν
2601 969 2891 1044 ἀσθενήσῃ,
2939 974 3076 1043 πρὸς
3117 973 3306 1041 ὑγείαν
3336 978 3402 1028 τὸ
3434 974 3634 1045 σῶμα,
3675 977 3749 1045 μὴ

2169 1060 2305 1130 πρὸς
2332 1060 2543 1131 τρυφὴν
2569 1059 2922 1133 θεράπευσον.

2237 1174 2376 1236 Τοὺς
2403 1175 2674 1244 πονηροὺς
2702 1174 2811 1227 τῶν
2838 1174 3153 1246 λογισμῶν,
3208 1175 3503 1248 λογισμοῖς
3540 1175 3752 1246 ἑτέροις

2166 1265 2266 1320 ἀνα
2272 1267 2518 1337 μόχλευε.

2235 1382 2469 1451 Λογίζου
2509 1383 2615 1436 τῶν
2645 1384 2887 1455 οὐρανῶν
2931 1383 3150 1453 ἀγαθῶν
3192 1385 3290 1458 τὴν
3341 1383 3746 1454 εὐπρέπειαν·

2170 1476 2268 1530 καὶ
2297 1477 2470 1540 πάθος
2500 1477 2654 1530 ούδέν
2689 1495 2772 1531 σοι
2800 1477 2899 1548 τῆς
2927 1479 3046 1550 γῆς,
3080 1479 3115 1550 ἢ
3145 1478 3252 1532 τῶν
3290 1480 3356 1532 ὲκ
3387 1478 3611 1548 ταύτης
3633 1493 3752 1548 τερ-

2171 1569 2318 1621 πνῶν
2346 1569 2750 1643 ἐπεισέρχεται.

2248 1681 2442 1736 Ἦνίκα
2479 1700 2532 1736 τι
2565 1683 2694 1753 περὶ
2739 1683 2873 1737 Θεοῦ
2919 1684 3209 1756 ἐπέρχεταί
3233 1703 3316 1740 σοι
3337 1688 3517 1751 νοεῖν,
3557 1684 3641 1755 μὴ
3667 1685 3752 1736 τὸν

500 1795 610 1836 non
642 1782 830 1846 Deum,
880 1783 971 1836 sed
1009 1782 1240 1852 teipsum
1284 1783 1477 1855 cogita.
1521 1781 1663 1836 Nihil
1701 1782 1841 1837 enim
1889 1791 2058 1836 tutum

2203 1757 2322 1836 ἐὸν,
2377 1771 2512 1826 ἀλλὰ
2543 1773 2774 1826 σαυτόν·
2819 1773 2970 1829 οὐδὲν
3025 1778 3134 1847 γὰρ
3177 1775 3448 1845 ἀσφαλὲς,
3515 1773 3670 1845 ὑπὲρ
3699 1776 3756 1825 τὸ

501 1873 746 1942 estquod
791 1872 1012 1927 modum
1062 1874 1292 1938 excedit,
1327 1889 1488 1944 quem
1540 1888 1757 1928 servare
1793 1873 2062 1927 convenit.

569 1987 658 2041 76.
699 1987 898 2043 Pravas
951 1989 1300 2059 cogitationes
1341 2005 1524 2045 semen
1564 2004 1684 2045 esse
1717 1988 1918 2045 diaboli
1947 1988 2064 2042 exi-

501 2078 701 2144 stima;
734 2080 812 2133 sic
839 2079 982 2133 enim
1034 2081 1163 2149 ipsa:
1207 2080 1493 2146 desinunt;
1521 2082 1740 2151 ipseque
1773 2078 2065 2135 seminator

500 2169 875 2226 confunditur.

573 2282 660 2338 77.
701 2281 997 2338 Excessum
1051 2285 1197 2341 risus
1246 2286 1460 2358 fugito:
1495 2299 1712 2344 enervat
1755 2288 1898 2343 enim
1935 2287 2066 2342 ani-

501 2385 662 2424 mam.
694 2370 892 2454 Anima
944 2388 1072 2428 vero
1119 2385 1403 2441 enervata,
1454 2375 1613 2432 facile
1659 2394 1690 2433 a
1732 2379 1884 2433 freno
1931 2377 2064 2448 legis

498 2476 735 2520 exuitur.

571 2577 659 2632 78.
701 2576 759 2632 In
791 2563 1005 2636 labores
1038 2590 1093 2637 et
1128 2583 1402 2639 orationes
1433 2566 1648 2654 oportet
1679 2584 1915 2640 animam
1940 2600 2065 2656 par-

497 2670 626 2728 tiri:
661 2671 740 2727 sic
759 2674 904 2729 enim
949 2691 1057 2731 non
1087 2679 1287 2734 multos
1320 2678 1375 2732 in
1421 2679 1579 2735 nobis
1623 2679 1880 2736 introitus
1907 2679 2062 2735 inve-

497 2763 611 2818 niet
638 2763 911 2821 diabolus.

568 2874 654 2931 79.
696 2875 961 2933 Laborem
1003 2893 1124 2936 esse
1179 2897 1288 2937 non
1343 2883 1668 2939 mediocrem
1707 2895 1897 2955 putato
1931 2885 2062 2959 legis

497 2968 935 3026 meditationem:
964 2973 1182 3042 quando
1224 2989 1380 3032 mens
1426 2977 1588 3032 simul
1634 2987 1688 3033 et
1739 2979 1920 3051 lingua
1976 2995 2063 3036 co-

2173 1868 2393 1937 μὲτρον,
2426 1866 2561 1938 ὅπερ
2588 1867 2892 1938 χωροῢμεν,
2917 1868 3222 1941 ἐπέρχεται.

2239 1979 2353 2042 Τὰς
2401 1979 2640 2050 φαύλους
2678 1981 2998 2054 ἐνθυμήσεις
3025 1982 3226 2055 σπόρον
3250 1978 3394 2037 εἶναι
3429 1981 3536 2036 τοῦ
3570 1982 3751 2036 διαϐόη-

2169 2069 2260 2124 λου
2289 2073 2510 2127 πίστευε
2529 2089 2543 2102 ·
2569 2072 2710 2127 οὔτω
2738 2076 2844 2145 γάρ
2861 2074 3020 2128 αὑταὶ
3045 2075 3329 2130 παύονται.
3352 2076 3386 2128 ὁ
3415 2075 3477 2128 δὲ
3509 2078 3754 2146 σπορείρς

2169 2164 2502 2234 αἰσχύνεται.

2236 2275 2422 2329 Φείδου
2449 2277 2514 2330 τά
2551 2276 2722 2330 πολλά
2743 2277 2981 2347 γέλωτος
3004 2291 3019 2306 ·
3047 2279 3233 2349 χαυνοῖ
3253 2277 3363 2351 γὰρ
3388 2277 3497 2348 τὴν
3544 2275 3746 2346 ψυχήν.

2168 2368 2520 2422 Χαυνωθεῖσα
2563 2370 2621 2424 δὲ
2657 2368 2734 2440 τῷ
2762 2369 2856 2423 τοῦ
2901 2370 3066 2440 νόμου
3092 2370 3293 2441 χαλινῷ
3321 2367 3588 2438 εὐχερῶς
3618 2369 3750 2421 ἁπο-

2167 2459 2368 2516 δύεται.
2732 2471 2738 2478 “

2238 2573 2333 2638 Εἰς
2389 2572 2523 2644 ἔργα
2549 2573 2630 2626 δεῖ
2654 2573 2754 2646 τὴν
2797 2572 2973 2644 ψυχὴν
3016 2573 3109 2628 καὶ
3147 2573 3460 2644 προσευχὰς
3521 2572 3752 2643 μερίζε-

2171 2665 2295 2719 σθαι
2319 2683 2334 2698 ο
2363 2665 2504 2720 οὓτω
2520 2667 2629 2738 γὰρ
2659 2667 2722 2720 οὐ
2749 2667 2945 2731 πολλάς
2980 2667 3227 2736 εὑρίσκει
3255 2665 3396 2737 πρὸς
3453 2667 3625 2736 ἡμεῖς
3656 2667 3750 2727 ﬁ;

2167 2757 2402 2822 εἰσόδους
2430 2761 2459 2812 ό
2488 2759 2753 2823 διάὸολος.

2240 2875 2440 2946 Ἔργον
2481 2870 2617 2928 εἶναι
2667 2874 2762 2928 τοῦ
2792 2874 2956 2947 νόμου
3011 2873 3110 2945 τὴν
3153 2872 3465 2941 ἀνάγνωσιν
3528 2870 3750 2941 νόμιζε,

2167 2965 2292 3020 ὃταν
2333 2965 2471 3037 μετὰ
2503 2968 2602 3038 τῆς
2634 2966 2931 3037 γλώττηςὸ
2967 2966 3088 3030 νοῦς
3133 2963 3404 3035 τρυγῆσαί
3438 2980 3494 3016 τι
3549 2963 3751 3027 θέλων,

497 3074 758 3130 gnoscere
808 3062 940 3133 quid
971 3065 1194 3130 volens,
1235 3066 1291 3120 in
1331 3067 1485 3123 libris
1535 3083 1659 3123 cum
1709 3071 1891 3126 labore
1937 3088 2058 3128 ver-

2203 3077 2224 3111 ν
2248 3061 2368 3123 ταῖς
2393 3058 2595 3130 βίϐλοις
2623 3059 2943 3131 ἐργάζηται.

497 3159 668 3205 satur.

499 3265 503 3268 ’
566 3262 654 3318 80.
694 3265 830 3321 Cum
879 3267 950 3322 ad
1005 3267 1217 3324 labores
1277 3286 1497 3326 manum
1554 3274 1823 3340 moveris,
1881 3274 2060 3342 lingua

495 3357 692 3429 psallat
736 3368 790 3414 et
838 3377 991 3416 mens
1043 3370 1180 3416 oret.
1221 3365 1399 3435 Exigit
1451 3366 1596 3421 enim
1656 3365 1795 3423 Deus
1845 3378 1904 3423 ut
1941 3370 2061 3440 ejus

419 3498 422 3501 .
496 3465 710 3522 semper
729 3468 996 3510 memores
1024 3457 1216 3512 simus.

565 3565 653 3620 8|.
693 3567 865 3622 Omne
883 3570 1027 3639 quod
1060 3571 1196 3642 agis,
1229 3571 1470 3627 oratione
1491 3573 1811 3646 obsignato:
1849 3576 1904 3632 id
1933 3591 2060 3632 vero

496 3659 731 3713 maxime
777 3660 844 3715 de
873 3677 982 3716 ouo
1004 3673 1240 3718 mentem
1270 3664 1421 3721 vides
1454 3667 1812 3722 dubitantem.

563 3853 653 3909 82.
693 3854 750 3910 Si
795 3856 876 3913 vis
930 3874 1191 3916 manuum
1235 3870 1449 3919 tuarum
1496 3865 1710 3922 labores
1763 3868 1975 3923 divinos
2005 3877 2059 3923 et

493 3957 600 3996 non
631 3952 874 4002 terrenos
926 3947 1063 4017 fieri,
1105 3952 1353 4020 quaadam
1403 3969 1472 4010 ex
1524 3955 1591 4010 iis
1631 3957 2058 4012 communicabis

488 4049 616 4090 cum
646 4040 944 4107 egentibus.
1477 4056 1490 4071 '

564 4153 652 4212 85.
687 4155 871 4214 Gaude
937 4170 1252 4218 sanctorum
1305 4164 1614 4236 colloquio:
1658 4183 1751 4237 per
1777 4183 1871 4224 eos
1909 4169 2053 4224 enim

490 4244 640 4303 Deus
665 4249 760 4303 tibi
789 4251 1196 4310 manifestatur.

561 4359 653 4417 84.
695 4362 832 4420 Vere
889 4378 1106 4425 sanctos
1151 4371 1220 4426 ab
1271 4373 1526 4442 operibus
1576 4373 1853 4446 dignosce.
1909 4376 2055 4432 Una-

490 4469 721 4524 quaeque
754 4472 991 4530 namque
1023 4463 1187 4518 arbor
1213 4478 1244 4519 e
1279 4463 1460 4522 fructu
1495 4467 1850 4538 dignoscitur.

563 4567 653 4623 85.
695 4568 920 4641 Semper
952 4573 1148 4630 lucrari
1191 4578 1394 4648 aliquid
1425 4580 1584 4635 stude
1630 4597 1695 4637 ex
1741 4592 2050 4639 sanctorum

491 4661 964 4730 contemplatione.
998 4666 1234 4724 Observa
1260 4685 1388 4724 vero
1427 4671 1665 4742 ipsorum
1703 4686 1975 4745 aspectum
2000 4685 2053 4732 et

492 4750 736 4806 habitum
765 4769 778 4805 :
808 4763 1100 4829 utrumque
1137 4761 1283 4816 enim
1313 4765 1542 4832 perutile
1571 4774 1675 4822 est.

559 4865 650 4921 86.
685 4869 892 4927 Exerce
927 4873 1216 4941 puritatem
1251 4877 1306 4932 in
1337 4879 1520 4943 corde,
1555 4889 1608 4934 et
1657 4882 1957 4939 castitatem
1994 4885 2050 4940 in

489 4972 737 5030 corpore.
771 4962 844 5017 Ea
875 4964 1021 5020 enim
1050 4975 1278 5038 utraque
1315 4973 1568 5040 templum
1594 4974 1688 5029 Dei
1723 4973 1772 5031 te
1794 4977 2047 5033 efficiunt;

559 5073 648 5129 87.
693 5076 783 5130 Sic
830 5077 1013 5148 itaque
1046 5082 1300 5152 templum
1336 5087 1569 5152 custodi,
1601 5097 1660 5142 ut
1690 5090 1784 5144 Dei
1823 5092 1915 5160 qui
1949 5108 2050 5158 ex-

404 5165 408 5170 ’
487 5169 766 5234 struxerit,
810 5180 864 5224 et
905 5172 1150 5240 judicare
1195 5177 1448 5243 volentis,
1494 5189 1547 5234 et
1584 5181 1873 5252 imaginem
1902 5195 2047 5240 tuam

491 5259 632 5328 (quae
681 5268 764 5314 est
821 5263 992 5331 ipsius
1029 5264 1241 5374 \imago)
1292 5281 1481 5339 puram
1525 5271 1591 5326 ad
1645 5274 1879 5344 regulam
1935 5280 2049 5333 exi-

490 5351 686 5420 gentis.

557 5466 646 5522 88.
687 5467 1035 5530 Saecularium
1087 5476 1532 5531 conversationes
1575 5488 1811 5534 mentem
1864 5497 1891 5535 a
1937 5483 2045 5539 Deo

479 5568 804 5648 segregant:
836 5575 1163 5636 quapropter
1183 5567 1328 5638 ipsos
1349 5585 1443 5626 nec
1464 5571 1761 5643 alloquere,
1790 5575 1882 5632 scd
1913 5579 2020 5634 allo

489 5655 718 5713 quentes
747 5650 981 5707 declina.

2250 3263 2373 3317 Ἐὰν
2420 3264 2499 3326 εἰς
2528 3263 2662 3334 ἔργα
2695 3263 2795 3332 τὴν
2831 3265 2989 3333 χεῖρα
3037 3266 3212 3335 κινῇς,
3263 3266 3298 3335 ἡ
3346 3263 3584 3333 γλῶττα
3614 3267 3752 3335 ψαλ-

2165 3355 2321 3417 λέτω,
2365 3357 2457 3408 καὶ
2492 3358 2521 3408 ὁ
2566 3356 2691 3418 νούς
2739 3356 3126 3426 προσευχέσθω
3154 3372 3168 3386 ’
3213 3359 3441 3411 ἀπαιτεῖ
3490 3361 3616 3428 γὰρ
3664 3360 3751 3412 ἀεὶ

2166 3449 2298 3521 παρ’
2323 3447 2477 3518 ἡμῶν
2511 3452 2538 3502 ὁ
2573 3448 2708 3513 Θεὸς
2743 3449 3197 3521 μνημονεύεσθαι.

2233 3566 2418 3618 Πᾶσαν
2473 3564 2570 3635 μὲν
2620 3564 2817 3636 πρᾶξιν
2881 3564 2967 3618 διὰ
3036 3568 3342 3637 προσευχῆς
3416 3566 3745 3637 σφράγιζεο

2163 3658 2364 3728 ταύτην
2420 3657 2477 3712 δὲ
2533 3657 2787 3728 μάλιστα,
2838 3658 2923 3728 ἐφ’
2958 3660 3024 3732 ἣν
3067 3660 3156 3712 τὸν
3204 3658 3466 3729 λογισμὸν
3503 3659 3745 3731 θεωρεῖς

2162 3750 2586 3821 ἀμφιϐάλλοντα.

2232 3863 2295 3918 Εἰ
2334 3863 2512 3934 βούλει
2570 3863 2638 3917 τὰ
2680 3863 2787 3917 τῶν
2833 3863 3030 3934 χειρῶν
3055 3863 3211 3935 ἔργα,
3247 3863 3366 3916 θεῖά
3405 3879 3492 3916 σοι
3529 3865 3636 3916 καὶ
3668 3866 3742 3934 μὴ

2162 3958 2317 4028 χοῖκὰ
2337 3956 2605 4025 γίνεσθαι,
2640 3957 2796 4010 κοινά
2827 3973 2909 4008 σοι
2932 3957 2999 4008 τὰ
3024 3955 3084 4021 ἐξ
3111 3955 3286 4008 αὐτῶν
3311 3955 3561 4024 γένεσθω
3601 3959 3741 4027 πρὸς

2160 4049 2284 4113 τοὺς
2312 4047 2629 4120 χρῄζοντας.

2229 4164 2400 4233 Χαῖρε
2430 4166 2495 4234 τῇ
2526 4163 2634 4216 τῶν
2684 4162 2852 4230 ἁγίων
2889 4161 3124 4228 ἐντεύξει
3161 4178 3173 4191 ⁸
3219 4163 3287 4216 δι’
3339 4163 3525 4217 αὐτῶν
3562 4164 3683 4236 γάρ
3710 4167 3738 4217 ὁ

2159 4258 2292 4324 Θεὸς
2325 4259 2706 4330 ἐμφανίζεται.

2230 4371 2369 4434 Τοὺς
2428 4370 2642 4441 ἀληθῶς
2690 4369 2878 4439 ἁγίους
2935 4370 3043 4423 ἀπὸ
3071 4369 3180 4424 τῶν
3224 4369 3402 4442 ἔργων
3455 4371 3732 4442 διάκριιε.

2086 4439 2130 4494 D
2160 4461 2426 4516 Ἐκαστον
2451 4439 2558 4533 γάρ
2588 4461 2803 4534 δένδρον
2831 4464 2894 4516 ὲκ
2919 4462 3012 4516 τοῦ
3045 4439 3265 4534 καρποῦ*
3284 4439 3644 4535 γνωρίζεται.

2240 4575 2352 4630 Ἀεί
2379 4595 2430 4630 τι
2455 4576 2754 4650 κερδαίνειν
2793 4579 2857 4632 ἐκ
2882 4580 2982 4649 τῆς
3012 4577 3246 4649 θεωρίας
3282 4579 3380 4648 τῆς
3406 4579 3512 4633 τῶν
3556 4581 3734 4648 ἁγίων

2160 4669 2424 4735 σπούδαζε
2452 4685 2468 4702 ο
2497 4671 2748 4740 ἐπιτήρει
2777 4671 2834 4724 δὲ
2857 4670 3038 4724 αὐτῶν
3071 4670 3310 4742 βλέμμα,
3361 4672 3459 4724 καὶ
3493 4674 3690 4742 σχῆμα
3714 4689 3728 4700 ·

2155 4762 2434 4831 ὲπωφελὲς
2460 4762 2568 4833 γὰρ
2599 4763 2758 4816 έκάτε
2767 4780 2893 4835 ρον.

2239 4876 2499 4929 Ἀκακίαν
2517 4875 2672 4929 ἄσκει
2693 4878 2758 4947 τῇ
2782 4875 2997 4948 καρδίᾳ,
3023 4878 3118 4930 καὶ
3142 4879 3359 4946 ἁγνείαν
3389 4880 3468 4949 τῷ
3487 4880 3726 4948 σώματιο

2156 4969 2326 5022 ταῦτα
2360 4970 2469 5040 γὰρ
2499 4967 2668 5038 ἄμφω
2700 4987 2757 5021 σε
2788 4969 2922 5022 Θεοῦ
2952 4969 3076 5022 ναὸν
3105 4971 3500 5039 ἀπεργάζεται.

2227 5106 2411 5170 Οὕτως
2431 5102 2524 5162 οὖν
2544 5109 2778 5178 φύλαττε
2801 5109 2891 5162 τὸν
2912 5107 3061 5175 ναὸν,
3083 5108 3156 5172 ὡς
3182 5108 3274 5162 τοῦ
3304 5110 3617 5172 Κτίσαντος
3637 5112 3726 5164 καὶ

2155 5201 2336 5272 κρίναι
2383 5201 2687 5272 μέλλοντος,
2748 5205 2844 5257 καὶ
2896 5203 2996 5276 τὴν
3028 5203 3214 5258 εἰκόνα
3259 5220 3317 5256 σε
3357 5205 3479 5275 (τὴν
3506 5206 3722 5270 ἑαυτοῦ)

2153 5292 2396 5362 καθαράν
2429 5294 2826 5364 μεθοδεύοντος.

2223 5493 2288 5547 Αἱ
2315 5493 2424 5547 τῶν
2471 5494 2740 5564 βιωτικῶν
2767 5497 2975 5578 ὁμιλίαι
3009 5498 3100 5551 τὸν
3134 5497 3397 5568 λογισμὸν
3430 5498 3542 5553 ᾰπδ
3594 5498 3724 5552 Θεου

2151 5583 2446 5654 χωρίζουσι
2473 5603 2485 5616 ’
2535 5588 2728 5657 διόπερ
2757 5590 2946 5653 αὐταῖς
3003 5591 3137 5660 μηδὲ
3176 5591 3448 5658 συλλάλει,
3481 5594 3578 5647 καὶ
3605 5594 3722 5653 τοὺς

2151 5675 2446 5741 λαλοῦντας
2471 5678 2701 5733 ἕκκλινε.
