3838 6056
170 288 331 367 '12:,1

1412 293 1678 355 CAPITA
1704 290 2193 351 PARIENETN‘A

3291 285 3426 350 1258

267 422 439 473 ὐτῒιν
472 414 810 488 λοιδορηθῇς,
843 413 1032 467 σκόπει
1068 409 1144 481 μὴ
1175 408 1229 461 τί
1258 426 1339 462 σοι
1366 408 1468 479 τῆς
1500 406 1763 475 λοιδορίας

1937 403 2022 458 89.
2066 402 2291 468 Quando
2344 401 2606 455 conviciis
2650 399 2867 469 peteris,
2900 398 3185 454 considera
3217 415 3283 453 an
3325 402 3428 455 ali-

174 512 516 582 πέπρακται
545 508 692 573 ἀξιον
720 523 733 537 '
766 507 813 559 εί
838 504 895 559 δὲ
928 504 989 556 ού
1020 503 1355 573 πέπρακται,
1387 499 1595 553 καπνὸν
1621 495 1759 550 εἶναι

170 604 468 671 φεύγοντα
498 600 598 670 τὴν
623 596 886 667 λοιδορίαν
916 592 1123 663 νόμιζε.

273 783 364 834 Ἑν
411 776 492 843 οἷς
520 779 699 849 ἀδικῇ,
728 779 794 847 τῇ
832 776 1077 845 ὑπομονῇ
1108 772 1443 844 πρόσφευγε,
1492 771 1589 823 καλ⁵
1630 769 1764 840 πρὸς

169 874 317 935 τοὺς
343 868 716 937 ἀδικοῦνταςή
748 865 918 938 βλάϐη
951 863 1290 934 μεθίσταται.

276 1052 474 1106 Ἠνίκα
504 1047 733 1102 πλοῦτον
786 1048 819 1119 ἢ
871 1045 1030 1109 δόξαν
1072 1042 1281 1115 ὁρᾷς,ἢ
1313 1041 1572 1112 βιωτικὴν
1603 1039 1767 1094 δυνα-

176 1144 404 1206 στείαν,
436 1141 651 1211 λογίζου
673 1139 733 1193 τὸ
750 1139 809 1192 ὲν
834 1138 1019 1199 αὐτοῖς
1039 1133 1299 1205 φθαρτὸν,
1332 1132 1426 1186 καὶ
1456 1130 1768 1201 διαφεύγεις

175 1236 253 1289 τὸ
282 1235 495 1305 δέλεαρ.

268 1325 539 1396 Καρτέρει
572 1321 669 1384 τὰς
702 1319 907 1389 θλίψεις
931 1334 944 1345 '
983 1317 1041 1369 ὲν
1091 1314 1284 1377 αὑταῖς
1318 1313 1425 1382 γὰρ
1466 1312 1523 1364 αἱ
1553 1310 1767 1381 ἀρεταὶ,

180 1416 451 1485 καθάπερ
502 1415 559 1465 ἐν
603 1410 865 1473 ἀκάνθαις
915 1408 1064 1480 ῥόδα,
1125 1405 1352 1477 φύονται
1413 1421 1472 1458 τε
1507 1405 1602 1458 καὶ
1647 1403 1771 1474 τρέ-

178 1524 390 1579 φονται
400 1548 413 1561 .

268 1600 454 1671 Μηδὲν
503 1593 641 1650 εἶναι
671 1596 769 1665 τῆς
799 1593 1000 1665 ἀρετῆς
1048 1591 1161 1644 ἴσον
1188 1591 1268 1653 εἰς
1302 1589 1523 1660 ἀξίωμα
1558 1585 1766 1656 νόμιζε.

187 1692 365 1762 ὐψις
393 1692 505 1760 γάρ
540 1691 656 1741 ἐστι
684 1686 819 1740 Θεοῦ
852 1701 865 1713 ·
897 1684 1082 1755 διόπερ
1110 1684 1246 1747 ἐστὶ,
1276 1682 1419 1735 καθά
1464 1682 1558 1733 καὶ
1587 1678 1769 1743 αὐτὸς,

185 1772 490 1858 ἄτρεπτος.
894 1784 897 1787 ’

270 1878 473 1949 Θρήνει
500 1875 591 1927 τὸν
629 1871 955 1945 ἁμαρτωλὸν
987 1866 1319 1942 εύθηνοῦντα
1344 1884 1359 1899 ο
1392 1866 1453 1919 τὸ
1478 1865 1630 1933 ξίφος
1668 1862 1777 1934 γὰρ

188 1969 352 2039 αὐτῷ
382 1971 481 2039 τῆς
512 1968 665 2037 δίκης
699 1964 1047 2018 ἐπιτείνεται.

273 2060 503 2132 Μητέρα
536 2058 718 2113 κακῶν
749 2059 848 2128 τὴν
877 2053 1150 2127 ρᾳθυμίαν
1178 2050 1388 2122 νόμιζε.
1434 2046 1644 2118 Ἀγαθά
1669 2045 1779 2116 γὰρ

192 2152 238 2207 ἃ.
278 2154 377 2223 μὲν
407 2152 569 2222 ἔχεις,
604 2148 738 2220 συλᾷ
766 2163 781 2178 ·
808 2147 845 2201 ἃ
872 2147 928 2200 δὲ
957 2147 1057 2199 οὐκ
1079 2143 1243 2214 ἔχεις,
1280 2143 1381 2195 ούκ
1412 2141 1477 2211 ἑᾷ
1499 2138 1779 2228 προσκτή-

198 2245 424 2299 σασθαι.

280 2338 452 2391 Ὅταν
482 2335 660 2405 φαῦλα
691 2334 964 2408 πράττων,
1002 2330 1089 2384 ἐπ’
1119 2328 1302 2390 αὐτοῖς
1340 2324 1415 2397 μὴ
1443 2322 1777 2394 αἰσχύνεται,

200 2427 458 2500 βαρεῖται
501 2428 563 2480 τὸ
604 2425 847 2498 τραῦμα,
896 2423 992 2477 καὶ
1014 2423 1075 2475 τὸ
1124 2418 1327 2491 πτῶμα
1355 2420 1436 2480 εἰς
1470 2418 1781 2484 ἀπόγνωσιν

199 2518 447 2590 ἔρχεται.

309 2632 512 2696 Οσάκις
547 2629 799 2700 ἀθυμεῖς,
831 2627 1047 2696 λογίζου
1072 2625 1214 2679 πόσα
1243 2626 1358 2686 τοῖς
1381 2622 1593 2684 πιστοῖς
1632 2636 1779 2691 παρο

202 2724 561 2791 εσκεύασται,
591 2723 686 2773 καὶ
722 2722 750 2773 ὁ
788 2720 1000 2789 καρπός
1046 2734 1129 2770 σοι
1170 2715 1262 2768 τοῦ
1298 2712 1605 2783 πνεύματος
1631 2710 1783 2779 εύχε-

211 2817 326 2891 ρῶς
354 2814 717 2889 παραγίνεται
742 2810 839 2881 (l).

284 2909 405 2980 Χρὴ
462 2907 553 2960 τὸν
587 2904 777 2958 πιστὸν
819 2897 1210 2956 ταπεινοῦσθαι
1256 2894 1393 2968 πρὸς
1450 2892 1657 2980 πάντας
1682 2906 1696 2921 ·
1723 2888 1785 2980 τὸ

208 2976 502 3067 γὰρτπρδς
550 2993 724 3055 ἐνίους
766 2985 1191 3050 ταπεινοῦσθαι,
1233 2977 1658 3050 πεπλανημένην
1683 2976 1783 3047 τὴν

210 3085 537 3140 ταπείνωσιν
565 3084 848 3153 κέκτηται.

287 3199 395 3269 Τῆς
426 3196 561 3268 πρὸς
587 3195 678 3248 τὸν
710 3191 938 3264 πλησίον
962 3189 1183 3259 ἀγάπης
1216 3186 1380 3259 μηδὲν
1407 3184 1777 3255 προτιμήσῃς,

215 3282 355 3354 πλὴν
374 3285 472 3336 ὅσα
494 3282 554 3346 ἐξ
579 3281 748 3351 αὐτῆς
779 3282 813 3350 ἡ
846 3278 1035 3348 ἀγάπη
1069 3277 1203 3347 πρὸς
1228 3277 1319 3330 τὸν
1345 3275 1475 3328 Θεὸν
1501 3272 1781 3344 παραϐλέ-

216 3392 398 3429 πεται.

296 3462 501 3532 Μηδενὶ
526 3461 676 3533 παρά
703 3461 793 3515 τὸν
828 3460 989 3532 νόμον
1018 3458 1113 3512 τοῦ
1144 3457 1279 3511 Θεοῦ
1306 3458 1620 3529 πρόσκεισο,
1647 3455 1782 3525 μηδὲ

220 3554 539 3627 πρόσπασχε
567 3568 581 3581 ⁸
614 3552 746 3605 Θεὸν
778 3553 886 3623 γὰρ
915 3552 1132 3619 ἀνάξιον
1168 3553 1421 3617 ποιεῖται,
1463 3550 1627 3603 αὐτοῦ
1659 3548 1783 3602 τινὰ

222 3650 525 3724 προτιμῶν.

292 3742 386 3811 Μὴ
414 3736 702 3807 συνηγόρει
754 3735 868 3797 τοῖς
908 3732 1099 3795 κακοῖς
1124 3746 1140 3762 ·
1174 3728 1372 3793 αὐτοὺς
1420 3728 1520 3799 μὲν
1563 3726 1672 3798 γὰρ
1703 3726 1783 3811 είς

225 3803 421 3887 κακίαν
478 3803 740 3898 ἀλείιρεις,
787 3826 853 3878 σὺ
900 3824 957 3877 δὲ
1005 3820 1207 3893 μολύνῃ
1258 3823 1329 3892 τῇ
1387 3818 1640 3890 κοινωνία
1688 3803 1782 3870 τοῦ

224 3924 570 3997 πράγματος.

296 4034 558 4088 Νουθέτει
606 4029 697 4084 τὸν
752 4027 1158 4099 ἁμαρτάνοντα,
1215 4026 1292 4097 μὴ
1348 4024 1643 4097 κατηγόρει
1692 4022 1786 4075 τὸν

230 4125 491 4179 πταίοντα
515 4139 530 4154 ·
568 4121 812 4192 λοιδόρου
841 4120 940 4190 μὲν
961 4118 1071 4189 γὰρ
1094 4117 1154 4171 τὸ
1184 4116 1454 4187 δεύτερον,
1488 4117 1549 4170 τὸ
1578 4116 1636 4170 δὲ
1657 4116 1786 4187 πρό·

231 4234 380 4288 τερον
411 4214 763 4286 διορθοῦντος.

312 4308 553 4360 Ἀκούειν
576 4305 665 4358 ἀεὶ
694 4303 789 4357 καὶ
816 4301 1002 4355 λαλεῖν
1034 4300 1105 4354 τά
1139 4300 1250 4353 τῶν
1276 4300 1447 4369 ἁγίων
1477 4299 1744 4366 σπούδαζε
1765 4316 1782 4331 ο

233 4398 311 4461 είς
341 4396 499 4466 ζῆλον
530 4395 639 4466 γὰρ
662 4392 867 4463 ἀγαθὸν
886 4392 988 4461 τὴν
1008 4390 1186 4461 ψυχὴν
1225 4390 1548 4462 ἐρεθίζουσι.

301 4580 379 4655 ρ)
422 4576 736 4655 Sequenda”
763 4572 1384 4655 hic‘inserenda‘monet
1417 4572 1706 4655 Suaresijus
1738 4594 1791 4655 p.

301 4594 379 4649 μ)
422 4594 710 4646 aequenua
765 4594 855 4630 DIC
880 4594 1167 4630 Inserenua
1197 4594 1384 4628 ιιιυιιει
1417 4594 1706 4630 auaresms
1777 4618 1791 4633 .

236 4649 355 4716 6ἳ5,
382 4663 503 4717 qua:
531 4661 599 4700 ex
624 4643 1518 4719 codicellarberinodescripserat
1539 4660 1558 4719 _:
1592 4645 1654 4719 Et
1688 4594 1797 4719 γξρ

238 4720 309 4790 μὴ
336 4714 600 4790 πρότερον
626 4718 682 4768 ὲν
711 4714 881 4790 πολλῇ
905 4714 1189 4790 γυμνασίᾳ.
1213 4714 1436 4790 γένηται
1467 4716 1560 4790 καὶ
1596 4716 1673 4790 είς
1696 4714 1796 4790 ἐτεά.

237 4784 609 4851 νοῦς,’καὶ“εἰς
639 4784 909 4854 πολέμους
937 4785 1295 4854 εὐδοκιμήσῃ,
1329 4784 1496 4854 πείρᾳ
1524 4786 1796 4851 ὲπιδειξά-

242 4874 391 4929 μενος
422 4855 521 4926 τὴν
552 4856 731 4924 νίκην,
756 4853 850 4907 καὶ
874 4856 1108 4924 τροπαῖα
1136 4853 1277 4906 κατά
1298 4853 1405 4906 τῶν
1429 4853 1687 4909 ἐναντίων
1712 4858 1800 4925 φέ-

242 4944 361 4979 ρων.
394 4927 552 4979 Πόσω
608 4922 805 4979 μᾶλλον
855 4925 947 4976 ἐπὶ
985 4922 1064 4979 τῶ
1102 4923 1408 4979 ἐπουρανίῳ
1444 4926 1537 4979 καὶ
1560 4924 1798 4979 ἀληθινῶ

242 4944 361 5067 ξων.
394 4940 552 4994 ιιοσῳ
607 4940 805 4995 μαλλον
855 4940 947 4976 επι
985 4940 1064 5002 τω
1102 4940 1408 4993 επουρανιῳ
1444 4940 1537 4979 και
1560 4940 1798 4998 αΑηυινῳ

272 4997 441 5071 ασιλεῖ
463 5010 479 5027 ⁸
514 4993 699 5071 τάλς-δὲ
723 4993 928 5071 δωρεάς
952 5009 1057 5071 ,του
1089 4993 1270 5071 ἁγίου-
1284 4992 1600 5071 Πνεύματος
1631 4998 1804 5071 emo-

243 5062 477 5151 ρανίουςΛ
503 5064 677 5151 οὐδεὶς
719 5062 1071 5151 καταξιοῦται
1092 5062 1303 5151 ,λαϐεῖν
1336 5064 1385 5115 εί
1429 5067 1503 5133 μὴ
1539 5066 1803 5151 πρότερον

239 5132 574 5218 γυμνασθείη
608 5138 665 5187 ὲν
696 5136 766 5217 τῃ
814 5133 1017 5215 μελέτῃ
1050 5132 1158 5185 τῶν
1208 5132 1379 5218 ἁγίων
1426 5132 1679 5218 ἐντολῶν,
1707 5132 1804 5190 καὶ

240 5204 374 5277 οὕτω
393 5206 708 5277 Αλαμὸανων,
741 5218 904 5277 οπλον
935 5202 1253 5273 ἐπουράνιον
1267 5202 1453 5277 ῌαυτὴν
1484 5205 1583 5274 τὴν
1618 5223 1800 5277 χαριν,

241 5273 556 5344 ἀγωνίζεται
582 5273 723 5327 κατά
749 5274 858 5326 τῶν
878 5277 1206 5344 πνευμάτων
1232 5273 1329 5343 τῆς
1359 5273 1649 5343 πονηρίαςῖ
1679 5273 1803 5329 ὅσον

243 5343 472 5416 γάρ-τις
528 5344 857 5416 προσκόπτει
906 5343 987 5416 εἰς
1038 5343 1149 5416 τὸν-
1179 5346 1545 5413 πνευματικὸν
1585 5346 1795 5416 ἀγῶνα,

242 5411 422 5486 ἀκμὴν,
446 5411 713 5486 λαμϐάνει
749 5413 860 5486 τῶν
896 5412 990 5486 τοῦ
1022 5411 1331 5486 πνεύματος
1356 5411 1670 5486 μυστηρίων
1704 5419 1797 5469 καὶ

243 5481 471 5556 τῶντῆς
515 5481 703 5556 σοφίας
743 5481 1052 5553 θησαυρῶν,
1096 5481 1191 5556 καὶ
1239 5481 1367 5556 ὅσον
1397 5484 1465 5556 ’ὲν
1614 5486 1796 5556 χάριτι

245 5551 476 5625 αὐξάνει,
501 5551 752 5605 τοσοῦτον
781 5551 1075 5625 προκόπτει
1099 5553 1179 5615 είς
1206 5554 1266 5625 τὸ
1288 5551 1669 5625 γινώσκειντά
1691 5551 1796 5625 τῆς

245 5624 431 5694 κακίας
460 5625 726 5694 νοήματα,
767 5621 1160 5694 τοῦΔεσπότου
1201 5624 1437 5693 Χριστοῦ
1478 5621 1795 5694 βοηθοῦντος

246 5693 403 5766 αὐτῷ,
452 5687 497 5760 ᾧ
634 5691 760 5755 δόξα
806 5693 900 5744 καὶ
949 5692 1012 5743 τὸ
1058 5687 1266 5758 κράτος
1304 5695 1384 5757 είς
1420 5687 1795 5757 τοῦςάίῶνας.

548 5782 818 5840 ΡΔτιιοι..
852 5779 968 5839 Gn.
1004 5779 1267 5840 LXXIX

1861 498 1989 566 quid
2025 513 2054 550 a
2080 506 2129 549 te
2154 496 2351 549 factum
2404 496 2473 548 sit
2503 495 2747 547 convicio
2774 494 3017 563 dignum.
3053 492 3109 548 Si
3140 509 3266 548 vero
3294 495 3429 550 nihil

1864 607 1891 643 a
1930 599 1981 644 te
2003 590 2303 643 admissum
2341 586 2521 652 fuerit,
2557 586 2762 639 fumum
2802 586 3088 655 fugientem
3128 587 3428 641 convicium

1864 697 1985 735 esse
2014 681 2347 734 existimato.

1937 772 2023 827 90.
2067 772 2125 825 ln
2175 773 2445 836 erunibus,
2487 771 2538 824 in
2581 770 2778 839 quibus
2824 770 3015 839 injuria
3054 770 3306 835 alliceris,
3365 770 3429 823 ad

1866 864 2179 935 patientiam
2232 864 2510 933 confugito
2540 882 2553 916 ;
2587 872 2640 916 ct
2685 877 2849 931 super
2894 862 3215 930 injuriantes
3261 877 3431 915 nocu~

1866 965 2107 1010 mentum
2133 955 2464 1008 devolvetur.

1938 1047 2027 1102 9|.
2068 1045 2203 1099 Cum
2236 1045 2384 1098 vides
2424 1044 2661 1107 divitias,
2706 1050 2799 1095 aut
2840 1040 3087 1111 gloriam,
3135 1050 3229 1093 aut
3272 1057 3433 1093 mun-

1869 1138 2061 1191 danam
2110 1136 2431 1207 potentiam,
2463 1136 2747 1188 considera
2798 1133 3114 1186 labilitatem
3170 1132 3433 1201 ipsorum,

1871 1239 1925 1283 et
1957 1228 2181 1297 ell’ugies
2210 1227 2537 1279 illecebram.

1942 1317 2032 1371 9‘2.
2078 1318 2271 1371 Totera
2309 1316 2719 1369 tribulationes:
2753 1314 2892 1368 inter
2949 1314 3092 1382 ipsas
3137 1311 3280 1365 enim
3325 1311 3437 1365 vir-

1873 1418 2036 1473 tutes,
2069 1408 2525 1478 quemadmodum
2558 1408 2698 1461 inter
2732 1407 2935 1477 spinas,
2969 1421 3107 1459 rosa:
3140 1414 3438 1459 nascuntur

1871 1511 1925 1558 et
1968 1501 2291 1570 germinant.

1940 1590 2028 1645 93.
2071 1590 2213 1644 Nihil
2268 1606 2391 1646 eum
2438 1590 2673 1654 virtute,
2726 1589 2987 1659 dignitate
3045 1586 3434 1643 conferendum

1873 1697 1993 1738 esse
2023 1684 2272 1737 existima
2301 1702 2314 1736 :
2348 1684 2525 1751 imago
2548 1684 2692 1737 enim
2722 1681 2815 1735 Dei
2847 1689 2946 1736 est.
2974 1680 3225 1750 Ideoque,
3246 1694 3439 1733 ouem-

1804 1759 1845 1813 B
1876 1776 2166 1828 admodum
2204 1776 2334 1845 ipse,
2366 1774 2718 1829 immutabilis
2751 1783 2851 1827 est.

1945 1866 2031 1922 94.
2075 1866 2223 1937 Luge
2253 1877 2596 1937 peccatorem
2642 1865 2853 1921 felicem
2882 1882 2895 1919 :
2934 1862 3143 1936 gladius
3172 1865 3318 1919 enim
3350 1863 3441 1934 ju-

1878 1959 2037 2014 stitiaz
2063 1958 2164 2028 ipsi
2198 1959 2465 2012 imminet.
3231 1966 3240 1976 '

1947 2053 2035 2108 95.
2078 2053 2302 2107 Matrem
2351 2052 2603 2106 vitiorum
2661 2051 2928 2123 ignaviam
2983 2050 3259 2105 existima.
3294 2050 3441 2103 Bona

1880 2144 2027 2199 enim
2063 2160 2182 2213 quae
2210 2144 2320 2211 jam
2366 2152 2514 2198 tenes
2534 2184 2549 2207 ,
2594 2143 2971 2213 depraedatur:
3003 2156 3123 2211 qua:
3154 2156 3278 2196 vero
3306 2156 3444 2195 non-

1879 2236 2009 2289 dum
2044 2235 2309 2305 possides,
2343 2252 2447 2289 non
2479 2236 2609 2291 sinit
2632 2236 2937 2304 acquirere.

1949 2327 2037 2382 96.
2080 2327 2309 2394 Quando
2354 2329 2537 2398 iniqua
2582 2343 2746 2398 agens
2774 2327 2918 2397 quis,
2956 2334 3234 2395 propterea
3267 2332 3446 2378 tamen

1882 2424 2031 2477 nullo
2071 2423 2277 2491 pudore
2321 2421 2575 2485 afﬁcitur,
2616 2424 2811 2473 vulnus
2846 2419 3018 2488 magis
3049 2426 3358 2487 exasperat,
3392 2422 3449 2472 et

1882 2530 2038 2569 error
2066 2513 2238 2582 ipsius
2269 2512 2439 2567 tendit
2470 2512 2537 2565 ad
2569 2510 3019 2580 desperationem.

1954 2606 2043 2660 97.
2083 2598 2528 2673 Quotiescunque
2562 2603 2815 2669 tristaris,
2858 2613 3047 2673 reputa
3077 2613 3276 2675 quanta
3306 2602 3447 2657 bona

1887 2698 2137 2755 fidelibus
2183 2706 2483 2769 praeparata
2526 2697 2675 2752 sint:
2712 2706 2764 2752 et
2792 2696 3002 2754 fructus
3038 2699 3265 2769 spiritus
3291 2695 3451 2753 facile

1883 2793 1980 2847 tibi
2013 2792 2205 2847 aderit.

1951 2885 2040 2940 98.
2066 2884 2228 2940 Decet
2254 2884 2462 2939 fidelem
2486 2883 2762 2939 humiliter
2786 2899 2847 2940 se
2866 2898 3052 2955 gerere
3068 2899 3196 2955 erga
3218 2898 3446 2940 omnes:

1885 2997 2064 3038 coram
2114 2981 2438 3051 quibusdam
2489 2981 2631 3035 enim
2669 2989 2875 3035 tantum
2927 2979 3226 3047 humiliari,
3273 2976 3450 3035 fictam

1807 3115 1850 3173 ϐ
1883 3074 2170 3145 quamdam
2199 3074 2550 3128 humilitatem
2585 3074 2783 3144 arguit.

1951 3192 2037 3247 99.
2079 3189 2225 3245 Nihil
2277 3191 2449 3245 amori
2488 3190 2721 3259 proximi
2761 3188 3049 3259 praeferas,
3087 3198 3446 3259 praeterquam

1879 3298 1965 3348 ea,
1991 3293 2209 3354 propter
2242 3298 2363 3352 qua:
2392 3282 2629 3338 charitas
2658 3282 2823 3337 Deum
2859 3296 2966 3336 non
2999 3291 3146 3337 recte
3184 3281 3449 3337 intuetur.

1953 3462 2074 3517 100.
2114 3460 2326 3517 Nemini
2370 3469 2557 3515 contra
2590 3459 2760 3531 legem
2798 3458 2891 3513 Dei
2940 3458 3231 3522 adbazreto,
3278 3472 3453 3527 neque

1882 3554 2194 3608 auxiliator.
2251 3552 2533 3623 Indignum
2585 3551 2729 3605 enim
2781 3550 2909 3606 facit
2962 3552 3156 3617 Deum,
3205 3550 3300 3620 qui
3351 3551 3454 3621 ipsi

1882 3644 2099 3716 prtefert
2122 3645 2313 3699 alium.

1956 3738 2079 3793 101.
2120 3737 2196 3792 Ne
2226 3734 2584 3806 patrocineris
2631 3734 2828 3790 malis:
2870 3733 3019 3804 ipsos
3045 3733 3189 3788 enim
3225 3733 3291 3788 ad
3314 3734 3457 3789 mala

1884 3845 2172 3901 provocas,
2225 3839 2282 3883 tu
2321 3843 2451 3884 vero
2514 3826 2908 3883 contaminaris
2958 3827 3167 3896 peccati
3212 3841 3458 3881 commu-

1884 3936 2064 3975 mone.

1958 4028 2082 4083 102.
2123 4029 2433 4084 Admoneto
2484 4037 2821 4099 peccantem,
2866 4042 2934 4082 ne
2956 4041 3087 4082 vero
3127 4041 3321 4082 accusa
3373 4042 3461 4081 er-

1888 4129 2104 4175 rantem
2135 4134 2152 4175 :
2186 4121 2418 4175 alterum
2460 4121 2604 4175 enim
2630 4118 3012 4176 conviciatoris
3038 4128 3124 4174 est
3146 4118 3459 4188 proprium;

1888 4213 2123 4267 alterum
2154 4228 2287 4267 vero
2311 4212 2645 4282 castigantis.

1963 4306 2084 4360 105.
2129 4305 2354 4374 Semper
2401 4305 2590 4359 audire
2642 4313 2697 4359 et
2742 4302 2889 4374 loqui
2937 4303 3095 4358 stude
3129 4318 3251 4374 qua:
3275 4313 3462 4358 sancta

1888 4404 2018 4451 sunt
2046 4412 2060 4449 :
2089 4393 2157 4449 ad
2190 4395 2391 4449 bonum
2442 4394 2585 4449 enim
2612 4394 2785 4447 zelum
2824 4390 3061 4445 animam
3087 4391 3457 4445 exstimulant.

1907 4578 2100 4649 Ἀμήν.
2131 4577 2275 4633 Nam
2310 4580 2355 4634 si
2385 4578 2533 4633 miles
2576 4595 2608 4631 a
2647 4578 2776 4631 duce
2810 4594 2906 4631 suo
2931 4579 3159 4647 gratiam
3191 4578 3327 4649 inire
3358 4592 3461 4649 non

1894 4646 2084 4716 potest,
2115 4651 2217 4703 nisi
2240 4653 2384 4719 prius
2415 4651 2497 4702 illi
2529 4666 2582 4703 se
2616 4646 3070 4719 inexercitatione
3106 4648 3292 4711 multa,
3322 4646 3463 4719 mul-

1899 4724 2067 4789 tisque
2098 4717 2387 4779 laboribus.
2428 4730 2582 4789 atque
2610 4718 2758 4771 bellis
2787 4718 3104 4787 probaverit,
3139 4717 3463 4788 experientia

1899 4788 2099 4841 clarum
2128 4792 2425 4852 ostentarit,
2459 4788 2752 4848 victoriam,
2783 4798 2831 4841 et
2858 4797 3055 4858 trapam
3089 4789 3312 4857 referens
3343 4801 3465 4838 con-

1900 4870 1984 4910 tra
2018 4859 2223 4923 hostes;
2256 4870 2451 4928 quanto
2486 4860 2652 4926 magis
2696 4858 2836 4925 apud
2883 4860 3137 4912 caelestem
3182 4860 3466 4928 imperato-

1900 4944 2031 4990 rem,
2062 4939 2111 4980 et
2137 4927 2335 4992 verum,
2361 4933 2497 4981 dona
2526 4928 2755 4981 cwlestia
2784 4930 2953 4982 sancti
2979 4930 3208 4995 Spiritus
3236 4927 3466 4994 percipe-

1900 5013 1955 5050 re
1994 5013 2143 5051 nemo
2177 5000 2368 5068 dignus
2393 4999 2515 5063 erit,
2541 5000 2641 5051 nisi
2662 5000 2807 5066 prius
2834 5001 2885 5051 in
2916 5008 3217 5052 sanctorum
3250 4996 3466 5068 manda-

1902 5077 2072 5119 torum
2105 5066 2441 5123 meditatione
2470 5071 2760 5121 exercuerit
2791 5086 2918 5131 sese,
2938 5068 3286 5135 susceptisque
3304 5066 3465 5118 armis

1900 5138 2214 5202 ca'lestibus,
2257 5155 2439 5209 nempe
2473 5140 2587 5207 ipsa
2621 5140 2813 5208 gratia,
2850 5138 3184 5191 decertaverit
3216 5137 3463 5209 adversus

1902 5208 2157 5278 nequitias
2189 5206 2499 5277 spirituum,
2536 5206 2660 5261 nam
2704 5225 2804 5279 quo
2850 5209 3017 5278 magis
3064 5211 3178 5277 quis
3215 5209 3266 5260 in
3302 5206 3463 5274 spiri-

1903 5279 2036 5331 tuali
2057 5280 2338 5333 certamine
2364 5281 2712 5349 progreditur,
2741 5294 2800 5332 eo
2824 5279 2995 5345 majus
3020 5290 3350 5347 augmentum
3377 5288 3463 5326 ac-

1904 5349 2023 5415 cipit
2073 5350 2433 5419 spiritualium
2474 5350 2859 5418 mysteriorum,
2905 5359 2952 5401 et
2985 5349 3342 5419 thesaurorum
3371 5360 3467 5395 δαί

1902 5416 2150 5487 ρὶεηιὶαέ;
2181 5436 2377 5488 quoque
2408 5416 2575 5487 magis
2604 5430 2823 5488 augetur
2846 5420 3122 5489 gratia,eo
3156 5416 3467 5489 magispro-

1901 5490 2118 5559 piusque
2168 5486 2237 5541 ad
2288 5486 2691 5559 cognoscendas
2729 5486 3074 5559 malignitatis
3124 5486 3463 5559 cogitationes

1904 5553 2127 5627 accedit,
2180 5553 2469 5626 opem'illi
2521 5560 2714 5627 ferente
2765 5575 2826 5610 ac
2857 5553 3196 5627 ’adjuvante'
3241 5553 3462 5627 Domino

1902 5625 2133 5748 CAhristo,
2188 5620 2271 5682 c'ui
2333 5630 2399 5682 sit
2446 5620 2614 5698 gloria
2696 5637 2741 5679 et
2794 5620 3086 5680 dominatio
3140 5626 3193 5677 in
3243 5620 3460 5677 sarcula.

1954 5711 2087 5747 men.
3362 5706 3363 5709 ‘

1894 5706 2087 5747 Amen.
3362 5706 3363 5709 “

3145 5785 3221 5844 40
