3838 6056
453 247 596 316 1259
689 226 706 237 ”

1935 247 1996 310 s.
2025 245 2190 310 NILI
2241 231 2248 236 ’

3545 253 3676 319 1250

520 367 642 421 104.
684 363 1130 436 Quandoquidem
1188 365 1336 421 domi
1396 375 1632 431 nostrae,
1696 363 2009 427 Ecclesiam,

2191 363 2254 417 El
2285 363 2616 437 Ἐκκλησίαν
2660 368 2780 420 κατ’
2827 361 2974 420 οῐκον
3030 367 3256 434 ἕκαστος
3302 371 3404 442 τὴν
3443 370 3672 425 διάνοιαν

444 469 679 514 mentem
723 459 954 526 quisque
991 473 1167 523 suam,
1227 457 1526 512 habemus:
1560 471 1814 527 peragere
1845 455 2006 509 etiam

444 555 703 608 debemus
736 553 789 606 in
825 552 937 621 ipsa
971 551 1222 606 Ecclesiae
1253 550 1539 606 sacriﬁcia.

503 643 641 697 105.
683 644 737 698 Si
771 643 1041 712 peragitur
1085 643 1426 713 congregatio
1459 643 1512 697 in
1561 639 1900 704 Ecclesia,et
1947 650 2006 693 tu

445 735 662 790 adesto:
699 735 742 788 si
785 749 910 787 vero
955 749 1061 787 non
1121 735 1427 804 peragitur,
1481 744 1537 788 tu
1601 734 1837 804 psallens
1878 748 2008 802 apo-

445 827 694 881 stolicum
729 825 1094 894 Evangeliura.
1133 827 1296 878 abito.

519 918 637 971 l06.
664 916 888 969 Virtutis
911 917 1133 984 gloriam
1155 925 1461 970 sanctorum
1481 915 1738 984 aspicito:
1766 915 2006 984 ipsorum

444 1009 590 1063 cnim
624 1008 792 1078 gloria
829 1008 1153 1062 immortalis
1187 1016 1286 1074 est,
1320 1008 1480 1061 etiam
1518 1015 1636 1074 post
1667 1007 1898 1062 obitum.
1961 1028 1966 1033 ι

515 1189 637 1244 107.
679 1187 834 1243 Tunc
881 1188 1136 1242 malitiam
1177 1189 1409 1244 maxime
1439 1190 1636 1256 oderis,
1667 1189 1884 1258 quando
1914 1203 2007 1242 co—

444 1281 641 1350 gitabis
679 1278 822 1348 quod
872 1280 1176 1333 daemonum
1221 1279 1290 1334 sit
1336 1279 1618 1350 lulgurans
1668 1290 1856 1335 contra
1903 1293 2006 1333 nos

443 1371 674 1442 gladius.

515 1461 636 1515 108.
679 1460 732 1514 Si
764 1469 1073 1530 peccantem
1108 1459 1384 1524 admones,
1421 1461 1586 1517 misce
1609 1462 2006 1530 compassionis

441 1551 604 1606 verba
643 1568 656 1605 :
704 1560 757 1605 et
799 1566 959 1606 aures
1010 1549 1372 1614 emollientur,
1418 1565 1683 1620 corgvero
1727 1552 2006 1606 illumina-

441 1643 609 1698 bitur.

511 1736 634 1789 109.
673 1733 808 1790 Cum
864 1733 1004 1788 inter
1052 1745 1270 1788 sanctos
1317 1732 1574 1803 loqueris,
1621 1750 1742 1805 quae
1777 1734 2002 1805 spiritus
2036 1722 2080 1780 Β

441 1835 570 1882 sunt
611 1827 835 1896 loquere
862 1845 876 1880 :
906 1826 952 1882 si
977 1841 1106 1881 vero
1152 1821 1349 1880 talibus
1402 1841 1509 1880 non
1543 1826 1806 1896 loquaris,
1845 1827 1913 1881 de
1936 1826 2002 1881 iis

442 1935 511 1974 ne
533 1919 853 1988 quidquam.

513 2012 636 2064 110.
678 2011 901 2079 Semper
933 2010 1103 2066 bonas
1135 2008 1378 2065 actiones
1409 2025 1562 2080 urge,
1600 2009 1886 2087 nequando
1914 2023 2000 2065 re-

443 2102 587 2157 lictis
617 2101 722 2155 illis
746 2099 1150 2169 semiperl'ectus
1178 2100 1360 2154 abeas.

517 2195 635 2248 111.
680 2191 770 2247 Sic
807 2207 966 2247 curre
1001 2200 1062 2246 ut
1105 2191 1412 2261 assequaris
1455 2205 1676 2260 scopum
1705 2207 1720 2245 :
1749 2190 1854 2246 hoc
1896 2199 2002 2257 est,

443 2287 832 2348 indesinenter.
888 2285 1112 2354 Oportet
1159 2285 1303 2339 enim
1335 2283 1491 2355 juxta
1521 2285 1776 2338 virtutem
1802 2283 2001 2349 vivere,

441 2377 620 2432 donec
647 2377 768 2430 vitae
800 2375 1033 2431 stadium
1061 2388 1468 2444 exsuperemus.

515 2467 636 2523 112.
677 2465 755 2522 Ne
801 2467 877 2522 sis
934 2466 989 2520 in
1049 2466 1231 2520 studio
1274 2464 1648 2519 mandatorum
1692 2462 1785 2518 Dei
1837 2461 2006 2532 negli-

444 2573 618 2631 gens:
653 2559 852 2614 talibus
898 2556 1043 2612 enim
1089 2555 1240 2611 labor
1287 2555 1500 2622 inanis,
1553 2553 1793 2609 laborem
1841 2567 2006 2622 super

444 2651 681 2705 laborem
715 2651 942 2720 aggerit.

519 2744 643 2798 115.
695 2742 1016 2797 Patientiam
1072 2739 1233 2795 etiam
1285 2747 1571 2808 antequam
1631 2748 1852 2791 necesse
1900 2741 2003 2799 est,

447 2849 659 2902 exerce,
712 2841 774 2886 ut
823 2832 994 2902 ipsius
1049 2837 1378 2885 armaturam
1442 2839 1686 2899 paratam
1740 2825 2004 2890 invenias,

449 2925 610 2980 etiam
634 2925 686 2978 in
724 2923 1065 2978 necessitate.

525 3015 666 3068 1M.
688 3012 950 3083 lmprobis
984 3011 1176 3066 resiste
1199 3008 1637 3080 cogitationibus,
1667 3013 1720 3061 et
1742 3003 2007 3076 responde

454 3108 591 3180 ipsis
619 3123 740 3178 quae
769 3107 822 3160 in
857 3107 970 3175 lege
998 3103 1274 3160 dicuntur.

521 3199 644 3256 115.
684 3198 964 3270 Diligentia
999 3197 1163 3251 multa
1185 3196 1373 3251 oculos
1401 3210 1429 3248 a
1452 3195 1558 3250 vita
1587 3194 1690 3250 hac
1719 3193 2006 3249 abstrahe:

449 3289 637 3346 fumus
673 3289 815 3344 enim
857 3287 1196 3359 perniciosus
1219 3302 1287 3343 ex
1317 3287 1434 3356 ipsa
1477 3285 1714 3350 veniens,
1739 3284 2009 3340 turbidam

448 3383 628 3455 reddit
657 3382 918 3436 animam.

527 3474 645 3529 116.
681 3472 745 3529 Si
785 3471 1176 3529 consuetudine
1224 3470 1404 3541 aliqua
1449 3469 1588 3524 mala
1617 3468 1867 3524 detentus
1895 3467 2013 3522 fue-

444 3567 551 3632 ris,
594 3566 853 3635 paulatim
903 3578 1021 3618 eam
1077 3562 1328 3617 rescinde
1357 3578 1372 3616 :
1402 3567 1456 3616 et
1489 3561 1607 3616 sine
1651 3559 1762 3615 ullo
1792 3558 2010 3630 negotio

452 3658 522 3713 ab
547 3658 726 3710 anima
751 3654 960 3724 spinam
989 3651 1316 3707 eradicabis.

525 3747 646 3804 117.
689 3747 856 3800 Deum
891 3760 1083 3814 purum
1108 3743 1482 3806 exsistentem,
1511 3755 1646 3810 pure
1676 3753 1893 3809 quoque
1929 3737 2012 3790 di-

437 3837 599 3907 ‘lige:
634 3845 690 3892 et
718 3850 826 3905 prae
863 3848 950 3899 eo,
982 3833 1035 3888 in
1087 3831 1340 3888 omnibus
1393 3830 1574 3886 omnia
1603 3829 1841 3885 secundo
1893 3828 2012 3882 loco

453 3925 696 3983 habenda
731 3940 852 3980 esse
883 3923 1213 3978 existimato.

523 4020 646 4074 118.
687 4017 742 4072 Si
759 4015 848 4073 vis
889 4031 1011 4072 esse
1047 4015 1303 4086 templqu
1339 4013 1451 4079 Dei,
1501 4011 1824 4069 sacriﬁcium
1873 4009 2012 4064 assi-

436 4111 672 4166 duitatis
702 4109 998 4182 (assiduam
1039 4107 1247 4162 scilicet
1290 4105 1616 4176 orationem)
1671 4104 1886 4160 assidue
1906 4101 2010 4173 ipsi

439 4203 667 4259 'oll‘eras.

523 4295 644 4350 119.
685 4293 1023 4364 Negligenter
1055 4299 1109 4346 et
1139 4305 1303 4361 prave
1329 4289 1600 4344 viventem
1650 4301 1718 4342 ne
1764 4299 2013 4341 accersas

2113 455 2334 526 ἔχομεν,
2361 457 2455 509 καὶ
2475 457 2649 511 τελεῖν
2670 459 2726 511 tv
2744 459 2882 530 αὐτῇ
2900 461 3021 523 τοὺς
3055 461 3284 531 θεσμοὺς
3305 465 3407 534 τῆς
3450 463 3672 533 Ἐκκλη-

2115 547 2234 608 σίας
2265 548 2568 618 ὀφείλομεν.

2183 639 2246 691 Ei
2279 639 2513 691 τελεῖται
2550 639 2771 707 σύναξις
2807 641 2866 694 ὲν
2922 643 3234 715 Ἐκκλησία,
3267 646 3562 716 παράϐαλε
3588 663 3603 676 ο
3629 647 3671 698 εἰ

2112 727 2168 780 δὲ
2195 728 2269 800 μὴ
2294 728 2548 798 τελεῖται,
2574 733 2637 786 σὺ
2671 731 2889 800 ψάλλων
2931 735 3287 790 ἀποστολικὸν
3319 736 3670 807 Εὖαγγέλιον,

2112 822 2336 877 ἄπελθε.

2184 913 2293 982 Τὴν
2321 913 2428 967 τῶν
2455 915 2667 984 ἀρετῶν
2688 916 2845 982 δόξαν
2879 918 2943 970 ὲκ
2983 915 3094 972 τῶν
3138 919 3310 987 ἁγίων
3335 920 3641 974 κατόπτευε
3658 937 3670 948 ·

2111 1003 2366 1058 ἀθάνατοι
2423 1006 2531 1076 γὰρ
2581 1006 2760 1060 αὐτῶν
2811 1009 2868 1060 αί
2915 1009 3086 1078 δόξαι,
3135 1013 3230 1062 καὶ
3257 1011 3401 1080 μετά
3452 1010 3673 1065 θάνατον

2112 1094 2368 1163 γίνονται.

2182 1188 2294 1256 Τὴν
2326 1187 2523 1242 κακίαν
2543 1187 2663 1241 τότε
2693 1189 2968 1258 μισήσεις,
2996 1191 3126 1243 ὅταν
3157 1189 3371 1260 λογίσῃ,
3400 1189 3670 1260 δαιμόνων

2112 1277 2196 1331 ὅτι
2225 1278 2344 1332 ἔστι
2372 1279 2497 1333 καθ’
2525 1282 2558 1352 η
2569 1279 2684 1351 μῶν
2716 1280 3075 1352 στιλϐουμένη
3097 1283 3361 1353 μάχαιρα.

2179 1453 2242 1507 Ei
2275 1453 2546 1518 νουθετεῖς
2572 1456 2665 1511 τὸν
2723 1458 3051 1524 πταίσαντα,
3099 1459 3312 1529 κρᾶσον
3364 1458 3673 1528 συμπιεθείᾳ

2109 1544 2180 1598 τά
2200 1546 2422 1618 ῥήματα
2441 1563 2455 1579 ο
2481 1549 2578 1603 καὶ
2609 1548 2675 1602 τὰ
2707 1549 2806 1620 μὲν
2827 1543 2940 1605 ὦτα
2974 1551 3364 1622 μαλάσσονται,
3397 1553 3434 1621 ή
3475 1552 3537 1605 δὲ
3555 1570 3671 1621 καρ-

2118 1636 2204 1690 δία
2242 1638 2556 1707 φωτίζεται.

2180 1729 2349 1784 Ὅταν
2376 1731 2434 1784 ὲν
2461 1731 2636 1799 ἁγίοις
2667 1731 2870 1796 λαλεῖς,
2903 1731 3083 1804 ὲρὼτα
3111 1733 3179 1786 τὰ
3209 1732 3303 1786 τοῦ
3334 1733 3667 1804 πνεύματοςο

2105 1819 2231 1876 ὃταν
2261 1819 2318 1874 δὲ
2347 1821 2426 1891 μὴ
2459 1821 2726 1886 τοιούτοις
2750 1822 2949 1888 λαλεῖς,
2977 1824 3038 1877 ού
3065 1824 3236 1878 ταῦτα
3259 1824 3436 1878 λάλει.

2175 1999 2288 2065 Τὰς
2313 2000 2543 2073 πράξεις
2563 2002 2650 2057 ἀεὶ
2681 2001 2780 2068 τὰς
2826 2003 3036 2073 ἀγαθὰς
3077 2004 3394 2068 ἐπίσπευδε,
3432 2004 3514 2076 μή
3555 2020 3672 2057 ποτε

2104 2093 2416 2148 καταλιπὼν
2440 2096 2629 2162 αύτάς,
2651 2096 2912 2169 ἡμιτελὴς
2937 2096 3233 2169 ἀπελεύσῃ.

2173 2182 2328 2238 Οὕτω
2351 2185 2534 2256 τρέχε,
2565 2186 2654 2240 ἵνα
2678 2187 3012 2258 καταλάϐῃς,
3040 2187 3320 2241 τουτέστιν
3348 2187 3664 2250 ἀπαύστως.

2103 2275 2196 2327 Δεῖ
2251 2275 2360 2346 γὰρ
2391 2274 2492 2348 τὴν
2527 2278 2730 2349 ἀρετὴν
2760 2279 2996 2350 τρέχειν,
3037 2279 3230 2350 μέχρις
3265 2279 3332 2334 ἂν
3359 2280 3664 2352 ἐξέλθωμεν

2103 2363 2198 2420 τοῦ
2235 2366 2350 2438 βίου
2371 2367 2432 2421 τὸ
2457 2368 2690 2424 στάδιον.

2173 2460 2268 2532 Μὴ
2315 2460 2468 2529 γίνου
2500 2462 2631 2534 περὶ
2669 2462 2770 2532 τὴν
2805 2462 3085 2534 ’ἐργασίαν
3119 2463 3227 2517 τῶν
3269 2464 3510 2518 ἐντολῶν
3539 2464 3672 2533 ὀλίγι-

2103 2569 2268 2626 ωρος·
2290 2556 2404 2616 τοῖς
2433 2553 2542 2626 γάρ
2571 2553 2832 2619 τοιούτοις
2855 2557 2883 2608 ό
2912 2555 3080 2619 κόπος
3101 2555 3356 2628 ἀκερδὴς,
3387 2557 3495 2610 ἐπὶ
3517 2557 3672 2610 κόπον

2105 2645 2480 2718 προστίθεται.

2174 2738 2286 2809 Τὴν
2319 2737 2594 2809 ὑπομονὴν
2630 2739 2726 2793 καὶ
2759 2737 2863 2809 πρὸ
2887 2739 2986 2811 τῆς
3014 2740 3258 2812 ἀνάγκης
3306 2740 3497 2807 ἀσκει,
3534 2741 3670 2804 ὅπως

2104 2832 2273 2903 αὐτῆς
2326 2829 2492 2904 εῦρῃς
2542 2832 2635 2885 καὶ
2689 2832 2749 2887 έν
2812 2835 2878 2905 τῇ
2940 2833 3157 2907 ἀνάγκῃ
3211 2835 3308 2906 τὴν
3366 2835 3669 2889 πανοπλίαν

2104 2924 2344 2994 ἕτοιμον.

2179 3014 2372 3081 Μάγου
2424 3013 2539 3075 τοῖς
2582 3013 2838 3082 πονηροῖς
2889 3012 3189 3084 λογισμοῖς,
3239 3011 3334 3066 καὶ
3363 3013 3499 3083 λέγε
3546 3012 3668 3084 πρὸς

2111 3105 2311 3166 αὐτοὺς
2339 3106 2438 3158 ὅσα
2464 3103 2542 3174 τῷ
2572 3103 2721 3174 νόμῳ
2747 3103 3007 3158 λαλεῖται.

2181 3197 2390 3268 Σπουδῇ
2423 3195 2592 3266 πολλῇ
2625 3198 2717 3249 τὸν
2741 3195 3016 3265 ὀφθαλμὸν
3040 3195 3104 3249 ὲκ
3124 3197 3218 3251 τοῦ
3251 3197 3366 3268 βίου
3399 3197 3668 3268 μετάστη-

2111 3307 2202 3344 σον
2220 3304 2234 3319 ·
2259 3288 2466 3352 καπνὸς
2489 3288 2598 3359 γὰρ
2629 3287 2689 3353 ἐξ
2713 3287 2876 3342 αὐτοῦ
2913 3289 3163 3362 πονηρὸς,
3195 3289 3352 3362 θολὴν
3374 3290 3482 3363 τὴν
3507 3289 3667 3360 ψυχὴν

2109 3381 2427 3436 ἀναδίδοται.

2179 3473 2242 3526 Et
2280 3471 2458 3544 φαύλῃ
2487 3470 2597 3525 τινὶ
2629 3469 2885 3542 συνηθείᾳ
2905 3469 3266 3542 κεκράτησαι,
3299 3471 3446 3543 μετά
3480 3470 3663 3542 μικρὸν

2108 3565 2381 3634 ἀπότεμνε
2409 3577 2425 3594 ⁸
2477 3563 2568 3616 καὶ
2623 3563 2791 3616 κόπου
2845 3561 3040 3616 πολλοῦ
3094 3561 3285 3634 χωρὶς.
3337 3564 3444 3632 τῆς
3501 3559 3667 3632 ψυχῆς

2109 3652 2407 3716 ἀποϐαλεῖς
2435 3651 2534 3724 τὴν
2575 3641 2836 3707 ἄκανθαν.

2117 3783 2127 3794 .
2178 3745 2432 3817 Καθαρὸν
2461 3745 2590 3799 ὄντα
2621 3743 2714 3796 τὸν
2738 3743 2889 3808 Θεὸν,
2920 3741 3174 3813 καθαρῶς
3200 3743 3390 3812 ἀγάπα
3411 3757 3429 3772 ·
3464 3743 3559 3796 καὶ
3581 3739 3664 3794 τοῦ

2108 3839 2199 3892 ἐπὶ
2226 3837 2463 3903 πάντων,
2491 3836 2669 3891 πάντα
2693 3835 2921 3908 δεύτερα
2947 3836 3160 3908 νόμιζε.

2180 4015 2242 4069 El
2275 4015 2447 4079 θέλεις
2488 4009 2630 4069 εἶναι
2680 4013 2805 4078 ναὸς
2845 4012 3003 4081 Θεοῦ,
3058 4015 3248 4069 θυσίαν
3295 4012 3660 4086 ἑνδελεχισμοῦ

2109 4107 2208 4180 τὴν
2240 4106 2546 4180 προσευχὴν
2575 4105 2721 4177 αὐτῷ
2753 4105 2850 4178 τὴν
2879 4105 3104 4178 διηνεκῆ
3127 4107 3431 4179 πρόσφερε.

2181 4283 2286 4337 Τὸν
2311 4281 2527 4354 ἀμελῶς
2549 4280 2788 4354 βιοῦντα,
2823 4281 2897 4353 μὴ
2920 4282 3304 4355 προσλάμϐανε
3334 4284 3654 4354 σύμϐουλονο

440 4385 850 4448 consultorem;
915 4381 1074 4436 malis
1127 4381 1271 4435 enim
1326 4379 1598 4450 gaudens,
1652 4377 1793 4432 bona
1848 4373 2009 4431 simul

2169 4374 2280 4445 γάρ
2314 4377 2428 4438 τοῖς
2477 4376 2668 4438 κακοῖς
2720 4372 2942 4445 χαίρων,
2977 4374 3157 4444 ἀγαθά
3205 4377 3297 4431 καὶ
3357 4379 3539 4448 μισεῖν
3577 4377 3656 4430 καὶ

441 4474 652 4538 odisse,
689 4481 743 4528 et
775 4470 1058 4527 consulere
1077 4469 1262 4524 eadem
1295 4483 1399 4523 non
1429 4475 1626 4537 potest.

521 4566 646 4620 120.
682 4565 765 4618 Ab
808 4563 954 4617 omni
1006 4561 1352 4628 corruptione
1406 4559 1637 4624 abstine,
1687 4568 1742 4614 et
1775 4560 2015 4631 mystica:

444 4671 620 4712 coenae
657 4655 805 4708 omni
855 4652 944 4707 die
995 4652 1269 4721 particeps
1323 4651 1462 4706 llas:
1499 4650 1578 4704 sic
1621 4650 1766 4704 enim
1810 4649 2014 4708 Christi

449 4761 651 4814 corpus
674 4752 918 4797 nostrum
953 4741 1072 4806 ﬁeri.
1098 4740 1309 4809 incipit.

523 4836 645 4890 121.
686 4833 743 4888 ln
790 4833 1042 4887 omnibus
1096 4831 1313 4901 quando
1362 4847 1391 4886 a
1453 4831 1560 4888 Deo
1593 4833 1907 4904 corriperis,
1949 4850 2017 4889 ne

450 4939 751 4988 murmura,
781 4923 1010 4993 castigat
1039 4923 1180 4977 enim
1208 4932 1266 4976 ut
1295 4936 1474 4992 pater;
1504 4923 1732 4993 ideoque
1769 4933 1826 4978 ut
1857 4925 2016 4980 bene-

432 5017 626 5072 factor
659 5015 854 5085 dignus
909 5025 991 5068 est
1031 5023 1088 5066 ut
1113 5013 1406 5083 gratiarum
1456 5016 1666 5069 actione
1695 5017 2013 5072 celebretur.

419 5163 422 5167 ,
522 5105 643 5162 122.
686 5105 744 5160 Si
785 5105 1079 5176 ignominia
1127 5105 1349 5162 affectus
1391 5106 1579 5174 fueris,
1611 5107 1818 5179 gaude:
1845 5109 2018 5179 siqui-

451 5201 572 5256 dem
597 5199 740 5255 enim
765 5199 983 5268 injuste,
1012 5213 1220 5254 merces
1255 5207 1346 5253 tua
1373 5200 1594 5268 copiosa
1623 5199 1728 5254 erit
1753 5219 1766 5254 :
1811 5201 1856 5255 si
1887 5215 2017 5256 vero

450 5291 616 5364 juste,
648 5300 702 5346 et
728 5290 772 5344 si
805 5289 1133 5360 resipueris,
1170 5289 1280 5358 jam
1321 5288 1580 5343 liberatus
1623 5303 1680 5342 es
1714 5303 1744 5342 a
1783 5288 2014 5361 ﬂagello.

523 5383 649 5437 125.
685 5379 896 5436 Umbrae
920 5388 974 5434 et
995 5389 1148 5444 rotae,
1180 5388 1233 5434 et
1270 5379 1445 5434 tristia
1470 5387 1525 5434 et
1551 5379 1671 5433 laeta
1699 5379 1864 5450 hujus
1895 5382 2017 5438 vitae

453 5487 709 5542 compara
737 5487 903 5528 snam
934 5470 1386 5541 quemadmodum
1409 5469 1602 5524 umbra
1629 5485 1736 5526 non
1765 5481 2014 5540 manent,

451 5574 509 5619 et
537 5575 595 5618 ιιι
626 5575 740 5620 rota
769 5573 1071 5620 vertuntur.

525 5652 649 5708 124.
691 5651 913 5726 Semper
944 5652 1205 5723 prolicere
1234 5652 1286 5708 in
1335 5653 1442 5710 Deo
1468 5667 1701 5711 conare:
1739 5656 2010 5714 modicum

2115 4463 2503 4534 συμϐουλεύειν
2523 4464 2622 4518 οὐκ
2653 4463 2923 4532 ἀνέχεται.

2182 4559 2369 4630 Πάσης
2399 4559 2603 4629 ἀπέχου
2634 4556 2860 4627 φθορᾶς,
2893 4557 2988 4610 καὶ
3026 4557 3120 4612 τοῦ
3168 4559 3432 4629 μυστικοῦ
3453 4560 3653 4615 δείπνου

2113 4653 2292 4705 πᾶσαν
2318 4651 2529 4725 ἡμέραν
2561 4651 2778 4722 μέτεχε.
2819 4648 2974 4703 Οὕτω
2999 4649 3108 4722 γὰρ
3144 4652 3381 4724 Χριστοῦ
3410 4653 3485 4722 τὸ,
3512 4651 3653 4722 σῶμα

2110 4743 2170 4796 τὸ
2203 4743 2468 4814 ἡμέτερον
2496 4742 2724 4812 γίνεται.

2196 4835 2282 4888 Ἐν
2307 4830 2387 4898 οἷς
2443 4833 2670 4908 παιδεύῃ
2721 4838 2874 4909 παρὰ
2902 4835 3056 4902 Θεοῦ,
3101 4836 3176 4908 μὴ
3223 4838 3457 4906 γόγγυζε
3483 4852 3498 4867 ⁸
3546 4854 3652 4889 rut-

2112 4925 2256 4979 δεύει
2311 4927 2410 4996 μὲν
2449 4927 2559 4998 γὰρ
2605 4927 2679 4991 ὡς
2727 4929 2908 4999 πατήρ
2939 4945 2953 4958 ·
3014 4928 3450 4999 εύχαριστεῖσθαι
3497 4927 3548 4980 δὲ
3589 4925 3652 4990 ὡς

2114 5018 2404 5088 εὐεργέτης
2436 5018 2582 5072 ἐστὶν
2613 5019 2783 5084 ἀξιος.
3459 5013 3464 5020 ’

2185 5110 2354 5162 Ὅταν
2401 5109 2727 5181 ἀτιμσθῇς,
2777 5113 2970 5181 χαῖρε·
3017 5112 3065 5163 εί
3113 5111 3211 5181 μὲν
3243 5109 3351 5181 γὰρ
3389 5109 3647 5172 ἀδίκως,ὁ

2118 5199 2306 5270 μισθὸς
2337 5193 2500 5262 πολύς
2520 5215 2534 5230 ·
2568 5200 2617 5252 εί
2645 5199 2701 5254 δὲ
2725 5200 2967 5269 δικαίως,
3000 5200 3096 5255 έάν
3145 5203 3426 5274 σωφρονῇς
3454 5199 3649 5269 ἐκουφί-

2117 5293 2245 5361 σθης
2275 5291 2373 5362 τῆς
2408 5291 2690 5361 μάστιγος.

2186 5384 2320 5454 Σκιᾷ
2352 5383 2446 5436 καὶ
2469 5382 2646 5452 τροχῷ
2673 5382 2742 5436 τὰ
2781 5383 3000 5456 λυπηρά
3041 5383 3136 5438 τοῦ
3172 5385 3288 5456 βίου
3315 5384 3411 5438 καὶ
3452 5383 3648 5450 τὰφαι-

2112 5475 2213 5546 δρά
2246 5472 2561 5546 παράϐαλλε
2591 5487 2604 5502 ⁸
2630 5471 2702 5537 ὡς
2735 5474 2843 5546 γὰρ
2869 5476 2996 5529 σκιὰ
3024 5476 3086 5530 οὐ
3118 5475 3292 5546 μένει,
3322 5474 3416 5528 καὶ
3447 5473 3519 5536 ὡς
3544 5485 3648 5541 τρο·

2115 5567 2209 5638 χὸς
2247 5565 2512 5621 κυλίεται.

2198 5659 2310 5713 ’Δεῖ
2342 5659 2672 5728 προκόπτειν
2706 5656 2846 5714 κατά
2874 5657 3006 5714 Θεὸν
3034 5655 3326 5723 σπούδαζε.
3366 5654 3429 5711 '0
3451 5652 3548 5724 γὰρ
3565 5667 3642 5721 μί’
