3838 6056
85 244 247 319 1261

1316 252 1577 312 CAPlTA
1617 255 2128 321 PAR/ENETICA.

3192 266 3323 335 1262

67 371 221 443 χρῷ
243 372 339 425 ἐπὶ
367 369 560 443 μικρὸν
585 366 895 438 προστιθεὶς
917 363 1143 418 πλουτον
1162 361 1324 416 καλὸν
1347 364 1663 437 καταϐραχὺ

1818 370 1910 425 nim
1942 373 2155 428 modico
2196 373 2420 438 addens,
2455 374 2603 429 brevi
2637 376 2847 448 colliget
2872 377 3085 435 divitias
3108 380 3176 434 ab
3202 397 3325 437 oms

74 464 379 532 συλλέγει,
420 463 574 535 παρὰ
606 463 823 517 πάντων
850 461 1201 531 ζητούμενον.

174 558 244 609 Et
294 556 472 626 βούλει
520 555 621 624 τῆς
660 554 930 616 κολάσεως
980 553 1236 622 ἐκφυγεῖν
1290 550 1350 603 τὸ
1390 549 1666 615 ἐπίπονον,

79 649 318 718 μηδένα
342 646 471 700 ποτὲ
493 645 828 718 λοιδορήσῃς
849 647 913 697 ὲκ
934 643 1122 697 τούτου
1149 642 1257 712 γὰρ
1272 642 1332 693 τὸ
1354 642 1505 694 Θεῖον
1531 658 1669 712 παρ-

76 737 377 803 οξύνεται.

171 828 243 881 Et
271 827 445 890 Θέλεις
477 827 541 879 ἐκ
572 824 665 879 τοῦ
694 825 843 879 οἴκου
883 841 974 878 σου
1014 822 1307 890 ἀποδιῶξαι
1352 818 1532 879 πᾶσαν
1561 826 1668 895 μά-

79 935 295 989 στιγα,
333 919 407 990 μὴ
442 917 833 988 κακολογήσεις
854 917 1125 987 ὁμόφυλον
1152 916 1435 989 ἄνθρωπον
1458 934 1475 952 ο
1506 918 1535 971 6
1560 918 1667 989 γὰρ

76 1010 345 1081 ποιήσας
371 1008 553 1072 αὐτὸν,
582 1007 805 1070 εἰκότως
833 1005 1220 1077 παροξύνεται.

179 1189 251 1245 Et
277 1188 452 1251 θέλεις
474 1186 656 1258 πάσης
679 1185 951 1258 ἁμαρτίας
976 1185 1245 1257 ἀνώτερος
1261 1181 1418 1251 εἶναι,
1441 1184 1669 1257 πράξεις

78 1279 393 1349 ἀλλοτρίας
424 1278 499 1351 μὴ
528 1278 916 1347 καταμάνθανε
936 1292 952 1307 ⁶
981 1276 1149 1331 πολλὰ
1176 1277 1286 1348 γάρ
1316 1278 1452 1332 εἰσὶν
1476 1281 1533 1333 ὲν
1562 1278 1665 1346 σοὶ,

80 1371 197 1440 ἀφ’
224 1362 301 1423 ὧν
329 1370 512 1440 ἕτερον
544 1367 970 1438 ὑπολαμϐάνεις.

167 1458 348 1528 Φεῦγε
389 1458 488 1529 τὴν
537 1455 938 1528 ὑπερηφανίαν,
982 1448 1027 1509 ὧ
1059 1454 1334 1528 ἄνθρωπε,
1367 1453 1472 1509 κᾶν
1505 1453 1668 1508 πλού-

84 1556 222 1616 σιος
242 1549 302 1625 ᾗ,
342 1554 549 1624 μήποτε
570 1549 661 1604 τὸν
692 1549 824 1603 Θεὸν
852 1548 1309 1619 ἀντιτασσόμενον
1342 1548 1504 1614 ἕξεις.

169 1644 321 1697 Φίλει
350 1642 448 1714 τὴν
477 1640 994 1714 ταπεινοφροσύνην,
1024 1640 1129 1696 κᾶν
1164 1642 1335 1711 μέγας
1381 1641 1665 1713 ὑπάρχεις,

88 1736 193 1789 ἵνα
218 1735 441 1807 ὑψωθῇς
471 1735 530 1788 ἐν
563 1736 745 1806 ἡμέρᾳ
775 1732 1028 1804 κρίσεως.

173 1827 271 1898 Μὴ
298 1827 520 1899 σκώψῃς
574 1827 881 1898 ἄνθρωπον,
926 1826 1019 1879 καὶ
1063 1825 1252 1898 μῶμον
1290 1826 1390 1897 οὐχ
1433 1824 1573 1891 ἕξεις
1608 1828 1667 1879 ὲν

88 1919 257 1990 πάσῃ
291 1917 403 1990 ζωῇ
433 1936 547 1973 σου.

176 2007 354 2060 Ὅταν
403 2009 461 2060 ὲν
531 2004 831 2077 Ἐκκλησία
872 2005 1163 2077 ὑπάρχεις,
1193 2006 1269 2078 μὴ
1294 2006 1626 2078 μετεωρίζου
1650 2024 1665 2039 ο

90 2099 340 2153 ἐνώπιον
385 2100 493 2171 γὰρ
527 2097 788 2167 βασιλέως
830 2098 879 2152 οἱ
931 2098 1198 2165 ἑστῶτες,
1248 2099 1372 2153 οὔτε
1417 2099 1666 2169 γελῶσιν,

90 2189 231 2245 δῦτε
265 2188 700 2261 μετεωρίζονται.
1282 2200 1285 2203 ‘

184 2284 279 2357 Μὴ
328 2268 659 2353 καταφρόνει
718 2280 815 2352 τῆς
844 2280 987 2351 ζωῆς
1045 2297 1161 2347 σου,
1198 2281 1293 2334 καὶ
1365 2279 1672 2354 ἀδιαφόρως

94 2380 318 2448 πρᾶττε
368 2376 516 2445 παρὰ
569 2374 661 2428 τὸν
707 2374 888 2444 νόμον,
925 2372 1012 2426 ἵνα
1048 2372 1124 2444 μὴ
1167 2371 1317 2443 παρὰ
1362 2372 1525 2443 νόμον
1570 2372 1671 2444 τὴν

93 2465 386 2522 ἀπώλειαν
408 2464 572 2530 ἕξεις.

174 2558 331 2612 Μετὰ,
356 2557 535 2627 πάσης
564 2552 861 2623 ἀσφαλείας
883 2550 1185 2623 μνημόνευε
1208 2550 1315 2605 τῶν
1340 2551 1666 2623 εἰρημένων,

99 2638 201 2705 ἶνα
236 2668 294 2704 σε
332 2649 587 2720 λαμπρὸν
611 2646 691 2719 τῷ
721 2646 821 2718 βίῳ
857 2643 1227 2710 άναδείξωσιν.

180 2742 429 2813 Ζήλωσον
480 2740 593 2811 βίον
640 2739 858 2811 σεμνὸν,
908 2737 995 2791 ἵνα
1024 2735 1174 2809 ἔχεις
1203 2734 1670 2808 παρρησίανιὲπιε-

102 2835 362 2908 στρέφειν
390 2834 515 2898 τοὺς
542 2833 977 2906 ἁμαρτάνοντας.

192 2924 513 2996 Ἀσφαλίζου
560 2925 656 2995 τὴν
718 2922 1026 2989 αὐθάδειαν,
1052 2919 1145 2993 [μὴ
1173 2914 1490 2989 ἐπιπλήξεις
1541 2920 1666 2987 τινὶ,

103 3018 200 3072 ἶνα
241 3016 317 3090 μὴ
346 3015 677 3087 κατακριθῇς
707 3014 783 3079 ώς
805 3012 1271 3086 ὑψηλοφρονήσας.

1770 459 1931 513 nibus
1954 463 2238 529 expetitas.

1841 550 1961 603 l25.
2004 550 2061 604 Si
2097 553 2176 605 vis
2217 553 2465 622 supplicii
2507 554 2742 626 eﬂ‘ugere
2780 559 3115 626 molestiam,
3150 564 3326 618 nemi-

1768 656 1889 695 nem
1923 658 2159 711 unquam
2189 646 2452 701 conviciis
2483 645 2719 702 aﬂicies:
2759 662 2825 702 eo
2850 650 2992 703 enim
3039 652 3177 707 Deus
3231 668 3326 708 ex-

1768 744 2065 800 asperatnr.

1840 824 1958 879 126.
2003 826 2059 879 Si
2100 828 2181 882 vis
2228 843 2259 882 e
2308 829 2468 884 domo
2503 838 2593 885 tua
2637 831 2903 900 expellere
2948 846 3107 887 omne
3147 833 3328 905 ﬂagel-

1766 914 1900 987 lum,
1929 933 1994 971 ne
2029 920 2326 976 maledictis
2359 922 2600 979 incessas
2622 924 2977 979 contribulem
3010 925 3283 981 hominem
3310 945 3324 980 :

1766 1007 1869 1075 qui.
1890 1007 2034 1061 enim
2058 1010 2233 1080 ipsum
2268 1014 2471 1069 creavit
2501 1014 2661 1081 Deus,
2698 1017 2893 1071 merito
2931 1016 2998 1072 ad
3026 1016 3161 1071 iram
3198 1034 3326 1088 pro-

1766 1108 2009 1153 vocatur.

1839 1188 1961 1245 l27.
2006 1185 2062 1245 Si
2093 1193 2242 1248 omni
2291 1207 2513 1264 peccato
2536 1197 2619 1252 vis
2645 1213 2764 1254 esse
2794 1200 3060 1270 superior,
3094 1217 3180 1256 res
3199 1202 3329 1258 alie-

1767 1296 1865 1335 nas
1893 1298 1960 1338 ne
2005 1284 2223 1342 curiose
2267 1286 2568 1358 inquirito:
2602 1290 2775 1346 multa
2822 1291 2968 1348 enim
3004 1292 3061 1347 in
3090 1302 3143 1348 te
3176 1302 3327 1359 sunt,

1766 1375 1832 1429 de
1853 1376 2051 1445 quibus
2072 1377 2237 1433 alium
2273 1391 2585 1451 suspectum
2615 1382 2803 1440 habes.

1839 1468 1960 1523 128.
2003 1469 2322 1540 Superbiam
2368 1475 2559 1545 fugito,
2597 1492 2630 1531 ο
2669 1476 2833 1532 humo
2858 1517 2874 1544 ,
2921 1474 3137 1533 etiamsi
3179 1475 3331 1535 dives

1766 1556 1878 1612 sis:
1909 1574 1975 1614 ne
2006 1558 2145 1615 forte
2188 1560 2356 1617 Deum
2388 1564 2677 1619 adversum
2714 1565 2813 1620 tibi
2845 1567 3068 1623 habeas.
3114 1596 3117 1597 ν

1837 1648 1958 1704 129.
2001 1650 2169 1721 Dilige
2222 1652 2616 1719 humilitatem,
2673 1656 2887 1712 etiamsi
2931 1674 3160 1731 magnus
3216 1661 3329 1717 sis:

1702 1726 1745 1780 Β
1772 1749 1831 1794 ιιι
1854 1739 2105 1796 exalteris
2139 1741 2193 1796 in
2228 1741 2316 1797 die
2343 1743 2560 1813 judicii.

1841 1830 1964 1885 150.
2004 1829 2082 1887 Ne
2118 1833 2326 1889 cavillis
2354 1845 2507 1904 petas
2536 1835 2834 1904 hominem,
2870 1847 2923 1894 et
2952 1839 3332 1911 reprehensio-

1771 1934 1895 1974 nem
1924 1934 2033 1975 non
2066 1921 2314 1979 in‘curres
2348 1925 2401 1978 in
2428 1925 2577 1980 omni
2607 1927 2713 1983 vita
2746 1937 2857 1983 tua.
2910 1916 2918 1931 ’

1842 2009 1963 2064 151.
2004 2009 2140 2065 Cum
2162 2012 2382 2069 exsistis
2416 2015 2468 2068 in
2493 2017 2742 2080 ecclesia,
2770 2032 2838 2073 ne
2856 2017 3120 2076 eleveris:
3148 2036 3334 2079 coram

1771 2114 1897 2170 rege
1929 2102 2074 2156 enim
2121 2113 2326 2160 stantes
2353 2120 2528 2174 neque
2557 2108 2754 2176 rident,
2785 2125 2959 2180 neque
2990 2114 3329 2183 superbiunt.

1844 2260 1964 2315 152.
2007 2258 2086 2314 Ne
2126 2260 2452 2331 negligenter
2478 2261 2678 2318 habeas
2710 2274 2875 2320 \‘llalll
2916 2275 3083 2333 tuam,
3121 2283 3220 2323 nec
3252 2278 3333 2323 te-

1772 2363 1920 2404 mere
1953 2359 2135 2405 contra
2164 2351 2334 2421 legem
2354 2351 2552 2407 facito:
2582 2369 2651 2409 ne
2679 2366 2869 2411 contra
2908 2357 3075 2428 legem
3105 2357 3333 2426 faciens,

1770 2442 2063 2510 perniciem
2089 2442 2357 2499 incurras.

1843 2532 1964 2587 155.
2006 2527 2211 2590 Memor
2258 2536 2334 2592 sis
2370 2535 2564 2592 horum
2614 2548 2998 2610 praecepturum
3031 2546 3151 2597 'cum
3185 2542 3334 2598 omni

1770 2624 1979 2692 stmlio,”
2004 2633 2063 2680 ut
2089 2638 2139 2681 te
2167 2627 2374 2682 clarum
2402 2628 2455 2682 in
2483 2628 2595 2683 vita
2627 2630 2871 2686 reddant.

1841 2716 1963 2772 154.
2003 2717 2198 2772 Puram
2247 2720 2531 2774 aemulator
2559 2720 2746 2787 vitam,
2775 2731 2834 2777 ut
2870 2722 3070 2779 habeas
3103 2723 3326 2780 liberam

1769 2816 2089 2877 potestatem
2113 2810 2429 2881 increpandi
2458 2820 2768 2881 peccantes.

1841 2897 1963 2955 155.
2003 2897 2172 2971 Abige
2228 2908 2259 2955 a
2307 2910 2358 2956 te
2407 2904 2830 2969 contumaciam,
2888 2920 3064 2975 neque
3114 2905 3332 2975 increpa

1768 3006 2096 3061 quemquam
2133 2999 2351 3059 temere,
2399 3008 2468 3048 ne
2514 2994 2892 3051 condemneris
2931 3005 2991 3051 ut
3021 2997 3335 3068 arrOgantia

1694 3056 1739 3121 (ἶ
1768 3056 2006 3139 inﬂatus.

1842 3176 1964 3230 156.
2002 3174 2059 3229 In
2084 3177 2305 3233 alterius
2340 3175 2641 3234 infortunio
2670 3194 2735 3233 ne
2758 3178 2957 3247 rideas,
2998 3195 3067 3237 ne
3106 3181 3333 3240 ridearis

1771 3281 1802 3319 a
1827 3266 2023 3337 quibus
2048 3270 2156 3324 nOn
2196 3270 2329 3325 velis

1843 3354 1963 3409 157.
2004 3355 2238 3412 Observa
2270 3357 2672 3416 admonitiones
2699 3361 2851 3429 istas,
2879 3369 2937 3418 ut
2957 3379 3212 3420 coronam
3235 3364 3329 3419 tibi

1772 3443 1958 3513 gloriae
1985 3444 2275 3500 concilient

1844 3532 1967 3587 158.
2005 3532 2091 3588 Sis
2130 3535 2425 3591 observans
2476 3536 2670 3592 horum
2722 3548 3136 3611 praeceptorum,
3178 3550 3236 3595 ut
3278 3549 3331 3595 te

1774 3624 1981 3681 clarum
2029 3624 2265 3681 efficiant
2313 3627 2647 3697 hominibus,
2680 3638 2733 3685 et
2760 3640 3041 3701 acceptum
3084 3631 3333 3687 Deo:sic

1773 3717 1918 3771 enim
1946 3717 2145 3789 gaudio
2182 3717 2411 3774 aﬂicitur
2451 3722 2610 3790 Deus,
2646 3731 2700 3777 et
2739 3722 3051 3795 huiusmodi
3080 3725 3333 3795 Operibus

182 3193 274 3263 Μὴ
301 3191 533 3273 γελάσῃε
565 3188 657 3244 ἐπὶ
683 3189 930 3261 πτώματι
953 3189 1164 3260 ἑτέρου,
1192 3182 1281 3244 ἵνα
1302 3186 1380 3261 μὴ
1402 3187 1671 3259 γελασθῇς

101 3283 202 3352 ὑφ’
221 3276 295 3337 ὧν
325 3283 385 3337 οὐ
419 3282 608 3346 θέλεις.

182 3374 421 3426 Φύλασσε
441 3371 540 3437 τὰς
567 3371 911 3440 παραινέσεις
936 3370 1158 3437 ταύτας,
1190 3368 1277 3424 ἵνα
1300 3369 1563 3440 στέφανον
1584 3368 1671 3423 δό-

106 3456 211 3535 ξης
235 3463 599 3534 προξενήσωσί
628 3478 730 3518 σοι.

185 3554 344 3608 Γενοῦ
375 3555 648 3627 ἐγκρατὴς
698 3555 808 3609 τῶν
849 3550 1078 3608 ἐντολῶν
1125 3553 1347 3618 τούτων,
1376 3553 1461 3606 ἵνα
1502 3566 1669 3619 προσ-

108 3645 282 3711 ἆξωσί
313 3662 371 3698 σε
413 3646 626 3717 ἐμφανῆ
669 3647 780 3709 τοῖς
802 3644 1126 3715 ἀνθρώποις,
1158 3644 1252 3697 καὶ
1281 3643 1567 3711 εὐάρεστον
1594 3640 1673 3712 τῷ

110 3731 234 3806 Θεῷ
260 3752 274 3766 ·
300 3734 442 3789 οὕτω
463 3736 569 3806 γάρ
591 3735 778 3805 ἥδεται
802 3734 865 3789 τὸ
882 3735 1034 3789 Θεῖον
1082 3734 1175 3788 καὶ
1192 3730 1449 3796 τοιούτοις
1479 3746 1674 3803 κατορ-

114 3825 330 3897 θώμασι
354 3825 711 3895 θεραπεύεται
743 3826 771 3878 6
793 3824 946 3888 Θεός.

200 3916 310 3970 Ἀεὶ
335 3917 660 3986 προκόπτειν
689 3918 746 3969 ὲν
774 3918 887 3978 τοῖς
912 3914 1136 3983 ἀγαθοῖς
1162 3914 1341 3986 ἔργοις
1371 3904 1634 3977 σπούδαζε
1656 3928 1672 3945 ο

114 4008 234 4071 ὁδὸς
259 4007 365 4079 γὰρ
385 4009 463 4072 εἰς
484 4009 680 4079 ἀρετὴν
700 4009 732 4079 ἡ
755 4006 848 4061 τοῦ
875 4005 989 4076 βίου
1024 4006 1189 4075 φυγή.

1774 3808 1971 3864 colitur
2006 3810 2167 3865 Deus.

1846 3900 1968 3956 159.
2012 3903 2236 3972 Semper
2284 3904 2546 3973 proﬁcere
2600 3905 2653 3961 in
2700 3907 2856 3963 bonis
2909 3907 3168 3978 operibus
3216 3918 3333 3962 stu-

1775 3992 1939 4047 deto:
1973 3994 2155 4049 saeculi
2200 3995 2345 4049 enim
2373 3995 2517 4067 fuga,
2550 3984 2632 4051 via
2669 4006 2753 4053 est
2778 3998 2845 4052 ad
2892 4000 3168 4063 virtutem,
3203 4008 3330 4062 elc.,

1783 4095 1840 4139 ut
1859 4102 2018 4151 supra
2046 4086 2148 4141 col.
2187 4086 2325 4142 1259
2353 4086 2394 4142 C
2428 4103 2598 4158 usque
2625 4090 2691 4143 ad
2724 4105 2873 4143 num.
2898 4089 2985 4145 98.

608 4224 884 4296 Sequente:
909 4237 1024 4281 octo
1055 4225 1336 4280 sententias
1367 4222 1527 4278 edidit
1562 4221 1844 4278 Suaresius
1875 4224 1929 4276 in
1965 4221 2189 4276 Dissert.
2215 4224 2278 4277 de
2304 4239 2425 4293 opp.
2464 4222 2600 4291 Nili,
2626 4239 2679 4295 p.
2713 4223 2837 4279 625.

189 4365 467 4437 Μακάριος
498 4366 526 4419 6
558 4365 650 4419 τὸν
690 4364 802 4435 βίον
854 4365 1070 4439 ὑψηλὸν,
1105 4363 1264 4436 ἔχων,
1316 4362 1569 4418 ταπεινὸν
1611 4363 1670 4417 δὲ

1842 4361 2061 4428 Beatus,
2083 4363 2177 4433 qui
2202 4362 2365 4417 vitam
2400 4361 2562 4417 habet
2586 4361 2894 4428 sublimem,
2920 4363 3178 4417 humilem
3207 4374 3336 4419 vero

122 4458 394 4531 φρόνημα.
422 4457 651 4528 Χριστὸν
685 4457 795 4528 γὰρ
831 4459 1096 4529 μιμεῖται,
1123 4456 1216 4509 καὶ
1259 4453 1406 4526 αὐτῷ
1444 4451 1679 4522 συγκαθ-

128 4554 322 4607 ίσεται.

195 4644 474 4715 Μακάριος
505 4634 567 4696 οὗ
589 4642 686 4712 τῆς
712 4640 954 4710 γλώττης
985 4640 1013 4692 6
1042 4640 1203 4710 νόμος
1233 4639 1331 4692 οὐκ
1358 4636 1673 4706 ἀφίσταται’

123 4735 309 4789 τούτου
345 4736 453 4804 γὰρ
483 4734 581 4805 τῆς
605 4732 804 4803 σκηνῆς
825 4732 852 4784 6
880 4729 1010 4793 Θεὸς
1034 4731 1094 4785 οὐ
1125 4730 1431 4801 χωρίζεται.

194 4825 474 4895 Μακάριος
493 4826 522 4877 6
543 4823 765 4885 πολλοὺς
787 4820 1039 4874 εὐποιῶψ
1063 4820 1288 4884 πολλοὺς
1308 4820 1415 4890 γὰρ
1435 4817 1681 4890 εὑρίσκει

125 4915 452 4983 συνηγόρους
483 4913 818 4985 κρινόμενος.

195 5005 476 5077 Μακάριος
518 5007 547 5058 ὁ
583 5005 657 5076 μὴ
687 5003 917 5058 νοθεύων
955 5001 1175 5074 ἀρετήν’
1203 5000 1296 5055 τοῦ
1344 5001 1531 5072 κριτοῦ
1575 4999 1683 5070 γὰρ

126 5100 187 5153 τὸ
213 5097 375 5151 πτύον
396 5098 495 5150 οὐκ
518 5096 860 5169 ἐμπαίζεται.

197 5191 479 5263 Μακάριος
535 5190 565 5242 6
627 5190 723 5254 τὰς
784 5190 977 5244 ἑαυτοῦ
1006 5187 1232 5262 πράξεις
1285 5185 1680 5256 κατακοσμῶν

129 5283 311 5355 μέλλει
353 5285 462 5355 γὰρ
506 5283 617 5354 πῦρ
679 5283 1006 5354 ἀναφθῆναι,
1052 5276 1097 5351 ᾧ
1139 5282 1208 5335 τὰ
1238 5280 1416 5335 πάντα
1451 5280 1678 5350 δοκιμά-

128 5378 299 5443 ζεται.
842 5402 852 5411 ·

199 5468 480 5540 Μακάριος
505 5468 534 5521 6
564 5466 806 5522 σπεύδων
832 5467 970 5538 πρὸς
1012 5465 1110 5535 τὴν
1152 5463 1295 5534 ζωὴν
1332 5464 1431 5534 τὴν
1459 5461 1683 5535 μέλλου-

1777 4452 1943 4508 animi
1991 4466 2232 4509 sensum.
2282 4452 2558 4507 Christum
2610 4452 2753 4507 enim
2800 4452 3065 4518 imitatur,
3109 4462 3164 4508 et
3211 4465 3336 4510 cum

1776 4546 1893 4615 ipso
1938 4543 2256 4600 :onsidebit.

1852 4637 2067 4701 Beatus,
2115 4636 2272 4706 cujus
2318 4651 2348 4690 a
2396 4635 2576 4707 lingua
2621 4636 2704 4691 lex
2737 4650 2842 4690 non
2881 4635 3084 4698 deﬁcit,
3113 4634 3183 4691 ab
3219 4636 3340 4708 ejus

1777 4729 1924 4785 enim
1956 4730 2302 4784 tabernaculo
2327 4728 2466 4783 Deus
2494 4744 2605 4782 non
2631 4736 2933 4797 separatur.

1850 4815 2062 4882 Beatus,
2099 4816 2190 4887 qui
2235 4817 2421 4871 multis
2451 4789 2749 4871 beneficum
2782 4831 2841 4870 se
2871 4824 3106 4885 przrstat,
3141 4789 3339 4871 multos

1780 4906 1977 4975 quippe
2004 4903 2209 4958 invenit
2232 4904 2541 4969 advocatos,
2571 4903 2699 4957 dum
2728 4903 3024 4973 judicatur.

1851 4993 2081 5061 Beatus,
2132 4995 2225 5065 qui
2285 5011 2390 5049 non
2453 4996 2753 5067 corrumpit
2800 4996 3090 5061 virtutem,
3136 4996 3340 5068 judicis

1782 5087 1923 5142 enim
1957 5088 2313 5144 ventilabrum
2344 5105 2452 5143 non
2483 5090 2742 5144 illuditur.

1856 5177 2074 5245 Beatus,
2101 5181 2196 5252 qui
2225 5195 2353 5236 suos
2374 5190 2530 5236 actus
2555 5181 2803 5247 adornat,
2841 5181 3169 5237 accendetur
3197 5182 3340 5235 enini

1779 5272 1945 5343 ignis,
1965 5287 2076 5343 quo
2104 5272 2400 5343 probantur
2430 5273 2632 5328 omnia.

1854 5448 2053 5505 Beatus
2082 5450 2174 5521 qui
2221 5450 2440 5506 festinat
2483 5451 2549 5506 ad
2580 5452 2743 5507 vitam
2784 5450 3060 5514 futuram,
3100 5450 3341 5505 redolent

132 5578 250 5617 σαν·
283 5562 350 5616 τὰ
376 5562 616 5633 παρόντα
646 5562 753 5631 γὰρ
774 5559 885 5624 ὄζει
921 5557 1144 5629 φθορᾶς,
1175 5556 1268 5611 καὶ
1298 5555 1431 5625 πρὸς
1458 5554 1671 5612 θάνατοι

1824 5556 1990 5614 utppe
2036 5543 2319 5611 praesentia
2372 5544 2805 5615 corruptionem,
2877 5551 2931 5598 et
2988 5541 3059 5596 ad
3117 5552 3342 5596 mortem

132 5655 296 5710 ἕλκει.

1786 5641 2030 5695 trahunt.
