3804 6052
563 159 572 190 1

471 265 614 338 Ἰκθ

1966 269 2025 328 S.
2072 269 2234 331 NILI

3598 271 3730 335 12Γὴ

547 387 762 447 Beatus,
802 382 898 454 qui
946 382 1090 438 maia
1119 381 1366 452 dissipat,
1410 394 1532 450 qum
1568 379 1918 450 congregavit
1948 394 2040 449 pu-

2219 379 2545 450 Μαρκάριος
2567 379 2595 430 ὁ
2619 375 2688 432 τά
2718 377 2899 448 φαῦλα
2925 378 3237 452 σκορπίζων
3272 380 3308 436 ά
3336 381 3613 452 συνήγαγι
3641 402 3729 438 κι-

472 500 569 539 rus
599 477 772 551 judici
804 491 940 548 puro
959 485 1166 531 astans.

544 569 851 644 Capitulum
878 584 1041 640 super
1064 567 1324 638 praefatis.
1353 566 1570 630 Anima,
1592 580 1658 620 ne
1686 562 1917 634 neglige,
1947 561 2046 617 de-

2155 470 2321 540 θαρὸς
2347 470 2580 542 καθαρῷ
2609 470 2688 540 τῷ
2721 475 2880 542 κριτῇ
2911 472 3342 545 παριστάμενος.

2225 562 2538 632 Κεφάλαιον
2572 563 2628 616 δὲ
2662 565 2754 617 ἐπὶ
2772 567 2886 628 τοῖς
2917 565 3250 638 εἰρημένοις,
3282 566 3452 638 Ψυχὴ
3602 569 3728 639 ἀμέ-

475 663 570 718 bes
604 661 751 716 enim
781 659 1044 714 trutinam
1079 657 1243 727 paulo
1287 664 1409 726 post
1447 655 1634 710 subire
1670 653 1928 708 terribilis
1953 653 2040 722 ju-

2156 655 2253 709 λεια
2286 653 2500 726 μέλλεις
2528 656 2638 726 γὰρ
2665 656 2758 709 τὸν
2787 656 2950 726 ζυγὸν
2991 657 3131 728 μετὰ
3166 660 3365 730 μικρὸν
3399 659 3726 730 ὑπέρχεσθαι

467 755 602 812 ’ἀίοῘί
655 751 858 810 Christi
911 751 1004 806 Dei
1059 759 1249 814 nostri,
1296 749 1423 818 quia
1469 746 1692 801 minime
1732 744 1898 813 nosti,
1948 761 2040 800 nec

2156 749 2245 802 τοῦ
2278 747 2510 819 φοϐεροῦ
2542 749 2828 820 κριτηρίου
2865 749 3101 819 Χριστοῦ
3143 751 3241 804 τοῦ
3279 751 3419 806 Θεοῦ
3449 753 3626 824 ἡμῶν·
3656 753 3729 815 ὡς

476 846 694 920 quando
725 859 873 900 more
903 841 1071 897 venit.

2152 845 2252 897 οὐκ
2280 838 2427 904 οἶδας
2451 841 2560 912 γὰρ
2589 843 2618 894 ὁ
2652 841 2880 906 θάνατος
2909 841 3154 914 ἔρχεται.

1185 1157 1412 1242 ΤΟΥ
1473 1154 1851 1242 ΑΥΤΟΥ
1932 1151 2512 1242 ΜΑΚΑΡΙΟΥ
2581 1151 3000 1239 ΝΕΙΛΟΥ

475 1369 662 1437 Λόγος
685 1369 784 1423 ειρ
813 1369 878 1422 τὸ
901 1368 1096 1436 ῥητὸν
1122 1368 1228 1422 τοῦ
1265 1368 1639 1437 Εὐαγγελίου
1658 1365 1738 1438 τὸ
1776 1364 2039 1438 φάσκον,
2076 1384 2096 1418 ι
2132 1365 2261 1420 Νῦν
2299 1368 2332 1421 ό
2350 1367 2508 1438 ἔχων
2527 1366 2885 1438 βαλάντιον,
2909 1367 3105 1434 ἀράτω
3125 1370 3340 1436 ὁμοίως
3383 1371 3486 1423 καὶ
3513 1369 3723 1438 πήραν,

711 1467 716 1472 -
892 1435 989 1493 καὶ
1017 1443 1052 1495 ὁ
1087 1439 1174 1510 μὴ
1209 1439 1367 1508 ἔχων
1402 1435 1752 1492 πωλησάτω
1797 1438 1863 1490 τὸ
1921 1436 2153 1508 Ιμάτιον
2195 1437 2404 1500 αὐτοῦ,
2449 1437 2547 1491 καὶ
2600 1437 2951 1506 ἀγορασάτω
2981 1435 3304 1508 μάχαὶραν.

1395 1783 1933 1874 EJUSDEM
2026 1779 2374 1869 BEATI
2491 1781 2612 1868 Ni
2638 1781 2746 1867 LI

470 2013 656 2072 ἃν·Μο
685 2016 744 2070 in
778 2013 998 2082 elatum
1051 2007 1186 2064 illud
1231 2001 1688 2082 Evaugeliitqu‘od
1720 2000 1886 2082 dicit_;
1915 2016 1943 2082 Δι
1982 1995 2164 2082 Nunc,
2192 1991 2817 2082 ᾳιιίψίιαίιςιῖεοεριιίιιηι,
2851 1995 3025 2059 tollat,
3057 1996 3327 2062 similiter,
3357 2006 3412 2052 et
3433 2011 3640 2066 peram,
3671 2003 3718 2049 et

1279 2065 1709 2147 quivnon'h'abet,
1740 2070 1928 2126 vendat
1964 2066 2187 2138 pallium
2206 2065 2389 2133 suum,
2410 2074 2459 2120 et
2490 2075 2626 2120 emat
2645 2065 2922 2136 gladium.

1099 2347 1328 2406 CAPUT
1363 2347 1402 2402 Ι.

536 2488 882 2561 Propositum
919 2483 1139 2540 effatum
1180 2480 1476 2550 secundum
1515 2478 1796 2534 historiam
1830 2476 2050 2548 quidem

467 2577 697 2641 multam
749 2581 948 2636 habere
977 2577 1189 2633 videtur
1247 2573 1708 2633 contrarietatem,
1767 2583 1821 2625 et
1848 2578 2052 2640 pugnat

466 2675 826 2751 565-576
866 2688 988 2730 cum
1035 2668 1260 2740 reliquis
1299 2665 1514 2721 Domini
1545 2662 2048 2726 adhortationibus;

468 2750 526 2822 at
548 2769 702 2837 juxta
722 2761 1114 2819 sublimitatem
1138 2756 1514 2814 reconditioris
1537 2768 1753 2832 sensus,
1789 2762 1905 2807 tum
1934 2750 2053 2806 edi-

469 2853 740 2930 scentium
768 2850 823 2904 in
853 2849 1034 2903 medio
1059 2847 1262 2918 profert
1289 2847 1604 2922 utilitatem,
1633 2854 1745 2898 tum
1774 2840 2052 2897 edoceutis

467 2933 706 2999 studium
763 2941 967 2995 indicat
1023 2948 1380 3003 accuratum;
1439 2935 1719 3006 quomodo
1791 2933 2049 2988 nimirum

465 3028 792 3107 (praeceptor
821 3031 913 3086 ille
943 3029 1183 3099 divinus)
1221 3043 1503 3084 sermones
1530 3026 1864 3082 hortatorios
1891 3025 2052 3081 stati-

465 3127 570 3194 bus
599 3124 1044 3200 accommodatos
1071 3122 1321 3190 instituat
1340 3136 1438 3192 pro
1462 3120 1714 3182 aetatibus
1745 3119 2048 3176 secundum

465 3203 708 3273 animam
747 3214 1133 3276 consideratis,
1171 3213 1300 3268 dum
1338 3211 1760 3282 progrediuntur
1816 3207 1887 3265 ad
1927 3225 2051 3279 per-

466 3309 760 3377 fectionem
826 3305 980 3378 juxta
1053 3302 1372 3376 incrementi
1440 3301 1870 3372 proportionem.
1930 3299 2052 3367 Quo

465 3399 614 3456 enim
662 3406 822 3468 pacto
868 3408 1016 3450 nunc
1055 3392 1212 3463 jubet
1249 3391 1335 3456 iis,
1373 3400 1432 3446 ut
1462 3397 1746 3445 assumant
1791 3388 2050 3460 gladium,

467 3507 610 3564 quos
635 3491 750 3562 jam
773 3489 1082 3544 instituerat
1105 3485 1346 3556 praebere
1374 3482 1652 3538 maxillam
1683 3480 2052 3552 indigentibus

463 3583 714 3654 alapam?
764 3590 818 3637 et
867 3579 1142 3651 quomodo
1185 3585 1256 3640 ut~
1297 3567 1683 3631 vestimentum
1757 3573 2056 3644 divendant

463 3669 762 3745 emantque
803 3674 1041 3746 gladium
1072 3672 1138 3726 iis
1163 3669 1338 3740 jubet,
1368 3668 1463 3738 qui
1492 3667 1792 3724 secundum
1826 3665 1895 3720 ab
1928 3665 2050 3735 ipso
2077 3706 2119 3765 ο

465 3768 708 3824 habitam
751 3766 1097 3822 traditionem
1159 3779 1269 3819 non
1321 3761 1557 3816 habendi
1612 3761 1750 3815 duas
1808 3759 2060 3836 tunicas,

464 3875 637 3916 unum
681 3868 894 3916 tantum
934 3857 1308 3929 possidebant,
1349 3854 1494 3926 quod
1534 3852 1851 3926 gestabant,
1885 3852 2052 3908 vesti-

462 3949 746 4008 mentum?
785 3947 902 4003 Nisi
954 3945 1132 4002 nudos
1184 3945 1481 4000 circumire
1527 3943 1688 3998 vellet
1745 3941 2046 4012 apostolos,

463 4044 558 4100 sed
592 4058 660 4099 ex
693 4040 948 4099 confesso
976 4039 1121 4096 istud
1165 4037 1516 4092 inhonestum
1548 4045 1685 4099 erat,
1732 4049 1911 4106 neque
1939 4031 2049 4090 Do-

461 4137 600 4194 mini
653 4133 935 4191 traditioni
987 4145 1321 4188 consonum:
1387 4143 1488 4184 nec
1533 4129 1681 4184 enim
1729 4127 1825 4198 qui
1856 4142 2046 4182 curam

460 4229 628 4302 gessit
655 4229 902 4298 ipsorum
935 4223 1234 4288 libertatis,
1280 4221 1460 4293 quoad
1510 4221 1774 4286 animam,
1823 4234 2048 4275 conser-

458 4321 640 4378 vando
670 4319 804 4391 ipsis
830 4316 1234 4374 immunitatem
1261 4329 1291 4370 a
1325 4314 1496 4381 curis,
1535 4328 1602 4368 ex
1637 4328 1702 4368 eo
1738 4310 1885 4383 quod
1912 4310 2047 4366 nihil

459 4415 824 4488 possiderent,
862 4410 1042 4483 potuit
1087 4424 1332 4481 unquam
1373 4407 1646 4478 negligere
1678 4405 2043 4471 conveniens,

458 4509 671 4564 nudum
728 4519 932 4576 corpus
977 4503 1332 4559 circumferre
1378 4501 1666 4556 mandans.
1711 4498 1866 4554 Sicut
1897 4497 2042 4555 enim

457 4601 700 4673 alienum
740 4607 827 4656 est
871 4613 903 4653 a
933 4596 1215 4669 sapientia:
1264 4595 1449 4651 studio
1493 4594 1637 4650 ultra
1687 4591 2043 4663 indigentiam

458 4689 737 4763 progredi,
759 4697 814 4744 et
833 4687 1073 4763 animam
1095 4687 1387 4760 super-(luis
1431 4685 1796 4754 iuanibusque
1819 4683 2056 4754 induere

460 4760 944 4848 sollicitudinibus,
991 4782 1066 4837 ita
1113 4780 1400 4852 repudiare
1443 4779 1815 4835 necessarium
1851 4792 2047 4848 corpo-

459 4876 540 4931 ris
575 4876 966 4941 ministerium,
1000 4876 1192 4930 insana
1223 4889 1312 4929 res
1345 4883 1430 4928 est
1465 4881 1520 4928 et
1563 4886 1593 4926 a
1634 4880 1776 4926 statu
1836 4880 2044 4942 tempe-

458 4969 650 5024 rantiae
687 4977 970 5035 extranea;
999 4974 1215 5038 oportet
1257 4966 1440 5035 itaque
1476 4965 1722 5034 utrisque
1760 4966 2042 5035 praeceptis

2658 2403 2660 2406 ,
2721 2340 3000 2428 ΒΗΜΛ.
3033 2339 3116 2408 A'.

2223 2480 2297 2534 Τὸ
2344 2480 2704 2551 προκείμενον
2740 2479 2924 2550 ῥητὸν,
2972 2478 3114 2532 κατὰ
3165 2478 3264 2550 μὲν
3309 2477 3414 2550 τὴν
3465 2479 3725 2549 ἱστορίαν,

2154 2573 2354 2644 πολλὴν
2398 2573 2545 2644 ἔχειν
2596 2573 2744 2626 δοκεῖ
2776 2572 2876 2642 τὴν
2925 2571 3299 2641 ἐναντιότητα,
3352 2571 3448 2624 καὶ
3501 2572 3727 2642 μάχεται

2152 2667 2273 2729 ταῖς
2301 2666 2518 2732 λοιπαῖς
2547 2663 2642 2718 τοῦ
2673 2664 2880 2736 Κυρίου
2919 2663 3328 2733 παραινέσεοιν·
3349 2663 3497 2716 κατὰ
3545 2661 3606 2716 δὲ
3639 2662 3729 2730 τὴν

2152 2755 2479 2828 ἀναγωγὴν,
2536 2757 2631 2810 καὶ
2679 2755 2738 2810 τὸ
2784 2755 2893 2809 τῶν
2943 2755 3342 2826 διδασκομένων
3398 2756 3730 2826 παρίστησιν

2152 2851 2448 2930 ὠφέλιμον,
2481 2851 2575 2905 καὶ
2598 2851 2661 2904 τὸ
2683 2850 2778 2905 τοῦ
2811 2849 3156 2913 διδάσκοντος
3183 2849 3572 2922 κηδεμονικὸν,
3591 2851 3730 2912 ὅπως

2150 2946 2272 3007 ταῖς
2301 2943 2442 2998 κατὰ
2469 2944 2647 3016 ψυχὴν
2673 2944 2908 3017 ἡλικίαις
2944 2946 3004 2997 ἐν
3035 2943 3112 3014 τῷ
3147 2943 3482 3014 προκόπτειν
3518 2943 3615 2997 ἐπὶ
3641 2943 3733 3014 τὴν

2150 3035 2485 3106 τελειότητα.
2529 3036 2672 3091 κατὰ
2707 3037 2808 3108 τὴν
2832 3039 2932 3108 τῆς
2961 3037 3246 3108 αὐξήσεως
3269 3037 3595 3107 ἀναλογίαν,
3639 3039 3732 3110 ἁρ-

2155 3126 2421 3198 μοζούσας
2439 3130 2558 3192 ταῖς
2583 3127 2947 3184 καταστάσεσι
2970 3131 3206 3183 ποιεῖται
3229 3128 3329 3192 τὰς
3355 3129 3731 3201 παραινέσεις.

2153 3219 2276 3282 Πῶς
2321 3221 2431 3292 γάρ
2478 3219 2575 3274 νῦν
2611 3219 2888 3292 μάχαιραν
2937 3213 3124 3274 λαϐεῖν
3166 3221 3402 3289 κελεύει,
3448 3223 3586 3286 τοὺς
3636 3223 3730 3295 ἤδη

2151 3313 2542 3382 παιδευθέντας
2587 3313 2951 3384 παρατιθέναι
2996 3313 3098 3384 τὴν
3131 3313 3358 3384 σιαγόνα
3405 3317 3526 3381 τοῖς
3575 3317 3734 3386 ῥαπί-

2151 3403 2370 3472 ζουσιν;
2429 3404 2548 3468 πῶς
2589 3403 2647 3458 δὲ
2677 3406 2772 3458 καὶ
2800 3405 3000 3459 πωλεῖν
3029 3405 3091 3458 τὸ
3131 3407 3366 3477 ἱμάτιον,
3398 3409 3497 3462 καὶ
3528 3410 3731 3482 ἀγορά·
3773 3427 3781 3442 ·

2151 3499 2264 3565 ζειν
2293 3499 2593 3570 μάχαιραν,
2628 3501 2742 3562 τοῖς
2781 3498 2870 3553 διὰ
2915 3500 2977 3554 τὸ
3017 3501 3412 3572 παρειληφέναι
3462 3503 3541 3574 μὴ
3593 3504 3732 3574 ἔχειν

2151 3589 2246 3642 δύο
2285 3589 2540 3660 χιτῶνας,
2585 3589 2747 3660 μόνον
2774 3589 3182 3661 κεκτημένοιςδ
3209 3591 3442 3664 ἐφόρουν
3477 3594 3732 3662 ίμάτιονς

2152 3681 2202 3732 εί
2235 3680 2436 3752 μήτιγε
2469 3680 2715 3751 γυμνοὺς
2745 3679 3017 3752 περιιέναι
3043 3679 3295 3735 ἐϐούλετο
3335 3682 3730 3746 τοῦςάποστό-

2149 3769 2293 3835 λους,
2327 3770 2442 3824 ἀλλ’
2484 3771 2932 3842 ὁμολογουμένως
2960 3775 3197 3846 ἄσεμνον
3228 3773 3390 3828 τοῦτό
3414 3791 3502 3844 γε,
3545 3777 3644 3830 καὶ
3671 3778 3728 3831 οὐ

2147 3863 2290 3918 κατὰ
2317 3863 2418 3934 τὴν
2447 3862 2540 3916 τοῦ
2571 3864 2777 3937 Κυρίου
2818 3865 3119 3938 παράδοσιν
3141 3882 3157 3898 ο
3188 3867 3250 3920 οὐ
3284 3867 3393 3939 γὰρ
3418 3867 3487 3921 ἂν
3519 3869 3552 3922 ὁ
3576 3885 3732 3939 φρον-

2146 3955 2305 4020 τίσας
2335 3954 2438 4025 τῆς
2471 3955 2612 4008 κατὰ
2638 3955 2738 4026 τὴν
2761 3957 2939 4029 ψυχὴν
2969 3956 3147 4012 αὐτῶν
3175 3958 3491 4029 ἐλευθερίας
3537 3961 3607 4014 ὲκ
3635 3959 3729 4014 τοῦ

2151 4046 2316 4118 μηδὲν
2359 4047 2664 4118 κεκτῆσθαι
2705 4050 3006 4120 περιποιῶν
3055 4049 3241 4114 αὐτοῖς
3286 4050 3348 4103 τὺ
3396 4049 3729 4122 ἀμέριμνον,

2147 4134 2312 4189 πάλιν
2343 4134 2437 4189 τοῦ
2487 4136 2788 4206 πρέποντος
2837 4138 3102 4210 ἠμέλησε,
3143 4139 3348 4212 γυμνὸν
3403 4142 3730 4215 περιφέρειν

2147 4225 2386 4280 κελεύων
2412 4226 2476 4280 τδ
2506 4227 2684 4298 σῶμα.
2734 4228 2822 4293 Ὦς
2847 4229 2956 4302 γὰρ
3005 4231 3067 4284 τὸ
3097 4233 3407 4306 περαιτέρω
3442 4234 3730 4305 προελθεῖν

2145 4319 2245 4391 τῆς
2271 4319 2480 4393 χρείας,
2530 4322 2625 4374 καὶ
2670 4320 2770 4392 τὴν
2817 4321 2995 4394 ψυχὴν
3043 4322 3262 4392 ἐνδῆσαι
3294 4330 3584 4398 περιτταῖς
3636 4328 3730 4382 καὶ

2149 4412 2406 4482 ματαίαις
2435 4413 2716 4485 φροντίσιν
2759 4413 3106 4484 ἀφιλόσοφον,
3143 4415 3319 4481 οὕτως
3350 4417 3412 4471 τὸ
3451 4425 3728 4491 παραιτή-

2149 4505 2349 4560 σασθαι
2391 4505 2756 4577 λειτουργίαν,
2792 4506 3080 4578 μανιῶδες,
3128 4510 3222 4562 καὶ
3248 4513 3610 4584 σωφροσύνης
3639 4513 3728 4566 ἀλ-

2143 4595 2356 4668 λότριον
2406 4596 2794 4662 καταστάσεως
2821 4612 2834 4626 ⁸
2885 4597 2968 4651 δεῖ
2996 4597 3175 4653 τοίνυν
3208 4597 3438 4673 ζητῆσαι
3486 4603 3727 4674 ἀμφοτέ-

2146 4705 2260 4759 ροις
2311 4686 2731 4758 ἐφαρμόζουσαν
2778 4691 2892 4753 τοῖς
2954 4691 3336 4767 προστάγμασι
3389 4691 3580 4760 λύσιν,
3638 4697 3727 4752 καὶ

2141 4779 2311 4844 δεῖξαι
2342 4780 2404 4833 τὸ
2431 4781 2489 4848 ἐξ
2516 4782 2793 4854 ἑκατέρων
2821 4781 3066 4852 εὔλογον,
3095 4786 3178 4839 ὅτι
3201 4787 3588 4858 εἰσαγομένοις
3628 4792 3725 4862 μὲν

2143 4874 2381 4945 ἔπρεπεν
2413 4875 2447 4945 ὴ
2483 4875 2676 4946 πρώτη
2708 4875 2920 4948 ἐντολὴ,
2957 4877 3286 4942 τελειωθεῖσι
3311 4880 3376 4953 δὴ
3404 4884 3437 4953 ἡ
3471 4883 3719 4955 δευτέρα.

2143 4965 2206 5022 Εἰ
2234 4967 2343 5038 γὰρ
2367 4967 2460 5020 καὶ
2483 4967 2720 5040 ἄσεμνον
2763 4969 2904 5023 κατὰ
2937 4971 3038 5041 τὴν
3066 4971 3212 5039 λέξιν
3242 4973 3303 5027 τὸ
3329 4977 3718 5048 γεγυμνῶσθαι

457 5064 772 5134 adaptatam
829 5061 1104 5132 inquirere
1160 5059 1510 5124 solutionem,
1557 5067 1612 5113 et
1663 5059 2040 5114 demonstrare

2156 5049 2285 5114 ιιατὰ
2316 5061 2376 5114 τὸ
2405 5061 2584 5130 σῶμα,
2617 5062 2754 5116 ἀλλὰ
2793 5063 2926 5130 γοῦν
2954 5065 3094 5118 κατὰ
3129 5068 3229 5137 τὴν
3255 5067 3513 5140 θεωρίαν,
3538 5072 3600 5124 οὑ
3632 5073 3717 5144 μό-

456 5155 800 5220 rationaliile,
845 5163 898 5210 et
925 5152 1275 5217 conveniens,
1323 5152 1468 5222 quod
1511 5167 1578 5206 ex
1621 5152 1869 5221 utrisque
1911 5167 2040 5222 pro-

456 5247 632 5314 cedit;
665 5249 790 5318 quia
841 5247 1096 5301 nimirum
1146 5253 1396 5300 recenter
1447 5245 1788 5300 introductos
1813 5245 2042 5300 decebat
2066 5307 2099 5329 κ

452 5337 692 5407 primum
753 5335 913 5406 577
962 5336 1302 5400 mandatum,
1353 5336 1620 5405 perfectos
1655 5351 1800 5401 vero,
1841 5352 2037 5391 secun-

456 5430 608 5484 dum.
656 5427 868 5488 Etenim
902 5427 1006 5484 etsi
1054 5427 1404 5490 inhonestum
1465 5428 1738 5498 sit,juxta
1803 5429 2033 5485 litteram

454 5518 754 5582 verbalem,
773 5518 1109 5578 denudatum
1139 5534 1340 5589 corpus
1361 5519 1739 5588 circumferre;
1772 5529 2040 5588 attamen,

457 5610 810 5679 speculative,
855 5627 962 5664 non
995 5612 1174 5664 solum
1221 5611 1274 5666 id
1315 5611 1518 5681 optime
1549 5611 1725 5678 decet,
1757 5611 1852 5668 sed
1874 5613 2036 5668 etiam

458 5700 684 5768 perutile
708 5709 810 5756 est.
846 5699 996 5757 Licet
1017 5701 1218 5774 itaque,
1265 5704 1432 5773 quod,
1465 5704 1554 5774 qui
1588 5703 1828 5761 defendit
1860 5705 2034 5760 histo-

2144 5171 2234 5207 νον
2280 5155 2575 5227 εὐπρεπὲς,
2609 5157 2748 5212 ἀλλὰ
2793 5161 2888 5214 καὶ
2929 5163 3200 5233 χρήσιμον
3230 5163 3372 5218 λίαν.
3412 5165 3572 5220 Ἔστι
3625 5167 3717 5237 μὲν

2144 5243 2236 5301 οὖν
2265 5250 2330 5320 τῇ
2359 5248 2582 5320 ίίστορίᾳ
2625 5252 3030 5325 συνηγοροῦντα
3076 5255 3582 5326 παραμυθήσασθαι
3623 5263 3715 5328 τὴν

2152 5339 2237 5400 ,οῦ
2273 5339 2438 5412 ῥητοῦ
2484 5340 2825 5414 δυσχέρειαν,
2873 5344 3071 5413 οὕτως,
3128 5348 3210 5401 ὃτι
3265 5351 3590 5422 ἀρχομένοις
3622 5353 3713 5423 μὲν

2145 5433 2242 5503 τῆς
2280 5433 2590 5499 θεοσεϐείας
2635 5439 2749 5502 τοῖς
2793 5440 3113 5505 ἀποστόλοις
3153 5443 3182 5495 ὁ
3217 5442 3422 5515 Κύριος
3471 5447 3711 5517 άκτημο-

2146 5525 2313 5597 σύνην
2359 5528 2680 5595 ἐπέτασσεν,
2736 5532 2873 5602 πρὸς
2921 5535 3089 5605 μόνην
3138 5537 3338 5601 αὐτοὺς
3384 5539 3710 5611 άσχολῆσθαι

2144 5619 2241 5688 τὴν
2279 5619 2514 5692 μελέτην
2549 5623 2658 5676 τῶν
2692 5624 2852 5678 θείων
2880 5628 3220 5698 μαθημάτων
3251 5630 3594 5702 βουλόμενος.
3620 5632 3709 5688 καὶ

2143 5713 2300 5776 εἰδὼς
2331 5717 2441 5778 τοῖς
2467 5716 2844 5788 ἀτελεστέροις
2874 5722 3214 5777 ἐπικίνδυνον
3239 5723 3340 5795 τὴν
3361 5725 3472 5778 τῶν
3502 5727 3711 5798 χρημάρ
