3804 6052
50 364 220 431 1265

1559 370 1836 431 SERMO.

3170 365 3305 428 1266

46 492 183 527 των
232 475 441 545 κτῆσιν,
494 475 805 547 προκύψασι,
837 476 915 542 δέ,
961 478 1055 531 καὶ
1081 478 1179 549 τὴν
1212 478 1416 531 τούτων
1460 477 1680 539 λοιπὸν,

1779 480 1907 544 iam,
1956 478 2160 532 talibus
2198 478 2465 532 emulceat
2506 478 2681 532 verbis
2713 477 2855 535 eilati
2905 479 3305 547 diﬂirultatcm;

50 567 176 618 οὐκ
214 568 613 637 ἐπιδεχομένοις
646 567 867 641 βλάϐην,
913 570 1194 642 ἐπιτρέπει
1228 570 1433 635 τούτοις
1478 568 1647 633 ἀδεῶς

54 658 241 726 αὖθις
270 662 585 734 κεχρῆσθαι,
626 666 725 719 οὐκ
752 666 830 719 ἐτι
861 666 1001 721 κατὰ
1029 667 1154 729 τοὺς
1187 666 1412 730 πολλοὺς
1439 666 1517 737 τῷ
1545 670 1647 736 ἁρ-

56 756 259 826 γυρίῳ
295 754 779 828 προσπάσχοντας,
825 759 941 812 οὐδὲ
1002 759 1335 830 νικωμένους
1388 759 1649 829 φιλαργυ-

61 847 211 916 ρίας
240 848 445 921 ἀπάτῃ,
493 851 656 919 φησιν
704 850 835 903 καίο
891 869 910 901 ι
950 851 1116 905 Ὅταν
1164 850 1457 905 ἀπέστειλα
1511 851 1650 920 ὑμᾶς

60 938 258 1021 χωρίς
286 938 568 1009 βαλαντίου
610 942 703 994 καὶ
732 942 933 1012 πήρας,
989 944 1063 1013 μή
1098 959 1241 1006 τινος
1275 942 1648 1013 ύστερήσατε;

61 1027 181 1079 νῦν
209 1028 271 1081 δὲ
298 1028 439 1097 λέγω
466 1030 613 1101 ὑμῖν*
655 1031 714 1084 '0
757 1030 897 1102 ἔχων
928 1030 1229 1099 βαλάντιον,
1275 1029 1509 1095 λαϐέτω,
1558 1028 1653 1083 καλ⁸

64 1120 278 1189 πήραν
325 1122 543 1193 ὁμοίως.
583 1141 603 1174 ι
646 1123 793 1178 Ἔδει
826 1123 935 1194 γὰρ
962 1123 1155 1187 αὐτοὺς
1192 1122 1250 1177 ἐν
1296 1106 1436 1194 ἀρχῇ
1488 1121 1654 1193 μηδὲν

67 1210 553 1283 ἐπιφερομένους,
601 1218 795 1287 πεῖραν
839 1214 1026 1268 λαϐεῖν
1054 1215 1153 1286 τῆς
1192 1213 1285 1268 τοῦ
1335 1214 1654 1268 διδασκάλου

54 1304 393 1374 δυνάμεως,
442 1306 824 1379 σχεδιαξούσης
862 1308 1045 1371 αὐτοῖς
1085 1307 1430 1377 καθεκάστην
1459 1306 1657 1378 ἀμερί-

74 1413 244 1464 μνως
276 1396 374 1466 τὴν
404 1398 595 1468 χρείαν
629 1398 724 1452 τοῦ
773 1398 1039 1470 σώματος.
1092 1401 1166 1455 Οὐ
1201 1400 1360 1471 μόνον
1388 1399 1443 1453 δέ
1476 1399 1655 1464 τοῦτο,

70 1488 227 1542 ἀλλὰ
276 1490 367 1543 καὶ
414 1491 475 1543 τὸ
506 1491 611 1562 πρὸ
662 1492 857 1562 μικροῦ
901 1494 1211 1565 εἰρημένον,
1256 1494 1343 1546 ἵνα
1379 1494 1658 1563 ἐγγυμνα-

74 1580 315 1644 σθέντες
345 1584 413 1651 τῇ
442 1581 811 1655 άκτημοσύνῃ,
840 1583 952 1648 ἐξιν
985 1582 1189 1653 ταύτης
1226 1582 1431 1636 λάϐωσι
1459 1583 1659 1654 δυσμε-

1748 568 1895 641 quod
1942 570 2146 624 scilicet
2194 571 2452 641 apostolis
2503 570 2881 640 incipientibus
2926 573 3141 640 quidem
3198 574 3310 643 pie~

1750 664 1875 717 tatis
1928 663 2217 731 cultusque
2257 661 2425 716 divini
2456 660 2691 715 studium
2743 658 3001 713 Dominus
3029 669 3310 729 pauperta-

1748 763 1856 807 tem
1891 751 2192 816 mandavit,
2236 751 2424 805 volens
2464 762 2535 819 ut
2564 750 2663 804 soli
2709 762 2961 803 vacarent
3005 750 3309 803 divinarum

1749 842 2162 911 disciplinarum
2211 839 2568 903 meditatiOni,
2625 838 2911 909 sciensque
2946 837 3309 908 imperfectiu-

1749 936 1903 990 ribus
1932 934 2292 1003 periculosam
2331 947 2449 987 esse
2492 932 2840 1001 pecuniarum
2887 930 3310 999 possessionem;

1751 1039 1808 1083 at
1840 1027 1953 1099 jam
1983 1041 2328 1098 progressum
2368 1024 2711 1089 facientibus,
2754 1038 3062 1092 noxamque
3091 1038 3154 1075 ex
3207 1022 3314 1077 illis

1752 1120 1819 1176 de
1852 1130 2047 1175 caetero
2081 1119 2282 1173 nullam
2319 1117 2748 1180 admittentibus,
2783 1116 3064 1185 permittit,
3099 1125 3155 1168 ut
3185 1114 3315 1183 ipsis

1754 1214 1979 1269 licenter
2034 1213 2361 1280 impuneque
2415 1208 2609 1263 iterum
2676 1217 2915 1272 utantur,
2966 1215 3151 1277 utpote
3224 1200 3318 1275 qui

1757 1320 1868 1359 non
1897 1302 2130 1373 amplius
2160 1302 2242 1372 (ut
2270 1300 2423 1354 multi
2451 1300 2710 1366 assolent)
2740 1307 2961 1367 argento
2986 1298 3322 1351 adhzeresce-

1756 1397 1887 1452 bant
1935 1410 2057 1449 cum
2102 1392 2376 1463 passione.
2415 1406 2589 1458 neque
2618 1390 2687 1443 ab
2730 1388 2972 1443 avaritiae
3002 1386 3323 1454 deceptione

1758 1485 2148 1548 vincebantur;
2178 1489 2230 1537 et
2268 1482 2376 1535 ait:
2434 1499 2451 1532 ι
2481 1479 2710 1545 Quando
2757 1477 2882 1531 misi
2915 1492 3008 1531 vos
3042 1476 3159 1530 sine
3200 1490 3323 1530 sac-

1757 1576 1902 1638 culo,
1935 1583 1989 1629 et
2019 1589 2166 1642 pera,
2203 1570 2447 1641 nunquid
2493 1568 2696 1638 aliquid
2737 1567 2907 1622 defuit
2954 1567 3146 1620 vobis?
3176 1580 3325 1618 nunc

72 1671 401 1742 τακίνητον,
430 1673 489 1726 τὸ
510 1674 857 1744 ἀπροσπαθὲς
881 1677 1093 1739 ἑαυτοῖς
1118 1676 1237 1728 κατ’
1261 1675 1437 1743 ὀλίγον
1465 1692 1660 1745 κατορ-

75 1762 387 1829 Θώσαντες,
416 1764 503 1819 διὰ
526 1765 623 1837 τὴν
651 1766 879 1831 πολλοὺς
906 1767 1247 1820 ἀπολέσασαν
1269 1767 1655 1838 φιλαργυρίαν.

77 1855 241 1925 Αὕτη
288 1856 416 1927 γὰρ,
462 1836 698 1911 καὶτὸν
750 1859 953 1912 Ἰούδαν
1000 1861 1080 1922 είς
1123 1859 1183 1912 τὸ
1229 1860 1329 1930 τῆς
1372 1836 1660 1930 προδοσίας

1777 1850 1842 1904 hil
1900 1846 2368 1907 circumferendo,
2414 1844 2801 1913 experientiam
2848 1839 3029 1895 facere
3087 1836 3327 1907 Magistri

77 1946 365 1999 κατέϐαλε
413 1947 720 2019 βάραθρον,
763 1948 1078 2003 ἐνεθίσαντα
1128 1952 1239 2013 τοῖς
1276 1929 1552 2020 χρήμασιν
1595 1952 1660 2004 ὲκ
1765 1940 2051 2010 potentiae,
2096 1954 2218 2006 quae
2261 1936 2391 2006 ipsis
2436 1948 2775 2004 quacunque
2809 1942 2965 1986 erant
2991 1930 3234 1999 quotidie
3263 1929 3332 1983 ad

78 2036 182 2088 τοῦ
220 2039 575 2093 πεπιστεῦθαι
600 2040 662 2093 τὸ
690 2040 791 2110 τῆς
820 2040 1089 2104 διακονίας
1115 2043 1222 2095 τῶν
1251 2044 1456 2096 πιστῶν
1482 2043 1659 2113 γλωσ-

1777 2038 2011 2107 corporis
2040 2031 2389 2101 indigentiam
2418 2026 2723 2084 necessaria
2741 2067 2758 2093 ,
2789 2022 3236 2080 subministrabat
3264 2036 3331 2074 ex

80 2128 350 2198 θάκομον·
1496 2111 1503 2113 ⁷
1766 2141 2028 2199 tempore.
2058 2124 2258 2179 Verum
2285 2137 2392 2175 non
2417 2119 2594 2175 soluat
2630 2118 2753 2183 hoc,
2787 2115 2880 2171 sed
2910 2124 2965 2170 et
2999 2113 3144 2184 quod
3177 2111 3336 2182 paulo
3402 2182 3407 2187 Ι

80 2228 221 2272 ante
260 2219 462 2275 dictum
498 2221 620 2285 fuit,
654 2232 712 2277 ut
753 2224 1009 2278 nimirum
1039 2225 1369 2294 paupertatis
1402 2226 1660 2282 exercitio
1694 2223 1928 2299 probati,
1959 2219 2122 2290 hujus
2175 2214 2421 2269 habitum
2460 2217 2858 2280 compararent,
2885 2208 2979 2277 qui
3042 2204 3329 2264 diﬂictzlter

70 2313 295 2367 mutari
352 2322 554 2383 posset,
609 2315 962 2387 sibimeth
1011 2316 1261 2387 paulatim
1312 2318 1656 2388 perﬁcientes
1698 2319 2015 2390 passionum
2044 2309 2366 2373 carentiam,
2402 2316 2622 2377 propter
2677 2304 2987 2363 avaritiam,
3029 2317 3150 2369 qua:
3224 2303 3339 2370 ptu-

1759 1674 1938 1720 autem
1978 1664 2100 1718 dico
2141 1661 2316 1724 vobis,
2349 1659 2443 1729 qui
2489 1658 2651 1712 habet
2697 1656 2974 1711 sacculum
3013 1655 3243 1723 accipiat
3272 1662 3328 1708 et

1763 1773 1945 1830 peram
1976 1756 2229 1812 similiter
2245 1754 2312 1808 ⁵⁵.
2335 1772 2351 1803 ι
2370 1750 2877 1821 Oportebatquippe
2893 1749 3039 1817 ipsos
3064 1748 3218 1801 initio
3241 1747 3328 1800 ni-

86 2406 270 2459 l‘imos
350 2406 615 2475 perdidit;
681 2407 795 2476 ipsa
822 2423 1054 2477 namque
1092 2417 1145 2463 et
1176 2406 1371 2462 Iudam
1420 2410 1475 2464 in
1522 2406 2090 2481 foveam-proditionis
2125 2403 2232 2473 egit
2280 2398 2630 2471 praecipitem,
2667 2396 2912 2475 pecuniis
2935 2396 3328 2457 assuefactum,

70 2511 155 2551 ex
181 2511 252 2551 eo
279 2497 423 2567 quod
452 2496 554 2565 ipsi
581 2499 917 2567 marsupium
943 2498 1229 2553 ministerii
1259 2500 1498 2555 fidelium
1526 2501 1719 2558 fuisset
1744 2496 2139 2558 concreditum.

701 2635 949 2687 ΚΕΦΑΛ.
978 2635 1052 2688 B'.

163 2774 283 2828 οὐκ
302 2766 419 2826 οἶδα
446 2772 504 2825 δὲ
524 2771 731 2836 λοιπὸν,
764 2771 894 2843 περὶ
918 2771 1034 2834 τοῦ,
1072 2793 1088 2823 ι
1129 2774 1188 2825 'U
1220 2772 1358 2843 ἔχων
1386 2773 1660 2844 μάχαιραν

76 2864 333 2924 λαϐέτω.
363 2864 458 2916 καὶ
483 2865 511 2917 ὁ
542 2864 616 2934 μὴ
641 2861 782 2933 ἔχων
813 2862 1124 2934 πωλησάτω
1165 2864 1229 2917 τὸ
1297 2864 1508 2934 ἱμάτιον
1564 2864 1662 2918 αύ-

92 2955 217 3021 τοῦ,
258 2956 352 3008 καὶ
372 2955 695 3025 ἀγορασάτω
724 2956 1020 3027 μάχαιραν,
1071 2975 1089 3007 ι
1123 2955 1238 3019 πῶς
1263 2957 1662 3026 ἀπολογήσεται

89 3050 124 3100 ὁ
148 3048 252 3115 τῆς
308 3024 549 3118 ἱστορίας
591 3024 989 3118 προϊστάμενος
1031 3047 1339 3118 εἰρηνικοὺς
1380 3024 1520 3100 εἶναι
1569 3046 1661 3099 τοῦ

1777 3036 2097 3091 defensivatn
2178 3028 2585 3099 responsionem
2676 3024 2864 3089 dabit,

98 3138 336 3209 Κυρίου,
396 3138 494 3191 καὶ
539 3140 802 3200 ἐπιεικεῖς
850 3138 1124 3207 πανταχοῦ
1176 3137 1499 3208 βουλομένου
1532 3138 1659 3197 τοὺς

100 3229 382 3301 μαθητάς.
408 3230 542 3299 Φέρε
572 3229 636 3300 δὴ
658 3226 751 3283 οὖν
773 3229 991 3299 ἴδωμεν,
1027 3229 1143 3291 πῶς
1183 3228 1243 3282 τὸ
1279 3228 1410 3282 αὐτὸ
1435 3229 1667 3299 πρόστα-

94 3336 241 3388 γμα.
278 3317 608 3387 σωματικῶς
642 3318 761 3388 μὲν,
791 3318 1048 3387 καὶπρὸς
1088 3317 1235 3384 λέξιν
1289 3318 1439 3370 ἐστὶν
1468 3316 1667 3370 ἀδύνα-

20 3448 25 3453 -
96 3426 215 3478 τον,
244 3409 631 3481 πνευματικῶς
678 3409 736 3462 δὲ
782 3411 880 3463 καὶ
924 3409 1172 3475 δυνατὸν,
1228 3410 1323 3464 καὶ
1371 3408 1666 3478 ὠφέλιμον.

111 3504 317 3572 Ἐγγὺς
345 3502 436 3559 τοῦ
463 3503 668 3566 πάθους
697 3501 985 3572 γενόμενος
1012 3504 1040 3554 ὁ
1071 3501 1294 3572 Κύριος,
1328 3501 1422 3555 καὶ
1464 3499 1672 3570 μέλλων

97 3596 183 3667 τῷ
223 3595 444 3667 σταυρῷ
474 3594 897 3666 προσέρχεσθαι,
943 3594 1201 3665 ἐπιϐουλῇ
1243 3594 1340 3664 μὲν
1377 3591 1485 3645 τῶν
1538 3592 1673 3644 Ἰου-

96 3687 295 3749 δαίων.
319 3685 514 3759 γνώμῃ
534 3687 591 3741 δὲ
609 3686 783 3757 οἰκείᾳ
799 3685 886 3740 διά
911 3685 1008 3756 τὴν
1038 3686 1308 3755 σωτήριον
1337 3682 1673 3753 οἰκονομίαν,

100 3778 283 3835 ταῦτά
342 3795 529 3850 φησιν,
577 3774 1014 3849 παρασκευάζων
1093 3776 1230 3847 πρὸς
1308 3774 1485 3845 μάχην
1543 3773 1673 3835 τοὺς

102 3868 387 3942 μαθητάς,
441 3867 552 3922 τῶν
609 3867 1237 3940 ἀντιπαρατασσομένων
1282 3868 1350 3937 τῇ
1408 3862 1674 3933 ἀληθείᾳ,

108 3964 296 4032 μάχην
360 3962 463 4015 οὐκ
516 3960 837 4031 ἐρέσχελον,
890 3957 1127 4012 διάθεσιν
1198 3952 1679 4023 στρατηγουμένην

104 4053 290 4125 Θυμῷ,
335 4053 451 4106 ἀλλ’
506 4053 723 4121 ἀγῶνος
792 4050 1029 4122 ἅμιλλαν
1099 4048 1309 4112 ἐνθέου,
1369 4047 1464 4099 καὶ
1520 4042 1681 4113 ζῆλον

106 4146 424 4209 θεοσεϐείας
448 4145 676 4216 ἔχουσαν
700 4142 1116 4213 πεπυρωμένον·
1140 4141 1287 4212 ἐωρα
1310 4139 1419 4211 γὰρ
1441 4138 1542 4209 ήδη
1558 4136 1683 4200 τοὺς

103 4240 355 4302 ἀναιδεῖς
372 4238 540 4301 κύνας
574 4236 862 4299 Ἰουδαίους
881 4235 1208 4297 λυσσῶντας
1241 4231 1383 4286 κατὰ
1411 4231 1513 4300 τῆς
1536 4229 1684 4291 θείας

101 4329 483 4392 διδασκαλίας,
510 4329 607 4381 καὶ
628 4326 921 4381 καταλύειν
962 4323 1291 4387 σπεύδοντας
1322 4322 1384 4375 τὸ
1415 4320 1681 4389 σωτήριον

2380 2620 2608 2676 CAPUT
2669 2616 2737 2675 ll.

1838 2765 2101 2816 Caeterum
2185 2757 2332 2810 circa
2395 2759 2538 2816 hoc,
2577 2768 2597 2801 ι
2670 2747 2774 2815 Qui
2849 2748 3009 2801 habet
3060 2746 3337 2817 gladium.

1769 2863 2032 2919 assumat,
2091 2858 2148 2905 et
2205 2848 2299 2917 qui
2377 2860 2483 2899 non
2548 2842 2730 2906 habet,
2792 2841 2991 2894 vendat
3048 2839 3341 2892 vestimen-

1770 2957 1886 3001 tum
1928 2959 2086 2999 suutu
2109 2979 2125 3005 ,
2158 2950 2212 2994 et
2264 2945 2410 2993 emat
2451 2935 2729 3007 gladium,
2763 2951 2781 2984 ι
2808 2932 2992 2987 nescio
3048 2944 3339 3000 quamnam

2935 3022 3027 3093 qui
3104 3021 3341 3075 litteram

1771 3131 1978 3180 tutatur
2041 3118 2393 3180 historicatu;
2460 3128 2583 3168 cum
2643 3113 2902 3166 Dominus
2944 3110 3110 3174 velit,
3154 3108 3343 3177 pacifi-

1769 3231 1862 3271 cos
1911 3222 1965 3268 et
2016 3210 2279 3281 benignos
2320 3222 2441 3262 esse
2479 3205 2643 3275 578
2681 3203 2977 3271 discipulos
3011 3201 3340 3268 ubicunque.

1772 3309 1886 3377 Age
1909 3305 2072 3375 igitur
2101 3303 2399 3363 videamus,
2422 3298 2565 3367 quod
2592 3301 2917 3365 praeceptum
2948 3293 3054 3346 hoc
3088 3304 3344 3377 corpora-

1773 3370 1995 3465 limr,et
2020 3397 2088 3452 ad
2118 3396 2343 3449 verbum
2378 3394 2450 3447 sit
2482 3387 2838 3459 impossibile,
2868 3370 3344 3455 spiritualitet'au-

1774 3506 1904 3558 tem,
1923 3501 1977 3547 et
2000 3488 2279 3560 possibile,
2300 3495 2356 3541 et
2378 3484 2531 3538 utile.
2559 3480 2821 3535 Dominus
2846 3492 2968 3533 cum
2992 3492 3103 3531 sure
3125 3473 3346 3544 pr0pin-

1775 3598 1915 3653 quus
1932 3587 2079 3636 esset
2096 3573 2361 3648 passioni,
2389 3582 2442 3626 et
2462 3570 2529 3625 ad
2551 3583 2767 3625 crucem
2795 3580 3117 3622 accessurus
3136 3563 3164 3617 ,Ι
3174 3579 3202 3615 ιι
3216 3564 3348 3616 ἑωυ-

1758 3690 1897 3741 rum
1922 3672 2141 3743 quidem
2177 3667 2413 3730 insidiis,
2440 3673 2497 3720 at
2526 3678 2594 3720 ex
2633 3661 2839 3732 proprii
2880 3658 3046 3714 animi
3079 3654 3350 3712 sententia

1778 3773 1999 3837 propter
2043 3759 2270 3816 humani
2317 3756 2530 3828 generis
2572 3753 2810 3809 salutare
2853 3749 3208 3821 mysterium,
3235 3746 3353 3800 haec

1780 3856 1934 3922 dicit,
1984 3866 2294 3925 praeparans
2334 3848 2403 3904 ad
2447 3848 2691 3919 praelium
2753 3842 3048 3912 discipulos
3097 3842 3354 3893 adversus

1781 3964 1875 4003 eos
1934 3945 2029 4016 qui
2078 3954 2267 3999 contra
2326 3939 2607 3995 veritatem
2667 3940 2928 3993 instructa
2984 3931 3355 4010 consistebant

1784 4040 1937 4103 acie;
1983 4036 2228 4106 praelium
2282 4030 2550 4104 (inquam)
2606 4045 2712 4084 nou
2768 4028 3033 4090 rixosum,
3077 4022 3220 4095 quod
3274 4031 3357 4075 est

1785 4132 2008 4185 aﬂ'ectus
2041 4128 2111 4182 ab
2142 4127 2222 4180 ira
2248 4167 2263 4191 ,
2296 4134 2554 4193 tanquam
2588 4121 2759 4186 duce,
2792 4118 3065 4180 directus,
3101 4113 3189 4169 sed
3220 4126 3357 4181 pra:-

1789 4222 1922 4275 lium
1953 4218 2158 4272 habens
2190 4211 2555 4269 contentionis
2581 4210 2777 4265 divinae
2811 4206 3051 4262 studium
3081 4200 3356 4273 quoddam

1790 4314 2093 4366 virtuosan
2163 4308 2448 4375 zelumque
2489 4304 2668 4359 cultus
2722 4301 2888 4355 divini
2932 4296 3113 4353 studio
3150 4292 3361 4348 inﬂam-

107 4424 184 4494 κή
195 4439 402 4494 ρυγμα,
537 4420 673 4491 πρὸς
694 4419 786 4473 τὸν
811 4421 930 4473 κατ’
969 4418 1197 4471 ἐκείνων
1219 4385 1417 4477 αύτοὺς
1459 4385 1680 4484 διαί-ρων

1792 4395 2013 4461 ηιιιιυιιι
2037 4442 2054 4456 .
2088 4403 2304 4459 videbat
2330 4399 2530 4469 quippe
2570 4393 2912 4465 impudentes
2951 4404 3113 4445 canes
3142 4385 3362 4441 Judams

110 4516 329 4585 ἀγῶνα,
360 4516 579 4584 ἀφεῖναι
602 4514 698 4585 μὲν
717 4512 929 4567 κελεύει
947 4511 1046 4583 τὴν
1065 4509 1335 4581 προτέραν
1363 4506 1684 4569 ἐπιείκειαν,

109 4607 317 4676 χωρεῖν
352 4604 409 4657 δὲ
442 4606 583 4676 πρὸς
610 4603 832 4675 ἔλεγχον
882 4604 989 4657 τῶν
1036 4600 1362 4671 ἀνατρέπειν
1414 4596 1688 4668 πειρωμέ-

109 4713 227 4749 νων
253 4696 353 4766 τὴν
381 4696 1045 4767 ἀλήθειανίμαχιμωτέρῳ
1078 4694 1241 4763 λόγῳ.
1262 4693 1435 4761 Χρεία
1458 4692 1555 4761 μὲν
1580 4689 1688 4760 γὰρ

114 4785 199 4857 τῷ
230 4766 542 4857 Χριστιανῷ
579 4766 685 4856 πρξί
707 4803 769 4853 γε
795 4786 1074 4846 ἁπάντων,
1122 4782 1421 4851 ἀναγκαίου
1460 4780 1691 4849 ἐνδύμα-

109 4895 231 4943 τος,
284 4880 388 4948 τῆς
448 4879 834 4949 προσηκούσης
882 4876 960 4946 τῷ
1009 4875 1233 4943 ὀνόματι
1280 4872 1687 4935 καταστάσεως.

115 4970 339 5038 Κοσμεί
362 4968 472 5039 γὰρ
491 4967 789 5038 ἐνδύματος
805 4967 903 5019 οὐκ
925 4964 1144 5017 ἔλαττον
1164 4962 1338 5032 σεμνὴ
1362 4961 1690 5030 καταστολὴ,

115 5062 219 5114 καὶ
243 5056 373 5131 ἦθος
399 5060 638 5123 ἐπιεικὲς
656 5059 745 5112 τὸν
775 5056 1120 5128 Χριστιανὸν,
1141 5054 1298 5125 χρεία
1320 5053 1377 5106 δέ
1406 5053 1502 5106 καὶ
1522 5052 1693 5121 λόγων

117 5152 478 5223 ἀμυντηρίων
526 5153 584 5205 ἐν
621 5149 800 5221 καιρῷ
845 5148 945 5218 τῆς
991 5147 1123 5217 πρὸς
1170 5146 1296 5208 τοὺς
1348 5144 1692 5214 ἐναντιουμέ-

116 5262 252 5309 νους
285 5245 486 5315 μάχης,
527 5245 616 5297 Ἐν
649 5243 747 5314 μὲν
773 5237 865 5295 οὖν
901 5239 978 5311 τῷ
1029 5238 1226 5309 καιρῷ,
1259 5238 1422 5307 φησιν
1446 5278 1462 5303 ,
1506 5230 1551 5304 ᾧ
1594 5237 1699 5289 ἁπ-

119 5336 343 5392 ἑστειλα
372 5338 518 5406 ὑμᾶς
547 5337 605 5388 ἐν
636 5334 713 5404 τῷ
761 5334 976 5406 Ἰσραὴλ
1022 5330 1372 5391 διδασκάλους
1397 5327 1579 5392 καλῶς
1616 5329 1695 5379 εἰ·

123 5429 360 5501 ρηνικὴν
432 5428 811 5482 ἐπεδείκνυσοε
861 5425 1211 5487 κατάστασιν,
1268 5421 1407 5491 πρὸς
1452 5420 1697 5490 ὑπακοὴν

124 5521 255 5585 τοὺς
276 5519 522 5583 ἀπειθεῖς
564 5520 652 5574 διὰ
688 5523 783 5590 τῆς
810 5517 1063 5587 τοιαύτης
1107 5514 1357 5579 ἕλκοντες
1399 5510 1695 5574 πολιτείας,

126 5613 227 5669 καὶ
258 5612 600 5685 ὑπαγόμενοι
628 5613 763 5683 πρὸς
804 5611 863 5663 τὸ
894 5607 1144 5669 εὐπειθὲς
1175 5604 1373 5667 αὐτοὺς
1400 5604 1466 5673 τῇ
1502 5600 1698 5673 ἡμερό⁴

203 5791 253 5826 ⁵³
271 5790 465 5850 ιιιιιιιι.
497 5809 555 5861 x,
584 5791 672 5847 l0.
746 5791 793 5824 ³⁶
824 5788 954 5844 Luc.
986 5804 1118 5857 nu,
1157 5787 1247 5842 55.

1789 4501 1901 4571 jam
1929 4507 2082 4555 actos
2129 4498 2277 4553 rabie
2311 4495 2572 4551 adversus
2614 4490 2849 4544 divinam
2893 4482 3197 4538 doctrinam
3224 4492 3362 4547 pra:-

1795 4593 2119 4659 eoniumque
2170 4589 2409 4642 salutare
2450 4592 2690 4638 evertere
2735 4577 3087 4638 festinantes;
3135 4570 3255 4624 ideo
3295 4566 3361 4620 ad

1797 4680 1929 4735 illud
1955 4692 2141 4734 contra
2182 4694 2276 4733 eos
2312 4685 2589 4731 certamen
2634 4684 2764 4725 suos
2811 4667 3044 4736 erigens,
3090 4662 3365 4717 dimittere

1795 4775 2013 4843 quidem
2038 4774 2194 4842 jubet
2239 4774 2470 4838 primam
2513 4760 3007 4819 mansuetudinem,
3057 4767 3111 4807 et
3150 4751 3365 4821 prodire

1798 4866 1864 4920 ad
1910 4863 2217 4935 arguendos
2259 4876 2373 4921 eos.
2410 4858 2505 4928 qui
2554 4852 2868 4925 pugnaciori
2913 4862 3164 4929 sermone
3201 4859 3365 4898 cona-

1798 4957 1995 5011 bantur
2012 4954 2291 5007 destruere
2318 4948 2619 5002 veritatem.
2640 4941 2848 4995 Btenini
2876 4946 2999 4991 ante
3021 4935 3206 4989 omnia
3227 4946 3366 5002 opus

1800 5054 1883 5099 est
1910 5042 2219 5098 Christiano
2258 5038 2575 5091 indumento
2608 5029 2949 5092 necessario,
2983 5024 3127 5095 quod
3156 5022 3364 5077 nomini

1801 5135 2130 5193 conditionis
2172 5128 2493 5193 conveniat;
2546 5131 2706 5177 ornat
2734 5123 2932 5191 quippe
2970 5118 3365 5176 Christianum,

1805 5246 1913 5283 non
1978 5227 2158 5279 minus
2192 5220 2410 5283 vestitu,
2455 5218 2682 5271 honesta
2732 5215 2785 5267 in
2841 5212 3024 5265 habitu
3080 5207 3366 5266 modestia,

1805 5332 2092 5386 moresque
2144 5311 2388 5367 benevoli
2444 5324 2505 5362 ac
2563 5304 2830 5360 mansueti
2884 5323 2896 5356 :
2946 5302 3038 5355 sed
3093 5310 3146 5352 et
3202 5297 3367 5365 pradii

1805 5421 2046 5479 tempore
2092 5412 2283 5459 contra
2331 5400 2609 5469 oppositos
2653 5392 3068 5466 propttlsatoriis
3101 5386 3370 5444 sermoni-

1803 5472 2068 5569 bus-opus
2102 5505 2204 5551 est.
2239 5493 2452 5547 Etenim
2496 5499 2734 5558 tempore
2767 5486 2965 5554 (inquit
2998 5483 3066 5551 ⁵⁸)
3098 5472 3209 5549 quo
3248 5475 3371 5530 misi

1804 5608 1901 5648 vos
1929 5592 1982 5647 in
2012 5587 2178 5645 lsrael
2205 5586 2491 5648 doctores,
2525 5581 2662 5636 bene
2710 5576 2994 5647 paciﬁcum
3022 5571 3371 5653 demonstra-
