3838 6056
556 372 689 442 1267

2039 379 2099 441 3.
2150 381 2313 442 NILI

3632 394 3727 459 1288

549 496 649 553 stis
690 504 917 563 statum,
963 496 1031 553 ad
1072 498 1432 557 obedientiam
1482 499 1857 557 inobedientes
1891 517 1986 572 per
2022 502 2119 557 bu-

2227 521 2351 575 τητι
2397 501 2827 573 (ἀνυσιμώτερος
2867 501 2974 573 γὰρ
3019 499 3121 573 τῆς
3159 500 3270 555 τῶν
3290 501 3459 572 λόγων
3488 504 3726 579 δεινάττῐτις

545 589 852 661 juscemodi
894 590 1159 647 trahendo
1202 593 1535 655 institutum,
1569 592 1825 662 ipsosque
1861 609 2119 648 mansue-

548 681 740 737 tudine
788 679 1108 746 indueentes
1146 683 1213 737 ad
1256 683 1736 755 obtemperandum
1785 681 1948 752 579
1987 682 2120 753 (vita

548 789 789 845 namque
842 782 985 828 recta
1026 772 1092 827 ad
1141 771 1578 843 persuadendum
1624 781 1707 826 est
1749 771 2022 827 efﬁcacior
2068 773 2119 827 vi

549 867 861 930 verborum,
896 866 1128 936 seipsam
1163 865 1345 934 agnito
1384 866 1579 935 cuique
1617 862 1900 934 proferens
1929 878 2122 919 exora-

554 958 754 1013 tionem
820 957 921 1011 fide
980 958 1257 1027 dignam):
1322 958 1414 1013 sed
1462 958 1721 1029 quoniam
1777 966 1901 1027 post
1944 972 2121 1011 meam

554 1049 912 1104 ascensionen
953 1049 1194 1104 veritatis
1230 1050 1413 1104 hostes
1452 1050 1595 1106 hanc
1649 1050 1926 1113 invadent,
1958 1050 2120 1120 quili-

553 1137 662 1202 bet,
702 1139 795 1208 qui
838 1140 1059 1194 moralis
1107 1150 1279 1195 status
1313 1156 1501 1203 curam
1555 1142 1723 1214 gerit,
1775 1149 1935 1196 exeat
1968 1157 1999 1196 e
2028 1142 2119 1196 tali

554 1231 754 1296 studio,
803 1242 857 1286 et
899 1232 965 1285 ad
1017 1240 1286 1287 certamen
1330 1244 1681 1302 praparetur.
1743 1230 1928 1303 Neque
1974 1233 2117 1288 enim

554 1324 850 1379 absurdum
882 1334 984 1389 est,
1013 1336 1233 1403 propter
1259 1326 1528 1398 praeipua
1574 1327 1987 1396 pratermittere
2015 1326 2119 1380 nti-

556 1432 686 1479 pora
714 1418 779 1473 ad
823 1428 1057 1490 tempus,
1098 1429 1151 1473 et
1201 1419 1672 1481 unausuetudinem
1717 1419 2119 1493 transponendo

553 1510 781 1571 evadere
809 1510 1143 1572 bellatorem.

1150 1622 1379 1679 CAPUT
1438 1623 1522 1678 lli.

627 1733 741 1791 Hoc
766 1735 910 1790 enim
940 1735 1191 1792 admonet
1223 1737 1388 1793 etiam
1433 1739 1696 1809 propheta
1725 1738 1947 1793 dicens:
1980 1737 2120 1795 Mitis

2222 595 2361 664 πρὸς
2408 594 2470 647 τὸ
2505 595 2688 647 πεῖσαι
2740 592 2854 663 βίος
2898 591 3087 664 ὀρθὸς,
3127 592 3434 660 ἀξιόπιστον
3486 596 3725 670 δυσώπημα

2221 689 2414 742 ἑαυτὸν
2438 687 2517 758 τῷ
2546 686 2804 758 γνωρίμῳ
2832 685 3196 757 προσφέρων),
3222 687 3406 759 ἐπειδὴ
3436 688 3491 741 δὲ
3523 691 3639 759 μετά
3661 695 3725 765 τὴν

2221 780 2361 851 ὲμὴν
2395 778 2661 849 ἀνάληψιν
2698 778 2749 831 οἱ
2784 777 2968 848 ἐχθροὶ
3016 781 3116 849 τῆς
3144 776 3399 848 ἀληθείας
3438 780 3724 851 ἐπιθήσοντα

2220 872 2416 949 ταύτῃ,
2446 871 2678 934 ἕκαστος
2706 868 2814 924 τῶν
2844 869 3290 941 ἐπιμελουμένων
3314 870 3413 941 τῆς
3456 870 3633 940 ἠθικῆς
3658 894 3724 929 χι.

2220 966 2533 1030 ταστάσεως
2562 962 2858 1017 ὲκὸαινέτω
2884 964 2984 1032 τῆς
3016 963 3248 1034 σπουδῆς
3271 963 3495 1034 ταύτης,
3530 966 3611 1017 καὶ
3634 970 3724 1035 πρὶς

2222 1056 2455 1127 ἅμιλλαν
2499 1054 3021 1127 παρασκευαζέσθω.
3074 1054 3237 1109 Ούδὲν
3279 1054 3388 1125 γὰρ
3438 1056 3618 1109 ἄτοπον
3651 1059 3723 1110 τῶν

2221 1146 2648 1218 προηγουμένων
2708 1146 2896 1199 ἕνεκεν
2957 1145 3242 1199 ἀπολιπεῖν
3289 1146 3428 1217 πρὸς
3473 1147 3639 1217 καιρὸν
3678 1154 3721 1203 τὰ

2219 1242 2440 1312 ἥττονα,
2489 1240 2584 1294 καὶ
2631 1239 2729 1312 τὴν
2777 1240 3068 1318 πραΰτητα
3123 1239 3510 1321 μεταθέμενον,
3533 1242 3723 1309 γενέσθαι

2220 1333 2570 1406 πολεμιστήν.

2832 1622 3083 1679 ΚΕΦΑΛ.
3124 1622 3197 1677 Γ¹.

2296 1738 2468 1795 Τοῦτο
2495 1740 2607 1810 γὰρ
2651 1738 2747 1793 καὶ
2787 1740 2818 1792 δ
2861 1738 3144 1809 προφήτης
3181 1736 3440 1806 παραινεῖ
3481 1733 3655 1801 λέγων·
3686 1734 3724 1786 '0

554 1828 626 1882 sit
671 1836 971 1897 pugnator;
1030 1837 1084 1883 et
1110 1829 1252 1884 sicut
1293 1831 1671 1900 propheticum
1724 1829 1856 1885 illud
1900 1829 2118 1884 effatum

2223 1834 2397 1903 πρᾶος
2425 1830 2564 1885 ἔστω
2593 1829 2864 1901 μαχητὴς,
2899 1828 2994 1882 καὶ
3032 1827 3220 1897 ὥσπερ
3253 1826 3317 1879 τὸ
3349 1824 3655 1895 προφητικὸν
3685 1825 3725 1876 τὸ

554 1919 660 1971 ait:
687 1937 706 1970 ι
734 1918 1033 1975 Concident
1061 1922 1270 1992 gladios
1289 1937 1420 1977 suos
1447 1922 1500 1976 in
1528 1931 1729 1987 aratra,
1754 1930 1809 1977 et
1830 1922 2045 1976 lanceas
2066 1922 2120 1976 in

556 2009 723 2067 falces
753 2013 820 2076 ⁸⁷,
866 2032 884 2064 ι
928 2013 1078 2078 dum,
1120 2014 1258 2069 bello
1289 2014 1571 2069 desinente
1607 2014 1871 2070 adversus
1914 2013 2123 2084 passio—

554 2120 673 2169 nes,
705 2104 848 2160 vires
867 2104 1061 2159 anima
1090 2105 1227 2160 fiunt
1258 2106 1603 2177 agricultura
1627 2107 2019 2172 instrumenta;
2044 2105 2124 2161 sic

552 2212 584 2249 e
607 2197 881 2251 contrario
912 2196 1112 2251 bonum
1160 2207 1276 2262 est,
1309 2198 1720 2253 convenientem
1753 2204 2005 2251 ornatum
2039 2196 2124 2250 di-

556 2290 792 2354 mittere,
818 2299 891 2355 et,
927 2289 972 2343 si
999 2289 1196 2345 bellum
1228 2290 1502 2345 advocans
1531 2290 1696 2354 adsit,
1734 2290 2022 2361 praparari
2054 2290 2123 2345 ad

554 2395 812 2451 pugnam,
850 2381 1198 2453 gladiumque
1236 2396 1335 2451 pro
1385 2381 1680 2437 Dominicis
1722 2382 2002 2452 praceptis
2027 2396 2123 2450 ap-

555 2471 924 2543 prehendere,
963 2482 1167 2527 vestem
1202 2473 1489 2527 muralium
1535 2473 1782 2527 exuendo
1822 2472 2119 2537 virtutum,

553 2566 655 2619 etsi
680 2574 945 2634 oporteat,
983 2565 1190 2620 nudum
1233 2563 1465 2629 bellare;
1512 2564 1639 2632 quia
1676 2562 1928 2618 fortassis
1965 2577 2122 2617 secu-

555 2658 668 2714 rius
706 2657 827 2719 iste.
855 2672 1019 2727 quam
1061 2656 1155 2726 qui
1198 2656 1425 2711 vestitus
1455 2665 1556 2719 est,
1600 2654 1934 2725 belligerabit
1967 2671 1981 2708 :
2016 2654 2121 2709 hoc

554 2766 789 2819 namque
833 2751 1091 2819 propheta
1124 2748 1213 2802 ille
1250 2746 1518 2819 signiﬁcat
1547 2746 1741 2817 (aiens)
1786 2764 1801 2800 :
1854 2763 1874 2797 ι
1917 2745 2120 2800 Peribit

556 2844 678 2910 fuga
710 2858 738 2896 a
766 2843 973 2906 veloee,
1010 2848 1065 2895 et
1110 2840 1265 2895 fortis
1304 2856 1410 2894 non
1444 2838 1696 2893 retinebit
1727 2839 1897 2891 robur
1935 2852 2115 2903 suum,

551 2945 607 2988 et
630 2943 895 3005 pugnator
940 2934 1165 2988 minime
1201 2932 1429 2987 salvabit
1465 2932 1698 2985 animam
1739 2945 1916 2994 suam,
1942 2939 1995 2984 et
2026 2945 2118 2984 ve-

552 3028 639 3081 lox
690 3027 916 3097 pedibus
962 3027 1076 3081 suis
1132 3039 1475 3094 nequaquam
1527 3024 1826 3077 salvahitur
1874 3023 1942 3076 ⁸⁸.
1978 3040 1996 3074 ι
2053 3020 2121 3075 Ει

552 3119 775 3175 subdit:
815 3138 833 3174 ι
872 3118 1058 3172 Nudus
1087 3118 1142 3172 in
1173 3117 1262 3171 illa
1286 3118 1374 3171 die
1401 3123 1756 3185 persequetur
1777 3117 1862 3180 Ill';
1902 3133 1920 3166 ι
1958 3116 2117 3169 talem

554 3210 760 3266 nudum
790 3211 953 3267 etiam
998 3226 1119 3266 esse
1152 3209 1265 3265 vult
1294 3210 1613 3264 vendentem
1642 3208 2039 3275 vestimentum,
2068 3216 2122 3261 et
2149 3196 2188 3252 C

551 3314 818 3360 ementem
851 3303 1120 3374 gladium,
1151 3318 1251 3358 nec
1281 3310 1617 3357 recusantem
1648 3300 1724 3367 id,
1752 3300 1896 3371 quod
1935 3300 2001 3355 ad
2030 3299 2121 3353 lit-

551 3406 724 3451 teram
784 3396 1043 3451 indecens
1092 3395 1337 3460 videtur,
1397 3402 1619 3464 prOpter
1698 3391 1974 3445 veritatem
2040 3389 2119 3443 rei

551 3488 889 3557 significata.
937 3486 1137 3542 Vulens
1173 3470 1445 3556 namque,
1498 3493 1560 3539 ut
1607 3482 1856 3539 homines
1906 3495 2121 3550 semper

549 3581 1030 3635 accommodentur
1060 3579 1165 3647 his,
1203 3594 1324 3649 qua
1362 3577 1701 3648 contingunt,
1729 3575 1928 3645 sapius
1954 3574 2118 3628 etiam

550 3672 824 3730 contraria
857 3670 1128 3738 consulit;
1168 3669 1331 3741 580
1360 3679 1413 3724 et
1444 3683 1835 3737 nonnunquam
1874 3667 2115 3737 quidem.

551 3774 635 3827 (ut
655 3764 769 3833 jam
798 3762 1057 3828 diximus)
1089 3764 1221 3818 cadi
1268 3761 1510 3832 colaphis
1530 3801 1544 3825 ,
1576 3769 1632 3815 et
1662 3775 2002 3830 nequaquam
2037 3760 2121 3815 in-

548 3858 758 3926 dignari
776 3857 963 3923 docet,
1002 3857 1271 3911 interdum
1304 3871 1434 3912 vero
1475 3853 1711 3926 gladium
1743 3863 1975 3927 gestare,
2006 3852 2121 3907 bel-

546 3950 713 4005 lieum
745 3949 986 4005 habitum
1042 3965 1106 4004 ac
1147 3948 1539 4019 professionem
1571 3946 1896 4012 exhibendo,
1920 3953 1974 3999 et
2002 3943 2120 3999 solo

550 4054 771 4114 aspectu
834 4052 960 4107 ante
1015 4052 1271 4101 conatum
1330 4041 1510 4095 hostes
1556 4038 1913 4111 pereellendo.
1975 4037 2117 4103 Quin

548 4138 713 4195 etiam
744 4136 1072 4208 pracipienti
1100 4135 1263 4211 paulo
1284 4142 1409 4187 ante
1438 4132 1732 4203 propheta,
1759 4145 1909 4184 arma
1931 4129 2118 4185 bellica

541 4234 756 4281 vertere
809 4226 861 4280 in
906 4223 1141 4280 aratoria
1174 4224 1537 4277 instrumenta
1562 4261 1577 4286 ,
1606 4220 1942 4276 contrarium
1986 4219 2121 4273 alter

542 4318 806 4388 propheta
830 4308 1003 4387 jubet,
1029 4324 1089 4368 ut
1122 4314 1377 4368 nimirum
1400 4311 2119 4384 agriculturainstrumenta

543 4408 811 4464 faciamus
847 4408 1060 4463 bellica.
1094 4407 1185 4460 Ille
1210 4405 1426 4475 quidem
1458 4404 1533 4459 ait
1565 4422 1580 4459 :
1617 4422 1635 4456 ι
1669 4402 1981 4458 Exscindite
2007 4402 2121 4471 gla-

543 4500 664 4554 dius
693 4509 900 4554 vestros
940 4499 993 4553 in
1045 4511 1315 4560 vomeres,
1354 4503 1409 4549 et
1447 4495 1666 4549 lanceas
1707 4494 1761 4547 in
1792 4492 1958 4548 falces
1990 4493 2058 4557 θ’,
2091 4511 2110 4543 ι

545 4592 651 4647 iste
681 4607 847 4647 vero:
889 4610 907 4643 ι
951 4588 1235 4645 Concidite
1262 4595 1443 4643 aratra
1491 4597 1671 4642 vestra
1712 4587 1765 4641 in
1794 4587 2024 4656 gladios,
2063 4596 2118 4641 et

542 4684 711 4739 falces
741 4692 949 4737 vestras
981 4682 1033 4745 in
1064 4679 1245 4747 jacula
1272 4680 1352 4746 ⁶¹;
1403 4698 1421 4729 ι
1465 4679 1558 4749 qui
1591 4679 1866 4733 contraria
1897 4678 2115 4748 quidem

542 4772 868 4835 consulunt,
911 4769 1210 4825 secundum
1256 4769 1571 4835 dictionem,
1629 4769 1721 4823 sed
1769 4785 2115 4840 nequaquam

550 4864 847 4923 contraria.
868 4863 1023 4933 juxta
1076 4862 1485 4933 intelligentiam
1520 4882 1532 4916 :
1565 4861 1655 4916 hic
1679 4861 1823 4917 enim
1853 4861 2117 4931 incipien—

544 4959 691 5013 tibus
726 4956 925 5011 bellum
950 4955 1213 5010 adversus
1242 4955 1557 5025 passiones,
1601 4954 1691 5009 ille
1714 4970 1843 5009 vero
1872 4953 1980 5017 his,
2020 4954 2113 5024 qui

544 5056 825 5102 verterunt
855 5046 1037 5101 hostes
1068 5046 1121 5099 in
1158 5030 1363 5117 fugam,
1391 5050 1632 5117 suggerit
1661 5046 1791 5117 quid
1819 5048 1889 5100 sit
1917 5044 2121 5099 facien-

475 5153 480 5156 ·
539 5141 691 5194 dum.
728 5140 808 5192 Ad
857 5148 1064 5209 tempus
1113 5140 1297 5210 igitur,
1348 5149 1402 5192 et
1447 5140 1696 5194 indutum
1743 5153 1864 5197 esse
1913 5138 2118 5191 bonum

539 5243 642 5298 est,
677 5241 731 5286 et
759 5248 789 5287 e
833 5231 1070 5298 diverso,
1122 5233 1270 5296 exui,
1302 5232 1538 5301 ‘quando
1582 5232 1822 5302 gladium
1869 5239 2120 5299 oporteat

540 5340 638 5392 pro
693 5332 845 5377 veste
894 5337 1246 5393 comparare;
1300 5337 1401 5376 nec
1444 5323 1590 5376 enim
1647 5330 1858 5375 tantum
1908 5320 2119 5376 confert

538 5418 727 5481 vestl's,
780 5426 1043 5484 quantum
1116 5416 1327 5485 gladius
1387 5415 1443 5468 in
1504 5415 1717 5469 ratione
1767 5414 2112 5481 securitatis;

538 5510 704 5563 vestis
732 5510 878 5562 enim
940 5521 1023 5564 est
1047 5509 1266 5578 quidem
1318 5521 1722 5574 ornamentum,
1759 5509 1853 5564 sed
1884 5525 1991 5565 non
2027 5524 2115 5564 se-

2223 1924 2400 1993 λέγονο
2435 1944 2454 1976 ι
2488 1923 2825 1992 Συγκόψουσι
2843 1920 2942 1984 τάς
2961 1919 3234 1992 μαχαίρας
3252 1916 3435 1972 αὐτῶν
3460 1918 3535 1978 είς
3555 1916 3721 1987 ἄροτρα,

2222 2018 2315 2071 καὶ
2349 2013 2447 2078 τὰς
2479 2013 2703 2079 ζιὸύνας
2739 2013 2821 2073 εἰς
2856 2011 3122 2084 δρέπανα,
3154 2028 3172 2061 ι
3206 2010 3266 2061 ὲν
3296 2008 3379 2078 τῷ
3405 2009 3504 2068 τὰς
3530 2006 3724 2076 δυνάμεις

2220 2112 2321 2181 τῆς
2352 2108 2529 2178 ψυχῆς
2557 2108 2729 2159 ποιεῖν
2757 2103 2922 2175 σκεύη
2963 2103 3262 2174 γεωργικά,
3310 2100 3639 2171 παυσαμένου
3660 2097 3721 2152 τώ

2222 2201 2359 2273 πρὸς
2378 2200 2447 2255 τά
2473 2199 2621 2271 πάθη
2649 2197 2908 2269 πολέμου,
2940 2195 3112 2258 οὕτως
3138 2194 3300 2249 πάλιν
3332 2196 3399 2247 ὲκ
3422 2194 3514 2247 τοῦ
3541 2192 3721 2246 ἐναντίον

2222 2294 2386 2348 καλὸν
2446 2294 2663 2361 ἀφεῖναι
2708 2290 2799 2343 τὸν
2849 2291 3193 2358 προσήκοντα
3234 2286 3463 2356 κόσμον,
3518 2283 3721 2352 καὶπρὸς

2226 2387 2405 2459 μάχην
2458 2382 2861 2455 ἑτοιμάζεσθαι,
2909 2382 3035 2434 ὅταν
3078 2378 3311 2450 πόλεμος
3344 2379 3375 2429 ὁ
3405 2369 3641 2445 καλῶνῇ,
3664 2375 3722 2425 ul

2227 2480 2504 2552 μάχαιραν
2554 2473 3026 2547 μεταχειρίζεσθαι
3078 2471 3219 2541 ὑπὲρ
3282 2469 3391 2523 τῶν
3446 2464 3720 2521 Δεσποτικῶτ

2223 2571 2470 2636 ἐντολῶν,
2490 2568 2859 2638 ἀποδυόμενον
2875 2565 2934 2620 τὸ
2955 2564 3063 2619 τῶν
3083 2563 3291 2635 ἠθικῶν
3307 2559 3520 2633 ἀρετῶν
3550 2558 3720 2628 ίμάτιον,

2222 2663 2325 2718 κᾶν
2344 2662 2548 2733 γυμνὸν
2576 2661 2670 2733 δέῃ
2694 2660 2969 2728 πολεμεῖν.
3002 2658 3157 2727 Τάχα
3198 2655 3257 2708 δὲ
3306 2653 3508 2725 μᾶλλον
3554 2648 3721 2717 ἀσφαλέα

2226 2772 2413 2827 στερον
2442 2748 2595 2816 οὗτος
2625 2751 2717 2805 τοῦ
2757 2750 3104 2821 ὲνδεδυμένου
3136 2747 3457 2817 πολεμήσει.
3482 2742 3633 2798 Τοῦτο
3653 2740 3723 2809 τὲρ

2223 2852 2251 2904 ὁ
2275 2849 2557 2919 προφήτης
2588 2845 2755 2918 δηλοῖο
2800 2864 2817 2897 ι
2867 2843 3172 2897 Ἀπολεῖται
3215 2838 3363 2910 φυγὴ
3400 2840 3465 2889 ὲκ
3503 2832 3720 2906 δρομαίαν,

2224 2943 2316 2995 καὶ
2347 2942 2374 2993 ὁ
2400 2939 2655 3010 κραταιὸς
2686 2938 2746 2991 ού
2795 2937 2870 3009 μὴ
2902 2937 3155 3007 κρατήσῃ
3207 2933 3307 3002 τῆς
3362 2929 3539 3001 ἰσχύος
3588 2924 3721 2984 αὑτοῦ,

2222 3037 2317 3086 καὶ
2344 3034 2372 3083 ὁ
2402 3030 2645 3101 μαχητὴς
2697 3030 2758 3081 ού
2792 3028 2865 3099 μὴ
2914 3026 3060 3097 σώσῃ
3092 3025 3189 3096 τὴν
3226 3024 3409 3094 ψυχὴν
3430 3019 3602 3083 αὑτοῦ,
3625 3016 3726 3070 καὶὸ

2222 3124 2347 3190 ὀξὺς
2372 3125 2483 3185 τοῖς
2516 3121 2673 3175 ποσὶν
2726 3120 2787 3173 ού
2834 3119 2909 3190 μὴ
2935 3117 3192 3188 διασωθῇ.
3223 3116 3335 3169 Καὶ
3360 3112 3611 3182 ὲπιφέρει’
3638 3128 3653 3160 ι
3687 3108 3725 3158 ’θ

2224 3215 2428 3285 γυμνὸς
2442 3212 2688 3279 διώξεται
2703 3213 2759 3265 ὲν
2773 3212 2953 3283 ἐκείνῃ
2969 3214 3034 3281 τῇ
3052 3211 3254 3280 ἡμέρα.
3273 3227 3291 3260 ι
3316 3204 3565 3260 Τοιοῦτον
3576 3200 3725 3272 γυμνὸν

2226 3304 2367 3361 εἶναι
2418 3305 2686 3375 βούλεται,
2735 3303 2831 3359 καὶ
2862 3302 2953 3355 τὸν
2999 3300 3281 3355 πωλοῦντα
3306 3299 3371 3352 τδ
3408 3298 3623 3368 ἱμάτιον,
3659 3293 3722 3345 καὶ

2226 3397 2567 3469 ἀγοράζοντα
2619 3396 2915 3466 μάχαιραν,
2964 3394 3038 3465 μὴ
3069 3391 3506 3462 παραιτούμενον
3546 3386 3600 3440 τὸ
3629 3383 3726 3437 κατὰ

2224 3488 2321 3559 τὴν
2354 3488 2499 3553 λέξιν
2539 3485 2730 3540 δοκοῦν
2761 3483 3030 3556 ἀπρεπὲς,
3058 3483 3148 3538 διὰ
3172 3481 3273 3554 τὴν
3315 3480 3411 3535 τοῦ
3455 3475 3725 3550 σημαινομέυ

2225 3597 2319 3633 νου
2341 3578 2619 3650 ἀλήθειαν.
2654 3577 2777 3640 Τοῖς
2814 3577 2926 3649 γὰρ
2966 3574 3361 3646 συμϐαίνουσιν
3401 3571 3489 3625 ἀεὶ
3516 3570 3626 3631 τοὺς
3660 3567 3725 3618 ἀν-

2228 3671 2479 3744 θρώπους
2507 3669 2843 3742 ἁρμόζεσθαι
2876 3667 3067 3733 θέλων,
3098 3665 3385 3729 πολλάκις,
3414 3664 3506 3717 καὶ
3529 3661 3592 3713 τά
3614 3661 3722 3712 ὲναν·

2225 3764 2316 3818 τία
2352 3761 2745 3835 συμσουλεύει·
2777 3761 2873 3815 καὶ
2915 3760 3043 3815 ποτὲ
3080 3760 3200 3830 μὲν,
3228 3758 3303 3823 ὼς
3350 3757 3453 3829 ήδη
3488 3752 3723 3824 φθάσαντες

2228 3851 2484 3924 εἴπαμεν,
2516 3850 2861 3923 ῥαπίζεσθαι,
2886 3849 2980 3903 καὶ
3037 3848 3112 3920 μὴ
3161 3848 3491 3917 ἀγανακτεῖν
3519 3842 3721 3897 διδάσκει.

2226 3949 2359 4002 ποτε
2391 3948 2447 4001 δὲ
2471 3948 2748 4017 μάχαιραν
2771 3947 2979 4016 φορεῖν,
2999 3943 3290 4015 πολεμικὸν
3318 3934 3723 4005 ὲπιδεικνυμένθκ

2228 4038 2413 4108 σχῆμα
2478 4038 2574 4090 καὶ⁵
2623 4034 2967 4104 ἐπάγγελμα,
3029 4035 3095 4104 τῇ
3146 4030 3271 4100 ὕψει
3304 4028 3416 4101 πρὸ
3451 4029 3544 4098 τῆς
3580 4024 3721 4091 πείρας

2228 4128 2707 4199 καταπλήττοντας
2730 4128 2858 4190 τοὺς
2898 4124 3213 4195 πολεμίους.
3268 4122 3382 4176 Καὶ
3436 4119 3512 4190 τῷ
3552 4113 3721 4170 ἐπιτάσ-

2226 4238 2373 4275 σοντι
2410 4220 2467 4273 δὲ
2513 4219 2619 4289 πρὸ
2671 4218 2855 4287 ὀλίγου
2904 4216 3181 4286 προφήτῃ,
3220 4214 3290 4268 τά
3332 4208 3589 4282 πολεμικά
3624 4202 3721 4257 ὅπλα

2225 4316 2402 4368 ποιεῖν
2435 4313 2603 4382 σκεύη
2649 4309 2953 4382 γεωργικὰ,
3000 4309 3061 4362 τὸ
3116 4305 3361 4361 ἐναντίον
3423 4306 3592 4372 ἕτερος
3629 4313 3721 4365 προ·

2226 4408 2404 4478 φήτης
2432 4406 2745 4476 παρεγγυᾷ,
2784 4404 2854 4457 τά
2892 4401 3174 4473 γεωργικὰ
3230 4398 3457 4468 ποιῆσαι
3494 4387 3719 4461 πολεμικά.

2238 4502 2297 4554 ‘0
2337 4500 2432 4571 μὲν
2457 4500 2563 4571 γάρ
2595 4514 2755 4568 φησι·
2784 4516 2803 4548 ι
2846 4494 3167 4565 Συγκόψατε
3196 4492 3296 4554 τὰς
3318 4487 3579 4561 μαχαίρας
3608 4478 3717 4549 ὑμῶν

2222 4596 2302 4657 είς
2328 4594 2556 4665 ἄροτρα,
2587 4591 2800 4651 καὶτὰς
2831 4588 3055 4655 ζιϐύνας
3100 4591 3177 4652 είς
3237 4586 3495 4658 δρέπανα.
3529 4599 3547 4632 ι
3588 4577 3633 4630 ’0
3665 4572 3716 4634 δὲ.

2227 4706 2247 4738 ι
2284 4664 2601 4755 Συγκόψατε
2627 4684 2693 4737 τὰ
2725 4684 2931 4755 ἄροτρα
2963 4682 3116 4752 ὑμῶν
3147 4682 3227 4742 εἰς
3268 4676 3550 4749 ῥομφαίας,
3578 4668 3652 4723 καὶ
3672 4664 3715 4715 τά

2220 4778 2466 4849 δρέπανα
2503 4779 2584 4839 εἰς
2629 4775 3023 4847 σειρομάστας·
3062 4792 3080 4824 ι
3120 4770 3335 4824 ὲναντία
3377 4769 3471 4839 μὲν
3533 4758 3711 4831 00pr-

2220 4868 2471 4933 λεύοντες
2503 4868 2644 4922 κατά
2668 4867 2768 4936 τὴν
2800 4865 2967 4930 λέξιν,
2995 4865 3109 4920 ἀλλ’
3132 4865 3230 4917 οὐκ
3255 4862 3468 4916 ἐναντία
3498 4856 3618 4911 κατὰ
3647 4850 3713 4916 τὴν

2220 4961 2479 5014 διάνοιαν.
2525 4959 2586 5011 '0
2622 4958 2720 5027 μὲν
2752 4956 2862 5028 γὰρ
2889 4957 3213 5027 ἀρχομένοις
3242 4953 3335 5007 τοῦ
3369 4952 3498 5023 πρδς
3520 4947 3579 4999 τὰ
3611 4941 3708 5005 πάθη

2217 5054 2479 5123 πολέμου,
2533 5051 2562 5102 ὁ
2591 5052 2647 5105 δὲ
2709 5050 3152 5121 τροπωσαμένοις
3214 5048 3338 5109 τοὺς
3392 5032 3710 5123 πολεμίουςῆ

2217 5143 2492 5214 πρακτέον
2544 5141 2878 5195 ὑποτίθεται.
2936 5141 3083 5201 Ἕως
3141 5138 3336 5209 καιροῦ
3416 5135 3607 5191 τοίνυν,
3648 5122 3708 5175 κπὶ

2216 5237 2394 5292 ἐνδεδυ
2404 5237 2584 5308 μένον,
2609 5232 2748 5289 εἶναι
2769 5234 2954 5299 καλὸν,
2977 5234 3072 5285 καὶ
3100 5232 3266 5285 πάλιν
3288 5225 3609 5283 ἀποδύεσθαι,
3624 5220 3707 5308 ὃτᾲν

2221 5331 2498 5402 μάχαιραν
2537 5330 2657 5382 ἀντὶ
2688 5328 2904 5398 ἱματίου
2954 5324 3260 5396 κτήσασθαι
3315 5322 3441 5374 δέοι.
3473 5315 3707 5402 Οὖτελταρ

2215 5400 2476 5472 τοσοῦτον
2508 5419 2727 5490 ἱμάτιον
2750 5419 2875 5471 ὅσον
2896 5417 3137 5488 μάχαιρα
3166 5416 3244 5476 είς
3272 5408 3553 5481 ἀσφαλείας
3576 5400 3707 5465 λόγων

2221 5511 2437 5582 ἱμάτιον
2489 5510 2621 5582 γὰρ,
2684 5510 2890 5579 κόσμος
2928 5508 3047 5578 μὲν,
3104 5506 3163 5559 ού
3220 5506 3326 5576 μὴν
3364 5503 3455 5557 καὶ
3486 5493 3707 5564 ἀσφάλειαν

538 5600 776 5665 omitas;
845 5601 1057 5669 gladius
1103 5586 1231 5654 vero
1274 5601 1566 5671 plurimam
1606 5602 1812 5671 prabet
1853 5601 2116 5672 pugnanti

2226 5603 2474 5672 μάχαιρα
2502 5601 2559 5654 δὲ
2595 5601 2797 5671 πολλὴν
2826 5599 2905 5669 τῷ
2937 5599 3227 5668 μαχομένῳ
3276 5596 3494 5665 παρέχει
3540 5589 3708 5680 τὴν-Ψ

538 5690 865 5745 custodiam.
900 5690 966 5743 Et
995 5691 1138 5758 quod
1172 5692 1237 5746 ad
1272 5701 1484 5762 tempus
1520 5694 1668 5749 utilis
1698 5693 1770 5748 sit
1803 5694 2114 5764 hujusmudi

2223 5693 2414 5763 λακήν.
2468 5694 2577 5746 Καὶ
2626 5694 2711 5746 ὅτι
2744 5693 2861 5757 ἕως¹
2893 5690 3088 5759 καιροῦ
3128 5691 3393 5761 χρήσιμον
3438 5683 3495 5737 τὸ
3533 5688 3707 5733 comm?

619 5840 660 5882 ἔτ
706 5841 802 5899 lsa.
840 5860 897 5913 ιι,
942 5847 992 5897 Il.
1078 5849 1119 5873 5"
1150 5848 1313 5903 Amos
1383 5852 1551 5922 u,li,
1587 5854 1665 5906 lii.
1746 5854 1786 5883 ³⁸³
1831 5852 1960 5907 ibid.
2008 5854 2085 5906 l0.

2239 5852 2336 5907 iss.
2376 5868 2432 5917 ll,
2464 5851 2509 5902 εί.
2591 5854 2627 5883 ’³
2667 5850 2780 5905 .luel
2832 5866 2909 5914 lli,
2950 5849 3031 5902 l0.
