3838 6056
162 291 347 355 1269
1066 342 1069 345 .
1680 294 1952 356 SERMO.
3296 254 3427 363 1276

159 398 445 468 ἱμάτιον,
484 399 580 453 καὶ
617 399 827 467 φθάσας
876 402 969 453 ἐπὶ
1012 401 1110 473 τὴν
1157 402 1492 475 τελειότητα,
1546 404 1640 457 καὶ
1678 404 1762 456 ἐπὶ

1872 401 2039 456 vestis
2066 400 2211 473 (inde
2240 398 2406 473 patet)
2429 401 2573 471 quod
2606 402 2672 469 is,
2701 403 2794 473 qui
2829 406 3108 478 pertigerit
3159 407 3224 462 ad
3254 408 3431 478 perfe—

150 490 283 543 τοῦ
319 489 575 560 δώματος
606 492 704 562 τῆς
746 491 977 561 θεωρίας
1010 492 1248 546 ἀνελθὼν
1281 496 1630 565 ἐπιστρέφειν
1676 512 1762 549 κε-

1868 490 2125 555 ctionem,
2153 499 2207 544 et
2226 506 2398 561 usque
2424 492 2490 546 ad
2515 495 2986 563 contemplationis
3008 507 3207 553 tectum
3237 513 3431 555 ascen-

154 579 463 635 κὼλυται.
490 582 684 651 Σαφῶς
709 583 816 654 γὰρ
843 583 1080 639 διδάσκει
1109 585 1282 654 λέγων
1313 586 1341 637 ὁ
1368 585 1593 656 Κύριος,
1643 605 1662 638 ι
1701 589 1762 641 ’0

1868 581 2028 646 derit,
2054 589 2269 636 vetatur
2302 583 2657 639 retrocedere.
2686 584 3008 642 Luculenter
3039 589 3181 644 enim
3212 591 3313 646 hoc
3333 591 3431 646 do-

162 672 286 725 ἐπὶ
338 670 437 727 τοῦ
480 673 728 744 δώματος
768 678 843 746 μὴ
876 677 1251 732 καταϐαινέτω
1284 675 1413 751 ἆραι
1463 679 1523 733 rb
1554 680 1762 750 ἱμάτιον

1868 678 1950 725 cet
1974 668 2253 735 Dominus,
2289 671 2442 727 aiens
2502 689 2516 727 :
2574 692 2593 725 ι
2651 673 2862 740 Quiest
2901 676 2955 732 in
2998 685 3157 744 tecto,
3182 696 3291 738 non
3332 680 3434 738 dea

161 762 391 817 αὑτοῦ.
431 781 450 814 ι

1868 761 2092 817 sccndat
2120 762 2309 819 tollere
2337 773 2539 820 vestem
2566 782 2719 821 suam
2753 769 2818 822 °'.
2847 787 2866 820 ι

805 878 1031 932 ΚΕΦΑΛ
1045 918 1060 933 .
1089 878 1162 933 Δ’.

264 993 432 1045 Ἔστι
462 992 520 1051 δὲ
559 992 652 1049 καὶ
688 994 916 1064 οἰήσεως
954 993 1201 1063 δώματα,
1250 998 1335 1066 ἐφ’
1364 989 1439 1051 ὧν
1472 999 1598 1062 τοὺς
1631 1001 1766 1053 ἀναν

168 1084 404 1148 ϐάντας
424 1085 697 1157 μέμφεται
717 1084 886 1139 είπὼν
908 1088 937 1139 ό
957 1089 1289 1158 προφητικδς
1311 1088 1486 1157 λόγος,
1508 1091 1729 1159 φάσκων
1748 1107 1763 1122 ο

174 1193 206 1227 ι
290 1174 361 1227 Τί
419 1174 666 1244 ἐγένετο,
720 1176 802 1229 ὅτι
873 1177 1071 1241 πάντες
1115 1174 1350 1249 ἀνέϐητε
1404 1183 1483 1243 είς
1538 1180 1763 1252 δώματα

180 1266 449 1334 μάταια;
484 1287 501 1319 ι
552 1268 625 1321 Οὐ
672 1268 780 1340 γὰρ
810 1268 1010 1339 ἀρετῆς
1036 1267 1103 1341 ἦν
1137 1270 1267 1340 ὕψος
1298 1272 1358 1325 τὸ
1387 1273 1542 1344 δῶμα
1588 1275 1768 1339 καλῶς

175 1356 698 1430 τεθεμελιωμένης,
742 1358 878 1413 dm:
924 1360 1111 1413 καινοῦ
1163 1364 1482 1435 φυσήματος
1540 1366 1763 1436 οἴδημα,

181 1450 485 1521 σφαλερὰν
535 1450 634 1521 τὴν
688 1453 782 1511 ἐπὶ
835 1452 928 1504 τοῦ
982 1452 1222 1506 τοιούτου
1277 1455 1558 1519 ποιοῦντος
1601 1456 1768 1527 ὕψους

173 1539 482 1610 διαγωγήν
498 1557 513 1571 ’
539 1542 597 1594 rb
626 1542 682 1594 δὲ
703 1542 800 1612 τῆς
821 1542 1077 1616 ἀληθείας
1094 1543 1249 1614 δῶμα
1267 1544 1499 1615 βέϐηκεν
1515 1546 1763 1616 ἑδραίως,

180 1632 407 1700 παγίαν
435 1633 557 1703 ἕχον
587 1634 684 1704 τὴν
730 1636 872 1705 μετά
908 1636 1130 1706 μετρίου
1166 1639 1516 1708 φρονήματος
1560 1640 1765 1692 οἰκοδο-

2421 876 2663 945 ,οΑΡυΤ
2718 877 2810 933 1v.

1937 984 2137 1044 Verum
2163 1002 2291 1046 sunt
2314 991 2475 1046 etiam
2503 1000 2643 1046 tecta
2673 994 2982 1062 arrogantis
3010 995 3437 1055 existimationis

1867 1080 1971 1143 sui,
2003 1096 2163 1149 super
2191 1098 2311 1151 quae
2347 1082 2704 1165 ascendentes
2734 1094 2957 1141 accusat
2988 1085 3145 1158 581
3200 1091 3433 1164 prophee

1867 1174 2006 1229 ticus
2034 1191 2238 1237 sermo,
2265 1175 2453 1230 dicens
2486 1194 2499 1230 :
2542 1196 2560 1228 ι
2601 1178 2739 1243 Quid
2769 1180 2966 1233 factum
2990 1180 3113 1243 fuit,
3149 1182 3293 1250 quod
3322 1198 3434 1237 om-

1867 1283 1963 1323 nes
2003 1268 2323 1323 ascendistis
2365 1270 2416 1322 in
2454 1278 2592 1325 tecta
2631 1288 2764 1325 vana
2792 1273 2876 1326 ‘3?
2912 1293 2930 1324 ι
2972 1272 3082 1329 Nec
3108 1278 3250 1329 enim
3300 1276 3431 1329 illud

1867 1368 2067 1412 tectum
2107 1368 2224 1413 erat
2249 1360 2475 1415 altitudo
2502 1362 2638 1417 bene
2674 1362 2911 1419 fundatae
2952 1365 3190 1429 virtutis,
3223 1365 3315 1420 sed
3343 1374 3431 1420 tu~

1867 1465 1986 1503 mor
2014 1451 2235 1519 quidam
2265 1468 2417 1506 vana:
2457 1453 2749 1511 inflationis
2770 1496 2785 1520 ,
2818 1472 2913 1511 seu
2953 1456 3121 1510 animi
3153 1457 3427 1521 elationis,

1865 1539 2156 1595 efticientis
2179 1542 2302 1598 vita:
2334 1544 2643 1599 institutum
2672 1562 2834 1616 super
2858 1547 2949 1601 tali
2978 1548 3260 1603 altitudine
3288 1550 3432 1617 peri-

1866 1629 2135 1696 culosum,
2167 1642 2222 1685 et
2258 1631 2509 1702 lapsans;
2552 1643 2606 1688 at
2630 1636 2874 1691 veritatis
2909 1644 3233 1699 tectum,est
3258 1636 3430 1692 firmi-

180 1722 470 1802 μηθεῖσαν
501 1724 720 1794 ἀρετὴν,
753 1724 845 1794 ἀφ’
873 1722 940 1796 ἦς
964 1730 1151 1787 πεσεῖν
1178 1729 1278 1782 οὐκ
1302 1729 1448 1782 ἐστιν
1467 1746 1481 1760 °
1518 1730 1761 1802 στεφάνη

1870 1729 1949 1775 ter
1975 1720 2282 1788 fundatum,
2314 1739 2377 1778 ac
2426 1726 2613 1789 tlxum,
2645 1727 2851 1782 habens
2878 1726 3132 1782 virtutem
3181 1728 3429 1783 stabilem

181 1814 308 1884 γὰρ
340 1813 480 1883 αῦτη
514 1815 758 1889 ἀσφαλὴς
794 1816 886 1869 τοῦ
935 1817 1183 1889 δώματός
1244 1821 1378 1886 ἐστι,
1419 1824 1622 1893 γυμνὸν
1667 1823 1762 1877 καὶ

180 1905 411 1959 ἄκακον
460 1906 571 1960 ἀνω
628 1908 719 1961 τὸν
771 1909 1060 1969 ἀνελθόντα
1102 1913 1181 1976 ὡς
1232 1914 1289 1966 ὲν
1338 1914 1416 1986 τῷ
1450 1916 1762 1988 παραδείσῳ

185 1995 573 2062 φυλάσσουσα.
604 1999 667 2051 Et
701 1998 759 2053 δὲ
790 2001 882 2053 καὶ
908 2001 988 2074 μὴ
1022 2003 1351 2061 ἁποδύσαιτό
1380 2024 1463 2070 τις
1503 2006 1564 2061 τὸ
1594 2009 1762 2062 τοιοῦ-

182 2103 290 2141 τον
319 2088 554 2157 ἱμάτιον,
584 2089 734 2186 λωιξή
744 2110 934 2157 σαντος
962 2093 1058 2151 τοῦ
1082 2096 1221 2167 πρὸς
1241 2097 1309 2150 τά
1331 2098 1478 2170 πάθη
1502 2099 1759 2170 πολέμου,

182 2178 296 2231 καὶ
319 2178 412 2232 τὸν
437 2181 494 2233 ὲν
522 2184 642 2245 ταῖς
666 2178 883 2253 ἤθικαῖς
915 2186 1137 2255 ἀρεταῖς
1166 2189 1326 2242 πόνον
1364 2189 1439 2262 μὴ
1495 2192 1759 2263 μεταθείη

181 2269 293 2322 ἐπὶ
322 2270 382 2322 rb
410 2272 712 2342 κτήσασθαι
741 2274 839 2345 τὴν
856 2276 948 2328 τοῦ
980 2277 1137 2346 λόγου
1179 2278 1431 2352 δύναμιν,
1468 2282 1602 2355 μηδὲ
1633 2282 1760 2354 βού-

182 2362 360 2433 ληται
386 2365 571 2419 λοιπὸν
602 2368 831 2438 ἀκαίρου
870 2370 1029 2425 πόνου
1057 2372 1311 2427 ἀπολύειν
1340 2375 1401 2431 τὸ
1432 2376 1592 2447 σῶμα
1619 2377 1761 2447 μετά

179 2454 256 2507 τὸ
282 2457 572 2527 παρελθεῖν
601 2459 690 2513 τὸν
705 2462 793 2536 είς
829 2463 986 2517 τοῦτο
1039 2463 1129 2519 διὰ
1173 2466 1282 2520 τῶν
1308 2468 1511 2537 ἡδονῶν
1542 2470 1762 2543 ἐξυϐρί-

184 2544 380 2610 ζοντα,
409 2548 792 2619 ὲπιπλήττεται
827 2552 902 2617 ὡς
940 2554 1000 2607 οὐ
1028 2554 1279 2621 δεόντως,
1316 2558 1417 2621 ἔτι,
1446 2561 1546 2631 τήν
1587 2578 1646 2614 τε
1668 2561 1758 2616 τοῦ

188 2637 419 2707 ἱματίου
466 2643 688 2713 πρᾶσιν,
730 2644 825 2697 καὶ
853 2644 951 2715 τὴν
1002 2648 1100 2717 τῆς
1134 2649 1407 2719 μαχαίρας
1459 2652 1761 2723 ἀγορασίαν

182 2733 658 2806 ἀναϐαλλόμενος,
686 2737 760 2801 ὡς
798 2739 944 2793 ἐστιν
973 2740 1204 2796 ἀκοῦσαι
1236 2742 1330 2795 τοῦ
1355 2745 1757 2816 Παροιμιαστοῦ

176 2824 480 2893 λέγοντοςο
513 2847 534 2881 t
605 2830 828 2900 Ἀφελοῦ
867 2833 927 2885 τὸ
977 2833 1189 2903 ἱμάτιον
1236 2836 1455 2889 σαυτοῦ·
1513 2838 1759 2909 παρῆλθε

188 2916 310 2987 γὰρ
337 2917 616 2992 ὑϐριστής.
655 2941 673 2975 ι
714 2924 827 2978 Οὐκ
860 2924 1047 2979 ἕλατον
1077 2926 1188 2998 γὰρ
1208 2928 1305 2999 τῆς
1332 2930 1390 2983 ἐν
1414 2932 1480 3001 τῇ
1520 2948 1756 3005 πρακτι‹

190 3011 274 3079 κῇ
315 3010 734 3082 σκληραγωγίας
768 3017 801 3088 ἡ
847 3017 973 3088 περὶ
1028 3017 1128 3088 τὴν
1170 3019 1404 3090 ἄσκησιν
1452 3020 1560 3074 τῶν
1599 3021 1760 3075 θείων

188 3099 395 3167 λογίων
432 3104 634 3176 σπουδὴ
680 3102 978 3160 καταπονεῖ
1018 3108 1080 3161 rb
1118 3109 1299 3179 σῶμα,
1333 3110 1562 3181 παρέχει
1601 3111 1658 3164 δέ
1705 3129 1759 3165 τι

194 3192 297 3244 καὶ
328 3193 487 3247 πλέον
518 3195 596 3266 τῷ
620 3196 867 3251 πονοῦντι
902 3199 1037 3269 πρὸς
1076 3200 1449 3272 καθαρότητα,
1506 3203 1580 3274 μὴ
1612 3205 1766 3274 ἐχού-

198 3299 306 3352 σης
338 3286 528 3357 καιρὸν
567 3292 664 3359 τῆς
690 3289 930 3355 διανοίας
959 3293 1409 3364 ἐπιστρέφεσθαι,
1442 3297 1537 3349 καὶ
1570 3296 1765 3366 σχολά-

199 3373 320 3438 ζειν
345 3380 456 3441 τοῖς
478 3381 828 3451 παρενοχλεῖν
857 3382 1102 3437 ἐθέλουσι
1134 3384 1355 3450 πάθεσι,
1391 3386 1479 3440 διά
1504 3386 1602 3458 τὴν
1636 3388 1765 3459 περὶ

199 3468 274 3520 τὰ
297 3471 578 3539 κρείττονα
602 3474 697 3527 τοῦ
727 3474 991 3547 λογισμοῦ
1022 3478 1367 3548 προσεδρίαν.
1429 3478 1486 3532 '0
1520 3480 1618 3550 μὲν
1655 3480 1765 3552 γὰρ

200 3560 305 3628 τῆς
330 3563 749 3634 σκληραγωγίας
768 3568 952 3631 πόνος,
967 3571 1354 3642 κεκοπωμένου
1374 3569 1468 3624 τοῦ
1490 3572 1760 3642 σώματος,

205 3653 394 3723 καιρὸν
429 3656 641 3710 δίδωσιν
665 3657 792 3721 ἴσως
820 3662 933 3723 τοῖς
973 3661 1192 3725 πάθεσι,
1226 3666 1446 3736 κινῆσαι
1481 3668 1619 3738 πρὸς
1663 3668 1764 3730 τάς

208 3743 344 3807 ιδίας
376 3745 508 3810 ὔλας
542 3748 907 3818 σχολάζουσαν
946 3751 1041 3825 τὴν
1079 3754 1380 3826 ἐνθύμησιν
1405 3773 1418 3788 ·
1447 3759 1479 3829 ἠ
1528 3758 1587 3812 δὲ
1625 3759 1763 3814 θεω-

209 3834 301 3903 ρία
320 3835 435 3888 ὅλον
461 3837 595 3907 πρὸς
621 3839 819 3912 ἑαυτὴν
848 3843 1153 3913 κατέχουσα
1187 3849 1277 3901 τὸν
1310 3847 1436 3907 νοῦν
1485 3851 1766 3921 περισπῶ-

213 3939 390 3991 μενον,
442 3925 504 3978 οὐ
555 3931 898 3999 παραχωρεῖ,
951 3931 1010 3983 οὐ
1055 3932 1197 4001 λέγω
1241 3935 1430 4001 πάθει,
1498 3936 1763 3991 ἀλλὀὐδὲ

207 4013 525 4088 ἀνθρωπίνῳ
555 4017 800 4090 λογισμῷ
832 4021 967 4091 πρὸς
1000 4023 1303 4091 ἀναγκαίαν
1346 4027 1478 4090 ἴσως
1510 4027 1763 4083 καλοῦντι

211 4106 412 4175 χρείαν.
451 4109 595 4181 Νικᾷ
623 4111 729 4180 γάρ
787 4113 849 4166 οὐ
886 4114 1047 4183 μόνον
1086 4115 1281 4188 ἡδονὴν
1336 4117 1585 4190 ἐμπαθῆ,
1624 4119 1761 4173 άλλά

214 4198 304 4251 καὶ
334 4203 568 4272 φυσικὴν
597 4203 843 4275 ἀνάγκην
873 4206 906 4277 ἡ
938 4206 1037 4276 τῆς
1074 4206 1311 4281 θεωρίας
1341 4210 1522 4281 ἡδονὴ,
1551 4212 1611 4265 τὸ
1637 4229 1762 4284 τερ-

215 4290 338 4344 πνὸν
356 4293 432 4373 τῷ
461 4293 718 4370 ὠφελίμῳ
751 4299 1191 4369 συγκεκραμένον
1219 4300 1438 4372 ἔχουσα.
1467 4304 1639 4357 Τοῦτο
1666 4304 1761 4358 καὶ

1862 1827 1983 1866 cum
2015 1813 2290 1868 moderata
2317 1815 2484 1869 animi
2508 1816 2737 1871 elatione
2753 1817 3089 1881 aedificatam,
3117 1833 3145 1872 a
3173 1833 3278 1888 qua
3302 1833 3428 1889 pro—

1862 1902 1969 1956 labi
2002 1903 2125 1973 quis
2158 1920 2265 1959 non
2293 1914 2504 1975 potest;
2548 1908 2663 1963 haec
2693 1909 2895 1981 quippe
2924 1924 3176 1966 securum
3198 1920 3281 1967 est
3302 1912 3430 1966 tecti

1863 2010 2122 2051 cacumen
2160 2012 2492 2056 conservans
2533 2002 2740 2057 nudum
2775 2012 2829 2059 et
2867 2004 3213 2060 innocentem
3279 2004 3431 2061 velut

1864 2085 1917 2139 in
1948 2087 2202 2156 paradiso
2224 2104 2371 2154 eum,
2421 2092 2513 2162 qni
2558 2108 2774 2148 sursum
2804 2095 3127 2150 ascenderit.
3160 2094 3315 2162 Quod
3372 2097 3421 2151 si

1862 2179 2005 2247 quis.
2042 2179 2493 2251 interquiescente
2517 2184 2657 2240 bello
2683 2187 2949 2242 adversus
2976 2189 3287 2257 passiones,
3326 2189 3432 2243 hu-

1860 2270 2163 2341 juscemodi
2193 2284 2392 2329 vestem
2441 2292 2550 2332 non
2577 2278 2823 2342 exuerit,
2858 2280 3210 2348 laboremque
3237 2280 3289 2334 in
3316 2297 3433 2337 mo-

1863 2362 2064 2419 ralibus
2088 2364 2377 2421 virtutibus
2407 2382 2514 2421 non
2549 2369 2889 2425 transtulerit
2914 2370 2980 2424 ad
3008 2371 3431 2440 comparandam

1864 2454 1969 2506 vim
1992 2457 2261 2510 sermonis
2279 2495 2295 2521 ,
2326 2472 2425 2511 nec
2447 2456 2515 2511 de
2543 2467 2739 2513 caetero
2762 2459 2829 2514 ab
2852 2460 3232 2530 intempestivo
3253 2461 3434 2517 labore

1861 2545 2091 2602 voluerit
2137 2561 2337 2616 corpus
2365 2548 2627 2613 liberare,
2674 2559 2955 2620 postquam
3011 2552 3332 2621 praeterierit
3380 2554 3431 2609 is

1861 2637 1953 2706 qui
1990 2638 2253 2695 adversus
2304 2640 2436 2695 illud
2484 2656 2579 2710 per
2620 2642 2921 2712 voluptates
2962 2643 3284 2699 insolentius
3312 2658 3433 2699 sese

1860 2730 2088 2797 extulit‘;
2136 2731 2226 2787 ille
2269 2733 2412 2798 talis,
2462 2732 2705 2804 inquam,
2750 2736 3084 2805 increpatur,
3145 2751 3211 2792 eo
3263 2736 3429 2807 quod,

1862 2829 1974 2881 tum
2012 2822 2177 2879 vestis
2220 2824 2529 2880 venditione
2564 2868 2578 2892 ,
2614 2836 2725 2881 tum
2767 2827 2930 2897 gladii
2983 2828 3255 2897 emptione
3296 2842 3435 2882 non-

1859 2910 1987 2968 dum
2016 2912 2264 2969 decenter
2296 2917 2367 2971 sit
2402 2917 2661 2985 indutus;
2706 2920 2782 2973 uti
2819 2920 2942 2975 licet
2973 2920 3160 2975 audire
3201 2919 3434 2975 Prover-

1862 3003 2075 3067 biorum
2127 3007 2443 3077 scriptorem
2491 3008 2762 3065 dicentem
2811 3026 2827 3063 :
2879 3030 2897 3063 ‹
2945 3009 3093 3066 Tolle
3138 3010 3434 3066 vestimen-

1862 3106 1976 3152 tum
2024 3106 2193 3159 tuum,
2240 3097 2455 3151 transiit
2480 3099 2646 3163 enim,
2678 3099 2770 3169 qui
2819 3099 2981 3155 infert
3012 3099 3266 3169 injuriam
3291 3101 3379 3155 “..
3404 3117 3425 3152 ι

1864 3187 2316 3258 Quandoquidem
2371 3189 2634 3255 studium,
2670 3190 2815 3260 quod
2858 3191 2917 3246 fit
2950 3191 3003 3246 in
3049 3193 3305 3248 exercitio
3330 3191 3416 3246 di-

1862 3284 2113 3337 vinorum
2147 3297 2492 3346 sermonum,
2524 3297 2631 3335 non
2663 3283 2863 3337 minori
2910 3283 3095 3337 labore
3122 3282 3338 3338 conficit
3366 3297 3433 3337 ac

1863 3375 2119 3445 defatigat
2147 3389 2364 3443 corpus,
2397 3389 2560 3444 quam
2585 3374 2889 3429 studiosum
2937 3375 3242 3429 institutum
3284 3373 3433 3443 quod

1865 3466 1917 3520 in
1956 3467 2126 3520 activa
2161 3466 2266 3519 vita
2290 3466 2625 3521 austeritatis
2653 3466 2900 3521 habetur.
2934 3465 3075 3532 Quin
3099 3467 3260 3520 etiam
3294 3482 3432 3536 pra:—

1864 3556 1951 3610 bet
1988 3554 2187 3624 aliquid
2228 3554 2346 3622 plus
2376 3554 2641 3611 laboranti
2672 3555 2738 3609 ad
2777 3556 2899 3610 vita:
2936 3556 3223 3624 puritatem
3255 3573 3268 3620 ;
3302 3570 3430 3609 cum

1864 3647 2168 3700 intellectus
2207 3661 2317 3703 non
2367 3646 2561 3700 habeat
2587 3656 2800 3716 tempus
2838 3647 3027 3717 pedem
3072 3647 3341 3703 referendi
3366 3663 3432 3703 ac

1867 3738 2089 3797 vacandi
2119 3739 2460 3809 passionibus
2501 3739 2809 3793 volentibus
2839 3741 3174 3809 perturbare,
3209 3750 3432 3811 propter

1865 3830 2319 3897 perseverantiam
2360 3834 2415 3881 et
2471 3828 2844 3883 assiduitatem
2891 3829 3240 3898 cegitationis
3284 3832 3431 3887 circa

1864 3922 2084 3975 meliora
2111 3937 2126 3987 ;
2159 3938 2284 3975 nam
2333 3920 2487 3974 labor
2510 3930 2741 3976 austera
2764 3922 2885 3976 vitae
2908 3960 2923 3986 ,
2973 3921 3133 3992 582
3157 3922 3283 3976 dum
3305 3938 3431 3978 cor-

1865 4031 1964 4085 pus
2006 4016 2284 4086 affligitur,
2326 4024 2539 4086 tempus
2584 4016 2766 4071 forsan
2811 4018 2903 4072 dat
2955 4020 3321 4088 passionibus,
3369 4028 3431 4074 ut

1863 4118 2113 4162 moveant
2148 4110 2211 4162 ad
2238 4108 2485 4179 proprias
2517 4109 2818 4163 mundanas
2845 4110 3034 4165 sordes
3078 4111 3427 4177 intellectum,

1863 4200 2244 4268 contemplatio
2328 4208 2507 4253 autem
2572 4199 2639 4253 ad
2686 4201 2921 4269 seipsam
2966 4201 3209 4255 detinens
3261 4210 3429 4261 totam

1863 4300 2119 4355 ruentem,
2164 4306 2502 4360 nequaquam
2545 4293 2815 4363 permittit
2844 4301 2900 4346 ut
2931 4292 3291 4357 distrahatur,
3319 4309 3429 4350 non

214 4384 241 4436 ὁ
288 4385 491 4452 Παῦλος
548 4388 704 4452 εἰδώς
748 4406 932 4461 φησιν·
962 4410 980 4443 ι
1039 4390 1104 4444 Ἦ
1149 4394 1441 4466 σωματικὴ
1487 4399 1762 4467 γυμνασία

1870 4382 1989 4436 dico
2018 4398 2048 4435 a
2095 4383 2368 4451 passione,
2418 4383 2510 4436 sed
2557 4397 2657 4437 nec
2702 4383 2769 4437 ab
2801 4384 3036 4437 humana
3081 4384 3428 4454 cogitatione,

217 4476 340 4542 πρὸ,
376 4478 553 4547 ὀλίγον
589 4481 735 4534 ἐστὶν
758 4482 1050 4553 ὠφέλιμος,
1069 4486 1101 4552 ἡ
1131 4484 1188 4537 δὲ
1214 4486 1463 4540 εὐσέϐεια
1488 4490 1566 4552 είς
1591 4489 1767 4544 πάντα

217 4566 479 4639 ὠφέλιμός
501 4572 639 4636 ἐστι,
673 4572 895 4645 κάκείνῃ
926 4575 987 4627 τὸ
1022 4577 1079 4628 ὲν
1115 4577 1292 4648 καιρῷ
1323 4581 1593 4653 χρήσιμον
1626 4600 1765 4654 μαρ-

217 4659 403 4730 τυρῶν,
436 4662 725 4734 καὶταύτῃ
752 4664 925 4727 διδοὺς
961 4666 1022 4719 rb
1060 4668 1306 4737 διηνεκὲς
1352 4672 1450 4740 τῆς
1500 4671 1767 4741 ὠφελείας

218 4750 306 4802 καὶ
335 4752 581 4823 μόνιμον,
619 4756 741 4808 ἐπεὶ
766 4758 860 4810 καὶ
886 4759 943 4810 ὲν
972 4759 1047 4827 τῷ
1071 4760 1319 4830 μέλλοντι
1354 4763 1634 4818 πέπαυται
1666 4767 1762 4819 καὶ

218 4841 438 4910 ἄσκησις
472 4847 780 4915 σωματικὴ,
826 4848 1027 4916 γνῶσις
1082 4851 1147 4903 δὲ
1198 4854 1514 4926 προσθήκην
1548 4856 1763 4928 δέχεται

216 4931 557 5004 τελειότητος,
590 4938 697 4990 ἀπὸ
721 4939 815 4991 τοῦ
845 4941 1186 5012 διεσόπτρου.
1245 4946 1339 5000 καὶ
1384 4949 1442 5000 ἐν
1476 4949 1763 5019 αἰνίγματι

221 5020 588 5088 προκύπτουσα
615 5027 707 5079 ἐπὶ
735 5028 796 5080 rb
825 5030 1117 5100 πρόσωπον
1146 5034 1279 5106 όρᾷν
1306 5036 1443 5106 πρὸς
1473 5038 1764 5107 πρόσωπον

219 5109 284 5161 τά
304 5110 646 5182 ἐλπιζόμενα.

1871 4487 2132 4532 evocante
2164 4476 2347 4532 forsan
2392 4478 2458 4532 ad
2499 4480 2864 4533 necessariam
2913 4479 3287 4549 indigentiam.
3318 4477 3431 4533 Vo-

1874 4570 2050 4640 luptas
2082 4586 2316 4640 namque
2359 4571 2829 4640 contemplationis
2872 4571 3044 4640 pellax
3088 4572 3214 4637 quid
3262 4572 3433 4640 placi-

1871 4665 2109 4731 dumque
2139 4678 2259 4716 cum
2302 4662 2418 4715 utili
2448 4670 2863 4732 attemperatum
2913 4663 3119 4717 habens
3144 4704 3157 4729 ,
3189 4673 3429 4733 superat,

1871 4771 1978 4809 non
2003 4756 2176 4807 solum
2201 4753 2527 4823 voluptatem
2560 4755 2815 4823 passione
2843 4756 3125 4821 imbutam,
3151 4755 3242 4809 sed
3268 4755 3431 4809 etiam

1873 4844 2172 4900 naturalem
2210 4844 2605 4898 necessitatem.
2655 4844 2798 4900 Istud
2827 4861 2949 4900 cum
2985 4854 3039 4899 et
3067 4845 3270 4898 Paulus
3298 4846 3434 4898 bene

1872 4946 2077 5000 nosset,
2125 4938 2203 4989 ait
2234 4950 2247 4985 :
2287 4954 2304 4985 ‹
2339 4933 2628 5002 Corporale
2662 4938 2973 4991 exercitium
3021 4938 3086 4990 ad
3130 4951 3320 5006 parum
3352 4942 3435 4988 est

1872 5029 2020 5091 utile,
2057 5027 2147 5081 sed
2191 5026 2362 5095 pietas
2415 5025 2481 5079 ad
2532 5024 2722 5082 Omnia
2752 5028 2900 5082 utilis
2943 5038 3028 5084 est
3076 5029 3161 5094 ⁶⁸;
3203 5047 3221 5080 ι
3253 5038 3305 5082 et
3353 5025 3432 5081 illi

1869 5127 2084 5198 quidem
2120 5128 2348 5173 testatus
2379 5119 2660 5173 utilitatem
2686 5121 2738 5173 in
2786 5131 3047 5190 tempore,
3075 5132 3127 5177 et
3159 5122 3284 5175 huic
3311 5135 3432 5189 per-

221 5212 432 5269 petuum
462 5208 765 5264 concedens
815 5226 880 5266 ac
946 5215 1165 5281 stabile,
1206 5224 1260 5271 et
1333 5200 1654 5276 duraturum
1684 5223 1762 5293 jtn

1868 5227 2100 5277 rentum;
2146 5207 2585 5281 quandoquidem
2622 5217 2674 5260 et
2710 5208 2761 5261 in
2832 5207 3014 5263 futuro
3064 5211 3261 5264 saeculo
3305 5224 3432 5263 cor-

223 5302 392 5370 porale
470 5306 691 5374 quidem
775 5312 1097 5367 exercitium
1146 5323 1326 5370 cessat
1367 5331 1382 5380 ;
1424 5316 1665 5386 cognitio
1712 5334 1838 5373 vero
1876 5309 2069 5380 recipit
2106 5303 2453 5375 perfectionis
2495 5303 2918 5359 additamentum
2950 5344 2963 5367 ,
3012 5304 3360 5374 progrediens
3401 5322 3432 5370 a

221 5393 415 5450 visione
435 5411 531 5466 per
553 5400 832 5468 speculum
860 5412 912 5458 et
940 5405 992 5458 in
1027 5406 1331 5478 aanigmate,
1363 5410 1430 5465 ad
1470 5410 1757 5467 videndum
1800 5410 1938 5466 facie
1968 5404 2034 5460 ad
2062 5399 2252 5456 faciem
2283 5411 2403 5467 qua:
2426 5407 2732 5467 sperantur.

804 5518 1053 5575 ΚΕΦΑΔ.
1092 5518 1168 5575 E'.

299 5602 608 5661 Ἀποδυτέον
632 5605 724 5664 οῦν
760 5610 834 5674 ὼς
877 5612 1090 5682 ἱμάτιον
1145 5613 1244 5686 τὴν
1287 5617 1607 5687 σωματικὴν
1661 5633 1762 5685 γυ-

2490 5509 2716 5566 CAPUT
2755 5509 2819 5565 ν.

1940 5609 2197 5666 Eruenda
2220 5608 2405 5679 igitur,
2427 5616 2681 5675 tanquam
2700 5605 2885 5671 vestis,
2906 5603 3201 5675 corporalis
3222 5602 3431 5660 exerci-

292 5718 335 5779 ‘_’
361 5718 546 5778 Matth.
578 5739 726 5789 xxrv,
762 5722 844 5779 I7.
922 5725 967 5758 ⁶³
1000 5724 1100 5781 Isa.
1137 5743 1266 5795 uti,
1310 5726 1358 5782 1.
1434 5727 1476 5759 ii
1499 5727 1659 5784 Prov.
1695 5744 1760 5784 xx

1868 5733 1915 5801 i;
1943 5746 2111 5794 xxv",
2148 5726 2231 5782 f5.
2307 5722 2353 5755 "
2390 5723 2405 5778 Ι
2436 5722 2574 5777 Tim.
2610 5736 2681 5787 tv,
2713 5720 2767 5775 8.
