3838 6056
464 564 576 610 tum
603 560 980 630 bonorumque
1001 574 1300 628 custodiam
1325 586 1376 630 et
1398 583 1771 653 securitatem;
1807 587 1893 642 hic
1923 590 2038 659 gla-

461 645 586 700 dius
609 647 668 701 iit
690 653 849 704 etiam
878 655 1142 725 gloriatio,
1162 664 1427 732 gloriatio,
1450 671 1692 743 inquam,
1717 691 1824 730 non
1850 645 2039 747 super-

462 733 665 791 bientis
695 740 1006 800 stoliditatis
1045 751 1281 807 exitialis
1315 733 1630 822 fastus-sed
1655 765 1862 826 affectio
1888 733 2036 838 qiua-

465 818 590 873 dam
625 825 826 892 gratias
861 845 1163 900 agnoscens
1193 843 1377 897 auxilii
1423 846 1514 901 Dei
1543 866 1556 915 ;
1595 853 1670 906 uti
1698 818 2034 913 dictumlfuit

461 912 529 967 ad
569 918 853 984 quemdam
889 941 902 976 :
955 943 973 976 ι
1010 923 1375 1000 Pronugnaltit
1422 912 1632 1006 adju'tor
1654 953 1798 1011 tuus,
1844 959 1896 1003 et
1918 951 2032 1020 gla-

460 1001 584 1060 dius
636 1007 883 1076 gloriatio
927 1023 1036 1081 tua,
1086 1020 1375 1094 l'nllentqne
1419 1039 1469 1084 te
1503 1032 1707 1089 inimici
1753 1040 1850 1105 tui,
1888 1001 1948 1094 et)
1973 1051 2027 1096 tu

457 1109 622 1164 super
679 1099 816 1155 colla
873 1118 1058 1160 eorum
1117 1117 1376 1172 ascendes
1413 1119 1476 1174 ⁸⁸.
1523 1140 1542 1172 ι
1592 1122 1681 1180 Sic
1719 1125 2031 1188 divenditur

458 1187 858 1259 vestimentum,
905 1197 1092 1268 sicque
1137 1207 1341 1262 emitur
1383 1212 1624 1281 gladius,
1680 1221 1824 1288 quod
1858 1225 2026 1279 vesti-

455 1285 696 1331 mentum
750 1290 864 1337 tum
915 1290 1115 1355 prazbet
1163 1295 1284 1363 ejus
1329 1303 1404 1354 rei
1443 1307 1862 1377 possessionem,
1907 1329 2028 1382 qua:

453 1364 614 1437 583
654 1371 805 1439 prius
836 1391 943 1431 non
989 1379 1305 1452 habebatur,
1349 1364 1460 1446 tum
1498 1411 1584 1452 res
1624 1399 1742 1468 ipsa
1773 1364 2027 1471 perdtirat

452 1471 550 1557 per
576 1463 837 1532 habitum,
869 1470 992 1527 licet
1021 1478 1239 1544 provide
1271 1495 1422 1540 vacet
1444 1463 1788 1557 operationis
1801 1493 2023 1554 Habitus

443 1914 782 1976 ostendentis
817 1924 1056 1984 scientiae
1087 1947 1200 1987 suae
1227 1935 1548 1996 industriam
1571 1984 1585 2006 ,
1611 1947 1770 2017 cujus
1792 1952 2017 2008 scientia

442 2007 730 2075 quiescens
753 2016 974 2075 minime
1016 2023 1280 2093 aboletur,
1313 2031 1358 2085 si
1396 2032 1510 2103 ipse
1559 2049 1782 2106 propter
1827 2059 2013 2100 earum

441 2102 722 2166 penuriam
771 2108 990 2164 otietur.
1038 2111 1247 2171 Etenim
1299 2102 1559 2193 illa,iqu:e
1609 2130 1714 2184 tale
1746 2133 1897 2186 exuit
1926 2151 2016 2189 ve-

440 2190 786 2263 stimentum,
829 2202 1126 2274 eodemque
1179 2209 1360 2266 denuo
1407 2190 1619 2287 cogitur
1675 2224 1750 2276 uti
1800 2238 2016 2293 propter

437 2283 982 2347 eondescendentiam
1014 2296 1080 2349 ad
1114 2283 1560 2372 imperfectiores,
1587 2283 1863 2379 quomodo
1886 2317 1961 2372 ait
1995 2333 2010 2370 :

443 2391 462 2423 ε
491 2373 796 2446 Exspoliavi
823 2398 908 2438 me
929 2388 1108 2443 tunica
1129 2406 1272 2456 mea,
1297 2399 1571 2463 quomodo
1598 2403 1792 2460 induar
1819 2425 1879 2462 ea
1901 2411 1970 2464 νῖν
1990 2432 2005 2461 ι

435 2461 552 2520 Nisi
579 2469 701 2526 talis
729 2475 915 2542 vestis,
938 2478 1100 2534 etiam
1126 2482 1369 2554 deposita
1412 2505 1768 2559 permaneret,
1808 2516 2010 2560 vacans

433 2562 755 2630 operationi,
817 2582 882 2624 ac
933 2586 1027 2640 per
1061 2573 1277 2632 habitus
1315 2585 1611 2649 potentiam
1673 2591 2004 2655 subsistens.

434 2647 624 2719 Itaque
653 2654 744 2724 qui
774 2669 975 2714 vestem
1007 2661 1269 2732 divendit,
1316 2647 1543 2727 omnino
1575 2677 1813 2746 gladium
1853 2685 2004 2751 emit,

435 2748 546 2795 tum
581 2743 726 2799 illam
763 2749 988 2806 minime
1014 2755 1272 2815 amittens
1296 2800 1311 2824 ,
1343 2770 1457 2818 tum
1489 2766 1652 2823 istum
1697 2775 2002 2842 acquirens.

437 2827 636 2888 Verum
690 2840 908 2907 qualem
964 2843 1202 2911 gladium
1240 2853 1416 2907 emit?
1457 2857 1536 2912 An
1582 2827 2004 2936 illum,ldei

432 2921 682 2983 Christus
705 2931 781 2985 ait
819 2949 833 2986 :
867 2951 886 2984 ι
919 2934 1034 2992 Νοιι
1064 2942 1186 2994 veni
1237 2945 1450 3002 mittere
1497 2966 1703 3019 pacem,
1745 2958 1836 3010 sed
1883 2921 2000 3029 gila-

430 3013 580 3071 dium
613 3018 696 3072 “‘2
740 3040 759 3072 ι
812 3024 1049 3092 gladium
1091 3045 1291 3089 vocans
1335 3039 1738 3106 praedicationis
1792 3066 2000 3107 sermn-

429 3123 580 3164 nem.
614 3110 685 3167 Ut
717 3116 860 3172 enim
889 3120 1100 3188 gladius
1128 3126 1323 3182 dividit
1349 3146 1409 3185 ea
1439 3149 1560 3202 quae
1589 3153 1779 3195 mutuo
1804 3154 1931 3198 sunt
1971 3163 1999 3200 a

430 3210 634 3284 natura.
668 3221 933 3276 connexa,
962 3223 1016 3268 et
1057 3230 1259 3286 corpus
1307 3225 1629 3283 continuum
1685 3231 1916 3289 disserat
1948 3236 1998 3288 in

429 3303 645 3364 partes;
689 3299 763 3355 ita
803 3317 985 3360 sermo
1025 3311 1429 3377 praedicationis
1463 3317 1518 3372 in
1559 3337 1999 3398 unamquamque

429 3385 649 3446 dotnum
691 3396 950 3453 accedens
983 3440 997 3463 ,
1056 3409 1183 3458 tunc
1217 3419 1330 3471 eos,
1377 3410 1467 3478 qui
1502 3414 1639 3469 male
1681 3428 1834 3474 erant
1859 3422 1996 3476 uniti

428 3495 526 3550 per
553 3482 943 3556 inﬁdelitatem,
971 3492 1038 3546 ab
1067 3493 1299 3551 invicem
1330 3500 1609 3570 discindit,
1642 3505 1813 3563 {ilium
1845 3527 1874 3566 a
1899 3528 1996 3582 pa-

426 3579 533 3634 t'e.
554 3573 721 3630 tiliam
752 3593 784 3632 a
812 3591 1004 3646 matre,
1037 3593 1090 3638 et
1114 3601 1368 3656 sponsam
1413 3606 1442 3645 a
1496 3608 1656 3650 socru
1693 3598 1997 3657 dirimendo

427 3682 494 3722 ac
554 3669 900 3730 dissociando
933 3716 947 3740 ,
1016 3678 1299 3752 ipsamque
1367 3695 1614 3744 naturam
1673 3692 1994 3753 dissecaudo

425 3759 835 3821 demonstrabat
862 3769 1023 3839 tinem
1053 3775 1452 3842 praedicationis
1484 3779 1780 3841 Dominicte
1804 3828 1818 3852 ,
1846 3792 1992 3859 quod

423 3850 581 3908 valde
605 3853 811 3910 utiliter
867 3867 920 3914 et
947 3861 1014 3914 ad
1044 3861 1325 3921 hominum
1355 3873 1700 3929 commodum
1731 3875 1988 3946 iusserat,

423 3949 486 3997 ut
505 3947 734 4015 apostoli
765 3948 1002 4018 gladium
1035 3955 1360 4025 acciperent.

1025 4064 1251 4127 CAPUT
1309 4073 1394 4132 Vl.

493 4169 686 4228 Statim
717 4167 882 4247 igitur
918 4177 1114 4238 Petrus
1146 4190 1444 4257 respondit,
1490 4194 1627 4250 duos
1675 4199 1862 4257 dicens
1890 4205 1987 4257 ha-

420 4262 549 4319 bere
582 4267 810 4334 gladios,
836 4287 976 4340 quos
1007 4285 1059 4329 et
1085 4278 1408 4338 suliicientes
1441 4300 1562 4342 esse
1583 4288 1647 4342 ad
1680 4289 1842 4364 584
1871 4310 1987 4350 cer-

420 4362 624 4420 tamen,
652 4359 794 4426 quod
844 4360 1102 4430 instabat,
1128 4366 1267 4435 dixit
1303 4368 1567 4428 Dominus
1599 4375 1664 4430 ‘9.
1700 4359 1831 4447 ipsi
1855 4398 1983 4436 vero

419 4453 568 4510 sunt,
604 4457 660 4501 ut
683 4449 758 4505 ait
801 4451 1116 4521 Apostolus,
1150 4459 1406 4516 nimirum
1447 4443 1761 4538 redargutio
1808 4487 1977 4541 oppo-
2016 4443 2056 4498 θ

418 4538 728 4607 sitorum,et
746 4545 1052 4602 exhortatio
1089 4549 1362 4622 ﬁdelium;
1401 4557 1478 4612 sic
1510 4561 1655 4614 enim
1691 4561 1814 4619 Tito
1843 4568 1980 4620 scri-

417 4624 572 4693 bens,
615 4634 716 4686 bos
760 4633 814 4686 in
861 4650 1055 4691 manus
1101 4640 1263 4694 tradit
1310 4643 1642 4712 doctoribus,
1693 4652 1820 4705 dum
1861 4655 1974 4710 ait;

422 4737 444 4772 ι
473 4719 539 4776 Ut
569 4733 758 4792 potens
787 4727 856 4780 sit
879 4737 934 4781 et
959 4730 1012 4783 in
1034 4731 1280 4788 doctrina
1299 4735 1598 4805 exhortari,
1626 4750 1680 4796 et
1710 4749 1979 4801 contradi-

416 4821 602 4868 centes
631 4829 859 4885 arguere
881 4818 961 4884 "°;
996 4839 1014 4871 ι
1048 4837 1352 4879 sermonem
1401 4827 1453 4881 in
1479 4834 1685 4898 species
1724 4834 1860 4891 duas
1894 4838 1977 4892 di—

415 4899 728 4971 stinguens;
768 4906 870 4960 alia
909 4917 992 4962 est
1034 4911 1179 4964 enim
1204 4915 1412 4981 species
1462 4919 1722 4978 doctrina:
1756 4942 1881 4997 erga
1913 4927 1978 4981 ii-

415 4991 585 5059 deles,
627 5006 678 5048 et
715 4996 819 5051 alia
847 5008 1035 5055 contra
1067 5004 1308 5061 veritatis
1343 5009 1633 5080 inimicos;
1675 5015 1788 5070 haec
1829 5019 1976 5076 enim

399 5092 498 5160 'est
531 5086 838 5156 redargutio
879 5089 1152 5159 falsitatis,
1184 5097 1272 5151 illa
1307 5116 1432 5155 vero
1463 5105 1802 5161 conﬁrmatio
1833 5112 1975 5165 veri-

413 5177 559 5232 tatis.
585 5179 737 5246 Quod
772 5193 949 5238 autem
988 5202 1293 5245 sermonem
1332 5205 1484 5250 vocet
1519 5199 1800 5267 gladium,
1861 5219 1975 5256 ma-

411 5268 665 5326 nifestum
689 5285 771 5328 est
806 5278 1092 5346 omnibus,
1121 5297 1242 5336 cum
1275 5300 1336 5339 ea
1367 5285 1531 5342 dictio
1579 5291 1698 5343 trita
1728 5293 1971 5360 exsistat,

409 5374 478 5414 eo
501 5366 645 5432 quod
696 5367 769 5420 sit
810 5368 874 5422 ad
917 5385 1136 5425 manum
1166 5375 1288 5439 sita,
1340 5392 1461 5444 qua:
1502 5379 1671 5434 dicit:
1721 5403 1739 5434 ‹
1775 5381 1971 5442 Vivens

408 5452 605 5521 quippe
634 5471 813 5511 sermo
849 5458 961 5526 Dei,
992 5471 1046 5514 et
1073 5461 1282 5527 eﬂicax,
1313 5475 1366 5518 et
1395 5471 1783 5534 penetrabilior
1805 5490 1971 5544 super

408 5556 626 5599 omnem
670 5549 904 5618 gladium
955 5553 1245 5623 ancipitem
1271 5557 1353 5624 ﬁ“.
1391 5576 1410 5607 ι
1462 5557 1559 5615 Hic
1614 5579 1847 5635 namque
1889 5567 1968 5620 bi-

3607 328 3739 390 1272

2023 437 2044 448 -
2071 415 2118 468 Α
2147 414 2398 482 μνασίαν,
2451 421 2544 472 καὶ
2579 423 2706 486 τοὺς
2748 426 2965 498 ἐκείνης
3022 433 3239 502 πόνους,
3275 435 3358 502 ὡς
3407 440 3597 510 τιμῆς
3641 447 3734 499 τοῦ

2145 505 2520 572 πεπραμένον,
2551 508 2650 579 τὴν
2678 513 2777 583 τῆς
2804 516 3089 586 εὐσεϐείας
3121 527 3354 595 κτητέον
3403 505 3723 602 μάχαιραν,

2143 600 2421 670 χρησίμην
2455 605 2720 676 ἐσομένην
2751 610 2886 680 πρὸς
2936 615 3185 688 φυλακὴν
3218 619 3330 672 τῶν
3359 600 3734 692 ὑπαρχόντων

2143 691 2235 742 καὶ
2282 692 2601 760 ἀσφάλειαν.
2649 698 2794 771 Αὕτη
2840 705 2934 758 καὶ
2970 705 3236 777 καύχημα
3269 691 3501 778 γίνεται
3628 719 3729 785 μά·

2139 799 2323 852 χαιρα,
2352 785 2611 857 καύχημα
2632 789 2730 843 οὐκ
2773 791 3101 866 ἀλαζονικῆς
3153 801 3418 866 ἀπονοίας
3473 803 3726 876 ὀλέθριον

2141 871 2427 942 φρύαγμα,
2465 876 2720 948 βοηθείας
2763 882 2822 936 δὲ
2880 885 3016 939 Θεοῦ
3072 889 3397 960 εὐχάριστος
3446 871 3723 961 διάθεσις,

2137 958 2212 1022 ὼς
2240 963 2451 1034 εἴρηται
2483 967 2621 1037 πρός
2653 987 2796 1024 τιναο
2828 992 2847 1025 ‹
2895 958 3258 1048 ’Υπερασπιεῖ
3285 983 3314 1034 ὁ
3338 983 3552 1054 βοηθός
3605 958 3719 1050 σου,

2136 1051 2287 1123 καὶὴ
2325 1055 2562 1128 μάχαιρα
2587 1061 2850 1134 καύχημά
2890 1083 3008 1131 σου,
3063 1071 3158 1123 καὶ
3204 1051 3520 1141 ψεῦσον-ταί
3549 1094 3613 1130 σε
3674 1081 3718 1132 σί

2135 1139 2319 1214 ἐχθροί
2349 1161 2462 1208 σου,
2495 1148 2590 1202 καὶ
2621 1151 2684 1205 σὺ
2729 1155 2822 1207 ἐπὶ
2850 1157 2977 1221 τοὺς
3011 1163 3316 1233 τραχήλους
3353 1167 3550 1219 αὐτῶν
3598 1172 3714 1222 ἐπι-

2135 1232 2298 1306 σήσῃ.
2328 1256 2348 1288 ι
2379 1237 2567 1306 Οὕτως
2597 1244 2852 1300 πωλεῖται
2880 1248 2942 1303 τὸ
2979 1232 3210 1320 ἱμάτιον,
3246 1259 3341 1311 καὶ
3374 1259 3564 1325 οὕτως
3589 1263 3715 1329 ἁγο-

2135 1323 2355 1394 ράζεται
2383 1330 2415 1400 ή
2446 1331 2690 1405 μάχαιρα
2734 1337 2828 1391 καὶ
2861 1340 3053 1396 τούτου
3097 1345 3197 1417 τὴν
3229 1349 3428 1418 κτῆσιν
3468 1353 3715 1423 παρέχον

2130 1415 2228 1487 οὐχ
2249 1418 2599 1491 ὑπάρχουσαν
2619 1427 2901 1500 πρότερον,
2929 1433 3021 1486 καὶ
3044 1435 3175 1490 αὐτὸ
3207 1442 3546 1512 παραμένον
3594 1445 3713 1496 καθ’

2128 1505 2275 1571 ἕξιν,
2300 1508 2402 1562 κᾶν
2445 1514 2804 1585 οἰκονομικῶς
2835 1521 3068 1595 σχολάζῃ
3101 1527 3168 1597 τῇ
3208 1505 3501 1600 ἐνεργείᾳ.
3554 1530 3710 1595 Ἕξις

2128 1597 2236 1666 γὰρ
2265 1598 2370 1653 κᾶν
2417 1603 2617 1673 ἀργίαν
2661 1607 2786 1676 ἄγοι
2834 1611 2936 1681 τῆς
2969 1597 3372 1690 ἐπιϐαλλούσης
3409 1597 3709 1690 ἐργασίας..

2127 1689 2383 1760 ἀλλοῦνγε
2407 1694 2504 1764 τὴν
2535 1697 2760 1770 δύναμιν
2778 1701 2978 1774 ἔχουσα
3000 1689 3352 1782 ἐρρωμένην,
3389 1689 3488 1766 ὅτε
3521 1713 3710 1784 βούλε-

2121 1797 2208 1834 ται
2249 1783 2488 1854 ἐνεργεῖν
2515 1789 2908 1859 ἀνεμπόδιστος
2935 1797 3182 1867 πέφυκεν
3205 1841 3220 1865 ,
3259 1783 3529 1873 τεχνίτου
3551 1806 3711 1877 δίκην

2123 1874 2181 1927 ὲν
2229 1879 2350 1940 ταῖς
2401 1877 2556 1944 ὕλαις
2595 1884 3038 1957 ἐπιδεικνυμένου
3083 1890 3181 1962 τὴν
3227 1893 3330 1963 τῆς
3377 1897 3711 1967 ἐπιστήμης

2120 1966 2421 2037 ἀκρίϐειαν,
2449 1972 2651 2046 ἀπορία
2690 1976 2746 2030 δὲ
2786 1978 2991 2033 τούτων
3021 1983 3340 2053 ἀργοῦντος,
3371 1966 3702 2057 ἡσυχαζού-

2121 2071 2241 2124 σης,
2271 2059 2369 2111 οὐκ
2390 2061 2791 2136 ἀφανιζομένης
2814 2067 2916 2137 τῆς
2959 2071 3288 2144 ἐπιστήμης.
3344 2077 3482 2140 Πῶς
3528 2078 3647 2150 γὰρ
3677 2081 3708 2150 ἠ

2115 2145 2177 2198 τὸ
2214 2148 2450 2203 τοιοῦτον
2477 2153 2862 2228 ἀποδυσαμένη
2901 2161 3137 2228 ἱμάτιον,
3185 2167 3279 2219 καὶ
3323 2168 3502 2221 πάλιν
3550 2172 3704 2242 αὖτῷ

2117 2239 2437 2310 κεχρῆσθαι.
2453 2243 2542 2297 διὰ
2578 2245 2676 2318 τὴν
2716 2249 2853 2319 πρὸς
2876 2252 3005 2316 τοὺς
3030 2253 3424 2329 ἀτελεστέρους
3482 2239 3702 2326 σὐγκιιζ

2113 2328 2345 2383 τάδασιν
2375 2334 2816 2411 ἀναγκαζομένη,
2855 2345 3053 2414 φησίνο
3092 2365 3111 2398 ι
3168 2348 3563 2422 Ἐξεδυσάμην
3605 2355 3700 2407 τὸν

2113 2418 2315 2487 χιτῶνά
2338 2438 2459 2490 μου,
2499 2426 2614 2488 πῶς
2635 2428 2936 2501 ἑνδύσωμαι
2959 2433 3147 2487 αὐτόν·
3184 2455 3201 2487 ι
3245 2440 3293 2490 εί
3321 2440 3397 2511 μὴ
3434 2443 3541 2494 καὶ
3567 2460 3704 2510 παρ-

2113 2508 2272 2576 έμενε
2299 2511 2360 2563 τὸ
2387 2514 2624 2569 τοιοῦτον
2649 2519 2882 2587 ἱμάτιον,
2911 2523 3166 2594 σχολάζον
3197 2533 3262 2600 τῇ
3293 2533 3569 2604 ἐνεργείᾳ
3612 2539 3701 2589 καὶ

2111 2601 2353 2672 ὑπάρχον
2394 2604 2618 2677 δυνάμει
2683 2612 2782 2682 τῆς
2829 2614 3023 2683 Essex;
3077 2619 3134 2673 Ὀ
3168 2616 3260 2675 οὖν
3301 2601 3584 2694 πωλήσας
3636 2630 3694 2682 τὸ

2111 2693 2325 2761 ἱμάτιον
2350 2695 2566 2751 ὠνεῖται
2604 2699 2821 2767 πάντως
2859 2706 2959 2776 τὴν
3005 2707 3300 2782 μάχαιραν,
3350 2719 3593 2770 κακεῖνο
3623 2721 3697 2788 μὴ

2108 2787 2432 2856 ἐκποιήσας,
2483 2791 2579 2844 καὶ
2626 2793 2785 2848 τοῦτο
2854 2799 3219 2869 κτησάμενος.
3268 2807 3583 2878 Μάχαιραν
3637 2811 3694 2864 δὲ

2102 2877 2358 2947 ἠγόρασε,
2382 2881 2573 2947 ποίαν,
2621 2884 2654 2954 ἢ
2703 2887 2832 2956 περὶ
2858 2883 2926 2960 ἧς
2962 2890 2990 2942 ὁ
3020 2892 3254 2961 Χριστός
3281 2877 3482 2966 φησινέ
3524 2918 3544 2948 ‹
3581 2900 3695 2951 Οὔκ

2101 2964 2262 3038 ἦλθον
2287 2971 2472 3040 βαλεῖν
2503 2975 2749 3047 εἰρήνην,
2806 2979 2938 3033 ἀλλά
2973 2984 3285 3054 μάχαιραν;
3328 2964 3355 3037 »⁷
3396 2989 3696 3059 μάχαιραν

2103 3060 2283 3113 καλῶν
2320 3064 2412 3116 τὸν
2456 3065 2548 3119 τοῦ
2572 3068 2927 3144 κηρύγματος
2947 3073 3102 3142 λόγον
3125 3092 3138 3104 ·
3157 3076 3232 3140 ὡς
3248 3077 3357 3147 γὰρ
3375 3081 3408 3147 ἠ
3432 3082 3696 3150 μάχαιρα

2103 3149 2302 3221 διαιρεῖ
2332 3153 2400 3206 τὰ
2431 3160 2851 3226 συμπεφυκότα,
2886 3163 2980 3216 καὶ
3009 3163 3068 3216 τὸ
3091 3167 3313 3236 συνεχὲς
3357 3149 3531 3239 σῶμα
3551 3149 3693 3225 76:2-

2101 3241 2287 3310 τέμνει
2315 3246 2394 3310 είς
2431 3246 2596 3317 μέρη,
2628 3249 2800 3314 οὕτως
2838 3253 2866 3306 ὁ
2897 3253 2992 3307 τοῦ
3029 3256 3387 3328 κηρύγματος
3415 3261 3588 3329 λόγος
3611 3267 3694 3326 εἰς

2101 3333 2339 3406 ἑκάστην
2367 3339 2625 3409 χωρήσας
2651 3341 2851 3409 οἰκίαν,
2900 3346 3023 3400 τότε
3071 3350 3197 3412 τοὺς
3246 3351 3441 3410 κακῶς
3490 3357 3556 3408 ἐν
3615 3360 3684 3426 τῇ

2098 3425 2326 3498 ἀπιστίᾳ
2357 3431 2667 3500 ἡνωμένους
2695 3436 2788 3486 ἀπ’
2820 3437 3066 3509 ἀλλήλων
3092 3441 3364 3513 διέτεμεν,
3401 3446 3527 3500 υίδν
3573 3425 3689 3502 (me

2099 3520 2328 3589 πατρὸς,
2384 3522 2660 3593 θυγατέρα
2695 3526 2803 3580 ἀπὸ
2849 3531 3082 3600 μητρὸς,
3145 3535 3240 3588 καὶ
3289 3535 3527 3610 νύμφην
3570 3541 3687 3593 ἀπὸ

2096 3610 2361 3682 πενθερᾶς
2386 3615 2735 3688 ἀποδιαιρῶν,
2773 3621 2943 3694 αὐτὴν
2965 3625 3321 3696 κατατέμνων
3347 3630 3450 3700 τὴν
3511 3631 3686 3700 φύσιν

2093 3701 2332 3756 ἐδείκνυε
2358 3705 2418 3758 τὸ
2451 3707 2624 3779 πέρας
2647 3711 2746 3781 τῆς
2766 3711 2860 3765 τοῦ
2892 3715 3100 3787 Κυρίου
3133 3721 3552 3789 παραγγελίας,
3594 3723 3680 3776 ὅτι

2094 3793 2295 3864 σφόδρα
2325 3799 2629 3868 χρησίμως,
2647 3805 2739 3855 καὶ
2756 3805 2848 3858 ἐπὶ
2869 3808 3197 3880 συμφέροντι
3221 3811 3329 3864 τῶν
3358 3814 3461 3866 ἀνθ
3469 3815 3682 3885 ρώπων

2094 3886 2366 3961 μάχαιραν
2389 3889 2570 3945 λαϐεῖν
2597 3893 2726 3958 τοὺς
2752 3895 3082 3964 ἀποστόλους
3135 3902 3448 3957 ἐκέλευσεν.

2683 4091 2934 4150 ΚΕΦΑΛ.
2975 4099 3065 4166 c7.

2157 4198 2373 4264 Εὐθέως
2419 4199 2513 4256 οῦν
2532 4205 2560 4256 ὁ
2583 4205 2789 4277 Πέτρος
2817 4209 3170 4282 ἀποκρίνεται
3197 4213 3290 4268 δύο
3311 4215 3496 4285 λέγων
3522 4219 3670 4286 ἔχειν

2089 4291 2380 4361 μαχαίρας.
2409 4293 2477 4358 ἃς
2504 4297 2598 4348 καὶ
2630 4298 2820 4363 ἱκανὰς
2851 4301 2987 4372 πρὸς
3009 4303 3099 4356 τὸν
3133 4307 3507 4377 προκείμενον
3529 4310 3668 4378 ἔφη·

2087 4397 2178 4432 σεν
2201 4382 2383 4450 ἀγῶνα
2411 4387 2439 4437 ὀ
2470 4386 2672 4457 Κύριος
2699 4383 2858 4443 εἶναι.
2893 4384 3066 4446 Αῦται
3113 4395 3171 4448 δέ
3195 4399 3355 4461 εἰσιν,
3392 4397 3470 4462 ὥς
3500 4416 3667 4470 φησιν

2085 4474 2112 4525 ὁ
2164 4473 2508 4540 Ἀπόστολος,
2556 4478 2776 4551 ἔλεγχος
2813 4483 2923 4536 τῶν
2981 4486 3512 4558 ἀντιδιατιθεμένων,
3568 4493 3666 4545 καὶ

2086 4565 2429 4638 παράκλησις
2445 4569 2552 4623 τῶν
2574 4573 2794 4627 πιστῶν·
2809 4575 2982 4641 οὕτως
3002 4579 3112 4650 γὰρ
3129 4579 3207 4650 τῷ
3232 4582 3378 4652 Τίτῳ
3396 4585 3654 4654 γράφων.

2084 4655 2285 4720 ταύτας
2320 4661 2611 4731 ἐγχειρίζει
2643 4666 2754 4727 τοῖς
2783 4665 3146 4732 διδασκάλοις,
3203 4671 3412 4740 λέγων’
3460 4693 3482 4725 ι
3542 4676 3663 4730 Ἵνα

2084 4745 2308 4810 δυνατὸς
2403 4750 2496 4802 καὶ
2515 4752 2858 4822 παρακαλεῖν
2883 4758 2941 4808 ὲν
2957 4760 3023 4827 τῇ
3047 4757 3442 4833 διδασκαλίᾳτῇ
3474 4763 3660 4830 ὑγιαιο

2079 4835 2263 4909 νούσῃ.
2302 4839 2396 4892 καὶ
2433 4841 2560 4904 τοὺς
2598 4842 2978 4913 ἀντιλέγοντας
3028 4849 3288 4920 ἐλέγχειν,
3327 4869 3347 4902 ›
3381 4852 3475 4905 τὸν
3500 4854 3658 4923 λόγον

2078 4929 2158 4991 είς
2181 4929 2292 4999 εἴδη
2320 4929 2413 4983 δύο
2435 4929 2679 5003 διαιρῶν·
2703 4934 2829 4989 ἄλλο
2854 4937 2962 5008 γὰρ
2982 4933 3121 5003 εἶδος
3149 4941 3209 4995 τὸ
3232 4942 3328 5011 τῆς
3358 4943 3501 5013 ergo;
3531 4947 3659 5007 τοῦς

2080 5022 2301 5084 πιστοὺς
2327 5022 2692 5091 διδασκαλίας,
2721 5029 2817 5082 καὶ
2838 5029 2966 5084 ἄλλο
2994 5032 3133 5102 πρὸς
3153 5036 3279 5098 τοὺς
3305 5035 3542 5106 ἐχθροὺς
3559 5039 3655 5108 τῆς

2078 5111 2352 5180 ἀληθείας.
2391 5113 2464 5166 Τὸ
2522 5115 2619 5183 μὲν
2655 5117 2764 5187 γάρ
2820 5119 2970 5173 ἐστιν
3021 5121 3244 5192 ἔλεγχος
3286 5123 3548 5193 ψεύδους,
3596 5129 3656 5180 τὸ

2079 5202 2136 5253 δὲ
2163 5202 2263 5272 τῆς
2314 5203 2572 5274 ἀληθείας
2625 5207 2939 5277 βεϐαίωσις.
2969 5213 3092 5267 ’Ὀτι
3137 5215 3194 5267 δὲ
3241 5217 3521 5288 μάχαιραν
3566 5221 3653 5273 τὸν

2080 5290 2237 5376 λόγον
2277 5294 2449 5362 καλεὶ,
2483 5298 2616 5350 πᾶσι
2669 5297 2848 5369 δῆλον,
2897 5306 3266 5377 τετριμμένης
3299 5307 3387 5360 διὰ
3415 5309 3480 5361 τδ
3517 5311 3650 5381 πρό-

2080 5367 2261 5454 χειρον
2301 5387 2398 5454 τῆς
2434 5367 2732 5461 Γραφικῆςή
2763 5392 2961 5459 λέξεως
3136 5398 3425 5470 λεγούσηςο
3473 5419 3496 5452 σ
3536 5403 3650 5455 Ζῶν

2077 5479 2185 5547 γὰρ
2211 5480 2238 5531 ὁ
2265 5480 2417 5547 λόγος
2445 5482 2539 5535 τοῦ
2575 5483 2730 5550 Θεοῦ,
2782 5487 2878 5539 καὶ
2908 5489 3155 5559 ἐνεργὴς,
3211 5489 3305 5543 καὶ
3333 5491 3648 5564 τομώτερος

2080 5571 2218 5642 ὑπὲρ
2249 5575 2430 5627 πᾶσαν
2465 5575 2742 5648 μάχαιραν
2773 5578 3047 5649 δίστομον.
3093 5599 3111 5631 ι
3152 5580 3421 5636 Ἐνταῦθα
3448 5583 3561 5650 γὰρ
3589 5584 3646 5636 τὸ

484 5719 531 5760 ⁸⁸
557 5719 713 5778 Deut.
745 5741 934 5794 xxxiii,
963 5731 1054 5786 ‘29.
1129 5735 1171 5766 ⁶⁷
1195 5735 1352 5793 Cant.
1386 5752 1437 5807 ι’,
1463 5739 1512 5794 ’5.
1593 5741 1636 5775 ⁸⁸
1669 5740 1856 5799 Matth.
1888 5761 1943 5812 Χ,
1977 5746 2001 5802 5

2144 5750 2186 5782 "
2221 5749 2353 5808 Luc.
2398 5768 2529 5816 χχιι,
2559 5755 2645 5811 58.
2724 5759 2766 5789 ⁷⁰
2802 5757 2904 5812 Tit.
2957 5775 2992 5826 ι,
3021 5758 3072 5814 9.
3149 5762 3189 5794 ⁷⁸
3215 5719 3386 5816 VHebr.
3416 5777 3492 5822 tv.
3530 5762 3616 5820 Β.
