3838 6056
30 312 212 379 1:173

1559 322 1832 383 SERMO.

3190 313 3323 377 1:274

22 430 367 503 ἄμφηκες,
403 431 480 493 ὠς
506 433 719 506 εῑρηται
750 435 836 490 διὰ
862 435 953 490 τοῦ
1001 436 1179 507 λόγου.
1208 437 1439 491 Δύναται
1466 437 1523 490 δέ
1563 454 1643 501 τις

1749 453 1895 507 ceps,
1921 452 2013 491 seu
2049 433 2302 491 scindens
2330 433 2603 503 utrinque,
2631 443 2690 487 ut
2717 432 2919 488 dictum
2953 442 3056 501 est,
3093 432 3323 489 demon-

21 518 143 574 δ’ύο
189 523 485 594 μαχαίρας
505 524 683 594 λέγειν
716 528 1008 599 σαφήνειαν
1047 529 1139 581 καὶ
1161 529 1437 600 ἀλήθειαν.
1469 525 1638 584 Abeat

23 614 192 684 γὰρ,
230 617 371 671 ὅταν
401 611 500 671 ὦσι
520 620 956 690 παρεζευγμέναι
994 621 1070 692 τῷ
1115 622 1276 693 λόγῳ,
1309 623 1507 687 ἱκανῶς
1533 641 1641 693 χει-

29 703 308 775 ροῦνται
361 707 486 772 τοὺς
536 709 1077 781 ἀντιδιατιθεμένους.
1135 714 1234 767 Διά
1276 713 1430 767 τοῦτο
1474 715 1566 767 καὶ
1616 716 1644 767 ὁ

25 798 374 870 ἀρχιερεὺς
404 800 498 854 ἐπὶ
528 801 625 865 τὰς
654 802 747 855 τοῦ
780 803 905 873 περὶ
941 804 1137 875 στέρνα
1164 805 1341 873 λογίου
1367 807 1643 876 μυστικῶς

27 885 435 958 ἐπικειμένας
484 883 597 961 εἶχε
648 891 879 962 δήλωσιν
927 893 1022 947 καὶ
1080 895 1359 967 ἀλήθειαν,
1414 896 1643 966 δήλωσιν

28 977 201 1046 πρὸς
242 981 548 1051 σαφήνειαν
593 980 703 1035 τῶν
736 981 1064 1054 λεγομένων,
1125 986 1219 1039 καὶ
1248 985 1385 1056 πρὸς
1417 986 1644 1055 ἀνατρο-

26 1067 163 1149 πὴν
222 1067 462 1139 ψεύδους
510 1070 788 1141 ἀλήθειαν.
826 1072 1076 1137 Φαίνεται
1098 1069 1190 1127 οὖν
1218 1076 1246 1127 ὁ
1284 1073 1511 1144 Πέτρος,
1547 1071 1642 1125 καὶ

29 1162 423 1232 χρησάμενος
454 1162 520 1233 τῇ
560 1164 805 1235 μαχαίρᾳ
859 1165 1065 1233 σαφῶς,
1094 1166 1181 1218 ὅτε
1222 1165 1284 1219 τὸ
1321 1165 1483 1219 ὠτίον
1535 1167 1642 1219 ἀπ-

34 1252 243 1321 έκοψε
278 1253 370 1307 τοῦ
390 1254 577 1308 δούλου
600 1254 692 1308 τοῦ
715 1256 1033 1328 ἀρχιερέως,
1060 1257 1332 1310 καὶτοῦτο
1360 1256 1640 1328 μυστικῶς

36 1341 199 1411 ἅμα,
252 1345 350 1398 καὶ
399 1344 742 1414 συμϐολικῶς
772 1345 1032 1400 ἐπιτελῶν
1057 1363 1070 1376 ’
1125 1348 1181 1400 ὲν
1206 1348 1347 1418 ἀρχῇ
1399 1346 1498 1418 μὲν
1530 1347 1640 1420 γὰρ

29 1434 142 1486 τοῦ
233 1434 597 1507 κηρύγματος
655 1438 706 1490 οἱ
762 1438 1071 1504 ἀπόστολοι,
1144 1437 1240 1492 καὶ
1292 1437 1355 1490 τὸ
1422 1437 1643 1508 νομικὸν

34 1524 293 1579 ἐποίουν
345 1528 713 1598 προσάγοντες
740 1530 807 1599 τῇ
856 1527 996 1600 θύρᾳ.
1040 1527 1117 1600 τῷ
1176 1528 1453 1594 είπόντι,‹
1499 1527 1640 1597 Ἐγώ

32 1617 167 1685 εἰμι
200 1619 242 1688 ἡ
276 1617 434 1689 θύρα,
475 1639 492 1671 ι
538 1622 666 1685 τοὺς
712 1621 967 1689 λέγοντας
1008 1621 1356 1692 ἠγαπηκέναι
1402 1620 1503 1693 τὴν
1544 1620 1639 1675 τοῦ

34 1710 229 1780 νόμου
287 1712 623 1779 δεσποτείαν,
678 1715 773 1767 καὶ
831 1713 893 1768 τὸ
938 1715 1035 1785 τῆς
1089 1714 1339 1777 παιδείας
1387 1712 1643 1779 λαὸόντες

35 1799 317 1870 ὀπήτιον,
344 1803 642 1875 ἐπειρῶντο
670 1806 770 1876 τὴν
815 1805 1069 1878 δουλικὴν
1101 1805 1270 1878 ἀκοὴν
1311 1807 1641 1878 μετατιτρᾷν

38 1891 125 1953 εἰς
162 1890 494 1963 ἐλευθερίας
534 1895 800 1967 ὑπακοήν.
845 1896 974 1950 Ὅτε
1016 1896 1074 1950 δὲ
1122 1895 1375 1962 ἀναξίους
1423 1894 1643 1967 ἔκριναν

39 1980 296 2043 ἑαυτοὺς
320 1985 367 2036 οί
393 1984 632 2039 Ἰουδαῖοι
662 1986 762 2055 τῆς
781 1987 1001 2040 αἰωνίου
1025 1986 1191 2058 ζωῆς,
1214 1988 1309 2041 καὶ
1328 1983 1396 2058 ἦν
1428 1987 1641 2058 ἀνάγκη

40 2073 378 2142 στραφῆναι
408 2072 594 2129 λοιπὸν
627 2078 707 2140 είς
736 2078 802 2131 τά
834 2077 983 2148 ἔθνη,
1020 2079 1141 2131 τότε
1174 2079 1253 2149 τῷ
1294 2081 1507 2150 ῥήματι
1546 2078 1641 2133 τοῦ

40 2164 197 2217 Πνεύ
211 2183 385 2234 ματος
413 2167 779 2223 ἀποκόπτουσι
813 2170 993 2223 τέλεον
1011 2171 1189 2224 αὐτῶν
1216 2172 1314 2241 τὴν
1343 2171 1536 2242 ἀκοὴν,
1569 2173 1643 2235 ὠς

39 2255 151 2307 οὐκ
185 2256 292 2311 ἐστι’
311 2256 478 2322 ἀξίων
508 2260 675 2313 ὄντων
705 2262 791 2315 διὰ
816 2263 913 2332 τὴν
941 2263 1227 2315 ἀπείθειαν
1249 2261 1343 2315 τοῦ
1366 2264 1466 2333 τῆς
1494 2263 1646 2316 ὲλευ-

44 2345 257 2418 θερίας
284 2350 463 2418 λόγου·
490 2352 550 2405 τὸ
575 2352 682 2423 γὰρ
716 2355 890 2406 εἰπεῖν
910 2371 923 2385 ο
964 2338 997 2407 (η
1038 2354 1198 2427 ’Υμῖν
1226 2353 1294 2428 ἦν
1348 2358 1644 2425 ἀναγκαῖον

42 2440 285 2509 πρῶτον
339 2442 636 2515 λαληθῆναι
667 2445 758 2499 τὸν
795 2445 953 2515 λόγον
995 2445 1089 2500 τοῦ
1132 2448 1288 2513 Θεοῦ,
1340 2468 1359 2499 ι
1416 2466 1641 2519 μετατι-

45 2534 192 2601 τρᾷν
246 2529 319 2606 ἦν
350 2535 448 2606 τὴν
498 2536 748 2607 δουλικὴν
793 2539 961 2610 ἀκοὴν
1001 2542 1081 2603 είς
1128 2541 1467 2611 ἐλευθερίαν·
1491 2545 1553 2597 τὸ
1585 2544 1644 2598 δὲ

47 2624 225 2678 πάλιν
257 2628 556 2699 ὲπιφῆσαι·
598 2648 617 2681 ι
672 2632 795 2684 Ὅτι
829 2632 1096 2701 ἀναξίουςς
1113 2632 1365 2703 ἐκρίνατε
1418 2634 1644 2698 ἑαυτοὺς

46 2716 153 2787 τῆς
188 2719 415 2773 αἰωνίου
459 2720 623 2793 ζωῆς,
661 2723 1006 2795 στρεφόμεθα
1048 2724 1130 2790 είς
1158 2723 1228 2779 τὰ
1256 2724 1410 2796 ἔθνη,
1443 2726 1645 2780 ἀποκό-

47 2810 150 2879 ψαι
178 2806 253 2883 ἦν
277 2811 460 2869 τέλεον
495 2813 672 2869 αὐτῶν
699 2814 799 2887 τὴν
819 2815 1010 2889 ἀκοήν.

668 3102 924 3158 ΚΕΦΑΛ.
971 3106 1046 3157 Ζ’.

62 3272 63 3277 η
126 3213 245 3267 Καὶ
284 3213 313 3265 ό
345 3212 559 3276 Παῦλος
590 3212 651 3266 τὸ
679 3212 812 3266 αύτό
846 3230 1012 3283 φησιν
1042 3214 1227 3278 αὐτοῖς
1258 3212 1454 3282 λέγων’
1491 3234 1510 3266 ι
1550 3217 1644 3269 Οἵ-

56 3322 205 3368 τινες
244 3306 308 3357 ὲν
338 3305 488 3376 νόμῳ
519 3305 833 3360 δικαιοῦσθε
880 3307 980 3377 τῆς
1012 3307 1232 3378 χάριτος
1270 3306 1586 3372 ἐξεπέσατε.
1619 3327 1637 3361 ι

57 3396 100 3449 Τ
103 3397 130 3450 δ
169 3397 289 3470 γὰρ
335 3398 587 3452 ἐκπεσεῖν
620 3398 720 3468 τῆς
750 3399 976 3470 χάριτος
1014 3398 1177 3453 τοῦτο
1207 3395 1297 3470 ἦν,
1334 3401 1395 3454 τὸ
1439 3400 1644 3455 ἀποκο-

60 3491 230 3558 πῆναι
287 3489 383 3543 τοῦ
417 3491 515 3561 τῆς
557 3489 871 3560 ἐλευθερίας
906 3490 1086 3559 λόγου.
1128 3490 1229 3543 Διὰ
1280 3491 1441 3545 τοῦτο
1491 3492 1587 3546 καὶ
1614 3493 1643 3545 ό

58 3581 269 3653 Κύριός
302 3598 486 3652 φησιν’
526 3601 545 3634 ι
575 3582 941 3653 Πορευθέντες
972 3582 1349 3654 μαθητεύσατε
1374 3583 1553 3637 πάντα
1578 3582 1647 3637 τὰ

60 3673 210 3745 ἔθνη.
237 3694 258 3728 ι
290 3675 429 3747 μετά
448 3675 547 3747 τὴν
569 3675 853 3746 ἀποκοπὴν
881 3675 975 3728 τοῦ
1004 3675 1226 3729 ἐκείνων
1253 3675 1517 3747 ὠτίουητὸ
1537 3675 1647 3729 τῶν

60 3762 234 3821 ὲθνῶν
267 3766 406 3838 πρὸς
457 3766 705 3836 ὑπακοὴν
758 3765 993 3834 ἀνοίγων
1044 3765 1225 3820 ὠτίον.
1272 3767 1442 3821 Τοῦτο
1490 3769 1644 3839 καὶὴ

62 3858 281 3913 Παλαιὰ
309 3858 501 3931 Γραφὴ
552 3858 657 3928 πρὸ
682 3857 878 3912 πολλοῦ
910 3859 1003 3911 κα)⁸
1029 3856 1239 3911 ἀνωθεν
1272 3858 1637 3931 μαρτύρεται,

66 3952 362 4023 ἀμφότερα
412 3950 705 4024 διαρρήδην
759 3948 1202 4021 προφητεύουσα,
1257 3950 1338 4003 ὅτι
1374 3951 1646 4005 κάκείνων

64 4046 490 4115 ἀποκοπήσεται
518 4044 578 4097 τὸ
598 4044 779 4108 ὠτίον,
807 4044 903 4097 καὶ
925 4044 1006 4096 ὅτι
1038 4037 1471 4115 προστεθήσεται
1489 4046 1647 4109 τοῦτο

71 4138 182 4200 τοῖς
210 4135 413 4191 ἔθνεσι.
447 4134 590 4206 Πρὸς
629 4134 728 4205 μὲν
775 4135 883 4205 γὰρ
914 4132 1011 4203 τὴν
1052 4134 1384 4203 Συναγωγὴν
1416 4136 1444 4187 ό
1491 4135 1648 4201 Ἰεζε-

73 4228 197 4299 κιὴλ
221 4243 378 4299 φησν
411 4246 427 4277 ι
460 4226 641 4288 Ῥῖνάς
676 4242 771 4278 σου
805 4224 899 4278 καὶ
925 4219 1041 4278 ῶτά
1080 4242 1172 4277 σου
1198 4226 1590 4297 ἀποκόψουσινι
1621 4247 1641 4281 ι

69 4320 190 4374 οὔτε
224 4321 338 4393 γὰρ
361 4320 461 4389 τῆς
488 4319 718 4379 εὐωδίας
746 4318 855 4372 τῶν
901 4318 1088 4389 μύρων
1126 4318 1481 4373 ἁντελάϐοντο
1511 4321 1646 4391 Χρι-

71 4412 215 4473 στοῦ,
239 4411 317 4475 ὠς
348 4413 381 4482 ὴ
413 4410 664 4478 λέγουσα,
694 4429 712 4461 ι
743 4411 834 4473 Ei;
862 4410 1035 4480 ὀσμὴν
1069 4409 1257 4480 μύρων
1292 4427 1386 4463 σου
1408 4412 1648 4483 δραμού-

76 4503 235 4572 μεθα,
277 4524 294 4553 ι
322 4501 439 4555 οὐδὲ
471 4501 546 4566 ὡς
568 4500 819 4573 πρόϐατα
849 4503 1035 4571 φωνῆς
1070 4501 1164 4555 τοῦ
1196 4503 1460 4573 Ποιμένος
1483 4504 1647 4558 ἀκοῦ-

10 4648 11 4651 η
74 4611 161 4648 σαι
193 4594 469 4666 ἠθέλησαν
493 4592 1008 4664 ἠκρωτηριασμένοι
1040 4594 1134 4646 καὶ
1166 4593 1541 4664 λελωϐημένοι
1569 4595 1640 4647 τὰ

74 4687 261 4757 καίρια
309 4687 418 4740 τῶν
466 4684 794 4756 αἰσθήσεων.
839 4684 895 4737 '0
920 4684 976 4736 δὲ
1039 4684 1266 4748 Ἡσαΐας
1308 4686 1478 4756 αὐτὴν
1535 4689 1647 4740 εἰσ-

73 4778 194 4844 άγει
216 4779 316 4849 τὴν
347 4779 408 4843 ἐξ
435 4776 604 4831 ἐθνῶν
632 4776 916 4845 λέγουσαν,
951 4794 971 4828 ι
1020 4777 1336 4848 Προσέθηκέ
1367 4796 1456 4848 μοι
1484 4777 1645 4832 ὠτίον

74 4869 313 4936 ἀκούειν,
340 4870 481 4940 καὶή
508 4867 724 4922 παιδεία
755 4867 959 4938 Κυρίου
984 4868 1195 4936 ἀνοίγει
1220 4886 1322 4937 μου
1352 4868 1422 4922 τά
1443 4863 1577 4923 ὦτα·
1617 4888 1637 4921 ι

76 4953 183 5013 οἷον
214 4962 323 5032 γὰρ
342 4961 518 5035 ταύτῃ
552 4959 859 5032 προσέθηκε
894 4961 1073 5024 ὠτίον,
1122 4960 1366 5015 τοιοῦτον
1421 4963 1640 5033 ἐκείνης

10 5128 11 5133 1
79 5050 365 5120 ἀπέκοψεν.
399 5054 507 5106 Καὶ
534 5053 709 5106 ταῦτα
738 5053 837 5123 μὲν
861 5054 990 5123 περὶ
1027 5054 1135 5105 τῶν
1181 5055 1544 5122 πεπρακὸτων
1580 5057 1642 5108 τὸ

10 5218 13 5223 ν
66 5142 311 5209 ιμόιτιον,
344 5144 728 5199 καὶλοιὸόντων
750 5145 1025 5216 μάχαιραν
1054 5145 1370 5216 ἀρκούντως
1401 5147 1640 5216 εἴρηται.

86 5231 318 5305 Εῑδωμεν
354 5236 411 5290 δὲ
441 5239 488 5289 εἰ
516 5237 718 5300 πάντες
745 5240 801 5290 ὲν
833 5236 911 5305 τῷ
930 5239 1116 5307 φορεῖν
1143 5237 1204 5289 τὸ
1248 5236 1490 5290 τοιοῦτον
1518 5240 1647 5308 ίμα-

12 5380 13 5383 η
68 5339 190 5377 τιον
221 5327 492 5399 φοροῦμεν
520 5328 716 5400 ὀρθῶς,
751 5329 938 5399 ἐπειδὴ
965 5329 1091 5398 περί
1111 5346 1275 5381 τινων
1305 5329 1641 5400 γέγραπται,

87 5415 163 5470 ὅτι
188 5423 365 5473 πᾶσαν
400 5422 589 5492 στολὴν
616 5422 1057 5492 ἐπισυνηγμένην
1086 5422 1244 5493 δόλῳ,
1280 5423 1374 5475 καὶ
1425 5425 1645 5491 ἱμάτιον

10 5568 13 5593 1
93 5508 223 5575 μετά
246 5511 589 5583 καταλλαγῆς
613 5514 984 5576 ἀποτίσουσιν,
1009 5512 1105 5566 καὶ
1143 5516 1272 5584 περὶ
1311 5514 1507 5579 ἄλλων,
1567 5506 1649 5569 ὅτι

160 5685 201 5758 ῗξ
236 5687 421 5744 Μίιίιῑὶι.
450 5706 599 5751 xxvi.
630 5693 731 5747 51.‘
825 5691 871 5723 ⁷³
904 5690 1062 5745 Joan.
1107 5707 1160 5758 κ,
1192 5692 1244 5746 9.

95 5751 135 5788 ’⁸
166 5756 341 5815 Ezecb.
384 5776 538 5827 xxm,
570 5764 659 5820 ‘25.
739 5765 780 5797 ⁷³
810 5763 970 5819 Cant.
1008 5778 1044 5827 ι,
1081 5751 1157 5817 ’5.’
1209 5763 1255 5794 ⁸ο
1284 5761 1443 5819 Joan.
1490 5782 1539 5832 χ,
1571 5766 1622 5819 3.

1354 5692 1398 5722 ⁷⁵
1428 5692 1546 5747 Act.
1582 5710 1699 5753 Mli,
1722 5695 1811 5749 46.
1911 5692 1955 5722 ⁷³
1984 5692 2034 5743 ib

1354 5778 1443 5818 an.
1490 5782 1539 5818 x.
1571 5766 1622 5818 5.
1699 5765 1743 5798 ⁸³
1783 5767 1885 5818 lsa.
1916 5778 1967 5818 L.
2004 5762 2034 5816 5

1808 5779 1885 5821 sa.
1916 5778 1967 5828 L,
2004 5778 2055 5818 ο.

1746 532 1947 577 stratur
1986 539 2082 594 per
2134 538 2256 578 esse
2302 537 2501 591 anceps
2548 523 2838 578 sermonis.
2906 523 3093 579 Posset
3135 532 3318 578 autem

1743 617 1937 685 aliquis
1969 618 2106 671 duos
2130 616 2356 687 gladios)l
2379 616 2581 680 dicere,
2639 615 3073 684 explanationem
3136 632 3200 671 ac
3231 624 3322 671 ve‘

1744 707 1975 761 ritatem.
1999 706 2107 761 Illae
2134 722 2342 777 nempe,
2362 706 2577 776 quando
2609 705 2848 760 sermoni
2878 714 3006 758 sunt
3034 694 3315 768 conn'exae,

1744 798 2070 853 sufficienter
2082 797 2595 868 domantﬁoppositos
2615 796 2849 865 ;;idcirco
2863 797 3111 865 princeps
3129 810 3254 848 sace
3264 778 3319 847 r4-

1742 889 1927 944 dotum
1952 890 2004 942 in
2019 887 2425 943 rationalicirca
2441 894 2657 957 pectora
2673 885 2895 956 mystice
2917 884 3202 954 impositas
3226 883 3323 937 ba-

1744 980 1860 1035 buit
1880 980 2324 1050 significationem
2353 988 2405 1032 et
2427 978 2706 1032 veritatem
2734 994 2745 1030 :
2785 974 3231 1046 signiﬁcationem
3255 974 3321 1027 ad

1742 1072 2157 1129 declarationem
2208 1087 2397 1127 eorum
2430 1085 2553 1141 qum
2577 1071 2859 1133 dicuntur,
2881 1078 2932 1122 et
2953 1067 3232 1121 veritatem
3256 1067 3324 1120 ad

1743 1164 2119 1220 refutationem
2160 1162 2446 1218 mendacii.
2484 1162 2710 1216 Videtur
2735 1162 2914 1229 itaque
2942 1158 3131 1212 Petrus
3159 1158 3323 1211 etiam

1742 1273 1876 1312 usus
1953 1256 2237 1326 perspicue
2284 1255 2499 1326 gladio,
2545 1252 2764 1324 quando
2826 1250 3125 1305 auriculam
3177 1248 3325 1303 servi

1742 1350 2009 1422 principis
2039 1349 2379 1411 sacerdotum
2409 1346 2646 1402 abscidit
2670 1347 2738 1411 τ’,
2774 1344 3001 1415 mystice
3030 1341 3195 1397 simul
3263 1356 3327 1396 ac

1742 1442 2036 1515 symbolice
2071 1442 2172 1496 hoc
2201 1440 2506 1512 perliciens.
2528 1437 2771 1509 Apostoli
2804 1451 3040 1505 namque
3070 1434 3125 1487 in
3166 1432 3322 1503 prin-

1741 1533 1886 1605 cipio
1914 1529 2339 1602 praedicationis,
2374 1537 2487 1583 tum
2516 1529 2686 1598 legale
2711 1526 3002 1592 faciebant,
3059 1522 3329 1579 adducen—

1742 1633 1825 1679 tes
1879 1624 1945 1678 ad
1995 1624 2218 1685 ostium,
2253 1621 2508 1677 nimirum
2545 1620 2610 1674 ad
2647 1634 2793 1685 eum,
2820 1618 2914 1686 qui
2938 1617 3116 1671 dixit:
3155 1634 3173 1667 ι
3213 1614 3323 1683 Ego

1744 1730 1867 1771 sum
1914 1715 2112 1770 ostium
2143 1714 2214 1781 ⁸⁷³,
2247 1731 2265 1766 ι
2302 1727 2421 1776 eos,
2472 1711 2564 1783 qui
2615 1709 2979 1774 aftlrmabant,
3029 1722 3149 1762 sese
3192 1704 3328 1774 legis

1745 1808 2084 1863 dominatum
2115 1805 2413 1868 dilexisse;
2443 1812 2557 1858 tum
2589 1801 2890 1871 disciplinae
2906 1799 3135 1853 fibulam
3164 1795 3326 1867 585

1744 1899 2099 1969 accipientes,
2143 1895 2427 1950 tentabant
2465 1893 2711 1947 auditum
2767 1891 3023 1946 servilem
3056 1889 3122 1943 ad
3165 1888 3327 1942 liber-

1743 1992 1871 2046 tatis
1902 1989 2264 2045 obedientiam
2291 1985 2569 2056 perforare
2599 2002 2611 2038 :
2644 1983 2863 2053 quando
2892 1996 3022 2036 vero
3049 1979 3218 2034 Judaei
3245 1976 3330 2033 in-

1744 2083 1935 2154 dignos
1971 2097 2089 2137 sese
2129 2089 2324 2135 aeterna
2376 2078 2481 2131 vita
2517 2077 2857 2146 judicarunt,
2887 2090 2969 2145 .ac
3018 2072 3085 2126 de
3120 2080 3322 2125 εἱειειοο

1745 2190 2027 2230 necessum
2060 2181 2177 2227 erat
2214 2169 2455 2226 converti
2487 2169 2554 2223 ad
2592 2177 2778 2238 gentes
2805 2208 2818 2231 ,
2852 2173 2992 2220 tunc
3018 2164 3186 2219 verbo
3215 2161 3335 2233 Spi-

1741 2268 1881 2322 ritus
1905 2266 2143 2320 totaliter
2192 2278 2381 2318 eorum
2432 2262 2765 2315 abscindunt
2821 2259 3092 2315 auditum.
3142 2266 3332 2326 utpote

1743 2359 1835 2427 qui
1871 2373 1975 2411 non
2005 2356 2241 2424 amplius
2293 2362 2476 2408 essent
2524 2352 2671 2421 digni
2723 2351 2992 2406 libertatis
3049 2363 3325 2404 sermone.

1744 2447 1958 2501 Etenim
2004 2446 2150 2516 quod
2179 2445 2382 2499 dictum
2434 2443 2504 2497 iis
2556 2440 2765 2495 fuerit:
2806 2460 2825 2491 ε
2873 2439 3038 2495 Vobis
3081 2451 3333 2492 necessa-

1744 2542 1885 2596 rium
1916 2545 2031 2593 erat
2059 2538 2293 2607 primum
2319 2535 2465 2605 loqui
2494 2534 2584 2588 Dei
2603 2547 2912 2588 sermonem
2939 2532 3015 2597 "‘;
3049 2551 3066 2582 ι
3098 2537 3215 2583 erat
3245 2527 3334 2582 hic

1744 2632 1967 2703 quidam
2012 2629 2324 2700 perforandi
2358 2628 2553 2681 modus
2592 2626 2847 2681 servilem
2889 2624 3134 2677 auditmn
3170 2622 3237 2675 ad
3270 2619 3334 2674 li-

1744 2726 2010 2780 bertatem
2038 2722 2220 2793 ;quod
2247 2731 2427 2775 autem
2461 2719 2623 2774 fuerit
2650 2718 2731 2774 eis
2752 2718 2931 2771 denuo
2959 2728 3283 2785 responsum
3312 2724 3329 2765 :

1751 2835 1772 2869 ι
1813 2814 1952 2882 Quia
1999 2813 2249 2882 indignos
2272 2810 2559 2881 iudicastis
2603 2824 2702 2864 vos
2757 2808 2905 2876 ipsos
2942 2817 3142 2860 acterna
3196 2803 3329 2869 vita,

1747 2907 2124 2963 convertimur
2146 2905 2210 2957 ad
2244 2911 2430 2973 gentes
2461 2901 2558 2964 ⁷⁸,ι
2584 2909 2700 2954 erat
2722 2898 2813 2953 hic
2843 2896 3064 2966 quidam
3092 2895 3333 2949 totaliter

1749 2997 2107 3057 abscindendi
2139 2996 2336 3050 modus
2371 2994 2614 3063 ipsorum
2646 2990 2914 3045 auditum.

2337 3102 2567 3161 CAPUT
2620 3102 2733 3158 VII.

1817 3231 1961 3300 Quin
1990 3237 2043 3283 et
2071 3225 2276 3281 Paulus
2300 3222 2538 3291 idipsum
2569 3220 2676 3283 ait,
2708 3218 2789 3273 eis
2820 3217 3046 3271 dicens:
3091 3232 3109 3265 ι
3141 3211 3243 3300 Qui
3279 3212 3333 3264 in

1744 3298 1861 3393 lege
1889 3312 2270 3389 justiticamini
2298 3308 2581 3365 cxcidistis
2625 3322 2694 3361 ex
2721 3304 2892 3376 gratia
2923 3303 2990 3356 ⁷⁸.
3020 3321 3038 3354 ι
3077 3298 3337 3354 Excidere

1745 3390 1983 3480 namque
2014 3422 2084 3462 ex
2117 3404 2287 3476 gratia
2332 3401 2477 3455 idem
2511 3406 2661 3460 erat,
2700 3409 2762 3448 ac
2796 3391 3044 3448 abscindi
3088 3406 3116 3444 a
3161 3390 3335 3444 liber-

1745 3498 1872 3554 tatis
1897 3477 2176 3552 sermone.
2216 3491 2420 3545 ldcirco
2454 3484 2716 3539 Dominus
2739 3481 2899 3535 etiam
2924 3481 3055 3534 dicit
3083 3496 3096 3533 :
3141 3497 3159 3530 ‹
3188 3477 3337 3531 Eun-

1746 3602 1827 3647 tes
1852 3590 2045 3644 docete
2074 3598 2266 3639 omnes
2290 3588 2476 3652 gentes
2496 3578 2578 3643 ‘7;
2614 3594 2631 3626 ι
2673 3581 2793 3642 post
2830 3571 3048 3625 illorum
3076 3568 3337 3624 auricula:

1744 3678 2257 3737 detruncationem,
2314 3668 2557 3741 gentium
2613 3662 2911 3718 auriculam
2975 3659 3223 3729 aperiens
3270 3657 3339 3712 ad

1746 3766 2137 3825 obedientiam.
2203 3761 2317 3816 lloc
2354 3765 2410 3813 et
2434 3754 2659 3824 antiqda
2691 3752 2976 3822 Scriptura
3012 3746 3337 3818 jamdudum

1746 3863 1909 3917 altius
1937 3855 2234 3929 repetendo
2260 3859 2513 3913 testatur,
2543 3857 2775 3914 utraque
2794 3855 2978 3913 aperte
2998 3838 3302 3911 praedicens
3319 3878 3334 3899 .

1747 3954 1891 4026 quod
1919 3963 1970 4007 et
1996 3952 2215 4006 illorum
2247 3945 2598 4001 abscindetur
2643 3938 2888 3994 auricula
2911 3976 2926 4001 ,
2959 3946 3013 3989 et
3040 3932 3185 4002 quod
3223 3931 3340 3985 haec

1748 4023 2109 4117 applicabitur
2140 4040 2423 4111 gentibus:
2466 4038 2543 4092 ait
2582 4035 2731 4092 enim
2770 4028 3022 4086 Ezechiel
3058 4026 3126 4079 ad
3165 4023 3340 4117 Syna-

1746 4156 1938 4213 gogam
1964 4157 1977 4193 :
2022 4156 2039 4189 ι
2071 4135 2241 4191 Nares
2268 4143 2389 4189 tuas
2418 4141 2472 4187 et
2494 4145 2656 4187 aures
2713 4136 2833 4182 tuas
2866 4116 3283 4181 abscindent";
3313 4134 3333 4166 ι

1746 4211 1849 4290 nec
1877 4232 2021 4288 enim
2052 4230 2255 4284 bonum
2287 4227 2511 4280 odorem
2554 4227 2956 4293 unguentorum
2989 4211 3194 4267 Christi
3223 4224 3343 4279 per-

1748 4332 2005 4396 ceperunt
2037 4329 2098 4375 ut
2134 4333 2198 4373 ea
2240 4313 2551 4387 (sponsa),
2584 4328 2706 4384 qua:
2734 4312 2953 4365 dicebat
2992 4321 3005 4356 :
3054 4321 3072 4354 ι
3109 4300 3169 4354 In
3206 4299 3343 4353 odo»

1679 4449 1722 4502 ι)
1750 4394 1866 4472 rem
1908 4420 2307 4484 unguentorqu
2347 4418 2567 4463 tuorum
2599 4416 2887 4459 curremus
2911 4398 2993 4461 7’;
3032 4414 3049 4445 ι
3096 4406 3196 4446 nec
3223 4430 3238 4453 ,
3281 4394 3344 4440 ut

2540 4498 2571 4502 “
2736 4495 2747 4502 “
2941 4499 2949 4502 -
2993 4487 3039 4502 οη
3108 4479 3337 4502 νη---ἓΙ..ι2

1752 4525 1882 4566 oves
1903 4550 1918 4573 ,
1950 4521 2136 4561 vocem
2171 4502 2418 4558 Pastoris
2448 4498 2639 4554 audire
2664 4495 2954 4551 voluerunt
2993 4487 3073 4552 ⁸ο,
3106 4479 3340 4538 mutilali

1752 4600 1806 4654 in
1838 4596 2121 4657 extremis,
2158 4609 2222 4648 ac
2250 4589 2540 4663 prtecipnis
2563 4600 2827 4642 sensuum
2859 4578 3108 4651 partibus
3130 4574 3345 4628 detruu-

1751 4688 1880 4744 cati.
1919 4687 2086 4743 Isaias
2132 4662 2314 4739 autem
2349 4683 2524 4752 ipsam
2571 4676 2819 4741 inducit,
2859 4686 2982 4743 qua:
3025 4684 3056 4723 e
3087 4662 3342 4752 gentibus

1750 4780 1921 4833 electa
1968 4784 2084 4839 est,
2142 4750 2400 4843 Sponsam
2446 4770 2717 4824 dicentem
2763 4783 2776 4819 :
2835 4781 2852 4813 ι
2902 4756 3174 4830 Applicuit
3206 4750 3340 4808 mihi

1750 4886 1936 4925 aurem
1981 4868 2048 4921 ad
2088 4864 2458 4926 audiendum,
2508 4870 2560 4914 et
2603 4856 2893 4927 disciplina
2944 4848 3157 4905 Domini
3213 4858 3343 4915 ape-

1753 4963 1827 5017 rit
1874 4960 2005 5015 mibi
2037 4973 2197 5012 aures
2227 4957 2311 5018 ⁸¹;
2345 4973 2363 5005 ι
2400 4953 2612 5021 qualem
2664 4963 2897 5016 namque
2943 4943 3031 4996 isti
3086 4935 3346 5007 applicuit

1757 5051 1923 5121 586
1963 5047 2299 5107 auriculam,
2342 5042 2505 5096 talem
2551 5039 2619 5092 ab
2669 5039 2758 5090 illa
2806 5029 3060 5087 abscidit.
3114 5023 3345 5121 Etubme

1753 5144 1970 5213 quidem
2011 5143 2077 5196 de
2108 5141 2190 5194 his
2215 5138 2305 5208 qui
2339 5134 2792 5190 venundedcrunt
2822 5136 3052 5184 vestem,
3080 5118 3345 5190 gladium-

1753 5209 1855 5306 (ille
1896 5242 2222 5303 acceperunt
2252 5232 2396 5286 dicta
2436 5230 2547 5284 sint
2589 5225 2724 5282 satis
2754 5224 2823 5275 ⁸⁸.
2876 5218 3171 5271 Videamus
3207 5209 3340 5279 jam,

1756 5345 1825 5384 au
1856 5344 2050 5382 01mlth
2094 5326 2146 5379 in
2187 5324 2280 5378 tali
2329 5330 2479 5376 veste
2523 5317 2767 5380 ferenda,
2813 5313 2961 5367 illam
2999 5314 3144 5361 recte
3171 5309 3346 5369 geste-

1758 5439 1879 5476 mus
1916 5442 1928 5476 ε
1974 5417 2414 5491 quandoquidem
2464 5413 2734 5481 scriptum
2769 5415 2852 5460 est
2886 5405 2952 5457 de
2983 5394 3341 5468 τιυίλδυεδθίην

1759 5513 1905 5584 quod
1949 5526 2167 5567 omnem
2202 5515 2405 5561 vestem
2445 5504 2743 5558 immistam
2770 5495 2908 5549 'dolo
2947 5507 3010 5544 ac
3045 5496 3344 5539 vestimen-

2220 5690 2275 5720 ν⁷⁶
2304 5687 2478 5741 Galat.
2504 5701 2556 5743 ν,
2590 5683 2643 5735 1i.
2743 5678 2787 5712 ⁷⁷
2812 5670 2993 5727 Matth.
3028 5678 3219 5729 xxvm,
3250 5661 3336 5719 19.

2133 5758 2373 5813 "Aluos
2430 5773 2493 5815 tl.
2534 5754 2618 5808 16.

1911 5691 1955 5722 ⁷³
1984 5690 2116 5745 ibid.
