3804 6052
540 323 680 392 1275

2012 341 2076 402 S.
2127 337 2308 408 NILII

3647 337 3774 404 12."

533 453 650 499 tum
681 458 804 498 cum
836 445 1234 514 permutatione
1265 447 1524 516 reddent;
1565 459 1618 506 et
1657 451 1726 507 de
1770 450 1925 518 aliis,
1953 453 2097 522 quod

2205 455 2274 510 τά
2305 454 2494 526 ίμάτια
2541 452 2723 510 αὐτῶν
2762 423 3116 526 δεσμεύοντες
3149 450 3410 526 σχοινίοις
3446 456 3772 525 παραπετά-

533 539 712 586 vestcs
733 545 861 586 suas
889 531 1180 589 vincientes
1207 533 1446 602 funibus,
1468 535 1738 592 faciebant
1763 538 1880 594 vela
1909 539 2099 594 adum-

535 621 778 686 brantia,
825 624 1110 692 pendentia
1157 626 1227 682 ab
1255 627 1434 684 altari.
1481 627 1673 685 Nonne
1707 629 1873 702 igitur
1907 631 2099 687 stolam

534 715 872 769 ’commistam
904 715 1103 772 habent
1123 719 1269 784 dolo,
1300 721 1392 790 qui
1431 722 1485 775 in
1517 721 1840 788 haeresibus,
1867 721 1932 778 ad
1969 723 2098 779 insi-

537 805 796 860 diandum
831 807 1255 877 simplicioribus
1307 812 1594 867 muralium
1627 813 1890 868 virtutum
1929 814 2098 870 vesti-

535 901 734 956 mentis
801 918 921 962 sese
968 903 1470 972 cireumamiciunt,
1515 917 1568 963 et
1603 908 1878 978 opinionis
1919 909 2098 979 potius

527 996 810 1064 speculatu
859 1013 1020 1068 quam
1048 1001 1289 1066 veritate,
1326 1013 1385 1056 ut
1409 1002 1605 1068 aliena,
1638 1003 1740 1060 ista
1772 1004 1825 1058 in
1858 1004 2095 1059 medium

530 1085 812 1154 proferunt
834 1129 848 1154 ,
880 1097 934 1142 et
960 1089 1192 1164 speciem
1226 1104 1562 1154 mansuetam
1592 1111 1658 1150 ac
1685 1093 1976 1166 benignam
2015 1094 2096 1150 ef-

531 1177 800 1244 I'ormant,
847 1194 942 1248 per
979 1196 1100 1249 qua;
1131 1181 1404 1255 decipiant
1450 1201 1588 1262 quos
1629 1186 1698 1242 ad
1737 1185 2094 1262 perditionem

529 1270 679 1324 velut
709 1269 871 1324 hamo
902 1270 1186 1330 inescant?

1085 1383 1312 1444 CAPUT
1363 1385 1494 1442 Vill.

595 1487 684 1543 Isti
722 1506 849 1547 vero
889 1493 941 1548 in
979 1495 1164 1551 futuro
1199 1499 1400 1552 saeculo
1423 1508 1600 1556 vestes
1631 1500 1768 1558 istas
1804 1517 1929 1559 cum
1969 1518 2092 1574 per-

525 1584 824 1639 mutatione
871 1589 1129 1656 reddent;
1181 1606 1278 1646 nec
1325 1591 1759 1649 enim‘laborum
1796 1597 2091 1667 repromis-

445 1729 454 1734 κ
523 1672 708 1729 siones
765 1679 1068 1748 recipient,
1121 1682 1214 1736 sed
1256 1675 1616 1752 supplicium,
1662 1695 1718 1740 et
1752 1689 2092 1757 punitionem

2198 563 2379 617 σματα
2409 547 2624 602 ἐποίουν
2644 547 2877 618 ἐχόμενα
2903 546 2999 600 τοῦ
3028 545 3448 618 θυσιαστηρίου.
3497 546 3600 615 Μή
3651 564 3770 598 tum

2195 635 2289 693 οῦν
2316 639 2508 711 στολὴν
2537 641 2975 712 ἐπισυνηγμένην
2999 640 3134 711 δόλῳ
3166 639 3412 711 ἔχουσιν,
3453 639 3508 691 οἱ
3555 641 3620 690 ἐν
3661 641 3768 700 ni;

2196 731 2472 806 αἱρέσεσιν
2523 733 2609 785 ἐπ’
2661 733 2851 806 ἐνέδρᾳ
2892 732 3002 786 τῶν
3051 732 3490 804 ἁπλουστέρων,
3548 729 3624 782 τὰ
3667 729 3768 780 τῶν

2194 822 2400 892 ἠθικῶν
2428 823 2638 894 ἀρετῶν
2687 825 3058 896 ἀμπεχόμενοι
3105 824 3320 896 ίμάτια,
3364 821 3770 890 δοκησισκοπὶᾳ

2197 915 2395 985 μᾶλλον
2421 915 2453 991 ἦ
2485 916 2708 988 ἀληθείᾳ
2729 917 2804 979 ὠς
2821 916 3072 986 ἀλλότρια
3095 915 3268 969 ταῦτα
3290 913 3755 985 παρατιθέμενοι.

2193 1007 2288 1060 καὶ
2316 1007 2500 1078 σχῆμα
2526 1009 2699 1078 πρᾶον
2729 1007 2824 1061 καὶ
2853 1007 3094 1070 ἐπιεικὲς
3134 1004 3686 1076 ἐπιμορφαζόμενοι,
3705 1003 3766 1054 δι’

2193 1091 2268 1152 ὧν
2294 1097 2604 1163 δελεάζουσιν
2651 1099 2780 1162 τοὺς
2833 1097 2927 1152 ἐπὶ
2954 1099 3054 1170 τὴν
3081 1097 3364 1152 ἀπώλειαν
3413 1096 3767 1166 ἀγκιστρευο-

2195 1191 2392 1263 μένους
2410 1206 2427 1256 ;

2799 1376 3048 1430 ΚΕΦΑΛ.
3073 1373 3156 1432 Η’.

2261 1483 2419 1545 Οὗτοι
2447 1488 2504 1544 δέ
2535 1491 2673 1561 μετά
2716 1487 3061 1556 καταλλαγῆς
3099 1488 3157 1539 ἐν
3183 1484 3262 1556 τῷ
3303 1482 3574 1555 μέλλοντι
3601 1481 3762 1545 atii-az,

2189 1583 2261 1637 τά
2291 1581 2516 1636 τοιαῦτα
2563 1581 2912 1635 ἀποτίσουσιν
2963 1581 3180 1649 ἱμάτιαο
3239 1577 3302 1630 οὐ
3365 1576 3490 1644 γὰρ
3539 1573 3764 1643 άμοισὲς

2191 1673 2371 1727 πόνων
2429 1672 2816 1742 ἀπολήψονται,
2872 1671 3006 1725 ἀλλὰ
3069 1667 3344 1740 τιμωρίαν
3405 1665 3514 1719 καὶ
3556 1665 3762 1717 adiam

521 1761 858 1834 deceptionis
897 1770 1178 1838 pendent,
1225 1770 1336 1826 Deo
1368 1772 1647 1840 iudicante
1688 1754 1949 1833 ultionem
1997 1779 2095 1834 adv

2203 1762 2296 1832 τῆς
2321 1763 2542 1833 ἀπάτης
2582 1761 2906 1824 ἐκτίσουσιν,
2965 1757 3303 1820 ἐκδικοῦντος
3349 1754 3650 1824 ἐκδίκησιν
3681 1754 3760 1804 τεῦ

2203 1855 2239 1872 ο
2308 1853 2333 1865 ~
2368 1855 2447 1872 1,.
2490 1853 2564 1872 με
2597 1870 2609 1872 -
2641 1854 2658 1872 ι
2702 1851 3020 1872 ρ-δν..-ιη--.-
3049 1849 3318 1872 ιηιιλημ-..
3373 1845 3643 1872 .L\\1_-._
3702 1843 3764 1872 ἐκ.

524 1865 712 1907 versus
747 1869 874 1922 eos,
916 1858 1007 1927 qui
1045 1858 1251 1914 alienas
1293 1860 1538 1916 induunt
1572 1871 1787 1930 vestes,
1830 1866 1907 1920 uti
1955 1867 2086 1923 dicit

2203 1853 2336 1908 Θεοῦ
2365 1855 2458 1906 ἐπὶ
2484 1853 2611 1916 τοὺς
2638 1851 3020 1922 ἐνδεδυμένους
3045 1849 3322 1918 ἐνδύματα
3369 1845 3668 1915 ἀλλότρια,

524 1945 665 2012 apud
714 1945 864 2001 illum
920 1950 1276 2019 prophetam;
1327 1953 1526 2008 etenim
1577 1956 1936 2027 quodcunque
1982 1974 2091 2015 non

525 2047 744 2103 propter
776 2038 950 2108 ipsum
977 2040 1176 2096 bonum
1198 2085 1213 2110 ,
1259 2042 1352 2098 sed
1395 2047 1566 2114 gratia
1606 2047 1836 2118 alicujus
1867 2048 2092 2106 alterius

523 2128 602 2182 rei
640 2130 718 2194 tit,
753 2146 857 2194 non
887 2132 1060 2190 solum
1089 2132 1294 2204 absque
1331 2137 1582 2192 mercede
1613 2137 1718 2192 erit
1742 2178 1757 2202 ,
1782 2154 1968 2194 verum
2007 2149 2094 2196 est

523 2220 816 2274 obnoxium
860 2222 1139 2278 reddendae
1183 2224 1424 2287 rationi,
1480 2226 1713 2282 maxime
1757 2228 1975 2296 quando
2032 2229 2094 2285 ﬁt

524 2303 595 2359 ad
633 2306 856 2362 insidias
889 2309 1210 2377 videntium,
1241 2328 1365 2367 cum
1388 2314 1460 2368 sit
1485 2314 1730 2384 deceptio
1745 2317 2095 2386 simpliciori-

525 2399 650 2456 bus.
701 2400 837 2458 Nam
889 2419 1030 2460 vana
1074 2407 1248 2477 gloria
1294 2408 1537 2466 laborem
1575 2411 1792 2469 virtutis
1847 2414 2091 2469 inutilem

522 2493 722 2560 ellicit,
769 2507 822 2550 et
878 2495 1206 2568 ell‘atigatum
1251 2502 1466 2558 aeternis
1509 2502 1688 2574 privat
1725 2507 2091 2571 mercedibus;

531 2585 649 2655 ipsa
682 2603 1002 2659 magnorum
1043 2590 1206 2661 587
1249 2593 1500 2648 laborum
1532 2611 1744 2652 merces
1782 2598 1906 2654 vilis
1934 2601 2092 2668 pretii

523 2675 699 2740 facta,
742 2695 807 2734 ac
833 2683 1146 2751 temporalis
1183 2693 1268 2738 est
1298 2684 1698 2742 laboriosorum
1730 2692 2090 2747 certaminum

523 2769 833 2838 celebritas,
867 2772 1152 2844 honosque
1189 2776 1450 2833 velociter
1480 2781 1769 2848 transiens,
1800 2791 2091 2856 antequam

524 2860 816 2916 eoruerit
841 2865 1080 2920 marcida
1109 2907 1123 2930 ,
1158 2877 1210 2922 et
1246 2870 1564 2940 priusquam
1595 2876 1983 2932 convenienter
2012 2880 2093 2933 vi-

529 2954 704 3015 guerit
738 2953 877 3020 pube
909 2971 1307 3014 consenescens
1329 2971 1510 3018 exuta.
1548 2962 1768 3021 Pietatis
1796 2977 1975 3021 autem
2007 2984 2094 3024 res-

534 3042 740 3110 Iigiosa:
766 3043 937 3097 forma
973 3061 1096 3101 cum
1128 3049 1442 3118 deceptione
1469 3054 1760 3112 artiﬁciose
1801 3057 1950 3125 ﬁcta,
1983 3075 2090 3114 non

2205 1949 2266 2001 ἐν
2295 1946 2371 2019 τῷ
2401 1949 2652 2018 προφήτῃ
2685 1944 2878 2015 φησιν’
2914 1944 3022 1997 πᾶν
3049 1941 3159 2020 γάρ
3180 1941 3210 1994 δ
3247 1940 3325 2012 μὴ
3366 1938 3548 1993 αὐτοῦ
3597 1939 3764 1994 Evam

2195 2037 2292 2094 τοῦ
2325 2037 2513 2104 καλοῦ,
2533 2037 2692 2091 ἀλλου
2719 2034 2780 2089 δέ
2823 2051 2966 2098 τινος
3009 2032 3217 2102 γίνεται
3263 2031 3460 2101 χάριν,
3498 2029 3564 2082 ού
3623 2027 3762 2097 μόνεν

2197 2131 2445 2204 ἄμισθον,
2468 2129 2526 2184 ἀ)
2536 2129 2605 2182 λά
2619 2129 2714 2183 καὶ
2739 2126 3035 2182 ὑπεύθυνον
3053 2125 3288 2196 μάλιστα
3310 2124 3452 2176 ὅταν
3474 2120 3569 2174 ἐπ’
3589 2119 3764 2188 ἐνέδρα

2196 2223 2493 2296 πράττεται
2507 2219 2618 2274 τῶν
2631 2219 2901 2292 ὁρώντων,
2926 2213 3115 2289 δέλεαρ
3133 2213 3414 2277 ἀπωλείας
3431 2214 3554 2276 τοῖς
3577 2211 3762 2264 ἁπλου-

2199 2313 2408 2384 στέροις
2426 2303 2730 2382 γινόμενον.
2757 2309 3049 2378 Κενοδοξία
3070 2308 3168 2378 μέν
3189 2306 3300 2378 γὰρ
3332 2305 3616 2374 ἀνόνητον
3639 2303 3762 2354 ποιεῖ

2195 2406 2288 2461 τὸν
2321 2405 2480 2460 πόνον
2535 2401 2638 2474 τῆς
2692 2403 2923 2474 ἀρετῆς,
2984 2401 3080 2454 καὶ
3124 2399 3234 2454 τῶν
3277 2396 3534 2451 αἰωνίων
3573 2391 3762 2466 μισθῶν

2196 2497 2493 2567 ἀποστερεῖ
2514 2494 2605 2550 τὸν
2637 2494 2934 2564 κάμνοντα,
2979 2490 3118 2564 αῦτη
3158 2489 3418 2560 μεγάλων
3469 2487 3660 2540 πόνων⁹
3690 2484 3762 2536 εὓ-

2195 2607 2331 2654 ωνος
2375 2587 2635 2660 γινομένη
2684 2585 2898 2658 μισθὸς,
2954 2583 3050 2638 καὶ
3097 2581 3444 2654 πρόσκαιρος
3498 2576 3762 2632 ἐπιπόνων

2195 2683 2371 2739 ἄθλων
2396 2680 2661 2752 εὐφημία,
2693 2679 2788 2735 καὶ
2813 2676 2946 2748 τιμὴ
2993 2675 3301 2746 ὠκύμορος,
3355 2671 3502 2742 πρὶν
3546 2668 3766 2739 ἀνθῆσαι

2200 2773 2593 2846 μαραινομένη,
2616 2771 2711 2827 καὶ
2726 2767 3029 2843 παρηῶῦσα
3055 2767 3189 2835 πρὶν
3217 2764 3482 2835 ἀκμάσαι
3513 2760 3757 2822 δεόντως.

2196 2849 2489 2928 Εύσέδείας
2535 2866 2594 2920 δέ
2645 2865 2924 2936 μόρφωσις
2975 2861 3069 2915 ἐπὶ
3124 2859 3311 2930 ἀπάτῃ
3361 2853 3761 2927 τεχναζομένη.

2195 2961 2297 3015 ούκ
2319 2961 2522 3013 εἰκαῖον
2538 2958 2651 3029 ἐχει
2671 2957 2830 3028 μόνον
2853 2955 2941 3008 τδν
2963 2955 3229 3025 κάματον,
3255 2949 3394 3005 ἀλλά
3418 2947 3527 3002 καὶ
3567 2944 3766 2999 ἐπικίν-

2195 3053 2369 3118 δυνον,
2414 3051 2472 3105 ού
2522 3049 2722 3122 ζημίαν
2762 3046 2992 3119 μισθῶν,
3015 3044 3236 3100 κόλασιν
3267 3041 3327 3096 δέ
3391 3039 3634 3112 μακράν
3679 3055 3768 3090 κα·

525 3131 701 3186 solum
734 3131 895 3186 habet
931 3133 1170 3190 laborem
1221 3137 1426 3192 futilem
1454 3182 1470 3205 ,
1509 3157 1694 3197 verum
1732 3147 1895 3200 etiam
1935 3148 2082 3217 peri-

2203 3142 2607 3214 ιαδικαζομένη,
2635 3140 2729 3194 καὶ¹
2755 3139 2876 3192 λίαν
2909 3137 3201 3192 ἐπώδυνον.
3233 3134 3422 3196 υῦτως
3464 3127 3767 3202 μοχθήσασί

525 3221 774 3277 culosum
795 3263 810 3288 ,
839 3225 964 3280 dum
997 3241 1104 3280 non
1135 3227 1199 3281 ad
1237 3231 1548 3285 mercedum
1591 3233 1766 3288 solum
1803 3236 2098 3292 detrimen-

526 3321 640 3364 tum
665 3353 678 3373 .
724 3315 816 3367 sed
840 3315 1000 3369 etiam
1039 3318 1101 3370 ad
1133 3319 1468 3388 punitionem
1505 3323 1772 3392 prolixam
1795 3367 1810 3392 ,
1851 3343 1915 3382 ac
1944 3328 2100 3384 valde

525 3417 894 3458 aerumnosam
923 3406 1287 3476 adjudicetur.
1334 3412 1408 3466 Ita
1437 3413 1759 3482 quibusdam
1790 3417 2095 3489 eﬂatigatis,

525 3501 844 3564 tantumque
875 3497 1115 3554 laborem
1155 3504 1592 3573 amplexantibus
1624 3510 1837 3566 dicebat
1867 3514 2100 3582 Aposto-

526 3583 649 3639 lus:
694 3604 712 3637 ι
755 3588 924 3644 Tanta
956 3592 1102 3660 passi
1131 3593 1264 3649 estis
1291 3595 1409 3651 sine
1439 3613 1602 3654 causa
1641 3601 1716 3667 ⁸³,
1751 3621 1770 3654 ι
1803 3619 1899 3658 seu
1934 3604 2101 3660 futili-

527 3683 630 3741 ter,
661 3679 743 3732 «si
773 3668 949 3736 tamen
972 3684 1091 3739 sine
1114 3700 1301 3742 causa.
1325 3707 1344 3740 ι
1371 3690 1613 3745 Primum
1634 3693 1763 3748 illud
1789 3695 1906 3750 sine
1935 3712 2100 3754 causa

527 3770 711 3842 posuit
753 3784 972 3842 propter
1007 3775 1390 3834 detrimentum
1421 3783 1732 3838 mercedum
1760 3803 1774 3852 ;
1807 3789 2099 3842 secundum

529 3875 656 3915 rero
672 3861 787 3922 sine
804 3880 986 3928 causa,
1012 3867 1066 3921 in
1097 3867 1538 3928 lamentationem
1568 3877 1870 3944 punitionis
1901 3895 2096 3949 exspe-

526 3953 756 4012 ctanda.
781 3955 921 4022 Quin
938 3958 1100 4014 etiam
1126 3961 1410 4032 pendentia
1431 3965 1546 4020 vela
1574 3967 1642 4021 ab
1663 3967 1820 4024 altari
1837 3971 2099 4041 colligan-

497 4041 608 4098 'trs
637 4043 1192 4108 funibusvestimenta
1234 4054 1441 4112 faciunt
1468 4045 1694 4115 forsitan
1714 4062 1880 4132 aliqui
1915 4079 1981 4118 ex
2031 4080 2094 4121 ec

526 4129 870 4200 clesiasticis,
898 4138 1018 4194 illos
1045 4141 1394 4202 simulatione
1413 4147 1710 4215 imitantes,
1735 4129 1828 4221 qui
1876 4154 1979 4209 sub
2007 4155 2104 4211 ob-

525 4223 777 4281 tendente
795 4229 912 4283 velo
936 4231 1076 4286 intra
1089 4244 1296 4302 sancta,
1312 4251 1447 4305 pure
1458 4252 1614 4294 sacra
1630 4242 2103 4302 administrabant.

524 4309 683 4368 Aliud
695 4327 778 4372 est
791 4334 982 4392 nempe
999 4323 1174 4378 velum
1188 4325 1466 4396 obtegens,
1485 4331 1696 4386 etaliud
1713 4333 1890 4388 velum
1922 4336 2109 4392 obum-

528 4401 712 4468 brans,
737 4417 789 4461 et
815 4409 860 4466 si
890 4413 1168 4468 nominum
1197 4415 1494 4474 similitudo
1526 4421 1755 4476 occultet
1783 4423 2095 4490 discrimen,

2194 3253 2322 3296 τισι,
2354 3233 2446 3288 καὶ
2483 3231 2723 3287 τοιοῦτον
2773 3227 3189 3300 ἀναδεξαμένοις
3220 3227 3404 3289 πόνον,
3445 3225 3480 3277 ὁ
3521 3222 3769 3276 Ἀπόστε-

2194 3326 2283 3390 λος
2303 3324 2475 3393 ἔλεγεο
2515 3342 2534 3375 ι
2569 3321 2818 3375 Τοσαῦτα
2844 3320 3072 3374 ἐπάθετε
3099 3317 3241 3387 εἰκῆ,
3275 3316 3394 3384 εἴγε
3431 3313 3540 3368 καὶ
3563 3312 3716 3381 εἰκῆ·
3747 3327 3763 3360 ι

2195 3416 2257 3470 τὸ
2289 3415 2408 3486 μὲν,
2443 3413 2586 3483 είκῆ,
2629 3411 2797 3477 τάξας
2829 3411 2922 3464 ἐπὶ
2945 3409 3043 3479 τῆς
3066 3407 3180 3497 ,τῶν
3210 3404 3422 3477 μισθῶν
3457 3403 3693 3497 ζημίας,
3719 3399 3766 3451 τὸ

2197 3507 2274 3572 δὲ,
2305 3506 2422 3580 είγε
2450 3506 2543 3565 καὶ
2594 3505 2739 3574 εἰκῆ,
2773 3503 2867 3556 ἐπὶ
2921 3495 3266 3594 σχετλιασμῷ
3311 3495 3766 3594 πῳσῶκωμᾏς

2197 3595 2492 3660 κολάσεως.
2535 3593 2800 3663 Ἐχόμενα
2845 3590 2902 3644 δέ
2962 3589 3058 3643 τοῦ
3113 3585 3512 3656 θυσιαστηρίου
3570 3585 3766 3638 ποιοῦσι

2200 3685 2675 3759 παραπετάσματα
2718 3680 3074 3751 δεσμεύοντες
3132 3675 3388 3749 σχοινίοις
3423 3675 3502 3728 τὰ
3563 3675 3765 3746 ἱμάτια,

2197 3777 2338 3847 τάχα
2368 3775 2510 3840 τινὲς
2539 3771 2769 3830 καὶτῶν
2807 3768 3276 3843 ἐκκλησιαστικῶν
3329 3766 3673 3838 μιμούμενοι
3715 3766 3763 3832 τῇ

2204 3867 2494 3940 ὑποκρίσει
2543 3865 2669 3930 τοὺς
2717 3864 2870 3928 ἐντὸς
2914 3864 3022 3918 τῶν
3070 3862 3241 3930 ἁγίων
3277 3860 3385 3914 ὑπὸ
3417 3858 3504 3931 τῷ
3539 3873 3766 3911 καταπεο

2201 3962 2439 4031 τάσματι
2496 3957 2946 4030 λειτουργοῦντας
3014 3955 3212 4025 ἁγνῶς.
3269 3953 3437 4007 Ἀλλο
3488 3952 3606 4022 γάρ
3669 3950 3767 4002 ἐστι

2204 4041 2619 4119 καταπέτασμα,
2675 4048 2770 4102 καὶ
2821 4045 2950 4100 ἀλλο
3005 4042 3435 4117 παραπέτασμα,
3503 4043 3555 4094 εί
3610 4038 3766 4106 καὶὴ

2203 4142 2460 4212 ὁμοιότης
2492 4141 2600 4194 τῶν
2628 4139 2906 4210 ὀνομάτων
2931 4138 3030 4207 τὴν
3061 4139 3120 4190 ἐν
3142 4137 3256 4236 τοῖς
3287 4135 3621 4236 πράγμασιν
3649 4133 3766 4236 ἀπρ-

2205 4233 2437 4305 κρύπτει
2488 4231 2770 4300 διαφοράν.
2830 4229 2904 4282 Τὸ
2955 4227 3053 4298 μὲν
3098 4225 3206 4297 γάρ
3257 4223 3680 4296 παραπέτασμα
3707 4223 3768 4281 ὡς

2208 4325 2361 4395 ἔτυχε
2394 4324 2730 4395 σχεδιάζεται
2760 4322 2828 4376 δι’
2886 4321 3130 4389 ἀνάγκην
3155 4317 3250 4372 τοῦ
3293 4317 3369 4388 μὴ
3423 4315 3681 4385 αἰθρίωςι
3701 4313 3772 4378 δη·

2213 4416 2561 4489 μοσιεύεσθαι
2591 4416 2658 4470 τὰ
2677 4412 3064 4484 συγκαλύψεως
3085 4410 3335 4479 δεόμενα,
3362 4407 3628 4474 πλαγεοις
3647 4403 3769 4456 τισὶν

529 4497 671 4563 quod
690 4507 772 4550 est
791 4500 843 4553 in
865 4503 1055 4558 rebus:
1079 4507 1318 4560 etvclum
1338 4496 1690 4577 aduinbrans,
1711 4514 1781 4568 ob
1808 4517 2097 4570 necessita-

2212 4509 2547 4581 ἑκατέρωθεν
2582 4505 3008 4580 προσηρτημένα
3031 4504 3246 4573 δεσμοῖς
3287 4499 3451 4568 δεξιῷ
3491 4498 3650 4569 μέρει
3693 4495 3769 4546 καὶ

533 4592 660 4650 tem,
701 4600 757 4641 ut
789 4607 912 4646 sors
947 4595 1147 4674 tulerit.
1182 4614 1248 4651 ex
1280 4608 1523 4671 tempore
1553 4617 1969 4674 apparatur,°ne
2005 4610 2108 4666 sub

533 4676 625 4730 dio
654 4681 991 4747 publicentur
1020 4669 1141 4756 quae
1159 4669 1532 4749 occultatione
1566 4695 1845 4766 indigent,
1873 4699 2108 4770 obliquis

532 4769 788 4836 utrinque
816 4774 1047 4831 vinculis
1077 4780 1406 4847 quibusdam
1441 4799 1734 4854 appensum
1778 4804 1812 4843 ο
1849 4769 2068 4845 dextera
2089 4832 2104 4857 ,

527 4867 584 4911 et
625 4858 846 4914 sinistra
887 4873 1038 4932 parte
1065 4868 1198 4922 nihil
1227 4875 1664 4940 supereminente
1723 4879 1901 4946 quoad
1933 4881 2110 4934 altitu-

532 4947 712 5002 dinem
743 4969 756 5004 :
799 4965 854 5007 at
876 4955 1052 5010 velum
1080 4958 1342 5031 obtegens
1369 4977 1397 5014 a
1427 4968 1958 5033 supereminentihus
1990 4971 2103 5024 vin-

531 5039 670 5094 culis
699 5041 948 5100 deorsum
982 5047 1172 5111 fertur,
1197 5055 1434 5110 nominis
1457 5057 1627 5127 ipsius
1651 5060 1882 5128 (scilicet
1905 5061 2105 5132 velum)

532 5128 740 5199 origine
766 5134 1082 5204 designante
1107 5141 1254 5195 lintei
1283 5145 1518 5200 volatum
1563 5163 1593 5200 a
1631 5149 1896 5218 superiori
1929 5128 2103 5220 parte.

536 5220 601 5276 Et
644 5221 808 5288 forte,
853 5229 1072 5295 quando
1109 5232 1401 5290 virtutibus
1445 5237 1687 5292 laborem
1735 5239 2109 5310 amplcxamur

2211 4601 2505 4674 ἀριστερῷ,
2540 4603 2633 4655 καὶ
2655 4601 2807 4654 οὐδὲν
2835 4597 3153 4669 ὑπερέχοντι
3182 4593 3323 4648 κατά
3347 4593 3412 4644 τὸ
3440 4589 3584 4659 ὕψος
3603 4606 3618 4620 ο
3651 4589 3708 4640 τὺ
3726 4587 3768 4638 δὲ

2209 4694 2608 4763 καταπέτασμα
2635 4691 2711 4759 ἐξ·
2744 4689 3120 4763 ὑπερεχόντων
3167 4682 3384 4754 δεσμῶν
3410 4681 3767 4752 κατεώρηται,

2209 4786 2310 4857 τὴν
2344 4785 2549 4840 ἀνωθεν
2583 4785 2926 4854 κατάπτησιν
2954 4779 3058 4850 τῆς
3097 4779 3288 4848 ὀθόνης
3328 4773 3771 4844 ἐτυμολογοῦντος

2209 4877 2302 4932 τοῦ
2334 4879 2616 4948 ὀνόματος.
2647 4877 2756 4930 Καὶ
2785 4876 2926 4945 τάχα
2955 4875 3086 4927 ὅταν
3113 4871 3212 4942 μὲν
3239 4868 3331 4923 τὸν
3375 4867 3474 4920 ἐπὶ
3501 4868 3627 4927 ταῖς
3667 4865 3771 4934 ἁρε-

2209 4973 2329 5033 ταϊς
2351 4969 2511 5023 πόνον
2536 4967 2925 5038 ἀναδεχόμεθα,
2948 4965 3035 5018 διά
3061 4964 3151 5018 τὸν
3181 4964 3239 5015 ἐν
3287 4958 3367 5029 τῷ
3401 4954 3641 5030 κρυπτῷ
3671 4953 3767 5024 βλέ-

2213 5078 2383 5115 ποντα
2417 5060 2712 5132 Δεσπότην,
2735 5057 2974 5120 καὶτοὺς
3007 5055 3116 5109 τῶν
3144 5050 3450 5123 ἀνθρώπων
3487 5049 3640 5102 κάτω
3663 5047 3766 5097 λαν-

2212 5149 2460 5213 θάνοντες
2487 5149 2817 5218 ὀφθαλμοὺς,
2847 5146 2924 5218 τῷ
2953 5143 3157 5201 ἄνωθεν
3183 5141 3381 5212 ὁρῶντι
3629 5149 3764 5205 φανερ

2215 5241 2421 5312 ροῦμεν
2445 5241 2507 5294 τὸ
2523 5237 2835 5311 ³γινόμενον.

534 5325 755 5385 propter
781 5318 1049 5376 videntem
1098 5324 1153 5378 in
1192 5329 1404 5381 occulto
1445 5327 1769 5398 Dominum,
1814 5331 2113 5402 oculosque
2150 5333 2434 5390 hominum
2497 5331 2637 5388 infra
2693 5331 3021 5387 exsistentes
3043 5326 3310 5390 latemus,
3346 5322 3403 5378 ei
3435 5320 3538 5392 qui
3567 5320 3763 5386 desuper

534 5407 686 5462 Solus
715 5409 887 5477 videt,
926 5413 1069 5480 (μιοᾶ
1098 5414 1185 5481 fit,
1221 5419 1598 5485 expandimus.

1032 5504 1197 5578 533
1244 5507 1472 5564 CAPUT
1520 5509 1608 5564 Ix.

609 5592 1058 5662 Quanquuidem
1103 5609 1158 5655 et
1198 5614 1262 5656 ea
1308 5615 1494 5658 mensa
1533 5601 1920 5673 propositionis
1959 5605 2103 5662 dicta

618 5751 664 5784 ⁸³
694 5753 867 5810 Galat.
898 5773 980 5826 Ill,
1002 5759 1054 5814 εί.

3050 5503 3160 5558 .Θ’

2332 5513 2351 5532 ο
3050 5544 3064 5558 ,
3099 5504 3160 5556 Θ’

2291 5598 2509 5673 Ἐπειδὴ
2530 5596 2625 5654 καὶ
2653 5597 2688 5670 ἡ
2719 5504 3198 5668 πρόῐίξΞῗςῖνωθεν
3213 5589 3324 5661 ἔχει
3351 5587 3458 5663 τὴν
3486 5591 3663 5648 αἰτίαν
3685 5585 3758 5654 τῆς
