3838 6056
48 374 225 444 1277

44 491 231 563 πρὸς
274 488 407 544 Θεὸν
436 488 838 561 εύαρεστήσεως
879 487 1181 560 ἐξημμένη,
1213 488 1309 542 καὶ
1352 486 1414 542 τὸ
1441 489 1679 543 καταπέ-

50 600 296 652 τασμα
336 581 535 652 ὁμοίως
571 581 777 636 ἄνωθεν
820 582 1050 652 ἧρτηται
1103 579 1372 650 χαλασθὲν
1397 595 1410 610 ·
1453 578 1558 634 ὑπὸ
1590 578 1670 649 τῷ

52 672 563 741 καταπετάσματι
604 669 1024 740 λειτουργοῦμεν
1069 666 1374 739 ίερατικῶς,
1420 667 1481 721 τὸ
1511 666 1674 719 καλὸν

56 763 498 825 ἐπιτελοῦντες
533 762 659 815 ὅταν
699 761 756 814 δὲ
807 760 1175 832 σωφροσύνης,
1231 759 1266 831 ἢ
1296 756 1676 828 ἁκτημοσύνης

58 855 301 925 σχῆμα
359 853 783 924 προϐαλλόμενοι
846 852 916 904 τὰ
970 852 1188 904 ἐναντία
1237 850 1547 921 πράττομεν
1618 850 1677 901 ἐν

62 945 338 1015 κρυπτῷ
369 946 459 998 καὶ
484 943 962 1016 παραπετάσματα
990 943 1099 1005 τοῖς
1132 941 1241 994 τῶν
1272 940 1679 1011 ἁμαρτημάτων

66 1036 371 1106 σχοινίοις
400 1034 778 1098 διατείναντες,
810 1032 943 1086 ἄλλα
993 1032 1093 1103 μὲν
1122 1033 1433 1103 πράττομεν
1454 1032 1511 1083 ἐν
1540 1046 1680 1099 παρ-

70 1130 238 1198 υφῇ,
278 1128 411 1183 ἄλλα
443 1127 498 1180 δὲ
517 1124 1008 1197 ἐπιμορφαξόμεθα
1042 1122 1410 1194 πεπλασμένῳ
1441 1123 1679 1193 σχήματι

72 1224 563 1293 σεμνοποιοῦντες
626 1222 725 1294 τὴν
786 1221 1153 1275 λανθάνουσαν
1220 1221 1513 1290 αἰσχύνην,
1588 1217 1682 1271 καὶ

75 1317 303 1389 ἀπάτῃ
330 1318 427 1380 τάς
475 1317 583 1370 τῶν
631 1313 933 1386 ἀνθρώπων
981 1312 1321 1377 δελεάζοντες
1370 1311 1517 1380 ὄψεις
1547 1310 1683 1382 πρὸς

77 1408 269 1472 δόξαν
295 1406 491 1476 εὐσεϐῆ
523 1406 615 1458 καὶ
636 1404 912 1475 ἐνάρετον,
942 1401 1063 1455 τότε
1090 1401 1193 1454 ὑπὸ
1223 1400 1680 1471 παραπετάσματι

80 1497 433 1568 κρύπτομεν
483 1494 697 1566 ψεκτῶς
748 1494 818 1549 τὰ
860 1491 1252 1561 καταγνώσεως
1302 1492 1350 1544 εί
1405 1488 1684 1561 φωραθείη

83 1586 263 1651 ἄξια.
308 1588 398 1650 Ὠς
426 1586 532 1657 7&9
566 1586 788 1657 ἡάρετὴ
820 1583 1215 1657 κεκρυμμένως
1260 1582 1518 1652 γινομένη
1554 1579 1686 1635 Θεὸν

86 1681 225 1749 ἔχει
305 1681 397 1733 τὸν
452 1679 744 1749 ἐπαινέτην
820 1677 915 1732 καὶ
978 1674 1355 1746 φανερουμένη
1421 1671 1687 1744 λαμπρῶς

94 1771 585 1844 ἁνακηρύττεται,
641 1769 812 1833 οὕτως
869 1769 904 1839 ἡ
958 1766 1147 1830 κακία,
1198 1765 1533 1820 λανθάνουσα
1586 1763 1686 1834 μὲν

89 1882 121 1917 τ
133 1882 150 1915 ι
161 1864 388 1934 μωρίαν
405 1864 612 1934 ἐπηρτη
622 1862 789 1932 μένην
805 1860 915 1931 ἔχει
934 1859 1030 1913 καὶ
1049 1857 1287 1918 κόλασιν,
1304 1852 1687 1927 ἐλ[ηλ]εγμένη

95 1956 161 2008 δὲ
205 1956 374 2027 φέρει
396 1956 476 2017 είς
499 1954 732 2025 ἐσχάτην
751 1951 1111 2017 κατάγνωσιν.
1141 1948 1298 2003 Ἀλλὰ
1325 1948 1429 2000 κᾶν
1461 1944 1692 2000 ἐνταῦθα

96 2048 359 2101 λάθωσιν
387 2047 437 2099 οἱ
492 2043 746 2107 τοιοῦτοι,
776 2041 1172 2113 διεφθαρμένον
1218 2038 1553 2109 ἐπιτήδευμα
1600 2053 1690 2090 σε-
1714 2061 1725 2073 ~

104 2140 239 2212 μ.νῴ
270 2140 433 2212 δῆθεν
468 2135 917 2207 συγκαλύψαντες
951 2136 1210 2204 σχήματι,
1257 2133 1375 2184 ἐκεῖ
1407 2127 1693 2201 γυμνωθή-

104 2249 311 2286 σονται
336 2232 576 2295 πάντως,
616 2229 715 2299 τῆς
749 2227 848 2299 μὲν
896 2226 1170 2297 δοκήσεως
1216 2221 1690 2294 περιαιρουμένης,

107 2324 537 2395 φανερουμένης
577 2322 635 2375 δὲ
677 2322 770 2374 καὶ
798 2317 1218 2389 ὑπολαμπούσης
1246 2315 1565 2386 αὐτομάτως
1592 2312 1692 2380 τῆς

107 2416 405 2486 ἀληθείας
431 2413 562 2484 περὶ
607 2413 811 2466 τούτων
840 2410 948 2482 γὰρ
980 2412 1009 2464 ό
1065 2408 1290 2470 Ἡσαΐας
1336 2406 1476 2475 τάχα
1507 2402 1690 2473 φησιν’

116 2527 137 2560 ι
195 2504 568 2574 ’Δποκαλύψει
592 2503 796 2574 Κύριος
821 2501 884 2555 τὸ
906 2501 1092 2571 σχῆμα
1117 2496 1297 2551 αὐτῶν
1333 2499 1391 2549 ἐν
1413 2497 1478 2565 τῇ
1512 2493 1693 2563 ἡμέρᾳ

112 2598 335 2671 ἐκείνῃ.
368 2615 388 2649 ι
432 2594 573 2648 Ἀλλ’
604 2594 663 2647 ού
695 2593 895 2655 πάντες
915 2593 962 2644 οί
1009 2590 1072 2643 τὸ
1102 2589 1268 2643 καλὸν
1313 2586 1694 2657 μετερχόμενοι

116 2688 383 2755 τοιοῦτοι,
420 2688 524 2741 κάν
587 2702 731 2748 τινες
761 2683 903 2755 θήρᾳ
929 2682 1083 2751 δόξης
1134 2677 1475 2751 ἀνθρωπίνης
1510 2676 1571 2729 τὸ
1597 2676 1693 2744 τῆς

117 2776 437 2846 θεοσεβείας
464 2775 799 2845 ἐπιτήδευμα
831 2772 1078 2843 μετίασιν
1104 2772 1202 2841 ούχ
1251 2769 1451 2838 ἁγνῶςο
1485 2768 1546 2821 ού
1583 2766 1690 2837 γὰρ

118 2870 213 2922 διὰ
278 2870 403 2932 τοὺς
449 2867 767 2930 ἀπατεῶνας
812 2862 1176 2936 ἐπηρεαστέον
1222 2862 1316 2915 καὶ
1360 2862 1472 2923 τοῖς
1528 2876 1696 2912 σπου-

120 2962 321 3026 δαίοις.
358 2962 482 3015 Εἰσὶ
508 2961 618 3031 γάρ
649 2960 697 3012 οἱ
735 2959 852 3011 κατ’
885 2956 1139 3027 ἀλήθειαν
1167 2954 1264 3022 τὴν
1313 2952 1512 3023 ἀρετὴν
1568 2966 1697 3020 μετ-

124 3056 416 3126 ερχόμενοι
445 3095 459 3118 ,
486 3053 580 3109 καὶ
612 3052 671 3105 ού
697 3050 1015 3121 ψευδόμενοι
1066 3047 1177 3107 τοῖς
1210 3044 1387 3116 ἔργοις
1417 3042 1477 3096 τὸ
1523 3040 1696 3107 ἐπάγ-

1587 376 1865 439 SERMO.

3197 354 3344 428 1278.

1707 495 1753 551 Α
1779 490 2012 556 desuper
2036 481 2196 538 habet
2226 493 2445 536 causam
2466 519 2479 541 ,
2506 476 2705 547 quippe
2735 489 2856 544 quaa
2880 489 2911 530 a
2940 469 3336 541 eomplacentia

1776 580 1871 634 Dei
1898 575 2161 649 dependet
2184 593 2197 629 :
2225 582 2279 628 et
2299 571 2545 627 similiter
2574 568 2750 623 velum
2775 568 3028 635 obtegens
3058 562 3340 633 suspendi~

1774 683 1863 729 tur
1896 673 2125 739 desuper
2153 668 2389 721 laxatum
2412 704 2427 728 ,
2468 670 2522 717 et
2568 660 2669 716 sub
2716 659 2819 713 hoc
2861 657 2980 711 velo
3012 655 3338 710 obtendente

1776 771 2119 822 sacrosancta
2152 758 2615 819 administramus,
2663 751 2788 807 dum
2821 750 3020 803 bonum
3049 746 3341 817 quodpiam

1776 854 2083 933 perficimns
2128 869 2141 904 :
2185 848 2400 918 quando
2450 859 2597 907 vero,
2654 839 3019 911 temperantiae
3080 846 3171 891 aut
3210 852 3345 906 pau-

1778 948 2003 1020 pertatis
2033 944 2266 1014 speciem
2298 938 2640 1011 praeferentes
2666 977 2681 1003 ,
2728 932 2997 990 contraria
3027 930 3255 985 facimus
3286 928 3343 983 in

1779 1019 2026 1102 ot-culto,
2062 1034 2289 1103 velaque
2333 1028 2707 1086 adumbrantia
2744 1019 3344 1095 peccatorum‘funibus

1779 1130 2165 1190 distendentes,
2189 1125 2295 1179 alia
2322 1123 2535 1193 quidem
2558 1120 2701 1174 velut
2723 1118 2775 1171 in
2805 1124 3008 1171 attexto
3032 1126 3345 1183 operamur,

1784 1225 1885 1279 alia
1918 1236 2044 1276 vero
2074 1217 2449 1279 efformamus,
2482 1212 2660 1281 specie
2687 1208 2853 1265 edicta
2892 1207 3144 1261 latentem
3176 1203 3347 1272 turpi-

1781 1316 2023 1372 tudinem
2065 1309 2213 1381 gravi
2257 1308 2568 1375 obtegentes
2606 1304 2920 1363 honestate,
2968 1307 3127 1366 atque
3158 1294 3349 1349 fraude

1783 1406 2065 1462 hominum
2095 1402 2247 1455 visus
2269 1396 2595 1465 decipientes
2626 1392 2691 1447 ad
2726 1392 2868 1462 piam
2900 1389 3146 1459 gloriam,
3176 1385 3349 1440 virtu-

1784 1508 1943 1570 teque
1968 1494 2244 1567 praeditam
2276 1487 2688 1558 assequendam,
2723 1493 2852 1538 tunc
2882 1480 2983 1537 sub
3007 1480 3127 1534 velo
3154 1478 3348 1532 adum-

1784 1594 1975 1648 branle
2005 1581 2496 1657 reprehensibiliter
2525 1576 2861 1632 occultamus
2884 1586 3003 1644 quae
3032 1570 3191 1638 digna
3221 1574 3351 1623 sunt

1786 1678 2253 1740 condemnatione,
2283 1674 2326 1728 si
2349 1669 2793 1742 pervestigentnr.
2839 1664 2991 1718 Sicut
3013 1661 3153 1715 enim
3176 1658 3352 1712 virtus

1788 1777 1925 1832 clam
1948 1770 2185 1827 exercita
2214 1766 2381 1820 Deum
2415 1761 2575 1816 habet
2603 1758 2958 1818 laudatorem,
2989 1768 3053 1807 ac
3076 1750 3349 1806 declarata

1790 1868 2022 1926 dilucide
2067 1861 2414 1936 praedicatur,
2471 1856 2541 1909 ita
2583 1862 2637 1907 et
2704 1848 2910 1905 malitia
2946 1845 3162 1900 latitans
3192 1841 3352 1896 habet

1789 1960 2009 2033 quidem
2043 1966 2366 2026 suspensum
2397 1946 2720 2017 supplicium
2758 1950 2811 1997 et
2850 1938 3183 2010 punitionem
3206 1974 3222 2001 ,
3262 1948 3353 1987 re-

1791 2056 2020 2123 darguta
2046 2062 2175 2102 vero
2203 2060 2267 2099 ac
2290 2039 2625 2112 deprehensa
2657 2034 2758 2090 fert
2792 2031 2858 2086 ad
2891 2038 3185 2085 extremam
3215 2038 3353 2080 eon-

1790 2142 2208 2201 demnationem.
2232 2131 2492 2201 Quamvis
2520 2138 2700 2182 autem
2734 2125 2825 2180 isti
2856 2123 2988 2176 tales
3021 2120 3222 2173 lateant
3261 2114 3355 2169 hic

1791 2252 1899 2292 non
1946 2228 2339 2293 animadversi,
2382 2224 2567 2279 habitu
2608 2219 2814 2275 scilicet
2850 2212 2999 2285 gravi
3037 2220 3090 2266 et
3121 2210 3358 2263 honesto

1791 2335 2107 2396 corruptum
2131 2320 2481 2378 obtendentes
2509 2311 2776 2373 studium,
2801 2308 2913 2362 illic
2938 2303 3164 2360 omnino
3191 2299 3355 2357 demta

1791 2393 2094 2487 dabuntur;
2124 2413 2378 2484 opinione
2400 2409 2614 2480 quidem
2636 2420 2756 2475 qua:
2788 2402 2854 2456 de
2893 2396 3025 2468 ipsis
3054 2393 3356 2448 habebatur

1793 2512 2036 2578 sublata,
2066 2484 2352 2576 patefacta
2399 2515 2529 2556 vero
2556 2537 2572 2562 ,
2618 2506 2671 2551 et
2703 2510 2768 2549 ex
2811 2491 2987 2559 seipsa
3040 2484 3359 2540 sublucente

1791 2569 2063 2658 veritate:
2099 2598 2165 2652 de
2197 2595 2282 2649 his
2309 2592 2509 2663 quippe
2538 2585 2763 2642 forsitan
2794 2582 2966 2636 Isaias
2998 2576 3163 2631 dicit:
3202 2592 3219 2624 ι
3252 2569 3358 2625 Re»

1792 2692 1990 2747 velabit
2032 2688 2292 2743 Dominus
2332 2685 2557 2753 flguram
2600 2678 2845 2748 ipsorqu
2891 2672 2945 2726 in
2986 2668 3074 2722 illa
3112 2665 3198 2720 die
3226 2663 3295 2719 ⁸⁸⁸.
3334 2688 3356 2715 ο

2331 2813 2346 2839 ,
2393 2770 2484 2841 qui
2519 2770 2721 2824 bonum
2764 2767 3177 2819 consectantur,
3224 2762 3365 2811 tam

1718 1829 1759 1883 Β

1795 2885 1956 2940 sunt,
1992 2881 2047 2928 et
2093 2870 2140 2925 si
2168 2861 2722 2938 quidam‘exsistant,
2753 2854 2846 2925 qui
2895 2852 3147 2906 humana:
3177 2841 3364 2913 gloriae

1795 2967 2079 3024 venatione
2125 2958 2340 3031 pietatis
2392 2955 2597 3010 cultum
2653 2947 2818 3019 589
2864 2959 2990 3014 erga
3044 2942 3211 2995 Deum
3255 2949 3364 2989 non

1797 3076 1927 3131 pure
1976 3053 2398 3126 aggrediantur,
2450 3060 2552 3100 nec
2594 3042 2738 3123 enim
2762 3042 3003 3109 [propter
3051 3031 3367 3098 deceptores

124 3120 326 3217 τέλμα,
347 3145 480 3198 ἀλλὰ
508 3143 584 3213 τῷ
612 3120 873 3213 ὁρωμένῳ
898 3140 956 3193 τὸ
978 3139 1348 3210 κρυπτόμενον
1380 3131 1688 3203 ἐξομοιοῦν-

1801 3149 2062 3207 ιῐιοιεεῐὶειε
2086 3143 2379 3201 subeundae
2406 3147 2532 3193 sunt
2551 3120 2711 3191 etiam
2735 3127 3013 3186 studiosis.
3040 3123 3178 3178 Sunt
3217 3120 3361 3175 enim

124 3256 243 3302 τες,
274 3237 443 3291 καὶτὸ
480 3235 664 3305 σχῆμα
688 3234 899 3303 ἔχοντες
921 3229 1212 3302 ἑρμηνείαν
1244 3226 1336 3280 τοῦ
1359 3226 1699 3297 πράγματος,

130 3331 191 3382 ού
214 3327 530 3396 φαινόμενοι
554 3326 709 3396 μόνον
736 3325 763 3377 ὃ
780 3321 1225 3391 ἐπαγγέλλονται,
1253 3317 1387 3371 ἀλλὰ
1415 3315 1507 3368 καὶ
1530 3314 1699 3377 ὄντες,

129 3418 510 3489 ὀνομάζονται,
559 3415 592 3484 ἢ
645 3415 742 3469 καὶ
801 3412 896 3471 τοῦ
951 3410 1270 3482 νομίζεσθαι
1309 3406 1506 3477 μᾶλλον
1562 3399 1702 3455 εἶναι

135 3509 548 3572 σπουδάζοντες,
576 3505 663 3560 διά
687 3506 778 3559 τὸν
807 3504 982 3561 πάντα
1020 3505 1113 3556 καὶ
1161 3503 1229 3554 τά
1260 3502 1317 3552 ἐν
1361 3500 1549 3569 μυχοῖς
1604 3496 1703 3564 τῆς

134 3601 364 3667 καρδίας
423 3597 730 3670 ἐρευνῶντα
778 3595 930 3661 Θεὸν,
989 3595 1083 3648 καὶ
1133 3590 1450 3646 ἀποδιδόντα
1490 3587 1704 3656 ἑκάστῳ

138 3694 280 3753 κατὰ
308 3692 369 3744 τὸ
415 3692 546 3744 ἴδιον
570 3688 749 3759 ἔργον,
778 3687 837 3740 ού
871 3686 1013 3740 κατὰ
1045 3684 1145 3753 τὴν
1183 3680 1470 3753 ὑπόληψιν.
1496 3678 1705 3740 Ἀλλως

137 3784 193 3837 δὲ
222 3783 383 3835 πάλιν
409 3781 549 3843 τινές
578 3781 634 3832 ἐν
658 3778 866 3841 τούτοις
892 3777 984 3830 τοῦ
1002 3776 1228 3847 ἀληθοῦς
1251 3773 1454 3829 σκοποῦ
1473 3773 1709 3841 διαμαρ-

140 3889 416 3951 τάνουσιν,
451 3884 837 3955 ἐπαιρόμενοι,
871 3882 967 3935 καὶ
1009 3881 1316 3951 νομίζοντες
1344 3878 1452 3951 ἰδίᾳ
1480 3875 1706 3947 δυνάμει

142 3991 234 4054 τὸν
256 3990 457 4059 κόσμον
487 3984 946 4056 περιπεποιῆσθαι
970 3984 1068 4053 τῆς
1100 3982 1322 4053 ἀρετῆς.

146 4088 474 4155 opinionem.
509 4085 578 4137 At
610 4082 744 4136 alias
771 4097 801 4136 e
828 4081 1042 4136 diverso
1070 4079 1237 4148 aliqui
1264 4078 1315 4137 in
1342 4076 1493 4145 hisce
1525 4091 1554 4130 a
1585 4087 1712 4128 vero

1809 3247 1901 3317 qui
1934 3258 2056 3297 vere
2088 3240 2340 3293 virtutem
2383 3235 2767 3287 consectantur
2791 3262 2805 3287 ,
2840 3225 2957 3274 “nec
3001 3214 3369 3269 ementiuntur

1808 3335 2062 3406 operibus
2082 3328 2492 3402 professionem,
2531 3318 2621 3375 sed
2646 3316 2786 3370 hanc
2817 3308 3121 3366 assimilant
3147 3304 3195 3358 ei
3224 3299 3369 3371 quod

1808 3428 2053 3488 videtur,
2083 3392 2155 3477 ἐι
2183 3420 2413 3489 speciem
2466 3413 2699 3471 habent,
2748 3420 2868 3475 qua:
2903 3396 3270 3468 interpretatio
3303 3392 3373 3447 sit

1808 3520 1916 3583 rei,
1970 3516 2131 3586 quive
2170 3526 2277 3564 non
2315 3512 2574 3577 apparent
2610 3492 2958 3553 solummodo
3004 3490 3056 3543 in
3091 3502 3156 3543 eo
3181 3524 3198 3551 ,
3225 3481 3372 3555 quod

1809 3609 2161 3681 profitentur,
2200 3602 2292 3659 sed
2338 3611 2389 3656 et
2433 3598 2786 3654 nominantur
2819 3592 2934 3654 sic,
2984 3587 3113 3642 dum
3138 3596 3197 3637 re
3236 3577 3377 3634 tales

1811 3665 2094 3759 exsistant,
2123 3665 2399 3745 autetiam
2427 3684 2645 3740 student
2677 3694 2798 3734 esse
2829 3677 2948 3746 plus
2973 3687 3037 3728 eo
3057 3711 3071 3733 .
3108 3665 3247 3739 quod
3280 3677 3379 3718 no-

1812 3790 2090 3845 minantur
2112 3790 2328 3855 propter
2350 3778 2515 3833 Deum
2559 3780 2890 3829 scrutantem
2922 3762 3103 3820 omnia
3123 3800 3138 3823 ,
3168 3771 3289 3827 quae
3323 3753 3377 3807 in

1810 3878 2115 3936 recessibus
2143 3872 2323 3928 cordis
2368 3870 2758 3937 obversantur,
2803 3875 2867 3914 ac
2901 3853 3191 3921 unicuique
3220 3844 3380 3901 retri-

1812 3973 2064 4027 buentem
2094 3964 2390 4021 secundum
2421 3956 2701 4030 proprium
2736 3966 2910 4021 opus,
2938 3961 3049 4002 non
3081 3937 3379 3998 secundum

1750 4084 1917 4139 scopo
1978 4065 2260 4127 aberrant,
2297 4057 2463 4113 animi
2498 4051 2728 4109 elatione
2760 4044 2971 4109 elevati,
3000 4048 3056 4095 et
3112 4035 3382 4092 arbitran-

149 4190 227 4241 tes
261 4178 495 4249 propriis
533 4176 741 4231 viribus
787 4175 896 4231 sibi
943 4174 1153 4243 seipsos
1189 4171 1406 4226 virtutis
1433 4176 1811 4225 ornamentum
1852 4170 2191 4229 comparare.

763 4287 1014 4343 ΚΕΦΑΛ.
1042 4285 1097 4340 r.
1392 4340 1411 4359 ,
1682 4310 1689 4317 ο

217 4407 447 4461 Σπάνιον
480 4405 589 4477 7&9
616 4405 711 4457 καὶ
737 4403 858 4457 λίαν
891 4400 1169 4462 δύσκολον,
1205 4398 1449 4467 ἐνεγκεῖν
1483 4391 1708 4464 μέγεθος

151 4501 346 4569 ἀρετῆς
372 4499 446 4569 μὴ
490 4494 905 4567 ἐπαρθέντατῷ
961 4494 1289 4565 φρονήματι,
1347 4488 1480 4560 μηδὲ
1542 4503 1712 4555 φυση-

152 4590 308 4645 θέντα
340 4594 451 4652 τοίς
470 4587 876 4660 κατορθώμασι,
930 4587 1185 4657 μείναντα
1229 4583 1286 4636 δὲ
1311 4579 1588 4640 ταπεινὸν,
1622 4577 1716 4630 καὶ

154 4682 224 4744 ὼς
252 4682 315 4735 ἂν
348 4680 491 4734 εἴποι
513 4698 592 4744 τις
624 4682 848 4750 ἄζυμον·
894 4677 1019 4730 οὔτε
1047 4676 1156 4746 γὰρ
1213 4674 1422 4745 ἄζυμον
1478 4671 1717 4740 φυσᾶται

157 4774 287 4843 πυρὶ
315 4771 711 4843 προσομιλοῦν,
744 4770 893 4840 μένει
912 4769 970 4821 δὲ
1000 4770 1056 4821 ἐν
1084 4766 1324 4836 ταπεινῷ
1355 4763 1431 4834 τῷ
1452 4764 1714 4833 σχήματι,

159 4864 278 4917 οὕτε
310 4863 652 4934 μετριόφρων
705 4859 992 4930 ἐπαίρεται
1045 4857 1439 4930 μετερχόμενος
1488 4852 1714 4923 ἀρετὴν,

163 4954 407 5024 εὐλαϐείᾳ
458 4951 832 5006 καταστέλλων
883 4950 942 5002 τὸ
992 4948 1091 5016 τῆς
1140 4945 1453 5009 ἀλαζονείας
1499 4943 1717 5011 οίδημα.

165 5044 377 5108 Τούτοις
404 5050 431 5098 ὁ
468 5045 764 5116 νομοθέτης
795 5043 885 5096 τὸν
916 5041 1079 5110 φόϐον
1105 5038 1212 5111 πρὸ
1236 5034 1526 5106 ὀφθαλμῶν
1578 5032 1722 5103 ἔχειν

167 5135 256 5189 τοῦ
283 5136 414 5188 Θεοῦ
447 5136 825 5205 συμϐουλεύει,
872 5134 1102 5187 πάντοτε
1152 5129 1252 5199 τῆς
1303 5127 1498 5195 ἀλόγου
1533 5123 1723 5176 τοῦτον

171 5229 444 5302 ἐπάρσεως
502 5228 852 5296 παιδαγωγὸν
897 5224 1155 5295 ἐφιστῶν,
1208 5221 1305 5274 καὶ
1356 5214 1725 5288 σωφρονιστὴν

170 5321 323 5375 ὅσιον.
348 5323 420 5373 Τὸ
443 5321 550 5392 γὰρ
582 5323 943 5391 προστάσσειν
985 5318 1076 5371 ἐπὶ
1128 5315 1236 5368 τῶν
1278 5311 1583 5383 πτερυγίων
1633 5307 1724 5360 τοῦ

175 5413 378 5481 ἱματίου
409 5416 583 5466 ποιεῖν
607 5413 886 5483 κράσπεδα
919 5414 984 5463 ἐκ
1034 5408 1352 5479 κλώσματος
1395 5402 1724 5462 ύακινθίνου,

175 5505 457 5559 καὶταῦτα
490 5507 578 5558 διὰ
611 5506 813 5567 παντὸς
856 5503 1098 5574 ὁρῶντας
1141 5501 1250 5553 τῶν
1298 5498 1457 5549 θείων
1499 5491 1728 5547 ἐντολῶν

177 5597 305 5666 ἔχειν
356 5597 674 5667 ὑπόμνημα,
732 5594 891 5647 τοῦτό
953 5611 1043 5664 μοι
1109 5592 1256 5644 δοκεῖ
1314 5587 1402 5641 δια
1456 5582 1729 5654 συμϐόλου

182 5690 471 5758 σημαίνειν.
539 5689 625 5750 Ὠς
680 5689 789 5760 γὰρ
837 5686 895 5741 τὸ
928 5685 1232 5758 κράσπεδον
1280 5679 1420 5753 ἀρχὴ
1473 5675 1731 5748 ἱματίουλ,

250 5803 289 5828 ¹”
325 5800 424 5854 lsa.
466 5815 599 5863 χχιι,
627 5800 679 5852 8.

2434 4248 2661 4312 CAPUT
2708 4247 2778 4303 Χ.

1738 4347 1791 4417 D
1884 4388 2086 4441 Rarum
2120 4378 2263 4434 enim
2299 4382 2413 4439 est,
2444 4386 2508 4427 ac
2540 4361 2855 4441 perdifﬁcile
2882 4401 2898 4427 ,
2937 4355 3081 4429 quod
3105 4395 3120 4419 ,
3149 4352 3241 4424 qui
3274 4349 3387 4404 vir-

1817 4480 1944 4535 tutis
1971 4475 2075 4530 fert
2108 4466 2549 4541 magnitudinem,
2580 4474 2686 4513 non
2712 4454 2962 4511 eﬂeratnr
2990 4446 3157 4503 animi
3187 4457 3382 4505 sensu,

1815 4588 1915 4627 nec
1946 4570 2016 4625 ob
2050 4565 2291 4623 facinora
2333 4562 2467 4615 bene
2500 4562 2712 4626 patrata
2749 4547 2963 4603 inﬂetur
2984 4583 3000 4607 ,
3047 4540 3139 4595 sed
3174 4550 3387 4607 perma-

1818 4674 1941 4720 neat
1972 4659 2227 4723 humilis;
2282 4663 2335 4707 et
2368 4650 2523 4721 quasi
2555 4647 2678 4717 quis
2710 4644 2934 4702 diceret,
2964 4649 3069 4688 non
3099 4631 3389 4684 fermenta-

1760 4756 1763 4759 λ
1819 4766 1931 4811 tum
1962 4770 1974 4805 :
2012 4766 2111 4805 nec
2136 4747 2281 4803 enim
2318 4743 2535 4797 inflatur
2575 4752 2679 4789 non
2722 4731 3103 4785 fermentatum
3132 4761 3146 4785 ,
3192 4720 3235 4773 si
3279 4716 3389 4786 igni

1823 5026 2031 5080 affectct
2060 5020 2333 5090 pietatem,
2360 5011 2556 5082 quippe
2585 5008 2677 5076 qui
2700 4994 2976 5072 jactantiai
3024 4991 3270 5063 reprimit
3315 4999 3393 5041 tu.

1824 5084 2198 5174 nnwem.-lstis
2222 5108 2493 5179 legislator
2524 5102 2610 5154 ille
2633 5094 2884 5167 tMoyses)
2908 5092 3155 5145 timorem
3172 5084 3261 5138 Dei
3286 5096 3394 5152 pne

1826 5211 1999 5267 oculis
2029 5210 2226 5262 habere
2250 5197 2517 5258 consulit,
2551 5205 2763 5260 semper
2803 5188 2978 5255 ipsum
3008 5172 3395 5233 irrationabilis

1827 5301 2079 5359 elationis
2104 5298 2453 5368 paedagogum
2476 5284 2837 5342 constituens,
2862 5293 2925 5331 ac
2947 5282 3196 5329 sanctum
3220 5282 3397 5321 emen-

1829 5397 2071 5450 datorem
2100 5404 2113 5440 :
2156 5383 2299 5454 quod
2327 5382 2472 5433 enim
2506 5372 2806 5435 mandarit,
2840 5379 2897 5422 ut
2941 5368 2992 5419 in
3036 5359 3280 5432 partibus
3312 5370 3397 5407 ve-

1833 5489 1933 5543 stis
1964 5487 2104 5539 circa
2146 5474 2387 5532 fimbrias
2418 5469 2705 5524 laciniosas
2736 5463 2953 5516 institas
2978 5472 3008 5510 e
3046 5454 3134 5507 filo
3168 5447 3396 5520 hyacin-

1837 5583 1988 5638 tliino
2023 5577 2290 5634 facerent,
2333 5578 2386 5622 ct
2422 5568 2555 5620 istas
2587 5574 2798 5626 semper
2831 5552 3061 5607 videndo
3090 5546 3396 5602 divinorum

1840 5668 2002 5739 590
2046 5667 2437 5734 prmceptorum
2478 5646 2910 5708 recordationem
2958 5640 3253 5712 baberent,
3297 5633 3398 5686 hoc
