3838 6056
495 307 638 374 ιιὲἷθ

1937 337 2234 400 SPURIA.

3629 335 3765 403 1230

497 428 636 482 milii
679 429 893 485 videtur
936 447 1034 503 per
1062 437 1367 505 symbolum
1409 441 1744 512 signiﬁcare;
1782 445 2063 512 nimirum,

2173 449 2338 512 οὕτως
2367 451 2507 522 ἀρχὴ
2551 450 2741 522 σοφίας
2777 452 2942 522 φόϐος
2972 452 3198 524 Κυρίου,
3239 450 3436 505 τοῦτον
3481 444 3587 504 οῦν
3630 467 3758 504 aw-

487 520 669 588 quod,
699 522 840 577 sicut
877 524 1087 582 [ἰηὼτία
1115 537 1196 583 est
1223 531 1436 586 initium
1470 538 1658 602 vestis,
1693 537 1766 591 ita
1804 557 1822 589 ι
1853 539 2066 594 initium

501 611 802 679 sapientiae,
833 615 994 670 timor
1024 617 1235 675 Domini
1260 622 1304 653 ⁸⁵
1329 641 1344 689 ;
1375 643 1393 673 ι
1429 625 1570 681 hunc
1593 627 1756 696 igitur
1785 629 2071 684 subtexere

501 712 718 769 oportet
762 707 910 759 omni
960 709 1180 764 virtutis
1233 715 1542 768 suuunitate
1595 720 2067 788 (quandoquidem

501 794 844 850 summitates
888 799 1287 866 quodammodo
1333 816 1462 860 sunt
1505 806 1724 864 lallaces
1773 811 1839 864 ad
1883 827 2071 866 amen-

488 882 635 958 Ltiam
680 883 1067 956 detorquentes
1100 908 1195 946 eos
1230 895 1320 962 qui
1361 911 1551 965 parum
1588 901 1865 972 sapiunt),
1897 913 1956 956 ut
2000 903 2069 957 ob

486 976 692 1040 oculos
715 979 916 1035 animae
952 981 1115 1037 timor
1141 985 1241 1040 iste
1275 987 1640 1046 indesinenter
1664 994 1903 1063 agitatus
1923 1037 1938 1061 ,
1972 1010 2067 1049 co-

503 1068 688 1125 hibeat
721 1079 984 1127 tumorem
1011 1075 1376 1134 irrationalem
1401 1081 1453 1135 in
1486 1083 1646 1138 rebus
1684 1085 1822 1140 bene
1864 1086 2028 1156 gestis
2049 1129 2064 1153 ,

499 1165 835 1234 edaceatque
867 1166 1063 1222 virtute
1089 1171 1412 1238 praeditum,
1455 1175 1600 1243 quod
1646 1176 1771 1232 licet
1811 1179 1926 1246 ipse
1965 1179 2069 1234 sibi

505 1258 845 1314 subtexuerit
887 1268 1125 1329 vestem,
1165 1261 1307 1318 Deus
1345 1275 1587 1322 attamen
1629 1278 1752 1338 est,
1794 1271 1884 1341 qui
1924 1271 2070 1326 dedit

481 1349 881 1420 .ltujuscemodi
923 1363 1150 1410 texturae
1193 1357 1510 1427 sapientiam
1534 1400 1551 1424 ,
1592 1374 1646 1417 et
1675 1363 1744 1418 ob
1769 1364 1824 1419 id
1858 1365 2068 1420 auctori

502 1443 752 1499 scientia:
775 1485 790 1510 ,
831 1454 887 1500 et
912 1462 1021 1502 non
1054 1450 1304 1518 operario
1335 1461 1502 1506 totam
1530 1464 1743 1524 oportet
1771 1456 2070 1513 attribuere

501 1534 796 1604 virtutem;
849 1539 928 1594 sic
968 1541 1112 1595 enim
1155 1543 1334 1598 virtus
1387 1554 1500 1599 tum
1541 1549 1644 1601 erit
1686 1549 1982 1614 illustrior,
2022 1549 2066 1606 si

498 1640 621 1681 eam
653 1643 792 1699 opus
824 1646 946 1688 esse
983 1633 1074 1688 Dei
1119 1633 1416 1703 fateamur;
1468 1647 1580 1692 tum
1621 1639 1741 1710 ejus
1781 1643 2069 1711 acquisitio

502 1734 698 1774 secura
732 1737 917 1780 manet
942 1727 1244 1796 acquirenti
1265 1771 1281 1795 ,
1309 1745 1419 1798 prae
1446 1728 1539 1784 Dei
1566 1732 1759 1788 timore
1779 1776 1793 1799 ,
1831 1742 1945 1788 tum
1970 1735 2067 1790 de-

2172 540 2417 609 υφαίνειν
2441 541 2542 606 δεῖ,
2568 543 2728 596 παντὶ
2756 542 2909 617 ἄκρῳ
2935 543 3033 612 τῆς
3061 543 3281 614 ἀρετῆς,
3316 541 3517 612 ἐπειδὴ
3555 544 3761 611 σφαλε-

2173 633 2261 704 ραί
2291 651 2408 696 πως
2453 636 2507 686 αἱ
2559 634 2858 705 ἀκρότητες
2898 637 3033 706 πρὸς
3071 636 3334 694 ἀπόνοιαν
3367 635 3760 705 ἐκτρέπονται

2168 725 2293 787 τοὺς
2321 725 2691 796 ὀλιγόφρονας,
2730 726 2815 778 ἵνα
2840 726 2945 797 πρὸ
2977 726 3086 779 τῶν
3106 725 3410 795 ὀφθαλμῶν
3433 725 3546 794 τῆς
3576 725 3758 796 ψυχῆς

2171 815 2527 881 ἀδιαλείπτως
2595 817 2948 887 σαλευόμενος
2995 817 3336 890 καταστέλλῃ
3375 816 3445 870 τὸ
3493 817 3600 870 ἐπὶ
3652 823 3758 880 τοῖς

2168 909 2582 981 κατορθώμασιν
2626 909 2818 979 ἄλογον
2868 911 3088 981 οἴδημα,
3123 911 3216 964 καὶ
3244 911 3490 981 διδάσκῃ
3527 911 3630 962 τδν
3672 913 3754 962 ὲν-

2171 1000 2362 1071 άρετον
2391 1003 2472 1056 ὅτι
2501 1002 2606 1056 κᾶν
2633 1002 2793 1066 αὐτὸς
2818 1003 2996 1073 ἐαυτῷ
3015 1003 3246 1075 ὲξύφηνε
3273 1005 3338 1057 τὸ
3359 1005 3622 1074 ἱμάτιον,
3647 1004 3754 1056 ἀλλ’

2167 1079 2200 1144 δ
2221 1091 2353 1156 Θεός
2378 1094 2493 1146 ἐστι
2525 1095 2554 1146 ὁ
2574 1091 2819 1158 δεδωκὼς
2843 1093 2941 1164 τὴν
2988 1094 3175 1162 σοφίαν
3213 1095 3307 1148 τοῦ
3356 1094 3626 1149 τοιούτου
3656 1096 3754 1163 ὑφ-

2170 1183 2432 1254 άσματος,
2476 1184 2570 1238 καὶ
2600 1187 2798 1256 πρέπει
2824 1185 2901 1254 τῷ
2925 1185 3082 1256 αἰτίῳ
3113 1186 3210 1256 τῆς
3239 1186 3596 1257 ἐπιστήμης,

2172 1275 2246 1346 μὴ
2271 1275 2346 1346 τῷ
2365 1277 2569 1349 ἐργάτῃ
2589 1275 2649 1329 τὸ
2669 1277 2778 1331 πᾶν
2791 1276 3096 1331 ἀνατιθέναι
3115 1278 3213 1348 τῆς
3223 1277 3545 1348 δυνάμεως.
3571 1277 3752 1343 Οῦτως

2167 1365 2274 1437 γὰρ
2304 1366 2396 1420 καὶ
2421 1367 2455 1436 ὴ
2483 1365 2650 1438 ἀρετὴ
2673 1365 3024 1437 λαμπροτέρα
3050 1366 3202 1420 ἔσται
3233 1366 3402 1437 ἔργον
3447 1367 3750 1436 ὁμολογου-

2171 1458 2304 1528 μένη
2336 1456 2494 1523 Θεοῦ,
2523 1456 2618 1510 καὶ
2645 1458 2680 1529 ἡ
2717 1457 2910 1528 κτῆσις
2938 1457 3107 1526 αὐτῆς
3135 1458 3405 1529 ἀσφαλὴς
3435 1457 3524 1529 τῷ
3555 1474 3752 1530 κεκτη-

2172 1551 2316 1620 μένῳ
2344 1548 2493 1619 μένει
2523 1549 2681 1619 φόϐῳ
2706 1549 2864 1616 Θεοῦ,
2882 1551 2976 1604 καὶ
3001 1549 3091 1604 διὰ
3115 1551 3315 1614 παντὸς
3349 1550 3750 1620 φυλασσομένη

2168 1642 2422 1714 εὐλαϐείᾳ
2439 1641 2573 1714 πρὸς
2592 1641 2755 1696 αὑτὸν
2785 1641 2877 1697 τὸν
2893 1642 3022 1696 Θεὸν
3050 1642 3226 1715 ήμῶνο
3259 1637 3306 1713 ᾧ
3325 1644 3362 1715 ἡ
3385 1642 3551 1708 δόξα,
3583 1642 3682 1695 καὶ
3699 1645 3750 1695 τὸ

2170 1735 2368 1805 κράτος
2395 1736 2477 1797 εἰς
2489 1734 2616 1797 τοὺς
2640 1732 2861 1797 αἰῶνας.
2905 1733 3096 1805 ’Δμήν.

503 1827 652 1866 mnm
703 1817 952 1887 religiosa
1017 1831 1278 1892 perpetuo
1332 1825 1637 1883 custoditur
1690 1830 1890 1900 pietate
1937 1847 2064 1902 erga
2102 1831 2279 1902 ipsum
2317 1830 2486 1887 Deum
2526 1839 2808 1896 nostrum,
2881 1817 2970 1885 cui
3046 1831 3252 1902 gloria,
3298 1839 3358 1886 et
3401 1838 3673 1900 potestas
3700 1829 3749 1884 il

478 1905 720 1960 σωρεία.
758 1910 950 1967 Amen.

577 2085 626 2118 "
666 2084 832 2140 Eccli.
857 2104 896 2152 1,
933 2087 1018 2146 16.

511 2303 1824 2337 ἓξὲξ-ω

1548 2619 1552 2623 ι
1717 2507 2560 2686 SPUBIA.

1567 3031 1706 3088 ΤΟΥ
1754 3035 2121 3090 ΜΔΚΑΡΙΟΥ
2150 3037 2422 3091 ΠΑΤΡΟΣ
2467 3037 2663 3093 ΗΜοΝ

1813 3224 2435 3362 ΝΕΙΛΟΥ

1076 3483 1440 3577 ΛΟΓΟΣ
1477 3485 2116 3580 ΑΣΚΗΤΙΚΟΣ
2145 3495 2350 3607 ,ΚΑΙ
2410 3495 3091 3586 ΠΟΛΥΜΕΡΗΣ

1558 3694 1651 3750 EN
1680 3695 1723 3768 ῼ
1759 3695 2126 3751 ΝΟΥΘΕΣῙΑΙ
2156 3695 2664 3754 ΠΝΕΥΜΑΤΙΚΑΙ.

1651 4063 1773 4178 S.
1858 4071 1982 4180 P.
2066 4065 2206 4181 N.
2294 4061 2584 4182 NlLI

889 4272 1571 4406 TRACTATUS
1659 4317 2185 4409 MORALIS
2263 4322 2409 4409 ET
2464 4320 3337 4414 .MULTIFABIUS

1440 4533 1515 4594 In
1538 4551 1666 4614 quo
1695 4534 2050 4616 spirituales
2107 4543 2252 4601 sunt
2301 4539 2786 4606 admonitiones.

1137 4868 1367 4927 CAPUT
1420 4871 1463 4930 l.

568 4962 900 5038 Multiforme
939 4999 1003 5039 ac
1026 4985 1304 5057 multiplex
1330 4988 1578 5046 ﬁdelibus
1599 4993 1920 5062 proponitur
1944 5011 2062 5051 cer-

497 5079 680 5126 tamen
715 5088 908 5143 pugna:
935 5074 988 5128 in
1018 5079 1265 5144 praesenti
1298 5079 1426 5145 vita,
1462 5081 1530 5136 iis
1561 5083 1787 5150 scilicet,
1818 5085 1910 5154 qui
1942 5102 2064 5155 per-

416 5154 420 5158 ’
497 5165 786 5234 spicaciter
844 5165 896 5220 in
939 5167 1234 5236 judicando
1288 5176 1569 5241 prudentia
1624 5192 1711 5231 res
1756 5178 2064 5235 discernere

498 5257 698 5320 valent,
752 5267 807 5312 et
836 5261 1121 5328 praesentia
1171 5263 1389 5332 quidem
1447 5268 1833 5322 convenienter
1869 5269 2065 5324 distin-

497 5365 684 5418 guere,
715 5348 898 5406 futura
931 5368 1059 5408 vero
1095 5354 1427 5424 perpendere
1463 5357 1682 5412 utiliter.
1723 5358 1848 5414 Haec
1879 5371 2061 5416 autem

497 5439 769 5496 institutio
824 5443 1056 5512 plurima
1109 5445 1311 5516 indiget
1366 5447 1660 5502 attentione
1727 5459 1782 5503 et
1813 5466 1964 5518 cura,
2006 5463 2068 5508 ut

499 5531 808 5589 intellectus
856 5536 922 5589 ad
949 5544 1179 5605 utraque
1211 5545 1518 5605 protensus,
1559 5542 1734 5610 possit
1765 5543 1879 5598 hazc
1908 5544 2069 5600 intel-

503 5621 692 5688 ligere,
739 5641 915 5694 neque
948 5627 1056 5682 huc
1081 5635 1138 5682 et
1166 5627 1295 5682 illuc
1321 5629 1553 5695 vacillet,
1588 5635 1883 5690 necessarii
1912 5651 2070 5707 expe-

505 5711 743 5782 rimenti,
797 5716 1100 5790 debitaeque
1153 5720 1632 5791 prmmeditationis
1677 5736 1772 5783 aut
1796 5727 2068 5786 oblivione

2768 4881 3014 4937 ΚΕΦΑΛ.
3053 4884 3133 4938 A'.

2241 4995 2558 5068 Πολυμερὴς
2601 4996 2696 5050 καὶ
2739 4995 3076 5067 πολύτροπος
3139 4997 3428 5068 πρόκειται
3480 5003 3596 5063 τοῖς
3642 5018 3721 5052 :2:-

2171 5091 2312 5151 στοῖς
2331 5090 2359 5141 ὁ
2389 5086 2537 5153 ἀγὼν
2561 5090 2659 5160 τῆς
2686 5087 2962 5159 ἀθλήσεως
3000 5088 3057 5141 ὲν
3089 5087 3167 5159 τῷ
3204 5089 3432 5159 παρόντι
3468 5088 3592 5160 βίῳ,
3625 5091 3725 5152 τοῖς

2169 5178 2493 5248 διορατικῶς
2519 5180 2577 5232 ὲν
2606 5178 2820 5232 συνέσει
2849 5176 3141 5250 διακρίνειν
3164 5177 3508 5248 δυναμένοις,
3540 5180 3633 5231 καὶ
3664 5180 3724 5230 τὰ

2169 5270 2411 5340 παρόντα
2441 5271 2870 5341 χαρακτηρίζειν
2901 5270 3161 5334 δεόντως,
3213 5270 3306 5322 καὶ
3352 5268 3423 5321 τὰ
3473 5270 3724 5339 μέλλοντα

2169 5361 2391 5432 θεωρεῖν
2445 5363 2852 5434 συμφερόντως.
2921 5361 3128 5430 Πολλῆς
3172 5360 3228 5414 δὲ
3282 5361 3454 5413 δεῖται
3510 5363 3544 5430 ἠ
3595 5361 3722 5431 αῦτη

2170 5455 2395 5525 ἀγωγὴ,
2459 5455 2600 5509 ὥστε
2655 5455 2947 5527 δυνηθῆναι
2992 5454 3214 5524 νοῆσαι,
3279 5453 3589 5524 προσοχῆς,
3638 5453 3723 5505 καὶ

2173 5547 2472 5616 φροντίδος,
2532 5547 2624 5600 τὸν
2670 5546 2796 5600 νοῦν
2868 5547 3002 5618 πρὸς
3050 5547 3284 5616 ἑκάτερα
3333 5543 3718 5614 ἐκτεινόμενον,

2170 5631 2272 5692 ὧδε
2300 5641 2523 5692 κακεῖσε
2557 5639 2656 5709 τῆς
2690 5637 2914 5708 δεούσης
2942 5637 3286 5718 δοκιμασίας,
3321 5635 3419 5688 καὶ
3456 5635 3557 5703 τῆς
3586 5634 3719 5700 ὄφει-

2172 5728 2406 5800 λομὲνης
2441 5729 2670 5802 θεωρίας
2702 5730 2780 5802 μὴ
2815 5729 3119 5802 σφαλῆναι,
3148 5729 3184 5801 ἢ
3210 5727 3349 5799 λήθῃ
3374 5724 3715 5798 ἐμποδιζόμε-
