3804 6052
42 275 199 372 es:

1255 307 1693 369 TRACTATUS
1730 309 2085 371 MORALIS.

3138 300 3313 379 1282'

37 439 177 487 νος,
205 421 240 491 ἢ
274 416 608 491 ὀλιγοπιστία
632 417 1062 489 πολεμούμενος,
1093 416 1127 489 ἢ
1160 416 1468 490 ἀναξιότητι
1498 421 1615 473 ἐπι-

1721 421 2060 491 przrpeditus,
2095 427 2189 475 aut
2219 421 2453 489 pauxilla
2487 421 2591 479 llde
2624 433 2987 496 oppugnatus,
3017 436 3111 483 aut
3145 444 3273 498 pro-

35 511 465 583 σουλευόμενος.
504 512 572 564 '0
604 510 704 582 μέν
741 509 850 580 γὰρ
889 508 1057 579 Ἀδὰμ
1086 510 1143 562 ἐν
1187 509 1328 580 ἀρχῇ
1358 510 1460 578 τῆς
1495 509 1613 563 κτί-

37 617 197 666 σεως
245 600 598 673 παρακούσας
650 594 777 670 εὗρε
833 601 1024 670 καιρὸν
1074 600 1333 652 ἐπανόδου
1393 602 1460 670 τῇ
1519 597 1611 652 τοῦ

33 693 297 764 Χριστοῦ
324 693 593 765 παρουσίᾳ
626 693 684 745 ἐν
719 690 902 763 σαρκὶ,
922 692 1083 761 ἡμεῖς
1113 690 1168 743 δὲ
1201 691 1336 762 πρὸς
1366 690 1443 761 τῷ
1470 690 1613 745 τέλει

33 784 143 839 τοῦ
176 787 386 855 κόσμου
419 787 803 856 τυγχάνοντες,
833 785 880 835 εἰ
916 782 1255 853 ἐκπεσοῦμεν
1297 783 1404 835 τῶν
1441 784 1615 837 τοιού-

34 892 159 929 των
191 875 570 947 χαρισμάτων,
616 876 711 928 καί⁵
759 875 858 945 τῆς
904 874 1174 945 βασιλείας
1206 873 1304 944 τὴν
1349 872 1613 944 ὑψηλοτέ-

37 980 157 1034 ραν
212 964 311 1017 καὶ
363 962 812 1034 ὑπερθαύμαστον
843 961 1021 1027 ἀξίαν,
1055 962 1453 1032 ἀχρειὼσαντες
1491 965 1614 1024 ταῖς

36 1058 527 1128 παρακουστικαῖς
567 1053 997 1125 πλημμελείαις,
1042 1055 1141 1124 οὐχ
1181 1053 1374 1123 ἕξομεν
1425 1054 1613 1125 καιρὸν

35 1148 341 1211 ἐπανόδου,
357 1146 471 1202 ἀλλ’
486 1146 765 1218 ἢιγεέννης
787 1147 1109 1218 ἀπάντησιν.
1136 1148 1199 1200 Οἱ
1222 1146 1328 1218 γὰρ
1351 1147 1488 1217 μετά
1515 1149 1614 1217 τήν

37 1239 318 1310 δευτέραν
346 1239 684 1293 ἀνακαίνισιν
714 1236 814 1308 τῆς
848 1236 1264 1309 άνθρωπότητος
1288 1239 1616 1310 ἐμμένοντες

37 1334 111 1402 τῇ
148 1331 481 1402 παλαιότητι
499 1330 593 1383 ἐπὶ
616 1330 745 1404 δόξῃ
771 1329 991 1395 κακίας,
1022 1330 1249 1401 μάταιον
1276 1330 1615 1402 ἐπιχειροῦσι

38 1425 147 1495 τὴν
185 1422 285 1476 τοῦ
316 1422 551 1494 Χριστοῦ
579 1422 907 1493 οἰκονομίαν,
954 1414 1029 1475 ὧν
1075 1422 1136 1474 τὸ
1185 1423 1359 1493 κρῖμα
1408 1423 1615 1477 ἔνδικόν

39 1517 192 1580 ἐστι,
235 1516 324 1569 διά
349 1514 507 1568 τοῦτο
549 1513 909 1584 διδασκόμεθα
941 1512 1347 1567 ἀπεκδύσασθαι
1376 1513 1473 1584 τήν
1511 1531 1615 1569 πα-

38 1608 348 1679 λαιότητα,
382 1608 478 1662 καὶ
522 1606 841 1661 ἐνδύσασθαι
885 1606 986 1679 τὴν
1030 1608 1361 1677 καινότηταο
1410 1608 1616 1669 ἐκεῖνος

42 1701 150 1769 μὲν
182 1699 297 1770 γὰρ
335 1698 614 1761 ἐπαινετὸς
640 1737 656 1763 ,
711 1701 741 1753 6
785 1699 911 1770 χθές
952 1697 1212 1768 ὑπάρχων
1258 1695 1471 1767 ὀργίλος
1521 1696 1616 1750 καὶ

1712 510 1827 579 pria
1879 511 2280 581 contemptione
2329 516 2530 582 petitus
2585 515 2820 571 insidiis.
2866 517 3039 571 Adam
3074 520 3276 590 quippe

1711 601 1865 656 initio
1895 602 2095 657 conditi
2126 604 2292 666 orbis,
2322 604 2445 659 licet
2475 620 2580 660 non
2605 606 3053 676 obtemperasset,
3083 621 3275 668 nactus

1708 707 1793 749 est
1846 702 2025 749 tamen
2081 697 2423 752 occasionem
2466 699 2748 765 redeundi,
2798 698 2997 754 Christi
3025 702 3078 755 in
3110 718 3275 759 carne

1712 786 1998 855 prmsentia
2027 804 2041 851 ;
2076 803 2176 842 nos
2233 803 2378 853 vero,
2408 790 2497 858 qui
2527 790 2581 844 in
2613 791 2717 844 [ine
2752 791 2941 845 mundi
2973 806 3274 859 versamur,

1711 878 1757 931 si
1796 892 1826 932 e
1862 878 2027 931 tantis
2060 879 2378 933 excidanius
2426 881 2634 950 gratiis,
2670 882 2929 952 regnique
2962 883 3108 939 illius
3140 901 3279 954 prae-

1712 969 1992 1024 celsiorem
2051 986 2115 1025 ac
2137 986 2295 1041 supra
2321 973 2540 1027 modum
2572 972 2941 1028 admirabilem
2962 975 3273 1047 dignitatem

1712 1060 2087 1118 inobedientiae
2119 1064 2366 1133 peccatis
2417 1066 2712 1121 reddamus
2750 1066 3022 1130 inutilem,
3063 1077 3274 1125 tantum

1712 1153 1886 1207 aberit
1938 1169 1968 1207 a
2020 1154 2177 1209 nobis
2217 1156 2594 1225 opportunitas
2646 1140 2831 1225 postea
2876 1157 3156 1223 redeundi,
3217 1167 3277 1214 ut

1713 1245 1894 1313 potius
1917 1244 2195 1297 immineat
2220 1244 2536 1299 occurrendi
2568 1234 2825 1315 gehennae
2851 1247 3167 1315 periculum.
3194 1247 3276 1301 Illi

1713 1340 1937 1402 etenim,
1974 1339 2066 1407 qui
2116 1346 2237 1408 post
2262 1340 2555 1393 secundam
2590 1340 2991 1394 iunovationem
3027 1341 3276 1395 humani-

1715 1428 1860 1493 tatis,
1879 1429 2121 1497 improbe
2136 1428 2448 1493 sentientes,
2476 1431 2728 1483 vetustati
2757 1430 3042 1497 inhaerent,
3073 1432 3274 1487 frustra

1716 1522 2104 1591 aggrediuntur
2129 1519 2327 1574 Christi
2355 1521 2773 1576 constitutiones
2801 1523 3016 1586 sectari,
3038 1538 3274 1594 quorum

1714 1610 1991 1666 damnatio
2045 1610 2194 1680 justa
2238 1620 2321 1664 est
2375 1610 2466 1664 "z
2506 1621 2830 1681 quapropter
2860 1612 3155 1667 edocemur
3183 1629 3275 1667 ve-

1717 1712 1968 1759 tustatem
2015 1717 2210 1757 exuere
2258 1711 2313 1758 et
2351 1702 2576 1757 induere
2599 1704 2885 1757 novitatem
2916 1720 2932 1769 ;
2966 1704 3053 1759 ille
3078 1704 3279 1775 quippe

40 1788 314 1861 θυμώδης
335 1828 351 1854 ,
380 1791 618 1860 σήμερον
664 1789 722 1843 δὲ
765 1788 941 1861 πραῢς
973 1790 1068 1843 καὶ
1094 1787 1337 1860 ήσύχιος,
1368 1789 1397 1840 6
1423 1788 1517 1841 καὶ
1546 1787 1614 1841 τά

1721 1794 2001 1850 laudabilis
2029 1803 2131 1859 est,
2164 1795 2259 1865 qui
2291 1794 2405 1849 heri
2431 1794 2648 1864 quidem
2679 1795 2939 1849 iracundo
2971 1811 3036 1850 ac
3062 1797 3278 1851 turbato

43 1878 208 1950 πάθη
237 1880 465 1950 νικήσας
490 1881 585 1932 καὶ
617 1879 716 1949 τὴν
742 1879 944 1951 ἀρετὴν
966 1880 1212 1951 ἀσκήσας
1230 1894 1245 1910 ο
1279 1882 1484 1944 ἐκεῖνος
1517 1882 1616 1933 ἐπ·-

40 1972 286 2037 αινετδς,
312 1973 341 2025 6
373 1971 498 2042 χθὲς
525 1970 625 2042 μὲν
663 1974 731 2043 τῇ
763 1971 1021 2045 αὑθεντίᾳ
1065 1972 1350 2043 ἀγόμενος,
1382 1975 1617 2045 σήμερον

40 2062 105 2116 δὲ
140 2064 215 2134 τῇ
246 2062 492 2133 ὑποταγῇ
522 2060 615 2115 τοῦ
665 2061 999 2133 Εύαγγελίου
1034 2063 1327 2132 ὑποταγεὶς
1352 2106 1368 2131 ,
1396 2066 1490 2118 καὶ
1526 2064 1620 2118 ἐπὶ

43 2156 225 2205 παντὶ
254 2152 478 2225 ῥήματι,
511 2155 605 2207 καὶ
631 2152 938 2226 πράγματι,
974 2156 1067 2209 καὶ
1098 2156 1443 2227 ἐνθυμήματι
1464 2157 1617 2224 τάξιν

41 2243 339 2314 τιθέμενος
360 2284 376 2310 ,
407 2244 506 2298 καὶ
535 2244 643 2300 τῶν
694 2246 905 2317 ἀρετῶν
934 2247 1032 2319 τήν
1076 2249 1421 2321 περιποίησιν
1459 2266 1617 2321 μερι-

48 2336 241 2405 μνῶν,
270 2337 367 2390 καὶ
408 2339 477 2409 τῇ
519 2337 625 2411 ἰδίᾳ
667 2338 921 2411 αὐθεντίᾳ
964 2339 1039 2412 μή
1082 2339 1501 2413 καταχρώμενον
1538 2344 1618 2407 είς

43 2429 313 2500 ἀθέτησιν
363 2428 471 2483 τῶν
524 2430 906 2500 Εὐαγγελικῶν
950 2431 1182 2502 ἀρετῶν,
1230 2433 1507 2504 μεριμνῶν
1561 2435 1619 2488 δὲ

42 2522 145 2576 τὸν
176 2523 439 2593 μέλλοντα
460 2524 653 2589 αἰῶνα,
700 2525 794 2578 καὶ
819 2523 913 2577 τοῦ
941 2525 1209 2596 παρόντος
1240 2527 1614 2597 καταφρονῶν,

47 2616 139 2669 ἵνα
181 2615 360 2688 τούτῳ
412 2617 948 2687 ἀνταγωνισάμενος,
1007 2618 1103 2670 καὶ
1147 2618 1369 2689 νικήσας
1424 2620 1484 2672 ὲν
1540 2617 1618 2690 τῷ

48 2708 306 2780 μέλλοντι
342 2708 497 2763 αἰῶνι
526 2710 749 2763 ἐπαίνου
789 2708 947 2783 τύχῃ,
999 2710 1095 2763 καὶ
1142 2710 1619 2780 ἀνακαινιζόμενος

45 2803 118 2873 τῇ
170 2800 453 2872 καινότητι
482 2800 602 2855 καθ’
644 2802 858 2873 ἡμέραν
887 2804 953 2873 τῇ
999 2804 1176 2873 ἀποχῇ
1225 2801 1333 2856 τῶν
1368 2802 1619 2872 πονηρῶν

48 2894 425 2965 πραγμάτων,
462 2894 558 2949 καὶ
602 2893 859 2958 ἐπιδείξει
902 2893 1012 2948 τῶν
1045 2895 1290 2966 ἀρετῶν·
1333 2894 1472 2964 αὕτη
1510 2893 1618 2962 γάρ

47 2990 207 3063 ἐστιν
256 2988 292 3059 ή
332 2986 655 3050 ἀπέκδυσις,
687 2986 782 3040 καὶ
813 2986 1115 3049 ἐπένδυσις.
1152 2986 1246 3050 Τίς
1280 2985 1372 3040 οὖν
1402 2986 1435 3057 ή
1474 2986 1619 3038 αἰτία

48 3080 149 3143 τοῦ
180 3079 437 3146 θανάτου,
471 3078 566 3133 καὶ
595 3078 677 3143 τίς
703 3081 734 3133 6
762 3079 962 3151 τρόπος
998 3080 1100 3150 τῆς
1129 3078 1275 3149 ζωῆς
1295 3094 1315 3145 ;η
1349 3076 1415 3130 Ἥ
1444 3094 1620 3148 παρα·

1714 1889 1900 1943 animo
1938 1902 2056 1942 sese
2089 1886 2339 1948 habebat,
2382 1886 2540 1941 hodie
2574 1901 2704 1940 vero
2739 1894 2825 1941 est
2872 1895 3190 1942 mansuetus
3223 1898 3280 1942 et

1714 1982 1951 2053 quietus,
1979 1980 2182 2051 quique
2204 1979 2488 2049 passiones
2522 1978 2689 2034 animi
2724 1978 2944 2044 devicit,
2983 1988 3037 2035 et
3076 1978 3128 2033 in
3159 1979 3276 2035 vir-

1717 2084 1833 2132 tute
1878 2089 1938 2131 se
1981 2073 2265 2138 exercuit;
2301 2071 2590 2127 laudabilis
2640 2070 2752 2136 ille,
2780 2071 2875 2141 qui
2907 2071 3024 2126 heri
3057 2072 3277 2141 quidem

1714 2166 2070 2224 delectatione
2119 2164 2410 2221 mundanae
2458 2164 2740 2236 potestatis
2774 2164 3089 2231 ducebatur,
3118 2164 3289 2220 hodie

1713 2273 1845 2313 vero
1881 2255 2162 2327 Evangelii
2208 2254 2533 2310 obedientia:
2581 2255 2861 2325 subjectus
2891 2265 2991 2322 est,
3026 2256 3280 2325 omnique

1715 2350 1901 2415 verbo,
1934 2358 1989 2404 et
2034 2348 2203 2417 operi,
2237 2356 2399 2417 atque
2424 2346 2590 2401 animi
2625 2346 2909 2416 conceptui
2946 2346 3161 2401 modum
3192 2362 3280 2401 ra-

1717 2440 1864 2494 tione
1904 2447 2261 2509 temperatum
2310 2437 2624 2507 assignavit,
2660 2446 3021 2508 procuratque
3050 2436 3279 2492 sollicite

1715 2533 1975 2588 virtutum
2023 2530 2459 2601 acquisitionem,
2514 2540 2567 2585 et
2613 2530 2834 2601 propria
2878 2546 2984 2585 non
3036 2533 3281 2587 abutitur

1717 2626 2040 2681 auctoritate
2092 2624 2158 2679 ad
2212 2623 2648 2693 evangelicarum
2680 2625 2941 2679 virtutum
2974 2633 3283 2694 transgres-

1718 2719 1952 2783 sionem,
1979 2716 2221 2772 t'uturum
2247 2729 2374 2770 vero
2400 2714 2656 2770 sarculum
2680 2724 2931 2771 accurate
2951 2716 3282 2785 considerat,

1717 2817 1771 2863 et
1810 2821 2050 2879 praesens
2086 2805 2247 2861 habet
2277 2803 2571 2873 despectui,
2608 2811 2668 2858 ut
2701 2813 2989 2874 postquam
3020 2806 3305 2881 adversus,

1720 2898 1858 2954 istud
1901 2897 2171 2968 pugnarit,
2222 2911 2286 2951 ac
2330 2895 2539 2961 vicerit,
2586 2894 2800 2950 laudem
2841 2895 2895 2949 in
2923 2895 3121 2950 saeculo
3152 2910 3285 2951 ven-

1720 2996 1843 3044 turo
1871 2995 2262 3055 consequatur;
2288 2985 2489 3055 quique
2520 2986 2754 3040 novitate
2782 2985 3094 3057 quotidiana
3123 3001 3303 3063 renoy

1723 3091 1898 3146 vatur,
1960 3081 2029 3137 ab
2085 3078 2462 3149 iniquitatibus
2515 3077 2856 3144 abstinendo,
2913 3079 3286 3150 virtutumque

47 3171 156 3245 κοὴ
200 3172 301 3243 τῆς
345 3170 641 3243 ἁμαρτίας,
683 3172 779 3226 καὶ
800 3147 845 3241 -ή
881 3147 1093 3243 ὑπακοή
1118 3147 1613 3242 τῆςήδικαιοσύνηςο

1721 3179 1992 3246 specimen
2046 3147 2384 3231 exhibendo:
2421 3172 2794 3242 hujuscemodi
2825 3172 3021 3228 etenim
3054 3181 3138 3227 est
3167 3147 3284 3227 mo-

48 3267 185 3321 ὃταν
209 3265 305 3319 οὖν
333 3264 753 3336 ἁμαρτάνωμεν,
775 3264 1016 3318 ὑπόδικοι
1041 3267 1320 3337 παρακοῆς
1335 3264 1617 3335 γινόμεθα,

50 3359 155 3413 καὶ
185 3358 275 3412 διά
303 3357 461 3411 τοῦτο
488 3359 646 3428 χρεία
667 3357 767 3427 τῆς
794 3357 1178 3428 ἀντιστατικῆς
1225 3358 1485 3427 μελέτης,
1525 3356 1620 3410 καὶ

49 3452 159 3523 τῆς
206 3452 509 3523 ἀσκητικῆς
542 3450 852 3520 φροντίδος.
886 3449 978 3502 καλ⁵
1009 3448 1160 3521 μόλις
1191 3447 1256 3518 γέ
1290 3466 1373 3512 τις
1404 3449 1622 3518 διαφεύ-

54 3543 211 3610 ξεται
237 3544 334 3608 τάς
360 3543 660 3616 ἐπιδρομὰς
687 3542 796 3596 τῶν
828 3541 1219 3613 ἀμαρτητικῶν
1254 3542 1462 3596 παθῶν.

1722 3272 1825 3327 dus
1877 3268 2109 3325 exuendi
2166 3281 2286 3323 sese
2314 3273 2367 3321 et
2405 3263 2678 3320 induendi.
2713 3264 2970 3331 Qumnam
3002 3265 3165 3334 igitur
3201 3278 3285 3320 est

1722 3379 1889 3420 causa
1914 3361 2126 3426 mortis,
2156 3368 2210 3414 et
2237 3358 2360 3428 quis
2385 3357 2511 3412 vita:
2558 3355 2795 3411 modus?
2834 3356 2927 3410 Est
2962 3357 3158 3426 quippe
3202 3356 3285 3410 in-

1721 3452 2040 3513 obedientize
2076 3456 2376 3520 peccatum,
2408 3454 2462 3499 et
2487 3446 2690 3512 iustitia
2719 3444 3040 3499 obedientiaa
3061 3486 3075 3511 ,
3108 3445 3282 3514 siqui-

1722 3547 1842 3602 dem
1897 3543 2025 3597 dum
2088 3551 2394 3607 peccamus,
2428 3536 2504 3589 rei
2558 3533 2836 3589 evadimus
2871 3534 3281 3599 inobedientire.

51 3634 291 3708 ideoque
318 3650 453 3706 opus
478 3609 567 3691 est
586 3609 1048 3706 praemeditatione
1070 3635 1387 3705 reluctante,
1422 3653 1488 3693 ac
1546 3639 1910 3697 sollicitudine
1972 3629 2342 3690 exercitationi
2380 3638 2646 3695 vacante;
2678 3628 2807 3682 dum
2865 3627 2945 3683 sic
3006 3629 3168 3681 etiam
3205 3609 3295 3680 in:

54 3742 263 3783 cursus
292 3726 791 3797 peccamiuosarum
820 3724 1136 3795 passionum
1160 3726 1247 3781 vix
1268 3727 1629 3802 subterfugiet
1664 3729 1955 3803 quispiam.
3292 3722 3295 3727 ⁴

656 3842 906 3897 ΚΕΦΑΛ.
947 3842 1023 3898 B'.

128 3953 232 4007 Διά
255 3952 417 4007 τοῦτο
453 3955 566 4018 τοῖς
601 3953 701 4026 μὲν
728 3954 975 4025 ἀρχαίοις
1007 3957 1037 4009 6
1072 3954 1276 4028 Κύριος
1309 3973 1622 4028 προσκατα-

53 4041 321 4115 λιμπάνει
349 4044 421 4098 τὰ
451 4044 870 4117 προστάγματα,
902 4047 1015 4111 τοίς
1040 4045 1097 4099 δέ
1140 4046 1280 4111 νέοις
1320 4047 1624 4103 ἐντέλλεται

54 4137 133 4191 τὰ
158 4136 489 4206 εὐαγγελικά
515 4136 819 4209 διδάγματα
857 4137 919 4191 τὸ
953 4138 1028 4211 μὴ
1072 4142 1320 4211 μισῆσαι,
1351 4142 1490 4212 μήτε
1527 4142 1624 4213 ὀρ-

57 4230 317 4303 γισθῆναι
340 4271 357 4297 ,
402 4230 548 4302 μήτε
595 4229 976 4301 ἐπιθυμῆσαι,
1014 4232 1151 4302 μήτε
1209 4232 1617 4299 ἀνταποδοῦναι,

56 4323 202 4379 ἀλλά
249 4325 359 4387 τοῖς
409 4321 694 4394 συμϐόλοις
726 4321 825 4392 τῆς
868 4322 1088 4394 ἀγάπης
1134 4322 1270 4394 πρὸς
1307 4322 1622 4394 τελειότητα

54 4415 429 4489 ὣηγηθῆναιο
468 4416 526 4468 αί
559 4413 771 4469 ἐντολαὶ
796 4414 855 4467 δὲ
879 4413 974 4468 τοῦ
1004 4414 1213 4485 Κυρίου
1232 4454 1247 4480 ,
1283 4414 1496 4486 βαρεῖαι
1522 4416 1623 4469 οὐκ

54 4510 238 4573 εἰσιν,
266 4506 401 4561 ἀλλά
448 4503 900 4579 μοχθηροποιοῦσι
926 4506 1018 4560 τὸν
1055 4505 1261 4571 ταύτας
1291 4506 1625 4577 φυλάττοντα

56 4601 121 4652 αἱ
147 4599 519 4670 ἀντικείμεναι
553 4600 665 4661 τοῖς
694 4596 911 4668 μέλεσιν
940 4597 1098 4670 ήμῶν
1127 4598 1506 4669 ἀμαρτητικαὶ
1532 4597 1625 4651 δυ-

2351 3836 2584 3895 CAPUT
2623 3836 2687 3894 ll.

1789 3954 2152 4026 Quamobrem
2192 3948 2456 4005 Dominus
2502 3946 2741 4018 antiquis
2773 3946 3101 4018 derelinquit
3146 3963 3301 4017 praem

1718 4059 1892 4121 cepta,
1920 4044 2232 4102 recentibus
2254 4049 2435 4096 autem
2456 4039 2767 4094 hominibus
2793 4038 3097 4107 evangelica
3130 4053 3289 4094 man-

1720 4146 1814 4201 dat
1867 4141 2216 4201 documenta,
2272 4135 2513 4199 scilicet,
2548 4147 2656 4187 non
2710 4131 2906 4193 odisse,
2955 4145 3060 4185 non
3094 4132 3289 4197 irasci,

1722 4251 1834 4293 non
1872 4230 2283 4300 concupiscere,
2322 4241 2422 4281 nec
2464 4224 2667 4279 malum
2714 4222 3004 4291 rependere
3037 4239 3051 4277 :
3081 4224 3173 4278 sed
3199 4238 3285 4277 ar-

1720 4326 1992 4399 gumentis
2022 4320 2305 4379 charitatis
2325 4316 2484 4388 dirigi
2510 4316 2577 4370 ad
2595 4315 2974 4385 perfectionem
2997 4330 3129 4380 ;nec
3154 4331 3289 4370 vero

1724 4419 1978 4483 mandata
2003 4412 2215 4469 Domini
2241 4410 2425 4484 gravia
2460 4418 2606 4474 sunt,
2657 4409 2750 4463 sed
2782 4408 3045 4478 opposita:
3074 4405 3289 4462 nostris

1725 4512 1987 4569 membris
2038 4506 2431 4579 peccaminosa:
2464 4502 2718 4573 potentia:
2761 4516 2826 4556 ea
2868 4500 3099 4555 reddunt
3128 4499 3285 4553 labo-

1723 4608 1869 4661 riosa
1902 4602 2189 4670 unicuique
2215 4598 2309 4669 qui
2337 4597 2649 4652 eorumdem
2677 4592 3042 4648 observationi
3064 4591 3279 4645 incum-

55 4692 279 4759 νάμεις,
295 4690 356 4743 οὐ
389 4690 659 4761 σύμφυτοι
679 4687 837 4745 οὖσαι
857 4693 922 4763 τῇ
944 4690 1124 4761 φύσει,
1150 4690 1265 4745 ἀλλ’
1285 4691 1620 4745 ἐπείσακτοι.

1728 4699 1805 4754 bit
1830 4714 1846 4764 ;
1885 4710 2007 4767 quae
2033 4692 2254 4764 quidem
2287 4704 2392 4743 non
2424 4702 2529 4741 una
2555 4702 2678 4741 cum
2708 4693 2901 4740 natura
2936 4686 3132 4739 innatae
3160 4691 3289 4739 sunt

54 4786 176 4839 Καὶ
218 4784 309 4839 διὰ
346 4785 505 4839 τοῦτο
548 4786 579 4839 6
624 4783 828 4859 Κύριος
880 4784 1185 4839 ἐντέλλεται
1236 4784 1488 4855 ἐκριζοῦν
1532 4783 1629 4837 καὶ

62 4874 462 4944 κιταφυτεὺειν
480 4915 495 4941 ,
526 4875 621 4928 καὶ
647 4875 1074 4940 κατασκάπτειν,
1103 4875 1198 4929 καὶ
1235 4874 1624 4946 ἀνοικοδομεῖν.

79 4962 248 5017 ’Δλλα
270 4970 474 5041 πολλῆς
502 4968 692 5041 χρείαν
720 4970 833 5041 ἔχει
868 4971 1182 5042 φρονήσεως
1227 4972 1260 5041 ή
1299 4970 1522 5041 τοιαύτη
1548 4972 1630 5040 ἐρ-

66 5053 265 5122 γασία,
312 5054 405 5105 καὶ
432 5060 699 5130 προσοχῆς
742 5062 837 5113 καὶ
878 5060 1195 5131 φροντίδος,
1224 5060 1323 5131 τῆς
1366 5060 1630 5129 συνήθους

68 5144 298 5215 ἀγωγῆς
325 5147 832 5221 παρεμποδιςοὺσης
871 5152 1007 5223 πρὸς
1037 5152 1133 5223 τὴν
1171 5152 1425 5223 τοιαύτην
1456 5154 1632 5221 ἀσφά-

68 5239 249 5289 λειαν.
292 5235 393 5289 Διά
430 5236 590 5290 τοῦτο
637 5239 790 5311 χρεία
830 5243 1080 5313 ἀνδρείας
1125 5244 1220 5297 καὶ
1265 5244 1493 5312 ἀγῶνος,
1540 5246 1632 5297 καὶ

68 5327 375 5399 ἀθλητικῆς
422 5330 724 5395 ἐνστάσεως
776 5332 1055 5404 διηνεκοῦς
1102 5336 1192 5389 ἐπὶ
1243 5336 1343 5407 τῆς
1394 5335 1632 5397 διανοίας

70 5420 483 5491 πλατυνομένης
511 5422 607 5475 καὶ
635 5423 767 5493 πρὸς
798 5426 977 5489 πάσας
1008 5427 1110 5490 τὰς
1129 5426 1428 5497 ἐπιδρομὰς
1454 5443 1631 5497 παρα-

48 5512 414 5583 ιτασσομένης
446 5512 542 5567 καὶ
580 5512 656 5584 μὴ
681 5514 1007 5587 ἐνδιδούσης.
1036 5518 1109 5572 Σὺ
1144 5516 1203 5570 δὲ
1239 5519 1268 5571 6
1294 5517 1514 5583 πιστὸς,
1556 5516 1632 5587 μὴ

72 5606 275 5675 ἀγνοῇς
296 5620 390 5657 σου
411 5605 473 5659 τὸ
499 5606 737 5677 ἀξίωμα,
767 5609 900 5681 μηδὲ
928 5610 1185 5667 συνέλκου
1210 5613 1276 5685 τῇ
1309 5611 1629 5681 ματαιότητι

144 5740 192 5773 ⁸⁸
226 5738 379 5796 Rom.
412 5758 492 5806 ιιι,
523 5743 577 5798 8.

1730 4791 1907 4850 nobis.
1944 4787 2038 4843 sed
2079 4783 2387 4840 adventitiae
2428 4789 2577 4844 sunt,
2622 4787 2676 4833 et
2708 4776 3171 4841 subintroductae;
3205 4776 3289 4829 id-

1731 4879 1879 4934 circo
1910 4875 2168 4930 Dominus
2192 4872 2367 4943 jubet,
2404 4881 2463 4923 ut
2493 4869 2829 4922 eradicemus
2879 4875 2933 4921 et
2958 4868 3288 4936 plantemus,

1728 4969 2068 5024 defodiamus
2099 4980 2164 5020 ac
2191 4962 2597 5018 rezedilicemus.
2621 4961 2692 5012 At
2725 4960 2829 5014 hoc
2862 4960 3143 5028 negotium,
3167 4960 3291 5029 plu-

1732 5064 1927 5117 rimam
1969 5059 2136 5130 exigit
2179 5054 2544 5127 prudentiam,
2592 5052 2944 5106 attentionem
2990 5061 3043 5106 et
3078 5068 3286 5116 curam,

1733 5165 1856 5206 cum
1907 5149 2031 5202 vita:
2060 5144 2400 5202 conversatio
2430 5150 2689 5198 consueta
2733 5140 3175 5211 impedimentum
3209 5142 3288 5195 af-

1730 5243 1870 5297 ferat
1914 5257 2024 5295 non
2068 5238 2360 5302 mediocre,
2390 5250 2458 5290 ne
2486 5234 2753 5289 securitas
2785 5233 2900 5289 haec
2926 5235 3243 5289 observetur
3269 5250 3288 5299 ;

1733 5335 1968 5404 hincque
2005 5347 2144 5401 opus
2197 5338 2280 5385 est
2326 5328 2467 5382 virili
2509 5327 2971 5397 magnanimitate,
3019 5334 3073 5379 et
3101 5333 3292 5379 certa-

1733 5425 1898 5488 mine,
1937 5420 2371 5487 athletarumque
2399 5432 2555 5472 more
2583 5421 2931 5470 contentione
2963 5415 3202 5475 assidua,
3233 5413 3288 5466 in

1733 5514 2002 5569 intellectu
2026 5517 2118 5583 qui
2142 5511 2253 5566 lato
2277 5511 2349 5565 sit
2373 5508 2578 5573 animo,
2595 5509 2796 5577 quique
2820 5506 3076 5562 adversus
3099 5518 3290 5559 omnes

1735 5606 2081 5662 incursiones
2137 5612 2358 5675 paratus
2409 5602 2481 5657 sit
2510 5599 2846 5671 pugnaciter,
2887 5613 2951 5654 ac
2982 5596 3291 5673 nullatenus
