3838 6056
0 283 159 349 285

1277 276 1623 339 EPICTETI
1656 276 2035 336 MANUALE.

3130 284 3267 351 1286

0 392 367 448 ντελθόντων
391 389 500 445 τῶν
525 387 808 460 ποταμῶν,
838 384 1064 442 καὶτῶν
1093 383 1331 454 ἀνέμων,
1353 384 1448 437 καὶ
1486 384 1592 436 τῶν

1713 380 1840 435 renti
1891 388 1945 435 et
1994 379 2197 435 imbres
2246 382 2713 452 supervenissent,
2774 385 3087 446 inconcussi
3141 408 3266 463 per-

0 484 199 539 ετῶν
228 483 516 539 ἀσάλευτοι
546 480 855 550 διεμείνατε
880 519 894 543 ,
938 479 1034 531 καλ⁸
1060 476 1192 539 τοὺς
1236 476 1404 539 πόδας
1443 473 1595 545 ὑμῶν

0 572 95 626 3x
172 574 419 627 ἐδώκατε
457 573 537 635 είς
569 570 751 633 σάλον,
781 564 895 623 ἀλλ’
942 567 1035 620 ἐπὶ
1070 565 1171 636 τῆς
1203 566 1407 635 πέτρας
1437 566 1598 636 ἐστή-

0 680 145 716 arce:
212 663 453 729 αὐτοὺς,
499 663 596 716 καὶ
641 661 901 730 γεγόνατε
932 659 1142 728 δόκιμοι
1186 660 1243 711 ἐν
1284 659 1350 728 τῇ
1392 658 1593 711 πίστει.

36 756 283 825 Δεῦτε,
312 757 360 810 οί
390 755 745 827 εὐλογημένοι
782 753 877 807 τοῦ
918 752 1132 824 Πατρός
1167 768 1269 822 μου
1293 792 1308 816 ,
1342 751 1597 822 κληρονο-

0 851 246 919 ,ήσατε
312 852 411 922 τὴν
464 847 872 921 ἡτοιμασμένην
945 846 1073 916 ὑμῖν
1144 843 1421 915 βασιλείαν
1488 844 1599 897 ἀπὸ

6 942 342 1011 αταὸολῆς
380 941 611 1010 κόσμου,
648 959 668 992 ›
699 938 817 994 ἀλλ’
848 941 949 1008 οὐχ
978 938 1134 1009 ὑμεῖς
1160 937 1431 1008 ὼρίσθητε
1463 936 1598 1006 κλη-

0 1032 259 1103 ονόμοι
286 1034 387 1103 τῆς
423 1031 730 1103 βασιλείαςο
766 1030 887 1084 ἐπεὶ
923 1028 1046 1083 οθτε
1092 1030 1250 1099 ὑμεῖς
1301 1027 1598 1093 ἐπαινετοὶ,

0 1121 139 1178 {ne
204 1127 243 1196 ἠ
278 1126 472 1195 κλῆσις
498 1124 591 1178 τοῦ
624 1122 916 1186 καλοῦντος
945 1122 1129 1176 δικαία
1154 1161 1169 1186 ,
1221 1120 1336 1175 ἀλλ’
1361 1122 1414 1173 αἱ
1444 1119 1604 1191 ἀθλήα

0 1229 129 1276 πεις
176 1214 622 1285 προωρίσθησαν,
664 1214 759 1268 καὶ
790 1214 983 1286 ἀρεταὶ
1020 1213 1129 1267 τῶν
1162 1212 1250 1267 διὰ
1291 1212 1399 1265 τῶν
1425 1211 1602 1266 ἄθλων

0 1321 157 1375 τροε
172 1307 462 1378 ρχομένων
493 1305 1008 1379 προεθεωρήθησαν,
1027 1306 1121 1359 καὶ
1146 1306 1345 1368 πάντες
1376 1303 1605 1358 διελθεῖν

8 1397 364 1470 κλήθησαν,
410 1396 525 1451 ἀλλ’
559 1398 619 1451 οὐ
652 1397 852 1461 πάντες
886 1398 1221 1468 ὑπήκουσαν,
1260 1395 1415 1465 ὑμεῖς
1456 1394 1514 1449 δὲ
1551 1395 1603 1448 ol

0 1490 449 1553 ιτεακούσαντες
471 1530 487 1556 ,
520 1491 615 1543 καὶ
660 1489 763 1560 τῆς
808 1489 1094 1561 παρακοῆς
1124 1488 1184 1542 τὸ
1216 1487 1467 1559 ἔγκλημα
1505 1490 1603 1542 ἀπ-

0 1582 360 1646 .κδι5σασθε,
391 1583 486 1639 καὶ
509 1586 609 1655 τῆς
638 1582 886 1653 ὑπακοῆς
913 1584 1005 1637 τὸν
1024 1583 1244 1637 ἔπαινον
1272 1582 1604 1654 ἐκομίσασθε

0 1676 108 1741 τὰς
147 1677 366 1748 ἀρετὰς
395 1675 835 1748 ἐπιδειξάμενοι,
877 1677 975 1729 καὶ
1008 1677 1107 1747 τῆς
1148 1676 1430 1748 βασιλείας
1462 1677 1603 1742 ἄξιοι

1696 472 1979 529 mansistis
2013 472 2057 505 ⁹⁶
2085 489 2100 541 ;
2132 471 2334 543 quique
2364 474 2526 545 pedes
2566 484 2774 533 vestros
2812 495 2918 534 non
2950 481 3178 539 dedistis
3208 484 3266 540 in

1697 564 2122 619 commotionem
2154 564 2221 629 ",
2258 564 2352 621 sed
2402 566 2552 636 ipsos
2580 581 2742 636 super
2764 578 2969 638 petram
2999 573 3268 629 stabilivi-

1697 657 1797 712 stis
1824 658 1893 721 θ’,
1921 665 1974 710 et
2001 657 2053 710 in
2087 657 2187 711 ﬁde
2218 657 2423 728 probati
2454 659 2728 714 evasistis.
2790 678 2809 711 ι
2864 659 3074 731 Venite,
3106 665 3268 721 bene.

1696 750 1826 804 dicti
1856 749 2028 805 Patris
2080 750 2208 815 mei,
2247 750 2557 807 haereditate
2585 753 2857 820 possidete
2908 768 3267 827 praeparatum

1697 842 1855 897 vobis
1904 858 2129 913 regnum
2173 858 2204 896 a
2238 844 2633 900 constitutione
2684 847 2918 914 mundi;
2956 868 2976 901 ι
3019 850 3110 903 sed
3152 866 3262 905 non

1699 935 2046 992 determinati
2098 934 2284 991 fuistis
2332 951 2453 1001 vos,
2502 946 2563 991 ut
2600 940 2749 1007 regni
2783 942 2975 997 essetis
3005 942 3270 1009 haeredes,

1698 1028 1959 1098 alioquin,
2010 1042 2112 1083 nec
2160 1028 2261 1098 ipsi
2310 1029 2605 1085 laudabiles
2653 1032 3016 1101 exsisteretis,
3050 1050 3148 1090 nec
3177 1052 3274 1090 vo-

1700 1120 1877 1175 cantis
1925 1119 2074 1190 justa
2133 1118 2273 1175 foret
2326 1121 2561 1185 vocatio,
2603 1123 2693 1176 sed
2726 1125 3023 1179 certamina
3053 1125 3276 1181 fuerunt

1700 1212 2189 1283 przedeterminata,
2242 1221 2296 1268 et
2335 1214 2566 1270 virtutes
2596 1230 2807 1281 eorum,
2838 1218 2930 1287 qui
2966 1233 3061 1288 per
3089 1228 3274 1274 certa-

1701 1307 1847 1361 mina
1875 1305 2353 1376 progrederentur.
2387 1306 2540 1362 fuere
2573 1318 2867 1378 perspectas
2904 1321 3083 1376 antea,
3115 1320 3167 1367 et
3194 1312 3275 1368 sic

1702 1413 1895 1455 omnes
1928 1398 2105 1454 vocati
2133 1408 2260 1454 sunt
2285 1408 2345 1454 ut
2378 1416 2469 1470 per
2503 1402 2802 1457 certamina
2830 1404 3142 1466 transirent,
3178 1406 3273 1460 sed

1703 1506 1810 1548 non
1842 1504 2034 1545 omnes
2067 1491 2413 1547 obedierunt.
2455 1492 2561 1549 Vos
2598 1503 2802 1561 autem,
2837 1495 2931 1564 qui
2961 1495 3271 1561 obediistis,

1703 1593 1758 1640 ct
1792 1583 2170 1640 inobedientiae
2204 1585 2414 1641 crimen
2445 1586 2786 1653 excussistis,
2817 1587 3029 1642 laudem
3058 1603 3275 1658 quoque

1703 1674 2026 1746 reportastis
2076 1676 2418 1740 obedientiae,
2462 1684 2517 1731 et
2566 1692 2659 1733 eas
2688 1678 2992 1733 exhibendo
3025 1679 3273 1744 virtutes,
3330 1738 3336 1753 I

0 1771 347 1842 γενόμενοι.
394 1769 673 1842 Μακάριοι
716 1771 765 1824 οί
812 1769 1018 1842 ταύτης
1050 1769 1465 1841 καταξιούμενοι
1504 1770 1605 1840 τῆς

1713 1769 1959 1840 condigni
1989 1754 2181 1825 fuistis!
2203 1768 2374 1825 habiti
2403 1769 2495 1825 tali
2526 1785 2712 1839 regno.
2759 1770 2907 1825 Beati
2936 1812 2952 1838 ,
2989 1772 3082 1842 qni
3112 1774 3276 1828 hocce

0 1864 384 1935 μαρτυρίας,
436 1863 665 1916 ἐνώπιον
697 1863 968 1933 ἀγγέλων,
1004 1864 1097 1917 καὶ
1134 1863 1354 1917 πάντων
1396 1861 1606 1934 ἀνθρώ-

0 1973 139 2011 ττων
169 1974 187 1988 ⁸
227 1956 413 2028 ἐπειδὴ
446 1956 554 2027 γὰρ
581 1957 672 2011 τὸν
705 1956 838 2010 Θεὸν
880 1957 1083 2027 σφόδρα
1113 1955 1480 2028 ἐφοϐήθησαν,
1508 1958 1605 2011 καὶ

0 2050 112 2115 τὰς
180 2050 406 2115 ἐντολὰς
448 2049 616 2105 αὑτοῦ
657 2049 879 2112 τελείως
907 2048 1202 2119 ἐφύλαξαν,
1253 2050 1347 2104 καὶ
1387 2050 1485 2121 τὴν
1521 2049 1603 2103 δι-

0 2142 333 2213 καιοσύνην
359 2140 709 2205 ἐπλεόνασαν,
737 2134 782 2210 ᾧ
815 2139 997 2212 μέτρῳ
1030 2140 1341 2213 ἐμέτρησαν
1372 2141 1605 2211 ἁντεμε-

0 2234 213 2305 τρήθη
266 2234 448 2297 αὑτοῖς
487 2231 639 2304 παρὰ
696 2232 904 2302 Κυρίου
966 2232 1188 2303 ὁμοίως.
1240 2231 1450 2303 Μέχρις
1506 2226 1600 2285 οῦν

0 2327 235 2381 τούτου
259 2327 350 2381 τὸν
381 2326 539 2394 λόγον
572 2325 980 2397 ἐπιστήσωμεν,
1006 2323 1477 2396 εὐχαριστοῦντες,
1511 2324 1607 2377 καὶ

0 2418 393 2489 εὐλογοῦντες
417 2419 508 2473 τὸν
543 2418 749 2489 Κύριον
798 2417 891 2471 ἐπὶ
933 2419 1070 2472 πᾶσι
1102 2420 1216 2481 τοῖς
1243 2416 1467 2486 ἀγαθοῖς
1507 2418 1608 2471 αὑ-

0 2511 115 2565 τοῦ
180 2512 548 2582 χαρίσμασιν,
590 2505 672 2575 οἷς
701 2512 832 2582 ἡμῖν
860 2511 1113 2582 δωρεῖται
1142 2513 1256 2574 τοῖς
1292 2510 1537 2575 ἀναξίοις
1574 2511 1607 2580 ή

0 2603 205 2658 αὑτοῦ
258 2602 669 2674 φιλανθρωπία,
710 2601 859 2674 αὐτῷ
905 2603 938 2674 ἡ
972 2600 1098 2667 δόξα
1140 2601 1234 2655 καὶ
1268 2603 1301 2673 ἠ
1344 2601 1477 2673 τιμὴ
1525 2601 1607 2666 εἰς

0 2698 155 2761 τοὺς
198 2696 418 2759 αἰῶνας.
459 2697 513 2748 Ἀ
524 2696 651 2767 μήν.

89 2876 147 2907 ’⁸
185 2872 322 2929 Luc.
358 2889 433 2941 γι,
463 2873 552 2931 48.
628 2875 671 2907 ⁹¹
704 2873 849 2930 Psal.
875 2889 1003 2941 cxx,
1040 2871 1094 2925 5.

1704 1862 2025 1918 testimonio
2078 1862 2133 1916 in
2197 1873 2489 1932 conspectu
2548 1863 2865 1936 angelorum
2921 1865 3278 1935 omniumque

1704 1952 1986 2009 hominum
2016 1954 2166 2025 digni
2194 1955 2584 2025 iudicabuntur
2614 1974 2628 2023 ;
2666 1956 2794 2011 dum
2830 1958 3030 2012 etenim
3066 1956 3102 2012 ii
3123 1958 3278 2014 valde

1700 2042 2002 2100 timuerunt
2048 2045 2239 2109 Deum,
2286 2053 2339 2100 et
2372 2044 2491 2116 ejus
2523 2045 2778 2101 mandata
2824 2046 3061 2117 perfecte
3090 2059 3277 2104 custo-

1704 2136 1939 2201 dierunt,
1968 2137 2397 2207 amplioremque
2430 2137 2534 2192 sibi
2564 2149 2950 2207 compararunt
2978 2140 3275 2210 justitiam,

1704 2244 1813 2297 qua
1870 2242 2123 2283 mensura
2172 2230 2345 2283 mensi
2377 2237 2527 2294 sunt,
2560 2244 2622 2284 ea
2656 2229 2912 2285 similiter
2940 2247 3163 2289 emensa
3190 2243 3275 2289 est

1706 2321 1841 2393 ipsis
1872 2337 1901 2375 a
1933 2320 2186 2376 Domino.
2236 2319 2532 2392 Hucusque
2560 2337 2689 2394 ergo
2713 2324 2952 2379 sermoni
2984 2325 3144 2380 linem
3176 2326 3283 2381 im-

1706 2429 2001 2485 ponamus,
2032 2414 2236 2484 gratias
2265 2424 2507 2486 agentes,
2555 2426 2609 2470 et
2636 2415 3021 2473 benedicentes
3045 2416 3283 2475 Domino

1702 2501 1764 2561 in
1818 2506 2075 2563 omnibus
2126 2506 2285 2562 bonis
2334 2507 2507 2578 ipsius
2555 2508 2732 2574 donis,
2765 2509 2968 2579 quibus
2999 2527 3101 2567 nos
3136 2513 3279 2566 indi-

1713 2614 1851 2671 gnos
1878 2612 2196 2654 muneratur
2233 2599 2352 2669 ejus
2394 2600 2785 2657 misericordia.
2828 2600 2937 2674 Ipsi
2990 2603 3192 2675 gloria,
3223 2614 3283 2661 et.

1714 2688 1888 2745 honor
1912 2690 1967 2745 in
1991 2690 2213 2747 saecula.
2242 2689 2437 2749 Amen.

1170 2872 1216 2904 θ’
1248 2868 1391 2924 Psal.
1432 2885 1621 2938 χχιιι,
1648 2869 1703 2925 5.

31 3086 2770 3117 ___——_—-_————__—_-—————-—_—-—U*———i

1160 3226 2176 3385 ΕΠΙΚΤΗΤΟΥ

1315 3515 2015 3609 ΕΓΧΕΙΡΙΔΙΟΝ

1640 3735 1713 3751 ..-

827 3887 1488 4006 EPICTETI
1566 3883 2522 4001 ENCHIRIDION

1389 4133 1532 4195 SEU
1579 4131 1951 4195 MANUELE

390 4308 438 4367 Δ
482 4304 545 4367 S.
578 4306 647 4367 P.
688 4305 761 4369 N.
802 4304 945 4369 Nilo
975 4303 1299 4368 concisum
1329 4302 1391 4360 et
1418 4297 1871 4380 interpolatum
1920 4292 2182 4374 ejusque
2220 4287 2543 4371 opusculis
2596 4288 2922 4359 insertum.

629 4654 877 4713 ΚΕΦΑΛ.
918 4653 999 4710 A'.

109 4749 243 4804 Τῶν
278 4749 449 4804 ὄντων
476 4749 546 4805 τὰ
579 4750 678 4822 μὲν
707 4751 789 4819 ἐφ’
836 4750 970 4820 ἡμῖν
1016 4750 1173 4814 ἐστι,
1204 4747 1274 4802 τὰ
1304 4747 1362 4802 δὲ
1404 4747 1504 4801 οὐκ
1532 4745 1619 4816 ἐφ’

2572 4641 2698 4698 TI.

2523 4644 2616 4702 UT
2657 4644 2698 4698 Ι.

1785 4743 2173 4800 Exsistentium
2199 4644 2657 4810 rerumﬁﬁipaadam
2686 4742 2815 4790 sunt
2843 4733 2900 4789 in
2931 4733 3110 4799 nobis,
3144 4746 3293 4801 quaa-

48 4831 201 4901 ἠιλῖν.
251 4840 366 4910 Ἐφ’
399 4842 533 4912 ἡμὶν
568 4840 667 4911 μέν
696 4839 987 4911 ὑπόληψις,
1016 4839 1184 4913 ὁρμὴ,
1212 4838 1414 4911 ὄρεξις,
1436 4838 1613 4892 ἐκκλι-

1716 4839 1840 4893 dam
1898 4850 2009 4890 non
2047 4844 2194 4892 sunt.
2224 4835 2280 4889 ln
2310 4833 2472 4888 nobis
2498 4830 2717 4903 quidem
2755 4835 2887 4883 sunt
2934 4825 3289 4899 existimatio,

50 4937 157 4987 σις,
189 4930 290 4975 καλ
315 4932 393 4985 ἐνὶ
430 4931 574 5002 λόγῳ
605 4932 707 4986 ὅσα
736 4930 983 5003 ἡμέτερα
1007 4931 1164 5003 ἔργα.

653 5126 902 5190 ΚΕΦᾹΛ.
942 5135 1019 5190 B'.

121 5216 240 5271 Καὶ
279 5215 347 5270 τὰ
389 5216 488 5289 μὲν
517 5218 603 5288 ἐφ’
632 5220 765 5291 ⁴ἡμῖν
794 5223 931 5287 ἐστι,
969 5228 1126 5293 φύσει
1156 5226 1441 5299 ἐλεύθερα,
1471 5226 1618 5281 ἀκώ-

54 5306 212 5379 λυτα,
243 5312 679 5383 ἀπαραπόδιστα.
717 5316 797 5369 Τὰ
841 5316 899 5370 δὲ
940 5319 1041 5373 οὑκ
1086 5318 1172 5391 ἐφ’
1197 5323 1353 5393 ἡμῖν,
1400 5320 1622 5393 ἀσθενῆ,

54 5400 241 5470 δοῦλα,
272 5403 509 5473 κωλυτὰ,
547 5406 826 5480 ἀλλότρια.

651 5611 901 5671 ΚΕΦΔΛ.
943 5615 1017 5672 Γ⁹.

128 5696 399 5774 Μέμνησο
432 5698 527 5759 οὑν
570 5704 652 5759 ὅτι
702 5706 797 5762 ἐὰν
838 5708 911 5762 τὰ
953 5709 1115 5780 φύσει
1161 5710 1326 5769 δοῦλα
1362 5712 1626 5785 ἐλεύθερα

1605 4976 1609 4981 .
1720 4929 2015 4999 impulsus,
2064 4927 2415 4992 desiderium,
2445 4924 2732 4987 aversatio,
2763 4929 2819 4977 et
2850 4934 2961 4976 uno
2991 4918 3158 4974 verbo
3190 4933 3295 4973 cae-

1722 5028 1856 5084 tera,
1885 5032 2009 5089 quae
2036 5025 2239 5073 nostrae
2265 5025 2397 5073 sunt
2430 5016 2798 5086 operationes.

2343 5129 2571 5188 CAPUT.
2618 5127 2684 5184 ll.

1796 5228 1873 5282 Ac
1905 5243 1991 5295 ea,
2024 5242 2145 5298 qua:
2177 5226 2232 5281 in
2259 5224 2417 5281 nobis
2439 5233 2584 5289 sunt,
2612 5221 2930 5277 naturaliter
2959 5218 3125 5274 libera
3155 5214 3267 5271 exsi

1730 5330 1880 5378 stunt
1901 5321 2193 5392 prohiberi,
2216 5328 2270 5375 et
2296 5319 2549 5391 impediri
2570 5318 2794 5373 minime
2815 5321 3075 5386 possunt;
3101 5319 3153 5364 at
3174 5322 3296 5379 qua:

1727 5430 1837 5469 non
1886 5424 2015 5469 sunt
2074 5414 2129 5469 in
2175 5413 2355 5480 nobis,
2410 5412 2647 5478 inﬁrma,
2702 5424 2877 5476 serva,
2926 5403 3204 5476 impedita,
3242 5408 3295 5457 οι

1727 5506 1903 5564 aliena
1950 5506 2246 5565 exsistunt.

2322 5618 2553 5677 CAPUT
2612 5617 2699 5673 Ill.

1799 5716 2070 5775 Memento
2114 5716 2301 5787 igitur,
2351 5715 2519 5779 quod.
2568 5713 2617 5771 si
2647 5724 2767 5771 oua:
2796 5705 3117 5765 naturaliter
3141 5716 3296 5762 serva
