3838 6056
541 255 675 321 1287
709 245 712 252 “

535 380 690 436 sunt,
720 369 998 441 putaveris
1025 369 1218 438 libera,
1245 377 1301 426 et
1329 383 1450 440 quae
1481 368 1677 432 aliena,
1712 367 1968 439 propria;
2006 367 2112 422 im-
2142 373 2189 428 A

531 463 790 537 pedieris,
828 461 1056 532 lugebis,
1111 460 1537 534 perturbaheris,
1572 460 1638 515 de
1665 458 1776 512 Deo
1805 458 1979 530 deque
2015 458 2114 513 ho-

531 556 778 612 minibus
808 555 1161 626 conquereris
1186 572 1201 622 ;
1239 555 1284 610 si
1313 570 1442 609 vero
1470 563 1623 608 tuum
1650 553 1906 624 Opinatus
1943 550 2112 607 fueris

532 642 879 698 solummodo
931 657 1053 698 esse
1109 653 1283 707 tuum,
1342 643 1580 697 alienum
1637 650 1839 708 autem,
1907 650 1967 696 nt
2007 650 2111 705 est,

531 734 793 801 alienum,
851 734 1038 790 nullus
1083 744 1136 790 te
1163 734 1380 815 retrahit
1412 750 1674 804 unquam,
1709 734 1889 789 nullus
1923 744 1972 789 te
2011 735 2114 788 im-

531 825 734 896 pediet,
790 842 966 897 neque
1007 826 1269 883 adversus
1309 827 1480 882 ullum
1508 827 1784 897 querelam
1816 841 2108 898 propones,

530 918 682 974 litem
731 919 829 973 ulli
864 934 971 974 non
1007 919 1276 987 intendes,
1313 920 1448 974 nihil
1478 919 1680 975 invitus
1718 918 1906 982 facies,
1937 917 2112 974 nemi-

532 1027 660 1068 nem
692 1012 917 1068 habebis
951 1013 1255 1082 inimicum,
1292 1014 1478 1069 nullus
1511 1027 1564 1071 te
1593 1013 1768 1078 laedet,
1805 1027 1986 1086 neque
2014 1026 2114 1068 no-

532 1119 661 1160 xam
693 1102 883 1159 afferet
928 1103 1188 1176 aliquam.

1131 1212 1360 1273 CAPUT
1418 1211 1508 1269 lV.

601 1323 756 1382 Talia
806 1325 974 1398 igitur
1022 1335 1280 1397 tantaque
1339 1333 1620 1396 appetens,
1674 1331 1948 1380 memento
1986 1337 2110 1378 rur-

529 1432 648 1484 sus,
709 1419 856 1489 quod
895 1420 1026 1474 dum
1077 1420 1310 1475 moveris
1345 1419 1715 1484 mediocriter,
1753 1433 1861 1472 non
1901 1425 2114 1487 oportet

529 1528 592 1569 ea
622 1527 926 1583 capessere,
959 1511 1054 1568 sed
1090 1512 1158 1566 ad
1198 1512 1377 1582 aliqua
1413 1511 1632 1582 quidem
1673 1510 1988 1567 omnimodo
2021 1512 2113 1567 de-

530 1606 661 1663 ferri
719 1617 898 1674 motu,
927 1606 1035 1661 alia
1071 1622 1200 1662 vero
1232 1620 1330 1678 pro
1374 1605 1630 1676 praesenti
1667 1604 1888 1661 differre
1917 1623 1930 1660 :
1963 1605 2111 1676 quod

2006 253 2306 315 SPURIA.

3696 261 3800 325 12ἒὲ

2213 368 2423 442 οἰηθῇς,
2451 370 2550 425 καὶ
2577 370 2646 425 τὰ
2679 372 2936 445 ἀλλότρια
2968 371 3074 428 ἴδια
3094 415 3109 437 ,
3152 373 3585 447 ἑμποδισθὴσ-ῃ,
3624 379 3800 449 πενθῇ.

2222 479 2338 528 σεις
2360 504 2376 529 ,
2430 464 2752 537 ταραχθήσῃ
2773 507 2788 532 ,
2821 467 3009 539 μέμψῃ
3045 467 3140 521 καὶ
3172 468 3307 522 Θεὸν
3337 468 3442 522 καὶ
3470 469 3789 540 ἁνθρώτωκ

2213 556 2309 609 ἐὰν
2339 556 2394 609 δὲ
2432 557 2494 609 τὸ
2531 558 2622 612 σὺν
2667 559 2828 630 μόνον
2875 559 3067 632 οἰηθῇς
3097 561 3190 615 σὺν
3235 556 3385 616 εἶναι
3409 603 3426 628 ,
3461 561 3538 614 τὸ
3580 561 3643 615 δὲ
3675 564 3796 618 ἁλλό-

2212 651 2385 724 τριον,
2412 653 2483 718 ὡς
2520 654 2686 720 ἔστιν,
2725 655 3033 728 ἀλλότριον,
3065 657 3238 721 οὐδείς
3264 675 3323 711 σε
3357 656 3711 725 ἀναγκάσει,
3735 659 3784 710 οὗ

2213 744 2327 808 δείς
2356 763 2415 799 σε
2445 746 2680 801 κωλύσει
2707 789 2722 813 ,
2756 750 2817 803 οὐ
2853 750 3045 821 μέμψῃ
3075 749 3287 815 οὐδένα,
3321 750 3458 803 οὐδὲ
3499 748 3801 816 ἐγκαλέσας

2213 836 2423 905 οὐδενὶ,
2456 838 2607 892 ἄκων
2638 840 2864 910 πράξεις
2895 841 3015 894 οὐδὲ
3050 842 3109 895 ἓν
3128 857 3140 870 ·
3178 841 3381 913 ἐχθρὸν
3407 840 3628 894 οὐδένα
3666 840 3800 907 Eis-4,

2212 931 2391 996 οὐδείς
2423 949 2483 986 σε
2512 931 2727 1004 βλάψει,
2754 933 2875 987 οὐδὲ
2904 933 3166 1007 βλαϐερόν
3189 952 3243 988 τι
3272 935 3537 1005 ποιήσει.

2821 1222 3074 1278 ΚΕΦΑΛ.
3115 1225 3189 1277 Δ’.

2283 1336 2632 1409 Τηλικούτων
2675 1334 2769 1393 οὖν
2822 1338 3111 1410 ἐφιέμενος
3143 1379 3158 1406 ,
3200 1337 3474 1410 μέμνησο
3523 1337 3615 1392 ὅτι
3663 1338 3718 1390 οὺ
3745 1337 3801 1390 εει

2222 1430 2457 1501 μετρίως
2488 1431 2846 1504 κεκινημένος
2878 1431 3145 1486 ἅπτεσθαι
3172 1430 3363 1484 αὐτῶν
3390 1473 3408 1495 ,
3445 1429 3610 1485 ἀλλὰ
3637 1433 3704 1486 τὰ
3728 1434 3802 1503 μὲν

2213 1523 2570 1596 κεκινημένος
2599 1523 2903 1590 παντελῶς,
2953 1523 3022 1578 τὰ
3052 1523 3110 1577 δὲ
3135 1522 3560 1596 ὑπερτίθεσθαι
3604 1521 3734 1592 πρὸς
3760 1523 3802 1574 τὸ

2217 1616 2412 1688 παρὸν,
2444 1615 2540 1670 ἐὰν
2571 1615 2628 1669 δὲ
2660 1617 2753 1670 καὶ
2792 1615 2969 1669 ταῦτα
3011 1617 3216 1682 θέλεις,
3259 1617 3361 1670 καὶ
3393 1615 3697 1680 πλουτεῖν,
3725 1617 3799 1667 ni

531 1701 576 1756 si
627 1707 684 1754 et
737 1699 853 1754 haec
886 1699 1039 1766 velis,
1083 1699 1386 1771 cupiasque
1414 1699 1683 1754 ditescere
1712 1697 1879 1753 simul
1931 1708 1985 1754 et
2014 1699 2109 1753 im-

2221 1709 2429 1780 Ξρχειν,
2460 1708 2622 1780 τυχὸν
2661 1708 2760 1780 μὲν
2795 1708 2933 1774 οὐδὲ,
2955 1709 3137 1763 αὐτῶν
3166 1707 3384 1762 τούτων
3425 1709 3621 1781 τεύξῃ
3645 1709 3726 1760 διὰ
3755 1715 3800 1759 τε

529 1805 746 1862 perare,
808 1789 1035 1848 forsitan
1093 1805 1193 1845 nec
1244 1806 1308 1846 ea
1345 1779 1837 1863 ipsa°assequeris,,
1867 1805 1934 1845 eo
1967 1790 2109 1860 quod

2221 1779 2319 1854 καί
2344 1800 2454 1853 τῶν
2482 1779 2766 1872 προτέρων
2793 1799 3068 1869 ἐφίεσθαι,
3091 1800 3309 1854 πάντων
3341 1816 3414 1869 γε
3450 1779 3802 1872 μὴνεκείνωιι

529 1883 705 1953 prima
738 1882 902 1938 simul
945 1883 1324 1953 concupiscas,
1361 1898 1548 1938 verum
1577 1882 1834 1937 omnibus
1865 1882 1969 1938 illis
1999 1883 2115 1938 fru-

529 1975 816 2044 straberis,
848 1991 944 2048 per
982 1990 1104 2047 qua:
1131 1975 1311 2031 solum
1343 1971 1577 2030 felicitas
1606 1981 1661 2028 et
1708 1972 1933 2029 libertas
1962 1989 2114 2030 com-

529 2079 778 2141 paratur.

1147 2185 1378 2244 CAPUT
1409 2185 1474 2242 V.

601 2305 798 2362 Statim
833 2305 1002 2379 igitur
1039 2320 1246 2376 asperae
1279 2303 1479 2374 cuique
1529 2303 1928 2375 imaginationi,
1965 2319 2114 2361 cura:

529 2393 627 2450 tibi
657 2394 730 2451 sit
780 2395 978 2451 addere
1027 2394 1281 2461 dicendo,
1333 2393 1480 2464 quod
1511 2394 1759 2465 quadam
1794 2395 2111 2466 apparentia

528 2487 622 2554 sit,
678 2488 828 2544 nullo
883 2503 1012 2543 vero
1066 2487 1232 2543 modo
1273 2489 1520 2554 exsistat,
1566 2496 1628 2543 ut
1672 2487 1727 2543 in
1758 2499 2111 2559 conspectum

525 2583 677 2637 venit
722 2598 786 2638 ac
819 2583 1107 2650 cernitur;
1167 2599 1287 2638 eam
1318 2583 1514 2639 deinde
1553 2584 1828 2649 examina,
1857 2594 1911 2640 et
1939 2585 2111 2655 proba

527 2674 754 2744 regulis,
772 2690 911 2745 quas
940 2675 1145 2743 habes;
1180 2675 1284 2730 hac
1313 2690 1442 2731 vero
1471 2675 1644 2746 prima
1665 2684 1719 2731 et
1740 2676 2109 2748 potissimum,

529 2773 713 2818 utrum
743 2764 902 2819 sit‘ex
934 2766 1015 2819 eis
1049 2780 1171 2834 quae
1194 2765 1250 2820 in
1284 2765 1445 2822 nobis
1482 2775 1632 2834 sunt,
1671 2776 1767 2822 aut
1790 2783 1858 2823 ex
1885 2770 1966 2823 eis
1988 2783 2112 2840 quae

528 2853 584 2908 in
615 2855 775 2910 nobis
808 2871 916 2911 non
965 2865 1117 2922 sunt,
1168 2857 1324 2927 sique
1363 2858 1435 2913 sit
1461 2859 1592 2929 quid
1623 2875 1816 2914 eorum
1847 2877 1970 2932 qua:
2001 2877 2110 2916 non

529 2947 587 3002 in
653 2948 831 3016 nobis,
897 2948 952 3004 in
1012 2958 1264 3020 promptu
1320 2949 1511 3019 habes,
1567 2951 1714 3022 quod
1763 2951 1896 3006 nihil
1939 2953 2008 3008 ad
2057 2961 2110 3008 te

529 3050 758 3113 spectat.

1144 3155 1372 3213 CAPUT
1399 3155 1488 3212 Vl.

601 3267 934 3336 Recordare,
971 3270 1117 3340 quod
1151 3271 1501 3341 appetitionis
1535 3271 1828 3342 promissio
1857 3271 1928 3328 sit
1957 3283 2112 3329 asse-

529 3362 678 3418 cutio
749 3362 874 3432 ejus
930 3362 1073 3431 quod
1123 3363 1440 3432 appetitur;
1473 3363 1785 3417 aversionis
1837 3364 2111 3433 pollicita-

532 3453 631 3518 tio,
675 3467 781 3506 non
837 3451 1078 3506 incidere
1106 3451 1162 3505 in
1196 3451 1352 3517 illud,
1385 3451 1531 3521 quod
1569 3450 1694 3520 quis
1723 3462 2030 3507 aversatur.
2060 3454 2111 3510 Is

531 3559 732 3616 porro,»
773 3544 869 3616 qui
912 3545 967 3598 in
1016 3544 1379 3600 desiderando
1428 3542 1751 3604 frustratur.
1798 3543 1975 3614 impos
2025 3553 2112 3601 est

529 3639 641 3692 voti
669 3654 684 3706 ;
715 3638 808 3708 qui
831 3651 958 3692 vero
989 3637 1044 3691 in
1081 3637 1386 3692 aversando
1419 3637 1630 3703 incidit,
1663 3638 1850 3694 infelix
1881 3659 1894 3695 :
1928 3642 2110 3711 itaque

530 3730 579 3785 si
606 3729 877 3784 aversaris
911 3729 1000 3784 illa
1033 3729 1172 3793 sola,
1207 3744 1327 3800 qna:
1349 3739 1475 3784 sunt
1509 3737 1704 3800 praeter
1735 3738 2009 3795 naturam,
2040 3747 2107 3787 ex

529 3823 632 3888 eis,
668 3839 789 3893 quae
821 3823 877 3877 in
914 3834 964 3878 te
997 3832 1148 3887 sunt,
1174 3821 1379 3876 nullam
1416 3821 1471 3875 in
1516 3837 1632 3876 rem
1664 3822 1872 3878 incides
1895 3838 2105 3892 earum,

529 3931 667 3986 quas
698 3915 991 3980 aversaris,
1026 3915 1109 3969 sin
1131 3929 1262 3971 vero
1291 3915 1563 3988 morbum,
1595 3924 1690 3970 aut
1713 3926 2104 3986 paupertatem,

529 4008 614 4064 vel
653 4016 887 4064 mortem
931 4007 1222 4075 averseris,
1248 4006 1601 4064 calamitosus
1620 4007 1750 4064 eris.

1126 4115 1353 4172 CAPUT
1397 4114 1510 4173 Vll.

599 4229 755 4287 Tolle
802 4229 970 4302 igitur
1010 4230 1352 4285 aversionem
1398 4229 1468 4285 ab
1510 4230 1788 4299 omnibus,
1817 4247 1939 4302 quae
1980 4241 2109 4289 sunt

529 4332 729 4396 praeter
768 4335 1017 4380 naturam
1047 4339 1110 4378 ex
1145 4324 1212 4378 iis
1267 4338 1389 4393 quae
1424 4323 1477 4376 in
1513 4322 1670 4379 nobis
1695 4339 1854 4391 sunt;
1895 4327 2104 4398 cupidi-

2134 3072 2182 3136 ο

2213 1892 2490 1967 ἀποτεύξῃ
2537 1893 2606 1946 δι’
2662 1887 2736 1948 ὧν
2783 1893 2947 1966 μόνον
2995 1893 3281 1966 ἐλευθερία
3321 1893 3431 1947 καὶ
3493 1878 3801 1959 εὐδαίμονα

2217 1986 2583 2059 περιγίνεται.

2812 2190 3067 2247 ΚΕΦΑΛ.
3108 2187 3185 2246 E'.

2283 2301 2463 2366 Εὐθὺς
2504 2298 2599 2356 οὖν
2633 2302 2783 2375 πάσῃ
2829 2302 3103 2375 φαντασίᾳ
3150 2303 3397 2378 τραχείᾳ
3448 2303 3675 2376 μελέτα
3709 2305 3800 2356 ἑτι-

2212 2396 2390 2466 λέγειν
2411 2435 2426 2462 ,
2459 2396 2539 2449 ὅτι
2570 2396 2839 2465 φαντασία
2870 2392 2942 2470 ᾗ,
2980 2397 3078 2451 καὶ
3100 2395 3163 2450 οὐ
3197 2397 3433 2460 πάντως
3463 2397 3542 2450 τὸ
3567 2399 3800 2467 φαινόμε-

2212 2504 2322 2553 νον,
2356 2487 2549 2541 ἔπειτα
2585 2488 2808 2554 ἐξέταζε
2834 2489 3028 2560 αὐτὴν,
3056 2489 3152 2542 καὶ
3178 2488 3462 2559 δοκίμαζε
3511 2492 3640 2552 τοῖς
3671 2489 3797 2541 καινὸς

2216 2596 2318 2647 σιν,
2353 2576 2436 2645 οἷς
2460 2569 2613 2653 ἷχεις
2637 2623 2653 2650 ,
2713 2585 2915 2654 πρώτῳ
2951 2581 3010 2635 δὲ
3050 2584 3146 2636 καὶ
3173 2582 3355 2653 τούτῳ
3383 2623 3400 2648 ,
3437 2582 3553 2636 καὶ
3593 2581 3797 2652 μάλιστα

2213 2671 2442 2741 πότερον
2487 2673 2617 2745 περὶ
2655 2672 2723 2726 τὰ
2753 2675 2838 2743 ἐφ’
2873 2674 3005 2744 ἡμῖν
3054 2674 3202 2728 ἐστιν
3237 2673 3272 2744 ἢ
3302 2675 3454 2744 περὶ
3485 2673 3571 2726 τὰ
3605 2675 3796 2741 eam;

2213 2763 2368 2834 ἡμῖν,
2414 2763 2626 2836 κᾶνπερ
2653 2760 2763 2838 ᾗτι
2790 2764 2902 2819 τῶν
2929 2765 3030 2819 οὐκ
3061 2764 3147 2836 ἐφ’
3174 2767 3306 2836 ἡμῖν
3331 2765 3667 2838 πρόχειρον
3689 2767 3801 2819 ἐστιν

2209 2856 2272 2910 τὸ
2303 2857 2385 2910 ὅτι
2412 2857 2566 2912 οὐδὲν
2599 2858 2733 2929 πρὸς
2771 2858 2850 2912 σέ.

2797 3146 3049 3202 ΚΕΦΑΔ.
3092 3149 3185 3216 ς’.

2281 3257 2546 3330 Μέμνησο
2569 3259 2652 3313 ὅτι
2684 3259 2914 3332 ὀρέξεως
2946 3263 3249 3332 ἐπαγγελία
3275 3265 3574 3338 Emmaan
3607 3263 3674 3324 οὗ
3707 3271 3802 3340 ὀρίο

2211 3369 2404 3422 γεται,
2463 3352 2764 3418 ὲκκλίσεως
2820 3356 3122 3425 ἐπαγγελία
3173 3357 3232 3411 τὸ
3299 3358 3384 3430 μὴ
3448 3358 3800 3435 περιπίπτειν

2212 3446 2406 3518 ἐκείνῳ
2429 3487 2446 3512 ,
2495 3446 2524 3500 ὃ
2553 3447 2884 3502 ὲκκλίνεται.
2929 3449 2986 3502 '0
3021 3449 3119 3520 μὲν
3153 3451 3210 3503 ὲν
3250 3451 3447 3520 ὀρέξει
3500 3456 3798 3525 ἀποτυγχὰ-

2213 3557 2340 3603 νων,
2369 3541 2596 3610 ἀτυχής·
2620 3541 2649 3593 ὁ
2679 3541 2736 3594 δὲ
2762 3542 2820 3596 ὲν
2847 3542 3087 3612 ἐκκλίσει
3115 3544 3488 3615 περιπίπτων
3517 3547 3796 3619 δυστυχής

2211 3633 2306 3688 ἐὰν
2345 3630 2438 3688 οὖν
2479 3636 2616 3706 μόνα
2646 3635 2901 3710 ἐκκλίνῃς
2928 3636 2999 3691 τὰ
3028 3637 3180 3707 παρὰ
3213 3637 3390 3708 φύσιν
3427 3639 3557 3695 τῶν
3586 3643 3686 3694 ἐπὶ
3714 3644 3793 3700 σοὶ,

2209 3727 2387 3781 οὐδενὶ
2420 3721 2496 3783 ὦν
2531 3727 2802 3793 ὲκκλίνεις
2831 3730 3133 3802 περιπέσῃ’
3164 3731 3324 3786 νόσον
3357 3732 3421 3786 δὲ
3453 3733 3538 3789 ἂν
3563 3737 3799 3807 ἐκκλίνῃς

2210 3818 2244 3891 ἢ
2273 3818 2485 3888 πενίαν,
2512 3820 2546 3892 ἦ
2579 3820 2829 3887 θάνατον,
2860 3823 3242 3895 δυστυχήσεις.

2818 4113 3069 4168 ΚΕΦΔΛ.
3107 4114 3184 4169 Ζ’.

2277 4221 2448 4298 ¹ΓΔρον
2477 4221 2698 4299 οὖν’τὴν
2736 4224 2980 4281 ἔκκλισιν
3013 4227 3122 4282 ἀπὸ
3161 4229 3391 4284 πάντων
3429 4231 3557 4285 τῶν
3590 4233 3695 4286 οὐκ
3728 4232 3798 4298 ἐφ’

2212 4319 2363 4391 ἡμῖν,
2399 4320 2494 4374 καὶ
2523 4319 2754 4391 μετάθες
2784 4321 2876 4374 ἐπὶ
2901 4320 2972 4375 τὰ
3004 4320 3157 4390 παρὰ
3184 4320 3351 4390 φύσιν
3381 4322 3504 4377 τῶν
3536 4325 3629 4393 ἐφ’
3659 4325 3796 4395 ἡμῖν,

532 4426 698 4474 tatem
727 4430 856 4471 vero
891 4430 990 4486 pro
1021 4413 1276 4484 praesenti
1317 4414 1542 4468 omnino
1588 4412 1834 4481 auferas;
1869 4416 1915 4470 si
1957 4417 2100 4471 enim

2221 4410 2303 4482 τὴν
2337 4411 2515 4483 ὄρεξιν
2544 4411 2601 4464 δὲ
2634 4411 2908 4476 παντελῶς
2934 4413 3026 4466 ἐπὶ
3055 4412 3151 4467 τοῦ
3181 4416 3459 4485 παρόντος
3489 4417 3683 4472 ἄνελε.
3713 4416 3798 4466 ’Δν

529 4521 752 4583 appetas
778 4508 984 4579 aliquid
1011 4522 1202 4562 eorum
1227 4522 1350 4576 quae
1389 4522 1500 4561 non
1527 4517 1659 4561 sunt
1691 4507 1746 4561 in
1781 4508 1957 4574 nobis,
1993 4509 2106 4563 fru-

527 4603 691 4661 strari
741 4615 1030 4672 necessum
1065 4607 1180 4664 est;
1231 4613 1420 4653 verum
1453 4613 1619 4668 quam
1655 4599 1858 4654 bonum
1888 4600 1961 4654 sit
2005 4615 2104 4670 ap-

527 4705 712 4767 petere
756 4709 819 4747 ea
848 4707 973 4762 qua:
1012 4691 1070 4745 in
1109 4689 1269 4745 nobis
1316 4697 1466 4753 sunt,
1503 4689 1683 4746 adhuc
1729 4690 1820 4745 tibi
1863 4706 1970 4746 non
2022 4702 2107 4748 est

526 4785 905 4852 manifestum,
953 4785 1049 4842 sed
1084 4784 1257 4841 solum
1301 4794 1453 4838 motu
1485 4799 1595 4854 quo
1622 4784 1689 4840 ad
1722 4785 1926 4857 aliquid
1974 4802 2107 4842 con-

527 4882 778 4944 verteris,
827 4881 911 4935 vel
960 4896 1027 4936 ex
1075 4881 1259 4949 aliquo
1309 4889 1361 4934 te
1407 4881 1663 4950 proripis,
1700 4891 1850 4937 ntere
1897 4882 2104 4948 leviter,

528 4973 651 5028 sine
693 4973 978 5037 dilatione,
1019 4983 1074 5027 et
1113 4988 1237 5027 cum
1283 4972 1628 5042 exceptione,
1664 4977 1828 5042 atque
1857 4972 2103 5028 remisse.

1115 5085 1345 5142 CAPUT
1387 5085 1522 5142 Vlll.

603 5181 913 5252 Unicuique
952 5182 1192 5247 illorum,
1240 5198 1362 5252 quae
1409 5183 1657 5237 animum
1702 5180 1972 5246 alliciunt,
2011 5193 2106 5238 aut

532 5275 822 5330 utilitatem
865 5275 1127 5344 praebent,
1164 5275 1246 5328 vel
1298 5275 1619 5345 diliguntur,
1654 5285 1929 5330 memento
1970 5275 2106 5344 adji-

529 5383 655 5426 cere
690 5367 922 5422 dicendo
973 5367 1301 5438 (cujusmodi
1337 5368 1442 5437 est)
1481 5381 1714 5422 exorsus
1759 5384 1790 5423 a
1838 5370 2104 5439 minimis,

534 5460 584 5517 si
618 5461 814 5531 diligas
843 5461 1032 5525 ollam,
1060 5461 1204 5530 quod
1254 5462 1416 5515 ollam
1447 5460 1662 5532 diligis;
1709 5477 1837 5519 nam
1877 5481 1940 5520 ea
1974 5481 2107 5523 con-

534 5553 706 5609 fracta
731 5571 836 5609 non
869 5552 1306 5623 perturbaberis;
1341 5554 1385 5608 si
1409 5553 1633 5610 filiolum
1659 5565 1811 5611 tuum
1836 5573 2105 5628 perames,

533 5654 631 5704 aut
673 5661 921 5706 uxorem,
958 5645 1106 5715 quod
1150 5646 1424 5700 hominem
1477 5661 1748 5717 peramas,
1780 5667 1902 5706 eum
1953 5667 2106 5706 nam-

540 5741 644 5795 que
666 5730 977 5798 decesserit,
1013 5747 1122 5786 non
1151 5731 1475 5790 turbaberis.

2204 4518 2264 4556 τε
2288 4503 2397 4574 γὰρ
2417 4503 2583 4574 ὀρέγῃ
2603 4502 2713 4558 τῶν
2732 4504 2834 4558 οὐκ
2857 4505 2942 4574 ἐφ’
2965 4506 3096 4577 ἡμῖν
3113 4523 3282 4572 τινος,
3304 4510 3544 4578 ἀτυχεῖν
3568 4509 3787 4574 ἀνάγκη.

2207 4597 2327 4650 Τῶν
2371 4596 2429 4650 δὲ
2472 4597 2558 4668 ἐφ’
2603 4599 2738 4669 ἡμῖν
2786 4599 2911 4653 ὅσον
2959 4599 3248 4672 ὀρέγεσθαι
3295 4601 3473 4654 καλὸν
3524 4603 3691 4656 οὔπω
3729 4617 3798 4652 εει

2206 4687 2439 4758 πάρεστι
2467 4704 2482 4717 ·
2529 4688 2674 4759 μόνῳ
2700 4687 2759 4741 δὲ
2785 4689 2863 4761 τῷ
2889 4691 3088 4763 ὀρμᾷν,
3120 4691 3154 4762 ἢ
3197 4692 3461 4762 ἀφορμᾷν
3499 4692 3649 4763 χρῷ,
3682 4691 3798 4743 και-

2208 4801 2344 4854 φως,
2371 4785 2772 4856 ἀνυπερθέτως,
2801 4787 2896 4841 καὶ
2931 4787 3046 4856 μεθ’
3079 4788 3502 4860 ὑπεξαιρέσεως
3535 4791 3637 4844 καὶ
3665 4791 3795 4842 ἀντὶ·

2209 4896 2404 4950 μενως.

2803 5089 3054 5142 ΚΕΦΑΛ-
3093 5087 3174 5135 δ’.

2291 5175 2408 5247 Ἐφ’
2435 5177 2666 5232 ἑκάστου
2702 5178 2809 5230 τῶν
2838 5171 3334 5245 ψυχαγωγοῦντων,
3362 5168 3398 5240 ἦ
3426 5169 3631 5241 χρείας
3661 5184 3792 5236 πιέ-

2209 5269 2462 5339 εχόντων,
2500 5269 2946 5342 ἢστεργομένων
2985 5266 3232 5337 μέμνησο
3264 5263 3554 5333 ἐπιλέγειν
3596 5264 3792 5334 (ὁποῖὸς

2209 5363 2358 5415 ἐστιν
2391 5363 2500 5425 ᾁπὸ
2530 5363 2638 5417 τῶν
2688 5361 3071 5434 σμικροτάτων
3110 5358 3443 5430 ἀρξάμενος,
3493 5358 3561 5412 ἂν
3595 5360 3792 5427 χύτραν

2209 5455 2487 5528 στέργῃς),
2513 5457 2594 5510 ὄτι
2627 5455 2832 5527 χύτραν
2866 5454 3115 5528 στέργεις
3135 5469 3150 5484 ·
3181 5449 3555 5520 κατεαγείσης
3594 5449 3711 5518 γὰρ
3741 5447 3794 5498 ει

2206 5548 2550 5620 ταραχθήσῃ,
2575 5548 2641 5603 ἂν
2664 5547 2877 5602 παιδίον
2905 5545 3132 5599 σεαυτοῦ
3162 5544 3462 5614 καταφιλῇ,
3486 5543 3522 5614 ἢ
3541 5545 3794 5611 γυναῖκα.

2209 5641 2290 5694 ὅτι
2322 5639 2608 5714 ἄνθρωπον
2639 5641 2979 5709 καταφιλεῖς·
3011 5636 3377 5704 ἀποθανόντος
3407 5637 3520 5707 γὰρ
3549 5635 3615 5689 εὖ
3642 5649 3793 5699 ταρα-

2213 5735 2408 5807 xenon-
