3838 6056
36 302 217 370 1289

669 419 918 474 ΚΕΦΑΛ.
957 418 1034 472 9’.

130 534 319 587 Ὅταν
350 531 617 586 ἅπτεσθαί
638 549 785 596 τινος
810 531 973 602 ἔργου
999 530 1218 604 μέλλῃς,
1251 530 1636 601 ὑπομιμνησκε

40 623 324 689 σεαυτὸν,
372 624 552 677 ὁποῖόν
600 623 654 677 τί
698 624 815 676 ἐστι
860 622 921 676 τὸ
959 623 1143 694 ἔργον·
1193 624 1288 678 ὲὰν
1317 622 1637 692 λουσόμενος

43 713 267 785 ἀπίῃς,
292 712 531 784 πρόϐαλε
582 710 792 782 σεαυτῷ
837 712 908 765 τὰ
935 712 1200 782 γενόμενα
1235 712 1292 767 ὲν
1337 710 1600 782 βαλανείῳ
1621 726 1636 742 ο

44 805 201 867 τοὺς
242 802 690 874 ἀπορῤαίνοντας,
724 802 851 865 τοὺς
882 802 1276 871 ἐνσειομένους,
1307 801 1435 864 τοὺς
1474 800 1641 854 λοιδο-

49 898 332 968 ροῦντας,
364 897 490 960 τοὺς
524 894 874 957 κλέπτοντας,
905 892 998 946 καὶ
1032 892 1203 956 οὕτως
1241 892 1641 962 ἀσφαλέστερον

49 989 188 1060 ἅψῃ
217 986 314 1043 τοῦ
361 987 546 1059 ἔργου,
581 984 646 1041 ἂν
692 984 953 1057 ὲπιλέγῃς
998 984 1182 1049 εὐθὺς,
1229 985 1310 1037 ὅτι
1338 983 1642 1037 Λούσασθαι

48 1078 256 1141 θέλω,
308 1078 401 1131 καὶ
450 1076 550 1146 τὴν
606 1073 843 1143 ἐμαυτοῦ
895 1073 1243 1147 προαίρεσιν,
1296 1073 1437 1129 κατὰ
1483 1070 1643 1141 φύσιν

50 1168 308 1241 ἔχουσαν
334 1169 590 1240 τηρῆσαι,
624 1166 685 1220 ού
710 1166 935 1237 τηρήσω
959 1164 1034 1230 δὲ,
1064 1165 1158 1217 ἐὰν
1190 1163 1482 1233 ἀγανακτῶ
1508 1162 1645 1233 πρὸς

52 1263 130 1316 τὰ
162 1261 451 1332 γινόμενα.

688 1371 940 1428 ΚΕΦΑΛ.
982 1369 1036 1423 1⁸.

136 1488 425 1559 Ταράσσει
457 1487 585 1550 τοὺς
618 1485 939 1555 ἀνθρώπους
967 1485 1027 1540 ού
1058 1484 1126 1538 τὰ
1155 1484 1475 1555 πράγματα,
1512 1480 1648 1537 ἀλλὰ

56 1582 134 1635 τὰ
184 1582 320 1655 περὶ
346 1580 455 1634 τῶν
488 1578 834 1651 πραγμάτων
871 1578 1117 1648 δόγματα
1139 1593 1152 1605 ·
1203 1571 1313 1629 οἷον
1348 1576 1378 1628 6
1421 1573 1647 1640 θάνατος

57 1676 127 1726 οὺ
160 1673 358 1735 δεινὸν,
395 1671 518 1724 ἐπεὶ
564 1670 659 1723 καὶ
706 1670 984 1742 Σωκράτει
1024 1670 1090 1724 ἂν
1118 1668 1387 1737 ἐφαίνετο,
1432 1666 1567 1724 ἀλλὰ
1589 1666 1650 1720 τὸ

1298 299 1641 362 EPICTETI
1689 300 2067 362 MANUALE-

1660 425 1708 482 A

3156 301 3291 370 1290

2330 416 2553 474 CAPUT
2591 418 2681 473 IX.

1808 528 2035 595 Quando
2076 543 2429 600 aggressurus
2475 546 2535 585 es
2582 529 2801 600 aliquod
2833 545 2988 601 opus,
3037 533 3093 590 in
3143 545 3293 591 tuam

1738 634 1931 675 revoca
1976 632 2228 683 mentem,
2272 621 2432 689 quale
2469 621 2541 675 sit
2586 621 2694 675 tale
2741 635 2914 691 opus:
2943 622 2988 678 si
3034 624 3295 683 lavandus

1740 710 1958 777 abieris,
1988 710 2085 765 tibi
2120 710 2221 780 ipsi
2262 724 2521 778 propone,
2548 725 2668 779 quae
2697 710 2833 764 liuut
2856 710 2909 763 in
2942 710 3165 777 balneo;
3197 713 3297 768 hos

1740 800 1997 854 nimirum
2019 811 2388 870 aspergentes,
2417 800 2540 855 illos
2570 799 2890 871 inﬂigentes,
2926 800 3026 855 hos
3054 804 3299 859 convicia

1736 890 2025 962 iacientes,
2074 889 2195 945 illos
2243 889 2505 955 furantes,
2558 900 2613 945 et
2664 892 2745 945 sic
2784 907 2921 960 opus
2971 896 3299 963 aggredieris

1744 980 2016 1045 securius,
2066 981 2109 1034 si
2149 982 2327 1034 statim
2360 980 2633 1035 addideris
2654 981 2901 1048 dicendo,
2930 984 3073 1053 quod
3105 983 3300 1042 Lavari

1742 1072 1904 1143 330
1930 1070 2146 1141 quidem
2176 1072 2313 1135 volo,
2348 1081 2401 1125 et
2438 1087 2655 1126 scrvare
2683 1086 2900 1142 quoque
2931 1088 3131 1139 meum,
3159 1077 3303 1149 quod

1746 1170 1955 1215 natura?
1980 1161 2249 1232 congruit,
2283 1162 2651 1230 propositum;
2685 1178 2790 1214 non
2820 1162 3120 1220 observabo
3154 1183 3301 1235 vero,

1746 1253 1793 1307 si
1823 1253 1890 1307 ad
1918 1268 1982 1308 ea
2011 1269 2130 1324 qua:
2160 1254 2313 1320 ﬁunt,
2345 1253 2781 1324 indignabundus
2807 1255 3027 1313 irascar.

2357 1366 2585 1424 CAPUT
2625 1369 2692 1425 Χ.

1821 1478 2066 1534 Turbant
2092 1480 2338 1535 homines
2373 1496 2479 1536 non
2506 1496 2593 1538 res
2624 1482 2773 1552 ipsae.
2805 1492 2861 1536 at
2882 1484 2947 1538 de
2979 1484 3140 1538 rebus
3174 1484 3309 1553 ipsis

1750 1571 2035 1641 opiniones
2068 1587 2254 1631 :mors
2300 1574 2550 1630 videlicet
2593 1591 2699 1629 non
2748 1585 2832 1630 est
2874 1576 3079 1645 aliquid
3122 1592 3305 1645 grave.

1752 1666 1990 1736 alioquin
2019 1674 2072 1721 et
2096 1663 2305 1720 Socrati
2329 1665 2503 1721 visum
2534 1677 2699 1733 esset,
2736 1667 2831 1722 sed
2856 1669 3062 1738 opinio,
3096 1684 3219 1737 qua:
3242 1669 3312 1721 de

57 1763 255 1833 δόγμα
300 1764 360 1816 τὸ
406 1762 536 1835 περὶ
578 1760 673 1813 τοῦ
726 1760 956 1817 θανάτου
1002 1760 1137 1815 διότι
1182 1758 1385 1813 δεινόν’
1439 1759 1554 1812 ἐκεῖ
1590 1758 1650 1811 τὸ

1767 1767 1928 1812 norte
1972 1757 2290 1826 concipitur,
2327 1758 2472 1827 quod
2518 1773 2580 1813 ea
2628 1775 2790 1827 grave
2838 1760 2967 1830 quid
3011 1768 3127 1824 est;
3181 1766 3313 1815 timo

57 1854 249 1907 δεινόν
281 1857 446 1907 ἐστιν.
487 1851 655 1907 Ὅταν
699 1846 792 1906 οὖν
839 1849 1276 1921 ἑμποδιζώμεθα,
1307 1847 1340 1919 ἣ
1375 1847 1652 1918 ταραττὼ-

62 1947 244 2016 μεθα,
286 1947 318 2015 ἦ
358 1942 675 2014 λυπὼμεθα,
737 1942 1003 2013 μηδέποτε
1037 1940 1194 1997 ἄλλον
1232 1940 1437 2011 μηδένα
1467 1937 1650 1993 αἰτιώ-

65 2036 242 2106 μεθα,
294 2034 406 2088 ἀλλ’
448 2032 674 2096 ἑαυτοὺς
715 2030 860 2085 τοῦτ’
894 2031 1009 2083 ἐστι
1047 2030 1117 2083 τὰ
1141 2029 1346 2083 ἑαυτῶν
1387 2029 1649 2101 δόγματα,

59 2128 400 2182 ἐ-παιδεύτου
448 2127 605 2198 ἔργον
657 2125 719 2179 τὸ
768 2125 913 2194 ἄλλῳ
972 2121 1223 2190 ἐγκαλεῖν
1252 2120 1337 2191 ἐφ’
1363 2117 1443 2183 οἷς
1491 2121 1653 2185 αὐτὸς

66 2218 315 2290 πράττει
371 2216 556 2280 κακῶς
605 2216 880 2289 ἠργμένου
929 2212 1276 2271 παιδεύεσθαι
1316 2212 1375 2265 τὸ
1440 2212 1648 2283 ἐαυτῷ,

64 2310 509 2378 πεπαιδευμένου
549 2309 609 2361 τὸ
643 2311 779 2380 μήτε
810 2307 952 2377 ἄλλῳ
999 2308 1137 2378 μήτε
1164 2304 1359 2377 ἑαυτῷ.

679 2598 933 2652 ΚΕΦΑΛ.
973 2596 1079 2653 IA'.

159 2712 370 2782 Μηδενὶ
419 2710 662 2783 ὲπαρθῇς
723 2710 991 2782 ἀλλοτρίῳ
1045 2710 1441 2782 προτερήματι.
1513 2711 1574 2764 Ei
1620 2712 1648 2764 6

69 2805 247 2869 ἵππος
286 2806 668 2877 ἐπαιρόμενος,
720 2804 927 2873 ἔλεγεν,
974 2804 1057 2860 ὅτι
1085 2803 1263 2868 Καλός
1306 2806 1443 2875 εἰμι,
1479 2804 1653 2859 οἰστὸν

69 2896 142 2953 ἂν
185 2895 276 2968 ἦν.
325 2901 398 2952 Σὺ
443 2898 500 2951 δὲ
543 2901 670 2952 ὃταν
714 2897 897 2966 λέγεις
935 2897 1318 2969 ἐπαιρόμενος,
1352 2897 1433 2949 δτι
1458 2896 1653 2951 Ἵππον

71 2991 243 3044 καλὸν
279 2990 405 3061 ἔχω,
435 2989 544 3044 ῐσθι
577 2991 658 3043 δτι
685 2992 777 3043 ἐπὶ
805 2989 959 3059 ἵππῳ
984 2988 1172 3060 ἀγαθῷ
1205 2988 1430 3060 ἐπαίρῃ.
1469 2990 1513 3041 Τ
1519 2989 1536 3041 ι
1562 2985 1654 3042 οὖν

72 3081 196 3134 ἐστι
224 3082 343 3148 σόν,
372 3083 578 3154 Χρῆσις
619 3083 949 3152 φαντασιῶν.
1013 3084 1181 3136 Ὅταν
1219 3077 1312 3134 οὖν
1359 3083 1417 3135 ὲν
1463 3083 1655 3154 χρήσει

74 3174 389 3241 φαντασιῶν
444 3175 585 3230 κατὰ
643 3174 806 3242 φύσιν
857 3175 1020 3249 ἔχῃς,
1072 3173 1376 3245 τηνικαῦτα
1423 3174 1656 3243 εὐλόγως

72 3264 365 3336 ἐπαρθήσῃ
397 3282 409 3294 ·
460 3266 581 3322 τότε
611 3267 719 3338 γὰρ
750 3268 843 3321 ἐπὶ
874 3267 952 3338 σῷ
979 3284 1082 3322 τινι
1122 3266 1310 3338 ἀγαθῷ
1347 3267 1653 3341 ἐπαρθήσῃ.

1752 1850 1949 1904 etenim
1977 1850 2193 1904 exsistit
2224 1851 2351 1919 quid
2397 1866 2580 1920 grave.
2612 1849 2840 1916 Quando
2879 1852 3045 1922 igitur
3082 1851 3312 1922 impedi.

1753 1958 1893 2008 mur,
1926 1950 2018 1996 aut
2042 1941 2441 2010 perturbamur,
2466 1942 2549 1996 vel
2588 1942 2855 2007 dolemus,
2884 1944 3194 1997 nullatenus
3224 1958 3316 2000 θος

1752 2048 2004 2088 cusemus
2034 2034 2197 2087 alium
2237 2048 2587 2103 quemquam,
2628 2035 2718 2088 sed
2755 2034 3028 2104 uosipsos,
3060 2034 3162 2089 hoc
3200 2043 3307 2098 est,

1752 2132 1968 2178 nostras
2012 2125 2155 2194 ipsas
2206 2124 2540 2193 opiniones:
2575 2124 2812 2180 hominis
2866 2126 3062 2196 quippe
3114 2123 3318 2182 indocti

1750 2224 1834 2268 est
1866 2213 2029 2276 actio,
2076 2214 2302 2269 alterum
2341 2216 2621 2271 criminari
2662 2216 2715 2269 in
2755 2216 2858 2278 his,
2885 2231 3006 2284 qute
3050 2215 3166 2284 ipse
3214 2215 3320 2271 im-

1751 2306 1920 2375 probe
1954 2315 2131 2375 patrat
2163 2324 2175 2358 :
2206 2306 2535 2376 incipientis,
2562 2309 2828 2379 castigare
2876 2308 2950 2373 id,
2982 2308 3049 2362 de
3085 2323 3198 2378 quo
3229 2322 3318 2364 re-

1754 2398 2154 2466 prehenditur;
2205 2398 2426 2462 eruditi,
2475 2415 2649 2473 neque
2698 2399 2950 2463 alterum,
3004 2415 3179 2471 neque
3229 2415 3316 2454 se-

1754 2491 1930 2561 ipsum
1961 2491 2031 2544 im
2039 2492 2203 2561 proba
2214 2507 2289 2547 re.

2353 2603 2580 2660 CAPUT
2625 2604 2714 2659 XI.

1823 2717 2036 2774 Nullam
2063 2721 2133 2775 ob
2161 2722 2597 2777 commoditatem
2634 2722 2925 2793 potiorem,
2962 2739 3084 2793 qua:
3123 2724 3176 2779 in
3217 2725 3326 2784 alio

1754 2807 1834 2872 lit,
1864 2806 2129 2865 eiieraris.
2163 2809 2219 2863 Si
2246 2814 2443 2866 etenim
2485 2828 2679 2881 equus,
2715 2813 2839 2867 dum
2884 2814 3148 2884 superbit,
3179 2815 3327 2869 dice.

1754 2907 1857 2964 ret,
1887 2901 2032 2969 quod
2055 2900 2284 2955 Pulcher
2314 2917 2459 2964 sum,
2489 2902 2768 2960 ferendum
2807 2906 3022 2974 quidem
3046 2916 3213 2961 esset.
3244 2905 3327 2966 Tu

1755 3002 1936 3047 autem
1989 3008 2113 3048 cum
2166 2994 2339 3051 elatus
2386 2995 2666 3064 jactautia,
2726 2998 2885 3065 dicis,
2935 2999 3080 3069 quod
3114 2998 3326 3071 Equum

1717 3088 2041 3157 ,pulchrum
2100 3087 2296 3151 habeo,
2352 3089 2514 3155 scias,
2563 3089 2706 3158 quod
2747 3090 2817 3144 ob
2871 3106 3073 3161 equum
3124 3092 3328 3151 bonum

1761 3178 2149 3248 gloriabundus
2176 3179 2449 3234 extolleris
2477 3197 2490 3232 :
2520 3181 2648 3253 quid
2677 3181 2839 3251 igitur
2866 3190 3018 3236 tuum
3037 3183 3158 3238 est?
3189 3184 3333 3241 Usus

1762 3269 2017 3325 nimirum
2060 3270 2509 3343 imaginationum
2533 3314 2545 3327 .
2573 3270 2720 3326 Cum
2754 3286 2884 3342 ergo
2911 3273 2965 3327 in
3006 3289 3104 3331 usu
3141 3274 3334 3346 imagiv

74 3359 364 3413 nationum
392 3361 709 3415 naturaliter
740 3371 792 3416 te
858 3362 1113 3432 gesseris,
1179 3370 1291 3416 tum
1331 3362 1610 3417 extolleris
1672 3364 2105 3432 rationabiliter;
2156 3373 2289 3419 tunc
2347 3381 2540 3437 nempe
2578 3366 2645 3420 de
2687 3366 2871 3436 aliquo
2919 3375 3014 3424 tuo
3037 3367 3181 3425 bono
3207 3370 3334 3428 eire-

72 3457 241 3511 'eris.

675 3574 927 3628 ΚΕΦΑΛ.
970 3574 1067 3627 IB'.

146 3695 418 3765 Καθάπερ
465 3694 522 3746 ὲν
564 3689 685 3760 πλῷ
723 3688 817 3742 τοῦ
856 3687 1042 3741 πλοίοῦ
1089 3685 1568 3758 καθορμισθέντος,
1608 3687 1657 3739 εἱ

74 3787 315 3856 ἑξέλθοις
345 3782 728 3857 ὑδρεύσασθαι,
773 3780 893 3833 ὁδοῦ
925 3779 1223 3849 πάρεργον,
1256 3778 1353 3833 καὶ
1392 3777 1658 3849 κοχλίδιον

74 3879 359 3944 ἁναλέξαι,
408 3879 499 3930 καὶ
540 3875 848 3946 βολὸάριον,
887 3870 1150 3927 τετάσθαι
1188 3870 1269 3923 δεῖ
1295 3869 1392 3941 τὴν
1422 3870 1658 3924 διάνοιαν

74 3974 171 4026 ἐπὶ
204 3972 266 4024 τὸ
301 3971 503 4032 πλοῖον,
548 3967 643 4024 καὶ
679 3964 917 4036 συνεχῶς
963 3962 1410 4034 ἐπιστρέφεσθαι,
1455 3964 1585 4034 μήτι
1631 3965 1660 4016 6

74 4054 421 4135 κυϐερνήτης
451 4061 624 4123 καλεῖ,
641 4059 745 4112 κᾶν
770 4057 974 4130 καλέσῃ
1009 4056 1184 4113 πάντα
1209 4057 1393 4109 ἐκεῖνα
1418 4056 1657 4123 ἀφιέναι,

80 4157 167 4212 ἶνα
219 4158 294 4228 μὴ
333 4155 610 4225 δεδεμένος
649 4150 927 4222 ὲμδληθῇς
975 4150 1050 4212 ῶς
1094 4149 1161 4202 τὰ
1207 4148 1478 4219 πρόϐατα,
1519 4146 1660 4201 οὕτω

83 4242 181 4294 καὶ
221 4250 276 4301 ἰν
306 4246 385 4317 τῷ
426 4246 526 4316 βίῳ
565 4245 659 4299 ἐὰν
684 4242 899 4296 διδῶται
938 4241 1059 4295 ἀντὶ
1089 4238 1377 4311 κοχλιδίου,
1410 4238 1504 4291 καὶ
1544 4236 1660 4309 βολ-

85 4334 306 4405 ϐαρίου,
363 4337 741 4408 γυναικάριον,
784 4334 879 4387 καὶ
925 4331 1159 4396 παιδίον,
1206 4331 1358 4384 οὐδὲν
1400 4328 1654 4385 κωλύσει.

98 4427 230 4482 Ἐὰν
262 4427 320 4479 δὲ
344 4427 372 4478 6
400 4431 733 4499 κυοςρνήτης
777 4425 1006 4497 καλέσῃ,
1034 4424 1195 4497 τρέχε
1223 4423 1317 4476 ἐπὶ
1359 4421 1420 4475 τὸ
1456 4422 1655 4486 πλοῖον,

86 4520 251 4589 ἀφεὶς
297 4518 501 4576 ἐκεῖνα,
539 4519 671 4585 μηδὲ
701 4516 1163 4587 ἐπιστρεφόμενος
1188 4530 1201 4543 ·
1239 4513 1333 4567 ἐὰν
1385 4513 1443 4567 δὲ
1483 4512 1660 4583 γέρων

86 4609 178 4689 ᾖς,
205 4609 339 4683 μηδὲ
369 4607 688 4679 ἀπαλλαγῇς
712 4627 842 4663 ποτε
868 4607 962 4662 τοῦ
987 4608 1169 4661 πλοίου
1197 4605 1432 4678 μακρὰν,
1454 4606 1661 4677 μήποτε

80 4706 259 4781 ,καλού
267 4720 425 4777 μενος
454 4702 678 4776 tum;

671 4815 924 4869 ΚΕΦΑΛ.
966 4813 1063 4869 ΙΓ’.

155 4932 252 5004 Μὴ
281 4930 434 5003 ζήτει
461 4927 531 4982 τὰ
567 4927 831 4998 γινόμενα
875 4925 1124 4996 γίνεσθαι
1163 4924 1240 4990 ὡς
1283 4923 1479 4988 θέλεις,
1521 4922 1661 4981 ἀλλὰ

89 5028 210 5081 θέλε
240 5024 312 5078 τὰ
355 5021 615 5093 γινόμενα
663 5017 909 5088 γίνεσθαι
941 5017 1018 5079 ὡς
1062 5018 1297 5087 γίνεται,
1344 5017 1440 5070 καὶ
1483 5015 1662 5071 εὐδαι-

93 5120 352 5191 μονήσεις
372 5132 388 5148 ο
436 5114 591 5177 νόσος
629 5110 882 5181 σώματός
912 5112 1058 5164 ἐστιν
1087 5110 1366 5180 ἐμπόδιον,
1400 5108 1664 5180 προαιρέ-

93 5225 231 5271 σεως
251 5207 407 5273 δὲοῦ,
435 5203 531 5258 ἐὰν
556 5201 631 5275 μὴ
654 5200 792 5272 αύτὴ
819 5200 984 5255 θέλειο
1015 5200 1241 5270 χύλωσις
1270 5198 1495 5263 σκέλους
1515 5200 1665 5255 ἐστὶν

95 5298 377 5371 ἐμπόδιον,
411 5296 502 5349 σδν
531 5294 589 5348 δὲ
624 5292 708 5347 οὖ.
1129 5322 1135 5331 ι

690 5491 942 5547 ΚΕΦΑΛ.
981 5490 1079 5543 ΙΔ’.

177 5612 296 5685 Ἐφ’
328 5608 559 5665 ἑκάστου
602 5603 711 5658 τῶν
755 5582 1204 5673 προσπιπτόντων
1247 5603 1494 5675 μέμνησο
1542 5603 1665 5656 ἑπι-

101 5709 346 5783 στρέφων
398 5701 494 5756 ἐπὶ
544 5696 769 5753 σεαυτὸν
819 5693 1034 5758 ζητεῖν,
1079 5690 1200 5747 τίνα
1250 5691 1477 5765 δύναμιν
1527 5695 1668 5766 ἔχεις

401 5802 665 5861 Parnm“
697 5795 810 5855 Gn.
846 5791 1125 5852 LXXIX.

1695 4849 1741 4904 D

2211 3586 2215 3591 υ
2252 3571 2409 3643 331
2444 3570 2672 3627 CAPUT
2722 3570 2836 3631 xu.

1833 3686 2301 3754 Quemadmodum
2343 3688 2396 3740 in
2447 3686 2788 3757 navigatione
2837 3684 3108 3742 subducto
3137 3688 3192 3743 in
3224 3698 3337 3745 sta-

1765 3780 1965 3835 tionem
2002 3780 2235 3851 navigio,
2272 3781 2315 3834 si
2351 3795 2511 3833 exeas
2537 3792 2819 3848 aquatum.
2847 3790 2899 3833 et
2926 3780 2992 3833 ad
3028 3780 3338 3853 buibulum,

1764 3871 2184 3943 cochleolasquc
2226 3870 2577 3941 colligendas,
2611 3870 2757 3940 quod
2799 3876 2883 3925 est
2924 3881 3119 3941 printer
3149 3884 3337 3927 susce-

1764 3972 1914 4032 ptum
1945 3964 2044 4018 viae
2066 3977 2232 4033 opus,
2265 3977 2419 4016 mens
2450 3969 2661 4031 oportet
2706 3971 2765 4017 ut
2805 3962 2876 4016 sit
2905 3961 3116 4018 intensa
3146 3962 3215 4021 ad
3242 3978 3340 4020 na.

1764 4055 1991 4125 vigium,
2033 4064 2088 4110 et
2118 4054 2309 4110 crebro
2336 4054 2599 4118 converti,
2630 4069 2757 4108 num
2801 4055 3131 4125 gubernator
3158 4063 3336 4122 vocet,

1765 4156 1819 4201 et
1865 4148 1910 4201 si
1957 4147 2252 4211 vocaverit,
2303 4147 2487 4201 omnia
2532 4146 2625 4201 illa
2678 4146 2982 4213 dimittere,
3018 4162 3086 4203 ne
3121 4146 3339 4205 vinctus

1766 4239 2041 4309 dejiciaris
2089 4239 2264 4294 instar
2316 4255 2617 4309 pecorum;
2661 4239 2741 4294 sic
2794 4240 2958 4296 etiam
3008 4239 3062 4296 in
3107 4240 3239 4307 vita,
3291 4241 3337 4299 si

1765 4332 1966 4389 dentur
1992 4332 2110 4386 vice
2138 4331 2461 4404 cochleolae,
2479 4341 2533 4387 et
2552 4332 2782 4398 bulbuli,
2812 4333 3095 4396 uxorcula,
3121 4342 3177 4389 et
3203 4346 3339 4403 pue-

1767 4424 1943 4487 rulus,
1983 4422 2119 4476 nihil
2152 4421 2481 4491 impedient;
2510 4421 2557 4477 si
2601 4438 2731 4476 vero
2757 4422 3087 4492 gubernator
3108 4436 3311 4477 vocave

1768 4515 1858 4577 rit,
1898 4528 2056 4568 curre
2106 4511 2175 4566 ad
2226 4510 2522 4582 navigium,
2577 4510 2857 4569 dimittens
2910 4511 3117 4577 omnia,
3166 4527 3343 4582 neque

1768 4604 2140 4671 convertaris;
2181 4605 2324 4676 quod
2348 4605 2393 4659 si
2433 4604 2601 4660 fueris
2634 4619 2821 4671 senex,
2846 4619 2914 4659 ne
2948 4619 3189 4675 unquam
3226 4605 3342 4659 dis-

1769 4698 2003 4754 cesseris
2034 4713 2065 4752 a
2101 4696 2334 4767 navigio,
2364 4712 2429 4751 ne
2462 4696 2600 4752 forte
2634 4695 2804 4761 desis,
2834 4695 2965 4753 dum
2995 4696 3228 4758 vocaris.

2351 4810 2579 4867 CAPUT
2619 4810 2755 4869 Xlll.

1837 4929 1917 4987 Ne
1960 4944 2193 5001 queres,
2252 4936 2313 4982 ut
2352 4941 2437 4990 ea,
2489 4940 2611 4996 quae
2660 4924 2933 4991 accidunt,
2973 4922 3227 4979 eveniant
3270 4922 3347 4976 uti

1767 5026 1873 5093 vis,
1904 5025 1998 5082 sed
2036 5030 2325 5079 contentus
2372 5020 2469 5083 sis,
2504 5027 2563 5072 ut
2590 5034 2711 5088 qum
2740 5019 3067 5089 contingunt
3097 5016 3249 5080 ﬁant,
3290 5023 3351 5070 ut

1768 5118 2048 5183 eveniunt,
2081 5116 2270 5186 sicque
2303 5113 2448 5168 vives
2474 5111 2629 5167 beate
2658 5130 2673 5167 :
2710 5112 2956 5178 morbus,
2992 5109 3239 5181 corporis
3268 5117 3352 5163 est

1772 5211 2256 5282 impedimentum,
2311 5205 2575 5277 propositi
2624 5219 2757 5261 vero
2804 5217 3186 5274 nequaquam,
3244 5198 3352 5256 nisi

1774 5304 1905 5360 velit
1931 5304 2104 5372 ipsum
2141 5320 2155 5358 :
2185 5299 2532 5359 claudicatio.
2559 5297 2740 5355 cruris
2769 5308 2855 5355 est
2877 5295 3347 5367 impedimentum,

1777 5412 1885 5452 non
1919 5410 2047 5449 vero
2075 5392 2175 5451 tui.

2362 5502 2591 5559 CAPUT
2631 5500 2769 5573 xlv.
3234 5532 3245 5537 η

1847 5599 1903 5654 ln
1952 5611 2281 5669 unoquoque
2332 5587 2761 5651 occurrentium,
2812 5594 3109 5638 conversus
3150 5579 3215 5634 ad
3266 5588 3345 5633 te-

1778 5694 1979 5763 ipsum,
2012 5696 2284 5744 memento
2308 5697 2552 5755 quaerere
2583 5693 2744 5753 quam
2770 5675 3024 5732 virtutem
3056 5671 3258 5729 habeas
3279 5677 3345 5727 ad

3037 5766 3103 5833 41
