  <div class='ocr_page' id='page_1' title='image "/cluster/home/n/w/nwhite01/storage/ocr_20150623/79/hvd.32044010610517/653.png"; bbox 0 0 3838 6056; ppageno 0'>
   <div class='ocr_carea' id='block_1_1' title="bbox 496 369 623 437">
    <p class='ocr_par' dir='ltr' id='par_1_1' title="bbox 496 369 623 437">
     <span class='ocr_line' id='line_1_1' title="bbox 496 369 623 437; baseline -0.008 -1"><span class='ocrx_word' id='word_1_1' title='bbox 496 369 623 437; x_wconf 70' lang='lat'><strong>1201</strong></span> 
     </span>
    </p>
   </div>
   <div class='ocr_carea' id='block_1_2' title="bbox 1964 342 2263 408">
    <p class='ocr_par' dir='ltr' id='par_1_2' title="bbox 1964 342 2263 408">
     <span class='ocr_line' id='line_1_2' title="bbox 1964 342 2263 408; baseline -0.017 0"><span class='ocrx_word' id='word_1_2' title='bbox 1964 342 2263 408; x_wconf 83' lang='lat' dir='ltr'><strong>SPURIA.</strong></span> 
     </span>
    </p>
   </div>
   <div class='ocr_carea' id='block_1_3' title="bbox 3624 324 3751 394">
    <p class='ocr_par' dir='ltr' id='par_1_3' title="bbox 3624 324 3751 394">
     <span class='ocr_line' id='line_1_3' title="bbox 3624 324 3751 394; baseline -0.016 1"><span class='ocrx_word' id='word_1_3' title='bbox 3624 324 3751 394; x_wconf 59' lang='lat' dir='ltr'><strong>tm</strong></span> 
     </span>
    </p>
   </div>
   <div class='ocr_carea' id='block_1_4' title="bbox 494 440 2097 551">
    <p class='ocr_par' dir='ltr' id='par_1_4' title="bbox 494 464 2097 551">
     <span class='ocr_line' id='line_1_4' title="bbox 494 464 2097 551; baseline -0.014 -11"><span class='ocrx_word' id='word_1_4' title='bbox 494 501 649 540; x_wconf 77' lang='lat' dir='ltr'><strong>usum</strong></span> <span class='ocrx_word' id='word_1_5' title='bbox 692 480 902 551; x_wconf 81' lang='lat' dir='ltr'><strong>ipsius;</strong></span> <span class='ocrx_word' id='word_1_6' title='bbox 949 476 995 533; x_wconf 87' lang='lat' dir='ltr'><strong>si</strong></span> <span class='ocrx_word' id='word_1_7' title='bbox 1032 473 1329 531; x_wconf 79' lang='lat' dir='ltr'><strong>formosum</strong></span> <span class='ocrx_word' id='word_1_8' title='bbox 1364 472 1568 533; x_wconf 81' lang='lat' dir='ltr'><strong>videas,</strong></span> <span class='ocrx_word' id='word_1_9' title='bbox 1611 475 1703 522; x_wconf 93' lang='lat' dir='ltr'><strong>aut</strong></span> <span class='ocrx_word' id='word_1_10' title='bbox 1736 464 2097 524; x_wconf 68' lang='lat' dir='ltr'><strong>formosam,l</strong></span> 
     </span>
    </p>
   </div>
   <div class='ocr_carea' id='block_1_5' title="bbox 2211 440 3739 551">
    <p class='ocr_par' dir='ltr' id='par_1_5' title="bbox 2211 440 3739 546">
     <span class='ocr_line' id='line_1_5' title="bbox 2211 440 3739 546; baseline -0.023 -20"><span class='ocrx_word' id='word_1_11' title='bbox 2211 473 2296 546; x_wconf 85' lang='grc' dir='ltr'><strong>ρδς</strong></span> <span class='ocrx_word' id='word_1_12' title='bbox 2320 467 2419 541; x_wconf 78' lang='grc' dir='ltr'><strong>τὴν</strong></span> <span class='ocrx_word' id='word_1_13' title='bbox 2452 464 2650 538; x_wconf 85' lang='grc' dir='ltr'>χρῆσιν</span> <span class='ocrx_word' id='word_1_14' title='bbox 2680 456 2846 515; x_wconf 78' lang='grc' dir='ltr'>αυτοῦ</span> <span class='ocrx_word' id='word_1_15' title='bbox 2866 470 2879 485; x_wconf 76' lang='grc' dir='ltr'><strong>ο</strong></span> <span class='ocrx_word' id='word_1_16' title='bbox 2925 455 2991 510; x_wconf 80' lang='grc' dir='ltr'><strong>ἂν</strong></span> <span class='ocrx_word' id='word_1_17' title='bbox 3020 451 3182 507; x_wconf 71' lang='grc' dir='ltr'>καλὸν</span> <span class='ocrx_word' id='word_1_18' title='bbox 3214 449 3334 519; x_wconf 78' lang='grc' dir='ltr'>ῑδῃς</span> <span class='ocrx_word' id='word_1_19' title='bbox 3365 446 3401 515; x_wconf 73' lang='grc' dir='ltr'>ἢ</span> <span class='ocrx_word' id='word_1_20' title='bbox 3433 440 3642 511; x_wconf 75' lang='grc' dir='ltr'>καλὴν,</span> <span class='ocrx_word' id='word_1_21' title='bbox 3668 442 3739 492; x_wconf 55' lang='grc' dir='ltr'><strong>εἶν</strong></span> 
     </span>
    </p>
   </div>
   <div class='ocr_carea' id='block_1_6' title="bbox 492 536 2097 645">
    <p class='ocr_par' dir='ltr' id='par_1_6' title="bbox 492 552 2057 645">
     <span class='ocr_line' id='line_1_6' title="bbox 492 552 2057 645; baseline -0.016 -13"><span class='ocrx_word' id='word_1_22' title='bbox 492 574 792 645; x_wconf 87' lang='lat' dir='ltr'><strong>comperies</strong></span> <span class='ocrx_word' id='word_1_23' title='bbox 836 572 1088 626; x_wconf 86' lang='lat' dir='ltr'><strong>virtutem</strong></span> <span class='ocrx_word' id='word_1_24' title='bbox 1139 574 1327 622; x_wconf 86' lang='lat' dir='ltr'><strong>contra</strong></span> <span class='ocrx_word' id='word_1_25' title='bbox 1374 564 1475 619; x_wconf 89' lang='lat' dir='ltr'><strong>ista</strong></span> <span class='ocrx_word' id='word_1_26' title='bbox 1517 557 1968 631; x_wconf 73' lang='lat' dir='ltr'><strong>temperantiam;</strong></span> <span class='ocrx_word' id='word_1_27' title='bbox 2010 552 2057 608; x_wconf 92' lang='lat' dir='ltr'><strong>si</strong></span> 
     </span>
    </p>
   </div>
   <div class='ocr_carea' id='block_1_7' title="bbox 2211 536 3749 645">
    <p class='ocr_par' dir='ltr' id='par_1_7' title="bbox 2211 536 3749 636">
     <span class='ocr_line' id='line_1_7' title="bbox 2211 536 3749 636; baseline -0.023 -18"><span class='ocrx_word' id='word_1_28' title='bbox 2211 536 2355 636; x_wconf 61' lang='grc' dir='ltr'>ἧσεις</span> <span class='ocrx_word' id='word_1_29' title='bbox 2376 536 2632 629; x_wconf 76' lang='grc' dir='ltr'>δύναμιν,</span> <span class='ocrx_word' id='word_1_30' title='bbox 2669 553 2805 625; x_wconf 83' lang='grc' dir='ltr'>πρὸς</span> <span class='ocrx_word' id='word_1_31' title='bbox 2838 549 3009 604; x_wconf 82' lang='grc' dir='ltr'>ταῦτα</span> <span class='ocrx_word' id='word_1_32' title='bbox 3036 542 3401 616; x_wconf 72' lang='grc' dir='ltr'><strong>ἐγκράτειαν⁸</strong></span> <span class='ocrx_word' id='word_1_33' title='bbox 3456 537 3562 589; x_wconf 72' lang='grc' dir='ltr'><strong>ἐὰν</strong></span> <span class='ocrx_word' id='word_1_34' title='bbox 3594 536 3749 597; x_wconf 59' lang='grc' dir='ltr'>πόνος</span> 
     </span>
    </p>
   </div>
   <div class='ocr_carea' id='block_1_8' title="bbox 495 647 2062 734">
    <p class='ocr_par' dir='ltr' id='par_1_8' title="bbox 495 647 2062 734">
     <span class='ocr_line' id='line_1_8' title="bbox 495 647 2062 734; baseline -0.015 -10"><span class='ocrx_word' id='word_1_35' title='bbox 495 670 760 734; x_wconf 81' lang='lat' dir='ltr'><strong>inferatur</strong></span> <span class='ocrx_word' id='word_1_36' title='bbox 792 665 964 730; x_wconf 82' lang='lat' dir='ltr'><strong>labor,</strong></span> <span class='ocrx_word' id='word_1_37' title='bbox 1000 662 1242 717; x_wconf 81' lang='lat' dir='ltr'><strong>invenies</strong></span> <span class='ocrx_word' id='word_1_38' title='bbox 1270 656 1629 715; x_wconf 89' lang='lat' dir='ltr'><strong>constantiam</strong></span> <span class='ocrx_word' id='word_1_39' title='bbox 1649 694 1663 718; x_wconf 92' lang='lat'><strong>,</strong></span> <span class='ocrx_word' id='word_1_40' title='bbox 1698 661 1752 706; x_wconf 92' lang='lat' dir='ltr'><strong>et</strong></span> <span class='ocrx_word' id='word_1_41' title='bbox 1793 651 1841 706; x_wconf 89' lang='lat' dir='ltr'><strong>si</strong></span> <span class='ocrx_word' id='word_1_42' title='bbox 1871 647 2062 705; x_wconf 87' lang='lat' dir='ltr'><strong>convi-</strong></span> 
     </span>
    </p>
   </div>
   <div class='ocr_carea' id='block_1_9' title="bbox 493 741 2060 829">
    <p class='ocr_par' dir='ltr' id='par_1_9' title="bbox 493 741 2060 829">
     <span class='ocr_line' id='line_1_9' title="bbox 493 741 2060 829; baseline -0.015 -11"><span class='ocrx_word' id='word_1_43' title='bbox 493 763 664 825; x_wconf 87' lang='lat' dir='ltr'><strong>cium,</strong></span> <span class='ocrx_word' id='word_1_44' title='bbox 711 758 948 829; x_wconf 82' lang='lat' dir='ltr'><strong>reperies</strong></span> <span class='ocrx_word' id='word_1_45' title='bbox 992 754 1331 811; x_wconf 83' lang='lat' dir='ltr'><strong>tolerantiam</strong></span> <span class='ocrx_word' id='word_1_46' title='bbox 1365 768 1379 805; x_wconf 91' lang='lat'><strong>:</strong></span> <span class='ocrx_word' id='word_1_47' title='bbox 1413 762 1646 817; x_wconf 88' lang='lat' dir='ltr'><strong>cumque</strong></span> <span class='ocrx_word' id='word_1_48' title='bbox 1667 745 1827 817; x_wconf 79' lang='lat'><strong>332</strong></span> <span class='ocrx_word' id='word_1_49' title='bbox 1854 741 1934 799; x_wconf 92' lang='lat' dir='ltr'><strong>sic</strong></span> <span class='ocrx_word' id='word_1_50' title='bbox 1968 756 2060 795; x_wconf 86' lang='lat' dir='ltr'><strong>as-</strong></span> 
     </span>
    </p>
   </div>
   <div class='ocr_carea' id='block_1_10' title="bbox 2166 626 3750 729">
    <p class='ocr_par' dir='ltr' id='par_1_10' title="bbox 2166 626 3750 729">
     <span class='ocr_line' id='line_1_10' title="bbox 2166 626 3750 729; baseline -0.023 -18"><span class='ocrx_word' id='word_1_51' title='bbox 2166 626 2568 729; x_wconf 66' lang='grc' dir='ltr'><strong>Ιπροσφέρηται,</strong></span> <span class='ocrx_word' id='word_1_52' title='bbox 2595 647 2851 719; x_wconf 82' lang='grc' dir='ltr'><strong>εὑρήσεις</strong></span> <span class='ocrx_word' id='word_1_53' title='bbox 2876 638 3195 712; x_wconf 77' lang='grc' dir='ltr'>καρτερίαν,</span> <span class='ocrx_word' id='word_1_54' title='bbox 3228 633 3325 688; x_wconf 65' lang='lat' dir='ltr'><strong>tam</strong></span> <span class='ocrx_word' id='word_1_55' title='bbox 3360 631 3421 684; x_wconf 83' lang='grc' dir='ltr'>δὲ</span> <span class='ocrx_word' id='word_1_56' title='bbox 3454 626 3750 696; x_wconf 71' lang='grc' dir='ltr'><strong>λοιδορίαν,</strong></span> 
     </span>
    </p>
   </div>
   <div class='ocr_carea' id='block_1_11' title="bbox 2166 720 3748 823">
    <p class='ocr_par' dir='ltr' id='par_1_11' title="bbox 2166 720 3748 823">
     <span class='ocr_line' id='line_1_11' title="bbox 2166 720 3748 823; baseline -0.021 -17"><span class='ocrx_word' id='word_1_57' title='bbox 2166 720 2417 823; x_wconf 75' lang='grc' dir='ltr'>εὑρήσεις</span> <span class='ocrx_word' id='word_1_58' title='bbox 2441 720 2820 808; x_wconf 79' lang='grc' dir='ltr'>ἀνεξικακίαν,</span> <span class='ocrx_word' id='word_1_59' title='bbox 2866 734 2963 789; x_wconf 81' lang='grc' dir='ltr'><strong>καὶ</strong></span> <span class='ocrx_word' id='word_1_60' title='bbox 2988 732 3163 795; x_wconf 78' lang='grc' dir='ltr'>οὑτως</span> <span class='ocrx_word' id='word_1_61' title='bbox 3192 722 3526 798; x_wconf 74' lang='grc' dir='ltr'>ὲθιζόμενόν</span> <span class='ocrx_word' id='word_1_62' title='bbox 3569 738 3657 783; x_wconf 78' lang='grc' dir='ltr'><strong>σε,</strong></span> <span class='ocrx_word' id='word_1_63' title='bbox 3696 720 3748 772; x_wconf 65' lang='grc' dir='ltr'>οὐ</span> 
     </span>
    </p>
   </div>
   <div class='ocr_carea' id='block_1_12' title="bbox 497 826 2097 918">
    <p class='ocr_par' dir='ltr' id='par_1_12' title="bbox 497 840 2062 918">
     <span class='ocr_line' id='line_1_12' title="bbox 497 840 2062 918; baseline -0.016 -8"><span class='ocrx_word' id='word_1_64' title='bbox 497 854 721 918; x_wconf 83' lang='lat' dir='ltr'><strong>suetias,</strong></span> <span class='ocrx_word' id='word_1_65' title='bbox 757 865 937 905; x_wconf 87' lang='lat' dir='ltr'><strong>rerum</strong></span> <span class='ocrx_word' id='word_1_66' title='bbox 974 848 1213 903; x_wconf 80' lang='lat' dir='ltr'><strong>visiones</strong></span> <span class='ocrx_word' id='word_1_67' title='bbox 1244 843 1427 897; x_wconf 80' lang='lat' dir='ltr'><strong>animo</strong></span> <span class='ocrx_word' id='word_1_68' title='bbox 1457 845 1852 910; x_wconf 51' lang='lat' dir='ltr'><strong>repraesentata</strong></span> <span class='ocrx_word' id='word_1_69' title='bbox 1878 848 1984 889; x_wconf 91' lang='lat' dir='ltr'><strong>non</strong></span> <span class='ocrx_word' id='word_1_70' title='bbox 2012 840 2062 886; x_wconf 89' lang='lat' dir='ltr'><strong>te</strong></span> 
     </span>
    </p>
   </div>
   <div class='ocr_carea' id='block_1_13' title="bbox 2211 826 3091 918">
    <p class='ocr_par' dir='ltr' id='par_1_13' title="bbox 2211 826 3091 913">
     <span class='ocr_line' id='line_1_13' title="bbox 2211 826 3091 913; baseline -0.024 -15"><span class='ocrx_word' id='word_1_71' title='bbox 2211 835 2577 913; x_wconf 74' lang='grc' dir='ltr'>ὑναρπάσουσι</span> <span class='ocrx_word' id='word_1_72' title='bbox 2606 850 2667 888; x_wconf 91' lang='grc' dir='ltr'><strong>σε</strong></span> <span class='ocrx_word' id='word_1_73' title='bbox 2696 833 2753 886; x_wconf 81' lang='grc' dir='ltr'>αἱ</span> <span class='ocrx_word' id='word_1_74' title='bbox 2782 826 3091 901; x_wconf 78' lang='grc' dir='ltr'><strong>φαντασίαι.</strong></span> 
     </span>
    </p>
   </div>
   <div class='ocr_carea' id='block_1_14' title="bbox 499 944 812 1016">
    <p class='ocr_par' dir='ltr' id='par_1_14' title="bbox 499 944 812 1016">
     <span class='ocr_line' id='line_1_14' title="bbox 499 944 812 1016; baseline -0.013 -14"><span class='ocrx_word' id='word_1_75' title='bbox 499 944 812 1016; x_wconf 83' lang='lat' dir='ltr'><strong>corripient.</strong></span> 
     </span>
    </p>
   </div>
   <div class='ocr_carea' id='block_1_15' title="bbox 1084 1047 1465 1109">
    <p class='ocr_par' dir='ltr' id='par_1_15' title="bbox 1084 1047 1465 1109">
     <span class='ocr_line' id='line_1_15' title="bbox 1084 1047 1465 1109; baseline -0.013 0"><span class='ocrx_word' id='word_1_76' title='bbox 1084 1049 1311 1109; x_wconf 70' lang='lat' dir='ltr'><strong>CAPUT</strong></span> <span class='ocrx_word' id='word_1_77' title='bbox 1351 1047 1465 1104; x_wconf 78' lang='lat' dir='ltr'><strong>XV.</strong></span> 
     </span>
    </p>
   </div>
   <div class='ocr_carea' id='block_1_16' title="bbox 568 1152 2065 1241">
    <p class='ocr_par' dir='ltr' id='par_1_16' title="bbox 568 1152 2065 1241">
     <span class='ocr_line' id='line_1_16' title="bbox 568 1152 2065 1241; baseline -0.013 -15"><span class='ocrx_word' id='word_1_78' title='bbox 568 1170 857 1241; x_wconf 83' lang='lat' dir='ltr'><strong>Nunquam</strong></span> <span class='ocrx_word' id='word_1_79' title='bbox 898 1167 1047 1223; x_wconf 87' lang='lat' dir='ltr'><strong>dicas</strong></span> <span class='ocrx_word' id='word_1_80' title='bbox 1076 1165 1145 1221; x_wconf 89' lang='lat' dir='ltr'><strong>de</strong></span> <span class='ocrx_word' id='word_1_81' title='bbox 1189 1164 1296 1219; x_wconf 89' lang='lat' dir='ltr'><strong>ulla</strong></span> <span class='ocrx_word' id='word_1_82' title='bbox 1343 1178 1422 1227; x_wconf 85' lang='lat' dir='ltr'><strong>re,</strong></span> <span class='ocrx_word' id='word_1_83' title='bbox 1452 1158 1597 1231; x_wconf 85' lang='lat' dir='ltr'><strong>quod</strong></span> <span class='ocrx_word' id='word_1_84' title='bbox 1626 1171 1746 1213; x_wconf 85' lang='lat' dir='ltr'><strong>eam</strong></span> <span class='ocrx_word' id='word_1_85' title='bbox 1794 1152 2065 1216; x_wconf 86' lang='lat' dir='ltr'><strong>amiseris,</strong></span> 
     </span>
    </p>
   </div>
   <div class='ocr_carea' id='block_1_17' title="bbox 502 1244 2065 1335">
    <p class='ocr_par' dir='ltr' id='par_1_17' title="bbox 502 1244 2065 1335">
     <span class='ocr_line' id='line_1_17' title="bbox 502 1244 2065 1335; baseline -0.015 -14"><span class='ocrx_word' id='word_1_86' title='bbox 502 1265 597 1321; x_wconf 83' lang='lat' dir='ltr'><strong>sed</strong></span> <span class='ocrx_word' id='word_1_87' title='bbox 618 1263 765 1335; x_wconf 90' lang='lat' dir='ltr'><strong>quod</strong></span> <span class='ocrx_word' id='word_1_88' title='bbox 797 1244 1126 1325; x_wconf 79' lang='lat' dir='ltr'><strong>reddideris;</strong></span> <span class='ocrx_word' id='word_1_89' title='bbox 1157 1256 1418 1329; x_wconf 85' lang='lat' dir='ltr'><strong>puerulus</strong></span> <span class='ocrx_word' id='word_1_90' title='bbox 1458 1253 1614 1316; x_wconf 89' lang='lat' dir='ltr'><strong>obiit,</strong></span> <span class='ocrx_word' id='word_1_91' title='bbox 1657 1248 1901 1305; x_wconf 90' lang='lat' dir='ltr'><strong>redditus</strong></span> <span class='ocrx_word' id='word_1_92' title='bbox 1932 1245 2065 1311; x_wconf 83' lang='lat' dir='ltr'><strong>fuit;</strong></span> 
     </span>
    </p>
   </div>
   <div class='ocr_carea' id='block_1_18' title="bbox 503 1342 2069 1417">
    <p class='ocr_par' dir='ltr' id='par_1_18' title="bbox 503 1342 2069 1417">
     <span class='ocr_line' id='line_1_18' title="bbox 503 1342 2069 1417; baseline -0.013 -5"><span class='ocrx_word' id='word_1_93' title='bbox 503 1372 643 1412; x_wconf 80' lang='lat' dir='ltr'><strong>uxor</strong></span> <span class='ocrx_word' id='word_1_94' title='bbox 676 1353 930 1417; x_wconf 84' lang='lat' dir='ltr'><strong>decessit,</strong></span> <span class='ocrx_word' id='word_1_95' title='bbox 960 1351 1204 1407; x_wconf 84' lang='lat' dir='ltr'><strong>restituta</strong></span> <span class='ocrx_word' id='word_1_96' title='bbox 1229 1356 1344 1415; x_wconf 84' lang='lat' dir='ltr'><strong>est;</strong></span> <span class='ocrx_word' id='word_1_97' title='bbox 1381 1346 1642 1417; x_wconf 65' lang='lat' dir='ltr'><strong>prmdium</strong></span> <span class='ocrx_word' id='word_1_98' title='bbox 1671 1342 1773 1397; x_wconf 79' lang='lat' dir='ltr'><strong>fuit</strong></span> <span class='ocrx_word' id='word_1_99' title='bbox 1801 1347 2069 1410; x_wconf 91' lang='lat' dir='ltr'><strong>ereptum,</strong></span> 
     </span>
    </p>
   </div>
   <div class='ocr_carea' id='block_1_19' title="bbox 504 1430 2073 1507">
    <p class='ocr_par' dir='ltr' id='par_1_19' title="bbox 504 1430 2073 1507">
     <span class='ocr_line' id='line_1_19' title="bbox 504 1430 2073 1507; baseline -0.011 -4"><span class='ocrx_word' id='word_1_100' title='bbox 504 1449 667 1504; x_wconf 86' lang='lat' dir='ltr'><strong>etiam</strong></span> <span class='ocrx_word' id='word_1_101' title='bbox 715 1460 844 1501; x_wconf 88' lang='lat' dir='ltr'><strong>vero</strong></span> <span class='ocrx_word' id='word_1_102' title='bbox 891 1445 1197 1499; x_wconf 88' lang='lat' dir='ltr'><strong>restitutum</strong></span> <span class='ocrx_word' id='word_1_103' title='bbox 1238 1439 1339 1495; x_wconf 77' lang='lat' dir='ltr'><strong>fuit</strong></span> <span class='ocrx_word' id='word_1_104' title='bbox 1369 1457 1383 1493; x_wconf 88' lang='lat'><strong>:</strong></span> <span class='ocrx_word' id='word_1_105' title='bbox 1412 1448 1465 1494; x_wconf 84' lang='lat' dir='ltr'><strong>at</strong></span> <span class='ocrx_word' id='word_1_106' title='bbox 1518 1435 1798 1507; x_wconf 90' lang='lat' dir='ltr'><strong>improbus</strong></span> <span class='ocrx_word' id='word_1_107' title='bbox 1849 1441 1933 1488; x_wconf 89' lang='lat' dir='ltr'><strong>est</strong></span> <span class='ocrx_word' id='word_1_108' title='bbox 1982 1430 2073 1500; x_wconf 88' lang='lat' dir='ltr'><strong>qui</strong></span> 
     </span>
    </p>
   </div>
   <div class='ocr_carea' id='block_1_20' title="bbox 510 1523 2076 1608">
    <p class='ocr_par' dir='ltr' id='par_1_20' title="bbox 510 1523 2076 1608">
     <span class='ocr_line' id='line_1_20' title="bbox 510 1523 2076 1608; baseline -0.013 -11"><span class='ocrx_word' id='word_1_109' title='bbox 510 1542 755 1607; x_wconf 78' lang='lat' dir='ltr'><strong>abstulit;</strong></span> <span class='ocrx_word' id='word_1_110' title='bbox 789 1546 844 1594; x_wconf 91' lang='lat' dir='ltr'><strong>et</strong></span> <span class='ocrx_word' id='word_1_111' title='bbox 871 1537 1000 1608; x_wconf 93' lang='lat' dir='ltr'><strong>quid</strong></span> <span class='ocrx_word' id='word_1_112' title='bbox 1040 1536 1137 1591; x_wconf 84' lang='lat' dir='ltr'><strong>tibi</strong></span> <span class='ocrx_word' id='word_1_113' title='bbox 1173 1549 1340 1597; x_wconf 72' lang='lat' dir='ltr'><strong>curae,</strong></span> <span class='ocrx_word' id='word_1_114' title='bbox 1369 1547 1491 1588; x_wconf 90' lang='lat' dir='ltr'><strong>cum</strong></span> <span class='ocrx_word' id='word_1_115' title='bbox 1526 1530 1618 1600; x_wconf 87' lang='lat' dir='ltr'><strong>qui</strong></span> <span class='ocrx_word' id='word_1_116' title='bbox 1649 1527 1794 1583; x_wconf 89' lang='lat' dir='ltr'><strong>dedit</strong></span> <span class='ocrx_word' id='word_1_117' title='bbox 1832 1523 2076 1595; x_wconf 86' lang='lat' dir='ltr'><strong>repetat?</strong></span> 
     </span>
    </p>
   </div>
   <div class='ocr_carea' id='block_1_21' title="bbox 507 1616 2079 1700">
    <p class='ocr_par' dir='ltr' id='par_1_21' title="bbox 507 1616 2079 1700">
     <span class='ocr_line' id='line_1_21' title="bbox 507 1616 2079 1700; baseline -0.011 -15"><span class='ocrx_word' id='word_1_118' title='bbox 507 1632 709 1687; x_wconf 80' lang='lat' dir='ltr'><strong>Verum</strong></span> <span class='ocrx_word' id='word_1_119' title='bbox 753 1643 1036 1700; x_wconf 87' lang='lat' dir='ltr'><strong>usquequo</strong></span> <span class='ocrx_word' id='word_1_120' title='bbox 1068 1626 1464 1690; x_wconf 87' lang='lat' dir='ltr'><strong>conceduntur,</strong></span> <span class='ocrx_word' id='word_1_121' title='bbox 1504 1622 1721 1685; x_wconf 90' lang='lat' dir='ltr'><strong>horum,</strong></span> <span class='ocrx_word' id='word_1_122' title='bbox 1763 1625 1823 1672; x_wconf 89' lang='lat' dir='ltr'><strong>ut</strong></span> <span class='ocrx_word' id='word_1_123' title='bbox 1867 1616 2079 1671; x_wconf 86' lang='lat' dir='ltr'><strong>alieno-</strong></span> 
     </span>
    </p>
   </div>
   <div class='ocr_carea' id='block_1_22' title="bbox 510 1707 2079 1792">
    <p class='ocr_par' dir='ltr' id='par_1_22' title="bbox 510 1707 2079 1792">
     <span class='ocr_line' id='line_1_22' title="bbox 510 1707 2079 1792; baseline -0.013 -12"><span class='ocrx_word' id='word_1_124' title='bbox 510 1740 628 1779; x_wconf 90' lang='lat' dir='ltr'><strong>rum</strong></span> <span class='ocrx_word' id='word_1_125' title='bbox 655 1738 841 1779; x_wconf 88' lang='lat' dir='ltr'><strong>curam</strong></span> <span class='ocrx_word' id='word_1_126' title='bbox 873 1735 1018 1792; x_wconf 83' lang='lat' dir='ltr'><strong>gere,</strong></span> <span class='ocrx_word' id='word_1_127' title='bbox 1048 1734 1113 1775; x_wconf 92' lang='lat' dir='ltr'><strong>eo</strong></span> <span class='ocrx_word' id='word_1_128' title='bbox 1144 1718 1328 1781; x_wconf 89' lang='lat' dir='ltr'><strong>modo,</strong></span> <span class='ocrx_word' id='word_1_129' title='bbox 1360 1731 1469 1786; x_wconf 90' lang='lat' dir='ltr'><strong>quo</strong></span> <span class='ocrx_word' id='word_1_130' title='bbox 1505 1712 1725 1784; x_wconf 89' lang='lat' dir='ltr'><strong>hospitii</strong></span> <span class='ocrx_word' id='word_1_131' title='bbox 1761 1724 1948 1767; x_wconf 89' lang='lat' dir='ltr'><strong>curam</strong></span> <span class='ocrx_word' id='word_1_132' title='bbox 1980 1707 2079 1762; x_wconf 87' lang='lat' dir='ltr'><strong>ha-</strong></span> 
     </span>
    </p>
   </div>
   <div class='ocr_carea' id='block_1_23' title="bbox 513 1807 1381 1883">
    <p class='ocr_par' dir='ltr' id='par_1_23' title="bbox 513 1807 1381 1883">
     <span class='ocr_line' id='line_1_23' title="bbox 513 1807 1381 1883; baseline -0.008 -14"><span class='ocrx_word' id='word_1_133' title='bbox 513 1815 640 1869; x_wconf 86' lang='lat' dir='ltr'><strong>bent</strong></span> <span class='ocrx_word' id='word_1_134' title='bbox 671 1818 1056 1883; x_wconf 70' lang='lat' dir='ltr'><strong>przetereuntes</strong></span> <span class='ocrx_word' id='word_1_135' title='bbox 1087 1807 1381 1880; x_wconf 83' lang='lat' dir='ltr'><strong>peregrini.</strong></span> 
     </span>
    </p>
   </div>
   <div class='ocr_carea' id='block_1_24' title="bbox 1098 1918 1505 1978">
    <p class='ocr_par' dir='ltr' id='par_1_24' title="bbox 1098 1918 1505 1978">
     <span class='ocr_line' id='line_1_24' title="bbox 1098 1918 1505 1978; baseline -0.007 0"><span class='ocrx_word' id='word_1_136' title='bbox 1098 1920 1325 1978; x_wconf 83' lang='lat' dir='ltr'><strong>CAPUT</strong></span> <span class='ocrx_word' id='word_1_137' title='bbox 1365 1918 1505 1976; x_wconf 79' lang='lat' dir='ltr'><strong>XVI.</strong></span> 
     </span>
    </p>
   </div>
   <div class='ocr_carea' id='block_1_25' title="bbox 584 2025 2084 2110">
    <p class='ocr_par' dir='ltr' id='par_1_25' title="bbox 584 2025 2084 2110">
     <span class='ocr_line' id='line_1_25' title="bbox 584 2025 2084 2110; baseline -0.013 -11"><span class='ocrx_word' id='word_1_138' title='bbox 584 2042 642 2098; x_wconf 89' lang='lat' dir='ltr'><strong>Si</strong></span> <span class='ocrx_word' id='word_1_139' title='bbox 670 2042 803 2098; x_wconf 83' lang='lat' dir='ltr'><strong>velis</strong></span> <span class='ocrx_word' id='word_1_140' title='bbox 825 2040 1103 2110; x_wconf 84' lang='lat' dir='ltr'><strong>prolicere,</strong></span> <span class='ocrx_word' id='word_1_141' title='bbox 1137 2036 1346 2091; x_wconf 89' lang='lat' dir='ltr'><strong>dimitte</strong></span> <span class='ocrx_word' id='word_1_142' title='bbox 1374 2030 1753 2105; x_wconf 88' lang='lat' dir='ltr'><strong>hujuscemodi</strong></span> <span class='ocrx_word' id='word_1_143' title='bbox 1792 2025 2084 2084; x_wconf 89' lang='lat' dir='ltr'><strong>ratiocina-</strong></span> 
     </span>
    </p>
   </div>
   <div class='ocr_carea' id='block_1_26' title="bbox 514 2116 2087 2199">
    <p class='ocr_par' dir='ltr' id='par_1_26' title="bbox 514 2116 2087 2199">
     <span class='ocr_line' id='line_1_26' title="bbox 514 2116 2087 2199; baseline -0.01 -10"><span class='ocrx_word' id='word_1_144' title='bbox 514 2131 978 2197; x_wconf 89' lang='lat' dir='ltr'><strong>tiones,nimirum</strong></span> <span class='ocrx_word' id='word_1_145' title='bbox 998 2148 1010 2183; x_wconf 90' lang='lat'>:</span> <span class='ocrx_word' id='word_1_146' title='bbox 1028 2127 1084 2183; x_wconf 90' lang='lat' dir='ltr'><strong>Si</strong></span> <span class='ocrx_word' id='word_1_147' title='bbox 1111 2128 1375 2199; x_wconf 83' lang='lat' dir='ltr'><strong>negligam</strong></span> <span class='ocrx_word' id='word_1_148' title='bbox 1400 2139 1543 2192; x_wconf 91' lang='lat' dir='ltr'><strong>mea,</strong></span> <span class='ocrx_word' id='word_1_149' title='bbox 1575 2138 1680 2179; x_wconf 90' lang='lat' dir='ltr'><strong>non</strong></span> <span class='ocrx_word' id='word_1_150' title='bbox 1708 2120 1919 2175; x_wconf 83' lang='lat' dir='ltr'><strong>habebo</strong></span> <span class='ocrx_word' id='word_1_151' title='bbox 1946 2116 2087 2173; x_wconf 88' lang='lat' dir='ltr'><strong>unde</strong></span> 
     </span>
    </p>
   </div>
   <div class='ocr_carea' id='block_1_27' title="bbox 516 2212 2087 2290">
    <p class='ocr_par' dir='ltr' id='par_1_27' title="bbox 516 2212 2087 2290">
     <span class='ocr_line' id='line_1_27' title="bbox 516 2212 2087 2290; baseline -0.011 -10"><span class='ocrx_word' id='word_1_152' title='bbox 516 2225 768 2290; x_wconf 81' lang='lat' dir='ltr'><strong>nutriar;</strong></span> <span class='ocrx_word' id='word_1_153' title='bbox 813 2222 859 2277; x_wconf 90' lang='lat' dir='ltr'><strong>si</strong></span> <span class='ocrx_word' id='word_1_154' title='bbox 901 2236 1007 2275; x_wconf 92' lang='lat' dir='ltr'><strong>non</strong></span> <span class='ocrx_word' id='word_1_155' title='bbox 1040 2219 1270 2290; x_wconf 90' lang='lat' dir='ltr'><strong>puniero</strong></span> <span class='ocrx_word' id='word_1_156' title='bbox 1310 2231 1559 2289; x_wconf 87' lang='lat' dir='ltr'><strong>puerum,</strong></span> <span class='ocrx_word' id='word_1_157' title='bbox 1600 2213 1776 2268; x_wconf 89' lang='lat' dir='ltr'><strong>malus</strong></span> <span class='ocrx_word' id='word_1_158' title='bbox 1802 2212 1939 2267; x_wconf 89' lang='lat' dir='ltr'><strong>erit:</strong></span> <span class='ocrx_word' id='word_1_159' title='bbox 1970 2222 2087 2264; x_wconf 81' lang='lat' dir='ltr'><strong>me-</strong></span> 
     </span>
    </p>
   </div>
   <div class='ocr_carea' id='block_1_28' title="bbox 518 2300 2089 2377">
    <p class='ocr_par' dir='ltr' id='par_1_28' title="bbox 518 2300 2089 2377">
     <span class='ocr_line' id='line_1_28' title="bbox 518 2300 2089 2377; baseline -0.012 -6"><span class='ocrx_word' id='word_1_160' title='bbox 518 2317 623 2371; x_wconf 91' lang='lat' dir='ltr'><strong>lius</strong></span> <span class='ocrx_word' id='word_1_161' title='bbox 650 2323 734 2370; x_wconf 88' lang='lat' dir='ltr'><strong>est</strong></span> <span class='ocrx_word' id='word_1_162' title='bbox 766 2314 911 2369; x_wconf 88' lang='lat' dir='ltr'><strong>enim</strong></span> <span class='ocrx_word' id='word_1_163' title='bbox 958 2311 1103 2366; x_wconf 78' lang='lat' dir='ltr'><strong>fame</strong></span> <span class='ocrx_word' id='word_1_164' title='bbox 1129 2309 1290 2375; x_wconf 89' lang='lat' dir='ltr'><strong>mori,</strong></span> <span class='ocrx_word' id='word_1_165' title='bbox 1332 2317 1385 2363; x_wconf 85' lang='lat' dir='ltr'><strong>et</strong></span> <span class='ocrx_word' id='word_1_166' title='bbox 1415 2308 1689 2377; x_wconf 80' lang='lat' dir='ltr'><strong>expertem</strong></span> <span class='ocrx_word' id='word_1_167' title='bbox 1736 2300 1969 2364; x_wconf 87' lang='lat' dir='ltr'><strong>timoris,</strong></span> <span class='ocrx_word' id='word_1_168' title='bbox 2003 2307 2089 2353; x_wconf 85' lang='lat' dir='ltr'><strong>at-</strong></span> 
     </span>
    </p>
   </div>
   <div class='ocr_carea' id='block_1_29' title="bbox 518 2389 2087 2475">
    <p class='ocr_par' dir='ltr' id='par_1_29' title="bbox 518 2389 2087 2475">
     <span class='ocr_line' id='line_1_29' title="bbox 518 2389 2087 2475; baseline -0.012 -13"><span class='ocrx_word' id='word_1_169' title='bbox 518 2422 625 2475; x_wconf 79' lang='lat' dir='ltr'><strong>que</strong></span> <span class='ocrx_word' id='word_1_170' title='bbox 672 2406 935 2461; x_wconf 73' lang='lat' dir='ltr'><strong>molestia:</strong></span> <span class='ocrx_word' id='word_1_171' title='bbox 978 2418 1119 2469; x_wconf 87' lang='lat' dir='ltr'><strong>esse,</strong></span> <span class='ocrx_word' id='word_1_172' title='bbox 1168 2415 1331 2471; x_wconf 88' lang='lat' dir='ltr'><strong>quam</strong></span> <span class='ocrx_word' id='word_1_173' title='bbox 1376 2400 1752 2469; x_wconf 88' lang='lat' dir='ltr'><strong>perturbatum</strong></span> <span class='ocrx_word' id='word_1_174' title='bbox 1798 2391 1980 2447; x_wconf 80' lang='lat' dir='ltr'><strong>vivere</strong></span> <span class='ocrx_word' id='word_1_175' title='bbox 2032 2389 2087 2444; x_wconf 92' lang='lat' dir='ltr'><strong>in</strong></span> 
     </span>
    </p>
   </div>
   <div class='ocr_carea' id='block_1_30' title="bbox 520 2488 2090 2568">
    <p class='ocr_par' dir='ltr' id='par_1_30' title="bbox 520 2488 2090 2568">
     <span class='ocr_line' id='line_1_30' title="bbox 520 2488 2090 2568; baseline -0.011 -14"><span class='ocrx_word' id='word_1_176' title='bbox 520 2514 700 2554; x_wconf 87' lang='lat' dir='ltr'><strong>rerum</strong></span> <span class='ocrx_word' id='word_1_177' title='bbox 729 2498 905 2568; x_wconf 88' lang='lat' dir='ltr'><strong>copia,</strong></span> <span class='ocrx_word' id='word_1_178' title='bbox 934 2508 1272 2568; x_wconf 88' lang='lat' dir='ltr'><strong>puerumque</strong></span> <span class='ocrx_word' id='word_1_179' title='bbox 1294 2491 1497 2546; x_wconf 89' lang='lat' dir='ltr'><strong>malum</strong></span> <span class='ocrx_word' id='word_1_180' title='bbox 1528 2488 1810 2554; x_wconf 83' lang='lat' dir='ltr'><strong>exsistere,</strong></span> <span class='ocrx_word' id='word_1_181' title='bbox 1838 2498 2003 2556; x_wconf 89' lang='lat' dir='ltr'><strong>quam</strong></span> <span class='ocrx_word' id='word_1_182' title='bbox 2036 2489 2090 2537; x_wconf 89' lang='lat' dir='ltr'><strong>te</strong></span> 
     </span>
    </p>
   </div>
   <div class='ocr_carea' id='block_1_31' title="bbox 520 2606 798 2646">
    <p class='ocr_par' dir='ltr' id='par_1_31' title="bbox 520 2606 798 2646">
     <span class='ocr_line' id='line_1_31' title="bbox 520 2606 798 2646; baseline -0.014 0"><span class='ocrx_word' id='word_1_183' title='bbox 520 2606 798 2646; x_wconf 78' lang='lat' dir='ltr'><strong>miserum.</strong></span> 
     </span>
    </p>
   </div>
   <div class='ocr_carea' id='block_1_32' title="bbox 1087 2694 1518 2755">
    <p class='ocr_par' dir='ltr' id='par_1_32' title="bbox 1087 2694 1518 2755">
     <span class='ocr_line' id='line_1_32' title="bbox 1087 2694 1518 2755; baseline -0.009 0"><span class='ocrx_word' id='word_1_184' title='bbox 1087 2696 1313 2755; x_wconf 87' lang='lat' dir='ltr'><strong>CAPUT</strong></span> <span class='ocrx_word' id='word_1_185' title='bbox 1354 2694 1518 2751; x_wconf 74' lang='lat' dir='ltr'><strong>XVII.</strong></span> 
     </span>
    </p>
   </div>
   <div class='ocr_carea' id='block_1_33' title="bbox 592 2799 2092 2890">
    <p class='ocr_par' dir='ltr' id='par_1_33' title="bbox 592 2799 2092 2890">
     <span class='ocr_line' id='line_1_33' title="bbox 592 2799 2092 2890; baseline -0.013 -17"><span class='ocrx_word' id='word_1_186' title='bbox 592 2817 771 2890; x_wconf 87' lang='lat' dir='ltr'><strong>Incipe</strong></span> <span class='ocrx_word' id='word_1_187' title='bbox 804 2818 968 2889; x_wconf 79' lang='lat' dir='ltr'><strong>igitur</strong></span> <span class='ocrx_word' id='word_1_188' title='bbox 991 2831 1022 2870; x_wconf 93' lang='lat' dir='ltr'><strong>a</strong></span> <span class='ocrx_word' id='word_1_189' title='bbox 1049 2816 1233 2886; x_wconf 77' lang='lat' dir='ltr'><strong>par’vis</strong></span> <span class='ocrx_word' id='word_1_190' title='bbox 1259 2829 1272 2865; x_wconf 87' lang='lat'><strong>:</strong></span> <span class='ocrx_word' id='word_1_191' title='bbox 1308 2809 1601 2867; x_wconf 81' lang='lat' dir='ltr'><strong>eﬂ‘unditur</strong></span> <span class='ocrx_word' id='word_1_192' title='bbox 1630 2803 1930 2877; x_wconf 82' lang='lat' dir='ltr'><strong>pauxillum</strong></span> <span class='ocrx_word' id='word_1_193' title='bbox 1965 2799 2092 2863; x_wconf 85' lang='lat' dir='ltr'><strong>olei,</strong></span> 
     </span>
    </p>
   </div>
   <div class='ocr_carea' id='block_1_34' title="bbox 524 2894 2095 2983">
    <p class='ocr_par' dir='ltr' id='par_1_34' title="bbox 524 2894 2095 2983">
     <span class='ocr_line' id='line_1_34' title="bbox 524 2894 2095 2983; baseline -0.017 -11"><span class='ocrx_word' id='word_1_194' title='bbox 524 2913 819 2983; x_wconf 89' lang='lat' dir='ltr'><strong>surripitur</strong></span> <span class='ocrx_word' id='word_1_195' title='bbox 854 2911 999 2965; x_wconf 86' lang='lat' dir='ltr'><strong>furto</strong></span> <span class='ocrx_word' id='word_1_196' title='bbox 1036 2907 1268 2972; x_wconf 86' lang='lat' dir='ltr'><strong>asellus;</strong></span> <span class='ocrx_word' id='word_1_197' title='bbox 1302 2903 1437 2958; x_wconf 90' lang='lat' dir='ltr'><strong>adde</strong></span> <span class='ocrx_word' id='word_1_198' title='bbox 1464 2899 1691 2956; x_wconf 88' lang='lat' dir='ltr'><strong>dicendo</strong></span> <span class='ocrx_word' id='word_1_199' title='bbox 1722 2916 1735 2953; x_wconf 89' lang='lat'><strong>:</strong></span> <span class='ocrx_word' id='word_1_200' title='bbox 1767 2894 1928 2950; x_wconf 92' lang='lat' dir='ltr'><strong>Tanti</strong></span> <span class='ocrx_word' id='word_1_201' title='bbox 1968 2908 2095 2947; x_wconf 85' lang='lat' dir='ltr'><strong>ven-</strong></span> 
     </span>
    </p>
   </div>
   <div class='ocr_carea' id='block_1_35' title="bbox 525 2986 2096 3064">
    <p class='ocr_par' dir='ltr' id='par_1_35' title="bbox 525 2986 2096 3064">
     <span class='ocr_line' id='line_1_35' title="bbox 525 2986 2096 3064; baseline -0.017 0"><span class='ocrx_word' id='word_1_202' title='bbox 525 3008 671 3064; x_wconf 90' lang='lat' dir='ltr'><strong>ditur</strong></span> <span class='ocrx_word' id='word_1_203' title='bbox 700 3016 875 3064; x_wconf 87' lang='lat' dir='ltr'><strong>status</strong></span> <span class='ocrx_word' id='word_1_204' title='bbox 908 3003 1145 3059; x_wconf 89' lang='lat' dir='ltr'><strong>hominis</strong></span> <span class='ocrx_word' id='word_1_205' title='bbox 1176 2999 1325 3055; x_wconf 87' lang='lat' dir='ltr'><strong>omni</strong></span> <span class='ocrx_word' id='word_1_206' title='bbox 1347 2995 1583 3053; x_wconf 80' lang='lat' dir='ltr'><strong>carentis</strong></span> <span class='ocrx_word' id='word_1_207' title='bbox 1618 2990 1894 3064; x_wconf 89' lang='lat' dir='ltr'><strong>passione,</strong></span> <span class='ocrx_word' id='word_1_208' title='bbox 1931 2986 2096 3041; x_wconf 88' lang='lat' dir='ltr'><strong>tanti-</strong></span> 
     </span>
    </p>
   </div>
   <div class='ocr_carea' id='block_1_36' title="bbox 2751 1023 3150 1082">
    <p class='ocr_par' dir='ltr' id='par_1_36' title="bbox 2751 1023 3150 1082">
     <span class='ocr_line' id='line_1_36' title="bbox 2751 1023 3150 1082; baseline -0.01 0"><span class='ocrx_word' id='word_1_209' title='bbox 2751 1027 3004 1082; x_wconf 75' lang='grc' dir='ltr'><strong>ΚΕΦΔΛ.</strong></span> <span class='ocrx_word' id='word_1_210' title='bbox 3044 1023 3113 1076; x_wconf 81' lang='lat' dir='ltr'><strong>IA</strong></span> <span class='ocrx_word' id='word_1_211' title='bbox 3135 1062 3150 1078; x_wconf 93' lang='lat'><strong>.</strong></span> 
     </span>
    </p>
   </div>
   <div class='ocr_carea' id='block_1_37' title="bbox 2242 1122 3749 1222">
    <p class='ocr_par' dir='ltr' id='par_1_37' title="bbox 2242 1122 3749 1222">
     <span class='ocr_line' id='line_1_37' title="bbox 2242 1122 3749 1222; baseline -0.023 -14"><span class='ocrx_word' id='word_1_212' title='bbox 2242 1151 2528 1222; x_wconf 85' lang='grc' dir='ltr'>Μηδέποτε</span> <span class='ocrx_word' id='word_1_213' title='bbox 2557 1146 2649 1201; x_wconf 73' lang='grc' dir='ltr'><strong>ἐπὶ</strong></span> <span class='ocrx_word' id='word_1_214' title='bbox 2674 1143 2897 1218; x_wconf 77' lang='grc' dir='ltr'>μηδενὸς</span> <span class='ocrx_word' id='word_1_215' title='bbox 2939 1139 3120 1212; x_wconf 76' lang='grc' dir='ltr'>εἴπῃς,</span> <span class='ocrx_word' id='word_1_216' title='bbox 3151 1136 3234 1190; x_wconf 78' lang='grc' dir='ltr'><strong>ὅτι</strong></span> <span class='ocrx_word' id='word_1_217' title='bbox 3265 1128 3579 1190; x_wconf 79' lang='grc' dir='ltr'>ἀπώλεσας</span> <span class='ocrx_word' id='word_1_218' title='bbox 3610 1122 3749 1183; x_wconf 64' lang='grc' dir='ltr'>αὐτὸ,</span> 
     </span>
    </p>
   </div>
   <div class='ocr_carea' id='block_1_38' title="bbox 2175 1215 3748 1303">
    <p class='ocr_par' dir='ltr' id='par_1_38' title="bbox 2175 1215 3748 1303">
     <span class='ocr_line' id='line_1_38' title="bbox 2175 1215 3748 1303; baseline -0.025 1"><span class='ocrx_word' id='word_1_219' title='bbox 2175 1246 2288 1303; x_wconf 89' lang='grc' dir='ltr'>ἀλλ’</span> <span class='ocrx_word' id='word_1_220' title='bbox 2318 1215 2399 1298; x_wconf 74' lang='grc' dir='ltr'><strong>ότι</strong></span> <span class='ocrx_word' id='word_1_221' title='bbox 2425 1215 2714 1301; x_wconf 78' lang='grc' dir='ltr'><strong>ἀπέδωκας</strong></span> <span class='ocrx_word' id='word_1_222' title='bbox 2736 1215 2829 1287; x_wconf 57' lang='grc' dir='ltr'>λτδ</span> <span class='ocrx_word' id='word_1_223' title='bbox 2850 1231 3133 1300; x_wconf 75' lang='grc' dir='ltr'><strong>παιδάριον</strong></span> <span class='ocrx_word' id='word_1_224' title='bbox 3164 1222 3467 1283; x_wconf 80' lang='grc' dir='ltr'>ἀπέθανεν,</span> <span class='ocrx_word' id='word_1_225' title='bbox 3499 1215 3748 1283; x_wconf 64' lang='grc' dir='ltr'>ἀπεδόθη·</span> 
     </span>
    </p>
   </div>
   <div class='ocr_carea' id='block_1_39' title="bbox 2178 1307 3749 1412">
    <p class='ocr_par' dir='ltr' id='par_1_39' title="bbox 2178 1307 3749 1412">
     <span class='ocr_line' id='line_1_39' title="bbox 2178 1307 3749 1412; baseline -0.025 -17"><span class='ocrx_word' id='word_1_226' title='bbox 2178 1343 2212 1412; x_wconf 80' lang='grc' dir='ltr'>ἠ</span> <span class='ocrx_word' id='word_1_227' title='bbox 2239 1338 2375 1409; x_wconf 82' lang='grc' dir='ltr'>γυνὴ</span> <span class='ocrx_word' id='word_1_228' title='bbox 2402 1333 2694 1393; x_wconf 88' lang='grc' dir='ltr'>ἀπέθανεν,</span> <span class='ocrx_word' id='word_1_229' title='bbox 2728 1323 2987 1392; x_wconf 86' lang='grc' dir='ltr'>ἀπεδόθη,</span> <span class='ocrx_word' id='word_1_230' title='bbox 3032 1320 3093 1373; x_wconf 81' lang='grc' dir='ltr'>τὸ</span> <span class='ocrx_word' id='word_1_231' title='bbox 3122 1316 3321 1391; x_wconf 76' lang='grc' dir='ltr'>χωρίον</span> <span class='ocrx_word' id='word_1_232' title='bbox 3358 1307 3749 1384; x_wconf 73' lang='grc' dir='ltr'>ἀφῃρέθη,σῦο</span> 
     </span>
    </p>
   </div>
   <div class='ocr_carea' id='block_1_40' title="bbox 2178 1398 3753 1494">
    <p class='ocr_par' dir='ltr' id='par_1_40' title="bbox 2178 1398 3753 1494">
     <span class='ocr_line' id='line_1_40' title="bbox 2178 1398 3753 1494; baseline -0.025 -7"><span class='ocrx_word' id='word_1_233' title='bbox 2178 1398 2308 1487; x_wconf 71' lang='grc' dir='ltr'>κούν</span> <span class='ocrx_word' id='word_1_234' title='bbox 2362 1398 2620 1494; x_wconf 78' lang='grc' dir='ltr'>ἀπεδόθη,</span> <span class='ocrx_word' id='word_1_235' title='bbox 2654 1418 2791 1473; x_wconf 87' lang='grc' dir='ltr'><strong>ἀλλά</strong></span> <span class='ocrx_word' id='word_1_236' title='bbox 2834 1414 3002 1476; x_wconf 79' lang='grc' dir='ltr'>κακὸς</span> <span class='ocrx_word' id='word_1_237' title='bbox 3035 1414 3064 1464; x_wconf 89' lang='grc' dir='ltr'>ὁ</span> <span class='ocrx_word' id='word_1_238' title='bbox 3096 1406 3463 1478; x_wconf 77' lang='grc' dir='ltr'>ἀφελόμενος.</span> <span class='ocrx_word' id='word_1_239' title='bbox 3503 1400 3574 1452; x_wconf 84' lang='grc' dir='ltr'><strong>Τί</strong></span> <span class='ocrx_word' id='word_1_240' title='bbox 3604 1398 3662 1451; x_wconf 77' lang='grc' dir='ltr'>δὲ</span> <span class='ocrx_word' id='word_1_241' title='bbox 3685 1414 3753 1448; x_wconf 70' lang='grc' dir='ltr'><strong>σοι</strong></span> 
     </span>
    </p>
   </div>
   <div class='ocr_carea' id='block_1_41' title="bbox 2183 1489 3756 1599">
    <p class='ocr_par' dir='ltr' id='par_1_41' title="bbox 2183 1489 3756 1599">
     <span class='ocr_line' id='line_1_41' title="bbox 2183 1489 3756 1599; baseline -0.025 -18"><span class='ocrx_word' id='word_1_242' title='bbox 2183 1527 2354 1599; x_wconf 81' lang='grc' dir='ltr'>μέλει,</span> <span class='ocrx_word' id='word_1_243' title='bbox 2374 1521 2507 1576; x_wconf 88' lang='grc' dir='ltr'>διότι</span> <span class='ocrx_word' id='word_1_244' title='bbox 2533 1489 2808 1587; x_wconf 74' lang='grc' dir='ltr'>ἀπῄτησεν</span> <span class='ocrx_word' id='word_1_245' title='bbox 2833 1512 2861 1563; x_wconf 90' lang='grc' dir='ltr'><strong>ό</strong></span> <span class='ocrx_word' id='word_1_246' title='bbox 2881 1507 3001 1570; x_wconf 84' lang='grc' dir='ltr'>δούς</span> <span class='ocrx_word' id='word_1_247' title='bbox 3024 1503 3232 1574; x_wconf 80' lang='grc' dir='ltr'>ςΜέχρι</span> <span class='ocrx_word' id='word_1_248' title='bbox 3257 1500 3303 1553; x_wconf 72' lang='grc' dir='ltr'>δ’</span> <span class='ocrx_word' id='word_1_249' title='bbox 3328 1499 3397 1552; x_wconf 81' lang='grc' dir='ltr'>ἂν</span> <span class='ocrx_word' id='word_1_250' title='bbox 3422 1489 3756 1556; x_wconf 70' lang='grc' dir='ltr'>διδῶται,ὡς</span> 
     </span>
    </p>
   </div>
   <div class='ocr_carea' id='block_1_42' title="bbox 2179 1584 3759 1687">
    <p class='ocr_par' dir='ltr' id='par_1_42' title="bbox 2179 1584 3759 1687">
     <span class='ocr_line' id='line_1_42' title="bbox 2179 1584 3759 1687; baseline -0.026 -14"><span class='ocrx_word' id='word_1_251' title='bbox 2179 1584 2475 1687; x_wconf 80' lang='grc' dir='ltr'>ἀλλοτρίων</span> <span class='ocrx_word' id='word_1_252' title='bbox 2504 1584 2683 1664; x_wconf 59' lang='grc' dir='ltr'>αὐτῶν</span> <span class='ocrx_word' id='word_1_253' title='bbox 2710 1597 3081 1673; x_wconf 77' lang='grc' dir='ltr'>ὲπιμελοῦ,ὼς</span> <span class='ocrx_word' id='word_1_254' title='bbox 3109 1593 3202 1648; x_wconf 80' lang='grc' dir='ltr'>τοῦ</span> <span class='ocrx_word' id='word_1_255' title='bbox 3230 1590 3569 1659; x_wconf 74' lang='grc' dir='ltr'>πανδοκείου</span> <span class='ocrx_word' id='word_1_256' title='bbox 3590 1584 3642 1636; x_wconf 75' lang='grc' dir='ltr'>οἱ</span> <span class='ocrx_word' id='word_1_257' title='bbox 3668 1599 3759 1634; x_wconf 69' lang='lat'><strong>7::-</strong></span> 
     </span>
    </p>
   </div>
   <div class='ocr_carea' id='block_1_43' title="bbox 2187 1712 2412 1784">
    <p class='ocr_par' dir='ltr' id='par_1_43' title="bbox 2187 1712 2412 1784">
     <span class='ocr_line' id='line_1_43' title="bbox 2187 1712 2412 1784; baseline -0.009 -20"><span class='ocrx_word' id='word_1_258' title='bbox 2187 1712 2357 1784; x_wconf 89' lang='grc' dir='ltr'>ριόντε</span> <span class='ocrx_word' id='word_1_259' title='bbox 2365 1724 2412 1772; x_wconf 92' lang='grc' dir='ltr'>ς.</span> 
     </span>
    </p>
   </div>
   <div class='ocr_carea' id='block_1_44' title="bbox 2765 1894 3170 1961">
    <p class='ocr_par' dir='ltr' id='par_1_44' title="bbox 2765 1894 3170 1961">
     <span class='ocr_line' id='line_1_44' title="bbox 2765 1894 3170 1961; baseline -0.02 -7"><span class='ocrx_word' id='word_1_260' title='bbox 2765 1897 3015 1953; x_wconf 75' lang='grc' dir='ltr'><strong>ΚΕΦΑΛ.</strong></span> <span class='ocrx_word' id='word_1_261' title='bbox 3052 1894 3170 1961; x_wconf 70' lang='grc' dir='ltr'>ις’.</span> 
     </span>
    </p>
   </div>
   <div class='ocr_carea' id='block_1_45' title="bbox 2254 1988 3763 2097">
    <p class='ocr_par' dir='ltr' id='par_1_45' title="bbox 2254 1988 3763 2097">
     <span class='ocr_line' id='line_1_45' title="bbox 2254 1988 3763 2097; baseline -0.03 -14"><span class='ocrx_word' id='word_1_262' title='bbox 2254 2028 2318 2083; x_wconf 82' lang='grc' dir='ltr'>Εἰ</span> <span class='ocrx_word' id='word_1_263' title='bbox 2366 2019 2639 2097; x_wconf 76' lang='grc' dir='ltr'>προκόψαι</span> <span class='ocrx_word' id='word_1_264' title='bbox 2686 2015 2895 2080; x_wconf 87' lang='grc' dir='ltr'>θέλεις,</span> <span class='ocrx_word' id='word_1_265' title='bbox 2949 2009 3085 2078; x_wconf 80' lang='grc' dir='ltr'>ἄφες</span> <span class='ocrx_word' id='word_1_266' title='bbox 3138 2004 3267 2063; x_wconf 74' lang='grc' dir='ltr'>τοὺς</span> <span class='ocrx_word' id='word_1_267' title='bbox 3310 1995 3611 2097; x_wconf 44' lang='grc' dir='ltr'>τοιούτοιζς</span> <span class='ocrx_word' id='word_1_268' title='bbox 3661 1988 3763 2041; x_wconf 72' lang='grc' dir='ltr'>ἐπι·</span> 
     </span>
    </p>
   </div>
   <div class='ocr_carea' id='block_1_46' title="bbox 2184 2084 3765 2191">
    <p class='ocr_par' dir='ltr' id='par_1_46' title="bbox 2184 2084 3765 2191">
     <span class='ocr_line' id='line_1_46' title="bbox 2184 2084 3765 2191; baseline -0.028 -15"><span class='ocrx_word' id='word_1_269' title='bbox 2184 2084 2480 2191; x_wconf 68' lang='grc' dir='ltr'>λογισμούς</span> <span class='ocrx_word' id='word_1_270' title='bbox 2508 2084 2628 2167; x_wconf 48' lang='grc' dir='ltr'><strong>’Ἂν</strong></span> <span class='ocrx_word' id='word_1_271' title='bbox 2662 2106 2922 2179; x_wconf 75' lang='grc' dir='ltr'><strong>ἀμελήσω</strong></span> <span class='ocrx_word' id='word_1_272' title='bbox 2950 2099 3061 2154; x_wconf 86' lang='grc' dir='ltr'><strong>τῶν</strong></span> <span class='ocrx_word' id='word_1_273' title='bbox 3089 2092 3379 2167; x_wconf 84' lang='grc' dir='ltr'>ὲμῶν,οὑχ</span> <span class='ocrx_word' id='word_1_274' title='bbox 3404 2088 3523 2152; x_wconf 76' lang='grc' dir='ltr'><strong>ἔξω</strong></span> <span class='ocrx_word' id='word_1_275' title='bbox 3556 2084 3765 2191; x_wconf 52' lang='lat'><strong>61-11.“.-</strong></span> 
     </span>
    </p>
   </div>
   <div class='ocr_carea' id='block_1_47' title="bbox 2185 2175 3761 2285">
    <p class='ocr_par' dir='ltr' id='par_1_47' title="bbox 2185 2175 3761 2285">
     <span class='ocr_line' id='line_1_47' title="bbox 2185 2175 3761 2285; baseline -0.033 -11"><span class='ocrx_word' id='word_1_276' title='bbox 2185 2175 2313 2285; x_wconf 50' lang='grc' dir='ltr'>φῆν,</span> <span class='ocrx_word' id='word_1_277' title='bbox 2347 2175 2435 2264; x_wconf 49' lang='grc' dir='ltr'>’ἂν</span> <span class='ocrx_word' id='word_1_278' title='bbox 2461 2175 2563 2279; x_wconf 25' lang='grc' dir='ltr'><strong>*μὴ</strong></span> <span class='ocrx_word' id='word_1_279' title='bbox 2618 2175 2835 2259; x_wconf 74' lang='grc' dir='ltr'>κολάσώ</span> <span class='ocrx_word' id='word_1_280' title='bbox 2885 2193 2978 2249; x_wconf 77' lang='grc' dir='ltr'><strong>τὸν</strong></span> <span class='ocrx_word' id='word_1_281' title='bbox 3027 2188 3225 2251; x_wconf 85' lang='grc' dir='ltr'>παῖδα,</span> <span class='ocrx_word' id='word_1_282' title='bbox 3279 2179 3535 2251; x_wconf 69' lang='grc' dir='ltr'>πονηρὸς</span> <span class='ocrx_word' id='word_1_283' title='bbox 3600 2175 3761 2285; x_wconf 69' lang='grc' dir='ltr'><strong>εει-ταιζ</strong></span> 
     </span>
    </p>
   </div>
   <div class='ocr_carea' id='block_1_48' title="bbox 2186 2266 3763 2381">
    <p class='ocr_par' dir='ltr' id='par_1_48' title="bbox 2186 2266 3763 2381">
     <span class='ocr_line' id='line_1_48' title="bbox 2186 2266 3763 2381; baseline -0.031 -16"><span class='ocrx_word' id='word_1_284' title='bbox 2186 2266 2455 2381; x_wconf 50' lang='grc' dir='ltr'>ἱερεὶσσόν</span> <span class='ocrx_word' id='word_1_285' title='bbox 2487 2266 2609 2372; x_wconf 50' lang='grc' dir='ltr'>’γάρ</span> <span class='ocrx_word' id='word_1_286' title='bbox 2656 2300 2772 2351; x_wconf 76' lang='grc' dir='ltr'>ἐστι</span> <span class='ocrx_word' id='word_1_287' title='bbox 2824 2289 2969 2361; x_wconf 81' lang='grc' dir='ltr'>λιμῷ</span> <span class='ocrx_word' id='word_1_288' title='bbox 3021 2282 3310 2340; x_wconf 82' lang='grc' dir='ltr'>ἀποθανεῖν</span> <span class='ocrx_word' id='word_1_289' title='bbox 3357 2272 3621 2381; x_wconf 51' lang='grc' dir='ltr'>ἄφοϐον,</span> <span class='ocrx_word' id='word_1_290' title='bbox 3682 2266 3763 2318; x_wconf 72' lang='grc' dir='ltr'><strong>καὶ</strong></span> 
     </span>
    </p>
   </div>
   <div class='ocr_carea' id='block_1_49' title="bbox 2187 2363 3761 2466">
    <p class='ocr_par' dir='ltr' id='par_1_49' title="bbox 2187 2363 3761 2466">
     <span class='ocr_line' id='line_1_49' title="bbox 2187 2363 3761 2466; baseline -0.029 -10"><span class='ocrx_word' id='word_1_291' title='bbox 2187 2363 2391 2457; x_wconf 64' lang='grc' dir='ltr'>ἀλυπον</span> <span class='ocrx_word' id='word_1_292' title='bbox 2417 2363 2727 2466; x_wconf 69' lang='grc' dir='ltr'>γενόμενον,</span> <span class='ocrx_word' id='word_1_293' title='bbox 2763 2387 2798 2459; x_wconf 81' lang='grc' dir='ltr'>ἢ</span> <span class='ocrx_word' id='word_1_294' title='bbox 2828 2385 2924 2454; x_wconf 76' lang='grc' dir='ltr'><strong>ζῇν</strong></span> <span class='ocrx_word' id='word_1_295' title='bbox 2960 2383 3017 2433; x_wconf 79' lang='grc' dir='ltr'>ὲν</span> <span class='ocrx_word' id='word_1_296' title='bbox 3049 2376 3301 2466; x_wconf 77' lang='grc' dir='ltr'>ἀφθόνοις</span> <span class='ocrx_word' id='word_1_297' title='bbox 3328 2363 3761 2466; x_wconf 49' lang='grc' dir='ltr'>ταράσσόμενον,</span> 
     </span>
    </p>
   </div>
   <div class='ocr_carea' id='block_1_50' title="bbox 2188 2452 3762 2566">
    <p class='ocr_par' dir='ltr' id='par_1_50' title="bbox 2188 2452 3762 2566">
     <span class='ocr_line' id='line_1_50' title="bbox 2188 2452 3762 2566; baseline -0.029 -17"><span class='ocrx_word' id='word_1_298' title='bbox 2188 2496 2441 2566; x_wconf 88' lang='grc' dir='ltr'>κρεῖσσον</span> <span class='ocrx_word' id='word_1_299' title='bbox 2478 2488 2572 2543; x_wconf 77' lang='grc' dir='ltr'>καὶ</span> <span class='ocrx_word' id='word_1_300' title='bbox 2603 2485 2694 2539; x_wconf 72' lang='grc' dir='ltr'><strong>τὸν</strong></span> <span class='ocrx_word' id='word_1_301' title='bbox 2724 2478 2892 2536; x_wconf 89' lang='grc' dir='ltr'>παῖδα</span> <span class='ocrx_word' id='word_1_302' title='bbox 2923 2474 3090 2530; x_wconf 80' lang='grc' dir='ltr'>κακὸν</span> <span class='ocrx_word' id='word_1_303' title='bbox 3124 2464 3284 2533; x_wconf 76' lang='grc' dir='ltr'>εἶναι,</span> <span class='ocrx_word' id='word_1_304' title='bbox 3318 2464 3355 2535; x_wconf 77' lang='grc' dir='ltr'>ἢ</span> <span class='ocrx_word' id='word_1_305' title='bbox 3397 2460 3468 2515; x_wconf 81' lang='grc' dir='ltr'>σὲ</span> <span class='ocrx_word' id='word_1_306' title='bbox 3511 2452 3762 2511; x_wconf 68' lang='grc' dir='ltr'>κακοδαί-</span> 
     </span>
    </p>
   </div>
   <div class='ocr_carea' id='block_1_51' title="bbox 2194 2602 2351 2658">
    <p class='ocr_par' dir='ltr' id='par_1_51' title="bbox 2194 2602 2351 2658">
     <span class='ocr_line' id='line_1_51' title="bbox 2194 2602 2351 2658; baseline -0.019 -18"><span class='ocrx_word' id='word_1_307' title='bbox 2194 2602 2351 2658; x_wconf 91' lang='grc' dir='ltr'>μονα.</span> 
     </span>
    </p>
   </div>
   <div class='ocr_carea' id='block_1_52' title="bbox 2774 2674 3166 2742">
    <p class='ocr_par' dir='ltr' id='par_1_52' title="bbox 2774 2674 3166 2742">
     <span class='ocr_line' id='line_1_52' title="bbox 2774 2674 3166 2742; baseline -0.036 -1"><span class='ocrx_word' id='word_1_308' title='bbox 2774 2681 3025 2742; x_wconf 75' lang='grc' dir='ltr'><strong>ΚΕΦᾹΛ.</strong></span> <span class='ocrx_word' id='word_1_309' title='bbox 3066 2674 3166 2729; x_wconf 88' lang='grc' dir='ltr'><strong>1Ζ’.</strong></span> 
     </span>
    </p>
   </div>
   <div class='ocr_carea' id='block_1_53' title="bbox 2267 2776 3770 2886">
    <p class='ocr_par' dir='ltr' id='par_1_53' title="bbox 2267 2776 3770 2886">
     <span class='ocr_line' id='line_1_53' title="bbox 2267 2776 3770 2886; baseline -0.027 -18"><span class='ocrx_word' id='word_1_310' title='bbox 2267 2812 2462 2886; x_wconf 79' lang='grc' dir='ltr'>Ἀρξαι</span> <span class='ocrx_word' id='word_1_311' title='bbox 2492 2803 2815 2876; x_wconf 80' lang='grc' dir='ltr'>τοιγαροῦνο</span> <span class='ocrx_word' id='word_1_312' title='bbox 2850 2798 2956 2852; x_wconf 85' lang='grc' dir='ltr'><strong>ἀπὸ</strong></span> <span class='ocrx_word' id='word_1_313' title='bbox 2995 2792 3106 2847; x_wconf 79' lang='grc' dir='ltr'><strong>τῶν</strong></span> <span class='ocrx_word' id='word_1_314' title='bbox 3156 2784 3371 2861; x_wconf 81' lang='grc' dir='ltr'>μικρῶν</span> <span class='ocrx_word' id='word_1_315' title='bbox 3419 2782 3681 2879; x_wconf 66' lang='grc' dir='ltr'>ἐκχεῖται</span> <span class='ocrx_word' id='word_1_316' title='bbox 3719 2776 3770 2828; x_wconf 74' lang='grc' dir='ltr'>τι</span> 
     </span>
    </p>
   </div>
   <div class='ocr_carea' id='block_1_54' title="bbox 2194 2868 3768 2969">
    <p class='ocr_par' dir='ltr' id='par_1_54' title="bbox 2194 2868 3768 2969">
     <span class='ocr_line' id='line_1_54' title="bbox 2194 2868 3768 2969; baseline -0.029 -6"><span class='ocrx_word' id='word_1_317' title='bbox 2194 2908 2424 2969; x_wconf 79' lang='grc' dir='ltr'>ὲλάδιον,</span> <span class='ocrx_word' id='word_1_318' title='bbox 2472 2901 2759 2954; x_wconf 76' lang='grc' dir='ltr'>κλέπτεται</span> <span class='ocrx_word' id='word_1_319' title='bbox 2805 2891 2867 2945; x_wconf 84' lang='grc' dir='ltr'><strong>τδ</strong></span> <span class='ocrx_word' id='word_1_320' title='bbox 2912 2888 3151 2956; x_wconf 80' lang='grc' dir='ltr'>ὀνάριον,</span> <span class='ocrx_word' id='word_1_321' title='bbox 3204 2880 3467 2944; x_wconf 73' lang='grc' dir='ltr'>ὲπίλεγεο</span> <span class='ocrx_word' id='word_1_322' title='bbox 3506 2868 3768 2924; x_wconf 52' lang='lat' dir='ltr'><strong>Tomitae</strong></span> 
     </span>
    </p>
   </div>
   <div class='ocr_carea' id='block_1_55' title="bbox 2196 2961 3772 3057">
    <p class='ocr_par' dir='ltr' id='par_1_55' title="bbox 2196 2961 3772 3057">
     <span class='ocr_line' id='line_1_55' title="bbox 2196 2961 3772 3057; baseline -0.03 0"><span class='ocrx_word' id='word_1_323' title='bbox 2196 3000 2461 3057; x_wconf 82' lang='grc' dir='ltr'>πωλεῖται</span> <span class='ocrx_word' id='word_1_324' title='bbox 2506 2991 2767 3052; x_wconf 88' lang='grc' dir='ltr'>ἀπάθεια,</span> <span class='ocrx_word' id='word_1_325' title='bbox 2816 2980 3072 3037; x_wconf 80' lang='grc' dir='ltr'><strong>τοσούτου</strong></span> <span class='ocrx_word' id='word_1_326' title='bbox 3123 2969 3413 3044; x_wconf 77' lang='grc' dir='ltr'>ἀταραξία,</span> <span class='ocrx_word' id='word_1_327' title='bbox 3468 2966 3684 3035; x_wconf 82' lang='grc' dir='ltr'>προῖκα</span> <span class='ocrx_word' id='word_1_328' title='bbox 3723 2961 3772 3011; x_wconf 59' lang='grc' dir='ltr'>δὲ</span> 
     </span>
    </p>
   </div>
   <div class='ocr_carea' id='block_1_56' title="bbox 527 3049 2097 3173">
    <p class='ocr_par' dir='ltr' id='par_1_56' title="bbox 527 3078 2095 3173">
     <span class='ocr_line' id='line_1_56' title="bbox 527 3078 2095 3173; baseline -0.017 -14"><span class='ocrx_word' id='word_1_329' title='bbox 527 3117 634 3173; x_wconf 89' lang='lat' dir='ltr'><strong>que</strong></span> <span class='ocrx_word' id='word_1_330' title='bbox 668 3098 1032 3170; x_wconf 88' lang='lat' dir='ltr'><strong>tranquillitas</strong></span> <span class='ocrx_word' id='word_1_331' title='bbox 1096 3093 1263 3149; x_wconf 89' lang='lat' dir='ltr'><strong>animi</strong></span> <span class='ocrx_word' id='word_1_332' title='bbox 1322 3086 1731 3161; x_wconf 89' lang='lat' dir='ltr'><strong>imperturbati;</strong></span> <span class='ocrx_word' id='word_1_333' title='bbox 1782 3083 1858 3138; x_wconf 91' lang='lat' dir='ltr'><strong>nil</strong></span> <span class='ocrx_word' id='word_1_334' title='bbox 1897 3078 2095 3136; x_wconf 85' lang='lat' dir='ltr'><strong>etenim</strong></span> 
     </span>
    </p>
   </div>
   <div class='ocr_carea' id='block_1_57' title="bbox 2211 3049 3774 3173">
    <p class='ocr_par' dir='ltr' id='par_1_57' title="bbox 2211 3049 3774 3173">
     <span class='ocr_line' id='line_1_57' title="bbox 2211 3049 3774 3173; baseline -0.028 -26"><span class='ocrx_word' id='word_1_335' title='bbox 2211 3091 2353 3147; x_wconf 65' lang='grc' dir='ltr'>ιὺδὲν</span> <span class='ocrx_word' id='word_1_336' title='bbox 2382 3049 2941 3158; x_wconf 41' lang='grc' dir='ltr'>περιγίνεταιξὍταν</span> <span class='ocrx_word' id='word_1_337' title='bbox 2970 3069 3143 3139; x_wconf 81' lang='grc' dir='ltr'>καλῇς</span> <span class='ocrx_word' id='word_1_338' title='bbox 3170 3065 3260 3119; x_wconf 79' lang='grc' dir='ltr'><strong>τὸν</strong></span> <span class='ocrx_word' id='word_1_339' title='bbox 3292 3061 3490 3125; x_wconf 83' lang='grc' dir='ltr'>παῖδα,</span> <span class='ocrx_word' id='word_1_340' title='bbox 3543 3049 3774 3173; x_wconf 54' lang='grc' dir='ltr'>ἐνθυίοὖ</span> 
     </span>
     <span class='ocr_line' id='line_1_58' title="bbox 2764 3142 3772 3173; baseline -0.024 24"><span class='ocrx_word' id='word_1_341' title='bbox 2764 3172 2767 3173; x_wconf 51' lang='grc' dir='ltr'><strong>ν</strong></span> <span class='ocrx_word' id='word_1_342' title='bbox 2946 3165 2957 3173; x_wconf 90' lang='grc'><strong>·</strong></span> <span class='ocrx_word' id='word_1_343' title='bbox 3182 3158 3225 3173; x_wconf 70' lang='grc' dir='ltr'><strong>ιιι</strong></span> <span class='ocrx_word' id='word_1_344' title='bbox 3326 3154 3505 3173; x_wconf 40' lang='grc' dir='ltr'><strong>κλμ-</strong></span> <span class='ocrx_word' id='word_1_345' title='bbox 3582 3142 3661 3173; x_wconf 55' lang='grc' dir='ltr'><strong>1η.</strong></span> <span class='ocrx_word' id='word_1_346' title='bbox 3730 3145 3772 3173; x_wconf 34' lang='grc' dir='ltr'>λ,</span> 
     </span>
    </p>
   </div>
   <div class='ocr_carea' id='block_1_58' title="bbox 528 3142 2097 3266">
    <p class='ocr_par' dir='ltr' id='par_1_58' title="bbox 528 3142 2094 3266">
     <span class='ocr_line' id='line_1_59' title="bbox 528 3142 1729 3173; baseline -0.016 -15"><span class='ocrx_word' id='word_1_347' title='bbox 528 3142 634 3173; x_wconf 78' lang='lat'><strong>.,....</strong></span> <span class='ocrx_word' id='word_1_348' title='bbox 670 3142 1031 3170; x_wconf 75' lang='lat'><strong>.......,......._..</strong></span> <span class='ocrx_word' id='word_1_349' title='bbox 1096 3142 1263 3149; x_wconf 49' lang='grc' dir='ltr'><strong>---ψη</strong></span> <span class='ocrx_word' id='word_1_350' title='bbox 1717 3142 1729 3150; x_wconf 71' lang='grc'><strong>,</strong></span> 
     </span>
     <span class='ocr_line' id='line_1_60' title="bbox 528 3178 2094 3266; baseline -0.016 -17"><span class='ocrx_word' id='word_1_351' title='bbox 528 3194 699 3266; x_wconf 90' lang='lat' dir='ltr'><strong>gratis</strong></span> <span class='ocrx_word' id='word_1_352' title='bbox 751 3197 1120 3262; x_wconf 90' lang='lat' dir='ltr'><strong>comparatur.</strong></span> <span class='ocrx_word' id='word_1_353' title='bbox 1176 3184 1406 3254; x_wconf 85' lang='lat' dir='ltr'><strong>Quando</strong></span> <span class='ocrx_word' id='word_1_354' title='bbox 1452 3178 1772 3237; x_wconf 88' lang='lat' dir='ltr'><strong>accersieris</strong></span> <span class='ocrx_word' id='word_1_355' title='bbox 1826 3188 2094 3246; x_wconf 89' lang='lat' dir='ltr'><strong>puerum,</strong></span> 
     </span>
    </p>
   </div>
   <div class='ocr_carea' id='block_1_59' title="bbox 2211 3142 3774 3266">
    <p class='ocr_par' dir='ltr' id='par_1_59' title="bbox 2211 3142 3774 3266">
     <span class='ocr_line' id='line_1_61' title="bbox 2211 3142 3774 3245; baseline -0.03 -5"><span class='ocrx_word' id='word_1_356' title='bbox 2211 3189 2279 3241; x_wconf 67' lang='grc' dir='ltr'>ὅτι</span> <span class='ocrx_word' id='word_1_357' title='bbox 2319 3183 2379 3236; x_wconf 88' lang='grc' dir='ltr'><strong>οὑ</strong></span> <span class='ocrx_word' id='word_1_358' title='bbox 2416 3180 2643 3234; x_wconf 82' lang='grc' dir='ltr'>δύναται</span> <span class='ocrx_word' id='word_1_359' title='bbox 2681 3174 2715 3245; x_wconf 83' lang='grc' dir='ltr'><strong>ἦ</strong></span> <span class='ocrx_word' id='word_1_360' title='bbox 2751 3165 3067 3227; x_wconf 83' lang='grc' dir='ltr'>ὑπακούσας</span> <span class='ocrx_word' id='word_1_361' title='bbox 3100 3158 3235 3232; x_wconf 80' lang='grc' dir='ltr'>μηδὲ</span> <span class='ocrx_word' id='word_1_362' title='bbox 3273 3154 3534 3223; x_wconf 71' lang='grc' dir='ltr'>ποιῆσαι,</span> <span class='ocrx_word' id='word_1_363' title='bbox 3580 3142 3661 3201; x_wconf 78' lang='grc' dir='ltr'>ὧν</span> <span class='ocrx_word' id='word_1_364' title='bbox 3696 3144 3774 3195; x_wconf 83' lang='grc' dir='ltr'>θέ-</span> 
     </span>
     <span class='ocr_line' id='line_1_62' title="bbox 2679 3238 3774 3266; baseline -0.029 32"><span class='ocrx_word' id='word_1_365' title='bbox 2679 3265 2682 3266; x_wconf 71' lang='lat'><strong><em>&#39;</em></strong></span> <span class='ocrx_word' id='word_1_366' title='bbox 2798 3264 2806 3266; x_wconf 61' lang='lat'><strong>‘</strong></span> <span class='ocrx_word' id='word_1_367' title='bbox 2887 3261 2897 3266; x_wconf 88' lang='grc'>·</span> <span class='ocrx_word' id='word_1_368' title='bbox 3009 3257 3022 3266; x_wconf 67' lang='grc' dir='ltr'><strong>ι</strong></span> <span class='ocrx_word' id='word_1_369' title='bbox 3077 3253 3103 3265; x_wconf 65' lang='grc'><em>’⁸</em></span> <span class='ocrx_word' id='word_1_370' title='bbox 3211 3248 3275 3266; x_wconf 59' lang='grc' dir='ltr'>ε·</span> <span class='ocrx_word' id='word_1_371' title='bbox 3309 3265 3316 3266; x_wconf 45' lang='grc' dir='ltr'><em>κ</em></span> <span class='ocrx_word' id='word_1_372' title='bbox 3372 3246 3463 3266; x_wconf 49' lang='grc' dir='ltr'><strong>ε’-μ-</strong></span> <span class='ocrx_word' id='word_1_373' title='bbox 3504 3242 3565 3266; x_wconf 75' lang='grc' dir='ltr'><strong>ι..</strong></span> <span class='ocrx_word' id='word_1_374' title='bbox 3597 3238 3774 3266; x_wconf 74' lang='grc' dir='ltr'><strong>ι..-τ.-;,</strong></span> 
     </span>
    </p>
   </div>
   <div class='ocr_carea' id='block_1_60' title="bbox 529 3274 2099 3359">
    <p class='ocr_par' dir='ltr' id='par_1_60' title="bbox 529 3274 2099 3359">
     <span class='ocr_line' id='line_1_63' title="bbox 529 3274 2099 3359; baseline -0.017 -15"><span class='ocrx_word' id='word_1_375' title='bbox 529 3288 707 3359; x_wconf 87' lang='lat' dir='ltr'><strong>cogita</strong></span> <span class='ocrx_word' id='word_1_376' title='bbox 745 3285 889 3356; x_wconf 90' lang='lat' dir='ltr'><strong>quod</strong></span> <span class='ocrx_word' id='word_1_377' title='bbox 941 3297 1050 3338; x_wconf 90' lang='lat' dir='ltr'><strong>non</strong></span> <span class='ocrx_word' id='word_1_378' title='bbox 1095 3288 1273 3352; x_wconf 90' lang='lat' dir='ltr'><strong>potest</strong></span> <span class='ocrx_word' id='word_1_379' title='bbox 1314 3277 1444 3351; x_wconf 91' lang='lat' dir='ltr'><strong>quid</strong></span> <span class='ocrx_word' id='word_1_380' title='bbox 1492 3274 1671 3330; x_wconf 80' lang='lat' dir='ltr'><strong>facere</strong></span> <span class='ocrx_word' id='word_1_381' title='bbox 1721 3284 1934 3334; x_wconf 83' lang='lat' dir='ltr'><strong>eorum,</strong></span> <span class='ocrx_word' id='word_1_382' title='bbox 1977 3279 2099 3336; x_wconf 77' lang='lat' dir='ltr'><strong>quze</strong></span> 
     </span>
    </p>
   </div>
   <div class='ocr_carea' id='block_1_61' title="bbox 532 3360 2100 3448">
    <p class='ocr_par' dir='ltr' id='par_1_61' title="bbox 532 3360 2100 3448">
     <span class='ocr_line' id='line_1_64' title="bbox 532 3360 2100 3448; baseline -0.016 -11"><span class='ocrx_word' id='word_1_383' title='bbox 532 3381 637 3448; x_wconf 85' lang='lat' dir='ltr'><strong>vis,</strong></span> <span class='ocrx_word' id='word_1_384' title='bbox 671 3380 777 3436; x_wconf 92' lang='lat' dir='ltr'><strong>nisi</strong></span> <span class='ocrx_word' id='word_1_385' title='bbox 808 3377 1094 3440; x_wconf 88' lang='lat' dir='ltr'><strong>obedierit,</strong></span> <span class='ocrx_word' id='word_1_386' title='bbox 1133 3373 1229 3429; x_wconf 90' lang='lat' dir='ltr'><strong>sed</strong></span> <span class='ocrx_word' id='word_1_387' title='bbox 1261 3386 1437 3441; x_wconf 89' lang='lat' dir='ltr'><strong>neque</strong></span> <span class='ocrx_word' id='word_1_388' title='bbox 1466 3368 1540 3424; x_wconf 90' lang='lat' dir='ltr'><strong>ita</strong></span> <span class='ocrx_word' id='word_1_389' title='bbox 1570 3366 1675 3437; x_wconf 90' lang='lat' dir='ltr'><strong>ipsi</strong></span> <span class='ocrx_word' id='word_1_390' title='bbox 1715 3365 1851 3420; x_wconf 89' lang='lat' dir='ltr'><strong>bene</strong></span> <span class='ocrx_word' id='word_1_391' title='bbox 1874 3360 2100 3429; x_wconf 84' lang='lat' dir='ltr'><strong>est;.ita</strong></span> 
     </span>
    </p>
   </div>
   <div class='ocr_carea' id='block_1_62' title="bbox 532 3462 1656 3547">
    <p class='ocr_par' dir='ltr' id='par_1_62' title="bbox 532 3462 1656 3547">
     <span class='ocr_line' id='line_1_65' title="bbox 532 3462 1656 3547; baseline -0.015 -15"><span class='ocrx_word' id='word_1_392' title='bbox 532 3486 594 3532; x_wconf 90' lang='lat' dir='ltr'><strong>ut</strong></span> <span class='ocrx_word' id='word_1_393' title='bbox 619 3474 676 3531; x_wconf 92' lang='lat' dir='ltr'><strong>in</strong></span> <span class='ocrx_word' id='word_1_394' title='bbox 704 3476 823 3547; x_wconf 89' lang='lat' dir='ltr'><strong>ipso</strong></span> <span class='ocrx_word' id='word_1_395' title='bbox 859 3473 951 3536; x_wconf 86' lang='lat' dir='ltr'><strong>sit,</strong></span> <span class='ocrx_word' id='word_1_396' title='bbox 980 3469 1126 3543; x_wconf 84' lang='lat' dir='ltr'><strong>quod</strong></span> <span class='ocrx_word' id='word_1_397' title='bbox 1152 3476 1217 3524; x_wconf 88' lang='lat' dir='ltr'><strong>tu</strong></span> <span class='ocrx_word' id='word_1_398' title='bbox 1254 3482 1368 3521; x_wconf 91' lang='lat' dir='ltr'><strong>non</strong></span> <span class='ocrx_word' id='word_1_399' title='bbox 1400 3462 1656 3519; x_wconf 89' lang='lat' dir='ltr'><strong>turberis.</strong></span> 
     </span>
    </p>
   </div>
   <div class='ocr_carea' id='block_1_63' title="bbox 985 3575 1644 3658">
    <p class='ocr_par' dir='ltr' id='par_1_63' title="bbox 985 3575 1644 3658">
     <span class='ocr_line' id='line_1_66' title="bbox 985 3575 1644 3658; baseline -0.017 -14"><span class='ocrx_word' id='word_1_400' title='bbox 985 3585 1145 3658; x_wconf 90' lang='lat'><strong>333</strong></span> <span class='ocrx_word' id='word_1_401' title='bbox 1174 3579 1405 3640; x_wconf 84' lang='lat' dir='ltr'><strong>CAPUT</strong></span> <span class='ocrx_word' id='word_1_402' title='bbox 1455 3575 1644 3637; x_wconf 80' lang='lat' dir='ltr'><strong>xvnt.</strong></span> 
     </span>
    </p>
   </div>
   <div class='ocr_carea' id='block_1_64' title="bbox 606 3684 2107 3775">
    <p class='ocr_par' dir='ltr' id='par_1_64' title="bbox 606 3684 2107 3775">
     <span class='ocr_line' id='line_1_67' title="bbox 606 3684 2107 3775; baseline -0.015 -14"><span class='ocrx_word' id='word_1_403' title='bbox 606 3706 667 3761; x_wconf 86' lang='lat' dir='ltr'><strong>Si</strong></span> <span class='ocrx_word' id='word_1_404' title='bbox 706 3706 862 3775; x_wconf 90' lang='lat' dir='ltr'><strong>cupis</strong></span> <span class='ocrx_word' id='word_1_405' title='bbox 885 3702 1189 3774; x_wconf 79' lang='lat' dir='ltr'><strong>profectum</strong></span> <span class='ocrx_word' id='word_1_406' title='bbox 1235 3698 1433 3764; x_wconf 80' lang='lat' dir='ltr'><strong>facere,</strong></span> <span class='ocrx_word' id='word_1_407' title='bbox 1471 3694 1703 3759; x_wconf 87' lang='lat' dir='ltr'><strong>sustine,</strong></span> <span class='ocrx_word' id='word_1_408' title='bbox 1744 3686 1892 3762; x_wconf 87' lang='lat' dir='ltr'><strong>quod</strong></span> <span class='ocrx_word' id='word_1_409' title='bbox 1937 3684 2107 3743; x_wconf 83' lang='lat' dir='ltr'><strong>homi-</strong></span> 
     </span>
    </p>
   </div>
   <div class='ocr_carea' id='block_1_65' title="bbox 536 3779 2105 3866">
    <p class='ocr_par' dir='ltr' id='par_1_65' title="bbox 536 3779 2105 3866">
     <span class='ocr_line' id='line_1_68' title="bbox 536 3779 2105 3866; baseline -0.013 -14"><span class='ocrx_word' id='word_1_410' title='bbox 536 3811 657 3863; x_wconf 88' lang='lat' dir='ltr'><strong>nes,</strong></span> <span class='ocrx_word' id='word_1_411' title='bbox 703 3804 920 3866; x_wconf 89' lang='lat' dir='ltr'><strong>propter</strong></span> <span class='ocrx_word' id='word_1_412' title='bbox 952 3809 1037 3860; x_wconf 84' lang='lat' dir='ltr'><strong>ea,</strong></span> <span class='ocrx_word' id='word_1_413' title='bbox 1068 3806 1191 3862; x_wconf 69' lang='lat' dir='ltr'><strong>qua:</strong></span> <span class='ocrx_word' id='word_1_414' title='bbox 1233 3787 1473 3845; x_wconf 90' lang='lat' dir='ltr'><strong>exterius</strong></span> <span class='ocrx_word' id='word_1_415' title='bbox 1514 3784 1788 3849; x_wconf 87' lang='lat' dir='ltr'><strong>videntur,</strong></span> <span class='ocrx_word' id='word_1_416' title='bbox 1823 3781 1880 3836; x_wconf 93' lang='lat' dir='ltr'><strong>in</strong></span> <span class='ocrx_word' id='word_1_417' title='bbox 1924 3779 2105 3850; x_wconf 88' lang='lat' dir='ltr'><strong>aliqua</strong></span> 
     </span>
    </p>
   </div>
   <div class='ocr_carea' id='block_1_66' title="bbox 534 3873 2105 3946">
    <p class='ocr_par' dir='ltr' id='par_1_66' title="bbox 534 3873 2105 3946">
     <span class='ocr_line' id='line_1_69' title="bbox 534 3873 2105 3946; baseline -0.013 -1"><span class='ocrx_word' id='word_1_418' title='bbox 534 3891 649 3945; x_wconf 89' lang='lat' dir='ltr'><strong>sint</strong></span> <span class='ocrx_word' id='word_1_419' title='bbox 688 3888 1133 3943; x_wconf 81' lang='lat' dir='ltr'><strong>existimatione:</strong></span> <span class='ocrx_word' id='word_1_420' title='bbox 1163 3892 1277 3946; x_wconf 91' lang='lat' dir='ltr'><strong>aut,</strong></span> <span class='ocrx_word' id='word_1_421' title='bbox 1326 3882 1374 3937; x_wconf 92' lang='lat' dir='ltr'><strong>si</strong></span> <span class='ocrx_word' id='word_1_422' title='bbox 1425 3888 1482 3935; x_wconf 94' lang='lat' dir='ltr'><strong>tu</strong></span> <span class='ocrx_word' id='word_1_423' title='bbox 1518 3891 1710 3934; x_wconf 88' lang='lat' dir='ltr'><strong>vecors</strong></span> <span class='ocrx_word' id='word_1_424' title='bbox 1756 3873 1945 3938; x_wconf 79' lang='lat' dir='ltr'><strong>fueris,</strong></span> <span class='ocrx_word' id='word_1_425' title='bbox 1996 3885 2105 3926; x_wconf 91' lang='lat' dir='ltr'><strong>non</strong></span> 
     </span>
    </p>
   </div>
   <div class='ocr_carea' id='block_1_67' title="bbox 537 3963 2107 4050">
    <p class='ocr_par' dir='ltr' id='par_1_67' title="bbox 537 3963 2107 4050">
     <span class='ocr_line' id='line_1_70' title="bbox 537 3963 2107 4050; baseline -0.013 -12"><span class='ocrx_word' id='word_1_426' title='bbox 537 3996 697 4038; x_wconf 80' lang='lat' dir='ltr'><strong>cures</strong></span> <span class='ocrx_word' id='word_1_427' title='bbox 746 3979 951 4050; x_wconf 82' lang='lat' dir='ltr'><strong>aliquid</strong></span> <span class='ocrx_word' id='word_1_428' title='bbox 1002 3978 1142 4033; x_wconf 85' lang='lat' dir='ltr'><strong>scire</strong></span> <span class='ocrx_word' id='word_1_429' title='bbox 1175 3993 1190 4031; x_wconf 87' lang='lat'><strong>:</strong></span> <span class='ocrx_word' id='word_1_430' title='bbox 1224 3974 1308 4029; x_wconf 91' lang='lat' dir='ltr'><strong>sin</strong></span> <span class='ocrx_word' id='word_1_431' title='bbox 1357 3986 1486 4027; x_wconf 90' lang='lat' dir='ltr'><strong>vero</strong></span> <span class='ocrx_word' id='word_1_432' title='bbox 1534 3967 1864 4041; x_wconf 89' lang='lat' dir='ltr'><strong>quihusdam</strong></span> <span class='ocrx_word' id='word_1_433' title='bbox 1910 3963 2107 4033; x_wconf 83' lang='lat' dir='ltr'><strong>aliquis</strong></span> 
     </span>
    </p>
   </div>
   <div class='ocr_carea' id='block_1_68' title="bbox 537 4056 2108 4138">
    <p class='ocr_par' dir='ltr' id='par_1_68' title="bbox 537 4056 2108 4138">
     <span class='ocr_line' id='line_1_71' title="bbox 537 4056 2108 4138; baseline -0.014 -8"><span class='ocrx_word' id='word_1_434' title='bbox 537 4089 659 4130; x_wconf 83' lang='lat' dir='ltr'><strong>esse</strong></span> <span class='ocrx_word' id='word_1_435' title='bbox 704 4072 961 4138; x_wconf 87' lang='lat' dir='ltr'><strong>videaris,</strong></span> <span class='ocrx_word' id='word_1_436' title='bbox 1017 4085 1085 4124; x_wconf 90' lang='lat' dir='ltr'><strong>ne</strong></span> <span class='ocrx_word' id='word_1_437' title='bbox 1132 4067 1229 4123; x_wconf 92' lang='lat' dir='ltr'><strong>tibi</strong></span> <span class='ocrx_word' id='word_1_438' title='bbox 1284 4066 1388 4136; x_wconf 88' lang='lat' dir='ltr'><strong>ipsi</strong></span> <span class='ocrx_word' id='word_1_439' title='bbox 1437 4064 1598 4119; x_wconf 84' lang='lat' dir='ltr'><strong>ﬁdem</strong></span> <span class='ocrx_word' id='word_1_440' title='bbox 1659 4068 1905 4131; x_wconf 61' lang='lat' dir='ltr'><strong>praestes.</strong></span> <span class='ocrx_word' id='word_1_441' title='bbox 1959 4056 2108 4111; x_wconf 92' lang='lat' dir='ltr'><strong>Scito</strong></span> 
     </span>
    </p>
   </div>
   <div class='ocr_carea' id='block_1_69' title="bbox 537 4148 2107 4235">
    <p class='ocr_par' dir='ltr' id='par_1_69' title="bbox 537 4148 2107 4235">
     <span class='ocr_line' id='line_1_72' title="bbox 537 4148 2107 4235; baseline -0.014 -13"><span class='ocrx_word' id='word_1_442' title='bbox 537 4167 706 4231; x_wconf 90' lang='lat' dir='ltr'><strong>enim,</strong></span> <span class='ocrx_word' id='word_1_443' title='bbox 736 4166 880 4235; x_wconf 84' lang='lat' dir='ltr'><strong>quod</strong></span> <span class='ocrx_word' id='word_1_444' title='bbox 923 4180 1027 4219; x_wconf 91' lang='lat' dir='ltr'><strong>non</strong></span> <span class='ocrx_word' id='word_1_445' title='bbox 1064 4161 1222 4217; x_wconf 82' lang='lat' dir='ltr'><strong>facile</strong></span> <span class='ocrx_word' id='word_1_446' title='bbox 1258 4167 1366 4225; x_wconf 87' lang='lat' dir='ltr'><strong>est,</strong></span> <span class='ocrx_word' id='word_1_447' title='bbox 1415 4157 1491 4211; x_wconf 91' lang='lat' dir='ltr'><strong>tui</strong></span> <span class='ocrx_word' id='word_1_448' title='bbox 1538 4154 1713 4226; x_wconf 86' lang='lat' dir='ltr'><strong>ipsius</strong></span> <span class='ocrx_word' id='word_1_449' title='bbox 1767 4148 2107 4222; x_wconf 89' lang='lat' dir='ltr'><strong>propositum</strong></span> 
     </span>
    </p>
   </div>
   <div class='ocr_carea' id='block_1_70' title="bbox 538 4242 2110 4329">
    <p class='ocr_par' dir='ltr' id='par_1_70' title="bbox 538 4242 2110 4329">
     <span class='ocr_line' id='line_1_73' title="bbox 538 4242 2110 4329; baseline -0.013 -15"><span class='ocrx_word' id='word_1_450' title='bbox 538 4269 748 4315; x_wconf 72' lang='lat' dir='ltr'><strong>naturae</strong></span> <span class='ocrx_word' id='word_1_451' title='bbox 786 4271 1116 4329; x_wconf 80' lang='lat' dir='ltr'><strong>congruens,</strong></span> <span class='ocrx_word' id='word_1_452' title='bbox 1144 4254 1419 4323; x_wconf 80' lang='lat' dir='ltr'><strong>simulque</strong></span> <span class='ocrx_word' id='word_1_453' title='bbox 1461 4265 1547 4305; x_wconf 89' lang='lat' dir='ltr'><strong>res</strong></span> <span class='ocrx_word' id='word_1_454' title='bbox 1589 4245 1894 4304; x_wconf 79' lang='lat' dir='ltr'><strong>exteriores</strong></span> <span class='ocrx_word' id='word_1_455' title='bbox 1921 4242 2110 4298; x_wconf 91' lang='lat' dir='ltr'><strong>obser-</strong></span> 
     </span>
    </p>
   </div>
   <div class='ocr_carea' id='block_1_71' title="bbox 539 4335 2107 4412">
    <p class='ocr_par' dir='ltr' id='par_1_71' title="bbox 539 4335 2107 4412">
     <span class='ocr_line' id='line_1_74' title="bbox 539 4335 2107 4412; baseline -0.01 -7"><span class='ocrx_word' id='word_1_456' title='bbox 539 4368 687 4408; x_wconf 86' lang='lat' dir='ltr'><strong>vare.</strong></span> <span class='ocrx_word' id='word_1_457' title='bbox 712 4351 815 4407; x_wconf 89' lang='lat' dir='ltr'><strong>Sed</strong></span> <span class='ocrx_word' id='word_1_458' title='bbox 840 4365 1123 4406; x_wconf 89' lang='lat' dir='ltr'><strong>necessum</strong></span> <span class='ocrx_word' id='word_1_459' title='bbox 1147 4347 1392 4412; x_wconf 90' lang='lat' dir='ltr'><strong>omnino,</strong></span> <span class='ocrx_word' id='word_1_460' title='bbox 1419 4353 1499 4411; x_wconf 85' lang='lat' dir='ltr'><strong>ut,</strong></span> <span class='ocrx_word' id='word_1_461' title='bbox 1527 4341 1660 4397; x_wconf 89' lang='lat' dir='ltr'><strong>dum</strong></span> <span class='ocrx_word' id='word_1_462' title='bbox 1691 4340 1856 4395; x_wconf 89' lang='lat' dir='ltr'><strong>unius</strong></span> <span class='ocrx_word' id='word_1_463' title='bbox 1885 4335 2107 4407; x_wconf 85' lang='lat' dir='ltr'><strong>satagis,</strong></span> 
     </span>
    </p>
   </div>
   <div class='ocr_carea' id='block_1_72' title="bbox 541 4444 1063 4516">
    <p class='ocr_par' dir='ltr' id='par_1_72' title="bbox 541 4444 1063 4516">
     <span class='ocr_line' id='line_1_75' title="bbox 541 4444 1063 4516; baseline -0.006 -16"><span class='ocrx_word' id='word_1_464' title='bbox 541 4447 770 4502; x_wconf 86' lang='lat' dir='ltr'><strong>alterum</strong></span> <span class='ocrx_word' id='word_1_465' title='bbox 803 4444 1063 4516; x_wconf 75' lang='lat' dir='ltr'><strong>negligas.</strong></span> 
     </span>
    </p>
   </div>
   <div class='ocr_carea' id='block_1_73' title="bbox 1120 4565 1526 4626">
    <p class='ocr_par' dir='ltr' id='par_1_73' title="bbox 1120 4565 1526 4626">
     <span class='ocr_line' id='line_1_76' title="bbox 1120 4565 1526 4626; baseline -0.012 -1"><span class='ocrx_word' id='word_1_466' title='bbox 1120 4567 1346 4626; x_wconf 82' lang='lat' dir='ltr'><strong>CAPUT</strong></span> <span class='ocrx_word' id='word_1_467' title='bbox 1388 4565 1526 4622; x_wconf 80' lang='lat' dir='ltr'><strong>XIX.</strong></span> 
     </span>
    </p>
   </div>
   <div class='ocr_carea' id='block_1_74' title="bbox 614 4678 2118 4747">
    <p class='ocr_par' dir='ltr' id='par_1_74' title="bbox 614 4678 2118 4747">
     <span class='ocr_line' id='line_1_77' title="bbox 614 4678 2118 4747; baseline -0.007 -7"><span class='ocrx_word' id='word_1_468' title='bbox 614 4682 673 4740; x_wconf 90' lang='lat' dir='ltr'><strong>Si</strong></span> <span class='ocrx_word' id='word_1_469' title='bbox 713 4683 871 4747; x_wconf 90' lang='lat' dir='ltr'><strong>velis,</strong></span> <span class='ocrx_word' id='word_1_470' title='bbox 915 4690 973 4736; x_wconf 91' lang='lat' dir='ltr'><strong>ut</strong></span> <span class='ocrx_word' id='word_1_471' title='bbox 1016 4681 1270 4736; x_wconf 90' lang='lat' dir='ltr'><strong>omnibus</strong></span> <span class='ocrx_word' id='word_1_472' title='bbox 1300 4681 1478 4736; x_wconf 90' lang='lat' dir='ltr'><strong>modis</strong></span> <span class='ocrx_word' id='word_1_473' title='bbox 1518 4682 1596 4734; x_wconf 90' lang='lat' dir='ltr'><strong>tui</strong></span> <span class='ocrx_word' id='word_1_474' title='bbox 1629 4678 1747 4742; x_wconf 81' lang='lat' dir='ltr'><strong>ﬁlii,</strong></span> <span class='ocrx_word' id='word_1_475' title='bbox 1781 4685 1837 4733; x_wconf 91' lang='lat' dir='ltr'><strong>et</strong></span> <span class='ocrx_word' id='word_1_476' title='bbox 1868 4690 2028 4741; x_wconf 83' lang='lat' dir='ltr'><strong>uxor,</strong></span> <span class='ocrx_word' id='word_1_477' title='bbox 2061 4684 2118 4731; x_wconf 87' lang='lat' dir='ltr'><strong>et</strong></span> 
     </span>
    </p>
   </div>
   <div class='ocr_carea' id='block_1_75' title="bbox 544 4769 2116 4841">
    <p class='ocr_par' dir='ltr' id='par_1_75' title="bbox 544 4769 2116 4841">
     <span class='ocr_line' id='line_1_78' title="bbox 544 4769 2116 4841; baseline -0.008 -9"><span class='ocrx_word' id='word_1_478' title='bbox 544 4777 707 4833; x_wconf 89' lang='lat' dir='ltr'><strong>amici</strong></span> <span class='ocrx_word' id='word_1_479' title='bbox 740 4775 948 4840; x_wconf 87' lang='lat' dir='ltr'><strong>vivant,</strong></span> <span class='ocrx_word' id='word_1_480' title='bbox 979 4772 1177 4828; x_wconf 89' lang='lat' dir='ltr'><strong>stultus</strong></span> <span class='ocrx_word' id='word_1_481' title='bbox 1205 4787 1298 4839; x_wconf 89' lang='lat' dir='ltr'><strong>es;</strong></span> <span class='ocrx_word' id='word_1_482' title='bbox 1332 4787 1395 4826; x_wconf 86' lang='lat' dir='ltr'><strong>ea</strong></span> <span class='ocrx_word' id='word_1_483' title='bbox 1422 4771 1647 4835; x_wconf 92' lang='lat' dir='ltr'><strong>etenim,</strong></span> <span class='ocrx_word' id='word_1_484' title='bbox 1680 4784 1804 4841; x_wconf 67' lang='lat' dir='ltr'><strong>qua:</strong></span> <span class='ocrx_word' id='word_1_485' title='bbox 1843 4769 1897 4823; x_wconf 93' lang='lat' dir='ltr'><strong>in</strong></span> <span class='ocrx_word' id='word_1_486' title='bbox 1931 4777 1981 4824; x_wconf 88' lang='lat' dir='ltr'><strong>te</strong></span> <span class='ocrx_word' id='word_1_487' title='bbox 2008 4782 2116 4821; x_wconf 88' lang='lat' dir='ltr'><strong>non</strong></span> 
     </span>
    </p>
   </div>
   <div class='ocr_carea' id='block_1_76' title="bbox 545 4859 2120 4937">
    <p class='ocr_par' dir='ltr' id='par_1_76' title="bbox 545 4859 2120 4937">
     <span class='ocr_line' id='line_1_79' title="bbox 545 4859 2120 4937; baseline -0.007 -14"><span class='ocrx_word' id='word_1_488' title='bbox 545 4875 693 4931; x_wconf 86' lang='lat' dir='ltr'><strong>sunt,</strong></span> <span class='ocrx_word' id='word_1_489' title='bbox 739 4868 820 4922; x_wconf 89' lang='lat' dir='ltr'><strong>vis</strong></span> <span class='ocrx_word' id='word_1_490' title='bbox 859 4876 917 4921; x_wconf 88' lang='lat' dir='ltr'><strong>ut</strong></span> <span class='ocrx_word' id='word_1_491' title='bbox 958 4867 1087 4933; x_wconf 91' lang='lat' dir='ltr'><strong>sint,</strong></span> <span class='ocrx_word' id='word_1_492' title='bbox 1139 4874 1194 4921; x_wconf 85' lang='lat' dir='ltr'><strong>et</strong></span> <span class='ocrx_word' id='word_1_493' title='bbox 1237 4880 1361 4937; x_wconf 66' lang='lat' dir='ltr'><strong>quae</strong></span> <span class='ocrx_word' id='word_1_494' title='bbox 1413 4873 1541 4919; x_wconf 92' lang='lat' dir='ltr'><strong>sunt</strong></span> <span class='ocrx_word' id='word_1_495' title='bbox 1591 4863 1791 4927; x_wconf 88' lang='lat' dir='ltr'><strong>aliena,</strong></span> <span class='ocrx_word' id='word_1_496' title='bbox 1835 4871 1927 4917; x_wconf 84' lang='lat' dir='ltr'><strong>tua</strong></span> <span class='ocrx_word' id='word_1_497' title='bbox 1972 4859 2120 4916; x_wconf 77' lang='lat' dir='ltr'><strong>exsi-</strong></span> 
     </span>
    </p>
   </div>
   <div class='ocr_carea' id='block_1_77' title="bbox 526 4956 2118 5030">
    <p class='ocr_par' dir='ltr' id='par_1_77' title="bbox 526 4956 2118 5030">
     <span class='ocr_line' id='line_1_80' title="bbox 526 4956 2118 5030; baseline -0.008 -10"><span class='ocrx_word' id='word_1_498' title='bbox 526 4970 693 5021; x_wconf 72' lang='lat' dir='ltr'><strong>stant</strong></span> <span class='ocrx_word' id='word_1_499' title='bbox 722 4971 747 5014; x_wconf 70' lang='grc' dir='ltr'><em>τ’</em></span> <span class='ocrx_word' id='word_1_500' title='bbox 766 4960 881 5029; x_wconf 87' lang='lat' dir='ltr'><strong>pari</strong></span> <span class='ocrx_word' id='word_1_501' title='bbox 908 4960 1090 5026; x_wconf 92' lang='lat' dir='ltr'><strong>modo,</strong></span> <span class='ocrx_word' id='word_1_502' title='bbox 1120 4960 1165 5016; x_wconf 93' lang='lat' dir='ltr'><strong>si</strong></span> <span class='ocrx_word' id='word_1_503' title='bbox 1206 4959 1359 5025; x_wconf 89' lang='lat' dir='ltr'><strong>velis,</strong></span> <span class='ocrx_word' id='word_1_504' title='bbox 1393 4958 1537 5030; x_wconf 92' lang='lat' dir='ltr'><strong>quod</strong></span> <span class='ocrx_word' id='word_1_505' title='bbox 1575 4972 1709 5028; x_wconf 88' lang='lat' dir='ltr'><strong>puer</strong></span> <span class='ocrx_word' id='word_1_506' title='bbox 1737 4956 1961 5011; x_wconf 91' lang='lat' dir='ltr'><strong>minime</strong></span> <span class='ocrx_word' id='word_1_507' title='bbox 1987 4969 2118 5025; x_wconf 86' lang='lat' dir='ltr'><strong>pec-</strong></span> 
     </span>
    </p>
   </div>
   <div class='ocr_carea' id='block_1_78' title="bbox 546 5048 2115 5121">
    <p class='ocr_par' dir='ltr' id='par_1_78' title="bbox 546 5048 2115 5121">
     <span class='ocr_line' id='line_1_81' title="bbox 546 5048 2115 5121; baseline -0.005 -14"><span class='ocrx_word' id='word_1_508' title='bbox 546 5062 653 5118; x_wconf 80' lang='lat' dir='ltr'><strong>cet,</strong></span> <span class='ocrx_word' id='word_1_509' title='bbox 684 5050 872 5106; x_wconf 78' lang='lat' dir='ltr'><strong>fatuus</strong></span> <span class='ocrx_word' id='word_1_510' title='bbox 897 5066 991 5118; x_wconf 90' lang='lat' dir='ltr'><strong>es;</strong></span> <span class='ocrx_word' id='word_1_511' title='bbox 1018 5051 1101 5107; x_wconf 87' lang='lat' dir='ltr'><strong>vis</strong></span> <span class='ocrx_word' id='word_1_512' title='bbox 1136 5066 1353 5121; x_wconf 89' lang='lat' dir='ltr'><strong>nempe,</strong></span> <span class='ocrx_word' id='word_1_513' title='bbox 1383 5050 1577 5105; x_wconf 90' lang='lat' dir='ltr'><strong>vitium</strong></span> <span class='ocrx_word' id='word_1_514' title='bbox 1607 5065 1715 5105; x_wconf 91' lang='lat' dir='ltr'><strong>non</strong></span> <span class='ocrx_word' id='word_1_515' title='bbox 1749 5063 1870 5104; x_wconf 89' lang='lat' dir='ltr'><strong>esse</strong></span> <span class='ocrx_word' id='word_1_516' title='bbox 1902 5048 2115 5111; x_wconf 91' lang='lat' dir='ltr'><strong>vitium,</strong></span> 
     </span>
    </p>
   </div>
   <div class='ocr_carea' id='block_1_79' title="bbox 407 5141 2123 5213">
    <p class='ocr_par' dir='ltr' id='par_1_79' title="bbox 407 5141 2123 5213">
     <span class='ocr_line' id='line_1_82' title="bbox 407 5141 2123 5213; baseline -0.003 -14"><span class='ocrx_word' id='word_1_517' title='bbox 407 5157 410 5161; x_wconf 86' lang='lat'>‘</span> <span class='ocrx_word' id='word_1_518' title='bbox 522 5145 641 5205; x_wconf 73' lang='lat' dir='ltr'><strong>sed</strong></span> <span class='ocrx_word' id='word_1_519' title='bbox 684 5143 890 5213; x_wconf 89' lang='lat' dir='ltr'><strong>aliquid</strong></span> <span class='ocrx_word' id='word_1_520' title='bbox 927 5143 1110 5209; x_wconf 86' lang='lat' dir='ltr'><strong>aliud;</strong></span> <span class='ocrx_word' id='word_1_521' title='bbox 1156 5143 1242 5199; x_wconf 89' lang='lat' dir='ltr'><strong>sin</strong></span> <span class='ocrx_word' id='word_1_522' title='bbox 1292 5158 1421 5198; x_wconf 89' lang='lat' dir='ltr'><strong>vero</strong></span> <span class='ocrx_word' id='word_1_523' title='bbox 1454 5143 1588 5198; x_wconf 92' lang='lat' dir='ltr'><strong>velis</strong></span> <span class='ocrx_word' id='word_1_524' title='bbox 1638 5158 1703 5197; x_wconf 89' lang='lat' dir='ltr'><strong>eo</strong></span> <span class='ocrx_word' id='word_1_525' title='bbox 1729 5141 1874 5210; x_wconf 81' lang='lat' dir='ltr'><strong>quod</strong></span> <span class='ocrx_word' id='word_1_526' title='bbox 1914 5141 2123 5210; x_wconf 89' lang='lat' dir='ltr'><strong>appetis</strong></span> 
     </span>
    </p>
   </div>
   <div class='ocr_carea' id='block_1_80' title="bbox 547 5232 2125 5307">
    <p class='ocr_par' dir='ltr' id='par_1_80' title="bbox 547 5232 2125 5307">
     <span class='ocr_line' id='line_1_83' title="bbox 547 5232 2125 5307; baseline -0.003 -17"><span class='ocrx_word' id='word_1_527' title='bbox 547 5252 654 5290; x_wconf 91' lang='lat' dir='ltr'><strong>non</strong></span> <span class='ocrx_word' id='word_1_528' title='bbox 686 5234 979 5305; x_wconf 61' lang='lat' dir='ltr'><strong>frustrari,</strong></span> <span class='ocrx_word' id='word_1_529' title='bbox 1027 5234 1134 5291; x_wconf 93' lang='lat' dir='ltr'><strong>hoc</strong></span> <span class='ocrx_word' id='word_1_530' title='bbox 1161 5236 1381 5307; x_wconf 91' lang='lat' dir='ltr'><strong>quidem</strong></span> <span class='ocrx_word' id='word_1_531' title='bbox 1424 5245 1595 5305; x_wconf 89' lang='lat' dir='ltr'><strong>potes,</strong></span> <span class='ocrx_word' id='word_1_532' title='bbox 1637 5247 1830 5288; x_wconf 87' lang='lat' dir='ltr'><strong>exerce</strong></span> <span class='ocrx_word' id='word_1_533' title='bbox 1861 5241 1913 5287; x_wconf 90' lang='lat' dir='ltr'><strong>te</strong></span> <span class='ocrx_word' id='word_1_534' title='bbox 1958 5232 2125 5302; x_wconf 78' lang='lat' dir='ltr'><strong>igitur</strong></span> 
     </span>
    </p>
   </div>
   <div class='ocr_carea' id='block_1_81' title="bbox 547 5322 1219 5399">
    <p class='ocr_par' dir='ltr' id='par_1_81' title="bbox 547 5322 1219 5399">
     <span class='ocr_line' id='line_1_84' title="bbox 547 5322 1219 5399; baseline -0.003 -17"><span class='ocrx_word' id='word_1_535' title='bbox 547 5329 602 5382; x_wconf 87' lang='lat' dir='ltr'><strong>in</strong></span> <span class='ocrx_word' id='word_1_536' title='bbox 629 5343 695 5391; x_wconf 85' lang='lat' dir='ltr'><strong>eo</strong></span> <span class='ocrx_word' id='word_1_537' title='bbox 718 5329 866 5399; x_wconf 88' lang='lat' dir='ltr'><strong>quod</strong></span> <span class='ocrx_word' id='word_1_538' title='bbox 901 5336 1076 5398; x_wconf 79' lang='lat' dir='ltr'><strong>potes.</strong></span> <span class='ocrx_word' id='word_1_539' title='bbox 1216 5322 1219 5325; x_wconf 81' lang='grc'><em>’</em></span> 
     </span>
    </p>
   </div>
   <div class='ocr_carea' id='block_1_82' title="bbox 1142 5464 1539 5524">
    <p class='ocr_par' dir='ltr' id='par_1_82' title="bbox 1142 5464 1539 5524">
     <span class='ocr_line' id='line_1_85' title="bbox 1142 5464 1539 5524; baseline -0.018 1"><span class='ocrx_word' id='word_1_540' title='bbox 1142 5466 1370 5524; x_wconf 78' lang='lat' dir='ltr'><strong>CAPUT</strong></span> <span class='ocrx_word' id='word_1_541' title='bbox 1424 5464 1539 5520; x_wconf 77' lang='lat' dir='ltr'><strong>XX.</strong></span> 
     </span>
    </p>
   </div>
   <div class='ocr_carea' id='block_1_83' title="bbox 625 5577 2128 5653">
    <p class='ocr_par' dir='ltr' id='par_1_83' title="bbox 625 5577 2128 5653">
     <span class='ocr_line' id='line_1_86' title="bbox 625 5577 2128 5653; baseline 0.001 -20"><span class='ocrx_word' id='word_1_542' title='bbox 625 5577 1036 5648; x_wconf 87' lang='lat' dir='ltr'><strong>Unusquisque,</strong></span> <span class='ocrx_word' id='word_1_543' title='bbox 1065 5580 1161 5647; x_wconf 90' lang='lat' dir='ltr'><strong>qui</strong></span> <span class='ocrx_word' id='word_1_544' title='bbox 1192 5592 1222 5631; x_wconf 89' lang='lat' dir='ltr'><strong>a</strong></span> <span class='ocrx_word' id='word_1_545' title='bbox 1252 5583 1429 5649; x_wconf 84' lang='lat' dir='ltr'><strong>seipse</strong></span> <span class='ocrx_word' id='word_1_546' title='bbox 1461 5588 1772 5650; x_wconf 83' lang='lat' dir='ltr'><strong>optatorum</strong></span> <span class='ocrx_word' id='word_1_547' title='bbox 1805 5589 2128 5653; x_wconf 87' lang='lat' dir='ltr'><strong>potestatem</strong></span> 
     </span>
    </p>
   </div>
   <div class='ocr_carea' id='block_1_84' title="bbox 557 5670 2128 5742">
    <p class='ocr_par' dir='ltr' id='par_1_84' title="bbox 557 5670 2128 5742">
     <span class='ocr_line' id='line_1_87' title="bbox 557 5670 2128 5742; baseline 0.002 -19"><span class='ocrx_word' id='word_1_548' title='bbox 557 5670 744 5735; x_wconf 75' lang='lat' dir='ltr'><strong>habet,</strong></span> <span class='ocrx_word' id='word_1_549' title='bbox 772 5670 1028 5724; x_wconf 90' lang='lat' dir='ltr'><strong>dominus</strong></span> <span class='ocrx_word' id='word_1_550' title='bbox 1058 5678 1165 5736; x_wconf 89' lang='lat' dir='ltr'><strong>est,</strong></span> <span class='ocrx_word' id='word_1_551' title='bbox 1214 5679 1275 5725; x_wconf 87' lang='lat' dir='ltr'><strong>ut</strong></span> <span class='ocrx_word' id='word_1_552' title='bbox 1322 5672 1581 5728; x_wconf 91' lang='lat' dir='ltr'><strong>nimirum</strong></span> <span class='ocrx_word' id='word_1_553' title='bbox 1628 5674 1814 5729; x_wconf 84' lang='lat' dir='ltr'><strong>eadem</strong></span> <span class='ocrx_word' id='word_1_554' title='bbox 1863 5688 2128 5742; x_wconf 87' lang='lat' dir='ltr'><strong>assequa-</strong></span> 
     </span>
    </p>
   </div>
   <div class='ocr_carea' id='block_1_85' title="bbox 559 5757 2131 5831">
    <p class='ocr_par' dir='ltr' id='par_1_85' title="bbox 559 5757 2131 5831">
     <span class='ocr_line' id='line_1_88' title="bbox 559 5757 2131 5831; baseline -0.003 -14"><span class='ocrx_word' id='word_1_555' title='bbox 559 5767 668 5825; x_wconf 77' lang='lat' dir='ltr'><strong>tur,</strong></span> <span class='ocrx_word' id='word_1_556' title='bbox 698 5759 784 5815; x_wconf 86' lang='lat' dir='ltr'><strong>vel</strong></span> <span class='ocrx_word' id='word_1_557' title='bbox 822 5758 1025 5814; x_wconf 85' lang='lat' dir='ltr'><strong>adimat</strong></span> <span class='ocrx_word' id='word_1_558' title='bbox 1059 5773 1127 5815; x_wconf 82' lang='lat' dir='ltr'><strong>ex</strong></span> <span class='ocrx_word' id='word_1_559' title='bbox 1168 5759 1353 5816; x_wconf 88' lang='lat' dir='ltr'><strong>animo</strong></span> <span class='ocrx_word' id='word_1_560' title='bbox 1380 5759 1622 5831; x_wconf 86' lang='lat' dir='ltr'><strong>preprio.</strong></span> <span class='ocrx_word' id='word_1_561' title='bbox 1664 5757 1928 5829; x_wconf 86' lang='lat' dir='ltr'><strong>Quisquis</strong></span> <span class='ocrx_word' id='word_1_562' title='bbox 1967 5758 2131 5828; x_wconf 79' lang='lat' dir='ltr'><strong>igitur</strong></span> 
     </span>
    </p>
   </div>
   <div class='ocr_carea' id='block_1_86' title="bbox 2140 4489 2187 4547">
    <p class='ocr_par' dir='ltr' id='par_1_86' title="bbox 2140 4489 2187 4547">
     <span class='ocr_line' id='line_1_89' title="bbox 2140 4489 2187 4547; baseline 0 0"><span class='ocrx_word' id='word_1_563' title='bbox 2140 4489 2187 4547; x_wconf 83' lang='lat' dir='ltr'><strong>D</strong></span> 
     </span>
    </p>
   </div>
   <div class='ocr_carea' id='block_1_87' title="bbox 2200 3238 3776 3342">
    <p class='ocr_par' dir='ltr' id='par_1_87' title="bbox 2200 3238 3776 3342">
     <span class='ocr_line' id='line_1_90' title="bbox 2200 3238 3776 3342; baseline -0.03 -9"><span class='ocrx_word' id='word_1_564' title='bbox 2200 3279 2333 3342; x_wconf 90' lang='grc' dir='ltr'>λεις,</span> <span class='ocrx_word' id='word_1_565' title='bbox 2363 3274 2476 3330; x_wconf 86' lang='grc' dir='ltr'>ἀλλ’</span> <span class='ocrx_word' id='word_1_566' title='bbox 2505 3270 2605 3339; x_wconf 83' lang='grc' dir='ltr'>ούχ</span> <span class='ocrx_word' id='word_1_567' title='bbox 2632 3265 2774 3319; x_wconf 76' lang='grc' dir='ltr'>οὓτω</span> <span class='ocrx_word' id='word_1_568' title='bbox 2794 3261 2939 3315; x_wconf 71' lang='grc' dir='ltr'>ἐστὶν</span> <span class='ocrx_word' id='word_1_569' title='bbox 2964 3253 3113 3325; x_wconf 81' lang='grc' dir='ltr'>αὐτῷ</span> <span class='ocrx_word' id='word_1_570' title='bbox 3139 3248 3342 3313; x_wconf 76' lang='grc' dir='ltr'>καλῶς,</span> <span class='ocrx_word' id='word_1_571' title='bbox 3372 3246 3468 3297; x_wconf 80' lang='grc' dir='ltr'>ἵνα</span> <span class='ocrx_word' id='word_1_572' title='bbox 3501 3242 3567 3295; x_wconf 76' lang='grc' dir='ltr'>ὲν</span> <span class='ocrx_word' id='word_1_573' title='bbox 3596 3238 3776 3304; x_wconf 69' lang='grc' dir='ltr'><strong>ἐκείνῳ</strong></span> 
     </span>
    </p>
   </div>
   <div class='ocr_carea' id='block_1_88' title="bbox 2198 3356 2913 3443">
    <p class='ocr_par' dir='ltr' id='par_1_88' title="bbox 2198 3356 2913 3443">
     <span class='ocr_line' id='line_1_91' title="bbox 2198 3356 2913 3443; baseline -0.025 -18"><span class='ocrx_word' id='word_1_574' title='bbox 2198 3367 2235 3443; x_wconf 80' lang='grc' dir='ltr'><strong>ᾗ</strong></span> <span class='ocrx_word' id='word_1_575' title='bbox 2263 3369 2326 3423; x_wconf 83' lang='grc' dir='ltr'>τὸ</span> <span class='ocrx_word' id='word_1_576' title='bbox 2354 3367 2416 3420; x_wconf 78' lang='grc' dir='ltr'>σὲ</span> <span class='ocrx_word' id='word_1_577' title='bbox 2449 3364 2524 3436; x_wconf 79' lang='grc' dir='ltr'>μὴ</span> <span class='ocrx_word' id='word_1_578' title='bbox 2551 3356 2913 3431; x_wconf 82' lang='grc' dir='ltr'>ταραχθῆναι.</span> 
     </span>
    </p>
   </div>
   <div class='ocr_carea' id='block_1_89' title="bbox 2794 3549 3192 3612">
    <p class='ocr_par' dir='ltr' id='par_1_89' title="bbox 2794 3549 3192 3612">
     <span class='ocr_line' id='line_1_92' title="bbox 2794 3549 3192 3612; baseline -0.028 1"><span class='ocrx_word' id='word_1_579' title='bbox 2794 3554 3043 3612; x_wconf 74' lang='grc' dir='ltr'><strong>ΚΕΦΑΛ.</strong></span> <span class='ocrx_word' id='word_1_580' title='bbox 3083 3549 3158 3605; x_wconf 81' lang='grc' dir='ltr'><strong>ΙΗ</strong></span> <span class='ocrx_word' id='word_1_581' title='bbox 3175 3585 3192 3602; x_wconf 91' lang='grc'><strong>.</strong></span> 
     </span>
    </p>
   </div>
   <div class='ocr_carea' id='block_1_90' title="bbox 2272 3649 3772 3757">
    <p class='ocr_par' dir='ltr' id='par_1_90' title="bbox 2272 3649 3772 3757">
     <span class='ocr_line' id='line_1_93' title="bbox 2272 3649 3772 3757; baseline -0.027 -16"><span class='ocrx_word' id='word_1_582' title='bbox 2272 3686 2338 3740; x_wconf 77' lang='grc' dir='ltr'><strong>Εἰ</strong></span> <span class='ocrx_word' id='word_1_583' title='bbox 2370 3678 2642 3757; x_wconf 74' lang='grc' dir='ltr'>προκόψαι</span> <span class='ocrx_word' id='word_1_584' title='bbox 2688 3673 2886 3737; x_wconf 84' lang='grc' dir='ltr'>θέλεις,</span> <span class='ocrx_word' id='word_1_585' title='bbox 2915 3666 3205 3737; x_wconf 80' lang='grc' dir='ltr'>ὑπόμεινον</span> <span class='ocrx_word' id='word_1_586' title='bbox 3251 3657 3420 3711; x_wconf 74' lang='grc' dir='ltr'>ἕνεκα</span> <span class='ocrx_word' id='word_1_587' title='bbox 3467 3651 3587 3723; x_wconf 74' lang='grc' dir='ltr'>τῶν</span> <span class='ocrx_word' id='word_1_588' title='bbox 3634 3649 3772 3710; x_wconf 73' lang='grc' dir='ltr'>ἐκτὸς</span> 
     </span>
    </p>
   </div>
   <div class='ocr_carea' id='block_1_91' title="bbox 2204 3742 3774 3852">
    <p class='ocr_par' dir='ltr' id='par_1_91' title="bbox 2204 3742 3774 3852">
     <span class='ocr_line' id='line_1_94' title="bbox 2204 3742 3774 3852; baseline -0.029 -16"><span class='ocrx_word' id='word_1_589' title='bbox 2204 3742 2526 3852; x_wconf 72' lang='grc' dir='ltr'>ἀνθρώπους</span> <span class='ocrx_word' id='word_1_590' title='bbox 2556 3742 2704 3835; x_wconf 77' lang='grc' dir='ltr'>δόξαι</span> <span class='ocrx_word' id='word_1_591' title='bbox 2727 3782 2743 3798; x_wconf 74' lang='grc' dir='ltr'>σ</span> <span class='ocrx_word' id='word_1_592' title='bbox 2790 3765 2825 3837; x_wconf 80' lang='grc' dir='ltr'>ἢ</span> <span class='ocrx_word' id='word_1_593' title='bbox 2857 3760 3065 3832; x_wconf 73' lang='grc' dir='ltr'>ἠλίθιος</span> <span class='ocrx_word' id='word_1_594' title='bbox 3093 3752 3165 3822; x_wconf 70' lang='grc' dir='ltr'>εἶ,</span> <span class='ocrx_word' id='word_1_595' title='bbox 3209 3750 3379 3824; x_wconf 78' lang='grc' dir='ltr'>μηδὲν</span> <span class='ocrx_word' id='word_1_596' title='bbox 3425 3745 3633 3818; x_wconf 80' lang='grc' dir='ltr'>βούλου</span> <span class='ocrx_word' id='word_1_597' title='bbox 3672 3742 3774 3794; x_wconf 70' lang='grc' dir='ltr'><strong>ἐπέ-</strong></span> 
     </span>
    </p>
   </div>
   <div class='ocr_carea' id='block_1_92' title="bbox 2208 3835 3771 3937">
    <p class='ocr_par' dir='ltr' id='par_1_92' title="bbox 2208 3835 3771 3937">
     <span class='ocr_line' id='line_1_95' title="bbox 2208 3835 3771 3937; baseline -0.028 -7"><span class='ocrx_word' id='word_1_598' title='bbox 2208 3835 2460 3937; x_wconf 68' lang='grc' dir='ltr'>στασθαι,</span> <span class='ocrx_word' id='word_1_599' title='bbox 2496 3835 2599 3921; x_wconf 81' lang='grc' dir='ltr'><strong>κᾶν</strong></span> <span class='ocrx_word' id='word_1_600' title='bbox 2627 3860 2783 3931; x_wconf 79' lang='grc' dir='ltr'>δόξῃς</span> <span class='ocrx_word' id='word_1_601' title='bbox 2810 3835 2895 3920; x_wconf 80' lang='grc' dir='ltr'><strong>τις</strong></span> <span class='ocrx_word' id='word_1_602' title='bbox 2925 3849 3065 3907; x_wconf 74' lang='grc' dir='ltr'>εἶναι</span> <span class='ocrx_word' id='word_1_603' title='bbox 3090 3864 3253 3911; x_wconf 81' lang='grc' dir='ltr'>τισιν,</span> <span class='ocrx_word' id='word_1_604' title='bbox 3272 3842 3502 3901; x_wconf 81' lang='grc' dir='ltr'>ἀπίστει</span> <span class='ocrx_word' id='word_1_605' title='bbox 3535 3835 3741 3904; x_wconf 43' lang='lat' dir='ltr'><strong>asas-.9</strong></span> <span class='ocrx_word' id='word_1_606' title='bbox 3759 3848 3771 3859; x_wconf 68' lang='grc' dir='ltr'><strong>ο</strong></span> 
     </span>
    </p>
   </div>
   <div class='ocr_carea' id='block_1_93' title="bbox 2208 3931 3775 4031">
    <p class='ocr_par' dir='ltr' id='par_1_93' title="bbox 2208 3931 3775 4031">
     <span class='ocr_line' id='line_1_96' title="bbox 2208 3931 3775 4031; baseline -0.027 -11"><span class='ocrx_word' id='word_1_607' title='bbox 2208 3964 2316 4020; x_wconf 81' lang='grc' dir='ltr'>ῐσθι</span> <span class='ocrx_word' id='word_1_608' title='bbox 2345 3931 2456 4031; x_wconf 78' lang='grc' dir='ltr'><strong>γὰρ</strong></span> <span class='ocrx_word' id='word_1_609' title='bbox 2483 3958 2565 4011; x_wconf 83' lang='grc' dir='ltr'><strong>ὅτι</strong></span> <span class='ocrx_word' id='word_1_610' title='bbox 2593 3953 2655 4008; x_wconf 88' lang='grc' dir='ltr'><strong>ού</strong></span> <span class='ocrx_word' id='word_1_611' title='bbox 2685 3949 2885 4024; x_wconf 78' lang='grc' dir='ltr'>ῥᾴδιον,</span> <span class='ocrx_word' id='word_1_612' title='bbox 2928 3943 3024 3998; x_wconf 79' lang='grc' dir='ltr'>καὶ</span> <span class='ocrx_word' id='word_1_613' title='bbox 3057 3941 3157 4011; x_wconf 78' lang='grc' dir='ltr'>τὴν</span> <span class='ocrx_word' id='word_1_614' title='bbox 3203 3933 3434 3991; x_wconf 78' lang='grc' dir='ltr'>σεαυτοῦ</span> <span class='ocrx_word' id='word_1_615' title='bbox 3466 3931 3775 4003; x_wconf 71' lang='grc' dir='ltr'>προαιρεσιν</span> 
     </span>
    </p>
   </div>
   <div class='ocr_carea' id='block_1_94' title="bbox 2207 4020 3774 4125">
    <p class='ocr_par' dir='ltr' id='par_1_94' title="bbox 2207 4020 3774 4125">
     <span class='ocr_line' id='line_1_97' title="bbox 2207 4020 3774 4125; baseline -0.027 -12"><span class='ocrx_word' id='word_1_616' title='bbox 2207 4020 2558 4125; x_wconf 46' lang='grc' dir='ltr'>κατὰ-(ῥύσιν</span> <span class='ocrx_word' id='word_1_617' title='bbox 2602 4020 2832 4119; x_wconf 70' lang='grc' dir='ltr'>ἔχουσαν</span> <span class='ocrx_word' id='word_1_618' title='bbox 2877 4036 3110 4109; x_wconf 81' lang='grc' dir='ltr'>φυλάξαι</span> <span class='ocrx_word' id='word_1_619' title='bbox 3154 4031 3250 4085; x_wconf 75' lang='grc' dir='ltr'>καὶ</span> <span class='ocrx_word' id='word_1_620' title='bbox 3294 4029 3367 4082; x_wconf 86' lang='grc' dir='ltr'><strong>τά</strong></span> <span class='ocrx_word' id='word_1_621' title='bbox 3414 4025 3606 4089; x_wconf 76' lang='grc' dir='ltr'>ἐκτὸς,</span> <span class='ocrx_word' id='word_1_622' title='bbox 3656 4020 3774 4073; x_wconf 67' lang='lat' dir='ltr'><strong>am</strong></span> 
     </span>
    </p>
   </div>
   <div class='ocr_carea' id='block_1_95' title="bbox 2207 4117 3777 4219">
    <p class='ocr_par' dir='ltr' id='par_1_95' title="bbox 2207 4117 3777 4219">
     <span class='ocr_line' id='line_1_98' title="bbox 2207 4117 3777 4219; baseline -0.026 -13"><span class='ocrx_word' id='word_1_623' title='bbox 2207 4150 2304 4205; x_wconf 80' lang='grc' dir='ltr'>τοῦ</span> <span class='ocrx_word' id='word_1_624' title='bbox 2327 4117 2514 4219; x_wconf 74' lang='grc' dir='ltr'>ἑτέρου</span> <span class='ocrx_word' id='word_1_625' title='bbox 2546 4117 2972 4213; x_wconf 72' lang='grc' dir='ltr'>ἐπιμελούμενον</span> <span class='ocrx_word' id='word_1_626' title='bbox 2998 4129 3094 4184; x_wconf 81' lang='grc' dir='ltr'>τοῦ</span> <span class='ocrx_word' id='word_1_627' title='bbox 3124 4124 3310 4198; x_wconf 78' lang='grc' dir='ltr'>ἑτέρου</span> <span class='ocrx_word' id='word_1_628' title='bbox 3340 4119 3628 4193; x_wconf 73' lang='grc' dir='ltr'>ἀμελῆσαι</span> <span class='ocrx_word' id='word_1_629' title='bbox 3648 4117 3777 4168; x_wconf 63' lang='grc' dir='ltr'>πᾶσι</span> 
     </span>
    </p>
   </div>
   <div class='ocr_carea' id='block_1_96' title="bbox 2210 4243 2446 4313">
    <p class='ocr_par' dir='ltr' id='par_1_96' title="bbox 2210 4243 2446 4313">
     <span class='ocr_line' id='line_1_99' title="bbox 2210 4243 2446 4313; baseline -0.021 -14"><span class='ocrx_word' id='word_1_630' title='bbox 2210 4243 2446 4313; x_wconf 83' lang='grc' dir='ltr'>ἀνάγκη.</span> 
     </span>
    </p>
   </div>
   <div class='ocr_carea' id='block_1_97' title="bbox 2804 4549 3186 4611">
    <p class='ocr_par' dir='ltr' id='par_1_97' title="bbox 2804 4549 3186 4611">
     <span class='ocr_line' id='line_1_100' title="bbox 2804 4549 3186 4611; baseline -0.01 -3"><span class='ocrx_word' id='word_1_631' title='bbox 2804 4552 3050 4611; x_wconf 72' lang='grc' dir='ltr'><strong>ΚΕΦΔΛ.</strong></span> <span class='ocrx_word' id='word_1_632' title='bbox 3084 4549 3186 4607; x_wconf 79' lang='lat'><strong>18&#39;.</strong></span> 
     </span>
    </p>
   </div>
   <div class='ocr_carea' id='block_1_98' title="bbox 2288 4650 3777 4753">
    <p class='ocr_par' dir='ltr' id='par_1_98' title="bbox 2288 4650 3777 4753">
     <span class='ocr_line' id='line_1_101' title="bbox 2288 4650 3777 4753; baseline -0.026 -15"><span class='ocrx_word' id='word_1_633' title='bbox 2288 4685 2387 4737; x_wconf 77' lang='grc' dir='ltr'>Ἂν</span> <span class='ocrx_word' id='word_1_634' title='bbox 2436 4679 2595 4753; x_wconf 90' lang='grc' dir='ltr'>θέλῃς</span> <span class='ocrx_word' id='word_1_635' title='bbox 2642 4676 2712 4729; x_wconf 90' lang='grc' dir='ltr'><strong>τά</strong></span> <span class='ocrx_word' id='word_1_636' title='bbox 2753 4674 2919 4728; x_wconf 86' lang='grc' dir='ltr'>τέκνα</span> <span class='ocrx_word' id='word_1_637' title='bbox 2962 4672 3099 4734; x_wconf 84' lang='grc' dir='ltr'>σου,“</span> <span class='ocrx_word' id='word_1_638' title='bbox 3125 4662 3217 4718; x_wconf 66' lang='grc' dir='ltr'>καὶ</span> <span class='ocrx_word' id='word_1_639' title='bbox 3240 4655 3362 4753; x_wconf 29' lang='grc' dir='ltr'>Ατὴν</span> <span class='ocrx_word' id='word_1_640' title='bbox 3402 4653 3667 4723; x_wconf 78' lang='grc' dir='ltr'>γυναῖκα,</span> <span class='ocrx_word' id='word_1_641' title='bbox 3698 4650 3777 4753; x_wconf 62' lang='lat' dir='ltr'><strong>ut</strong></span> 
     </span>
    </p>
   </div>
   <div class='ocr_carea' id='block_1_99' title="bbox 2217 4741 3779 4845">
    <p class='ocr_par' dir='ltr' id='par_1_99' title="bbox 2217 4741 3779 4845">
     <span class='ocr_line' id='line_1_102' title="bbox 2217 4741 3779 4845; baseline -0.026 -12"><span class='ocrx_word' id='word_1_642' title='bbox 2217 4779 2343 4841; x_wconf 78' lang='grc' dir='ltr'>τοὺς</span> <span class='ocrx_word' id='word_1_643' title='bbox 2371 4741 2815 4845; x_wconf 36' lang='grc' dir='ltr'>φίλουςνπάντως</span> <span class='ocrx_word' id='word_1_644' title='bbox 2835 4765 2952 4836; x_wconf 77' lang='grc' dir='ltr'>ζῇν,</span> <span class='ocrx_word' id='word_1_645' title='bbox 2982 4759 3187 4833; x_wconf 72' lang='grc' dir='ltr'>ἠλίθιος</span> <span class='ocrx_word' id='word_1_646' title='bbox 3213 4747 3319 4845; x_wconf 73' lang='grc' dir='ltr'>εἷ</span> <span class='ocrx_word' id='word_1_647' title='bbox 3346 4749 3414 4845; x_wconf 82' lang='grc' dir='ltr'><strong>τά</strong></span> <span class='ocrx_word' id='word_1_648' title='bbox 3449 4746 3563 4818; x_wconf 74' lang='grc' dir='ltr'><strong>γὰρ</strong></span> <span class='ocrx_word' id='word_1_649' title='bbox 3597 4744 3682 4845; x_wconf 43' lang='grc' dir='ltr'>μὴ</span> <span class='ocrx_word' id='word_1_650' title='bbox 3700 4741 3779 4795; x_wconf 72' lang='grc' dir='ltr'><strong>ἐπὶ</strong></span> 
     </span>
    </p>
   </div>
   <div class='ocr_carea' id='block_1_100' title="bbox 2222 4832 3778 4936">
    <p class='ocr_par' dir='ltr' id='par_1_100' title="bbox 2222 4832 3778 4936">
     <span class='ocr_line' id='line_1_103' title="bbox 2222 4832 3778 4936; baseline -0.027 -10"><span class='ocrx_word' id='word_1_651' title='bbox 2222 4832 2341 4936; x_wconf 70' lang='grc' dir='ltr'><strong>σοὶ,⁷</strong></span> <span class='ocrx_word' id='word_1_652' title='bbox 2359 4832 2656 4929; x_wconf 42' lang='grc' dir='ltr'>θέλεις-ἐπὶ</span> <span class='ocrx_word' id='word_1_653' title='bbox 2703 4859 2786 4913; x_wconf 65' lang='grc' dir='ltr'><strong>σοὶ⁵</strong></span> <span class='ocrx_word' id='word_1_654' title='bbox 2817 4832 2980 4917; x_wconf 73' lang='grc' dir='ltr'>εἶναι,</span> <span class='ocrx_word' id='word_1_655' title='bbox 3010 4832 3106 4906; x_wconf 75' lang='grc' dir='ltr'>καὶ</span> <span class='ocrx_word' id='word_1_656' title='bbox 3131 4847 3199 4901; x_wconf 88' lang='grc' dir='ltr'><strong>τά</strong></span> <span class='ocrx_word' id='word_1_657' title='bbox 3242 4842 3505 4912; x_wconf 81' lang='grc' dir='ltr'>ἀλλότρια</span> <span class='ocrx_word' id='word_1_658' title='bbox 3536 4840 3609 4891; x_wconf 74' lang='grc' dir='ltr'>σὰ</span> <span class='ocrx_word' id='word_1_659' title='bbox 3631 4832 3778 4896; x_wconf 74' lang='grc' dir='ltr'>εἶναι,</span> 
     </span>
    </p>
   </div>
   <div class='ocr_carea' id='block_1_101' title="bbox 2220 4932 3779 5017">
    <p class='ocr_par' dir='ltr' id='par_1_101' title="bbox 2220 4932 3779 5017">
     <span class='ocr_line' id='line_1_104' title="bbox 2220 4932 3779 5017; baseline -0.026 1"><span class='ocrx_word' id='word_1_660' title='bbox 2220 4932 2363 5017; x_wconf 76' lang='grc' dir='ltr'>οὑτω</span> <span class='ocrx_word' id='word_1_661' title='bbox 2400 4960 2495 5014; x_wconf 74' lang='grc' dir='ltr'>καὶ</span> <span class='ocrx_word' id='word_1_662' title='bbox 2523 4957 2614 5011; x_wconf 83' lang='grc' dir='ltr'><strong>τὸν</strong></span> <span class='ocrx_word' id='word_1_663' title='bbox 2644 4952 2830 5015; x_wconf 85' lang='grc' dir='ltr'>παῖδα,</span> <span class='ocrx_word' id='word_1_664' title='bbox 2876 4948 2971 5003; x_wconf 85' lang='grc' dir='ltr'><strong>ὲάν</strong></span> <span class='ocrx_word' id='word_1_665' title='bbox 2999 4944 3156 5014; x_wconf 80' lang='grc' dir='ltr'>θέλῃς</span> <span class='ocrx_word' id='word_1_666' title='bbox 3189 4937 3264 5010; x_wconf 78' lang='grc' dir='ltr'>μὴ</span> <span class='ocrx_word' id='word_1_667' title='bbox 3296 4932 3645 5006; x_wconf 71' lang='grc' dir='ltr'>ἁμαρτάνειν</span> <span class='ocrx_word' id='word_1_668' title='bbox 3682 4946 3779 4999; x_wconf 71' lang='grc' dir='ltr'><strong>μω-</strong></span> 
     </span>
    </p>
   </div>
   <div class='ocr_carea' id='block_1_102' title="bbox 2226 5018 3777 5128">
    <p class='ocr_par' dir='ltr' id='par_1_102' title="bbox 2226 5018 3777 5128">
     <span class='ocr_line' id='line_1_105' title="bbox 2226 5018 3777 5128; baseline -0.037 -18"><span class='ocrx_word' id='word_1_669' title='bbox 2226 5057 2316 5128; x_wconf 77' lang='grc' dir='ltr'><strong>ρὸς</strong></span> <span class='ocrx_word' id='word_1_670' title='bbox 2345 5049 2414 5107; x_wconf 82' lang='grc' dir='ltr'><strong>εἷ·</strong></span> <span class='ocrx_word' id='word_1_671' title='bbox 2441 5048 2615 5112; x_wconf 88' lang='grc' dir='ltr'>θέλεις</span> <span class='ocrx_word' id='word_1_672' title='bbox 2642 5046 2749 5117; x_wconf 81' lang='grc' dir='ltr'>γὰρ</span> <span class='ocrx_word' id='word_1_673' title='bbox 2778 5044 2876 5114; x_wconf 78' lang='grc' dir='ltr'>τὴν</span> <span class='ocrx_word' id='word_1_674' title='bbox 2903 5037 3125 5099; x_wconf 77' lang='grc' dir='ltr'>κακίαν,</span> <span class='ocrx_word' id='word_1_675' title='bbox 3162 5030 3236 5102; x_wconf 78' lang='grc' dir='ltr'>μὴ</span> <span class='ocrx_word' id='word_1_676' title='bbox 3264 5025 3403 5083; x_wconf 81' lang='grc' dir='ltr'>εἶναι</span> <span class='ocrx_word' id='word_1_677' title='bbox 3429 5026 3661 5086; x_wconf 62' lang='grc' dir='ltr'>κακίαν,</span> 
     </span>
    </p>
   </div>
   <div class='ocr_carea' id='block_1_103' title="bbox 2224 5118 3773 5206">
    <p class='ocr_par' dir='ltr' id='par_1_103' title="bbox 2224 5118 3773 5206">
     <span class='ocr_line' id='line_1_106' title="bbox 2224 5118 3773 5206; baseline -0.024 -3"><span class='ocrx_word' id='word_1_678' title='bbox 2224 5118 2355 5203; x_wconf 75' lang='grc' dir='ltr'>ἀλλο</span> <span class='ocrx_word' id='word_1_679' title='bbox 2385 5163 2440 5198; x_wconf 88' lang='grc' dir='ltr'><strong>τι</strong></span> <span class='ocrx_word' id='word_1_680' title='bbox 2458 5161 2471 5173; x_wconf 87' lang='grc'><strong>·</strong></span> <span class='ocrx_word' id='word_1_681' title='bbox 2491 5142 2585 5196; x_wconf 80' lang='grc' dir='ltr'><strong>ὲάν</strong></span> <span class='ocrx_word' id='word_1_682' title='bbox 2616 5140 2673 5193; x_wconf 81' lang='grc' dir='ltr'>δὲ</span> <span class='ocrx_word' id='word_1_683' title='bbox 2703 5136 2864 5206; x_wconf 86' lang='grc' dir='ltr'>θέλῃς</span> <span class='ocrx_word' id='word_1_684' title='bbox 2898 5129 3221 5203; x_wconf 81' lang='grc' dir='ltr'>ὀρεγόμενος</span> <span class='ocrx_word' id='word_1_685' title='bbox 3252 5122 3325 5193; x_wconf 82' lang='grc' dir='ltr'>μὴ</span> <span class='ocrx_word' id='word_1_686' title='bbox 3372 5118 3773 5189; x_wconf 72' lang='grc' dir='ltr'>ἀποτυγχάνειν,</span> 
     </span>
    </p>
   </div>
   <div class='ocr_carea' id='block_1_104' title="bbox 2224 5214 3520 5302">
    <p class='ocr_par' dir='ltr' id='par_1_104' title="bbox 2224 5214 3520 5302">
     <span class='ocr_line' id='line_1_107' title="bbox 2224 5214 3520 5302; baseline -0.025 -5"><span class='ocrx_word' id='word_1_687' title='bbox 2224 5241 2382 5296; x_wconf 84' lang='grc' dir='ltr'>τοῦτο</span> <span class='ocrx_word' id='word_1_688' title='bbox 2409 5236 2656 5302; x_wconf 87' lang='grc' dir='ltr'>δύνασαι,</span> <span class='ocrx_word' id='word_1_689' title='bbox 2688 5229 2846 5286; x_wconf 83' lang='grc' dir='ltr'>τοῦτο</span> <span class='ocrx_word' id='word_1_690' title='bbox 2873 5221 2966 5280; x_wconf 80' lang='grc' dir='ltr'>οὗν</span> <span class='ocrx_word' id='word_1_691' title='bbox 2999 5224 3179 5281; x_wconf 78' lang='grc' dir='ltr'>ἄσκει,</span> <span class='ocrx_word' id='word_1_692' title='bbox 3210 5217 3241 5270; x_wconf 79' lang='grc' dir='ltr'><strong>ὃ</strong></span> <span class='ocrx_word' id='word_1_693' title='bbox 3268 5214 3520 5270; x_wconf 84' lang='grc' dir='ltr'>δύνασαι.</span> 
     </span>
    </p>
   </div>
   <div class='ocr_carea' id='block_1_105' title="bbox 2826 5448 3200 5507">
    <p class='ocr_par' dir='ltr' id='par_1_105' title="bbox 2826 5448 3200 5507">
     <span class='ocr_line' id='line_1_108' title="bbox 2826 5448 3200 5507; baseline -0.021 0"><span class='ocrx_word' id='word_1_694' title='bbox 2826 5449 3077 5507; x_wconf 80' lang='grc' dir='ltr'><strong>ΚΕΦΑΛ.</strong></span> <span class='ocrx_word' id='word_1_695' title='bbox 3116 5448 3200 5501; x_wconf 79' lang='lat' dir='ltr'><strong>K&#39;.</strong></span> 
     </span>
    </p>
   </div>
   <div class='ocr_carea' id='block_1_106' title="bbox 2298 5544 3779 5646">
    <p class='ocr_par' dir='ltr' id='par_1_106' title="bbox 2298 5544 3779 5646">
     <span class='ocr_line' id='line_1_109' title="bbox 2298 5544 3779 5646; baseline -0.024 -16"><span class='ocrx_word' id='word_1_696' title='bbox 2298 5574 2504 5646; x_wconf 81' lang='grc' dir='ltr'>Κύριος</span> <span class='ocrx_word' id='word_1_697' title='bbox 2534 5569 2763 5635; x_wconf 68' lang='grc' dir='ltr'>ἔκαστός</span> <span class='ocrx_word' id='word_1_698' title='bbox 2789 5565 2875 5630; x_wconf 75' lang='grc' dir='ltr'><strong>τίς</strong></span> <span class='ocrx_word' id='word_1_699' title='bbox 2905 5567 3075 5624; x_wconf 74' lang='grc' dir='ltr'>ἐστιν,</span> <span class='ocrx_word' id='word_1_700' title='bbox 3105 5559 3134 5612; x_wconf 81' lang='grc' dir='ltr'><strong>ό</strong></span> <span class='ocrx_word' id='word_1_701' title='bbox 3164 5556 3273 5609; x_wconf 86' lang='grc' dir='ltr'>τῶν</span> <span class='ocrx_word' id='word_1_702' title='bbox 3298 5553 3388 5603; x_wconf 66' lang='grc' dir='ltr'>ὑπ’</span> <span class='ocrx_word' id='word_1_703' title='bbox 3412 5546 3628 5601; x_wconf 72' lang='grc' dir='ltr'>ἐκείνου</span> <span class='ocrx_word' id='word_1_704' title='bbox 3657 5544 3779 5598; x_wconf 72' lang='grc' dir='ltr'>θελο-</span> 
     </span>
    </p>
   </div>
   <div class='ocr_carea' id='block_1_107' title="bbox 2235 5637 3779 5735">
    <p class='ocr_par' dir='ltr' id='par_1_107' title="bbox 2235 5637 3779 5735">
     <span class='ocr_line' id='line_1_110' title="bbox 2235 5637 3779 5735; baseline -0.027 -12"><span class='ocrx_word' id='word_1_705' title='bbox 2235 5637 2411 5735; x_wconf 67' lang='grc' dir='ltr'>μένων</span> <span class='ocrx_word' id='word_1_706' title='bbox 2451 5637 2590 5731; x_wconf 72' lang='grc' dir='ltr'><strong>ἔχων</strong></span> <span class='ocrx_word' id='word_1_707' title='bbox 2634 5653 2901 5721; x_wconf 71' lang='grc' dir='ltr'>ἐξουσίαν,</span> <span class='ocrx_word' id='word_1_708' title='bbox 2951 5652 3030 5711; x_wconf 74' lang='grc' dir='ltr'><strong>εἰς</strong></span> <span class='ocrx_word' id='word_1_709' title='bbox 3074 5646 3135 5701; x_wconf 83' lang='grc' dir='ltr'><strong>τὸ</strong></span> <span class='ocrx_word' id='word_1_710' title='bbox 3179 5639 3561 5723; x_wconf 80' lang='grc' dir='ltr'>περιποιῆσαι,</span> <span class='ocrx_word' id='word_1_711' title='bbox 3608 5638 3643 5707; x_wconf 73' lang='grc' dir='ltr'>ἢ</span> <span class='ocrx_word' id='word_1_712' title='bbox 3693 5637 3779 5703; x_wconf 64' lang='grc' dir='ltr'>ἀς-</span> 
     </span>
    </p>
   </div>
   <div class='ocr_carea' id='block_1_108' title="bbox 2235 5730 3777 5814">
    <p class='ocr_par' dir='ltr' id='par_1_108' title="bbox 2235 5730 3777 5814">
     <span class='ocr_line' id='line_1_111' title="bbox 2235 5730 3777 5814; baseline -0.018 -5"><span class='ocrx_word' id='word_1_713' title='bbox 2235 5730 2699 5814; x_wconf 51' lang='grc' dir='ltr'>ελὲσθαιςὌστις</span> <span class='ocrx_word' id='word_1_714' title='bbox 2744 5741 2838 5802; x_wconf 73' lang='grc' dir='ltr'>οὖν</span> <span class='ocrx_word' id='word_1_715' title='bbox 2886 5741 3167 5812; x_wconf 70' lang='grc' dir='ltr'>ἐλεύθερος</span> <span class='ocrx_word' id='word_1_716' title='bbox 3198 5732 3334 5793; x_wconf 75' lang='grc' dir='ltr'>εἶναι</span> <span class='ocrx_word' id='word_1_717' title='bbox 3383 5733 3637 5806; x_wconf 79' lang='grc' dir='ltr'>βούλεται</span> <span class='ocrx_word' id='word_1_718' title='bbox 3665 5730 3777 5802; x_wconf 70' lang='grc' dir='ltr'>μήτε</span> 
     </span>
    </p>
   </div>
  </div>
