3838 6056
93 318 237 381 1293

1222 321 1240 333 ’
1324 304 1669 365 EPICTETI
1711 299 2095 364 MANUALE.

3188 288 3323 351 1294

88 428 320 491 θελέτω,
361 425 495 496 μήτε
526 422 772 493 φευγέτω
800 439 852 476 τι
883 419 992 475 τῶν
1019 420 1105 474 ἐπ’
1149 416 1347 484 ἄλλοις,
1381 419 1431 471 ει
1459 416 1515 469 δὲ
1550 415 1652 488 μὴ,
1685 473 1690 487 ί

1809 415 1895 470 ber
1921 427 2045 467 esse
2072 408 2209 474 vult,
2260 423 2436 480 neque
2464 408 2665 478 cupiat,
2716 424 2816 465 nec
2866 417 3144 467 aversetur
3166 410 3325 480 quid.-

85 519 368 573 δουλεύειν
398 517 633 585 ἀνάγκη.

662 700 911 763 ΚΕΦΑΛ.
949 699 1081 760 KA'.

167 824 451 895 Μέμνησο,
484 823 566 878 ὅτι
598 820 673 886 ὼς
717 821 775 874 ὲν
829 816 1114 888 συμποσίῳ
1166 830 1226 869 σε
1273 814 1359 867 δεῖ
1400 810 1664 882 ἀναστρέ-

1759 521 1920 577 quam
1966 517 2157 559 eorum
2202 516 2323 573 quae
2361 501 2417 555 in
2465 500 2588 557 aliis
2631 510 2778 564 sunt.
2826 500 3070 571 alioquin
3120 502 3327 558 servire

1760 612 2044 653 necessum
2075 603 2176 652 εει.

2337 708 2565 767 CAPUT
2603 707 2745 765 XXI.

1832 828 2133 893 Memento,
2182 826 2330 898 quod
2380 833 2627 897 oportet,
2684 834 2746 881 ut
2800 832 2851 880 te
2906 823 3333 887 circumferens.

94 920 296 987 φεσθαι
326 917 750 990 περιφερόμενον
773 930 788 946 ·
819 914 871 967 τί
899 913 1086 982 γέγονε
1119 909 1262 965 κατὰ
1290 908 1384 975 σές
1416 905 1664 967 ἐκτείνας

1816 929 1906 975 cut
1954 920 2011 974 in
2051 919 2301 974 convivio
2377 918 2719 974 converseris
2760 916 2966 990 :335
3021 917 3338 987 pervenith

90 1015 198 1084 τὴν
225 1015 382 1082 χεῖρα
409 1009 652 1080 κοσμίως
685 1005 955 1078 μετάλαϐε
982 1021 997 1036 ’
1041 1002 1393 1075 παρέρχεται,
1431 997 1506 1070 μὴ
1535 997 1664 1051 κάτε

1766 1010 1969 1079 aliquid
2008 1011 2077 1066 ad
2108 1011 2198 1065 te?
2224 1011 2519 1067 extendens
2552 1025 2773 1065 manum
2823 1009 3069 1065 modeste
3107 1011 3334 1080 accipe:

93 1122 190 1176 εχε
215 1123 231 1137 ·
264 1103 414 1157 οὔπω
438 1103 582 1174 ἥκει,
621 1102 695 1173 μὴ
724 1098 951 1153 ἐπίϐαλε
976 1096 1163 1169 πόρρω
1187 1095 1286 1166 τὴν
1309 1091 1507 1164 ὄρεξιν,
1532 1089 1667 1144 ἀλλά

1809 1108 2026 1173 raaterit,
2055 1120 2123 1160 ne
2150 1106 2391 1161 detineas
2418 1124 2431 1161 :
2460 1106 2699 1161 nondum
2734 1106 2901 1170 venit,
2931 1121 2998 1161 ne
3024 1106 3181 1177 longe
3209 1121 3337 1176 pro-

96 1199 365 1271 περίμενε
414 1200 605 1270 μέχρις
647 1196 714 1250 ἂν
743 1194 968 1264 γένηται
1016 1189 1159 1247 κατὰ
1207 1188 1268 1241 σέ
1298 1203 1313 1219 ’
1359 1185 1501 1240 οὕτω
1532 1183 1667 1258 πρὸς

96 1294 293 1355 τέκνα,
320 1290 461 1344 οὕτω
493 1288 628 1361 πρὸς
653 1288 909 1356 γυναῖκα,
939 1283 1074 1356 πρὸς
1112 1280 1306 1352 ἀρχὰς,
1338 1276 1475 1350 πρὸς
1500 1273 1666 1328 πλοῦ-

95 1402 216 1449 τον,
251 1382 343 1436 καὶ
370 1381 470 1455 ἔσῃ
509 1380 655 1447 ἄξιός
686 1394 816 1432 ποτε
862 1375 957 1430 τοῦ
990 1372 1125 1429 Θεοῦ
1159 1371 1462 1442 ἄνθρωπος.
1502 1364 1669 1420 Ὅταν

98 1476 161 1529 δὲ
194 1474 289 1529 καὶ
320 1472 786 1544 προσενεχθέντων
841 1485 944 1535 σοι,
981 1465 1056 1539 μὴ
1097 1464 1289 1537 λάϐῃς,
1337 1459 1475 1517 ἀλλὰ
1515 1476 1671 1530 περι-

103 1568 244 1640 ίδῃς,
290 1566 410 1619 τότε
440 1564 501 1618 οὐ
551 1564 711 1635 μόνον
744 1561 1027 1633 ἄνθρωπος
1057 1558 1155 1632 έσῃ
1202 1552 1356 1621 Θεοῦ,
1403 1552 1537 1608 ἀλλὰ
1577 1552 1671 1605 καὶ

98 1659 178 1723 ὡς
206 1656 455 1726 ἄγγελος.

677 1763 931 1818 ΚΕΦΑΛ.
970 1758 1097 1815 KB’.
1704 1780 1747 1835 Β

175 1881 343 1933 Ὅταν
369 1878 621 1933 κλαίοντα
650 1878 763 1951 ῐδῃς
794 1876 914 1931 τινὰ
936 1876 995 1929 ὲν
1024 1873 1229 1943 πένθει,
1264 1872 1299 1945 ἢ
1326 1868 1672 1944 ἀποδημοῦν-

99 1991 196 2037 τος
226 1973 440 2039 τέκνου,
463 1972 496 2042 ἢ
518 1970 897 2026 ἀπολελωκότα
920 1968 989 2023 τὰ
1015 1967 1229 2031 ἑαυτοῦ,
1252 1966 1487 2036 πρόσεχε
1514 1964 1588 2035 μή
1613 1980 1674 2016 σε

100 2069 136 2137 ἡ
172 2067 443 2135 φαντασία
483 2062 828 2138 συναρπάσῃ,
871 2062 947 2127 ὡς
982 2063 1041 2116 ὲν
1088 2061 1279 2124 κακοῖς
1322 2059 1474 2122 ὄντος
1508 2056 1674 2112 αὑτοῦ

104 2165 221 2226 τοῖς
267 2162 441 2227 ὲκτὸς,
488 2161 601 2215 ἀλλ’
628 2159 788 2224 εὐθὺς
820 2157 958 2212 ἔστω
1005 2156 1312 2226 πρόχειρον,
1358 2152 1438 2206 ὅτι
1491 2149 1685 2205 τοῦτον

104 2255 302 2319 θλίϐει,
334 2255 395 2310 οὒ
425 2259 483 2308 τὸ
515 2272 576 2307 συ
586 2251 859 2325 μϐεϐηκδς
893 2250 1070 2323 (ἄλλον
1091 2248 1197 2320 γὰρ
1222 2247 1281 2301 οὑ
1306 2244 1521 2316 θλίϐει),
1546 2243 1681 2298 ἀλλὰ

101 2348 169 2401 τὸ
199 2348 373 2419 δόγμα
420 2347 482 2401 τὸ
511 2344 900 2418 περὶτούτων,
952 2341 1114 2414 μέχρι
1159 2339 1341 2411 μέντοι
1395 2337 1556 2406 λόγου
1609 2336 1684 2408 μὴ

104 2439 261 2493 ὄκνει
302 2437 690 2511 περιφέρεσθαι
740 2436 906 2505 αὐτῷ,
937 2434 1040 2489 κᾶν
1085 2432 1229 2487 οὕτω
1271 2430 1428 2502 τύχῃ,
1467 2447 1687 2483 συνεπι-

108 2532 385 2597 στενάξαι,
420 2530 700 2603 προσέχων
731 2528 914 2601 μέντοι
941 2526 1016 2599 μὴ
1044 2527 1140 2580 καὶ
1165 2524 1369 2579 ἔσωθεν
1398 2521 1679 2596 στενάξῃς.

1770 1197 1960 1253 tendas
1996 1198 2313 1268 appetitum,
2369 1198 2461 1253 sed
2502 1204 2779 1267 exspecta,
2831 1197 3004 1252 donec
3049 1200 3342 1252 accesserit

1770 1289 1838 1344 ad
1873 1300 1924 1345 te
1953 1308 1965 1343 :
2001 1290 2083 1345 sic
2123 1300 2174 1345 te
2200 1306 2357 1359 geras
2388 1307 2516 1363 erga
2552 1292 2715 1355 lilios,
2750 1293 2830 1347 sic
2858 1306 2984 1362 erga
3028 1292 3338 1362 coniugem,

1769 1398 1897 1454 erga
1930 1383 2301 1453 magistratus,
2327 1399 2456 1455 erga
2481 1384 2734 1452 divitias;
2769 1385 2988 1455 erisque
3014 1384 3227 1441 tandem
3260 1385 3343 1439 di-

1771 1490 1910 1546 gnus
1933 1474 2028 1530 Dei
2057 1475 2219 1530 homo
2247 1494 2260 1530 :
2286 1477 2506 1547 quando
2535 1492 2662 1532 vero
2703 1477 2883 1532 oblata
2915 1477 3010 1531 tibi
3043 1493 3149 1533 non
3183 1492 3341 1562 acce-

1771 1562 1938 1631 peris,
1973 1572 2102 1616 tunc
2141 1577 2248 1616 non
2294 1562 2471 1618 solum
2516 1562 2626 1617 eris
2667 1562 2834 1617 homo
2876 1560 2991 1629 Dei,
3042 1562 3137 1619 sed
3179 1560 3340 1619 etiam

1772 1654 1920 1709 velut
1951 1654 2193 1723 angelus.

1930 1736 1933 1739 ’
2324 1768 2571 1849 ‘CAPUT
2616 1767 2773 1823 xxu.

1849 1882 1983 1938 Cum
2032 1882 2268 1954 aliquem
2324 1883 2378 1939 in
2426 1884 2573 1940 luctu
2625 1884 2919 1954 ejulantem
2968 1884 3346 1954 conspexeris,

1783 1983 1880 2029 aut
1909 1976 2055 2046 quod
2089 1976 2232 2031 (ilius
2274 1992 2497 2047 peregre
2531 1976 2806 2047 profectus
2844 1976 3027 2043 fuerit,
3063 1987 3160 2031 aut
3202 1976 3349 2046 quod

1783 2082 1874 2122 res
1916 2081 2047 2122 suas
2104 2068 2367 2133 amiserit,
2417 2069 2655 2135 attende,
2703 2084 2771 2124 ne
2822 2078 2875 2124 te
2912 2069 3171 2139 corripiat
3214 2070 3353 2123 visio

1787 2160 1972 2215 animo
2013 2168 2419 2230 repraesentata.
2468 2161 2692 2231 perinde
2735 2176 2799 2215 ac
2829 2161 2874 2217 si
2917 2161 3005 2215 ille
3047 2170 3355 2216 versaretur

1788 2252 1844 2307 in
1880 2253 2037 2309 malis
2071 2253 2455 2321 exterioribus,
2502 2253 2598 2310 sed
2644 2254 2826 2310 statim
2874 2253 2974 2309 tibi
3022 2264 3219 2323 praesto
3263 2254 3354 2318 sit,

1791 2343 1935 2414 quod
1993 2343 2286 2409 nimirum,
2348 2360 2454 2400 non
2500 2346 2647 2415 quod
2690 2345 2889 2401 accidit
2933 2344 3085 2400 illum
3139 2345 3361 2400 alliietat

1796 2433 1985 2505 (alium
2037 2434 2181 2489 enim
2236 2436 2462 2491 minime
2487 2436 2717 2507 alliigit),
2768 2436 2864 2493 sed
2920 2437 3134 2507 Opinio,
3192 2452 3358 2510 quam

1790 2522 1952 2578 habet
2008 2522 2077 2579 de
2124 2520 2276 2579 illis:
2308 2540 2495 2579 verum
2543 2526 2724 2595 quoad
2780 2527 2871 2594 id,
2915 2529 3059 2597 quod
3132 2528 3360 2598 exigunt

108 2626 298 2689 verba,
334 2639 399 2680 ne
427 2633 482 2681 te
515 2624 691 2694 pigeat
722 2623 866 2677 circa
948 2623 1124 2691 ipsum
1203 2631 1447 2685 manere,
1489 2616 1646 2686 sique
1683 2614 1755 2670 ita
1795 2615 2095 2688 contingat,
2120 2619 2522 2687 congemiscere
2562 2623 2761 2690 stmul;
2819 2637 3012 2678 caveas
3060 2632 3262 2687 tamen,
3294 2636 3362 2676 ne

108 2722 347 2779 interius
374 2721 535 2776 etiam
570 2718 962 2789 congemiscas.

690 2830 940 2887 ΚΕΦΑΛ.
981 2828 1107 2883 KF’.

186 2947 447 3019 Μέμνησο
469 2947 551 3001 ὅτι
574 2944 873 3016 ὑποκριτὴς
894 2939 944 2997 εἷ
959 2942 1236 3015 δράματος
1260 2939 1374 2994 οἴου
1396 2939 1442 2994 δ’
1466 2939 1530 2994 ἂν
1558 2939 1687 3014 θέλῃ

2348 2828 2578 2887 CAPUT
2618 2829 2803 2885 XXIII.

1865 2940 2171 2997 Recordare
2196 2943 2340 3010 quod
2366 2950 2518 2999 actor
2550 2954 2871 3015 personatus
2893 2960 2951 2999 es
2982 2944 3194 3013 fabulae,
3226 2962 3365 3017 qua-

112 3040 142 3091 ὁ
163 3038 503 3121 διδάσκαλος,
534 3037 600 3091 ἂν
627 3036 799 3108 βραχὺ
831 3032 1081 3106 βραχέος,
1111 3032 1178 3086 ἂν
1212 3030 1422 3104 μακρὸν
1447 3031 1688 3102 μακροῦ·

1809 3049 1900 3089 .em
1945 3035 2180 3091 voluerit
2229 3038 2527 3102 magister;
2560 3038 2759 3101 brevis,
2801 3038 2845 3093 si
2882 3038 3135 3107 brevem;
3170 3040 3365 3111 longae,

114 3130 217 3185 ἐάν
252 3147 311 3184 σε
353 3130 568 3202 πτωχὸν
603 3129 899 3201 ὑποκρῖναι
929 3125 1084 3197 θέλῃ,
1130 3124 1218 3179 ἴνα
1249 3125 1344 3178 καὶ
1383 3123 1568 3177 τοῦτον
1599 3123 1689 3176 εὑ·-

117 3224 270 3293 φυῶς
308 3222 592 3294 ὑποκρίνῃ,
624 3220 691 3276 ἂν
720 3220 915 3291 χωλὸν,
941 3219 1007 3275 ἂν
1049 3219 1308 3290 ἄρχοντα,
1341 3215 1406 3271 ἂν
1436 3215 1651 3284 ἰδιώτην
1676 3230 1692 3247 ο

120 3318 217 3371 σὺν
244 3317 350 3388 γὰρ
376 3315 533 3369 τοῦτό
561 3316 680 3368 ἐστι
705 3313 767 3367 τδ
792 3313 941 3367 δοθὲν
968 3311 1262 3384 πρόσωπον
1295 3308 1694 3381 ὑποκρίνασθαι

120 3408 305 3473 καλῶς
331 3407 651 3472 ἐκλέξασθαι
682 3404 741 3460 δὲ
770 3403 901 3461 αὐτὸ
931 3404 1116 3459 ἄλλου.

704 3632 956 3685 ΚΕΦΑΛ.
996 3631 1121 3684 KA'.

197 3739 383 3812 Κόραξ
423 3741 548 3797 ὅταν
580 3740 655 3813 μὴ
685 3739 860 3795 αῐσιον
901 3740 1172 3813 κεκράγῃ,
1205 3738 1282 3812 μὴ
1309 3736 1704 3810 συναρπαζέτω

126 3850 190 3887 σε
221 3835 252 3905 ἡ
282 3834 550 3903 φαντασία
572 3833 666 3888 τοῦ
691 3834 961 3906 δαίμονος,
987 3834 1102 3889 ἀλλ’
1132 3834 1295 3898 εὐθὺς
1322 3832 1522 3902 διαίρει
1552 3830 1706 3903 παρὰ

30 3954 33 3981 :
127 3926 362 3995 σεαυτῷ,
394 3926 490 3979 καὶ
517 3926 664 3997 λέγε’
684 3926 905 3980 Τούτων
930 3926 1055 3995 ἐμοὶ
1079 3924 1231 3979 οὐδὲν
1254 3922 1698 3995 ἐπισημαίνεται,

30 4050 33 4059 ν
125 4015 245 4070 ἀλλ’
286 4016 319 4086 ἢ
364 4014 440 4087 τῷ
481 4015 692 4087 σώματί
722 4034 847 4088 μου,
872 4017 907 4087 ἢ
947 4015 1026 4087 τῷ
1055 4014 1315 4087 κτησιδίῳ
1346 4031 1470 4086 μου,
1502 4014 1596 4067 καὶ
1625 4011 1706 4081 τῷ

30 4146 33 4153 μ
125 4105 361 4177 δοξαρίῳ
392 4124 517 4178 μου,
546 4107 581 4179 ἢ
615 4109 728 4172 τοῖς
760 4107 996 4174 τέκνοις,
1026 4106 1062 4178 ἢ
1102 4108 1171 4178 τῇ
1213 4105 1454 4175 γυναικὶ,
1495 4106 1620 4175 ἐμοὶ
1648 4105 1706 4159 δὲ

132 4200 313 4254 πάντα
361 4201 513 4254 ατσια
560 4200 907 4272 σημαίνεται,
958 4200 1055 4255 ἐὰν
1103 4199 1214 4270 ὲγὼ
1246 4199 1386 4253 θέλω
1415 4213 1430 4226 ⁸
1455 4198 1484 4252 ὃ
1506 4215 1559 4250 τι
1596 4198 1706 4267 γὰρ

133 4289 205 4341 ἂν
253 4292 455 4347 τούτων
488 4292 779 4365 ἀποϐαίνῃ,
828 4292 915 4345 ἐπ’
969 4291 1094 4364 ὲμοί
1152 4294 1299 4347 ἔστιν
1348 4289 1479 4345 αὐτὸ
1527 4288 1707 4353 καλῶς

132 4379 348 4437 θέσθαι.

712 4521 960 4576 ΚΕΦΑΛ.
999 4519 1130 4576 KE'.

30 4706 33 4713 1
224 4627 501 4700 Ἀνίκητος
549 4631 687 4688 εἶναι
730 4634 955 4689 δύνασαι
986 4675 1001 4699 ,
1023 4636 1120 4688 ἐὰν
1145 4636 1224 4698 εἰς
1278 4633 1485 4706 μηδένα
1527 4630 1716 4702 ἀγῶνα

30 4784 33 4787 Α
135 4720 497 4793 καταϐαίνῃς,
523 4722 584 4777 ὃν
612 4726 713 4780 οὐκ
740 4725 887 4780 ἔστιν
919 4726 1013 4780 ἐπὶ
1046 4728 1131 4780 σοὶ
1161 4725 1405 4797 νικῆσαι.

715 4861 967 4915 ιςΕψΑΑ.
1006 4861 1151 4928 Kq'.

214 4974 358 5041 Ὅρα
405 4973 612 5044 μήποτε
673 4975 795 5030 ἰδών
831 4994 956 5030 τινα
998 4976 1432 5050 προτιμώμενον,
1464 4976 1498 5045 ἢ
1551 4991 1721 5046 μεγα-

30 5066 33 5097 ί
134 5065 454 5136 λυνόμενον,
496 5067 529 5138 ἢ
579 5066 754 5132 ἄλλως
803 5069 1214 5137 εὐδοκιμοῦντα,
1244 5069 1578 5141 μακαρίσῃς,
1617 5066 1723 5120 ὑπὸ

30 5162 33 5187 ⁷
134 5159 247 5228 τῆς
275 5163 571 5229 φαντασίας
601 5164 1026 5234 συναρπασθείς.
1062 5166 1159 5218 Ἂν
1207 5164 1315 5233 γὰρ
1364 5165 1422 5216 ἐν
1466 5166 1578 5227 τοῖς
1624 5163 1725 5215 οὐκ

137 5251 234 5318 ἐφ’
274 5253 402 5322 ἡμῖν
440 5256 475 5323 ἡ
526 5253 682 5307 οὐσία
713 5254 806 5308 τοῦ
836 5256 1041 5325 ἀγαθοῦ
1092 5255 1148 5329 ᾖ,
1184 5255 1309 5309 οὗτε
1345 5256 1558 5326 φθόνος,
1602 5255 1727 5310 οὗτε

140 5339 449 5413 ζηλοτυπία
480 5342 660 5417 χώραν
701 5344 815 5416 ἔχει
849 5360 863 5374 ⁸
887 5346 1006 5399 οὐδὲ
1037 5347 1147 5418 γὰρ
1189 5347 1492 5418 στρατηγὸς
1519 5346 1553 5418 ἦ
1586 5345 1727 5417 πρυ-

143 5449 325 5495 τανις,
372 5434 405 5503 ἦ
454 5434 657 5502 ὕπατος
708 5434 845 5492 εἶναι
891 5437 1085 5501 θέλεις,
1130 5438 1245 5491 ἀλλ’
1280 5437 1580 5509 ἐλεύθερος.
1616 5438 1729 5492 Μία

142 5525 210 5578 δὲ
258 5523 376 5588 ὁδὸς
429 5525 565 5596 πρὸς
609 5525 797 5595 τοῦτο,
862 5529 1266 5601 καταφρόνησις
1320 5529 1429 5585 τῶν
1495 5531 1593 5585 οὐκ
1643 5531 1731 5600 ἐφ’

30 5598 33 5627 ἶ
148 5616 311 5687 ἡμῖν.

1793 3128 1839 3182 si
1874 3128 2194 3200 longamzsi
2232 3130 2361 3185 velit
2401 3130 2632 3187 mendici
2660 3140 2719 3187 ut
2749 3147 2878 3203 agas
2904 3146 3213 3202 personam,
3243 3148 3365 3189 eam

1793 3220 1957 3275 etiam
1991 3222 2225 3291 ingenue
2251 3233 2643 3293 repraesentes;
2678 3222 2724 3279 si
2757 3224 2959 3288 claudi,
2992 3223 3038 3279 si
3078 3223 3365 3294 principis,

1796 3312 1842 3367 si
1884 3313 2113 3382 privati;
2153 3321 2306 3369 tuum
2350 3315 2496 3370 enim
2529 3317 2634 3372 hoc
2676 3325 2760 3370 est
2805 3317 3138 3387 assignatam
3180 3332 3369 3387 perso-

1797 3420 1923 3461 nam
1967 3406 2106 3461 bene
2150 3405 2374 3472 referre,
2429 3407 2602 3477 ipsam
2649 3423 2775 3462 vero
2812 3408 3048 3480 deligere
3096 3408 3164 3464 ad
3201 3408 3368 3463 alium

1798 3499 2049 3568 pertinet.

2268 3614 2427 3686 335
2451 3614 2680 3672 CAPUT
2722 3616 2907 3673 xxrv.
2986 3572 2990 3581 ’

1872 3729 2104 3797 Quando
2150 3745 2349 3786 corvus
2379 3731 2779 3802 inauspicatum
2821 3733 3179 3797 crocitaverit,
3216 3748 3284 3789 ne
3324 3742 3378 3789 te

1805 3821 2121 3893 imaginatio
2172 3823 2431 3893 corripiat
2457 3823 2756 3891 daemonis;
2802 3841 2989 3881 verum
3041 3828 3221 3881 statim
3263 3826 3379 3881 dis-

1806 3915 1994 3985 tingue
2022 3914 2167 3985 apud
2207 3916 2464 3985 teipsum,
2517 3926 2573 3973 et
2598 3918 2763 3973 dicito
2792 3936 2805 3972 :
2836 3916 2981 3972 Nihil
3012 3918 3142 3972 mihi
3169 3926 3383 3988 porten-

1806 4007 1973 4075 ditur,
2025 4008 2133 4063 nisi
2163 4006 2305 4063 lorte
2349 4022 2472 4064 meo
2520 4010 2761 4080 corpori,
2806 4020 2902 4064 aut
2947 4024 3070 4065 meo
3101 4008 3380 4079 praediolo,

1808 4110 1862 4156 et
1893 4100 2136 4172 gloriola:
2184 4116 2337 4167 meae,
2386 4109 2485 4156 aut
2514 4102 2662 4170 llliis,
2710 4110 2807 4157 aut
2851 4102 3031 4168 uxori,
3075 4100 3210 4157 mihi
3257 4115 3385 4155 vero

1811 4188 1987 4246 fausta
2013 4190 2197 4245 omnia
2226 4191 2626 4260 signiﬁcantur,
2649 4192 2695 4246 si
2713 4206 2815 4263 ego
2836 4191 3056 4247 voluero
3074 4233 3089 4257 ,
3117 4189 3386 4262 quidquid

1810 4283 1954 4338 enim
1990 4283 2218 4338 istorum
2255 4284 2516 4349 evenerit,
2564 4284 2618 4338 in
2650 4299 2737 4340 me
2759 4293 2846 4341 est
2874 4284 2979 4339 hoc
3001 4283 3140 4340 bene
3163 4284 3383 4339 ducere.

1734 4389 1782 4446 D

2378 4509 2607 4568 CAPUT
2656 4509 2826 4567 XXV.

1885 4627 2130 4684 Invictus
2162 4642 2287 4685 esse
2317 4637 2493 4699 potes,
2521 4629 2567 4685 si
2612 4628 2820 4685 nullum
2846 4625 3147 4686 descendas
3175 4625 3229 4680 in
3267 4637 3389 4679 cer-

1815 4729 2022 4789 tamen,
2051 4721 2105 4776 in
2134 4737 2245 4793 quo
2277 4722 2499 4778 vincere
2528 4737 2638 4778 non
2660 4722 2716 4778 in
2751 4734 2804 4778 te
2828 4729 2933 4778 est.

2376 4859 2607 4915 CAPUT
2646 4859 2839 4916 XXVI.

1888 4973 2120 5039 Caveas,
2156 4989 2224 5028 ne
2258 4974 2480 5045 quando
2511 4974 2712 5030 videris
2753 4974 2990 5043 aliquem
3025 4971 3232 5025 honore
3258 4982 3400 5039 pra!-

1821 5066 2014 5131 latum,
2042 5075 2135 5121 aut
2170 5066 2601 5137 magniticatum,
2633 5072 2725 5119 aut
2757 5064 2895 5119 alias
2918 5063 3254 5119 celebratum
3283 5075 3403 5115 ser-

1824 5174 1989 5214 mone
2015 5158 2326 5224 hominum,
2352 5157 2615 5226 praadices
2650 5158 2891 5221 beatum,
2927 5171 2995 5210 ex
3021 5151 3410 5222 imaginatione

1827 5263 2143 5321 correptus;
2174 5267 2298 5305 nam
2329 5251 2375 5305 si
2419 5249 2546 5304 boni
2591 5249 2827 5304 essentia
2873 5247 3197 5302 consisteret
3239 5243 3293 5295 in
3322 5241 3409 5295 his

1828 5358 1950 5413 quae
1977 5344 2029 5397 in
2058 5344 2218 5398 nobis
2247 5357 2352 5398 non
2385 5347 2537 5405 sunt,
2580 5354 2682 5394 nec
2712 5338 2915 5394 invidia
2952 5332 3405 5391 locum'haheret.

1831 5451 1929 5491 nec
1959 5437 2221 5509 aegritudo
2244 5451 2308 5489 ex
2341 5449 2405 5489 eo
2435 5434 2581 5503 quod
2613 5432 2751 5487 alter
2779 5431 2970 5486 iisdem
3006 5426 3264 5493 potiatur-
3296 5415 3410 5472 Nec

1830 5529 1978 5582 enim
2009 5528 2120 5582 dux
2169 5527 2374 5581 militiae.
2412 5536 2505 5580 aut
2547 5531 2749 5584 rector,
2793 5524 2885 5570 aut
2916 5513 3107 5570 consul
3139 5527 3262 5568 esse
3298 5511 3406 5572 vis.

1834 5617 1929 5672 sed
1957 5616 2126 5681 liber;
2159 5618 2224 5670 ad
2259 5631 2380 5671 eam
2408 5624 2590 5669 autem
2618 5624 2732 5666 rem
2768 5605 2927 5660 unica
2954 5603 3038 5658 via
3066 5610 3171 5669 est,
3212 5615 3409 5670 nempe

1848 5715 2195 5778 contemptus
2226 5721 2414 5762 earum
2468 5714 2672 5769 rerum,
2708 5710 2832 5772 qua
2862 5696 2917 5752 in
2951 5692 3107 5751 nobis
3140 5706 3249 5749 non
3276 5698 3405 5748 sunt
