  <div class='ocr_page' id='page_1' title='image "/cluster/home/n/w/nwhite01/storage/ocr_20150623/79/hvd.32044010610517/655.png"; bbox 0 0 3838 6056; ppageno 0'>
   <div class='ocr_carea' id='block_1_1' title="bbox 480 370 623 433">
    <p class='ocr_par' dir='ltr' id='par_1_1' title="bbox 480 370 623 433">
     <span class='ocr_line' id='line_1_1' title="bbox 480 370 623 433; baseline -0.035 0"><span class='ocrx_word' id='word_1_1' title='bbox 480 370 623 433; x_wconf 73' lang='grc'><strong>’1295</strong></span> 
     </span>
    </p>
   </div>
   <div class='ocr_carea' id='block_1_2' title="bbox 1011 473 1497 531">
    <p class='ocr_par' dir='ltr' id='par_1_2' title="bbox 1011 473 1497 531">
     <span class='ocr_line' id='line_1_2' title="bbox 1011 473 1497 531; baseline 0 -1"><span class='ocrx_word' id='word_1_2' title='bbox 1011 473 1239 530; x_wconf 79' lang='lat' dir='ltr'><strong>CAPUT</strong></span> <span class='ocrx_word' id='word_1_3' title='bbox 1280 474 1497 531; x_wconf 81' lang='lat' dir='ltr'><strong>XXVII.</strong></span> 
     </span>
    </p>
   </div>
   <div class='ocr_carea' id='block_1_3' title="bbox 547 580 2051 655">
    <p class='ocr_par' dir='ltr' id='par_1_3' title="bbox 547 580 2051 655">
     <span class='ocr_line' id='line_1_3' title="bbox 547 580 2051 655; baseline -0.006 -16"><span class='ocrx_word' id='word_1_4' title='bbox 547 584 835 646; x_wconf 83' lang='lat' dir='ltr'><strong>Memento,</strong></span> <span class='ocrx_word' id='word_1_5' title='bbox 885 584 1029 653; x_wconf 90' lang='lat' dir='ltr'><strong>quod</strong></span> <span class='ocrx_word' id='word_1_6' title='bbox 1074 599 1183 638; x_wconf 91' lang='lat' dir='ltr'><strong>non</strong></span> <span class='ocrx_word' id='word_1_7' title='bbox 1229 584 1300 647; x_wconf 90' lang='lat' dir='ltr'><strong>is,</strong></span> <span class='ocrx_word' id='word_1_8' title='bbox 1345 585 1436 655; x_wconf 85' lang='lat' dir='ltr'><strong>qui</strong></span> <span class='ocrx_word' id='word_1_9' title='bbox 1479 582 1693 654; x_wconf 86' lang='lat' dir='ltr'><strong>probris</strong></span> <span class='ocrx_word' id='word_1_10' title='bbox 1734 580 2051 640; x_wconf 75' lang='lat' dir='ltr'><strong>insectatur,</strong></span> 
     </span>
    </p>
   </div>
   <div class='ocr_carea' id='block_1_4' title="bbox 1967 358 2267 419">
    <p class='ocr_par' dir='ltr' id='par_1_4' title="bbox 1967 358 2267 419">
     <span class='ocr_line' id='line_1_4' title="bbox 1967 358 2267 419; baseline 0 0"><span class='ocrx_word' id='word_1_11' title='bbox 1967 358 2267 419; x_wconf 81' lang='lat' dir='ltr'><strong>SPURIA.</strong></span> 
     </span>
    </p>
   </div>
   <div class='ocr_carea' id='block_1_5' title="bbox 2084 481 2135 534">
    <p class='ocr_par' dir='ltr' id='par_1_5' title="bbox 2084 481 2135 534">
     <span class='ocr_line' id='line_1_5' title="bbox 2084 481 2135 534; baseline 0 0"><span class='ocrx_word' id='word_1_12' title='bbox 2084 481 2135 534; x_wconf 74' lang='grc' dir='ltr'><strong>Δ</strong></span> 
     </span>
    </p>
   </div>
   <div class='ocr_carea' id='block_1_6' title="bbox 3606 356 3733 420">
    <p class='ocr_par' dir='ltr' id='par_1_6' title="bbox 3606 356 3733 420">
     <span class='ocr_line' id='line_1_6' title="bbox 3606 356 3733 420; baseline 0 0"><span class='ocrx_word' id='word_1_13' title='bbox 3606 356 3733 420; x_wconf 64' lang='lat'><strong>12%</strong></span> 
     </span>
    </p>
   </div>
   <div class='ocr_carea' id='block_1_7' title="bbox 2734 470 3147 525">
    <p class='ocr_par' dir='ltr' id='par_1_7' title="bbox 2734 470 3147 525">
     <span class='ocr_line' id='line_1_7' title="bbox 2734 470 3147 525; baseline -0.002 0"><span class='ocrx_word' id='word_1_14' title='bbox 2734 470 2983 525; x_wconf 77' lang='grc' dir='ltr'><strong>ΚΕΦΑΛ.</strong></span> <span class='ocrx_word' id='word_1_15' title='bbox 3024 470 3147 524; x_wconf 83' lang='lat' dir='ltr'><strong>KZ&#39;.</strong></span> 
     </span>
    </p>
   </div>
   <div class='ocr_carea' id='block_1_8' title="bbox 2230 579 3731 659">
    <p class='ocr_par' dir='ltr' id='par_1_8' title="bbox 2230 579 3731 659">
     <span class='ocr_line' id='line_1_8' title="bbox 2230 579 3731 659; baseline 0.005 -25"><span class='ocrx_word' id='word_1_16' title='bbox 2230 580 2490 650; x_wconf 79' lang='grc' dir='ltr'>Μέμνησο</span> <span class='ocrx_word' id='word_1_17' title='bbox 2514 581 2594 634; x_wconf 84' lang='grc' dir='ltr'>ὄτι</span> <span class='ocrx_word' id='word_1_18' title='bbox 2622 580 2723 651; x_wconf 79' lang='grc' dir='ltr'>οὐχ</span> <span class='ocrx_word' id='word_1_19' title='bbox 2748 582 2778 632; x_wconf 83' lang='grc' dir='ltr'><strong>ὀ</strong></span> <span class='ocrx_word' id='word_1_20' title='bbox 2805 579 3081 651; x_wconf 80' lang='grc' dir='ltr'>λοιδορῶν,</span> <span class='ocrx_word' id='word_1_21' title='bbox 3115 584 3149 653; x_wconf 77' lang='grc' dir='ltr'>ἢ</span> <span class='ocrx_word' id='word_1_22' title='bbox 3179 584 3206 635; x_wconf 79' lang='grc' dir='ltr'>ὁ</span> <span class='ocrx_word' id='word_1_23' title='bbox 3236 584 3464 638; x_wconf 78' lang='grc' dir='ltr'><strong>τύπτων</strong></span> <span class='ocrx_word' id='word_1_24' title='bbox 3502 586 3731 659; x_wconf 74' lang='grc' dir='ltr'>ὑϐρίζει,</span> 
     </span>
    </p>
   </div>
   <div class='ocr_carea' id='block_1_9' title="bbox 475 670 2051 749">
    <p class='ocr_par' dir='ltr' id='par_1_9' title="bbox 475 670 2051 749">
     <span class='ocr_line' id='line_1_9' title="bbox 475 670 2051 749; baseline -0.007 -15"><span class='ocrx_word' id='word_1_25' title='bbox 475 689 569 734; x_wconf 90' lang='lat' dir='ltr'><strong>aut</strong></span> <span class='ocrx_word' id='word_1_26' title='bbox 595 681 685 749; x_wconf 90' lang='lat' dir='ltr'><strong>qui</strong></span> <span class='ocrx_word' id='word_1_27' title='bbox 719 679 987 743; x_wconf 78' lang='lat' dir='ltr'><strong>verberat,</strong></span> <span class='ocrx_word' id='word_1_28' title='bbox 1018 676 1271 745; x_wconf 90' lang='lat' dir='ltr'><strong>injuriam</strong></span> <span class='ocrx_word' id='word_1_29' title='bbox 1297 676 1512 742; x_wconf 86' lang='lat' dir='ltr'><strong>inferat,</strong></span> <span class='ocrx_word' id='word_1_30' title='bbox 1541 674 1636 729; x_wconf 89' lang='lat' dir='ltr'><strong>sed</strong></span> <span class='ocrx_word' id='word_1_31' title='bbox 1660 673 1869 743; x_wconf 90' lang='lat' dir='ltr'><strong>opinio,</strong></span> <span class='ocrx_word' id='word_1_32' title='bbox 1893 670 2051 742; x_wconf 77' lang='lat'><strong>336</strong></span> 
     </span>
    </p>
   </div>
   <div class='ocr_carea' id='block_1_10' title="bbox 2161 670 3732 749">
    <p class='ocr_par' dir='ltr' id='par_1_10' title="bbox 2161 672 3732 748">
     <span class='ocr_line' id='line_1_10' title="bbox 2161 672 3732 748; baseline 0.006 -23"><span class='ocrx_word' id='word_1_33' title='bbox 2161 672 2293 725; x_wconf 79' lang='grc' dir='ltr'>ἀλλὰ</span> <span class='ocrx_word' id='word_1_34' title='bbox 2319 673 2379 725; x_wconf 81' lang='grc' dir='ltr'>τὸ</span> <span class='ocrx_word' id='word_1_35' title='bbox 2407 673 2583 743; x_wconf 83' lang='grc' dir='ltr'><strong>δόγμα</strong></span> <span class='ocrx_word' id='word_1_36' title='bbox 2621 673 2682 727; x_wconf 84' lang='grc' dir='ltr'>τὸ</span> <span class='ocrx_word' id='word_1_37' title='bbox 2712 674 2840 745; x_wconf 58' lang='grc' dir='ltr'><strong>περὶ⁸</strong></span> <span class='ocrx_word' id='word_1_38' title='bbox 2868 673 3071 728; x_wconf 86' lang='grc' dir='ltr'>τούτων</span> <span class='ocrx_word' id='word_1_39' title='bbox 3092 676 3172 740; x_wconf 45' lang='grc' dir='ltr'>,ὡς</span> <span class='ocrx_word' id='word_1_40' title='bbox 3204 677 3549 748; x_wconf 76' lang='grc' dir='ltr'>ὑϐριζόντων</span> <span class='ocrx_word' id='word_1_41' title='bbox 3569 697 3584 711; x_wconf 78' lang='grc'><em>’</em></span> <span class='ocrx_word' id='word_1_42' title='bbox 3616 682 3732 734; x_wconf 63' lang='grc' dir='ltr'>ὅταν</span> 
     </span>
    </p>
   </div>
   <div class='ocr_carea' id='block_1_11' title="bbox 475 763 2051 840">
    <p class='ocr_par' dir='ltr' id='par_1_11' title="bbox 475 763 2051 840">
     <span class='ocr_line' id='line_1_11' title="bbox 475 763 2051 840; baseline -0.006 -15"><span class='ocrx_word' id='word_1_43' title='bbox 475 786 596 840; x_wconf 77' lang='lat' dir='ltr'><strong>qua:</strong></span> <span class='ocrx_word' id='word_1_44' title='bbox 626 770 694 824; x_wconf 90' lang='lat' dir='ltr'><strong>de</strong></span> <span class='ocrx_word' id='word_1_45' title='bbox 739 770 825 824; x_wconf 89' lang='lat' dir='ltr'><strong>his</strong></span> <span class='ocrx_word' id='word_1_46' title='bbox 871 769 1124 833; x_wconf 89' lang='lat' dir='ltr'><strong>habetur,</strong></span> <span class='ocrx_word' id='word_1_47' title='bbox 1166 768 1316 823; x_wconf 89' lang='lat' dir='ltr'><strong>velut</strong></span> <span class='ocrx_word' id='word_1_48' title='bbox 1361 766 1616 834; x_wconf 76' lang='lat' dir='ltr'><strong>iniuriam</strong></span> <span class='ocrx_word' id='word_1_49' title='bbox 1653 763 2051 828; x_wconf 88' lang='lat' dir='ltr'><strong>inferentibus;</strong></span> 
     </span>
    </p>
   </div>
   <div class='ocr_carea' id='block_1_12' title="bbox 474 855 2052 931">
    <p class='ocr_par' dir='ltr' id='par_1_12' title="bbox 474 855 2052 931">
     <span class='ocr_line' id='line_1_12' title="bbox 474 855 2052 931; baseline -0.004 -16"><span class='ocrx_word' id='word_1_50' title='bbox 474 876 599 915; x_wconf 92' lang='lat' dir='ltr'><strong>cum</strong></span> <span class='ocrx_word' id='word_1_51' title='bbox 626 860 790 931; x_wconf 89' lang='lat' dir='ltr'><strong>igitur</strong></span> <span class='ocrx_word' id='word_1_52' title='bbox 821 860 1021 929; x_wconf 79' lang='lat' dir='ltr'><strong>aliquis</strong></span> <span class='ocrx_word' id='word_1_53' title='bbox 1053 871 1107 913; x_wconf 89' lang='lat' dir='ltr'><strong>te</strong></span> <span class='ocrx_word' id='word_1_54' title='bbox 1132 858 1360 913; x_wconf 91' lang='lat' dir='ltr'><strong>irritarit</strong></span> <span class='ocrx_word' id='word_1_55' title='bbox 1397 858 1452 913; x_wconf 87' lang='lat' dir='ltr'><strong>in</strong></span> <span class='ocrx_word' id='word_1_56' title='bbox 1482 858 1683 927; x_wconf 89' lang='lat' dir='ltr'><strong>aliquo,</strong></span> <span class='ocrx_word' id='word_1_57' title='bbox 1722 857 1882 920; x_wconf 90' lang='lat' dir='ltr'><strong>scito,</strong></span> <span class='ocrx_word' id='word_1_58' title='bbox 1907 855 2052 926; x_wconf 88' lang='lat' dir='ltr'><strong>quod</strong></span> 
     </span>
    </p>
   </div>
   <div class='ocr_carea' id='block_1_13' title="bbox 474 946 2052 1021">
    <p class='ocr_par' dir='ltr' id='par_1_13' title="bbox 474 946 2052 1021">
     <span class='ocr_line' id='line_1_13' title="bbox 474 946 2052 1021; baseline -0.003 -17"><span class='ocrx_word' id='word_1_59' title='bbox 474 950 657 1021; x_wconf 90' lang='lat' dir='ltr'><strong>opinio</strong></span> <span class='ocrx_word' id='word_1_60' title='bbox 700 958 791 1005; x_wconf 89' lang='lat' dir='ltr'><strong>tua</strong></span> <span class='ocrx_word' id='word_1_61' title='bbox 832 958 883 1004; x_wconf 92' lang='lat' dir='ltr'><strong>te</strong></span> <span class='ocrx_word' id='word_1_62' title='bbox 929 949 1558 1019; x_wconf 77' lang='lat' dir='ltr'><strong>irritavitzquapropter</strong></span> <span class='ocrx_word' id='word_1_63' title='bbox 1598 950 1653 1002; x_wconf 90' lang='lat' dir='ltr'><strong>in</strong></span> <span class='ocrx_word' id='word_1_64' title='bbox 1701 947 1893 1018; x_wconf 85' lang='lat' dir='ltr'><strong>primis</strong></span> <span class='ocrx_word' id='word_1_65' title='bbox 1936 946 2052 1001; x_wconf 87' lang='lat' dir='ltr'><strong>eui-</strong></span> 
     </span>
    </p>
   </div>
   <div class='ocr_carea' id='block_1_14' title="bbox 477 1039 2049 1110">
    <p class='ocr_par' dir='ltr' id='par_1_14' title="bbox 477 1039 2049 1110">
     <span class='ocr_line' id='line_1_14' title="bbox 477 1039 2049 1110; baseline -0.001 -15"><span class='ocrx_word' id='word_1_66' title='bbox 477 1052 606 1107; x_wconf 91' lang='lat' dir='ltr'><strong>tere,</strong></span> <span class='ocrx_word' id='word_1_67' title='bbox 649 1055 716 1097; x_wconf 91' lang='lat' dir='ltr'><strong>ne</strong></span> <span class='ocrx_word' id='word_1_68' title='bbox 755 1039 1070 1110; x_wconf 91' lang='lat' dir='ltr'><strong>corripiaris</strong></span> <span class='ocrx_word' id='word_1_69' title='bbox 1118 1055 1151 1094; x_wconf 91' lang='lat' dir='ltr'><strong>a</strong></span> <span class='ocrx_word' id='word_1_70' title='bbox 1204 1056 1263 1095; x_wconf 90' lang='lat' dir='ltr'><strong>re</strong></span> <span class='ocrx_word' id='word_1_71' title='bbox 1306 1040 1491 1094; x_wconf 89' lang='lat' dir='ltr'><strong>animo</strong></span> <span class='ocrx_word' id='word_1_72' title='bbox 1540 1048 1956 1110; x_wconf 82' lang='lat' dir='ltr'><strong>repraesentata;</strong></span> <span class='ocrx_word' id='word_1_73' title='bbox 2003 1039 2049 1094; x_wconf 88' lang='lat' dir='ltr'><strong>si</strong></span> 
     </span>
    </p>
   </div>
   <div class='ocr_carea' id='block_1_15' title="bbox 476 1131 2053 1204">
    <p class='ocr_par' dir='ltr' id='par_1_15' title="bbox 476 1131 2053 1204">
     <span class='ocr_line' id='line_1_15' title="bbox 476 1131 2053 1204; baseline 0 -17"><span class='ocrx_word' id='word_1_74' title='bbox 476 1148 710 1204; x_wconf 88' lang='lat' dir='ltr'><strong>namque</strong></span> <span class='ocrx_word' id='word_1_75' title='bbox 770 1134 936 1188; x_wconf 88' lang='lat' dir='ltr'><strong>semel</strong></span> <span class='ocrx_word' id='word_1_76' title='bbox 984 1142 1230 1204; x_wconf 88' lang='lat' dir='ltr'><strong>tempore</strong></span> <span class='ocrx_word' id='word_1_77' title='bbox 1280 1135 1481 1196; x_wconf 90' lang='lat' dir='ltr'><strong>uteris,</strong></span> <span class='ocrx_word' id='word_1_78' title='bbox 1534 1149 1598 1188; x_wconf 90' lang='lat' dir='ltr'><strong>ac</strong></span> <span class='ocrx_word' id='word_1_79' title='bbox 1650 1147 1840 1197; x_wconf 86' lang='lat' dir='ltr'><strong>mora,</strong></span> <span class='ocrx_word' id='word_1_80' title='bbox 1892 1131 2053 1187; x_wconf 79' lang='lat' dir='ltr'><strong>facile</strong></span> 
     </span>
    </p>
   </div>
   <div class='ocr_carea' id='block_1_16' title="bbox 452 1225 1041 1296">
    <p class='ocr_par' dir='ltr' id='par_1_16' title="bbox 452 1225 1041 1296">
     <span class='ocr_line' id='line_1_16' title="bbox 452 1225 1041 1296; baseline 0 -16"><span class='ocrx_word' id='word_1_81' title='bbox 452 1225 712 1296; x_wconf 82' lang='lat' dir='ltr'><strong>‘teipsum</strong></span> <span class='ocrx_word' id='word_1_82' title='bbox 737 1225 1041 1296; x_wconf 90' lang='lat' dir='ltr'><strong>superabis.</strong></span> 
     </span>
    </p>
   </div>
   <div class='ocr_carea' id='block_1_17' title="bbox 996 1337 1507 1394">
    <p class='ocr_par' dir='ltr' id='par_1_17' title="bbox 996 1337 1507 1394">
     <span class='ocr_line' id='line_1_17' title="bbox 996 1337 1507 1394; baseline -0.002 -2"><span class='ocrx_word' id='word_1_83' title='bbox 996 1337 1226 1393; x_wconf 86' lang='lat' dir='ltr'><strong>CAPUT</strong></span> <span class='ocrx_word' id='word_1_84' title='bbox 1269 1337 1507 1394; x_wconf 78' lang='lat' dir='ltr'><strong>XXVIII.</strong></span> 
     </span>
    </p>
   </div>
   <div class='ocr_carea' id='block_1_18' title="bbox 545 1450 2050 1524">
    <p class='ocr_par' dir='ltr' id='par_1_18' title="bbox 545 1450 2050 1524">
     <span class='ocr_line' id='line_1_18' title="bbox 545 1450 2050 1524; baseline 0.003 -21"><span class='ocrx_word' id='word_1_85' title='bbox 545 1451 712 1514; x_wconf 85' lang='lat' dir='ltr'><strong>Mors,</strong></span> <span class='ocrx_word' id='word_1_86' title='bbox 748 1461 802 1505; x_wconf 89' lang='lat' dir='ltr'><strong>et</strong></span> <span class='ocrx_word' id='word_1_87' title='bbox 827 1450 973 1520; x_wconf 86' lang='lat' dir='ltr'><strong>fuga,</strong></span> <span class='ocrx_word' id='word_1_88' title='bbox 1011 1461 1066 1506; x_wconf 92' lang='lat' dir='ltr'><strong>et</strong></span> <span class='ocrx_word' id='word_1_89' title='bbox 1095 1452 1199 1506; x_wconf 89' lang='lat' dir='ltr'><strong>alia</strong></span> <span class='ocrx_word' id='word_1_90' title='bbox 1245 1454 1450 1517; x_wconf 87' lang='lat' dir='ltr'><strong>omnia,</strong></span> <span class='ocrx_word' id='word_1_91' title='bbox 1486 1464 1607 1521; x_wconf 72' lang='lat' dir='ltr'><strong>qua:</strong></span> <span class='ocrx_word' id='word_1_92' title='bbox 1647 1451 1901 1506; x_wconf 84' lang='lat' dir='ltr'><strong>videntur</strong></span> <span class='ocrx_word' id='word_1_93' title='bbox 1927 1467 2050 1524; x_wconf 90' lang='lat' dir='ltr'><strong>gra-</strong></span> 
     </span>
    </p>
   </div>
   <div class='ocr_carea' id='block_1_19' title="bbox 473 1542 2052 1613">
    <p class='ocr_par' dir='ltr' id='par_1_19' title="bbox 473 1542 2052 1613">
     <span class='ocr_line' id='line_1_19' title="bbox 473 1542 2052 1613; baseline 0.002 -17"><span class='ocrx_word' id='word_1_94' title='bbox 473 1543 581 1605; x_wconf 87' lang='lat' dir='ltr'><strong>via,</strong></span> <span class='ocrx_word' id='word_1_95' title='bbox 608 1558 733 1597; x_wconf 91' lang='lat' dir='ltr'><strong>aute</strong></span> <span class='ocrx_word' id='word_1_96' title='bbox 757 1543 946 1598; x_wconf 92' lang='lat' dir='ltr'><strong>oculos</strong></span> <span class='ocrx_word' id='word_1_97' title='bbox 979 1544 1089 1598; x_wconf 88' lang='lat' dir='ltr'><strong>sint</strong></span> <span class='ocrx_word' id='word_1_98' title='bbox 1116 1542 1215 1598; x_wconf 82' lang='lat' dir='ltr'><strong>tibi</strong></span> <span class='ocrx_word' id='word_1_99' title='bbox 1248 1542 1508 1613; x_wconf 83' lang='lat' dir='ltr'><strong>quotidie,</strong></span> <span class='ocrx_word' id='word_1_100' title='bbox 1536 1542 1771 1598; x_wconf 81' lang='lat' dir='ltr'><strong>maxime</strong></span> <span class='ocrx_word' id='word_1_101' title='bbox 1791 1557 1918 1599; x_wconf 90' lang='lat' dir='ltr'><strong>vero</strong></span> <span class='ocrx_word' id='word_1_102' title='bbox 1943 1558 2052 1613; x_wconf 70' lang='lat' dir='ltr'><strong>pra:</strong></span> 
     </span>
    </p>
   </div>
   <div class='ocr_carea' id='block_1_20' title="bbox 472 1633 2048 1704">
    <p class='ocr_par' dir='ltr' id='par_1_20' title="bbox 472 1633 2048 1704">
     <span class='ocr_line' id='line_1_20' title="bbox 472 1633 2048 1704; baseline 0.002 -18"><span class='ocrx_word' id='word_1_103' title='bbox 472 1634 726 1687; x_wconf 87' lang='lat' dir='ltr'><strong>omnibus</strong></span> <span class='ocrx_word' id='word_1_104' title='bbox 777 1649 962 1699; x_wconf 91' lang='lat' dir='ltr'><strong>mors;</strong></span> <span class='ocrx_word' id='word_1_105' title='bbox 1016 1642 1070 1688; x_wconf 90' lang='lat' dir='ltr'><strong>et</strong></span> <span class='ocrx_word' id='word_1_106' title='bbox 1114 1633 1249 1688; x_wconf 88' lang='lat' dir='ltr'><strong>nihil</strong></span> <span class='ocrx_word' id='word_1_107' title='bbox 1299 1648 1541 1703; x_wconf 89' lang='lat' dir='ltr'><strong>unquam</strong></span> <span class='ocrx_word' id='word_1_108' title='bbox 1592 1633 1859 1704; x_wconf 82' lang='lat' dir='ltr'><strong>cogitabis</strong></span> <span class='ocrx_word' id='word_1_109' title='bbox 1898 1634 2048 1704; x_wconf 86' lang='lat' dir='ltr'><strong>abje-</strong></span> 
     </span>
    </p>
   </div>
   <div class='ocr_carea' id='block_1_21' title="bbox 471 1726 2052 1798">
    <p class='ocr_par' dir='ltr' id='par_1_21' title="bbox 471 1726 2052 1798">
     <span class='ocr_line' id='line_1_21' title="bbox 471 1726 2052 1798; baseline -0.001 -16"><span class='ocrx_word' id='word_1_110' title='bbox 471 1736 641 1793; x_wconf 90' lang='lat' dir='ltr'><strong>ctum,</strong></span> <span class='ocrx_word' id='word_1_111' title='bbox 696 1740 796 1783; x_wconf 89' lang='lat' dir='ltr'><strong>nec</strong></span> <span class='ocrx_word' id='word_1_112' title='bbox 842 1726 919 1780; x_wconf 87' lang='lat' dir='ltr'><strong>rei</strong></span> <span class='ocrx_word' id='word_1_113' title='bbox 962 1726 1270 1797; x_wconf 75' lang='lat' dir='ltr'><strong>cuiuspiam</strong></span> <span class='ocrx_word' id='word_1_114' title='bbox 1298 1727 1464 1782; x_wconf 90' lang='lat' dir='ltr'><strong>nimia</strong></span> <span class='ocrx_word' id='word_1_115' title='bbox 1492 1727 1762 1782; x_wconf 87' lang='lat' dir='ltr'><strong>teneberis</strong></span> <span class='ocrx_word' id='word_1_116' title='bbox 1791 1727 2052 1798; x_wconf 83' lang='lat' dir='ltr'><strong>concupi-</strong></span> 
     </span>
    </p>
   </div>
   <div class='ocr_carea' id='block_1_22' title="bbox 471 1819 698 1873">
    <p class='ocr_par' dir='ltr' id='par_1_22' title="bbox 471 1819 698 1873">
     <span class='ocr_line' id='line_1_22' title="bbox 471 1819 698 1873; baseline 0 0"><span class='ocrx_word' id='word_1_117' title='bbox 471 1819 698 1873; x_wconf 86' lang='lat' dir='ltr'><strong>scentia.</strong></span> 
     </span>
    </p>
   </div>
   <div class='ocr_carea' id='block_1_23' title="bbox 1028 1926 1487 1984">
    <p class='ocr_par' dir='ltr' id='par_1_23' title="bbox 1028 1926 1487 1984">
     <span class='ocr_line' id='line_1_23' title="bbox 1028 1926 1487 1984; baseline -0.002 -1"><span class='ocrx_word' id='word_1_118' title='bbox 1028 1926 1258 1984; x_wconf 84' lang='lat' dir='ltr'><strong>CAPUT</strong></span> <span class='ocrx_word' id='word_1_119' title='bbox 1299 1926 1487 1983; x_wconf 86' lang='lat' dir='ltr'><strong>XXIX.</strong></span> 
     </span>
    </p>
   </div>
   <div class='ocr_carea' id='block_1_24' title="bbox 540 2042 2046 2114">
    <p class='ocr_par' dir='ltr' id='par_1_24' title="bbox 540 2042 2046 2114">
     <span class='ocr_line' id='line_1_24' title="bbox 540 2042 2046 2114; baseline 0 -15"><span class='ocrx_word' id='word_1_120' title='bbox 540 2043 601 2100; x_wconf 90' lang='lat' dir='ltr'><strong>Si</strong></span> <span class='ocrx_word' id='word_1_121' title='bbox 651 2042 1050 2114; x_wconf 70' lang='lat' dir='ltr'><strong>philosoyhiam</strong></span> <span class='ocrx_word' id='word_1_122' title='bbox 1105 2043 1485 2113; x_wconf 86' lang='lat' dir='ltr'><strong>concupiscis,</strong></span> <span class='ocrx_word' id='word_1_123' title='bbox 1538 2052 1876 2114; x_wconf 62' lang='lat' dir='ltr'><strong>praeparatus</strong></span> <span class='ocrx_word' id='word_1_124' title='bbox 1919 2042 2046 2099; x_wconf 90' lang='lat' dir='ltr'><strong>inde</strong></span> 
     </span>
    </p>
   </div>
   <div class='ocr_carea' id='block_1_25' title="bbox 469 2134 2045 2207">
    <p class='ocr_par' dir='ltr' id='par_1_25' title="bbox 469 2134 2045 2207">
     <span class='ocr_line' id='line_1_25' title="bbox 469 2134 2045 2207; baseline -0.001 -15"><span class='ocrx_word' id='word_1_125' title='bbox 469 2145 608 2203; x_wconf 84' lang='lat' dir='ltr'><strong>esto,</strong></span> <span class='ocrx_word' id='word_1_126' title='bbox 640 2145 931 2205; x_wconf 84' lang='lat' dir='ltr'><strong>expectans</strong></span> <span class='ocrx_word' id='word_1_127' title='bbox 977 2144 1029 2189; x_wconf 90' lang='lat' dir='ltr'><strong>te</strong></span> <span class='ocrx_word' id='word_1_128' title='bbox 1070 2134 1445 2198; x_wconf 90' lang='lat' dir='ltr'><strong>deridendum,</strong></span> <span class='ocrx_word' id='word_1_129' title='bbox 1479 2136 1788 2207; x_wconf 90' lang='lat' dir='ltr'><strong>multosque</strong></span> <span class='ocrx_word' id='word_1_130' title='bbox 1827 2144 1881 2191; x_wconf 89' lang='lat' dir='ltr'><strong>te</strong></span> <span class='ocrx_word' id='word_1_131' title='bbox 1911 2136 2045 2192; x_wconf 83' lang='lat' dir='ltr'><strong>sub-</strong></span> 
     </span>
    </p>
   </div>
   <div class='ocr_carea' id='block_1_26' title="bbox 471 2226 2046 2299">
    <p class='ocr_par' dir='ltr' id='par_1_26' title="bbox 471 2226 2046 2299">
     <span class='ocr_line' id='line_1_26' title="bbox 471 2226 2046 2299; baseline -0.002 -16"><span class='ocrx_word' id='word_1_132' title='bbox 471 2240 818 2290; x_wconf 86' lang='lat' dir='ltr'><strong>sannaturos,</strong></span> <span class='ocrx_word' id='word_1_133' title='bbox 849 2235 903 2281; x_wconf 91' lang='lat' dir='ltr'><strong>et</strong></span> <span class='ocrx_word' id='word_1_134' title='bbox 941 2226 1204 2292; x_wconf 87' lang='lat' dir='ltr'><strong>dicturos,</strong></span> <span class='ocrx_word' id='word_1_135' title='bbox 1235 2226 1379 2296; x_wconf 90' lang='lat' dir='ltr'><strong>quod</strong></span> <span class='ocrx_word' id='word_1_136' title='bbox 1412 2226 1649 2297; x_wconf 84' lang='lat' dir='ltr'><strong>Repente</strong></span> <span class='ocrx_word' id='word_1_137' title='bbox 1679 2228 1835 2284; x_wconf 91' lang='lat' dir='ltr'><strong>nobis</strong></span> <span class='ocrx_word' id='word_1_138' title='bbox 1862 2228 2046 2299; x_wconf 85' lang='lat' dir='ltr'><strong>philo-</strong></span> 
     </span>
    </p>
   </div>
   <div class='ocr_carea' id='block_1_27' title="bbox 471 2316 2044 2390">
    <p class='ocr_par' dir='ltr' id='par_1_27' title="bbox 471 2316 2044 2390">
     <span class='ocr_line' id='line_1_27' title="bbox 471 2316 2044 2390; baseline 0.002 -18"><span class='ocrx_word' id='word_1_139' title='bbox 471 2318 680 2387; x_wconf 81' lang='lat' dir='ltr'><strong>SOpItllS</strong></span> <span class='ocrx_word' id='word_1_140' title='bbox 729 2316 1079 2387; x_wconf 85' lang='lat' dir='ltr'><strong>supervenit;</strong></span> <span class='ocrx_word' id='word_1_141' title='bbox 1143 2326 1198 2372; x_wconf 89' lang='lat' dir='ltr'><strong>et</strong></span> <span class='ocrx_word' id='word_1_142' title='bbox 1252 2317 1396 2372; x_wconf 91' lang='lat' dir='ltr'><strong>unde</strong></span> <span class='ocrx_word' id='word_1_143' title='bbox 1458 2320 1617 2374; x_wconf 89' lang='lat' dir='ltr'><strong>uobis</strong></span> <span class='ocrx_word' id='word_1_144' title='bbox 1686 2320 2044 2390; x_wconf 89' lang='lat' dir='ltr'><strong>supercilium</strong></span> 
     </span>
    </p>
   </div>
   <div class='ocr_carea' id='block_1_28' title="bbox 472 2408 2045 2479">
    <p class='ocr_par' dir='ltr' id='par_1_28' title="bbox 472 2408 2045 2479">
     <span class='ocr_line' id='line_1_28' title="bbox 472 2408 2045 2479; baseline 0.001 -15"><span class='ocrx_word' id='word_1_145' title='bbox 472 2410 648 2464; x_wconf 84' lang='lat' dir='ltr'><strong>istud?</strong></span> <span class='ocrx_word' id='word_1_146' title='bbox 681 2408 761 2463; x_wconf 90' lang='lat' dir='ltr'><strong>Tu</strong></span> <span class='ocrx_word' id='word_1_147' title='bbox 802 2425 930 2464; x_wconf 89' lang='lat' dir='ltr'><strong>vero</strong></span> <span class='ocrx_word' id='word_1_148' title='bbox 960 2408 1311 2479; x_wconf 89' lang='lat' dir='ltr'><strong>supercilium</strong></span> <span class='ocrx_word' id='word_1_149' title='bbox 1344 2408 1564 2479; x_wconf 87' lang='lat' dir='ltr'><strong>quidem</strong></span> <span class='ocrx_word' id='word_1_150' title='bbox 1612 2426 1680 2465; x_wconf 90' lang='lat' dir='ltr'><strong>nc</strong></span> <span class='ocrx_word' id='word_1_151' title='bbox 1711 2411 1944 2479; x_wconf 85' lang='lat' dir='ltr'><strong>habeas;</strong></span> <span class='ocrx_word' id='word_1_152' title='bbox 1980 2427 2045 2466; x_wconf 90' lang='lat' dir='ltr'><strong>ea</strong></span> 
     </span>
    </p>
   </div>
   <div class='ocr_carea' id='block_1_29' title="bbox 469 2498 2047 2571">
    <p class='ocr_par' dir='ltr' id='par_1_29' title="bbox 469 2498 2047 2571">
     <span class='ocr_line' id='line_1_29' title="bbox 469 2498 2047 2571; baseline 0.003 -18"><span class='ocrx_word' id='word_1_153' title='bbox 469 2516 619 2565; x_wconf 91' lang='lat' dir='ltr'><strong>vero,</strong></span> <span class='ocrx_word' id='word_1_154' title='bbox 651 2516 771 2571; x_wconf 85' lang='lat' dir='ltr'><strong>quae</strong></span> <span class='ocrx_word' id='word_1_155' title='bbox 797 2501 1002 2571; x_wconf 89' lang='lat' dir='ltr'><strong>optima</strong></span> <span class='ocrx_word' id='word_1_156' title='bbox 1031 2499 1129 2554; x_wconf 88' lang='lat' dir='ltr'><strong>tibi</strong></span> <span class='ocrx_word' id='word_1_157' title='bbox 1159 2502 1276 2555; x_wconf 87' lang='lat' dir='ltr'><strong>visa</strong></span> <span class='ocrx_word' id='word_1_158' title='bbox 1310 2498 1506 2555; x_wconf 80' lang='lat' dir='ltr'><strong>fuerint</strong></span> <span class='ocrx_word' id='word_1_159' title='bbox 1544 2502 1623 2556; x_wconf 92' lang='lat' dir='ltr'><strong>sic</strong></span> <span class='ocrx_word' id='word_1_160' title='bbox 1647 2511 1790 2565; x_wconf 90' lang='lat' dir='ltr'><strong>tene,</strong></span> <span class='ocrx_word' id='word_1_161' title='bbox 1821 2501 2047 2571; x_wconf 88' lang='lat' dir='ltr'><strong>perinde</strong></span> 
     </span>
    </p>
   </div>
   <div class='ocr_carea' id='block_1_30' title="bbox 470 2590 2045 2649">
    <p class='ocr_par' dir='ltr' id='par_1_30' title="bbox 470 2590 2045 2649">
     <span class='ocr_line' id='line_1_30' title="bbox 470 2590 2045 2649; baseline -0.001 -2"><span class='ocrx_word' id='word_1_162' title='bbox 470 2609 535 2648; x_wconf 93' lang='lat' dir='ltr'><strong>ac</strong></span> <span class='ocrx_word' id='word_1_163' title='bbox 574 2594 619 2647; x_wconf 89' lang='lat' dir='ltr'><strong>si</strong></span> <span class='ocrx_word' id='word_1_164' title='bbox 661 2608 688 2646; x_wconf 87' lang='lat' dir='ltr'><strong>a</strong></span> <span class='ocrx_word' id='word_1_165' title='bbox 732 2591 841 2647; x_wconf 87' lang='lat' dir='ltr'><strong>Deo</strong></span> <span class='ocrx_word' id='word_1_166' title='bbox 880 2591 934 2645; x_wconf 90' lang='lat' dir='ltr'><strong>in</strong></span> <span class='ocrx_word' id='word_1_167' title='bbox 965 2606 1029 2645; x_wconf 86' lang='lat' dir='ltr'><strong>eo</strong></span> <span class='ocrx_word' id='word_1_168' title='bbox 1070 2590 1401 2647; x_wconf 88' lang='lat' dir='ltr'><strong>constitutus</strong></span> <span class='ocrx_word' id='word_1_169' title='bbox 1440 2606 1591 2647; x_wconf 88' lang='lat' dir='ltr'><strong>esses</strong></span> <span class='ocrx_word' id='word_1_170' title='bbox 1635 2592 1794 2649; x_wconf 86' lang='lat' dir='ltr'><strong>loco:</strong></span> <span class='ocrx_word' id='word_1_171' title='bbox 1825 2607 1890 2648; x_wconf 91' lang='lat' dir='ltr'><strong>ac</strong></span> <span class='ocrx_word' id='word_1_172' title='bbox 1926 2607 2045 2647; x_wconf 92' lang='lat' dir='ltr'><strong>me-</strong></span> 
     </span>
    </p>
   </div>
   <div class='ocr_carea' id='block_1_31' title="bbox 470 2681 2044 2754">
    <p class='ocr_par' dir='ltr' id='par_1_31' title="bbox 470 2681 2044 2754">
     <span class='ocr_line' id='line_1_31' title="bbox 470 2681 2044 2754; baseline 0.001 -19"><span class='ocrx_word' id='word_1_173' title='bbox 470 2693 675 2747; x_wconf 90' lang='lat' dir='ltr'><strong>mento,</strong></span> <span class='ocrx_word' id='word_1_174' title='bbox 717 2682 860 2752; x_wconf 87' lang='lat' dir='ltr'><strong>quod</strong></span> <span class='ocrx_word' id='word_1_175' title='bbox 917 2681 962 2734; x_wconf 88' lang='lat' dir='ltr'><strong>si</strong></span> <span class='ocrx_word' id='word_1_176' title='bbox 1017 2682 1070 2735; x_wconf 89' lang='lat' dir='ltr'><strong>in</strong></span> <span class='ocrx_word' id='word_1_177' title='bbox 1110 2681 1301 2737; x_wconf 87' lang='lat' dir='ltr'><strong>eodem</strong></span> <span class='ocrx_word' id='word_1_178' title='bbox 1348 2698 1661 2753; x_wconf 89' lang='lat' dir='ltr'><strong>perseveres</strong></span> <span class='ocrx_word' id='word_1_179' title='bbox 1713 2693 1894 2750; x_wconf 85' lang='lat' dir='ltr'><strong>statu,</strong></span> <span class='ocrx_word' id='word_1_180' title='bbox 1950 2683 2044 2754; x_wconf 91' lang='lat' dir='ltr'><strong>qui</strong></span> 
     </span>
    </p>
   </div>
   <div class='ocr_carea' id='block_1_32' title="bbox 386 2772 2041 2854">
    <p class='ocr_par' dir='ltr' id='par_1_32' title="bbox 386 2772 2041 2854">
     <span class='ocr_line' id='line_1_32' title="bbox 386 2772 2041 2854; baseline 0.001 -28"><span class='ocrx_word' id='word_1_181' title='bbox 386 2802 387 2805; x_wconf 59' lang='grc' dir='ltr'><strong>η</strong></span> <span class='ocrx_word' id='word_1_182' title='bbox 470 2774 622 2854; x_wconf 84' lang='lat' dir='ltr'><strong>prius</strong></span> <span class='ocrx_word' id='word_1_183' title='bbox 649 2783 699 2827; x_wconf 91' lang='lat' dir='ltr'><strong>te</strong></span> <span class='ocrx_word' id='word_1_184' title='bbox 726 2772 1037 2835; x_wconf 87' lang='lat' dir='ltr'><strong>irridebaut,</strong></span> <span class='ocrx_word' id='word_1_185' title='bbox 1073 2772 1235 2827; x_wconf 90' lang='lat' dir='ltr'><strong>iidem</strong></span> <span class='ocrx_word' id='word_1_186' title='bbox 1269 2784 1321 2828; x_wconf 88' lang='lat' dir='ltr'><strong>te</strong></span> <span class='ocrx_word' id='word_1_187' title='bbox 1366 2782 1554 2844; x_wconf 91' lang='lat' dir='ltr'><strong>postea</strong></span> <span class='ocrx_word' id='word_1_188' title='bbox 1594 2775 2041 2841; x_wconf 87' lang='lat' dir='ltr'><strong>admirabuntur;</strong></span> 
     </span>
    </p>
   </div>
   <div class='ocr_carea' id='block_1_33' title="bbox 472 2862 2045 2936">
    <p class='ocr_par' dir='ltr' id='par_1_33' title="bbox 472 2862 2045 2936">
     <span class='ocr_line' id='line_1_33' title="bbox 472 2862 2045 2936; baseline 0 -18"><span class='ocrx_word' id='word_1_189' title='bbox 472 2864 520 2918; x_wconf 89' lang='lat' dir='ltr'><strong>si</strong></span> <span class='ocrx_word' id='word_1_190' title='bbox 554 2878 681 2918; x_wconf 88' lang='lat' dir='ltr'><strong>vero</strong></span> <span class='ocrx_word' id='word_1_191' title='bbox 710 2866 778 2918; x_wconf 92' lang='lat' dir='ltr'><strong>ab</strong></span> <span class='ocrx_word' id='word_1_192' title='bbox 810 2864 941 2933; x_wconf 87' lang='lat' dir='ltr'><strong>ipsis</strong></span> <span class='ocrx_word' id='word_1_193' title='bbox 970 2862 1137 2918; x_wconf 89' lang='lat' dir='ltr'><strong>fueris</strong></span> <span class='ocrx_word' id='word_1_194' title='bbox 1175 2875 1486 2935; x_wconf 87' lang='lat' dir='ltr'><strong>superatus,</strong></span> <span class='ocrx_word' id='word_1_195' title='bbox 1521 2865 1792 2936; x_wconf 89' lang='lat' dir='ltr'><strong>duplicem</strong></span> <span class='ocrx_word' id='word_1_196' title='bbox 1842 2865 2045 2920; x_wconf 88' lang='lat' dir='ltr'><strong>referes</strong></span> 
     </span>
    </p>
   </div>
   <div class='ocr_carea' id='block_1_34' title="bbox 474 2971 803 3010">
    <p class='ocr_par' dir='ltr' id='par_1_34' title="bbox 474 2971 803 3010">
     <span class='ocr_line' id='line_1_34' title="bbox 474 2971 803 3010; baseline 0 -1"><span class='ocrx_word' id='word_1_197' title='bbox 474 2971 780 3010; x_wconf 75' lang='lat' dir='ltr'><strong>II&#39;I‘ISIOIICIII</strong></span> <span class='ocrx_word' id='word_1_198' title='bbox 791 2995 803 3009; x_wconf 86' lang='lat'><strong>.</strong></span> 
     </span>
    </p>
   </div>
   <div class='ocr_carea' id='block_1_35' title="bbox 1031 3071 1473 3129">
    <p class='ocr_par' dir='ltr' id='par_1_35' title="bbox 1031 3071 1473 3129">
     <span class='ocr_line' id='line_1_35' title="bbox 1031 3071 1473 3129; baseline -0.009 0"><span class='ocrx_word' id='word_1_199' title='bbox 1031 3071 1264 3129; x_wconf 79' lang='lat' dir='ltr'><strong>CAPUT</strong></span> <span class='ocrx_word' id='word_1_200' title='bbox 1310 3071 1473 3126; x_wconf 81' lang='lat' dir='ltr'><strong>XXX.</strong></span> 
     </span>
    </p>
   </div>
   <div class='ocr_carea' id='block_1_36' title="bbox 544 3153 2115 3256">
    <p class='ocr_par' dir='ltr' id='par_1_36' title="bbox 544 3153 2115 3256">
     <span class='ocr_line' id='line_1_36' title="bbox 544 3153 2115 3256; baseline -0.001 -17"><span class='ocrx_word' id='word_1_201' title='bbox 544 3183 603 3239; x_wconf 87' lang='lat' dir='ltr'><strong>Si</strong></span> <span class='ocrx_word' id='word_1_202' title='bbox 646 3153 860 3256; x_wconf 82' lang='lat' dir='ltr'><strong>quando</strong></span> <span class='ocrx_word' id='word_1_203' title='bbox 906 3187 1001 3242; x_wconf 87' lang='lat' dir='ltr'><strong>tibi</strong></span> <span class='ocrx_word' id='word_1_204' title='bbox 1047 3184 1335 3256; x_wconf 67' lang='lat' dir='ltr'><strong>contigerit</strong></span> <span class='ocrx_word' id='word_1_205' title='bbox 1382 3183 1516 3237; x_wconf 80' lang='lat' dir='ltr'><strong>verti</strong></span> <span class='ocrx_word' id='word_1_206' title='bbox 1576 3182 1743 3246; x_wconf 89' lang='lat' dir='ltr'><strong>foras,</strong></span> <span class='ocrx_word' id='word_1_207' title='bbox 1804 3189 1864 3236; x_wconf 87' lang='lat' dir='ltr'><strong>ut</strong></span> <span class='ocrx_word' id='word_1_208' title='bbox 1909 3165 2115 3238; x_wconf 81' lang='lat' dir='ltr'><strong>vetisC</strong></span> 
     </span>
    </p>
   </div>
   <div class='ocr_carea' id='block_1_37' title="bbox 473 3273 2042 3347">
    <p class='ocr_par' dir='ltr' id='par_1_37' title="bbox 473 3273 2042 3347">
     <span class='ocr_line' id='line_1_37' title="bbox 473 3273 2042 3347; baseline -0.001 -16"><span class='ocrx_word' id='word_1_209' title='bbox 473 3276 637 3332; x_wconf 85' lang='lat' dir='ltr'><strong>alicui</strong></span> <span class='ocrx_word' id='word_1_210' title='bbox 675 3276 908 3347; x_wconf 83' lang='lat' dir='ltr'><strong>placere,</strong></span> <span class='ocrx_word' id='word_1_211' title='bbox 941 3280 1108 3343; x_wconf 83' lang='lat' dir='ltr'><strong>scias,</strong></span> <span class='ocrx_word' id='word_1_212' title='bbox 1157 3277 1304 3347; x_wconf 90' lang='lat' dir='ltr'><strong>quod</strong></span> <span class='ocrx_word' id='word_1_213' title='bbox 1344 3274 1611 3330; x_wconf 88' lang='lat' dir='ltr'><strong>aberrasti</strong></span> <span class='ocrx_word' id='word_1_214' title='bbox 1654 3275 1722 3329; x_wconf 85' lang='lat' dir='ltr'><strong>ab</strong></span> <span class='ocrx_word' id='word_1_215' title='bbox 1759 3273 2042 3341; x_wconf 84' lang='lat' dir='ltr'><strong>instituto;</strong></span> 
     </span>
    </p>
   </div>
   <div class='ocr_carea' id='block_1_38' title="bbox 474 3369 2046 3445">
    <p class='ocr_par' dir='ltr' id='par_1_38' title="bbox 474 3369 2046 3445">
     <span class='ocr_line' id='line_1_38' title="bbox 474 3369 2046 3445; baseline -0.003 -17"><span class='ocrx_word' id='word_1_216' title='bbox 474 3382 763 3428; x_wconf 90' lang='lat' dir='ltr'><strong>contentus</strong></span> <span class='ocrx_word' id='word_1_217' title='bbox 793 3389 923 3445; x_wconf 86' lang='lat' dir='ltr'><strong>ergo</strong></span> <span class='ocrx_word' id='word_1_218' title='bbox 950 3374 1028 3430; x_wconf 88' lang='lat' dir='ltr'><strong>sis</strong></span> <span class='ocrx_word' id='word_1_219' title='bbox 1066 3373 1121 3427; x_wconf 91' lang='lat' dir='ltr'><strong>in</strong></span> <span class='ocrx_word' id='word_1_220' title='bbox 1157 3372 1305 3427; x_wconf 91' lang='lat' dir='ltr'><strong>omni</strong></span> <span class='ocrx_word' id='word_1_221' title='bbox 1344 3386 1403 3425; x_wconf 89' lang='lat' dir='ltr'><strong>re</strong></span> <span class='ocrx_word' id='word_1_222' title='bbox 1430 3369 1785 3441; x_wconf 86' lang='lat' dir='ltr'><strong>philosophus</strong></span> <span class='ocrx_word' id='word_1_223' title='bbox 1817 3384 1967 3434; x_wconf 89' lang='lat' dir='ltr'><strong>esse;</strong></span> <span class='ocrx_word' id='word_1_224' title='bbox 1998 3369 2046 3425; x_wconf 92' lang='lat' dir='ltr'><strong>si</strong></span> 
     </span>
    </p>
   </div>
   <div class='ocr_carea' id='block_1_39' title="bbox 474 3460 2045 3539">
    <p class='ocr_par' dir='ltr' id='par_1_39' title="bbox 474 3460 2045 3539">
     <span class='ocr_line' id='line_1_39' title="bbox 474 3460 2045 3539; baseline -0.003 -21"><span class='ocrx_word' id='word_1_225' title='bbox 474 3480 603 3539; x_wconf 81' lang='lat' dir='ltr'><strong>vero</strong></span> <span class='ocrx_word' id='word_1_226' title='bbox 630 3465 787 3536; x_wconf 83' lang='lat'><strong>337</strong></span> <span class='ocrx_word' id='word_1_227' title='bbox 819 3466 1029 3536; x_wconf 92' lang='lat' dir='ltr'><strong>cupias,</strong></span> <span class='ocrx_word' id='word_1_228' title='bbox 1086 3464 1234 3534; x_wconf 83' lang='lat' dir='ltr'><strong>quod</strong></span> <span class='ocrx_word' id='word_1_229' title='bbox 1276 3463 1381 3518; x_wconf 91' lang='lat' dir='ltr'><strong>hoc</strong></span> <span class='ocrx_word' id='word_1_230' title='bbox 1409 3472 1565 3518; x_wconf 89' lang='lat' dir='ltr'><strong>tuum</strong></span> <span class='ocrx_word' id='word_1_231' title='bbox 1611 3476 1731 3517; x_wconf 87' lang='lat' dir='ltr'><strong>esse</strong></span> <span class='ocrx_word' id='word_1_232' title='bbox 1768 3460 1825 3515; x_wconf 91' lang='lat' dir='ltr'><strong>in</strong></span> <span class='ocrx_word' id='word_1_233' title='bbox 1864 3460 2045 3531; x_wconf 90' lang='lat' dir='ltr'><strong>aliqua</strong></span> 
     </span>
    </p>
   </div>
   <div class='ocr_carea' id='block_1_40' title="bbox 475 3551 2046 3639">
    <p class='ocr_par' dir='ltr' id='par_1_40' title="bbox 475 3551 2046 3639">
     <span class='ocr_line' id='line_1_40' title="bbox 475 3551 2046 3639; baseline -0.003 -30"><span class='ocrx_word' id='word_1_234' title='bbox 475 3555 548 3609; x_wconf 90' lang='lat' dir='ltr'><strong>sit</strong></span> <span class='ocrx_word' id='word_1_235' title='bbox 576 3557 1000 3621; x_wconf 78' lang='lat' dir='ltr'><strong>existimatione,</strong></span> <span class='ocrx_word' id='word_1_236' title='bbox 1030 3554 1131 3609; x_wconf 90' lang='lat' dir='ltr'><strong>tibi</strong></span> <span class='ocrx_word' id='word_1_237' title='bbox 1155 3555 1257 3622; x_wconf 88' lang='lat' dir='ltr'><strong>ipsi</strong></span> <span class='ocrx_word' id='word_1_238' title='bbox 1300 3567 1582 3623; x_wconf 90' lang='lat' dir='ltr'><strong>appareas,</strong></span> <span class='ocrx_word' id='word_1_239' title='bbox 1616 3554 1797 3639; x_wconf 51' lang='lat' dir='ltr'><strong>etlhoc</strong></span> <span class='ocrx_word' id='word_1_240' title='bbox 1827 3551 2046 3607; x_wconf 66' lang='lat' dir='ltr'><strong>sufficit.</strong></span> 
     </span>
    </p>
   </div>
   <div class='ocr_carea' id='block_1_41' title="bbox 1038 3648 1485 3726">
    <p class='ocr_par' dir='ltr' id='par_1_41' title="bbox 1038 3648 1485 3726">
     <span class='ocr_line' id='line_1_41' title="bbox 1038 3648 1485 3726; baseline -0.007 0"><span class='ocrx_word' id='word_1_241' title='bbox 1038 3648 1267 3726; x_wconf 70' lang='lat' dir='ltr'><strong>CAPUT</strong></span> <span class='ocrx_word' id='word_1_242' title='bbox 1293 3654 1485 3723; x_wconf 73' lang='lat' dir='ltr'><strong>xxxi.</strong></span> 
     </span>
    </p>
   </div>
   <div class='ocr_carea' id='block_1_42' title="bbox 541 3778 2049 3854">
    <p class='ocr_par' dir='ltr' id='par_1_42' title="bbox 541 3778 2049 3854">
     <span class='ocr_line' id='line_1_42' title="bbox 541 3778 2049 3854; baseline -0.007 -13"><span class='ocrx_word' id='word_1_243' title='bbox 541 3782 622 3841; x_wconf 89' lang='lat' dir='ltr'><strong>Ne</strong></span> <span class='ocrx_word' id='word_1_244' title='bbox 657 3794 710 3841; x_wconf 92' lang='lat' dir='ltr'><strong>te</strong></span> <span class='ocrx_word' id='word_1_245' title='bbox 742 3782 985 3854; x_wconf 83' lang='lat' dir='ltr'><strong>afﬂigant</strong></span> <span class='ocrx_word' id='word_1_246' title='bbox 1031 3783 1386 3854; x_wconf 73' lang='lat' dir='ltr'><strong>cogitationes</strong></span> <span class='ocrx_word' id='word_1_247' title='bbox 1427 3778 1802 3852; x_wconf 89' lang='lat' dir='ltr'><strong>hujuscemodi</strong></span> <span class='ocrx_word' id='word_1_248' title='bbox 1833 3818 1849 3845; x_wconf 92' lang='lat'><strong>,</strong></span> <span class='ocrx_word' id='word_1_249' title='bbox 1884 3778 2049 3833; x_wconf 85' lang='lat' dir='ltr'><strong>nimi-</strong></span> 
     </span>
    </p>
   </div>
   <div class='ocr_carea' id='block_1_43' title="bbox 474 3869 2049 3944">
    <p class='ocr_par' dir='ltr' id='par_1_43' title="bbox 474 3869 2049 3944">
     <span class='ocr_line' id='line_1_43' title="bbox 474 3869 2049 3944; baseline -0.004 -12"><span class='ocrx_word' id='word_1_250' title='bbox 474 3892 629 3932; x_wconf 89' lang='lat' dir='ltr'><strong>rum:</strong></span> <span class='ocrx_word' id='word_1_251' title='bbox 659 3874 1023 3936; x_wconf 88' lang='lat' dir='ltr'><strong>Iuhonoratus</strong></span> <span class='ocrx_word' id='word_1_252' title='bbox 1062 3889 1163 3944; x_wconf 85' lang='lat' dir='ltr'><strong>ego</strong></span> <span class='ocrx_word' id='word_1_253' title='bbox 1213 3876 1379 3929; x_wconf 89' lang='lat' dir='ltr'><strong>vitam</strong></span> <span class='ocrx_word' id='word_1_254' title='bbox 1423 3873 1745 3942; x_wconf 86' lang='lat' dir='ltr'><strong>transigam,</strong></span> <span class='ocrx_word' id='word_1_255' title='bbox 1778 3885 1877 3926; x_wconf 89' lang='lat' dir='ltr'><strong>nec</strong></span> <span class='ocrx_word' id='word_1_256' title='bbox 1900 3869 2049 3925; x_wconf 89' lang='lat' dir='ltr'><strong>ullibi</strong></span> 
     </span>
    </p>
   </div>
   <div class='ocr_carea' id='block_1_44' title="bbox 475 3962 2048 4037">
    <p class='ocr_par' dir='ltr' id='par_1_44' title="bbox 475 3962 2048 4037">
     <span class='ocr_line' id='line_1_44' title="bbox 475 3962 2048 4037; baseline -0.006 -12"><span class='ocrx_word' id='word_1_257' title='bbox 475 3970 621 4025; x_wconf 84' lang='lat' dir='ltr'><strong>ullus</strong></span> <span class='ocrx_word' id='word_1_258' title='bbox 649 3969 888 4026; x_wconf 89' lang='lat' dir='ltr'><strong>habebor</strong></span> <span class='ocrx_word' id='word_1_259' title='bbox 923 3986 936 4022; x_wconf 91' lang='lat'><strong>:</strong></span> <span class='ocrx_word' id='word_1_260' title='bbox 967 3968 1011 4023; x_wconf 88' lang='lat' dir='ltr'><strong>si</strong></span> <span class='ocrx_word' id='word_1_261' title='bbox 1039 3967 1237 4023; x_wconf 88' lang='lat' dir='ltr'><strong>etenim</strong></span> <span class='ocrx_word' id='word_1_262' title='bbox 1269 3966 1570 4037; x_wconf 81' lang='lat' dir='ltr'><strong>ignominia</strong></span> <span class='ocrx_word' id='word_1_263' title='bbox 1605 3965 1808 4019; x_wconf 90' lang='lat' dir='ltr'><strong>malum</strong></span> <span class='ocrx_word' id='word_1_264' title='bbox 1836 3971 1943 4029; x_wconf 89' lang='lat' dir='ltr'><strong>est,</strong></span> <span class='ocrx_word' id='word_1_265' title='bbox 1968 3962 2048 4017; x_wconf 90' lang='lat' dir='ltr'><strong>uti</strong></span> 
     </span>
    </p>
   </div>
   <div class='ocr_carea' id='block_1_45' title="bbox 474 4040 2046 4127">
    <p class='ocr_par' dir='ltr' id='par_1_45' title="bbox 474 4040 2046 4127">
     <span class='ocr_line' id='line_1_45' title="bbox 474 4040 2046 4127; baseline -0.006 -14"><span class='ocrx_word' id='word_1_266' title='bbox 474 4067 576 4124; x_wconf 83' lang='lat' dir='ltr'><strong>est,</strong></span> <span class='ocrx_word' id='word_1_267' title='bbox 624 4072 737 4112; x_wconf 92' lang='lat' dir='ltr'><strong>non</strong></span> <span class='ocrx_word' id='word_1_268' title='bbox 773 4064 926 4127; x_wconf 84' lang='lat' dir='ltr'><strong>potes</strong></span> <span class='ocrx_word' id='word_1_269' title='bbox 954 4070 1050 4126; x_wconf 89' lang='lat' dir='ltr'><strong>per</strong></span> <span class='ocrx_word' id='word_1_270' title='bbox 1078 4040 1243 4109; x_wconf 88' lang='lat' dir='ltr'><strong>alium</strong></span> <span class='ocrx_word' id='word_1_271' title='bbox 1284 4052 1493 4109; x_wconf 85' lang='lat' dir='ltr'><strong>versari</strong></span> <span class='ocrx_word' id='word_1_272' title='bbox 1534 4052 1717 4122; x_wconf 89' lang='lat' dir='ltr'><strong>potius</strong></span> <span class='ocrx_word' id='word_1_273' title='bbox 1772 4051 1828 4105; x_wconf 90' lang='lat' dir='ltr'><strong>in</strong></span> <span class='ocrx_word' id='word_1_274' title='bbox 1880 4049 2046 4114; x_wconf 88' lang='lat' dir='ltr'><strong>malo,</strong></span> 
     </span>
    </p>
   </div>
   <div class='ocr_carea' id='block_1_46' title="bbox 477 4143 2049 4220">
    <p class='ocr_par' dir='ltr' id='par_1_46' title="bbox 477 4143 2049 4220">
     <span class='ocr_line' id='line_1_46' title="bbox 477 4143 2049 4220; baseline -0.006 -17"><span class='ocrx_word' id='word_1_275' title='bbox 477 4164 640 4220; x_wconf 91' lang='lat' dir='ltr'><strong>quam</strong></span> <span class='ocrx_word' id='word_1_276' title='bbox 689 4149 743 4202; x_wconf 86' lang='lat' dir='ltr'><strong>in</strong></span> <span class='ocrx_word' id='word_1_277' title='bbox 784 4147 1070 4202; x_wconf 86' lang='lat' dir='ltr'><strong>dedecore.</strong></span> <span class='ocrx_word' id='word_1_278' title='bbox 1107 4144 1367 4215; x_wconf 82' lang='lat' dir='ltr'><strong>Nunquid</strong></span> <span class='ocrx_word' id='word_1_279' title='bbox 1400 4143 1567 4214; x_wconf 81' lang='lat' dir='ltr'><strong>igitur</strong></span> <span class='ocrx_word' id='word_1_280' title='bbox 1617 4151 1707 4196; x_wconf 88' lang='lat' dir='ltr'><strong>tua</strong></span> <span class='ocrx_word' id='word_1_281' title='bbox 1756 4149 1843 4196; x_wconf 87' lang='lat' dir='ltr'><strong>est</strong></span> <span class='ocrx_word' id='word_1_282' title='bbox 1882 4155 2049 4210; x_wconf 83' lang='lat' dir='ltr'><strong>opera</strong></span> 
     </span>
    </p>
   </div>
   <div class='ocr_carea' id='block_1_47' title="bbox 474 4233 2047 4312">
    <p class='ocr_par' dir='ltr' id='par_1_47' title="bbox 474 4233 2047 4312">
     <span class='ocr_line' id='line_1_47' title="bbox 474 4233 2047 4312; baseline -0.007 -15"><span class='ocrx_word' id='word_1_283' title='bbox 474 4241 692 4312; x_wconf 77' lang='lat' dir='ltr'><strong>assequi</strong></span> <span class='ocrx_word' id='word_1_284' title='bbox 726 4241 1039 4310; x_wconf 86' lang='lat' dir='ltr'><strong>primatum.</strong></span> <span class='ocrx_word' id='word_1_285' title='bbox 1088 4248 1183 4295; x_wconf 89' lang='lat' dir='ltr'><strong>aut</strong></span> <span class='ocrx_word' id='word_1_286' title='bbox 1214 4238 1404 4293; x_wconf 89' lang='lat' dir='ltr'><strong>cedere</strong></span> <span class='ocrx_word' id='word_1_287' title='bbox 1436 4236 1491 4289; x_wconf 89' lang='lat' dir='ltr'><strong>in</strong></span> <span class='ocrx_word' id='word_1_288' title='bbox 1520 4233 1813 4290; x_wconf 87' lang='lat' dir='ltr'><strong>convivio?</strong></span> <span class='ocrx_word' id='word_1_289' title='bbox 1841 4248 2047 4303; x_wconf 87' lang='lat' dir='ltr'><strong>nequa-</strong></span> 
     </span>
    </p>
   </div>
   <div class='ocr_carea' id='block_1_48' title="bbox 475 4324 2049 4404">
    <p class='ocr_par' dir='ltr' id='par_1_48' title="bbox 475 4324 2049 4404">
     <span class='ocr_line' id='line_1_48' title="bbox 475 4324 2049 4404; baseline -0.006 -17"><span class='ocrx_word' id='word_1_290' title='bbox 475 4350 664 4404; x_wconf 83' lang='lat' dir='ltr'><strong>quam.</strong></span> <span class='ocrx_word' id='word_1_291' title='bbox 703 4332 988 4400; x_wconf 78' lang='lat' dir='ltr'><strong>Quomodo</strong></span> <span class='ocrx_word' id='word_1_292' title='bbox 1020 4330 1182 4401; x_wconf 85' lang='lat' dir='ltr'><strong>igitur</strong></span> <span class='ocrx_word' id='word_1_293' title='bbox 1233 4329 1286 4382; x_wconf 90' lang='lat' dir='ltr'><strong>in</strong></span> <span class='ocrx_word' id='word_1_294' title='bbox 1311 4328 1431 4383; x_wconf 85' lang='lat' dir='ltr'><strong>istis</strong></span> <span class='ocrx_word' id='word_1_295' title='bbox 1458 4325 1758 4398; x_wconf 82' lang='lat' dir='ltr'><strong>ignominia</strong></span> <span class='ocrx_word' id='word_1_296' title='bbox 1787 4324 1906 4379; x_wconf 82' lang='lat' dir='ltr'><strong>est?</strong></span> <span class='ocrx_word' id='word_1_297' title='bbox 1937 4339 2049 4394; x_wconf 90' lang='lat' dir='ltr'><strong>quo</strong></span> 
     </span>
    </p>
   </div>
   <div class='ocr_carea' id='block_1_49' title="bbox 474 4408 2050 4497">
    <p class='ocr_par' dir='ltr' id='par_1_49' title="bbox 474 4408 2050 4497">
     <span class='ocr_line' id='line_1_49' title="bbox 474 4408 2050 4497; baseline -0.007 -16"><span class='ocrx_word' id='word_1_298' title='bbox 474 4437 631 4497; x_wconf 88' lang='lat' dir='ltr'><strong>pacto</strong></span> <span class='ocrx_word' id='word_1_299' title='bbox 650 4441 777 4481; x_wconf 88' lang='lat' dir='ltr'><strong>vero</strong></span> <span class='ocrx_word' id='word_1_300' title='bbox 816 4408 917 4480; x_wconf 74' lang='lat' dir='ltr'><strong>nec</strong></span> <span class='ocrx_word' id='word_1_301' title='bbox 949 4424 1091 4480; x_wconf 88' lang='lat' dir='ltr'><strong>ullus</strong></span> <span class='ocrx_word' id='word_1_302' title='bbox 1127 4422 1237 4477; x_wconf 90' lang='lat' dir='ltr'><strong>eris</strong></span> <span class='ocrx_word' id='word_1_303' title='bbox 1266 4419 1444 4485; x_wconf 88' lang='lat' dir='ltr'><strong>ullibi,</strong></span> <span class='ocrx_word' id='word_1_304' title='bbox 1474 4419 1674 4489; x_wconf 90' lang='lat' dir='ltr'><strong>quippe</strong></span> <span class='ocrx_word' id='word_1_305' title='bbox 1702 4417 1794 4486; x_wconf 91' lang='lat' dir='ltr'><strong>qui</strong></span> <span class='ocrx_word' id='word_1_306' title='bbox 1821 4415 2050 4482; x_wconf 85' lang='lat' dir='ltr'><strong>alicujus</strong></span> 
     </span>
    </p>
   </div>
   <div class='ocr_carea' id='block_1_50' title="bbox 2156 761 3730 842">
    <p class='ocr_par' dir='ltr' id='par_1_50' title="bbox 2156 761 3730 842">
     <span class='ocr_line' id='line_1_50' title="bbox 2156 761 3730 842; baseline 0.004 -23"><span class='ocrx_word' id='word_1_307' title='bbox 2156 761 2248 819; x_wconf 85' lang='grc' dir='ltr'><strong>οῦν</strong></span> <span class='ocrx_word' id='word_1_308' title='bbox 2268 764 2487 838; x_wconf 84' lang='grc' dir='ltr'>ὲρεθίσῃ</span> <span class='ocrx_word' id='word_1_309' title='bbox 2510 765 2570 818; x_wconf 82' lang='grc' dir='ltr'>σέ</span> <span class='ocrx_word' id='word_1_310' title='bbox 2588 782 2694 830; x_wconf 87' lang='grc' dir='ltr'>τις,</span> <span class='ocrx_word' id='word_1_311' title='bbox 2714 766 2818 819; x_wconf 72' lang='grc' dir='ltr'>ἴσθ’</span> <span class='ocrx_word' id='word_1_312' title='bbox 2841 768 2924 821; x_wconf 84' lang='grc' dir='ltr'>ὅτι</span> <span class='ocrx_word' id='word_1_313' title='bbox 2951 767 3069 839; x_wconf 77' lang='grc' dir='ltr'><strong>ήσή</strong></span> <span class='ocrx_word' id='word_1_314' title='bbox 3099 784 3156 822; x_wconf 87' lang='grc' dir='ltr'><strong>σε</strong></span> <span class='ocrx_word' id='word_1_315' title='bbox 3186 770 3464 840; x_wconf 74' lang='grc' dir='ltr'>ὑπόληψις</span> <span class='ocrx_word' id='word_1_316' title='bbox 3488 772 3730 842; x_wconf 71' lang='grc' dir='ltr'>ἠρέθισε·</span> 
     </span>
    </p>
   </div>
   <div class='ocr_carea' id='block_1_51' title="bbox 2152 855 3728 935">
    <p class='ocr_par' dir='ltr' id='par_1_51' title="bbox 2152 855 3728 935">
     <span class='ocr_line' id='line_1_51' title="bbox 2152 855 3728 935; baseline 0.004 -25"><span class='ocrx_word' id='word_1_317' title='bbox 2152 856 2445 929; x_wconf 78' lang='grc' dir='ltr'><strong>τοιγαροῦν</strong></span> <span class='ocrx_word' id='word_1_318' title='bbox 2479 859 2537 910; x_wconf 81' lang='grc' dir='ltr'>ἐν</span> <span class='ocrx_word' id='word_1_319' title='bbox 2567 855 2803 929; x_wconf 84' lang='grc' dir='ltr'>πρώτοις</span> <span class='ocrx_word' id='word_1_320' title='bbox 2835 860 3012 931; x_wconf 80' lang='grc' dir='ltr'>πειρῶ</span> <span class='ocrx_word' id='word_1_321' title='bbox 3044 860 3149 915; x_wconf 81' lang='grc' dir='ltr'><strong>ὑπὸ</strong></span> <span class='ocrx_word' id='word_1_322' title='bbox 3181 861 3282 932; x_wconf 86' lang='grc' dir='ltr'>τῆς</span> <span class='ocrx_word' id='word_1_323' title='bbox 3314 863 3632 932; x_wconf 72' lang='grc' dir='ltr'><strong>φαντασίας</strong></span> <span class='ocrx_word' id='word_1_324' title='bbox 3662 868 3728 935; x_wconf 64' lang='grc' dir='ltr'>μὴ</span> 
     </span>
    </p>
   </div>
   <div class='ocr_carea' id='block_1_52' title="bbox 2156 948 3730 1027">
    <p class='ocr_par' dir='ltr' id='par_1_52' title="bbox 2156 948 3730 1027">
     <span class='ocr_line' id='line_1_52' title="bbox 2156 948 3730 1027; baseline 0.006 -26"><span class='ocrx_word' id='word_1_325' title='bbox 2156 948 2628 1020; x_wconf 73' lang='grc' dir='ltr'>συναρπασθῆναιο</span> <span class='ocrx_word' id='word_1_326' title='bbox 2656 948 2752 1003; x_wconf 65' lang='grc' dir='ltr'><strong>ἐὰν</strong></span> <span class='ocrx_word' id='word_1_327' title='bbox 2780 949 2890 1023; x_wconf 81' lang='grc' dir='ltr'>γὰρ</span> <span class='ocrx_word' id='word_1_328' title='bbox 2917 950 3300 1023; x_wconf 68' lang='grc' dir='ltr'>ἆπαξχρόνου,</span> <span class='ocrx_word' id='word_1_329' title='bbox 3324 955 3420 1008; x_wconf 81' lang='grc' dir='ltr'><strong>καὶ</strong></span> <span class='ocrx_word' id='word_1_330' title='bbox 3448 954 3730 1027; x_wconf 71' lang='grc' dir='ltr'>διατριϐῆς</span> 
     </span>
    </p>
   </div>
   <div class='ocr_carea' id='block_1_53' title="bbox 2151 1038 3087 1114">
    <p class='ocr_par' dir='ltr' id='par_1_53' title="bbox 2151 1038 3087 1114">
     <span class='ocr_line' id='line_1_53' title="bbox 2151 1038 3087 1114; baseline 0.006 -22"><span class='ocrx_word' id='word_1_331' title='bbox 2151 1038 2344 1110; x_wconf 81' lang='grc' dir='ltr'><strong>τύχῃς,</strong></span> <span class='ocrx_word' id='word_1_332' title='bbox 2365 1040 2491 1111; x_wconf 80' lang='grc' dir='ltr'>ῥᾷον</span> <span class='ocrx_word' id='word_1_333' title='bbox 2520 1042 2812 1114; x_wconf 70' lang='grc' dir='ltr'><strong>κρατήσεις</strong></span> <span class='ocrx_word' id='word_1_334' title='bbox 2838 1043 3087 1100; x_wconf 81' lang='grc' dir='ltr'><strong>σεαυτοῦ.</strong></span> 
     </span>
    </p>
   </div>
   <div class='ocr_carea' id='block_1_54' title="bbox 2730 1338 3155 1394">
    <p class='ocr_par' dir='ltr' id='par_1_54' title="bbox 2730 1338 3155 1394">
     <span class='ocr_line' id='line_1_54' title="bbox 2730 1338 3155 1394; baseline 0.005 -3"><span class='ocrx_word' id='word_1_335' title='bbox 2730 1338 2979 1392; x_wconf 81' lang='grc' dir='ltr'><strong>ΚΕΦΔΛ.</strong></span> <span class='ocrx_word' id='word_1_336' title='bbox 3019 1338 3155 1394; x_wconf 78' lang='lat' dir='ltr'><strong>KH&#39;.</strong></span> 
     </span>
    </p>
   </div>
   <div class='ocr_carea' id='block_1_55' title="bbox 2221 1448 3728 1523">
    <p class='ocr_par' dir='ltr' id='par_1_55' title="bbox 2221 1448 3728 1523">
     <span class='ocr_line' id='line_1_55' title="bbox 2221 1448 3728 1523; baseline 0.003 -20"><span class='ocrx_word' id='word_1_337' title='bbox 2221 1448 2465 1515; x_wconf 82' lang='grc' dir='ltr'>Θάνατος</span> <span class='ocrx_word' id='word_1_338' title='bbox 2490 1452 2584 1504; x_wconf 78' lang='grc' dir='ltr'><strong>καὶ</strong></span> <span class='ocrx_word' id='word_1_339' title='bbox 2610 1449 2755 1521; x_wconf 85' lang='grc' dir='ltr'>φυγὴ</span> <span class='ocrx_word' id='word_1_340' title='bbox 2782 1450 2877 1506; x_wconf 73' lang='grc' dir='ltr'><strong>καὶ</strong></span> <span class='ocrx_word' id='word_1_341' title='bbox 2907 1451 3083 1506; x_wconf 83' lang='grc' dir='ltr'>πάντα</span> <span class='ocrx_word' id='word_1_342' title='bbox 3110 1452 3243 1506; x_wconf 78' lang='grc' dir='ltr'>ἄλλα</span> <span class='ocrx_word' id='word_1_343' title='bbox 3268 1452 3338 1507; x_wconf 83' lang='grc' dir='ltr'><strong>τὰ</strong></span> <span class='ocrx_word' id='word_1_344' title='bbox 3358 1452 3517 1507; x_wconf 84' lang='grc' dir='ltr'>δεινὰ</span> <span class='ocrx_word' id='word_1_345' title='bbox 3550 1455 3728 1523; x_wconf 77' lang='grc' dir='ltr'>φαινό·</span> 
     </span>
    </p>
   </div>
   <div class='ocr_carea' id='block_1_56' title="bbox 2156 1541 3728 1617">
    <p class='ocr_par' dir='ltr' id='par_1_56' title="bbox 2156 1541 3728 1617">
     <span class='ocr_line' id='line_1_56' title="bbox 2156 1541 3728 1617; baseline 0.002 -22"><span class='ocrx_word' id='word_1_346' title='bbox 2156 1559 2293 1613; x_wconf 87' lang='grc' dir='ltr'>μενα</span> <span class='ocrx_word' id='word_1_347' title='bbox 2336 1543 2443 1613; x_wconf 84' lang='grc' dir='ltr'>πρὸ</span> <span class='ocrx_word' id='word_1_348' title='bbox 2492 1541 2787 1613; x_wconf 81' lang='grc' dir='ltr'>ὀφθαλμῶν</span> <span class='ocrx_word' id='word_1_349' title='bbox 2839 1543 2978 1596; x_wconf 75' lang='grc' dir='ltr'>ἔστω</span> <span class='ocrx_word' id='word_1_350' title='bbox 3027 1561 3110 1597; x_wconf 87' lang='grc' dir='ltr'><strong>σοι</strong></span> <span class='ocrx_word' id='word_1_351' title='bbox 3163 1545 3288 1598; x_wconf 83' lang='grc' dir='ltr'>καθ’</span> <span class='ocrx_word' id='word_1_352' title='bbox 3331 1545 3590 1617; x_wconf 73' lang='grc' dir='ltr'>ἡμέραν,</span> <span class='ocrx_word' id='word_1_353' title='bbox 3643 1548 3728 1599; x_wconf 68' lang='grc' dir='ltr'>καὶ</span> 
     </span>
    </p>
   </div>
   <div class='ocr_carea' id='block_1_57' title="bbox 2153 1635 3727 1706">
    <p class='ocr_par' dir='ltr' id='par_1_57' title="bbox 2153 1635 3727 1706">
     <span class='ocr_line' id='line_1_57' title="bbox 2153 1635 3727 1706; baseline 0.001 -17"><span class='ocrx_word' id='word_1_354' title='bbox 2153 1635 2371 1690; x_wconf 81' lang='grc' dir='ltr'>πάντων</span> <span class='ocrx_word' id='word_1_355' title='bbox 2397 1635 2454 1690; x_wconf 85' lang='grc' dir='ltr'><strong>δὲ</strong></span> <span class='ocrx_word' id='word_1_356' title='bbox 2483 1636 2719 1706; x_wconf 81' lang='grc' dir='ltr'>μάλιστα</span> <span class='ocrx_word' id='word_1_357' title='bbox 2764 1637 2792 1693; x_wconf 81' lang='grc' dir='ltr'><strong>ὁ</strong></span> <span class='ocrx_word' id='word_1_358' title='bbox 2823 1636 3071 1700; x_wconf 76' lang='grc' dir='ltr'>Θάνατος,</span> <span class='ocrx_word' id='word_1_359' title='bbox 3112 1638 3207 1690; x_wconf 75' lang='grc' dir='ltr'><strong>καὶ</strong></span> <span class='ocrx_word' id='word_1_360' title='bbox 3252 1636 3411 1691; x_wconf 76' lang='grc' dir='ltr'>οὐδὲν</span> <span class='ocrx_word' id='word_1_361' title='bbox 3450 1638 3727 1701; x_wconf 77' lang='grc' dir='ltr'>οὐδέποτε,</span> 
     </span>
    </p>
   </div>
   <div class='ocr_carea' id='block_1_58' title="bbox 2151 1726 3730 1799">
    <p class='ocr_par' dir='ltr' id='par_1_58' title="bbox 2151 1726 3730 1799">
     <span class='ocr_line' id='line_1_58' title="bbox 2151 1726 3730 1799; baseline -0.001 -17"><span class='ocrx_word' id='word_1_362' title='bbox 2151 1729 2275 1783; x_wconf 79' lang='grc' dir='ltr'>οὔτε</span> <span class='ocrx_word' id='word_1_363' title='bbox 2324 1728 2582 1783; x_wconf 77' lang='grc' dir='ltr'>ταπεινὸν</span> <span class='ocrx_word' id='word_1_364' title='bbox 2630 1727 2945 1799; x_wconf 82' lang='grc' dir='ltr'>ὲνθυμήσῃ,</span> <span class='ocrx_word' id='word_1_365' title='bbox 2994 1727 3118 1781; x_wconf 72' lang='grc' dir='ltr'>οὔτε</span> <span class='ocrx_word' id='word_1_366' title='bbox 3176 1728 3317 1796; x_wconf 77' lang='grc' dir='ltr'>ἄγαν</span> <span class='ocrx_word' id='word_1_367' title='bbox 3364 1726 3730 1798; x_wconf 71' lang='grc' dir='ltr'><strong>ἐπιθυμήσεις</strong></span> 
     </span>
    </p>
   </div>
   <div class='ocr_carea' id='block_1_59' title="bbox 2011 1815 2312 1917">
    <p class='ocr_par' dir='ltr' id='par_1_59' title="bbox 2011 1815 2312 1917">
     <span class='ocr_line' id='line_1_59' title="bbox 2011 1815 2312 1917; baseline 0.003 -41"><span class='ocrx_word' id='word_1_368' title='bbox 2011 1904 2016 1917; x_wconf 28' lang='grc' dir='ltr'>ι</span> <span class='ocrx_word' id='word_1_369' title='bbox 2075 1815 2124 1877; x_wconf 89' lang='grc' dir='ltr'><strong>Β</strong></span> <span class='ocrx_word' id='word_1_370' title='bbox 2149 1821 2312 1885; x_wconf 81' lang='grc' dir='ltr'>τινός.</span> 
     </span>
    </p>
   </div>
   <div class='ocr_carea' id='block_1_60' title="bbox 2729 1934 3129 1992">
    <p class='ocr_par' dir='ltr' id='par_1_60' title="bbox 2729 1934 3129 1992">
     <span class='ocr_line' id='line_1_60' title="bbox 2729 1934 3129 1992; baseline -0.008 0"><span class='ocrx_word' id='word_1_371' title='bbox 2729 1936 2982 1992; x_wconf 76' lang='grc' dir='ltr'>ΚΕΦΑΛ.</span> <span class='ocrx_word' id='word_1_372' title='bbox 3021 1934 3129 1989; x_wconf 74' lang='grc' dir='ltr'><strong>ΚΘ¹</strong></span> 
     </span>
    </p>
   </div>
   <div class='ocr_carea' id='block_1_61' title="bbox 2214 2044 3729 2123">
    <p class='ocr_par' dir='ltr' id='par_1_61' title="bbox 2214 2044 3729 2123">
     <span class='ocr_line' id='line_1_61' title="bbox 2214 2044 3729 2123; baseline -0.007 -16"><span class='ocrx_word' id='word_1_373' title='bbox 2214 2053 2278 2107; x_wconf 77' lang='grc' dir='ltr'><strong>Εἰ</strong></span> <span class='ocrx_word' id='word_1_374' title='bbox 2305 2052 2619 2123; x_wconf 79' lang='grc' dir='ltr'>φιλοσοφίας</span> <span class='ocrx_word' id='word_1_375' title='bbox 2656 2050 2966 2121; x_wconf 79' lang='grc' dir='ltr'>ἐπιθυμεῖς,</span> <span class='ocrx_word' id='word_1_376' title='bbox 3014 2046 3439 2120; x_wconf 74' lang='grc' dir='ltr'>παρασκευάζου</span> <span class='ocrx_word' id='word_1_377' title='bbox 3480 2044 3729 2109; x_wconf 77' lang='grc' dir='ltr'>αὐτόθεν,</span> 
     </span>
    </p>
   </div>
   <div class='ocr_carea' id='block_1_62' title="bbox 2143 2138 3732 2215">
    <p class='ocr_par' dir='ltr' id='par_1_62' title="bbox 2143 2138 3732 2215">
     <span class='ocr_line' id='line_1_62' title="bbox 2143 2138 3732 2215; baseline -0.004 -17"><span class='ocrx_word' id='word_1_378' title='bbox 2143 2144 2221 2209; x_wconf 81' lang='grc' dir='ltr'><strong>ὡς</strong></span> <span class='ocrx_word' id='word_1_379' title='bbox 2246 2143 2877 2215; x_wconf 87' lang='grc' dir='ltr'>καταγελασθησόμενος,</span> <span class='ocrx_word' id='word_1_380' title='bbox 2911 2142 2987 2206; x_wconf 87' lang='grc' dir='ltr'>ὠς</span> <span class='ocrx_word' id='word_1_381' title='bbox 3014 2139 3587 2211; x_wconf 67' lang='grc' dir='ltr'>καταμωκησομένιιη</span> <span class='ocrx_word' id='word_1_382' title='bbox 3615 2138 3732 2191; x_wconf 70' lang='grc' dir='ltr'>’.τολ-</span> 
     </span>
    </p>
   </div>
   <div class='ocr_carea' id='block_1_63' title="bbox 2144 2233 3734 2309">
    <p class='ocr_par' dir='ltr' id='par_1_63' title="bbox 2144 2233 3734 2309">
     <span class='ocr_line' id='line_1_63' title="bbox 2144 2233 3734 2309; baseline -0.006 -17"><span class='ocrx_word' id='word_1_383' title='bbox 2144 2238 2272 2305; x_wconf 86' lang='grc' dir='ltr'>λῶν,</span> <span class='ocrx_word' id='word_1_384' title='bbox 2307 2240 2405 2293; x_wconf 75' lang='grc' dir='ltr'><strong>καὶ</strong></span> <span class='ocrx_word' id='word_1_385' title='bbox 2429 2236 2715 2309; x_wconf 80' lang='grc' dir='ltr'>ὲροῦντων,</span> <span class='ocrx_word' id='word_1_386' title='bbox 2742 2235 2827 2290; x_wconf 82' lang='grc' dir='ltr'>ὅτι</span> <span class='ocrx_word' id='word_1_387' title='bbox 2864 2237 3050 2304; x_wconf 73' lang='grc' dir='ltr'>Ἄφνω</span> <span class='ocrx_word' id='word_1_388' title='bbox 3078 2233 3367 2303; x_wconf 82' lang='grc' dir='ltr'>φιλόσοφος</span> <span class='ocrx_word' id='word_1_389' title='bbox 3399 2234 3543 2303; x_wconf 79' lang='grc' dir='ltr'>ἡμῖν</span> <span class='ocrx_word' id='word_1_390' title='bbox 3570 2233 3734 2283; x_wconf 72' lang='grc' dir='ltr'>ἐπαν-</span> 
     </span>
    </p>
   </div>
   <div class='ocr_carea' id='block_1_64' title="bbox 2145 2322 3729 2401">
    <p class='ocr_par' dir='ltr' id='par_1_64' title="bbox 2145 2322 3729 2401">
     <span class='ocr_line' id='line_1_64' title="bbox 2145 2322 3729 2401; baseline -0.007 -18"><span class='ocrx_word' id='word_1_391' title='bbox 2145 2328 2393 2401; x_wconf 85' lang='grc' dir='ltr'>ελήλυθε,</span> <span class='ocrx_word' id='word_1_392' title='bbox 2424 2328 2520 2383; x_wconf 73' lang='grc' dir='ltr'><strong>καὶ</strong></span> <span class='ocrx_word' id='word_1_393' title='bbox 2549 2327 2712 2382; x_wconf 85' lang='grc' dir='ltr'>πόθεν</span> <span class='ocrx_word' id='word_1_394' title='bbox 2738 2328 2869 2399; x_wconf 81' lang='grc' dir='ltr'>ἡμῖν</span> <span class='ocrx_word' id='word_1_395' title='bbox 2898 2323 3039 2395; x_wconf 77' lang='grc' dir='ltr'>αὕτη</span> <span class='ocrx_word' id='word_1_396' title='bbox 3062 2325 3097 2396; x_wconf 74' lang='grc' dir='ltr'>ἡ</span> <span class='ocrx_word' id='word_1_397' title='bbox 3123 2323 3327 2393; x_wconf 78' lang='grc' dir='ltr'>ὀφρύςς</span> <span class='ocrx_word' id='word_1_398' title='bbox 3374 2323 3452 2375; x_wconf 71' lang='grc' dir='ltr'><strong>Σὺ</strong></span> <span class='ocrx_word' id='word_1_399' title='bbox 3476 2322 3539 2375; x_wconf 81' lang='grc' dir='ltr'><strong>δὲ</strong></span> <span class='ocrx_word' id='word_1_400' title='bbox 3557 2322 3729 2390; x_wconf 68' lang='grc' dir='ltr'>ὀφρὺν</span> 
     </span>
    </p>
   </div>
   <div class='ocr_carea' id='block_1_65' title="bbox 2149 2414 3727 2493">
    <p class='ocr_par' dir='ltr' id='par_1_65' title="bbox 2149 2414 3727 2493">
     <span class='ocr_line' id='line_1_65' title="bbox 2149 2414 3727 2493; baseline -0.007 -18"><span class='ocrx_word' id='word_1_401' title='bbox 2149 2422 2246 2493; x_wconf 84' lang='grc' dir='ltr'>μὲν</span> <span class='ocrx_word' id='word_1_402' title='bbox 2282 2421 2356 2493; x_wconf 77' lang='grc' dir='ltr'>μὴ</span> <span class='ocrx_word' id='word_1_403' title='bbox 2395 2420 2504 2491; x_wconf 75' lang='grc' dir='ltr'>ἔχε,</span> <span class='ocrx_word' id='word_1_404' title='bbox 2533 2419 2641 2474; x_wconf 87' lang='grc' dir='ltr'><strong>τῶν</strong></span> <span class='ocrx_word' id='word_1_405' title='bbox 2670 2418 2728 2473; x_wconf 74' lang='grc' dir='ltr'>δὲ</span> <span class='ocrx_word' id='word_1_406' title='bbox 2759 2416 3047 2491; x_wconf 79' lang='grc' dir='ltr'><strong>βελτίστων</strong></span> <span class='ocrx_word' id='word_1_407' title='bbox 3078 2434 3160 2469; x_wconf 87' lang='grc' dir='ltr'><strong>σοι</strong></span> <span class='ocrx_word' id='word_1_408' title='bbox 3187 2416 3541 2485; x_wconf 78' lang='grc' dir='ltr'>φαινομένων</span> <span class='ocrx_word' id='word_1_409' title='bbox 3563 2414 3727 2473; x_wconf 72' lang='grc' dir='ltr'>οὕτως</span> 
     </span>
    </p>
   </div>
   <div class='ocr_carea' id='block_1_66' title="bbox 2146 2505 3729 2585">
    <p class='ocr_par' dir='ltr' id='par_1_66' title="bbox 2146 2505 3729 2585">
     <span class='ocr_line' id='line_1_66' title="bbox 2146 2505 3729 2585; baseline -0.007 -18"><span class='ocrx_word' id='word_1_410' title='bbox 2146 2514 2294 2585; x_wconf 78' lang='grc' dir='ltr'>ἔχου,</span> <span class='ocrx_word' id='word_1_411' title='bbox 2329 2513 2405 2577; x_wconf 82' lang='grc' dir='ltr'>ὡς</span> <span class='ocrx_word' id='word_1_412' title='bbox 2448 2512 2557 2567; x_wconf 76' lang='grc' dir='ltr'><strong>ἀπὸ</strong></span> <span class='ocrx_word' id='word_1_413' title='bbox 2585 2511 2678 2565; x_wconf 89' lang='grc' dir='ltr'><strong>τοῦ</strong></span> <span class='ocrx_word' id='word_1_414' title='bbox 2724 2508 2862 2564; x_wconf 88' lang='grc' dir='ltr'>Θεοῦ</span> <span class='ocrx_word' id='word_1_415' title='bbox 2900 2507 3233 2579; x_wconf 79' lang='grc' dir='ltr'>τεταγμένος</span> <span class='ocrx_word' id='word_1_416' title='bbox 3272 2508 3355 2570; x_wconf 88' lang='grc' dir='ltr'><strong>είς</strong></span> <span class='ocrx_word' id='word_1_417' title='bbox 3386 2505 3608 2575; x_wconf 77' lang='grc' dir='ltr'>ταύτην</span> <span class='ocrx_word' id='word_1_418' title='bbox 3638 2506 3729 2573; x_wconf 73' lang='grc' dir='ltr'>τὴν</span> 
     </span>
    </p>
   </div>
   <div class='ocr_carea' id='block_1_67' title="bbox 2146 2604 3729 2683">
    <p class='ocr_par' dir='ltr' id='par_1_67' title="bbox 2146 2604 3729 2683">
     <span class='ocr_line' id='line_1_67' title="bbox 2146 2604 3729 2683; baseline -0.005 -19"><span class='ocrx_word' id='word_1_419' title='bbox 2146 2608 2349 2683; x_wconf 83' lang='grc' dir='ltr'>χώραν·</span> <span class='ocrx_word' id='word_1_420' title='bbox 2385 2609 2628 2681; x_wconf 80' lang='grc' dir='ltr'>μέμνησο</span> <span class='ocrx_word' id='word_1_421' title='bbox 2667 2606 2724 2662; x_wconf 83' lang='grc' dir='ltr'><strong>δὲ</strong></span> <span class='ocrx_word' id='word_1_422' title='bbox 2751 2608 2833 2661; x_wconf 83' lang='grc' dir='ltr'>ὅτι</span> <span class='ocrx_word' id='word_1_423' title='bbox 2862 2608 2955 2661; x_wconf 77' lang='grc' dir='ltr'><strong>ἐὰν</strong></span> <span class='ocrx_word' id='word_1_424' title='bbox 2986 2607 3083 2678; x_wconf 77' lang='grc' dir='ltr'>μὲν</span> <span class='ocrx_word' id='word_1_425' title='bbox 3112 2604 3359 2677; x_wconf 75' lang='grc' dir='ltr'>ὲμμένῃς</span> <span class='ocrx_word' id='word_1_426' title='bbox 3381 2606 3505 2667; x_wconf 77' lang='grc' dir='ltr'>τοῖς</span> <span class='ocrx_word' id='word_1_427' title='bbox 3525 2604 3729 2668; x_wconf 75' lang='grc' dir='ltr'>αὐτοῖς,</span> 
     </span>
    </p>
   </div>
   <div class='ocr_carea' id='block_1_68' title="bbox 2144 2691 3729 2770">
    <p class='ocr_par' dir='ltr' id='par_1_68' title="bbox 2144 2691 3729 2770">
     <span class='ocr_line' id='line_1_68' title="bbox 2144 2691 3729 2770; baseline -0.007 -14"><span class='ocrx_word' id='word_1_428' title='bbox 2144 2704 2193 2756; x_wconf 78' lang='lat' dir='ltr'><strong>oi</strong></span> <span class='ocrx_word' id='word_1_429' title='bbox 2227 2700 2629 2769; x_wconf 83' lang='grc' dir='ltr'>καταγελῶντές</span> <span class='ocrx_word' id='word_1_430' title='bbox 2659 2716 2752 2753; x_wconf 89' lang='grc' dir='ltr'><strong>σου</strong></span> <span class='ocrx_word' id='word_1_431' title='bbox 2780 2698 3044 2770; x_wconf 86' lang='grc' dir='ltr'>πρότερον</span> <span class='ocrx_word' id='word_1_432' title='bbox 3065 2691 3210 2751; x_wconf 74' lang='grc' dir='ltr'>οὗτοί</span> <span class='ocrx_word' id='word_1_433' title='bbox 3244 2712 3301 2748; x_wconf 87' lang='grc' dir='ltr'><strong>σε</strong></span> <span class='ocrx_word' id='word_1_434' title='bbox 3337 2694 3578 2763; x_wconf 79' lang='grc' dir='ltr'>ὕστερον</span> <span class='ocrx_word' id='word_1_435' title='bbox 3605 2693 3729 2746; x_wconf 84' lang='grc' dir='ltr'>θαυ-</span> 
     </span>
    </p>
   </div>
   <div class='ocr_carea' id='block_1_69' title="bbox 2149 2784 3731 2865">
    <p class='ocr_par' dir='ltr' id='par_1_69' title="bbox 2149 2784 3731 2865">
     <span class='ocr_line' id='line_1_69' title="bbox 2149 2784 3731 2865; baseline -0.004 -18"><span class='ocrx_word' id='word_1_436' title='bbox 2149 2794 2429 2865; x_wconf 82' lang='grc' dir='ltr'>μάοονται.</span> <span class='ocrx_word' id='word_1_437' title='bbox 2468 2792 2592 2846; x_wconf 83' lang='grc' dir='ltr'>Ἐὰν</span> <span class='ocrx_word' id='word_1_438' title='bbox 2615 2791 2674 2845; x_wconf 83' lang='grc' dir='ltr'>δὲ</span> <span class='ocrx_word' id='word_1_439' title='bbox 2697 2791 2937 2863; x_wconf 78' lang='grc' dir='ltr'>ἡττηθῇς</span> <span class='ocrx_word' id='word_1_440' title='bbox 2963 2788 3163 2853; x_wconf 76' lang='grc' dir='ltr'>αὐτῶν,</span> <span class='ocrx_word' id='word_1_441' title='bbox 3184 2785 3409 2841; x_wconf 80' lang='grc' dir='ltr'>διπλοῦν</span> <span class='ocrx_word' id='word_1_442' title='bbox 3432 2784 3731 2859; x_wconf 55' lang='grc' dir='ltr'>προσλήψῃ</span> 
     </span>
    </p>
   </div>
   <div class='ocr_carea' id='block_1_70' title="bbox 2147 2886 2521 2956">
    <p class='ocr_par' dir='ltr' id='par_1_70' title="bbox 2147 2886 2521 2956">
     <span class='ocr_line' id='line_1_70' title="bbox 2147 2886 2521 2956; baseline -0.011 -14"><span class='ocrx_word' id='word_1_443' title='bbox 2147 2904 2319 2956; x_wconf 79' lang='grc' dir='ltr'>καταγ</span> <span class='ocrx_word' id='word_1_444' title='bbox 2329 2886 2498 2940; x_wconf 83' lang='grc' dir='ltr'>ἐλωτα</span> <span class='ocrx_word' id='word_1_445' title='bbox 2506 2924 2521 2939; x_wconf 87' lang='grc'><strong>.</strong></span> 
     </span>
    </p>
   </div>
   <div class='ocr_carea' id='block_1_71' title="bbox 2743 3062 3116 3120">
    <p class='ocr_par' dir='ltr' id='par_1_71' title="bbox 2743 3062 3116 3120">
     <span class='ocr_line' id='line_1_71' title="bbox 2743 3062 3116 3120; baseline -0.008 0"><span class='ocrx_word' id='word_1_446' title='bbox 2743 3064 2998 3120; x_wconf 75' lang='grc' dir='ltr'>ΚΕΦΑΑ.</span> <span class='ocrx_word' id='word_1_447' title='bbox 3035 3062 3116 3118; x_wconf 86' lang='grc' dir='ltr'><strong>Λ’.</strong></span> 
     </span>
    </p>
   </div>
   <div class='ocr_carea' id='block_1_72' title="bbox 2230 3179 3739 3256">
    <p class='ocr_par' dir='ltr' id='par_1_72' title="bbox 2230 3179 3739 3256">
     <span class='ocr_line' id='line_1_72' title="bbox 2230 3179 3739 3256; baseline -0.003 -17"><span class='ocrx_word' id='word_1_448' title='bbox 2230 3185 2359 3240; x_wconf 78' lang='grc' dir='ltr'><strong>Ἐάν</strong></span> <span class='ocrx_word' id='word_1_449' title='bbox 2384 3201 2517 3239; x_wconf 89' lang='grc' dir='ltr'>ποτε</span> <span class='ocrx_word' id='word_1_450' title='bbox 2546 3182 2774 3254; x_wconf 80' lang='grc' dir='ltr'>γένηται</span> <span class='ocrx_word' id='word_1_451' title='bbox 2818 3183 2923 3249; x_wconf 78' lang='grc' dir='ltr'><strong>ἔξω</strong></span> <span class='ocrx_word' id='word_1_452' title='bbox 2974 3185 3276 3256; x_wconf 76' lang='grc' dir='ltr'>στραφῆναι</span> <span class='ocrx_word' id='word_1_453' title='bbox 3318 3180 3465 3253; x_wconf 76' lang='grc' dir='ltr'>πρὸς</span> <span class='ocrx_word' id='word_1_454' title='bbox 3503 3182 3570 3235; x_wconf 77' lang='grc' dir='ltr'>τὸ</span> <span class='ocrx_word' id='word_1_455' title='bbox 3618 3179 3739 3251; x_wconf 72' lang='grc' dir='ltr'><strong>βού-</strong></span> 
     </span>
    </p>
   </div>
   <div class='ocr_carea' id='block_1_73' title="bbox 2147 3274 3735 3351">
    <p class='ocr_par' dir='ltr' id='par_1_73' title="bbox 2147 3274 3735 3351">
     <span class='ocr_line' id='line_1_73' title="bbox 2147 3274 3735 3351; baseline -0.004 -18"><span class='ocrx_word' id='word_1_456' title='bbox 2147 3279 2336 3334; x_wconf 89' lang='grc' dir='ltr'>λεσθαι</span> <span class='ocrx_word' id='word_1_457' title='bbox 2365 3278 2560 3351; x_wconf 80' lang='grc' dir='ltr'>ἀρέσαι</span> <span class='ocrx_word' id='word_1_458' title='bbox 2587 3277 2715 3342; x_wconf 75' lang='grc' dir='ltr'>τινὶ,</span> <span class='ocrx_word' id='word_1_459' title='bbox 2745 3278 2854 3332; x_wconf 60' lang='lat' dir='ltr'><strong>tae;</strong></span> <span class='ocrx_word' id='word_1_460' title='bbox 2882 3278 2964 3331; x_wconf 83' lang='grc' dir='ltr'>ὅτι</span> <span class='ocrx_word' id='word_1_461' title='bbox 2993 3275 3275 3340; x_wconf 82' lang='grc' dir='ltr'>ἀπώλεσας</span> <span class='ocrx_word' id='word_1_462' title='bbox 3303 3277 3403 3347; x_wconf 77' lang='grc' dir='ltr'>τὴν</span> <span class='ocrx_word' id='word_1_463' title='bbox 3429 3274 3698 3328; x_wconf 72' lang='grc' dir='ltr'>ἔνστασιν</span> <span class='ocrx_word' id='word_1_464' title='bbox 3717 3288 3735 3303; x_wconf 88' lang='grc'><strong>·</strong></span> 
     </span>
    </p>
   </div>
   <div class='ocr_carea' id='block_1_74' title="bbox 2146 3365 3739 3445">
    <p class='ocr_par' dir='ltr' id='par_1_74' title="bbox 2146 3365 3739 3445">
     <span class='ocr_line' id='line_1_74' title="bbox 2146 3365 3739 3445; baseline -0.005 -18"><span class='ocrx_word' id='word_1_465' title='bbox 2146 3371 2320 3445; x_wconf 84' lang='grc' dir='ltr'>ἀρκοῦ</span> <span class='ocrx_word' id='word_1_466' title='bbox 2368 3367 2457 3426; x_wconf 67' lang='grc' dir='ltr'>’δῦν</span> <span class='ocrx_word' id='word_1_467' title='bbox 2488 3373 2547 3425; x_wconf 86' lang='grc' dir='ltr'>ἐν</span> <span class='ocrx_word' id='word_1_468' title='bbox 2585 3370 2750 3425; x_wconf 80' lang='grc' dir='ltr'>παντὶ</span> <span class='ocrx_word' id='word_1_469' title='bbox 2777 3369 2838 3423; x_wconf 79' lang='grc' dir='ltr'><strong>τὸ</strong></span> <span class='ocrx_word' id='word_1_470' title='bbox 2864 3365 3005 3423; x_wconf 84' lang='grc' dir='ltr'>εἶναι</span> <span class='ocrx_word' id='word_1_471' title='bbox 3036 3368 3344 3438; x_wconf 82' lang='grc' dir='ltr'>φιλόσοφος,</span> <span class='ocrx_word' id='word_1_472' title='bbox 3384 3370 3437 3421; x_wconf 89' lang='grc' dir='ltr'><strong>εί</strong></span> <span class='ocrx_word' id='word_1_473' title='bbox 3463 3367 3523 3420; x_wconf 82' lang='grc' dir='ltr'><strong>δὲ</strong></span> <span class='ocrx_word' id='word_1_474' title='bbox 3554 3367 3739 3421; x_wconf 76' lang='grc' dir='ltr'>δοκεῖν</span> 
     </span>
    </p>
   </div>
   <div class='ocr_carea' id='block_1_75' title="bbox 2152 3458 3631 3534">
    <p class='ocr_par' dir='ltr' id='par_1_75' title="bbox 2152 3458 3631 3534">
     <span class='ocr_line' id='line_1_75' title="bbox 2152 3458 3631 3534; baseline -0.003 -17"><span class='ocrx_word' id='word_1_475' title='bbox 2152 3464 2334 3534; x_wconf 82' lang='grc' dir='ltr'>βούλει</span> <span class='ocrx_word' id='word_1_476' title='bbox 2360 3463 2423 3518; x_wconf 86' lang='grc' dir='ltr'>τὸ</span> <span class='ocrx_word' id='word_1_477' title='bbox 2448 3458 2608 3531; x_wconf 74' lang='grc' dir='ltr'>εἶναι,</span> <span class='ocrx_word' id='word_1_478' title='bbox 2641 3460 2824 3534; x_wconf 85' lang='grc' dir='ltr'>σαυτῷ</span> <span class='ocrx_word' id='word_1_479' title='bbox 2852 3461 3066 3531; x_wconf 83' lang='grc' dir='ltr'>φαίνου,</span> <span class='ocrx_word' id='word_1_480' title='bbox 3105 3461 3202 3515; x_wconf 73' lang='grc' dir='ltr'><strong>καὶ</strong></span> <span class='ocrx_word' id='word_1_481' title='bbox 3232 3460 3419 3514; x_wconf 83' lang='grc' dir='ltr'>ἱκανόν</span> <span class='ocrx_word' id='word_1_482' title='bbox 3446 3460 3631 3513; x_wconf 75' lang='grc' dir='ltr'>ἐστιν.</span> 
     </span>
    </p>
   </div>
   <div class='ocr_carea' id='block_1_76' title="bbox 2744 3640 3159 3707">
    <p class='ocr_par' dir='ltr' id='par_1_76' title="bbox 2744 3640 3159 3707">
     <span class='ocr_line' id='line_1_76' title="bbox 2744 3640 3159 3707; baseline -0.002 -10"><span class='ocrx_word' id='word_1_483' title='bbox 2744 3643 2999 3697; x_wconf 81' lang='grc' dir='ltr'><strong>ΚΕΦΑΛ.</strong></span> <span class='ocrx_word' id='word_1_484' title='bbox 3026 3640 3159 3707; x_wconf 76' lang='lat' dir='ltr'><strong>AA&#39;.</strong></span> 
     </span>
    </p>
   </div>
   <div class='ocr_carea' id='block_1_77' title="bbox 2221 3752 3741 3828">
    <p class='ocr_par' dir='ltr' id='par_1_77' title="bbox 2221 3752 3741 3828">
     <span class='ocr_line' id='line_1_77' title="bbox 2221 3752 3741 3828; baseline -0.003 -16"><span class='ocrx_word' id='word_1_485' title='bbox 2221 3752 2380 3814; x_wconf 74' lang='grc' dir='ltr'>Οὗτοί</span> <span class='ocrx_word' id='word_1_486' title='bbox 2406 3774 2470 3826; x_wconf 91' lang='grc' dir='ltr'><strong>γε</strong></span> <span class='ocrx_word' id='word_1_487' title='bbox 2504 3758 2553 3811; x_wconf 90' lang='grc' dir='ltr'><strong>οί</strong></span> <span class='ocrx_word' id='word_1_488' title='bbox 2578 3756 2916 3827; x_wconf 73' lang='grc' dir='ltr'>διαλογισμοὶ</span> <span class='ocrx_word' id='word_1_489' title='bbox 2936 3756 3009 3828; x_wconf 86' lang='grc' dir='ltr'>μή</span> <span class='ocrx_word' id='word_1_490' title='bbox 3038 3772 3099 3808; x_wconf 86' lang='grc' dir='ltr'><strong>σε</strong></span> <span class='ocrx_word' id='word_1_491' title='bbox 3113 3754 3447 3810; x_wconf 77' lang='grc' dir='ltr'>θλιὸἑτωσαν</span> <span class='ocrx_word' id='word_1_492' title='bbox 3464 3770 3479 3784; x_wconf 73' lang='grc'><em>³</em></span> <span class='ocrx_word' id='word_1_493' title='bbox 3505 3753 3741 3823; x_wconf 77' lang='grc' dir='ltr'>’Δτιμος</span> 
     </span>
    </p>
   </div>
   <div class='ocr_carea' id='block_1_78' title="bbox 2149 3844 3714 3918">
    <p class='ocr_par' dir='ltr' id='par_1_78' title="bbox 2149 3844 3714 3918">
     <span class='ocr_line' id='line_1_78' title="bbox 2149 3844 3714 3918; baseline -0.003 -14"><span class='ocrx_word' id='word_1_494' title='bbox 2149 3850 2261 3918; x_wconf 79' lang='grc' dir='ltr'><strong>ἐγὼ</strong></span> <span class='ocrx_word' id='word_1_495' title='bbox 2289 3848 2671 3918; x_wconf 78' lang='grc' dir='ltr'>διαδιώσομαι,</span> <span class='ocrx_word' id='word_1_496' title='bbox 2701 3848 2795 3901; x_wconf 77' lang='grc' dir='ltr'>καὶ</span> <span class='ocrx_word' id='word_1_497' title='bbox 2824 3846 2998 3909; x_wconf 72' lang='grc' dir='ltr'>οὺδεὶς</span> <span class='ocrx_word' id='word_1_498' title='bbox 3026 3844 3282 3917; x_wconf 79' lang='grc' dir='ltr'>οὐδαμοῦ.</span> <span class='ocrx_word' id='word_1_499' title='bbox 3308 3847 3372 3899; x_wconf 78' lang='lat' dir='ltr'><strong>Ei</strong></span> <span class='ocrx_word' id='word_1_500' title='bbox 3394 3845 3512 3916; x_wconf 80' lang='grc' dir='ltr'><strong>γὰρ</strong></span> <span class='ocrx_word' id='word_1_501' title='bbox 3547 3847 3589 3917; x_wconf 78' lang='grc' dir='ltr'><strong>ἠ</strong></span> <span class='ocrx_word' id='word_1_502' title='bbox 3622 3847 3714 3901; x_wconf 78' lang='grc' dir='ltr'>ὰτι</span> 
     </span>
    </p>
   </div>
   <div class='ocr_carea' id='block_1_79' title="bbox 2153 3937 3743 4013">
    <p class='ocr_par' dir='ltr' id='par_1_79' title="bbox 2153 3937 3743 4013">
     <span class='ocr_line' id='line_1_79' title="bbox 2153 3937 3743 4013; baseline -0.004 -18"><span class='ocrx_word' id='word_1_503' title='bbox 2153 3942 2251 4013; x_wconf 89' lang='grc' dir='ltr'><strong>μία</strong></span> <span class='ocrx_word' id='word_1_504' title='bbox 2285 3941 2403 3995; x_wconf 72' lang='grc' dir='ltr'>ἐστὶ</span> <span class='ocrx_word' id='word_1_505' title='bbox 2434 3939 2623 4007; x_wconf 77' lang='grc' dir='ltr'>κακὸν,</span> <span class='ocrx_word' id='word_1_506' title='bbox 2662 3938 2852 4009; x_wconf 77' lang='grc' dir='ltr'>ὥσπερ</span> <span class='ocrx_word' id='word_1_507' title='bbox 2891 3939 3059 4003; x_wconf 74' lang='grc' dir='ltr'>ἐστὶν,</span> <span class='ocrx_word' id='word_1_508' title='bbox 3096 3939 3160 3992; x_wconf 84' lang='grc' dir='ltr'>οὐ</span> <span class='ocrx_word' id='word_1_509' title='bbox 3209 3938 3436 3992; x_wconf 83' lang='grc' dir='ltr'>δύνασαι</span> <span class='ocrx_word' id='word_1_510' title='bbox 3475 3939 3537 3990; x_wconf 84' lang='grc' dir='ltr'>ὲν</span> <span class='ocrx_word' id='word_1_511' title='bbox 3580 3937 3743 4005; x_wconf 75' lang='grc' dir='ltr'><strong>κα.κῷ</strong></span> 
     </span>
    </p>
   </div>
   <div class='ocr_carea' id='block_1_80' title="bbox 2149 4023 3741 4103">
    <p class='ocr_par' dir='ltr' id='par_1_80' title="bbox 2149 4023 3741 4103">
     <span class='ocr_line' id='line_1_80' title="bbox 2149 4023 3741 4103; baseline -0.005 -14"><span class='ocrx_word' id='word_1_512' title='bbox 2149 4026 2290 4090; x_wconf 60' lang='lat' dir='ltr'><strong>sivit</strong></span> <span class='ocrx_word' id='word_1_513' title='bbox 2310 4034 2376 4087; x_wconf 91' lang='grc' dir='ltr'><strong>δι’</strong></span> <span class='ocrx_word' id='word_1_514' title='bbox 2405 4032 2582 4097; x_wconf 74' lang='grc' dir='ltr'>ἄλλον,</span> <span class='ocrx_word' id='word_1_515' title='bbox 2605 4032 2665 4086; x_wconf 77' lang='grc' dir='ltr'>οὐ</span> <span class='ocrx_word' id='word_1_516' title='bbox 2696 4031 2896 4103; x_wconf 79' lang='grc' dir='ltr'>μᾶλλον</span> <span class='ocrx_word' id='word_1_517' title='bbox 2925 4030 2959 4101; x_wconf 80' lang='grc' dir='ltr'>ἢ</span> <span class='ocrx_word' id='word_1_518' title='bbox 2990 4032 3048 4084; x_wconf 84' lang='grc' dir='ltr'>ὲν</span> <span class='ocrx_word' id='word_1_519' title='bbox 3079 4029 3307 4101; x_wconf 81' lang='grc' dir='ltr'>αἰσχρῷ,</span> <span class='ocrx_word' id='word_1_520' title='bbox 3343 4030 3416 4099; x_wconf 84' lang='grc' dir='ltr'>μή</span> <span class='ocrx_word' id='word_1_521' title='bbox 3442 4046 3499 4082; x_wconf 87' lang='grc' dir='ltr'><strong>τι</strong></span> <span class='ocrx_word' id='word_1_522' title='bbox 3522 4023 3628 4082; x_wconf 79' lang='grc' dir='ltr'>οὖν</span> <span class='ocrx_word' id='word_1_523' title='bbox 3650 4030 3741 4081; x_wconf 78' lang='grc' dir='ltr'>σύν</span> 
     </span>
    </p>
   </div>
   <div class='ocr_carea' id='block_1_81' title="bbox 2150 4120 3743 4197">
    <p class='ocr_par' dir='ltr' id='par_1_81' title="bbox 2150 4120 3743 4197">
     <span class='ocr_line' id='line_1_81' title="bbox 2150 4120 3743 4197; baseline -0.007 -14"><span class='ocrx_word' id='word_1_524' title='bbox 2150 4131 2298 4182; x_wconf 77' lang='grc' dir='ltr'>ἐστιν</span> <span class='ocrx_word' id='word_1_525' title='bbox 2347 4126 2507 4197; x_wconf 71' lang='grc' dir='ltr'>ἔργον</span> <span class='ocrx_word' id='word_1_526' title='bbox 2554 4125 2617 4178; x_wconf 86' lang='grc' dir='ltr'>τὸ</span> <span class='ocrx_word' id='word_1_527' title='bbox 2655 4124 2832 4196; x_wconf 76' lang='grc' dir='ltr'>ἀρχῆς</span> <span class='ocrx_word' id='word_1_528' title='bbox 2876 4125 3060 4192; x_wconf 79' lang='grc' dir='ltr'>τυχεῖν</span> <span class='ocrx_word' id='word_1_529' title='bbox 3097 4122 3130 4193; x_wconf 78' lang='grc' dir='ltr'>ἢ</span> <span class='ocrx_word' id='word_1_530' title='bbox 3165 4120 3621 4191; x_wconf 73' lang='grc' dir='ltr'>παραλειφθῆναι</span> <span class='ocrx_word' id='word_1_531' title='bbox 3662 4121 3743 4183; x_wconf 82' lang='grc' dir='ltr'><strong>είς</strong></span> 
     </span>
    </p>
   </div>
   <div class='ocr_carea' id='block_1_82' title="bbox 2151 4209 3744 4286">
    <p class='ocr_par' dir='ltr' id='par_1_82' title="bbox 2151 4209 3744 4286">
     <span class='ocr_line' id='line_1_82' title="bbox 2151 4209 3744 4286; baseline -0.006 -13"><span class='ocrx_word' id='word_1_532' title='bbox 2151 4219 2419 4282; x_wconf 73' lang='grc' dir='ltr'>ἑστίασινς</span> <span class='ocrx_word' id='word_1_533' title='bbox 2453 4214 2737 4286; x_wconf 80' lang='grc' dir='ltr'>Οὐδαμῶς.</span> <span class='ocrx_word' id='word_1_534' title='bbox 2773 4214 2899 4277; x_wconf 85' lang='grc' dir='ltr'>Πῶς</span> <span class='ocrx_word' id='word_1_535' title='bbox 2943 4209 3036 4267; x_wconf 86' lang='grc' dir='ltr'><strong>οῦν</strong></span> <span class='ocrx_word' id='word_1_536' title='bbox 3069 4214 3126 4266; x_wconf 71' lang='lat' dir='ltr'><strong>tv</strong></span> <span class='ocrx_word' id='word_1_537' title='bbox 3159 4211 3368 4275; x_wconf 85' lang='grc' dir='ltr'>τούτοις</span> <span class='ocrx_word' id='word_1_538' title='bbox 3408 4212 3569 4265; x_wconf 69' lang='grc' dir='ltr'>ἐστὶν</span> <span class='ocrx_word' id='word_1_539' title='bbox 3620 4212 3744 4265; x_wconf 75' lang='grc' dir='ltr'>ἀτι-</span> 
     </span>
    </p>
   </div>
   <div class='ocr_carea' id='block_1_83' title="bbox 2154 4304 3743 4382">
    <p class='ocr_par' dir='ltr' id='par_1_83' title="bbox 2154 4304 3743 4382">
     <span class='ocr_line' id='line_1_83' title="bbox 2154 4304 3743 4382; baseline -0.006 -17"><span class='ocrx_word' id='word_1_540' title='bbox 2154 4312 2288 4382; x_wconf 80' lang='grc' dir='ltr'>μία;</span> <span class='ocrx_word' id='word_1_541' title='bbox 2342 4308 2461 4371; x_wconf 85' lang='grc' dir='ltr'><strong>πῶς</strong></span> <span class='ocrx_word' id='word_1_542' title='bbox 2502 4307 2559 4361; x_wconf 83' lang='grc' dir='ltr'><strong>δὲ</strong></span> <span class='ocrx_word' id='word_1_543' title='bbox 2587 4306 2682 4361; x_wconf 79' lang='grc' dir='ltr'><strong>καὶ</strong></span> <span class='ocrx_word' id='word_1_544' title='bbox 2704 4305 2881 4368; x_wconf 74' lang='grc' dir='ltr'>οὐδεὶς</span> <span class='ocrx_word' id='word_1_545' title='bbox 2908 4304 3143 4375; x_wconf 85' lang='grc' dir='ltr'>οὐδαμοῦ</span> <span class='ocrx_word' id='word_1_546' title='bbox 3181 4304 3299 4375; x_wconf 75' lang='grc' dir='ltr'>ἔσῃ,</span> <span class='ocrx_word' id='word_1_547' title='bbox 3346 4304 3406 4357; x_wconf 78' lang='grc' dir='ltr'>ὃν</span> <span class='ocrx_word' id='word_1_548' title='bbox 3450 4305 3513 4357; x_wconf 85' lang='grc' dir='ltr'>ὲν</span> <span class='ocrx_word' id='word_1_549' title='bbox 3550 4304 3743 4374; x_wconf 60' lang='grc' dir='ltr'>μόνας</span> 
     </span>
    </p>
   </div>
   <div class='ocr_carea' id='block_1_84' title="bbox 2151 4388 3743 4463">
    <p class='ocr_par' dir='ltr' id='par_1_84' title="bbox 2151 4388 3743 4463">
     <span class='ocr_line' id='line_1_84' title="bbox 2151 4388 3743 4463; baseline -0.007 -7"><span class='ocrx_word' id='word_1_550' title='bbox 2151 4400 2290 4457; x_wconf 80' lang='grc' dir='ltr'>εἷναί</span> <span class='ocrx_word' id='word_1_551' title='bbox 2333 4418 2456 4454; x_wconf 89' lang='grc' dir='ltr'>τινα</span> <span class='ocrx_word' id='word_1_552' title='bbox 2509 4400 2591 4453; x_wconf 83' lang='grc' dir='ltr'>δεῖ</span> <span class='ocrx_word' id='word_1_553' title='bbox 2639 4402 2753 4463; x_wconf 78' lang='grc' dir='ltr'>τοῖς</span> <span class='ocrx_word' id='word_1_554' title='bbox 2798 4399 2890 4451; x_wconf 74' lang='grc' dir='ltr'><strong>ἐπὶ</strong></span> <span class='ocrx_word' id='word_1_555' title='bbox 2928 4397 3010 4451; x_wconf 78' lang='grc' dir='ltr'>σοὶ</span> <span class='ocrx_word' id='word_1_556' title='bbox 3053 4398 3112 4449; x_wconf 89' lang='grc' dir='ltr'>ὲν</span> <span class='ocrx_word' id='word_1_557' title='bbox 3149 4390 3232 4458; x_wconf 74' lang='grc' dir='ltr'>οἷς</span> <span class='ocrx_word' id='word_1_558' title='bbox 3261 4395 3442 4459; x_wconf 78' lang='grc' dir='ltr'>ἔξεστί</span> <span class='ocrx_word' id='word_1_559' title='bbox 3472 4412 3559 4447; x_wconf 85' lang='grc' dir='ltr'><strong>σοι</strong></span> <span class='ocrx_word' id='word_1_560' title='bbox 3595 4388 3743 4447; x_wconf 76' lang='grc' dir='ltr'>εἶναι</span> 
     </span>
    </p>
   </div>
   <div class='ocr_carea' id='block_1_85' title="bbox 474 4484 2051 4585">
    <p class='ocr_par' dir='ltr' id='par_1_85' title="bbox 474 4505 2044 4585">
     <span class='ocr_line' id='line_1_85' title="bbox 474 4505 2044 4585; baseline -0.007 -13"><span class='ocrx_word' id='word_1_561' title='bbox 474 4516 894 4573; x_wconf 84' lang='lat' dir='ltr'><strong>existimationis</strong></span> <span class='ocrx_word' id='word_1_562' title='bbox 936 4522 1145 4585; x_wconf 86' lang='lat' dir='ltr'><strong>oportet</strong></span> <span class='ocrx_word' id='word_1_563' title='bbox 1185 4521 1246 4567; x_wconf 88' lang='lat' dir='ltr'><strong>ut</strong></span> <span class='ocrx_word' id='word_1_564' title='bbox 1287 4511 1401 4579; x_wconf 87' lang='lat' dir='ltr'><strong>sis,</strong></span> <span class='ocrx_word' id='word_1_565' title='bbox 1453 4507 1797 4565; x_wconf 87' lang='lat' dir='ltr'><strong>solummodo</strong></span> <span class='ocrx_word' id='word_1_566' title='bbox 1852 4506 1906 4559; x_wconf 90' lang='lat' dir='ltr'><strong>in</strong></span> <span class='ocrx_word' id='word_1_567' title='bbox 1954 4505 2044 4571; x_wconf 90' lang='lat' dir='ltr'><strong>iis,</strong></span> 
     </span>
    </p>
   </div>
   <div class='ocr_carea' id='block_1_86' title="bbox 2161 4484 3739 4585">
    <p class='ocr_par' dir='ltr' id='par_1_86' title="bbox 2161 4484 3739 4561">
     <span class='ocr_line' id='line_1_86' title="bbox 2161 4484 3739 4561; baseline -0.009 -14"><span class='ocrx_word' id='word_1_568' title='bbox 2161 4494 2401 4547; x_wconf 76' lang='grc' dir='ltr'>πλείστου</span> <span class='ocrx_word' id='word_1_569' title='bbox 2427 4491 2589 4561; x_wconf 77' lang='grc' dir='ltr'>ἀξίως</span> <span class='ocrx_word' id='word_1_570' title='bbox 2618 4489 2780 4544; x_wconf 81' lang='grc' dir='ltr'>Ἀλλά</span> <span class='ocrx_word' id='word_1_571' title='bbox 2809 4506 2889 4541; x_wconf 89' lang='grc' dir='ltr'><strong>σοι</strong></span> <span class='ocrx_word' id='word_1_572' title='bbox 2918 4488 2966 4541; x_wconf 84' lang='grc' dir='ltr'>οἱ</span> <span class='ocrx_word' id='word_1_573' title='bbox 2998 4486 3141 4557; x_wconf 86' lang='grc' dir='ltr'>φίλοι</span> <span class='ocrx_word' id='word_1_574' title='bbox 3163 4484 3459 4556; x_wconf 76' lang='grc' dir='ltr'>ἀϐοήθητοι</span> <span class='ocrx_word' id='word_1_575' title='bbox 3481 4486 3739 4537; x_wconf 76' lang='grc' dir='ltr'>ἔσονταιο</span> 
     </span>
    </p>
   </div>
   <div class='ocr_carea' id='block_1_87' title="bbox 476 4595 2055 4678">
    <p class='ocr_par' dir='ltr' id='par_1_87' title="bbox 476 4595 2055 4678">
     <span class='ocr_line' id='line_1_87' title="bbox 476 4595 2055 4678; baseline -0.009 -14"><span class='ocrx_word' id='word_1_576' title='bbox 476 4624 600 4678; x_wconf 65' lang='lat' dir='ltr'><strong>quae</strong></span> <span class='ocrx_word' id='word_1_577' title='bbox 635 4610 691 4663; x_wconf 90' lang='lat' dir='ltr'><strong>in</strong></span> <span class='ocrx_word' id='word_1_578' title='bbox 720 4615 774 4663; x_wconf 91' lang='lat' dir='ltr'><strong>te</strong></span> <span class='ocrx_word' id='word_1_579' title='bbox 803 4616 951 4672; x_wconf 86' lang='lat' dir='ltr'><strong>sunt,</strong></span> <span class='ocrx_word' id='word_1_580' title='bbox 984 4606 1039 4659; x_wconf 91' lang='lat' dir='ltr'><strong>in</strong></span> <span class='ocrx_word' id='word_1_581' title='bbox 1068 4604 1269 4675; x_wconf 87' lang='lat' dir='ltr'><strong>quibus</strong></span> <span class='ocrx_word' id='word_1_582' title='bbox 1301 4602 1488 4668; x_wconf 90' lang='lat' dir='ltr'><strong>etiam,</strong></span> <span class='ocrx_word' id='word_1_583' title='bbox 1515 4609 1576 4655; x_wconf 91' lang='lat' dir='ltr'><strong>ut</strong></span> <span class='ocrx_word' id='word_1_584' title='bbox 1603 4599 1768 4669; x_wconf 83' lang='lat' dir='ltr'><strong>digno</strong></span> <span class='ocrx_word' id='word_1_585' title='bbox 1800 4596 1895 4651; x_wconf 91' lang='lat' dir='ltr'><strong>tibi</strong></span> <span class='ocrx_word' id='word_1_586' title='bbox 1928 4595 2055 4651; x_wconf 90' lang='lat' dir='ltr'><strong>licet</strong></span> 
     </span>
    </p>
   </div>
   <div class='ocr_carea' id='block_1_88' title="bbox 477 4691 2056 4775">
    <p class='ocr_par' dir='ltr' id='par_1_88' title="bbox 477 4691 2056 4775">
     <span class='ocr_line' id='line_1_88' title="bbox 477 4691 2056 4775; baseline -0.008 -17"><span class='ocrx_word' id='word_1_587' title='bbox 477 4704 697 4775; x_wconf 89' lang='lat' dir='ltr'><strong>plurimi</strong></span> <span class='ocrx_word' id='word_1_588' title='bbox 739 4702 891 4757; x_wconf 83' lang='lat' dir='ltr'><strong>fieri?</strong></span> <span class='ocrx_word' id='word_1_589' title='bbox 929 4699 1123 4755; x_wconf 78' lang='lat' dir='ltr'><strong>Verum</strong></span> <span class='ocrx_word' id='word_1_590' title='bbox 1155 4697 1317 4775; x_wconf 86' lang='lat' dir='ltr'><strong>amici</strong></span> <span class='ocrx_word' id='word_1_591' title='bbox 1346 4697 1423 4752; x_wconf 91' lang='lat' dir='ltr'><strong>tui</strong></span> <span class='ocrx_word' id='word_1_592' title='bbox 1451 4694 1597 4750; x_wconf 91' lang='lat' dir='ltr'><strong>nulla</strong></span> <span class='ocrx_word' id='word_1_593' title='bbox 1623 4709 1724 4764; x_wconf 92' lang='lat' dir='ltr'><strong>ope</strong></span> <span class='ocrx_word' id='word_1_594' title='bbox 1746 4691 1921 4762; x_wconf 84' lang='lat' dir='ltr'><strong>juvari</strong></span> <span class='ocrx_word' id='word_1_595' title='bbox 1956 4705 2056 4760; x_wconf 80' lang='lat' dir='ltr'><strong>po-</strong></span> 
     </span>
    </p>
   </div>
   <div class='ocr_carea' id='block_1_89' title="bbox 480 4769 2055 4862">
    <p class='ocr_par' dir='ltr' id='par_1_89' title="bbox 480 4769 2055 4862">
     <span class='ocr_line' id='line_1_89' title="bbox 480 4769 2055 4862; baseline -0.008 -13"><span class='ocrx_word' id='word_1_596' title='bbox 480 4802 663 4849; x_wconf 87' lang='lat' dir='ltr'><strong>terunt</strong></span> <span class='ocrx_word' id='word_1_597' title='bbox 696 4812 709 4848; x_wconf 88' lang='lat'>:</span> <span class='ocrx_word' id='word_1_598' title='bbox 737 4793 867 4862; x_wconf 90' lang='lat' dir='ltr'><strong>quid</strong></span> <span class='ocrx_word' id='word_1_599' title='bbox 897 4792 978 4846; x_wconf 91' lang='lat' dir='ltr'><strong>ais</strong></span> <span class='ocrx_word' id='word_1_600' title='bbox 1004 4790 1121 4846; x_wconf 88' lang='lat' dir='ltr'><strong>sine</strong></span> <span class='ocrx_word' id='word_1_601' title='bbox 1152 4769 1356 4844; x_wconf 78' lang='lat' dir='ltr'><strong>auxilio</strong></span> <span class='ocrx_word' id='word_1_602' title='bbox 1378 4787 1577 4843; x_wconf 81' lang='lat' dir='ltr'><strong>erunt?</strong></span> <span class='ocrx_word' id='word_1_603' title='bbox 1606 4801 1711 4840; x_wconf 90' lang='lat' dir='ltr'><strong>non</strong></span> <span class='ocrx_word' id='word_1_604' title='bbox 1735 4800 1765 4839; x_wconf 89' lang='lat' dir='ltr'><strong>a</strong></span> <span class='ocrx_word' id='word_1_605' title='bbox 1796 4798 1845 4839; x_wconf 90' lang='lat' dir='ltr'><strong>te</strong></span> <span class='ocrx_word' id='word_1_606' title='bbox 1872 4783 2055 4838; x_wconf 86' lang='lat' dir='ltr'><strong>minu-</strong></span> 
     </span>
    </p>
   </div>
   <div class='ocr_carea' id='block_1_90' title="bbox 479 4878 2056 4955">
    <p class='ocr_par' dir='ltr' id='par_1_90' title="bbox 479 4878 2056 4955">
     <span class='ocr_line' id='line_1_90' title="bbox 479 4878 2056 4955; baseline -0.008 -13"><span class='ocrx_word' id='word_1_607' title='bbox 479 4898 593 4943; x_wconf 90' lang='lat' dir='ltr'><strong>tum</strong></span> <span class='ocrx_word' id='word_1_608' title='bbox 614 4904 710 4951; x_wconf 69' lang='lat' dir='ltr'><strong>aes,</strong></span> <span class='ocrx_word' id='word_1_609' title='bbox 738 4887 822 4941; x_wconf 87' lang='lat' dir='ltr'><strong>vel</strong></span> <span class='ocrx_word' id='word_1_610' title='bbox 851 4894 1133 4955; x_wconf 82' lang='lat' dir='ltr'><strong>argentum</strong></span> <span class='ocrx_word' id='word_1_611' title='bbox 1174 4882 1469 4948; x_wconf 86' lang='lat' dir='ltr'><strong>habebunt,</strong></span> <span class='ocrx_word' id='word_1_612' title='bbox 1496 4880 1752 4951; x_wconf 90' lang='lat' dir='ltr'><strong>ipsosque</strong></span> <span class='ocrx_word' id='word_1_613' title='bbox 1778 4891 1884 4931; x_wconf 89' lang='lat' dir='ltr'><strong>non</strong></span> <span class='ocrx_word' id='word_1_614' title='bbox 1913 4878 2056 4932; x_wconf 90' lang='lat' dir='ltr'><strong>inter</strong></span> 
     </span>
    </p>
   </div>
   <div class='ocr_carea' id='block_1_91' title="bbox 478 4969 2053 5045">
    <p class='ocr_par' dir='ltr' id='par_1_91' title="bbox 478 4969 2053 5045">
     <span class='ocr_line' id='line_1_91' title="bbox 478 4969 2053 5045; baseline -0.01 -9"><span class='ocrx_word' id='word_1_615' title='bbox 478 4982 624 5036; x_wconf 85' lang='lat' dir='ltr'><strong>cives</strong></span> <span class='ocrx_word' id='word_1_616' title='bbox 656 4979 931 5034; x_wconf 77' lang='lat' dir='ltr'><strong>Romanos</strong></span> <span class='ocrx_word' id='word_1_617' title='bbox 974 4977 1219 5033; x_wconf 79' lang='lat' dir='ltr'><strong>ascribes</strong></span> <span class='ocrx_word' id='word_1_618' title='bbox 1253 4976 1278 5029; x_wconf 75' lang='grc' dir='ltr'><strong><em>Ἰ</em></strong></span> <span class='ocrx_word' id='word_1_619' title='bbox 1306 4973 1502 5045; x_wconf 84' lang='lat' dir='ltr'><strong>Ecquis</strong></span> <span class='ocrx_word' id='word_1_620' title='bbox 1556 4972 1716 5042; x_wconf 82' lang='lat' dir='ltr'><strong>igitur</strong></span> <span class='ocrx_word' id='word_1_621' title='bbox 1766 4970 1861 5024; x_wconf 90' lang='lat' dir='ltr'><strong>tibi</strong></span> <span class='ocrx_word' id='word_1_622' title='bbox 1895 4969 2053 5033; x_wconf 82' lang='lat' dir='ltr'><strong>dixit,</strong></span> 
     </span>
    </p>
   </div>
   <div class='ocr_carea' id='block_1_92' title="bbox 383 5061 2055 5143">
    <p class='ocr_par' dir='ltr' id='par_1_92' title="bbox 383 5061 2055 5143">
     <span class='ocr_line' id='line_1_92' title="bbox 383 5061 2055 5143; baseline -0.007 -15"><span class='ocrx_word' id='word_1_623' title='bbox 383 5119 387 5122; x_wconf 91' lang='lat'><strong>.</strong></span> <span class='ocrx_word' id='word_1_624' title='bbox 479 5073 625 5143; x_wconf 91' lang='lat' dir='ltr'><strong>quod</strong></span> <span class='ocrx_word' id='word_1_625' title='bbox 674 5073 788 5127; x_wconf 69' lang='lat' dir='ltr'><strong>haec</strong></span> <span class='ocrx_word' id='word_1_626' title='bbox 817 5074 869 5127; x_wconf 90' lang='lat' dir='ltr'><strong>iu</strong></span> <span class='ocrx_word' id='word_1_627' title='bbox 900 5071 1059 5126; x_wconf 85' lang='lat' dir='ltr'><strong>nobis</strong></span> <span class='ocrx_word' id='word_1_628' title='bbox 1090 5076 1220 5125; x_wconf 85' lang='lat' dir='ltr'><strong>sunt</strong></span> <span class='ocrx_word' id='word_1_629' title='bbox 1271 5079 1322 5122; x_wconf 81' lang='lat' dir='ltr'><strong>et</strong></span> <span class='ocrx_word' id='word_1_630' title='bbox 1351 5084 1457 5121; x_wconf 86' lang='lat' dir='ltr'><strong>non</strong></span> <span class='ocrx_word' id='word_1_631' title='bbox 1483 5081 1646 5136; x_wconf 85' lang='lat' dir='ltr'><strong>opera</strong></span> <span class='ocrx_word' id='word_1_632' title='bbox 1679 5063 1893 5118; x_wconf 89' lang='lat' dir='ltr'><strong>aliena?</strong></span> <span class='ocrx_word' id='word_1_633' title='bbox 1921 5061 2055 5128; x_wconf 84' lang='lat' dir='ltr'><strong>Quis</strong></span> 
     </span>
    </p>
   </div>
   <div class='ocr_carea' id='block_1_93' title="bbox 484 5152 2057 5234">
    <p class='ocr_par' dir='ltr' id='par_1_93' title="bbox 484 5152 2057 5234">
     <span class='ocr_line' id='line_1_93' title="bbox 484 5152 2057 5234; baseline -0.009 -15"><span class='ocrx_word' id='word_1_634' title='bbox 484 5181 610 5220; x_wconf 90' lang='lat' dir='ltr'><strong>vero</strong></span> <span class='ocrx_word' id='word_1_635' title='bbox 638 5166 769 5221; x_wconf 87' lang='lat' dir='ltr'><strong>dare</strong></span> <span class='ocrx_word' id='word_1_636' title='bbox 792 5173 969 5234; x_wconf 88' lang='lat' dir='ltr'><strong>potest</strong></span> <span class='ocrx_word' id='word_1_637' title='bbox 997 5162 1177 5228; x_wconf 89' lang='lat' dir='ltr'><strong>alteri,</strong></span> <span class='ocrx_word' id='word_1_638' title='bbox 1204 5175 1327 5231; x_wconf 69' lang='lat' dir='ltr'><strong>quae</strong></span> <span class='ocrx_word' id='word_1_639' title='bbox 1356 5174 1463 5213; x_wconf 89' lang='lat' dir='ltr'><strong>nou</strong></span> <span class='ocrx_word' id='word_1_640' title='bbox 1489 5157 1651 5211; x_wconf 88' lang='lat' dir='ltr'><strong>habet</strong></span> <span class='ocrx_word' id='word_1_641' title='bbox 1679 5154 1829 5225; x_wconf 81' lang='lat' dir='ltr'><strong>ipse?</strong></span> <span class='ocrx_word' id='word_1_642' title='bbox 1852 5152 2057 5222; x_wconf 85' lang='lat' dir='ltr'><strong>Acqui-</strong></span> 
     </span>
    </p>
   </div>
   <div class='ocr_carea' id='block_1_94' title="bbox 478 5243 2055 5328">
    <p class='ocr_par' dir='ltr' id='par_1_94' title="bbox 478 5243 2055 5328">
     <span class='ocr_line' id='line_1_94' title="bbox 478 5243 2055 5328; baseline -0.01 -17"><span class='ocrx_word' id='word_1_643' title='bbox 478 5257 584 5312; x_wconf 91' lang='lat' dir='ltr'><strong>rito</strong></span> <span class='ocrx_word' id='word_1_644' title='bbox 621 5271 751 5328; x_wconf 87' lang='lat' dir='ltr'><strong>ergo</strong></span> <span class='ocrx_word' id='word_1_645' title='bbox 779 5256 976 5327; x_wconf 89' lang='lat' dir='ltr'><strong>(aiunt)</strong></span> <span class='ocrx_word' id='word_1_646' title='bbox 1013 5264 1074 5309; x_wconf 92' lang='lat' dir='ltr'><strong>ut</strong></span> <span class='ocrx_word' id='word_1_647' title='bbox 1100 5262 1155 5310; x_wconf 89' lang='lat' dir='ltr'><strong>et</strong></span> <span class='ocrx_word' id='word_1_648' title='bbox 1184 5268 1286 5307; x_wconf 86' lang='lat' dir='ltr'><strong>nos</strong></span> <span class='ocrx_word' id='word_1_649' title='bbox 1315 5250 1635 5305; x_wconf 86' lang='lat' dir='ltr'><strong>habeamus.</strong></span> <span class='ocrx_word' id='word_1_650' title='bbox 1680 5246 1737 5299; x_wconf 88' lang='lat' dir='ltr'><strong>Si</strong></span> <span class='ocrx_word' id='word_1_651' title='bbox 1768 5243 2055 5313; x_wconf 90' lang='lat' dir='ltr'><strong>acquirere</strong></span> 
     </span>
    </p>
   </div>
   <div class='ocr_carea' id='block_1_95' title="bbox 480 5335 2058 5416">
    <p class='ocr_par' dir='ltr' id='par_1_95' title="bbox 480 5335 2058 5416">
     <span class='ocr_line' id='line_1_95' title="bbox 480 5335 2058 5416; baseline -0.006 -17"><span class='ocrx_word' id='word_1_652' title='bbox 480 5362 739 5416; x_wconf 89' lang='lat' dir='ltr'><strong>possum,</strong></span> <span class='ocrx_word' id='word_1_653' title='bbox 794 5361 1131 5403; x_wconf 87' lang='lat' dir='ltr'><strong>conservans</strong></span> <span class='ocrx_word' id='word_1_654' title='bbox 1195 5359 1282 5399; x_wconf 89' lang='lat' dir='ltr'><strong>me</strong></span> <span class='ocrx_word' id='word_1_655' title='bbox 1337 5343 1515 5413; x_wconf 91' lang='lat' dir='ltr'><strong>ipsum</strong></span> <span class='ocrx_word' id='word_1_656' title='bbox 1554 5335 1956 5401; x_wconf 88' lang='lat' dir='ltr'><strong>verecundum,</strong></span> <span class='ocrx_word' id='word_1_657' title='bbox 2002 5343 2058 5390; x_wconf 87' lang='lat' dir='ltr'><strong>et</strong></span> 
     </span>
    </p>
   </div>
   <div class='ocr_carea' id='block_1_96' title="bbox 484 5428 2057 5509">
    <p class='ocr_par' dir='ltr' id='par_1_96' title="bbox 484 5428 2057 5509">
     <span class='ocr_line' id='line_1_96' title="bbox 484 5428 2057 5509; baseline -0.006 -17"><span class='ocrx_word' id='word_1_658' title='bbox 484 5438 721 5502; x_wconf 84' lang='lat' dir='ltr'><strong>ﬁdelem,</strong></span> <span class='ocrx_word' id='word_1_659' title='bbox 760 5454 824 5493; x_wconf 86' lang='lat' dir='ltr'><strong>ac</strong></span> <span class='ocrx_word' id='word_1_660' title='bbox 864 5437 1299 5509; x_wconf 81' lang='lat' dir='ltr'><strong>magnanimum,</strong></span> <span class='ocrx_word' id='word_1_661' title='bbox 1335 5432 1602 5489; x_wconf 82' lang='lat' dir='ltr'><strong>ostendite</strong></span> <span class='ocrx_word' id='word_1_662' title='bbox 1634 5428 1769 5483; x_wconf 91' lang='lat' dir='ltr'><strong>mihi</strong></span> <span class='ocrx_word' id='word_1_663' title='bbox 1815 5428 1977 5495; x_wconf 86' lang='lat' dir='ltr'><strong>viam,</strong></span> <span class='ocrx_word' id='word_1_664' title='bbox 2004 5437 2057 5482; x_wconf 91' lang='lat' dir='ltr'><strong>et</strong></span> 
     </span>
    </p>
   </div>
   <div class='ocr_carea' id='block_1_97' title="bbox 481 5514 2052 5594">
    <p class='ocr_par' dir='ltr' id='par_1_97' title="bbox 481 5514 2052 5594">
     <span class='ocr_line' id='line_1_97' title="bbox 481 5514 2052 5594; baseline -0.008 -10"><span class='ocrx_word' id='word_1_665' title='bbox 481 5524 849 5594; x_wconf 85' lang='lat' dir='ltr'><strong>comparabo;</strong></span> <span class='ocrx_word' id='word_1_666' title='bbox 891 5527 937 5577; x_wconf 82' lang='lat' dir='ltr'><strong>si</strong></span> <span class='ocrx_word' id='word_1_667' title='bbox 984 5514 1114 5579; x_wconf 82' lang='lat' dir='ltr'><strong>vero</strong></span> <span class='ocrx_word' id='word_1_668' title='bbox 1161 5540 1193 5590; x_wconf 86' lang='lat' dir='ltr'><strong>a</strong></span> <span class='ocrx_word' id='word_1_669' title='bbox 1239 5538 1327 5577; x_wconf 90' lang='lat' dir='ltr'><strong>me</strong></span> <span class='ocrx_word' id='word_1_670' title='bbox 1375 5524 1477 5576; x_wconf 91' lang='lat' dir='ltr'><strong>hoc</strong></span> <span class='ocrx_word' id='word_1_671' title='bbox 1520 5521 1758 5588; x_wconf 78' lang='lat' dir='ltr'><strong>rogatis,</strong></span> <span class='ocrx_word' id='word_1_672' title='bbox 1808 5532 2052 5571; x_wconf 90' lang='lat' dir='ltr'><strong>meorum</strong></span> 
     </span>
    </p>
   </div>
   <div class='ocr_carea' id='block_1_98' title="bbox 483 5608 2055 5685">
    <p class='ocr_par' dir='ltr' id='par_1_98' title="bbox 483 5608 2055 5685">
     <span class='ocr_line' id='line_1_98' title="bbox 483 5608 2055 5685; baseline -0.009 -11"><span class='ocrx_word' id='word_1_673' title='bbox 483 5618 689 5674; x_wconf 86' lang='lat' dir='ltr'><strong>scilicet</strong></span> <span class='ocrx_word' id='word_1_674' title='bbox 715 5612 1071 5685; x_wconf 87' lang='lat' dir='ltr'><strong>perditionem</strong></span> <span class='ocrx_word' id='word_1_675' title='bbox 1104 5613 1373 5667; x_wconf 87' lang='lat' dir='ltr'><strong>bonorum</strong></span> <span class='ocrx_word' id='word_1_676' title='bbox 1395 5652 1410 5675; x_wconf 91' lang='lat'><strong>,</strong></span> <span class='ocrx_word' id='word_1_677' title='bbox 1442 5621 1502 5666; x_wconf 90' lang='lat' dir='ltr'><strong>ut</strong></span> <span class='ocrx_word' id='word_1_678' title='bbox 1542 5627 1641 5665; x_wconf 89' lang='lat' dir='ltr'><strong>vos</strong></span> <span class='ocrx_word' id='word_1_679' title='bbox 1675 5625 1793 5681; x_wconf 79' lang='lat' dir='ltr'><strong>quae</strong></span> <span class='ocrx_word' id='word_1_680' title='bbox 1833 5608 2055 5662; x_wconf 88' lang='lat' dir='ltr'><strong>minime</strong></span> 
     </span>
    </p>
   </div>
   <div class='ocr_carea' id='block_1_99' title="bbox 488 5700 2052 5769">
    <p class='ocr_par' dir='ltr' id='par_1_99' title="bbox 488 5700 2052 5769">
     <span class='ocr_line' id='line_1_99' title="bbox 488 5700 2052 5769; baseline -0.003 -12"><span class='ocrx_word' id='word_1_681' title='bbox 488 5705 630 5757; x_wconf 80' lang='lat' dir='ltr'><strong>bona</strong></span> <span class='ocrx_word' id='word_1_682' title='bbox 675 5715 802 5757; x_wconf 91' lang='lat' dir='ltr'><strong>sunt</strong></span> <span class='ocrx_word' id='word_1_683' title='bbox 861 5703 995 5755; x_wconf 89' lang='lat' dir='ltr'><strong>lucri</strong></span> <span class='ocrx_word' id='word_1_684' title='bbox 1039 5700 1285 5767; x_wconf 86' lang='lat' dir='ltr'><strong>faciatis,</strong></span> <span class='ocrx_word' id='word_1_685' title='bbox 1338 5703 1514 5757; x_wconf 89' lang='lat' dir='ltr'><strong>videte</strong></span> <span class='ocrx_word' id='word_1_686' title='bbox 1557 5717 1655 5755; x_wconf 89' lang='lat' dir='ltr'><strong>vos</strong></span> <span class='ocrx_word' id='word_1_687' title='bbox 1720 5700 1820 5769; x_wconf 89' lang='lat' dir='ltr'><strong>ipsi</strong></span> <span class='ocrx_word' id='word_1_688' title='bbox 1888 5714 2052 5768; x_wconf 90' lang='lat' dir='ltr'><strong>quam</strong></span> 
     </span>
    </p>
   </div>
   <div class='ocr_carea' id='block_1_100' title="bbox 491 5782 2053 5861">
    <p class='ocr_par' dir='ltr' id='par_1_100' title="bbox 491 5782 2053 5861">
     <span class='ocr_line' id='line_1_100' title="bbox 491 5782 2053 5861; baseline -0.004 -16"><span class='ocrx_word' id='word_1_689' title='bbox 491 5782 699 5861; x_wconf 82' lang='lat' dir='ltr'><strong>injusti,</strong></span> <span class='ocrx_word' id='word_1_690' title='bbox 731 5806 794 5844; x_wconf 88' lang='lat' dir='ltr'><strong>ac</strong></span> <span class='ocrx_word' id='word_1_691' title='bbox 824 5790 1001 5860; x_wconf 82' lang='lat' dir='ltr'><strong>ignavi</strong></span> <span class='ocrx_word' id='word_1_692' title='bbox 1026 5791 1165 5847; x_wconf 86' lang='lat' dir='ltr'><strong>sitis.</strong></span> <span class='ocrx_word' id='word_1_693' title='bbox 1216 5792 1356 5857; x_wconf 84' lang='lat' dir='ltr'><strong>Quid</strong></span> <span class='ocrx_word' id='word_1_694' title='bbox 1391 5808 1519 5848; x_wconf 80' lang='lat' dir='ltr'><strong>vero</strong></span> <span class='ocrx_word' id='word_1_695' title='bbox 1548 5792 1824 5853; x_wconf 82' lang='lat' dir='ltr'><strong>mavultis,</strong></span> <span class='ocrx_word' id='word_1_696' title='bbox 1859 5804 2053 5858; x_wconf 78' lang='lat' dir='ltr'><strong>argen-</strong></span> 
     </span>
    </p>
   </div>
   <div class='ocr_carea' id='block_1_101' title="bbox 2156 4574 3741 4657">
    <p class='ocr_par' dir='ltr' id='par_1_101' title="bbox 2156 4574 3741 4657">
     <span class='ocr_line' id='line_1_101' title="bbox 2156 4574 3741 4657; baseline -0.011 -14"><span class='ocrx_word' id='word_1_697' title='bbox 2156 4590 2408 4657; x_wconf 81' lang='grc' dir='ltr'>τίλέγεις</span> <span class='ocrx_word' id='word_1_698' title='bbox 2435 4587 2495 4639; x_wconf 85' lang='grc' dir='ltr'>τὸ</span> <span class='ocrx_word' id='word_1_699' title='bbox 2524 4583 2843 4654; x_wconf 74' lang='grc' dir='ltr'>ἀδοήθητοις</span> <span class='ocrx_word' id='word_1_700' title='bbox 2875 4581 2975 4651; x_wconf 74' lang='grc' dir='ltr'><strong>οὐχ</strong></span> <span class='ocrx_word' id='word_1_701' title='bbox 3000 4581 3180 4645; x_wconf 74' lang='grc' dir='ltr'>ἕξουσι</span> <span class='ocrx_word' id='word_1_702' title='bbox 3215 4578 3365 4649; x_wconf 80' lang='grc' dir='ltr'>παρὰ</span> <span class='ocrx_word' id='word_1_703' title='bbox 3393 4578 3492 4631; x_wconf 74' lang='grc' dir='ltr'><strong>σοῦ</strong></span> <span class='ocrx_word' id='word_1_704' title='bbox 3526 4574 3741 4644; x_wconf 62' lang='lat' dir='ltr'><strong>appi-</strong></span> 
     </span>
    </p>
   </div>
   <div class='ocr_carea' id='block_1_102' title="bbox 2155 4662 3740 4750">
    <p class='ocr_par' dir='ltr' id='par_1_102' title="bbox 2155 4662 3740 4750">
     <span class='ocr_line' id='line_1_102' title="bbox 2155 4662 3740 4750; baseline -0.013 -16"><span class='ocrx_word' id='word_1_705' title='bbox 2155 4697 2269 4734; x_wconf 87' lang='grc' dir='ltr'>τιον</span> <span class='ocrx_word' id='word_1_706' title='bbox 2315 4678 2350 4750; x_wconf 72' lang='grc' dir='ltr'><strong>ἢ</strong></span> <span class='ocrx_word' id='word_1_707' title='bbox 2385 4676 2671 4749; x_wconf 77' lang='grc' dir='ltr'>ἁργύριον.</span> <span class='ocrx_word' id='word_1_708' title='bbox 2720 4672 2857 4726; x_wconf 79' lang='grc' dir='ltr'><strong>Οὐδὲ</strong></span> <span class='ocrx_word' id='word_1_709' title='bbox 2914 4670 3139 4732; x_wconf 78' lang='grc' dir='ltr'>πολίτας</span> <span class='ocrx_word' id='word_1_710' title='bbox 3202 4662 3491 4738; x_wconf 76' lang='grc' dir='ltr'>Ῥωμαίων</span> <span class='ocrx_word' id='word_1_711' title='bbox 3531 4662 3740 4725; x_wconf 70' lang='grc' dir='ltr'>αὐτοὺς</span> 
     </span>
    </p>
   </div>
   <div class='ocr_carea' id='block_1_103' title="bbox 2130 4757 3742 4844">
    <p class='ocr_par' dir='ltr' id='par_1_103' title="bbox 2130 4757 3742 4844">
     <span class='ocr_line' id='line_1_103' title="bbox 2130 4757 3742 4844; baseline -0.014 -15"><span class='ocrx_word' id='word_1_712' title='bbox 2130 4772 2133 4777; x_wconf 80' lang='grc'><em>’</em></span> <span class='ocrx_word' id='word_1_713' title='bbox 2158 4773 2423 4844; x_wconf 85' lang='grc' dir='ltr'>ποιήσεις.</span> <span class='ocrx_word' id='word_1_714' title='bbox 2453 4771 2549 4835; x_wconf 86' lang='grc' dir='ltr'>Τίς</span> <span class='ocrx_word' id='word_1_715' title='bbox 2572 4764 2666 4824; x_wconf 82' lang='grc' dir='ltr'>οὖν</span> <span class='ocrx_word' id='word_1_716' title='bbox 2696 4785 2782 4821; x_wconf 90' lang='grc' dir='ltr'><strong>σοι</strong></span> <span class='ocrx_word' id='word_1_717' title='bbox 2804 4764 2976 4829; x_wconf 82' lang='grc' dir='ltr'>εἶπεν,</span> <span class='ocrx_word' id='word_1_718' title='bbox 3003 4765 3087 4818; x_wconf 85' lang='grc' dir='ltr'>ὅτι</span> <span class='ocrx_word' id='word_1_719' title='bbox 3124 4761 3297 4816; x_wconf 86' lang='grc' dir='ltr'>ταῦτα</span> <span class='ocrx_word' id='word_1_720' title='bbox 3335 4757 3449 4811; x_wconf 83' lang='grc' dir='ltr'><strong>τῶν</strong></span> <span class='ocrx_word' id='word_1_721' title='bbox 3476 4757 3565 4825; x_wconf 70' lang='grc' dir='ltr'><strong>ἐφ’</strong></span> <span class='ocrx_word' id='word_1_722' title='bbox 3606 4758 3742 4826; x_wconf 67' lang='grc' dir='ltr'>ἡμῖν</span> 
     </span>
    </p>
   </div>
   <div class='ocr_carea' id='block_1_104' title="bbox 2156 4848 3740 4933">
    <p class='ocr_par' dir='ltr' id='par_1_104' title="bbox 2156 4848 3740 4933">
     <span class='ocr_line' id='line_1_104' title="bbox 2156 4848 3740 4933; baseline -0.013 -15"><span class='ocrx_word' id='word_1_723' title='bbox 2156 4867 2326 4931; x_wconf 78' lang='grc' dir='ltr'>ἐστιν,</span> <span class='ocrx_word' id='word_1_724' title='bbox 2355 4863 2477 4933; x_wconf 66' lang='grc' dir='ltr'><strong>οὐχὶ</strong></span> <span class='ocrx_word' id='word_1_725' title='bbox 2496 4862 2549 4915; x_wconf 81' lang='grc' dir='ltr'>δὲ</span> <span class='ocrx_word' id='word_1_726' title='bbox 2581 4859 2841 4930; x_wconf 83' lang='grc' dir='ltr'>ἀλλότρια</span> <span class='ocrx_word' id='word_1_727' title='bbox 2873 4858 3042 4928; x_wconf 78' lang='grc' dir='ltr'>ἑργα;</span> <span class='ocrx_word' id='word_1_728' title='bbox 3072 4856 3169 4919; x_wconf 87' lang='grc' dir='ltr'>Τίς</span> <span class='ocrx_word' id='word_1_729' title='bbox 3197 4854 3254 4907; x_wconf 81' lang='grc' dir='ltr'><strong>δὲ</strong></span> <span class='ocrx_word' id='word_1_730' title='bbox 3284 4849 3473 4904; x_wconf 85' lang='grc' dir='ltr'>δοῦναι</span> <span class='ocrx_word' id='word_1_731' title='bbox 3508 4848 3740 4901; x_wconf 74' lang='grc' dir='ltr'>δύναται</span> 
     </span>
    </p>
   </div>
   <div class='ocr_carea' id='block_1_105' title="bbox 2157 4940 3738 5026">
    <p class='ocr_par' dir='ltr' id='par_1_105' title="bbox 2157 4940 3738 5026">
     <span class='ocr_line' id='line_1_105' title="bbox 2157 4940 3738 5026; baseline -0.013 -17"><span class='ocrx_word' id='word_1_732' title='bbox 2157 4957 2348 5026; x_wconf 74' lang='grc' dir='ltr'>ἑτέρῳ,</span> <span class='ocrx_word' id='word_1_733' title='bbox 2383 4953 2419 5008; x_wconf 79' lang='grc' dir='ltr'><strong>ἃ.</strong></span> <span class='ocrx_word' id='word_1_734' title='bbox 2452 4954 2527 5024; x_wconf 82' lang='grc' dir='ltr'>μὴ</span> <span class='ocrx_word' id='word_1_735' title='bbox 2550 4952 2663 5023; x_wconf 77' lang='grc' dir='ltr'>ἔχει</span> <span class='ocrx_word' id='word_1_736' title='bbox 2691 4951 2894 5015; x_wconf 76' lang='grc' dir='ltr'>αὐτόςς</span> <span class='ocrx_word' id='word_1_737' title='bbox 2928 4949 3141 5019; x_wconf 78' lang='grc' dir='ltr'>Κτῆσαι</span> <span class='ocrx_word' id='word_1_738' title='bbox 3164 4942 3279 5009; x_wconf 79' lang='grc' dir='ltr'>οὖν,</span> <span class='ocrx_word' id='word_1_739' title='bbox 3305 4942 3495 5011; x_wconf 77' lang='grc' dir='ltr'>φασὶν,</span> <span class='ocrx_word' id='word_1_740' title='bbox 3523 4940 3616 4993; x_wconf 83' lang='grc' dir='ltr'>ἶνα</span> <span class='ocrx_word' id='word_1_741' title='bbox 3646 4940 3738 4992; x_wconf 60' lang='grc' dir='ltr'><strong>καὶ</strong></span> 
     </span>
    </p>
   </div>
   <div class='ocr_carea' id='block_1_106' title="bbox 2157 5032 3737 5120">
    <p class='ocr_par' dir='ltr' id='par_1_106' title="bbox 2157 5032 3737 5120">
     <span class='ocr_line' id='line_1_106' title="bbox 2157 5032 3737 5120; baseline -0.012 -19"><span class='ocrx_word' id='word_1_742' title='bbox 2157 5050 2319 5120; x_wconf 78' lang='grc' dir='ltr'>ἡμεῖς</span> <span class='ocrx_word' id='word_1_743' title='bbox 2350 5045 2586 5117; x_wconf 77' lang='grc' dir='ltr'>ἔχωμεν,</span> <span class='ocrx_word' id='word_1_744' title='bbox 2616 5047 2651 5115; x_wconf 75' lang='grc' dir='ltr'>ἦ</span> <span class='ocrx_word' id='word_1_745' title='bbox 2682 5043 2921 5113; x_wconf 82' lang='grc' dir='ltr'>δύναμαι</span> <span class='ocrx_word' id='word_1_746' title='bbox 2966 5036 3273 5109; x_wconf 77' lang='grc' dir='ltr'>κτήσασθαι</span> <span class='ocrx_word' id='word_1_747' title='bbox 3311 5032 3497 5104; x_wconf 80' lang='grc' dir='ltr'>τηρῶν</span> <span class='ocrx_word' id='word_1_748' title='bbox 3546 5033 3737 5116; x_wconf 59' lang='grc' dir='ltr'>ἑαυτὸν</span> 
     </span>
    </p>
   </div>
   <div class='ocr_carea' id='block_1_107' title="bbox 2155 5123 3737 5211">
    <p class='ocr_par' dir='ltr' id='par_1_107' title="bbox 2155 5123 3737 5211">
     <span class='ocr_line' id='line_1_107' title="bbox 2155 5123 3737 5211; baseline -0.014 -17"><span class='ocrx_word' id='word_1_749' title='bbox 2155 5141 2278 5211; x_wconf 88' lang='grc' dir='ltr'>αἰδή</span> <span class='ocrx_word' id='word_1_750' title='bbox 2288 5156 2446 5211; x_wconf 81' lang='grc' dir='ltr'>μονα,</span> <span class='ocrx_word' id='word_1_751' title='bbox 2462 5140 2559 5191; x_wconf 72' lang='grc' dir='ltr'><strong>καὶ</strong></span> <span class='ocrx_word' id='word_1_752' title='bbox 2577 5136 2789 5200; x_wconf 85' lang='grc' dir='ltr'>πιστὸν,</span> <span class='ocrx_word' id='word_1_753' title='bbox 2809 5135 2905 5188; x_wconf 73' lang='grc' dir='ltr'><strong>καὶ</strong></span> <span class='ocrx_word' id='word_1_754' title='bbox 2923 5131 3323 5203; x_wconf 85' lang='grc' dir='ltr'>μεγαλόφρονα,</span> <span class='ocrx_word' id='word_1_755' title='bbox 3342 5123 3629 5179; x_wconf 76' lang='grc' dir='ltr'>δεικνύετε</span> <span class='ocrx_word' id='word_1_756' title='bbox 3644 5124 3737 5191; x_wconf 71' lang='grc' dir='ltr'>τὴν</span> 
     </span>
    </p>
   </div>
   <div class='ocr_carea' id='block_1_108' title="bbox 2155 5214 3737 5300">
    <p class='ocr_par' dir='ltr' id='par_1_108' title="bbox 2155 5214 3737 5300">
     <span class='ocr_line' id='line_1_108' title="bbox 2155 5214 3737 5300; baseline -0.013 -15"><span class='ocrx_word' id='word_1_757' title='bbox 2155 5232 2272 5285; x_wconf 77' lang='grc' dir='ltr'>ὁδὸν</span> <span class='ocrx_word' id='word_1_758' title='bbox 2293 5230 2387 5284; x_wconf 82' lang='grc' dir='ltr'><strong>καὶ</strong></span> <span class='ocrx_word' id='word_1_759' title='bbox 2408 5230 2695 5300; x_wconf 85' lang='grc' dir='ltr'>κτήσομαι,</span> <span class='ocrx_word' id='word_1_760' title='bbox 2722 5227 2769 5278; x_wconf 89' lang='grc' dir='ltr'><strong>εί</strong></span> <span class='ocrx_word' id='word_1_761' title='bbox 2792 5225 2848 5278; x_wconf 84' lang='grc' dir='ltr'><strong>δέ</strong></span> <span class='ocrx_word' id='word_1_762' title='bbox 2873 5241 2939 5295; x_wconf 88' lang='grc' dir='ltr'><strong>με</strong></span> <span class='ocrx_word' id='word_1_763' title='bbox 2962 5219 3179 5288; x_wconf 81' lang='grc' dir='ltr'>ἀξιοῦτε</span> <span class='ocrx_word' id='word_1_764' title='bbox 3193 5218 3263 5272; x_wconf 84' lang='grc' dir='ltr'><strong>τὰ</strong></span> <span class='ocrx_word' id='word_1_765' title='bbox 3278 5214 3465 5287; x_wconf 75' lang='grc' dir='ltr'>ἀγαθὰ</span> <span class='ocrx_word' id='word_1_766' title='bbox 3482 5215 3554 5267; x_wconf 79' lang='grc' dir='ltr'>τὰ</span> <span class='ocrx_word' id='word_1_767' title='bbox 3570 5217 3737 5284; x_wconf 69' lang='grc' dir='ltr'>ἐμαυ-</span> 
     </span>
    </p>
   </div>
   <div class='ocr_carea' id='block_1_109' title="bbox 2156 5301 3735 5387">
    <p class='ocr_par' dir='ltr' id='par_1_109' title="bbox 2156 5301 3735 5387">
     <span class='ocr_line' id='line_1_109' title="bbox 2156 5301 3735 5387; baseline -0.016 -8"><span class='ocrx_word' id='word_1_768' title='bbox 2156 5324 2252 5380; x_wconf 86' lang='grc' dir='ltr'><strong>τοῦ</strong></span> <span class='ocrx_word' id='word_1_769' title='bbox 2273 5323 2558 5386; x_wconf 79' lang='grc' dir='ltr'>ἀπολέσαι,</span> <span class='ocrx_word' id='word_1_770' title='bbox 2588 5319 2676 5372; x_wconf 80' lang='grc' dir='ltr'>ῐνα</span> <span class='ocrx_word' id='word_1_771' title='bbox 2697 5318 2854 5387; x_wconf 82' lang='grc' dir='ltr'>ὑμεῖς</span> <span class='ocrx_word' id='word_1_772' title='bbox 2868 5317 2938 5369; x_wconf 80' lang='grc' dir='ltr'>τὰ</span> <span class='ocrx_word' id='word_1_773' title='bbox 2974 5314 3050 5385; x_wconf 80' lang='grc' dir='ltr'>μὴ</span> <span class='ocrx_word' id='word_1_774' title='bbox 3073 5310 3254 5381; x_wconf 80' lang='grc' dir='ltr'>ἀγαθὰ</span> <span class='ocrx_word' id='word_1_775' title='bbox 3279 5301 3735 5379; x_wconf 73' lang='grc' dir='ltr'>περιποιήσησθε,</span> 
     </span>
    </p>
   </div>
   <div class='ocr_carea' id='block_1_110' title="bbox 2158 5394 3740 5489">
    <p class='ocr_par' dir='ltr' id='par_1_110' title="bbox 2158 5394 3740 5489">
     <span class='ocr_line' id='line_1_110' title="bbox 2158 5394 3740 5489; baseline -0.014 -20"><span class='ocrx_word' id='word_1_776' title='bbox 2158 5419 2321 5489; x_wconf 82' lang='grc' dir='ltr'>ὁρᾶτε</span> <span class='ocrx_word' id='word_1_777' title='bbox 2349 5416 2506 5486; x_wconf 77' lang='grc' dir='ltr'>ὑμεῖς</span> <span class='ocrx_word' id='word_1_778' title='bbox 2536 5412 2654 5474; x_wconf 81' lang='grc' dir='ltr'>πῶς</span> <span class='ocrx_word' id='word_1_779' title='bbox 2678 5408 2854 5464; x_wconf 84' lang='grc' dir='ltr'>ἄδικοί</span> <span class='ocrx_word' id='word_1_780' title='bbox 2888 5410 3032 5473; x_wconf 76' lang='grc' dir='ltr'>ἐστε,</span> <span class='ocrx_word' id='word_1_781' title='bbox 3064 5405 3161 5458; x_wconf 78' lang='grc' dir='ltr'><strong>καὶ</strong></span> <span class='ocrx_word' id='word_1_782' title='bbox 3189 5400 3535 5489; x_wconf 40' lang='grc' dir='ltr'>ἀγνώμονες,</span> <span class='ocrx_word' id='word_1_783' title='bbox 3575 5396 3645 5449; x_wconf 80' lang='grc' dir='ltr'>τί</span> 
     </span>
    </p>
   </div>
   <div class='ocr_carea' id='block_1_111' title="bbox 2159 5484 3738 5579">
    <p class='ocr_par' dir='ltr' id='par_1_111' title="bbox 2159 5484 3738 5579">
     <span class='ocr_line' id='line_1_111' title="bbox 2159 5484 3738 5579; baseline -0.018 -16"><span class='ocrx_word' id='word_1_784' title='bbox 2159 5484 2252 5564; x_wconf 74' lang='grc' dir='ltr'><strong>καὶ</strong></span> <span class='ocrx_word' id='word_1_785' title='bbox 2286 5484 2541 5579; x_wconf 82' lang='grc' dir='ltr'>βούλεσθε</span> <span class='ocrx_word' id='word_1_786' title='bbox 2579 5503 2809 5575; x_wconf 70' lang='grc' dir='ltr'>μᾶλλον,</span> <span class='ocrx_word' id='word_1_787' title='bbox 2823 5499 3104 5571; x_wconf 84' lang='grc' dir='ltr'>ἀργύριον,</span> <span class='ocrx_word' id='word_1_788' title='bbox 3132 5495 3166 5565; x_wconf 70' lang='grc' dir='ltr'>ἢ</span> <span class='ocrx_word' id='word_1_789' title='bbox 3198 5492 3352 5563; x_wconf 81' lang='grc' dir='ltr'>φίλον</span> <span class='ocrx_word' id='word_1_790' title='bbox 3389 5487 3607 5579; x_wconf 52' lang='grc' dir='ltr'>πιστον,</span> <span class='ocrx_word' id='word_1_791' title='bbox 3647 5484 3738 5537; x_wconf 68' lang='grc' dir='ltr'><strong>καὶ</strong></span> 
     </span>
    </p>
   </div>
   <div class='ocr_carea' id='block_1_112' title="bbox 2156 5578 3736 5670">
    <p class='ocr_par' dir='ltr' id='par_1_112' title="bbox 2156 5578 3736 5670">
     <span class='ocr_line' id='line_1_112' title="bbox 2156 5578 3736 5670; baseline -0.018 -15"><span class='ocrx_word' id='word_1_792' title='bbox 2156 5578 2462 5670; x_wconf 77' lang='grc' dir='ltr'>αἰδήμονα;</span> <span class='ocrx_word' id='word_1_793' title='bbox 2493 5600 2573 5660; x_wconf 85' lang='grc' dir='ltr'><strong>είς</strong></span> <span class='ocrx_word' id='word_1_794' title='bbox 2611 5593 2771 5648; x_wconf 86' lang='grc' dir='ltr'>τοῦτο</span> <span class='ocrx_word' id='word_1_795' title='bbox 2810 5587 2902 5642; x_wconf 79' lang='grc' dir='ltr'>οὖν</span> <span class='ocrx_word' id='word_1_796' title='bbox 2934 5604 3025 5658; x_wconf 82' lang='grc' dir='ltr'><strong>μοι</strong></span> <span class='ocrx_word' id='word_1_797' title='bbox 3067 5585 3269 5657; x_wconf 68' lang='grc' dir='ltr'>μᾶλλον</span> <span class='ocrx_word' id='word_1_798' title='bbox 3308 5578 3736 5670; x_wconf 70' lang='grc' dir='ltr'>συλλαμϐάνετε.</span> 
     </span>
    </p>
   </div>
   <div class='ocr_carea' id='block_1_113' title="bbox 2158 5668 3737 5760">
    <p class='ocr_par' dir='ltr' id='par_1_113' title="bbox 2158 5668 3737 5760">
     <span class='ocr_line' id='line_1_113' title="bbox 2158 5668 3737 5760; baseline -0.02 -13"><span class='ocrx_word' id='word_1_799' title='bbox 2158 5695 2249 5747; x_wconf 73' lang='grc' dir='ltr'><strong>καὶ</strong></span> <span class='ocrx_word' id='word_1_800' title='bbox 2267 5668 2355 5760; x_wconf 57' lang='grc' dir='ltr'>μὴ</span> <span class='ocrx_word' id='word_1_801' title='bbox 2383 5691 2451 5742; x_wconf 78' lang='grc' dir='ltr'><strong>δι’</strong></span> <span class='ocrx_word' id='word_1_802' title='bbox 2475 5683 2550 5742; x_wconf 82' lang='grc' dir='ltr'>ὧν</span> <span class='ocrx_word' id='word_1_803' title='bbox 2582 5682 2842 5740; x_wconf 83' lang='grc' dir='ltr'>ἀποϐαλῶ</span> <span class='ocrx_word' id='word_1_804' title='bbox 2860 5680 3000 5733; x_wconf 83' lang='grc' dir='ltr'>αὐτὰ</span> <span class='ocrx_word' id='word_1_805' title='bbox 3021 5676 3212 5739; x_wconf 85' lang='grc' dir='ltr'>ταῦτα,</span> <span class='ocrx_word' id='word_1_806' title='bbox 3246 5670 3432 5726; x_wconf 74' lang='grc' dir='ltr'>ἐκεῖνά</span> <span class='ocrx_word' id='word_1_807' title='bbox 3460 5686 3530 5741; x_wconf 88' lang='grc' dir='ltr'><strong>με</strong></span> 
     </span>
    </p>
   </div>
   <div class='ocr_carea' id='block_1_114' title="bbox 2162 5757 3736 5849">
    <p class='ocr_par' dir='ltr' id='par_1_114' title="bbox 2162 5757 3736 5849">
     <span class='ocr_line' id='line_1_114' title="bbox 2162 5757 3736 5849; baseline -0.02 -10"><span class='ocrx_word' id='word_1_808' title='bbox 2162 5757 2538 5849; x_wconf 12' lang='grc' dir='ltr'>σεινγὰξιοῦτε.</span> <span class='ocrx_word' id='word_1_809' title='bbox 2577 5778 2737 5831; x_wconf 79' lang='grc' dir='ltr'>Ἀλλὰ</span> <span class='ocrx_word' id='word_1_810' title='bbox 2779 5778 2813 5847; x_wconf 79' lang='grc' dir='ltr'><strong>ἡ</strong></span> <span class='ocrx_word' id='word_1_811' title='bbox 2853 5772 3071 5844; x_wconf 75' lang='grc' dir='ltr'>πατρὶς,</span> <span class='ocrx_word' id='word_1_812' title='bbox 3112 5766 3300 5838; x_wconf 63' lang='grc' dir='ltr'>φησιν,</span> <span class='ocrx_word' id='word_1_813' title='bbox 3331 5764 3457 5816; x_wconf 79' lang='grc' dir='ltr'>ὅσον</span> <span class='ocrx_word' id='word_1_814' title='bbox 3497 5763 3590 5814; x_wconf 62' lang='grc' dir='ltr'><strong>ἐπ’</strong></span> <span class='ocrx_word' id='word_1_815' title='bbox 3620 5757 3736 5829; x_wconf 68' lang='grc' dir='ltr'>ἐμοὶ</span> 
     </span>
    </p>
   </div>
  </div>
