  <div class='ocr_page' id='page_1' title='image "/cluster/home/n/w/nwhite01/storage/ocr_20150623/79/hvd.32044010610517/656.png"; bbox 0 0 3838 6056; ppageno 0'>
   <div class='ocr_carea' id='block_1_1' title="bbox 126 316 276 383">
    <p class='ocr_par' dir='ltr' id='par_1_1' title="bbox 126 316 276 383">
     <span class='ocr_line' id='line_1_1' title="bbox 126 316 276 383; baseline 0.013 -2"><span class='ocrx_word' id='word_1_1' title='bbox 126 316 276 383; x_wconf 75' lang='lat'><strong>1297</strong></span> 
     </span>
    </p>
   </div>
   <div class='ocr_carea' id='block_1_2' title="bbox 1416 325 2176 390">
    <p class='ocr_par' dir='ltr' id='par_1_2' title="bbox 1416 325 2176 390">
     <span class='ocr_line' id='line_1_2' title="bbox 1416 325 2176 390; baseline 0.004 -5"><span class='ocrx_word' id='word_1_2' title='bbox 1416 325 1761 387; x_wconf 87' lang='lat' dir='ltr'><strong>EPICTETI</strong></span> <span class='ocrx_word' id='word_1_3' title='bbox 1795 326 2176 390; x_wconf 81' lang='lat' dir='ltr'><strong>MANUALE.</strong></span> 
     </span>
    </p>
   </div>
   <div class='ocr_carea' id='block_1_3' title="bbox 3261 325 3394 389">
    <p class='ocr_par' dir='ltr' id='par_1_3' title="bbox 3261 325 3394 389">
     <span class='ocr_line' id='line_1_3' title="bbox 3261 325 3394 389; baseline 0.015 -2"><span class='ocrx_word' id='word_1_4' title='bbox 3261 325 3394 389; x_wconf 68' lang='lat'><strong>13298</strong></span> 
     </span>
    </p>
   </div>
   <div class='ocr_carea' id='block_1_4' title="bbox 123 437 1706 516">
    <p class='ocr_par' dir='ltr' id='par_1_4' title="bbox 123 437 1706 516">
     <span class='ocr_line' id='line_1_4' title="bbox 123 437 1706 516; baseline 0.003 -23"><span class='ocrx_word' id='word_1_5' title='bbox 123 439 438 511; x_wconf 76' lang='grc' dir='ltr'>ἀϐοήθητος</span> <span class='ocrx_word' id='word_1_6' title='bbox 466 438 639 493; x_wconf 69' lang='grc' dir='ltr'>ἔσται.</span> <span class='ocrx_word' id='word_1_7' title='bbox 671 437 840 494; x_wconf 80' lang='grc' dir='ltr'>Πάλιν</span> <span class='ocrx_word' id='word_1_8' title='bbox 872 439 1028 495; x_wconf 88' lang='grc' dir='ltr'>ποίαν</span> <span class='ocrx_word' id='word_1_9' title='bbox 1060 441 1156 496; x_wconf 64' lang='grc' dir='ltr'><strong>κα)⁸</strong></span> <span class='ocrx_word' id='word_1_10' title='bbox 1192 440 1392 512; x_wconf 81' lang='grc' dir='ltr'>ταύτην</span> <span class='ocrx_word' id='word_1_11' title='bbox 1422 441 1706 516; x_wconf 65' lang='grc' dir='ltr'>βοήθειαψς</span> 
     </span>
    </p>
   </div>
   <div class='ocr_carea' id='block_1_5' title="bbox 1811 437 3392 516">
    <p class='ocr_par' dir='ltr' id='par_1_5' title="bbox 1817 440 3392 505">
     <span class='ocr_line' id='line_1_5' title="bbox 1817 440 3392 505; baseline 0.001 -8"><span class='ocrx_word' id='word_1_12' title='bbox 1817 453 1952 505; x_wconf 85' lang='grc' dir='ltr'>ιυηι,</span> <span class='ocrx_word' id='word_1_13' title='bbox 1987 454 2081 499; x_wconf 90' lang='lat' dir='ltr'><strong>aut</strong></span> <span class='ocrx_word' id='word_1_14' title='bbox 2137 443 2372 497; x_wconf 89' lang='lat' dir='ltr'><strong>amicum</strong></span> <span class='ocrx_word' id='word_1_15' title='bbox 2405 440 2639 505; x_wconf 78' lang='lat' dir='ltr'><strong>fidelem,</strong></span> <span class='ocrx_word' id='word_1_16' title='bbox 2671 450 2724 494; x_wconf 92' lang='lat' dir='ltr'><strong>et</strong></span> <span class='ocrx_word' id='word_1_17' title='bbox 2755 440 3164 497; x_wconf 72' lang='lat' dir='ltr'><strong>verecundum?</strong></span> <span class='ocrx_word' id='word_1_18' title='bbox 3190 441 3256 495; x_wconf 90' lang='lat' dir='ltr'><strong>ad</strong></span> <span class='ocrx_word' id='word_1_19' title='bbox 3288 441 3392 499; x_wconf 78' lang='lat' dir='ltr'><strong>hoc</strong></span> 
     </span>
    </p>
   </div>
   <div class='ocr_carea' id='block_1_6' title="bbox 125 529 1702 603">
    <p class='ocr_par' dir='ltr' id='par_1_6' title="bbox 125 529 1702 603">
     <span class='ocr_line' id='line_1_6' title="bbox 125 529 1702 603; baseline 0.005 -21"><span class='ocrx_word' id='word_1_20' title='bbox 125 530 299 594; x_wconf 82' lang='grc' dir='ltr'>στοὰς</span> <span class='ocrx_word' id='word_1_21' title='bbox 330 529 428 601; x_wconf 82' lang='grc' dir='ltr'><strong>οὐχ</strong></span> <span class='ocrx_word' id='word_1_22' title='bbox 460 530 570 595; x_wconf 75' lang='grc' dir='ltr'>ἕξει</span> <span class='ocrx_word' id='word_1_23' title='bbox 602 530 690 584; x_wconf 80' lang='grc' dir='ltr'>διὰ</span> <span class='ocrx_word' id='word_1_24' title='bbox 720 531 799 597; x_wconf 81' lang='grc' dir='ltr'>σὲ,</span> <span class='ocrx_word' id='word_1_25' title='bbox 829 532 949 586; x_wconf 83' lang='grc' dir='ltr'>οὐδὲ</span> <span class='ocrx_word' id='word_1_26' title='bbox 979 531 1271 602; x_wconf 58' lang='lat' dir='ltr'><strong>palmata;</strong></span> <span class='ocrx_word' id='word_1_27' title='bbox 1305 534 1414 586; x_wconf 78' lang='lat' dir='ltr'><strong>Kal.</strong></span> <span class='ocrx_word' id='word_1_28' title='bbox 1441 535 1495 587; x_wconf 89' lang='grc' dir='ltr'><strong>τί</strong></span> <span class='ocrx_word' id='word_1_29' title='bbox 1516 536 1702 603; x_wconf 89' lang='grc' dir='ltr'>τοῦτο;</span> 
     </span>
    </p>
   </div>
   <div class='ocr_carea' id='block_1_7' title="bbox 124 618 1706 691">
    <p class='ocr_par' dir='ltr' id='par_1_7' title="bbox 124 618 1706 691">
     <span class='ocr_line' id='line_1_7' title="bbox 124 618 1706 691; baseline 0.006 -22"><span class='ocrx_word' id='word_1_30' title='bbox 124 619 271 672; x_wconf 81' lang='grc' dir='ltr'>Οὐδὲ</span> <span class='ocrx_word' id='word_1_31' title='bbox 308 618 416 691; x_wconf 87' lang='grc' dir='ltr'><strong>γὰρ</strong></span> <span class='ocrx_word' id='word_1_32' title='bbox 437 619 762 691; x_wconf 78' lang='grc' dir='ltr'>ὑποδήματα</span> <span class='ocrx_word' id='word_1_33' title='bbox 792 619 904 691; x_wconf 73' lang='grc' dir='ltr'>ἔχει</span> <span class='ocrx_word' id='word_1_34' title='bbox 924 618 1012 674; x_wconf 85' lang='grc' dir='ltr'><strong>διά</strong></span> <span class='ocrx_word' id='word_1_35' title='bbox 1038 620 1130 675; x_wconf 85' lang='grc' dir='ltr'><strong>τὸν</strong></span> <span class='ocrx_word' id='word_1_36' title='bbox 1162 622 1385 689; x_wconf 80' lang='grc' dir='ltr'><strong>σκυτέα,</strong></span> <span class='ocrx_word' id='word_1_37' title='bbox 1416 622 1535 677; x_wconf 83' lang='grc' dir='ltr'>οὐδὲ</span> <span class='ocrx_word' id='word_1_38' title='bbox 1566 624 1706 679; x_wconf 85' lang='grc' dir='ltr'>ὅπλα</span> 
     </span>
    </p>
   </div>
   <div class='ocr_carea' id='block_1_8' title="bbox 122 710 1703 786">
    <p class='ocr_par' dir='ltr' id='par_1_8' title="bbox 122 710 1703 786">
     <span class='ocr_line' id='line_1_8' title="bbox 122 710 1703 786; baseline 0.004 -22"><span class='ocrx_word' id='word_1_39' title='bbox 122 710 222 765; x_wconf 76' lang='grc' dir='ltr'>διὰ</span> <span class='ocrx_word' id='word_1_40' title='bbox 249 710 342 765; x_wconf 78' lang='grc' dir='ltr'>τὸν</span> <span class='ocrx_word' id='word_1_41' title='bbox 368 712 596 782; x_wconf 87' lang='grc' dir='ltr'>χαλκέα.</span> <span class='ocrx_word' id='word_1_42' title='bbox 638 711 842 765; x_wconf 83' lang='grc' dir='ltr'>Ἱκανὸν</span> <span class='ocrx_word' id='word_1_43' title='bbox 871 710 928 765; x_wconf 78' lang='grc' dir='ltr'>δὲ</span> <span class='ocrx_word' id='word_1_44' title='bbox 969 713 1036 766; x_wconf 81' lang='grc' dir='ltr'>ἂν</span> <span class='ocrx_word' id='word_1_45' title='bbox 1080 712 1310 779; x_wconf 78' lang='grc' dir='ltr'>ἕκαστος</span> <span class='ocrx_word' id='word_1_46' title='bbox 1358 714 1703 786; x_wconf 78' lang='grc' dir='ltr'><strong>ἐκπληρώσει</strong></span> 
     </span>
    </p>
   </div>
   <div class='ocr_carea' id='block_1_9' title="bbox 123 800 1700 874">
    <p class='ocr_par' dir='ltr' id='par_1_9' title="bbox 123 800 1700 874">
     <span class='ocr_line' id='line_1_9' title="bbox 123 800 1700 874; baseline 0.002 -20"><span class='ocrx_word' id='word_1_47' title='bbox 123 800 195 855; x_wconf 78' lang='grc' dir='ltr'>τὸ</span> <span class='ocrx_word' id='word_1_48' title='bbox 221 800 417 856; x_wconf 74' lang='grc' dir='ltr'>ἑαυτοῦ</span> <span class='ocrx_word' id='word_1_49' title='bbox 445 801 626 874; x_wconf 79' lang='grc' dir='ltr'>ἔργον.</span> <span class='ocrx_word' id='word_1_50' title='bbox 650 802 714 855; x_wconf 81' lang='lat' dir='ltr'><strong>El</strong></span> <span class='ocrx_word' id='word_1_51' title='bbox 734 801 791 855; x_wconf 86' lang='grc' dir='ltr'>δὲ</span> <span class='ocrx_word' id='word_1_52' title='bbox 812 800 969 856; x_wconf 77' lang='grc' dir='ltr'>ἄλλον</span> <span class='ocrx_word' id='word_1_53' title='bbox 988 801 1110 856; x_wconf 80' lang='grc' dir='ltr'>τινὰ</span> <span class='ocrx_word' id='word_1_54' title='bbox 1136 800 1274 874; x_wconf 80' lang='grc' dir='ltr'>αὐτὴ</span> <span class='ocrx_word' id='word_1_55' title='bbox 1300 802 1700 867; x_wconf 71' lang='grc' dir='ltr'><strong>κατεσκεύαζες</strong></span> 
     </span>
    </p>
   </div>
   <div class='ocr_carea' id='block_1_10' title="bbox 125 892 1696 966">
    <p class='ocr_par' dir='ltr' id='par_1_10' title="bbox 125 892 1696 966">
     <span class='ocr_line' id='line_1_10' title="bbox 125 892 1696 966; baseline 0.001 -19"><span class='ocrx_word' id='word_1_56' title='bbox 125 894 362 963; x_wconf 80' lang='grc' dir='ltr'>πολίτην</span> <span class='ocrx_word' id='word_1_57' title='bbox 388 893 597 956; x_wconf 82' lang='grc' dir='ltr'>πιστὸν,</span> <span class='ocrx_word' id='word_1_58' title='bbox 627 895 721 948; x_wconf 75' lang='grc' dir='ltr'><strong>καὶ</strong></span> <span class='ocrx_word' id='word_1_59' title='bbox 745 894 1031 965; x_wconf 80' lang='grc' dir='ltr'>αίδήμονα,</span> <span class='ocrx_word' id='word_1_60' title='bbox 1065 892 1217 948; x_wconf 83' lang='grc' dir='ltr'>οὐδὲν</span> <span class='ocrx_word' id='word_1_61' title='bbox 1248 894 1419 966; x_wconf 80' lang='grc' dir='ltr'>αὐτὴν</span> <span class='ocrx_word' id='word_1_62' title='bbox 1446 895 1696 966; x_wconf 85' lang='grc' dir='ltr'>ὠφέλεις·</span> 
     </span>
    </p>
   </div>
   <div class='ocr_carea' id='block_1_11' title="bbox 124 984 1699 1056">
    <p class='ocr_par' dir='ltr' id='par_1_11' title="bbox 124 984 1699 1056">
     <span class='ocr_line' id='line_1_11' title="bbox 124 984 1699 1056; baseline 0.003 -19"><span class='ocrx_word' id='word_1_63' title='bbox 124 986 246 1052; x_wconf 74' lang='grc' dir='ltr'>ναὶ,</span> <span class='ocrx_word' id='word_1_64' title='bbox 279 985 474 1040; x_wconf 85' lang='grc' dir='ltr'>οὐκοῦν</span> <span class='ocrx_word' id='word_1_65' title='bbox 507 984 682 1048; x_wconf 78' lang='grc' dir='ltr'>οὐδεὶς</span> <span class='ocrx_word' id='word_1_66' title='bbox 707 984 869 1038; x_wconf 82' lang='grc' dir='ltr'>αὐτὸν</span> <span class='ocrx_word' id='word_1_67' title='bbox 902 986 968 1039; x_wconf 83' lang='grc' dir='ltr'>ἂν</span> <span class='ocrx_word' id='word_1_68' title='bbox 995 984 1294 1056; x_wconf 80' lang='grc' dir='ltr'><strong>ὠφέλησεν,</strong></span> <span class='ocrx_word' id='word_1_69' title='bbox 1321 985 1355 1055; x_wconf 78' lang='grc' dir='ltr'><strong>ἢ</strong></span> <span class='ocrx_word' id='word_1_70' title='bbox 1382 986 1541 1056; x_wconf 82' lang='grc' dir='ltr'>αὐτή.</span> <span class='ocrx_word' id='word_1_71' title='bbox 1565 986 1699 1041; x_wconf 82' lang='grc' dir='ltr'>Τίνα</span> 
     </span>
    </p>
   </div>
   <div class='ocr_carea' id='block_1_12' title="bbox 124 1068 1703 1149">
    <p class='ocr_par' dir='ltr' id='par_1_12' title="bbox 124 1068 1703 1149">
     <span class='ocr_line' id='line_1_12' title="bbox 124 1068 1703 1149; baseline 0.002 -23"><span class='ocrx_word' id='word_1_72' title='bbox 124 1068 254 1138; x_wconf 81' lang='grc' dir='ltr'>οὖν,</span> <span class='ocrx_word' id='word_1_73' title='bbox 287 1074 474 1145; x_wconf 72' lang='grc' dir='ltr'>φησὶν,</span> <span class='ocrx_word' id='word_1_74' title='bbox 493 1073 600 1141; x_wconf 73' lang='grc' dir='ltr'><strong>ἔξω</strong></span> <span class='ocrx_word' id='word_1_75' title='bbox 628 1072 810 1145; x_wconf 86' lang='grc' dir='ltr'>χώραν</span> <span class='ocrx_word' id='word_1_76' title='bbox 841 1075 899 1128; x_wconf 84' lang='grc' dir='ltr'>ὲν</span> <span class='ocrx_word' id='word_1_77' title='bbox 923 1077 987 1147; x_wconf 79' lang='grc' dir='ltr'>τῇ</span> <span class='ocrx_word' id='word_1_78' title='bbox 1021 1076 1171 1129; x_wconf 88' lang='grc' dir='ltr'>πόλει</span> <span class='ocrx_word' id='word_1_79' title='bbox 1195 1093 1210 1143; x_wconf 88' lang='grc'><strong>;</strong></span> <span class='ocrx_word' id='word_1_80' title='bbox 1239 1077 1306 1146; x_wconf 78' lang='grc' dir='ltr'>ἢν</span> <span class='ocrx_word' id='word_1_81' title='bbox 1328 1078 1421 1130; x_wconf 82' lang='grc' dir='ltr'>ὲάν</span> <span class='ocrx_word' id='word_1_82' title='bbox 1436 1075 1565 1149; x_wconf 81' lang='grc' dir='ltr'>δύνῃ</span> <span class='ocrx_word' id='word_1_83' title='bbox 1601 1094 1703 1145; x_wconf 80' lang='grc' dir='ltr'>φυ-</span> 
     </span>
    </p>
   </div>
   <div class='ocr_carea' id='block_1_13' title="bbox 1809 534 3391 606">
    <p class='ocr_par' dir='ltr' id='par_1_13' title="bbox 1809 534 3391 606">
     <span class='ocr_line' id='line_1_13' title="bbox 1809 534 3391 606; baseline 0 -18"><span class='ocrx_word' id='word_1_84' title='bbox 1809 536 1989 606; x_wconf 88' lang='lat' dir='ltr'><strong>itaque</strong></span> <span class='ocrx_word' id='word_1_85' title='bbox 2031 536 2164 590; x_wconf 88' lang='lat' dir='ltr'><strong>mibi</strong></span> <span class='ocrx_word' id='word_1_86' title='bbox 2200 535 2372 605; x_wconf 81' lang='lat' dir='ltr'><strong>magis</strong></span> <span class='ocrx_word' id='word_1_87' title='bbox 2403 534 2768 605; x_wconf 89' lang='lat' dir='ltr'><strong>opitulemini,</strong></span> <span class='ocrx_word' id='word_1_88' title='bbox 2820 544 2874 589; x_wconf 91' lang='lat' dir='ltr'><strong>et</strong></span> <span class='ocrx_word' id='word_1_89' title='bbox 2904 550 2968 590; x_wconf 85' lang='lat' dir='ltr'><strong>ea</strong></span> <span class='ocrx_word' id='word_1_90' title='bbox 3025 534 3298 605; x_wconf 88' lang='lat' dir='ltr'><strong>postulate</strong></span> <span class='ocrx_word' id='word_1_91' title='bbox 3331 544 3391 590; x_wconf 90' lang='lat' dir='ltr'><strong>ut</strong></span> 
     </span>
    </p>
   </div>
   <div class='ocr_carea' id='block_1_14' title="bbox 1805 625 3387 696">
    <p class='ocr_par' dir='ltr' id='par_1_14' title="bbox 1805 625 3387 696">
     <span class='ocr_line' id='line_1_14' title="bbox 1805 625 3387 696; baseline -0.001 -17"><span class='ocrx_word' id='word_1_92' title='bbox 1805 626 2022 690; x_wconf 82' lang='lat' dir='ltr'><strong>faciam,</strong></span> <span class='ocrx_word' id='word_1_93' title='bbox 2044 642 2152 681; x_wconf 91' lang='lat' dir='ltr'><strong>non</strong></span> <span class='ocrx_word' id='word_1_94' title='bbox 2180 642 2306 681; x_wconf 88' lang='lat' dir='ltr'><strong>vero</strong></span> <span class='ocrx_word' id='word_1_95' title='bbox 2335 625 2445 693; x_wconf 91' lang='lat' dir='ltr'><strong>illa,</strong></span> <span class='ocrx_word' id='word_1_96' title='bbox 2467 640 2560 696; x_wconf 89' lang='lat' dir='ltr'><strong>per</strong></span> <span class='ocrx_word' id='word_1_97' title='bbox 2592 641 2713 695; x_wconf 74' lang='lat' dir='ltr'><strong>quae</strong></span> <span class='ocrx_word' id='word_1_98' title='bbox 2743 625 2855 681; x_wconf 65' lang='lat' dir='ltr'><strong>haec</strong></span> <span class='ocrx_word' id='word_1_99' title='bbox 2880 626 3067 680; x_wconf 88' lang='lat' dir='ltr'><strong>eadem</strong></span> <span class='ocrx_word' id='word_1_100' title='bbox 3112 625 3387 695; x_wconf 90' lang='lat' dir='ltr'><strong>abjiciam.</strong></span> 
     </span>
    </p>
   </div>
   <div class='ocr_carea' id='block_1_15' title="bbox 1805 714 3392 788">
    <p class='ocr_par' dir='ltr' id='par_1_15' title="bbox 1805 714 3392 788">
     <span class='ocr_line' id='line_1_15' title="bbox 1805 714 3392 788; baseline -0.001 -17"><span class='ocrx_word' id='word_1_101' title='bbox 1805 714 1908 771; x_wconf 87' lang='lat' dir='ltr'><strong>Sed</strong></span> <span class='ocrx_word' id='word_1_102' title='bbox 1936 717 2109 788; x_wconf 88' lang='lat' dir='ltr'><strong>patria</strong></span> <span class='ocrx_word' id='word_1_103' title='bbox 2160 716 2382 787; x_wconf 90' lang='lat' dir='ltr'><strong>(inquit)</strong></span> <span class='ocrx_word' id='word_1_104' title='bbox 2416 727 2681 788; x_wconf 88' lang='lat' dir='ltr'><strong>quantum</strong></span> <span class='ocrx_word' id='word_1_105' title='bbox 2736 717 2791 771; x_wconf 89' lang='lat' dir='ltr'><strong>in</strong></span> <span class='ocrx_word' id='word_1_106' title='bbox 2848 730 2934 771; x_wconf 91' lang='lat' dir='ltr'><strong>me</strong></span> <span class='ocrx_word' id='word_1_107' title='bbox 2986 726 3069 770; x_wconf 90' lang='lat' dir='ltr'><strong>est</strong></span> <span class='ocrx_word' id='word_1_108' title='bbox 3096 716 3261 787; x_wconf 78' lang='lat'><strong>338</strong></span> <span class='ocrx_word' id='word_1_109' title='bbox 3286 716 3392 770; x_wconf 84' lang='lat' dir='ltr'><strong>erit</strong></span> 
     </span>
    </p>
   </div>
   <div class='ocr_carea' id='block_1_16' title="bbox 1804 804 3388 877">
    <p class='ocr_par' dir='ltr' id='par_1_16' title="bbox 1804 804 3388 877">
     <span class='ocr_line' id='line_1_16' title="bbox 1804 804 3388 877; baseline -0.002 -15"><span class='ocrx_word' id='word_1_110' title='bbox 1804 809 2010 877; x_wconf 84' lang='lat' dir='ltr'><strong>absque</strong></span> <span class='ocrx_word' id='word_1_111' title='bbox 2083 807 2415 877; x_wconf 87' lang='lat' dir='ltr'><strong>adjumento.</strong></span> <span class='ocrx_word' id='word_1_112' title='bbox 2472 806 2709 861; x_wconf 80' lang='lat' dir='ltr'><strong>Rursum</strong></span> <span class='ocrx_word' id='word_1_113' title='bbox 2770 807 2931 876; x_wconf 87' lang='lat' dir='ltr'><strong>quale</strong></span> <span class='ocrx_word' id='word_1_114' title='bbox 2978 814 3033 861; x_wconf 92' lang='lat' dir='ltr'><strong>et</strong></span> <span class='ocrx_word' id='word_1_115' title='bbox 3080 806 3183 859; x_wconf 83' lang='lat' dir='ltr'><strong>hoc</strong></span> <span class='ocrx_word' id='word_1_116' title='bbox 3230 804 3388 874; x_wconf 81' lang='lat' dir='ltr'><strong>adju-</strong></span> 
     </span>
    </p>
   </div>
   <div class='ocr_carea' id='block_1_17' title="bbox 1805 894 3389 969">
    <p class='ocr_par' dir='ltr' id='par_1_17' title="bbox 1805 894 3389 969">
     <span class='ocr_line' id='line_1_17' title="bbox 1805 894 3389 969; baseline -0.004 -16"><span class='ocrx_word' id='word_1_117' title='bbox 1805 898 2088 953; x_wconf 84' lang='lat' dir='ltr'><strong>mentum?</strong></span> <span class='ocrx_word' id='word_1_118' title='bbox 2120 899 2370 954; x_wconf 81' lang='lat' dir='ltr'><strong>Porticus</strong></span> <span class='ocrx_word' id='word_1_119' title='bbox 2387 914 2480 969; x_wconf 92' lang='lat' dir='ltr'><strong>per</strong></span> <span class='ocrx_word' id='word_1_120' title='bbox 2506 908 2557 953; x_wconf 92' lang='lat' dir='ltr'><strong>te</strong></span> <span class='ocrx_word' id='word_1_121' title='bbox 2588 914 2694 967; x_wconf 87' lang='lat' dir='ltr'><strong>non</strong></span> <span class='ocrx_word' id='word_1_122' title='bbox 2715 898 2945 962; x_wconf 86' lang='lat' dir='ltr'><strong>habebit,</strong></span> <span class='ocrx_word' id='word_1_123' title='bbox 2963 912 3136 966; x_wconf 90' lang='lat' dir='ltr'><strong>neque</strong></span> <span class='ocrx_word' id='word_1_124' title='bbox 3166 894 3389 951; x_wconf 88' lang='lat' dir='ltr'><strong>balnea?</strong></span> 
     </span>
    </p>
   </div>
   <div class='ocr_carea' id='block_1_18' title="bbox 1804 989 3388 1062">
    <p class='ocr_par' dir='ltr' id='par_1_18' title="bbox 1804 989 3388 1062">
     <span class='ocr_line' id='line_1_18' title="bbox 1804 989 3388 1062; baseline -0.003 -18"><span class='ocrx_word' id='word_1_125' title='bbox 1804 989 1871 1045; x_wconf 90' lang='lat' dir='ltr'><strong>Et</strong></span> <span class='ocrx_word' id='word_1_126' title='bbox 1917 991 2046 1061; x_wconf 92' lang='lat' dir='ltr'><strong>quid</strong></span> <span class='ocrx_word' id='word_1_127' title='bbox 2096 992 2234 1047; x_wconf 82' lang='lat' dir='ltr'><strong>hoc?</strong></span> <span class='ocrx_word' id='word_1_128' title='bbox 2286 992 2413 1062; x_wconf 87' lang='lat' dir='ltr'><strong>quia</strong></span> <span class='ocrx_word' id='word_1_129' title='bbox 2456 1007 2650 1061; x_wconf 86' lang='lat' dir='ltr'><strong>nempe</strong></span> <span class='ocrx_word' id='word_1_130' title='bbox 2709 992 3077 1046; x_wconf 88' lang='lat' dir='ltr'><strong>calceamenta</strong></span> <span class='ocrx_word' id='word_1_131' title='bbox 3127 1004 3235 1042; x_wconf 88' lang='lat' dir='ltr'><strong>non</strong></span> <span class='ocrx_word' id='word_1_132' title='bbox 3293 1004 3388 1058; x_wconf 86' lang='lat' dir='ltr'><strong>per</strong></span> 
     </span>
    </p>
   </div>
   <div class='ocr_carea' id='block_1_19' title="bbox 1806 1079 3382 1154">
    <p class='ocr_par' dir='ltr' id='par_1_19' title="bbox 1806 1079 3382 1154">
     <span class='ocr_line' id='line_1_19' title="bbox 1806 1079 3382 1154; baseline -0.003 -15"><span class='ocrx_word' id='word_1_133' title='bbox 1806 1093 2068 1148; x_wconf 80' lang='lat' dir='ltr'><strong>sutorem,</strong></span> <span class='ocrx_word' id='word_1_134' title='bbox 2122 1099 2295 1154; x_wconf 86' lang='lat' dir='ltr'><strong>neque</strong></span> <span class='ocrx_word' id='word_1_135' title='bbox 2328 1098 2480 1139; x_wconf 87' lang='lat' dir='ltr'><strong>arma</strong></span> <span class='ocrx_word' id='word_1_136' title='bbox 2513 1098 2609 1153; x_wconf 91' lang='lat' dir='ltr'><strong>per</strong></span> <span class='ocrx_word' id='word_1_137' title='bbox 2660 1082 2872 1137; x_wconf 80' lang='lat' dir='ltr'><strong>fabrum</strong></span> <span class='ocrx_word' id='word_1_138' title='bbox 2906 1080 3159 1136; x_wconf 75' lang='lat' dir='ltr'><strong>aerarium</strong></span> <span class='ocrx_word' id='word_1_139' title='bbox 3197 1079 3382 1135; x_wconf 83' lang='lat' dir='ltr'><strong>habet.</strong></span> 
     </span>
    </p>
   </div>
   <div class='ocr_carea' id='block_1_20' title="bbox 123 1162 1706 1245">
    <p class='ocr_par' dir='ltr' id='par_1_20' title="bbox 123 1162 1703 1237">
     <span class='ocr_line' id='line_1_20' title="bbox 123 1162 1703 1237; baseline 0.003 -21"><span class='ocrx_word' id='word_1_140' title='bbox 123 1162 344 1219; x_wconf 84' lang='grc' dir='ltr'>λάττων</span> <span class='ocrx_word' id='word_1_141' title='bbox 382 1165 497 1235; x_wconf 78' lang='grc' dir='ltr'><strong>ἅμα</strong></span> <span class='ocrx_word' id='word_1_142' title='bbox 544 1164 606 1218; x_wconf 80' lang='grc' dir='ltr'>σὲ</span> <span class='ocrx_word' id='word_1_143' title='bbox 659 1165 822 1220; x_wconf 82' lang='grc' dir='ltr'>αὐτὸν</span> <span class='ocrx_word' id='word_1_144' title='bbox 871 1166 1061 1219; x_wconf 84' lang='grc' dir='ltr'>πιστὸν</span> <span class='ocrx_word' id='word_1_145' title='bbox 1102 1168 1195 1220; x_wconf 79' lang='grc' dir='ltr'>καὶ</span> <span class='ocrx_word' id='word_1_146' title='bbox 1239 1165 1523 1237; x_wconf 80' lang='grc' dir='ltr'>αἰδήμονα.</span> <span class='ocrx_word' id='word_1_147' title='bbox 1551 1168 1613 1220; x_wconf 78' lang='lat' dir='ltr'><strong>El</strong></span> <span class='ocrx_word' id='word_1_148' title='bbox 1645 1167 1703 1221; x_wconf 77' lang='grc' dir='ltr'><strong>δὲ</strong></span> 
     </span>
    </p>
   </div>
   <div class='ocr_carea' id='block_1_21' title="bbox 1811 1162 3383 1245">
    <p class='ocr_par' dir='ltr' id='par_1_21' title="bbox 1811 1169 3383 1245">
     <span class='ocr_line' id='line_1_21' title="bbox 1811 1169 3383 1245; baseline -0.003 -15"><span class='ocrx_word' id='word_1_149' title='bbox 1811 1173 2048 1230; x_wconf 82' lang='lat' dir='ltr'><strong>Sufﬁciet</strong></span> <span class='ocrx_word' id='word_1_150' title='bbox 2072 1183 2251 1230; x_wconf 89' lang='lat' dir='ltr'><strong>autem</strong></span> <span class='ocrx_word' id='word_1_151' title='bbox 2284 1174 2331 1230; x_wconf 93' lang='lat' dir='ltr'><strong>si</strong></span> <span class='ocrx_word' id='word_1_152' title='bbox 2371 1174 2749 1245; x_wconf 89' lang='lat' dir='ltr'><strong>unusquisque</strong></span> <span class='ocrx_word' id='word_1_153' title='bbox 2797 1189 2957 1229; x_wconf 83' lang='lat' dir='ltr'><strong>suum</strong></span> <span class='ocrx_word' id='word_1_154' title='bbox 2981 1169 3383 1242; x_wconf 85' lang='lat' dir='ltr'><strong>&#39;adimpleverit</strong></span> 
     </span>
    </p>
   </div>
   <div class='ocr_carea' id='block_1_22' title="bbox 128 1256 1703 1329">
    <p class='ocr_par' dir='ltr' id='par_1_22' title="bbox 128 1256 1703 1329">
     <span class='ocr_line' id='line_1_22' title="bbox 128 1256 1703 1329; baseline 0.001 -20"><span class='ocrx_word' id='word_1_155' title='bbox 128 1256 355 1327; x_wconf 70' lang='grc' dir='ltr'>ἐκείνην</span> <span class='ocrx_word' id='word_1_156' title='bbox 381 1256 609 1326; x_wconf 86' lang='grc' dir='ltr'>ὠφελεῖν</span> <span class='ocrx_word' id='word_1_157' title='bbox 630 1256 955 1329; x_wconf 83' lang='grc' dir='ltr'>βουλόμενος</span> <span class='ocrx_word' id='word_1_158' title='bbox 979 1257 1304 1319; x_wconf 82' lang='grc' dir='ltr'>ἀποόάλλεις</span> <span class='ocrx_word' id='word_1_159' title='bbox 1338 1257 1531 1322; x_wconf 86' lang='grc' dir='ltr'>ταῦτα,</span> <span class='ocrx_word' id='word_1_160' title='bbox 1556 1257 1608 1312; x_wconf 93' lang='grc' dir='ltr'><strong>τί</strong></span> <span class='ocrx_word' id='word_1_161' title='bbox 1642 1258 1703 1311; x_wconf 71' lang='grc' dir='ltr'>τί)</span> 
     </span>
    </p>
   </div>
   <div class='ocr_carea' id='block_1_23' title="bbox 129 1348 1700 1422">
    <p class='ocr_par' dir='ltr' id='par_1_23' title="bbox 129 1348 1700 1422">
     <span class='ocr_line' id='line_1_23' title="bbox 129 1348 1700 1422; baseline 0.003 -21"><span class='ocrx_word' id='word_1_162' title='bbox 129 1348 328 1417; x_wconf 73' lang='grc' dir='ltr'>ὄφελος</span> <span class='ocrx_word' id='word_1_163' title='bbox 347 1348 413 1402; x_wconf 77' lang='grc' dir='ltr'>ἂν</span> <span class='ocrx_word' id='word_1_164' title='bbox 445 1349 582 1422; x_wconf 83' lang='grc' dir='ltr'>αὐτῇ</span> <span class='ocrx_word' id='word_1_165' title='bbox 612 1348 842 1417; x_wconf 85' lang='grc' dir='ltr'>γένοισο,</span> <span class='ocrx_word' id='word_1_166' title='bbox 867 1348 1110 1421; x_wconf 84' lang='grc' dir='ltr'>ἀναιδὴς,</span> <span class='ocrx_word' id='word_1_167' title='bbox 1136 1350 1231 1403; x_wconf 75' lang='grc' dir='ltr'><strong>καὶ</strong></span> <span class='ocrx_word' id='word_1_168' title='bbox 1262 1350 1487 1415; x_wconf 80' lang='grc' dir='ltr'>ἄπιστος</span> <span class='ocrx_word' id='word_1_169' title='bbox 1514 1352 1700 1405; x_wconf 85' lang='grc' dir='ltr'>ἀποτε-</span> 
     </span>
    </p>
   </div>
   <div class='ocr_carea' id='block_1_24' title="bbox 130 1438 370 1505">
    <p class='ocr_par' dir='ltr' id='par_1_24' title="bbox 130 1438 370 1505">
     <span class='ocr_line' id='line_1_24' title="bbox 130 1438 370 1505; baseline 0.013 -13"><span class='ocrx_word' id='word_1_170' title='bbox 130 1438 370 1505; x_wconf 80' lang='grc' dir='ltr'>λεσθείς.</span> 
     </span>
    </p>
   </div>
   <div class='ocr_carea' id='block_1_25' title="bbox 1804 1262 3387 1339">
    <p class='ocr_par' dir='ltr' id='par_1_25' title="bbox 1804 1262 3387 1339">
     <span class='ocr_line' id='line_1_25' title="bbox 1804 1262 3387 1339; baseline -0.001 -20"><span class='ocrx_word' id='word_1_171' title='bbox 1804 1280 1945 1335; x_wconf 91' lang='lat' dir='ltr'><strong>0pus</strong></span> <span class='ocrx_word' id='word_1_172' title='bbox 1976 1282 1991 1319; x_wconf 90' lang='lat'><strong>:</strong></span> <span class='ocrx_word' id='word_1_173' title='bbox 2024 1265 2069 1321; x_wconf 87' lang='lat' dir='ltr'><strong>si</strong></span> <span class='ocrx_word' id='word_1_174' title='bbox 2111 1280 2241 1321; x_wconf 89' lang='lat' dir='ltr'><strong>vero</strong></span> <span class='ocrx_word' id='word_1_175' title='bbox 2267 1264 2504 1336; x_wconf 89' lang='lat' dir='ltr'><strong>aliquem</strong></span> <span class='ocrx_word' id='word_1_176' title='bbox 2546 1264 2724 1339; x_wconf 39' lang='lat' dir='ltr'><strong>(alium</strong></span> <span class='ocrx_word' id='word_1_177' title='bbox 2768 1265 2941 1320; x_wconf 87' lang='lat' dir='ltr'><strong>civem</strong></span> <span class='ocrx_word' id='word_1_178' title='bbox 2981 1263 3084 1334; x_wconf 88' lang='lat' dir='ltr'><strong>ipsi</strong></span> <span class='ocrx_word' id='word_1_179' title='bbox 3138 1262 3387 1318; x_wconf 82' lang='lat' dir='ltr'><strong>efficeres</strong></span> 
     </span>
    </p>
   </div>
   <div class='ocr_carea' id='block_1_26' title="bbox 1802 1353 3391 1425">
    <p class='ocr_par' dir='ltr' id='par_1_26' title="bbox 1802 1353 3391 1425">
     <span class='ocr_line' id='line_1_26' title="bbox 1802 1353 3391 1425; baseline 0.001 -15"><span class='ocrx_word' id='word_1_180' title='bbox 1802 1355 2037 1421; x_wconf 86' lang='lat' dir='ltr'><strong>fidelem,</strong></span> <span class='ocrx_word' id='word_1_181' title='bbox 2090 1370 2155 1411; x_wconf 91' lang='lat' dir='ltr'><strong>ac</strong></span> <span class='ocrx_word' id='word_1_182' title='bbox 2194 1355 2537 1425; x_wconf 87' lang='lat' dir='ltr'><strong>prudentem,</strong></span> <span class='ocrx_word' id='word_1_183' title='bbox 2571 1354 2709 1410; x_wconf 85' lang='lat' dir='ltr'><strong>nihil</strong></span> <span class='ocrx_word' id='word_1_184' title='bbox 2760 1364 2819 1409; x_wconf 92' lang='lat' dir='ltr'><strong>tu</strong></span> <span class='ocrx_word' id='word_1_185' title='bbox 2866 1355 3011 1409; x_wconf 88' lang='lat' dir='ltr'><strong>illam</strong></span> <span class='ocrx_word' id='word_1_186' title='bbox 3070 1353 3391 1425; x_wconf 57' lang='lat' dir='ltr'><strong>adjuvares.</strong></span> 
     </span>
    </p>
   </div>
   <div class='ocr_carea' id='block_1_27' title="bbox 1805 1446 3381 1518">
    <p class='ocr_par' dir='ltr' id='par_1_27' title="bbox 1805 1446 3381 1518">
     <span class='ocr_line' id='line_1_27' title="bbox 1805 1446 3381 1518; baseline -0.001 -18"><span class='ocrx_word' id='word_1_187' title='bbox 1805 1447 2050 1517; x_wconf 85' lang='lat' dir='ltr'><strong>profecto</strong></span> <span class='ocrx_word' id='word_1_188' title='bbox 2087 1447 2243 1514; x_wconf 84' lang='lat' dir='ltr'><strong>nihil,</strong></span> <span class='ocrx_word' id='word_1_189' title='bbox 2277 1447 2545 1518; x_wconf 84' lang='lat' dir='ltr'><strong>siquidem</strong></span> <span class='ocrx_word' id='word_1_190' title='bbox 2576 1446 2760 1502; x_wconf 88' lang='lat' dir='ltr'><strong>nullus</strong></span> <span class='ocrx_word' id='word_1_191' title='bbox 2796 1446 2971 1516; x_wconf 92' lang='lat' dir='ltr'><strong>ipsum</strong></span> <span class='ocrx_word' id='word_1_192' title='bbox 3000 1446 3165 1515; x_wconf 89' lang='lat' dir='ltr'><strong>juvit,</strong></span> <span class='ocrx_word' id='word_1_193' title='bbox 3212 1459 3381 1516; x_wconf 90' lang='lat' dir='ltr'><strong>quam</strong></span> 
     </span>
    </p>
   </div>
   <div class='ocr_carea' id='block_1_28' title="bbox 136 1535 3386 1615">
    <p class='ocr_par' dir='ltr' id='par_1_28' title="bbox 136 1535 3386 1615">
     <span class='ocr_line' id='line_1_28' title="bbox 136 1535 3386 1615; baseline 0.001 -24"><span class='ocrx_word' id='word_1_194' title='bbox 136 1537 235 1592; x_wconf 85' lang='lat' dir='ltr'><strong>illa</strong></span> <span class='ocrx_word' id='word_1_195' title='bbox 280 1536 490 1592; x_wconf 89' lang='lat' dir='ltr'><strong>eadem.</strong></span> <span class='ocrx_word' id='word_1_196' title='bbox 521 1536 822 1603; x_wconf 87' lang='lat' dir='ltr'><strong>Quemnam</strong></span> <span class='ocrx_word' id='word_1_197' title='bbox 854 1537 1037 1607; x_wconf 89' lang='lat' dir='ltr'><strong>itaque</strong></span> <span class='ocrx_word' id='word_1_198' title='bbox 1065 1537 1185 1607; x_wconf 89' lang='lat' dir='ltr'><strong>(ait)</strong></span> <span class='ocrx_word' id='word_1_199' title='bbox 1237 1536 1491 1593; x_wconf 91' lang='lat' dir='ltr'><strong>obtinebo</strong></span> <span class='ocrx_word' id='word_1_200' title='bbox 1530 1535 1730 1615; x_wconf 38' lang='lat' dir='ltr'><strong>.locum</strong></span> <span class='ocrx_word' id='word_1_201' title='bbox 1770 1541 1825 1595; x_wconf 91' lang='lat' dir='ltr'><strong>in</strong></span> <span class='ocrx_word' id='word_1_202' title='bbox 1896 1540 2146 1597; x_wconf 83' lang='lat' dir='ltr'><strong>civitate?</strong></span> <span class='ocrx_word' id='word_1_203' title='bbox 2184 1541 2573 1612; x_wconf 86' lang='lat' dir='ltr'><strong>Quemcunque</strong></span> <span class='ocrx_word' id='word_1_204' title='bbox 2626 1540 2888 1611; x_wconf 80' lang='lat' dir='ltr'><strong>potueris,</strong></span> <span class='ocrx_word' id='word_1_205' title='bbox 2944 1540 3256 1596; x_wconf 84' lang='lat' dir='ltr'><strong>custodiens</strong></span> <span class='ocrx_word' id='word_1_206' title='bbox 3308 1547 3386 1593; x_wconf 85' lang='lat' dir='ltr'><strong>te-</strong></span> 
     </span>
    </p>
   </div>
   <div class='ocr_carea' id='block_1_29' title="bbox 133 1622 3384 1704">
    <p class='ocr_par' dir='ltr' id='par_1_29' title="bbox 133 1622 3384 1704">
     <span class='ocr_line' id='line_1_29' title="bbox 133 1622 3384 1704; baseline -0.001 -19"><span class='ocrx_word' id='word_1_207' title='bbox 133 1622 318 1701; x_wconf 80' lang='lat' dir='ltr'><strong>ipsum</strong></span> <span class='ocrx_word' id='word_1_208' title='bbox 346 1623 580 1695; x_wconf 78' lang='lat' dir='ltr'><strong>ﬁdelem,</strong></span> <span class='ocrx_word' id='word_1_209' title='bbox 611 1639 665 1685; x_wconf 88' lang='lat' dir='ltr'><strong>et</strong></span> <span class='ocrx_word' id='word_1_210' title='bbox 690 1629 1078 1685; x_wconf 85' lang='lat' dir='ltr'><strong>verecundum.</strong></span> <span class='ocrx_word' id='word_1_211' title='bbox 1124 1627 1181 1684; x_wconf 88' lang='lat' dir='ltr'><strong>Si</strong></span> <span class='ocrx_word' id='word_1_212' title='bbox 1215 1644 1344 1685; x_wconf 91' lang='lat' dir='ltr'><strong>vero</strong></span> <span class='ocrx_word' id='word_1_213' title='bbox 1375 1631 1563 1686; x_wconf 89' lang='lat' dir='ltr'><strong>volens</strong></span> <span class='ocrx_word' id='word_1_214' title='bbox 1595 1632 1743 1687; x_wconf 85' lang='lat' dir='ltr'><strong>utilis</strong></span> <span class='ocrx_word' id='word_1_215' title='bbox 1775 1647 1898 1688; x_wconf 90' lang='lat' dir='ltr'><strong>esse</strong></span> <span class='ocrx_word' id='word_1_216' title='bbox 1939 1632 2038 1699; x_wconf 91' lang='lat' dir='ltr'><strong>illi,</strong></span> <span class='ocrx_word' id='word_1_217' title='bbox 2088 1632 2304 1704; x_wconf 87' lang='lat' dir='ltr'><strong>rejicias</strong></span> <span class='ocrx_word' id='word_1_218' title='bbox 2350 1634 2473 1697; x_wconf 90' lang='lat' dir='ltr'><strong>ista,</strong></span> <span class='ocrx_word' id='word_1_219' title='bbox 2526 1632 2805 1703; x_wconf 88' lang='lat' dir='ltr'><strong>quodnam</strong></span> <span class='ocrx_word' id='word_1_220' title='bbox 2859 1630 2962 1702; x_wconf 90' lang='lat' dir='ltr'><strong>ipsi</strong></span> <span class='ocrx_word' id='word_1_221' title='bbox 3006 1630 3384 1702; x_wconf 84' lang='lat' dir='ltr'><strong>juvamentum</strong></span> 
     </span>
    </p>
   </div>
   <div class='ocr_carea' id='block_1_30' title="bbox 136 1724 1809 1796">
    <p class='ocr_par' dir='ltr' id='par_1_30' title="bbox 136 1724 1809 1796">
     <span class='ocr_line' id='line_1_30' title="bbox 136 1724 1809 1796; baseline 0.001 -16"><span class='ocrx_word' id='word_1_222' title='bbox 136 1724 453 1794; x_wconf 71' lang='lat' dir='ltr'><strong>praestabis,</strong></span> <span class='ocrx_word' id='word_1_223' title='bbox 482 1740 607 1780; x_wconf 89' lang='lat' dir='ltr'><strong>cum</strong></span> <span class='ocrx_word' id='word_1_224' title='bbox 642 1725 760 1796; x_wconf 89' lang='lat' dir='ltr'><strong>ipse</strong></span> <span class='ocrx_word' id='word_1_225' title='bbox 787 1725 1029 1781; x_wconf 80' lang='lat' dir='ltr'><strong>evaseris</strong></span> <span class='ocrx_word' id='word_1_226' title='bbox 1065 1725 1376 1796; x_wconf 86' lang='lat' dir='ltr'><strong>impudens,</strong></span> <span class='ocrx_word' id='word_1_227' title='bbox 1417 1741 1483 1783; x_wconf 86' lang='lat' dir='ltr'><strong>ac</strong></span> <span class='ocrx_word' id='word_1_228' title='bbox 1534 1726 1809 1782; x_wconf 81' lang='lat' dir='ltr'><strong>inﬁdelis?</strong></span> 
     </span>
    </p>
   </div>
   <div class='ocr_carea' id='block_1_31' title="bbox 726 1857 1138 1912">
    <p class='ocr_par' dir='ltr' id='par_1_31' title="bbox 726 1857 1138 1912">
     <span class='ocr_line' id='line_1_31' title="bbox 726 1857 1138 1912; baseline 0.002 -1"><span class='ocrx_word' id='word_1_229' title='bbox 726 1857 975 1912; x_wconf 81' lang='grc' dir='ltr'><strong>ΚΕΦΑΛ.</strong></span> <span class='ocrx_word' id='word_1_230' title='bbox 1015 1857 1138 1912; x_wconf 86' lang='lat' dir='ltr'><strong>AB&#39;.</strong></span> 
     </span>
    </p>
   </div>
   <div class='ocr_carea' id='block_1_32' title="bbox 211 1968 1709 2044">
    <p class='ocr_par' dir='ltr' id='par_1_32' title="bbox 211 1968 1709 2044">
     <span class='ocr_line' id='line_1_32' title="bbox 211 1968 1709 2044; baseline 0 -19"><span class='ocrx_word' id='word_1_231' title='bbox 211 1968 560 2043; x_wconf 83' lang='grc' dir='ltr'>Προετιμήθη</span> <span class='ocrx_word' id='word_1_232' title='bbox 583 1969 665 2032; x_wconf 79' lang='grc' dir='ltr'><strong>τίς</strong></span> <span class='ocrx_word' id='word_1_233' title='bbox 703 1986 796 2024; x_wconf 92' lang='grc' dir='ltr'><strong>σου</strong></span> <span class='ocrx_word' id='word_1_234' title='bbox 833 1972 892 2025; x_wconf 86' lang='grc' dir='ltr'>ὲν</span> <span class='ocrx_word' id='word_1_235' title='bbox 920 1971 1159 2025; x_wconf 76' lang='grc' dir='ltr'><strong>ἑστιάσει</strong></span> <span class='ocrx_word' id='word_1_236' title='bbox 1185 1970 1220 2043; x_wconf 81' lang='grc' dir='ltr'>ἢ</span> <span class='ocrx_word' id='word_1_237' title='bbox 1248 1972 1306 2025; x_wconf 82' lang='grc' dir='ltr'>ὲν</span> <span class='ocrx_word' id='word_1_238' title='bbox 1337 1972 1709 2044; x_wconf 83' lang='grc' dir='ltr'>προσαγορεύ-</span> 
     </span>
    </p>
   </div>
   <div class='ocr_carea' id='block_1_33' title="bbox 136 2062 1707 2136">
    <p class='ocr_par' dir='ltr' id='par_1_33' title="bbox 136 2062 1707 2136">
     <span class='ocr_line' id='line_1_33' title="bbox 136 2062 1707 2136; baseline 0 -19"><span class='ocrx_word' id='word_1_239' title='bbox 136 2080 248 2128; x_wconf 77' lang='grc' dir='ltr'>σει,</span> <span class='ocrx_word' id='word_1_240' title='bbox 275 2062 309 2136; x_wconf 77' lang='grc' dir='ltr'>ἢ</span> <span class='ocrx_word' id='word_1_241' title='bbox 336 2064 395 2117; x_wconf 74' lang='grc' dir='ltr'>ὲν</span> <span class='ocrx_word' id='word_1_242' title='bbox 416 2063 495 2135; x_wconf 83' lang='grc' dir='ltr'>τῷ</span> <span class='ocrx_word' id='word_1_243' title='bbox 522 2062 941 2135; x_wconf 75' lang='grc' dir='ltr'><strong>παραληφθῆναι</strong></span> <span class='ocrx_word' id='word_1_244' title='bbox 986 2066 1067 2129; x_wconf 85' lang='grc' dir='ltr'><strong>είς</strong></span> <span class='ocrx_word' id='word_1_245' title='bbox 1106 2063 1470 2136; x_wconf 80' lang='grc' dir='ltr'>συμδούλιον;</span> <span class='ocrx_word' id='word_1_246' title='bbox 1512 2066 1576 2118; x_wconf 79' lang='lat' dir='ltr'><strong>El</strong></span> <span class='ocrx_word' id='word_1_247' title='bbox 1609 2064 1707 2136; x_wconf 84' lang='grc' dir='ltr'>μὲν</span> 
     </span>
    </p>
   </div>
   <div class='ocr_carea' id='block_1_34' title="bbox 133 2159 1706 2231">
    <p class='ocr_par' dir='ltr' id='par_1_34' title="bbox 133 2159 1706 2231">
     <span class='ocr_line' id='line_1_34' title="bbox 133 2159 1706 2231; baseline 0 -18"><span class='ocrx_word' id='word_1_248' title='bbox 133 2160 320 2228; x_wconf 80' lang='grc' dir='ltr'>ἀγαθὰ</span> <span class='ocrx_word' id='word_1_249' title='bbox 344 2159 517 2215; x_wconf 88' lang='grc' dir='ltr'>ταῦτά</span> <span class='ocrx_word' id='word_1_250' title='bbox 536 2161 703 2227; x_wconf 75' lang='grc' dir='ltr'>εστιν,</span> <span class='ocrx_word' id='word_1_251' title='bbox 734 2160 944 2231; x_wconf 83' lang='grc' dir='ltr'>χαίρειν</span> <span class='ocrx_word' id='word_1_252' title='bbox 967 2177 1029 2214; x_wconf 88' lang='grc' dir='ltr'><strong>σε</strong></span> <span class='ocrx_word' id='word_1_253' title='bbox 1059 2160 1158 2225; x_wconf 91' lang='grc' dir='ltr'>δεῖ,</span> <span class='ocrx_word' id='word_1_254' title='bbox 1189 2162 1273 2215; x_wconf 82' lang='grc' dir='ltr'>ὅτι</span> <span class='ocrx_word' id='word_1_255' title='bbox 1305 2160 1493 2231; x_wconf 79' lang='grc' dir='ltr'>ἔτυχεν</span> <span class='ocrx_word' id='word_1_256' title='bbox 1526 2161 1706 2215; x_wconf 80' lang='grc' dir='ltr'>αὐτῶν</span> 
     </span>
    </p>
   </div>
   <div class='ocr_carea' id='block_1_35' title="bbox 134 2248 1706 2322">
    <p class='ocr_par' dir='ltr' id='par_1_35' title="bbox 134 2248 1706 2322">
     <span class='ocr_line' id='line_1_35' title="bbox 134 2248 1706 2322; baseline 0 -18"><span class='ocrx_word' id='word_1_257' title='bbox 134 2251 366 2314; x_wconf 72' lang='grc' dir='ltr'>ἐκεῖνος.</span> <span class='ocrx_word' id='word_1_258' title='bbox 388 2251 437 2303; x_wconf 86' lang='grc' dir='ltr'><strong>εί</strong></span> <span class='ocrx_word' id='word_1_259' title='bbox 457 2248 515 2303; x_wconf 78' lang='grc' dir='ltr'>δὲ</span> <span class='ocrx_word' id='word_1_260' title='bbox 540 2249 686 2304; x_wconf 79' lang='grc' dir='ltr'>κακὰ</span> <span class='ocrx_word' id='word_1_261' title='bbox 725 2249 799 2321; x_wconf 83' lang='grc' dir='ltr'>μὴ</span> <span class='ocrx_word' id='word_1_262' title='bbox 820 2248 1006 2321; x_wconf 80' lang='grc' dir='ltr'><strong>ἄχθου,</strong></span> <span class='ocrx_word' id='word_1_263' title='bbox 1036 2252 1117 2305; x_wconf 85' lang='grc' dir='ltr'>ὅτι</span> <span class='ocrx_word' id='word_1_264' title='bbox 1150 2250 1214 2303; x_wconf 80' lang='grc' dir='ltr'><strong>σὺ</strong></span> <span class='ocrx_word' id='word_1_265' title='bbox 1243 2250 1320 2322; x_wconf 82' lang='grc' dir='ltr'>μὴ</span> <span class='ocrx_word' id='word_1_266' title='bbox 1351 2250 1570 2321; x_wconf 73' lang='grc' dir='ltr'>ἔτυχες·</span> <span class='ocrx_word' id='word_1_267' title='bbox 1610 2252 1706 2319; x_wconf 83' lang='grc' dir='ltr'><strong>μὲ-</strong></span> 
     </span>
    </p>
   </div>
   <div class='ocr_carea' id='block_1_36' title="bbox 136 2340 1705 2414">
    <p class='ocr_par' dir='ltr' id='par_1_36' title="bbox 136 2340 1705 2414">
     <span class='ocr_line' id='line_1_36' title="bbox 136 2340 1705 2414; baseline -0.001 -18"><span class='ocrx_word' id='word_1_268' title='bbox 136 2358 314 2413; x_wconf 85' lang='grc' dir='ltr'>μνησο</span> <span class='ocrx_word' id='word_1_269' title='bbox 344 2341 424 2406; x_wconf 79' lang='grc' dir='ltr'>δὲ,</span> <span class='ocrx_word' id='word_1_270' title='bbox 460 2340 595 2396; x_wconf 84' lang='grc' dir='ltr'><strong>διότι</strong></span> <span class='ocrx_word' id='word_1_271' title='bbox 628 2341 693 2395; x_wconf 81' lang='grc' dir='ltr'><strong>σὺ</strong></span> <span class='ocrx_word' id='word_1_272' title='bbox 739 2342 801 2394; x_wconf 83' lang='grc' dir='ltr'>οὺ</span> <span class='ocrx_word' id='word_1_273' title='bbox 846 2341 1071 2397; x_wconf 92' lang='grc' dir='ltr'>δύνασαι</span> <span class='ocrx_word' id='word_1_274' title='bbox 1119 2342 1195 2414; x_wconf 83' lang='grc' dir='ltr'>μὴ</span> <span class='ocrx_word' id='word_1_275' title='bbox 1234 2343 1305 2398; x_wconf 83' lang='grc' dir='ltr'><strong>τά</strong></span> <span class='ocrx_word' id='word_1_276' title='bbox 1348 2343 1487 2397; x_wconf 78' lang='grc' dir='ltr'>αὐτὰ</span> <span class='ocrx_word' id='word_1_277' title='bbox 1534 2344 1705 2397; x_wconf 85' lang='grc' dir='ltr'>ποιῶν</span> 
     </span>
    </p>
   </div>
   <div class='ocr_carea' id='block_1_37' title="bbox 134 2434 1707 2507">
    <p class='ocr_par' dir='ltr' id='par_1_37' title="bbox 134 2434 1707 2507">
     <span class='ocr_line' id='line_1_37' title="bbox 134 2434 1707 2507; baseline -0.001 -18"><span class='ocrx_word' id='word_1_278' title='bbox 134 2435 276 2507; x_wconf 76' lang='grc' dir='ltr'>πρὸς</span> <span class='ocrx_word' id='word_1_279' title='bbox 310 2435 370 2489; x_wconf 83' lang='grc' dir='ltr'><strong>τὸ</strong></span> <span class='ocrx_word' id='word_1_280' title='bbox 400 2435 687 2506; x_wconf 80' lang='grc' dir='ltr'><strong>τυγχάνειν</strong></span> <span class='ocrx_word' id='word_1_281' title='bbox 708 2434 819 2489; x_wconf 85' lang='grc' dir='ltr'>τῶν</span> <span class='ocrx_word' id='word_1_282' title='bbox 847 2436 947 2490; x_wconf 85' lang='grc' dir='ltr'><strong>ούκ</strong></span> <span class='ocrx_word' id='word_1_283' title='bbox 970 2437 1053 2504; x_wconf 79' lang='grc' dir='ltr'><strong>ἐφ’</strong></span> <span class='ocrx_word' id='word_1_284' title='bbox 1079 2436 1210 2507; x_wconf 81' lang='grc' dir='ltr'>ἡμῖν</span> <span class='ocrx_word' id='word_1_285' title='bbox 1239 2437 1348 2490; x_wconf 86' lang='grc' dir='ltr'><strong>τῶν</strong></span> <span class='ocrx_word' id='word_1_286' title='bbox 1379 2436 1507 2490; x_wconf 84' lang='grc' dir='ltr'>ίσων</span> <span class='ocrx_word' id='word_1_287' title='bbox 1533 2434 1707 2503; x_wconf 82' lang='grc' dir='ltr'>ἀξιοῦ-</span> 
     </span>
    </p>
   </div>
   <div class='ocr_carea' id='block_1_38' title="bbox 134 2525 1706 2601">
    <p class='ocr_par' dir='ltr' id='par_1_38' title="bbox 134 2525 1706 2601">
     <span class='ocr_line' id='line_1_38' title="bbox 134 2525 1706 2601; baseline -0.001 -20"><span class='ocrx_word' id='word_1_288' title='bbox 134 2528 287 2582; x_wconf 83' lang='grc' dir='ltr'>σθαι.</span> <span class='ocrx_word' id='word_1_289' title='bbox 321 2525 447 2590; x_wconf 86' lang='grc' dir='ltr'><strong>Πῶς</strong></span> <span class='ocrx_word' id='word_1_290' title='bbox 484 2526 593 2598; x_wconf 81' lang='grc' dir='ltr'><strong>γάρ</strong></span> <span class='ocrx_word' id='word_1_291' title='bbox 628 2526 741 2581; x_wconf 75' lang='grc' dir='ltr'>ἴσον</span> <span class='ocrx_word' id='word_1_292' title='bbox 780 2527 1005 2582; x_wconf 90' lang='grc' dir='ltr'>δύναται</span> <span class='ocrx_word' id='word_1_293' title='bbox 1042 2527 1186 2599; x_wconf 74' lang='grc' dir='ltr'>ἔχειν</span> <span class='ocrx_word' id='word_1_294' title='bbox 1218 2531 1247 2583; x_wconf 85' lang='grc' dir='ltr'>ὁ</span> <span class='ocrx_word' id='word_1_295' title='bbox 1275 2529 1350 2601; x_wconf 77' lang='grc' dir='ltr'>μὴ</span> <span class='ocrx_word' id='word_1_296' title='bbox 1382 2528 1582 2597; x_wconf 87' lang='grc' dir='ltr'>φοιτῶν</span> <span class='ocrx_word' id='word_1_297' title='bbox 1614 2528 1706 2581; x_wconf 77' lang='grc' dir='ltr'><strong>ἐπὶ</strong></span> 
     </span>
    </p>
   </div>
   <div class='ocr_carea' id='block_1_39' title="bbox 135 2615 1706 2691">
    <p class='ocr_par' dir='ltr' id='par_1_39' title="bbox 135 2615 1706 2691">
     <span class='ocr_line' id='line_1_39' title="bbox 135 2615 1706 2691; baseline 0.001 -21"><span class='ocrx_word' id='word_1_298' title='bbox 135 2617 311 2688; x_wconf 89' lang='grc' dir='ltr'>θύρας</span> <span class='ocrx_word' id='word_1_299' title='bbox 362 2616 507 2680; x_wconf 85' lang='grc' dir='ltr'>τινὸς</span> <span class='ocrx_word' id='word_1_300' title='bbox 544 2615 623 2688; x_wconf 85' lang='grc' dir='ltr'>τῷ</span> <span class='ocrx_word' id='word_1_301' title='bbox 658 2619 952 2687; x_wconf 74' lang='grc' dir='ltr'>φοιτῶντις</span> <span class='ocrx_word' id='word_1_302' title='bbox 997 2619 1055 2672; x_wconf 91' lang='lat'><strong>&#39;0</strong></span> <span class='ocrx_word' id='word_1_303' title='bbox 1088 2618 1161 2689; x_wconf 79' lang='grc' dir='ltr'>μὴ</span> <span class='ocrx_word' id='word_1_304' title='bbox 1204 2620 1591 2691; x_wconf 81' lang='grc' dir='ltr'>παραπέμπων</span> <span class='ocrx_word' id='word_1_305' title='bbox 1628 2617 1706 2689; x_wconf 87' lang='grc' dir='ltr'>τῷ</span> 
     </span>
    </p>
   </div>
   <div class='ocr_carea' id='block_1_40' title="bbox 135 2706 1707 2781">
    <p class='ocr_par' dir='ltr' id='par_1_40' title="bbox 135 2706 1707 2781">
     <span class='ocr_line' id='line_1_40' title="bbox 135 2706 1707 2781; baseline 0.001 -21"><span class='ocrx_word' id='word_1_306' title='bbox 135 2706 594 2779; x_wconf 57' lang='grc' dir='ltr'>παραπέμποντη</span> <span class='ocrx_word' id='word_1_307' title='bbox 632 2707 691 2761; x_wconf 88' lang='lat'><strong>&#39;0</strong></span> <span class='ocrx_word' id='word_1_308' title='bbox 726 2708 801 2779; x_wconf 83' lang='grc' dir='ltr'>μὴ</span> <span class='ocrx_word' id='word_1_309' title='bbox 827 2708 1063 2763; x_wconf 75' lang='grc' dir='ltr'>ἐπαινῶν</span> <span class='ocrx_word' id='word_1_310' title='bbox 1088 2708 1168 2781; x_wconf 82' lang='grc' dir='ltr'>τῷ</span> <span class='ocrx_word' id='word_1_311' title='bbox 1190 2709 1499 2764; x_wconf 78' lang='grc' dir='ltr'>ἐπαινοῦντι</span> <span class='ocrx_word' id='word_1_312' title='bbox 1523 2727 1538 2773; x_wconf 87' lang='lat'><strong>;</strong></span> <span class='ocrx_word' id='word_1_313' title='bbox 1559 2708 1707 2764; x_wconf 78' lang='grc' dir='ltr'>Ἀδι-</span> 
     </span>
    </p>
   </div>
   <div class='ocr_carea' id='block_1_41' title="bbox 136 2792 1704 2873">
    <p class='ocr_par' dir='ltr' id='par_1_41' title="bbox 136 2792 1704 2873">
     <span class='ocr_line' id='line_1_41' title="bbox 136 2792 1704 2873; baseline 0 -22"><span class='ocrx_word' id='word_1_314' title='bbox 136 2814 233 2860; x_wconf 91' lang='grc' dir='ltr'><strong>κος</strong></span> <span class='ocrx_word' id='word_1_315' title='bbox 272 2792 365 2851; x_wconf 82' lang='grc' dir='ltr'><strong>οῦν</strong></span> <span class='ocrx_word' id='word_1_316' title='bbox 410 2796 507 2869; x_wconf 79' lang='grc' dir='ltr'><strong>ἔσῃ</strong></span> <span class='ocrx_word' id='word_1_317' title='bbox 550 2798 643 2851; x_wconf 78' lang='grc' dir='ltr'><strong>καὶ</strong></span> <span class='ocrx_word' id='word_1_318' title='bbox 678 2797 972 2869; x_wconf 75' lang='grc' dir='ltr'>ἄπληστος,</span> <span class='ocrx_word' id='word_1_319' title='bbox 1004 2800 1054 2852; x_wconf 84' lang='grc' dir='ltr'><strong>εί</strong></span> <span class='ocrx_word' id='word_1_320' title='bbox 1081 2800 1155 2873; x_wconf 77' lang='grc' dir='ltr'>μὴ</span> <span class='ocrx_word' id='word_1_321' title='bbox 1198 2800 1499 2872; x_wconf 81' lang='grc' dir='ltr'>προέμενος</span> <span class='ocrx_word' id='word_1_322' title='bbox 1533 2800 1704 2854; x_wconf 88' lang='grc' dir='ltr'>ταῦτα</span> 
     </span>
    </p>
   </div>
   <div class='ocr_carea' id='block_1_42' title="bbox 136 2882 1706 2967">
    <p class='ocr_par' dir='ltr' id='par_1_42' title="bbox 136 2882 1706 2967">
     <span class='ocr_line' id='line_1_42' title="bbox 136 2882 1706 2967; baseline 0.005 -25"><span class='ocrx_word' id='word_1_323' title='bbox 136 2888 258 2942; x_wconf 82' lang='grc' dir='ltr'>ἀνθ’</span> <span class='ocrx_word' id='word_1_324' title='bbox 285 2882 359 2944; x_wconf 82' lang='grc' dir='ltr'>ὧν</span> <span class='ocrx_word' id='word_1_325' title='bbox 386 2890 572 2944; x_wconf 69' lang='grc' dir='ltr'>ἐκεῖνα</span> <span class='ocrx_word' id='word_1_326' title='bbox 624 2892 993 2960; x_wconf 81' lang='grc' dir='ltr'>πιπράσκεται</span> <span class='ocrx_word' id='word_1_327' title='bbox 1044 2895 1245 2964; x_wconf 83' lang='grc' dir='ltr'>προῖκα</span> <span class='ocrx_word' id='word_1_328' title='bbox 1294 2894 1435 2949; x_wconf 82' lang='grc' dir='ltr'>αὐτὰ</span> <span class='ocrx_word' id='word_1_329' title='bbox 1470 2894 1706 2967; x_wconf 79' lang='grc' dir='ltr'>βουλήσῃ</span> 
     </span>
    </p>
   </div>
   <div class='ocr_carea' id='block_1_43' title="bbox 136 2978 1701 3058">
    <p class='ocr_par' dir='ltr' id='par_1_43' title="bbox 136 2978 1701 3058">
     <span class='ocr_line' id='line_1_43' title="bbox 136 2978 1701 3058; baseline 0.006 -27"><span class='ocrx_word' id='word_1_330' title='bbox 136 2978 458 3050; x_wconf 75' lang='grc' dir='ltr'>λαμϐάνειν.</span> <span class='ocrx_word' id='word_1_331' title='bbox 528 2981 688 3036; x_wconf 81' lang='grc' dir='ltr'><strong>Ἀλλά</strong></span> <span class='ocrx_word' id='word_1_332' title='bbox 736 2983 905 3037; x_wconf 87' lang='grc' dir='ltr'>πόσου</span> <span class='ocrx_word' id='word_1_333' title='bbox 958 2986 1361 3057; x_wconf 85' lang='grc' dir='ltr'>πιπράσκονται</span> <span class='ocrx_word' id='word_1_334' title='bbox 1412 2985 1701 3058; x_wconf 88' lang='grc' dir='ltr'>θρίδακες;</span> 
     </span>
    </p>
   </div>
   <div class='ocr_carea' id='block_1_44' title="bbox 136 3071 1702 3150">
    <p class='ocr_par' dir='ltr' id='par_1_44' title="bbox 136 3071 1702 3150">
     <span class='ocr_line' id='line_1_44' title="bbox 136 3071 1702 3150; baseline 0.005 -26"><span class='ocrx_word' id='word_1_335' title='bbox 136 3071 328 3125; x_wconf 73' lang='grc' dir='ltr'>ὀϐολοῦ</span> <span class='ocrx_word' id='word_1_336' title='bbox 356 3072 423 3126; x_wconf 81' lang='grc' dir='ltr'><strong>ἂν</strong></span> <span class='ocrx_word' id='word_1_337' title='bbox 449 3072 590 3128; x_wconf 76' lang='grc' dir='ltr'>οὕτω</span> <span class='ocrx_word' id='word_1_338' title='bbox 618 3072 775 3149; x_wconf 79' lang='grc' dir='ltr'>τύχῃ,</span> <span class='ocrx_word' id='word_1_339' title='bbox 797 3076 863 3130; x_wconf 87' lang='grc' dir='ltr'><strong>ἂν</strong></span> <span class='ocrx_word' id='word_1_340' title='bbox 883 3072 978 3131; x_wconf 82' lang='grc' dir='ltr'><strong>οὖν</strong></span> <span class='ocrx_word' id='word_1_341' title='bbox 1004 3095 1087 3143; x_wconf 91' lang='grc' dir='ltr'><strong>τις</strong></span> <span class='ocrx_word' id='word_1_342' title='bbox 1118 3078 1419 3150; x_wconf 80' lang='grc' dir='ltr'>προέμενος</span> <span class='ocrx_word' id='word_1_343' title='bbox 1452 3078 1543 3132; x_wconf 84' lang='grc' dir='ltr'><strong>τὸν</strong></span> <span class='ocrx_word' id='word_1_344' title='bbox 1579 3079 1702 3133; x_wconf 78' lang='lat'><strong>660-</strong></span> 
     </span>
    </p>
   </div>
   <div class='ocr_carea' id='block_1_45' title="bbox 2353 1857 2832 1917">
    <p class='ocr_par' dir='ltr' id='par_1_45' title="bbox 2353 1857 2832 1917">
     <span class='ocr_line' id='line_1_45' title="bbox 2353 1857 2832 1917; baseline 0.004 -2"><span class='ocrx_word' id='word_1_345' title='bbox 2353 1859 2583 1917; x_wconf 83' lang='lat' dir='ltr'><strong>CAPUT</strong></span> <span class='ocrx_word' id='word_1_346' title='bbox 2614 1857 2832 1917; x_wconf 79' lang='lat' dir='ltr'><strong>XXXII.</strong></span> 
     </span>
    </p>
   </div>
   <div class='ocr_carea' id='block_1_46' title="bbox 1878 1963 3380 2046">
    <p class='ocr_par' dir='ltr' id='par_1_46' title="bbox 1878 1963 3380 2046">
     <span class='ocr_line' id='line_1_46' title="bbox 1878 1963 3380 2046; baseline -0.003 -17"><span class='ocrx_word' id='word_1_347' title='bbox 1878 1963 2140 2031; x_wconf 65' lang='lat' dir='ltr'><strong>Prmlatus</strong></span> <span class='ocrx_word' id='word_1_348' title='bbox 2187 1975 2360 2031; x_wconf 82' lang='lat' dir='ltr'><strong>fuitne</strong></span> <span class='ocrx_word' id='word_1_349' title='bbox 2388 1974 2487 2030; x_wconf 86' lang='lat' dir='ltr'><strong>tibi</strong></span> <span class='ocrx_word' id='word_1_350' title='bbox 2511 1974 2636 2046; x_wconf 83' lang='lat' dir='ltr'><strong>quis</strong></span> <span class='ocrx_word' id='word_1_351' title='bbox 2665 1973 2723 2028; x_wconf 90' lang='lat' dir='ltr'><strong>in</strong></span> <span class='ocrx_word' id='word_1_352' title='bbox 2748 1971 3018 2037; x_wconf 87' lang='lat' dir='ltr'><strong>convivio,</strong></span> <span class='ocrx_word' id='word_1_353' title='bbox 3046 1980 3142 2026; x_wconf 91' lang='lat' dir='ltr'><strong>aut</strong></span> <span class='ocrx_word' id='word_1_354' title='bbox 3166 1969 3221 2024; x_wconf 91' lang='lat' dir='ltr'><strong>in</strong></span> <span class='ocrx_word' id='word_1_355' title='bbox 3252 1984 3380 2025; x_wconf 44' lang='lat' dir='ltr'><strong>conv</strong></span> 
     </span>
    </p>
   </div>
   <div class='ocr_carea' id='block_1_47' title="bbox 1808 2065 3386 2140">
    <p class='ocr_par' dir='ltr' id='par_1_47' title="bbox 1808 2065 3386 2140">
     <span class='ocr_line' id='line_1_47' title="bbox 1808 2065 3386 2140; baseline -0.002 -17"><span class='ocrx_word' id='word_1_356' title='bbox 1808 2069 1989 2135; x_wconf 90' lang='lat' dir='ltr'><strong>cione,</strong></span> <span class='ocrx_word' id='word_1_357' title='bbox 2022 2080 2118 2124; x_wconf 87' lang='lat' dir='ltr'><strong>aut</strong></span> <span class='ocrx_word' id='word_1_358' title='bbox 2151 2069 2205 2124; x_wconf 90' lang='lat' dir='ltr'><strong>in</strong></span> <span class='ocrx_word' id='word_1_359' title='bbox 2234 2084 2321 2132; x_wconf 88' lang='lat' dir='ltr'><strong>eo,</strong></span> <span class='ocrx_word' id='word_1_360' title='bbox 2359 2071 2505 2140; x_wconf 91' lang='lat' dir='ltr'><strong>quod</strong></span> <span class='ocrx_word' id='word_1_361' title='bbox 2534 2075 2851 2138; x_wconf 83' lang='lat' dir='ltr'><strong>assumptus</strong></span> <span class='ocrx_word' id='word_1_362' title='bbox 2899 2066 3066 2122; x_wconf 88' lang='lat' dir='ltr'><strong>fuerit</strong></span> <span class='ocrx_word' id='word_1_363' title='bbox 3104 2066 3169 2122; x_wconf 91' lang='lat' dir='ltr'><strong>ad</strong></span> <span class='ocrx_word' id='word_1_364' title='bbox 3205 2065 3386 2121; x_wconf 84' lang='lat' dir='ltr'><strong>consi-</strong></span> 
     </span>
    </p>
   </div>
   <div class='ocr_carea' id='block_1_48' title="bbox 1808 2158 3383 2230">
    <p class='ocr_par' dir='ltr' id='par_1_48' title="bbox 1808 2158 3383 2230">
     <span class='ocr_line' id='line_1_48' title="bbox 1808 2158 3383 2230; baseline -0.001 -18"><span class='ocrx_word' id='word_1_365' title='bbox 1808 2159 1979 2214; x_wconf 83' lang='lat' dir='ltr'><strong>lium?</strong></span> <span class='ocrx_word' id='word_1_366' title='bbox 2004 2158 2060 2214; x_wconf 93' lang='lat' dir='ltr'><strong>Si</strong></span> <span class='ocrx_word' id='word_1_367' title='bbox 2090 2160 2235 2215; x_wconf 87' lang='lat' dir='ltr'><strong>bona</strong></span> <span class='ocrx_word' id='word_1_368' title='bbox 2264 2160 2483 2230; x_wconf 89' lang='lat' dir='ltr'><strong>quidem</strong></span> <span class='ocrx_word' id='word_1_369' title='bbox 2510 2160 2626 2215; x_wconf 60' lang='lat' dir='ltr'><strong>hac</strong></span> <span class='ocrx_word' id='word_1_370' title='bbox 2654 2167 2803 2223; x_wconf 86' lang='lat' dir='ltr'><strong>sunt,</strong></span> <span class='ocrx_word' id='word_1_371' title='bbox 2826 2159 3059 2229; x_wconf 86' lang='lat' dir='ltr'><strong>gaudere</strong></span> <span class='ocrx_word' id='word_1_372' title='bbox 3081 2166 3134 2214; x_wconf 92' lang='lat' dir='ltr'><strong>te</strong></span> <span class='ocrx_word' id='word_1_373' title='bbox 3153 2166 3383 2228; x_wconf 89' lang='lat' dir='ltr'><strong>oportet,</strong></span> 
     </span>
    </p>
   </div>
   <div class='ocr_carea' id='block_1_49' title="bbox 1808 2249 3387 2322">
    <p class='ocr_par' dir='ltr' id='par_1_49' title="bbox 1808 2249 3387 2322">
     <span class='ocr_line' id='line_1_49' title="bbox 1808 2249 3387 2322; baseline -0.001 -18"><span class='ocrx_word' id='word_1_374' title='bbox 1808 2251 1955 2322; x_wconf 89' lang='lat' dir='ltr'><strong>quod</strong></span> <span class='ocrx_word' id='word_1_375' title='bbox 1984 2253 2102 2308; x_wconf 66' lang='lat' dir='ltr'><strong>haec</strong></span> <span class='ocrx_word' id='word_1_376' title='bbox 2134 2252 2224 2308; x_wconf 91' lang='lat' dir='ltr'><strong>ille</strong></span> <span class='ocrx_word' id='word_1_377' title='bbox 2258 2252 2426 2308; x_wconf 86' lang='lat' dir='ltr'><strong>fuerit</strong></span> <span class='ocrx_word' id='word_1_378' title='bbox 2453 2260 2776 2317; x_wconf 85' lang='lat' dir='ltr'><strong>assecutus;</strong></span> <span class='ocrx_word' id='word_1_379' title='bbox 2809 2251 2895 2307; x_wconf 91' lang='lat' dir='ltr'><strong>sin</strong></span> <span class='ocrx_word' id='word_1_380' title='bbox 2920 2259 3098 2306; x_wconf 90' lang='lat' dir='ltr'><strong>autem</strong></span> <span class='ocrx_word' id='word_1_381' title='bbox 3123 2249 3288 2313; x_wconf 88' lang='lat' dir='ltr'><strong>mala,</strong></span> <span class='ocrx_word' id='word_1_382' title='bbox 3318 2263 3387 2303; x_wconf 90' lang='lat' dir='ltr'><strong>ne</strong></span> 
     </span>
    </p>
   </div>
   <div class='ocr_carea' id='block_1_50' title="bbox 1807 2342 3387 2414">
    <p class='ocr_par' dir='ltr' id='par_1_50' title="bbox 1807 2342 3387 2414">
     <span class='ocr_line' id='line_1_50' title="bbox 1807 2342 3387 2414; baseline -0.002 -18"><span class='ocrx_word' id='word_1_383' title='bbox 1807 2342 2045 2414; x_wconf 85' lang='lat' dir='ltr'><strong>graviter</strong></span> <span class='ocrx_word' id='word_1_384' title='bbox 2090 2342 2236 2399; x_wconf 91' lang='lat' dir='ltr'><strong>feras</strong></span> <span class='ocrx_word' id='word_1_385' title='bbox 2281 2343 2426 2414; x_wconf 90' lang='lat' dir='ltr'><strong>quod</strong></span> <span class='ocrx_word' id='word_1_386' title='bbox 2461 2344 2638 2414; x_wconf 90' lang='lat' dir='ltr'><strong>impos</strong></span> <span class='ocrx_word' id='word_1_387' title='bbox 2694 2343 2869 2399; x_wconf 91' lang='lat' dir='ltr'><strong>fueris</strong></span> <span class='ocrx_word' id='word_1_388' title='bbox 2900 2342 3011 2398; x_wconf 87' lang='lat' dir='ltr'><strong>voti</strong></span> <span class='ocrx_word' id='word_1_389' title='bbox 3054 2359 3068 2396; x_wconf 91' lang='lat'>:</span> <span class='ocrx_word' id='word_1_390' title='bbox 3114 2349 3387 2396; x_wconf 89' lang='lat' dir='ltr'><strong>memento</strong></span> 
     </span>
    </p>
   </div>
   <div class='ocr_carea' id='block_1_51' title="bbox 1806 2431 3388 2504">
    <p class='ocr_par' dir='ltr' id='par_1_51' title="bbox 1806 2431 3388 2504">
     <span class='ocr_line' id='line_1_51' title="bbox 1806 2431 3388 2504; baseline 0.001 -19"><span class='ocrx_word' id='word_1_391' title='bbox 1806 2447 1974 2499; x_wconf 87' lang='lat' dir='ltr'><strong>vero,</strong></span> <span class='ocrx_word' id='word_1_392' title='bbox 2024 2433 2169 2504; x_wconf 90' lang='lat' dir='ltr'><strong>quod</strong></span> <span class='ocrx_word' id='word_1_393' title='bbox 2215 2449 2325 2488; x_wconf 85' lang='lat' dir='ltr'><strong>non</strong></span> <span class='ocrx_word' id='word_1_394' title='bbox 2377 2442 2531 2503; x_wconf 87' lang='lat' dir='ltr'><strong>potes</strong></span> <span class='ocrx_word' id='word_1_395' title='bbox 2591 2434 2894 2504; x_wconf 59' lang='lat' dir='ltr'><strong>aqualibus</strong></span> <span class='ocrx_word' id='word_1_396' title='bbox 2940 2432 3169 2503; x_wconf 88' lang='lat' dir='ltr'><strong>(scilicet</strong></span> <span class='ocrx_word' id='word_1_397' title='bbox 3215 2431 3388 2486; x_wconf 82' lang='lat' dir='ltr'><strong>hono-</strong></span> 
     </span>
    </p>
   </div>
   <div class='ocr_carea' id='block_1_52' title="bbox 1807 2523 3387 2596">
    <p class='ocr_par' dir='ltr' id='par_1_52' title="bbox 1807 2523 3387 2596">
     <span class='ocr_line' id='line_1_52' title="bbox 1807 2523 3387 2596; baseline 0 -17"><span class='ocrx_word' id='word_1_398' title='bbox 1807 2524 1980 2595; x_wconf 90' lang='lat' dir='ltr'><strong>ribus)</strong></span> <span class='ocrx_word' id='word_1_399' title='bbox 2003 2525 2201 2596; x_wconf 88' lang='lat' dir='ltr'><strong>dignus</strong></span> <span class='ocrx_word' id='word_1_400' title='bbox 2235 2526 2350 2582; x_wconf 80' lang='lat' dir='ltr'><strong>fieri</strong></span> <span class='ocrx_word' id='word_1_401' title='bbox 2370 2567 2385 2593; x_wconf 93' lang='lat'><strong>,</strong></span> <span class='ocrx_word' id='word_1_402' title='bbox 2412 2526 2459 2582; x_wconf 90' lang='lat' dir='ltr'><strong>si</strong></span> <span class='ocrx_word' id='word_1_403' title='bbox 2487 2526 2677 2582; x_wconf 84' lang='lat' dir='ltr'><strong>eadem</strong></span> <span class='ocrx_word' id='word_1_404' title='bbox 2708 2542 2818 2581; x_wconf 92' lang='lat' dir='ltr'><strong>non</strong></span> <span class='ocrx_word' id='word_1_405' title='bbox 2847 2525 3076 2591; x_wconf 79' lang='lat' dir='ltr'><strong>feceris,</strong></span> <span class='ocrx_word' id='word_1_406' title='bbox 3107 2539 3229 2595; x_wconf 75' lang='lat' dir='ltr'><strong>qua:</strong></span> <span class='ocrx_word' id='word_1_407' title='bbox 3258 2523 3387 2579; x_wconf 86' lang='lat' dir='ltr'><strong>fecit</strong></span> 
     </span>
    </p>
   </div>
   <div class='ocr_carea' id='block_1_53' title="bbox 1804 2615 3384 2687">
    <p class='ocr_par' dir='ltr' id='par_1_53' title="bbox 1804 2615 3384 2687">
     <span class='ocr_line' id='line_1_53' title="bbox 1804 2615 3384 2687; baseline -0.002 -16"><span class='ocrx_word' id='word_1_408' title='bbox 1804 2616 1898 2671; x_wconf 89' lang='lat' dir='ltr'><strong>ille</strong></span> <span class='ocrx_word' id='word_1_409' title='bbox 1924 2616 1992 2671; x_wconf 90' lang='lat' dir='ltr'><strong>ad</strong></span> <span class='ocrx_word' id='word_1_410' title='bbox 2023 2617 2361 2687; x_wconf 84' lang='lat' dir='ltr'><strong>assequenda</strong></span> <span class='ocrx_word' id='word_1_411' title='bbox 2390 2617 2590 2673; x_wconf 86' lang='lat' dir='ltr'><strong>similia</strong></span> <span class='ocrx_word' id='word_1_412' title='bbox 2616 2618 2673 2674; x_wconf 92' lang='lat' dir='ltr'><strong>in</strong></span> <span class='ocrx_word' id='word_1_413' title='bbox 2702 2617 2863 2673; x_wconf 88' lang='lat' dir='ltr'><strong>nobis</strong></span> <span class='ocrx_word' id='word_1_414' title='bbox 2889 2632 3000 2673; x_wconf 91' lang='lat' dir='ltr'><strong>non</strong></span> <span class='ocrx_word' id='word_1_415' title='bbox 3028 2615 3384 2681; x_wconf 80' lang='lat' dir='ltr'><strong>exsistentia;</strong></span> 
     </span>
    </p>
   </div>
   <div class='ocr_carea' id='block_1_54' title="bbox 1805 2701 3388 2774">
    <p class='ocr_par' dir='ltr' id='par_1_54' title="bbox 1805 2701 3388 2774">
     <span class='ocr_line' id='line_1_54' title="bbox 1805 2701 3388 2774; baseline -0.003 -16"><span class='ocrx_word' id='word_1_416' title='bbox 1805 2718 1913 2773; x_wconf 87' lang='lat' dir='ltr'><strong>qua</strong></span> <span class='ocrx_word' id='word_1_417' title='bbox 1935 2703 2081 2758; x_wconf 90' lang='lat' dir='ltr'><strong>enim</strong></span> <span class='ocrx_word' id='word_1_418' title='bbox 2110 2704 2420 2772; x_wconf 63' lang='lat' dir='ltr'><strong>aequalitate</strong></span> <span class='ocrx_word' id='word_1_419' title='bbox 2446 2706 2755 2770; x_wconf 88' lang='lat' dir='ltr'><strong>conveniet,</strong></span> <span class='ocrx_word' id='word_1_420' title='bbox 2779 2703 2876 2774; x_wconf 90' lang='lat' dir='ltr'><strong>qui</strong></span> <span class='ocrx_word' id='word_1_421' title='bbox 2907 2703 2976 2759; x_wconf 91' lang='lat' dir='ltr'><strong>ad</strong></span> <span class='ocrx_word' id='word_1_422' title='bbox 2997 2701 3143 2758; x_wconf 89' lang='lat' dir='ltr'><strong>fores</strong></span> <span class='ocrx_word' id='word_1_423' title='bbox 3162 2702 3388 2756; x_wconf 74' lang='lat' dir='ltr'><strong>ventitet</strong></span> 
     </span>
    </p>
   </div>
   <div class='ocr_carea' id='block_1_55' title="bbox 1804 2794 3385 2866">
    <p class='ocr_par' dir='ltr' id='par_1_55' title="bbox 1804 2794 3385 2866">
     <span class='ocr_line' id='line_1_55' title="bbox 1804 2794 3385 2866; baseline -0.003 -16"><span class='ocrx_word' id='word_1_424' title='bbox 1804 2796 2038 2866; x_wconf 86' lang='lat' dir='ltr'><strong>alicujus</strong></span> <span class='ocrx_word' id='word_1_425' title='bbox 2071 2812 2194 2851; x_wconf 91' lang='lat' dir='ltr'><strong>cum</strong></span> <span class='ocrx_word' id='word_1_426' title='bbox 2222 2812 2333 2851; x_wconf 93' lang='lat' dir='ltr'><strong>non</strong></span> <span class='ocrx_word' id='word_1_427' title='bbox 2363 2796 2635 2852; x_wconf 85' lang='lat' dir='ltr'><strong>adeunte?</strong></span> <span class='ocrx_word' id='word_1_428' title='bbox 2681 2795 2786 2863; x_wconf 88' lang='lat' dir='ltr'><strong>Qui</strong></span> <span class='ocrx_word' id='word_1_429' title='bbox 2821 2810 2933 2852; x_wconf 89' lang='lat' dir='ltr'><strong>non</strong></span> <span class='ocrx_word' id='word_1_430' title='bbox 2991 2794 3230 2852; x_wconf 85' lang='lat' dir='ltr'><strong>associat</strong></span> <span class='ocrx_word' id='word_1_431' title='bbox 3260 2808 3385 2848; x_wconf 91' lang='lat' dir='ltr'><strong>cum</strong></span> 
     </span>
    </p>
   </div>
   <div class='ocr_carea' id='block_1_56' title="bbox 1804 2886 3388 2956">
    <p class='ocr_par' dir='ltr' id='par_1_56' title="bbox 1804 2886 3388 2956">
     <span class='ocr_line' id='line_1_56' title="bbox 1804 2886 3388 2956; baseline -0.003 -13"><span class='ocrx_word' id='word_1_432' title='bbox 1804 2889 2147 2945; x_wconf 81' lang='lat' dir='ltr'><strong>associante?</strong></span> <span class='ocrx_word' id='word_1_433' title='bbox 2175 2890 2278 2956; x_wconf 91' lang='lat' dir='ltr'><strong>Qui</strong></span> <span class='ocrx_word' id='word_1_434' title='bbox 2320 2905 2429 2945; x_wconf 92' lang='lat' dir='ltr'><strong>non</strong></span> <span class='ocrx_word' id='word_1_435' title='bbox 2459 2890 2701 2945; x_wconf 86' lang='lat' dir='ltr'><strong>dilaudat</strong></span> <span class='ocrx_word' id='word_1_436' title='bbox 2757 2904 2882 2945; x_wconf 91' lang='lat' dir='ltr'><strong>cum</strong></span> <span class='ocrx_word' id='word_1_437' title='bbox 2919 2889 3209 2943; x_wconf 83' lang='lat' dir='ltr'><strong>laudante?</strong></span> <span class='ocrx_word' id='word_1_438' title='bbox 3241 2886 3388 2955; x_wconf 85' lang='lat' dir='ltr'><strong>lnju-</strong></span> 
     </span>
    </p>
   </div>
   <div class='ocr_carea' id='block_1_57' title="bbox 1804 2982 3384 3053">
    <p class='ocr_par' dir='ltr' id='par_1_57' title="bbox 1804 2982 3384 3053">
     <span class='ocr_line' id='line_1_57' title="bbox 1804 2982 3384 3053; baseline -0.003 -18"><span class='ocrx_word' id='word_1_439' title='bbox 1804 2989 1923 3037; x_wconf 87' lang='lat' dir='ltr'><strong>stus</strong></span> <span class='ocrx_word' id='word_1_440' title='bbox 1953 2982 2118 3053; x_wconf 78' lang='lat' dir='ltr'><strong>igitur</strong></span> <span class='ocrx_word' id='word_1_441' title='bbox 2145 2984 2254 3038; x_wconf 89' lang='lat' dir='ltr'><strong>eris</strong></span> <span class='ocrx_word' id='word_1_442' title='bbox 2310 2997 2375 3038; x_wconf 89' lang='lat' dir='ltr'><strong>ac</strong></span> <span class='ocrx_word' id='word_1_443' title='bbox 2408 2982 2771 3047; x_wconf 85' lang='lat' dir='ltr'><strong>inexplebilis,</strong></span> <span class='ocrx_word' id='word_1_444' title='bbox 2801 2984 2850 3038; x_wconf 91' lang='lat' dir='ltr'><strong>si</strong></span> <span class='ocrx_word' id='word_1_445' title='bbox 2881 2996 2991 3035; x_wconf 93' lang='lat' dir='ltr'><strong>non</strong></span> <span class='ocrx_word' id='word_1_446' title='bbox 3036 2994 3268 3049; x_wconf 85' lang='lat' dir='ltr'><strong>erogans</strong></span> <span class='ocrx_word' id='word_1_447' title='bbox 3298 2992 3384 3042; x_wconf 89' lang='lat' dir='ltr'><strong>ea,</strong></span> 
     </span>
    </p>
   </div>
   <div class='ocr_carea' id='block_1_58' title="bbox 1804 3068 3386 3145">
    <p class='ocr_par' dir='ltr' id='par_1_58' title="bbox 1804 3068 3386 3145">
     <span class='ocr_line' id='line_1_58' title="bbox 1804 3068 3386 3145; baseline -0.004 -16"><span class='ocrx_word' id='word_1_448' title='bbox 1804 3088 1903 3145; x_wconf 90' lang='lat' dir='ltr'><strong>pro</strong></span> <span class='ocrx_word' id='word_1_449' title='bbox 1946 3075 2147 3145; x_wconf 88' lang='lat' dir='ltr'><strong>quibus</strong></span> <span class='ocrx_word' id='word_1_450' title='bbox 2180 3075 2271 3130; x_wconf 92' lang='lat' dir='ltr'><strong>illa</strong></span> <span class='ocrx_word' id='word_1_451' title='bbox 2309 3075 2713 3140; x_wconf 88' lang='lat' dir='ltr'><strong>divenduntur,</strong></span> <span class='ocrx_word' id='word_1_452' title='bbox 2760 3074 2929 3144; x_wconf 82' lang='lat' dir='ltr'><strong>gratis</strong></span> <span class='ocrx_word' id='word_1_453' title='bbox 2978 3072 3095 3141; x_wconf 88' lang='lat' dir='ltr'><strong>ipsa</strong></span> <span class='ocrx_word' id='word_1_454' title='bbox 3127 3068 3386 3139; x_wconf 87' lang='lat' dir='ltr'><strong>consequi</strong></span> 
     </span>
    </p>
   </div>
   <div class='ocr_carea' id='block_1_59' title="bbox 138 3160 1706 3244">
    <p class='ocr_par' dir='ltr' id='par_1_59' title="bbox 138 3160 1703 3244">
     <span class='ocr_line' id='line_1_59' title="bbox 138 3160 1703 3244; baseline 0.008 -31"><span class='ocrx_word' id='word_1_455' title='bbox 138 3160 228 3216; x_wconf 82' lang='grc' dir='ltr'><strong>λδν</strong></span> <span class='ocrx_word' id='word_1_456' title='bbox 276 3161 417 3234; x_wconf 79' lang='grc' dir='ltr'>λάϐῃ</span> <span class='ocrx_word' id='word_1_457' title='bbox 454 3162 731 3231; x_wconf 78' lang='grc' dir='ltr'>θρίδακας,</span> <span class='ocrx_word' id='word_1_458' title='bbox 768 3165 832 3218; x_wconf 82' lang='grc' dir='ltr'><strong>σὺ</strong></span> <span class='ocrx_word' id='word_1_459' title='bbox 863 3165 920 3219; x_wconf 82' lang='grc' dir='ltr'>δὲ</span> <span class='ocrx_word' id='word_1_460' title='bbox 965 3166 1039 3236; x_wconf 78' lang='grc' dir='ltr'>μὴ</span> <span class='ocrx_word' id='word_1_461' title='bbox 1065 3168 1366 3240; x_wconf 76' lang='grc' dir='ltr'>προέμενος</span> <span class='ocrx_word' id='word_1_462' title='bbox 1403 3169 1479 3240; x_wconf 80' lang='grc' dir='ltr'>μὴ</span> <span class='ocrx_word' id='word_1_463' title='bbox 1511 3170 1703 3244; x_wconf 75' lang='grc' dir='ltr'>λάϐῃς,</span> 
     </span>
    </p>
   </div>
   <div class='ocr_carea' id='block_1_60' title="bbox 1811 3160 3382 3244">
    <p class='ocr_par' dir='ltr' id='par_1_60' title="bbox 1811 3160 3382 3236">
     <span class='ocr_line' id='line_1_60' title="bbox 1811 3160 3382 3236; baseline -0.002 -19"><span class='ocrx_word' id='word_1_464' title='bbox 1811 3165 2065 3220; x_wconf 88' lang='lat' dir='ltr'><strong>volueris.</strong></span> <span class='ocrx_word' id='word_1_465' title='bbox 2115 3169 2185 3220; x_wconf 84' lang='lat' dir='ltr'><strong>At</strong></span> <span class='ocrx_word' id='word_1_466' title='bbox 2251 3166 2442 3236; x_wconf 86' lang='lat' dir='ltr'><strong>quanti</strong></span> <span class='ocrx_word' id='word_1_467' title='bbox 2493 3174 2747 3221; x_wconf 64' lang='lat' dir='ltr'><strong>vaaneunt</strong></span> <span class='ocrx_word' id='word_1_468' title='bbox 2795 3163 3053 3221; x_wconf 58' lang='lat' dir='ltr'><strong>lactucas?</strong></span> <span class='ocrx_word' id='word_1_469' title='bbox 3100 3161 3284 3225; x_wconf 90' lang='lat' dir='ltr'><strong>obolo,</strong></span> <span class='ocrx_word' id='word_1_470' title='bbox 3333 3160 3382 3215; x_wconf 89' lang='lat' dir='ltr'><strong>si</strong></span> 
     </span>
    </p>
   </div>
   <div class='ocr_carea' id='block_1_61' title="bbox 140 3252 1709 3333">
    <p class='ocr_par' dir='ltr' id='par_1_61' title="bbox 140 3252 1709 3333">
     <span class='ocr_line' id='line_1_61' title="bbox 140 3252 1709 3333; baseline 0.004 -24"><span class='ocrx_word' id='word_1_471' title='bbox 140 3252 220 3327; x_wconf 74' lang='grc' dir='ltr'>μῂ</span> <span class='ocrx_word' id='word_1_472' title='bbox 248 3254 384 3317; x_wconf 78' lang='grc' dir='ltr'>οἵου,</span> <span class='ocrx_word' id='word_1_473' title='bbox 412 3254 631 3309; x_wconf 76' lang='grc' dir='ltr'>ἔλαττον</span> <span class='ocrx_word' id='word_1_474' title='bbox 660 3255 804 3326; x_wconf 77' lang='grc' dir='ltr'>ἔχειν</span> <span class='ocrx_word' id='word_1_475' title='bbox 842 3257 935 3311; x_wconf 90' lang='grc' dir='ltr'><strong>τοῦ</strong></span> <span class='ocrx_word' id='word_1_476' title='bbox 962 3258 1234 3324; x_wconf 68' lang='grc' dir='ltr'>λαϐόντος</span> <span class='ocrx_word' id='word_1_477' title='bbox 1263 3259 1339 3324; x_wconf 85' lang='grc' dir='ltr'><strong>ὡς</strong></span> <span class='ocrx_word' id='word_1_478' title='bbox 1360 3261 1467 3333; x_wconf 83' lang='grc' dir='ltr'>γὰρ</span> <span class='ocrx_word' id='word_1_479' title='bbox 1502 3263 1709 3326; x_wconf 76' lang='grc' dir='ltr'>ἐκεῖνος</span> 
     </span>
    </p>
   </div>
   <div class='ocr_carea' id='block_1_62' title="bbox 136 3344 1705 3418">
    <p class='ocr_par' dir='ltr' id='par_1_62' title="bbox 136 3344 1705 3418">
     <span class='ocr_line' id='line_1_62' title="bbox 136 3344 1705 3418; baseline 0.008 -23"><span class='ocrx_word' id='word_1_480' title='bbox 136 3344 254 3415; x_wconf 73' lang='grc' dir='ltr'>ἔχει</span> <span class='ocrx_word' id='word_1_481' title='bbox 291 3345 567 3417; x_wconf 79' lang='grc' dir='ltr'>θρίδακας,</span> <span class='ocrx_word' id='word_1_482' title='bbox 604 3346 745 3402; x_wconf 76' lang='grc' dir='ltr'>οὕτω</span> <span class='ocrx_word' id='word_1_483' title='bbox 775 3348 839 3402; x_wconf 84' lang='grc' dir='ltr'><strong>σὺ</strong></span> <span class='ocrx_word' id='word_1_484' title='bbox 868 3349 960 3404; x_wconf 84' lang='grc' dir='ltr'><strong>τὸν</strong></span> <span class='ocrx_word' id='word_1_485' title='bbox 1008 3350 1191 3405; x_wconf 78' lang='grc' dir='ltr'>ὀϐολὸν</span> <span class='ocrx_word' id='word_1_486' title='bbox 1210 3392 1225 3416; x_wconf 89' lang='grc'><strong>,</strong></span> <span class='ocrx_word' id='word_1_487' title='bbox 1264 3352 1323 3405; x_wconf 88' lang='grc' dir='ltr'>ὃν</span> <span class='ocrx_word' id='word_1_488' title='bbox 1348 3353 1449 3406; x_wconf 81' lang='grc' dir='ltr'><strong>οὐκ</strong></span> <span class='ocrx_word' id='word_1_489' title='bbox 1479 3353 1705 3418; x_wconf 78' lang='grc' dir='ltr'>ἔδωκας.</span> 
     </span>
    </p>
   </div>
   <div class='ocr_carea' id='block_1_63' title="bbox 134 3437 1711 3515">
    <p class='ocr_par' dir='ltr' id='par_1_63' title="bbox 134 3437 1711 3515">
     <span class='ocr_line' id='line_1_63' title="bbox 134 3437 1711 3515; baseline 0.005 -24"><span class='ocrx_word' id='word_1_490' title='bbox 134 3437 298 3492; x_wconf 86' lang='grc' dir='ltr'>Οῦτω</span> <span class='ocrx_word' id='word_1_491' title='bbox 337 3440 432 3493; x_wconf 77' lang='grc' dir='ltr'><strong>καὶ</strong></span> <span class='ocrx_word' id='word_1_492' title='bbox 468 3439 718 3508; x_wconf 78' lang='grc' dir='ltr'>ἐνταῦθα,</span> <span class='ocrx_word' id='word_1_493' title='bbox 749 3440 810 3494; x_wconf 85' lang='grc' dir='ltr'><strong>οὐ</strong></span> <span class='ocrx_word' id='word_1_494' title='bbox 843 3441 1199 3515; x_wconf 70' lang='grc' dir='ltr'>παρεκλήθης</span> <span class='ocrx_word' id='word_1_495' title='bbox 1224 3444 1310 3513; x_wconf 78' lang='grc' dir='ltr'><strong>ἐφ’</strong></span> <span class='ocrx_word' id='word_1_496' title='bbox 1342 3444 1585 3499; x_wconf 77' lang='grc' dir='ltr'>ἑστίασίν</span> <span class='ocrx_word' id='word_1_497' title='bbox 1623 3462 1711 3499; x_wconf 88' lang='grc' dir='ltr'>τι-</span> 
     </span>
    </p>
   </div>
   <div class='ocr_carea' id='block_1_64' title="bbox 137 3532 1711 3605">
    <p class='ocr_par' dir='ltr' id='par_1_64' title="bbox 137 3532 1711 3605">
     <span class='ocr_line' id='line_1_64' title="bbox 137 3532 1711 3605; baseline 0.004 -20"><span class='ocrx_word' id='word_1_498' title='bbox 137 3548 229 3595; x_wconf 88' lang='grc' dir='ltr'><strong>νος</strong></span> <span class='ocrx_word' id='word_1_499' title='bbox 253 3547 270 3564; x_wconf 77' lang='grc'>⁸</span> <span class='ocrx_word' id='word_1_500' title='bbox 308 3532 367 3585; x_wconf 83' lang='grc' dir='ltr'><strong>οὐ</strong></span> <span class='ocrx_word' id='word_1_501' title='bbox 396 3533 504 3605; x_wconf 85' lang='grc' dir='ltr'><strong>γὰρ</strong></span> <span class='ocrx_word' id='word_1_502' title='bbox 534 3533 738 3597; x_wconf 75' lang='grc' dir='ltr'>ἔδωκας</span> <span class='ocrx_word' id='word_1_503' title='bbox 770 3534 848 3605; x_wconf 76' lang='grc' dir='ltr'>τῷ</span> <span class='ocrx_word' id='word_1_504' title='bbox 880 3536 1134 3591; x_wconf 79' lang='grc' dir='ltr'>καλοῦντι</span> <span class='ocrx_word' id='word_1_505' title='bbox 1179 3538 1302 3591; x_wconf 85' lang='grc' dir='ltr'>ὅσου</span> <span class='ocrx_word' id='word_1_506' title='bbox 1349 3535 1609 3591; x_wconf 83' lang='grc' dir='ltr'>πωλεῖται</span> <span class='ocrx_word' id='word_1_507' title='bbox 1650 3536 1711 3591; x_wconf 79' lang='grc' dir='ltr'>τὸ</span> 
     </span>
    </p>
   </div>
   <div class='ocr_carea' id='block_1_65' title="bbox 131 3623 1710 3699">
    <p class='ocr_par' dir='ltr' id='par_1_65' title="bbox 131 3623 1710 3699">
     <span class='ocr_line' id='line_1_65' title="bbox 131 3623 1710 3699; baseline 0.004 -22"><span class='ocrx_word' id='word_1_508' title='bbox 131 3623 371 3689; x_wconf 86' lang='grc' dir='ltr'>δεῖπνον,</span> <span class='ocrx_word' id='word_1_509' title='bbox 402 3625 626 3679; x_wconf 73' lang='grc' dir='ltr'>ἐπαίνου</span> <span class='ocrx_word' id='word_1_510' title='bbox 659 3624 716 3679; x_wconf 84' lang='grc' dir='ltr'>δὲ</span> <span class='ocrx_word' id='word_1_511' title='bbox 752 3626 917 3680; x_wconf 83' lang='grc' dir='ltr'>αὑτοῦ</span> <span class='ocrx_word' id='word_1_512' title='bbox 962 3627 1150 3693; x_wconf 85' lang='grc' dir='ltr'>πωλεῖ,</span> <span class='ocrx_word' id='word_1_513' title='bbox 1181 3626 1479 3699; x_wconf 87' lang='grc' dir='ltr'>θεραπείας</span> <span class='ocrx_word' id='word_1_514' title='bbox 1518 3628 1710 3691; x_wconf 81' lang='grc' dir='ltr'>πωλεῖ,</span> 
     </span>
    </p>
   </div>
   <div class='ocr_carea' id='block_1_66' title="bbox 132 3715 1712 3789">
    <p class='ocr_par' dir='ltr' id='par_1_66' title="bbox 132 3715 1712 3789">
     <span class='ocr_line' id='line_1_66' title="bbox 132 3715 1712 3789; baseline 0.003 -21"><span class='ocrx_word' id='word_1_515' title='bbox 132 3715 225 3779; x_wconf 84' lang='grc' dir='ltr'><strong>δὸς</strong></span> <span class='ocrx_word' id='word_1_516' title='bbox 260 3716 320 3769; x_wconf 77' lang='grc' dir='ltr'>τὸ</span> <span class='ocrx_word' id='word_1_517' title='bbox 348 3716 600 3788; x_wconf 85' lang='grc' dir='ltr'>διάφορον</span> <span class='ocrx_word' id='word_1_518' title='bbox 626 3718 700 3788; x_wconf 86' lang='grc' dir='ltr'>(εῖ</span> <span class='ocrx_word' id='word_1_519' title='bbox 731 3735 813 3772; x_wconf 87' lang='grc' dir='ltr'><strong>σοι</strong></span> <span class='ocrx_word' id='word_1_520' title='bbox 846 3717 1143 3789; x_wconf 84' lang='grc' dir='ltr'>λυσιτελὲς)</span> <span class='ocrx_word' id='word_1_521' title='bbox 1175 3720 1301 3773; x_wconf 86' lang='grc' dir='ltr'>ὅσου</span> <span class='ocrx_word' id='word_1_522' title='bbox 1342 3720 1627 3785; x_wconf 89' lang='grc' dir='ltr'>πωλεῖται,</span> <span class='ocrx_word' id='word_1_523' title='bbox 1663 3721 1712 3773; x_wconf 87' lang='grc' dir='ltr'><strong>εί</strong></span> 
     </span>
    </p>
   </div>
   <div class='ocr_carea' id='block_1_67' title="bbox 138 3806 1711 3891">
    <p class='ocr_par' dir='ltr' id='par_1_67' title="bbox 138 3806 1711 3891">
     <span class='ocr_line' id='line_1_67' title="bbox 138 3806 1711 3891; baseline 0.004 -31"><span class='ocrx_word' id='word_1_524' title='bbox 138 3806 199 3861; x_wconf 80' lang='grc' dir='ltr'>δὲ</span> <span class='ocrx_word' id='word_1_525' title='bbox 231 3808 459 3862; x_wconf 85' lang='grc' dir='ltr'>κάκεῖνα</span> <span class='ocrx_word' id='word_1_526' title='bbox 510 3808 685 3873; x_wconf 84' lang='grc' dir='ltr'>θέλεις</span> <span class='ocrx_word' id='word_1_527' title='bbox 724 3809 799 3881; x_wconf 84' lang='grc' dir='ltr'>μὴ</span> <span class='ocrx_word' id='word_1_528' title='bbox 828 3810 1146 3891; x_wconf 56' lang='grc' dir='ltr'>προΐεσθαι,</span> <span class='ocrx_word' id='word_1_529' title='bbox 1180 3811 1274 3865; x_wconf 59' lang='grc' dir='ltr'><strong>κα)⁸</strong></span> <span class='ocrx_word' id='word_1_530' title='bbox 1302 3812 1475 3865; x_wconf 89' lang='grc' dir='ltr'>ταῦτα</span> <span class='ocrx_word' id='word_1_531' title='bbox 1500 3811 1711 3882; x_wconf 80' lang='grc' dir='ltr'>λαμὸά-</span> 
     </span>
    </p>
   </div>
   <div class='ocr_carea' id='block_1_68' title="bbox 136 3895 1709 3974">
    <p class='ocr_par' dir='ltr' id='par_1_68' title="bbox 136 3895 1709 3974">
     <span class='ocr_line' id='line_1_68' title="bbox 136 3895 1709 3974; baseline 0.005 -27"><span class='ocrx_word' id='word_1_532' title='bbox 136 3914 252 3951; x_wconf 89' lang='grc' dir='ltr'>νειν</span> <span class='ocrx_word' id='word_1_533' title='bbox 276 3938 292 3962; x_wconf 91' lang='grc'><strong>,</strong></span> <span class='ocrx_word' id='word_1_534' title='bbox 327 3899 600 3971; x_wconf 83' lang='grc' dir='ltr'>ἄπληστος</span> <span class='ocrx_word' id='word_1_535' title='bbox 653 3895 705 3954; x_wconf 81' lang='grc' dir='ltr'>εἷ</span> <span class='ocrx_word' id='word_1_536' title='bbox 757 3901 853 3955; x_wconf 69' lang='grc' dir='ltr'>καὶ</span> <span class='ocrx_word' id='word_1_537' title='bbox 900 3900 1211 3973; x_wconf 78' lang='grc' dir='ltr'>ἀϐέλτερος.</span> <span class='ocrx_word' id='word_1_538' title='bbox 1250 3901 1415 3956; x_wconf 79' lang='grc' dir='ltr'>Οὐδὲν</span> <span class='ocrx_word' id='word_1_539' title='bbox 1444 3898 1538 3958; x_wconf 80' lang='grc' dir='ltr'><strong>οῦν</strong></span> <span class='ocrx_word' id='word_1_540' title='bbox 1563 3902 1709 3974; x_wconf 76' lang='grc' dir='ltr'>ἔχεις</span> 
     </span>
    </p>
   </div>
   <div class='ocr_carea' id='block_1_69' title="bbox 135 3989 1705 4064">
    <p class='ocr_par' dir='ltr' id='par_1_69' title="bbox 135 3989 1705 4064">
     <span class='ocr_line' id='line_1_69' title="bbox 135 3989 1705 4064; baseline 0.004 -24"><span class='ocrx_word' id='word_1_541' title='bbox 135 3989 259 4041; x_wconf 77' lang='grc' dir='ltr'>ἀντὶ</span> <span class='ocrx_word' id='word_1_542' title='bbox 289 3989 381 4043; x_wconf 92' lang='grc' dir='ltr'><strong>τοῦ</strong></span> <span class='ocrx_word' id='word_1_543' title='bbox 411 3990 626 4045; x_wconf 87' lang='grc' dir='ltr'>δείπνου</span> <span class='ocrx_word' id='word_1_544' title='bbox 651 4009 666 4058; x_wconf 91' lang='lat'><strong>;</strong></span> <span class='ocrx_word' id='word_1_545' title='bbox 702 3993 886 4062; x_wconf 86' lang='grc' dir='ltr'>Ἔχεις</span> <span class='ocrx_word' id='word_1_546' title='bbox 909 3993 971 4045; x_wconf 82' lang='grc' dir='ltr'>τὸ</span> <span class='ocrx_word' id='word_1_547' title='bbox 1001 3992 1077 4064; x_wconf 80' lang='grc' dir='ltr'>μὴ</span> <span class='ocrx_word' id='word_1_548' title='bbox 1102 3994 1387 4047; x_wconf 74' lang='grc' dir='ltr'>ἐπαινέσαι</span> <span class='ocrx_word' id='word_1_549' title='bbox 1412 3994 1622 4057; x_wconf 88' lang='grc' dir='ltr'>τοῦτον,</span> <span class='ocrx_word' id='word_1_550' title='bbox 1645 3994 1705 4047; x_wconf 82' lang='grc' dir='ltr'>ὃν</span> 
     </span>
    </p>
   </div>
   <div class='ocr_carea' id='block_1_70' title="bbox 136 4078 1705 4155">
    <p class='ocr_par' dir='ltr' id='par_1_70' title="bbox 136 4078 1705 4155">
     <span class='ocr_line' id='line_1_70' title="bbox 136 4078 1705 4155; baseline 0.005 -25"><span class='ocrx_word' id='word_1_551' title='bbox 136 4079 236 4131; x_wconf 79' lang='grc' dir='ltr'><strong>οὐκ</strong></span> <span class='ocrx_word' id='word_1_552' title='bbox 264 4078 487 4149; x_wconf 49' lang='grc' dir='ltr'>ἤθελες</span> <span class='ocrx_word' id='word_1_553' title='bbox 542 4081 603 4134; x_wconf 80' lang='grc' dir='ltr'>τὸ</span> <span class='ocrx_word' id='word_1_554' title='bbox 635 4080 709 4153; x_wconf 83' lang='grc' dir='ltr'>μὴ</span> <span class='ocrx_word' id='word_1_555' title='bbox 737 4082 1069 4153; x_wconf 83' lang='grc' dir='ltr'>ἀνασχέσθαι</span> <span class='ocrx_word' id='word_1_556' title='bbox 1112 4083 1277 4137; x_wconf 84' lang='grc' dir='ltr'>αὑτοῦ</span> <span class='ocrx_word' id='word_1_557' title='bbox 1324 4084 1434 4138; x_wconf 83' lang='grc' dir='ltr'>τῶν</span> <span class='ocrx_word' id='word_1_558' title='bbox 1479 4086 1571 4139; x_wconf 73' lang='grc' dir='ltr'>ἐπὶ</span> <span class='ocrx_word' id='word_1_559' title='bbox 1605 4085 1705 4155; x_wconf 80' lang='grc' dir='ltr'>τῆς</span> 
     </span>
    </p>
   </div>
   <div class='ocr_carea' id='block_1_71' title="bbox 136 4170 367 4225">
    <p class='ocr_par' dir='ltr' id='par_1_71' title="bbox 136 4170 367 4225">
     <span class='ocr_line' id='line_1_71' title="bbox 136 4170 367 4225; baseline 0.009 -2"><span class='ocrx_word' id='word_1_560' title='bbox 136 4170 367 4225; x_wconf 68' lang='grc' dir='ltr'>εἰσόδου.</span> 
     </span>
    </p>
   </div>
   <div class='ocr_carea' id='block_1_72' title="bbox 136 4269 545 4331">
    <p class='ocr_par' dir='ltr' id='par_1_72' title="bbox 136 4269 545 4331">
     <span class='ocr_line' id='line_1_72' title="bbox 136 4269 545 4331; baseline 0.015 -18"><span class='ocrx_word' id='word_1_561' title='bbox 136 4269 302 4331; x_wconf 90' lang='lat' dir='ltr'><strong>atque</strong></span> <span class='ocrx_word' id='word_1_562' title='bbox 356 4276 545 4319; x_wconf 88' lang='lat' dir='ltr'><strong>vecors</strong></span> 
     </span>
    </p>
   </div>
   <div class='ocr_carea' id='block_1_73' title="bbox 1804 3252 3390 3329">
    <p class='ocr_par' dir='ltr' id='par_1_73' title="bbox 1804 3252 3390 3329">
     <span class='ocr_line' id='line_1_73' title="bbox 1804 3252 3390 3329; baseline -0.003 -18"><span class='ocrx_word' id='word_1_563' title='bbox 1804 3257 1885 3311; x_wconf 89' lang='lat' dir='ltr'><strong>sic</strong></span> <span class='ocrx_word' id='word_1_564' title='bbox 1913 3256 2183 3326; x_wconf 86' lang='lat' dir='ltr'><strong>contigat;</strong></span> <span class='ocrx_word' id='word_1_565' title='bbox 2212 3260 2256 3313; x_wconf 92' lang='lat' dir='ltr'><strong>si</strong></span> <span class='ocrx_word' id='word_1_566' title='bbox 2288 3259 2413 3329; x_wconf 91' lang='lat' dir='ltr'><strong>quis</strong></span> <span class='ocrx_word' id='word_1_567' title='bbox 2438 3273 2566 3329; x_wconf 81' lang='lat' dir='ltr'><strong>ergo</strong></span> <span class='ocrx_word' id='word_1_568' title='bbox 2593 3258 2812 3313; x_wconf 91' lang='lat' dir='ltr'><strong>obolum</strong></span> <span class='ocrx_word' id='word_1_569' title='bbox 2856 3270 3087 3327; x_wconf 88' lang='lat' dir='ltr'><strong>erogans</strong></span> <span class='ocrx_word' id='word_1_570' title='bbox 3120 3252 3390 3323; x_wconf 86' lang='lat' dir='ltr'><strong>acceperit</strong></span> 
     </span>
    </p>
   </div>
   <div class='ocr_carea' id='block_1_74' title="bbox 1804 3344 3389 3419">
    <p class='ocr_par' dir='ltr' id='par_1_74' title="bbox 1804 3344 3389 3419">
     <span class='ocr_line' id='line_1_74' title="bbox 1804 3344 3389 3419; baseline -0.003 -18"><span class='ocrx_word' id='word_1_571' title='bbox 1804 3347 2069 3411; x_wconf 85' lang='lat' dir='ltr'><strong>lactucas,</strong></span> <span class='ocrx_word' id='word_1_572' title='bbox 2103 3356 2160 3403; x_wconf 89' lang='lat' dir='ltr'><strong>tu</strong></span> <span class='ocrx_word' id='word_1_573' title='bbox 2202 3364 2332 3405; x_wconf 88' lang='lat' dir='ltr'><strong>vero</strong></span> <span class='ocrx_word' id='word_1_574' title='bbox 2380 3364 2487 3403; x_wconf 90' lang='lat' dir='ltr'><strong>non</strong></span> <span class='ocrx_word' id='word_1_575' title='bbox 2536 3363 2790 3419; x_wconf 81' lang='lat' dir='ltr'><strong>erOgans,</strong></span> <span class='ocrx_word' id='word_1_576' title='bbox 2826 3362 2939 3402; x_wconf 91' lang='lat' dir='ltr'><strong>non</strong></span> <span class='ocrx_word' id='word_1_577' title='bbox 2994 3344 3289 3415; x_wconf 89' lang='lat' dir='ltr'><strong>acceperis,</strong></span> <span class='ocrx_word' id='word_1_578' title='bbox 3318 3358 3389 3397; x_wconf 91' lang='lat' dir='ltr'><strong>ne</strong></span> 
     </span>
    </p>
   </div>
   <div class='ocr_carea' id='block_1_75' title="bbox 1806 3435 3387 3510">
    <p class='ocr_par' dir='ltr' id='par_1_75' title="bbox 1806 3435 3387 3510">
     <span class='ocr_line' id='line_1_75' title="bbox 1806 3435 3387 3510; baseline -0.003 -16"><span class='ocrx_word' id='word_1_579' title='bbox 1806 3441 2044 3509; x_wconf 91' lang='lat' dir='ltr'><strong>opineris</strong></span> <span class='ocrx_word' id='word_1_580' title='bbox 2070 3449 2121 3494; x_wconf 88' lang='lat' dir='ltr'><strong>te</strong></span> <span class='ocrx_word' id='word_1_581' title='bbox 2141 3441 2321 3496; x_wconf 89' lang='lat' dir='ltr'><strong>minus</strong></span> <span class='ocrx_word' id='word_1_582' title='bbox 2350 3441 2549 3496; x_wconf 89' lang='lat' dir='ltr'><strong>habere</strong></span> <span class='ocrx_word' id='word_1_583' title='bbox 2570 3441 2663 3494; x_wconf 91' lang='lat' dir='ltr'><strong>illo</strong></span> <span class='ocrx_word' id='word_1_584' title='bbox 2679 3439 2773 3510; x_wconf 87' lang='lat' dir='ltr'><strong>qui</strong></span> <span class='ocrx_word' id='word_1_585' title='bbox 2805 3439 3033 3508; x_wconf 86' lang='lat' dir='ltr'><strong>accepit.</strong></span> <span class='ocrx_word' id='word_1_586' title='bbox 3060 3436 3215 3491; x_wconf 90' lang='lat' dir='ltr'><strong>Sicut</strong></span> <span class='ocrx_word' id='word_1_587' title='bbox 3240 3435 3387 3489; x_wconf 92' lang='lat' dir='ltr'><strong>enim</strong></span> 
     </span>
    </p>
   </div>
   <div class='ocr_carea' id='block_1_76' title="bbox 1808 3527 3385 3599">
    <p class='ocr_par' dir='ltr' id='par_1_76' title="bbox 1808 3527 3385 3599">
     <span class='ocr_line' id='line_1_76' title="bbox 1808 3527 3385 3599; baseline -0.004 -12"><span class='ocrx_word' id='word_1_588' title='bbox 1808 3530 1972 3587; x_wconf 83' lang='lat' dir='ltr'><strong>habet</strong></span> <span class='ocrx_word' id='word_1_589' title='bbox 2011 3531 2104 3586; x_wconf 89' lang='lat' dir='ltr'><strong>ille</strong></span> <span class='ocrx_word' id='word_1_590' title='bbox 2151 3531 2413 3596; x_wconf 83' lang='lat' dir='ltr'><strong>lactucas,</strong></span> <span class='ocrx_word' id='word_1_591' title='bbox 2471 3531 2543 3585; x_wconf 91' lang='lat' dir='ltr'><strong>ita</strong></span> <span class='ocrx_word' id='word_1_592' title='bbox 2601 3540 2659 3585; x_wconf 89' lang='lat' dir='ltr'><strong>tu</strong></span> <span class='ocrx_word' id='word_1_593' title='bbox 2696 3529 2899 3585; x_wconf 86' lang='lat' dir='ltr'><strong>retines</strong></span> <span class='ocrx_word' id='word_1_594' title='bbox 2947 3527 3111 3599; x_wconf 82' lang='lat'><strong>339</strong></span> <span class='ocrx_word' id='word_1_595' title='bbox 3139 3527 3385 3591; x_wconf 90' lang='lat' dir='ltr'><strong>obolum,</strong></span> 
     </span>
    </p>
   </div>
   <div class='ocr_carea' id='block_1_77' title="bbox 1808 3620 3389 3692">
    <p class='ocr_par' dir='ltr' id='par_1_77' title="bbox 1808 3620 3389 3692">
     <span class='ocr_line' id='line_1_77' title="bbox 1808 3620 3389 3692; baseline -0.003 -15"><span class='ocrx_word' id='word_1_596' title='bbox 1808 3639 1970 3692; x_wconf 89' lang='lat' dir='ltr'><strong>quem</strong></span> <span class='ocrx_word' id='word_1_597' title='bbox 2001 3639 2111 3679; x_wconf 92' lang='lat' dir='ltr'><strong>non</strong></span> <span class='ocrx_word' id='word_1_598' title='bbox 2139 3623 2337 3679; x_wconf 86' lang='lat' dir='ltr'><strong>dedisti</strong></span> <span class='ocrx_word' id='word_1_599' title='bbox 2374 3641 2390 3678; x_wconf 90' lang='lat'><strong>:</strong></span> <span class='ocrx_word' id='word_1_600' title='bbox 2429 3637 2519 3679; x_wconf 89' lang='lat' dir='ltr'><strong>res</strong></span> <span class='ocrx_word' id='word_1_601' title='bbox 2552 3622 2713 3679; x_wconf 87' lang='lat' dir='ltr'><strong>etiam</strong></span> <span class='ocrx_word' id='word_1_602' title='bbox 2739 3620 2821 3679; x_wconf 88' lang='lat' dir='ltr'><strong>sic</strong></span> <span class='ocrx_word' id='word_1_603' title='bbox 2840 3635 2901 3677; x_wconf 89' lang='lat' dir='ltr'><strong>se</strong></span> <span class='ocrx_word' id='word_1_604' title='bbox 2927 3620 3091 3676; x_wconf 88' lang='lat' dir='ltr'><strong>habet</strong></span> <span class='ocrx_word' id='word_1_605' title='bbox 3116 3620 3172 3675; x_wconf 90' lang='lat' dir='ltr'><strong>in</strong></span> <span class='ocrx_word' id='word_1_606' title='bbox 3199 3628 3389 3674; x_wconf 89' lang='lat' dir='ltr'><strong>nostro</strong></span> 
     </span>
    </p>
   </div>
   <div class='ocr_carea' id='block_1_78' title="bbox 1806 3711 3388 3785">
    <p class='ocr_par' dir='ltr' id='par_1_78' title="bbox 1806 3711 3388 3785">
     <span class='ocr_line' id='line_1_78' title="bbox 1806 3711 3388 3785; baseline -0.003 -16"><span class='ocrx_word' id='word_1_607' title='bbox 1806 3716 2121 3785; x_wconf 81' lang='lat' dir='ltr'><strong>praposito;</strong></span> <span class='ocrx_word' id='word_1_608' title='bbox 2168 3724 2395 3773; x_wconf 86' lang='lat' dir='ltr'><strong>vocatus</strong></span> <span class='ocrx_word' id='word_1_609' title='bbox 2421 3732 2532 3771; x_wconf 91' lang='lat' dir='ltr'><strong>non</strong></span> <span class='ocrx_word' id='word_1_610' title='bbox 2578 3731 2637 3771; x_wconf 86' lang='lat' dir='ltr'><strong>es</strong></span> <span class='ocrx_word' id='word_1_611' title='bbox 2691 3714 2760 3770; x_wconf 87' lang='lat' dir='ltr'><strong>ad</strong></span> <span class='ocrx_word' id='word_1_612' title='bbox 2795 3713 3027 3784; x_wconf 89' lang='lat' dir='ltr'><strong>alicujus</strong></span> <span class='ocrx_word' id='word_1_613' title='bbox 3074 3711 3388 3767; x_wconf 85' lang='lat' dir='ltr'><strong>convivium</strong></span> 
     </span>
    </p>
   </div>
   <div class='ocr_carea' id='block_1_79' title="bbox 1805 3802 3386 3877">
    <p class='ocr_par' dir='ltr' id='par_1_79' title="bbox 1805 3802 3386 3877">
     <span class='ocr_line' id='line_1_79' title="bbox 1805 3802 3386 3877; baseline -0.004 -15"><span class='ocrx_word' id='word_1_614' title='bbox 1805 3808 1934 3877; x_wconf 92' lang='lat' dir='ltr'><strong>quia</strong></span> <span class='ocrx_word' id='word_1_615' title='bbox 1964 3822 2073 3861; x_wconf 93' lang='lat' dir='ltr'><strong>non</strong></span> <span class='ocrx_word' id='word_1_616' title='bbox 2102 3806 2300 3863; x_wconf 90' lang='lat' dir='ltr'><strong>dedisti</strong></span> <span class='ocrx_word' id='word_1_617' title='bbox 2325 3806 2541 3863; x_wconf 90' lang='lat' dir='ltr'><strong>vocanti</strong></span> <span class='ocrx_word' id='word_1_618' title='bbox 2566 3805 2755 3876; x_wconf 85' lang='lat' dir='ltr'><strong>quanti</strong></span> <span class='ocrx_word' id='word_1_619' title='bbox 2779 3805 3036 3861; x_wconf 88' lang='lat' dir='ltr'><strong>venditur</strong></span> <span class='ocrx_word' id='word_1_620' title='bbox 3060 3802 3386 3875; x_wconf 89' lang='lat' dir='ltr'><strong>prandium;</strong></span> 
     </span>
    </p>
   </div>
   <div class='ocr_carea' id='block_1_80' title="bbox 1804 3892 3389 3969">
    <p class='ocr_par' dir='ltr' id='par_1_80' title="bbox 1804 3892 3389 3969">
     <span class='ocr_line' id='line_1_80' title="bbox 1804 3892 3389 3969; baseline -0.005 -16"><span class='ocrx_word' id='word_1_621' title='bbox 1804 3898 1988 3954; x_wconf 90' lang='lat' dir='ltr'><strong>vendit</strong></span> <span class='ocrx_word' id='word_1_622' title='bbox 2014 3908 2195 3955; x_wconf 89' lang='lat' dir='ltr'><strong>autem</strong></span> <span class='ocrx_word' id='word_1_623' title='bbox 2230 3915 2330 3969; x_wconf 90' lang='lat' dir='ltr'><strong>pro</strong></span> <span class='ocrx_word' id='word_1_624' title='bbox 2361 3900 2447 3956; x_wconf 91' lang='lat' dir='ltr'><strong>sui</strong></span> <span class='ocrx_word' id='word_1_625' title='bbox 2481 3899 2655 3969; x_wconf 90' lang='lat' dir='ltr'><strong>ipsius</strong></span> <span class='ocrx_word' id='word_1_626' title='bbox 2688 3896 3020 3961; x_wconf 83' lang='lat' dir='ltr'><strong>laudatione,</strong></span> <span class='ocrx_word' id='word_1_627' title='bbox 3075 3909 3175 3965; x_wconf 89' lang='lat' dir='ltr'><strong>pro</strong></span> <span class='ocrx_word' id='word_1_628' title='bbox 3210 3892 3389 3947; x_wconf 89' lang='lat' dir='ltr'><strong>famu-</strong></span> 
     </span>
    </p>
   </div>
   <div class='ocr_carea' id='block_1_81' title="bbox 1804 3984 3387 4059">
    <p class='ocr_par' dir='ltr' id='par_1_81' title="bbox 1804 3984 3387 4059">
     <span class='ocr_line' id='line_1_81' title="bbox 1804 3984 3387 4059; baseline -0.005 -17"><span class='ocrx_word' id='word_1_629' title='bbox 1804 3990 1940 4051; x_wconf 88' lang='lat' dir='ltr'><strong>latu,</strong></span> <span class='ocrx_word' id='word_1_630' title='bbox 1969 4004 2034 4045; x_wconf 89' lang='lat' dir='ltr'><strong>ac</strong></span> <span class='ocrx_word' id='word_1_631' title='bbox 2069 3988 2336 4059; x_wconf 88' lang='lat' dir='ltr'><strong>obsequio</strong></span> <span class='ocrx_word' id='word_1_632' title='bbox 2374 3989 2589 4055; x_wconf 85' lang='lat' dir='ltr'><strong>vendit;</strong></span> <span class='ocrx_word' id='word_1_633' title='bbox 2631 3994 2837 4042; x_wconf 88' lang='lat' dir='ltr'><strong>tantam</strong></span> <span class='ocrx_word' id='word_1_634' title='bbox 2889 3984 3067 4056; x_wconf 63' lang='lat' dir='ltr'><strong>praebe</strong></span> <span class='ocrx_word' id='word_1_635' title='bbox 3094 3996 3387 4052; x_wconf 82' lang='lat' dir='ltr'><strong>expensam</strong></span> 
     </span>
    </p>
   </div>
   <div class='ocr_carea' id='block_1_82' title="bbox 1810 4071 3391 4151">
    <p class='ocr_par' dir='ltr' id='par_1_82' title="bbox 1810 4071 3391 4151">
     <span class='ocr_line' id='line_1_82' title="bbox 1810 4071 3391 4151; baseline -0.006 -17"><span class='ocrx_word' id='word_1_636' title='bbox 1810 4079 1875 4151; x_wconf 88' lang='lat' dir='ltr'><strong>(si</strong></span> <span class='ocrx_word' id='word_1_637' title='bbox 1909 4079 2005 4136; x_wconf 90' lang='lat' dir='ltr'><strong>tibi</strong></span> <span class='ocrx_word' id='word_1_638' title='bbox 2064 4080 2301 4151; x_wconf 84' lang='lat' dir='ltr'><strong>expedit)</strong></span> <span class='ocrx_word' id='word_1_639' title='bbox 2339 4078 2527 4149; x_wconf 89' lang='lat' dir='ltr'><strong>quanti</strong></span> <span class='ocrx_word' id='word_1_640' title='bbox 2572 4075 2919 4142; x_wconf 88' lang='lat' dir='ltr'><strong>divenditur;</strong></span> <span class='ocrx_word' id='word_1_641' title='bbox 2977 4073 3022 4128; x_wconf 88' lang='lat' dir='ltr'><strong>si</strong></span> <span class='ocrx_word' id='word_1_642' title='bbox 3046 4087 3175 4127; x_wconf 91' lang='lat' dir='ltr'><strong>vero</strong></span> <span class='ocrx_word' id='word_1_643' title='bbox 3214 4080 3269 4125; x_wconf 92' lang='lat' dir='ltr'><strong>et</strong></span> <span class='ocrx_word' id='word_1_644' title='bbox 3299 4071 3391 4125; x_wconf 89' lang='lat' dir='ltr'><strong>illa</strong></span> 
     </span>
    </p>
   </div>
   <div class='ocr_carea' id='block_1_83' title="bbox 1809 4162 3387 4244">
    <p class='ocr_par' dir='ltr' id='par_1_83' title="bbox 1809 4162 3387 4244">
     <span class='ocr_line' id='line_1_83' title="bbox 1809 4162 3387 4244; baseline -0.008 -15"><span class='ocrx_word' id='word_1_645' title='bbox 1809 4189 2037 4244; x_wconf 78' lang='lat' dir='ltr'><strong>erogare</strong></span> <span class='ocrx_word' id='word_1_646' title='bbox 2088 4172 2266 4236; x_wconf 90' lang='lat' dir='ltr'><strong>nolis,</strong></span> <span class='ocrx_word' id='word_1_647' title='bbox 2326 4180 2380 4226; x_wconf 92' lang='lat' dir='ltr'><strong>et</strong></span> <span class='ocrx_word' id='word_1_648' title='bbox 2409 4170 2656 4240; x_wconf 88' lang='lat' dir='ltr'><strong>accipere</strong></span> <span class='ocrx_word' id='word_1_649' title='bbox 2718 4168 2860 4233; x_wconf 84' lang='lat' dir='ltr'><strong>ista,</strong></span> <span class='ocrx_word' id='word_1_650' title='bbox 2925 4162 3263 4234; x_wconf 82' lang='lat' dir='ltr'><strong>inexplebilis</strong></span> <span class='ocrx_word' id='word_1_651' title='bbox 3305 4177 3387 4236; x_wconf 75' lang='lat' dir='ltr'><strong>es,</strong></span> 
     </span>
    </p>
   </div>
   <div class='ocr_carea' id='block_1_84' title="bbox 602 4257 3389 4339">
    <p class='ocr_par' dir='ltr' id='par_1_84' title="bbox 602 4257 3389 4339">
     <span class='ocr_line' id='line_1_84' title="bbox 602 4257 3389 4339; baseline -0.005 -17"><span class='ocrx_word' id='word_1_652' title='bbox 602 4282 620 4322; x_wconf 87' lang='lat'><strong>:</strong></span> <span class='ocrx_word' id='word_1_653' title='bbox 669 4264 808 4320; x_wconf 88' lang='lat' dir='ltr'><strong>nihil</strong></span> <span class='ocrx_word' id='word_1_654' title='bbox 846 4263 1014 4337; x_wconf 90' lang='lat' dir='ltr'><strong>igitur</strong></span> <span class='ocrx_word' id='word_1_655' title='bbox 1064 4265 1237 4324; x_wconf 86' lang='lat' dir='ltr'><strong>habes</strong></span> <span class='ocrx_word' id='word_1_656' title='bbox 1301 4267 1419 4324; x_wconf 89' lang='lat' dir='ltr'><strong>vice</strong></span> <span class='ocrx_word' id='word_1_657' title='bbox 1469 4269 1715 4339; x_wconf 83' lang='lat' dir='ltr'><strong>praudli?</strong></span> <span class='ocrx_word' id='word_1_658' title='bbox 1754 4267 1932 4323; x_wconf 80' lang='lat' dir='ltr'><strong>[labes</strong></span> <span class='ocrx_word' id='word_1_659' title='bbox 1965 4267 2090 4332; x_wconf 87' lang='lat' dir='ltr'><strong>hoc,</strong></span> <span class='ocrx_word' id='word_1_660' title='bbox 2151 4265 2296 4335; x_wconf 91' lang='lat' dir='ltr'><strong>quod</strong></span> <span class='ocrx_word' id='word_1_661' title='bbox 2327 4278 2520 4332; x_wconf 91' lang='lat' dir='ltr'><strong>nempe</strong></span> <span class='ocrx_word' id='word_1_662' title='bbox 2572 4277 2678 4317; x_wconf 91' lang='lat' dir='ltr'><strong>uon</strong></span> <span class='ocrx_word' id='word_1_663' title='bbox 2732 4257 3020 4316; x_wconf 87' lang='lat' dir='ltr'><strong>dilaudasti</strong></span> <span class='ocrx_word' id='word_1_664' title='bbox 3044 4270 3189 4320; x_wconf 87' lang='lat' dir='ltr'><strong>eum.</strong></span> <span class='ocrx_word' id='word_1_665' title='bbox 3227 4268 3389 4324; x_wconf 93' lang='lat' dir='ltr'><strong>quem</strong></span> 
     </span>
    </p>
   </div>
   <div class='ocr_carea' id='block_1_85' title="bbox 138 4354 2619 4432">
    <p class='ocr_par' dir='ltr' id='par_1_85' title="bbox 138 4354 2619 4432">
     <span class='ocr_line' id='line_1_85' title="bbox 138 4354 2619 4432; baseline 0 -25"><span class='ocrx_word' id='word_1_666' title='bbox 138 4354 395 4419; x_wconf 87' lang='lat' dir='ltr'><strong>noluisti;</strong></span> <span class='ocrx_word' id='word_1_667' title='bbox 449 4355 811 4429; x_wconf 88' lang='lat' dir='ltr'><strong>eumdemque</strong></span> <span class='ocrx_word' id='word_1_668' title='bbox 863 4372 974 4414; x_wconf 90' lang='lat' dir='ltr'><strong>non</strong></span> <span class='ocrx_word' id='word_1_669' title='bbox 1021 4359 1269 4416; x_wconf 83' lang='lat' dir='ltr'><strong>tolerasti</strong></span> <span class='ocrx_word' id='word_1_670' title='bbox 1318 4361 1389 4416; x_wconf 94' lang='lat' dir='ltr'><strong>ob</strong></span> <span class='ocrx_word' id='word_1_671' title='bbox 1438 4376 1524 4427; x_wconf 91' lang='lat' dir='ltr'><strong>ea,</strong></span> <span class='ocrx_word' id='word_1_672' title='bbox 1587 4378 1708 4432; x_wconf 75' lang='lat' dir='ltr'><strong>qua:</strong></span> <span class='ocrx_word' id='word_1_673' title='bbox 1745 4360 1901 4430; x_wconf 91' lang='lat' dir='ltr'><strong>quasi</strong></span> <span class='ocrx_word' id='word_1_674' title='bbox 1934 4374 2032 4429; x_wconf 90' lang='lat' dir='ltr'><strong>pro</strong></span> <span class='ocrx_word' id='word_1_675' title='bbox 2061 4358 2263 4412; x_wconf 88' lang='lat' dir='ltr'><strong>tributo</strong></span> <span class='ocrx_word' id='word_1_676' title='bbox 2294 4355 2619 4425; x_wconf 87' lang='lat' dir='ltr'><strong>requirebat.</strong></span> 
     </span>
    </p>
   </div>
   <div class='ocr_carea' id='block_1_86' title="bbox 715 4498 1105 4559">
    <p class='ocr_par' dir='ltr' id='par_1_86' title="bbox 715 4498 1105 4559">
     <span class='ocr_line' id='line_1_86' title="bbox 715 4498 1105 4559; baseline 0.003 -7"><span class='ocrx_word' id='word_1_677' title='bbox 715 4498 968 4554; x_wconf 80' lang='grc' dir='ltr'><strong>ΚΕΦΔΛ.</strong></span> <span class='ocrx_word' id='word_1_678' title='bbox 1004 4499 1105 4559; x_wconf 74' lang='lat' dir='ltr'><strong>AP</strong></span> 
     </span>
    </p>
   </div>
   <div class='ocr_carea' id='block_1_87' title="bbox 206 4628 1709 4707">
    <p class='ocr_par' dir='ltr' id='par_1_87' title="bbox 206 4628 1709 4707">
     <span class='ocr_line' id='line_1_87' title="bbox 206 4628 1709 4707; baseline 0.005 -26"><span class='ocrx_word' id='word_1_679' title='bbox 206 4628 283 4681; x_wconf 85' lang='grc' dir='ltr'>Τὸ</span> <span class='ocrx_word' id='word_1_680' title='bbox 307 4628 556 4701; x_wconf 86' lang='grc' dir='ltr'>βούλημα</span> <span class='ocrx_word' id='word_1_681' title='bbox 596 4630 697 4703; x_wconf 84' lang='grc' dir='ltr'>τῆς</span> <span class='ocrx_word' id='word_1_682' title='bbox 721 4633 936 4702; x_wconf 89' lang='grc' dir='ltr'>φύσεως</span> <span class='ocrx_word' id='word_1_683' title='bbox 960 4634 1302 4707; x_wconf 77' lang='grc' dir='ltr'>καταμαθεῖν</span> <span class='ocrx_word' id='word_1_684' title='bbox 1335 4636 1503 4699; x_wconf 77' lang='grc' dir='ltr'>ἐστιν,</span> <span class='ocrx_word' id='word_1_685' title='bbox 1543 4635 1602 4701; x_wconf 76' lang='grc' dir='ltr'>ἐξ</span> <span class='ocrx_word' id='word_1_686' title='bbox 1633 4630 1709 4691; x_wconf 82' lang='grc' dir='ltr'><strong>ὧν</strong></span> 
     </span>
    </p>
   </div>
   <div class='ocr_carea' id='block_1_88' title="bbox 136 4719 1708 4798">
    <p class='ocr_par' dir='ltr' id='par_1_88' title="bbox 136 4719 1708 4798">
     <span class='ocr_line' id='line_1_88' title="bbox 136 4719 1708 4798; baseline 0.007 -27"><span class='ocrx_word' id='word_1_687' title='bbox 136 4719 200 4772; x_wconf 87' lang='grc' dir='ltr'><strong>ού</strong></span> <span class='ocrx_word' id='word_1_688' title='bbox 227 4720 595 4793; x_wconf 83' lang='grc' dir='ltr'>διαφερόμεθα</span> <span class='ocrx_word' id='word_1_689' title='bbox 630 4725 767 4796; x_wconf 82' lang='grc' dir='ltr'>πρὸς</span> <span class='ocrx_word' id='word_1_690' title='bbox 787 4725 1071 4798; x_wconf 82' lang='grc' dir='ltr'>ἀλλήλους,</span> <span class='ocrx_word' id='word_1_691' title='bbox 1094 4721 1221 4782; x_wconf 78' lang='grc' dir='ltr'>υἷον</span> <span class='ocrx_word' id='word_1_692' title='bbox 1250 4728 1379 4782; x_wconf 82' lang='grc' dir='ltr'>ὅταν</span> <span class='ocrx_word' id='word_1_693' title='bbox 1407 4728 1536 4782; x_wconf 76' lang='grc' dir='ltr'>ἄλλο</span> <span class='ocrx_word' id='word_1_694' title='bbox 1578 4747 1708 4782; x_wconf 89' lang='grc' dir='ltr'>παι-</span> 
     </span>
    </p>
   </div>
   <div class='ocr_carea' id='block_1_89' title="bbox 135 4808 1709 4890">
    <p class='ocr_par' dir='ltr' id='par_1_89' title="bbox 135 4808 1709 4890">
     <span class='ocr_line' id='line_1_89' title="bbox 135 4808 1709 4890; baseline 0.006 -26"><span class='ocrx_word' id='word_1_695' title='bbox 135 4808 324 4883; x_wconf 87' lang='grc' dir='ltr'>δάριον</span> <span class='ocrx_word' id='word_1_696' title='bbox 342 4814 584 4888; x_wconf 82' lang='grc' dir='ltr'>κατεάξῃ</span> <span class='ocrx_word' id='word_1_697' title='bbox 601 4815 660 4868; x_wconf 77' lang='grc' dir='ltr'>τὸ</span> <span class='ocrx_word' id='word_1_698' title='bbox 682 4817 944 4888; x_wconf 75' lang='grc' dir='ltr'>ποτήριον</span> <span class='ocrx_word' id='word_1_699' title='bbox 974 4819 1263 4890; x_wconf 85' lang='grc' dir='ltr'>πρόχειρον</span> <span class='ocrx_word' id='word_1_700' title='bbox 1284 4820 1466 4885; x_wconf 76' lang='grc' dir='ltr'>εὐθὺς,</span> <span class='ocrx_word' id='word_1_701' title='bbox 1495 4820 1576 4873; x_wconf 87' lang='grc' dir='ltr'>ὃτι</span> <span class='ocrx_word' id='word_1_702' title='bbox 1601 4820 1709 4873; x_wconf 86' lang='grc' dir='ltr'><strong>τῶν</strong></span> 
     </span>
    </p>
   </div>
   <div class='ocr_carea' id='block_1_90' title="bbox 136 4903 1710 4984">
    <p class='ocr_par' dir='ltr' id='par_1_90' title="bbox 136 4903 1710 4984">
     <span class='ocr_line' id='line_1_90' title="bbox 136 4903 1710 4984; baseline 0.007 -28"><span class='ocrx_word' id='word_1_703' title='bbox 136 4906 458 4976; x_wconf 84' lang='grc' dir='ltr'>γινομένων.</span> <span class='ocrx_word' id='word_1_704' title='bbox 491 4907 627 4962; x_wconf 81' lang='grc' dir='ltr'>Ἵσθι</span> <span class='ocrx_word' id='word_1_705' title='bbox 650 4903 788 4963; x_wconf 77' lang='grc' dir='ltr'>εἶναι</span> <span class='ocrx_word' id='word_1_706' title='bbox 816 4910 904 4964; x_wconf 85' lang='grc' dir='ltr'>ὃτι</span> <span class='ocrx_word' id='word_1_707' title='bbox 931 4910 1034 4965; x_wconf 78' lang='grc' dir='ltr'>κᾶν</span> <span class='ocrx_word' id='word_1_708' title='bbox 1077 4912 1136 4965; x_wconf 84' lang='grc' dir='ltr'><strong>τὸ</strong></span> <span class='ocrx_word' id='word_1_709' title='bbox 1160 4912 1250 4965; x_wconf 84' lang='grc' dir='ltr'><strong>σὺν</strong></span> <span class='ocrx_word' id='word_1_710' title='bbox 1273 4916 1511 4984; x_wconf 81' lang='grc' dir='ltr'>κατεαγῇ</span> <span class='ocrx_word' id='word_1_711' title='bbox 1534 4912 1710 4967; x_wconf 86' lang='grc' dir='ltr'>τοιοῦ-</span> 
     </span>
    </p>
   </div>
   <div class='ocr_carea' id='block_1_91' title="bbox 135 4991 1707 5077">
    <p class='ocr_par' dir='ltr' id='par_1_91' title="bbox 135 4991 1707 5077">
     <span class='ocr_line' id='line_1_91' title="bbox 135 4991 1707 5077; baseline 0.009 -31"><span class='ocrx_word' id='word_1_712' title='bbox 135 5010 231 5047; x_wconf 83' lang='grc' dir='ltr'><strong>τον</strong></span> <span class='ocrx_word' id='word_1_713' title='bbox 264 4991 403 5051; x_wconf 82' lang='grc' dir='ltr'>εἷναί</span> <span class='ocrx_word' id='word_1_714' title='bbox 428 5014 487 5051; x_wconf 88' lang='grc' dir='ltr'><strong>σε</strong></span> <span class='ocrx_word' id='word_1_715' title='bbox 517 4998 617 5067; x_wconf 87' lang='grc' dir='ltr'>δεῖ,</span> <span class='ocrx_word' id='word_1_716' title='bbox 640 5002 822 5055; x_wconf 78' lang='grc' dir='ltr'>ὁποῖον</span> <span class='ocrx_word' id='word_1_717' title='bbox 852 5002 942 5057; x_wconf 81' lang='grc' dir='ltr'>ὅτε</span> <span class='ocrx_word' id='word_1_718' title='bbox 979 5003 1074 5056; x_wconf 80' lang='grc' dir='ltr'>καὶ</span> <span class='ocrx_word' id='word_1_719' title='bbox 1104 5003 1199 5057; x_wconf 91' lang='grc' dir='ltr'><strong>τοῦ</strong></span> <span class='ocrx_word' id='word_1_720' title='bbox 1237 5003 1400 5057; x_wconf 82' lang='grc' dir='ltr'>ἄλλου</span> <span class='ocrx_word' id='word_1_721' title='bbox 1440 5006 1707 5077; x_wconf 83' lang='grc' dir='ltr'>κατεάγη.</span> 
     </span>
    </p>
   </div>
   <div class='ocr_carea' id='block_1_92' title="bbox 137 5084 1711 5164">
    <p class='ocr_par' dir='ltr' id='par_1_92' title="bbox 137 5084 1711 5164">
     <span class='ocr_line' id='line_1_92' title="bbox 137 5084 1711 5164; baseline 0.008 -26"><span class='ocrx_word' id='word_1_722' title='bbox 137 5084 295 5139; x_wconf 82' lang='grc' dir='ltr'>Οῦτω</span> <span class='ocrx_word' id='word_1_723' title='bbox 330 5089 628 5157; x_wconf 85' lang='grc' dir='ltr'>μετατίθει,</span> <span class='ocrx_word' id='word_1_724' title='bbox 660 5094 753 5145; x_wconf 69' lang='grc' dir='ltr'>καὶ</span> <span class='ocrx_word' id='word_1_725' title='bbox 785 5093 878 5146; x_wconf 79' lang='grc' dir='ltr'>ἐπὶ</span> <span class='ocrx_word' id='word_1_726' title='bbox 918 5093 988 5147; x_wconf 76' lang='grc' dir='ltr'><strong>τά</strong></span> <span class='ocrx_word' id='word_1_727' title='bbox 1022 5094 1263 5164; x_wconf 78' lang='grc' dir='ltr'>μείζονα.</span> <span class='ocrx_word' id='word_1_728' title='bbox 1311 5096 1515 5150; x_wconf 75' lang='grc' dir='ltr'>Τέκνον</span> <span class='ocrx_word' id='word_1_729' title='bbox 1549 5096 1711 5151; x_wconf 76' lang='grc' dir='ltr'>ἄλλου</span> 
     </span>
    </p>
   </div>
   <div class='ocr_carea' id='block_1_93' title="bbox 137 5175 1705 5252">
    <p class='ocr_par' dir='ltr' id='par_1_93' title="bbox 137 5175 1705 5252">
     <span class='ocr_line' id='line_1_93' title="bbox 137 5175 1705 5252; baseline 0.005 -24"><span class='ocrx_word' id='word_1_730' title='bbox 137 5175 420 5248; x_wconf 81' lang='grc' dir='ltr'>τέθνηκεν,</span> <span class='ocrx_word' id='word_1_731' title='bbox 468 5179 501 5250; x_wconf 78' lang='grc' dir='ltr'>ἢ</span> <span class='ocrx_word' id='word_1_732' title='bbox 541 5180 698 5252; x_wconf 81' lang='grc' dir='ltr'>γυνὴ,</span> <span class='ocrx_word' id='word_1_733' title='bbox 733 5180 909 5245; x_wconf 83' lang='grc' dir='ltr'>οὐδείς</span> <span class='ocrx_word' id='word_1_734' title='bbox 928 5182 1075 5236; x_wconf 77' lang='grc' dir='ltr'>ἐστιν</span> <span class='ocrx_word' id='word_1_735' title='bbox 1104 5184 1251 5247; x_wconf 83' lang='grc' dir='ltr'>ὅστις</span> <span class='ocrx_word' id='word_1_736' title='bbox 1292 5184 1394 5237; x_wconf 80' lang='grc' dir='ltr'>οὐκ</span> <span class='ocrx_word' id='word_1_737' title='bbox 1444 5184 1511 5239; x_wconf 83' lang='grc' dir='ltr'><strong>ἂν</strong></span> <span class='ocrx_word' id='word_1_738' title='bbox 1542 5186 1705 5247; x_wconf 87' lang='grc' dir='ltr'>εῐποι,</span> 
     </span>
    </p>
   </div>
   <div class='ocr_carea' id='block_1_94' title="bbox 137 5262 1714 5337">
    <p class='ocr_par' dir='ltr' id='par_1_94' title="bbox 137 5262 1714 5337">
     <span class='ocr_line' id='line_1_94' title="bbox 137 5262 1714 5337; baseline 0.008 -22"><span class='ocrx_word' id='word_1_739' title='bbox 137 5262 275 5317; x_wconf 85' lang='grc' dir='ltr'>διότι</span> <span class='ocrx_word' id='word_1_740' title='bbox 321 5266 680 5337; x_wconf 82' lang='grc' dir='ltr'>ἀνθρώπινον,</span> <span class='ocrx_word' id='word_1_741' title='bbox 728 5271 842 5324; x_wconf 79' lang='grc' dir='ltr'>ἀλλ’</span> <span class='ocrx_word' id='word_1_742' title='bbox 896 5273 1025 5326; x_wconf 81' lang='grc' dir='ltr'>ὅταν</span> <span class='ocrx_word' id='word_1_743' title='bbox 1073 5273 1134 5325; x_wconf 83' lang='grc' dir='ltr'>τὸ</span> <span class='ocrx_word' id='word_1_744' title='bbox 1174 5272 1339 5326; x_wconf 80' lang='grc' dir='ltr'>αὐτοῦ</span> <span class='ocrx_word' id='word_1_745' title='bbox 1390 5290 1537 5337; x_wconf 85' lang='grc' dir='ltr'>τινος</span> <span class='ocrx_word' id='word_1_746' title='bbox 1578 5275 1714 5327; x_wconf 84' lang='grc' dir='ltr'>ἀπο·</span> 
     </span>
    </p>
   </div>
   <div class='ocr_carea' id='block_1_95' title="bbox 140 5353 1711 5435">
    <p class='ocr_par' dir='ltr' id='par_1_95' title="bbox 140 5353 1711 5435">
     <span class='ocr_line' id='line_1_95' title="bbox 140 5353 1711 5435; baseline 0.001 -20"><span class='ocrx_word' id='word_1_747' title='bbox 140 5353 301 5429; x_wconf 78' lang='grc' dir='ltr'>θάνῃ.</span> <span class='ocrx_word' id='word_1_748' title='bbox 329 5358 511 5424; x_wconf 80' lang='grc' dir='ltr'>εὐθὺς,</span> <span class='ocrx_word' id='word_1_749' title='bbox 536 5363 691 5433; x_wconf 81' lang='grc' dir='ltr'>Οίμοι</span> <span class='ocrx_word' id='word_1_750' title='bbox 716 5365 731 5418; x_wconf 74' lang='grc' dir='ltr'><strong>ι</strong></span> <span class='ocrx_word' id='word_1_751' title='bbox 765 5365 881 5429; x_wconf 78' lang='grc' dir='ltr'>καὶ,</span> <span class='ocrx_word' id='word_1_752' title='bbox 910 5364 1090 5429; x_wconf 87' lang='grc' dir='ltr'>Τάλας</span> <span class='ocrx_word' id='word_1_753' title='bbox 1115 5364 1243 5434; x_wconf 75' lang='grc' dir='ltr'><strong>ἐγώ.</strong></span> <span class='ocrx_word' id='word_1_754' title='bbox 1297 5364 1499 5435; x_wconf 82' lang='grc' dir='ltr'>Ἐχρῆν</span> <span class='ocrx_word' id='word_1_755' title='bbox 1529 5364 1584 5417; x_wconf 87' lang='grc' dir='ltr'>δὲ</span> <span class='ocrx_word' id='word_1_756' title='bbox 1615 5382 1711 5434; x_wconf 87' lang='grc' dir='ltr'>με-</span> 
     </span>
    </p>
   </div>
   <div class='ocr_carea' id='block_1_96' title="bbox 147 5448 1711 5528">
    <p class='ocr_par' dir='ltr' id='par_1_96' title="bbox 147 5448 1711 5528">
     <span class='ocr_line' id='line_1_96' title="bbox 147 5448 1711 5528; baseline 0.004 -26"><span class='ocrx_word' id='word_1_757' title='bbox 147 5448 381 5519; x_wconf 83' lang='grc' dir='ltr'>μνῆσθαι</span> <span class='ocrx_word' id='word_1_758' title='bbox 408 5452 461 5506; x_wconf 83' lang='grc' dir='ltr'><strong>τί</strong></span> <span class='ocrx_word' id='word_1_759' title='bbox 503 5454 782 5526; x_wconf 83' lang='grc' dir='ltr'>πάσχομεν</span> <span class='ocrx_word' id='word_1_760' title='bbox 814 5457 943 5528; x_wconf 79' lang='grc' dir='ltr'>περὶ</span> <span class='ocrx_word' id='word_1_761' title='bbox 975 5456 1151 5513; x_wconf 77' lang='grc' dir='ltr'>ἄλλων</span> <span class='ocrx_word' id='word_1_762' title='bbox 1179 5456 1255 5520; x_wconf 83' lang='grc' dir='ltr'>ὡς</span> <span class='ocrx_word' id='word_1_763' title='bbox 1281 5456 1414 5511; x_wconf 79' lang='grc' dir='ltr'>αὐτὸ</span> <span class='ocrx_word' id='word_1_764' title='bbox 1442 5455 1711 5513; x_wconf 84' lang='grc' dir='ltr'>ἀκούσαν-</span> 
     </span>
    </p>
   </div>
   <div class='ocr_carea' id='block_1_97' title="bbox 142 5554 254 5604">
    <p class='ocr_par' dir='ltr' id='par_1_97' title="bbox 142 5554 254 5604">
     <span class='ocr_line' id='line_1_97' title="bbox 142 5554 254 5604; baseline 0.027 -12"><span class='ocrx_word' id='word_1_765' title='bbox 142 5554 254 5604; x_wconf 84' lang='grc' dir='ltr'>τες.</span> 
     </span>
    </p>
   </div>
   <div class='ocr_carea' id='block_1_98' title="bbox 2339 4491 2848 4551">
    <p class='ocr_par' dir='ltr' id='par_1_98' title="bbox 2339 4491 2848 4551">
     <span class='ocr_line' id='line_1_98' title="bbox 2339 4491 2848 4551; baseline -0.008 -3"><span class='ocrx_word' id='word_1_766' title='bbox 2339 4494 2569 4551; x_wconf 78' lang='lat' dir='ltr'><strong>CAPUT</strong></span> <span class='ocrx_word' id='word_1_767' title='bbox 2609 4491 2848 4547; x_wconf 75' lang='lat' dir='ltr'><strong>XXXIII.</strong></span> 
     </span>
    </p>
   </div>
   <div class='ocr_carea' id='block_1_99' title="bbox 1883 4623 3391 4702">
    <p class='ocr_par' dir='ltr' id='par_1_99' title="bbox 1883 4623 3391 4702">
     <span class='ocr_line' id='line_1_99' title="bbox 1883 4623 3391 4702; baseline -0.009 -12"><span class='ocrx_word' id='word_1_768' title='bbox 1883 4636 2101 4691; x_wconf 70' lang='lat' dir='ltr'><strong>Natura:</strong></span> <span class='ocrx_word' id='word_1_769' title='bbox 2152 4635 2405 4689; x_wconf 88' lang='lat' dir='ltr'><strong>voluntas</strong></span> <span class='ocrx_word' id='word_1_770' title='bbox 2436 4640 2523 4687; x_wconf 88' lang='lat' dir='ltr'><strong>est</strong></span> <span class='ocrx_word' id='word_1_771' title='bbox 2553 4627 2923 4702; x_wconf 84' lang='lat' dir='ltr'><strong>pernoscenda</strong></span> <span class='ocrx_word' id='word_1_772' title='bbox 2954 4642 3021 4681; x_wconf 74' lang='lat' dir='ltr'><strong>ex</strong></span> <span class='ocrx_word' id='word_1_773' title='bbox 3064 4626 3152 4681; x_wconf 88' lang='lat' dir='ltr'><strong>bis</strong></span> <span class='ocrx_word' id='word_1_774' title='bbox 3179 4625 3234 4678; x_wconf 92' lang='lat' dir='ltr'><strong>in</strong></span> <span class='ocrx_word' id='word_1_775' title='bbox 3266 4623 3391 4693; x_wconf 89' lang='lat' dir='ltr'><strong>qui-</strong></span> 
     </span>
    </p>
   </div>
   <div class='ocr_carea' id='block_1_100' title="bbox 1811 4716 3389 4791">
    <p class='ocr_par' dir='ltr' id='par_1_100' title="bbox 1811 4716 3389 4791">
     <span class='ocr_line' id='line_1_100' title="bbox 1811 4716 3389 4791; baseline -0.01 -8"><span class='ocrx_word' id='word_1_776' title='bbox 1811 4730 1913 4784; x_wconf 94' lang='lat' dir='ltr'><strong>bus</strong></span> <span class='ocrx_word' id='word_1_777' title='bbox 1943 4730 2087 4783; x_wconf 90' lang='lat' dir='ltr'><strong>inter</strong></span> <span class='ocrx_word' id='word_1_778' title='bbox 2132 4742 2233 4791; x_wconf 84' lang='lat' dir='ltr'><strong>nos</strong></span> <span class='ocrx_word' id='word_1_779' title='bbox 2276 4724 2505 4779; x_wconf 88' lang='lat' dir='ltr'><strong>minime</strong></span> <span class='ocrx_word' id='word_1_780' title='bbox 2536 4721 2861 4777; x_wconf 68' lang='lat' dir='ltr'><strong>differimus.</strong></span> <span class='ocrx_word' id='word_1_781' title='bbox 2895 4717 3138 4787; x_wconf 83' lang='lat' dir='ltr'><strong>Exempli</strong></span> <span class='ocrx_word' id='word_1_782' title='bbox 3166 4716 3339 4786; x_wconf 91' lang='lat' dir='ltr'><strong>gratia</strong></span> <span class='ocrx_word' id='word_1_783' title='bbox 3375 4733 3389 4768; x_wconf 90' lang='lat'><strong>:</strong></span> 
     </span>
    </p>
   </div>
   <div class='ocr_carea' id='block_1_101' title="bbox 1811 4806 3391 4891">
    <p class='ocr_par' dir='ltr' id='par_1_101' title="bbox 1811 4806 3391 4891">
     <span class='ocr_line' id='line_1_101' title="bbox 1811 4806 3391 4891; baseline -0.011 -15"><span class='ocrx_word' id='word_1_784' title='bbox 1811 4820 2031 4891; x_wconf 89' lang='lat' dir='ltr'><strong>quando</strong></span> <span class='ocrx_word' id='word_1_785' title='bbox 2060 4820 2223 4875; x_wconf 82' lang='lat' dir='ltr'><strong>alius.</strong></span> <span class='ocrx_word' id='word_1_786' title='bbox 2248 4817 2508 4888; x_wconf 86' lang='lat' dir='ltr'><strong>puerulus</strong></span> <span class='ocrx_word' id='word_1_787' title='bbox 2561 4812 2831 4884; x_wconf 66' lang='lat' dir='ltr'><strong>effregerit</strong></span> <span class='ocrx_word' id='word_1_788' title='bbox 2886 4810 3142 4878; x_wconf 89' lang='lat' dir='ltr'><strong>poculum</strong></span> <span class='ocrx_word' id='word_1_789' title='bbox 3163 4850 3178 4875; x_wconf 90' lang='lat'><strong>,</strong></span> <span class='ocrx_word' id='word_1_790' title='bbox 3209 4806 3391 4863; x_wconf 82' lang='lat' dir='ltr'><strong>statim</strong></span> 
     </span>
    </p>
   </div>
   <div class='ocr_carea' id='block_1_102' title="bbox 1810 4901 3396 4982">
    <p class='ocr_par' dir='ltr' id='par_1_102' title="bbox 1810 4901 3396 4982">
     <span class='ocr_line' id='line_1_102' title="bbox 1810 4901 3396 4982; baseline -0.009 -14"><span class='ocrx_word' id='word_1_791' title='bbox 1810 4922 1896 4970; x_wconf 90' lang='lat' dir='ltr'><strong>est</strong></span> <span class='ocrx_word' id='word_1_792' title='bbox 1925 4914 1977 4967; x_wconf 92' lang='lat' dir='ltr'><strong>in</strong></span> <span class='ocrx_word' id='word_1_793' title='bbox 2017 4920 2300 4982; x_wconf 88' lang='lat' dir='ltr'><strong>promptu;</strong></span> <span class='ocrx_word' id='word_1_794' title='bbox 2355 4907 2500 4979; x_wconf 91' lang='lat' dir='ltr'><strong>quod</strong></span> <span class='ocrx_word' id='word_1_795' title='bbox 2532 4914 2617 4961; x_wconf 89' lang='lat' dir='ltr'><strong>est</strong></span> <span class='ocrx_word' id='word_1_796' title='bbox 2645 4920 2712 4959; x_wconf 80' lang='lat' dir='ltr'><strong>ex</strong></span> <span class='ocrx_word' id='word_1_797' title='bbox 2744 4904 2849 4970; x_wconf 88' lang='lat' dir='ltr'><strong>bis,</strong></span> <span class='ocrx_word' id='word_1_798' title='bbox 2879 4917 3003 4973; x_wconf 73' lang='lat' dir='ltr'><strong>quae</strong></span> <span class='ocrx_word' id='word_1_799' title='bbox 3047 4901 3223 4957; x_wconf 86' lang='lat' dir='ltr'><strong>solent</strong></span> <span class='ocrx_word' id='word_1_800' title='bbox 3253 4902 3396 4955; x_wconf 85' lang='lat' dir='ltr'><strong>acci-</strong></span> 
     </span>
    </p>
   </div>
   <div class='ocr_carea' id='block_1_103' title="bbox 1813 4994 3392 5073">
    <p class='ocr_par' dir='ltr' id='par_1_103' title="bbox 1813 4994 3392 5073">
     <span class='ocr_line' id='line_1_103' title="bbox 1813 4994 3392 5073; baseline -0.01 -11"><span class='ocrx_word' id='word_1_801' title='bbox 1813 5007 1960 5072; x_wconf 90' lang='lat' dir='ltr'><strong>dere,</strong></span> <span class='ocrx_word' id='word_1_802' title='bbox 1976 5006 2119 5062; x_wconf 83' lang='lat' dir='ltr'><strong>scias</strong></span> <span class='ocrx_word' id='word_1_803' title='bbox 2148 5017 2279 5073; x_wconf 90' lang='lat' dir='ltr'><strong>ergo</strong></span> <span class='ocrx_word' id='word_1_804' title='bbox 2324 5000 2468 5071; x_wconf 86' lang='lat' dir='ltr'><strong>quod</strong></span> <span class='ocrx_word' id='word_1_805' title='bbox 2506 4998 2551 5054; x_wconf 92' lang='lat' dir='ltr'><strong>si</strong></span> <span class='ocrx_word' id='word_1_806' title='bbox 2581 5008 2734 5053; x_wconf 88' lang='lat' dir='ltr'><strong>tuum</strong></span> <span class='ocrx_word' id='word_1_807' title='bbox 2764 4995 2931 5051; x_wconf 89' lang='lat' dir='ltr'><strong>etiam</strong></span> <span class='ocrx_word' id='word_1_808' title='bbox 2975 4994 3280 5064; x_wconf 85' lang='lat' dir='ltr'><strong>frangatur,</strong></span> <span class='ocrx_word' id='word_1_809' title='bbox 3314 5002 3392 5047; x_wconf 82' lang='lat' dir='ltr'><strong>ta-</strong></span> 
     </span>
    </p>
   </div>
   <div class='ocr_carea' id='block_1_104' title="bbox 1815 5084 3393 5163">
    <p class='ocr_par' dir='ltr' id='par_1_104' title="bbox 1815 5084 3393 5163">
     <span class='ocr_line' id='line_1_104' title="bbox 1815 5084 3393 5163; baseline -0.008 -12"><span class='ocrx_word' id='word_1_810' title='bbox 1815 5097 1917 5151; x_wconf 90' lang='lat' dir='ltr'><strong>lem</strong></span> <span class='ocrx_word' id='word_1_811' title='bbox 1949 5110 2068 5151; x_wconf 87' lang='lat' dir='ltr'><strong>esse</strong></span> <span class='ocrx_word' id='word_1_812' title='bbox 2107 5103 2158 5149; x_wconf 90' lang='lat' dir='ltr'><strong>te</strong></span> <span class='ocrx_word' id='word_1_813' title='bbox 2197 5102 2429 5163; x_wconf 85' lang='lat' dir='ltr'><strong>oportet,</strong></span> <span class='ocrx_word' id='word_1_814' title='bbox 2464 5091 2664 5160; x_wconf 88' lang='lat' dir='ltr'><strong>qualis,</strong></span> <span class='ocrx_word' id='word_1_815' title='bbox 2694 5089 2823 5144; x_wconf 91' lang='lat' dir='ltr'><strong>dum</strong></span> <span class='ocrx_word' id='word_1_816' title='bbox 2854 5087 3082 5143; x_wconf 90' lang='lat' dir='ltr'><strong>alterius</strong></span> <span class='ocrx_word' id='word_1_817' title='bbox 3119 5087 3251 5142; x_wconf 90' lang='lat' dir='ltr'><strong>illud</strong></span> <span class='ocrx_word' id='word_1_818' title='bbox 3283 5084 3393 5139; x_wconf 88' lang='lat' dir='ltr'><strong>fra-</strong></span> 
     </span>
    </p>
   </div>
   <div class='ocr_carea' id='block_1_105' title="bbox 1815 5175 3393 5249">
    <p class='ocr_par' dir='ltr' id='par_1_105' title="bbox 1815 5175 3393 5249">
     <span class='ocr_line' id='line_1_105' title="bbox 1815 5175 3393 5249; baseline -0.009 -6"><span class='ocrx_word' id='word_1_819' title='bbox 1815 5196 1962 5244; x_wconf 89' lang='lat' dir='ltr'><strong>ctum</strong></span> <span class='ocrx_word' id='word_1_820' title='bbox 1992 5186 2188 5249; x_wconf 86' lang='lat' dir='ltr'><strong>fuerat,</strong></span> <span class='ocrx_word' id='word_1_821' title='bbox 2228 5184 2552 5239; x_wconf 81' lang='lat' dir='ltr'><strong>exsistebas.</strong></span> <span class='ocrx_word' id='word_1_822' title='bbox 2606 5180 2867 5237; x_wconf 81' lang='lat' dir='ltr'><strong>Similiter</strong></span> <span class='ocrx_word' id='word_1_823' title='bbox 2905 5178 3143 5235; x_wconf 87' lang='lat' dir='ltr'><strong>transfer</strong></span> <span class='ocrx_word' id='word_1_824' title='bbox 3174 5177 3278 5232; x_wconf 89' lang='lat' dir='ltr'><strong>hoc</strong></span> <span class='ocrx_word' id='word_1_825' title='bbox 3326 5175 3393 5229; x_wconf 88' lang='lat' dir='ltr'><strong>ad</strong></span> 
     </span>
    </p>
   </div>
   <div class='ocr_carea' id='block_1_106' title="bbox 1817 5272 3398 5348">
    <p class='ocr_par' dir='ltr' id='par_1_106' title="bbox 1817 5272 3398 5348">
     <span class='ocr_line' id='line_1_106' title="bbox 1817 5272 3398 5348; baseline -0.009 -15"><span class='ocrx_word' id='word_1_826' title='bbox 1817 5278 2047 5348; x_wconf 88' lang='lat' dir='ltr'><strong>majora.</strong></span> <span class='ocrx_word' id='word_1_827' title='bbox 2080 5275 2255 5332; x_wconf 88' lang='lat' dir='ltr'><strong>Filius</strong></span> <span class='ocrx_word' id='word_1_828' title='bbox 2280 5275 2505 5330; x_wconf 88' lang='lat' dir='ltr'><strong>alterius</strong></span> <span class='ocrx_word' id='word_1_829' title='bbox 2553 5274 2710 5338; x_wconf 92' lang='lat' dir='ltr'><strong>obiit,</strong></span> <span class='ocrx_word' id='word_1_830' title='bbox 2747 5280 2842 5326; x_wconf 87' lang='lat' dir='ltr'><strong>aut</strong></span> <span class='ocrx_word' id='word_1_831' title='bbox 2884 5285 3058 5336; x_wconf 80' lang='lat' dir='ltr'><strong>uxor;</strong></span> <span class='ocrx_word' id='word_1_832' title='bbox 3108 5279 3272 5322; x_wconf 87' lang='lat' dir='ltr'><strong>nemo</strong></span> <span class='ocrx_word' id='word_1_833' title='bbox 3312 5272 3398 5320; x_wconf 90' lang='lat' dir='ltr'><strong>est</strong></span> 
     </span>
    </p>
   </div>
   <div class='ocr_carea' id='block_1_107' title="bbox 1816 5354 3395 5440">
    <p class='ocr_par' dir='ltr' id='par_1_107' title="bbox 1816 5354 3395 5440">
     <span class='ocr_line' id='line_1_107' title="bbox 1816 5354 3395 5440; baseline -0.008 -17"><span class='ocrx_word' id='word_1_834' title='bbox 1816 5369 1909 5440; x_wconf 93' lang='lat' dir='ltr'><strong>qui</strong></span> <span class='ocrx_word' id='word_1_835' title='bbox 1958 5382 2070 5424; x_wconf 91' lang='lat' dir='ltr'><strong>non</strong></span> <span class='ocrx_word' id='word_1_836' title='bbox 2128 5368 2296 5433; x_wconf 87' lang='lat' dir='ltr'><strong>dicat,</strong></span> <span class='ocrx_word' id='word_1_837' title='bbox 2347 5366 2492 5437; x_wconf 88' lang='lat' dir='ltr'><strong>quod</strong></span> <span class='ocrx_word' id='word_1_838' title='bbox 2542 5379 2739 5435; x_wconf 83' lang='lat' dir='ltr'><strong>nempe</strong></span> <span class='ocrx_word' id='word_1_839' title='bbox 2777 5363 3078 5417; x_wconf 88' lang='lat' dir='ltr'><strong>humanum</strong></span> <span class='ocrx_word' id='word_1_840' title='bbox 3131 5365 3247 5422; x_wconf 86' lang='lat' dir='ltr'><strong>est;</strong></span> <span class='ocrx_word' id='word_1_841' title='bbox 3300 5354 3395 5410; x_wconf 79' lang='lat' dir='ltr'><strong>sed</strong></span> 
     </span>
    </p>
   </div>
   <div class='ocr_carea' id='block_1_108' title="bbox 1817 5449 3394 5527">
    <p class='ocr_par' dir='ltr' id='par_1_108' title="bbox 1817 5449 3394 5527">
     <span class='ocr_line' id='line_1_108' title="bbox 1817 5449 3394 5527; baseline -0.011 -14"><span class='ocrx_word' id='word_1_842' title='bbox 1817 5459 2038 5527; x_wconf 91' lang='lat' dir='ltr'><strong>quando</strong></span> <span class='ocrx_word' id='word_1_843' title='bbox 2089 5456 2324 5527; x_wconf 89' lang='lat' dir='ltr'><strong>alicujus</strong></span> <span class='ocrx_word' id='word_1_844' title='bbox 2374 5456 2627 5526; x_wconf 88' lang='lat' dir='ltr'><strong>proprius</strong></span> <span class='ocrx_word' id='word_1_845' title='bbox 2681 5452 2979 5510; x_wconf 88' lang='lat' dir='ltr'><strong>decesserit</strong></span> <span class='ocrx_word' id='word_1_846' title='bbox 3041 5449 3207 5510; x_wconf 79' lang='lat' dir='ltr'><strong>illius,</strong></span> <span class='ocrx_word' id='word_1_847' title='bbox 3257 5458 3394 5499; x_wconf 87' lang='lat' dir='ltr'><strong>con-</strong></span> 
     </span>
    </p>
   </div>
   <div class='ocr_carea' id='block_1_109' title="bbox 1819 5530 3397 5609">
    <p class='ocr_par' dir='ltr' id='par_1_109' title="bbox 1819 5530 3397 5609">
     <span class='ocr_line' id='line_1_109' title="bbox 1819 5530 3397 5609; baseline -0.008 -12"><span class='ocrx_word' id='word_1_848' title='bbox 1819 5542 2179 5599; x_wconf 84' lang='lat' dir='ltr'><strong>festim:1lei</strong></span> <span class='ocrx_word' id='word_1_849' title='bbox 2234 5542 2390 5608; x_wconf 88' lang='lat' dir='ltr'><strong>mihi,</strong></span> <span class='ocrx_word' id='word_1_850' title='bbox 2437 5551 2491 5597; x_wconf 85' lang='lat' dir='ltr'><strong>et</strong></span> <span class='ocrx_word' id='word_1_851' title='bbox 2540 5542 2705 5597; x_wconf 90' lang='lat' dir='ltr'><strong>miser</strong></span> <span class='ocrx_word' id='word_1_852' title='bbox 2771 5554 2906 5609; x_wconf 86' lang='lat' dir='ltr'><strong>ego;</strong></span> <span class='ocrx_word' id='word_1_853' title='bbox 2965 5544 3021 5589; x_wconf 79' lang='lat' dir='ltr'><strong>at</strong></span> <span class='ocrx_word' id='word_1_854' title='bbox 3079 5530 3397 5588; x_wconf 87' lang='lat' dir='ltr'><strong>meminisse</strong></span> 
     </span>
    </p>
   </div>
   <div class='ocr_carea' id='block_1_110' title="bbox 1819 5623 3394 5705">
    <p class='ocr_par' dir='ltr' id='par_1_110' title="bbox 1819 5623 3394 5705">
     <span class='ocr_line' id='line_1_110' title="bbox 1819 5623 3394 5705; baseline -0.006 -17"><span class='ocrx_word' id='word_1_855' title='bbox 1819 5635 2122 5705; x_wconf 85' lang='lat' dir='ltr'><strong>oportebat,</strong></span> <span class='ocrx_word' id='word_1_856' title='bbox 2149 5650 2258 5705; x_wconf 89' lang='lat' dir='ltr'><strong>qua</strong></span> <span class='ocrx_word' id='word_1_857' title='bbox 2280 5635 2537 5705; x_wconf 84' lang='lat' dir='ltr'><strong>passione</strong></span> <span class='ocrx_word' id='word_1_858' title='bbox 2560 5632 2828 5689; x_wconf 82' lang='lat' dir='ltr'><strong>afﬁcimur</strong></span> <span class='ocrx_word' id='word_1_859' title='bbox 2848 5630 2914 5682; x_wconf 91' lang='lat' dir='ltr'><strong>de</strong></span> <span class='ocrx_word' id='word_1_860' title='bbox 2940 5623 3319 5698; x_wconf 83' lang='lat' dir='ltr'><strong>aliis,quando</strong></span> <span class='ocrx_word' id='word_1_861' title='bbox 3340 5623 3394 5679; x_wconf 89' lang='lat' dir='ltr'><strong>id</strong></span> 
     </span>
    </p>
   </div>
   <div class='ocr_carea' id='block_1_111' title="bbox 1823 5722 2385 5792">
    <p class='ocr_par' dir='ltr' id='par_1_111' title="bbox 1823 5722 2385 5792">
     <span class='ocr_line' id='line_1_111' title="bbox 1823 5722 2385 5792; baseline 0.009 -15"><span class='ocrx_word' id='word_1_862' title='bbox 1823 5724 1999 5792; x_wconf 88' lang='lat' dir='ltr'><strong>ipsum</strong></span> <span class='ocrx_word' id='word_1_863' title='bbox 2032 5722 2385 5782; x_wconf 86' lang='lat' dir='ltr'><strong>audierimus.</strong></span> 
     </span>
    </p>
   </div>
  </div>
