3838 6056
485 328 622 397 1299

1016 443 1245 500 CAPUT
1273 445 1512 503 XXXIV.

550 557 707 613 Sicut
729 567 870 614 meta
902 575 1007 615 non
1030 563 1253 632 ponitur
1281 564 1349 620 ad
1372 563 1758 634 aberrandum,
1784 565 1858 622 ita
1878 583 2053 639 neque

477 650 607 704 mali
659 659 856 706 natura
919 651 974 708 in
1007 655 1211 710 mundo
1245 656 1480 712 exsistit.
1533 655 1593 710 Si
1639 673 1840 729 corpus
1897 668 2052 716 tuum

477 741 605 812 quis
636 742 1000 798 committeret
1016 744 1229 800 obviam
1249 748 1713 821 venienti,utique
1743 751 2056 823 indignare-

476 837 576 898 ris,
607 834 751 905 quod
784 845 963 890 autem
992 837 1069 892 tui
1100 837 1272 907 ipsius
1303 840 1545 895 animum
1573 841 1736 914 340
1762 844 2058 916 unicuique

478 936 536 982 tu
561 931 890 995 committas,
916 928 989 984 ita
1010 938 1068 984 ut
1091 931 1135 986 si
1166 931 1410 987 convicia
1436 933 1535 988 tibi
1563 934 1779 1004 dixerit,
1807 938 2056 993 turbetur

478 1017 602 1083 ille,
664 1034 773 1073 non
803 1019 1224 1075 verecundaris?
1289 1021 1420 1076 Eam
1483 1023 1554 1079 ob
1611 1040 1725 1080 rent
1791 1028 2058 1098 cujusque

484 1111 665 1182 operis
693 1111 977 1167 considera
1027 1113 1435 1179 antecedentia,
1481 1116 1835 1188 ejusdemque
1864 1135 2058 1176 conse-

484 1195 728 1263 quentia,
761 1193 948 1264 sicque
996 1195 1064 1249 ad
1119 1196 1249 1252 illud
1281 1199 1500 1264 accede,
1526 1201 1766 1272 alioquin
1819 1203 2055 1272 primum

459 1283 462 1290 ’
485 1285 740 1340 alacriter
765 1287 1033 1356 suscipies
1061 1287 1185 1356 iter,
1212 1291 1410 1362 quippe
1438 1293 1534 1362 qui
1561 1293 1695 1347 nihil
1721 1294 2058 1364 subsequen-

478 1377 612 1431 tium
647 1377 702 1432 in
743 1387 980 1434 mentem
1009 1385 1302 1448 revocasti,
1341 1383 1435 1439 sed
1475 1394 1682 1454 postea,
1721 1401 1842 1442 cum
1892 1387 2058 1444 dede-

478 1482 602 1523 cora
638 1468 884 1539 quazdam
914 1485 1174 1541 apparere
1213 1474 1498 1544 coeperint,
1530 1475 1779 1532 absistes.

1027 1585 1258 1643 CAPUT
1289 1588 1506 1645 XXXV.

551 1706 646 1764 Vis
677 1703 947 1775 Olympico
977 1704 1029 1760 in
1066 1706 1364 1763 certamine
1384 1707 1642 1764 vincere?
1663 1707 1740 1764 lta
1771 1723 1863 1779 per
1889 1708 2058 1763 Deum

1963 341 2259 404 SPURIA.

2078 457 2128 514 Δ

3611 337 3743 404 mo

2731 451 2981 507 ΚΕΦΔΛ.
3013 451 3132 508 AA'.

2229 564 2438 638 Ὥσπερ
2464 563 2662 626 σκοπὸς
2689 565 2826 636 πρὸς
2866 565 2928 619 τὸ
2967 564 3373 636 ἀποτυγχάνειν
3410 563 3477 616 οὔ
3513 562 3740 616 τίθεταιο

2155 656 2328 721 οὕτως
2355 657 2476 712 οὐδὲ
2506 656 2679 712 κακοῦ
2714 656 2877 728 φύσις
2905 659 2962 712 ὲν
2984 658 3174 728 κόσμῳ
3191 657 3434 726 γίνεται,
3471 656 3526 708 εί
3561 655 3662 724 μὲν
3687 657 3741 708 τὸ

2158 747 2319 820 σῶμά
2345 747 2436 801 σού
2463 765 2546 812 τις
2579 747 2846 820 ἐπέτρεπε
2869 747 2946 817 τῷ
2971 748 3374 818 ἀπαντήσαντι,
3406 746 3742 815 ἠγανάκτεις

2156 835 2403 902 ἇν;”οτι
2431 835 2485 889 δὲ
2519 839 2583 891 σὺ
2616 837 2713 890 τὴν
2756 836 2978 906 γνώμην
3019 836 3119 906 τὴν
3161 834 3366 888 σαυτοῦ
3419 833 3742 903 ἐπιτρέπεις

2156 924 2234 995 τῷ
2258 925 2491 995 τυχόντι,
2525 926 2610 979 ἵνα
2651 926 2746 979 ἐὰν
2769 925 3070 998 λοιδορῆταί
3114 943 3194 979 σοι
3231 925 3500 996 ταραχθῇ
3545 921 3740 992 εκείνη.

2158 1018 2252 1071 καὶ
2277 1017 2516 1088 συγχυθῇ
2538 1017 2639 1071 οὐκ
2659 1018 2922 1092 αἰσχύνῃ;
2947 1016 3148 1071 Τούτου
3183 1017 3351 1070 ἕνεκα
3375 1016 3632 1069 ἑκάστου
3663 1014 3743 1084 ἔρ-

2158 1125 2255 1176 γου
2286 1111 2476 1164 σκόπει
2503 1110 2570 1163 τὰ
2605 1109 3007 1180 καθηγούμενα,
3033 1110 3127 1163 καὶ¹
3154 1109 3222 1162 τὰ
3247 1106 3542 1162 ἀκόλουθα
3565 1107 3742 1170 αὑτοῦ,

2158 1203 2252 1256 καὶ
2281 1202 2630 1274 οὖτωςέρχου
2660 1203 2747 1256 ἐπ’
2768 1203 2899 1256 αὐτό
2918 1220 2932 1234 ο
2957 1203 3007 1255 εί
3033 1203 3090 1255 δὲ
3123 1202 3219 1274 μὴ,
3247 1201 3351 1271 τὴν
3381 1201 3494 1272 μὲν
3529 1199 3744 1271 πρώτην

2159 1295 2454 1368 προθύμως
2511 1293 2679 1366 ῆξεις,
2742 1293 2838 1348 ἅτε
2897 1293 3031 1364 μηδὲ
3083 1293 3190 1348 τῶν
3247 1291 3386 1363 ἑξῆς
3447 1291 3744 1363 ἐντεθυμη-

2162 1388 2343 1459 μένος,
2369 1387 2594 1459 ὕστερον
2619 1385 2677 1440 δὲ
2713 1387 3092 1456 ἀναφανέντων
3113 1385 3278 1440 τινῶν
3315 1384 3596 1458 αἰσχρῶν
3625 1386 3744 1438 ἁπο-

2163 1481 2357 1552 στήσῃ.

2735 1591 2986 1648 ΚΕΦΑΛ.
3021 1592 3144 1648 ΛΕ⁹.

2227 1705 2416 1770 Θέλεις
2465 1703 2756 1776 Ὀλύμπιον
2802 1704 3061 1776 νικῆσαις
3112 1706 3284 1773 Κάγὼ
3328 1707 3403 1779 νὴ
3449 1706 3562 1764 τὸν
3606 1706 3746 1769 Θεὸν,

480 1812 582 1867 ego
648 1797 796 1861 volo,
849 1797 1168 1867 praeclarum
1228 1801 1427 1855 etenim
1491 1811 1608 1868 est;
1671 1809 1728 1855 at
1779 1801 2062 1858 considera

2169 1797 2373 1869 κομψὸν
2415 1797 2524 1870 γάρ
2555 1798 2737 1850 ἐστιν’
2783 1795 2918 1851 ἀλλὰ
2964 1799 3153 1852 σκόπει
3207 1799 3279 1852 τὰ
3315 1797 3746 1869 καθηγούμενα,

483 1887 855 1944 antecedentia
902 1897 956 1944 et
985 1892 1375 1962 consequentia
1407 1900 1461 1947 et
1513 1892 1711 1948 deinde
1757 1893 1978 1964 accinge
2008 1903 2060 1950 te

484 1979 656 2048 operi.
684 1977 908 2050 Oportet
930 1981 1176 2037 ordinem
1214 1998 1457 2048 servare;
1515 1985 1842 2042 necessariis
1877 1985 2056 2050 vesci;

483 2073 759 2128 abstinere
788 2089 816 2126 a
843 2089 1170 2143 quocunque
1192 2073 1335 2136 cibo,
1369 2075 1463 2144 qui
1499 2075 1778 2144 coquitur;
1818 2076 2059 2132 exerceri

485 2167 784 2222 secundum
839 2167 1215 2223 necessitatem
1269 2169 1403 2223 hora
1457 2170 1781 2238 prmstituta,
1835 2169 1950 2226 sive
2004 2169 2059 2226 in

484 2268 618 2312 aestu
659 2259 748 2321 sit,
793 2257 906 2313 sive
961 2257 1014 2312 in
1070 2257 1309 2330 frigore;
1379 2274 1488 2314 non
1551 2259 1798 2332 frigidam
1853 2261 2057 2324 bibere,

385 2335 404 2352 ’
486 2350 697 2413 vinum,
739 2365 845 2403 non
875 2350 1238 2421 quodcunque
1271 2351 1624 2421 simpliciter;
1662 2363 1892 2424 tetpsum
1951 2363 2062 2408 tra-

485 2439 614 2495 dere
656 2441 957 2512 superiori,
985 2443 1148 2497 veluti
1185 2444 1429 2511 medico;
1468 2443 1664 2499 deinde
1693 2445 1758 2499 ad
1790 2453 2062 2500 certamen

483 2532 724 2603 prodire.
767 2533 976 2588 Accidit
997 2533 1324 2604 quandoque
1351 2543 1411 2588 ut
1431 2549 1628 2590 manus
1644 2534 1900 2604 jaciatur,
1921 2535 2064 2590 talus

483 2635 746 2690 vertatur,
775 2625 1118 2696 multumque
1133 2625 1371 2692 pulveris
1396 2626 1712 2692 sorbeatur;
1739 2627 2064 2697 quandoque

483 2727 617 2768 vero
675 2713 935 2782 vapulare
997 2727 1318 2776 necessum;
1380 2728 1614 2784 cumque
1669 2713 1757 2769 his
1811 2714 2064 2770 omnibus

485 2806 753 2875 superari.
794 2804 915 2862 Haec
942 2806 1031 2862 ubi
1062 2807 1436 2876 perpenderis.
1467 2807 1511 2862 si
1547 2806 1725 2862 adhuc
1751 2807 1905 2875 velis,
1942 2822 2068 2877 pro-

2160 1889 2252 1942 xui.
2295 1887 2366 1942 τὰ
2402 1888 2690 1954 ἀκόλουθα,
2725 1889 2820 1942 καὶ
2863 1888 3036 1954 οὕτως
3082 1889 3253 1944 ἅπτου
3290 1889 3393 1944 τοῦ
3433 1891 3642 1959 ἔργου.
3674 1892 3752 1942 Δεῖ

2160 1981 2438 2034 εὐτακτεῖν
2469 1981 2920 2050 ἀναγκοτροφεῖν,
2945 1981 3243 2051 ἀπέχεσθαι
3271 1979 3638 2051 πεμμάτων,
3664 1998 3750 2047 ra-

2162 2074 2422 2145 μνάζεται
2458 2073 2595 2145 πρὸς
2622 2073 2867 2144 ἀνάγκην
2899 2074 2957 2127 ἐν
2982 2072 3100 2144 ὥρᾳ
3131 2073 3477 2151 τεταγμένῃ,
3521 2075 3589 2126 ἐν
3627 2071 3750 2124 καύ-

2165 2181 2312 2237 ματι,
2337 2167 2395 2220 ὲν
2418 2164 2602 2237 ψύχει,
2623 2166 2695 2238 μὴ
2717 2165 2922 2238 ψυχρὸν
2951 2166 3148 2231 πίνειν,
3169 2167 3244 2236 μὴ
3272 2162 3422 2220 οἶνον
3454 2164 3548 2229 ὡς
3575 2164 3750 2234 ἔτυχεν

2162 2259 2380 2322 ἁπλῶςο
2415 2258 2492 2322 ὡς
2539 2258 2708 2330 ἰατρῷ
2747 2258 3189 2330 παραδεδωκέναι
3223 2258 3466 2313 σεαυτὸν
3519 2257 3608 2328 τῷ
3637 2260 3748 2310 ἐτα-

2164 2351 2354 2422 στάτῃ.
2381 2345 2499 2404 εἶτα
2527 2352 2585 2404 ὲν
2625 2351 2705 2422 τῷ
2736 2350 2908 2420 ἀγῶνι
2935 2350 3324 2422 παρέρχεσθαι.
3367 2350 3552 2405 Ἐστι
3585 2348 3645 2402 δὲ
3675 2350 3751 2401 ὅτε

2162 2444 2319 2515 χεῖρα
2345 2443 2546 2513 βαλεῖν,
2567 2443 2772 2514 σφυρὸν
2796 2444 3014 2514 τρέψαι,
3033 2443 3231 2516 πολλὴν
3249 2442 3403 2513 ἁφὴν
3433 2445 3749 2506 καταπιεῖν,

2166 2537 2318 2592 Ἐσθ’
2343 2539 2431 2592 ὅτε
2465 2536 2872 2608 μαστιγωθῆναι
2895 2535 2988 2590 καὶ
3017 2535 3154 2608 μετὰ
3180 2535 3393 2588 τούτων
3423 2534 3670 2587 πάντων
3694 2550 3751 2584 νι-

2162 2628 2418 2700 κηθῆναι.
2455 2627 2640 2682 Ταῦτα
2678 2627 3115 2698 ἐπισκεψάμενος
3156 2625 3221 2679 ἂν
3260 2624 3344 2678 ἐτι
3384 2625 3568 2698 θέλῃς
3604 2624 3751 2695 ἔρχου

2163 2719 2258 2773 ἐπὶ
2283 2718 2344 2772 τὸ
2374 2717 2578 2783 ἀθλεῖν,
2602 2719 2651 2772 εί
2679 2718 2737 2771 δὲ
2765 2719 2863 2789 μὴ,
2885 2717 2962 2781 ὡς
2990 2717 3060 2770 τὰ
3093 2715 3282 2770 παιδία
3313 2715 3752 2786 ἀναστραφήσῃ,

2163 2809 2200 2866 ἃ
2225 2809 2320 2866 νῦν
2349 2810 2446 2882 μὲν
2473 2809 2778 2873 παλαιστὰς
2804 2808 3013 2872 παίζει,
3042 2807 3136 2860 νῦν
3163 2807 3220 2861 δὲ
3255 2795 3653 2877 μονομάχους,
3674 2805 3755 2856 νῦν

485 2898 713 2968 gredere
745 2899 811 2953 ad
858 2901 1202 2965 certandum;
1245 2899 1484 2969 alioquin
1515 2899 1862 2970 puerulorum
1893 2900 2063 2956 instar

2169 2900 2225 2955 δὲ
2259 2899 2531 2966 σαλπίζει,
2569 2895 2688 2953 εἷτα
2715 2899 3022 2974 τραγῳδεῖο
3074 2897 3213 2952 οὔτω
3253 2898 3350 2951 καὶ
3402 2899 3474 2952 σὺ
3529 2897 3636 2950 νῦν
3669 2897 3756 2965 μὲν

486 2991 930 3053 conversaberis,
983 2991 1076 3062 qui
1126 3007 1273 3046 nunc
1306 2990 1524 3062 quidem
1549 2992 1844 3048 luctatores
1899 2999 2063 3065 agunt

2169 2991 2426 3063 ἀθλητὴς,
2461 2993 2557 3046 νῦν
2585 2992 2643 3046 δὲ
2683 2992 3010 3064 μονομάχος,
3048 2986 3166 3044 εἶτα
3195 2991 3409 3060 ῥήτωρ,
3447 2985 3586 3042 εἶτα
3619 2989 3756 3056 φιλὸ-

482 3081 751 3150 jocantes.
785 3097 932 3138 nunc
962 3097 1092 3138 vero
1125 3082 1465 3153 gladiatores,
1502 3098 1650 3138 nunc
1684 3082 1810 3137 tuba
1840 3090 2063 3147 canunt,

485 3183 675 3242 postea
732 3173 933 3242 tragice
985 3172 1312 3238 decantant;
1350 3173 1429 3229 sic
1477 3182 1534 3228 tu
1587 3189 1839 3244 quoque,
1904 3157 2136 3229 modoc

486 3263 706 3334 quidem
759 3265 987 3330 athleta,
1051 3266 1214 3320 modo
1267 3266 1551 3336 gladiator,
1589 3265 1785 3322 deinde
1811 3266 2059 3333 'rhetor,

486 3365 673 3425 postea
724 3356 1114 3427 phi1050phusi,
1163 3365 1278 3412 toto
1311 3369 1490 3413 autem
1531 3358 1715 3413 animo
1752 3356 1908 3412 nihil.
1957 3356 2064 3412 Sed

486 3446 655 3501 veluti
689 3447 845 3503 simia
883 3464 1042 3504 omne
1067 3450 1498 3519 spectaculorum
1530 3465 1724 3519 genus,
1764 3448 1808 3506 si
1839 3448 2062 3516 videris,

487 3540 721 3597 imitaris
747 3551 801 3596 et
831 3541 972 3597 aliud
1019 3557 1086 3597 ex
1113 3543 1218 3596 alio
1247 3544 1342 3599 tibi
1379 3544 1573 3614 placet,
1607 3558 1708 3598 nec
1737 3542 1881 3597 enim
1931 3556 2065 3597 con-

489 3633 725 3689 siderate
753 3635 1026 3690 accessisti
1057 3637 1122 3689 ad
1155 3635 1455 3706 quidpiam,
1507 3645 1600 3708 aut
1625 3634 1678 3690 id
1704 3634 2065 3706 perlustrasti,

489 3728 583 3783 sed
616 3737 833 3794 temere,
871 3727 1030 3802 341
1067 3743 1130 3782 ac
1175 3727 1369 3798 frigida
1390 3728 1718 3798 cupiditate;
1754 3709 1874 3798 pari
1906 3727 2068 3782 modo

2171 3101 2356 3154 σοφος,
2387 3084 2482 3157 ὅλῃ
2511 3085 2568 3139 δὲ
2603 3085 2669 3157 τῇ
2700 3084 2847 3158 ψυχῇ
2877 3084 3052 3147 οὐδὲν,
3079 3083 3192 3136 ἀλλ’
3221 3084 3296 3146 ὡς
3327 3081 3614 3153 πίθηκος,
3659 3082 3758 3133 πᾶα

2171 3194 2269 3232 σαν
2299 3175 2427 3230 θέαν
2455 3175 2549 3230 ἐὰν
2575 3176 2693 3248 ίδῃς
2727 3179 2891 3248 μιμῇ,
2913 3177 3008 3230 καὶ
3042 3175 3170 3231 ἄλλο
3205 3175 3264 3240 ἐξ
3293 3175 3465 3228 ἄλλου
3505 3191 3603 3227 σοι
3639 3173 3759 3242 ἀρέρ

2167 3275 2318 3322 σκει·
2346 3268 2406 3322 οὐ
2436 3268 2545 3340 γὰρ
2575 3267 2713 3340 μετὰ
2736 3268 2980 3338 σκέψεως
3003 3264 3164 3339 ἦλθες
3190 3266 3282 3320 ὲπί
3313 3283 3394 3330 τι,
3427 3265 3569 3319 οὐδὲ
3615 3282 3761 3332 περι-

2165 3358 2426 3428 ώδευσας,
2446 3360 2561 3415 ἀλλ’
2582 3363 2725 3434 εικῆ,
2746 3361 2995 3416 καὶκατὰ
3014 3359 3224 3431 ψυχρὰν
3245 3359 3597 3427 ἐπιθυμίαν.
3613 3357 3761 3410 Οὕτω

2164 3455 2489 3526 θεασάμενοί
2511 3473 2656 3522 τινες
2686 3455 2996 3527 φιλόσοφον,
3020 3455 3114 3508 καὶ
3139 3453 3487 3516 ἀκούσαντες
3511 3452 3671 3505 οὕτω
3693 3469 3762 3502 τιο

2169 3545 2261 3609 νὸς
2298 3544 2550 3614 λέγοντος
2577 3545 2652 3609 ὡς
2679 3540 2738 3600 εὖ
2765 3563 2850 3610 τις
2873 3545 2982 3598 τῶν
3016 3543 3320 3614 φιλοσόφων
3357 3542 3526 3610 λέγει
3566 3541 3762 3610 (καίτοι

2173 3651 2256 3697 τις
2294 3633 2438 3688 οὕτω
2476 3634 2700 3689 δύναται
2735 3636 2906 3689 εἰπεῖν
2943 3633 3020 3697 ὡς
3059 3633 3320 3703 ἐκεῖνος);
3368 3630 3630 3694 θέλουσι,
3677 3627 3761 3680 καὶ

2173 3727 2327 3784 αὐτοὶ
2353 3727 2684 3797 φιλοσοφεῖν.

488 3841 615 3882 cum
661 3825 886 3898 quidam
938 3825 1323 3896 philosophum
1373 3818 1673 3894 conspicati
1723 3823 1946 3885 fuerint,
2010 3831 2065 3878 et
2099 3823 2372 3878 audierint
2433 3824 2670 3896 aliquem
2701 3838 2766 3880 eo
2819 3838 3044 3894 prorsus
3077 3819 3235 3876 modo
3269 3819 3628 3890 loquentem,
3657 3832 3759 3887 quo

489 3927 629 3982 bene
675 3923 801 3996 quis
838 3923 1282 3994 pltilOSOphorum
1331 3922 1527 3978 etl‘atur
1574 3923 1652 3993 (et
1692 3920 1909 3994 quidem
1974 3919 2099 3993 quis
2164 3921 2238 3976 ita
2287 3931 2468 3994 potest
2521 3933 2582 3979 ut
2625 3922 2716 3977 ille
2759 3920 2988 3990 eﬂ‘ari?),
3043 3927 3156 3974 tum
3229 3927 3286 3974 et
3333 3916 3443 3988 ipsi
3497 3925 3759 3972 tenentur

491 4013 908 4088 philosOphandi
943 4013 1244 4070 voluntate.

1023 4128 1253 4187 CAPUT
1283 4128 1425 4185 XXX
1441 4129 1524 4186 Vl.

2649 4166 2669 4186 ,
2731 4115 2983 4171 ΚΕΦΑΛ.
3023 4115 3164 4181 Δεῖν.

559 4248 752 4316 Homo,
781 4252 834 4306 in
884 4249 1073 4321 primis
1131 4247 1401 4318 perpende
1454 4261 1570 4303 rem
1639 4245 1818 4317 qualis
1872 4244 1965 4309 sit,
2011 4253 2063 4300 et

2245 4237 2538 4308 ’Ἄνθρωπε
2563 4231 2780 4305 πρῶτον
2807 4228 3101 4298 ἐπίσκεψαι
3137 4223 3321 4280 ὁποῖόν
3355 4223 3480 4276 ἐστι
3516 4221 3586 4275 τὸ
3608 4221 3753 4325 ἔτρᾶ-

489 4352 678 4416 postea
711 4343 788 4398 tui
815 4343 988 4413 ipsius
1022 4339 1274 4395 naturam
1307 4353 1591 4409 pernosce,
1619 4353 1688 4393 an
1718 4339 1898 4409 possis
1941 4352 2063 4408 por-

2173 4349 2312 4405 γμα,
2338 4325 2458 4384 εἶτα
2489 4327 2583 4383 καὶ
2612 4326 2712 4398 τὴν
2744 4320 2969 4379 σεαυτοῦ
3000 4319 3162 4391 φύσιν
3189 4314 3486 4384 κατάμαθε
3517 4315 3573 4366 εί
3605 4313 3755 4365 δύναο

488 4406 626 4489 tare.
673 4431 769 4488 Vis
803 4406 1014 4488 certare
1057 4433 1113 4486 in
1150 4406 1535 4501 quinquertio?
1579 4428 1662 4485 vis
1709 4406 1765 4482 in
1812 4406 2062 4498 palaestra

2174 4442 2264 4480 σαι
2288 4423 2576 4496 βαστάσαι.
2603 4416 2908 4480 Πένταθλος
2939 4411 3077 4470 εἶναι
3103 4411 3300 4484 βούλει,
3331 4407 3366 4479 ἢ

488 4527 722 4582 luctari?
766 4525 902 4581 Vide
934 4531 1024 4580 tua
1060 4493 1318 4587 brachia:
1337 4538 1519 4588 crura,
1556 4521 1647 4577 ilia
1674 4493 1870 4590 proba;
1932 4519 2063 4574 alius

2188 4493 2299 4573 ’ldév
2313 4513 2541 4571 σεαυτοῦ
2567 4514 2692 4577 τοὺς
2718 4510 3027 4583 βραχίονας,
3051 4507 3176 4568 τοὺς
3199 4502 3430 4575 μηροὺς,
3453 4497 3749 4590 τὴνδσσῦν

489 4615 692 4686 quippe
741 4615 808 4670 ad
856 4606 1002 4670 aliud
1052 4625 1210 4669 natus
1287 4622 1390 4668 est.
1444 4613 1699 4678 Putasne,
1770 4609 1918 4681 quod
1966 4610 2072 4666 ista

489 4706 698 4762 faciens
725 4722 880 4776 atque
918 4705 1124 4776 poteris
1155 4704 1460 4768 comedere,
1495 4718 1649 4773 aeque
1676 4703 1884 4767 bibere,
1918 4717 2072 4772 atque

491 4799 784 4870 indignari,
815 4806 871 4854 et
919 4813 1073 4868 aeque
1125 4811 1403 4852 morosum
1452 4807 1504 4852 te
1531 4796 1807 4867 praebere?
1837 4795 2073 4865 Vigilare

489 4899 728 4962 oportet,
754 4891 1021 4956 laborare,
1050 4904 1081 4945 e
1107 4888 1423 4946 domesticis
1451 4887 1764 4955 abscedere,
1792 4903 1820 4942 a
1847 4887 2072 4957 puerulo

489 4984 785 5044 contemni.
814 4984 882 5038 ab
909 4981 1165 5038 omnibus
1191 4982 1366 5047 illudi,
1397 4981 1452 5037 in
1476 4981 1732 5037 omnibus
1759 4979 2070 5035 inferiorem

489 5091 634 5140 esse,
671 5078 722 5131 in
766 5077 996 5141 honore,
1029 5075 1085 5130 in
1118 5076 1378 5145 primatu,
1420 5075 1474 5129 in
1510 5074 1739 5144 judicio,
1770 5083 1824 5128 et
1850 5073 1904 5126 in
1935 5085 2072 5141 qua-

372 5166 376 5170 ’
492 5168 626 5223 libet
657 5167 882 5222 minima
913 5183 990 5223 re.
1027 5167 1459 5247 lstaperpende,
1513 5168 1560 5222 si
1618 5165 1754 5221 velis
1787 5178 1886 5234 pro
1923 5163 2073 5217 hisce

491 5259 746 5316 omnibus
787 5268 1126 5315 commutare
1166 5259 1700 5330 impassibilitatem-,
1739 5256 2070 5320 libertatem.

489 5349 1091 5420 imperturbabilitatem
1117 5369 1131 5422 ;
1163 5351 1246 5406 sin
1283 5350 1488 5416 minus,
1522 5364 1592 5404 ne
1619 5347 1880 5412 accedas;-
1906 5345 2070 5401 neuti

493 5442 734 5510 pueruli,
791 5458 940 5500 nunc
1007 5443 1404 5514 philosophus,
1455 5440 1652 5496 deinde
1716 5438 2069 5508 publicanus,

493 5542 682 5602 postea
712 5534 919 5602 rhetor,
949 5535 1146 5591 deinde
1173 5535 1406 5590 Caesaris
1434 5541 1779 5603 procurator.
1827 5530 1932 5585 Ista
1984 5547 2074 5599 ge-

496 5637 627 5678 nera
657 5640 764 5680 non
798 5635 1124 5680 consonant.
1155 5625 1293 5680 Cum
1328 5641 1474 5681 unus
1509 5625 1586 5681 sis
1620 5626 1805 5690 homo,
1838 5634 2070 5694 oportet,

503 5719 560 5764 nt
587 5711 666 5766 sis
703 5712 898 5776 bonus,
932 5721 1044 5767 aut.
1067 5714 1244 5770 malus
1271 5732 1286 5768 :
1314 5723 1372 5768 tu
1399 5715 1562 5770 debes
1591 5723 1684 5770 aut
1712 5713 2069 5783 principatum

503 5799 678 5855 animi
699 5801 958 5868 perlicere
1001 5803 1114 5860 suis
1150 5805 1322 5874 ipsius
1360 5807 1589 5875 viribus,
1625 5815 1717 5862 aut
1766 5805 2071 5872 exteriora;

2177 4609 2485 4681 κατάμαθε,
2515 4605 2674 4668 ἄλλος
2720 4604 2829 4674 γὰρ
2855 4599 2992 4671 πρὸς
3017 4598 3145 4653 ἄλλο
3181 4595 3416 4662 πέφυκε.
3447 4592 3647 4681 Δοκείς
3677 4589 3748 4640 ὅτι

2173 4680 2344 4756 ταῦτα
2400 4699 2570 4754 ποιῶν
2615 4695 2878 4757 ὡσαύτως
2925 4693 3149 4746 δύνασαι
3205 4685 3430 4744 ἐσθίειν,
3483 4680 3748 4740 ὡσαύτως

2174 4792 2370 4857 πίνειν,
2426 4787 2688 4851 ὡσαύτως
2735 4782 3070 4856 ὀργίζεσθαι,
3103 4777 3302 4848 ὁμοίως
3353 4772 3748 4842 δυσαρεστεῖνς

2186 4879 2562 4950 Ἀγρυπνῆσαι
2604 4878 2704 4940 δεῖ,
2763 4874 3018 4945 πονῆσαι,
3075 4870 3185 4925 ἀπὸ
3234 4869 3344 4923 τῶν
3374 4867 3606 4922 οἰκείων
3651 4868 3749 4919 ἁπ-

2172 4971 2370 5036 ελθεῖν,
2432 4968 2538 5022 ὑπὸ
2589 4965 2874 5038 παιδαρίου
2931 4959 3430 5032 καταφρονηθῆναι,
3485 4955 3602 5010 ὑπὸ
3647 4953 3750 5005 τῶν

2175 5062 2430 5116 ἁπάντων
2451 5055 2946 5128 καταγελασθῆναι,
2970 5055 3027 5106 ὲν
3051 5050 3213 5105 παντὶ
3236 5045 3401 5120 ἦττον
3425 5047 3520 5117 ἔχε
3529 5065 3581 5100 ιν
3603 5046 3660 5096 ἐν
3683 5061 3746 5094 τις

2175 5156 2275 5224 μῇ.
2307 5154 2364 5204 ἐν
2387 5151 2552 5221 ἀρχῇ,
2579 5149 2636 5202 ὲν
2665 5147 2810 5220 δίκῃ,
2842 5142 3176 5216 πραγματίῳ
3206 5138 3388 5192 παντί.
3415 5137 3616 5191 Ταῦτα
3639 5133 3747 5188 ἐπί-

2174 5245 2393 5315 σκεψαι,
2429 5245 2477 5296 εἰ
2524 5242 2697 5304 θέλεις
2737 5232 3298 5300 ἀντικαταλλάξασθαι
3341 5230 3565 5284 τούτων
3615 5232 3747 5283 άπα-

2173 5337 2347 5398 θειαν,
2371 5333 2711 5405 ἐλευθερίαν,
2739 5327 3061 5402 ἀταραξίαν.
3081 5328 3142 5380 Εἰ
3169 5325 3226 5380 δὲ
3251 5323 3348 5395 μὴ,
3370 5321 3450 5392 μὴ
3479 5323 3746 5389 πρόσαγε,

2176 5430 2251 5500 μὴ
2291 5429 2368 5493 ὡς
2400 5427 2468 5480 τὰ
2499 5424 2723 5478 παιδία·
2759 5420 2855 5474 νῦν
2887 5419 3196 5490 φιλόσοφος,
3231 5413 3463 5483 ὕστερον
3495 5411 3560 5464 δὲ
3589 5409 3748 5463 τελὼο

2171 5541 2291 5595 νης,
2347 5515 2467 5575 εἶτα
2509 5520 2713 5590 ῥήτωρ,
2760 5511 2880 5568 εἶτα
2931 5511 3222 5580 ἐπίτροπος
3264 5505 3578 5572 Καίσαρος.
3621 5501 3748 5568 Γένη

2171 5615 2346 5671 ταῦτα
2367 5615 2428 5668 οὐ
2455 5611 2758 5684 συμφωνεῖ.
2786 5608 2923 5660 Ἕνα
2945 5621 3004 5659 σε
3026 5603 3107 5657 δεῖ
3131 5600 3415 5671 ἄνθρωπον
3441 5597 3604 5658 ὄντα,
3628 5598 3747 5661 ἀγα·

2174 5709 2284 5772 θον,
2311 5707 2345 5778 ἢ
2377 5703 2544 5760 κακὸν
2568 5703 2732 5766 εἶναι,
2753 5699 2788 5770 ἢ
2810 5697 2871 5751 τὺ
2900 5693 3224 5768 ἡγεμονικόν
3254 5707 3314 5744 σε
3339 5689 3425 5742 δεῖ
3453 5686 3744 5759 ἐξεργάζε-

2174 5801 2295 5856 σθαι
2331 5801 2443 5862 τοῖς
2468 5793 2656 5866 αὐτοῦ,
2693 5793 2726 5866 ἢ
2759 5792 2826 5847 τὰ
2857 5788 3089 5860 ὲκτὸς,ῆ
3128 5782 3350 5863 περὶτὰ
3382 5780 3497 5835 έσω
3537 5779 3743 5851 φιλοτετ
