3838 6056
21 270 207 339 1301

1330 282 1675 347 EPIC'I'ETI
1716 286 2100 353 MANUALE.

3197 287 3332 355 1302

21 391 249 454 ινεῖν,
282 389 317 460 ἢ
352 387 481 459 περὶ
510 387 579 442 τὰ
606 386 734 457 ἔξω,
759 388 1057 457 τουτέστιν,
1106 390 1141 461 ἢ
1173 390 1461 463 φιλοσόφου
1501 384 1655 461 τάξιν

1787 398 1843 454 'el
1883 399 2229 464 interiorum,
2264 398 2348 456 vel
2394 398 2728 455 exteriorum
2770 398 2953 457 studio
2989 413 3224 471 vacare;
3251 403 3333 458 vel

25 480 324 551 ἐπέχειν,
353 478 387 551 ἢ
421 477 655 535 ἰδιώτου.

665 596 915 652 ΚΕΦΑΛ.
955 594 1076 651 ΛΖ⁹.

137 706 236 761 Τὰ
282 707 591 780 καθήκοντα
632 709 710 773 ὡς
746 710 950 765 ἐπίπαν
990 715 1107 777 ταῖς
1150 714 1366 785 σχέσεσι
1401 735 1657 789 παραμε-

31 804 316 869 τρεῖται.
368 803 558 876 Πατήρ
606 804 773 870 ἐστιν,
816 806 1217 877 ὑπαγορεύεται
1259 810 1654 881 ἐπιμελεῖσθαι,

36 898 442 967 παραχωρεῖν
463 896 737 963 ἁπάντων,
760 898 1047 969 ἀνέχεσθαι
1067 899 1449 973 λοιδοροῦντος,
1475 904 1659 957 παίον-

39 1001 200 1051 cog.
235 988 395 1042 Ἀλλὰ
426 990 593 1054 κακὸς
618 991 647 1045 ὁ
678 992 861 1062 πατήρ
882 993 1028 1047 ἐστι*
1062 995 1135 1066 μή
1168 1012 1221 1048 τι
1252 995 1344 1049 οὖν
1366 998 1503 1067 πρὸς
1528 998 1659 1067 ἀγα-

43 1079 185 1134 θὸν
213 1083 429 1154 πατέρα
462 1082 623 1152 φύσει
646 1083 931 1156 ᾡκειώθης
952 1105 966 1152 ;
988 1087 1126 1141 ἀλλὰ
1160 1088 1298 1159 πρὸς
1325 1090 1557 1161 πατέρα.
1600 1091 1659 1147 '0

47 1171 316 1244 ἀδελφὸς
345 1174 559 1228 ἀδικεῖ·
587 1176 743 1247 τήρει
779 1178 1068 1248 τοιγαροῦν
1097 1177 1195 1249 τὴν
1225 1178 1378 1245 τάξιν
1402 1180 1500 1253 τὴν
1530 1199 1658 1234 σαυ-

50 1263 185 1319 τοῦ
246 1265 381 1337 πρὸς
431 1266 621 1320 αὐτόν·
674 1265 806 1337 μηδέ
839 1268 1032 1323 σκόπει
1067 1270 1129 1323 τὸ
1160 1269 1214 1324 τί
1261 1272 1466 1336 ἐκεῖνος
1495 1276 1655 1337 ποιεῖ,

54 1354 230 1409 ἀλλά
257 1355 309 1409 τί
330 1371 412 1409 σοι
438 1357 724 1428 ποιήσαντι
746 1357 890 1411 κατά
918 1360 1078 1427 φύσιν
1109 1359 1280 1430 ἐξειή
1313 1360 1379 1433 σὴ
1402 1361 1661 1435 προαίρε-

60 1460 199 1511 σις.
228 1446 296 1501 Σὲ
322 1446 430 1519 γὰρ
472 1447 630 1515 ἄλλος
672 1449 734 1503 οὐ
786 1450 979 1521 βλάψει
1024 1452 1073 1505 εἰ
1108 1451 1181 1523 μὴ
1207 1451 1382 1518 θέλεις
1404 1470 1420 1484 ·
1449 1454 1571 1509 τότε
1601 1456 1659 1510 δὲ

59 1536 193 1611 ἐστί
219 1537 611 1611 βεϐλαμμένος,
635 1540 762 1595 ὅταν
786 1540 1066 1613 ὑπολάϐῃς
1096 1542 1445 1613 βλάπτεσθαι·
1486 1545 1658 1611 οὕτως

63 1624 189 1682 οὖν
231 1630 341 1684 ἀπὸ
373 1631 467 1685 τοῦ
520 1632 761 1699 πολίτου,
804 1633 913 1687 ἀπὸ
959 1634 1054 1688 τοῦ
1096 1636 1355 1705 γείτονος,
1396 1637 1506 1692 ἀπὸ
1564 1638 1656 1692 τοῦ

1762 492 1975 547 tandem
2010 491 2316 563 philosophi
2344 491 2523 546 locum
2556 502 2762 557 tenere,
2790 492 2873 546 vel
2913 491 3111 548 idiotas.

2175 605 2336 679 342
2375 604 2607 661 CAPUT
2648 604 2907 660 xxxv".

1828 717 2020 776 Ofﬁcia
2049 730 2561 777 commensurantur
2593 730 2653 776 ιιι
2682 719 2980 791 plurimum
3029 720 3209 775 habita
3243 736 3336 774 ra-

1760 810 1907 867 tione
1951 812 2283 867 naturalium
2322 814 2746 884 congruitatum.
2784 811 2945 867 Pater
2974 820 3087 876 est;
3124 811 3333 876 suadet,

1762 911 1821 956 ut
1856 902 1978 973 ejus
2015 913 2237 974 geratur
2265 919 2419 971 cura,
2463 914 2523 960 ut
2562 905 2665 976 ipsi
2698 906 2921 960 cedatur
2959 904 3013 957 in
3062 904 3334 969 omnibus,

1759 1002 1927 1064 utque
1970 994 2247 1061 toleretur,
2284 994 2332 1052 si
2388 993 2693 1066 objurgarit
2746 1010 2811 1051 ac
2866 992 3180 1049 verberarit.
3232 991 3339 1048 Sed

1759 1091 1917 1154 pater
1955 1084 2133 1141 malus
2153 1094 2237 1141 est
2267 1104 2282 1142 :
2315 1087 2559 1157 nunquid
2585 1086 2753 1158 igitur
2784 1087 2927 1141 bono
2977 1086 3118 1157 patri
3143 1087 3340 1157 adjun-

1760 1186 1880 1231 ctus
1908 1192 1968 1233 es
2006 1191 2036 1232 a
2066 1179 2297 1234 natura?
2335 1193 2466 1242 non,
2514 1178 2605 1234 sed
2658 1178 2818 1249 patri.
2863 1177 3051 1234 Frater
3082 1179 3340 1248 injuriam

1760 1266 1928 1323 infert
1956 1286 1970 1322 :
2004 1278 2061 1323 ιιι
2097 1268 2281 1340 itaque
2309 1269 2537 1325 observa
2568 1279 2722 1325 tuum
2754 1285 2882 1339 erga
2912 1270 3089 1340 ipsum
3115 1269 3340 1324 modum

1760 1364 1969 1419 ratione
2012 1373 2392 1434 temperatum,
2437 1379 2613 1434 neque
2654 1362 2900 1418 attendas
2953 1362 3028 1428 id,
3078 1363 3222 1433 quod
3256 1362 3345 1418 ille

1732 1456 1892 1527 ~agit,
1940 1456 2033 1511 sed
2079 1455 2210 1526 quid
2266 1470 2365 1527 pro
2395 1465 2445 1511 te
2492 1466 2646 1511 tuum
2706 1454 2935 1525 requirit
2982 1455 3342 1526 propositum.

1761 1549 1891 1604 dum
1913 1563 1998 1612 ea,
2024 1565 2147 1620 quze
2170 1558 2378 1605 natura:
2394 1557 2705 1621 congruunt
2730 1549 2991 1605 effeceris.
3019 1548 3094 1603 Te
3113 1565 3347 1618 namque

1760 1642 1901 1698 alius
1933 1642 2155 1697 minime
2180 1642 2356 1708 laedet,
2386 1641 2492 1696 nisi
2536 1642 2802 1706 volueris;
2846 1651 2978 1697 tunc
3007 1641 3152 1695 enim
3189 1641 3349 1696 laesus

74 1719 411 1791 στρατηγοῦ
442 1720 505 1775 τὸ
546 1721 785 1795 καθῆκον
832 1720 1169 1796 ἐξευρήσεις,
1197 1721 1263 1778 ἂν
1301 1724 1401 1790 τὰς
1446 1724 1659 1796 σχέσεις

1787 1732 1894 1795 :ris,
1934 1732 2153 1803 quando
2197 1732 2592 1787 existimaveris
2637 1742 2689 1787 te
2728 1731 2846 1787 laedi
2885 1752 2897 1787 :
2929 1731 3011 1787 sic
3057 1732 3224 1802 igitur
3250 1731 3348 1785 ad-

73 1810 256 1885 ὲθίζῃ
276 1811 521 1886 θεωρεῖν.

682 2102 934 2159 ΚΕΦΑΛ.
962 2102 1094 2159 AH’.

167 2213 289 2284 τῆς
323 2216 450 2286 περί
477 2214 609 2270 Θεδν
634 2216 937 2282 εὐσεϐείας,
971 2217 1080 2272 ῐσθι
1110 2219 1192 2273 ὅτι
1226 2220 1287 2273 τὸ
1332 2218 1672 2291 κυριώτατον

87 2303 281 2359 ἐκεῖνό
325 2308 471 2361 ἐστιν
500 2307 667 2379 ὀρθὰς
700 2309 995 2379 ὑπολήψεις
1029 2311 1157 2382 περὶ
1199 2310 1359 2366 αὐτοῦ
1406 2310 1550 2381 ἔχειν
1596 2311 1673 2375 ὡς

89 2396 297 2464 αὑτοῦ,
331 2397 426 2453 καὶ
465 2398 791 2464 διοικοῦντος
831 2402 928 2455 ὅλα
957 2401 1139 2466 καλῶς
1174 2403 1269 2456 καὶ¹
1300 2403 1545 2467 δικαίως,
1579 2403 1675 2458 καὶ

89 2488 269 2543 αὑτὸν
284 2491 363 2553 εἰς
374 2489 534 2544 τοῦτο
556 2495 985 2564 κατατεταχέναι
1009 2494 1089 2553 είς
1109 2494 1170 2547 τὸ
1198 2494 1479 2549 πείθεσθαι
1501 2495 1671 2566 αὐτῷ,

91 2578 203 2632 καὶ
250 2580 475 2634 ἕπεσθαι
526 2581 622 2635 καὶ
669 2582 841 2638 εἴκειν
882 2586 1018 2638 πᾶσι
1056 2586 1170 2649 τοῖς
1214 2585 1542 2655 γινομένοις,
1582 2588 1677 2641 καὶ⁸

94 2672 420 2727 ἀκολουθεῖν
456 2674 649 2728 ἑκόντα
680 2675 754 2739 ὡς
784 2676 876 2729 ἐπὶ
910 2676 1010 2745 τῆς
1040 2676 1267 2748 ἀρίστης
1294 2676 1522 2749 γνώμης
1555 2678 1677 2733 ἐπι-

94 2763 451 2836 τελουμένοις
474 2782 490 2798 ο
520 2766 663 2820 οὓτω
687 2768 796 2837 γὰρ
827 2766 951 2821 οὔτε
994 2768 1184 2841 μέμψῃ
1217 2768 1311 2822 τὸν
1341 2768 1473 2823 Θεόν
1522 2788 1676 2838 ποτε,

1773 1822 2034 1888 invenies,
2058 1821 2202 1891 Quod
2235 1820 2462 1877 debetur
2503 1822 2744 1878 ofﬁcium
2800 1838 2829 1877 a
2862 1822 2997 1886 cive,
3029 1836 3058 1875 a
3087 1821 3286 1884 vicino,
3317 1835 3348 1874 a

1772 1912 1911 1968 duce
1959 1911 2214 1978 militari,
2258 1911 2304 1969 si
2352 1912 2629 1967 naturales
2681 1911 3048 1983 congruitates
3087 1911 3353 1966 assuetias

1774 2004 2123 2075 perpendere.
2478 2008 2489 2019 ‘

2278 2111 2508 2170 CAPUT
2557 2110 2843 2169 XXXVIII.

1846 2229 2001 2286 Circa
2032 2228 2287 2299 pietatem
2322 2243 2446 2299 erga
2482 2226 2675 2294 Deum,
2723 2229 2888 2293 scias,
2926 2227 3071 2299 quod
3117 2228 3355 2283 maxime

1777 2323 2107 2394 praecipuum
2158 2322 2287 2378 illud
2325 2330 2428 2387 est,
2483 2331 2628 2377 recte
2661 2321 2919 2377 nimirum
2970 2321 3048 2377 de.
3085 2322 3203 2392 ipso
3232 2337 3356 2377 scn-

1779 2415 1913 2481 tire,
1944 2424 2004 2469 ut
2040 2413 2155 2485 ipse
2180 2423 2282 2479 est,
2313 2425 2479 2483 utque
2514 2413 2674 2477 bene,
2706 2425 2772 2466 ac
2796 2413 2943 2482 juste
2976 2411 3226 2466 universa
3256 2427 3357 2481 gu-

1779 2506 2003 2573 bernat;
2059 2521 2227 2577 seque
2282 2505 2460 2576 ipsum
2503 2505 2556 2560 in
2608 2520 2675 2561 eo
2714 2503 3020 2575 subjicere,
3074 2518 3266 2573 nempe
3300 2502 3356 2556 in

1780 2598 2082 2655 obediendo
2116 2599 2226 2666 illi,
2258 2612 2494 2668 eumque
2518 2595 2817 2665 sequendo,
2866 2608 2931 2652 ac
2955 2593 3208 2651 omnibus
3237 2606 3363 2663 quae

1781 2693 2104 2764 contingunt
2162 2691 2423 2754 cedendo.
2477 2698 2531 2744 et
2580 2689 2810 2744 libenter
2859 2686 3137 2754 sectanda,
3184 2701 3250 2741 ac
3311 2684 3363 2740 si

1783 2784 1985 2856 optima
2043 2798 2168 2840 cum
2217 2782 2603 2839 deliberatione
2656 2779 3053 2851 perficiantur:
3104 2779 3184 2834 sic
3214 2777 3359 2833 enim

96 2856 237 2911 οὔτε
261 2858 596 2950 ἑέγκαλέσεις
640 2859 715 2923 ὡς
760 2861 1163 2933 ἀμελούμενοςο
1209 2862 1383 2928 ἄλλως
1420 2864 1479 2918 δέ
1521 2864 1677 2922 τοῦτο

1787 2893 1958 2950 neque
1986 2877 2053 2933 de
2080 2876 2192 2933 Deo
2222 2875 2575 2945 conquereris
2605 2888 2845 2944 unquam
2870 2914 2885 2937 ,
2913 2886 3013 2926 nec
3050 2886 3173 2925 eum
3210 2869 3365 2924 incu-

96 2950 209 3021 οὐχ
232 2944 416 3005 οἷόντε
444 2952 540 3006 ἐὰν
572 2953 647 3024 μὴ
676 2954 921 3026 ἀποστῇς
947 2955 1053 3009 τῶν
1074 2955 1174 3010 οὐκ
1206 2955 1291 3025 ἐφ’
1315 2957 1468 3028 ἡμῖν,
1497 2958 1591 3012 καὶ
1621 2959 1678 3012 ἐν

102 3044 226 3106 τοῖς
276 3043 362 3113 ἐφ’
392 3045 526 3115 ἡμῖν
562 3046 744 3115 μόνοις
772 3046 870 3118 θῇς
902 3046 963 3100 τὸ
1002 3047 1230 3117 ἀγαθὸν,
1270 3047 1448 3103 καὶτὸ
1478 3050 1675 3105 κακόν·

102 3134 261 3189 ὠσάν
288 3135 477 3210 [ὼτὰν]
499 3138 562 3209 γέ
588 3156 639 3193 τι
668 3140 893 3195 ἐκείνων
920 3140 1205 3195 ὑπολαϐὼν
1222 3142 1445 3212 ἀγαθὸν,
1461 3144 1493 3216 ἢ
1512 3145 1681 3199 κακὸν

107 3229 267 3282 πᾶσα
316 3228 552 3302 ἀνάγκη,
596 3231 727 3286 ὅταν
777 3232 1194 3305 ἀποτυγχάνεις,
1239 3227 1314 3290 ὧν
1371 3236 1546 3301 θέλεις
1588 3236 1682 3290 καὶ

108 3325 471 3396 περιπίπτεις
506 3323 588 3389 οἷς
616 3328 714 3381 οὐκ
744 3327 950 3393 ἐθέλεις
977 3330 1290 3402 μέμφεσθαι
1329 3348 1410 3396 σε,
1451 3333 1547 3387 καὶ
1592 3350 1682 3405 μι-

109 3419 233 3471 σεῖν
271 3418 397 3482 τοὺς
445 3419 671 3483 αἰτίους.
722 3421 940 3490 Πέφυκε
967 3420 1078 3493 γὰρ
1122 3422 1262 3490 πρὸς
1303 3424 1411 3478 πᾶν
1449 3423 1588 3489 ζῶον
1614 3424 1684 3479 τὰ

112 3508 220 3581 μὲν
238 3509 477 3583 βλαϐερὰ
497 3511 821 3583 φαινόμενα,
845 3513 941 3567 καλ⁵
964 3512 1114 3567 αίτια
1141 3512 1292 3584 αὐτῷ
1318 3514 1564 3584 φεύγειν,
1589 3516 1684 3569 καὶ

109 3603 498 3674 ἐκτρέπεσθαι,
546 3604 724 3659 τὰ,δέ
770 3604 1044 3677 ὠφέλιμα,
1091 3606 1187 3660 καὶ
1240 3606 1310 3661 τὰ
1346 3608 1493 3662 αἴτια
1535 3607 1684 3678 αὐτῷ

114 3694 385 3763 μετιέναι,
416 3696 508 3750 καὶ
535 3696 963 3769 τεθαυμακέναι.
997 3697 1305 3768 Ἀμήχανον
1330 3692 1424 3753 οῦν
1461 3697 1685 3769 βλάπτε-

112 3785 244 3840 σθαί
264 3803 384 3840 τινα
407 3786 653 3857 οἰόμενον
676 3787 889 3859 χαίρειν
913 3787 991 3859 τῷ
1012 3787 1260 3842 δοκοῦντι
1290 3786 1569 3859 βλάπτειν,
1587 3788 1686 3843 ῶσ-

111 3893 224 3947 περ
251 3879 344 3931 καὶ
373 3877 434 3932 τὸ
460 3879 595 3951 αὐτῇ
628 3882 696 3952 τῇ
729 3878 902 3953 βλάϐῃ
931 3878 1142 3949 χαίρειν
1174 3876 1455 3933 ἀδύνατον.
1493 3878 1685 3932 Ἔνθεν

111 3971 214 4023 καὶ
242 3969 425 4042 πατὴρ
466 3970 573 4024 ὑπὸ
613 3971 706 4025 τοῦ
741 3971 857 4027 υἱοῦ
905 3970 1248 4041 λοιδορεῖται,
1287 3972 1416 4025 ὅταν
1460 3971 1572 4026 τῶν
1598 3971 1687 4025 δο-

113 4060 358 4116 κούντων
405 4062 628 4132 ἀγαθῶν
672 4058 810 4117 εἶναι
848 4062 927 4134 τῷ
955 4063 1106 4117 παιδὶ
1143 4063 1219 4135 μὴ
1256 4063 1521 4135 μεταδιδῷ
1545 4076 1559 4092 ·
1592 4062 1686 4118 καί

1782 2972 1963 3040 sabis,
2010 2972 2089 3028 uti
2144 2971 2213 3027 ab
2260 2971 2453 3026 eodem
2507 2969 2790 3041 neglectus
2827 2986 2840 3020 :
2875 2966 3030 3021 aliter
3078 2976 3208 3019 vero
3258 2960 3367 3016 hoc

1782 3067 2042 3140 possibile
2096 3082 2208 3123 non
2253 3076 2371 3132 est,
2424 3065 2529 3122 nisi
2581 3064 2860 3120 abstineas
2897 3061 2966 3116 iis
3007 3074 3129 3131 quae
3172 3071 3278 3112 non
3309 3054 3364 3108 in

1783 3162 1944 3218 nobis
1969 3168 2122 3228 sunt,
2153 3159 2570 3229 constituasque
2600 3157 2805 3214 bonum
2826 3163 2881 3212 et
2910 3154 3113 3211 malum
3145 3152 3196 3205 in
3220 3150 3369 3204 hisee

1783 3254 1961 3311 solum
2012 3268 2136 3324 qua;
2176 3259 2305 3308 sunt
2344 3251 2399 3307 in
2438 3250 2601 3307 nobis
2632 3268 2647 3306 :
2674 3248 2818 3321 quod
2861 3246 2909 3303 si
2966 3244 3095 3317 quid
3150 3243 3364 3298 illorum

1784 3342 2056 3418 putaveris
2103 3345 2331 3410 bonum,
2383 3350 2479 3398 aut
2510 3342 2758 3405 (malum,
2812 3351 3099 3397 necessum
3150 3333 3371 3404 penitus

1783 3437 1907 3502 erit,
1946 3434 2165 3505 quando
2193 3432 2461 3489 excideris
2495 3433 2564 3499 ab
2600 3431 2686 3487 his
2718 3445 2840 3502 qua:
2882 3426 3145 3491 volueris,
3188 3423 3369 3479 autin

1785 3542 1850 3583 ea
1869 3541 1989 3597 qua:
2015 3523 2179 3597 3&3
2210 3524 2471 3592 nolueris,
2501 3523 2779 3588 incideris,
2810 3530 2868 3577 ut
2892 3521 2960 3576 de
2981 3520 3046 3575 iis
3067 3531 3370 3588 conquera-

1786 3620 1882 3685 ris,
1919 3617 2013 3689 qui
2060 3625 2311 3672 auctores
2359 3614 2530 3683 fuere,
2568 3630 2774 3686 eosque
2805 3614 2931 3669 odio
2957 3612 3179 3667 habeas.
3210 3608 3369 3663 lnna-
3484 3658 3489 3693 ὲ

1786 3718 1900 3764 tum
1923 3715 2008 3762 est
2042 3705 2242 3777 quippe
2266 3706 2416 3761 omni
2446 3705 2732 3771 animanti,
2763 3711 2825 3759 ut
2865 3718 2951 3768 ea,
2979 3716 3100 3772 quae
3121 3698 3369 3756 nocitura

1787 3800 2036 3855 videntur
2087 3811 2388 3868 eorumque
2437 3811 2634 3853 causas
2687 3794 2884 3862 evitet,
2936 3808 3001 3849 ac
3059 3801 3370 3855 aversetur,

1786 3886 1941 3942 utilia
1977 3900 2129 3952 vero,
2169 3898 2471 3955 eorumque
2499 3899 2697 3940 causas
2726 3881 2946 3953 assequi
2975 3879 3288 3944 contendat,
3318 3885 3374 3932 et

1787 3976 2104 4034 admiretur.
2158 3973 2255 4029 Est
2308 3974 2473 4045 igitur
2530 3973 2907 4044 impossibile,
2963 3970 3111 4044 quod
3168 3967 3369 4037 aliquis

1787 4070 2014 4126 laedatur
2042 4083 2074 4123 a
2100 4083 2178 4134 re,
2208 4084 2329 4140 quae
2355 4067 2586 4132 videtur,
2618 4065 2765 4136 quod
2792 4063 2956 4130 laedit,
2986 4063 3031 4117 si
3060 4063 3177 4132 ipse
3197 4068 3370 4131 putat,

113 4172 230 4209 τισι
270 4154 381 4208 τῶν
418 4156 673 4226 ἀφρόνων
715 4154 878 4209 τοῦτο
906 4154 1131 4226 ἐποίησε
1152 4155 1215 4210 τὸ
1248 4156 1451 4226 ἀγαθὸν
1477 4155 1682 4212 οἴεσθαι

1791 4160 1937 4232 quod
1964 4158 2231 4225 laatiflcat;
2274 4158 2416 4214 sicut
2446 4156 2611 4213 etiam
2638 4156 2750 4210 ﬁeri
2782 4170 2890 4209 non
2922 4160 3120 4225 potest,
3152 4160 3210 4205 ut
3241 4149 3376 4204 laeti-

114 4245 220 4318 τὴν
257 4221 565 4316 τυραννίδα.
605 4246 703 4301 Διὰ
735 4246 894 4301 τοῦτο
930 4247 1025 4301 καὶ
1055 4221 1307 4319 γεωργὸς
1334 4248 1565 4320 λοιδορεῖ
1597 4247 1682 4303 τὸν

1794 4221 1984 4308 licetur
2028 4251 2098 4306 ab
2148 4221 2238 4314 eo,
2264 4248 2410 4320 quod
2452 4248 2615 4303 laedit.
2656 4247 2794 4302 Hinc
2824 4221 2989 4301 etiam
3020 4253 3173 4316 pater
3200 4258 3231 4297 a
3262 4240 3374 4295 filio

113 4332 254 4389 Θεόν
277 4351 292 4367 ·
322 4337 411 4392 διὰ
444 4335 603 4392 τοῦτο
633 4339 663 4391 ὀ
690 4338 912 4408 ναύτης,
933 4337 1023 4392 διὰ
1057 4337 1217 4392 τοῦτο
1243 4341 1272 4392 ὁ
1301 4337 1563 4412 ἔμπορος,
1596 4339 1682 4393 ἐπὶ

1793 4343 2121 4401 contumelia
2166 4341 2423 4405 afficitur,
2452 4340 2670 4411 quando
2709 4353 2781 4394 ea
2803 4353 2925 4409 quae
2953 4338 3097 4393 bona
3125 4335 3376 4390 videntur

115 4427 299 4501 τούτῳ
328 4429 377 4482 οἱ
407 4428 508 4494 τὰς
542 4432 807 4498 γυναῖκας
842 4429 1191 4511 ἀπολύοντες,
1240 4430 1336 4484 καὶ
1390 4429 1460 4484 τὰ
1499 4428 1686 4484 τέκνα.

94 4522 300 4603 λ⁹οπου
331 4521 440 4593 γὰρ
476 4522 538 4576 τὺ
568 4524 868 4597 συμφέρον,
895 4526 1012 4607 ἐκεῖ
1038 4524 1132 4577 καὶ
1164 4522 1226 4577 τὸ
1262 4522 1515 4589 εὐσεϐὲς,
1549 4522 1690 4577 ὥστε

119 4614 275 4679 ὅστις
313 4614 407 4668 τοῦ
451 4614 738 4685 ὀρέγεσθαι
768 4615 1109 4685 ἐπιμελεῖται
1145 4608 1220 4669 ὧν
1253 4615 1334 4669 δεῖ
1369 4616 1465 4668 καὶ
1506 4613 1691 4669 ἐκκλί-

122 4723 261 4772 νειν,
290 4707 349 4761 ἐν
367 4706 563 4778 τούτῳ,
595 4707 691 4761 καὶ
718 4707 999 4772 εὐσεϐείας
1026 4707 1385 4779 ἐπιμελεῖται.
1421 4708 1682 4779 Προσήκει

1803 4710 2039 4767 convitio
2064 4710 2273 4781 carpit;
2302 4710 2428 4765 ideo
2454 4717 2655 4776 nauta;
2689 4708 2813 4764 ideo
2844 4713 3151 4771 mercator;
3182 4703 3304 4758 ideo
3328 4711 3381 4757 et
3462 4748 3477 4759 .

1793 4433 1925 4498 lilio,
1958 4448 2069 4487 non
2092 4432 2192 4501 ipsi
2219 4431 2563 4501 impertiatur
2593 4448 2607 4486 :
2640 4430 2892 4487 similiter
2915 4425 3243 4498 quibusdam
3271 4424 3376 4478 im-

1792 4525 2152 4597 prudentibus
2192 4524 2247 4579 id
2288 4525 2342 4578 in
2396 4538 2565 4579 causa
2613 4522 2737 4590 fuit,
2783 4531 2842 4577 ut
2872 4520 3017 4592 quod
3050 4519 3192 4575 bona
3231 4523 3378 4572 esset

1800 4617 2048 4688 tyrannis
2076 4616 2475 4672 existimarent.
2527 4614 2652 4671 Ideo
2684 4613 2922 4685 agricola
2952 4624 3171 4683 quoque
3204 4608 3377 4664 Deum

123 4798 270 4853 κατὰ
312 4799 572 4871 ἀλήθειαν
625 4800 892 4854 ἅπτεσθαι
937 4799 1121 4872 ἔργου,
1177 4799 1452 4872 καθαρῶς,
1497 4801 1592 4854 καὶ
1621 4800 1682 4871 μὶ

1797 4803 1887 4873 qui
1917 4817 2120 4859 uxores
2147 4802 2451 4868 dimittunt,
2487 4816 2552 4856 ac
2593 4800 2758 4855 ﬁlios.
2783 4797 2862 4854 Ita
2910 4806 2971 4853 ut
3004 4798 3073 4863 is,
3099 4797 3186 4850 cui
3216 4806 3380 4864 appe-

126 4891 591 4962 ἐπισεσυρμένως,
635 4892 769 4964 μηδέ
814 4892 1052 4964 ἀμελῶς,
1088 4892 1224 4964 μηδέ
1254 4910 1319 4963 γε
1364 4893 1691 4965 αίσχροκερο

126 4983 256 5049 δῶς,
291 4983 425 5054 μηδὲ
456 4983 597 5056 ὑπὲρ
626 4984 877 5057 δύναμιν.

1795 4902 1908 4949 tere
1938 4908 2084 4950 cura:
2127 4892 2200 4949 sit
2241 4900 2294 4948 et
2340 4891 2616 4947 declinare
2668 4891 2762 4946 illa
2807 4905 2932 4961 quae
2966 4888 3139 4950 decet,
3179 4886 3233 4940 in
3276 4884 3382 4940 hoc

1794 4985 1957 5040 etiam
1985 4994 2196 5056 satagat
2225 4999 2427 5041 curans
2456 4985 2735 5056 pietatem.
2772 4982 2923 5055 Opus
2967 4982 3133 5055 igitur
3162 4978 3383 5051 aggredi

129 5079 387 5136 convenit
414 5096 562 5147 vere,
626 5097 691 5139 ac
756 5084 911 5154 pure,
977 5096 1077 5139 nec
1108 5081 1487 5153 incomposite,
1519 5095 1696 5152 neque
1725 5083 2077 5154 negligenter,
2132 5097 2309 5154 neque
2352 5081 2631 5137 sordidum
2684 5081 2756 5136 ob
2800 5081 3036 5145 lucrum,
3086 5091 3187 5132 nec
3216 5091 3382 5146 supra

131 5174 299 5230 vires.

710 5271 964 5327 ΚΕΦΑΛ.
996 5270 1121 5327 ΛΘ’.

204 5359 377 5425 Τάξον
412 5360 534 5416 τινὰ
580 5363 753 5428 εἴδους
781 5364 1107 5438 χαρακτῆρα
1146 5363 1348 5436 σαυτῷ,
1377 5364 1473 5418 καὶ
1507 5360 1700 5428 τύπον,

135 5452 198 5505 δν
231 5453 485 5521 φυλάξεις
518 5455 611 5510 ἐπί
651 5473 710 5511 τε
748 5456 945 5513 σαυτοῦ
980 5456 1078 5522 ὢν,
1119 5458 1214 5512 καὶ
1256 5455 1565 5528 ἀνθρώποις
1612 5458 1700 5509 ὲν-

139 5545 444 5615 τυγχάνων.

732 5641 979 5696 ΚΕΦΑΛ.
1019 5640 1109 5697 Μ’.

214 5727 400 5802 Σιωπή
423 5729 486 5785 τὸ
511 5730 645 5787 πολὺ
670 5731 827 5801 ἔστω,
850 5732 884 5804 ἢ
910 5731 1174 5788 λαλείσθω
1202 5735 1269 5790 τὰ
1293 5733 1585 5803 ἀναγκαῖα,
1611 5733 1702 5787 καὶ

2332 5262 2561 5320 CAPUT
2602 5263 2639 5318 Χ
2654 5261 2847 5317 XXIX.

1877 5360 2163 5416 Constitue
2215 5358 2315 5415 tibi
2362 5359 2463 5429 ipsi
2516 5358 2811 5429 quamdam
2846 5354 2991 5410 modi
3051 5351 3284 5406 formam
3333 5355 3387 5397 et

1808 5453 2107 5523 exemplar,
2132 5452 2280 5523 quod
2309 5451 2591 5517 observes,
2631 5462 2744 5506 tum
2783 5446 3005 5521 quando
3041 5453 3220 5500 tecum
3252 5438 3382 5502 eris,

1809 5556 1921 5601 tum
1946 5544 2164 5617 quando
2202 5560 2326 5603 cum
2356 5544 2672 5601 hominibus
2699 5539 2958 5613 loqueris.

2405 5634 2636 5692 CAPUT
2669 5633 2787 5689 XL.

1885 5730 2169 5789 Silentium
2202 5740 2262 5788 ut
2304 5729 2600 5802 plurimum
2633 5726 2735 5795 sit;
2763 5724 2847 5783 vel
2880 5720 3185 5781 necessaria
3212 5716 3385 5775 disse-
