3838 6056
497 254 632 320 i303

1942 251 2242 320 SPURIA.

3631 261 3761 330 1314

494 376 709 434 rantur,
742 371 796 421 et
817 363 1005 435 paucis
1027 365 1226 429 verbis,
1262 362 1307 422 si
1333 368 1556 437 quando
1585 380 1714 423 vero
1747 371 2064 440 tempestiva

2213 369 2233 418 .'
2265 368 2480 438 ὀλίγων.
2513 368 2753 433 σπανίως
2790 368 2848 424 δέ
2880 382 3008 423 ποτε
3047 367 3242 441 καιροῦ
3286 373 3760 443 παρακαλοῦντες

495 452 713 507 occasio
755 452 1053 518 advocarit,
1088 469 1214 508 raro
1237 454 1302 508 ad
1353 453 1520 526 3M
1547 454 1820 512 eﬂandum
1874 472 2068 528 proce~

501 543 718 608 damus,
754 560 939 598 verum
973 560 1080 600 non
1105 545 1173 600 de
1208 546 1313 600 ulla
1345 561 1405 601 re
1438 546 1662 616 vulgari,
1693 563 1798 602 non
1840 550 1906 604 de
1950 550 2066 620 gla—

503 630 776 684 diatorum
821 631 985 697 ludis,
1029 648 1138 686 non
1191 633 1258 688 de
1311 648 1576 702 equorum
1629 635 2065 703 decursionibus,

2166 461 2260 513 ἐπὶ
2295 460 2356 513 τὸ
2379 460 2556 528 λέγειν
2591 460 2808 532 ήξωμεν
2829 476 2842 490 ·
2890 461 3027 514 ἀλλὰ
3073 462 3204 532 περὶ
3235 461 3488 533 μηδενὸς
3529 461 3650 515 τῶν
3675 482 3756 518 τυ·

2167 549 2391 619 χόντων,
2419 550 2493 620 μὴ
2524 549 2653 620 περὶ
2682 549 3047 621 μονομαχιῶν,
3072 551 3148 622 μὴ
3171 554 3306 623 περὶ
3339 552 3752 622 ἱπποδρομίων,

2171 641 2246 712 μὴ
2311 641 2440 710 περὶ
2495 640 2764 712 ἀθλητῶν,
2831 641 2906 714 μή
2973 642 3299 715 βρωμάτων,
3357 645 3393 716 ή
3464 645 3749 715 πομάτων,

502 735 610 775 non
641 721 707 776 de
752 721 990 787 athletis,
1025 738 1129 777 non
1162 724 1228 778 de
1279 724 1436 788 cibis,
1470 735 1562 780 aut
1611 727 1853 797 potibus,
1890 729 1972 783 vel
2002 729 2069 784 de

2241 733 2349 786 τῶν
2395 733 2698 805 ἑκασταχοῦ
2752 735 3077 807 λεγομένων,
3115 737 3356 808 μάλιστα
3399 737 3472 791 δὲ
3517 737 3601 807 μὴ
3636 739 3753 806 πρὶ

502 811 922 883 quibuscunque
986 813 1150 868 rebus
1213 813 1438 869 ubilibet
1494 817 1694 886 passim
1763 818 2067 888 enarratis;

503 908 851 978 pmissimum
899 923 1028 963 vero
1071 923 1179 963 non
1232 909 1299 965 de
1352 909 1575 966 homine
1621 911 2066 982 reprehendente,

503 999 588 1056 vel
615 999 945 1066 dilaudante,
981 999 1065 1056 vel
1096 1012 1462 1072 comparante.

1089 1113 1317 1168 CAPUT
1354 1111 1490 1169 XLI.

579 1198 635 1257 Si
663 1217 793 1274 ergo
811 1204 1051 1272 potueris
1075 1205 1313 1261 transfer
1335 1217 1454 1261 tuos
1477 1222 1780 1269 sermones,
1805 1217 1856 1262 et
1883 1222 2072 1262 eorum

2169 823 2454 894 ἄνθρωπον
2481 824 2734 895 ψέγοντα,
2757 823 2790 897 ἦ
2826 827 3168 896 ἐπαινοῦντα,
3197 825 3232 902 ἦ
3260 827 3669 900 συγκρίνοντα,

2742 1113 2991 1168 ΚΕΦΑΛ.
3027 1113 3161 1171 MA'.

2256 1199 2379 1258 Ἐὰν
2427 1202 2528 1276 μὲν
2570 1197 2662 1258 οὖν
2706 1199 2817 1268 οἷός
2856 1201 2984 1278 τεῇ
3036 1207 3179 1276 μέτα
3226 1222 3292 1275 γε
3343 1205 3489 1269 τοὺς
3527 1208 3661 1267 σοὺς
3683 1207 3758 1261 λό-

505 1293 598 1363 ‹ιυί
635 1302 809 1349 tecum
849 1305 1004 1358 sunt,
1058 1296 1124 1350 ud
1170 1297 1220 1350 id
1271 1301 1415 1368 quod
1463 1298 1650 1365 decet;
1695 1301 1740 1354 si
1775 1315 1903 1354 vero
1932 1301 2072 1369 apud

2213 1312 2322 1362 ους,
2380 1296 2475 1350 καὶ
2523 1297 2650 1360 τοὺς
2704 1297 2813 1349 τῶν
2864 1297 3131 1352 συνόντων
3183 1300 3278 1352 ἐπὶ
3331 1299 3400 1352 τὸ
3457 1301 3756 1370 προσῆκον.

506 1394 776 1442 extraneae
798 1389 972 1458 gentis
1005 1388 1253 1444 homines
1289 1391 1454 1448 fueris
1484 1393 1835 1461 interceptus,
1862 1402 1998 1448 tace.

1050 1481 1304 1564 CAPUT
1334 1500 1495 1555 XLII.

575 1581 742 1644 Risus
763 1603 831 1645 ne
857 1589 1061 1645 multus
1113 1591 1205 1654 sit,
1223 1607 1398 1663 neque
1435 1593 1755 1658 dissolutus,
1789 1609 1964 1665 neque
2005 1595 2076 1650 ob

507 1682 701 1736 multa.

992 1779 994 1782 ’
1077 1792 1306 1850 CAPUT
1331 1794 1510 1850 mu.

579 1877 966 1954 Jusjurandum
1003 1900 1214 1953 recusa,
1249 1889 1294 1943 si
1322 1896 1473 1958 potes
1505 1890 1828 1958 quidem,ad
1862 1888 2079 1954 omnia;

512 1973 596 2034 Iln
626 1992 806 2044 secus,
841 1987 1102 2048 quantum
1139 1979 1253 2034 ﬁeri
1285 1987 1480 2048 potest.

1074 2089 1306 2148 CAPUT
1338 2090 1522 2148 XLIV.

586 2178 788 2254 Epulas
838 2194 1112 2250 externas,
1165 2199 1220 2241 et
1282 2189 1568 2258 populares
1626 2188 1810 2258 rejice,
1868 2188 1982 2253 sed,
2039 2189 2086 2244 si

519 2279 734 2344 tempus
760 2276 1051 2346 aliquando
1085 2279 1294 2345 tulerit,
1324 2294 1356 2335 a
1399 2287 1450 2334 te
1496 2279 1816 2334 adhibeatur
1860 2280 2085 2335 attentio

520 2377 590 2419 ne
621 2363 758 2422 forte
784 2367 1176 2424 subterlabaris
1205 2369 1258 2423 in
1285 2369 1558 2441 vulgarem
1593 2371 2041 2426 consuetudinem
2067 2390 2082 2426 :

520 2454 665 2510 scias
685 2457 851 2521 enim,
897 2457 1042 2527 quod
1069 2459 1115 2513 si
1146 2459 1348 2514 sodalis
1386 2459 1458 2515 sit
1506 2459 1766 2530 pollutus,
1802 2474 2084 2514 necessum

518 2552 603 2600 est
647 2561 773 2601 eum
826 2548 919 2617 qui
971 2563 1098 2603 cum
1152 2549 1245 2604 illo
1293 2562 1645 2607 conversatur
1685 2553 1849 2608 simul
1897 2553 2083 2623 pollui,

520 2639 770 2706 quamvis
808 2639 922 2712 ipse
944 2657 1114 2712 purus
1150 2642 1441 2697 exstiterit.

993 2754 1155 2828 355
1192 2756 1423 2813 CAPUT
1468 2756 1629 2812 XLV.

594 2838 728 2908 Quae
749 2844 994 2914 corporis
1017 2854 1148 2900 sunt
1167 2861 1326 2902 sume
1347 2847 1413 2902 ad
1437 2847 1634 2902 exilem
1667 2858 1876 2903 tantum
1902 2863 2087 2915 usum,

523 2933 676 2990 velut
705 2935 960 2991 alimenta
981 2973 997 3002 ,
1033 2937 1310 3006 potionem
1334 2978 1350 3002 ,
1394 2938 1676 3005 amictum,
1722 2939 2084 3008 domicilium,

2174 1387 2236 1441 Et
2259 1385 2316 1441 δὲ
2340 1389 2397 1441 ἐν
2417 1385 2736 1457 ἀλλοφύλοις
2763 1388 3096 1460 ἀποληφθεὶς
3127 1388 3339 1463 τύχοις,
3367 1389 3596 1444 σιώπα.

2748 1503 3000 1558 ΚΕΦΑΛ-.
3030 1503 3164 1560 MB’.

2245 1593 2422 1656 Γέλως
2456 1592 2531 1665 μή
2567 1591 2736 1657 πολὺς
2768 1592 2926 1659 ἔστω,
2963 1594 3098 1666 μηδὲ
3142 1591 3474 1665 ἀνειμένος,
3512 1591 3658 1664 μηδὲ
3683 1593 3760 1645 ἐπὶ

2105 1710 2148 1766 Β
2177 1684 2411 1748 πολλοῖς.

2753 1799 3001 1853 ΚΕΦΑΔ.
3030 1799 3161 1854 Ml".

2255 1889 2456 1963 Ὅρκον
2488 1891 2844 1963 παραίτησαι,
2881 1892 2929 1944 εί
2959 1891 3061 1963 μὲν
3087 1886 3200 1945 οἷόν
3232 1905 3292 1944 τε
3321 1891 3410 1953 εἰς
3444 1889 3634 1953 ἅπαν,
3653 1888 3700 1940 εἰ
3719 1887 3766 1940 Β

2187 1983 2282 2055 μὴ,
2313 1984 2378 2037 ὲκ
2405 1983 2513 2036 τῶν
2541 1983 2790 2038 ἐνόντων.

2758 2095 3008 2150 ΚΕΦΑΛ.
3033 2093 3164 2148 MA'.

2265 2188 2565 2250 Ἐστιάσεις
2583 2188 2681 2251 τὰς
2708 2186 2814 2253 ἔξω
2859 2186 2954 2239 καὶ
2978 2183 3252 2247 ἰδιωτικὰς
3275 2179 3624 2254 διακρούου.
3661 2180 3768 2233 Ἐὰν

2183 2279 2242 2334 δέ
2269 2296 2398 2334 ποτε
2421 2281 2643 2351 γένηται
2668 2274 3196 2348 καιρὸς,’ὲντετάσθω
3226 2292 3312 2328 σοι
3342 2276 3380 2345 ή
3408 2275 3675 2346 προσοχή
3705 2273 3764 2341 μή

2187 2389 2319 2426 ποτε
2365 2371 2472 2442 ἄρα
2517 2371 2796 2443 ύπορῤυῇς
2847 2371 2926 2434 εἰς
2977 2366 3320 2438 ἰδιωτισμόν·
3382 2365 3510 2419 ἴσθι
3561 2364 3672 2435 γὰρ
3702 2365 3765 2416 ὅτι

2187 2465 2285 2518 ἐὰν
2307 2466 2334 2517 ὁ
2359 2459 2626 2537 ἑταῖροςῇ
2662 2461 3086 2533 μεμολυσμένος,
3117 2459 3211 2513 καὶ
3241 2456 3335 2512 τὸν
3369 2455 3765 2528 συνανατριϐό-

2192 2573 2351 2628 μενον
2397 2555 2546 2627 αὐτῷ
2589 2553 3029 2626 συμμολύνεσθαι
3065 2552 3302 2622 ἀνάγκη,
3346 2551 3464 2604 κᾶν
3506 2548 3678 2612 αὐτὸς
3705 2549 3764 2602 ὢν

2187 2650 2328 2723 τύχῃ
2357 2649 2616 2722 καθαρός.

2763 2758 3014 2813 ΚΕΦΑΛ.
3045 2757 3176 2812 ME'.

2259 2853 2341 2909 Τὰ
2368 2852 2496 2927 περὶ
2529 2853 2589 2908 τδ
2628 2849 2785 2924 σῶμα
2815 2852 2977 2924 μέχρι
3012 2852 3111 2922 τῆς
3146 2849 3338 2921 χρείας
3378 2847 3566 2920 ψιλῆς
3606 2862 3763 2915 παρα·

2190 2947 2456 3020 λάμϐανε,
2485 2939 2595 3002 οἷον
2627 2944 2832 3017 τροφὰς
2852 2985 2867 3011 ,
2898 2944 3070 3017 πόμα,
3105 2942 3452 3014 ἀμπεχόνην,
3488 2940 3729 2993 οἱκετέαν
3751 2957 3764 2971 ι

525 3025 886 3094 famulitium;
919 3043 1043 3099 qua;
1077 3045 1206 3085 vero
1236 3031 1304 3086 ad
1332 3032 1687 3102 voluptatem,
1720 3032 2084 3103 autgloriam,

2213 3040 2256 3095 rd
2283 3039 2340 3094 δὲ
2361 3037 2498 3110 πρὸς
2519 3037 2730 3111 ἡδονήν,
2759 3035 2793 3109 ἢ
2823 3036 3000 3105 δόξαν,
3033 3035 3066 3107 ἢ
3097 3033 3330 3107 τρυφὴν,
3357 3032 3597 3088 ἅπαντα
3627 3031 3762 3100 πεῴ

525 3129 618 3176 aut
649 3121 919 3176 luxuriam
950 3130 1099 3188 sunt,
1131 3125 1313 3179 omnia
1353 3124 1492 3180 dele.

1084 3235 1312 3294 CAPUT
1349 3215 1530 3294 XLVI.

596 3323 653 3381 Si
679 3327 798 3398 quis
829 3328 929 3384 tibi
976 3330 1393 3397 renuntiaverit,
1433 3333 1574 3403 quod
1621 3334 1894 3405 quispiam
1943 3335 2011 3392 de
2040 3345 2092 3391 te

528 3418 670 3473 male
697 3419 856 3484 dicit,
905 3433 973 3475 ne
1001 3435 1231 3479 excuses
1259 3438 1354 3487 ea,
1387 3439 1508 3493 quae
1535 3426 1602 3479 de
1636 3436 1689 3480 te
1725 3426 1869 3481 dicta
1921 3435 2051 3482 sunt
2074 3468 2090 3493 ,

526 3509 625 3566 sed
655 3511 952 3582 responde,
989 3515 1134 3584 quod
1165 3513 1385 3586 Ignorat
1419 3517 1546 3582 alia,
1582 3533 1704 3587 qua:
1735 3518 1869 3574 mihi
1904 3519 2094 3575 insunt

527 3605 710 3673 mala;
746 3606 984 3676 alioquin
1017 3623 1126 3663 non
1158 3610 1275 3665 sola
1312 3611 1424 3666 haec
1453 3613 1674 3668 diceret.

1073 3719 1301 3778 CAPUT
1337 3721 1548 3778 XLVII.

600 3805 720 3864 Non
756 3819 841 3867 est
871 3809 1165 3869 honestum
1204 3815 1258 3870 in
1309 3816 1580 3872 theatrum
1624 3818 1865 3888 prodire,
1916 3836 2094 3892 neque

531 3904 597 3957 ad
629 3905 838 3974 aliquos
868 3905 1169 3963 audiendos
1205 3917 1440 3973 temere,
1488 3919 1583 3964 aut
1612 3910 1771 3967 facile
1799 3912 2089 3981 devenias;

529 3992 613 4051 sin
642 4005 823 4052 autem
855 3987 1156 4058 accesseris
1177 4041 1192 4066 ,
1233 3999 1448 4056 Custodi
1500 4002 1840 4072 gravitatem,
1879 4011 1933 4058 et
1962 4019 2094 4059 con-

531 4091 810 4158 stantiam,
845 4091 1118 4162 simulque
1149 4106 1300 4160 cave,
1340 4109 1408 4148 ne
1439 4093 1600 4148 alicui
1629 4093 1706 4148 sis
1737 4107 2021 4151 onerosus.

1061 4204 1291 4263 CAPUT
1327 4203 1561 4261 XLVIII.

603 4320 740 4376 Cum
802 4321 1046 4377 futurum
1095 4323 1169 4379 sit
1223 4335 1285 4377 ut
1333 4337 1594 4379 occurras
1647 4322 1810 4378 alicui
1861 4338 2094 4389 eorum,

2188 3150 2387 3206 γραφεο

2749 3244 2976 3299 ΚΕΦΑΛ
2989 3280 3000 3299 .
3042 3243 3192 3310 Μεῖι.

2273 3339 2397 3394 Ἐάν
2418 3337 2501 3402 τίς
2549 3352 2631 3391 σοι
2677 3327 2994 3406 ἀπαγγέλλῃ
3022 3333 3102 3386 ὅτι
3129 3334 3158 3385 ὁ
3182 3328 3331 3384 δεῖνά
3367 3341 3430 3382 σε
3466 3325 3666 3388 κακῶς
3690 3325 3761 3379 λὲο

2191 3450 2298 3502 γει,
2332 3430 2406 3504 μὴ
2437 3428 2705 3500 ἀπολογοῦ
2735 3427 2873 3498 πρὸς
2896 3425 2965 3480 τὰ
2994 3423 3274 3495 λεχθέντα,
3297 3419 3421 3476 ἀλλ’
3445 3415 3760 3487 ἀποκρίνου,

2189 3525 2322 3579 διότι
2364 3523 2549 3595 ήγνόει
2585 3520 2652 3576 τὰ
2684 3519 2819 3575 ἄλλα
2851 3518 2921 3572 τὰ
2945 3515 3214 3588 προσόντα
3244 3531 3333 3586 μοι
3353 3512 3532 3568 κακά·
3561 3511 3686 3566 ἐπεὶ
3713 3512 3762 3563 οὐ

2191 3613 2294 3668 κᾶν
2324 3613 2499 3668 ταῦτα
2525 3612 2662 3685 μόνα
2699 3611 2903 3679 ἔλεγεν.

2773 3720 3022 3776 ΚΕΦΑΛ.
3050 3715 3182 3773 MZ'.

2263 3817 2337 3870 Ού
2378 3814 2540 3869 καλὸν
2576 3814 2641 3870 τὸ
2687 3812 2942 3885 παριέναι
2981 3810 3061 3873 εἰς
3099 3808 3346 3879 θέατρον,
3389 3806 3476 3870 εἰς
3505 3803 3759 3876 ἀκρόασίν

2192 3926 2375 3972 τινων,
2426 3907 2500 3978 μὴ
2541 3907 2685 3976 εἰκῆ,
2730 3905 2869 3976 μήτε
2907 3901 3103 3974 ῥαδίως
3148 3899 3338 3970 πάριθι
3375 3914 3393 3929 ο
3449 3896 3674 3968 παριὼν
3715 3895 3760 3949 δὲ

2193 4002 2253 4056 τὸ
2287 4000 2502 4070 σεμνὸν,
2532 3999 2627 4053 καὶ
2659 3998 2720 4052 τὸ
2749 3995 3027 4062 εὐσταθὲς,
3071 3993 3167 4047 καὶ
3192 3992 3308 4064 ἅμα
3331 3990 3649 4061 ἀνεπαχθὲς
3675 3989 3760 4058 φύε

2194 4091 2376 4145 λασσε.

2761 4198 3013 4254 ΚΕΦᾹΛ.
3043 4197 3186 4252 MH'.

2268 4315 2439 4368 Ὅταν
2483 4311 2590 4366 τινὶ
2633 4308 2832 4383 μέλλῃς
2877 4307 3222 4380 συμϐάλλειν,
3279 4305 3522 4377 μάλιστα
3561 4305 3668 4359 τῶν
3708 4304 3757 4355 ἐν

535 4409 772 4466 maxime
799 4413 894 4481 qui
934 4411 1008 4466 ob
1035 4413 1390 4469 eminentiam
1431 4423 1561 4469 sunt
1599 4413 1782 4484 aliqua
1816 4415 2084 4470 existima-

2213 4407 2441 4480 ὅπεροχῇ
2488 4402 2807 4466 δοκούντων,
2843 4399 3081 4472 πρόϐαλε
3117 4397 3333 4468 σεαυτῷ
3357 4397 3416 4452 τί
3448 4398 3520 4452 ἃν
3548 4395 3754 4464 ἐποίησέ

536 4502 704 4570 tione,
751 4517 995 4574 propone
1030 4504 1130 4558 tibi
1160 4505 1262 4575 ipsi
1293 4506 1553 4576 quidnam
1584 4505 1776 4561 fecerit
1809 4507 2008 4576 aliquis
2035 4521 2103 4563 ex

535 4593 669 4649 viris
708 4593 906 4650 virtute
937 4594 1200 4665 praeditis,
1239 4595 1429 4665 sicque
1463 4611 1569 4650 non
1610 4596 1880 4668 indigebis
1918 4598 2100 4653 modo.

535 4699 648 4756 quo
676 4685 932 4742 decenter
961 4697 1013 4742 te
1041 4702 1196 4756 geras
1237 4686 1291 4741 in
1325 4693 1386 4742 re
1413 4698 1755 4744 occurrente.

1097 4796 1324 4855 CAPUT
1361 4794 1544 4852 XLIX.

607 4908 839 4979 Quando
866 4914 934 4968 ad
977 4913 1212 4983 aliquem
1257 4913 1489 4967 ventitas
1539 4928 1603 4966 ex
1655 4913 1723 4967 iis
1772 4913 1865 4982 qui
1910 4927 2108 4983 magna

538 5002 800 5074 praeStant
845 5014 1142 5076 potestate,
1179 5005 1276 5058 tibi
1310 5004 1413 5074 ipsi
1446 5003 1610 5076 346
1645 5018 1907 5074 propone,
1961 5001 2109 5073 quod

537 5109 663 5151 eum
715 5113 821 5151 non
879 5099 1125 5154 invenies
1164 5097 1347 5165 intus,
1400 5099 1543 5167 quod
1582 5096 1923 5161 excluderis,
1963 5094 2143 5164 quod.

544 5194 641 5250 tibi
673 5195 820 5250 fores
857 5196 1224 5262 excutientur,
1268 5194 1413 5266 quod
1446 5194 1494 5249 is
1528 5193 1595 5248 de
1625 5203 1676 5246 te
1723 5204 1831 5244 non
1861 5188 2106 5256 curabit;

543 5287 704 5356 sique
731 5288 881 5357 ipsos
937 5288 1227 5343 convenire
1265 5287 1430 5342 fuerit
1463 5294 1915 5346 consentaneum,
1956 5296 2111 5337 acce—

543 5379 682 5435 tlens
714 5379 908 5444 tolera,
947 5395 1069 5448 quae
1097 5379 1236 5432 [lunt
1259 5418 1274 5440 ,
1315 5388 1370 5432 et
1419 5391 1688 5445 nusquam
1717 5375 1867 5429 dicas
1900 5374 2013 5444 ipse
2042 5374 2112 5429 ad

545 5472 782 5539 teipsum
819 5467 973 5540 :Ego
1027 5484 1134 5524 non
1189 5469 1324 5523 tanti
1377 5468 1649 5530 aestimet”;
1701 5466 1752 5520 id
1803 5467 1946 5520 cnim
1997 5466 2112 5533 ple-

551 5560 735 5616 beium
785 5572 906 5628 est,
957 5579 1020 5618 ac
1071 5563 1260 5618 tritum
1305 5561 1456 5633 jam,
1509 5565 1562 5615 et
1604 5560 1879 5630 vulgatum
1935 5557 2112 5628 quoad

551 5653 843 5718 exteriora,

2200 4515 2285 4563 τις
2305 4497 2415 4551 τῶν
2438 4495 2729 4567 ὲναρέτων,
2771 4493 2865 4546 καὶ
2891 4491 2994 4545 οὐκ
3023 4489 3318 4562 ἀπορήσεις
3336 4486 3434 4541 τοῦ
3464 4484 3753 4558 χρήσασθαι

2201 4592 2583 4666 προσηκόντως
2603 4589 2682 4661 τῷ
2701 4586 3012 4661 ἐμπεσόντι.

2669 4809 2676 4818 ‘
2780 4792 3031 4848 ΚΕΦΑΛ.
3056 4791 3185 4845 ΜΘθ.

2278 4914 2446 4968 Ὅταν
2495 4913 2685 4983 φοιτᾷς
2726 4907 2862 4981 πρός
2911 4924 3034 4962 τινα
3077 4902 3185 4958 τῶν
3241 4900 3386 4974 μέγα
3439 4899 3747 4970 δυναμένων,

2207 5008 2445 5080 πρόϐαλε
2475 5003 2686 5076 σεαυτῷ
2710 5045 2726 5072 ,
2755 5004 2837 5056 ὅτι
2875 5001 2975 5071 οὐχ
3003 4998 3253 5070 εὑρήσεις
3284 4994 3448 5050 αὑτὸν
3472 4993 3615 5048 ἔνδον
3636 5034 3650 5059 ,
3683 4992 3746 5043 ὅτι

2207 5098 2632 5169 ἀποκλεισθήσῃ,
2670 5097 2752 5150 ὅτι
2773 5087 3240 5163 ἑντιναχθήσονταί
3260 5104 3343 5141 σοι
3376 5088 3434 5140 αἱ
3465 5085 3621 5154 θύραι
3640 5125 3654 5147 ,
3679 5084 3746 5135 ὅτι

2207 5194 2268 5248 ού
2299 5193 2540 5262 φροντιεί
2555 5206 2670 5252 σου,
2693 5188 2795 5242 κᾶν
2819 5187 2915 5240 σὺν
2932 5185 3113 5246 αὐτοῖς
3140 5180 3313 5234 ἐλθεῖν
3344 5177 3584 5247 καθήκῃ,
3604 5172 3746 5228 ἐλθὼν

2209 5283 2343 5356 φέρε
2377 5282 2446 5338 τὰ
2477 5281 2762 5352 γενόμενα,
2797 5277 2891 5333 καὶ
2921 5275 3188 5346 μηδέποτε
3233 5273 3393 5343 εἴπῃς
3439 5269 3601 5332 αὐτὸς
3632 5265 3745 5335 πρὸς

2210 5375 2421 5442 ἑαυτὸν,
2450 5374 2533 5429 ὅτι
2564 5373 2666 5428 οὐκ
2690 5366 2758 5445 ἦν
2783 5367 3060 5425 τοσούτου·
3092 5363 3354 5422 ἰδιωτικὸν
3379 5361 3513 5433 γὰρ,
3548 5360 3635 5416 καὶ
3653 5358 3747 5411 6::-

2211 5467 2544 5541 ϐεϐλημένον
2576 5466 2710 5538 πρὸς
2729 5464 2798 5518 τὰ
2825 5461 3003 5526 ἐκτός.
