3804 6052
85 258 245 329 1305

692 376 941 431 ΚΕΦΑΔ.
992 377 1074 431 N'.

174 491 269 545 Ἐν
319 494 436 556 ταῖς
487 490 722 562 ὁμιλίαις
779 491 997 545 ἀπέστω
1048 492 1109 545 τὸ
1166 492 1273 545 τῶν
1325 493 1489 547 αὑτοῦ
1547 512 1669 548 τινα

87 581 299 652 ἔργων,
333 582 428 636 καὶ
464 581 724 636 κινδύνων
754 583 846 635 ἐπὶ
879 581 1041 645 πολὺ,
1067 581 1161 635 καὶ
1188 584 1441 655 ἀμέτρως
1469 585 1669 655 μεμνῆ-

89 677 228 730 σθαι
248 695 262 709 ο
298 676 359 730 οὐ
388 676 496 749 γάρ
522 675 596 741 ῶς
628 692 708 731 σοι
730 676 827 748 ἡδύ
861 679 977 731 ἐστι
1007 675 1114 730 τῶν
1146 677 1251 731 σῶν
1277 677 1535 732 κινδύνων
1574 695 1669 749 με-

91 767 360 839 μνῆσθαι,
384 767 526 823 οὕτω
557 768 777 832 καὶτοῖς
803 767 983 833 ἄλλοις
1001 768 1101 841 ἡδύ
1129 769 1244 822 ἐστι
1273 768 1383 823 τῶν
1422 786 1505 823 σοι
1532 785 1670 841 συμ-

86 857 413 932 ϐεϐηκότων
437 860 656 925 πυκνῶς
675 859 917 915 ἀκούειν.

680 973 932 1029 ΚΕΦΔΛ.
966 973 1094 1028 NA'.

184 1084 434 1140 Ἀπέστω
458 1084 516 1140 δὲ
562 1087 658 1140 καὶ
698 1085 760 1140 τὸ
786 1085 997 1155 γέλωτα
1024 1088 1217 1150 κινεῖν,
1242 1050 1541 1156 ’ὀλισθηρὸς
1565 1081 1675 1155 γάρ

93 1177 125 1232 δ
180 1178 383 1250 τρόπος
420 1180 501 1243 είς
544 1179 831 1245 ίδιωτικδν,
880 1180 973 1233 καὶ
1012 1179 1158 1249 μάλα
1193 1178 1375 1243 ἱκανὸς
1402 1176 1499 1250 τὴν
1544 1175 1676 1231 αἰδῶ

94 1270 203 1343 τὴν
237 1272 372 1343 πρὸς
402 1270 461 1325 σὲ
488 1268 595 1335 τῶν
629 1271 853 1343 πλησίον
882 1273 1115 1326 ἀνεῖναι.

688 1473 939 1529 ΚΕΦΔΛ.
980 1472 1105 1527 NB'.

190 1581 516 1655 Ἐπισφαλὲς
549 1582 607 1638 δὲ
638 1583 732 1638 καὶ
768 1583 830 1637 τὸ
876 1584 955 1648 είς
991 1582 1369 1655 αἰσχρολογίαν
1397 1582 1675 1654 ἐμπεσεῖν·

1345 263 1689 329 ΕΡΙΟΤΕΤΙ
1723 265 2104 332 ΜΑΝυΑιΕ.

1692 386 1745 442 Δ

3188 266 3327 331 1306

2378 383 2604 445 CAPUT
2641 383 2704 440 L.

1834 498 1892 554 In
1922 499 2209 570 colloquiis
2249 498 2610 554 familiaribus
2652 497 2830 559 absit,
2878 504 2940 551 ut
2980 496 3323 566 plerumque,

1768 606 1833 647 ac
1866 591 2157 646 immodice
2182 590 2365 661 aliqua
2408 605 2440 645 e
2484 590 2593 644 tuis
2640 587 2916 658 operibus,
2954 602 3021 643 ac
3071 587 3328 657 periculis

1768 698 2195 747 commemores;
2228 697 2329 737 nec
2373 681 2521 735 enim
2556 680 2678 735 aliis
2710 689 2793 734 est
2835 678 3030 741 dulce,
3072 694 3193 749 quae
3232 678 3329 733 tibi

1769 774 2117 845 contigerunt
2160 773 2350 829 audire
2399 771 2733 841 frequenter,
2778 779 2838 826 ut
2883 784 3050 826 suave
3099 778 3183 824 est
3231 768 3331 823 tibi

1772 875 1990 921 tuorum
2019 864 2384 936 periculorum
2419 862 2749 917 meminisse.

2378 974 2606 1033 CAPUT
2645 974 2731 1031 LI.

1844 1093 1949 1149 Sed
2001 1094 2163 1149 etiam
2217 1091 2383 1157 absit,
2442 1099 2504 1146 ut
2558 1090 2731 1146 risum
2792 1100 3191 1143 commoveas:
3243 1086 3335 1142 Ille

1773 1186 1975 1257 quippe
2015 1185 2213 1241 modus
2242 1185 2297 1239 in
2341 1185 2615 1255 vulgarem
2658 1180 3107 1237 consuetudinem
3138 1178 3335 1249 procli-

1774 1281 1858 1336 vis
1889 1288 2006 1346 est;
2037 1286 2089 1333 et
2116 1277 2270 1332 valde
2299 1277 2528 1332 idoneus
2564 1276 2635 1331 ad
2668 1274 3041 1345 proximorum
3086 1286 3337 1327 reveren-

1777 1373 1907 1427 tiam
1942 1370 2037 1427 tibi
2072 1370 2310 1426 debitam
2342 1365 2774 1423 diminuendam.

2368 1481 2595 1541 CAPUT
2633 1479 2743 1539 LII.

1850 1599 2223 1656 Periculosum
2255 1607 2339 1653 est
2371 1598 2535 1652 etiam
2569 1597 2626 1652 in
2668 1595 3059 1667 turpiloquium
3090 1593 3336 1665 prolabi:

101 1676 239 1729 ὅταν
262 1673 355 1730 οὖν
380 1677 557 1747 συμϐῇ
589 1694 641 1730 τι
668 1676 905 1730 τοιοῦτον
936 1676 1032 1729 ἐὰν
1062 1676 1167 1745 μὲν
1194 1674 1448 1746 εὔκαιρον
1544 1714 1558 1737 ,
1586 1674 1679 1725 καὶ

1801 1688 1997 1762 ιυοηᾱο
2022 1688 2201 1758 itaque
2230 1685 2437 1757 aliquid
2466 1685 2775 1755 huiusmodi
2802 1680 3125 1753 contigerit,
3166 1680 3211 1735 si
3243 1678 3355 1733 ad-

101 1767 409 1840 ὲπίπληξον
429 1768 506 1839 τῷ
533 1768 902 1841 προσελθόντιο
944 1769 1072 1823 εἰδὲ
1106 1770 1200 1840 μὴ,
1235 1768 1313 1839 τῷ
1335 1769 1394 1821 σὲ
1439 1767 1680 1821 ἀποσιω-

107 1862 308 1931 πῆσαι,
338 1862 431 1916 καὶ
467 1862 807 1934 ἐρυθριᾶσαι,
840 1861 935 1915 καὶ
964 1862 1374 1933 σκυθρωπάσαι,
1407 1858 1562 1931 δῆλος
1599 1857 1685 1926 γί-

106 1969 203 2006 νου
232 1953 596 2026 δυσχεραίνων
623 1952 704 2025 τῷ
735 1953 898 2025 λόγῳ.

692 2175 943 2229 ΚΕΦΛΛ.
978 2174 1101 2228 NI".

184 2288 361 2342 Ὅταν
386 2287 577 2360 ἡδονῆς
604 2304 750 2352 τινος
778 2289 1074 2357 φαντασίαν
1102 2285 1272 2359 λάϐῃς
1292 2285 1545 2358 καθάπερ
1595 2285 1689 2338 ἐπὶ

110 2376 222 2430 τῶν
270 2377 462 2443 ἄλλων,
498 2377 738 2447 φύλασσε
772 2376 993 2431 σεαυτὸν
1026 2376 1100 2449 μὴ
1152 2375 1543 2447 ωναρπασθῇς
1594 2375 1688 2428 ὑπ’

110 2469 308 2538 αὐτῆς,
334 2468 468 2523 ἀλλά
493 2467 798 2534 ὲκδεξάσθω
847 2484 906 2521 σε
933 2468 996 2521 τὸ
1024 2469 1253 2541 πρᾶγμα
1293 2468 1388 2520 καὶ
1420 2464 1689 2537 ἀναϐολήν

109 2571 261 2623 τινα,
283 2558 433 2629 παρά
456 2556 666 2629 σεαυτῷ
685 2556 839 2625 λάϐε,
866 2557 1054 2612 ἔπειτα
1076 2556 1344 2630 μνήσθητι
1363 2556 1688 2626 ἀμφοτέρων

110 2649 226 2703 τῶν
256 2650 483 2721 χρόνων,
526 2650 647 2704 καθ’
676 2650 736 2704 ὃν
775 2667 834 2705 τε
874 2650 1195 2721 ἀπήλαυσας
1222 2647 1320 2719 τῆς
1352 2646 1567 2719 ἡδονῆς,
1598 2646 1691 2699 καὶ

112 2741 241 2794 καθ’
297 2740 356 2795 ὃν
406 2740 718 2803 ἀπολαύσας
756 2740 979 2811 ὕστερον
1032 2741 1337 2812 ματανοεῖς,
1375 2738 1473 2792 καὶ
1527 2737 1690 2802 αὐτὸς

116 2833 332 2905 σεαυτῷ
378 2833 625 2904 λοιδόρει,
683 2834 777 2888 καὶ
824 2833 1033 2897 τούτοις
1079 2831 1313 2896 ἀντίθες,
1354 2831 1502 2895 ὅπως
1547 2831 1687 2884 ἀπο-

114 2926 382 2995 σχόμενος
425 2926 706 2996 χαιρήσεις
745 2925 837 2979 καί⁸
875 2923 1182 2987 ἐπαινέσεις
1232 2923 1399 2986 αὐτὸς
1440 2922 1686 2987 σεαυτὸν,

114 3018 215 3071 ἐὰν
244 3017 300 3070 δὲ
330 3016 581 3089 εὔκαιρον
620 3019 760 3089 φανῇ
806 3016 1045 3087 ἅψασθαι
1072 3014 1166 3069 τοῦ
1204 3014 1367 3087 ἔργου
1394 3054 1411 3079 ,
1451 3014 1686 3086 πρόσεχε

118 3108 197 3179 μὴ
226 3109 437 3182 ήττήσῃ
462 3125 521 3161 σε
550 3108 609 3161 τὸ
645 3107 913 3180 προσηνὲς
946 3107 1133 3172 αὐτοῦ,
1173 3108 1267 3161 καὶ
1314 3106 1435 3179 ἡδὺ,
1460 3106 1555 3160 καὶ
1593 3107 1690 3158 ιπ-

113 3199 360 3268 αγωγὸν,
389 3197 505 3253 ἀλλ’
543 3198 801 3253 ἀντιτίθει
836 3197 999 3251 πόσον
1028 3197 1248 3268 ἄμεινον
1293 3197 1355 3253 τὸ
1399 3196 1691 3251 συνειδέναι

116 3288 336 3361 σεαυτῷ
358 3288 560 3360 ταύτην
583 3290 683 3360 τὴν
712 3288 870 3359 νίκην
905 3287 1232 3360 νενικηκότι.

699 3587 948 3642 ΚΕΦΑΛ.
994 3586 1118 3641 ΝΔ’.

192 3709 365 3764 Ὅταν
397 3708 669 3778 διαγνοὺς,
697 3708 725 3761 ὅ
752 3724 807 3760 τι
837 3705 1085 3775 ποιητέον
1117 3702 1200 3757 σοί
1227 3702 1347 3756 ἔστι
1364 3702 1542 3773 ποιῇς,
1563 3690 1696 3773 μηδὲ

119 3802 347 3857 πώποτε
369 3800 549 3875 φύγῃς
575 3798 809 3870 ὀφθῆναι
862 3797 1121 3869 πράσσων
1150 3794 1304 3860 αὐτὸ,
1352 3793 1454 3847 κᾶν
1484 3791 1697 3847 ἀλλοῖόν

117 3915 177 3951 τι
211 3896 260 3949 οί
301 3894 485 3948 πολλοι
514 3891 645 3963 περὶ
681 3889 846 3945 αὑτοῦ
880 3889 1143 3961 μέλλωσιν
1170 3885 1591 3957 ὑπολαμϐάνειν.
1629 3884 1695 3938 El

125 3987 231 4059 μὲν
302 3986 411 4055 γάρ
481 3986 582 4039 οὐκ
672 3981 845 4055 ὀρθῶς
924 3983 1095 4045 ποιεῖς
1177 3980 1309 4033 αὐτὸ
1386 3979 1449 4031 τὸ
1515 3977 1698 4048 ἔργον,

122 4076 318 4145 φεῦγε,
350 4079 398 4130 εί
427 4076 484 4130 δὲ
512 4074 707 4148 ὀρθῶς,
737 4074 791 4127 τί
838 4073 976 4145 φοϐῇ
1018 4075 1141 4137 τοὺς
1172 4071 1571 4143 ἐπιπλήξοντας
1599 4071 1699 4124 οὐκ

121 4165 301 4239 ὀρθῶς
314 4183 332 4233 ;

706 4299 958 4353 ΚΕΦΑΛ.
993 4298 1119 4351 NE'.

1783 1782 1887 1838 erit
1928 1779 2344 1851 opportunitas,
2390 1777 2611 1846 increpa
2651 1775 3210 1845 appropinquantem;
3256 1769 3340 1825 sin

1784 1882 1990 1938 autem,
2021 1870 2368 1934 conticendo,
2400 1884 2466 1924 ac
2498 1866 2892 1932 erubescendo,
2922 1865 3240 1933 vultumque
3263 1871 3343 1915 te-

1784 1965 1981 2020 tricum
2017 1962 2254 2033 gerendo
2284 1960 2509 2019 ostende
2553 1959 2697 2032 quod
2747 1956 2985 2030 graviter
3029 1956 3139 2011 fers
3183 1952 3344 2009 talem

1786 2073 2119 2114 sermonem.

2364 2164 2589 2223 CAPUT
2628 2161 2761 2219 LIII.

1856 2284 2087 2354 Quando
2119 2276 2425 2353 cuiuspiam
2457 2281 2749 2349 voluptatis
2779 2275 3095 2348 imaginatio
3125 2272 3222 2328 tibi
3257 2287 3348 2327 su-

1788 2380 2113 2450 pervenerit,
2154 2376 2363 2435 custodi
2398 2384 2450 2431 te
2477 2373 2635 2446 347
2666 2372 2866 2441 ipsum.
2902 2377 2960 2423 ut
2990 2369 3045 2423 in
3090 2367 3233 2433 aliis,
3282 2381 3350 2420 ne

1788 2477 1855 2529 ab
1906 2488 1969 2529 ea
2019 2472 2349 2543 corripiaris,
2392 2470 2487 2525 sed
2527 2484 2614 2523 res
2658 2474 2710 2521 te
2766 2473 3068 2536 exspectet,
3118 2471 3171 2517 et
3207 2460 3349 2531 apud

1790 2565 2024 2633 teipsum
2060 2562 2292 2633 quadam
2328 2572 2479 2616 utere
2522 2558 2810 2623 dilatione;
2860 2563 3133 2609 memento
3159 2549 3352 2606 deinde

1790 2658 2075 2726 utriusque
2107 2653 2385 2724 temporis,
2416 2661 2530 2706 tum
2566 2650 2704 2720 ejus,
2741 2662 2849 2717 quo
2878 2647 3205 2714 voluptatem
3236 2642 3350 2712 jam

1788 2747 2096 2819 percepisti,
2154 2755 2267 2801 tum
2313 2744 2477 2809 illius,
2513 2756 2653 2812 quo,
2708 2749 2993 2810 postquam
3022 2736 3369 2813 voluptatem,

1788 2837 2132 2908 perceperis,
2188 2838 2404 2889 demum
2444 2842 2497 2887 te
2538 2829 2845 2902 paenitebit,
2899 2836 3063 2896 atque
3109 2827 3222 2894 ipse
3253 2824 3354 2879 tibi

1789 2929 2081 3001 exprobra,
2112 2936 2167 2982 et
2195 2926 2313 2981 istis
2343 2938 2553 2993 oppone
2588 2922 2711 2984 hoc,
2761 2918 2966 2973 scilicet
2996 2925 3353 2986 quantopere,

1790 3023 1836 3078 si
1872 3019 2220 3084 abstinueris,
2248 3015 2529 3089 gaudebis,
2569 3022 2624 3069 et
2651 3013 2766 3082 ipse
2800 3010 3049 3065 laudabis
3087 3008 3353 3078 teipsum;

1792 3124 1850 3170 at
1872 3115 1919 3171 si
1949 3120 2314 3183 opportunum
2346 3108 2592 3163 videatur
2620 3119 2757 3173 opus
2788 3100 3025 3172 aggredi,
3073 3113 3161 3159 ne,
3211 3094 3357 3165 quod

1794 3208 1848 3262 in
1873 3220 1938 3261 eo
1962 3202 2262 3274 jucundum
2290 3208 2394 3265 est,
2422 3206 2476 3252 et
2508 3194 2756 3257 dulcedo,
2798 3201 2960 3261 atque
2997 3187 3270 3250 illecebra,
3304 3192 3358 3238 te

1794 3302 1999 3363 vincat,
2030 3298 2123 3353 sed
2155 3308 2367 3366 oppone
2410 3295 2534 3357 hoc,
2571 3297 2776 3360 quanto
2815 3285 3074 3340 nimirum
3108 3282 3212 3336 erit
3239 3293 3355 3333 me-

1793 3395 1899 3450 lius
1934 3392 2029 3446 tibi
2062 3390 2164 3461 ipsi
2196 3388 2474 3444 conscium
2506 3400 2646 3451 esse,
2682 3380 2828 3452 quod
2875 3377 3035 3432 talem
3071 3369 3358 3443 reportasti

1791 3487 2096 3545 victoriam.

2375 3590 2603 3649 CAPUT
2643 3590 2776 3647 LlV.

1864 3712 2093 3780 Quando
2129 3709 2295 3766 facies
2322 3707 2548 3777 aliquid,
2583 3721 2708 3761 cum
2751 3701 3029 3763 statueris,
3072 3697 3214 3768 quod
3261 3694 3358 3750 tibi

1796 3805 2099 3862 faciendum
2129 3804 2218 3868 sit,
2254 3818 2322 3857 ne
2351 3816 2590 3871 unquam
2620 3798 2798 3867 fugias
2845 3794 3037 3855 videri,
3071 3791 3199 3845 dum
3230 3788 3359 3844 illud

1797 3898 1962 3962 facis,
1996 3895 2096 3952 etsi
2130 3894 2282 3951 multi
2313 3894 2379 3949 de
2412 3892 2532 3962 ipso
2561 3887 2925 3946 exiStimaturi
2951 3885 3058 3939 sint
3083 3884 3358 3936 diversum

1799 3986 2114 4057 quidpiam;
2150 3984 2197 4039 si
2243 3985 2387 4039 enim
2430 3982 2535 4037 tale
2564 3995 2702 4050 opus
2741 3977 2964 4031 minime
3007 3982 3150 4029 recte
3193 3970 3359 4032 facis,

1802 4080 1958 4148 fuge;
1989 4078 2034 4131 si
2067 4090 2196 4129 vero
2236 4082 2404 4137 recte,
2437 4072 2631 4142 ecquid
2678 4069 2839 4123 times
2880 4081 2976 4122 eos
3027 4066 3119 4135 qui
3163 4073 3216 4117 te
3252 4075 3361 4116 non

1802 4177 1951 4225 recte
1983 4166 2322 4237 culpabunt?

2397 4290 2622 4348 CAPUT
2660 4290 2769 4347 LV.

200 4412 347 4483 Πρὸς
371 4413 468 4482 μὲν
489 4409 551 4465 τδ
579 4409 954 4481 διεζευγμένον
985 4409 1225 4481 μεγάλην
1242 4408 1331 4481 ἔχε
1356 4407 1531 4473 ἀξίαν,
1564 4407 1692 4479 πρὸς

1874 4414 2040 4469 Valde
2081 4413 2304 4483 dignum
2353 4410 2556 4465 habeas
2590 4406 2642 4461 id
2684 4405 2827 4477 quod
2873 4419 2904 4458 a
2950 4411 3003 4458 te
3034 4399 3365 4470 disiunctum

122 4504 192 4558 τὸ
238 4500 719 4574 συμπεπλεγμένον
761 4500 819 4554 δὲ
853 4499 1128 4565 ἀπαξίαν,
1183 4499 1325 4553 οὕτω
1366 4500 1460 4553 καὶ
1492 4500 1554 4552 τὸ
1602 4498 1700 4569 τὴν

128 4592 305 4665 μείζω
344 4592 537 4665 μερίδα
575 4588 899 4656 ἐκλέξασθαι
928 4590 1065 4661 πρὸς
1103 4590 1203 4661 μὲν
1244 4590 1305 4645 τὸ
1335 4590 1493 4661 σῶμα
1530 4590 1700 4661 ἐχέτω

126 4684 309 4751 ἀξίαν,
335 4686 471 4757 πρὸς
508 4685 564 4739 δὲ
598 4684 883 4738 κοινωνίαν
917 4685 974 4737 ἐν
1012 4684 1253 4737 ἑστιάσει
1292 4677 1404 4737 οἷον
1431 4684 1509 4738 δεῖ
1536 4684 1706 4755 φυλά-

128 4778 222 4845 ξαι
272 4777 508 4842 ἀπαξίαν
554 4778 688 4848 ἔχει.
713 4778 883 4830 Ὅταν
910 4774 1004 4831 οὖν
1041 4776 1324 4848 συνεσθίῃς
1373 4777 1591 4849 ἑταίρῳ,
1627 4777 1701 4848 μὴ

131 4864 298 4936 μόνον
347 4866 447 4937 τὴν
477 4868 614 4940 πρὸς
649 4868 711 4922 τὸ
744 4868 904 4938 σῶμα
945 4866 1103 4933 ἀξίαν
1140 4866 1247 4921 τῶν
1287 4870 1702 4939 παρακειμένων

132 4956 261 5026 ὅρα,
296 4956 430 5013 ἀλλὰ
459 4960 554 5013 καὶ
597 4960 698 5030 τὴν
728 4959 862 5032 πρὸς
890 4959 981 5013 τὸν
1014 4960 1320 5029 ἑστιάτορα,
1355 4956 1465 5013 οἷον
1494 4961 1575 5014 δεῖ
1603 4976 1704 5029 φυ-

130 5046 420 5120 λαχθῆναι.

1803 4517 1918 4574 est;
1957 4506 2051 4562 tibi
2099 4519 2228 4561 vero
2279 4502 2632 4573 conjunctum
2672 4498 2727 4551 in
2772 4494 2917 4550 nullo
2951 4493 3123 4563 pretio
3158 4500 3363 4543 teneas,

1806 4602 1898 4657 Sic
1929 4600 2123 4657 electio
2151 4596 2378 4667 majoris
2404 4591 2672 4665 portionis
2699 4593 2951 4657 respectu
2981 4581 3223 4651 corporis
3263 4579 3365 4633 ha-

1806 4693 1930 4748 beat
1981 4691 2200 4762 quidem
2250 4687 2504 4743 meritum
2539 4682 2911 4751 condignum,
2968 4674 3061 4731 sed
3118 4677 3365 4740 respectu

1807 4782 2210 4841 communionis
2270 4780 2326 4835 in
2377 4775 2663 4837 convivio,
2710 4770 2844 4841 quid
2900 4762 3109 4824 scilicet
3156 4766 3369 4831 oportet

1808 4890 2042 4939 servare,
2094 4874 2278 4927 minus
2327 4868 2489 4925 habet
2535 4865 2787 4920 meritum
2814 4902 2831 4926 ,
2882 4872 2981 4914 seu
3018 4855 3364 4925 dignitatem.

1812 4967 2039 5036 Quando
2085 4966 2248 5035 igitur
2290 4977 2414 5018 cum
2447 4957 2619 5015 sodali
2650 4953 2977 5017 convivaris,
3030 4964 3141 5003 non
3191 4945 3365 5001 solum

1677 5064 1691 5080 '
1809 5059 2070 5129 respicias
2100 5055 2438 5127 dignitatem,
2468 5064 2592 5121 qum
2621 5047 2687 5102 ad
2721 5056 2921 5114 corpus
2959 5040 3169 5103 attinet,
3200 5047 3367 5129 appo:

133 5138 409 5209 sitorum,
461 5143 555 5198 sed
618 5157 737 5198 eam
786 5142 1071 5199 considera
1124 5140 1480 5214 dignitatem,
1534 5163 1692 5220 quam

1801 5112 1939 5211 lbere
1999 5112 2188 5208 debet”
2228 5112 2563 5208 convivator,
2599 5140 2730 5212 quid
2774 5112 3033 5194 nimirum
3071 5135 3285 5200 oportet
3311 5112 3369 5176 ιιι

133 5241 411 5287 servetur.

703 5370 952 5426 ΚΕΦΑΛ.
980 5370 1125 5439 Νςν.

215 5476 342 5530 Ἐὰν
362 5476 501 5548 ὑπὲρ
535 5478 762 5552 δύναμιν
796 5481 1069 5555 ἀναλάϐῃς
1092 5499 1148 5537 τι
1186 5482 1492 5554 πρόσωπον,
1522 5484 1617 5539 καὶ
1645 5486 1704 5540 ἐν

129 5565 308 5716 τούΞῖ
325 5568 710 5645 ἠσχημόνησας
738 5573 830 5628 καὶ
853 5573 883 5628 ὃ
898 5574 1130 5646 ήδύνασο
1151 5573 1521 5649 ἐκπληρῶσαι,
1542 5575 1703 5632 τοῦτο

133 5678 237 5715 κατ
304 5678 442 5716 ιπες.

133 5678 442 5728 κατελιπες.

2281 5364 2451 5438 348
2485 5360 2712 5420 CAPUT
2751 5358 2888 5413 LVI.

1872 5484 1930 5540 Si
1962 5482 2198 5553 aliquam
2232 5495 2390 5551 supra
2424 5479 2571 5532 vires
2614 5471 2922 5543 susceperis
2950 5477 3263 5537 personam,
3306 5468 3362 5515 et

1800 5576 1856 5633 in
1879 5575 1981 5630 bac
2001 5552 2252 5629 indecore
2274 5581 2325 5626 te
2346 5567 2581 5641 gessisti,
2610 5576 2722 5623 tum
2745 5557 3081 5641 dereliquisti
3100 5555 3151 5611 id
3173 5552 3323 5611 etiau
3341 5591 3359 5619 ,

1803 5666 1950 5738 quod
1980 5664 2251 5736 complere
2278 5661 2567 5734 potuisses.
