3838 6056
459 248 590 313 1307
1927 253 2226 315 SPURIA.

1022 364 1253 423 CAPUT
1311 365 1467 423 LVII.
2056 375 2101 431 Α

524 476 994 543 Quemadmodum
1038 480 1179 535 inter
1232 482 1617 537 ambulandum
1650 482 1903 549 attendis,
1950 500 2020 540 ne

2200 484 2290 538 ’Ev
2315 481 2393 555 τῷ
2430 482 2752 552 περιπατεῖν
2785 482 3032 554 καθάπερ
3079 480 3379 553 προσέχεις
3415 479 3497 551 μὴ
3530 481 3737 552 ἐπιϐῇς

455 567 667 623 insilias
694 566 869 633 clavo,
913 578 1007 624 aut
1035 586 1102 625 ne
1137 580 1288 626 tuum
1319 574 1506 643 pedem
1542 575 1905 645 distorqueas,
1944 577 2018 632 ita

2169 577 2255 648 λῳ,
2286 577 2320 648 ἢ
2362 575 2601 649 στρέφῃς
2630 575 2721 628 τὸν
2751 575 2886 629 πόδα
2916 591 3033 641 σου,
3062 574 3207 629 οὕτω
3235 574 3487 644 πρόσεχε
3521 574 3612 643 μὴ
3648 577 3736 628 καὶ

451 661 693 725 attende,
741 676 810 717 ne
856 663 932 717 tui
981 665 1145 719 animi
1210 666 1573 736 principatum
1619 668 1813 737 laedas;
1859 679 2021 738 atque

2169 667 2523 738 »ἡγεμονικὸν
2553 665 2788 738 βλάϐτῃς
2821 666 2882 719 τὸ
2910 666 3160 733 σεαυτοῦ,
3198 667 3294 721 καὶ
3323 664 3497 719 τοῦτο
3522 665 3633 716 ἐὰν
3658 666 3733 733 ἐφ’

451 753 558 809 hoc
592 754 637 809 si
665 770 998 825 unoquoque
1035 756 1088 810 in
1120 772 1284 827 opere
1313 759 1746 828 observabimus,
1773 762 2019 819 securius

2169 761 2349 814 ιάστου
2396 759 2560 831 ἔργου
2592 757 3095 829 παραφυλάξωμεν,
3134 758 3574 830 ἀσφαλέστερον

454 846 890 917 unumquodque
927 863 1065 917 opus
1098 850 1500 920 aggrediemur.

2169 852 2265 907 εθα
2297 852 2530 907 ἑκάστου
2561 849 2744 922 ἔργου.

3600 245 3743 314 ιεω

2708 367 2957 423 ΚΕΦΔΔ.
2992 365 3116 423 NZ'.

1016 961 1244 1018 CAPUT
1282 963 1461 1020 LVIII.

523 1071 778 1130 Mensura
813 1077 1181 1147 possessionis
1209 1087 1292 1133 est
1336 1092 1533 1147 corpus
1561 1077 2019 1149 uniuscujusque,

461 1165 612 1221 sicuti
648 1183 742 1236 pes
774 1169 1169 1235 calceamenti;
1226 1169 1269 1224 si
1315 1170 1481 1241 igitur
1520 1169 1574 1224 in
1620 1170 1724 1226 hoc
1770 1171 2022 1234 steteris,

459 1274 777 1316 mensuram
813 1264 1094 1331 servabis;
1147 1265 1232 1318 sin
1261 1264 1662 1334 pertransieris,
1698 1265 1809 1335 jam
1858 1264 2025 1319 veluti

462 1366 557 1419 per
585 1367 825 1422 praeceps
858 1352 988 1409 ferri
1022 1370 1308 1411 necessum
1342 1363 1445 1418 est,
1485 1364 1545 1410 ut
1595 1356 1757 1410 etiam
1806 1355 1860 1409 in
1910 1355 2025 1409 cal-

460 1453 743 1499 ceameuto
787 1445 848 1499 fit
890 1445 937 1502 si
985 1447 1172 1517 pedem
1214 1448 1347 1503 illud
1393 1447 1874 1517 superexcesserit,
1914 1446 2029 1502 sive

462 1533 753 1591 deauratus
788 1536 859 1593 sit
889 1536 1125 1612 calceus,
1161 1538 1278 1593 sive
1323 1552 1651 1608 purpureus,
1701 1537 1813 1593 sive
1856 1538 2025 1592 inter-

461 1637 696 1694 punctus
729 1646 742 1682 :
784 1631 903 1698 ejus
932 1628 1099 1693 enim,
1135 1630 1280 1699 quod
1311 1629 1480 1685 semel
1508 1643 1670 1700 supra
1715 1643 2026 1685 mensuram

462 1722 566 1781 est,
598 1716 863 1774 terminus
893 1719 1074 1775 nullus
1097 1729 1201 1775 est.

1049 1830 1277 1887 CAPUT
1314 1830 1455 1887 LIX.

532 1937 776 1995 Feminae
808 1942 993 1997 statim
1028 1943 1154 1999 inde
1195 1943 1264 1999 ab
1305 1944 1465 1999 annis
1492 1941 1901 2014 quatuordecim
1933 1955 2029 1997 vo-

463 2040 658 2087 cantur
697 2048 727 2087 a
762 2033 895 2089 viris
921 2034 1196 2101 dominae;
1241 2036 1485 2091 videntes
1535 2035 1699 2106 igitur
1719 2035 1865 2107 quod
1896 2035 2031 2091 nihil

464 2125 614 2181 aliud
654 2126 786 2196 ipsis
830 2137 1101 2197 superest,
1148 2143 1311 2199 quam
1348 2128 1695 2184 solummodo
1726 2129 1927 2184 cubare
1956 2131 2033 2184 si-

467 2217 579 2272 mul
631 2233 754 2272 cum
786 2217 940 2285 viris,
992 2219 1266 2289 incipiunt
1303 2217 1536 2273 formam
1581 2220 1844 2287 excolere,
1884 2227 1938 2275 et
1975 2218 2030 2274 in

468 2309 575 2362 hoc
619 2324 744 2378 spes
786 2325 975 2366 omnes
1027 2310 1246 2366 habere.
1294 2311 1525 2383 Dignum
1575 2306 1659 2368 est
1703 2313 1924 2381 itaque,
1975 2320 2034 2366 ut

464 2397 662 2462 sciant,
695 2400 841 2469 quod
884 2416 993 2454 non
1031 2401 1139 2455 alia
1180 2401 1291 2457 ulla
1331 2402 1400 2457 de
1445 2402 1608 2475 349
1634 2417 1799 2460 causa
1826 2402 2034 2458 honore

465 2489 807 2559 alliciuntur,
854 2507 1017 2563 quam
1062 2508 1129 2548 eo
1185 2494 1332 2565 quod
1377 2505 1639 2567 apparent
1683 2506 1920 2563 ornatae,
1968 2508 2033 2550 ac

468 2584 789 2640 verecunda:
814 2584 869 2640 in
900 2586 1282 2657 temperantia.

1060 2698 1283 2759 CAPUT
1320 2701 1433 2757 LX.

538 2810 759 2869 Hebetis
786 2814 989 2885 ingenii
1018 2816 1234 2887 signum
1265 2826 1350 2872 est
1376 2816 1429 2871 in
1458 2815 1564 2882 his,
1597 2832 1718 2888 quae
1744 2816 1810 2872 ad
1834 2830 2033 2887 corpus

467 2904 746 2976 pertinent
773 2906 990 2975 penitus
1018 2907 1248 2971 versari,
1284 2908 1434 2964 velut
1477 2908 1719 2964 exerceri
1758 2917 1819 2963 ut
1860 2908 2033 2979 pluri-

473 3012 644 3061 mum,
681 3008 775 3051 aut
808 2997 1039 3051 multum
1085 2998 1391 3065 comedere,
1425 3008 1523 3054 aut
1549 2999 1675 3069 plus
1709 2999 1913 3064 bibere,
1941 3008 2036 3055 aut

472 3096 718 3142 ventrem
776 3086 1118 3158 frequentius
1163 3105 1505 3159 exonerare,
1560 3091 1655 3146 sed
1711 3105 1774 3145 ea
1823 3090 2041 3161 quidem

472 3178 780 3250 peragenda
831 3188 961 3236 sunt
996 3181 1188 3251 obiter,
1222 3183 1405 3239 omnis
1439 3198 1567 3239 vero
1604 3196 1732 3238 cura
1784 3181 1857 3238 sit
1898 3181 2046 3240 circa

475 3282 735 3328 mentem.

1059 3387 1288 3446 CAPUT
1326 3386 1464 3445 LXI.

547 3494 781 3564 Quando
808 3497 1080 3570 quiSpiam
1126 3500 1271 3557 male
1299 3499 1432 3573 quid
1476 3497 1697 3566 fecerit,
1739 3506 1836 3555 aut
1878 3498 2049 3555 male-

477 3588 683 3645 dixerit
729 3590 866 3658 tibi,
906 3603 1198 3660 memento,
1231 3593 1379 3663 quod
1416 3592 1565 3659 facit,
1612 3601 1708 3648 aut
1753 3592 1904 3658 dicit,
1950 3607 2051 3663 pu-

481 3688 606 3735 tans
634 3681 739 3736 sibi
781 3684 1109 3741 conveniens
1155 3699 1311 3752 esse;
1355 3676 1472 3741 fieri
1514 3699 1644 3741 vero
1682 3699 1791 3740 non
1837 3693 2046 3755 potest,

481 3780 546 3827 ut
571 3773 688 3844 ipse
718 3783 982 3846 sequatur
1028 3776 1292 3848 quidquid
1341 3776 1439 3832 tibi
1474 3776 1720 3842 videtur,
1764 3777 1857 3832 sed
1904 3775 2050 3845 quod

484 3866 626 3932 sibi;
667 3867 847 3938 itaque
883 3868 929 3924 si
963 3869 1104 3947 male
1147 3869 1251 3939 ipsi
1285 3868 1570 3934 videatur.
1605 3869 1696 3923 ille
1730 3868 1890 3923 laesus
1927 3876 2047 3933 est,

490 3962 681 4025 utpote
708 3956 802 4026 qui
830 3954 931 4011 fuit
961 3959 1240 4026 deceptus.
1299 3956 1359 4012 Si
1389 3957 1513 4028 quis
1543 3957 1743 4012 etenim
1769 3954 2049 4011 veritatem

482 4059 784 4101 conuexam
834 4048 1001 4104 fuerit
1048 4049 1304 4119 opinatus
1354 4063 1479 4105 esse
1517 4048 1892 4115 mendacium,
1940 4061 2051 4102 non

485 4138 676 4195 laesum
716 4148 799 4195 est
847 4155 1155 4197 connexum
1184 4142 1429 4213 (scilicet
1475 4140 1798 4210 veritatis),
1830 4139 1924 4195 sed
1965 4138 2050 4203 is,

487 4229 585 4301 qui
624 4229 727 4286 fuit
756 4230 1034 4302 deceptus.
1081 4231 1163 4288 Tu
1205 4248 1336 4306 ergo
1377 4232 1634 4287 incitatus
1657 4231 1725 4286 ab
1755 4230 1861 4295 bis,
1897 4244 2050 4284 mau-

2694 961 2948 1016 ΚΕΦΑΛ.
2985 962 3121 1019 ΝΗ⁹.

2193 1075 2407 1147 Μέτρον
2436 1074 2681 1145 κτήσεως
2708 1073 2769 1128 τὸ
2799 1074 2955 1145 σῶμα
2977 1075 3209 1129 ἑκάστου
3231 1075 3312 1139 ὡς
3336 1075 3367 1129 ὁ
3404 1072 3557 1138 ποῦς
3596 1074 3731 1129 ὕπο-

2124 1163 2187 1235 δή
2199 1180 2385 1234 ματος.
2433 1162 2557 1217 Ἐὰν
2587 1163 2681 1217 ἐπὶ
2706 1161 2897 1217 τούτου
2928 1168 3083 1236 στῇς,
3116 1164 3378 1233 φυλάξεις
3408 1164 3475 1217 τὸ
3502 1165 3728 1235 μέτφν,

2129 1254 2223 1309 ἐὰν
2246 1254 2302 1307 δὲ
2338 1254 2583 1327 ὑπερϐῇς
2607 1254 2684 1319 ὡς
2711 1254 2851 1308 κατὰ
2872 1256 3117 1328 κρημνοῦ
3145 1256 3334 1311 λοιπὸν
3356 1258 3596 1327 ἀνάγκη
3641 1259 3727 1326 ςέο

2130 1346 2336 1418 ρεσθαι,
2370 1347 2625 1418 καθάπερ
2677 1351 2770 1401 καὶ
2796 1347 2888 1401 ἐπὶ
2907 1348 3002 1402 τοῦ
3031 1349 3405 1421 ὑποδήματος,
3437 1350 3545 1402 ἐὰν
3569 1350 3733 1420 ὑπερ-

2126 1440 2195 1512 ϐῇ
2229 1440 2321 1493 τὸν
2346 1440 2502 1508 πόδα,
2530 1438 2760 1509 γίνεται,
2786 1442 2897 1494 εἴτε
2924 1442 3265 1514 κατάχρυσον
3295 1442 3596 1513 ὑπόδημα,
3628 1443 3732 1497 εἴτε

2126 1531 2459 1603 πορφυροῦν,
2501 1531 2613 1585 εἴτε
2665 1533 2955 1604 κεντητόνο
2993 1533 3089 1587 τοῦ
3129 1534 3237 1607 γὰρ
3277 1534 3440 1600 ἅπαξ
3474 1534 3629 1605 ὑπὲρ
3680 1534 3733 1587 τὸ

2130 1623 2329 1695 μέτρον
2350 1624 2475 1696 ὅρος
2510 1622 2684 1689 οὐδείς
2704 1625 2874 1680 ἐστιν.

2710 1826 2963 1882 ΚΕΦΔΔ.
2995 1826 3124 1881 ΝΘ¹.

2198 1937 2264 1993 AI
2297 1939 2557 2009 γυναῖκες
2578 1938 2740 2001 εδθὺς
2784 1938 2891 1992 άπὸ
2944 1938 3209 2011 τέσσαρες
3256 1939 3357 1993 καὶ
3402 1938 3555 1993 δέκα.
3600 1937 3733 1990 ἐτῶν

2132 2029 2237 2085 ὑπὸ
2264 2031 2373 2085 τῶν
2392 2031 2600 2104 ἀνδρῶν
2626 2030 2811 2101 κύριαι
2833 2029 3121 2085 καλοῦνται
3150 2047 3163 2061 ’
3192 2029 3503 2102 τοιγαροῦν
3523 2028 3731 2101 ὁρῶσαι

2130 2122 2215 2177 ὅτι
2235 2122 2363 2178 ἄλλο
2387 2123 2485 2195 μὲν
2510 2123 2665 2177 οὐδὲν
2692 2122 2882 2186 αὐταῖς
2909 2122 3190 2193 πρόσεστι,
3219 2122 3386 2193 μόνον
3413 2122 3476 2175 δὲ
3509 2138 3731 2187 συγκοι-

2135 2212 2338 2283 μᾶσθαι
2372 2214 2485 2276 τοῖς
2510 2211 2789 2283 ἀνδράσιν,
2823 2211 3081 2284 ἄρχονται
3110 2210 3601 2275 καλλωπίζεσθαι,
3628 2214 3730 2264 κάν

2130 2302 2305 2375 τούτῳ
2332 2302 2511 2367 πάσας
2543 2302 2686 2376 ἔχειν
2720 2303 2819 2368 τὰς
2845 2303 3084 2367 ἐλπίδας.
3115 2303 3418 2375 Προσέχειν
3458 2298 3560 2355 οὖν
3590 2302 3731 2366 ἀξιον

2133 2396 2220 2451 ἵνα
2290 2396 2603 2464 αἴσθωνται,
2672 2398 2757 2452 ὅτι
2826 2399 2916 2452 ἐπ’
2976 2398 3148 2451 οὐδενὶ
3209 2397 3359 2467 άλλῳ
3424 2394 3728 2465 τιμῶνται,

2131 2489 2166 2561 ἢ
2203 2488 2284 2561 τῷ
2325 2489 2551 2561 κόσμιαι
2589 2490 2902 2561 φαίνεσθαι,
2942 2493 3038 2545 καὶ
3068 2490 3362 2562 αἰδήμονες
3401 2490 3469 2543 ἐν
3510 2505 3728 2559 σωφρο-

2134 2578 2290 2652 σύνῃ.

2732 2695 2986 2750 ΚΕΦΑΛ.
3026 2692 3117 2755 ΡΞἎ

2212 2810 2441 2883 ’Δφυτας
2469 2811 2691 2883 σημεῖον
2706 2810 2767 2865 τδ
2787 2811 3141 2883 ἐνδιατρίϐειν
3162 2813 3271 2876 τοῖς
3294 2811 3429 2882 περὶ
3449 2808 3516 2862 τὸ
3548 2808 3729 2876 σῶμα.

2132 2900 2245 2958 οἷον
2283 2905 2378 2959 ἐπὶ
2406 2884 2561 2959 ’πολὺ
2607 2902 3015 2975 γυμνάζεσθαι,
3046 2903 3079 2974 ἢ
3111 2903 3203 2957 ἐπὶ
3239 2903 3375 2958 πολὺ
3409 2902 3631 2956 ἐσθίειν
3656 2900 3729 2969 ,ἢ

2145 2998 2240 3051 ἐπὶ
2265 2996 2401 3051 πολὺ
2428 2996 2623 3062 πίνειν,
2652 2995 2685 3068 ἢ
2714 2997 2807 3051 ἐπὶ
2833 2996 2967 3051 πολὺ
2996 2998 3318 3051 ἀποπατεῖν.
3364 2995 3537 3048 Ἀλλὰ
3567 2993 3733 3047 ταῦτα

2149 3088 2249 3161 μὲν
2277 3089 2336 3142 ἐν
2365 3089 2625 3161 παρέργῳ
2648 3087 2921 3160 ποιητέον,
2960 3089 3089 3161 περὶ
3119 3088 3175 3143 δέ
3203 3088 3302 3159 τὴν
3329 3085 3576 3159 γνώμην
3600 3086 3735 3138 ἔστω

2145 3182 2183 3253 ἡ
2206 3182 2356 3237 πᾶσα
2384 3181 2711 3254 ἐπιστροφή.

2733 3381 2976 3437 ΚΕΦΑΛ.
3008 3381 3130 3438 EA’.

2206 3483 2389 3552 ’Ὅταν
2430 3512 2515 3560 τις
2547 3494 2731 3560 κακῶς
2760 3513 2814 3550 τι
2856 3498 3007 3568 ποιῇ,
3050 3496 3083 3566 ἢ
3115 3494 3303 3558 κακῶς
3338 3512 3399 3548 σε
3432 3494 3597 3568 λέγῃ,
3637 3497 3728 3564 μὲ-

2150 3605 2323 3660 μνησο
2346 3588 2428 3642 ὃτι
2447 3586 2709 3659 καθήκειν
2724 3586 2875 3657 αὑτῷ
2893 3588 3139 3658 οἰόμενος
3168 3587 3331 3648 ποιεῖ,
3356 3584 3388 3654 ἥ
3421 3584 3584 3653 λέγει
3605 3601 3621 3615 ·
3637 3586 3726 3655 οὔχ

2146 3676 2259 3736 οἷόν
2306 3698 2368 3735 τε
2406 3676 2499 3735 οὖν
2557 3680 2868 3735 ἀκολουθεῖν
2914 3679 3074 3733 αὑτὸν
3117 3679 3195 3752 τῷ
3247 3695 3329 3732 σοι
3373 3678 3723 3749 φαινομένῳ,

2147 3772 2287 3827 ἀλλὰ
2328 3771 2405 3843 τῷ
2436 3771 2608 3843 αὐτῷ,
2648 3771 2787 3826 ὥστε
2819 3772 2867 3826 εἰ
2905 3771 3089 3837 κακῶς
3117 3770 3267 3842 αὑτῷ
3295 3770 3559 3840 φαίνεται
3587 3770 3725 3822 ἐκεῖ·

2148 3879 2239 3929 νος
2278 3863 2614 3935 βέϐλαπται,
2646 3864 2794 3927 ὅστις
2834 3862 3031 3939 ὥσπερ.
3078 3863 3173 3917 καὶ
3210 3860 3557 3932 ἐξηπάτηται
3584 3876 3600 3889 ·
3638 3858 3725 3910 καὶ

2148 3955 2258 4027 γὰρ
2292 3956 2353 4011 τὸ
2400 3955 2599 4033 ἀληθὲς
2649 3955 3142 4028 συμπεπλεγμένον
3191 3954 3286 4007 ἐάν
3330 3970 3418 4016 τις
3478 3950 3723 4021 ὑπολάϐῃ

2148 4048 2364 4119 ψεῦδος,
2404 4050 2466 4104 οὐ
2510 4049 2570 4103 τὺ
2624 4047 3111 4119 συμπεπλεγμένον
3161 4045 3483 4117 βέϐλαπται,
3529 4044 3649 4097 ἀλλ’
3694 4044 3723 4094 ό

2150 4140 2532 4213 ἐξαπατηθείς.
2590 4141 2722 4196 Ἀπὸ
2763 4141 2967 4195 τούτων
2996 4138 3317 4213 ὁρμώμενος
3359 4140 3555 4211 πράως
3585 4136 3719 4201 ἕξεις

2151 4236 2288 4309 πρὸς
2312 4236 2403 4289 τὸν
2426 4235 2765 4307 λοιδοροῦντα
2791 4251 2806 4267 ·
2833 4235 3171 4305 ἐπιφθέγγου
3201 4235 3310 4305 γὰρ
3336 4232 3423 4303 ἐφ’
3458 4233 3709 4295 ἑκάστου,

472 4330 647 4377 sueto
689 4322 799 4379 eris
844 4323 1030 4379 animo
1075 4339 1203 4395 erga
1232 4324 1657 4391 convitiantem;
1691 4321 1834 4377 unde
1884 4321 1941 4376 in
1992 4335 2040 4377 re

2169 4329 2235 4382 itt
2262 4328 2437 4396 ἔδοξεν
2464 4327 2632 4401 αὐτῷ.

489 4414 730 4486 qualibet
781 4415 1046 4488 quidquid
1088 4416 1189 4488 ipsi
1240 4416 1405 4473 fuerit
1442 4416 1625 4473 visum
1669 4414 1957 4486 responde.

1051 4524 1281 4581 CAPUT
1335 4524 1492 4581 LXII.

562 4636 915 4709 Quacunque
942 4652 1031 4694 res
1059 4637 1199 4695 duas
1236 4638 1399 4695 habet
1430 4653 1614 4706 ansas,
1643 4638 1786 4694 banc
1815 4637 2055 4708 quidem,

496 4746 619 4801 quae
661 4731 866 4803 gestari
913 4739 1123 4802 potest,
1165 4730 1394 4785 alteram
1437 4745 1600 4794 vero,
1632 4744 1756 4800 quae
1792 4727 2059 4799 portatilis

498 4836 608 4875 non
634 4829 754 4889 est;
795 4819 846 4876 si
873 4833 1004 4890 ergo
1038 4818 1210 4875 frater
1240 4818 1337 4874 tibi
1376 4817 1576 4874 inferat
1603 4818 1881 4889 injuriam,
1912 4817 2063 4873 illinc

500 4927 569 4968 ne
603 4910 909 4982 prehendas
944 4911 1069 4977 hoc,
1119 4909 1265 4980 quod
1298 4910 1559 4966 nimirum
1594 4908 1725 4966 fecit
1767 4910 2057 4981 injuriam;

501 5002 619 5059 haec
661 5003 805 5059 enim
861 5016 996 5057 ansa
1040 5001 1159 5072 ejus
1200 5010 1319 5071 est,
1361 5017 1484 5073 quae
1532 5002 1740 5073 gestari
1797 5017 1907 5058 non
1965 5016 2062 5073 po-

380 5147 384 5150 .
502 5102 638 5162 test;
684 5109 873 5150 verum
917 5094 1046 5151 inde
1093 5094 1299 5165 potius,
1347 5095 1497 5167 quod
1544 5094 1736 5161 frater,
1781 5094 1927 5166 quod
1973 5110 2064 5151 so-

386 5212 389 5221 ς
501 5185 677 5252 dalis,
718 5192 774 5241 et
819 5185 925 5242 hoc
962 5186 1374 5269 apprebendes,
1417 5195 1605 5257 utpote
1638 5183 1784 5257 quod
1820 5194 1905 5242 est
1934 5200 2062 5257 por-

503 5274 675 5330 tatile.

967 5383 1131 5456 350
1165 5380 1396 5441 CAPUT
1434 5381 1613 5439 Lxur.

573 5476 961 5547 Huiuscemodi
1000 5490 1284 5534 sermones
1315 5486 1445 5532 sunt
1483 5475 1774 5532 inordinati
1815 5493 1830 5529 :
1872 5475 1983 5548 Ego
2016 5487 2066 5533 te

510 5564 829 5638 locupletior
876 5584 1032 5633 sum,
1082 5569 1251 5640 igitur
1287 5582 1390 5639 ego
1441 5576 1494 5624 te
1536 5568 1747 5625 melior.
1811 5568 1890 5625 Illi
1938 5585 2067 5626 vero

518 5656 689 5726 magis
714 5658 945 5716 ordinati
976 5678 990 5717 :
1029 5658 1143 5732 Ego
1171 5670 1222 5718 te
1256 5661 1578 5732 locupletior
1605 5680 1621 5731 ;
1644 5679 1772 5734 ergo
1804 5680 1920 5720 mea
1947 5678 2067 5735 pos.

2733 4526 2981 4583 ΚΕΦΑΛ.
3005 4523 3123 4582 EB’.

2229 4636 2344 4691 Πᾶν
2369 4637 2602 4709 πρᾶγμα
2634 4637 2730 4692 δύο
2754 4637 2869 4709 ἔχει
2911 4638 3115 4704 λαϐὰς,
3148 4636 3248 4708 τὴν
3285 4635 3385 4707 μὲν
3416 4634 3712 4706 ἀφόρητον,

2157 4725 2258 4798 τὴν
2288 4727 2345 4782 δὲ
2376 4728 2617 4801 φορητὴν
2639 4745 2653 4761 ·
2682 4728 2777 4783 ἐὰν
2804 4724 2897 4784 οὖν
2923 4728 3155 4799 ρδελφός
3180 4744 3239 4781 σε
3264 4726 3445 4797 ἀδικῇ,
3480 4724 3715 4778 ἐντεῦθεν

2158 4818 2292 4872 αὐτὸ
2327 4818 2402 4889 μὴ
2428 4819 2687 4891 λάμϐανε,
2708 4820 2789 4875 ὅτι
2810 4821 3005 4877 άδικεῖ’
3041 4819 3178 4890 αὑτὴ
3209 4818 3318 4890 γὰρ
3345 4821 3380 4890 ή
3409 4818 3549 4888 λαϐή
3580 4818 3715 4870 ἐστιν

2159 4908 2324 4963 αὐτοῦ
2388 4909 2450 4963 οὑ
2522 4911 2730 4983 φορητή
2762 4927 2779 4942 ο
2886 4909 3024 4964 ἀλλὰ
3093 4909 3306 4963 ἐκεῖθεν
3378 4906 3581 4979 μᾶλλον
3639 4907 3712 4958 ὃτι

2160 5000 2405 5072 ἀδελφὸς,
2434 5002 2517 5057 ὅτι
2540 5001 2853 5075 σύντροφος,
2878 5004 2972 5058 καὶ
3001 5002 3149 5076 λήψῃ
3174 4999 3308 5055 αὐτὸ
3329 4998 3469 5055 καθὸ
3497 4996 3713 5069 φόρητόν

2160 5093 2329 5151 ἐστιν.

2725 5379 2976 5436 ΚΕΦΑΛ.
3015 5379 3127 5436 ΞΡ.

2233 5469 2390 5532 Οὗτοι
2415 5475 2465 5531 οἱ
2489 5474 2637 5545 λόγοι
2656 5472 2998 5539 ἀσύντακτοι,
3017 5470 3158 5542 Ἐγώ
3190 5488 3286 5524 σου
3310 5466 3709 5539 πλουσιώτερος.

2165 5569 2286 5639 ἐγὼ⁹
2310 5570 2418 5643 άρα
2459 5586 2554 5623 σου
2586 5566 2866 5640 κρείττων.
2914 5564 3055 5636 Ἑγὼ
3087 5581 3181 5619 σου
3224 5561 3551 5632 λογιώτερος
3574 5602 3588 5627 ,
3616 5560 3708 5629 ἐγώ

2168 5680 2262 5717 σου
2292 5662 2399 5733 ἄρα
2437 5660 2700 5733 κρείττων
2726 5677 2742 5695 ο
2787 5658 2985 5713 ἐκεῖνοι
3018 5656 3075 5712 δέ
3109 5656 3306 5727 μᾶλλον
3358 5656 3706 5713 συντακτικοὶ,
