3838 6056
36 216 186 289 09
1350 231 1696 299 EPICTETI
1733 239 2116 317 MANUALE.
3188 258 3327 327 1310

36 334 205 401 ηγώ
234 351 363 389 σου
391 334 814 445 πλρυριώτερος.
833 337 899 393 Ἦ
920 338 1028 414 ἐμὴ
1050 341 1159 416 ἄρα
1190 344 1387 417 κτῆσις
1420 350 1552 422 κρεί·

1836 359 1960 415 :ssio
1990 368 2082 415 tua
2114 358 2296 430 potior
2316 370 2433 431 est;
2472 377 2575 434 ego
2602 364 2940 436 eloquentior
2974 377 3044 439 te,
3075 387 3192 427 mea
3223 390 3352 445 ergo

35 442 101 493 ⁸ς
196 427 358 532 σῇς.
423 426 570 532 Ἐγώ
622 446 717 484 σου
765 432 1110 506 λογιώτερος,
1155 438 1190 509 ή
1237 439 1345 512 ἐμὴ
1384 441 1495 514 ἄρα
1539 443 1551 496 1

1835 450 1954 505 ictio
1993 461 2085 506 tua
2116 454 2482 522 praestantior.
2511 452 2593 509 'I‘u
2627 468 2806 513 autem
2834 474 2935 516 nec
2969 467 3244 531 possessio
3270 426 3351 529 5's,

36 535 107 674 ιὲ
196 520 327 592 σῆς
380 520 688 594 κρείσσων,
744 523 810 578 σὺ
851 524 909 580 δέ
957 541 1022 595 γε
1065 526 1189 583 οὔτε
1235 534 1427 604 κτῆσις
1465 529 1517 588 εῐ

110 628 225 677 ις.

673 561 688 590 ,
744 523 810 578 σὺ
851 524 909 580 δέ
957 541 1022 595 γε
1065 526 1189 583 οὔτε
1235 534 1427 604 κτῆσις
1465 529 1517 588 εῐ
1558 533 1682 589 οὔτε
1784 557 1961 613 neque
2003 520 2189 600 dictio.

693 729 942 785 ΚΕΦΑΔ.
984 728 1101 787 ΞΝ.
1883 784 1889 790 .

1883 784 1889 790 .
2337 743 2564 801 CAPUT
2605 744 2808 802 LXIV-

74 841 398 896 Λούεταί
415 860 505 908 τις
531 842 763 915 ταχέως,
796 846 875 917 μὴ
900 846 1061 919 εἴπῃς
1087 848 1168 903 ὃτι
1196 849 1404 917 κακῶς,
1430 851 1568 907 ἀλλὰ

1851 852 2087 910 Lavatur
2130 855 2252 927 quis
2288 858 2400 913 cito
2422 898 2437 924 ,
2469 875 2536 913 ne
2560 860 2801 925 dixeris,
2853 862 2996 932 quod
3033 863 3171 917 male
3195 904 3209 925 ,
3257 865 3348 919 sed

35 932 319 1003 ιχέωςο
370 934 522 989 πίνει
548 953 636 1001 τις
676 937 842 991 πολὺν
865 934 1026 1007 οἶνον,
1060 940 1136 1013 μὴ
1161 941 1322 1021 εἴπῃς
1356 944 1439 998 ὅτι
1472 962 1551 999 κατ

1829 948 1927 1002 ιιοά
1966 948 2244 1017 celeriter;
2281 949 2417 1005 bibit
2444 952 2643 1020 aliquis
2676 954 2904 1008 multum
2937 954 3068 1019 vini,
3104 970 3171 1009 ne
3194 944 3345 1010 dixe-

35 1024 168 1117 De)?
219 1026 322 1117 ὅτι
364 1027 561 1096 πολὺν,
606 1029 773 1102 πρινὴ
808 1031 918 1103 γὰρ
962 1031 1056 1087 τοῦ
1088 1034 1290 1103 γνῶναι
1333 1035 1395 1089 τὸ
1427 1038 1551 1109 πρᾶε

1834 1054 1893 1104 s,
1932 1039 2077 1107 quod
2111 1040 2272 1104 male,
2308 1057 2495 1096 verum
2535 1043 2678 1117 qqod
2726 1045 2991 1114 multum;
3032 1049 3345 1117 priusquam

35 1114 236 1173 εόθεν
257 1115 438 1172 οἶσθα
449 1121 496 1173 εί
516 1120 705 1185 κακῶς
721 1140 737 1187 ;
754 1122 942 1189 Οὕτως
955 1124 1017 1179 οὐ
1035 1124 1373 1197 συμϐήσεταί
1399 1143 1480 1180 σοι
1506 1127 1551 1181 ά]

1832 1128 1923 1181 tim
1957 1144 2071 1183 rem
2123 1131 2452 1200 dignoveris,
2506 1114 2646 1190 unde
2679 1137 2788 1192 scis
2818 1138 2864 1192 si
2895 1139 3067 1193 male?
3116 1138 3206 1194 Sic
3239 1156 3348 1195 non

35 1204 157 1261 ιὶν
220 1209 555 1278 φαντασίας
586 1211 999 1284 καταληπτικάς
1031 1213 1332 1287 λαμϐάνειν
1356 1259 1371 1285 ,
1405 1217 1551 1272 ἄλλοι

1833 1221 2055 1292 mtinget
2087 1222 2183 1277 tibi
2230 1226 2451 1294 assequi
2496 1226 2725 1281 aliorum
2771 1228 3183 1300 imaginationes
3217 1212 3349 1286 con?

35 1300 621 1368 τυγκατατίθεσθαι.

1834 1313 2127 1370 'ehensioni
2163 1316 2460 1387 subjectas,
2495 1328 2589 1373 aut
2618 1320 2672 1374 in
2699 1322 2939 1378 eamdem
2967 1323 3196 1379 aliorum
3224 1340 3350 1380 sen-

1779 1408 2001 1464 tentiam
2032 1408 2383 1465 descendere.

685 1497 941 1555 ΚΕΦΔΛ.
972 1497 1090 1555 SE‘.

2338 1521 2567 1581 CAPUT
2619 1523 2777 1581 LXV.

120 1607 442 1680 Μηδαμοῦ
469 1610 694 1666 σεαυτὸν
727 1613 890 1686 εἴπῃς
920 1613 1231 1685 φιλόσοφον,
1269 1615 1407 1689 μηδὲ
1432 1616 1585 1673 λάλει
1618 1637 1636 1673 ιι

1858 1633 2059 1694 Nullibi
2107 1636 2490 1709 philosophum
2528 1640 2758 1710 teipsum
2793 1639 2995 1696 dixeris
3019 1680 3034 1706 ,
3074 1656 3174 1696 nec
3205 1643 3347 1712 apud

35 1701 217 1754 πολὺ
242 1702 306 1755 ὲν
340 1700 585 1767 ἰδιώταις
613 1704 745 1775 περὶ
771 1706 883 1762 τῶν
907 1707 1298 1780 θεωρημάτων·
1331 1705 1441 1765 οἷον
1470 1714 1551 1767 ὲνι

1829 1729 2067 1798 nperitos
2107 1700 2359 1799 plebeios
2398 1700 2629 1785 multum
2680 1731 2889 1799 garrias
2922 1732 2988 1788 de
3019 1700 3345 1803 speculaiio-

35 1793 287 1864 ποσίῳ,
348 1794 430 1866 μὴ
458 1794 585 1866 λέγε
618 1796 736 1863 πῶς
763 1798 843 1852 δεῖ
871 1798 1092 1867 ἐσθίειν,
1118 1801 1235 1857 ἀλλ’
1268 1802 1414 1857 ἔσθιε
1448 1805 1524 1869 ὡς

1828 1821 1971 1889 ibus;
2008 1823 2175 1889 velut,
2214 1823 2268 1877 in
2294 1823 2542 1878 convivio
2571 1839 2639 1879 ne
2669 1824 2819 1879 dicas
2849 1828 3119 1897 quomodo
3161 1841 3344 1882 come-

40 1884 371 1984 μέμνησο⁸
396 1887 506 1960 γὰρ
546 1889 632 1945 ὅτι
676 1889 848 1955 οὕτως
887 1892 1266 1966 ἀφῃρήκεισαν
1309 1898 1358 1950 οί
1407 1897 1556 1967 φιλόσ

1828 1929 1911 1969 ere
1951 1923 2186 1984 oportet,
2231 1914 2324 1971 sed
2357 1916 2577 1971 comede
2616 1923 2675 1971 ut
2720 1916 2873 1971 decet
2908 1934 3157 1972 :memor
3200 1920 3344 1973 enim

38 1978 443 2049 πανταχόθεν
469 1980 532 2034 τὸ
561 1981 930 2039 ἐπιδεικτικὸν
967 1984 1108 2040 ὥστε
1141 1987 1377 2059 ἤρχοντο
1409 1989 1548 2061 πρὸς

1831 2012 1921 2068 sto,
1954 2006 2099 2071 quod
2138 2004 2210 2059 ita
2247 2007 2589 2062 sustulerunt
2642 2007 2999 2078 undecunque
3030 2011 3347 2064 ostentatio-

46 2072 219 2134 τοὺς
259 2071 587 2144 βουλόμενοι
623 2076 714 2130 ὐπ’
767 2078 951 2132 αὐτῶν
980 2072 1276 2150 ’φιλόσοφοι
1330 2083 1562 2153 συσταθῆ

1831 2111 1906 2151 em
1932 2097 2261 2168 philosophi,
2282 2108 2340 2154 ut
2364 2114 2487 2154 cum
2508 2099 2574 2153 ad
2600 2099 2747 2168 ipsos
2772 2071 3089 2156 accederent
3109 2103 3200 2173 qui
3228 2103 3347 2173 phic

50 2166 340 2219 κακεῖνοι
371 2166 661 2239 ἀπήγαγον
681 2170 898 2237 αὐτούς.
923 2170 1108 2238 Οὕτως
1133 2174 1409 2246 ἠνείχοντο
1436 2193 1566 2247 παρι

1830 2166 1995 2258 isophi
2057 2190 2126 2244 ab
2148 2166 2236 2245 viis
2282 2190 2488 2245 institui
2548 2166 2821 2259 volebant,
2870 2193 2946 2247 illi
2996 2166 3346 2265 depellerent,

62 2275 277 2328 μενοι·
1787 2281 1879 2337 isti
1904 2290 2084 2336 autem
2118 2281 2193 2335 ita
2215 2280 2515 2353 perferrent
2553 2283 2799 2353 neglecti.

680 2378 1103 2450 KEQAA.aqn

2350 2394 2575 2452 CAPUT
2612 2397 2794 2453 LXVI.

162 2488 336 2543 Ὠστε
371 2488 479 2545 κᾶν
522 2491 651 2564 περὶ
680 2490 1037 2565 θεωρήματός
1084 2511 1229 2559 τινος
1258 2495 1475 2568 ἐμπέσῃ
1516 2497 1676 2567 λόγος

1858 2488 2043 2560 Itaque
2068 2489 2318 2559 quamvis
2345 2491 2487 2560 apud
2528 2491 2765 2561 plebeios
2795 2506 2978 2547 sermo
3006 2492 3254 2547 inciderit
3283 2493 3352 2549 de

70 2580 148 2634 ιν
184 2578 450 2645 ίδιώταις.
483 2580 661 2637 σιώπα
709 2583 769 2638 τὸ
794 2584 953 2640 πολύ.
985 2585 1178 2654 Μέγας
1221 2587 1329 2659 γὰρ
1362 2588 1391 2640 ὁ
1442 2589 1586 2643 κίνδυ

1833 2582 1968 2652 liqua
1998 2583 2390 2652 speculatione,
2434 2584 2591 2655 351
2634 2585 2734 2641 sile
2768 2596 2827 2640 ut
2856 2586 3182 2657 plurimum;
3234 2603 3349 2641 ma-

76 2671 263 2737 esse;
309 2672 508 2745 ἐμέσαι
548 2673 586 2729 ἃ
617 2673 719 2728 οὐκ
762 2674 989 2747 ἔπεψας,
1030 2678 1125 2731 καὶ
1155 2678 1284 2732 ὅταν
1325 2680 1454 2752 εῐπῃ
1496 2681 1579 2734 σοί

1834 2690 1954 2728 num
1994 2690 2188 2745 nempe
2233 2675 2530 2746 periculum
2581 2684 2664 2732 est
2703 2678 2884 2732 statim
2931 2693 3180 2732 evomere
3228 2694 3350 2747 quae

78 2765 181 2819 ὅτι
224 2764 381 2819 οὐδὲν
429 2760 625 2835 οἶσθα,
660 2767 757 2822 καὶ
789 2768 855 2821 σὺ
906 2768 981 2840 μὴ
1019 2770 1264 2842 δειχθῇς·
1300 2771 1422 2825 τότε
1467 2773 1573 2827 ῐσθι

1830 2782 1896 2820 on
1948 2766 2288 2833 concoxisti;
2338 2776 2391 2821 et
2443 2768 2661 2837 quando
2712 2768 2807 2823 tibi
2847 2768 2990 2823 dicet
3038 2769 3346 2839 quispiam,

83 2855 247 2927 ἄρχῃ
286 2854 382 2910 τοῦ
425 2855 611 2929 ἔργον
643 2859 767 2913 ἐπεὶ
804 2860 900 2914 καὶ
944 2862 1011 2916 τά
1077 2863 1329 2933 πρόϐατα
1374 2865 1435 2918 οὐ

1832 2860 1931 2915 uod
1962 2859 2093 2914 nihil
2123 2860 2250 2926 scis,
2292 2868 2347 2915 et
2397 2869 2451 2915 tu
2505 2876 2611 2915 non
2656 2861 2993 2924 ostenderis,
3027 2862 3163 2915 scito
3198 2872 3348 2928 tunc,

89 2948 339 3021 φέροντα
360 2952 473 3015 τοῖς
489 2951 742 3024 ποιμέσιν
766 2953 1092 3010 ἐπιδεικνύει
1116 2956 1278 3011 πόσον
1305 2957 1526 3027 ἔφαγεν,
1551 2959 1605 3013 ἁ]

1835 2952 1934 3007 uod
1982 2951 2307 3021 principium
2358 2952 2540 3022 operis
2587 2960 2705 3017 est;
2739 2952 3176 3022 quandoquidem
3222 2968 3351 3008 oves

94 3041 207 3113 τὴν
242 3043 415 3116 νομὴν
468 3042 577 3098 ἔσω
649 3044 917 3115 πέψαντα,
980 3048 1115 3119 ἐρίῳ
1177 3048 1281 3113 ἔξω
1348 3048 1528 3120 φέρει,
1590 3069 1610 3105 ε

1831 3059 1899 3098 on
1968 3043 2258 3100 ostendunt
2294 3043 2605 3113 pastoribus
2649 3054 2910 3112 quantum
2972 3044 3347 3109 comederint,

98 3133 361 3202 γάλακτι.
409 3133 519 3189 Καὶ
578 3134 642 3189 σύ
692 3135 871 3189 τοίνυν
926 3136 1000 3209 μὴ
1047 3137 1118 3191 τά
1184 3130 1519 3211 θεωρήματά
1571 3158 1614 3194 τι

1836 3135 2008 3189 erbam
2044 3134 2402 3204 proferentes,
2432 3135 2526 3191 sed
2574 3135 2713 3200 lana,
2762 3150 2825 3190 ac
2873 3135 3012 3190 lacte
3046 3135 3352 3205 producunt

108 3224 353 3291 ἰδιώταις
392 3225 740 3294 ὲπιδείκνυε,
779 3227 915 3282 ἁλλὰ
954 3228 1024 3284 τὰ
1060 3230 1157 3284 ἀπ’
1189 3231 1371 3285 αὐτῶν
1410 3231 1624 3301 πεφθέψ

1831 3226 1922 3282 πίε
1952 3226 2210 3296 pabulum
2235 3265 2251 3291 ,
2298 3242 2423 3281 cum
2470 3227 2616 3281 intus
2657 3228 3025 3284 concoxerim.
3066 3228 3253 3296 Itaque
3292 3237 3347 3281 tu

112 3318 276 3390 ἔργα.
1788 3333 2011 3389 quoque
2051 3333 2121 3372 ne
2150 3319 2258 3372 cito
2306 3318 2574 3388 imperitis
2622 3318 3018 3388 speculationes
3067 3318 3348 3385 exhibeas,

1786 3409 1880 3463 sed
1936 3423 2101 3479 opera
2142 3408 2212 3463 ab
2256 3407 2323 3463 iis
2373 3407 2615 3479 (scilicet
2665 3407 3159 3479 speculationibus)
3212 3422 3350 3463 con-

1788 3506 1961 3555 cocta.
2296 3550 2303 3557 .

709 3612 957 3667 ΚΕΦΔΛ.
992 3609 1108 3672 ΞΖ’.

2331 3608 2560 3667 CAPUT
2598 3608 2803 3666 LXVII.

202 3706 363 3761 Ὀταν
386 3705 616 3772 εὐτελῶς
649 3702 701 3761 εἷ
724 3708 1068 3779 ἡρμοσμένος
1103 3707 1171 3762 τά
1213 3709 1357 3764 κατὰ
1396 3711 1576 3783 σῶμα,
1614 3714 1688 3799 μὴ

1859 3702 2090 3771 Quando
2128 3701 2360 3758 tenuiter
2397 3702 2666 3772 aptaveris
2706 3716 2806 3767 ea,
2864 3715 2987 3772 quae
3031 3699 3099 3756 ad
3150 3714 3348 3771 corpus

132 3798 459 3865 καλλωπίζου
492 3800 584 3854 ἐπὶ
622 3798 817 3871 τούτῳ.
852 3799 990 3870 Μηδ*
1029 3799 1097 3854 ἂν
1130 3798 1276 3873 ὕδωρ
1302 3801 1463 3875 πίνης
1488 3805 1552 3858 ἐκ
1581 3791 1648 3859 πό

1832 3797 2076 3860 ertinent,
2102 3810 2171 3851 ne
2214 3794 2461 3865 glorieris
2502 3808 2665 3863 super
2712 3794 2847 3861 hoc;
2882 3802 2933 3849 et
2968 3791 3016 3877 si
3060 3808 3123 3846 ex
3156 3793 3348 3862 quavis

138 3911 235 3964 σης
266 3893 508 3965 ἀφορμῆς
551 3892 696 3962 λέγε,
732 3892 814 3945 ὅτι
864 3890 1009 3963 ὕδωρ
1054 3892 1253 3959 πίνεις,
1300 3893 1404 3949 κᾶν
1453 3896 1654 3967 άσκῆσο

1833 3886 2078 3943 ccasione
2116 3901 2314 3956 aquam
2345 3885 2523 3949 bibas,
2554 3899 2622 3938 ne
2651 3883 2819 3947 dicas,
2850 3883 2996 3954 quod
3042 3898 3237 3954 aquam
3268 3882 3349 3938 bi-

138 4002 262 4038 ποτε
287 3983 411 4055 πρὸς
454 3983 613 4038 πόνον
648 3983 877 4054 θελήσῃς
918 3981 1130 4053 σεαυτῷ
1159 3983 1255 4037 καὶ
1298 3985 1373 4056 μὴ
1405 3988 1519 4049 τοῖς
1563 3986 1654 4053 ἕξιι

1830 3972 1912 4039 is;
1944 3987 2180 4042 cumque
2210 3972 2278 4028 ad
2308 3973 2521 4027 labores
2554 3971 2793 4026 exerceri
2815 3972 3070 4037 volueris,
3103 3972 3194 4026 tibi
3222 3972 3346 4042 ipsi,

140 4077 229 4148 Μὴ
252 4078 364 4141 τοὺς
395 4075 713 4148 ἀνδριάντας
740 4073 1113 4146 περιλάμϐανε
1132 4114 1147 4137 ,
1182 4074 1318 4129 ἀλλὰ
1347 4076 1516 4147 διψῶν
1557 4094 1656 4132 ποτ

1834 4073 1844 4119 ι
1881 4078 1990 4117 non
2026 4063 2153 4131 his,
2201 4064 2294 4133 qui
2350 4073 2477 4119 sunt
2521 4064 2760 4118 exterius
2794 4065 2845 4119 id
2884 4074 3069 4120 notum
3116 4064 3230 4132 fac;
3281 4080 3350 4121 ne

145 4167 389 4239 σφοδρῶς,
440 4168 740 4222 ὲπίσπασαι
775 4165 980 4238 ψυχροῦ
1022 4163 1235 4233 ὕδατος,
1279 4168 1374 4223 καὶ
1398 4168 1661 4224 ἐκπτυσον

1835 4158 2137 4228 mplectaris
2189 4166 2436 4225 statuas,
2488 4157 2585 4214 sed
2633 4159 2953 4229 quandoque
3006 4158 3351 4215 vehementer

146 4260 241 4315 καὶ
262 4262 433 4333 μηδενὶ
463 4263 645 4335 εἴπῃς.
1234 4327 1239 4339 ι

1833 4249 2007 4315 itiens,
2051 4249 2209 4305 hauri
2244 4248 2493 4319 frigidam
2535 4263 2753 4320 aquam,
2782 4258 2836 4304 et
2873 4264 3069 4321 expue,
3114 4249 3349 4319 nemini-

1720 4396 1768 4455 Β
1792 4356 1900 4413 que
1938 4342 2162 4398 dixeris.

699 4465 1114 4521 KEoAA.sHu
1722 4450 1752 4455 “

1722 4450 1752 4455 ﬁ
2322 4450 2546 4509 CAPUT
2583 4451 2809 4509 LXVIII.

233 4552 438 4608 ’ἰδιώτου
476 4553 684 4618 στάσις,
724 4555 817 4608 καὶ
844 4554 1151 4627 χαρακτὴρ,
1189 4552 1446 4624 οὐδεμίαν
1476 4553 1607 4606 ποτὲ
1634 4550 1694 4617 ἐξ

1864 4545 2086 4609 Plebeii,
2117 4545 2237 4602 sive
2267 4544 2500 4616 imperiti
2533 4554 2726 4611 status,
2745 4554 2799 4601 et
2836 4556 2962 4601 nota
2988 4547 3219 4603 :nullam
3246 4564 3349 4603 un-

157 4647 329 4703 ἑαυτοῦ
359 4647 627 4719 προσδοκᾷ
653 4645 916 4716 ὠφέλειαν
937 4690 952 4715 ,
982 4646 1016 4720 ἥ
1055 4646 1282 4718 βλάϐην,
1311 4645 1429 4701 ἀλλ’
1460 4645 1567 4699 ἀπὸ
1583 4643 1673 4697 τῶι

1834 4652 1957 4693 uam
2003 4652 2069 4692 ex
2105 4636 2288 4706 seipso
2321 4643 2600 4707 exspectat
2630 4636 2916 4693 utilitatem
2940 4677 2957 4702 ,
2991 4646 3084 4695 aut
3128 4656 3348 4706 noxam,

159 4738 272 4803 ἔξω.
308 4737 585 4807 Φιλοσόφου
632 4737 840 4801 στάσις,
868 4736 963 4791 καὶ
993 4737 1281 4808 χαρακτήρ
1328 4736 1511 4791 πᾶσαν
1548 4731 1675 4802 ώφὲ·

1835 4730 1888 4785 ed
1921 4728 1991 4783 ab
2028 4726 2137 4793 his,
2174 4742 2296 4798 qua:
2336 4737 2465 4783 sunt
2497 4736 2671 4784 extra.
2716 4728 3037 4801 Philosophi
3069 4730 3309 4786 conditio
3335 4773 3351 4799 ,

159 4832 311 4900 λειαν,
337 4830 423 4884 καὶ
454 4828 680 4901 βλάϐην,
705 4827 765 4895 ἐξ
792 4830 985 4883 ἑαυτοῦ
1017 4828 1312 4902 προσδοκᾷ.

1839 4820 2137 4876 ιὶιιιιίοἰιιῐη
2191 4836 2409 4877 omnem
2443 4821 2748 4889 utilitatem,
2785 4832 2840 4879 et
2878 4838 3076 4878 noxam
3112 4838 3144 4878 a
3170 4824 3355 4896 seipso

1793 4920 2089 4984 exspectat.

705 5026 956 5081 ΚΕΦΑΛ.
989 5024 1107 5082 ΞΘ’.

2344 5024 2574 5082 CAPUT
2613 5025 2798 5083 LXIX.

232 5122 437 5193 Σημείον
481 5119 882 5193 προκόπτοντος
930 5120 1125 5176 οὐδένα
1161 5118 1320 5190 ψέγει
1366 5118 1691 5191 προχείρως,

1865 5118 2091 5191 Signum
2120 5117 2451 5188 proﬁcientis
2486 5120 2794 5176 :neminem
2831 5121 3177 5192 reprehendit
3222 5136 3355 5177 con-

171 5213 336 5269 οὐδένα
358 5212 638 5285 μέμφεται,
659 5211 833 5266 οὐδενὶ
852 5212 1096 5281 ἐγκαλεῖ,
1117 5212 1217 5267 κάν
1245 5228 1330 5275 τις
1357 5211 1516 5265 αὐτὸν
1536 5213 1687 5265 ὲπαι-

1834 5210 2013 5277 :stim,
2060 5210 2326 5265 neminem
2369 5209 2573 5276 laudat,
2611 5210 2677 5266 de
2718 5212 2934 5268 nemine
2969 5211 3350 5281 conqueritur,

174 5308 253 5377 νῇ,
288 5306 536 5377 καταγελᾷ
578 5302 672 5359 τοῦ
718 5305 1066 5370 ἐπαινοῦντος
1101 5306 1264 5360 αὐτὸν
1312 5304 1443 5376 παρ’
1483 5304 1690 5376 ἑαυτῷ,

1837 5312 2017 5361 ccusat
2051 5302 2360 5370 neminem;
2395 5310 2447 5357 et
2478 5303 2522 5359 si
2564 5302 2688 5374 quis
2720 5303 2897 5373 ipsum
2933 5303 3168 5359 dilaudet
3191 5341 3207 5367 ,
3257 5304 3353 5357 de-

178 5399 266 5454 κᾶν
289 5399 407 5471 ψέγῃ
431 5400 533 5454 οὐκ
574 5398 945 5469 ἀπολογεῖται.
976 5400 1220 5471 Περίεισι
1262 5398 1320 5453 δὲ
1362 5397 1612 5471 καθάπερ
1646 5400 1694 5452 οί

1837 5397 1933 5453 idet
1962 5395 2122 5468 352
2154 5395 2295 5467 apud
2330 5397 2572 5466 seipsum
2611 5396 3026 5460 dilaudatorem,
3063 5404 3117 5449 et
3154 5395 3198 5451 si
3232 5395 3353 5464 quis

124 5546 129 5555 ην
180 5492 404 5563 ἄρρωστοι
424 5490 807 5563 εὐλαϐούμενοί
835 5510 887 5548 τι
910 5492 1130 5565 κινῆσαι
1149 5491 1259 5548 τῶν
1281 5489 1640 5562 καθισταμένι

1836 5486 2175 5556 reprehendat,
2209 5500 2313 5540 non
2349 5500 2408 5541 se
2429 5486 2706 5552 defendit;
2734 5486 2985 5541 circumit
3008 5501 3133 5540 vero
3160 5501 3352 5554 quem-

102 5574 115 5619 ί
186 5583 295 5654 πρὶν
318 5583 455 5653 πῆξιν
482 5581 692 5638 λαϐεῖν.

1833 5578 2088 5633 dmodum
2132 5576 2355 5643 inﬁrmi,
2410 5577 2507 5647 qui
2557 5586 2751 5632 cavent
2785 5592 2854 5633 ne
2899 5576 3027 5647 quid
3077 5577 3347 5633 stabilium

1798 5678 2189 5737 commoveaut,
2224 5680 2510 5741 antequam
2550 5677 2835 5728 resumam
2867 5669 3207 5726 soliditatem.
