3838 6056
502 311 638 378 1319

495 425 676 481 verbis
726 439 848 480 esse
892 423 1202 481 sollicitum.
1247 424 1380 481 Cavi
1433 433 1638 484 tamen.
1685 419 1867 491 quoad
1913 417 2064 488 potui

495 517 800 586 diligenter,
832 517 977 587 quod
1011 527 1231 573 sanctus
1259 515 1554 586 Gregorius
1578 513 1806 585 Magnus
1829 511 1898 566 ad
1925 511 2064 566 Nar-

495 623 590 662 sen
636 609 879 664 scribens
937 609 1032 664 lib.
1079 625 1155 672 vi,
1203 610 1362 679 epist.
1420 610 1512 674 27,
1552 606 1929 676 conqueritur,
1963 617 2066 660 suo

493 708 734 768 tempore
781 699 837 753 in
891 701 1112 757 civitate
1168 700 1799 770 Coustantinopolitana,
1852 697 1945 768 qui
1998 696 2066 749 de

489 789 680 845 Graeco
712 791 766 844 in
804 791 1080 857 Latinum,
1119 803 1173 848 et
1202 794 1266 846 de
1286 791 1476 847 Latino
1504 792 1558 846 in
1584 791 1829 846 Graecum
1863 790 2064 844 dictata

487 881 626 936 bene
666 880 1016 949 transferant,
1078 883 1223 938 viros
1254 898 1360 938 non
1392 880 1594 948 fuisse;
1635 883 1750 936 cavi
1797 880 2065 952 (inquam)

490 990 559 1029 ne
583 974 724 1030 sicut
762 974 859 1038 illi,
888 973 1017 1029 dum
1059 975 1223 1030 verba
1256 975 1615 1037 custodirem,
1659 983 1714 1028 et
1743 989 1938 1029 sensus
1963 973 2067 1027 mi-

487 1067 635 1121 nimc
675 1067 1046 1134 attenderem,
1094 1081 1196 1120 nec
1234 1067 1397 1122 verba
1445 1065 1669 1136 intelligi
1709 1065 1972 1131 facerem,
2011 1073 2066 1120 et

486 1173 682 1214 sensus
709 1158 1040 1228 frangerem;
1073 1167 1237 1228 utque
1257 1159 1448 1214 scribit
1480 1167 1702 1214 sanctus
1731 1157 1972 1212 Hilarius
2003 1158 2057 1212 in

487 1251 586 1306 lib.
637 1252 714 1304 De
755 1252 990 1320 synodis,
1035 1269 1098 1308 ex
1148 1253 1340 1308 Graeco
1377 1252 1430 1306 in
1460 1250 1712 1306 Latinum
1745 1251 1812 1306 ad
1839 1250 2062 1305 verbum

483 1357 738 1412 expressa
783 1343 1067 1398 translatio
1107 1344 1262 1399 affert
1298 1344 1618 1414 plerumque
1641 1343 2053 1407 obscuritatem,

481 1433 610 1486 dum
659 1435 926 1490 custodita
972 1434 1263 1488 verborum
1299 1434 1516 1488 collatio
1560 1431 1803 1489 eamdem
1845 1433 2064 1488 absolu—

484 1522 691 1577 tionem
746 1539 852 1578 uou
903 1532 1082 1594 potest
1127 1523 1194 1578 ad
1245 1521 1612 1592 intelligentia:
1660 1519 2058 1590 simplicitatem

481 1628 826 1671 conservare.

549 1706 874 1764 Versionum
921 1707 1172 1779 equidem
1236 1708 1477 1778 quinque
1530 1715 1658 1761 sunt
1706 1721 1926 1778 genera.
1960 1704 2055 1772 Ea,

478 1815 600 1870 qua:
653 1813 878 1856 vocatur
933 1801 1074 1854 κατὰ
1130 1786 1309 1864 λέξιν,
1372 1816 1403 1852 a
1450 1797 1858 1868 jurisconsultis
1915 1797 2057 1851 κατά

459 1891 664 1957 πόδας,
701 1891 1077 1963 interpretatio
1115 1889 1183 1944 ad
1216 1891 1462 1955 verbum,
1494 1891 1561 1943 ad
1609 1889 1938 1956 dictionem,
1988 1889 2052 1943 ad

473 1980 730 2048 litteram,
758 1999 920 2054 quam
953 1992 1011 2037 ut
1042 1982 1377 2038 securiorem
1406 1980 1749 2038 Justiniauus
1773 1979 2053 2052 Augustus

475 2072 658 2126 sanxit
693 2082 904 2127 tantum
939 2072 1332 2142 usurpandam.
1380 2072 1619 2127 Sanctus
1664 2081 1846 2128 autem
1883 2073 2051 2127 Atha‘

477 2163 667 2217 nasius
695 2161 866 2232 Epist.
906 2163 971 2218 ad
1015 2161 1314 2217 Marcellini.
1344 2161 1420 2214 De
1457 2161 1668 2216 Psalm.
1717 2163 2050 2232 interpretat.

473 2267 540 2308 ex
573 2269 624 2308 c.
670 2269 730 2308 Ill
780 2255 949 2324 Epist.
983 2255 1157 2309 sancti
1202 2253 1354 2310 Pauli
1393 2255 1460 2309 ad
1501 2253 1740 2310 Timoth.
1779 2255 2054 2324 accepisse

473 2361 503 2400 a
534 2359 662 2400 sene
693 2344 996 2416 φιλοπόνῳ,
1042 2345 1094 2399 id
1125 2355 1206 2400 est
1235 2345 1436 2402 laboris
1473 2354 1737 2411 amatore,
1777 2349 1869 2417 qui
1897 2348 2050 2404 Psal-

472 2436 670 2490 terium
703 2437 942 2505 tenebat,
985 2436 1132 2492 istud
1165 2437 1556 2517 documentum
1596 2438 1863 2498 allirmat:
1893 2441 2052 2496 Πᾶσα

470 2529 580 2599 γὰρ
635 2523 701 2602 (ὦ
746 2530 1024 2602 τέκνον)ή
1076 2531 1198 2586 καθ’
1251 2533 1397 2604 ἡμᾶς
1451 2533 1641 2605 Γραφὴ
1676 2531 1891 2588 Παλαιὰ
1950 2535 2048 2587 καὶ

468 2622 648 2693 Καινὴ
729 2622 1080 2688 θεόπνευστός
1159 2627 1296 2691 ἐστι,
1380 2626 1476 2680 καὶ
1551 2625 1825 2698 ὠφέλιμος
1912 2626 2050 2698 πρὸς

465 2712 834 2781 διδασκαλίαν,
873 2715 948 2778 ὡς
985 2716 1316 2787 γέγραπται.
1348 2715 1404 2771 Id
1422 2725 1524 2772 est:
1569 2715 1754 2772 Omnis
1799 2717 1939 2773 enim
1983 2718 2048 2788 (ο

463 2803 578 2874 ﬁli)
613 2805 892 2876 Scriptura
933 2808 1037 2860 siue
1072 2824 1224 2875 nova,
1265 2809 1372 2862 sive
1401 2819 1546 2863 uetus
1580 2807 1831 2863 Numinis
1865 2811 2047 2882 afﬂatu

464 2897 718 2951 instincta
760 2898 979 2968 prodiit,
1024 2909 1072 2954 et
1123 2901 1311 2954 idonea
1339 2912 1416 2956 est
1457 2902 1526 2954 ad
1567 2901 1907 2956 erudiendum
1949 2902 2044 2956 sub

462 3005 524 3044 ea
571 2981 742 3058 forma
783 2993 1048 3061 specieque
1078 2993 1374 3061 verborum,
1399 3011 1505 3065 qua
1545 3008 1820 3064 concepta,
1851 3003 1900 3050 et
1927 3011 2047 3049 con-

442 3081 662 3149 .srripta
691 3091 801 3135 est:
829 3083 970 3136 unde
998 3082 1285 3138 litteralem
1316 3085 1622 3139 versionem
1654 3084 1769 3139 fore
1795 3085 1849 3138 in
1873 3086 2045 3141 sacris

463 3171 650 3228 Bibliis
696 3174 956 3243 potiorem
1000 3173 1190 3243 liquet,
1243 3175 1472 3245 ideoque
1521 3175 1830 3246 vulgatam,
1861 3185 1916 3232 et
1951 3190 2046 3230 ve-

463 3275 632 3320 terem
665 3264 910 3320 Latinam
948 3266 1173 3336 reliquis
1204 3261 1616 3336 pratferendam.

536 3357 628 3410 Est
675 3369 731 3413 et
778 3356 1094 3427 Ecphrasis,
1142 3357 1380 3412 elocutio
1424 3358 1654 3423 scilicet,
1698 3373 1820 3428 quae
1859 3368 2044 3413 narrat

462 3450 767 3518 perspicue,
809 3449 880 3504 ita
935 3459 996 3504 ut
1034 3451 1236 3519 pictum
1280 3450 1535 3520 graphice
1576 3449 1852 3516 videatur,
1897 3450 2044 3520 quod

460 3539 716 3608 eﬂ'ertur,
759 3543 1208 3612 exprimaturque
1259 3543 1330 3598 ob
1380 3545 1569 3599 oculos
1616 3545 1897 3615 positum,
1946 3544 2041 3600 sed

461 3633 553 3694 illa
595 3649 699 3686 non
732 3645 816 3688 est
846 3635 1137 3699 utendum,
1175 3637 1265 3692 ubi
1297 3638 1531 3693 brevitas
1559 3648 1645 3693 est
1677 3637 1934 3692 dilucida.

535 3722 901 3794 Periphrasis,
930 3725 1190 3782 addenda:
1217 3727 1373 3794 lucis,
1415 3738 1509 3784 aut
1553 3728 1894 3786 necessitatis
1919 3744 2042 3800 gra-

460 3816 556 3878 tia,
589 3817 1023 3885 circumlocutio,
1056 3828 1111 3874 et
1139 3821 1424 3876 circuitus.

531 3906 907 3979 Paraphrasis,
943 3911 1106 3966 latior
1151 3913 1440 3983 expositio,
1487 3930 1607 3984 quae
1659 3916 1901 3972 admittit
1955 3918 2041 3972 lu-

440 3999 606 4058 .mina
641 4001 975 4072 exornanda:
1015 4003 1301 4071 orationis,
1354 4004 1634 4064 schemata
1679 4022 1776 4064 seu
1815 4009 2037 4080 liguras,

461 4102 669 4160 tropos,
713 4101 878 4163 atque
917 4095 1285 4165 metaphoras.
1664 4104 1665 4107 ‘

525 4185 882 4257 Metaphrasis
915 4196 1000 4243 est
1026 4187 1398 4259 interpretatio
1442 4205 1562 4261 qua:
1603 4193 1918 4262 paraphrasi
1957 4202 2040 4249 est

453 4278 730 4333 astrictior
753 4318 769 4345 ,
807 4279 950 4336 sicut
985 4287 1068 4335 est
1095 4279 1315 4336 liberior
1353 4293 1408 4337 et
1449 4282 1701 4338 diffusior
1745 4299 1909 4354 quam
1968 4285 2040 4341 sit

454 4371 726 4428 litterulis.

436 4513 440 4516 .
522 4465 650 4520 Haec
675 4474 858 4520 autem
892 4465 1003 4522 fere
1030 4483 1225 4538 genera
1259 4469 1533 4522 variarum
1572 4471 1883 4526 versionum
1909 4486 2040 4526 enu-

453 4566 628 4613 merat
661 4555 986 4614 GodefriJus
1019 4558 1341 4614 Tilmauuus
1370 4559 1768 4617 Carthusianus
1813 4562 1866 4617 in
1906 4561 2036 4634 Epi-

434 4649 594 4704 .stola
649 4650 1069 4720 nuncupatoria,
1111 4666 1276 4721 quam
1329 4653 1397 4706 ad
1425 4651 1730 4709 Pandecten
1780 4655 2033 4711 Antiochi

451 4738 748 4795 Laureusis
771 4742 1020 4811 praefixit,
1049 4752 1105 4797 et
1133 4758 1192 4797 ea
1225 4744 1555 4815 colliguntur
1574 4763 1638 4800 ex
1671 4745 2031 4816 Quintiliano,

430 4823 490 4885 .1.
516 4847 636 4895 vm,
667 4847 716 4888 c.
746 4833 800 4900 6;
827 4843 880 4888 et
903 4833 942 4887 ι.
971 4850 1026 4900 x,
1050 4850 1100 4890 c.
1133 4835 1166 4888 5
1199 4834 1438 4891 lnstitut.
1465 4848 1667 4894 orator.

525 4923 799 4994 luterpres
825 4925 903 4997 (ut
932 4930 1156 5001 censeo)
1189 4929 1447 4985 adhibere
1472 4932 1587 4986 haec
1616 4933 1799 4988 omnia
1831 4949 2030 5003 genera

449 5009 628 5077 debet,
656 5023 820 5082 prout
848 5013 959 5073 fert
985 5019 1229 5080 occasio.
1263 5035 1528 5092 mensque
1556 5027 1817 5091 auctoris,
1848 5037 1903 5080 et
1928 5026 2032 5080 lin-

344 5149 348 5153 .
449 5119 570 5174 gnte
598 5107 903 5176 proprietas
953 5111 1143 5181 exigit.
1177 5113 1368 5183 Itaque
1408 5114 1682 5170 interdum
1734 5118 2028 5186 paraphra-

449 5197 604 5262 stice.
636 5201 1028 5270 nonnunquam
1052 5205 1472 5274 metaphrastice
1511 5206 1617 5262 Nili
1648 5207 1936 5274 dictiones,
1975 5217 2031 5263 et

444 5289 694 5357 phrases,
745 5302 912 5364 atque
955 5296 1210 5364 periodos
1241 5298 1401 5364 verti,
1449 5314 1574 5352 raro
1616 5299 2023 5368 periphrastice,

443 5382 625 5438 rarius
653 5386 1008 5454 ecphrastice,
1059 5401 1278 5458 semper
1305 5405 1439 5444 vero
1463 5390 1527 5442 sd
1563 5391 1818 5453 litteram,
1855 5391 2019 5465 595I

425 5487 567 5527 nea
617 5489 784 5530 sensu
831 5477 1180 5542 aberrarem,
1226 5481 1574 5550 potissimum
1641 5484 1850 5548 curavi,
1902 5487 2022 5542 rudi

445 5560 573 5618 licet
613 5567 904 5622 verborum
950 5570 1112 5639 style,
1156 5571 1392 5626 candido
1441 5583 1617 5628 tamen
1653 5583 1708 5630 et
1749 5578 2014 5646 expolito,

429 5653 756 5716 sinceritate
811 5667 972 5727 atquc
1025 5663 1251 5716 veritate
1311 5663 1612 5720 versionem
1675 5669 1835 5722 istam
1897 5683 2017 5724 sum

451 5755 796 5814 prosecutus;
830 5752 1042 5818 pertazsi
1079 5753 1169 5808 alii
1211 5769 1388 5810 meam
1425 5759 1800 5825 rusticitatem,
1835 5761 2001 5816 fontis

1438 311 1583 374 JOS.
1625 306 1888 371 MARIIE
1919 305 2276 369 SUARESII
2316 309 2807 376 DISSERTATIO

3645 313 3772 380 1333

2170 421 2336 494 hujus
2402 423 2640 494 Nilotici,
2711 427 2974 484 hactenus
3039 429 3243 495 abditi,
3301 429 3770 497 fluentoruqu

2168 531 2340 587 aquas
2365 530 2622 592 argenteo
2651 521 2845 579 melius
2876 539 3004 578 vase
3029 523 3404 594 propinandas
3444 521 3768 580 sitientibus

2167 613 2555 669 existimabunt
2586 632 2602 670 :
2633 616 2821 671 calicis
2862 618 3007 672 enim
3039 617 3347 684 idoneitas,
3399 632 3475 673 ut
3529 617 3766 686 loquitur

2167 700 2360 761 Petrus
2407 705 2576 761 abbas
2624 706 2909 770 Cellensis,
2949 708 3044 763 lib.
3090 725 3149 776 ιι,
3187 710 3355 779 epist.
3379 710 3442 775 4,
3494 723 3606 764 seu
3649 724 3764 764 cou-

2168 797 2414 863 gruentia
2458 807 2620 868 auget
2653 799 2970 870 plerumque
3010 802 3244 858 bibentis
3286 802 3684 872 voluptatem,
3718 813 3763 855 et

2165 888 2276 942 vini
2310 889 2525 946 bonitas
2562 893 2825 948 accrescit
2847 908 2912 948 ex
2955 908 3054 948 ea:
3086 893 3202 957 sed,
3231 893 3323 948 cui
3358 894 3464 946 uni
3493 892 3764 960 placuisse

2167 978 2354 1035 laboro
2401 990 2588 1035 sancta
2616 981 2856 1036 Romana
2907 980 3171 1047 Ecclesia,
3224 981 3600 1050 reliquarum
3628 981 3764 1048 prin-

2166 1087 2328 1142 ceps,
2383 1081 2438 1128 et
2485 1074 2764 1146 magistra,
2831 1075 3030 1144 cuique
3077 1073 3369 1129 assiduum
3423 1071 3760 1128 famulatum

2167 1173 2278 1219 tam
2319 1166 2551 1222 libenter
2601 1166 2890 1237 impendo,
2939 1182 3061 1236 quae
3102 1163 3348 1222 Verbum
3403 1166 3760 1219 incarnatus:

2165 1258 2364 1328 pannis
2399 1258 2724 1326 involutum,
2763 1274 2868 1314 non
2907 1258 3207 1326 laciniosis,
3251 1274 3322 1314 ac
3366 1257 3656 1328 pretiosis
3689 1259 3761 1310 iu~

2165 1349 2438 1406 dumentis
2483 1365 2695 1406 summa
2731 1351 3080 1421 simplicitate
3114 1351 3387 1405 divinitus
3426 1349 3641 1404 datum
3676 1367 3759 1404 e1-

2165 1440 2329 1511 cepit,
2368 1451 2529 1512 atque
2558 1442 2729 1508 colit;
2768 1441 2884 1511 ipsa
2922 1456 3080 1512 pura,
3125 1441 3364 1512 integra,
3407 1441 3758 1509 ineat-rupta,

2163 1533 2312 1587 omni
2340 1548 2406 1589 ex
2429 1542 2582 1604 parte
2609 1548 2712 1589 suo
2743 1533 2979 1602 fulgente
3011 1535 3269 1601 candore,
3302 1533 3496 1589 radiis
3533 1532 3758 1600 ejusmet

2162 1623 2459 1690 illustrata,
2501 1627 2730 1681 veritate
2781 1628 2975 1698 gaudet
3004 1628 3125 1682 sine
3169 1625 3320 1692 fuco,
3372 1624 3433 1679 in
3469 1639 3657 1694 eaque
3684 1639 3760 1676 ar-

2161 1716 2410 1786 qniescit.
2442 1734 2540 1774 nec
2577 1719 2930 1790 improbabit,
2960 1728 3019 1774 ut
3047 1720 3261 1790 Opinor,
3298 1733 3447 1774 meae
3496 1715 3757 1772 versiouis

2159 1809 2482 1877 consilium;
2536 1811 2706 1880 ipsius
2761 1826 2956 1882 nempe
2993 1811 3240 1868 calculus
3279 1811 3426 1867 mihi
3482 1811 3636 1865 satis
3673 1824 3757 1863 su-

2159 1914 2364 1970 perque
2395 1900 2576 1970 fuerit,
2619 1903 2967 1974 quantumvis
2994 1904 3155 1960 hodie
3192 1904 3265 1960 sit
3330 1900 3758 1973 periculosioris

2157 1989 2288 2044 alea:
2309 2005 2439 2048 snas
2463 1991 2517 2047 in
2539 1994 2714 2047 lucem
2739 1993 2980 2064 proferre
3009 1993 3422 2050 lucubrationes
3443 2033 3463 2057 ,
3493 2001 3556 2046 et
3586 1991 3758 2059 ingra-

2162 2081 2404 2150 tissimus
2423 2083 2628 2152 passim
2642 2083 2878 2152 jactetur
2904 2085 3056 2139 labor
3078 2085 3477 2154 interpretum-
3516 2080 3756 2137 Cauelnt

2156 2186 2399 2246 mvoAsuo
2424 2172 2710 2230 Lucretius
2737 2174 2855 2246 (lib.
2895 2191 2912 2230 ι
2959 2175 3033 2230 De
3069 2193 3174 2234 rer.
3213 2188 3423 2243 natura,
3471 2191 3636 2231 vers.
3669 2175 3754 2230 157

2154 2238 2297 2337 sqq.)
2321 2283 2335 2318 ε

2226 2377 2339 2452 Nec
2367 2396 2448 2452 me
2475 2379 2642 2434 animi
2671 2379 2819 2452 fallit
2849 2381 3152 2437 ercarum
3181 2383 3410 2437 obscura
3442 2393 3677 2452 reperta

2236 2451 2460 2521 Difﬁcile
2487 2451 2762 2505 illustrare
2791 2451 2998 2507 Latinis
3027 2453 3259 2508 uersibus
3286 2471 3429 2517 esse,

2221 2521 2400 2594 Multa
2429 2524 2575 2577 novis
2603 2523 2769 2576 uerbis
2797 2525 3093 2592 prtesertim
3123 2541 3240 2578 cum
3269 2527 3345 2579 sit
3374 2525 3689 2594 agendum,

2226 2593 2453 2661 Propter
2477 2602 2762 2664 egestatem
2792 2593 2986 2666 lingua:
3033 2605 3083 2648 et
3115 2611 3290 2648 rerum
3318 2593 3662 2649 nouitatem.

2153 2701 2219 2757 Et
2271 2711 2392 2758 erat
2446 2718 2622 2759 aevum
2676 2704 2812 2760 illud
2877 2720 3077 2761 canum
3128 2705 3441 2778 licebatque
3517 2707 3753 2779 prolem

2149 2796 2472 2866 pomoerium
2503 2796 2704 2869 linguae
2753 2796 2974 2863 Latinae,
3009 2807 3063 2854 et
3114 2799 3274 2855 verba
3314 2798 3527 2856 Greca
3555 2802 3755 2854 donare

2147 2887 2365 2942 civitate
2407 2887 2668 2943 Romana.
2717 2887 2999 2958 Praecipue
3040 2887 3416 2944 difﬁcillimum
3473 2900 3593 2956 est,
3624 2892 3751 2960 qud

2147 2996 2210 3036 ex
2274 2981 2498 3052 antiquo
2542 2982 2799 3053 quopiam
2843 2994 2900 3039 et
2963 2983 3167 3039 diserto
3207 2982 3438 3040 doctore
3475 2985 3608 3054 jam
3633 2986 3752 3039 oliui

2147 3073 2354 3129 editum
2414 3074 2486 3130 sit
2533 3089 2600 3130 ex
2651 3084 2823 3145 parte,
2880 3076 2936 3130 in
2987 3076 3223 3131 alienam
3274 3076 3544 3148 linguam
3580 3089 3753 3133 trans-

2147 3162 2410 3232 fundere;
2465 3164 2684 3243 quando
2744 3163 3010 3235 quidquid
3057 3175 3245 3222 sancte
3304 3169 3750 3237 quantumlibe‘,

2147 3272 2212 3312 ac
2247 3273 2369 3312 vere
2412 3257 2634 3323 dixeris,
2669 3257 2785 3328 rapi
2833 3268 3012 3329 potest
3047 3259 3102 3316 in
3149 3260 3458 3331 pessimam
3504 3273 3745 3333 partem;

2148 3345 2309 3399 habet
2341 3346 2540 3400 etenim
2567 3346 2823 3416 qutelibet
2853 3346 3037 3417 lingua
3065 3347 3325 3403 idiomata
3359 3363 3470 3404 sua
3490 3389 3510 3416 ,
3542 3350 3748 3405 nativos

2148 3441 2377 3512 lepores,
2393 3451 2449 3498 et
2465 3443 2716 3514 proprios
2730 3445 3104 3516 χαρακτῆρας,
3125 3454 3308 3516 atque,
3340 3455 3403 3502 ut
3427 3446 3514 3502 ita
3550 3446 3745 3509 dicam,

2145 3536 2353 3606 peculia
2363 3552 2446 3591 res
2457 3537 2722 3608 quosdam
2740 3537 2950 3610 genios,
2967 3553 3107 3610 quos
3117 3539 3229 3606 vix,
3250 3554 3315 3595 ac
3331 3539 3512 3594 nevix
3533 3540 3743 3610 quidem

2146 3627 2198 3682 in
2239 3627 2345 3682 alia
2410 3629 2588 3698 possis
2633 3629 2958 3699 exprimere,
3019 3639 3251 3700 apteque
3297 3644 3740 3700 repraesentare,

2144 3723 2278 3792 quin
2302 3731 2622 3776 extraneum
2643 3722 2846 3788 oleant,
2879 3723 3201 3793 sapiautque
3235 3723 3632 3793 peregrinum.

2215 3815 2346 3881 Qua:
2389 3813 2512 3871 ideo
2558 3815 2775 3886 praefari
2821 3815 3014 3881 libuit,
3075 3827 3132 3872 et
3174 3831 3507 3886 praeponere
3577 3817 3741 3872 instar

2143 3907 2314 3978 clypei
2357 3895 2720 3976 septemplicis
2765 3907 2832 3963 ad
2873 3907 3273 3964 retundendum
3317 3907 3654 3972 Zoilorum,
3694 3917 3739 3961 et

2141 3999 2585 4055 Aristarcborum
2626 4015 2957 4058 sarcasmos.
2995 4003 3158 4059 Plura
3189 4001 3244 4056 iu
3287 4003 3736 4060 Adnotatiouum

2144 4098 2321 4161 libris,
2363 4097 2458 4166 qui
2501 4093 2923 4166 subsequentur,
2958 4097 3106 4152 bono
3141 4111 3266 4152 cum
3301 4094 3436 4160 Deo,
3482 4111 3625 4150 mox
3663 4105 3739 4148 at-

2142 4206 2359 4260 texam;
2387 4207 2532 4248 nunc
2563 4191 2633 4247 ad
2666 4191 2931 4256 ordinem,
2978 4189 3284 4258 seriemque
3317 4187 3734 4258 Opusculorutu

2143 4293 2221 4338 ιη
2230 4298 2382 4338 11560.

2213 4376 2527 4431 Tractatum
2556 4382 2704 4430 certe
2723 4373 2792 4430 de
2820 4371 3115 4427 mouastica
3148 4369 3558 4425 exercitatione
3595 4383 3729 4438 pra:-

2141 4472 2288 4534 misi,
2325 4470 2452 4541 quia
2493 4468 2644 4539 prior
2680 4474 2996 4522 occurrerat
3025 4465 3079 4518 in
3119 4464 3306 4518 codice
3345 4463 3730 4531 manuscripto

2141 4565 2480 4620 bibliothecae
2513 4561 2857 4624 Barberinaa;
2888 4559 2942 4612 in
2965 4558 3086 4628 ejus
3128 4556 3337 4622 indice,
3375 4557 3473 4634 qui
3513 4558 3729 4612 calamo

2138 4656 2304 4711 etiam
2345 4665 2464 4712 erat
2495 4663 2752 4711 exaratus
2784 4652 2970 4709 Graece
3015 4650 3206 4706 titulus
3245 4660 3557 4719 conceptus
3584 4649 3722 4704 fuit:

2136 4747 2244 4804 Τοῦ
2273 4749 2331 4802 ὲν
2359 4746 2535 4816 ἁγίοις
2558 4745 2772 4815 Harpe;
2801 4743 2957 4816 ἡμῶν
2991 4741 3186 4795 Νείλου
3223 4741 3398 4808 Λόγος
3419 4738 3724 4810 immite;

2136 4841 2268 4913 περὶ
2309 4841 2409 4910 τῆς
2429 4841 2510 4903 εἰς
2559 4838 2794 4911 Χριστὸν
2833 4835 3185 4904 Φιλοσοφίας,
3221 4842 3391 4906 utque
3435 4833 3498 4888 in
3552 4833 3721 4902 ipsius

2133 4931 2423 4992 Tractatus
2447 4933 2596 4989 calce
2621 4929 2915 4988 ascribitur
2938 4946 2952 4984 :
2983 4928 3092 4982 Καὶ
3120 4926 3267 4987 οἴους
3312 4919 3457 4978 εἶναι
3486 4923 3573 4976 δεῖ
3601 4924 3720 4982 τοὺς

2131 5026 2307 5099 causa
2370 5023 2866 5098 προσερχομένους,
2926 5019 3019 5073 καὶ
3059 5020 3141 5073 ὅτι
3191 5015 3299 5087 πρὸ
3349 5016 3452 5086 τῆς
3504 5013 3714 5076 τελείας

2132 5123 2192 5174 ἐν
2215 5123 2282 5192 τῇ
2309 5119 2665 5195 ἀρετῇοέξεως
2693 5115 3033 5171 ἐπικίνδυνον
3053 5111 3116 5166 τὸ
3136 5110 3222 5166 ἑτέ
3230 5127 3344 5181 ρων
3360 5107 3713 5178 ἀναδέχεσθαι

2133 5213 2487 5284 προστασίας.
2523 5213 2579 5268 id
2607 5219 2726 5265 est:
2760 5207 2947 5264 Sancti
2984 5203 3167 5259 Patris
3207 5202 3374 5257 nostri
3407 5199 3531 5255 Nili
3559 5205 3712 5256 Trac-

2131 5314 2276 5359 tatus
2305 5304 2369 5359 de
2397 5304 2690 5358 monastica
2714 5295 3104 5364 exercitatione,
3133 5296 3247 5351 sive
3273 5293 3352 5348 De
3380 5293 3711 5362 philosophia

2128 5415 2212 5464 ea,
2242 5413 2359 5470 qua:
2393 5397 2463 5450 ad
2502 5395 2772 5450 Christum
2812 5392 3056 5462 pertinet,
3105 5398 3156 5444 et
3193 5387 3502 5456 cujusmodi
3536 5387 3711 5440 deceat

2127 5491 2249 5544 illos
2287 5507 2417 5553 esse,
2469 5489 2558 5559 qui
2588 5486 2658 5540 ad
2727 5488 2897 5554 ipsam
2951 5482 3224 5547 accedunt,
3272 5497 3538 5551 quamque
3593 5491 3710 5532 ante

2124 5581 2370 5653 perfecta:
2403 5581 2618 5636 uirtutis
2655 5579 2893 5635 habitum
2948 5577 3305 5647 periculosum
3361 5577 3434 5630 sit
3479 5576 3706 5630 aliorum

2124 5677 2389 5746 suscipere
2449 5673 2846 5743 prterecturam.
2896 5670 3089 5727 Petrus
3118 5709 3124 5713 η
3154 5669 3487 5725 Franciscus
3541 5669 3705 5722 Zinus

2124 5766 2422 5822 cauonicus
2467 5762 2627 5833 595
2656 5762 2987 5819 Veronensis
3019 5768 3252 5816 verterat
3293 5776 3325 5817 e
3353 5759 3546 5817 Cra-co
3570 5757 3703 5818 Trs-
