3838 6056
42 280 228 353 1321

1302 285 1402 346 DE
1436 282 1817 345 OPERIBUS
1855 282 1917 344 S.
1960 282 2145 344 NILI.

3220 287 3355 355 1322

28 400 296 457 ctantum
327 399 514 468 istum,
559 410 613 457 et
643 400 995 471 inscripserat
1019 402 1322 458 Sermonem
1353 401 1662 457 asceticum.
1695 409 1742 465 Α
1774 398 1939 470 596
1961 413 2030 455 ex
2064 397 2341 454 Herodoto
2372 399 2536 454 etiam
2587 399 2682 454 lib.
2717 415 2754 454 η
2775 440 2791 467 ,
2833 401 2926 471 qui
2964 404 3242 476 sexaginta
3279 407 3356 463 illi

28 490 131 544 At
167 508 282 563 ego
309 492 464 561 λόγον
504 491 891 563 interpretatus
920 508 1044 547 sum
1078 501 1385 563 tractatum,
1424 492 1529 547 hoc
1564 500 1668 556 est,

33 583 539 649 dissertationem,
583 584 1009 655 descriptionem,
1058 586 1458 640 enarrationem
1484 626 1500 652 ,
1546 600 1673 637 con-

34 678 313 743 cionem,
356 686 415 732 ut
455 677 575 733 fuse
608 678 803 749 probat
844 677 1135 733 Scholiast.
1166 680 1230 732 ad
1264 678 1300 732 Ι.
1336 693 1373 731 u
1402 678 1465 733 (Σ.
1501 676 1672 731 Theo-

32 768 201 825 dos.
238 770 316 826 De
343 771 446 838 llis,
477 771 567 842 qui
606 788 761 839 super
796 771 946 841 relig.
974 770 1219 825 contend.
1252 772 1289 825 Ι.
1332 786 1462 837 xv1;
1493 786 1523 824 a
1560 779 1671 822 tra-

35 860 305 924 ctando,
345 863 420 915 uti
463 862 741 932 accipiunt
777 861 967 916 Cicero
1008 863 1043 917 l.
1079 878 1096 916 ι
1137 862 1441 917 Academia.
1484 871 1669 932 quiest.

39 962 114 1005 et
160 952 205 1006 l.
238 968 278 1007 ti
312 951 385 1006 De
411 952 572 1023 legib.
602 954 655 1007 in
682 969 914 1023 prodam.
955 955 991 1009 Ι.
1023 970 1157 1021 vm;
1189 954 1509 1020 Quintilian.
1538 954 1573 1008 l.
1599 968 1669 1021 v;

42 1045 226 1111 Plin.
264 1064 312 1103 c.
349 1048 401 1111 4,
429 1048 467 1103 1.
510 1064 622 1112 xw;
660 1058 715 1103 et
757 1064 809 1103 c.
842 1048 934 1114 22,
969 1049 1005 1102 ι.
1049 1065 1125 1103 xu
1152 1066 1167 1114 ;
1194 1049 1493 1119 prmsertim
1542 1063 1671 1102 vero

44 1139 231 1197 hanc
258 1157 444 1195 vocem
487 1150 750 1195 tractatus
795 1150 1125 1211 acceperunt
1161 1156 1227 1196 eo
1258 1156 1424 1196 sensu
1449 1152 1670 1196 sanctus

44 1232 445 1297 Ambrosius,
485 1241 538 1288 et
577 1243 798 1289 sanctus
843 1232 1204 1304 Augustinus,
1253 1233 1457 1303 aliique
1503 1233 1668 1287 Chri-

48 1324 253 1380 stiani
281 1328 552 1392 doctores,
580 1336 633 1380 et
660 1341 942 1382 sacrarum
980 1325 1313 1380 Litterarum
1338 1326 1670 1396 interpretes

48 1416 214 1473 dicti
258 1418 408 1474 fuere
444 1428 780 1483 tractatores,
833 1430 894 1475 ut
944 1419 1198 1475 observat
1245 1418 1576 1474 Sirmondus
1614 1419 1669 1473 in

48 1507 245 1568 Notis
270 1512 336 1567 ad
372 1510 543 1581 Epist.
580 1511 809 1576 Sidonii,
850 1522 903 1567 et
928 1521 1151 1567 sanctus
1179 1513 1543 1582 Augustinus,
1570 1514 1605 1575 ι.
1634 1527 1669 1567 ιι

54 1602 293 1656 Contra
325 1603 535 1658 Julian.
577 1604 890 1659 divinorum
921 1604 1267 1674 eloquiorum
1307 1613 1669 1674 pertractato—

57 1711 173 1752 res
234 1697 501 1761 nominat,
538 1707 593 1752 et
645 1697 682 1753 Ι.
737 1712 791 1751 1v
840 1697 1007 1752 divini
1066 1696 1272 1767 eloquii
1324 1706 1667 1752 tractatores.

1774 482 1965 541 tribiiit
2011 485 2210 552 stadia,
2261 486 2631 543 Callimachus
2685 498 2739 542 et
2767 487 2888 558 ejus
2923 492 3196 547 meminit.
3249 491 3357 550 He-

1773 579 1903 634 braei
1946 578 2154 633 diutius
2198 579 2253 632 in
2298 576 2532 650 Aigypto
2564 580 2784 646 versati,
2818 591 2872 636 et
2905 582 3165 651 divexati,
3204 601 3359 642 men-

1773 688 1933 729 suras
1991 674 2117 729 inde
2170 672 2328 729 funes
2381 684 2798 742 nuncuparunt;
2854 676 3063 745 psalmo
3118 693 3186 732 xv
3242 676 3358 733 Rex

1773 763 2047 835 Propheta
2088 765 2360 821 concinit:
2408 763 2583 819 Funes
2631 767 2927 821 ceciderunt
2982 769 3109 823 milii
3137 771 3191 823 in
3230 787 3360 840 pra:-

1772 856 1955 923 claris,
1997 865 2052 911 et
2102 873 2157 912 c.
2202 873 2354 912 xxxu
2434 855 2839 912 Deuteronomii
2912 856 3111 926 Moses,
3149 871 3202 914 ct
3246 861 3281 915 Ι.
3315 861 3357 916 ll

1773 947 1908 1019 Reg.
1940 963 1988 1004 c.
2022 966 2138 1015 vm,
2177 966 2279 1005 nec
2319 948 2519 1004 mirum
2568 949 2614 1004 si
2660 966 3002 1022 unaquaeque
3034 968 3166 1023 gens
3210 965 3359 1010 certa

1777 1051 2048 1095 terrarum
2096 1042 2272 1110 spatia
2317 1042 2434 1095 suis
2462 1041 2919 1112 appellationibus
2950 1054 3125 1109 vocet,
3164 1044 3360 1102 Rastas

1771 1130 2051 1197 Germani,
2082 1130 2263 1187 Latini
2304 1132 2550 1187 Milliaria
2586 1143 2639 1188 et
2703 1132 2925 1204 Jugera,
2959 1135 3095 1190 Galli
3126 1134 3358 1204 Leucas,

1771 1220 1954 1279 Persa:
1983 1222 2346 1294 Parasangas,
2384 1223 2555 1280 Graeci
2587 1225 2881 1296 σταθμούς,
2917 1228 3033 1283 sive
3057 1230 3357 1296 stationes;

1774 1321 1888 1368 tum
1934 1324 2189 1385 vergente
2223 1316 2470 1371 Romano
2500 1318 2732 1386 imperio
2767 1320 3100 1385 mansiones,
3130 1320 3199 1376 de
3239 1324 3362 1392 qui-

1774 1406 1875 1461 bus
1899 1404 2263 1473 Herodianus,
2295 1407 2333 1461 l.
2361 1424 2398 1462 u
2426 1418 2479 1463 et
2505 1409 2792 1479 Bergerius
2817 1410 2909 1465 lib.
2944 1410 3019 1465 De
3047 1414 3175 1484 imp.
3204 1401 3357 1471 Ro'm.

1771 1499 2074 1562 viis,'eraut
2124 1498 2343 1554 termini
2393 1500 2710 1555 militarium
2762 1503 3192 1573 expeditionum.
3249 1504 3361 1561 Hn-

1774 1588 1984 1642 minum
2043 1598 2123 1644 est
2181 1591 2521 1646 consuetudo
2588 1591 2804 1649 facilius
2846 1609 2908 1648 ea
2957 1593 3189 1663 discere,
3240 1614 3363 1668 qua:

1775 1682 1949 1736 divisa
2009 1684 2185 1739 solent
2235 1685 2543 1741 evidentius
2592 1687 2933 1756 elucescere,
2989 1690 3068 1743 uti
3119 1691 3363 1762 loquitur

59 1788 295 1845 Harum
340 1806 532 1846 vocum
578 1791 732 1859 origo
778 1791 999 1845 ducitur
1037 1806 1068 1845 a
1101 1789 1268 1846 verbo
1314 1789 1500 1855 tralia,
1542 1791 1672 1860 quia
1705 1775 1748 1829 Β
1778 1775 2141 1833 οαδδίοάοτυε
2185 1793 2235 1832 C-
2268 1778 2303 1831 2
2332 1778 2408 1832 De
2436 1779 2653 1833 Αηίηῖα·
2686 1779 2729 1832 Ε
2771 1780 3124 1837 δίειίυοῑίοηθ
3161 1783 3363 1855 ιιυίνρο

57 1885 246 1957 varia
265 1884 626 1955 undequaque
652 1884 941 1939 trahuntur
991 1884 1058 1941 ad
1086 1899 1230 1949 eam,
1260 1884 1439 1954 quade
1470 1884 1670 1953 agitur,

63 1991 203 2028 rem
235 1977 552 2044 spectantia,
599 1976 728 2030 hinc
753 1975 1044 2031 deducitur
1082 1984 1254 2029 tracto
1297 1975 1525 2031 verbum
1563 1974 1674 2030 fre-

63 2069 495 2136 quentativum;
550 2069 695 2124 sicut
734 2083 765 2124 a
805 2069 972 2129 verbo
1012 2085 1129 2123 sero
1174 2060 1451 2124 derivatur
1478 2083 1672 2131 sermo,

64 2162 222 2229 quia
261 2161 472 2216 diversa
523 2171 816 2227 seruntur,
859 2171 913 2217 et
954 2160 1338 2226 conferuntur,
1385 2162 1513 2217 hinc
1546 2177 1675 2232 pro—

66 2251 329 2320 giguitur
349 2252 572 2318 dissero,
602 2263 656 2307 et
681 2255 925 2317 disserto,
970 2256 1113 2309 unde
1146 2254 1483 2311 dissertatio.
1511 2256 1677 2311 Asce-

70 2344 184 2397 tici
224 2344 546 2398 vocabulum
582 2344 830 2400 Graecum
864 2347 918 2400 in
953 2346 1090 2402 duas
1128 2361 1293 2402 voces
1326 2346 1547 2404 Latinas
1584 2363 1674 2405 re-

70 2436 230 2488 solvi
278 2435 691 2505 periphrastice,
736 2438 897 2507 idque
941 2437 1009 2493 de
1053 2439 1357 2494 monastica
1404 2440 1677 2495 exercita-

72 2524 240 2577 tione
291 2523 549 2593 exposui,
600 2540 699 2580 nec
751 2525 899 2579 enim
949 2526 1113 2580 unico
1149 2535 1330 2595 potest
1373 2528 1673 2597 explicari;

74 2631 218 2669 nam
247 2632 350 2670 vox
382 2619 593 2671 ascetici
623 2617 809 2674 Graeca
840 2627 942 2686 est,
977 2634 1085 2673 non
1114 2629 1296 2674 autem
1328 2620 1546 2687 Latina,
1580 2621 1676 2677 sed

77 2709 142 2761 in
170 2707 578 2780 Lexicographo
597 2711 1047 2777 Adnotationum,
1070 2714 1236 2785 inque
1256 2729 1389 2769 voce
1403 2715 1676 2784 Ἀσκησις

76 2799 251 2869 plura
278 2801 551 2870 congessi.
581 2802 921 2874 Hosweydus
948 2804 1168 2874 quidem
1195 2806 1279 2859 vir
1308 2805 1674 2874 pereruditus,

75 2894 226 2948 etin
255 2893 435 2965 Belgio
466 2894 740 2965 quondam
777 2895 913 2951 mihi
957 2897 1285 2965 peramicus,
1322 2899 1376 2951 in
1411 2895 1569 2952 Notis
1607 2897 1677 2952 ad

79 2981 417 3038 Paradisum
463 2982 759 3040 Heraclidis
806 2985 991 3040 laudat
1019 2979 1421 3041 ‘Onomasticon
1477 2988 1531 3041 iu
1579 3003 1675 3042 vo~

79 3076 253 3130 cibus
287 3074 601 3142 Tractatus,
633 3086 687 3133 et
727 3076 1010 3131 Tractator
1029 3093 1049 3141 ;
1087 3086 1143 3132 tu
1172 3080 1418 3144 consule,
1441 3079 1487 3134 si
1520 3094 1675 3149 repe—

82 3170 206 3223 rire
253 3168 430 3238 possis
473 3184 684 3239 reapse,
730 3185 928 3239 meque
976 3169 1192 3225 felicior
1229 3170 1432 3226 habeas
1465 3169 1673 3224 Mercu-

31 3304 35 3307 Α
80 3264 236 3316 rium
276 3261 655 3317 dexteriorem.

162 3354 563 3426 Consequitur:
624 3354 730 3408 Τοῦ
780 3354 929 3408 ὁσίου
989 3354 1202 3425 Πατρὸς
1258 3351 1418 3424 ἡμῶν
1479 3350 1673 3404 Νείλου

83 3447 235 3518 πρὸς
288 3444 541 3514 Ἀγάθιον
591 3446 918 3517 μονάζοντα.
971 3446 1036 3500 'H
1082 3447 1222 3517 ἀρχή
1253 3461 1267 3475 ·
1300 3445 1460 3507 Ἔθος
1495 3444 1674 3514 ἔχοντί

91 3554 212 3609 μοι,
260 3553 384 3607 qua:
410 3539 478 3592 ita
514 3539 778 3593 converti.
813 3536 998 3593 Sancti
1033 3537 1210 3590 Patris
1245 3536 1414 3615 nostri
1454 3532 1569 3589 Nili
1599 3535 1667 3588 ad

88 3626 383 3696 Agat/tium
404 3628 753 3680 monasticam
772 3628 934 3681 vitam
953 3639 1188 3697 agentem
1209 3625 1502 3680 Peristeria
1518 3665 1532 3690 ,
1559 3626 1674 3681 sive

93 3719 383 3773 Tractatus
412 3718 474 3773 de
486 3720 768 3774 virtutibus
792 3718 1092 3774 excolendis
1114 3729 1163 3772 et
1188 3719 1331 3772 vitiis
1358 3718 1621 3788 fugiendis
1652 3735 1671 3774 :

89 3812 331 3878 exemplo
376 3812 674 3867 Peristeria:
718 3813 1035 3867 clarissima:
1085 3810 1282 3865 saeculo
1343 3827 1403 3866 eo
1440 3811 1671 3880 feminw.

94 3904 313 3973 incipit,
328 3904 461 3959 Cum
490 3921 600 3958 meo
628 3922 792 3971 more,
807 3916 914 3960 etc.
935 3907 1072 3971 Quia
1107 3922 1234 3959 vero
1266 3913 1530 3961 tractatus
1557 3917 1674 3962 erat

93 3996 380 4065 prolixior,
411 3996 467 4050 in
497 3996 562 4050 l2
587 3997 1002 4067 τμήματα,εἱνθ
1034 3997 1305 4052 sectiones
1333 4012 1458 4051 eum
1489 3998 1671 4062 divisi,

94 4104 238 4160 quas
270 4089 325 4143 in
370 4090 546 4160 capita
574 4090 862 4158 subdivisi,
895 4091 1358 4160 quemadmodum
1392 4100 1447 4144 et
1475 4099 1675 4145 tracta-

98 4192 213 4236 tum
260 4180 334 4236 De
375 4184 667 4236 monastica
717 4184 1096 4237 exercitatione
1152 4183 1205 4236 in
1261 4183 1437 4252 capita
1486 4181 1673 4237 itidem

95 4275 488 4341 distinxeram;
522 4291 590 4330 ne
634 4289 744 4330 uno
790 4276 986 4345 spiritu
1032 4276 1168 4331 liber
1210 4285 1356 4330 totus
1404 4274 1674 4344 perlectus

97 4363 266 4417 nimis
311 4363 561 4432 fatigaret
608 4362 889 4427 lectorem,
942 4379 1096 4430 neve,
1142 4364 1319 4433 spatio
1348 4364 1494 4417 nullo
1520 4363 1671 4427 dato,

1777 1869 1869 1922 lnx
1899 1868 2138 1941 effulget;
2172 1880 2307 1927 teste
2342 1871 2513 1927 Paulo
2557 1871 2865 1930 Juriscons.
2902 1875 2936 1931 Ι.
2976 1892 2988 1929 l
3027 1875 3091 1931 D.
3133 1876 3211 1931 De
3251 1879 3363 1934 doli

1776 1963 1905 2016 ntali
1937 1975 2137 2033 except.
2187 1966 2277 2019 ubi
2315 1963 2489 2020 Gloss.
2532 1977 2581 2021 et
2634 1965 2880 2023 Institat.
2920 1969 2947 2041 §
2979 1971 3069 2024 sed
3104 1988 3228 2036 non,
3270 1987 3361 2026 us-

1775 2070 1881 2124 que
1898 2056 1961 2108 de
1988 2056 2148 2126 legat.
2182 2055 2547 2123 Quamobrem
2578 2059 2739 2114 etiam
2771 2058 3080 2131 Jurispcriti
3109 2063 3176 2116 de
3210 2077 3363 2118 more
3458 2058 3465 2065 ’

1779 2146 1977 2200 habent
2007 2146 2219 2216 aperire
2248 2149 2441 2217 legem,
2471 2165 2634 2218 quam
2672 2151 2885 2219 publice
2917 2152 3360 2222 interpretantur,

1777 2239 1829 2292 in
1891 2248 2111 2309 partes,
2157 2251 2213 2295 et
2264 2240 2449 2296 Codex
2497 2239 2792 2297 Justiuiani
2826 2244 2881 2297 in
2910 2243 2954 2298 ΙΙ
2981 2256 3182 2313 tomos,
3220 2247 3364 2303 Pau-

1775 2331 1931 2386 decta
1963 2347 2094 2386 vero
2127 2333 2181 2386 in
2223 2334 2323 2387 tria
2361 2334 2660 2398 volumina,
2711 2336 2840 2389 tomi
2870 2347 3051 2392 autem
3084 2339 3137 2393 in
3175 2341 3362 2407 libros,

1777 2423 1897 2477 libri
1928 2436 2187 2494 praeterea
2222 2427 2276 2480 in
2308 2428 2525 2492 titulos,
2567 2443 2660 2482 seu
2693 2429 2960 2493 rubricas,
2987 2438 3041 2485 et
3068 2432 3149 2487 ha:
3183 2434 3236 2488 in
3269 2450 3365 2489 ca-

1775 2517 1968 2586 pitula,
2005 2518 2118 2571 sive
2157 2519 2302 2588 leges
2348 2520 2774 2587 distribuuntur,
2810 2523 3045 2595 capitula
3084 2540 3275 2579 rursus
3307 2523 3362 2578 in

1776 2610 2167 2679 paragraphos.
2215 2610 2387 2665 Biblia
2415 2629 2635 2683 quoque
2669 2631 2823 2670 sacra
2864 2616 2918 2669 in
2970 2617 3203 2685 capitula
3236 2626 3364 2671 sunt

1776 2702 2084 2772 dispertita.
2114 2702 2456 2759 Peristeriain
2485 2706 2689 2771 addidi,
2714 2716 2769 2762 et
2790 2708 3182 2779 periphrastice
3204 2709 3365 2778 quid-

1776 2796 1906 2862 quid
1940 2797 1995 2851 in
2038 2805 2270 2853 tractatu
2302 2799 2704 2867 continebatur,
2746 2813 2806 2856 ut
2837 2802 3121 2858 materiem
3154 2804 3364 2859 iudica-

1778 2903 1915 2951 rem,
1950 2898 2005 2943 et
2036 2904 2259 2945 causam
2281 2932 2296 2955 ,
2330 2906 2495 2960 quam
2535 2892 2768 2961 przehuit
2804 2894 3111 2949 clarissima
3150 2893 3361 2950 femina

1777 2980 2076 3049 plurimum
2140 2982 2547 3049 commendata,
2576 2994 2631 3039 et
2651 2984 2806 3053 juxta
2837 3001 2995 3041 suum
3026 3002 3223 3042 nomen
3256 2987 3365 3042 Co-

1778 3073 1961 3128 lumba
2012 3089 2197 3143 pacem
2248 3076 2507 3132 nuntians
2560 3079 2742 3141 terris,
2797 3094 2901 3134 nec
2948 3079 3165 3150 ambigo
3214 3080 3363 3135 illam

1781 3163 1950 3231 ipsam
1999 3162 2189 3228 fuisse,
2229 3164 2297 3219 de
2333 3183 2437 3236 qna
2492 3168 2773 3239 lschyrion
2804 3170 3069 3226 diaconus
3109 3170 3366 3226 Ecclesia:

1774 3256 2178 3324 Alexandrinae,
2213 3260 2281 3314 ad
2317 3259 2555 3319 Leonem
2605 3278 2801 3332 papam
2848 3274 2904 3318 et
2928 3264 3113 3320 Patres
3143 3266 3364 3320 concilii

1774 3347 2237 3405 Chalcedonensis
2262 3351 2315 3406 in
2334 3352 2517 3408 libello
2543 3353 2752 3409 inserto
2780 3356 2980 3410 actioni
3010 3357 3202 3422 tertiae,
3236 3373 3359 3427 pag.

1774 3437 1878 3491 252
1927 3439 2071 3492 Edit.
2104 3439 2264 3494 Hom.
2307 3440 2380 3496 ita
2432 3443 2653 3512 scripsit
2691 3445 2811 3497 :To
2854 3447 2962 3516 γὰρ
2998 3448 3093 3499 καὶ
3135 3446 3235 3518 τὴν
3262 3448 3361 3517 τῆς

1774 3527 2034 3599 λαμπρᾶς
2049 3528 2243 3599 μνείας
2260 3531 2623 3604 Περιστερίαν
2645 3537 2879 3606 πρᾶγμα
2902 3537 3077 3601 οὐδεὶς
3096 3539 3358 3607 ἠγνόησε,

1774 3620 1870 3672 καὶ
1912 3620 2149 3690 μάλιστα
2197 3622 2306 3676 τῶν
2334 3626 2688 3681 ἐνοικούντων
2720 3629 2924 3700 ταύτην
2965 3630 3064 3701 τὴν
3120 3630 3362 3701 βασιλίδα

1774 3713 1901 3766 νέαν
1934 3711 2177 3785 Ῥώμην,
2212 3718 2433 3788 ἐκείνης
2461 3721 2602 3793 ὑπὲρ
2628 3722 2728 3794 τῆς
2761 3724 2965 3795 ἑαυτῆς
2997 3724 3175 3797 ψυχῆς
3209 3727 3267 3779 ἐν
3284 3726 3362 3797 τῷ

1773 3803 2109 3858 διατίθεσθαι
2169 3808 2734 3885 παρακελευσαμένης
2774 3813 3037 3885 πλείστην
3085 3816 3359 3885 ποσότητα

1776 3898 2001 3967 χρυσίου
2047 3900 2465 3971 παρασχεθῆναι
2512 3908 2627 3966 τοῖς
2673 3907 3079 3977 μοναστερίοις,
3127 3909 3191 3960 οὐ
3248 3908 3361 3978 μὴν

1774 3990 1912 4044 ἀλλὰ
1952 3991 2047 4045 καὶ
2095 3995 2206 4055 τοῖς
2251 3993 2476 4057 ξενεῶσι
2532 3997 2627 4055 καὶ
2670 3997 2980 4067 πτωχείοις,
3015 4002 3109 4054 καὶ
3151 4001 3361 4071 ἑτέροις

1774 4084 1971 4154 πένησι
2001 4084 2101 4154 τῆς
2113 4087 2488 4159 Αἰγυπτιακῆς
2515 4087 2700 4160 χώρας
2720 4106 2737 4155 ;
2762 4089 3071 4161 Ἀχθισθεὶς
3087 4095 3115 4145 ὁ
3132 4093 3356 4147 εὐλαϐέ-

1776 4194 1969 4240 στατος
1996 4179 2136 4249 ἀνὴρ
2166 4178 2500 4249 (Διόσκορος)
2551 4181 2938 4253 Ἀλεξανδρεὺς
2981 4170 3282 4250 ἐπίσκοπος
3323 4187 3356 4258 ἢ

1774 4270 2140 4341 πατριάρχης,
2173 4271 2260 4340 ἐφ’
2288 4266 2372 4334 οἷς
2425 4274 2526 4326 οὐκ
2570 4276 2652 4337 είς
2693 4275 2986 4345 πρόσωπον
3043 4277 3197 4349 αὐτῷ
3226 4295 3359 4331 κατι

1774 4362 1986 4430 ἐλειφεν
2005 4365 2421 4431 παρασκευάζει
2438 4366 2626 4421 ἐκεῖνα
2640 4368 2705 4420 τὰ
2724 4368 2828 4440 χρή
2838 4385 2984 4437 ματα
3003 4369 3153 4440 αὐτῷ
3182 4387 3361 4442 παρα-

96 4455 354 4525 colligere
388 4455 477 4510 ille
528 4470 586 4510 se
640 4470 706 4509 ac
732 4455 1155 4525 interquiescere
1201 4472 1306 4510 nou
1349 4465 1552 4526 posset,
1582 4470 1673 4507 ve-

1782 4455 2058 4526 σχεθῆναι,
2083 4457 2179 4510 καὶ
2203 4458 2323 4515 ἀντὶ
2346 4458 2718 4530 ἐλεημοσύνης
2745 4461 3005 4532 θυμέλαις
3020 4465 3114 4518 καὶ
3142 4465 3360 4536 Θεατρι-

101 4561 225 4601 rum
290 4546 558 4600 tantillum
628 4547 999 4601 allevaretur:
1056 4563 1181 4602 nam
1234 4548 1379 4603 sicut
1435 4546 1674 4601 Rutilius

98 4636 482 4703 Numatianus,
529 4638 624 4692 lib.
668 4654 705 4691 ιι
746 4637 1023 4693 Itinerarii
1069 4641 1286 4705 cecinit,

178 4752 465 4809 Intervalla
504 4754 600 4807 via:
631 4753 783 4815 fessis
811 4767 1064 4821 praestare
1092 4755 1313 4813 videtur.

245 4825 348 4890 Qui
382 4834 528 4878 notat
556 4824 839 4892 inscriptus
870 4824 1041 4876 millia
1074 4826 1239 4877 multa
1271 4826 1429 4888 lapis.

99 4917 369 4974 Praefatur
412 4924 636 4973 sanctus
678 4913 1043 4985 Hieronymus
1088 4916 1237 4970 Isaia:
1272 4918 1536 4971 visioiiem
1577 4931 1672 4970 ex-

98 5011 404 5083 positurus,
423 5010 606 5074 lib.tv,
630 5023 681 5063 c.
709 5008 797 5075 ll,
828 5023 886 5063 se
909 5023 1005 5078 per
1036 5018 1216 5078 partes
1241 5023 1361 5063 eam
1383 5011 1675 5077 explanare

99 5102 274 5167 velle,
318 5114 388 5155 ne
453 5098 620 5154 simul
663 5096 943 5167 proposita
982 5106 1144 5167 atque
1182 5096 1414 5152 disserta
1457 5097 1675 5153 lectoris

101 5191 399 5249 confundat
426 5188 782 5255 memoriam;
813 5187 959 5242 idem
990 5188 1213 5244 adnotat
1243 5188 1313 5242 ad
1344 5202 1394 5242 c.
1448 5203 1505 5241 Ill
1533 5186 1672 5243 Joel.

104 5284 164 5339 in
188 5280 305 5336 Nilo
336 5280 579 5344 ﬂumine,
613 5280 727 5335 sive
753 5279 809 5334 in
850 5279 984 5334 rivis
1012 5280 1130 5348 ejus
1169 5279 1358 5334 solitos
1391 5277 1675 5351 Egyptios

106 5376 326 5432 funibus
369 5388 534 5428 naves
566 5373 786 5427 trahere
825 5381 971 5426 certa
1021 5372 1281 5426 habentes
1315 5371 1512 5441 spatia,
1555 5387 1677 5440 qua:

106 5467 371 5540 appellant
417 5463 710 5527 funiculos,
754 5472 812 5517 ut
841 5462 1013 5517 labori
1052 5461 1389 5516 defessorum
1436 5461 1676 5517 recentia

106 5556 439 5613 trahentium
494 5553 633 5608 colla
692 5552 1031 5617 succedant;
1074 5552 1352 5605 trahentes
1387 5550 1675 5606 helciarios

109 5660 265 5709 vocat
282 5665 480 5704 curvos
506 5646 783 5702 Sidonius.
806 5644 934 5701 lude
956 5644 1392 5711 funiculus,'sive
1422 5646 1673 5715 σχοινίον,

112 5745 196 5803 vel
246 5746 453 5815 σχοῖνος
481 5742 634 5810 juxta
689 5738 974 5809 Egyptios
1020 5748 1101 5793 est
1150 5755 1404 5796 mensura
1437 5739 1670 5806 itineris,

347 5862 633 5921 Ps'rnoc.
683 5859 800 5920 Gtt.
853 5857 1134 5919 LXXIX.

1779 4551 1891 4611 κοῖς
1937 4550 2146 4620 ἑτέροις
2204 4550 2552 4621 προσώποις,
2593 4552 2735 4607 ὥστε
2785 4558 2957 4627 μηδὲν
2993 4559 3092 4630 τὴν
3130 4560 3360 4615 εὐωδίαν

1775 4639 1877 4711 τὴν
1905 4641 2011 4694 ἀπὸ
2038 4644 2137 4711 τῆς
2165 4643 2359 4707 θυσίας
2384 4647 2485 4716 τῆς
2512 4645 2771 4717 λαμπρᾶς
2805 4652 2907 4721 τὴν
2940 4653 3164 4723 μνήμην
3196 4654 3358 4724 Περι-

1778 4730 1997 4801 στερίας
2050 4733 2402 4806 ἀνενεχθῆναι
2450 4737 2588 4806 πρὸς
2635 4738 2727 4791 τὸν
2782 4740 2937 4804 Θεὸν,
2988 4743 3054 4795 τὸ
3096 4745 3220 4797 ὅσον
3271 4745 3358 4798 ἐπ’

1775 4818 1946 4891 αὐτῷ,
1982 4823 2119 4876 ἀλλὰ
2158 4826 2451 4902 φανερὰςή
2487 4829 2747 4897 πρόθεσις
2784 4832 2999 4903 ἐκείνης
3035 4836 3355 4908 ἀπεδείχθη.
3430 4831 3438 4834 ’

1777 4910 1830 4965 Id
1877 4922 1985 4967 est:
2047 4913 2307 4970 Caeterum
2347 4918 2660 4983 clarissime
2716 4925 2989 4978 memoriae
3055 4926 3360 4986 Peristeria:

1776 5008 2038 5074 negotium
2086 5008 2266 5063 nullus
2308 5009 2595 5079 ignoravit,
2644 5030 2830 5067 eorum
2882 5019 3113 5073 maxime
3139 5023 3230 5090 qui
3262 5022 3359 5075 Ita-

1777 5096 1945 5151 bitare
1990 5110 2282 5153 noscuntur
2334 5103 2391 5156 in
2436 5103 2535 5155 hac
2590 5108 2732 5173 regia
2783 5107 2909 5161 urbe
2953 5108 3106 5164 Nova
3152 5112 3358 5179 Roma;

1776 5189 1870 5241 illa
1915 5207 2137 5261 namque
2188 5208 2284 5261 pro
2342 5194 2536 5247 anima:
2592 5214 2704 5251 sua,
2749 5201 2923 5255 salute
2983 5212 3355 5258 testamentum

1775 5284 2001 5336 condens
2044 5285 2205 5352 jussit
2250 5284 2473 5340 multam
2530 5292 2883 5358 quantitatem
2929 5297 3166 5364 pecunia:
3216 5312 3356 5364 pre-

1776 5376 1907 5428 stari
1932 5378 2288 5444 monasteriis,
2322 5395 2520 5433 necnon
2548 5384 2709 5436 etiam
2733 5387 3069 5440 xenodochiis
3097 5388 3239 5453 (sive
3261 5388 3355 5441 Ito-

1776 5466 1993 5535 spitum)
2027 5477 2078 5520 et
2116 5470 2383 5537 parochiis
2412 5472 2429 5542 (
2444 5474 2629 5541 potius
2661 5474 3022 5527 mendicorum
3048 5487 3355 5545 receptacu-

1776 5556 1878 5621 lis)
1911 5566 1960 5611 et
1991 5559 2117 5612 aliis
2145 5563 2472 5631 pauperibus
2512 5562 2852 5634 ﬁgypliaca:
2882 5567 3185 5633 provincia,
3215 5570 3353 5638 quod

1778 5651 1991 5703 moleste
2051 5650 2220 5719 ferens
2286 5655 2423 5708 idem
2467 5656 2928 5712 reverendissimus
2965 5660 3047 5713 vir
3105 5660 3356 5732 (Diosco-

1778 5754 1898 5813 rus)
1930 5743 2320 5803 Alexandrinus
2364 5750 2665 5820 episcopus,
2696 5751 2802 5807 sive
2828 5754 3167 5822 patriarcha,
3197 5757 3260 5808 ob
3300 5756 3353 5809 id

2839 5869 2916 5933 42
