3838 6056
545 332 680 397 1323

1469 324 1613 385 JOS.
1651 317 1916 381 MARIIE
1947 313 2314 377 SUARESII
2351 309 2848 376 DISSERTATIO

3623 300 3727 368 132i

532 442 673 514 quod
708 444 764 496 in
799 455 1019 512 persona
1045 437 1159 508 eius
1198 436 1308 490 Itazc
1347 434 1556 488 ntinime
1590 439 1712 486 sunt
1739 428 1980 490 dimissa,
2028 425 2106 493 fe—
2134 437 2179 488 Α
2206 439 2314 496 que
2354 423 2438 478 vel
2479 439 2540 478 se
2565 419 2944 491 recipiebant,
2984 415 3067 471 vel
3102 411 3522 470 retrudebantur
3565 413 3725 481 publici

534 538 604 590 cit
638 536 847 590 easdem
881 532 1128 603 pecunias
1161 545 1256 599 pro
1283 527 1609 596 eleemnsyna
1635 523 1845 586 scortis,
1872 537 1962 575 seu
1989 518 2100 573 sal-

536 626 844 691 tatricibus,
879 636 928 678 et
961 623 1082 676 aliis
1118 621 1392 675 theatricis
1424 616 1701 687 dispartiri
1732 612 2008 688 personis;
2041 619 2098 664 ut

537 716 696 789 597
745 733 907 787 neque
951 714 1128 768 odoris
1188 709 1488 783 fragrantia
1539 707 1658 778 fusa
1706 720 1771 760 ea:
1836 703 2102 757 oblatione

536 811 680 864 illius
719 809 1030 863 clarissima:
1061 805 1322 859 memoria:
1349 800 1653 856 Peristeriaz
1701 806 1990 869 (quantum
2033 797 2102 849 ad

535 917 654 954 eum
681 897 968 969 pertinuit)
1009 897 1170 965 fuerit
1207 893 1388 947 oblata
1426 890 1574 956 Deo;
1605 889 1692 944 sed
1721 889 1868 942 illius
1894 886 2104 959 quidem

536 994 875 1061 manifestum
927 988 1255 1059 propositum
1311 984 1729 1038 demonstratum
1782 988 1880 1034 est.
1931 977 2104 1045 Quem

535 1087 716 1141 locum
749 1071 924 1138 meam
957 1082 1009 1134 iu
1051 1076 1372 1133 memoriam
1439 1073 1713 1130 revocavit
1757 1071 2106 1128 doctissimus

535 1187 590 1235 et
615 1173 1123 1233 ‘reverendissimus
1154 1170 1313 1227 Pater
1363 1167 1700 1241 Hyacinthus
1746 1165 1985 1220 Libellus
2016 1178 2108 1218 or-

536 1269 681 1324 dinis
717 1265 893 1322 sancti
939 1262 1230 1328 Dominici,
1267 1261 1525 1332 magister
1557 1258 1698 1314 sacri
1735 1254 1943 1326 palatii,
1989 1268 2108 1309 me-

536 1361 643 1415 rite
669 1359 1006 1430 ingeniorum
1052 1358 1298 1409 omnium
1358 1349 1689 1420 ccnsor,qui
1742 1346 2108 1418 ὲγκυκλοπαι-

535 1452 704 1516 δείαν,
739 1450 792 1504 id
826 1459 909 1504 est
938 1447 1294 1504 scientiarum
1333 1444 1542 1508 orbem,
1583 1451 1732 1496 tanta
1784 1454 1908 1495 cum
1951 1437 2110 1492 laude

536 1543 789 1608 confecit,
830 1557 932 1597 nec
959 1539 1175 1613 pietatis
1210 1538 1392 1593 minus
1437 1551 1586 1606 ergo,
1633 1548 1799 1603 quam
1848 1529 2110 1586 doctrina:

536 1637 743 1707 passim
791 1635 1114 1690 celebratur.
1159 1629 1290 1686 Jure
1323 1638 1506 1685 autem
1552 1625 1854 1682 Pcristeriae
1891 1623 2107 1678 titulum

537 1725 725 1781 censui
771 1721 1175 1779 attribuendum
1235 1718 1324 1774 isti
1374 1715 1666 1779 tractatui;
1720 1711 1923 1767 etenim
1981 1723 2107 1764 cum

2202 524 2542 585 peccatores,
2589 521 2648 567 ut
2684 527 2714 568 e
2741 510 2952 566 Joanne
2999 507 3258 572 Climace,
3311 513 3475 574 atque
3520 504 3727 561 collatura

2203 607 2464 665 Cassiano
2500 607 2698 677 liquet;
2747 602 3138 658 monachorum
3184 596 3487 668 (inquam)
3533 601 3725 652 cenabi-

2205 709 2382 754 tarum
2428 699 2542 754 sive
2589 695 2988 768 synoditarum,
3037 693 3131 762 qui
3165 690 3325 745 simul
3357 688 3671 754 victitabant;
3691 707 3726 745 θ’

2206 791 2260 846 in
2289 805 2579 846 commune
2625 804 2723 844 sua
2752 787 2938 842 omnia
2979 783 3302 839 referebant.
3343 780 3482 835 Nam
3521 792 3725 849 praterea

2205 881 2442 937 eremitae
2469 880 2637 945 luere,
2669 878 2761 948 qui
2788 874 3019 933 desertis
3048 873 3212 944 598
3236 873 3290 926 in
3314 871 3454 926 locis
3481 871 3727 940 degebant;

2205 983 2260 1030 et
2285 974 2644 1039 anachoreta),
2679 972 2775 1042 qui
2837 977 3176 1025 recesserant
3219 967 3275 1020 in
3317 975 3494 1029 vasta,
3526 974 3578 1019 et
3604 966 3726 1030 invia;

2206 1066 2607 1135 remotioraque
2649 1071 2878 1119 secreta.
2924 1057 3190 1130 Σιλϐιανῷ
3223 1055 3546 1129 κοινοὸιὼτῃ
3590 1059 3729 1111 szribit

2207 1155 2398 1222 Nilus,
2437 1157 2597 1226 epist.
2633 1155 2757 1220 507,
2795 1153 2888 1207 lih.
2909 1152 2960 1206 ἰ.
2997 1151 3037 1206 E
3063 1151 3352 1207 emnobitis
3389 1151 3616 1204 eremita:
3639 1167 3726 1212 pro-

2210 1245 2416 1312 dibant,
2461 1253 2626 1314 atque
2672 1244 3049 1306 anachoretze,
3102 1243 3180 1296 uti
3222 1239 3408 1310 prodit
3452 1237 3727 1303 Cassianus,

2209 1335 2507 1392 Collatione
2563 1337 2652 1399 l8,
2705 1333 2806 1390 c.l
2849 1341 2904 1388 et
2961 1332 3024 1396 2,
3059 1346 3090 1386 e
3141 1329 3199 1384 S.
3240 1328 3446 1392 Paulo,
3478 1343 3591 1398 cap.
3620 1330 3728 1382 xtad

2211 1427 2398 1492 Hebr.,
2425 1425 2559 1497 quin
2613 1434 2668 1479 et
2720 1424 3000 1495 στυλῆται,
3050 1423 3103 1477 in
3153 1422 3350 1492 quibus
3400 1434 3586 1490 agmen
3625 1420 3728 1472 ducit

2213 1517 2454 1584 Simeon,
2500 1528 2554 1571 et.
2591 1515 2658 1570 de
2694 1515 2896 1584 quibus
2931 1512 3213 1583 Bosweyd.
3264 1512 3316 1564 in
3359 1508 3487 1564 Not.
3521 1510 3583 1564 ad
3625 1507 3727 1563 Vitas

2211 1611 2454 1666 Patrum.
2514 1608 2654 1662 Sunt
2695 1616 2750 1662 et
2800 1606 3045 1676 epistolae
3091 1603 3197 1659 Nili
3244 1602 3521 1658 Nicandro
3561 1601 3728 1673 στυὶίτῃ

2214 1705 2486 1774 inscripta:
2533 1701 2636 1756 H4
2679 1711 2733 1755 et
2764 1689 2888 1765 “5,
2939 1700 3032 1769 qui
3066 1707 3121 1753 et
3166 1698 3422 1759 κιονίται,
3459 1693 3632 1750 Latine
3667 1711 3724 1746 co-

539 1817 691 1872 Ni-lus
715 1829 968 1885 egressus
997 1812 1130 1868 urbe
1157 1806 1762 1876 Constantinopolitana
1797 1817 1896 1874 pro
1932 1815 2106 1866 more,
2141 1775 2181 1830 Β
2211 1797 2486 1865 tumuarii,
2518 1795 2646 1852 dicti
2675 1804 2801 1851 sunt
2823 1811 2839 1862 ;
2858 1793 3183 1864 ἐγκλειστοι,
3214 1806 3308 1848 seu
3336 1789 3549 1852 reclusi,
3570 1792 3626 1840 lle
3646 1789 3728 1855 qui-

539 1917 600 1962 ut
635 1908 814 1962 aditus
861 1907 1201 1975 importunos
1237 1900 1460 1965 vitaret,
1500 1897 1674 1952 ollicia
1708 1895 1937 1956 scilicet,
1968 1893 2112 1949 sicut

539 2017 640 2071 ego
675 2001 928 2065 arbitror,
975 2008 1031 2052 et
1070 1994 1449 2057 salutationes,
1482 2000 1645 2060 atque
1675 1988 1975 2043 domestica
2012 2000 2110 2038 ne-

539 2095 685 2166 gotia
758 2091 954 2163 (cujus
979 2092 1152 2145 instar
1179 2085 1436 2140 Boethius
1466 2087 1769 2138 secesserat
1797 2079 1852 2132 in
1879 2076 2114 2132 Aureliae

543 2194 777 2250 montes,
812 2194 972 2253 atque
1001 2179 1271 2251 Apennini
1306 2176 1462 2230 villas
1487 2172 1704 2236 deinde,
1737 2179 1796 2226 ut
1827 2171 1944 2240 ipse
1976 2183 2114 2238 prte-

545 2277 695 2330 l‘a'tur
720 2277 774 2328 in
803 2270 1087 2342 Porphyrii
1115 2267 1369 2337 Dialogus
1398 2281 1430 2320 a
1459 2261 1740 2317 Victorino
1771 2255 2112 2327 translatos),

539 2364 991 2418 ‘deambulaturus
1016 2367 1140 2413 ante
1167 2356 1438 2412 civitatem
1468 2354 1524 2407 itt
1561 2364 1782 2406 nemore
1810 2345 2111 2412 remotiori,

543 2466 596 2510 et
646 2454 928 2524 Agathius,
956 2465 1118 2521 quem
1145 2455 1304 2502 vocat
1335 2444 1657 2516 μονάζοντα,
1688 2441 1792 2496 hoc
1819 2448 1920 2502 est,
1951 2452 2115 2508 agen-

542 2555 652 2598 tem
684 2543 850 2596 vitam
889 2537 1268 2594 monasticam.
1321 2531 1559 2602 Degebat
1619 2529 1821 2600 quippe
1851 2524 2114 2596 Agathius

545 2634 774 2689 seorsim
852 2627 1170 2694 solitarius,
1233 2633 1287 2679 et
1361 2621 1541 2677 adhuc
1592 2619 1708 2673 sive
1761 2613 2116 2686 philosophiae

544 2723 900 2784 Christianae,
937 2719 1052 2773 sive
1082 2716 1441 2771 monachatus
1491 2708 1802 2765 tirocinium
1844 2705 2114 2776 ponebat,

545 2815 642 2870 sed
693 2813 849 2883 quasi
898 2808 1108 2880 μέλλων
1150 2804 1474 2869 monachus,
1524 2802 1874 2872 propiorique
1919 2795 2114 2867 gradu,

546 2917 601 2960 et
637 2903 881 2974 proxime
941 2897 1261 2969 cingendus.
1305 2895 1475 2950 Erant
1519 2891 1668 2947 enim
1719 2887 2115 2942 monachorum

548 3000 628 3053 uti
667 2995 1040 3068 paenitentiam
1074 2990 1272 3047 diversi
1320 2986 1541 3058 gradus,
1573 2982 1640 3038 de
1676 2980 1878 3052 quibus
1919 2978 2005 3048 egi
2035 2977 2118 3032 l'u-

2213 1892 2316 1948 bus
2363 1889 2574 1945 Mirans
2627 1888 2761 1942 mihi
2819 1902 3034 1958 quoque
3102 1886 3414 1956 peramicus
3474 1883 3527 1935 in
3595 1879 3727 1950 Belgio

2213 1983 2322 2052 agit
2371 1982 2424 2035 in
2472 1977 2654 2032 Fastis
2706 1977 2955 2048 Belgicis.
2987 1974 3285 2044 Hospitium
3337 1983 3592 2027 memorat
3632 1973 3727 2026 Gre-

2213 2073 2397 2143 gorius
2434 2070 2710 2126 Turonen.
2764 2071 2967 2123 Histor.
3016 2065 3280 2120 Francor.
3311 2065 3408 2118 lib.
3444 2079 3518 2126 Vl,
3541 2079 3585 2117 c.
3618 2062 3670 2129 6;
3693 2073 3727 2117 et

2213 2167 2290 2221 De
2344 2167 2512 2234 gloria
2572 2163 2959 2232 confessorum,
3007 2177 3058 2216 c.
3093 2159 3197 2227 97,
3271 2158 3520 2227 aliosque
3576 2158 3726 2225 plures,

2211 2274 2353 2330 quos
2383 2266 2627 2312 recenset
2656 2256 2848 2311 Petrus
2887 2253 3141 2308 Jofredus
3175 2253 3227 2306 in
3259 2250 3447 2306 Nicaea
3491 2249 3724 2311 illustrem,

2215 2367 2269 2421 p.
2301 2348 2436 2417 105;
2469 2348 2763 2403 incluserat
2794 2360 2852 2401 se
2878 2347 2925 2400 is
2953 2351 3146 2415 sponte
3197 2341 3251 2396 in
3289 2341 3428 2396 turri
3455 2357 3471 2407 ;
3508 2340 3570 2393 de
3600 2338 3726 2392 Probo

2215 2443 2424 2498 incluso
2463 2441 2518 2496 in
2558 2438 2888 2495 monasterio
2923 2435 2981 2491 S.
3012 2436 3174 2505 Greg.
3215 2432 3287 2488 bl.
3327 2434 3492 2504 epist.
3523 2431 3602 2493 99,
3640 2432 3666 2483 Ι.
3691 2430 3723 2483 9.

2213 2531 2551 2588 Columnarii
2591 2530 2808 2586 stabant
2847 2542 3012 2598 supra
3044 2526 3372 2590 columnas;
3428 2523 3610 2578 inclusi
3642 2537 3726 2591 age-

2215 2625 2347 2679 bant
2390 2623 2448 2677 in
2507 2621 2856 2678 conclavibus
2926 2634 3022 2676 seu
3090 2617 3462 2673 domunculis.
3513 2615 3727 2668 Philume-

2217 2731 2345 2770 num
2381 2714 2711 2784 ἐγκλειστον,
2741 2712 2807 2767 ad
2848 2725 3010 2782 quem
3041 2710 3230 2765 scribit
3277 2706 3437 2762 Nilus
3457 2748 3472 2772 ,
3506 2707 3642 2775 epist.
3667 2704 3725 2768 96,

2217 2807 2313 2862 lib.
2351 2823 2429 2872 ,ll,
2475 2805 2616 2861 male
2667 2805 2828 2859 vertit
2879 2805 3148 2872 interpres
3199 2801 3428 2854 Latinus
3460 2798 3725 2866 ἐγκλειστην.

2216 2901 2512 2960 enclistum,
2556 2898 2631 2953 uti
2682 2905 2829 2967 patet
2875 2911 2905 2950 e
2952 2895 3128 2950 verbis
3184 2894 3473 2964 epistolae:
3506 2891 3628 2943 κατὰ
3667 2888 3726 2940 τὸν

2218 2992 2564 3063 ὲγκλεισμὸν,
2596 2999 2651 3045 et
2671 2988 2748 3060 τῷ
2779 2987 2986 3059 omen,»
3015 2985 3460 3049 κατακλεισθείς.
3490 2983 3599 3036 Erat
3626 2981 3726 3034 enim

549 3091 666 3145 sius
720 3089 775 3142 in
820 3086 1021 3156 Exagio
1073 3096 1194 3138 meo
1241 3079 1309 3135 de
1353 3077 1636 3148 frequente
1692 3073 2116 3135 communione,

2222 3082 2460 3153 profecto
2489 3081 2764 3145 reclusus;
2792 3079 3003 3147 lapsum
3029 3075 3134 3130 viri
3181 3073 3276 3128 τοῦ
3307 3073 3454 3126 πάνυ
3485 3071 3728 3126 observavit

552 3193 715 3252 atque
748 3179 840 3234 ubi
870 3175 1106 3233 disserui
1141 3174 1210 3229 de
1250 3169 1570 3242 pmnitentia
1613 3165 1859 3238 publica,
1903 3178 2024 3234 cap.
2061 3162 2116 3227 4,

551 3284 606 3330 et
649 3272 870 3344 quidam
919 3266 1325 3342 πρόσκλαυσιν,
1373 3278 1468 3320 seu
1511 3261 1780 3332 ploratum
1831 3267 1887 3313 et
1933 3256 2118 3312 ﬂetum

551 3365 816 3429 edebant;
844 3360 936 3416 alii
963 3358 1299 3427 usurpabant
1319 3353 1601 3423 ἀκρόασιν,
1641 3349 1757 3405 sive
1789 3345 2120 3402 audientiam

551 3456 793 3528 deputati
847 3469 967 3509 cum
1027 3447 1431 3506 catechutnenis
1488 3441 1841 3499 audientibus
1893 3439 2121 3494 verbum

550 3548 787 3614 Domini;
819 3543 1062 3601 nonnulli
1098 3541 1454 3602 ὑπόπτευσιν,
1484 3535 1916 3604 contemplantes
1949 3530 2121 3600 dispi-

552 3642 766 3698 ciebant
812 3639 1034 3693 humum
1079 3649 1200 3691 cum
1247 3629 1678 3703 competentibus
1728 3624 2119 3691 meditahundi,

555 3750 662 3788 non
719 3732 868 3788 velut
897 3727 1152 3792 ἐπόπται,
1181 3725 1235 3778 id
1265 3731 1348 3779 est
1406 3719 1755 3790 inspicientes
1789 3718 1842 3771 in
1880 3715 2124 3786 profanis

557 3823 714 3880 lsidis
745 3819 933 3886 sacris,
975 3817 1068 3873 sed
1105 3813 1350 3883 exemplo
1384 3810 1666 3866 Publicani
1709 3823 1819 3862 non
1856 3807 2127 3861 audebant

557 3914 803 3969 attollere
828 3911 1036 3977 oculos,
1068 3906 1282 3976 obstipo
1315 3905 1516 3974 capite,
1570 3909 1624 3956 et
1654 3900 1881 3970 ligentes
1918 3897 2126 3950 lumina

558 4017 734 4073 terrae,
773 4003 985 4066 cernui,
1021 4001 1130 4055 imo
1173 3997 1355 4069 potius
1406 3993 1740 4058 ὑπόπτωσιν,
1777 3991 1901 4061 quia
1946 3987 2128 4042 ﬂecte-

559 4099 691 4153 bant
720 4111 895 4169 genua
927 4091 1174 4160 subinde,
1201 4088 1424 4160 quodin
1458 4087 1631 4143 sacris
1659 4085 1922 4140 diaconus
1951 4082 2130 4136 adhuc

562 4191 844 4254 inclamat,
902 4183 1250 4243 succidebant
1294 4182 1351 4236 in
1399 4194 1613 4251 genua,
1659 4185 1717 4232 et
1756 4176 1824 4232 de
1865 4173 2130 4246 geniculis

559 4283 877 4347 adorabant,
912 4279 988 4335 uti
1030 4277 1273 4348 loquitur
1301 4271 1697 4336 Tertullianus,
1724 4268 2050 4333 inclinantes
2072 4280 2132 4322 se

561 4374 928 4443 γονυκλίσεσι.
972 4369 1050 4424 lta
1102 4367 1293 4423 orabat
1342 4372 1566 4420 sanctus
1616 4361 1819 4416 Paulus
1855 4375 1904 4416 c.
1955 4373 2016 4414 ιιι
2063 4357 2132 4414 ad

2222 3185 2276 3231 et
2305 3173 2612 3230 emendavit
2649 3169 3000 3227 doctissimus
3037 3167 3302 3223 Possinus
3329 3165 3388 3221 in
3421 3163 3727 3220 Glossarioad

2221 3265 2590 3330 Andronicum
2643 3261 2840 3332 Georg.
2893 3258 3269 3330 Pachymeris,
3313 3266 3370 3312 et
3419 3251 3725 3323 hujuscemodi

2223 3357 2512 3413 conclusos
2538 3355 2592 3409 in
2623 3351 2912 3418 cubiculis,
2933 3359 2987 3406 et
3025 3350 3291 3412 οἱκίσκοις
3338 3346 3516 3402 dictos
3557 3342 3725 3396 κωϐου-

2223 3449 2494 3513 κλεισίους
2545 3448 2766 3502 adnotat
2815 3445 2977 3501 etiam
3019 3457 3050 3498 e
3092 3444 3360 3512 scriptore
3421 3439 3548 3494 Vita:
3581 3447 3726 3492 sancta

2225 3540 2406 3596 Maria:
2428 3539 2660 3610 junioris
2688 3551 2980 3608 anonymo,
3019 3535 3206 3592 codice
3235 3531 3498 3588 Vaticano
3517 3530 3624 3592 800,
3644 3542 3722 3597 pag.

2223 3634 2347 3689 492.
2377 3632 2797 3703 Opponebantur
2822 3637 2877 3685 et
2904 3626 3272 3691 κοινοδιὼταις
3319 3626 3376 3680 hi
3418 3625 3509 3695 qui
3551 3621 3725 3692 appella-

2223 3727 2424 3782 bantur
2441 3723 2763 3795 ήσυχασταὶ,
2795 3721 3246 3778 anachoretarum
3287 3719 3490 3787 specie,
3519 3712 3724 3773 solitarii;

2225 3825 2472 3873 amantes
2509 3817 2709 3887 quietis
2729 3855 2744 3883 ,
2779 3813 3086 3884 tranquillae
3115 3812 3237 3866 vita:
3266 3809 3540 3866 studiosos
3564 3803 3724 3876 exponit

2225 3923 2504 3978 nunquam
2546 3909 2678 3962 satis
2709 3906 2962 3962 laudatus
3001 3903 3264 3960 Possinus
3301 3903 3358 3957 in
3405 3899 3613 3971 epiStola
3659 3894 3724 3949 l9!

2226 3995 2332 4050 Nili
2375 3998 2442 4052 ad
2477 3995 2730 4050 Ruﬁnum
2785 3994 3117 4066 ήσυχαστὴν,
3163 3993 3352 4047 dubito
3391 4007 3460 4046 an
3502 3990 3565 4044 sit
3600 3988 3651 4052 is,
3681 3982 3722 4036 Id

2229 4103 2389 4159 quem
2424 4087 2563 4144 idem
2607 4085 2824 4156 scripsit
2856 4084 2976 4148 188,
3018 4083 3172 4138 nullo
3204 4082 3391 4137 addito
3417 4074 3722 4150 epitheto.sed

2230 4177 2522 4247 utrobique
2565 4177 2676 4247 agit
2712 4175 2778 4230 de
2819 4171 3343 4244 perturbationibus,
3378 4170 3492 4225 sive
3526 4161 3724 4236 passioni.

2232 4270 2357 4325 bus.
2415 4269 2568 4327 Hanc
2617 4267 2865 4322 ultimam
2926 4263 3156 4319 Allatius
3208 4261 3459 4317 inscribit
3511 4249 3724 4310 Chatitoui

2232 4366 2271 4421 l.
2303 4382 2384 4433 ιιι,
2411 4366 2571 4436 epist.
2595 4363 2726 4430 264;
2761 4373 2816 4418 at
2839 4359 3035 4416 Ruﬁno
3061 4357 3371 4430 perbrevem
3403 4354 3522 4409 265.
3550 4352 3722 4407 Primam

562 4438 846 4532 Ερῧθείοεν
891 4474 943 4512 V-
977 4457 1078 4523 ης
1110 4464 1164 4510 ει
1205 4463 1430 4520 sanctus
1460 4453 1674 4518 Ρθιΐυδν
1704 4465 1754 4506 (³·
1783 4466 1839 4505 ιι
1870 4449 2127 4532 Aulium.
2157 4463 2208 4524 D
2233 4469 2412 4515 autem
2463 4458 2659 4512 Ruﬁno
2693 4455 2768 4510 illi
2807 4454 2910 4526 ipsi
2959 4452 3294 4524 hesychasta:
3334 4449 3373 4503 ι.
3403 4462 3474 4510 ιν,
3511 4444 3644 4514 epist.
3666 4438 3723 4495 Si.

565 4528 622 4608 v.
659 4552 768 4619 40;
803 4552 935 4622 quin
982 4547 1240 4619 prostrati
1274 4547 1563 4617 μετάνοιαν
1613 4543 1918 4614 βάλλοντες,
1964 4528 2134 4612 proji-
2164 4610 2180 4618 _

563 4646 781 4701 ciebant
832 4657 952 4698 sese
997 4640 1065 4695 ad
1110 4637 1509 4709 paenitentiam.
1562 4635 1744 4705 Aliqui
1777 4633 2035 4688 σύστασιν
2080 4633 2136 4688 id

567 4745 652 4791 est
675 4735 984 4798 stationem,
1019 4730 1380 4784 consistentes
1419 4742 1545 4782 cum
1576 4725 1845 4792 ﬁdelibus,
1889 4725 2017 4780 dum
2053 4739 2136 4780 sa-

567 4827 834 4883 criﬁcium
891 4823 1290 4888 celebraretur,
1342 4829 1532 4890 postea
1593 4819 1884 4891 μέστωσιν,
1944 4818 2000 4874 id
2054 4828 2139 4874 est

568 4919 1024 4990 complementum
1072 4913 1442 4979 adhibebant,
1501 4912 1722 4982 quando
1772 4926 1968 4983 nempe
2021 4908 2138 4982 pte-

573 5010 856 5064 uitentiam
902 5006 1277 5076 expleverant,
1329 5011 1384 5060 et
1410 5003 1874 5059 reconciliationis
1922 5013 2138 5073 tempus

571 5100 976 5172 exspectabant.
1007 5097 1163 5153 Haud
1186 5095 1441 5152 dissimili
1462 5094 1624 5151 modo
1652 5105 1808 5150 erant
1832 5105 1886 5149 et
1914 5095 2134 5165 gradus,

574 5193 691 5248 sive
737 5192 955 5247 ordines
991 5188 1406 5252 monachorum,
1455 5187 1549 5257 qui
1597 5185 1976 5241 vocitabantur
2027 5201 2137 5239 non

576 5295 785 5340 tantum
830 5285 1059 5355 pepulus
1102 5289 1323 5337 sanctus
1360 5279 1486 5344 Dei,
1531 5285 1592 5332 ut
1635 5278 1688 5331 in
1731 5277 1975 5342 collecta,
2017 5294 2142 5347 quae

579 5378 833 5432 recitatur
870 5373 1222 5430 hebdomadis
1259 5379 1459 5427 sanctae
1493 5368 1628 5424 l'eria
1665 5377 1839 5432 seua,
1875 5382 1940 5422 eo
1975 5384 2141 5424 voca-

581 5469 709 5523 bulo
739 5465 1139 5537 comprehensi,
1169 5473 1222 5520 et
1248 5479 1281 5518 a
1313 5460 1536 5532 reliquis
1584 5460 1740 5516 laicis
1766 5460 1995 5518 necdum
2025 5462 2142 5518 dis-

583 5560 764 5624 tincti,
805 5574 902 5630 pro
949 5556 1147 5627 quibus
1189 5555 1485 5620 orabatur;
1540 5567 1730 5608 verum
1777 5564 1832 5609 et
1872 5553 2142 5624 lugentes,

584 5660 745 5720 atque
788 5649 1129 5719 plangentes,
1173 5655 1228 5702 et
1288 5645 1342 5699 in
1391 5644 1739 5707 monasteria,
1797 5644 2146 5714 claustraque

588 5743 733 5797 velut
753 5742 809 5796 in
838 5737 1171 5810 paenitentia:
1197 5735 1505 5805 domicilia,
1552 5736 1842 5808 ergastula,
1877 5751 2147 5795 carceres-

2235 4551 2366 4621 quin
2396 4558 2451 4604 et
2470 4547 2631 4602 aliam
2655 4545 2851 4600 Ruﬁno
2881 4540 3218 4598 Scholastico
3247 4537 3334 4600 76,
3365 4537 3458 4591 lib.
3481 4550 3516 4594 ι,
3539 4532 3595 4585 ad
3612 4541 3722 4598 quem

2233 4646 2396 4701 etiam
2427 4649 2671 4713 spectare
2713 4637 2945 4692 arbitror
2972 4635 3036 4688 77
3069 4643 3126 4688 et
3152 4631 3256 4695 78,
3301 4644 3423 4699 quae
3461 4634 3725 4690 Consequuu‘

2235 4748 2363 4803 tur;
2404 4733 2654 4790 fortassis
2699 4738 2815 4786 erat
2847 4728 2987 4783 idem
3030 4725 3280 4786 Ruﬁnus,
3318 4721 3411 4791 qui
3452 4736 3482 4773 e
3509 4717 3608 4771 foro
3640 4724 3724 4781 pro-

2236 4828 2422 4892 diens,
2449 4823 2770 4896 legibusque
2796 4818 3056 4890 publicis,
3108 4830 3244 4887 quas
3299 4811 3724 4884 proﬁtebatur,ex-

2237 4917 2489 4989 quirebat
2507 4891 2707 4971 vsacrte
2757 4910 3052 4980 Scriptum
3083 4917 3142 4963 ut
3169 4905 3321 4961 Nilus
3348 4905 3464 4959 loca
3491 4899 3582 4957 sibi
3603 4891 3724 4962 expli-

2236 4987 2409 5072 caret,
2429 5023 2550 5064 eam
2583 5006 2846 5068 delibans,
2878 5013 2933 5058 et
2956 5003 3008 5057 ni
3034 5000 3212 5065 fallor,
3242 5008 3421 5068 posset
3441 5009 3551 5050 esse
3570 4987 3721 5045 celeber

2239 5103 2330 5157 ille
2365 5098 2701 5170 Origeuista,
2730 5112 2829 5151 nec
2861 5097 3006 5150 enim
3040 5107 3211 5148 sevum
3245 5089 3524 5170 discrepat.
3549 5074 3716 5148 l‘aﬁpii‘

2241 5169 2516 5262 Μοναχοέι,
2548 5191 2640 5242 καὶ
2667 5185 2971 5258 ἡσυχαποῦ
3006 5183 3100 5238 τοῦ
3149 5169 3308 5253 open;
3335 5181 3538 5248 Λάτρου
3573 5169 3718 5241 σκόλιον

2243 5286 2435 5356 legitur
2472 5285 2527 5336 in
2556 5281 2713 5335 Scala
2761 5277 2986 5332 Joannis
3031 5274 3304 5338 Climacis,
3340 5289 3392 5343 p.
3423 5269 3539 5326 365.
3577 5263 3628 5317 lli
3657 5271 3718 5311 no-

2243 5391 2366 5431 men
2395 5373 2693 5429 sortiuntur
2717 5369 2826 5422 ἀπὸ
2857 5367 2957 5438 τῆς
2994 5365 3246 5437 ἡσυχίας,
3276 5365 3328 5418 id
3352 5371 3430 5418 est
3467 5379 3496 5413 a
3531 5356 3717 5426 quid!“

2243 5465 2474 5520 silentio.
2500 5460 2576 5518 De
2601 5462 2705 5516 hac
2743 5460 2942 5515 virtute
2974 5457 3096 5514 fuse
3129 5455 3517 5525 suprascriptus
3547 5446 3716 5500 Joannes

2245 5556 2414 5626 gradu
2474 5555 2575 5619 27,
2614 5564 2738 5624 pag.
2781 5553 2907 5608 405.
2947 5551 3087 5607 Istos
3127 5565 3234 5605 non
3277 5547 3461 5618 probat
3499 5535 3715 5594 Cassianus

2247 5647 2426 5702 collat.
2468 5645 2554 5710 l8,
2605 5659 2656 5699 c.
2704 5645 2771 5708 8,
2805 5643 2872 5699 de
2909 5651 3105 5714 quarto
3149 5653 3343 5715 genere
3377 5632 3712 5715 monachoruu.

2247 5738 2401 5810 quasi
2436 5738 2666 5809 tepidos,
2706 5737 2832 5810 quia
2873 5710 3062 5794 sedent
3101 5711 3380 5806 (scribit),
3408 5744 3436 5784 a
3470 5720 3645 5783 nomine
3667 5710 3712 5768 ιιι
