  <div class='ocr_page' id='page_1' title='image "/cluster/home/n/w/nwhite01/storage/ocr_20150623/79/hvd.32044010610517/670.png"; bbox 0 0 3838 6056; ppageno 0'>
   <div class='ocr_carea' id='block_1_1' title="bbox 43 302 184 369">
    <p class='ocr_par' dir='ltr' id='par_1_1' title="bbox 43 302 184 369">
     <span class='ocr_line' id='line_1_1' title="bbox 43 302 184 369; baseline 0.014 -1"><span class='ocrx_word' id='word_1_1' title='bbox 43 302 184 369; x_wconf 78' lang='lat' dir='ltr'><strong>i325</strong></span> 
     </span>
    </p>
   </div>
   <div class='ocr_carea' id='block_1_2' title="bbox 1233 276 2076 359">
    <p class='ocr_par' dir='ltr' id='par_1_2' title="bbox 1233 276 2076 359">
     <span class='ocr_line' id='line_1_2' title="bbox 1233 276 2076 359; baseline -0.002 0"><span class='ocrx_word' id='word_1_2' title='bbox 1233 298 1332 359; x_wconf 86' lang='lat' dir='ltr'><strong>DE</strong></span> <span class='ocrx_word' id='word_1_3' title='bbox 1367 276 1747 357; x_wconf 66' lang='lat' dir='ltr'><strong>ornamus</strong></span> <span class='ocrx_word' id='word_1_4' title='bbox 1785 296 1844 354; x_wconf 89' lang='lat' dir='ltr'><strong>s.</strong></span> <span class='ocrx_word' id='word_1_5' title='bbox 1886 295 2076 358; x_wconf 90' lang='lat' dir='ltr'><strong>NILI.</strong></span> 
     </span>
    </p>
   </div>
   <div class='ocr_carea' id='block_1_3' title="bbox 3153 293 3285 358">
    <p class='ocr_par' dir='ltr' id='par_1_3' title="bbox 3153 293 3285 358">
     <span class='ocr_line' id='line_1_3' title="bbox 3153 293 3285 358; baseline 0.015 -2"><span class='ocrx_word' id='word_1_6' title='bbox 3153 293 3285 358; x_wconf 66' lang='lat'><strong>13%</strong></span> 
     </span>
    </p>
   </div>
   <div class='ocr_carea' id='block_1_4' title="bbox 34 398 3288 486">
    <p class='ocr_par' dir='ltr' id='par_1_4' title="bbox 34 398 3288 486">
     <span class='ocr_line' id='line_1_4' title="bbox 34 398 3288 486; baseline -0.002 -20"><span class='ocrx_word' id='word_1_7' title='bbox 34 409 252 472; x_wconf 88' lang='lat' dir='ltr'><strong>cessiti,</strong></span> <span class='ocrx_word' id='word_1_8' title='bbox 285 413 339 462; x_wconf 90' lang='lat' dir='ltr'><strong>et</strong></span> <span class='ocrx_word' id='word_1_9' title='bbox 384 404 673 476; x_wconf 75' lang='lat' dir='ltr'><strong>patientes,</strong></span> <span class='ocrx_word' id='word_1_10' title='bbox 713 408 879 472; x_wconf 87' lang='lat' dir='ltr'><strong>atque</strong></span> <span class='ocrx_word' id='word_1_11' title='bbox 926 401 1225 467; x_wconf 79' lang='lat' dir='ltr'><strong>mansueti,</strong></span> <span class='ocrx_word' id='word_1_12' title='bbox 1282 416 1347 457; x_wconf 90' lang='lat' dir='ltr'><strong>ac</strong></span> <span class='ocrx_word' id='word_1_13' title='bbox 1378 401 1611 456; x_wconf 86' lang='lat' dir='ltr'><strong>humiles</strong></span> <span class='ocrx_word' id='word_1_14' title='bbox 1641 413 1689 462; x_wconf 73' lang='grc' dir='ltr'>Α</span> <span class='ocrx_word' id='word_1_15' title='bbox 1717 398 1937 455; x_wconf 81' lang='lat' dir='ltr'><strong>nomine</strong></span> <span class='ocrx_word' id='word_1_16' title='bbox 1971 399 2293 464; x_wconf 85' lang='lat' dir='ltr'><strong>monachus,</strong></span> <span class='ocrx_word' id='word_1_17' title='bbox 2324 413 2420 456; x_wconf 89' lang='lat' dir='ltr'><strong>seu</strong></span> <span class='ocrx_word' id='word_1_18' title='bbox 2464 400 2821 457; x_wconf 79' lang='lat' dir='ltr'><strong>monasticam</strong></span> <span class='ocrx_word' id='word_1_19' title='bbox 2859 401 3288 486; x_wconf 51' lang='lat' dir='ltr'><strong>vitam&#39;degens,</strong></span> 
     </span>
    </p>
   </div>
   <div class='ocr_carea' id='block_1_5' title="bbox 32 491 1616 563">
    <p class='ocr_par' dir='ltr' id='par_1_5' title="bbox 32 491 1616 563">
     <span class='ocr_line' id='line_1_5' title="bbox 32 491 1616 563; baseline -0.008 -6"><span class='ocrx_word' id='word_1_20' title='bbox 32 499 304 558; x_wconf 60' lang='lat' dir='ltr'><strong>aestimari</strong></span> <span class='ocrx_word' id='word_1_21' title='bbox 334 496 668 559; x_wconf 86' lang='lat' dir='ltr'><strong>desiderant,</strong></span> <span class='ocrx_word' id='word_1_22' title='bbox 713 508 814 548; x_wconf 88' lang='lat' dir='ltr'><strong>nec</strong></span> <span class='ocrx_word' id='word_1_23' title='bbox 842 493 909 548; x_wconf 91' lang='lat' dir='ltr'><strong>ad</strong></span> <span class='ocrx_word' id='word_1_24' title='bbox 950 491 1337 563; x_wconf 76' lang='lat' dir='ltr'><strong>perfectionem</strong></span> <span class='ocrx_word' id='word_1_25' title='bbox 1374 506 1616 563; x_wconf 89' lang='lat' dir='ltr'><strong>unquam</strong></span> 
     </span>
    </p>
   </div>
   <div class='ocr_carea' id='block_1_6' title="bbox 33 583 1617 663">
    <p class='ocr_par' dir='ltr' id='par_1_6' title="bbox 33 583 1617 663">
     <span class='ocr_line' id='line_1_6' title="bbox 33 583 1617 663; baseline -0.008 -16"><span class='ocrx_word' id='word_1_26' title='bbox 33 591 384 663; x_wconf 86' lang='lat' dir='ltr'><strong>perveniunt,</strong></span> <span class='ocrx_word' id='word_1_27' title='bbox 425 595 479 641; x_wconf 92' lang='lat' dir='ltr'><strong>et</strong></span> <span class='ocrx_word' id='word_1_28' title='bbox 512 585 567 639; x_wconf 94' lang='lat' dir='ltr'><strong>hi</strong></span> <span class='ocrx_word' id='word_1_29' title='bbox 601 583 827 639; x_wconf 76' lang='lat' dir='ltr'><strong>forsitan</strong></span> <span class='ocrx_word' id='word_1_30' title='bbox 863 584 1128 652; x_wconf 82' lang='lat' dir='ltr'><strong>appellari</strong></span> <span class='ocrx_word' id='word_1_31' title='bbox 1158 592 1390 653; x_wconf 91' lang='lat' dir='ltr'><strong>possunt</strong></span> <span class='ocrx_word' id='word_1_32' title='bbox 1422 599 1617 637; x_wconf 87' lang='lat' dir='ltr'><strong>vacan-</strong></span> 
     </span>
    </p>
   </div>
   <div class='ocr_carea' id='block_1_7' title="bbox 35 675 1621 750">
    <p class='ocr_par' dir='ltr' id='par_1_7' title="bbox 35 675 1621 750">
     <span class='ocr_line' id='line_1_7' title="bbox 35 675 1621 750; baseline -0.007 -12"><span class='ocrx_word' id='word_1_33' title='bbox 35 684 132 738; x_wconf 80' lang='lat' dir='ltr'><strong>tiri</strong></span> <span class='ocrx_word' id='word_1_34' title='bbox 165 696 300 737; x_wconf 90' lang='lat' dir='ltr'><strong>voce</strong></span> <span class='ocrx_word' id='word_1_35' title='bbox 332 676 654 750; x_wconf 86' lang='lat' dir='ltr'><strong>Synesiana,</strong></span> <span class='ocrx_word' id='word_1_36' title='bbox 687 675 842 746; x_wconf 89' lang='lat' dir='ltr'><strong>quasi</strong></span> <span class='ocrx_word' id='word_1_37' title='bbox 881 684 1144 729; x_wconf 80' lang='lat' dir='ltr'><strong>vacantes.</strong></span> <span class='ocrx_word' id='word_1_38' title='bbox 1170 675 1276 731; x_wconf 85' lang='lat' dir='ltr'><strong>Sed</strong></span> <span class='ocrx_word' id='word_1_39' title='bbox 1313 675 1621 745; x_wconf 69' lang='grc' dir='ltr'>ήσυχασταὶ</span> 
     </span>
    </p>
   </div>
   <div class='ocr_carea' id='block_1_8' title="bbox 34 766 1621 840">
    <p class='ocr_par' dir='ltr' id='par_1_8' title="bbox 34 766 1621 840">
     <span class='ocr_line' id='line_1_8' title="bbox 34 766 1621 840; baseline -0.004 -14"><span class='ocrx_word' id='word_1_40' title='bbox 34 774 153 828; x_wconf 80' lang='lat' dir='ltr'><strong>veri</strong></span> <span class='ocrx_word' id='word_1_41' title='bbox 199 788 263 826; x_wconf 89' lang='lat' dir='ltr'><strong>ac</strong></span> <span class='ocrx_word' id='word_1_42' title='bbox 315 768 470 840; x_wconf 88' lang='lat' dir='ltr'><strong>probi</strong></span> <span class='ocrx_word' id='word_1_43' title='bbox 501 767 811 823; x_wconf 86' lang='lat' dir='ltr'><strong>residebant</strong></span> <span class='ocrx_word' id='word_1_44' title='bbox 850 768 1117 820; x_wconf 89' lang='lat' dir='ltr'><strong>mansueti</strong></span> <span class='ocrx_word' id='word_1_45' title='bbox 1172 782 1295 821; x_wconf 92' lang='lat' dir='ltr'><strong>cum</strong></span> <span class='ocrx_word' id='word_1_46' title='bbox 1324 766 1539 821; x_wconf 88' lang='lat' dir='ltr'><strong>silentio</strong></span> <span class='ocrx_word' id='word_1_47' title='bbox 1568 774 1621 820; x_wconf 91' lang='lat' dir='ltr'><strong>et</strong></span> 
     </span>
    </p>
   </div>
   <div class='ocr_carea' id='block_1_9' title="bbox 36 856 1621 934">
    <p class='ocr_par' dir='ltr' id='par_1_9' title="bbox 36 856 1621 934">
     <span class='ocr_line' id='line_1_9' title="bbox 36 856 1621 934; baseline -0.005 -17"><span class='ocrx_word' id='word_1_48' title='bbox 36 863 229 934; x_wconf 88' lang='lat' dir='ltr'><strong>quiete</strong></span> <span class='ocrx_word' id='word_1_49' title='bbox 272 859 470 923; x_wconf 89' lang='lat' dir='ltr'><strong>animi,</strong></span> <span class='ocrx_word' id='word_1_50' title='bbox 503 872 603 912; x_wconf 88' lang='lat' dir='ltr'><strong>nec</strong></span> <span class='ocrx_word' id='word_1_51' title='bbox 646 857 828 911; x_wconf 92' lang='lat' dir='ltr'><strong>minus</strong></span> <span class='ocrx_word' id='word_1_52' title='bbox 857 872 915 911; x_wconf 90' lang='lat' dir='ltr'><strong>se</strong></span> <span class='ocrx_word' id='word_1_53' title='bbox 956 856 1063 925; x_wconf 91' lang='lat' dir='ltr'><strong>piis</strong></span> <span class='ocrx_word' id='word_1_54' title='bbox 1112 856 1369 926; x_wconf 81' lang='lat' dir='ltr'><strong>Operibus</strong></span> <span class='ocrx_word' id='word_1_55' title='bbox 1400 856 1621 910; x_wconf 83' lang='lat' dir='ltr'><strong>addice-</strong></span> 
     </span>
    </p>
   </div>
   <div class='ocr_carea' id='block_1_10' title="bbox 36 948 1623 1019">
    <p class='ocr_par' dir='ltr' id='par_1_10' title="bbox 36 948 1623 1019">
     <span class='ocr_line' id='line_1_10' title="bbox 36 948 1623 1019; baseline -0.005 -10"><span class='ocrx_word' id='word_1_56' title='bbox 36 957 208 1018; x_wconf 84' lang='lat' dir='ltr'><strong>bant,</strong></span> <span class='ocrx_word' id='word_1_57' title='bbox 243 960 297 1008; x_wconf 89' lang='lat' dir='ltr'><strong>et</strong></span> <span class='ocrx_word' id='word_1_58' title='bbox 344 951 577 1019; x_wconf 80' lang='grc' dir='ltr'><strong>ἄσκησιν</strong></span> <span class='ocrx_word' id='word_1_59' title='bbox 622 963 837 1018; x_wconf 88' lang='lat' dir='ltr'><strong>quoque</strong></span> <span class='ocrx_word' id='word_1_60' title='bbox 881 948 936 1003; x_wconf 93' lang='lat' dir='ltr'><strong>in</strong></span> <span class='ocrx_word' id='word_1_61' title='bbox 978 949 1234 1014; x_wconf 87' lang='lat' dir='ltr'><strong>amando,</strong></span> <span class='ocrx_word' id='word_1_62' title='bbox 1282 948 1623 1017; x_wconf 89' lang='lat' dir='ltr'><strong>colendoque</strong></span> 
     </span>
    </p>
   </div>
   <div class='ocr_carea' id='block_1_11' title="bbox 38 1040 1623 1111">
    <p class='ocr_par' dir='ltr' id='par_1_11' title="bbox 38 1040 1623 1111">
     <span class='ocr_line' id='line_1_11' title="bbox 38 1040 1623 1111; baseline -0.003 -13"><span class='ocrx_word' id='word_1_63' title='bbox 38 1047 241 1105; x_wconf 77' lang='lat' dir='ltr'><strong>Deum,</strong></span> <span class='ocrx_word' id='word_1_64' title='bbox 272 1053 324 1097; x_wconf 90' lang='lat' dir='ltr'><strong>et</strong></span> <span class='ocrx_word' id='word_1_65' title='bbox 378 1040 672 1111; x_wconf 83' lang='lat' dir='ltr'><strong>diligendo,</strong></span> <span class='ocrx_word' id='word_1_66' title='bbox 718 1040 1137 1110; x_wconf 89' lang='lat' dir='ltr'><strong>adjuvandoque</strong></span> <span class='ocrx_word' id='word_1_67' title='bbox 1181 1040 1489 1110; x_wconf 84' lang='lat' dir='ltr'><strong>proximum</strong></span> <span class='ocrx_word' id='word_1_68' title='bbox 1537 1054 1623 1093; x_wconf 91' lang='lat' dir='ltr'><strong>sc-</strong></span> 
     </span>
    </p>
   </div>
   <div class='ocr_carea' id='block_1_12' title="bbox 38 1130 1621 1202">
    <p class='ocr_par' dir='ltr' id='par_1_12' title="bbox 38 1130 1621 1202">
     <span class='ocr_line' id='line_1_12' title="bbox 38 1130 1621 1202; baseline -0.006 -9"><span class='ocrx_word' id='word_1_69' title='bbox 38 1140 353 1199; x_wconf 85' lang='lat' dir='ltr'><strong>ctabantur,</strong></span> <span class='ocrx_word' id='word_1_70' title='bbox 386 1133 652 1202; x_wconf 74' lang='grc' dir='ltr'><strong>Θεοφιλεῖς</strong></span> <span class='ocrx_word' id='word_1_71' title='bbox 681 1139 837 1185; x_wconf 86' lang='lat' dir='ltr'><strong>erant</strong></span> <span class='ocrx_word' id='word_1_72' title='bbox 882 1131 1201 1195; x_wconf 82' lang='lat' dir='ltr'><strong>Christiani,</strong></span> <span class='ocrx_word' id='word_1_73' title='bbox 1242 1130 1407 1202; x_wconf 78' lang='lat'><strong>599</strong></span> <span class='ocrx_word' id='word_1_74' title='bbox 1435 1131 1488 1185; x_wconf 91' lang='lat' dir='ltr'><strong>id</strong></span> <span class='ocrx_word' id='word_1_75' title='bbox 1517 1138 1621 1194; x_wconf 85' lang='lat' dir='ltr'><strong>est,</strong></span> 
     </span>
    </p>
   </div>
   <div class='ocr_carea' id='block_1_13' title="bbox 40 1221 1625 1294">
    <p class='ocr_par' dir='ltr' id='par_1_13' title="bbox 40 1221 1625 1294">
     <span class='ocr_line' id='line_1_13' title="bbox 40 1221 1625 1294; baseline -0.004 -11"><span class='ocrx_word' id='word_1_76' title='bbox 40 1238 320 1283; x_wconf 78' lang='lat' dir='ltr'><strong>amatores</strong></span> <span class='ocrx_word' id='word_1_77' title='bbox 367 1225 455 1279; x_wconf 90' lang='lat' dir='ltr'><strong>Dei</strong></span> <span class='ocrx_word' id='word_1_78' title='bbox 490 1224 598 1294; x_wconf 88' lang='lat' dir='ltr'><strong>(ait</strong></span> <span class='ocrx_word' id='word_1_79' title='bbox 635 1224 751 1292; x_wconf 88' lang='lat' dir='ltr'><strong>ipse</strong></span> <span class='ocrx_word' id='word_1_80' title='bbox 782 1221 996 1277; x_wconf 83' lang='lat' dir='ltr'><strong>Climax</strong></span> <span class='ocrx_word' id='word_1_81' title='bbox 1038 1225 1205 1294; x_wconf 84' lang='lat' dir='ltr'><strong>gradu</strong></span> <span class='ocrx_word' id='word_1_82' title='bbox 1251 1224 1349 1294; x_wconf 75' lang='lat'><strong>1);</strong></span> <span class='ocrx_word' id='word_1_83' title='bbox 1396 1233 1625 1277; x_wconf 86' lang='lat' dir='ltr'><strong>ornatur</strong></span> 
     </span>
    </p>
   </div>
   <div class='ocr_carea' id='block_1_14' title="bbox 40 1312 1621 1385">
    <p class='ocr_par' dir='ltr' id='par_1_14' title="bbox 40 1312 1621 1385">
     <span class='ocr_line' id='line_1_14' title="bbox 40 1312 1621 1385; baseline -0.006 -11"><span class='ocrx_word' id='word_1_84' title='bbox 40 1320 189 1374; x_wconf 88' lang='lat' dir='ltr'><strong>enim</strong></span> <span class='ocrx_word' id='word_1_85' title='bbox 236 1318 404 1372; x_wconf 91' lang='lat' dir='ltr'><strong>titulis</strong></span> <span class='ocrx_word' id='word_1_86' title='bbox 444 1316 595 1370; x_wconf 87' lang='lat' dir='ltr'><strong>hisce</strong></span> <span class='ocrx_word' id='word_1_87' title='bbox 629 1313 954 1384; x_wconf 74' lang='grc' dir='ltr'>Χριστιανὸς</span> <span class='ocrx_word' id='word_1_88' title='bbox 988 1312 1272 1385; x_wconf 81' lang='grc' dir='ltr'><strong>Θεοφιλὴς,</strong></span> <span class='ocrx_word' id='word_1_89' title='bbox 1315 1312 1621 1385; x_wconf 74' lang='grc' dir='ltr'>ἐγκρατὴς,</span> 
     </span>
    </p>
   </div>
   <div class='ocr_carea' id='block_1_15' title="bbox 43 1402 1628 1481">
    <p class='ocr_par' dir='ltr' id='par_1_15' title="bbox 43 1402 1628 1481">
     <span class='ocr_line' id='line_1_15' title="bbox 43 1402 1628 1481; baseline -0.004 -18"><span class='ocrx_word' id='word_1_90' title='bbox 43 1410 306 1481; x_wconf 83' lang='grc' dir='ltr'><strong>μοναχός.</strong></span> <span class='ocrx_word' id='word_1_91' title='bbox 348 1406 583 1461; x_wconf 88' lang='lat' dir='ltr'><strong>Sanctus</strong></span> <span class='ocrx_word' id='word_1_92' title='bbox 620 1402 798 1459; x_wconf 88' lang='lat' dir='ltr'><strong>Lucas</strong></span> <span class='ocrx_word' id='word_1_93' title='bbox 821 1404 1194 1473; x_wconf 88' lang='lat' dir='ltr'><strong>apostolorum</strong></span> <span class='ocrx_word' id='word_1_94' title='bbox 1235 1402 1403 1457; x_wconf 81' lang='lat' dir='ltr'><strong>Actus</strong></span> <span class='ocrx_word' id='word_1_95' title='bbox 1443 1403 1628 1472; x_wconf 76' lang='lat' dir='ltr'><strong>dirigit</strong></span> 
     </span>
    </p>
   </div>
   <div class='ocr_carea' id='block_1_16' title="bbox 41 1493 1625 1569">
    <p class='ocr_par' dir='ltr' id='par_1_16' title="bbox 41 1493 1625 1569">
     <span class='ocr_line' id='line_1_16' title="bbox 41 1493 1625 1569; baseline -0.006 -13"><span class='ocrx_word' id='word_1_96' title='bbox 41 1503 110 1556; x_wconf 88' lang='lat' dir='ltr'><strong>ad</strong></span> <span class='ocrx_word' id='word_1_97' title='bbox 153 1500 542 1569; x_wconf 88' lang='lat' dir='ltr'><strong>Theophilum,</strong></span> <span class='ocrx_word' id='word_1_98' title='bbox 582 1507 635 1553; x_wconf 92' lang='lat' dir='ltr'><strong>et</strong></span> <span class='ocrx_word' id='word_1_99' title='bbox 674 1496 977 1566; x_wconf 73' lang='lat' dir='ltr'><strong>intelligere</strong></span> <span class='ocrx_word' id='word_1_100' title='bbox 1015 1495 1147 1548; x_wconf 88' lang='lat' dir='ltr'><strong>mihi</strong></span> <span class='ocrx_word' id='word_1_101' title='bbox 1186 1493 1403 1548; x_wconf 88' lang='lat' dir='ltr'><strong>videtur</strong></span> <span class='ocrx_word' id='word_1_102' title='bbox 1432 1509 1498 1548; x_wconf 90' lang='lat' dir='ltr'><strong>eo</strong></span> <span class='ocrx_word' id='word_1_103' title='bbox 1525 1509 1625 1548; x_wconf 84' lang='lat' dir='ltr'><strong>no-</strong></span> 
     </span>
    </p>
   </div>
   <div class='ocr_carea' id='block_1_17' title="bbox 41 1586 1623 1657">
    <p class='ocr_par' dir='ltr' id='par_1_17' title="bbox 41 1586 1623 1657">
     <span class='ocr_line' id='line_1_17' title="bbox 41 1586 1623 1657; baseline -0.004 -13"><span class='ocrx_word' id='word_1_104' title='bbox 41 1596 195 1648; x_wconf 86' lang='lat' dir='ltr'><strong>mine</strong></span> <span class='ocrx_word' id='word_1_105' title='bbox 240 1591 622 1649; x_wconf 87' lang='lat' dir='ltr'><strong>Christianum.</strong></span> <span class='ocrx_word' id='word_1_106' title='bbox 687 1587 956 1642; x_wconf 80' lang='lat' dir='ltr'><strong>Exstitere</strong></span> <span class='ocrx_word' id='word_1_107' title='bbox 1013 1586 1234 1657; x_wconf 88' lang='lat' dir='ltr'><strong>quidam</strong></span> <span class='ocrx_word' id='word_1_108' title='bbox 1299 1587 1623 1657; x_wconf 77' lang='grc' dir='ltr'><strong>ἐγκρατεῖς,</strong></span> 
     </span>
    </p>
   </div>
   <div class='ocr_carea' id='block_1_18' title="bbox 42 1679 1625 1751">
    <p class='ocr_par' dir='ltr' id='par_1_18' title="bbox 42 1679 1625 1751">
     <span class='ocr_line' id='line_1_18' title="bbox 42 1679 1625 1751; baseline -0.005 -11"><span class='ocrx_word' id='word_1_109' title='bbox 42 1702 139 1740; x_wconf 76' lang='lat' dir='ltr'><strong>seu</strong></span> <span class='ocrx_word' id='word_1_110' title='bbox 177 1685 519 1739; x_wconf 82' lang='lat' dir='ltr'><strong>continentes</strong></span> <span class='ocrx_word' id='word_1_111' title='bbox 543 1723 558 1747; x_wconf 97' lang='lat'><strong>,</strong></span> <span class='ocrx_word' id='word_1_112' title='bbox 606 1682 699 1750; x_wconf 90' lang='lat' dir='ltr'><strong>qui</strong></span> <span class='ocrx_word' id='word_1_113' title='bbox 734 1688 788 1735; x_wconf 92' lang='lat' dir='ltr'><strong>et</strong></span> <span class='ocrx_word' id='word_1_114' title='bbox 821 1679 1310 1751; x_wconf 75' lang='grc' dir='ltr'>ὲγκρατευόμενοιο</span> <span class='ocrx_word' id='word_1_115' title='bbox 1346 1694 1374 1732; x_wconf 92' lang='lat' dir='ltr'><strong>a</strong></span> <span class='ocrx_word' id='word_1_116' title='bbox 1416 1679 1625 1734; x_wconf 89' lang='lat' dir='ltr'><strong>solatiis</strong></span> 
     </span>
    </p>
   </div>
   <div class='ocr_carea' id='block_1_19' title="bbox 42 1770 1621 1841">
    <p class='ocr_par' dir='ltr' id='par_1_19' title="bbox 42 1770 1621 1841">
     <span class='ocr_line' id='line_1_19' title="bbox 42 1770 1621 1841; baseline -0.003 -12"><span class='ocrx_word' id='word_1_117' title='bbox 42 1775 307 1829; x_wconf 89' lang='lat' dir='ltr'><strong>connubii</strong></span> <span class='ocrx_word' id='word_1_118' title='bbox 347 1783 505 1827; x_wconf 89' lang='lat' dir='ltr'><strong>erant</strong></span> <span class='ocrx_word' id='word_1_119' title='bbox 546 1773 597 1825; x_wconf 93' lang='lat' dir='ltr'><strong>bi</strong></span> <span class='ocrx_word' id='word_1_120' title='bbox 647 1772 874 1841; x_wconf 80' lang='lat' dir='ltr'><strong>sejuncti</strong></span> <span class='ocrx_word' id='word_1_121' title='bbox 908 1811 923 1830; x_wconf 90' lang='lat'><strong>.</strong></span> <span class='ocrx_word' id='word_1_122' title='bbox 962 1770 1412 1841; x_wconf 73' lang='grc' dir='ltr'>ἁποταττρμενοι,</span> <span class='ocrx_word' id='word_1_123' title='bbox 1457 1772 1621 1825; x_wconf 89' lang='lat' dir='ltr'><strong>vitam</strong></span> 
     </span>
    </p>
   </div>
   <div class='ocr_carea' id='block_1_20' title="bbox 43 1861 1627 1932">
    <p class='ocr_par' dir='ltr' id='par_1_20' title="bbox 43 1861 1627 1932">
     <span class='ocr_line' id='line_1_20' title="bbox 43 1861 1627 1932; baseline -0.004 -10"><span class='ocrx_word' id='word_1_124' title='bbox 43 1868 297 1922; x_wconf 76' lang='lat' dir='ltr'><strong>C(ehbem</strong></span> <span class='ocrx_word' id='word_1_125' title='bbox 328 1864 669 1919; x_wconf 80' lang='lat' dir='ltr'><strong>affectabam.</strong></span> <span class='ocrx_word' id='word_1_126' title='bbox 706 1862 1011 1916; x_wconf 84' lang='lat' dir='ltr'><strong>Concilium</strong></span> <span class='ocrx_word' id='word_1_127' title='bbox 1043 1861 1476 1932; x_wconf 81' lang='lat' dir='ltr'><strong>Carthaginense</strong></span> <span class='ocrx_word' id='word_1_128' title='bbox 1517 1872 1627 1915; x_wconf 90' lang='lat' dir='ltr'><strong>ter-</strong></span> 
     </span>
    </p>
   </div>
   <div class='ocr_carea' id='block_1_21' title="bbox 46 1950 1627 2015">
    <p class='ocr_par' dir='ltr' id='par_1_21' title="bbox 46 1950 1627 2015">
     <span class='ocr_line' id='line_1_21' title="bbox 46 1950 1627 2015; baseline -0.001 -7"><span class='ocrx_word' id='word_1_129' title='bbox 46 1957 188 2008; x_wconf 92' lang='lat' dir='ltr'><strong>tium</strong></span> <span class='ocrx_word' id='word_1_130' title='bbox 220 1969 268 2009; x_wconf 92' lang='lat' dir='ltr'><strong>c.</strong></span> <span class='ocrx_word' id='word_1_131' title='bbox 315 1954 411 2015; x_wconf 85' lang='grc'>58,</span> <span class='ocrx_word' id='word_1_132' title='bbox 464 1967 608 2006; x_wconf 90' lang='lat' dir='ltr'><strong>anno</strong></span> <span class='ocrx_word' id='word_1_133' title='bbox 638 1952 842 2007; x_wconf 87' lang='lat' dir='ltr'><strong>Christi</strong></span> <span class='ocrx_word' id='word_1_134' title='bbox 883 1951 1009 2015; x_wconf 85' lang='grc'>597,</span> <span class='ocrx_word' id='word_1_135' title='bbox 1046 1951 1097 2004; x_wconf 92' lang='lat' dir='ltr'><strong>in</strong></span> <span class='ocrx_word' id='word_1_136' title='bbox 1130 1950 1389 2007; x_wconf 87' lang='lat' dir='ltr'><strong>Africano</strong></span> <span class='ocrx_word' id='word_1_137' title='bbox 1438 1952 1627 2007; x_wconf 89' lang='lat' dir='ltr'><strong>codice</strong></span> 
     </span>
    </p>
   </div>
   <div class='ocr_carea' id='block_1_22' title="bbox 43 2043 1625 2108">
    <p class='ocr_par' dir='ltr' id='par_1_22' title="bbox 43 2043 1625 2108">
     <span class='ocr_line' id='line_1_22' title="bbox 43 2043 1625 2108; baseline -0.001 -7"><span class='ocrx_word' id='word_1_138' title='bbox 43 2049 268 2103; x_wconf 89' lang='lat' dir='ltr'><strong>illorum</strong></span> <span class='ocrx_word' id='word_1_139' title='bbox 309 2046 584 2108; x_wconf 88' lang='lat' dir='ltr'><strong>meminit,</strong></span> <span class='ocrx_word' id='word_1_140' title='bbox 614 2056 667 2099; x_wconf 90' lang='lat' dir='ltr'><strong>et</strong></span> <span class='ocrx_word' id='word_1_141' title='bbox 693 2044 1020 2099; x_wconf 81' lang='lat' dir='ltr'><strong>Cresconius</strong></span> <span class='ocrx_word' id='word_1_142' title='bbox 1058 2044 1112 2098; x_wconf 92' lang='lat' dir='ltr'><strong>in</strong></span> <span class='ocrx_word' id='word_1_143' title='bbox 1150 2043 1392 2100; x_wconf 90' lang='lat' dir='ltr'><strong>Breviar.</strong></span> <span class='ocrx_word' id='word_1_144' title='bbox 1422 2061 1472 2100; x_wconf 90' lang='lat' dir='ltr'><strong>c.</strong></span> <span class='ocrx_word' id='word_1_145' title='bbox 1497 2045 1625 2108; x_wconf 75' lang='lat'><strong>255,</strong></span> 
     </span>
    </p>
   </div>
   <div class='ocr_carea' id='block_1_23' title="bbox 44 2134 1627 2206">
    <p class='ocr_par' dir='ltr' id='par_1_23' title="bbox 44 2134 1627 2206">
     <span class='ocr_line' id='line_1_23' title="bbox 44 2134 1627 2206; baseline -0.003 -12"><span class='ocrx_word' id='word_1_146' title='bbox 44 2141 162 2194; x_wconf 81' lang='lat' dir='ltr'><strong>etl.</strong></span> <span class='ocrx_word' id='word_1_147' title='bbox 218 2155 286 2193; x_wconf 78' lang='lat' dir='ltr'><strong>xx</strong></span> <span class='ocrx_word' id='word_1_148' title='bbox 323 2137 460 2194; x_wconf 84' lang='lat' dir='ltr'><strong>Cod.</strong></span> <span class='ocrx_word' id='word_1_149' title='bbox 497 2136 768 2191; x_wconf 85' lang='lat' dir='ltr'><strong>Theodos.</strong></span> <span class='ocrx_word' id='word_1_150' title='bbox 820 2134 895 2189; x_wconf 89' lang='lat' dir='ltr'><strong>De</strong></span> <span class='ocrx_word' id='word_1_151' title='bbox 938 2136 1096 2205; x_wconf 86' lang='lat' dir='ltr'><strong>episc.</strong></span> <span class='ocrx_word' id='word_1_152' title='bbox 1133 2147 1184 2191; x_wconf 88' lang='lat' dir='ltr'><strong>et</strong></span> <span class='ocrx_word' id='word_1_153' title='bbox 1209 2136 1335 2193; x_wconf 76' lang='lat' dir='ltr'><strong>cier.</strong></span> <span class='ocrx_word' id='word_1_154' title='bbox 1370 2137 1460 2206; x_wconf 91' lang='lat' dir='ltr'><strong>qui</strong></span> <span class='ocrx_word' id='word_1_155' title='bbox 1498 2154 1627 2191; x_wconf 88' lang='lat' dir='ltr'><strong>con-</strong></span> 
     </span>
    </p>
   </div>
   <div class='ocr_carea' id='block_1_24' title="bbox 45 2227 1629 2297">
    <p class='ocr_par' dir='ltr' id='par_1_24' title="bbox 45 2227 1629 2297">
     <span class='ocr_line' id='line_1_24' title="bbox 45 2227 1629 2297; baseline 0 -13"><span class='ocrx_word' id='word_1_156' title='bbox 45 2232 330 2285; x_wconf 84' lang='lat' dir='ltr'><strong>tinentium</strong></span> <span class='ocrx_word' id='word_1_157' title='bbox 377 2245 438 2284; x_wconf 90' lang='lat' dir='ltr'><strong>se</strong></span> <span class='ocrx_word' id='word_1_158' title='bbox 488 2228 677 2282; x_wconf 89' lang='lat' dir='ltr'><strong>volunt</strong></span> <span class='ocrx_word' id='word_1_159' title='bbox 727 2228 949 2282; x_wconf 79' lang='lat' dir='ltr'><strong>nomine</strong></span> <span class='ocrx_word' id='word_1_160' title='bbox 992 2227 1329 2297; x_wconf 89' lang='lat' dir='ltr'><strong>nuncupari,</strong></span> <span class='ocrx_word' id='word_1_161' title='bbox 1368 2229 1458 2282; x_wconf 91' lang='lat' dir='ltr'><strong>ubi</strong></span> <span class='ocrx_word' id='word_1_162' title='bbox 1507 2227 1629 2284; x_wconf 85' lang='lat' dir='ltr'><strong>fuse</strong></span> 
     </span>
    </p>
   </div>
   <div class='ocr_carea' id='block_1_25' title="bbox 55 2320 1629 2395">
    <p class='ocr_par' dir='ltr' id='par_1_25' title="bbox 55 2320 1629 2395">
     <span class='ocr_line' id='line_1_25' title="bbox 55 2320 1629 2395; baseline -0.001 -17"><span class='ocrx_word' id='word_1_163' title='bbox 55 2324 418 2395; x_wconf 78' lang='lat' dir='ltr'><strong>Scholiastes.</strong></span> <span class='ocrx_word' id='word_1_164' title='bbox 466 2321 791 2377; x_wconf 91' lang='lat' dir='ltr'><strong>Dicebantur</strong></span> <span class='ocrx_word' id='word_1_165' title='bbox 820 2320 983 2375; x_wconf 88' lang='lat' dir='ltr'><strong>etiam</strong></span> <span class='ocrx_word' id='word_1_166' title='bbox 1017 2330 1361 2390; x_wconf 79' lang='lat' dir='ltr'><strong>temperantes</strong></span> <span class='ocrx_word' id='word_1_167' title='bbox 1386 2362 1402 2387; x_wconf 92' lang='lat'><strong>,</strong></span> <span class='ocrx_word' id='word_1_168' title='bbox 1455 2320 1629 2393; x_wconf 82' lang='lat' dir='ltr'><strong>Hesy-</strong></span> 
     </span>
    </p>
   </div>
   <div class='ocr_carea' id='block_1_26' title="bbox 46 2411 1631 2482">
    <p class='ocr_par' dir='ltr' id='par_1_26' title="bbox 46 2411 1631 2482">
     <span class='ocr_line' id='line_1_26' title="bbox 46 2411 1631 2482; baseline 0 -15"><span class='ocrx_word' id='word_1_169' title='bbox 46 2415 213 2469; x_wconf 84' lang='lat' dir='ltr'><strong>chius</strong></span> <span class='ocrx_word' id='word_1_170' title='bbox 258 2413 587 2482; x_wconf 77' lang='grc' dir='ltr'><strong>ἐγκράτειαν</strong></span> <span class='ocrx_word' id='word_1_171' title='bbox 635 2413 1022 2481; x_wconf 85' lang='lat' dir='ltr'><strong>interpretatur</strong></span> <span class='ocrx_word' id='word_1_172' title='bbox 1048 2411 1306 2482; x_wconf 78' lang='grc' dir='ltr'>ἄσκησιν;</span> <span class='ocrx_word' id='word_1_173' title='bbox 1338 2415 1631 2468; x_wconf 80' lang='lat' dir='ltr'><strong>contende-</strong></span> 
     </span>
    </p>
   </div>
   <div class='ocr_carea' id='block_1_27' title="bbox 47 2501 1627 2575">
    <p class='ocr_par' dir='ltr' id='par_1_27' title="bbox 47 2501 1627 2575">
     <span class='ocr_line' id='line_1_27' title="bbox 47 2501 1627 2575; baseline 0.002 -17"><span class='ocrx_word' id='word_1_174' title='bbox 47 2506 186 2558; x_wconf 83' lang='lat' dir='ltr'><strong>bant</strong></span> <span class='ocrx_word' id='word_1_175' title='bbox 227 2505 427 2575; x_wconf 91' lang='lat' dir='ltr'><strong>quippe</strong></span> <span class='ocrx_word' id='word_1_176' title='bbox 479 2505 825 2568; x_wconf 75' lang='lat' dir='ltr'><strong>continentes,</strong></span> <span class='ocrx_word' id='word_1_177' title='bbox 874 2519 939 2558; x_wconf 83' lang='lat' dir='ltr'><strong>ex</strong></span> <span class='ocrx_word' id='word_1_178' title='bbox 979 2501 1224 2558; x_wconf 85' lang='lat' dir='ltr'><strong>Palladio</strong></span> <span class='ocrx_word' id='word_1_179' title='bbox 1270 2504 1323 2557; x_wconf 90' lang='lat' dir='ltr'><strong>in</strong></span> <span class='ocrx_word' id='word_1_180' title='bbox 1362 2505 1627 2561; x_wconf 83' lang='lat' dir='ltr'><strong>Lausiaca</strong></span> 
     </span>
    </p>
   </div>
   <div class='ocr_carea' id='block_1_28' title="bbox 47 2595 1629 2668">
    <p class='ocr_par' dir='ltr' id='par_1_28' title="bbox 47 2595 1629 2668">
     <span class='ocr_line' id='line_1_28' title="bbox 47 2595 1629 2668; baseline 0 -18"><span class='ocrx_word' id='word_1_181' title='bbox 47 2598 141 2651; x_wconf 78' lang='grc' dir='ltr'>τὸν</span> <span class='ocrx_word' id='word_1_182' title='bbox 203 2598 302 2668; x_wconf 80' lang='grc' dir='ltr'><strong>τῆς</strong></span> <span class='ocrx_word' id='word_1_183' title='bbox 371 2596 730 2668; x_wconf 78' lang='grc' dir='ltr'>ἐγκρατείας,</span> <span class='ocrx_word' id='word_1_184' title='bbox 798 2595 895 2649; x_wconf 75' lang='grc' dir='ltr'>καὶ</span> <span class='ocrx_word' id='word_1_185' title='bbox 960 2595 1183 2664; x_wconf 80' lang='grc' dir='ltr'>ἁγνείας</span> <span class='ocrx_word' id='word_1_186' title='bbox 1254 2596 1629 2668; x_wconf 83' lang='grc' dir='ltr'>ἀναδήσασθαι</span> 
     </span>
    </p>
   </div>
   <div class='ocr_carea' id='block_1_29' title="bbox 50 2680 1631 2759">
    <p class='ocr_par' dir='ltr' id='par_1_29' title="bbox 50 2680 1631 2759">
     <span class='ocr_line' id='line_1_29' title="bbox 50 2680 1631 2759; baseline 0.004 -19"><span class='ocrx_word' id='word_1_187' title='bbox 50 2688 340 2755; x_wconf 74' lang='grc' dir='ltr'>στέφανον,</span> <span class='ocrx_word' id='word_1_188' title='bbox 365 2689 417 2742; x_wconf 89' lang='lat' dir='ltr'><strong>id</strong></span> <span class='ocrx_word' id='word_1_189' title='bbox 437 2697 519 2743; x_wconf 90' lang='lat' dir='ltr'><strong>est</strong></span> <span class='ocrx_word' id='word_1_190' title='bbox 541 2729 554 2753; x_wconf 93' lang='lat'><strong>,</strong></span> <span class='ocrx_word' id='word_1_191' title='bbox 582 2687 825 2742; x_wconf 89' lang='lat' dir='ltr'><strong>redimiri</strong></span> <span class='ocrx_word' id='word_1_192' title='bbox 847 2680 1047 2742; x_wconf 86' lang='lat' dir='ltr'><strong>corona</strong></span> <span class='ocrx_word' id='word_1_193' title='bbox 1076 2688 1441 2753; x_wconf 45' lang='lat' dir='ltr'><strong>continentiae,</strong></span> <span class='ocrx_word' id='word_1_194' title='bbox 1469 2700 1631 2759; x_wconf 89' lang='lat' dir='ltr'><strong>atque</strong></span> 
     </span>
    </p>
   </div>
   <div class='ocr_carea' id='block_1_30' title="bbox 48 2780 1631 2850">
    <p class='ocr_par' dir='ltr' id='par_1_30' title="bbox 48 2780 1631 2850">
     <span class='ocr_line' id='line_1_30' title="bbox 48 2780 1631 2850; baseline 0.001 -16"><span class='ocrx_word' id='word_1_195' title='bbox 48 2780 348 2844; x_wconf 86' lang='lat' dir='ltr'><strong>castitatis,</strong></span> <span class='ocrx_word' id='word_1_196' title='bbox 379 2780 593 2835; x_wconf 86' lang='lat' dir='ltr'><strong>vivente</strong></span> <span class='ocrx_word' id='word_1_197' title='bbox 634 2782 812 2835; x_wconf 89' lang='lat' dir='ltr'><strong>adhuc</strong></span> <span class='ocrx_word' id='word_1_198' title='bbox 840 2780 1009 2849; x_wconf 84' lang='lat' dir='ltr'><strong>aliqui</strong></span> <span class='ocrx_word' id='word_1_199' title='bbox 1047 2780 1279 2850; x_wconf 81' lang='lat' dir='ltr'><strong>conjuge</strong></span> <span class='ocrx_word' id='word_1_200' title='bbox 1298 2821 1313 2846; x_wconf 94' lang='lat'><strong>,</strong></span> <span class='ocrx_word' id='word_1_201' title='bbox 1342 2781 1427 2835; x_wconf 87' lang='lat' dir='ltr'><strong>vel</strong></span> <span class='ocrx_word' id='word_1_202' title='bbox 1456 2796 1487 2835; x_wconf 92' lang='lat' dir='ltr'><strong>e</strong></span> <span class='ocrx_word' id='word_1_203' title='bbox 1515 2798 1631 2835; x_wconf 91' lang='lat' dir='ltr'><strong>me-</strong></span> 
     </span>
    </p>
   </div>
   <div class='ocr_carea' id='block_1_31' title="bbox 50 2872 1631 2941">
    <p class='ocr_par' dir='ltr' id='par_1_31' title="bbox 50 2872 1631 2941">
     <span class='ocr_line' id='line_1_31' title="bbox 50 2872 1631 2941; baseline 0.002 -16"><span class='ocrx_word' id='word_1_204' title='bbox 50 2873 146 2927; x_wconf 88' lang='lat' dir='ltr'><strong>dio</strong></span> <span class='ocrx_word' id='word_1_205' title='bbox 181 2874 414 2940; x_wconf 86' lang='lat' dir='ltr'><strong>sublata,</strong></span> <span class='ocrx_word' id='word_1_206' title='bbox 447 2883 500 2927; x_wconf 93' lang='lat' dir='ltr'><strong>et</strong></span> <span class='ocrx_word' id='word_1_207' title='bbox 535 2873 791 2927; x_wconf 88' lang='lat' dir='ltr'><strong>aliinulla</strong></span> <span class='ocrx_word' id='word_1_208' title='bbox 818 2872 980 2927; x_wconf 88' lang='lat' dir='ltr'><strong>ducta</strong></span> <span class='ocrx_word' id='word_1_209' title='bbox 1038 2872 1182 2926; x_wconf 90' lang='lat' dir='ltr'><strong>intra</strong></span> <span class='ocrx_word' id='word_1_210' title='bbox 1213 2874 1452 2941; x_wconf 85' lang='lat' dir='ltr'><strong>privatas</strong></span> <span class='ocrx_word' id='word_1_211' title='bbox 1483 2874 1631 2929; x_wconf 65' lang='lat' dir='ltr'><strong>aedes</strong></span> 
     </span>
    </p>
   </div>
   <div class='ocr_carea' id='block_1_32' title="bbox 50 2965 1629 3036">
    <p class='ocr_par' dir='ltr' id='par_1_32' title="bbox 50 2965 1629 3036">
     <span class='ocr_line' id='line_1_32' title="bbox 50 2965 1629 3036; baseline -0.001 -16"><span class='ocrx_word' id='word_1_212' title='bbox 50 2967 249 3036; x_wconf 87' lang='lat' dir='ltr'><strong>aliqui.</strong></span> <span class='ocrx_word' id='word_1_213' title='bbox 291 2965 523 3021; x_wconf 90' lang='lat' dir='ltr'><strong>Sanctus</strong></span> <span class='ocrx_word' id='word_1_214' title='bbox 554 2965 891 3035; x_wconf 79' lang='lat' dir='ltr'><strong>Augustinus</strong></span> <span class='ocrx_word' id='word_1_215' title='bbox 921 2966 1039 3021; x_wconf 88' lang='lat' dir='ltr'><strong>fuse</strong></span> <span class='ocrx_word' id='word_1_216' title='bbox 1071 2970 1127 3019; x_wconf 91' lang='lat' dir='ltr'><strong>in</strong></span> <span class='ocrx_word' id='word_1_217' title='bbox 1157 2965 1388 3030; x_wconf 85' lang='lat' dir='ltr'><strong>epistola</strong></span> <span class='ocrx_word' id='word_1_218' title='bbox 1430 2966 1530 3020; x_wconf 83' lang='lat' dir='ltr'><strong>i99</strong></span> <span class='ocrx_word' id='word_1_219' title='bbox 1564 2967 1629 3019; x_wconf 87' lang='lat' dir='ltr'><strong>ad</strong></span> 
     </span>
    </p>
   </div>
   <div class='ocr_carea' id='block_1_33' title="bbox 50 3057 1628 3129">
    <p class='ocr_par' dir='ltr' id='par_1_33' title="bbox 50 3057 1628 3129">
     <span class='ocr_line' id='line_1_33' title="bbox 50 3057 1628 3129; baseline -0.001 -16"><span class='ocrx_word' id='word_1_220' title='bbox 50 3058 334 3113; x_wconf 87' lang='lat' dir='ltr'><strong>Ecdiciam</strong></span> <span class='ocrx_word' id='word_1_221' title='bbox 371 3059 499 3128; x_wconf 84' lang='lat' dir='ltr'><strong>agit,</strong></span> <span class='ocrx_word' id='word_1_222' title='bbox 532 3073 693 3128; x_wconf 90' lang='lat' dir='ltr'><strong>quam</strong></span> <span class='ocrx_word' id='word_1_223' title='bbox 739 3057 1208 3129; x_wconf 83' lang='lat' dir='ltr'><strong>religiosissimam</strong></span> <span class='ocrx_word' id='word_1_224' title='bbox 1246 3067 1408 3113; x_wconf 88' lang='lat' dir='ltr'><strong>vocat</strong></span> <span class='ocrx_word' id='word_1_225' title='bbox 1442 3058 1628 3121; x_wconf 83' lang='lat' dir='ltr'><strong>tiliam,</strong></span> 
     </span>
    </p>
   </div>
   <div class='ocr_carea' id='block_1_34' title="bbox 1720 493 3291 565">
    <p class='ocr_par' dir='ltr' id='par_1_34' title="bbox 1720 493 3291 565">
     <span class='ocr_line' id='line_1_34' title="bbox 1720 493 3291 565; baseline 0.001 -18"><span class='ocrx_word' id='word_1_226' title='bbox 1720 502 1812 547; x_wconf 94' lang='lat' dir='ltr'><strong>aut</strong></span> <span class='ocrx_word' id='word_1_227' title='bbox 1878 494 1945 548; x_wconf 91' lang='lat' dir='ltr'><strong>ad</strong></span> <span class='ocrx_word' id='word_1_228' title='bbox 2005 507 2127 548; x_wconf 88' lang='lat' dir='ltr'><strong>eam</strong></span> <span class='ocrx_word' id='word_1_229' title='bbox 2187 493 2476 563; x_wconf 87' lang='lat' dir='ltr'><strong>adspirans</strong></span> <span class='ocrx_word' id='word_1_230' title='bbox 2538 493 2985 565; x_wconf 80' lang='lat' dir='ltr'><strong>significabatur,</strong></span> <span class='ocrx_word' id='word_1_231' title='bbox 3053 496 3195 551; x_wconf 87' lang='lat' dir='ltr'><strong>sicut</strong></span> <span class='ocrx_word' id='word_1_232' title='bbox 3236 508 3291 550; x_wconf 88' lang='lat' dir='ltr'><strong>et</strong></span> 
     </span>
    </p>
   </div>
   <div class='ocr_carea' id='block_1_35' title="bbox 1720 584 3293 656">
    <p class='ocr_par' dir='ltr' id='par_1_35' title="bbox 1720 584 3293 656">
     <span class='ocr_line' id='line_1_35' title="bbox 1720 584 3293 656; baseline 0.003 -18"><span class='ocrx_word' id='word_1_233' title='bbox 1720 584 2080 656; x_wconf 82' lang='grc' dir='ltr'>θεραπευτοῦ,</span> <span class='ocrx_word' id='word_1_234' title='bbox 2124 584 2179 641; x_wconf 90' lang='lat' dir='ltr'><strong>id</strong></span> <span class='ocrx_word' id='word_1_235' title='bbox 2229 594 2315 641; x_wconf 89' lang='lat' dir='ltr'><strong>est</strong></span> <span class='ocrx_word' id='word_1_236' title='bbox 2371 586 2657 642; x_wconf 88' lang='lat' dir='ltr'><strong>servientis</strong></span> <span class='ocrx_word' id='word_1_237' title='bbox 2705 586 2852 651; x_wconf 88' lang='lat' dir='ltr'><strong>Deo,</strong></span> <span class='ocrx_word' id='word_1_238' title='bbox 2910 603 3005 644; x_wconf 93' lang='lat' dir='ltr'><strong>seu</strong></span> <span class='ocrx_word' id='word_1_239' title='bbox 3040 589 3204 655; x_wconf 85' lang='lat' dir='ltr'><strong>servi,</strong></span> <span class='ocrx_word' id='word_1_240' title='bbox 3237 597 3293 644; x_wconf 90' lang='lat' dir='ltr'><strong>et</strong></span> 
     </span>
    </p>
   </div>
   <div class='ocr_carea' id='block_1_36' title="bbox 1720 674 3289 751">
    <p class='ocr_par' dir='ltr' id='par_1_36' title="bbox 1720 674 3289 751">
     <span class='ocr_line' id='line_1_36' title="bbox 1720 674 3289 751; baseline 0.003 -20"><span class='ocrx_word' id='word_1_241' title='bbox 1720 674 1910 731; x_wconf 80' lang='lat' dir='ltr'><strong>famuli</strong></span> <span class='ocrx_word' id='word_1_242' title='bbox 1936 675 2039 731; x_wconf 78' lang='lat' dir='ltr'><strong>-Dei</strong></span> <span class='ocrx_word' id='word_1_243' title='bbox 2068 678 2326 748; x_wconf 90' lang='lat' dir='ltr'><strong>epitheto,</strong></span> <span class='ocrx_word' id='word_1_244' title='bbox 2371 693 2437 733; x_wconf 81' lang='lat' dir='ltr'><strong>ex</strong></span> <span class='ocrx_word' id='word_1_245' title='bbox 2466 678 2713 744; x_wconf 88' lang='lat' dir='ltr'><strong>Philone,</strong></span> <span class='ocrx_word' id='word_1_246' title='bbox 2760 677 3018 751; x_wconf 90' lang='lat' dir='ltr'><strong>Dionysio</strong></span> <span class='ocrx_word' id='word_1_247' title='bbox 3048 683 3289 749; x_wconf 82' lang='lat' dir='ltr'><strong>Areopa-</strong></span> 
     </span>
    </p>
   </div>
   <div class='ocr_carea' id='block_1_37' title="bbox 1720 768 3293 840">
    <p class='ocr_par' dir='ltr' id='par_1_37' title="bbox 1720 768 3293 840">
     <span class='ocr_line' id='line_1_37' title="bbox 1720 768 3293 840; baseline 0.003 -19"><span class='ocrx_word' id='word_1_248' title='bbox 1720 768 1831 838; x_wconf 79' lang='lat' dir='ltr'><strong>gita</strong></span> <span class='ocrx_word' id='word_1_249' title='bbox 1872 768 2078 838; x_wconf 81' lang='lat' dir='ltr'><strong>colligit</strong></span> <span class='ocrx_word' id='word_1_250' title='bbox 2126 776 2180 822; x_wconf 90' lang='lat' dir='ltr'><strong>et</strong></span> <span class='ocrx_word' id='word_1_251' title='bbox 2200 783 2266 824; x_wconf 76' lang='lat' dir='ltr'><strong>ex</strong></span> <span class='ocrx_word' id='word_1_252' title='bbox 2314 770 2431 840; x_wconf 90' lang='lat' dir='ltr'><strong>ipso</strong></span> <span class='ocrx_word' id='word_1_253' title='bbox 2460 770 2583 825; x_wconf 90' lang='lat' dir='ltr'><strong>Nilo</strong></span> <span class='ocrx_word' id='word_1_254' title='bbox 2613 779 2818 837; x_wconf 90' lang='lat' dir='ltr'><strong>nostro,</strong></span> <span class='ocrx_word' id='word_1_255' title='bbox 2859 772 3148 826; x_wconf 89' lang='lat' dir='ltr'><strong>cardinalis</strong></span> <span class='ocrx_word' id='word_1_256' title='bbox 3172 771 3293 826; x_wconf 88' lang='lat' dir='ltr'><strong>Bel—</strong></span> 
     </span>
    </p>
   </div>
   <div class='ocr_carea' id='block_1_38' title="bbox 1722 859 3296 927">
    <p class='ocr_par' dir='ltr' id='par_1_38' title="bbox 1722 859 3296 927">
     <span class='ocr_line' id='line_1_38' title="bbox 1722 859 3296 927; baseline 0.003 -14"><span class='ocrx_word' id='word_1_257' title='bbox 1722 859 2010 925; x_wconf 88' lang='lat' dir='ltr'><strong>larminus,</strong></span> <span class='ocrx_word' id='word_1_258' title='bbox 2065 863 2099 914; x_wconf 93' lang='lat' dir='ltr'><strong>l.</strong></span> <span class='ocrx_word' id='word_1_259' title='bbox 2153 878 2210 927; x_wconf 89' lang='lat' dir='ltr'><strong>ll,</strong></span> <span class='ocrx_word' id='word_1_260' title='bbox 2250 877 2300 916; x_wconf 90' lang='lat' dir='ltr'><strong>c.</strong></span> <span class='ocrx_word' id='word_1_261' title='bbox 2354 863 2405 916; x_wconf 90' lang='grc'><strong>1.</strong></span> <span class='ocrx_word' id='word_1_262' title='bbox 2451 861 2527 917; x_wconf 92' lang='lat' dir='ltr'><strong>De</strong></span> <span class='ocrx_word' id='word_1_263' title='bbox 2569 863 2837 917; x_wconf 77' lang='lat' dir='ltr'><strong>monachis</strong></span> <span class='ocrx_word' id='word_1_264' title='bbox 2882 863 3020 923; x_wconf 84' lang='lat' dir='ltr'><strong>fuse.</strong></span> <span class='ocrx_word' id='word_1_265' title='bbox 3060 863 3296 920; x_wconf 87' lang='lat' dir='ltr'><strong>Consule</strong></span> 
     </span>
    </p>
   </div>
   <div class='ocr_carea' id='block_1_39' title="bbox 1723 952 3294 1025">
    <p class='ocr_par' dir='ltr' id='par_1_39' title="bbox 1723 952 3294 1025">
     <span class='ocr_line' id='line_1_39' title="bbox 1723 952 3294 1025; baseline 0.005 -21"><span class='ocrx_word' id='word_1_266' title='bbox 1723 962 1983 1020; x_wconf 76' lang='lat' dir='ltr'><strong>praterea</strong></span> <span class='ocrx_word' id='word_1_267' title='bbox 2061 952 2296 1008; x_wconf 69' lang='lat' dir='ltr'><strong>Matthaai</strong></span> <span class='ocrx_word' id='word_1_268' title='bbox 2358 954 2581 1016; x_wconf 82' lang='lat' dir='ltr'><strong>Caleni,</strong></span> <span class='ocrx_word' id='word_1_269' title='bbox 2646 954 2991 1024; x_wconf 88' lang='lat' dir='ltr'><strong>Westcapelli</strong></span> <span class='ocrx_word' id='word_1_270' title='bbox 3053 955 3294 1025; x_wconf 79' lang='lat' dir='ltr'><strong>Origines</strong></span> 
     </span>
    </p>
   </div>
   <div class='ocr_carea' id='block_1_40' title="bbox 1724 1039 3297 1114">
    <p class='ocr_par' dir='ltr' id='par_1_40' title="bbox 1724 1039 3297 1114">
     <span class='ocr_line' id='line_1_40' title="bbox 1724 1039 3297 1114; baseline 0.004 -23"><span class='ocrx_word' id='word_1_271' title='bbox 1724 1039 2043 1093; x_wconf 87' lang='lat' dir='ltr'><strong>monasticas</strong></span> <span class='ocrx_word' id='word_1_272' title='bbox 2085 1040 2258 1094; x_wconf 86' lang='lat' dir='ltr'><strong>editas</strong></span> <span class='ocrx_word' id='word_1_273' title='bbox 2304 1039 2528 1111; x_wconf 75' lang='lat' dir='ltr'><strong>Dilingze</strong></span> <span class='ocrx_word' id='word_1_274' title='bbox 2572 1042 2709 1095; x_wconf 72' lang='lat'><strong>1563</strong></span> <span class='ocrx_word' id='word_1_275' title='bbox 2745 1042 2799 1095; x_wconf 91' lang='lat' dir='ltr'><strong>in</strong></span> <span class='ocrx_word' id='word_1_276' title='bbox 2831 1053 3065 1112; x_wconf 89' lang='lat' dir='ltr'><strong>quarto;</strong></span> <span class='ocrx_word' id='word_1_277' title='bbox 3115 1043 3297 1114; x_wconf 81' lang='lat' dir='ltr'><strong>lingu-</strong></span> 
     </span>
    </p>
   </div>
   <div class='ocr_carea' id='block_1_41' title="bbox 1726 1129 3293 1204">
    <p class='ocr_par' dir='ltr' id='par_1_41' title="bbox 1726 1129 3293 1204">
     <span class='ocr_line' id='line_1_41' title="bbox 1726 1129 3293 1204; baseline 0.004 -21"><span class='ocrx_word' id='word_1_278' title='bbox 1726 1145 1846 1185; x_wconf 89' lang='lat' dir='ltr'><strong>uem</strong></span> <span class='ocrx_word' id='word_1_279' title='bbox 1878 1129 2194 1185; x_wconf 84' lang='lat' dir='ltr'><strong>Mcnardum</strong></span> <span class='ocrx_word' id='word_1_280' title='bbox 2224 1131 2277 1184; x_wconf 89' lang='lat' dir='ltr'><strong>in</strong></span> <span class='ocrx_word' id='word_1_281' title='bbox 2308 1130 2567 1201; x_wconf 80' lang='lat' dir='ltr'><strong>Regulam</strong></span> <span class='ocrx_word' id='word_1_282' title='bbox 2597 1134 2762 1204; x_wconf 78' lang='lat'><strong>600</strong></span> <span class='ocrx_word' id='word_1_283' title='bbox 2791 1136 2963 1188; x_wconf 87' lang='lat' dir='ltr'><strong>sancti</strong></span> <span class='ocrx_word' id='word_1_284' title='bbox 2998 1134 3293 1198; x_wconf 85' lang='lat' dir='ltr'><strong>Benedicti,</strong></span> 
     </span>
    </p>
   </div>
   <div class='ocr_carea' id='block_1_42' title="bbox 1725 1221 3299 1294">
    <p class='ocr_par' dir='ltr' id='par_1_42' title="bbox 1725 1221 3299 1294">
     <span class='ocr_line' id='line_1_42' title="bbox 1725 1221 3299 1294; baseline 0.001 -18"><span class='ocrx_word' id='word_1_285' title='bbox 1725 1236 1775 1276; x_wconf 91' lang='lat' dir='ltr'><strong>c.</strong></span> <span class='ocrx_word' id='word_1_286' title='bbox 1808 1236 1890 1286; x_wconf 86' lang='grc' dir='ltr'><strong>ιιι,</strong></span> <span class='ocrx_word' id='word_1_287' title='bbox 1915 1221 2002 1275; x_wconf 90' lang='lat' dir='ltr'><strong>ubi</strong></span> <span class='ocrx_word' id='word_1_288' title='bbox 2035 1222 2101 1276; x_wconf 86' lang='lat' dir='ltr'><strong>de</strong></span> <span class='ocrx_word' id='word_1_289' title='bbox 2128 1222 2448 1294; x_wconf 82' lang='grc' dir='ltr'>λαυρήταις,</span> <span class='ocrx_word' id='word_1_290' title='bbox 2478 1238 2508 1278; x_wconf 90' lang='grc' dir='ltr'><strong>ε</strong></span> <span class='ocrx_word' id='word_1_291' title='bbox 2533 1237 2583 1276; x_wconf 92' lang='lat' dir='ltr'><strong>c.</strong></span> <span class='ocrx_word' id='word_1_292' title='bbox 2618 1224 2652 1277; x_wconf 82' lang='lat'>5</span> <span class='ocrx_word' id='word_1_293' title='bbox 2682 1223 2836 1277; x_wconf 88' lang='lat' dir='ltr'><strong>Prati</strong></span> <span class='ocrx_word' id='word_1_294' title='bbox 2858 1221 3165 1292; x_wconf 84' lang='lat' dir='ltr'><strong>Spiritual.,</strong></span> <span class='ocrx_word' id='word_1_295' title='bbox 3188 1225 3299 1277; x_wconf 80' lang='grc' dir='ltr'><strong>ἀπὸ</strong></span> 
     </span>
    </p>
   </div>
   <div class='ocr_carea' id='block_1_43' title="bbox 1725 1312 3297 1388">
    <p class='ocr_par' dir='ltr' id='par_1_43' title="bbox 1725 1312 3297 1388">
     <span class='ocr_line' id='line_1_43' title="bbox 1725 1312 3297 1388; baseline 0.004 -22"><span class='ocrx_word' id='word_1_296' title='bbox 1725 1312 1833 1367; x_wconf 84' lang='grc' dir='ltr'><strong>τῶν</strong></span> <span class='ocrx_word' id='word_1_297' title='bbox 1858 1314 2097 1385; x_wconf 85' lang='grc' dir='ltr'>λαυρῶν,</span> <span class='ocrx_word' id='word_1_298' title='bbox 2134 1330 2164 1368; x_wconf 89' lang='lat' dir='ltr'><strong>a</strong></span> <span class='ocrx_word' id='word_1_299' title='bbox 2193 1315 2345 1369; x_wconf 89' lang='lat' dir='ltr'><strong>cellis</strong></span> <span class='ocrx_word' id='word_1_300' title='bbox 2368 1331 2583 1386; x_wconf 87' lang='lat' dir='ltr'><strong>nempe,</strong></span> <span class='ocrx_word' id='word_1_301' title='bbox 2618 1315 2670 1369; x_wconf 91' lang='lat' dir='ltr'><strong>in</strong></span> <span class='ocrx_word' id='word_1_302' title='bbox 2714 1318 2915 1386; x_wconf 90' lang='lat' dir='ltr'><strong>quibus</strong></span> <span class='ocrx_word' id='word_1_303' title='bbox 2953 1317 3106 1371; x_wconf 83' lang='lat' dir='ltr'><strong>turba</strong></span> <span class='ocrx_word' id='word_1_304' title='bbox 3146 1317 3297 1388; x_wconf 84' lang='lat' dir='ltr'><strong>ipso-</strong></span> 
     </span>
    </p>
   </div>
   <div class='ocr_carea' id='block_1_44' title="bbox 1727 1403 3298 1474">
    <p class='ocr_par' dir='ltr' id='par_1_44' title="bbox 1727 1403 3298 1474">
     <span class='ocr_line' id='line_1_44' title="bbox 1727 1403 3298 1474; baseline 0.001 -18"><span class='ocrx_word' id='word_1_305' title='bbox 1727 1417 1849 1456; x_wconf 91' lang='lat' dir='ltr'><strong>rum</strong></span> <span class='ocrx_word' id='word_1_306' title='bbox 1902 1403 1955 1456; x_wconf 89' lang='lat' dir='ltr'><strong>in</strong></span> <span class='ocrx_word' id='word_1_307' title='bbox 2008 1418 2175 1457; x_wconf 88' lang='lat' dir='ltr'><strong>unum</strong></span> <span class='ocrx_word' id='word_1_308' title='bbox 2234 1404 2457 1457; x_wconf 88' lang='lat' dir='ltr'><strong>collecta</strong></span> <span class='ocrx_word' id='word_1_309' title='bbox 2507 1419 2659 1457; x_wconf 88' lang='lat' dir='ltr'><strong>more</strong></span> <span class='ocrx_word' id='word_1_310' title='bbox 2700 1404 3075 1474; x_wconf 84' lang='lat' dir='ltr'><strong>religiosarum</strong></span> <span class='ocrx_word' id='word_1_311' title='bbox 3135 1419 3298 1474; x_wconf 90' lang='lat' dir='ltr'><strong>apum</strong></span> 
     </span>
    </p>
   </div>
   <div class='ocr_carea' id='block_1_45' title="bbox 1726 1492 3299 1563">
    <p class='ocr_par' dir='ltr' id='par_1_45' title="bbox 1726 1492 3299 1563">
     <span class='ocr_line' id='line_1_45' title="bbox 1726 1492 3299 1563; baseline -0.001 -14"><span class='ocrx_word' id='word_1_312' title='bbox 1726 1503 1864 1549; x_wconf 87' lang='lat' dir='ltr'><strong>erat.</strong></span> <span class='ocrx_word' id='word_1_313' title='bbox 1891 1493 1933 1548; x_wconf 90' lang='lat' dir='ltr'><strong>E</strong></span> <span class='ocrx_word' id='word_1_314' title='bbox 1957 1492 2277 1563; x_wconf 71' lang='lat' dir='ltr'><strong>przefatione</strong></span> <span class='ocrx_word' id='word_1_315' title='bbox 2301 1492 2518 1562; x_wconf 66' lang='lat' dir='ltr'><strong>Regula:</strong></span> <span class='ocrx_word' id='word_1_316' title='bbox 2545 1494 2719 1547; x_wconf 88' lang='lat' dir='ltr'><strong>sancti</strong></span> <span class='ocrx_word' id='word_1_317' title='bbox 2747 1492 3018 1557; x_wconf 87' lang='lat' dir='ltr'><strong>Ferreoli,</strong></span> <span class='ocrx_word' id='word_1_318' title='bbox 3045 1493 3299 1547; x_wconf 89' lang='lat' dir='ltr'><strong>diceban-</strong></span> 
     </span>
    </p>
   </div>
   <div class='ocr_carea' id='block_1_46' title="bbox 1728 1585 3301 1655">
    <p class='ocr_par' dir='ltr' id='par_1_46' title="bbox 1728 1585 3301 1655">
     <span class='ocr_line' id='line_1_46' title="bbox 1728 1585 3301 1655; baseline 0 -15"><span class='ocrx_word' id='word_1_319' title='bbox 1728 1596 1816 1640; x_wconf 91' lang='lat' dir='ltr'><strong>tur</strong></span> <span class='ocrx_word' id='word_1_320' title='bbox 1841 1593 1894 1639; x_wconf 89' lang='lat' dir='ltr'><strong>et</strong></span> <span class='ocrx_word' id='word_1_321' title='bbox 1924 1587 2102 1649; x_wconf 85' lang='lat' dir='ltr'><strong>nonni,</strong></span> <span class='ocrx_word' id='word_1_322' title='bbox 2135 1594 2187 1639; x_wconf 89' lang='lat' dir='ltr'><strong>et</strong></span> <span class='ocrx_word' id='word_1_323' title='bbox 2224 1585 2473 1655; x_wconf 84' lang='lat' dir='ltr'><strong>religiosi,</strong></span> <span class='ocrx_word' id='word_1_324' title='bbox 2516 1594 2570 1640; x_wconf 89' lang='lat' dir='ltr'><strong>et</strong></span> <span class='ocrx_word' id='word_1_325' title='bbox 2609 1586 2927 1654; x_wconf 81' lang='lat' dir='ltr'><strong>philosophi,</strong></span> <span class='ocrx_word' id='word_1_326' title='bbox 2950 1595 3005 1641; x_wconf 85' lang='lat' dir='ltr'><strong>at</strong></span> <span class='ocrx_word' id='word_1_327' title='bbox 3050 1587 3205 1655; x_wconf 84' lang='lat' dir='ltr'><strong>plura</strong></span> <span class='ocrx_word' id='word_1_328' title='bbox 3232 1585 3301 1640; x_wconf 83' lang='lat' dir='ltr'><strong>dc</strong></span> 
     </span>
    </p>
   </div>
   <div class='ocr_carea' id='block_1_47' title="bbox 1729 1677 3299 1752">
    <p class='ocr_par' dir='ltr' id='par_1_47' title="bbox 1729 1677 3299 1752">
     <span class='ocr_line' id='line_1_47' title="bbox 1729 1677 3299 1752; baseline 0 -20"><span class='ocrx_word' id='word_1_329' title='bbox 1729 1678 2042 1749; x_wconf 85' lang='lat' dir='ltr'><strong>gyrovagis,</strong></span> <span class='ocrx_word' id='word_1_330' title='bbox 2067 1688 2119 1731; x_wconf 93' lang='lat' dir='ltr'><strong>et</strong></span> <span class='ocrx_word' id='word_1_331' title='bbox 2152 1678 2556 1752; x_wconf 82' lang='lat' dir='ltr'><strong>circellionibus</strong></span> <span class='ocrx_word' id='word_1_332' title='bbox 2595 1679 2817 1733; x_wconf 80' lang='lat' dir='ltr'><strong>ibidem.</strong></span> <span class='ocrx_word' id='word_1_333' title='bbox 2848 1677 3061 1734; x_wconf 87' lang='lat' dir='ltr'><strong>Accinit</strong></span> <span class='ocrx_word' id='word_1_334' title='bbox 3086 1678 3152 1732; x_wconf 91' lang='lat' dir='ltr'><strong>de</strong></span> <span class='ocrx_word' id='word_1_335' title='bbox 3178 1693 3299 1732; x_wconf 89' lang='lat' dir='ltr'><strong>mo-</strong></span> 
     </span>
    </p>
   </div>
   <div class='ocr_carea' id='block_1_48' title="bbox 1660 1750 3299 1838">
    <p class='ocr_par' dir='ltr' id='par_1_48' title="bbox 1660 1750 3299 1838">
     <span class='ocr_line' id='line_1_48' title="bbox 1660 1750 3299 1838; baseline -0.002 -15"><span class='ocrx_word' id='word_1_336' title='bbox 1660 1750 1701 1805; x_wconf 78' lang='lat' dir='ltr'><strong>B</strong></span> <span class='ocrx_word' id='word_1_337' title='bbox 1730 1769 1906 1823; x_wconf 90' lang='lat' dir='ltr'><strong>nacbo</strong></span> <span class='ocrx_word' id='word_1_338' title='bbox 1956 1750 2315 1824; x_wconf 85' lang='lat' dir='ltr'><strong>Numatianus</strong></span> <span class='ocrx_word' id='word_1_339' title='bbox 2361 1783 2486 1823; x_wconf 91' lang='lat' dir='ltr'><strong>eum</strong></span> <span class='ocrx_word' id='word_1_340' title='bbox 2534 1768 2824 1838; x_wconf 89' lang='lat' dir='ltr'><strong>conjugem</strong></span> <span class='ocrx_word' id='word_1_341' title='bbox 2872 1769 3160 1838; x_wconf 89' lang='lat' dir='ltr'><strong>reliquisse</strong></span> <span class='ocrx_word' id='word_1_342' title='bbox 3211 1768 3299 1822; x_wconf 83' lang='lat' dir='ltr'><strong>in-</strong></span> 
     </span>
    </p>
   </div>
   <div class='ocr_carea' id='block_1_49' title="bbox 1726 1860 3299 1931">
    <p class='ocr_par' dir='ltr' id='par_1_49' title="bbox 1726 1860 3299 1931">
     <span class='ocr_line' id='line_1_49' title="bbox 1726 1860 3299 1931; baseline 0.001 -17"><span class='ocrx_word' id='word_1_343' title='bbox 1726 1875 1922 1925; x_wconf 89' lang='lat' dir='ltr'><strong>nuens,</strong></span> <span class='ocrx_word' id='word_1_344' title='bbox 1952 1869 2003 1915; x_wconf 90' lang='lat' dir='ltr'><strong>et</strong></span> <span class='ocrx_word' id='word_1_345' title='bbox 2030 1870 2155 1931; x_wconf 87' lang='lat' dir='ltr'><strong>nota</strong></span> <span class='ocrx_word' id='word_1_346' title='bbox 2186 1869 2269 1915; x_wconf 91' lang='lat' dir='ltr'><strong>est</strong></span> <span class='ocrx_word' id='word_1_347' title='bbox 2296 1860 2557 1915; x_wconf 84' lang='lat' dir='ltr'><strong>&#39;fherasia</strong></span> <span class='ocrx_word' id='word_1_348' title='bbox 2585 1860 2798 1915; x_wconf 88' lang='lat' dir='ltr'><strong>Paulini</strong></span> <span class='ocrx_word' id='word_1_349' title='bbox 2824 1876 2855 1916; x_wconf 91' lang='lat' dir='ltr'><strong>e</strong></span> <span class='ocrx_word' id='word_1_350' title='bbox 2898 1861 3128 1931; x_wconf 78' lang='lat' dir='ltr'><strong>conjuge</strong></span> <span class='ocrx_word' id='word_1_351' title='bbox 3160 1860 3299 1915; x_wconf 79' lang='lat' dir='ltr'><strong>facta</strong></span> 
     </span>
    </p>
   </div>
   <div class='ocr_carea' id='block_1_50' title="bbox 1726 1950 3300 2022">
    <p class='ocr_par' dir='ltr' id='par_1_50' title="bbox 1726 1950 3300 2022">
     <span class='ocr_line' id='line_1_50' title="bbox 1726 1950 3300 2022; baseline -0.001 -15"><span class='ocrx_word' id='word_1_352' title='bbox 1726 1967 1921 2018; x_wconf 89' lang='lat' dir='ltr'><strong>soror;</strong></span> <span class='ocrx_word' id='word_1_353' title='bbox 1966 1953 2190 2007; x_wconf 83' lang='lat' dir='ltr'><strong>consule</strong></span> <span class='ocrx_word' id='word_1_354' title='bbox 2235 1950 2601 2007; x_wconf 73' lang='lat' dir='ltr'><strong>Iustinianum</strong></span> <span class='ocrx_word' id='word_1_355' title='bbox 2642 1953 3024 2022; x_wconf 88' lang='lat' dir='ltr'><strong>imperatorem</strong></span> <span class='ocrx_word' id='word_1_356' title='bbox 3083 1950 3300 2008; x_wconf 85' lang='lat' dir='ltr'><strong>Novella</strong></span> 
     </span>
    </p>
   </div>
   <div class='ocr_carea' id='block_1_51' title="bbox 1729 2044 3303 2115">
    <p class='ocr_par' dir='ltr' id='par_1_51' title="bbox 1729 2044 3303 2115">
     <span class='ocr_line' id='line_1_51' title="bbox 1729 2044 3303 2115; baseline 0.001 -16"><span class='ocrx_word' id='word_1_357' title='bbox 1729 2046 1853 2099; x_wconf 68' lang='grc'><strong>122.</strong></span> <span class='ocrx_word' id='word_1_358' title='bbox 1886 2044 2119 2100; x_wconf 86' lang='lat' dir='ltr'><strong>Leonem</strong></span> <span class='ocrx_word' id='word_1_359' title='bbox 2162 2044 2281 2115; x_wconf 79' lang='lat' dir='ltr'><strong>Aug</strong></span> <span class='ocrx_word' id='word_1_360' title='bbox 2344 2046 2434 2113; x_wconf 83' lang='lat'><strong>35,</strong></span> <span class='ocrx_word' id='word_1_361' title='bbox 2474 2047 2512 2100; x_wconf 94' lang='lat' dir='ltr'><strong>l.</strong></span> <span class='ocrx_word' id='word_1_362' title='bbox 2548 2047 2724 2102; x_wconf 84' lang='lat' dir='ltr'><strong>lCOd.</strong></span> <span class='ocrx_word' id='word_1_363' title='bbox 2766 2046 3039 2101; x_wconf 87' lang='lat' dir='ltr'><strong>Theodos.</strong></span> <span class='ocrx_word' id='word_1_364' title='bbox 3081 2047 3153 2101; x_wconf 88' lang='lat' dir='ltr'><strong>De</strong></span> <span class='ocrx_word' id='word_1_365' title='bbox 3178 2063 3303 2100; x_wconf 86' lang='lat' dir='ltr'><strong>mo-</strong></span> 
     </span>
    </p>
   </div>
   <div class='ocr_carea' id='block_1_52' title="bbox 1727 2137 3302 2208">
    <p class='ocr_par' dir='ltr' id='par_1_52' title="bbox 1727 2137 3302 2208">
     <span class='ocr_line' id='line_1_52' title="bbox 1727 2137 3302 2208; baseline 0.001 -18"><span class='ocrx_word' id='word_1_366' title='bbox 1727 2137 1927 2203; x_wconf 84' lang='lat' dir='ltr'><strong>nachis;</strong></span> <span class='ocrx_word' id='word_1_367' title='bbox 1966 2147 2019 2191; x_wconf 88' lang='lat' dir='ltr'><strong>et</strong></span> <span class='ocrx_word' id='word_1_368' title='bbox 2047 2138 2090 2191; x_wconf 83' lang='lat' dir='ltr'><strong>’l.</strong></span> <span class='ocrx_word' id='word_1_369' title='bbox 2134 2154 2201 2191; x_wconf 71' lang='lat' dir='ltr'><strong>xx</strong></span> <span class='ocrx_word' id='word_1_370' title='bbox 2242 2138 2379 2191; x_wconf 85' lang='lat' dir='ltr'><strong>Cod.</strong></span> <span class='ocrx_word' id='word_1_371' title='bbox 2427 2140 2653 2203; x_wconf 87' lang='lat' dir='ltr'><strong>eodem,</strong></span> <span class='ocrx_word' id='word_1_372' title='bbox 2714 2138 2790 2193; x_wconf 88' lang='lat' dir='ltr'><strong>De</strong></span> <span class='ocrx_word' id='word_1_373' title='bbox 2822 2140 2983 2208; x_wconf 86' lang='lat' dir='ltr'><strong>episc.</strong></span> <span class='ocrx_word' id='word_1_374' title='bbox 3029 2149 3078 2193; x_wconf 88' lang='lat' dir='ltr'><strong>et</strong></span> <span class='ocrx_word' id='word_1_375' title='bbox 3106 2137 3302 2193; x_wconf 78' lang='lat' dir='ltr'><strong>cleric:</strong></span> 
     </span>
    </p>
   </div>
   <div class='ocr_carea' id='block_1_53' title="bbox 1729 2226 3302 2299">
    <p class='ocr_par' dir='ltr' id='par_1_53' title="bbox 1729 2226 3302 2299">
     <span class='ocr_line' id='line_1_53' title="bbox 1729 2226 3302 2299; baseline 0.002 -17"><span class='ocrx_word' id='word_1_376' title='bbox 1729 2231 1765 2283; x_wconf 91' lang='lat' dir='ltr'><strong>l.</strong></span> <span class='ocrx_word' id='word_1_377' title='bbox 1809 2244 1918 2289; x_wconf 76' lang='lat' dir='ltr'><strong>xw,</strong></span> <span class='ocrx_word' id='word_1_378' title='bbox 1970 2227 2168 2281; x_wconf 87' lang='lat' dir='ltr'><strong>ibidem</strong></span> <span class='ocrx_word' id='word_1_379' title='bbox 2215 2226 2289 2281; x_wconf 88' lang='lat' dir='ltr'><strong>De</strong></span> <span class='ocrx_word' id='word_1_380' title='bbox 2338 2230 2524 2297; x_wconf 68' lang='lat' dir='ltr'><strong>pretiis,</strong></span> <span class='ocrx_word' id='word_1_381' title='bbox 2576 2230 2663 2283; x_wconf 92' lang='lat' dir='ltr'><strong>ubi</strong></span> <span class='ocrx_word' id='word_1_382' title='bbox 2707 2239 2848 2284; x_wconf 59' lang='lat' dir='ltr'><strong>nota</strong></span> <span class='ocrx_word' id='word_1_383' title='bbox 2898 2232 3172 2299; x_wconf 62' lang='lat' dir='ltr'><strong>praeclarae</strong></span> <span class='ocrx_word' id='word_1_384' title='bbox 3217 2239 3302 2285; x_wconf 80' lang='lat' dir='ltr'><strong>at-</strong></span> 
     </span>
    </p>
   </div>
   <div class='ocr_carea' id='block_1_54' title="bbox 1728 2317 3302 2390">
    <p class='ocr_par' dir='ltr' id='par_1_54' title="bbox 1728 2317 3302 2390">
     <span class='ocr_line' id='line_1_54' title="bbox 1728 2317 3302 2390; baseline 0 -18"><span class='ocrx_word' id='word_1_385' title='bbox 1728 2327 2021 2384; x_wconf 80' lang='lat' dir='ltr'><strong>texuntur;</strong></span> <span class='ocrx_word' id='word_1_386' title='bbox 2064 2325 2116 2370; x_wconf 93' lang='lat' dir='ltr'><strong>et</strong></span> <span class='ocrx_word' id='word_1_387' title='bbox 2152 2317 2295 2373; x_wconf 90' lang='lat' dir='ltr'><strong>hunc</strong></span> <span class='ocrx_word' id='word_1_388' title='bbox 2332 2318 2569 2388; x_wconf 90' lang='lat' dir='ltr'><strong>primum</strong></span> <span class='ocrx_word' id='word_1_389' title='bbox 2611 2318 3005 2373; x_wconf 90' lang='lat' dir='ltr'><strong>monachorum</strong></span> <span class='ocrx_word' id='word_1_390' title='bbox 3052 2320 3302 2390; x_wconf 80' lang='lat' dir='ltr'><strong>gradum,</strong></span> 
     </span>
    </p>
   </div>
   <div class='ocr_carea' id='block_1_55' title="bbox 1728 2410 3307 2480">
    <p class='ocr_par' dir='ltr' id='par_1_55' title="bbox 1728 2410 3307 2480">
     <span class='ocr_line' id='line_1_55' title="bbox 1728 2410 3307 2480; baseline 0.002 -15"><span class='ocrx_word' id='word_1_391' title='bbox 1728 2412 1843 2465; x_wconf 87' lang='lat' dir='ltr'><strong>sive</strong></span> <span class='ocrx_word' id='word_1_392' title='bbox 1886 2410 2167 2471; x_wconf 88' lang='lat' dir='ltr'><strong>ordinem,</strong></span> <span class='ocrx_word' id='word_1_393' title='bbox 2211 2410 2326 2465; x_wconf 87' lang='lat' dir='ltr'><strong>sive</strong></span> <span class='ocrx_word' id='word_1_394' title='bbox 2365 2411 2544 2480; x_wconf 91' lang='lat' dir='ltr'><strong>potius</strong></span> <span class='ocrx_word' id='word_1_395' title='bbox 2585 2412 2694 2466; x_wconf 88' lang='lat' dir='ltr'><strong>Deo</strong></span> <span class='ocrx_word' id='word_1_396' title='bbox 2721 2427 2840 2468; x_wconf 89' lang='lat' dir='ltr'><strong>sese</strong></span> <span class='ocrx_word' id='word_1_397' title='bbox 2881 2413 3211 2477; x_wconf 91' lang='lat' dir='ltr'><strong>dicantium,</strong></span> <span class='ocrx_word' id='word_1_398' title='bbox 3253 2426 3307 2468; x_wconf 90' lang='lat' dir='ltr'><strong>et</strong></span> 
     </span>
    </p>
   </div>
   <div class='ocr_carea' id='block_1_56' title="bbox 1729 2503 3302 2559">
    <p class='ocr_par' dir='ltr' id='par_1_56' title="bbox 1729 2503 3302 2559">
     <span class='ocr_line' id='line_1_56' title="bbox 1729 2503 3302 2559; baseline 0.001 -2"><span class='ocrx_word' id='word_1_399' title='bbox 1729 2503 1796 2557; x_wconf 86' lang='lat' dir='ltr'><strong>ad</strong></span> <span class='ocrx_word' id='word_1_400' title='bbox 1827 2503 2209 2557; x_wconf 87' lang='lat' dir='ltr'><strong>monachatum</strong></span> <span class='ocrx_word' id='word_1_401' title='bbox 2251 2504 2585 2559; x_wconf 87' lang='lat' dir='ltr'><strong>tendentium</strong></span> <span class='ocrx_word' id='word_1_402' title='bbox 2636 2504 2798 2558; x_wconf 90' lang='lat' dir='ltr'><strong>limen</strong></span> <span class='ocrx_word' id='word_1_403' title='bbox 2837 2503 3006 2559; x_wconf 90' lang='lat' dir='ltr'><strong>fuisse</strong></span> <span class='ocrx_word' id='word_1_404' title='bbox 3043 2506 3302 2559; x_wconf 86' lang='lat' dir='ltr'><strong>arbitror.</strong></span> 
     </span>
    </p>
   </div>
   <div class='ocr_carea' id='block_1_57' title="bbox 1801 2595 3308 2668">
    <p class='ocr_par' dir='ltr' id='par_1_57' title="bbox 1801 2595 3308 2668">
     <span class='ocr_line' id='line_1_57' title="bbox 1801 2595 3308 2668; baseline 0.001 -18"><span class='ocrx_word' id='word_1_405' title='bbox 1801 2595 2088 2651; x_wconf 85' lang='lat' dir='ltr'><strong>Secundus</strong></span> <span class='ocrx_word' id='word_1_406' title='bbox 2122 2606 2240 2651; x_wconf 88' lang='lat' dir='ltr'><strong>erat</strong></span> <span class='ocrx_word' id='word_1_407' title='bbox 2267 2607 2593 2662; x_wconf 89' lang='lat' dir='ltr'><strong>ascetarum,</strong></span> <span class='ocrx_word' id='word_1_408' title='bbox 2633 2611 2736 2651; x_wconf 91' lang='lat' dir='ltr'><strong>non</strong></span> <span class='ocrx_word' id='word_1_409' title='bbox 2771 2598 3066 2668; x_wconf 84' lang='lat' dir='ltr'><strong>generatim</strong></span> <span class='ocrx_word' id='word_1_410' title='bbox 3117 2607 3172 2652; x_wconf 90' lang='lat' dir='ltr'><strong>et</strong></span> <span class='ocrx_word' id='word_1_411' title='bbox 3202 2596 3308 2652; x_wconf 89' lang='lat' dir='ltr'><strong>late</strong></span> 
     </span>
    </p>
   </div>
   <div class='ocr_carea' id='block_1_58' title="bbox 1730 2689 3307 2761">
    <p class='ocr_par' dir='ltr' id='par_1_58' title="bbox 1730 2689 3307 2761">
     <span class='ocr_line' id='line_1_58' title="bbox 1730 2689 3307 2761; baseline -0.002 -15"><span class='ocrx_word' id='word_1_412' title='bbox 1730 2700 2091 2761; x_wconf 86' lang='lat' dir='ltr'><strong>sumptorum,</strong></span> <span class='ocrx_word' id='word_1_413' title='bbox 2141 2707 2326 2746; x_wconf 90' lang='lat' dir='ltr'><strong>verum</strong></span> <span class='ocrx_word' id='word_1_414' title='bbox 2386 2691 2772 2760; x_wconf 85' lang='lat' dir='ltr'><strong>particulatim,</strong></span> <span class='ocrx_word' id='word_1_415' title='bbox 2822 2700 2876 2745; x_wconf 91' lang='lat' dir='ltr'><strong>et</strong></span> <span class='ocrx_word' id='word_1_416' title='bbox 2932 2690 3167 2761; x_wconf 89' lang='lat' dir='ltr'><strong>proprie,</strong></span> <span class='ocrx_word' id='word_1_417' title='bbox 3212 2689 3307 2760; x_wconf 85' lang='lat' dir='ltr'><strong>qui</strong></span> 
     </span>
    </p>
   </div>
   <div class='ocr_carea' id='block_1_59' title="bbox 1731 2782 3312 2853">
    <p class='ocr_par' dir='ltr' id='par_1_59' title="bbox 1731 2782 3312 2853">
     <span class='ocr_line' id='line_1_59' title="bbox 1731 2782 3312 2853; baseline 0 -16"><span class='ocrx_word' id='word_1_418' title='bbox 1731 2784 1797 2837; x_wconf 89' lang='lat' dir='ltr'><strong>ad</strong></span> <span class='ocrx_word' id='word_1_419' title='bbox 1846 2792 2036 2838; x_wconf 90' lang='lat' dir='ltr'><strong>nutum</strong></span> <span class='ocrx_word' id='word_1_420' title='bbox 2089 2783 2360 2849; x_wconf 91' lang='lat' dir='ltr'><strong>abbatum,</strong></span> <span class='ocrx_word' id='word_1_421' title='bbox 2409 2799 2503 2838; x_wconf 88' lang='lat' dir='ltr'><strong>seu</strong></span> <span class='ocrx_word' id='word_1_422' title='bbox 2558 2782 2937 2853; x_wconf 68' lang='lat' dir='ltr'><strong>praefectorum</strong></span> <span class='ocrx_word' id='word_1_423' title='bbox 2987 2783 3312 2838; x_wconf 77' lang='lat' dir='ltr'><strong>exercebant</strong></span> 
     </span>
    </p>
   </div>
   <div class='ocr_carea' id='block_1_60' title="bbox 1732 2875 3313 2947">
    <p class='ocr_par' dir='ltr' id='par_1_60' title="bbox 1732 2875 3313 2947">
     <span class='ocr_line' id='line_1_60' title="bbox 1732 2875 3313 2947; baseline -0.002 -16"><span class='ocrx_word' id='word_1_424' title='bbox 1732 2890 1851 2931; x_wconf 89' lang='lat' dir='ltr'><strong>sese</strong></span> <span class='ocrx_word' id='word_1_425' title='bbox 1895 2876 2154 2947; x_wconf 90' lang='lat' dir='ltr'><strong>jejuniis,</strong></span> <span class='ocrx_word' id='word_1_426' title='bbox 2206 2875 2690 2941; x_wconf 82' lang='lat' dir='ltr'><strong>meditationibus,</strong></span> <span class='ocrx_word' id='word_1_427' title='bbox 2745 2876 3119 2942; x_wconf 90' lang='lat' dir='ltr'><strong>orationibus,</strong></span> <span class='ocrx_word' id='word_1_428' title='bbox 3166 2875 3313 2946; x_wconf 88' lang='lat' dir='ltr'><strong>psal-</strong></span> 
     </span>
    </p>
   </div>
   <div class='ocr_carea' id='block_1_61' title="bbox 1732 2967 3314 3038">
    <p class='ocr_par' dir='ltr' id='par_1_61' title="bbox 1732 2967 3314 3038">
     <span class='ocr_line' id='line_1_61' title="bbox 1732 2967 3314 3038; baseline 0 -17"><span class='ocrx_word' id='word_1_429' title='bbox 1732 2967 1961 3033; x_wconf 90' lang='lat' dir='ltr'><strong>modiis,</strong></span> <span class='ocrx_word' id='word_1_430' title='bbox 2011 2976 2064 3022; x_wconf 91' lang='lat' dir='ltr'><strong>et</strong></span> <span class='ocrx_word' id='word_1_431' title='bbox 2114 2967 2236 3023; x_wconf 91' lang='lat' dir='ltr'><strong>aliis</strong></span> <span class='ocrx_word' id='word_1_432' title='bbox 2294 2968 2509 3038; x_wconf 85' lang='lat' dir='ltr'><strong>pietatis</strong></span> <span class='ocrx_word' id='word_1_433' title='bbox 2568 2978 2621 3024; x_wconf 89' lang='lat' dir='ltr'><strong>et</strong></span> <span class='ocrx_word' id='word_1_434' title='bbox 2672 2968 3002 3037; x_wconf 62' lang='lat' dir='ltr'><strong>pwuitentiaa</strong></span> <span class='ocrx_word' id='word_1_435' title='bbox 3049 2969 3314 3023; x_wconf 78' lang='lat' dir='ltr'><strong>vacabant</strong></span> 
     </span>
    </p>
   </div>
   <div class='ocr_carea' id='block_1_62' title="bbox 1734 3058 3309 3130">
    <p class='ocr_par' dir='ltr' id='par_1_62' title="bbox 1734 3058 3309 3130">
     <span class='ocr_line' id='line_1_62' title="bbox 1734 3058 3309 3130; baseline 0.001 -17"><span class='ocrx_word' id='word_1_436' title='bbox 1734 3058 1943 3124; x_wconf 72' lang='lat' dir='ltr'><strong>ciliciis,</strong></span> <span class='ocrx_word' id='word_1_437' title='bbox 1964 3059 2076 3129; x_wconf 89' lang='lat' dir='ltr'><strong>jam</strong></span> <span class='ocrx_word' id='word_1_438' title='bbox 2109 3059 2485 3125; x_wconf 88' lang='lat' dir='ltr'><strong>Continentes,</strong></span> <span class='ocrx_word' id='word_1_439' title='bbox 2510 3059 2576 3113; x_wconf 93' lang='lat' dir='ltr'><strong>de</strong></span> <span class='ocrx_word' id='word_1_440' title='bbox 2604 3060 2806 3130; x_wconf 84' lang='lat' dir='ltr'><strong>quibus</strong></span> <span class='ocrx_word' id='word_1_441' title='bbox 2836 3061 3031 3115; x_wconf 83' lang='lat' dir='ltr'><strong>Petrus</strong></span> <span class='ocrx_word' id='word_1_442' title='bbox 3060 3060 3309 3114; x_wconf 88' lang='lat' dir='ltr'><strong>Damian.</strong></span> 
     </span>
    </p>
   </div>
   <div class='ocr_carea' id='block_1_63' title="bbox 52 3144 3365 3220">
    <p class='ocr_par' dir='ltr' id='par_1_63' title="bbox 52 3144 3365 3220">
     <span class='ocr_line' id='line_1_63' title="bbox 52 3144 3365 3220; baseline 0 -15"><span class='ocrx_word' id='word_1_443' title='bbox 52 3151 256 3220; x_wconf 87' lang='lat' dir='ltr'><strong>cuique</strong></span> <span class='ocrx_word' id='word_1_444' title='bbox 288 3150 475 3205; x_wconf 89' lang='lat' dir='ltr'><strong>tribuit</strong></span> <span class='ocrx_word' id='word_1_445' title='bbox 500 3150 1223 3220; x_wconf 86' lang='lat' dir='ltr'><strong>reverentiam,vovisseque</strong></span> <span class='ocrx_word' id='word_1_446' title='bbox 1253 3165 1375 3205; x_wconf 91' lang='lat' dir='ltr'><strong>cum</strong></span> <span class='ocrx_word' id='word_1_447' title='bbox 1413 3151 1634 3214; x_wconf 90' lang='lat' dir='ltr'><strong>marito,</strong></span> <span class='ocrx_word' id='word_1_448' title='bbox 1665 3144 1708 3202; x_wconf 91' lang='lat' dir='ltr'><strong>C</strong></span> <span class='ocrx_word' id='word_1_449' title='bbox 1743 3158 1936 3204; x_wconf 88' lang='lat' dir='ltr'><strong>tractat</strong></span> <span class='ocrx_word' id='word_1_450' title='bbox 1975 3149 2028 3203; x_wconf 94' lang='lat' dir='ltr'><strong>in</strong></span> <span class='ocrx_word' id='word_1_451' title='bbox 2081 3148 2347 3205; x_wconf 86' lang='lat' dir='ltr'><strong>Sermone</strong></span> <span class='ocrx_word' id='word_1_452' title='bbox 2388 3150 2453 3204; x_wconf 93' lang='lat' dir='ltr'><strong>de</strong></span> <span class='ocrx_word' id='word_1_453' title='bbox 2484 3159 2682 3205; x_wconf 83' lang='lat' dir='ltr'><strong>sancto</strong></span> <span class='ocrx_word' id='word_1_454' title='bbox 2727 3149 2972 3214; x_wconf 87' lang='lat' dir='ltr'><strong>Nicolao,</strong></span> <span class='ocrx_word' id='word_1_455' title='bbox 3015 3151 3184 3207; x_wconf 86' lang='lat' dir='ltr'><strong>instar</strong></span> <span class='ocrx_word' id='word_1_456' title='bbox 3216 3151 3316 3206; x_wconf 88' lang='lat' dir='ltr'><strong>Sa-</strong></span> <span class='ocrx_word' id='word_1_457' title='bbox 3362 3174 3365 3177; x_wconf 93' lang='grc'><strong>·</strong></span> 
     </span>
    </p>
   </div>
   <div class='ocr_carea' id='block_1_64' title="bbox 51 3242 1630 3314">
    <p class='ocr_par' dir='ltr' id='par_1_64' title="bbox 51 3242 1630 3314">
     <span class='ocr_line' id='line_1_64' title="bbox 51 3242 1630 3314; baseline -0.002 -15"><span class='ocrx_word' id='word_1_458' title='bbox 51 3259 84 3299; x_wconf 88' lang='grc' dir='ltr'><strong>ε</strong></span> <span class='ocrx_word' id='word_1_459' title='bbox 116 3259 229 3312; x_wconf 88' lang='lat' dir='ltr'><strong>quo</strong></span> <span class='ocrx_word' id='word_1_460' title='bbox 258 3242 427 3297; x_wconf 84' lang='lat' dir='ltr'><strong>filium</strong></span> <span class='ocrx_word' id='word_1_461' title='bbox 463 3252 808 3314; x_wconf 80' lang='lat' dir='ltr'><strong>susceperat,</strong></span> <span class='ocrx_word' id='word_1_462' title='bbox 838 3244 1225 3298; x_wconf 89' lang='lat' dir='ltr'><strong>continentiam</strong></span> <span class='ocrx_word' id='word_1_463' title='bbox 1260 3244 1389 3309; x_wconf 90' lang='lat' dir='ltr'><strong>Deo,</strong></span> <span class='ocrx_word' id='word_1_464' title='bbox 1425 3251 1630 3307; x_wconf 89' lang='lat' dir='ltr'><strong>narrat,</strong></span> 
     </span>
    </p>
   </div>
   <div class='ocr_carea' id='block_1_65' title="bbox 54 3332 1637 3404">
    <p class='ocr_par' dir='ltr' id='par_1_65' title="bbox 54 3332 1637 3404">
     <span class='ocr_line' id='line_1_65' title="bbox 54 3332 1637 3404; baseline -0.001 -17"><span class='ocrx_word' id='word_1_465' title='bbox 54 3335 363 3403; x_wconf 88' lang='lat' dir='ltr'><strong>annuitque</strong></span> <span class='ocrx_word' id='word_1_466' title='bbox 399 3344 457 3388; x_wconf 88' lang='lat' dir='ltr'><strong>ut</strong></span> <span class='ocrx_word' id='word_1_467' title='bbox 489 3343 661 3404; x_wconf 82' lang='lat' dir='ltr'><strong>gestet</strong></span> <span class='ocrx_word' id='word_1_468' title='bbox 704 3334 957 3389; x_wconf 88' lang='lat' dir='ltr'><strong>vestitum</strong></span> <span class='ocrx_word' id='word_1_469' title='bbox 1007 3333 1385 3397; x_wconf 90' lang='lat' dir='ltr'><strong>matronalem,</strong></span> <span class='ocrx_word' id='word_1_470' title='bbox 1427 3333 1521 3388; x_wconf 90' lang='lat' dir='ltr'><strong>sed</strong></span> <span class='ocrx_word' id='word_1_471' title='bbox 1553 3332 1637 3386; x_wconf 81' lang='lat' dir='ltr'><strong>in-</strong></span> 
     </span>
    </p>
   </div>
   <div class='ocr_carea' id='block_1_66' title="bbox 55 3424 1635 3497">
    <p class='ocr_par' dir='ltr' id='par_1_66' title="bbox 55 3424 1635 3497">
     <span class='ocr_line' id='line_1_66' title="bbox 55 3424 1635 3497; baseline 0.001 -21"><span class='ocrx_word' id='word_1_472' title='bbox 55 3426 171 3479; x_wconf 83' lang='lat' dir='ltr'><strong>vito</strong></span> <span class='ocrx_word' id='word_1_473' title='bbox 208 3425 327 3480; x_wconf 91' lang='lat' dir='ltr'><strong>viro</strong></span> <span class='ocrx_word' id='word_1_474' title='bbox 352 3441 418 3480; x_wconf 91' lang='lat' dir='ltr'><strong>ne</strong></span> <span class='ocrx_word' id='word_1_475' title='bbox 450 3427 719 3480; x_wconf 90' lang='lat' dir='ltr'><strong>vidualem</strong></span> <span class='ocrx_word' id='word_1_476' title='bbox 760 3434 970 3497; x_wconf 81' lang='lat' dir='ltr'><strong>gestare</strong></span> <span class='ocrx_word' id='word_1_477' title='bbox 998 3436 1186 3496; x_wconf 80' lang='lat' dir='ltr'><strong>pergat</strong></span> <span class='ocrx_word' id='word_1_478' title='bbox 1215 3424 1468 3496; x_wconf 91' lang='lat' dir='ltr'><strong>prohibet</strong></span> <span class='ocrx_word' id='word_1_479' title='bbox 1507 3441 1635 3494; x_wconf 86' lang='lat' dir='ltr'><strong>pru-</strong></span> 
     </span>
    </p>
   </div>
   <div class='ocr_carea' id='block_1_67' title="bbox 54 3516 1637 3590">
    <p class='ocr_par' dir='ltr' id='par_1_67' title="bbox 54 3516 1637 3590">
     <span class='ocr_line' id='line_1_67' title="bbox 54 3516 1637 3590; baseline -0.001 -17"><span class='ocrx_word' id='word_1_480' title='bbox 54 3519 273 3573; x_wconf 86' lang='lat' dir='ltr'><strong>denter.</strong></span> <span class='ocrx_word' id='word_1_481' title='bbox 318 3517 553 3574; x_wconf 87' lang='lat' dir='ltr'><strong>Sanctus</strong></span> <span class='ocrx_word' id='word_1_482' title='bbox 602 3517 967 3590; x_wconf 83' lang='lat' dir='ltr'><strong>Hieronymus</strong></span> <span class='ocrx_word' id='word_1_483' title='bbox 1004 3518 1058 3572; x_wconf 91' lang='lat' dir='ltr'><strong>in</strong></span> <span class='ocrx_word' id='word_1_484' title='bbox 1100 3518 1346 3587; x_wconf 87' lang='lat' dir='ltr'><strong>epistolis</strong></span> <span class='ocrx_word' id='word_1_485' title='bbox 1379 3516 1449 3570; x_wconf 69' lang='lat'><strong>28</strong></span> <span class='ocrx_word' id='word_1_486' title='bbox 1479 3526 1533 3571; x_wconf 91' lang='lat' dir='ltr'><strong>et</strong></span> <span class='ocrx_word' id='word_1_487' title='bbox 1567 3517 1637 3571; x_wconf 70' lang='lat'><strong>29</strong></span> 
     </span>
    </p>
   </div>
   <div class='ocr_carea' id='block_1_68' title="bbox 54 3608 1638 3676">
    <p class='ocr_par' dir='ltr' id='par_1_68' title="bbox 54 3608 1638 3676">
     <span class='ocr_line' id='line_1_68' title="bbox 54 3608 1638 3676; baseline -0.003 -10"><span class='ocrx_word' id='word_1_488' title='bbox 54 3611 127 3666; x_wconf 88' lang='lat' dir='ltr'><strong>ad</strong></span> <span class='ocrx_word' id='word_1_489' title='bbox 159 3611 531 3676; x_wconf 89' lang='lat' dir='ltr'><strong>Theodoram,</strong></span> <span class='ocrx_word' id='word_1_490' title='bbox 562 3611 805 3666; x_wconf 90' lang='lat' dir='ltr'><strong>insinuat</strong></span> <span class='ocrx_word' id='word_1_491' title='bbox 830 3611 965 3665; x_wconf 90' lang='lat' dir='ltr'><strong>satis</strong></span> <span class='ocrx_word' id='word_1_492' title='bbox 996 3625 1116 3665; x_wconf 89' lang='lat' dir='ltr'><strong>eam</strong></span> <span class='ocrx_word' id='word_1_493' title='bbox 1149 3626 1270 3665; x_wconf 92' lang='lat' dir='ltr'><strong>cum</strong></span> <span class='ocrx_word' id='word_1_494' title='bbox 1301 3608 1500 3664; x_wconf 91' lang='lat' dir='ltr'><strong>marito</strong></span> <span class='ocrx_word' id='word_1_495' title='bbox 1533 3608 1638 3662; x_wconf 86' lang='lat' dir='ltr'><strong>Lu-</strong></span> 
     </span>
    </p>
   </div>
   <div class='ocr_carea' id='block_1_69' title="bbox 54 3701 1639 3765">
    <p class='ocr_par' dir='ltr' id='par_1_69' title="bbox 54 3701 1639 3765">
     <span class='ocr_line' id='line_1_69' title="bbox 54 3701 1639 3765; baseline -0.001 -7"><span class='ocrx_word' id='word_1_496' title='bbox 54 3704 207 3758; x_wconf 85' lang='lat' dir='ltr'><strong>cinio</strong></span> <span class='ocrx_word' id='word_1_497' title='bbox 238 3702 445 3759; x_wconf 83' lang='lat' dir='ltr'><strong>Boetico</strong></span> <span class='ocrx_word' id='word_1_498' title='bbox 477 3713 684 3759; x_wconf 90' lang='lat' dir='ltr'><strong>castam</strong></span> <span class='ocrx_word' id='word_1_499' title='bbox 716 3702 939 3758; x_wconf 84' lang='lat' dir='ltr'><strong>duxisse</strong></span> <span class='ocrx_word' id='word_1_500' title='bbox 965 3702 1129 3757; x_wconf 89' lang='lat' dir='ltr'><strong>vitam</strong></span> <span class='ocrx_word' id='word_1_501' title='bbox 1152 3741 1168 3765; x_wconf 90' lang='lat'><strong>,</strong></span> <span class='ocrx_word' id='word_1_502' title='bbox 1199 3704 1287 3756; x_wconf 89' lang='lat' dir='ltr'><strong>cui</strong></span> <span class='ocrx_word' id='word_1_503' title='bbox 1313 3701 1505 3756; x_wconf 90' lang='lat' dir='ltr'><strong>doctor</strong></span> <span class='ocrx_word' id='word_1_504' title='bbox 1549 3701 1639 3756; x_wconf 93' lang='lat' dir='ltr'><strong>ille</strong></span> 
     </span>
    </p>
   </div>
   <div class='ocr_carea' id='block_1_70' title="bbox 56 3794 1639 3866">
    <p class='ocr_par' dir='ltr' id='par_1_70' title="bbox 56 3794 1639 3866">
     <span class='ocr_line' id='line_1_70' title="bbox 56 3794 1639 3866; baseline -0.004 -17"><span class='ocrx_word' id='word_1_505' title='bbox 56 3796 220 3866; x_wconf 85' lang='lat' dir='ltr'><strong>ponit</strong></span> <span class='ocrx_word' id='word_1_506' title='bbox 263 3795 619 3865; x_wconf 86' lang='lat' dir='ltr'><strong>epitaphium,</strong></span> <span class='ocrx_word' id='word_1_507' title='bbox 656 3804 707 3850; x_wconf 92' lang='lat' dir='ltr'><strong>et</strong></span> <span class='ocrx_word' id='word_1_508' title='bbox 750 3794 930 3849; x_wconf 89' lang='lat' dir='ltr'><strong>mariti</strong></span> <span class='ocrx_word' id='word_1_509' title='bbox 966 3808 1087 3848; x_wconf 89' lang='lat' dir='ltr'><strong>eam</strong></span> <span class='ocrx_word' id='word_1_510' title='bbox 1133 3794 1211 3847; x_wconf 92' lang='lat' dir='ltr'><strong>uti</strong></span> <span class='ocrx_word' id='word_1_511' title='bbox 1248 3807 1490 3847; x_wconf 89' lang='lat' dir='ltr'><strong>sororem</strong></span> <span class='ocrx_word' id='word_1_512' title='bbox 1538 3808 1639 3844; x_wconf 91' lang='lat' dir='ltr'><strong>no-</strong></span> 
     </span>
    </p>
   </div>
   <div class='ocr_carea' id='block_1_71' title="bbox 56 3884 1635 3955">
    <p class='ocr_par' dir='ltr' id='par_1_71' title="bbox 56 3884 1635 3955">
     <span class='ocr_line' id='line_1_71' title="bbox 56 3884 1635 3955; baseline -0.001 -16"><span class='ocrx_word' id='word_1_513' title='bbox 56 3886 239 3939; x_wconf 87' lang='lat' dir='ltr'><strong>minat</strong></span> <span class='ocrx_word' id='word_1_514' title='bbox 263 3905 279 3953; x_wconf 87' lang='lat'><strong>;</strong></span> <span class='ocrx_word' id='word_1_515' title='bbox 311 3888 363 3941; x_wconf 92' lang='lat' dir='ltr'><strong>in</strong></span> <span class='ocrx_word' id='word_1_516' title='bbox 393 3900 592 3942; x_wconf 76' lang='lat' dir='ltr'><strong>sancta:</strong></span> <span class='ocrx_word' id='word_1_517' title='bbox 630 3887 854 3955; x_wconf 78' lang='lat' dir='ltr'><strong>Agnetis</strong></span> <span class='ocrx_word' id='word_1_518' title='bbox 882 3885 1068 3940; x_wconf 65' lang='lat' dir='ltr'><strong>Romae</strong></span> <span class='ocrx_word' id='word_1_519' title='bbox 1096 3894 1274 3941; x_wconf 84' lang='lat' dir='ltr'><strong>exstat</strong></span> <span class='ocrx_word' id='word_1_520' title='bbox 1301 3884 1635 3955; x_wconf 89' lang='lat' dir='ltr'><strong>epitaphium</strong></span> 
     </span>
    </p>
   </div>
   <div class='ocr_carea' id='block_1_72' title="bbox 58 3979 1641 4051">
    <p class='ocr_par' dir='ltr' id='par_1_72' title="bbox 58 3979 1641 4051">
     <span class='ocr_line' id='line_1_72' title="bbox 58 3979 1641 4051; baseline 0.001 -18"><span class='ocrx_word' id='word_1_521' title='bbox 58 3979 389 4045; x_wconf 60' lang='lat' dir='ltr'><strong>Theodorus,</strong></span> <span class='ocrx_word' id='word_1_522' title='bbox 420 3997 540 4051; x_wconf 71' lang='lat' dir='ltr'><strong>quae</strong></span> <span class='ocrx_word' id='word_1_523' title='bbox 576 3981 710 4035; x_wconf 87' lang='lat' dir='ltr'><strong>vixit</strong></span> <span class='ocrx_word' id='word_1_524' title='bbox 746 3981 904 4035; x_wconf 90' lang='lat' dir='ltr'><strong>annis</strong></span> <span class='ocrx_word' id='word_1_525' title='bbox 929 3980 1021 4048; x_wconf 74' lang='grc'>21,</span> <span class='ocrx_word' id='word_1_526' title='bbox 1053 3980 1334 4035; x_wconf 89' lang='lat' dir='ltr'><strong>mensibus</strong></span> <span class='ocrx_word' id='word_1_527' title='bbox 1364 3980 1414 4044; x_wconf 89' lang='lat'><strong>7,</strong></span> <span class='ocrx_word' id='word_1_528' title='bbox 1448 3980 1641 4034; x_wconf 89' lang='lat' dir='ltr'><strong>diebus</strong></span> 
     </span>
    </p>
   </div>
   <div class='ocr_carea' id='block_1_73' title="bbox 56 4073 1638 4143">
    <p class='ocr_par' dir='ltr' id='par_1_73' title="bbox 56 4073 1638 4143">
     <span class='ocr_line' id='line_1_73' title="bbox 56 4073 1638 4143; baseline -0.002 -16"><span class='ocrx_word' id='word_1_529' title='bbox 56 4073 135 4127; x_wconf 73' lang='grc'><strong>24</strong></span> <span class='ocrx_word' id='word_1_530' title='bbox 199 4074 256 4129; x_wconf 88' lang='lat' dir='ltr'><strong>in</strong></span> <span class='ocrx_word' id='word_1_531' title='bbox 302 4089 454 4143; x_wconf 90' lang='lat' dir='ltr'><strong>pace.</strong></span> <span class='ocrx_word' id='word_1_532' title='bbox 511 4074 605 4130; x_wconf 88' lang='lat' dir='ltr'><strong>Est</strong></span> <span class='ocrx_word' id='word_1_533' title='bbox 649 4075 945 4141; x_wconf 88' lang='lat' dir='ltr'><strong>bisomum,</strong></span> <span class='ocrx_word' id='word_1_534' title='bbox 996 4075 1047 4129; x_wconf 91' lang='lat' dir='ltr'><strong>id</strong></span> <span class='ocrx_word' id='word_1_535' title='bbox 1080 4086 1184 4140; x_wconf 91' lang='lat' dir='ltr'><strong>est,</strong></span> <span class='ocrx_word' id='word_1_536' title='bbox 1229 4076 1338 4129; x_wconf 92' lang='lat' dir='ltr'><strong>duo</strong></span> <span class='ocrx_word' id='word_1_537' title='bbox 1387 4088 1638 4143; x_wconf 86' lang='lat' dir='ltr'><strong>corpora,</strong></span> 
     </span>
    </p>
   </div>
   <div class='ocr_carea' id='block_1_74' title="bbox 61 4166 1642 4237">
    <p class='ocr_par' dir='ltr' id='par_1_74' title="bbox 61 4166 1642 4237">
     <span class='ocr_line' id='line_1_74' title="bbox 61 4166 1642 4237; baseline 0 -19"><span class='ocrx_word' id='word_1_538' title='bbox 61 4180 269 4234; x_wconf 90' lang='lat' dir='ltr'><strong>nempe</strong></span> <span class='ocrx_word' id='word_1_539' title='bbox 317 4166 490 4235; x_wconf 91' lang='lat' dir='ltr'><strong>ipsius</strong></span> <span class='ocrx_word' id='word_1_540' title='bbox 534 4175 589 4221; x_wconf 92' lang='lat' dir='ltr'><strong>et</strong></span> <span class='ocrx_word' id='word_1_541' title='bbox 636 4168 815 4221; x_wconf 89' lang='lat' dir='ltr'><strong>mariti</strong></span> <span class='ocrx_word' id='word_1_542' title='bbox 874 4166 1088 4237; x_wconf 80' lang='lat' dir='ltr'><strong>Evagrii</strong></span> <span class='ocrx_word' id='word_1_543' title='bbox 1137 4167 1423 4222; x_wconf 90' lang='lat' dir='ltr'><strong>continens</strong></span> <span class='ocrx_word' id='word_1_544' title='bbox 1464 4166 1642 4236; x_wconf 88' lang='lat' dir='ltr'><strong>sepul-</strong></span> 
     </span>
    </p>
   </div>
   <div class='ocr_carea' id='block_1_75' title="bbox 59 4260 1499 4328">
    <p class='ocr_par' dir='ltr' id='par_1_75' title="bbox 59 4260 1499 4328">
     <span class='ocr_line' id='line_1_75' title="bbox 59 4260 1499 4328; baseline -0.001 -14"><span class='ocrx_word' id='word_1_545' title='bbox 59 4273 226 4314; x_wconf 86' lang='lat' dir='ltr'><strong>crum</strong></span> <span class='ocrx_word' id='word_1_546' title='bbox 258 4274 379 4314; x_wconf 90' lang='lat' dir='ltr'><strong>cum</strong></span> <span class='ocrx_word' id='word_1_547' title='bbox 415 4260 567 4315; x_wconf 87' lang='lat' dir='ltr'><strong>hisce</strong></span> <span class='ocrx_word' id='word_1_548' title='bbox 603 4260 872 4328; x_wconf 86' lang='lat' dir='ltr'><strong>versibus,</strong></span> <span class='ocrx_word' id='word_1_549' title='bbox 919 4269 976 4315; x_wconf 89' lang='lat' dir='ltr'><strong>et</strong></span> <span class='ocrx_word' id='word_1_550' title='bbox 1003 4268 1131 4315; x_wconf 83' lang='lat' dir='ltr'><strong>nota</strong></span> <span class='ocrx_word' id='word_1_551' title='bbox 1168 4261 1499 4316; x_wconf 89' lang='lat' dir='ltr'><strong>consulum:</strong></span> 
     </span>
    </p>
   </div>
   <div class='ocr_carea' id='block_1_76' title="bbox 133 4383 1609 4457">
    <p class='ocr_par' dir='ltr' id='par_1_76' title="bbox 133 4383 1609 4457">
     <span class='ocr_line' id='line_1_76' title="bbox 133 4383 1609 4457; baseline -0.002 -19"><span class='ocrx_word' id='word_1_552' title='bbox 133 4384 476 4455; x_wconf 81' lang='lat' dir='ltr'><strong>Ampliﬁcnm</strong></span> <span class='ocrx_word' id='word_1_553' title='bbox 502 4387 741 4457; x_wconf 79' lang='lat' dir='ltr'><strong>sequitur</strong></span> <span class='ocrx_word' id='word_1_554' title='bbox 767 4387 932 4440; x_wconf 82' lang='lat' dir='ltr'><strong>vitam</strong></span> <span class='ocrx_word' id='word_1_555' title='bbox 959 4384 1087 4438; x_wconf 81' lang='lat' dir='ltr'><strong>dum</strong></span> <span class='ocrx_word' id='word_1_556' title='bbox 1114 4394 1266 4438; x_wconf 86' lang='lat' dir='ltr'><strong>casta</strong></span> <span class='ocrx_word' id='word_1_557' title='bbox 1297 4383 1609 4451; x_wconf 81' lang='lat' dir='ltr'><strong>Aphrodite,</strong></span> 
     </span>
    </p>
   </div>
   <div class='ocr_carea' id='block_1_77' title="bbox 138 4475 1720 4561">
    <p class='ocr_par' dir='ltr' id='par_1_77' title="bbox 138 4475 1720 4561">
     <span class='ocr_line' id='line_1_77' title="bbox 138 4475 1720 4561; baseline 0.001 -32"><span class='ocrx_word' id='word_1_558' title='bbox 138 4476 295 4531; x_wconf 83' lang='lat' dir='ltr'><strong>Fecit</strong></span> <span class='ocrx_word' id='word_1_559' title='bbox 324 4479 392 4532; x_wconf 81' lang='lat' dir='ltr'><strong>ad</strong></span> <span class='ocrx_word' id='word_1_560' title='bbox 417 4490 567 4533; x_wconf 90' lang='lat' dir='ltr'><strong>astra</strong></span> <span class='ocrx_word' id='word_1_561' title='bbox 596 4481 757 4544; x_wconf 80' lang='lat' dir='ltr'><strong>viam,</strong></span> <span class='ocrx_word' id='word_1_562' title='bbox 782 4477 981 4533; x_wconf 79' lang='lat' dir='ltr'><strong>Christi</strong></span> <span class='ocrx_word' id='word_1_563' title='bbox 1004 4477 1157 4531; x_wconf 87' lang='lat' dir='ltr'><strong>modo</strong></span> <span class='ocrx_word' id='word_1_564' title='bbox 1191 4480 1383 4547; x_wconf 89' lang='lat' dir='ltr'><strong>gaudet</strong></span> <span class='ocrx_word' id='word_1_565' title='bbox 1405 4478 1458 4530; x_wconf 84' lang='lat' dir='ltr'><strong>in</strong></span> <span class='ocrx_word' id='word_1_566' title='bbox 1482 4475 1641 4541; x_wconf 82' lang='lat' dir='ltr'><strong>aula;</strong></span> <span class='ocrx_word' id='word_1_567' title='bbox 1674 4505 1720 4561; x_wconf 70' lang='grc' dir='ltr'><strong>Ι)</strong></span> 
     </span>
    </p>
   </div>
   <div class='ocr_carea' id='block_1_78' title="bbox 138 4568 1501 4639">
    <p class='ocr_par' dir='ltr' id='par_1_78' title="bbox 138 4568 1501 4639">
     <span class='ocr_line' id='line_1_78' title="bbox 138 4568 1501 4639; baseline -0.001 -16"><span class='ocrx_word' id='word_1_568' title='bbox 138 4568 357 4623; x_wconf 82' lang='lat' dir='ltr'><strong>Restitit</strong></span> <span class='ocrx_word' id='word_1_569' title='bbox 383 4570 491 4624; x_wconf 77' lang='lat' dir='ltr'><strong>hwc</strong></span> <span class='ocrx_word' id='word_1_570' title='bbox 530 4569 723 4624; x_wconf 83' lang='lat' dir='ltr'><strong>mundo</strong></span> <span class='ocrx_word' id='word_1_571' title='bbox 752 4586 953 4639; x_wconf 84' lang='lat' dir='ltr'><strong>semper</strong></span> <span class='ocrx_word' id='word_1_572' title='bbox 976 4569 1206 4623; x_wconf 76' lang='lat' dir='ltr'><strong>caelestia</strong></span> <span class='ocrx_word' id='word_1_573' title='bbox 1231 4585 1467 4639; x_wconf 79' lang='lat' dir='ltr'><strong>qucerens</strong></span> <span class='ocrx_word' id='word_1_574' title='bbox 1486 4609 1501 4635; x_wconf 94' lang='lat'><strong>,</strong></span> 
     </span>
    </p>
   </div>
   <div class='ocr_carea' id='block_1_79' title="bbox 144 4661 1409 4731">
    <p class='ocr_par' dir='ltr' id='par_1_79' title="bbox 144 4661 1409 4731">
     <span class='ocr_line' id='line_1_79' title="bbox 144 4661 1409 4731; baseline -0.003 -14"><span class='ocrx_word' id='word_1_575' title='bbox 144 4661 363 4731; x_wconf 84' lang='lat' dir='ltr'><strong>Optima</strong></span> <span class='ocrx_word' id='word_1_576' title='bbox 391 4663 649 4716; x_wconf 74' lang='lat' dir='ltr'><strong>servatrix</strong></span> <span class='ocrx_word' id='word_1_577' title='bbox 691 4662 840 4731; x_wconf 85' lang='lat' dir='ltr'><strong>legis,</strong></span> <span class='ocrx_word' id='word_1_578' title='bbox 871 4662 1096 4730; x_wconf 77' lang='lat' dir='ltr'><strong>ﬁdeique</strong></span> <span class='ocrx_word' id='word_1_579' title='bbox 1131 4661 1409 4730; x_wconf 86' lang='lat' dir='ltr'><strong>magistra,</strong></span> 
     </span>
    </p>
   </div>
   <div class='ocr_carea' id='block_1_80' title="bbox 142 4752 1256 4822">
    <p class='ocr_par' dir='ltr' id='par_1_80' title="bbox 142 4752 1256 4822">
     <span class='ocr_line' id='line_1_80' title="bbox 142 4752 1256 4822; baseline -0.003 -14"><span class='ocrx_word' id='word_1_580' title='bbox 142 4755 303 4808; x_wconf 86' lang='lat' dir='ltr'><strong>Inter</strong></span> <span class='ocrx_word' id='word_1_581' title='bbox 328 4756 547 4808; x_wconf 72' lang='lat' dir='ltr'><strong>eximios</strong></span> <span class='ocrx_word' id='word_1_582' title='bbox 581 4753 833 4806; x_wconf 87' lang='lat' dir='ltr'><strong>Paradisi</strong></span> <span class='ocrx_word' id='word_1_583' title='bbox 865 4763 1048 4822; x_wconf 88' lang='lat' dir='ltr'><strong>regnat</strong></span> <span class='ocrx_word' id='word_1_584' title='bbox 1071 4752 1256 4806; x_wconf 82' lang='lat' dir='ltr'><strong>odores</strong></span> 
     </span>
    </p>
   </div>
   <div class='ocr_carea' id='block_1_81' title="bbox 145 4840 1540 4910">
    <p class='ocr_par' dir='ltr' id='par_1_81' title="bbox 145 4840 1540 4910">
     <span class='ocr_line' id='line_1_81' title="bbox 145 4840 1540 4910; baseline -0.001 -15"><span class='ocrx_word' id='word_1_585' title='bbox 145 4841 397 4908; x_wconf 86' lang='lat' dir='ltr'><strong>Tempore</strong></span> <span class='ocrx_word' id='word_1_586' title='bbox 433 4842 682 4894; x_wconf 89' lang='lat' dir='ltr'><strong>continuo</strong></span> <span class='ocrx_word' id='word_1_587' title='bbox 725 4850 941 4894; x_wconf 83' lang='lat' dir='ltr'><strong>vernant</strong></span> <span class='ocrx_word' id='word_1_588' title='bbox 977 4840 1065 4893; x_wconf 84' lang='lat' dir='ltr'><strong>ubi</strong></span> <span class='ocrx_word' id='word_1_589' title='bbox 1111 4843 1352 4910; x_wconf 86' lang='lat' dir='ltr'><strong>gramina</strong></span> <span class='ocrx_word' id='word_1_590' title='bbox 1390 4840 1540 4893; x_wconf 85' lang='lat' dir='ltr'><strong>rivis-</strong></span> 
     </span>
    </p>
   </div>
   <div class='ocr_carea' id='block_1_82' title="bbox 141 4932 1467 5004">
    <p class='ocr_par' dir='ltr' id='par_1_82' title="bbox 141 4932 1467 5004">
     <span class='ocr_line' id='line_1_82' title="bbox 141 4932 1467 5004; baseline -0.002 -17"><span class='ocrx_word' id='word_1_591' title='bbox 141 4933 301 4987; x_wconf 81' lang='lat' dir='ltr'><strong>Dedit</strong></span> <span class='ocrx_word' id='word_1_592' title='bbox 334 4934 589 5004; x_wconf 84' lang='lat' dir='ltr'><strong>egregiam</strong></span> <span class='ocrx_word' id='word_1_593' title='bbox 634 4934 834 4987; x_wconf 86' lang='lat' dir='ltr'><strong>sanctis</strong></span> <span class='ocrx_word' id='word_1_594' title='bbox 876 4949 968 5001; x_wconf 86' lang='lat' dir='ltr'><strong>per</strong></span> <span class='ocrx_word' id='word_1_595' title='bbox 1002 4932 1197 4987; x_wconf 67' lang='lat' dir='ltr'><strong>sarcula</strong></span> <span class='ocrx_word' id='word_1_596' title='bbox 1227 4942 1467 4996; x_wconf 88' lang='lat' dir='ltr'><strong>mentem,</strong></span> 
     </span>
    </p>
   </div>
   <div class='ocr_carea' id='block_1_83' title="bbox 145 5024 1644 5094">
    <p class='ocr_par' dir='ltr' id='par_1_83' title="bbox 145 5024 1644 5094">
     <span class='ocr_line' id='line_1_83' title="bbox 145 5024 1644 5094; baseline -0.001 -17"><span class='ocrx_word' id='word_1_597' title='bbox 145 5024 540 5093; x_wconf 71' lang='lat' dir='ltr'><strong>Exspectatque</strong></span> <span class='ocrx_word' id='word_1_598' title='bbox 596 5024 763 5078; x_wconf 88' lang='lat' dir='ltr'><strong>Deum</strong></span> <span class='ocrx_word' id='word_1_599' title='bbox 789 5040 1005 5094; x_wconf 86' lang='lat' dir='ltr'><strong>superas</strong></span> <span class='ocrx_word' id='word_1_600' title='bbox 1032 5040 1132 5094; x_wconf 90' lang='lat' dir='ltr'><strong>quo</strong></span> <span class='ocrx_word' id='word_1_601' title='bbox 1160 5034 1340 5093; x_wconf 87' lang='lat' dir='ltr'><strong>surgat</strong></span> <span class='ocrx_word' id='word_1_602' title='bbox 1368 5024 1436 5076; x_wconf 89' lang='lat' dir='ltr'><strong>ad</strong></span> <span class='ocrx_word' id='word_1_603' title='bbox 1463 5040 1644 5089; x_wconf 89' lang='lat' dir='ltr'><strong>auras,</strong></span> 
     </span>
    </p>
   </div>
   <div class='ocr_carea' id='block_1_84' title="bbox 143 5116 1473 5185">
    <p class='ocr_par' dir='ltr' id='par_1_84' title="bbox 143 5116 1473 5185">
     <span class='ocr_line' id='line_1_84' title="bbox 143 5116 1473 5185; baseline -0.002 -15"><span class='ocrx_word' id='word_1_604' title='bbox 143 5120 262 5170; x_wconf 85' lang='lat' dir='ltr'><strong>Hoc</strong></span> <span class='ocrx_word' id='word_1_605' title='bbox 288 5118 460 5183; x_wconf 86' lang='lat' dir='ltr'><strong>posuit</strong></span> <span class='ocrx_word' id='word_1_606' title='bbox 494 5133 679 5184; x_wconf 85' lang='lat' dir='ltr'><strong>corpus</strong></span> <span class='ocrx_word' id='word_1_607' title='bbox 717 5118 922 5170; x_wconf 87' lang='lat' dir='ltr'><strong>tumqu</strong></span> <span class='ocrx_word' id='word_1_608' title='bbox 956 5116 1208 5170; x_wconf 81' lang='lat' dir='ltr'><strong>mortalia</strong></span> <span class='ocrx_word' id='word_1_609' title='bbox 1235 5116 1473 5185; x_wconf 85' lang='lat' dir='ltr'><strong>linquens</strong></span> 
     </span>
    </p>
   </div>
   <div class='ocr_carea' id='block_1_85' title="bbox 149 5204 1528 5277">
    <p class='ocr_par' dir='ltr' id='par_1_85' title="bbox 149 5204 1528 5277">
     <span class='ocr_line' id='line_1_85' title="bbox 149 5204 1528 5277; baseline 0 -19"><span class='ocrx_word' id='word_1_610' title='bbox 149 5206 520 5275; x_wconf 79' lang='lat' dir='ltr'><strong>Fundavitque</strong></span> <span class='ocrx_word' id='word_1_611' title='bbox 566 5206 737 5259; x_wconf 86' lang='lat' dir='ltr'><strong>locum</strong></span> <span class='ocrx_word' id='word_1_612' title='bbox 766 5207 995 5276; x_wconf 73' lang='lat' dir='ltr'><strong>conjuna:</strong></span> <span class='ocrx_word' id='word_1_613' title='bbox 1046 5204 1301 5277; x_wconf 78' lang='lat' dir='ltr'><strong>Euagrius</strong></span> <span class='ocrx_word' id='word_1_614' title='bbox 1347 5222 1528 5259; x_wconf 84' lang='lat' dir='ltr'><strong>orans.</strong></span> 
     </span>
    </p>
   </div>
   <div class='ocr_carea' id='block_1_86' title="bbox 226 5296 641 5354">
    <p class='ocr_par' dir='ltr' id='par_1_86' title="bbox 226 5296 641 5354">
     <span class='ocr_line' id='line_1_86' title="bbox 226 5296 641 5354; baseline 0.012 -7"><span class='ocrx_word' id='word_1_615' title='bbox 226 5296 375 5351; x_wconf 85' lang='lat' dir='ltr'><strong>DEP.</strong></span> <span class='ocrx_word' id='word_1_616' title='bbox 421 5298 641 5354; x_wconf 87' lang='lat' dir='ltr'><strong>DIE.....</strong></span> 
     </span>
    </p>
   </div>
   <div class='ocr_carea' id='block_1_87' title="bbox 146 5386 1649 5446">
    <p class='ocr_par' dir='ltr' id='par_1_87' title="bbox 146 5386 1649 5446">
     <span class='ocr_line' id='line_1_87' title="bbox 146 5386 1649 5446; baseline -0.001 -3"><span class='ocrx_word' id='word_1_617' title='bbox 146 5386 452 5443; x_wconf 81' lang='lat' dir='ltr'><strong>ANTONIO</strong></span> <span class='ocrx_word' id='word_1_618' title='bbox 487 5391 562 5444; x_wconf 80' lang='grc' dir='ltr'><strong>Ψ.</strong></span> <span class='ocrx_word' id='word_1_619' title='bbox 605 5388 903 5446; x_wconf 83' lang='lat' dir='ltr'><strong>SYAGRIO</strong></span> <span class='ocrx_word' id='word_1_620' title='bbox 929 5405 1107 5446; x_wconf 90' lang='lat' dir='ltr'><strong>conss.</strong></span> <span class='ocrx_word' id='word_1_621' title='bbox 1158 5391 1271 5445; x_wconf 91' lang='lat' dir='ltr'><strong>sive</strong></span> <span class='ocrx_word' id='word_1_622' title='bbox 1310 5402 1454 5443; x_wconf 90' lang='lat' dir='ltr'><strong>anno</strong></span> <span class='ocrx_word' id='word_1_623' title='bbox 1489 5387 1553 5442; x_wconf 90' lang='lat' dir='ltr'><strong>C.</strong></span> <span class='ocrx_word' id='word_1_624' title='bbox 1584 5386 1649 5443; x_wconf 91' lang='lat' dir='ltr'><strong>N.</strong></span> 
     </span>
    </p>
   </div>
   <div class='ocr_carea' id='block_1_88' title="bbox 150 5478 738 5552">
    <p class='ocr_par' dir='ltr' id='par_1_88' title="bbox 150 5478 738 5552">
     <span class='ocr_line' id='line_1_88' title="bbox 150 5478 738 5552; baseline -0.003 -16"><span class='ocrx_word' id='word_1_625' title='bbox 150 5480 260 5536; x_wconf 79' lang='grc'>585</span> <span class='ocrx_word' id='word_1_626' title='bbox 301 5479 319 5551; x_wconf 96' lang='grc'>(</span> <span class='ocrx_word' id='word_1_627' title='bbox 338 5478 383 5532; x_wconf 85' lang='grc' dir='ltr'>Ε</span> <span class='ocrx_word' id='word_1_628' title='bbox 428 5480 684 5534; x_wconf 88' lang='lat' dir='ltr'><strong>Panvinio</strong></span> <span class='ocrx_word' id='word_1_629' title='bbox 697 5480 738 5552; x_wconf 94' lang='lat'><strong>).</strong></span> 
     </span>
    </p>
   </div>
   <div class='ocr_carea' id='block_1_89' title="bbox 73 5593 1653 5664">
    <p class='ocr_par' dir='ltr' id='par_1_89' title="bbox 73 5593 1653 5664">
     <span class='ocr_line' id='line_1_89' title="bbox 73 5593 1653 5664; baseline -0.004 -12"><span class='ocrx_word' id='word_1_630' title='bbox 73 5596 241 5652; x_wconf 83' lang='lat' dir='ltr'><strong>Hanc</strong></span> <span class='ocrx_word' id='word_1_631' title='bbox 272 5596 433 5651; x_wconf 88' lang='lat' dir='ltr'><strong>etiam</strong></span> <span class='ocrx_word' id='word_1_632' title='bbox 470 5610 717 5652; x_wconf 86' lang='lat' dir='ltr'><strong>servasse</strong></span> <span class='ocrx_word' id='word_1_633' title='bbox 749 5596 1140 5652; x_wconf 83' lang='lat' dir='ltr'><strong>continentiam</strong></span> <span class='ocrx_word' id='word_1_634' title='bbox 1178 5597 1233 5649; x_wconf 92' lang='lat' dir='ltr'><strong>in</strong></span> <span class='ocrx_word' id='word_1_635' title='bbox 1270 5593 1524 5664; x_wconf 72' lang='lat' dir='ltr'><strong>coniugio</strong></span> <span class='ocrx_word' id='word_1_636' title='bbox 1562 5593 1653 5646; x_wconf 89' lang='lat' dir='ltr'><strong>illa</strong></span> 
     </span>
    </p>
   </div>
   <div class='ocr_carea' id='block_1_90' title="bbox 77 5684 1653 5757">
    <p class='ocr_par' dir='ltr' id='par_1_90' title="bbox 77 5684 1653 5757">
     <span class='ocr_line' id='line_1_90' title="bbox 77 5684 1653 5757; baseline -0.004 -14"><span class='ocrx_word' id='word_1_637' title='bbox 77 5689 278 5753; x_wconf 86' lang='lat' dir='ltr'><strong>verba,</strong></span> <span class='ocrx_word' id='word_1_638' title='bbox 308 5697 459 5742; x_wconf 89' lang='lat' dir='ltr'><strong>casta</strong></span> <span class='ocrx_word' id='word_1_639' title='bbox 486 5688 799 5757; x_wconf 83' lang='lat' dir='ltr'><strong>Aphrodite,</strong></span> <span class='ocrx_word' id='word_1_640' title='bbox 820 5688 954 5743; x_wconf 86' lang='lat' dir='ltr'><strong>satis</strong></span> <span class='ocrx_word' id='word_1_641' title='bbox 980 5688 1253 5753; x_wconf 87' lang='lat' dir='ltr'><strong>indicant;</strong></span> <span class='ocrx_word' id='word_1_642' title='bbox 1285 5695 1341 5740; x_wconf 89' lang='lat' dir='ltr'><strong>et</strong></span> <span class='ocrx_word' id='word_1_643' title='bbox 1368 5684 1653 5753; x_wconf 81' lang='lat' dir='ltr'><strong>Evagrium</strong></span> 
     </span>
    </p>
   </div>
   <div class='ocr_carea' id='block_1_91' title="bbox 82 5776 1663 5844">
    <p class='ocr_par' dir='ltr' id='par_1_91' title="bbox 82 5776 1663 5844">
     <span class='ocr_line' id='line_1_91' title="bbox 82 5776 1663 5844; baseline -0.004 -7"><span class='ocrx_word' id='word_1_644' title='bbox 82 5780 353 5837; x_wconf 84' lang='lat' dir='ltr'><strong>maritum</strong></span> <span class='ocrx_word' id='word_1_645' title='bbox 429 5778 688 5835; x_wconf 88' lang='lat' dir='ltr'><strong>Orantem</strong></span> <span class='ocrx_word' id='word_1_646' title='bbox 770 5778 976 5843; x_wconf 88' lang='lat' dir='ltr'><strong>fuisse,</strong></span> <span class='ocrx_word' id='word_1_647' title='bbox 1055 5779 1170 5833; x_wconf 84' lang='lat' dir='ltr'><strong>sive</strong></span> <span class='ocrx_word' id='word_1_648' title='bbox 1245 5776 1469 5843; x_wconf 74' lang='grc' dir='ltr'>ἱκέτην,</span> <span class='ocrx_word' id='word_1_649' title='bbox 1546 5789 1663 5844; x_wconf 83' lang='lat' dir='ltr'><strong>quo</strong></span> 
     </span>
    </p>
   </div>
   <div class='ocr_carea' id='block_1_92' title="bbox 1742 3239 3315 3307">
    <p class='ocr_par' dir='ltr' id='par_1_92' title="bbox 1742 3239 3315 3307">
     <span class='ocr_line' id='line_1_92' title="bbox 1742 3239 3315 3307; baseline 0.003 -14"><span class='ocrx_word' id='word_1_650' title='bbox 1742 3241 2104 3307; x_wconf 87' lang='lat' dir='ltr'><strong>rabaitarum,</strong></span> <span class='ocrx_word' id='word_1_651' title='bbox 2141 3250 2235 3295; x_wconf 90' lang='lat' dir='ltr'><strong>aut</strong></span> <span class='ocrx_word' id='word_1_652' title='bbox 2266 3239 2722 3305; x_wconf 87' lang='lat' dir='ltr'><strong>Sarabaritarum,</strong></span> <span class='ocrx_word' id='word_1_653' title='bbox 2757 3242 2979 3297; x_wconf 88' lang='lat' dir='ltr'><strong>forsitan</strong></span> <span class='ocrx_word' id='word_1_654' title='bbox 3015 3256 3044 3296; x_wconf 89' lang='lat' dir='ltr'><strong>a</strong></span> <span class='ocrx_word' id='word_1_655' title='bbox 3080 3242 3315 3297; x_wconf 87' lang='lat' dir='ltr'><strong>Saraba-</strong></span> 
     </span>
    </p>
   </div>
   <div class='ocr_carea' id='block_1_93' title="bbox 1741 3331 3315 3398">
    <p class='ocr_par' dir='ltr' id='par_1_93' title="bbox 1741 3331 3315 3398">
     <span class='ocr_line' id='line_1_93' title="bbox 1741 3331 3315 3398; baseline 0.001 -12"><span class='ocrx_word' id='word_1_656' title='bbox 1741 3348 1802 3386; x_wconf 88' lang='lat' dir='ltr'><strong>ra</strong></span> <span class='ocrx_word' id='word_1_657' title='bbox 1849 3341 2017 3398; x_wconf 87' lang='lat' dir='ltr'><strong>veste,</strong></span> <span class='ocrx_word' id='word_1_658' title='bbox 2056 3332 2123 3387; x_wconf 91' lang='lat' dir='ltr'><strong>de</strong></span> <span class='ocrx_word' id='word_1_659' title='bbox 2169 3348 2275 3398; x_wconf 89' lang='lat' dir='ltr'><strong>qua</strong></span> <span class='ocrx_word' id='word_1_660' title='bbox 2312 3333 2366 3387; x_wconf 93' lang='lat' dir='ltr'><strong>in</strong></span> <span class='ocrx_word' id='word_1_661' title='bbox 2403 3334 2785 3388; x_wconf 82' lang='lat' dir='ltr'><strong>dissertatione</strong></span> <span class='ocrx_word' id='word_1_662' title='bbox 2820 3348 2938 3387; x_wconf 91' lang='lat' dir='ltr'><strong>mea</strong></span> <span class='ocrx_word' id='word_1_663' title='bbox 2982 3333 3048 3387; x_wconf 90' lang='lat' dir='ltr'><strong>de</strong></span> <span class='ocrx_word' id='word_1_664' title='bbox 3096 3331 3315 3388; x_wconf 87' lang='lat' dir='ltr'><strong>Fanone</strong></span> 
     </span>
    </p>
   </div>
   <div class='ocr_carea' id='block_1_94' title="bbox 1742 3426 3314 3496">
    <p class='ocr_par' dir='ltr' id='par_1_94' title="bbox 1742 3426 3314 3496">
     <span class='ocr_line' id='line_1_94' title="bbox 1742 3426 3314 3496; baseline 0.001 -16"><span class='ocrx_word' id='word_1_665' title='bbox 1742 3426 1994 3489; x_wconf 87' lang='lat' dir='ltr'><strong>disserui,</strong></span> <span class='ocrx_word' id='word_1_666' title='bbox 2030 3426 2122 3496; x_wconf 92' lang='lat' dir='ltr'><strong>qui</strong></span> <span class='ocrx_word' id='word_1_667' title='bbox 2162 3434 2216 3480; x_wconf 91' lang='lat' dir='ltr'><strong>et</strong></span> <span class='ocrx_word' id='word_1_668' title='bbox 2262 3427 2379 3481; x_wconf 90' lang='lat' dir='ltr'><strong>suis</strong></span> <span class='ocrx_word' id='word_1_669' title='bbox 2427 3427 2479 3481; x_wconf 91' lang='lat' dir='ltr'><strong>in</strong></span> <span class='ocrx_word' id='word_1_670' title='bbox 2528 3426 2837 3488; x_wconf 89' lang='lat' dir='ltr'><strong>domiciliis,</strong></span> <span class='ocrx_word' id='word_1_671' title='bbox 2887 3437 2983 3480; x_wconf 87' lang='lat' dir='ltr'><strong>aut</strong></span> <span class='ocrx_word' id='word_1_672' title='bbox 3041 3428 3250 3480; x_wconf 88' lang='lat' dir='ltr'><strong>cellulis</strong></span> <span class='ocrx_word' id='word_1_673' title='bbox 3284 3444 3314 3481; x_wconf 88' lang='lat' dir='ltr'><strong>a</strong></span> 
     </span>
    </p>
   </div>
   <div class='ocr_carea' id='block_1_95' title="bbox 1744 3520 3315 3586">
    <p class='ocr_par' dir='ltr' id='par_1_95' title="bbox 1744 3520 3315 3586">
     <span class='ocr_line' id='line_1_95' title="bbox 1744 3520 3315 3586; baseline -0.003 -9"><span class='ocrx_word' id='word_1_674' title='bbox 1744 3537 1804 3577; x_wconf 91' lang='lat' dir='ltr'><strong>se</strong></span> <span class='ocrx_word' id='word_1_675' title='bbox 1855 3521 2181 3576; x_wconf 88' lang='lat' dir='ltr'><strong>constructis</strong></span> <span class='ocrx_word' id='word_1_676' title='bbox 2222 3528 2499 3575; x_wconf 84' lang='lat' dir='ltr'><strong>morantes</strong></span> <span class='ocrx_word' id='word_1_677' title='bbox 2546 3521 2851 3575; x_wconf 88' lang='lat' dir='ltr'><strong>consistunt</strong></span> <span class='ocrx_word' id='word_1_678' title='bbox 2916 3520 3143 3574; x_wconf 90' lang='lat' dir='ltr'><strong>arbitrio</strong></span> <span class='ocrx_word' id='word_1_679' title='bbox 3191 3536 3315 3586; x_wconf 87' lang='lat' dir='ltr'><strong>suo,</strong></span> 
     </span>
    </p>
   </div>
   <div class='ocr_carea' id='block_1_96' title="bbox 1743 3609 3314 3685">
    <p class='ocr_par' dir='ltr' id='par_1_96' title="bbox 1743 3609 3314 3685">
     <span class='ocr_line' id='line_1_96' title="bbox 1743 3609 3314 3685; baseline -0.003 -18"><span class='ocrx_word' id='word_1_680' title='bbox 1743 3622 1797 3667; x_wconf 92' lang='lat' dir='ltr'><strong>et</strong></span> <span class='ocrx_word' id='word_1_681' title='bbox 1861 3626 1999 3682; x_wconf 90' lang='lat' dir='ltr'><strong>quos</strong></span> <span class='ocrx_word' id='word_1_682' title='bbox 2048 3612 2271 3665; x_wconf 86' lang='lat' dir='ltr'><strong>damnat</strong></span> <span class='ocrx_word' id='word_1_683' title='bbox 2332 3610 2652 3675; x_wconf 88' lang='lat' dir='ltr'><strong>Cassianus,</strong></span> <span class='ocrx_word' id='word_1_684' title='bbox 2688 3626 2874 3666; x_wconf 87' lang='lat' dir='ltr'><strong>vocem</strong></span> <span class='ocrx_word' id='word_1_685' title='bbox 2939 3609 3314 3685; x_wconf 65' lang='lat' dir='ltr'><strong>Egyptiacam</strong></span> 
     </span>
    </p>
   </div>
   <div class='ocr_carea' id='block_1_97' title="bbox 1744 3702 3315 3772">
    <p class='ocr_par' dir='ltr' id='par_1_97' title="bbox 1744 3702 3315 3772">
     <span class='ocr_line' id='line_1_97' title="bbox 1744 3702 3315 3772; baseline -0.003 -13"><span class='ocrx_word' id='word_1_686' title='bbox 1744 3719 1974 3759; x_wconf 91' lang='lat' dir='ltr'><strong>censens</strong></span> <span class='ocrx_word' id='word_1_687' title='bbox 2002 3703 2397 3772; x_wconf 78' lang='lat' dir='ltr'><strong>signiﬁcantem</strong></span> <span class='ocrx_word' id='word_1_688' title='bbox 2431 3704 2703 3770; x_wconf 88' lang='lat' dir='ltr'><strong>renuitas,</strong></span> <span class='ocrx_word' id='word_1_689' title='bbox 2735 3704 2850 3757; x_wconf 86' lang='lat' dir='ltr'><strong>sive</strong></span> <span class='ocrx_word' id='word_1_690' title='bbox 2875 3702 3127 3757; x_wconf 89' lang='lat' dir='ltr'><strong>abbatem</strong></span> <span class='ocrx_word' id='word_1_691' title='bbox 3166 3702 3315 3757; x_wconf 70' lang='lat' dir='ltr'><strong>refu~</strong></span> 
     </span>
    </p>
   </div>
   <div class='ocr_carea' id='block_1_98' title="bbox 1744 3793 3320 3858">
    <p class='ocr_par' dir='ltr' id='par_1_98' title="bbox 1744 3793 3320 3858">
     <span class='ocr_line' id='line_1_98' title="bbox 1744 3793 3320 3858; baseline -0.002 -8"><span class='ocrx_word' id='word_1_692' title='bbox 1744 3806 1943 3858; x_wconf 88' lang='lat' dir='ltr'><strong>tantes,</strong></span> <span class='ocrx_word' id='word_1_693' title='bbox 1976 3796 2158 3848; x_wconf 87' lang='lat' dir='ltr'><strong>collat.</strong></span> <span class='ocrx_word' id='word_1_694' title='bbox 2196 3794 2249 3854; x_wconf 90' lang='lat'><strong>8,</strong></span> <span class='ocrx_word' id='word_1_695' title='bbox 2282 3808 2332 3849; x_wconf 92' lang='lat' dir='ltr'><strong>c.</strong></span> <span class='ocrx_word' id='word_1_696' title='bbox 2365 3794 2418 3857; x_wconf 85' lang='grc'><strong>5,</strong></span> <span class='ocrx_word' id='word_1_697' title='bbox 2451 3794 2530 3847; x_wconf 94' lang='lat' dir='ltr'><strong>uti</strong></span> <span class='ocrx_word' id='word_1_698' title='bbox 2565 3804 2789 3850; x_wconf 89' lang='lat' dir='ltr'><strong>sanctus</strong></span> <span class='ocrx_word' id='word_1_699' title='bbox 2826 3793 3172 3857; x_wconf 90' lang='lat' dir='ltr'><strong>Benedictus,</strong></span> <span class='ocrx_word' id='word_1_700' title='bbox 3202 3809 3251 3847; x_wconf 93' lang='lat' dir='ltr'><strong>c.</strong></span> <span class='ocrx_word' id='word_1_701' title='bbox 3286 3793 3320 3847; x_wconf 84' lang='lat'><strong>5</strong></span> 
     </span>
    </p>
   </div>
   <div class='ocr_carea' id='block_1_99' title="bbox 1747 3886 3319 3959">
    <p class='ocr_par' dir='ltr' id='par_1_99' title="bbox 1747 3886 3319 3959">
     <span class='ocr_line' id='line_1_99' title="bbox 1747 3886 3319 3959; baseline -0.004 -15"><span class='ocrx_word' id='word_1_702' title='bbox 1747 3890 1985 3959; x_wconf 75' lang='lat' dir='ltr'><strong>Regulae,</strong></span> <span class='ocrx_word' id='word_1_703' title='bbox 2022 3896 2082 3942; x_wconf 94' lang='lat' dir='ltr'><strong>ut</strong></span> <span class='ocrx_word' id='word_1_704' title='bbox 2109 3896 2191 3941; x_wconf 90' lang='lat' dir='ltr'><strong>cst</strong></span> <span class='ocrx_word' id='word_1_705' title='bbox 2218 3888 2407 3956; x_wconf 89' lang='lat' dir='ltr'><strong>optimi</strong></span> <span class='ocrx_word' id='word_1_706' title='bbox 2441 3887 2678 3956; x_wconf 90' lang='lat' dir='ltr'><strong>pessima</strong></span> <span class='ocrx_word' id='word_1_707' title='bbox 2716 3886 3014 3955; x_wconf 91' lang='lat' dir='ltr'><strong>corruptio,</strong></span> <span class='ocrx_word' id='word_1_708' title='bbox 3052 3886 3179 3954; x_wconf 86' lang='lat' dir='ltr'><strong>quia</strong></span> <span class='ocrx_word' id='word_1_709' title='bbox 3210 3899 3319 3939; x_wconf 90' lang='lat' dir='ltr'><strong>non</strong></span> 
     </span>
    </p>
   </div>
   <div class='ocr_carea' id='block_1_100' title="bbox 1746 3978 3321 4048">
    <p class='ocr_par' dir='ltr' id='par_1_100' title="bbox 1746 3978 3321 4048">
     <span class='ocr_line' id='line_1_100' title="bbox 1746 3978 3321 4048; baseline -0.003 -13"><span class='ocrx_word' id='word_1_710' title='bbox 1746 3983 2035 4036; x_wconf 85' lang='lat' dir='ltr'><strong>servabant</strong></span> <span class='ocrx_word' id='word_1_711' title='bbox 2063 3989 2471 4048; x_wconf 87' lang='lat' dir='ltr'><strong>actemosynen,</strong></span> <span class='ocrx_word' id='word_1_712' title='bbox 2508 3979 2624 4033; x_wconf 90' lang='lat' dir='ltr'><strong>sive</strong></span> <span class='ocrx_word' id='word_1_713' title='bbox 2653 3978 2953 4032; x_wconf 91' lang='lat' dir='ltr'><strong>nuditatem</strong></span> <span class='ocrx_word' id='word_1_714' title='bbox 2988 3992 3169 4031; x_wconf 89' lang='lat' dir='ltr'><strong>rerum</strong></span> <span class='ocrx_word' id='word_1_715' title='bbox 3201 3991 3321 4030; x_wconf 84' lang='lat' dir='ltr'><strong>om-</strong></span> 
     </span>
    </p>
   </div>
   <div class='ocr_carea' id='block_1_101' title="bbox 1746 4070 3325 4142">
    <p class='ocr_par' dir='ltr' id='par_1_101' title="bbox 1746 4070 3325 4142">
     <span class='ocr_line' id='line_1_101' title="bbox 1746 4070 3325 4142; baseline -0.001 -15"><span class='ocrx_word' id='word_1_716' title='bbox 1746 4074 1938 4135; x_wconf 88' lang='lat' dir='ltr'><strong>nium,</strong></span> <span class='ocrx_word' id='word_1_717' title='bbox 2012 4080 2493 4142; x_wconf 90' lang='lat' dir='ltr'><strong>paupertatemque</strong></span> <span class='ocrx_word' id='word_1_718' title='bbox 2571 4080 2808 4136; x_wconf 90' lang='lat' dir='ltr'><strong>arctam,</strong></span> <span class='ocrx_word' id='word_1_719' title='bbox 2861 4087 2958 4126; x_wconf 92' lang='lat' dir='ltr'><strong>seu</strong></span> <span class='ocrx_word' id='word_1_720' title='bbox 3016 4070 3128 4142; x_wconf 92' lang='lat' dir='ltr'><strong>(uti</strong></span> <span class='ocrx_word' id='word_1_721' title='bbox 3176 4071 3325 4126; x_wconf 86' lang='lat' dir='ltr'><strong>canit</strong></span> 
     </span>
    </p>
   </div>
   <div class='ocr_carea' id='block_1_102' title="bbox 1748 4167 3325 4237">
    <p class='ocr_par' dir='ltr' id='par_1_102' title="bbox 1748 4167 3325 4237">
     <span class='ocr_line' id='line_1_102' title="bbox 1748 4167 3325 4237; baseline 0 -16"><span class='ocrx_word' id='word_1_722' title='bbox 1748 4167 2039 4236; x_wconf 85' lang='lat' dir='ltr'><strong>Horatius)</strong></span> <span class='ocrx_word' id='word_1_723' title='bbox 2093 4177 2379 4236; x_wconf 81' lang='lat' dir='ltr'><strong>angustam</strong></span> <span class='ocrx_word' id='word_1_724' title='bbox 2428 4167 2765 4237; x_wconf 88' lang='lat' dir='ltr'><strong>pauperiem,</strong></span> <span class='ocrx_word' id='word_1_725' title='bbox 2813 4182 2911 4221; x_wconf 91' lang='lat' dir='ltr'><strong>nec</strong></span> <span class='ocrx_word' id='word_1_726' title='bbox 2939 4167 3325 4221; x_wconf 86' lang='lat' dir='ltr'><strong>abdicaverant</strong></span> 
     </span>
    </p>
   </div>
   <div class='ocr_carea' id='block_1_103' title="bbox 1748 4257 3322 4329">
    <p class='ocr_par' dir='ltr' id='par_1_103' title="bbox 1748 4257 3322 4329">
     <span class='ocr_line' id='line_1_103' title="bbox 1748 4257 3322 4329; baseline -0.003 -14"><span class='ocrx_word' id='word_1_727' title='bbox 1748 4275 1869 4315; x_wconf 91' lang='lat' dir='ltr'><strong>sese</strong></span> <span class='ocrx_word' id='word_1_728' title='bbox 1905 4258 2378 4329; x_wconf 89' lang='lat' dir='ltr'><strong>possessionibus,</strong></span> <span class='ocrx_word' id='word_1_729' title='bbox 2412 4275 2511 4313; x_wconf 89' lang='lat' dir='ltr'><strong>nec</strong></span> <span class='ocrx_word' id='word_1_730' title='bbox 2547 4258 2910 4313; x_wconf 89' lang='lat' dir='ltr'><strong>obedientiam</strong></span> <span class='ocrx_word' id='word_1_731' title='bbox 2941 4257 3322 4321; x_wconf 79' lang='lat' dir='ltr'><strong>observabant,</strong></span> 
     </span>
    </p>
   </div>
   <div class='ocr_carea' id='block_1_104' title="bbox 1708 4351 3325 4421">
    <p class='ocr_par' dir='ltr' id='par_1_104' title="bbox 1708 4351 3325 4421">
     <span class='ocr_line' id='line_1_104' title="bbox 1708 4351 3325 4421; baseline -0.002 -14"><span class='ocrx_word' id='word_1_732' title='bbox 1708 4351 1977 4407; x_wconf 77' lang='lat' dir='ltr'><strong>necdum</strong></span> <span class='ocrx_word' id='word_1_733' title='bbox 2026 4351 2253 4421; x_wconf 90' lang='lat' dir='ltr'><strong>perfecti</strong></span> <span class='ocrx_word' id='word_1_734' title='bbox 2302 4352 2580 4416; x_wconf 88' lang='lat' dir='ltr'><strong>monachi,</strong></span> <span class='ocrx_word' id='word_1_735' title='bbox 2633 4352 2680 4407; x_wconf 92' lang='lat' dir='ltr'><strong>si</strong></span> <span class='ocrx_word' id='word_1_736' title='bbox 2728 4366 2838 4406; x_wconf 93' lang='lat' dir='ltr'><strong>non</strong></span> <span class='ocrx_word' id='word_1_737' title='bbox 2876 4351 3019 4405; x_wconf 88' lang='lat' dir='ltr'><strong>ultra</strong></span> <span class='ocrx_word' id='word_1_738' title='bbox 3063 4365 3325 4420; x_wconf 84' lang='lat' dir='ltr'><strong>propera-</strong></span> 
     </span>
    </p>
   </div>
   <div class='ocr_carea' id='block_1_105' title="bbox 1748 4442 3326 4512">
    <p class='ocr_par' dir='ltr' id='par_1_105' title="bbox 1748 4442 3326 4512">
     <span class='ocr_line' id='line_1_105' title="bbox 1748 4442 3326 4512; baseline -0.005 -14"><span class='ocrx_word' id='word_1_739' title='bbox 1748 4451 1888 4498; x_wconf 88' lang='lat' dir='ltr'><strong>rent.</strong></span> <span class='ocrx_word' id='word_1_740' title='bbox 1925 4442 2151 4499; x_wconf 75' lang='lat' dir='ltr'><strong>Exstant</strong></span> <span class='ocrx_word' id='word_1_741' title='bbox 2176 4442 2284 4497; x_wconf 86' lang='lat' dir='ltr'><strong>Nili</strong></span> <span class='ocrx_word' id='word_1_742' title='bbox 2306 4444 2373 4498; x_wconf 90' lang='lat' dir='ltr'><strong>ad</strong></span> <span class='ocrx_word' id='word_1_743' title='bbox 2411 4444 2593 4499; x_wconf 89' lang='lat' dir='ltr'><strong>varios</strong></span> <span class='ocrx_word' id='word_1_744' title='bbox 2627 4453 2840 4499; x_wconf 86' lang='lat' dir='ltr'><strong>ascetas</strong></span> <span class='ocrx_word' id='word_1_745' title='bbox 2869 4442 3143 4512; x_wconf 84' lang='lat' dir='ltr'><strong>epistolae;</strong></span> <span class='ocrx_word' id='word_1_746' title='bbox 3176 4456 3326 4496; x_wconf 77' lang='lat' dir='ltr'><strong>nem-</strong></span> 
     </span>
    </p>
   </div>
   <div class='ocr_carea' id='block_1_106' title="bbox 1749 4531 3331 4608">
    <p class='ocr_par' dir='ltr' id='par_1_106' title="bbox 1749 4531 3331 4608">
     <span class='ocr_line' id='line_1_106' title="bbox 1749 4531 3331 4608; baseline -0.004 -16"><span class='ocrx_word' id='word_1_747' title='bbox 1749 4553 1813 4608; x_wconf 91' lang='lat' dir='ltr'><strong>pe</strong></span> <span class='ocrx_word' id='word_1_748' title='bbox 1844 4537 1881 4590; x_wconf 95' lang='lat' dir='ltr'><strong>l.</strong></span> <span class='ocrx_word' id='word_1_749' title='bbox 1918 4552 1979 4603; x_wconf 83' lang='grc' dir='ltr'><strong>ιι,</strong></span> <span class='ocrx_word' id='word_1_750' title='bbox 2023 4537 2088 4591; x_wconf 86' lang='lat' dir='ltr'><strong>ad</strong></span> <span class='ocrx_word' id='word_1_751' title='bbox 2126 4534 2474 4592; x_wconf 89' lang='lat' dir='ltr'><strong>Vincentium</strong></span> <span class='ocrx_word' id='word_1_752' title='bbox 2524 4536 2627 4604; x_wconf 84' lang='grc'>51,</span> <span class='ocrx_word' id='word_1_753' title='bbox 2663 4552 2786 4606; x_wconf 73' lang='lat' dir='ltr'><strong>quae</strong></span> <span class='ocrx_word' id='word_1_754' title='bbox 2833 4544 3150 4590; x_wconf 83' lang='lat' dir='ltr'><strong>numeratur</strong></span> <span class='ocrx_word' id='word_1_755' title='bbox 3181 4531 3331 4602; x_wconf 84' lang='lat' dir='ltr'><strong>apud</strong></span> 
     </span>
    </p>
   </div>
   <div class='ocr_carea' id='block_1_107' title="bbox 1746 4624 3325 4695">
    <p class='ocr_par' dir='ltr' id='par_1_107' title="bbox 1746 4624 3325 4695">
     <span class='ocr_line' id='line_1_107' title="bbox 1746 4624 3325 4695; baseline -0.004 -10"><span class='ocrx_word' id='word_1_756' title='bbox 1746 4630 2035 4685; x_wconf 90' lang='lat' dir='ltr'><strong>Possiuum</strong></span> <span class='ocrx_word' id='word_1_757' title='bbox 2066 4629 2215 4695; x_wconf 74' lang='lat' dir='ltr'><strong>28l;</strong></span> <span class='ocrx_word' id='word_1_758' title='bbox 2263 4629 2328 4684; x_wconf 89' lang='lat' dir='ltr'><strong>ad</strong></span> <span class='ocrx_word' id='word_1_759' title='bbox 2373 4627 2567 4685; x_wconf 88' lang='lat' dir='ltr'><strong>Zosam</strong></span> <span class='ocrx_word' id='word_1_760' title='bbox 2608 4628 2799 4683; x_wconf 84' lang='lat' dir='ltr'><strong>eodem</strong></span> <span class='ocrx_word' id='word_1_761' title='bbox 2848 4627 2944 4682; x_wconf 92' lang='lat' dir='ltr'><strong>lib.</strong></span> <span class='ocrx_word' id='word_1_762' title='bbox 2990 4642 3049 4691; x_wconf 85' lang='grc' dir='ltr'><strong>ιι,</strong></span> <span class='ocrx_word' id='word_1_763' title='bbox 3099 4633 3184 4679; x_wconf 88' lang='lat' dir='ltr'><strong>est</strong></span> <span class='ocrx_word' id='word_1_764' title='bbox 3218 4624 3325 4690; x_wconf 78' lang='lat'><strong>73;</strong></span> 
     </span>
    </p>
   </div>
   <div class='ocr_carea' id='block_1_108' title="bbox 1745 4714 3325 4792">
    <p class='ocr_par' dir='ltr' id='par_1_108' title="bbox 1745 4714 3325 4792">
     <span class='ocr_line' id='line_1_108' title="bbox 1745 4714 3325 4792; baseline -0.006 -15"><span class='ocrx_word' id='word_1_765' title='bbox 1745 4722 1981 4792; x_wconf 89' lang='lat' dir='ltr'><strong>denique</strong></span> <span class='ocrx_word' id='word_1_766' title='bbox 2006 4722 2074 4775; x_wconf 87' lang='lat' dir='ltr'><strong>ad</strong></span> <span class='ocrx_word' id='word_1_767' title='bbox 2110 4720 2528 4784; x_wconf 88' lang='lat' dir='ltr'><strong>Thaumasium,</strong></span> <span class='ocrx_word' id='word_1_768' title='bbox 2554 4736 2648 4775; x_wconf 91' lang='lat' dir='ltr'><strong>seu</strong></span> <span class='ocrx_word' id='word_1_769' title='bbox 2677 4718 3073 4777; x_wconf 87' lang='lat' dir='ltr'><strong>Thaumarum,</strong></span> <span class='ocrx_word' id='word_1_770' title='bbox 3101 4716 3191 4781; x_wconf 90' lang='grc'><strong>55,</strong></span> <span class='ocrx_word' id='word_1_771' title='bbox 3225 4714 3325 4769; x_wconf 91' lang='lat' dir='ltr'><strong>lib.</strong></span> 
     </span>
    </p>
   </div>
   <div class='ocr_carea' id='block_1_109' title="bbox 1746 4807 3328 4884">
    <p class='ocr_par' dir='ltr' id='par_1_109' title="bbox 1746 4807 3328 4884">
     <span class='ocr_line' id='line_1_109' title="bbox 1746 4807 3328 4884; baseline -0.005 -14"><span class='ocrx_word' id='word_1_772' title='bbox 1746 4824 1967 4884; x_wconf 72' lang='lat' dir='ltr'><strong>m,qua’e</strong></span> <span class='ocrx_word' id='word_1_773' title='bbox 1995 4814 2169 4883; x_wconf 83' lang='lat' dir='ltr'><strong>prima</strong></span> <span class='ocrx_word' id='word_1_774' title='bbox 2201 4813 2452 4879; x_wconf 90' lang='lat' dir='ltr'><strong>Possino,</strong></span> <span class='ocrx_word' id='word_1_775' title='bbox 2473 4822 2821 4881; x_wconf 88' lang='lat' dir='ltr'><strong>nuncupatur</strong></span> <span class='ocrx_word' id='word_1_776' title='bbox 2843 4811 2935 4864; x_wconf 90' lang='lat' dir='ltr'><strong>hic</strong></span> <span class='ocrx_word' id='word_1_777' title='bbox 2961 4807 3328 4863; x_wconf 73' lang='lat' dir='ltr'><strong>Thaumasius</strong></span> 
     </span>
    </p>
   </div>
   <div class='ocr_carea' id='block_1_110' title="bbox 1747 4897 3332 4968">
    <p class='ocr_par' dir='ltr' id='par_1_110' title="bbox 1747 4897 3332 4968">
     <span class='ocr_line' id='line_1_110' title="bbox 1747 4897 3332 4968; baseline -0.006 -7"><span class='ocrx_word' id='word_1_778' title='bbox 1747 4908 1803 4961; x_wconf 91' lang='lat' dir='ltr'><strong>in</strong></span> <span class='ocrx_word' id='word_1_779' title='bbox 1846 4904 2026 4961; x_wconf 85' lang='lat' dir='ltr'><strong>Indice</strong></span> <span class='ocrx_word' id='word_1_780' title='bbox 2068 4906 2371 4960; x_wconf 86' lang='lat' dir='ltr'><strong>monachus</strong></span> <span class='ocrx_word' id='word_1_781' title='bbox 2401 4905 2468 4959; x_wconf 87' lang='lat' dir='ltr'><strong>ab</strong></span> <span class='ocrx_word' id='word_1_782' title='bbox 2507 4903 2721 4957; x_wconf 80' lang='lat' dir='ltr'><strong>Allatio.</strong></span> <span class='ocrx_word' id='word_1_783' title='bbox 2767 4901 2873 4955; x_wconf 90' lang='lat' dir='ltr'><strong>Sed</strong></span> <span class='ocrx_word' id='word_1_784' title='bbox 2925 4899 3014 4954; x_wconf 84' lang='lat' dir='ltr'><strong>adi.</strong></span> <span class='ocrx_word' id='word_1_785' title='bbox 3058 4897 3332 4968; x_wconf 79' lang='lat' dir='ltr'><strong>(benigne</strong></span> 
     </span>
    </p>
   </div>
   <div class='ocr_carea' id='block_1_111' title="bbox 1747 4989 3329 5066">
    <p class='ocr_par' dir='ltr' id='par_1_111' title="bbox 1747 4989 3329 5066">
     <span class='ocr_line' id='line_1_111' title="bbox 1747 4989 3329 5066; baseline -0.006 -15"><span class='ocrx_word' id='word_1_786' title='bbox 1747 4998 1954 5066; x_wconf 88' lang='lat' dir='ltr'><strong>lector)</strong></span> <span class='ocrx_word' id='word_1_787' title='bbox 2002 4996 2200 5051; x_wconf 90' lang='lat' dir='ltr'><strong>librum</strong></span> <span class='ocrx_word' id='word_1_788' title='bbox 2250 5008 2491 5050; x_wconf 88' lang='lat' dir='ltr'><strong>mearum</strong></span> <span class='ocrx_word' id='word_1_789' title='bbox 2536 4993 2949 5047; x_wconf 91' lang='lat' dir='ltr'><strong>adnotationum</strong></span> <span class='ocrx_word' id='word_1_790' title='bbox 3003 4989 3329 5060; x_wconf 79' lang='lat' dir='ltr'><strong>Lexicogra-</strong></span> 
     </span>
    </p>
   </div>
   <div class='ocr_carea' id='block_1_112' title="bbox 1748 5082 2979 5155">
    <p class='ocr_par' dir='ltr' id='par_1_112' title="bbox 1748 5082 2979 5155">
     <span class='ocr_line' id='line_1_112' title="bbox 1748 5082 2979 5155; baseline -0.003 -15"><span class='ocrx_word' id='word_1_791' title='bbox 1748 5087 1917 5155; x_wconf 88' lang='lat' dir='ltr'><strong>phum</strong></span> <span class='ocrx_word' id='word_1_792' title='bbox 1949 5086 2002 5139; x_wconf 93' lang='lat' dir='ltr'><strong>in</strong></span> <span class='ocrx_word' id='word_1_793' title='bbox 2046 5100 2180 5140; x_wconf 82' lang='lat' dir='ltr'><strong>voce</strong></span> <span class='ocrx_word' id='word_1_794' title='bbox 2222 5085 2509 5155; x_wconf 66' lang='lat' dir='ltr'><strong>&#39;Acnnatc,</strong></span> <span class='ocrx_word' id='word_1_795' title='bbox 2541 5083 2619 5137; x_wconf 90' lang='lat' dir='ltr'><strong>uti</strong></span> <span class='ocrx_word' id='word_1_796' title='bbox 2650 5082 2979 5153; x_wconf 69' lang='lat' dir='ltr'><strong>praemonui.</strong></span> 
     </span>
    </p>
   </div>
   <div class='ocr_carea' id='block_1_113' title="bbox 1821 5215 3333 5291">
    <p class='ocr_par' dir='ltr' id='par_1_113' title="bbox 1821 5215 3333 5291">
     <span class='ocr_line' id='line_1_113' title="bbox 1821 5215 3333 5291; baseline -0.006 -14"><span class='ocrx_word' id='word_1_797' title='bbox 1821 5221 2037 5277; x_wconf 89' lang='lat' dir='ltr'><strong>Tertius</strong></span> <span class='ocrx_word' id='word_1_798' title='bbox 2067 5220 2299 5291; x_wconf 81' lang='lat' dir='ltr'><strong>gradus,</strong></span> <span class='ocrx_word' id='word_1_799' title='bbox 2344 5227 2405 5274; x_wconf 91' lang='lat' dir='ltr'><strong>ut</strong></span> <span class='ocrx_word' id='word_1_800' title='bbox 2436 5234 2555 5274; x_wconf 89' lang='lat' dir='ltr'><strong>mea</strong></span> <span class='ocrx_word' id='word_1_801' title='bbox 2602 5218 2820 5289; x_wconf 89' lang='lat' dir='ltr'><strong>quidem</strong></span> <span class='ocrx_word' id='word_1_802' title='bbox 2860 5232 3009 5272; x_wconf 89' lang='lat' dir='ltr'><strong>nunc</strong></span> <span class='ocrx_word' id='word_1_803' title='bbox 3055 5215 3162 5272; x_wconf 86' lang='lat' dir='ltr'><strong>fert</strong></span> <span class='ocrx_word' id='word_1_804' title='bbox 3206 5229 3333 5269; x_wconf 88' lang='lat' dir='ltr'><strong>sen-</strong></span> 
     </span>
    </p>
   </div>
   <div class='ocr_carea' id='block_1_114' title="bbox 1754 5308 3329 5381">
    <p class='ocr_par' dir='ltr' id='par_1_114' title="bbox 1754 5308 3329 5381">
     <span class='ocr_line' id='line_1_114' title="bbox 1754 5308 3329 5381; baseline -0.005 -16"><span class='ocrx_word' id='word_1_805' title='bbox 1754 5313 1947 5376; x_wconf 89' lang='lat' dir='ltr'><strong>tentia,</strong></span> <span class='ocrx_word' id='word_1_806' title='bbox 1988 5311 2091 5366; x_wconf 82' lang='lat' dir='ltr'><strong>fuit</strong></span> <span class='ocrx_word' id='word_1_807' title='bbox 2143 5309 2526 5381; x_wconf 78' lang='grc' dir='ltr'>μοναζόντων,</span> <span class='ocrx_word' id='word_1_808' title='bbox 2587 5310 2681 5379; x_wconf 88' lang='lat' dir='ltr'><strong>qui</strong></span> <span class='ocrx_word' id='word_1_809' title='bbox 2737 5310 2902 5365; x_wconf 90' lang='lat' dir='ltr'><strong>vitam</strong></span> <span class='ocrx_word' id='word_1_810' title='bbox 2966 5308 3329 5368; x_wconf 83' lang='lat' dir='ltr'><strong>sanctiorem,</strong></span> 
     </span>
    </p>
   </div>
   <div class='ocr_carea' id='block_1_115' title="bbox 1753 5392 3326 5470">
    <p class='ocr_par' dir='ltr' id='par_1_115' title="bbox 1753 5392 3326 5470">
     <span class='ocr_line' id='line_1_115' title="bbox 1753 5392 3326 5470; baseline -0.006 -15"><span class='ocrx_word' id='word_1_811' title='bbox 1753 5411 1915 5470; x_wconf 86' lang='lat' dir='ltr'><strong>atque</strong></span> <span class='ocrx_word' id='word_1_812' title='bbox 1942 5401 2297 5455; x_wconf 89' lang='lat' dir='ltr'><strong>monasticam</strong></span> <span class='ocrx_word' id='word_1_813' title='bbox 2349 5399 2641 5461; x_wconf 88' lang='lat' dir='ltr'><strong>ducebant,</strong></span> <span class='ocrx_word' id='word_1_814' title='bbox 2682 5400 2983 5469; x_wconf 88' lang='lat' dir='ltr'><strong>aspirantes</strong></span> <span class='ocrx_word' id='word_1_815' title='bbox 3011 5394 3232 5465; x_wconf 84' lang='lat' dir='ltr'><strong>propius</strong></span> <span class='ocrx_word' id='word_1_816' title='bbox 3259 5392 3326 5446; x_wconf 86' lang='lat' dir='ltr'><strong>ad</strong></span> 
     </span>
    </p>
   </div>
   <div class='ocr_carea' id='block_1_116' title="bbox 1754 5480 3331 5558">
    <p class='ocr_par' dir='ltr' id='par_1_116' title="bbox 1754 5480 3331 5558">
     <span class='ocr_line' id='line_1_116' title="bbox 1754 5480 3331 5558; baseline -0.004 -13"><span class='ocrx_word' id='word_1_817' title='bbox 1754 5480 2172 5554; x_wconf 85' lang='lat' dir='ltr'><strong>monachatum,</strong></span> <span class='ocrx_word' id='word_1_818' title='bbox 2224 5500 2278 5544; x_wconf 92' lang='lat' dir='ltr'><strong>et</strong></span> <span class='ocrx_word' id='word_1_819' title='bbox 2329 5491 2449 5558; x_wconf 88' lang='lat' dir='ltr'><strong>ejus</strong></span> <span class='ocrx_word' id='word_1_820' title='bbox 2488 5491 2653 5547; x_wconf 88' lang='lat' dir='ltr'><strong>veluti</strong></span> <span class='ocrx_word' id='word_1_821' title='bbox 2706 5488 2978 5543; x_wconf 87' lang='lat' dir='ltr'><strong>candidati</strong></span> <span class='ocrx_word' id='word_1_822' title='bbox 3013 5503 3028 5540; x_wconf 89' lang='lat'><strong>:</strong></span> <span class='ocrx_word' id='word_1_823' title='bbox 3063 5499 3145 5541; x_wconf 70' lang='lat' dir='ltr'><strong>sic</strong></span> <span class='ocrx_word' id='word_1_824' title='bbox 3188 5484 3331 5554; x_wconf 88' lang='lat' dir='ltr'><strong>apud</strong></span> 
     </span>
    </p>
   </div>
   <div class='ocr_carea' id='block_1_117' title="bbox 1756 5579 3333 5650">
    <p class='ocr_par' dir='ltr' id='par_1_117' title="bbox 1756 5579 3333 5650">
     <span class='ocr_line' id='line_1_117' title="bbox 1756 5579 3333 5650; baseline -0.003 -17"><span class='ocrx_word' id='word_1_825' title='bbox 1756 5579 2002 5635; x_wconf 84' lang='lat' dir='ltr'><strong>Vestales</strong></span> <span class='ocrx_word' id='word_1_826' title='bbox 2046 5579 2298 5650; x_wconf 88' lang='lat' dir='ltr'><strong>profanas</strong></span> <span class='ocrx_word' id='word_1_827' title='bbox 2340 5579 2616 5637; x_wconf 75' lang='lat' dir='ltr'><strong>Romanas</strong></span> <span class='ocrx_word' id='word_1_828' title='bbox 2659 5579 3083 5649; x_wconf 72' lang='grc' dir='ltr'><strong>μελλεέραιειιιιι</strong></span> <span class='ocrx_word' id='word_1_829' title='bbox 3120 5589 3333 5630; x_wconf 87' lang='lat' dir='ltr'><strong>nuncu-</strong></span> 
     </span>
    </p>
   </div>
   <div class='ocr_carea' id='block_1_118' title="bbox 1757 5668 3334 5742">
    <p class='ocr_par' dir='ltr' id='par_1_118' title="bbox 1757 5668 3334 5742">
     <span class='ocr_line' id='line_1_118' title="bbox 1757 5668 3334 5742; baseline -0.004 -15"><span class='ocrx_word' id='word_1_830' title='bbox 1757 5682 1895 5742; x_wconf 63' lang='lat' dir='ltr'><strong>pata:</strong></span> <span class='ocrx_word' id='word_1_831' title='bbox 1939 5673 2053 5740; x_wconf 92' lang='lat' dir='ltr'><strong>(uti</strong></span> <span class='ocrx_word' id='word_1_832' title='bbox 2088 5673 2413 5727; x_wconf 84' lang='lat' dir='ltr'><strong>Plutarchus</strong></span> <span class='ocrx_word' id='word_1_833' title='bbox 2455 5669 2686 5741; x_wconf 77' lang='lat' dir='ltr'><strong>asserit)</strong></span> <span class='ocrx_word' id='word_1_834' title='bbox 2727 5685 2849 5742; x_wconf 66' lang='lat' dir='ltr'><strong>quae</strong></span> <span class='ocrx_word' id='word_1_835' title='bbox 2882 5668 3102 5724; x_wconf 90' lang='lat' dir='ltr'><strong>fuerunt</strong></span> <span class='ocrx_word' id='word_1_836' title='bbox 3134 5680 3334 5722; x_wconf 82' lang='lat' dir='ltr'><strong>conse-</strong></span> 
     </span>
    </p>
   </div>
   <div class='ocr_carea' id='block_1_119' title="bbox 1757 5756 3333 5834">
    <p class='ocr_par' dir='ltr' id='par_1_119' title="bbox 1757 5756 3333 5834">
     <span class='ocr_line' id='line_1_119' title="bbox 1757 5756 3333 5834; baseline -0.005 -15"><span class='ocrx_word' id='word_1_837' title='bbox 1757 5762 1998 5820; x_wconf 84' lang='lat' dir='ltr'><strong>crationi</strong></span> <span class='ocrx_word' id='word_1_838' title='bbox 2045 5762 2329 5834; x_wconf 68' lang='lat' dir='ltr'><strong>proximae.</strong></span> <span class='ocrx_word' id='word_1_839' title='bbox 2382 5760 2440 5817; x_wconf 89' lang='lat' dir='ltr'><strong>In</strong></span> <span class='ocrx_word' id='word_1_840' title='bbox 2482 5758 2742 5831; x_wconf 87' lang='lat' dir='ltr'><strong>Epistolis</strong></span> <span class='ocrx_word' id='word_1_841' title='bbox 2792 5756 3033 5833; x_wconf 84' lang='lat' dir='ltr'><strong>profecto</strong></span> <span class='ocrx_word' id='word_1_842' title='bbox 3073 5757 3181 5816; x_wconf 84' lang='lat' dir='ltr'><strong>Nili</strong></span> <span class='ocrx_word' id='word_1_843' title='bbox 3223 5771 3333 5816; x_wconf 76' lang='lat' dir='ltr'><strong>nan</strong></span> 
     </span>
    </p>
   </div>
  </div>
