3838 6056
516 333 654 400 1327
1457 324 1609 387 JOS.
1649 320 1914 385 MARI/E
1955 319 2313 381 SUARESII
2354 317 2854 380 DISSERTATIO
3666 314 3781 379 ΒΞ

509 450 707 506 otiose,
734 454 798 501 ac
827 436 948 495 sine
987 436 1199 493 delectu
1234 434 1453 506 quidam
1488 432 1733 503 μοναχοὶ,
1769 412 2093 500 μονάζοντεξ

2207 428 2549 496 ltosweidus,
2586 430 2641 484 in
2674 428 3013 485 Onomastico
3045 428 3113 480 ad
3153 425 3300 481 Vitas
3323 436 3648 479 sanctorum
3694 426 3781 479 Pc-

510 536 598 589 alii
632 541 762 588 sunt
790 530 1066 600 inscripti,
1099 530 1172 583 ita
1202 526 1516 596 Δαὸουρεῳ,
1542 524 1658 578 sive
1700 519 2092 591 Ἀρδαϐουρίῳ.
2204 530 2366 587 trum,
2396 520 2494 575 lib.
2531 537 2585 583 ιι,
2619 537 2672 591 p.
2707 521 2830 587 105,
2866 520 3144 582 observat,
3174 520 3247 572 ita
3286 527 3509 580 tamen,
3544 527 3605 571 ut
3642 534 3783 584 μονα-

513 624 851 681 Ardaburius
905 623 1128 693 quidam
1168 621 1272 675 fuit
1316 618 1510 674 consul
1564 630 1708 669 anno
1742 614 1947 669 Christi
1991 612 2098 667 «129
2199 612 2575 684 χοι,νεώτεροι
2600 612 3162 675 vocitarenturinitio,
3186 620 3237 665 et
3264 611 3496 664 interim
3522 609 3782 662 dumvali.

512 720 565 774 in
596 720 847 784 Oriente,
880 726 936 772 at
978 718 1030 771 in
1059 715 1357 772 Occidente
1396 711 1614 767 Hierius
1651 710 1754 766 sub
1784 708 2096 763 Theodosio
2199 705 2322 758 dam
2349 700 2738 774 prefessionem
2760 706 3099 760 emitterent:
3121 705 3184 758 ad
3199 703 3515 774 νεωτέρους
3542 704 3681 755 istos
3698 704 3784 771 epi-

508 812 736 867 Juniore
766 820 821 865 et
868 810 1249 865 Valentiniano
1300 805 1363 859 Ill
1400 805 1700 877 Augustis;
1754 801 1996 873 comperi
2044 809 2100 856 et
2200 797 2340 851 stola
2364 798 2469 854 503
2497 798 2592 852 lib.
2613 814 2670 852 ιιι
2697 798 2898 860 Allatii,
2918 807 2991 863 et,
3014 814 3135 868 quae
3164 798 3429 866 deinceps
3456 797 3783 863 subsequun-

524 902 901 975 ’Δρδαόούριον
950 901 1064 953 υἱὸν
1097 901 1379 968 Ἀσπαρος
1408 898 1511 951 sub
1558 895 1739 950 Leone
1766 894 1907 965 Aug.
1936 892 2093 962 Apud

2199 900 2291 945 tur
2316 890 2689 962 ἀνεπίγραφαι
2737 907 2909 960 usque
2944 893 3007 945 ad
3038 891 3165 946 555.
3208 890 3501 959 Mirorqtte
3531 888 3590 941 in
3632 886 3783 943 Indice

514 995 783 1057 Suidam,
834 993 921 1046 hic
976 993 1152 1061 Aspar
1221 990 1289 1045 ad
1367 999 1624 1059 patrem,
1686 1002 1812 1041 cum
1894 984 2096 1040 Leonis
2200 981 2473 1036 Allatiano
2514 992 2833 1054 conceptam
2867 984 3014 1037 illam
3066 983 3171 1037 305
3233 982 3331 1036 lib.
3395 998 3462 1038 ιιι
3513 982 3783 1050 epistolam

511 1087 652 1157 Aug.
717 1085 874 1155 jussu
964 1084 1127 1137 ambo
1201 1083 1619 1145 occiderentur,
1684 1077 1877 1134 Nonne
1948 1078 2099 1132 dice-
2202 1075 2341 1147 πρὸς
2370 1077 2723 1146 μονάζοντας,
2753 1076 2856 1131 nisi
2887 1078 3031 1147 quod
3079 1075 3330 1131 confudit
3359 1090 3464 1130 eos
3509 1074 3767 1142 interpres

515 1182 637 1237 bam
701 1181 795 1235 tibi
845 1178 1131 1249 (aiebat),
1166 1175 1437 1245 Φὰγωμεν
1486 1173 1693 1226 Λέοντα
1754 1173 1884 1242 πρῖν
1950 1170 2093 1242 ἡμᾶς

2202 1167 2449 1238 Denique
2489 1170 2850 1224 sacrabantur
2884 1170 3163 1234 monachi,
3213 1179 3267 1224 et
3301 1168 3542 1223 nomina
3581 1168 3783 1220 submu-

512 1273 844 1344 ἀριστῆσαιι,
914 1269 1263 1325 Comedamus
1329 1266 1552 1321 Leonem
1575 1306 1589 1329 ,
1663 1266 1974 1335 priusquam
2038 1263 2102 1317 de
2203 1263 2413 1316 labant.
2443 1262 2573 1317 Erat
2602 1264 2743 1317 enint
2776 1275 3010 1317 esancto
3039 1262 3301 1334 Dionysio
3332 1263 3387 1316 in
3417 1260 3782 1314 Ecclesiaste:

514 1366 662 1418 nobis
704 1373 876 1417 sumat
916 1361 1231 1431 prandium,
1285 1357 1474 1413 Billius
1519 1356 1683 1411 refert
1728 1357 1781 1411 in
1824 1355 2099 1411 Observat.
2208 1354 2549 1420 Hierarchia,
2582 1372 2719 1426 apex
2758 1357 3111 1426 perfectionis
3162 1358 3574 1417 ntonachatus,
3639 1357 3782 1421 καὶι,

513 1468 655 1506 sacr.
682 1469 712 1507 e
745 1450 1085 1517 Nicephoro;
1112 1447 1248 1502 Galli
1273 1449 1464 1502 dicunt
1492 1463 1507 1501 :
1534 1445 1605 1499 Le
1635 1446 1755 1516 lyon
1784 1446 1922 1515 cnﬁn
1939 1444 2093 1516 60]

2202 1446 2608 1518 τετελουμένων
2644 1447 2953 1521 ὑψηλοτέρα
2974 1436 3149 1514 τάξις,
3182 1459 3238 1503 et
3271 1448 3488 1503 Suidas
3520 1445 3783 1507 refert;dc

514 1558 699 1614 mange
730 1560 825 1597 son
848 1543 1085 1596 maistre.
1122 1540 1428 1604 Μονὰζοντι
1479 1537 1589 1592 Nili
1628 1538 1857 1608 epistola
1914 1535 2103 1591 Possi-
2202 1540 2511 1606 monachis,
2575 1540 2666 1610 qui
2718 1543 2882 1595 etiam
2941 1542 3249 1606 singulares
3288 1540 3779 1607 nuncupabantur,

516 1636 681 1689 niana
715 1635 801 1701 15,
829 1634 1101 1704 dirigitur,
1132 1648 1256 1704 qua:
1290 1631 1431 1702 apud
1460 1630 1721 1684 Allatium
1754 1638 1839 1686 est
1866 1629 1956 1693 55,
1997 1629 2096 1683 lib.
2205 1632 2316 1701 agit
2345 1631 2464 1687 fuse
2488 1631 2823 1687 Scholiastes
2850 1633 3012 1703 602
3045 1635 3097 1687 in
3125 1631 3276 1687 Notis
3308 1633 3378 1687 ad
3439 1632 3480 1686 ι.
3552 1647 3687 1685 Lxm
3734 1631 3777 1683 C.

516 1742 601 1793 ιιι,
632 1735 717 1782 εει
764 1735 818 1781 ει
847 1725 954 1781 246
996 1725 1101 1781 alia
1134 1744 1147 1781 :
1204 1735 1313 1780 tam
1354 1722 1643 1791 Pessinus,
1674 1738 1839 1793 quam
1870 1723 2102 1777 Allatius
2137 1781 2177 1795 _
2206 1724 2480 1779 Theodos.
2518 1722 2593 1778 De
2617 1725 2941 1779 decurionib.
2973 1742 3094 1795 quae
3126 1725 3195 1779 26
3226 1736 3314 1781 est
3361 1726 3421 1779 in
3456 1724 3783 1779 Justinianee

517 1781 600 1875 ibi,
636 1819 935 1890 μονάζοντα
966 1818 1198 1875 reddunt
1226 1817 1563 1883 Monachum,
1600 1781 1655 1871 at
1690 1781 1972 1885 uinscripta
1998 1816 2101 1868 Εὺ-
2137 1781 2179 1836 Β
2204 1816 2339 1873 Cod.
2360 1817 2487 1872 data
2518 1816 2695 1890 Beryti
2725 1834 2754 1873 a
2777 1781 3158 1875 Valentiniano
3197 1830 3252 1875 et
3271 1819 3516 1874 Valente
3542 1818 3781 1887 Augustis

517 1912 688 1982 θαλιῳ
717 1911 1004 1982 μονάζοντι
1032 1912 1101 1966 ab
1150 1911 1352 1965 Allatio
1383 1918 1669 1964 numerata
1703 1908 1793 1971 40,
1860 1908 1955 1961 lib.
2014 1924 2093 1973 ιιι,

2204 1912 2242 1969 l.
2273 1927 2437 1966 χχχιιι
2474 1911 2535 1967 C.
2563 1911 2837 1968 Theodos.
2870 1913 2945 1967 De
2973 1912 3372 1983 episcop.,data
3400 1911 3709 1967 Mediolani
3736 1913 3781 1963 ab

520 2002 611 2054 ubi
652 2002 982 2055 monachum
1015 2002 1240 2071 exponit
1274 2000 1599 2071 μονάζοντα,
1627 1999 1814 2053 eadem
1841 2008 1943 2065 est,
1979 2014 2093 2067 qua!

2202 2005 2439 2061 Arcadio
2469 2014 2522 2061 et
2565 2005 2828 2072 Honorio,
2862 2008 2973 2061 AA.
3018 2010 3253 2063 Severus
3304 2006 3531 2077 Sulpic.
3606 2006 3779 2075 dialng.

516 2094 582 2148 21
612 2093 848 2158 Possini,
879 2094 972 2164 qui
1009 2094 1242 2164 μοναχόν
1276 2097 1566 2159 enuntiat,
1614 2102 1669 2148 et
1714 2093 2093 2161 interpretatur

2204 2117 2245 2162 ι,
2282 2117 2331 2155 ε.
2366 2103 2417 2167 1,
2450 2102 2590 2171 apud
2624 2101 2943 2156 Gratianum
2977 2103 3029 2156 in
3067 2101 3292 2155 Decreto
3344 2100 3441 2167 16,
3500 2114 3562 2170 q.
3600 2098 3653 2151 1.
3707 2096 3782 2150 De

518 2185 856 2241 monachum.
897 2186 1154 2257 Δαμιανῷ
1182 2186 1470 2256 μονάζοντι
1497 2201 1581 2254 ep.
1616 2187 1741 2249 110,
1776 2184 1991 2239 Possin.
2046 2186 2093 2239 in

2207 2191 2525 2245 scribuntur
2563 2192 2819 2247 monachi
2852 2207 2881 2245 a
2912 2191 3118 2246 Rutilio
3146 2189 3488 2245 Numatiano
3512 2190 3608 2243 bis
3639 2189 3691 2241 in
3712 2187 3782 2240 lti-

518 2293 584 2331 ea
616 2278 779 2332 vertit
806 2278 1107 2349 μονάζοντα
1143 2278 1468 2344 solitarium,
1498 2288 1554 2333 at
1590 2277 1905 2331 monachum
1962 2277 2103 2331 Alla-
2203 2298 2401 2349 net-ar,
2460 2284 2553 2337 sed
2624 2284 2830 2339 ironice
2892 2295 3192 2352 carpuntur
3245 2299 3274 2337 a
3319 2292 3529 2337 sancto
3603 2280 3782 2335 Joanne

519 2369 631 2423 tius
658 2369 752 2424 lib.
783 2386 864 2433 ιιι,
894 2372 1054 2440 epist.
1087 2370 1213 2435 154,
1247 2370 1418 2439 ipsam
1449 2371 1671 2424 locans:
1704 2369 1974 2440 Μαριανῷ
2007 2386 2093 2440 μο-

2200 2372 2603 2443 Chrysostomo
2632 2375 2822 2428 homil.
2858 2374 2892 2429 8
2926 2374 2979 2427 in
3011 2372 3365 2437 Matthzeum;
3406 2374 3485 2428 ab
3528 2373 3778 2441 Eunapie,

521 2462 743 2526 νάζοντι
773 2466 937 2533 epist.
984 2462 1099 2517 216
1124 2481 1137 2516 :
1166 2462 1397 2518 Possino
1427 2463 1610 2517 itidem
1637 2464 1941 2516 solitarium
2003 2480 2099 2517 ex-

516 2554 760 2625 plicanti,
790 2565 876 2611 est
902 2555 992 2621 41,
1025 2555 1121 2613 lib.
1154 2570 1243 2610 tv:
1272 2556 1469 2611 Allatio
1500 2556 1812 2609 monachum
1831 2555 2095 2611 vertenti:

514 2647 691 2703 eidem
730 2649 998 2704 Allatiana
1023 2648 1077 2716 7,
1121 2649 1215 2703 lib.
1250 2665 1322 2717 tv,
1347 2648 1553 2703 directa
1580 2659 1684 2712 est,
1715 2649 1808 2704 sed
1842 2650 2098 2702 monacho

517 2741 597 2797 uti
624 2740 962 2797 Possiniana:
999 2742 1089 2806 54,
1124 2741 1212 2807 55,
1241 2740 1348 2793 227
1385 2751 1438 2796 ει
1468 2740 1595 2795 228.
1633 2739 1699 2795 Ει
1744 2740 1973 2795 forsitan
2030 2742 2099 2796 ad

517 2832 881 2888 monasticum
909 2846 1229 2903 progressus
1262 2832 1489 2901 gradum
1525 2831 1798 2886 Marianus
1825 2830 2005 2886 fuerat
2032 2847 2098 2886 ex

516 2925 709 2980 ordine
759 2925 1107 2994 μονάζοντες.
1165 2909 1482 2990 Μονάζοντα
1534 2925 1811 2996 Θεόδωρον
1861 2927 2098 2982 Allatius

515 3028 571 3072 et
604 3018 915 3071 monachum
959 3018 1191 3088 appellat
1217 3018 1271 3071 in
1301 3016 1561 3086 Epistolis
1589 3017 1694 3071 Nili
1731 3018 1825 3073 lib.
1859 3035 1941 3085 ιιι,
1977 3020 2096 3085 157,

2200 2465 2276 2519 De
2301 2468 2391 2519 vit.
2419 2466 2773 2535 philosopher.
2808 2467 2863 2520 in
2885 2465 3125 2525 zEdesio.
3153 2483 3183 2520 a
3208 2465 3476 2521 Salviano
3498 2465 3778 2519 Massilien.

2202 2555 2297 2609 lib.
2354 2555 2429 2610 De
2459 2555 2841 2623 Providentia;
2876 2557 2933 2610 in
2965 2555 3104 2612 Vitis
3128 2556 3352 2610 Patrum
3382 2570 3417 2611 a
3458 2565 3662 2611 sancto
3690 2556 3781 2609 Hie-

2202 2664 2451 2721 ronymo,
2488 2661 2541 2704 et
2566 2651 2709 2714 aliis,
2741 2665 2879 2719 quos
2922 2651 3136 2721 collegit
3183 2650 3468 2720 ediditque
3508 2650 3684 2705 simul
3731 2648 3777 2701 ll.

2200 2740 2263 2794 P.
2328 2740 2665 2811 Rosweydus
2724 2742 2836 2810 jam
2874 2757 2903 2795 a
2936 2758 3023 2796 me
3070 2742 3343 2806 laudatus,
3378 2742 3779 2809 illustratitqne

2200 2831 2663 2885 adnotationibus.
2700 2829 2775 2885 De
2802 2830 3052 2885 laudibus
3074 2831 3242 2884 eremi
3299 2838 3489 2884 exstat
3550 2829 3779 2900 Epistula

2208 2921 2465 2976 Eucherii
2504 2922 2747 2993 episcopi
2771 2922 3152 2992 Lugdunensis
3186 2921 3253 2975 ad
3281 2921 3568 2975 Hilarium
3608 2936 3779 2974 mona-

2200 3000 2365 3067 chum
2402 3014 2645 3069 Lirinen.
2684 3015 2737 3068 in
2770 3029 2876 3083 qua
2900 3013 3253 3067 imitabantur
3282 3012 3403 3083 (ait)
3441 3013 3778 3067 solitariiees

519 3110 643 3175 158,
682 3110 805 3175 159,
843 3110 967 3165 160.
992 3112 1061 3162 At
1086 3107 1351 3164 Pessinus
1380 3108 1635 3179 Epistolis
1666 3110 1786 3174 115,
1824 3110 1946 3175 114,
1973 3111 2095 3180 115,
2125 3122 2171 3182 c
2202 3107 2269 3162 de
2301 3108 2501 3177 quibus
2528 3108 2824 3177 Apostolus
2854 3107 3047 3162 scribit
3076 3106 3131 3160 in
3166 3106 3339 3176 Epist.
3395 3106 3470 3160 ad
3534 3104 3777 3160 Hebraeos

480 3202 487 3210 ’
520 3202 644 3269 116,
681 3201 933 3272 μοναχόν,
969 3209 1024 3255 ει
1053 3199 1245 3255 Latine
1290 3202 1637 3267 monachum;
1673 3201 1900 3270 epistola
1952 3211 2097 3259 certe

518 3293 623 3348 160
651 3309 816 3364 penes
869 3291 1129 3347 Allatium
1165 3292 1380 3347 brevior
1408 3301 1513 3357 est,
1563 3307 1727 3362 quam
1762 3295 1904 3364 apud
1960 3293 2097 3352 Pos-

518 3386 702 3440 sinum
750 3383 874 3439 116.
910 3383 1172 3438 Eumdem
1204 3381 1554 3438 Theodorum
1593 3385 1827 3455 μοναχόν
1876 3402 2095 3442 nuncu-

516 3488 629 3547 pat,
659 3487 713 3531 et
766 3476 925 3531 vertit
952 3477 1186 3530 Allatius
1218 3475 1313 3529 lib.
1352 3490 1413 3541 ιι,
1445 3475 1695 3543 epismlis
1726 3474 1816 3541 65,
1857 3476 1948 3542 76,
2001 3480 2094 3533 sed

516 3576 572 3624 et
591 3568 683 3633 25,
718 3568 813 3622 lib.
846 3584 919 3633 tv,
950 3582 1070 3637 quae
1116 3567 1367 3635 adempta
1427 3575 1512 3621 est
1542 3564 1645 3620 116
1690 3567 1945 3633 Possini;
2007 3571 2095 3624 cui

518 3675 712 3715 rursus
744 3658 1086 3729 adjungenda
1115 3667 1221 3720 est,
1251 3657 1382 3726 quin
1415 3657 1598 3727 potius
1663 3667 1807 3712 esset
1867 3659 2094 3715 delenda

518 3750 635 3821 ipsa
663 3749 766 3804 160
793 3750 972 3803 Allatii
1014 3758 1269 3819 tanquam
1317 3763 1443 3817 pars
1477 3748 1704 3818 repetita
1734 3749 1899 3819 hujus
1953 3751 2092 3819 1l6;

515 3851 573 3898 et
616 3842 885 3896 Allatiana
917 3841 1010 3907 25,
1044 3841 1140 3896 lib.
1176 3856 1251 3895 tv.
1278 3839 1520 3911 Εὑγενὶῳ
1541 3840 1847 3909 μονάζοντι,
1868 3845 2095 3913 epistola

518 3932 625 3989 102
659 3932 874 3989 Possini
912 3941 998 3988 est
1040 3930 1338 4011 inscripta;
1378 3931 1679 3984 solitarium
1739 3932 1785 3986 is
1841 3934 2090 3999 reddidit,

516 4023 749 4079 Allatius
771 4023 1084 4078 monachum
1113 4023 1210 4077 lib.
1251 4037 1371 4087 xm,
1407 4022 1567 4092 epist.
1601 4021 1725 4077 147.
1767 4021 2092 4080 Monachum

515 4115 762 4188 profecto
796 4115 1015 4171 vocavit
1042 4115 1094 4168 ιιι
1129 4114 1290 4169 titulo
1317 4114 1675 4184 epistolarum
1708 4115 1831 4179 175,
1889 4116 1991 4172 176
2039 4127 2095 4173 et

517 4206 646 4274 182,
703 4207 866 4277 inque
892 4207 983 4261 illa
1014 4205 1131 4276 ipsa
1162 4205 1264 4260 175
1308 4206 1550 4260 nondum
1600 4206 1752 4260 illum
1810 4221 2093 4263 emensum

517 4298 693 4355 fuisse
749 4313 923 4353 annos
982 4298 1315 4368 quindecim,
1358 4298 1583 4369 μονήρει
1630 4296 1731 4369 βίῳ
1775 4299 2093 4370 ὲνοικούμε-

520 4409 634 4459 νον,
685 4392 739 4447 id
788 4400 892 4457 est,
946 4390 1287 4445 insistentem
1339 4395 1462 4445 vitae
1515 4390 1832 4446 monasticae
1882 4392 2089 4458 tradit;

2198 3202 2450 3271 superius
2482 3202 2641 3256 allato
2664 3217 2714 3256 c.
2734 3211 3043 3266 tt,errantes
3064 3202 3119 3255 in
3139 3201 3429 3267 montibus,
3446 3211 3498 3254 et
3522 3202 3776 3270 speluncis

2196 3297 2530 3367 cavernisque
2580 3306 2734 3350 terra:
2763 3296 2990 3361 abditos,
3032 3294 3221 3364 quibus
3251 3294 3449 3363 dignus
3513 3310 3630 3345 non
3681 3306 3775 3345 cret

2197 3386 2446 3441 mundus.
2478 3386 2613 3441 Vide
2638 3386 2972 3452 'l‘ristanum,
3010 3396 3139 3440 tom.
3168 3387 3209 3439 ll
3264 3383 3483 3439 Hister.
3517 3385 3681 3439 Rom.
3725 3401 3771 3437 ιι

2198 3477 2585 3545 Numismatis,
2626 3493 2681 3548 ι).
2716 3478 2848 3545 155,
2882 3478 2949 3531 de
2998 3476 3280 3531 monachis
3310 3490 3634 3545 eorumque
3681 3475 3773 3529 eel-

2198 3572 2357 3639 lulis;
2390 3580 2443 3626 et
2474 3571 2795 3626 feminarum
2826 3571 3158 3636 monastrize,
3178 3568 3773 3634 ntoniales,sanctime

2196 3665 2387 3731 niales,
2422 3665 2630 3719 ancilla:
2650 3664 2763 3731 Dei,
2795 3673 2847 3718 et
2880 3663 2988 3717 Deo
3014 3664 3218 3717 devotze
3246 3663 3490 3733 virgines
3510 3663 3775 3716 vocabas.

2196 3764 2305 3821 tur,
2340 3756 2545 3825 passim
2579 3757 2716 3824 apud
2766 3764 3016 3809 sanctum
3074 3753 3419 3824 Gregorium,
3480 3753 3583 3823 qui
3625 3754 3663 3807 Ι.
3712 3768 3771 3815 tr,

2195 3846 2356 3915 epist.
2396 3846 2460 3900 13
2491 3847 2558 3902 de
2588 3847 2766 3901 insula
2810 3845 3091 3915 Capraria,
3125 3845 3192 3901 de
3239 3845 3419 3899 insula
3477 3844 3771 3915 Gorgonis.

2197 3941 2368 4010 deque
2399 3940 2687 3994 monachis
2718 3940 2909 3993 insulae
2940 3939 3133 3993 Montis
3162 3936 3389 4003 Christi,
3442 3937 3548 3993 lib.
3592 3953 3608 3991 ι
3653 3936 3768 3989 Dia-

2195 4032 2300 4104 log.
2338 4050 2390 4089 c.
2419 4034 2508 4089 49.
2552 4032 2785 4088 Sanctus
2816 4033 3103 4105 Gregorius
3138 4032 3521 4086 Nazianzenus
3559 4032 3619 4086 in
3652 4030 3776 4086 Poe-

2195 4133 2311 4177 tum
2347 4122 2641 4193 profectus,
2667 4125 2793 4177 dum
2828 4123 2965 4193 fugit
2992 4123 3388 4193 episcopatum,
3415 4122 3774 4193 philosopha-

2196 4226 2284 4271 tus
2314 4226 2397 4271 est
2438 4232 2560 4270 cum
2591 4216 2813 4283 Basilio,
2858 4225 3086 4285 uterque
3112 4215 3255 4285 leges
3309 4214 3436 4269 tulit
3492 4215 3631 4268 vitae
3668 4228 3756 4268 mo

2194 4310 2439 4373 nasticaz,
2471 4309 2543 4363 uti
2578 4318 2818 4363 recenset
2850 4306 3042 4361 Billius
3080 4308 3134 4361 in
3166 4306 3283 4377 ejus
3328 4305 3494 4371 Vita;
3534 4307 3634 4361 hic
3658 4322 3775 4360 san-

2194 4412 2316 4457 ctus
2352 4398 2667 4470 Gregorius,
2700 4408 2843 4455 orat.
2867 4400 2938 4454 20
2970 4400 3021 4453 in
3057 4400 3269 4454 Iaudem
3318 4399 3498 4454 sancti
3567 4398 3773 4459 Basilii,

516 4485 991 4555 undecolligotam
1018 4483 1072 4536 in
1096 4482 1414 4553 ἐγκρατείᾳ,
1444 4498 1539 4537 εειι
1565 4484 2091 4554 continentia,quam
2124 4491 2168 4547 D
2197 4495 2541 4549 commendat
2576 4494 2743 4548 vitam
2796 4492 3173 4557 monasticam,
3203 4506 3260 4561 p.
3315 4490 3455 4556 567;
3483 4500 3546 4545 et
3608 4491 3663 4545 in
3714 4490 3767 4543 il

515 4575 573 4630 in
595 4576 849 4646 ἀσκήσει,
867 4585 962 4629 aut
981 4574 1372 4629 exercitatione
1393 4572 1565 4628 fuisse
1583 4576 1649 4629 de
1665 4590 1836 4641 more,
1861 4578 2097 4647 spatium

517 4666 786 4736 temporis
806 4666 1141 4736 impendere,
1157 4664 1299 4720 sicut
1315 4679 1490 4719 annos
1514 4666 1869 4735 probationis,
1892 4669 1975 4723 vel
2002 4685 2096 4725 no-

514 4761 763 4827 vitlatus,
796 4760 907 4814 imo
934 4767 989 4814 et
1036 4759 1091 4814 in
1117 4757 1217 4830 βίῳ
1247 4758 1561 4830 μονάζοντι,
1604 4761 1720 4815 sive
1743 4761 1799 4815 in
1830 4760 2091 4816 Monazo-

515 4854 610 4908 nio
632 4853 759 4925 (qua
797 4866 931 4908 voce
970 4852 1047 4907 uti
1082 4860 1215 4923 puto
1245 4851 1514 4906 Alciatum
1552 4849 1606 4905 in
1635 4852 1889 4908 versione
1915 4853 2091 4910 ρι’ωεὶ

515 4946 981 5018 Epigrammatis).
1038 4947 1295 5002 Addenda
1341 4956 1427 5003 est
1467 4944 1770 5002 Theodosia
1831 4946 2093 5018 μονάζου-

518 5054 609 5107 σα,
647 5039 733 5095 cui
768 5038 923 5093 Nilus
951 5038 1142 5093 scribit
1198 5038 1296 5091 lib.
1333 5052 1393 5101 tt,
1419 5038 1580 5107 epist.
1614 5038 1738 5102 116,
1774 5037 1915 5106 apud
1939 5038 2095 5091 Αιια-

517 5132 671 5196 tium,
709 5130 805 5201 qui
833 5128 1114 5183 monialem
1148 5128 1349 5196 vertit;
1382 5129 1707 5183 hertabatur
1760 5142 1879 5183 eam
1912 5125 2090 5195 Nilus,

516 5238 584 5279 ne
606 5231 873 5294 praecepta
900 5222 1035 5277 viris
1064 5224 1118 5276 in
1153 5221 1385 5278 ecclesia
1411 5220 1625 5277 tradere
1673 5219 1916 5285 auderet,
1972 5235 2094 5276 eos-

515 5332 623 5387 que
653 5316 927 5372 desineret
953 5315 1171 5371 docere.
1204 5313 1247 5369 E
1277 5313 1666 5386 suprascriptis
1692 5312 1857 5384 igitur
1884 5312 2092 5383 liquido

516 5418 665 5479 patet
716 5406 1049 5479 μονάζοντας
1074 5406 1269 5475 fuisse,
1320 5405 1417 5477 qui
1459 5404 1710 5476 proxime
1764 5404 2094 5459 accedebant

517 5501 585 5554 ad
615 5500 980 5556 monachatus
1008 5499 1431 5570 professionem,
1486 5513 1613 5554 cum
1638 5506 1817 5552 autem
1848 5498 1915 5552 ad
1944 5498 2090 5553 illam

518 5592 962 5658 admittebantur,
1016 5590 1385 5647 induebantur
1432 5590 1732 5657 schemate,
1789 5604 1887 5645 seu
1942 5600 2093 5645 veste

516 5683 729 5751 novitii,
778 5700 904 5756 quae
930 5686 1146 5755 diversa
1175 5696 1314 5755 erat,
1338 5701 1403 5744 ac
1427 5686 1685 5743 distincta
1726 5684 1795 5740 ab
1840 5699 1925 5753 ea,
1982 5700 2091 5755 qua

520 5774 911 5843 vestiebantur,
938 5792 1064 5835 cum
1111 5779 1364 5835 monachi
1389 5776 1613 5850 perfecti
1642 5776 1967 5841 evadebant,
2004 5777 2084 5832 uti

2193 4586 2441 4642 oratione
2471 4587 2525 4640 in
2556 4586 2770 4641 laudem
2803 4586 2979 4641 sancti
3001 4584 3311 4649 Athanasii,
3337 4599 3391 4654 p.
3424 4582 3559 4647 589,
3590 4583 3645 4636 in
3668 4598 3775 4637 ora-

2194 4680 2346 4736 tione
2379 4679 2579 4751 prima,
2614 4695 2669 4750 p.
2696 4678 2787 4743 14,
2821 4686 2876 4733 ει
2901 4678 2955 4732 in
2990 4676 3231 4731 Carmin.
3259 4690 3314 4745 p.
3347 4674 3519 4739 1370;
3558 4676 3618 4729 in
3648 4675 3774 4729 deﬁ-

2194 4768 2399 4823 nitione
2424 4776 2564 4823 orat.
2606 4767 2691 4832 12,
2741 4782 2794 4837 p.
2836 4766 2979 4832 459;
3012 4765 3197 4820 Carm.
3230 4764 3298 4819 ad
3328 4763 3489 4819 ﬁctos
3512 4766 3769 4819 monach.

2193 4873 2249 4928 p.
2277 4858 2419 4913 1502
2446 4857 2672 4922 et1315,
2686 4855 2754 4910 ad
2788 4855 3087 4911 monachos
3116 4854 3171 4908 in
3197 4851 3467 4909 ctenobiis
3492 4852 3770 4923 degentes,

2194 4950 2261 5005 ad
2292 4947 2619 5004 Hellenium.
2655 4947 2889 5002 Sanctus
2928 4946 3271 5018 Augustinus
3323 4944 3638 5000 monachos
3688 4960 3771 4998 no-

2194 5042 2546 5096 minatseroos
2579 5039 2698 5105 Dei,
2732 5039 2893 5108 epist.
2925 5038 2994 5092 70
3020 5048 3074 5093 et
3097 5038 3342 5108 passim;
3376 5045 3434 5091 et
3461 5037 3768 5090 monachis-

2195 5148 2343 5187 mum
2372 5132 2535 5187 simul
2567 5145 2691 5186 cum
2725 5131 2992 5200 baptismo
3022 5130 3283 5199 suscepit,
3314 5136 3373 5182 ut
3423 5128 3632 5198 probat
3680 5126 3765 5180 Ri.

2194 5227 2338 5293 vius,
2379 5226 2474 5281 lib.
2506 5241 2544 5291 ι,
2589 5240 2707 5295 cap.
2738 5222 2923 5293 1,§52
2977 5220 3085 5276 Vit.
3132 5221 3305 5273 sancti
3360 5222 3677 5290 Augustini,
3721 5230 3765 5273 et

2195 5319 2491 5374 amicitiam
2525 5333 2647 5371 cum
2680 5316 2927 5371 Eudoxio
2975 5315 3169 5370 abbate
3205 5312 3626 5368 Cellulanorum
3669 5310 3763 5365 Ca-

2195 5411 2392 5483 prarise
2418 5411 2611 5465 insulae
2633 5408 2804 5463 coluit
2834 5407 2993 5478 epist.
3017 5405 3107 5471 81,
3141 5412 3197 5459 et
3218 5404 3458 5457 instituit
3483 5402 3611 5471 ipse
3662 5417 3762 5455 mo-

2196 5505 2421 5571 nachos,
2458 5504 2635 5574 deque
2672 5517 2835 5572 apere
2889 5501 3106 5556 illorum
3162 5498 3364 5553 librum
3421 5496 3761 5563 conscripsit.

2194 5594 2385 5651 Rivius
2417 5596 2484 5651 de
2510 5596 2655 5665 ipso,
2687 5593 2715 5665 §
2743 5594 2800 5660 2,
2828 5608 2877 5648 ε.
2916 5593 2966 5658 1,
2992 5591 3086 5646 lih.
3119 5605 3203 5655 ιιι,
3243 5596 3459 5642 sanctas
3492 5586 3759 5655 formicas.

2193 5694 2248 5739 et
2296 5694 2509 5740 sanctas
2540 5700 2663 5755 apes
2701 5681 2999 5737 monachos
3025 5678 3316 5751 compellat
3355 5677 3501 5733 idem
3547 5685 3759 5732 sanctus

2194 5776 2404 5833 doctor.
2451 5775 2629 5834 Verba
2678 5775 2899 5847 quidem
2942 5773 3127 5831 Graeca
3152 5788 3275 5829 cum
3334 5785 3640 5843 paragoge,
3677 5782 3757 5824 seu
