3838 6056
446 214 592 283 133i-

1364 222 1511 282 JOS.
1562 225 1827 285 MARl/E
1863 223 2219 285 SUARESII
2258 225 2755 287 DISSERTATIO

3623 214 3765 275 1333

441 332 844 398 Praefationem,
883 334 1124 388 secunda
1177 338 1245 390 de
1293 340 1654 409 temperantia
1685 340 1799 396 sive
1852 341 2024 395 absti-
2054 348 2099 402 Α
2131 343 2292 397 nibus
2323 343 2616 413 egentibus
2673 340 3026 411 suppeditans
3079 337 3378 397 auxilium,
3426 346 3558 384 mm
3592 347 3768 384 crs-sa-

438 424 645 488 nentia,
683 437 806 492 cap.
856 422 1134 493 quinque;
1182 426 1340 481 tertia
1387 431 1453 481 (le
1507 444 1646 482 vana
1697 431 1902 499 gloria,
1937 445 2030 485 ca-

439 513 548 582 pita
599 513 733 579 tria;
767 524 960 582 quarta
990 516 1057 569 de
1085 515 1339 582 lectione,
1367 529 1421 572 et
1459 522 1726 584 oratione,
1757 536 1876 591 rap.
1909 537 2032 592 sep-

445 604 776 671 temdecim;
817 607 1194 677 quinta,quod
1237 611 1434 665 animae
1481 613 1778 666 amantium
1807 613 2032 669 divitias

444 695 570 749 vita:
601 696 812 766 cupidae
841 713 984 767 agre
1011 699 1137 753 hinc
1179 701 1511 755 divelluntur
1542 702 1595 756 in
1641 705 1771 756 hora
1802 704 1994 757 mortis
2017 743 2032 768 ,

445 805 565 856 cap.
604 791 741 853 tria;
776 801 950 856 sexta,
985 793 1130 861 quod
1159 793 1357 847 merito
1379 794 1707 863 puniuntur,
1735 795 1828 864 qui
1862 793 2034 848 facul-

446 889 588 934 tates
616 883 923 950 promiscue
951 885 1368 955 quibuscunque
1396 886 1728 955 relinquunt,
1749 903 1868 956 cap.
1894 888 2036 955 duo;

447 975 778 1042 septimaque
802 975 909 1036 his,
940 977 1032 1044 qui
1064 975 1116 1029 in
1156 987 1401 1047 tempore
1454 980 1649 1033 mortis
1685 981 1890 1033 nullam
1921 994 2037 1033 suae

435 1067 641 1142 ,salutis
668 1083 855 1121 curam
906 1068 1128 1133 habent,
1162 1068 1256 1123 sed
1301 1080 1355 1124 et
1383 1079 1710 1125 testamenta
1742 1072 2042 1126 scribentes

447 1160 643 1226 jubere
695 1174 753 1213 se
792 1159 982 1236 dicunt
1036 1159 1220 1215 dehis
1271 1176 1504 1230 quorum
1558 1171 1880 1231 potestatem
1931 1177 2040 1216 non

455 1251 676 1318 habent,
716 1267 838 1320 cap.
875 1252 1167 1318 undecim;
1222 1264 1414 1308 octava
1451 1255 1518 1309 de
1547 1255 1874 1318 lueredibus,
1921 1270 2042 1325 cap.

453 1358 622 1396 unum
646 1359 662 1404 ;
687 1357 853 1406 nona,
874 1345 1187 1413 suggillatio
1215 1361 1431 1408 eorum,
1451 1347 1542 1415 qui
1572 1353 1890 1402 testamenta
1911 1349 2048 1401 scri-

452 1431 609 1492 bunt.
647 1446 767 1498 cap.
800 1429 1020 1494 decem;
1067 1432 1281 1488 decima
1335 1434 1408 1487 de
1443 1435 1730 1488 beatorum
1759 1447 2049 1491 conversa—

454 1523 624 1587 tinne,
667 1538 788 1593 cap.
839 1533 1077 1594 septem;
1123 1525 1410 1579 undecima
1491 1541 1610 1595 cap.
1681 1526 1868 1597 viginti
1911 1527 2048 1591 tria;

455 1631 691 1684 quorum
728 1616 1011 1684 aliquibus
1043 1617 1185 1672 tituli
1217 1626 1349 1672 sunt
1375 1617 1655 1686 impositi;
1697 1616 2044 1680 duodecima,

457 1721 579 1774 cap.
616 1706 897 1761 tredecim.

525 1795 863 1870 Opusculu‘m
890 1795 996 1851 Nili
1027 1796 1198 1852 locavi
1230 1797 1482 1864 subinde,
1514 1797 1659 1868 quod
1693 1799 2048 1854 inscribitur:

457 1889 601 1960 Πρὸς
697 1889 794 1958 τὴν
857 1890 1413 1960 σεμνοπρεπεστάτην
1480 1890 1709 1960 Μάγναν
1785 1891 1885 1960 τὴν
1937 1890 2054 1945 διά.-

458 1997 614 2035 κονον
661 1980 954 2052 Ἀγκύρας.
983 1981 1152 2050 Λόγος
1178 1983 1307 2052 περὶ
1343 1983 1752 2054 ἁκτημοσύνης.
1794 1983 1876 2036 Ad
1909 1999 2058 2042 rene.

461 2075 667 2127 ratione
715 2074 1081 2141 dignissimam
1151 2073 1405 2144 Magnam
1461 2075 1820 2128 diaconissam
1869 2075 2055 2142 Ancy-

463 2178 571 2227 ra,
617 2173 875 2216 tractatus
915 2162 978 2217 de
1024 2163 1325 2216 voluntaria
1368 2175 1714 2233 paupertate,
1763 2166 1878 2220 sive
1923 2163 2057 2219 nihil

465 2254 814 2318 possidendo.
848 2252 1186 2324 Principium
1212 2253 1404 2324 πρώην
1444 2254 1796 2326 μὲν.ιΝιιρεν
1823 2255 2056 2325 quidem.

464 2344 712 2416 Magnam
745 2347 935 2400 vocavi
963 2361 1071 2400 non
1105 2345 1460 2417 Magnesiam,
1497 2357 1724 2403 secutus
1755 2347 2052 2404 Vaticanus

463 2439 684 2496 codices
705 2439 810 2493 653
835 2449 890 2494 et
921 2439 1082 2504 1454,
1101 2448 1156 2494 et
1182 2437 1502 2495 Heracliden
1519 2439 1682 2512 605
1709 2441 1764 2494 in
1791 2439 2058 2495 Paradiso

463 2548 517 2589 c.
548 2533 636 2594 55,
671 2549 766 2588 seu
802 2532 1102 2587 Palladium
1132 2533 1186 2586 in
1219 2531 1424 2587 Histor.
1449 2532 1720 2588 Lausiaca
1739 2549 1790 2589 c.
1820 2535 1943 2600 151,
1967 2534 2060 2603 qui

467 2626 717 2694 Magnam
751 2635 992 2690 vocant;
1043 2636 1099 2680 et
1126 2625 1404 2682 Palladius
1441 2626 1662 2696 quidem
1725 2625 1821 2681 lib.
1852 2641 1948 2680 VIII
1986 2626 2062 2680 De

466 2719 562 2771 vit.
598 2715 850 2781 Patrum,
871 2718 1075 2772 relatus
1105 2734 1157 2788 p.
1189 2721 1313 2784 776,
1340 2719 1420 2772 sic
1449 2719 1643 2772 habet:
1687 2737 1705 2769 ι
1739 2717 1795 2770 In
1837 2717 2058 2772 civitate

470 2811 684 2878 Ancyra
717 2809 936 2880 (estea
979 2812 1294 2880 metropolis
1335 2811 1565 2866 Galatia:
1597 2811 1651 2864 in
1685 2811 1815 2866 Asia
1855 2810 2064 2866 Minore

469 2899 829 2954 celeberrima
862 2904 1070 2972 synodo
1119 2903 1252 2957 inibi
1291 2903 1473 2957 habita
1533 2919 1676 2957 anno
1721 2903 1785 2958 C.
1827 2901 1890 2955 N.
1933 2903 2062 2965 5M,

2135 435 2228 489 bat
2263 434 2513 488 hilariter
2553 432 2852 503 dispartiri,
2905 443 2958 486 et
3008 429 3222 500 operari
3256 427 3545 494 pietatem
3584 421 3766 475 lates-

2135 536 2240 589 ter,
2299 533 2354 578 et
2407 539 2501 593 per
2554 539 2635 587 se,
2692 532 2748 577 et
2803 538 2899 591 per
2958 535 3146 576 servos
3200 515 3598 572 ﬁdelissimos
3644 531 3661 564 :
3709 514 3766 565 2?.-

2140 617 2374 672 ecclesia
2407 632 2514 670 non
2546 615 2826 680 recedens,
2859 624 3024 669 noctu
3066 612 3330 675 maxime,
3373 608 3436 662 in
3492 607 3765 661 omnii-425

2137 724 2403 764 exercens
2431 723 2490 764 se
2513 718 2732 778 prOpter
2753 721 2902 774 spem
2931 704 3075 774 ejus,
3098 719 3222 774 quin
3255 715 3394 756 vere
3427 709 3549 763 est,
3587 701 3762 749 *ῆι-τ..

2140 798 2208 854 Ει
2263 799 2451 854 eadem
2500 797 2816 853 Heraclides
2860 794 3359 865 verbisjpaululum
3418 791 3764 852 intrrauiati‘s,

2142 908 2250 947 non
2314 909 2477 948 sensu
2518 909 2532 944 2

2144 989 2464 1047 usurpatum
2517 975 2639 1039 fuit,
2672 985 2726 1029 et
2763 972 2976 1042 Magnia
3021 972 3218 1027 Urbica
3279 966 3579 1023 Maxentii
3631 968 3764 1034 Aug.

2145 1086 2307 1134 uxor,
2347 1069 2490 1140 apud
2521 1067 2911 1138 Spanhemium
2957 1065 3011 1119 in
3053 1063 3340 1128 Nummis;
3379 1070 3439 1114 et
3483 1059 3548 1112 in
3581 1058 3764 1110 inscri-

2147 1166 2332 1234 ptione
2365 1163 2632 1223 Romana,
2662 1161 2715 1212 in
2737 1159 2861 1212 villa
2896 1155 3108 1211 Felicia:
3145 1153 3523 1207 Pallavicina:
3551 1167 3567 1200 :
3597 1147 3664 1199 ὓ.
3699 1148 3763 1199 Η.

2150 1255 2371 1325 Magnia
2401 1254 2574 1324 Tyche
2608 1252 2728 1321 fecit
2759 1250 2860 1305 sibi
2887 1259 2932 1302 et
2960 1248 3102 1302 karis
3131 1247 3242 1300 suis
3267 1243 3332 1297 T.
3367 1243 3621 1310 Maguio
3645 1249 3766 1305 Ang-

2149 1359 2260 1403 ceto
2283 1359 2332 1402 et
2356 1346 2418 1400 Τ.
2450 1345 2665 1415 Magnio
2688 1341 2965 1413 Eutychio,
2987 1351 3036 1394 et
3063 1339 3130 1405 ρ.
3158 1337 3322 1390 Tillio
3348 1332 3675 1402 Figuliano
3695 1337 3765 1381 be-

2151 1437 2552 1498 nemerentibns,
2583 1444 2632 1489 et
2662 1433 2910 1495 Libertis,
2944 1429 3393 1496 Libertabusque,
3433 1423 3762 1493 posterisque

2149 1545 2329 1584 eorum
2371 1525 2444 1580 Η.
2471 1523 2550 1578 Μ.
2578 1523 2644 1577 D.
2685 1521 2764 1577 Μ.
2815 1520 2880 1573 Α.
2920 1519 2996 1589 (id
3031 1529 3134 1573 est.
3175 1537 3187 1570 :
3228 1514 3380 1568 Huic
3425 1525 3761 1564 monuments

2153 1623 2303 1675 dolus
2337 1620 2506 1673 malus
2559 1616 2783 1685 abesto.)
2831 1613 2964 1668 Item
3010 1616 3065 1667 T.
3097 1610 3330 1666 Claudio
3367 1605 3700 1664 Honorino,
3727 1616 3765 1654 cz

2155 1715 2396 1769 Claudia:
2415 1705 2691 1766 Marcella:
2718 1709 2904 1770 amicis
2931 1704 3257 1776 ﬁdelissimis
3276 1717 3418 1755 vasa
3445 1697 3766 1752 abradens

2153 1809 2285 1870 dua,
2319 1808 2444 1859 item
2472 1803 2694 1859 olicai'ia
2726 1803 2832 1855 tria
2862 1798 3246 1854 introeuntibus
3268 1806 3438 1863 parte
3468 1794 3762 1845 dextera...

2154 1899 2400 1969 orefecitj,
2452 1907 2502 1951 et
2561 1894 2794 1949 donavit.
2860 1889 3189 1945 Obrendaria
3254 1887 3514 1947 corbes,
3578 1881 3762 1952 quibus

2157 1992 2429 2047 vindemia
2470 1988 2732 2049 defertur,
2784 1986 2924 2054 apud
2959 1980 3300 2037 Lombardos
3326 1978 3449 2033 dici
3483 1977 3762 2036 solent,u

2156 2085 2300 2141 dolia
2332 2083 2563 2147 vinaria,
2594 2096 2689 2135 seu
2720 2095 2893 2148 cupae.
2921 2076 3287 2130 Nominantur
3319 2074 3377 2126 in
3409 2069 3756 2124 Gruteriani:

2160 2175 2614 2246 lnscriptionihus
2654 2169 2854 2240 Magna
2920 2167 3128 2230 Ironia,
3180 2164 3450 2235 Magneia
3498 2161 3758 2230 jucunda,

2155 2269 2454 2340 Magnesia,
2485 2265 2704 2335 Magnia
2739 2262 2800 2316 Τ.
2838 2263 2903 2316 L.
2927 2262 3119 2328 Mellae,
3159 2257 3516 2322 blaximiola,
3581 2254 3756 2315 Stans,

2159 2371 2215 2416 et
2253 2360 2312 2414 S.
2343 2357 2614 2428 Magnilus
2646 2356 2730 2410 bis
2785 2364 2974 2424 terque
3005 2360 3490 2408 commemoratur
3541 2347 3605 2400 in
3635 2345 3756 2398 la:-

2163 2452 2432 2526 terIOgio
2481 2450 2704 2504 Lucano
2748 2448 2817 2502 ab
2844 2445 3298 2515 eloquentissimo
3335 2452 3397 2496 et
3435 2439 3755 2495 doctissim

2161 2545 2521 2602 Florentinio.
2567 2542 2608 2594 A
2672 2539 2869 2608 Magna
2924 2536 3108 2591 vocari
3168 2534 3353 2604 potuit
3415 2531 3675 2600 Μαρκίαν
3716 2538 3755 2579 el

2164 2636 2434 2707 Magnisia
2469 2643 2525 2688 et
2555 2629 2889 2701 Magnisilla,
2931 2643 3026 2682 seu
3055 2626 3327 2696 Magnesia
3357 2632 3419 2678 et
3448 2620 3755 2690 Magnesiae

2163 2727 2622 2801 ὑποκοριστικῶς.
2648 2726 2709 2778 Ui
2741 2722 2848 2792 γὰρ
2879 2719 3113 2790 ἐρῶντες
3152 2716 3381 2770 εἰώθασι
3425 2714 3611 2784 606
3649 2714 3753 2769 ππ

2163 2823 2477 2896 ἐρωμένους
2497 2815 2774 2890 ἐρωτικῶς
2794 2813 2860 2866 δι’
2884 2810 3276 2881 ὑποκορισμῶν
3292 2808 3516 2866 καλεῖν.
3547 2821 3584 2860 e
3601 2804 3755 2858 Suida

2166 2919 2220 2971 in
2254 2912 2589 2986 εὐριπίδιον’
2624 2910 2696 2962 ita
2737 2906 3004 2961 Romulus
3055 2912 3109 2957 et
3135 2900 3487 2971 Augustulus
3540 2896 3754 2950 delicia-

2591 890 2798 960 Magnae
2847 904 3044 943 nomen
3109 886 3389 942 Romanis
3461 893 3765 939 nomine:

470 2991 588 3049 sive
651 3001 711 3046 ut
763 2995 1100 3064 Rosweydus
1165 2996 1239 3049 ibi
1274 2997 1496 3050 adnotat
1535 3012 1567 3050 e
1625 3013 1757 3062 ms.,
1813 2996 2062 3052 Caesarea

2178 3022 2289 3060 rum
2316 3016 2482 3058 causa
2515 3009 2569 3054 et
2621 2995 3030 3057 blanditiarum,
3067 2993 3122 3046 iu
3167 2990 3369 3060 quibus
3419 2986 3754 3042 diminutiva

471 3082 832 3154 Cappadociae
878 3099 932 3154 p.
981 3085 1120 3154 792)
1179 3096 1308 3141 sunt
1379 3087 1562 3140 multa:
1631 3087 1890 3154 quidem.
1941 3087 2062 3142 alia:

473 3175 713 3245 virgines
738 3216 755 3241 ,
805 3192 1000 3246 nempe
1031 3177 1098 3233 ad
1131 3178 1316 3232 decem
1359 3179 1527 3232 millia
1564 3178 1709 3249 (duo
1744 3177 1913 3232 millia
1961 3178 2063 3233 He-

475 3268 666 3323 raclidi
712 3277 768 3324 et
815 3271 1082 3340 amplius)
1122 3287 1245 3341 qua:
1293 3281 1641 3336 exercentur,
1691 3281 1745 3324 et
1794 3272 1849 3326 in
1912 3271 2064 3326 omni

476 3360 694 3417 virtutis
727 3362 1074 3417 institutione
1107 3365 1358 3425 militant.
1415 3378 1720 3433 omnesque
1751 3375 2064 3434 temperan-

480 3457 570 3510 tia:
599 3454 810 3524 legibus
873 3456 1034 3511 clara:
1064 3466 1119 3510 et
1153 3456 1397 3528 insignes
1445 3455 1684 3521 feminae,
1713 3465 1769 3510 et
1819 3455 2066 3511 divinum

479 3559 754 3603 certamen
791 3548 974 3602 studio
1027 3565 1229 3620 magno
1289 3558 1676 3619 exsequentes,
1733 3549 1873 3603 inter
1927 3565 2068 3620 quas

483 3639 846 3709 principatum
875 3641 1085 3695 obtinet
1117 3642 1171 3694 in
1206 3642 1406 3711 pietate
1441 3640 1639 3709 Magna
1674 3641 2068 3697 honestissima

485 3729 687 3785 femina
739 3741 796 3785 et
852 3733 1207 3801 probissima,
1239 3748 1402 3799 quam
1435 3733 1619 3787 nescio
1660 3734 1791 3802 quid
1832 3734 1934 3788 sim
1969 3750 2070 3788 no-

485 3819 817 3882 minaturus,
870 3820 1159 3890 virginem,
1192 3838 1260 3874 an
1293 3821 1514 3875 viduam
1541 3821 1565 3874 ?
1595 3837 1627 3876 a
1667 3830 1842 3877 matre
1871 3823 2071 3893 quippe

485 3925 581 3979 per
613 3911 723 3964 vim
751 3912 869 3965 viro
911 3912 1226 3981 conjuncta,
1273 3928 1396 3966 eum
1447 3923 1629 3968 tamen
1667 3912 1859 3968 fefellit
1905 3915 2072 3970 variis

487 4005 740 4058 inescans
768 4003 1144 4070 dilationibus,
1159 4013 1214 4058 et
1233 4006 1479 4075 corporis
1503 4007 1725 4062 morbos
1745 4016 2069 4077 praetexens,

487 4109 517 4146 a
564 4093 937 4162 corruptionis
969 4094 1101 4149 vitio
1137 4095 1347 4166 integra
1402 4107 1455 4151 et
1515 4097 1720 4152 intacta
1749 4098 2072 4168 permansit,

489 4198 549 4243 ut
575 4189 766 4245 dicunt
809 4189 929 4257 ejus
963 4191 1296 4256 necessarii;
1346 4206 1584 4260 cumque
1615 4192 1778 4261 paulo
1810 4200 1946 4261 post,
1978 4192 2074 4246 de-

487 4283 746 4337 cessisset
791 4285 913 4352 ejus
968 4284 1218 4349 niaritus,
1276 4286 1522 4339 euntium
1572 4286 1736 4340 simul
1790 4285 1933 4340 facta
1992 4295 2076 4341 est

491 4376 660 4428 haeres
689 4375 874 4434 unica.

493 4464 602 4520 Deo
631 4478 797 4521 t0tam
847 4469 1083 4537 seipsam
1133 4469 1353 4534 obtulit,
1390 4485 1604 4523 summe
1657 4484 1844 4523 curam
1879 4484 2076 4539 gerens

489 4559 618 4610 vitae
673 4574 794 4627 qua:
823 4575 1037 4628 semper
1067 4569 1270 4623 manet,
1305 4561 1422 4614 suis
1451 4560 1668 4614 famulis
1690 4559 2080 4614 honestissime

493 4643 790 4712 imperans,
841 4646 1045 4714 degens
1079 4646 1528 4712 laboriosissime,
1567 4657 1622 4700 et
1654 4661 1819 4715 agens
1864 4647 2078 4715 plenam

496 4737 906 4804 temperantiam
959 4739 1374 4799 monachorum,
1424 4738 1477 4792 in
1527 4754 1821 4808 congressu
1852 4746 1962 4792 tam
1992 4752 2080 4792 se-

495 4840 645 4892 vera,
689 4837 750 4880 ut
797 4828 976 4896 ipsum
1009 4830 1130 4899 ejus
1187 4840 1467 4900 aspectum
1513 4837 1892 4884 revererentur
1915 4829 2079 4884 etiam

494 4919 940 4974 excellentissimi
969 4922 1214 4992 episc0pi
1245 4930 1468 4992 propter
1494 4921 1764 4991 insignem
1802 4922 2081 4990 pietatem,

496 5025 564 5066 ac
589 5011 927 5080 religionem.
969 5017 1146 5084 Atque
1189 5017 1310 5085 ipsa
1336 5015 1556 5084 quidem
1615 5029 2081 5085 supervacaneam

497 5107 554 5156 et
575 5103 802 5157 nimiam
820 5119 986 5175 opum
1006 5110 1290 5161 materiam
1315 5107 1652 5178 paupertatis
1677 5109 1799 5176 igne
1829 5122 2084 5161 consum-

500 5195 647 5266 psit;
684 5211 809 5266 quze
853 5207 1034 5254 autem
1071 5211 1399 5269 supererant
1445 5217 1507 5256 ea
1525 5200 1809 5255 constituit
1852 5200 1917 5254 ad
1954 5200 2086 5254 sub-

503 5288 959 5345 ministrationem
1011 5294 1382 5358 monasteriis,
1437 5292 1709 5357 ecclesiis,
1757 5293 2087 5360 pauperibus

505 5382 938 5454 transeuntibus,
972 5384 1270 5456 episcopis,
1315 5385 1599 5455 orphanis,
1649 5384 1852 5450 viduis,
1887 5395 1942 5440 et
1970 5402 2088 5441 om-

2168 3094 2397 3151 Romani
2430 3091 2688 3160 majestas
2724 3087 2934 3157 imperii
2966 3085 3067 3140 fuit
3099 3084 3367 3139 diminuta
3403 3080 3499 3152 (’).
3534 3079 3621 3133 De
3655 3079 3752 3132 dia-

2165 3187 2398 3245 conissis
2437 3184 2559 3239 fuse
2607 3183 2659 3236 in
2689 3181 2782 3234 lib.
2832 3176 3271 3246 Lexicograpbo,
3320 3174 3510 3242 deque
3583 3187 3753 3238 asp»

2165 3275 2551 3350 πρεπεστάτης
2612 3259 2874 3342 epitheto.
2937 3268 3225 3323 Tractatus
3272 3265 3376 3319 iste
3443 3271 3752 3317 numerata:

2168 3370 2442 3426 secundus
2483 3368 2536 3420 in
2583 3363 2774 3418 codice
2803 3360 3067 3416 Vaticano
3094 3358 3254 3421 1454,
3292 3355 3443 3410 unde
3500 3355 3749 3420 subsequi

2167 3478 2292 3517 eum
2325 3457 2598 3514 decuisset
2637 3462 2926 3508 tractatum
2961 3451 3035 3505 De
3060 3449 3364 3504 monastica
3401 3445 3747 3500 exercitatio-

2170 3571 2260 3619 ne,
2311 3561 2372 3605 ut
2425 3549 2602 3620 prima
2651 3545 2814 3600 verba
2846 3544 3090 3598 indicant
3136 3542 3321 3595 etiam.
3361 3539 3436 3593 At
3487 3539 3546 3592 in
3584 3537 3750 3592 codice

2170 3641 2474 3698 Barberino
2510 3655 2618 3693 ms.
2675 3649 3052 3705 compereram
3107 3641 3230 3701 post
3259 3631 3440 3694 illum,
3477 3639 3747 3682 tractatum

2170 3736 2240 3791 de
2269 3733 2564 3788 virtutibus
2615 3739 2670 3783 et
2713 3728 2858 3782 vitiis
2889 3728 3158 3780 directum
3191 3725 3258 3777 ad
3301 3723 3608 3793 Agathium
3628 3763 3641 3783 ,
3671 3736 3745 3774 seu

2169 3826 2547 3898 Peristeriam,
2579 3822 2816 3890 ideoque
2850 3818 3078 3881 inserui,
3127 3815 3318 3885 religio
3351 3829 3603 3884 namque
3638 3815 3743 3864 nuta

2173 3922 2276 3979 fuit
2327 3921 2575 3974 ordinem
2631 3915 2945 3984 scriptionis
2979 3913 3033 3966 in
3078 3912 3320 3966 editione
3354 3925 3469 3963 non
3524 3922 3742 3963 servare.

2185 4011 2600 4084 Ἀκτημοσύνην
2633 4009 2929 4078 potuissem
2967 4015 3173 4059 vertere
3200 4019 3326 4058 cum
3358 4001 3636 4056 Cassiano
3665 4015 3744 4050 nu-

2173 4109 2396 4163 ditatem
2422 4120 2622 4166 rerum,
2657 4102 2740 4156 vel
2767 4100 3052 4154 enuntiare
3085 4098 3274 4152 Latino
3302 4095 3582 4150 vocabulo
3605 4093 3742 4145 Acte-

2180 4212 2488 4262 mosynem,
2505 4195 2598 4250 sed
2615 4190 2951 4262 expressisse
2975 4189 3299 4243 concinnius
3317 4186 3623 4239 arbitratus
3644 4198 3741 4237 sum

2183 4290 2549 4346 voluntariam
2581 4292 2979 4356 paupertatem,
3014 4298 3112 4336 Seu
3148 4279 3281 4334 nihil
3315 4278 3626 4348 possidere.

959 4385 1015 4428 et
1039 4378 1431 4446 temporalibus
1460 4385 1807 4432 comminans
1853 4386 2077 4444 eterna,
2112 4384 2158 4441 ι)
2253 4382 2468 4450 Excipit
2494 4387 2787 4433 tractatum
2818 4378 2961 4428 hunc
2985 4374 3052 4426 de
3077 4380 3394 4442 paupertate
3440 4368 3655 4428 Ἠϐικὺς
3676 4368 3742 4417 λεὶ-

2183 4494 2301 4546 γος,
2351 4473 2445 4528 καὶ
2488 4469 2824 4538 πολυμερὴς,
2859 4467 2918 4518 ὲν
3048 4461 3328 4516 νουθεσίαι
3373 4458 3739 4528 mactatisz

2187 4572 2238 4625 id
2269 4580 2351 4624 est
2387 4567 2670 4622 Tractatus
2696 4560 2936 4623 moralis,
2965 4568 3014 4611 et
3061 4555 3411 4623 multifarius,
3445 4555 3500 4605 in
3530 4570 3630 4620 quo
3659 4552 3741 4614 spi-

2187 4661 2408 4714 rituales
2427 4669 2549 4712 sunt
2569 4655 2996 4712 admonitiones;
3029 4657 3082 4699 et
3107 4645 3380 4714 capitibus
3404 4653 3642 4711 quatuor
3664 4643 3739 4689 ab-

2187 4753 2441 4806 solvitur.
2482 4749 2819 4818 Principium
2876 4750 2962 4797 est
3005 4737 3341 4806 πολυμερὴς,
3374 4733 3470 4785 καὶ
3510 4730 3740 4798 πολύτρο-

2190 4861 2290 4907 πος
2324 4843 2637 4913 πρόκειται.
2676 4840 2791 4894 Hoc
2819 4835 3144 4907 Opusculum
3175 4841 3261 4884 est
3307 4827 3472 4898 quasi
3500 4827 3740 4880 concias:

2189 4936 2513 4992 admonitio.

2261 5031 2440 5084 Erunt
2475 5027 2570 5096 qui
2611 5034 2803 5094 putent
2844 5037 2929 5075 me
2984 5030 3164 5075 actum
3217 5015 3419 5084 egisse,
3449 5012 3575 5082 quia

2191 5124 2391 5191 κτήτου
2422 5118 2761 5189 ἐγχειρίδιον,
2792 5130 2889 5170 seu
2934 5112 3236 5166 Manualetn
3294 5108 3492 5160 librum
3521 5102 3730 5172 Epicteti,

2184 5210 2343 5280 quasi
2372 5207 2633 5263 cramben
2661 5213 2936 5259 recoctam
2969 5198 3178 5254 intexui
3209 5195 3311 5248 Nili
3341 5192 3634 5263 opusculis,
3657 5205 3732 5242 nec

2187 5305 2382 5373 ignoro
2437 5297 2737 5368 abjudicari
2788 5294 2909 5348 Nilo
2953 5292 3112 5345 istam
3151 5288 3618 5346 lucubrationem;
3662 5281 3731 5334 sel

2186 5396 2280 5466 qui
2312 5392 2714 5464 praecipitanter
2753 5388 2924 5442 tulere
2953 5385 3279 5440 sententiam
3325 5380 3509 5442 istam,
3548 5391 3614 5430 ne
3632 5374 3730 5444 qui-

577 5607 640 5690 ς’)
674 5607 810 5668 Vide
855 5612 895 5669 Ι.
935 5613 968 5669 5
997 5612 1058 5670 C.
1116 5612 1326 5671 Theod.
1351 5611 1426 5668 De
1452 5613 1547 5683 ﬁd.
1579 5624 1627 5668 et
1659 5614 1774 5682 jttt'.
1808 5613 1943 5672 Itast.
1986 5625 2034 5668 et
2081 5617 2142 5670 17
2193 5619 2366 5690 Epist,
2429 5615 2743 5689 Symmach.
2794 5612 2891 5668 lib.
2949 5626 3020 5676 ν,
3074 5607 3148 5662 De
3214 5604 3477 5677 Magnillo
3556 5600 3728 5656 Vicetia

511 5677 726 5748 Africa.
