3838 6056
104 259 270 328 1333
1337 265 1435 325 DE
1471 264 1857 327 OPERIBUS
1889 265 1948 325 S.
1990 264 2176 324 NILI.

3220 256 3355 319 1334

101 370 250 427 dem
276 387 339 427 ex
375 371 653 427 breviculo
700 374 1001 443 recitatam,
1036 376 1082 431 si
1112 376 1475 447 dispexissent
1520 390 1692 435 attenv
1723 385 1771 442 Α
1798 379 1965 447 cium,
1996 388 2091 433 aut
2117 376 2290 448 Pugio
2324 391 2386 428 ex
2427 374 2536 430 his.
2571 390 2691 443 qua
2734 375 3023 444 reliquerat
3056 372 3353 436 Epictetus.

101 465 237 519 tius
276 464 405 519 illud
436 480 575 534 Opus
613 482 643 520 a
690 467 813 522 Nilo
856 469 1157 534 concisum,
1212 479 1266 524 et
1314 471 1692 541 interpolatum
1796 483 1850 527 et
1925 470 2188 538 ampliora
2270 483 2333 521 ea
2421 468 2589 520 fuisse
2663 466 3057 520 convincuntur
3126 474 3239 519 tum
3326 481 3359 520 ο

103 564 242 609 tam
290 570 559 623 accurate,
608 557 766 612 sicuti
804 562 1134 631 praescripsi,
1190 561 1312 618 Nilo
1346 564 1531 634 utique
1571 564 1696 635 jure
1796 561 1981 617 codice
2022 558 2411 630 suprascripto,
2445 568 2556 611 tum
2586 573 2616 612 e
2663 554 3080 612 Commentariis
3106 557 3355 622 Arriani,

108 648 519 704 vindicassent.
549 647 683 704 Nam
712 666 836 705 cum
866 651 1093 722 Epicteti
1115 656 1247 710 liber
1270 655 1429 712 fusus
1458 668 1623 722 esset,
1642 668 1698 713 et
1798 653 1852 708 et
1877 654 2045 723 liquet
2074 667 2139 705 ex
2177 650 2238 704 Α.
2270 647 2461 713 Gellio,
2505 656 2559 701 et
2590 644 2797 701 Joanne
2836 645 3047 701 Stobao
3071 663 3087 710 ;
3115 660 3212 701 nec
3258 662 3358 699 ex-

107 740 387 808 copiosus
454 741 802 812 uberiorque,
854 745 931 798 uti
963 756 1293 816 compertum
1330 750 1529 805 habent
1574 753 1697 822 qui-
1796 755 1904 800 stat
1953 745 2006 798 in
2037 742 2349 798 Enchiridio
2377 738 2784 795 celeberrimum
2808 736 3025 793 etfatum
3062 737 3213 803 illud,
3249 752 3359 806 quo

108 846 349 901 cunque
379 831 733 887 illustrissimi
791 834 1197 908 doctissimique
1252 839 1511 910 Stephani
1564 843 1699 898 Gra-

110 922 205 975 dii
243 922 483 977 codicem
514 933 792 977 exaratum
826 926 1058 992 calamo,
1086 938 1139 983 et
1167 932 1573 1001 perantiquum,
1603 950 1700 1003 op-

115 1015 281 1069 tima
333 1014 413 1085 (si
454 1015 577 1084 quis
626 1015 762 1070 alius
790 1019 906 1085 est)
958 1029 1117 1086 nota,
1166 1030 1220 1074 et
1270 1038 1462 1076 aurum
1513 1035 1700 1079 contra

116 1107 514 1162 astimandum
574 1108 976 1177 pervolverunt,
1034 1120 1090 1165 et
1146 1127 1270 1166 cum
1336 1115 1494 1170 editis
1550 1116 1704 1173 libris

116 1209 525 1266 compararunt
560 1214 574 1249 :
608 1200 759 1252 illum
828 1198 1055 1269 Epicteti
1103 1200 1521 1259 Commentariis
1589 1207 1704 1262 suis

122 1290 427 1344 illustravit
464 1290 627 1344 fetum
658 1290 922 1347 Arrianus
948 1292 1167 1346 Adriani
1219 1293 1444 1364 Augusti
1476 1297 1568 1367 qui
1592 1313 1706 1353 aevo

121 1380 335 1437 ﬂorens
363 1381 679 1450 παράπλους
706 1384 1054 1452 conscripsit,
1094 1395 1146 1440 et
1192 1385 1486 1442 Alexandri
1531 1388 1705 1460 Magni

126 1471 354 1539 Vitam;
410 1489 586 1544 neque
623 1489 753 1529 vero
799 1476 1097 1532 libellulum
1156 1477 1328 1543 illum,
1372 1481 1465 1549 qui
1505 1486 1705 1551 passim

125 1565 391 1618 manibus
441 1566 683 1619 omnium
732 1569 940 1632 teritur,
1000 1569 1155 1639 quasi
1186 1586 1327 1625 vera
1370 1570 1565 1628 Stoica
1592 1574 1709 1643 phi—

1798 846 1911 891 tota
1984 835 2104 906 ejus
2182 832 2523 905 philosophia
2604 830 2934 892 continetur,
2992 827 3184 898 ἀνέχου
3267 828 3361 881 καὶ

1800 928 2029 998 ἀπέχου.
2096 925 2297 981 Verum
2322 926 2586 979 hactenus
2607 921 2962 976 desideratur.
2994 918 3148 973 Nilus
3182 925 3360 971 autem

1802 1019 2123 1076 Ethnicismi
2178 1034 2361 1074 navos
2419 1027 2473 1073 et
2516 1014 2759 1070 maculas
2815 1012 3053 1073 sustulit,
3108 1011 3364 1080 pleraque

1802 1115 2121 1177 resecando,
2155 1121 2318 1183 atque
2371 1109 2651 1175 mutando,
2706 1108 2864 1177 plane
2915 1114 3108 1175 aptans
3137 1118 3366 1172 opuscu-

1803 1208 1913 1262 lum
1945 1206 2276 1270 Cliristiano,
2306 1204 2437 1274 quin
2485 1212 2538 1258 et
2578 1203 2849 1257 monacho
2901 1196 3364 1259 accommodavit;

1803 1312 1924 1367 quae
1955 1296 2157 1365 turpia,
2204 1309 2325 1364 qua
2348 1290 2748 1362 superstitiosa,
2782 1289 2866 1343 vel
2895 1286 3254 1343 idololatrian:
3278 1300 3368 1339 sa-

1805 1390 2025 1458 piebant
2065 1387 2278 1449 delevit,
2321 1386 2430 1439 imu
2486 1392 2540 1438 et
2582 1382 2821 1437 Socratis
2875 1394 3069 1434 nomen
3114 1377 3367 1439 sustulit;

1806 1478 2070 1547 Paulique
2116 1476 2402 1547 supposuit
2460 1474 2727 1545 Apostolt,
2760 1483 2922 1542 atque
2952 1471 3176 1525 omnino
3209 1484 3373 1524 suum

1806 1569 2004 1624 eﬂ‘ecit.
2056 1568 2241 1638 Itaque
2280 1568 2424 1621 sicut
2448 1565 2580 1620 illud
2610 1566 2749 1619 inter
2798 1562 3061 1632 opuscula
3085 1558 3189 1612 Nili
3214 1559 3372 1613 adin-

126 1652 403 1725 losophia
461 1672 662 1712 succus
722 1673 1033 1726 expressus,
1090 1668 1254 1728 utque
1304 1661 1576 1719 alchimici
1630 1666 1709 1718 lo-
1810 1676 2087 1723 veneram,
2126 1661 2207 1715 sic
2253 1659 2536 1728 dereliqui.
2566 1657 2942 1727 rationemque
2999 1652 3222 1706 reddam
3278 1665 3368 1701 co-

90 1766 93 1769 ·
128 1757 403 1815 quuutur,
454 1747 639 1813 Elixir,
690 1749 954 1819 cujusque
1003 1751 1353 1822 principium,
1399 1754 1507 1808 τῶν
1540 1755 1708 1809 ὄντων
1743 1729 1783 1782 Β
1812 1754 2019 1824 piosius
2060 1754 2114 1807 in
2154 1750 2631 1813 Adnotationibus,
2664 1748 2762 1807 ubi
2787 1746 2853 1800 de
2886 1751 3101 1799 amante
3129 1742 3375 1795 Platonis

130 1838 210 1891 τὰ
242 1838 340 1909 μέν
393 1839 539 1892 ἐστιν
575 1841 660 1909 ἐφ’
716 1843 878 1910 ἡμῖν,
927 1842 976 1896 id
1008 1842 1111 1897 'est
1145 1846 1502 1899 exsistentinm
1536 1864 1709 1902 rerum

130 1934 383 2002 qnazdam
410 1936 604 1987 suntin
641 1935 806 2003 nobis,
846 1936 1119 2006 Epictetus
1162 1937 1234 1991 ita
1269 1941 1567 2006 contexuit,
1626 1941 1712 1997 ille

135 2025 438 2095 (inquam)
470 2024 768 2093 Epictetus,
823 2029 919 2098 qui
983 2039 1135 2084 ortus
1164 2029 1432 2101 Hierapoli
1468 2031 1713 2103 Phrygia

134 2112 515 2183 Epaphrodito
535 2114 764 2172 Neronis
786 2116 1017 2189 Augusti
1049 2118 1270 2175 Liberto
1299 2122 1486 2176 serviit
1527 2121 1713 2178 Roma

132 2215 197 2259 et
226 2205 521 2262 Domitiani
550 2209 779 2279 Augusti
811 2211 1093 2266 dominatu
1134 2212 1395 2278 olfensus,
1433 2214 1517 2269 vel
1555 2216 1624 2269 ob
1652 2215 1710 2271 S.

136 2298 487 2365 Consultum,
506 2318 615 2371 quo
644 2303 786 2371 pulsi
819 2301 1039 2358 fuerunt
1065 2304 1119 2358 in
1139 2307 1364 2375 patriam
1384 2307 1710 2377 philosophi,

143 2389 204 2442 in
231 2406 349 2444 eam
385 2408 655 2455 reversus,
692 2395 742 2447 in
770 2393 1010 2464 Nicopoli
1039 2398 1237 2468 oppido
1264 2398 1411 2469 Epiri
1440 2400 1714 2457 Navaba-

137 2477 356 2545 bitavit,
389 2490 442 2535 et
471 2498 793 2551 permanens
834 2486 899 2539 ad
933 2484 1004 2541 M.
1032 2486 1289 2541 Antonini
1324 2497 1563 2559 tempora
1594 2506 1715 2559 per-

137 2574 321 2638 venit,
369 2583 425 2627 ut
466 2574 735 2631 aﬂirmant
784 2577 983 2632 Suidas
1034 2588 1089 2632 et
1138 2579 1376 2648 Angelus
1413 2580 1713 2635 Politianus

138 2663 202 2717 in
237 2666 461 2734 epistola
494 2668 709 2735 pralixa
739 2684 803 2721 ex
846 2666 908 2721 A.
941 2668 1111 2723 Gellio
1157 2681 1211 2724 et
1248 2670 1388 2725 aliis.
1442 2670 1717 2739 Epaphro-

139 2755 294 2810 ditus
332 2764 511 2810 autem
542 2755 774 2813 Neronis
803 2758 1077 2821 Libertus,
1113 2770 1167 2813 et
1199 2776 1229 2814 a
1260 2761 1499 2825 Libellis,
1528 2772 1579 2815 et
1610 2762 1716 2815 τῶν

144 2846 645 2916 σωματοφυλάκων,
667 2848 716 2902 id
742 2859 823 2904 est
850 2852 1094 2919 corporis
1124 2852 1461 2917 custodibus,
1494 2854 1586 2921 qui
1617 2852 1720 2907 Ne-

106 2972 107 2975 η
142 2952 337 2990 roncm
376 2937 427 2991 in
461 2939 847 2995 consciscenda
879 2942 981 2996 sibi
1010 2950 1183 2996 morte
1211 2941 1436 3011 adjuvit,
1470 2958 1499 2996 e
1526 2944 1719 2997 Sueto-

1826 1847 2104 1901 veritatem
2136 1843 2437 1899 Theosebio
2501 1839 2844 1911 philosopho,
2884 1838 2976 1907 qui
3053 1828 3375 1889 Antonini:-

1811 1955 1895 1995 na
1922 1937 2317 1993 lucubrationis
2345 1936 2412 1989 de
2443 1950 2502 1989 se
2527 1934 2672 2003 ipso,
2709 1946 2803 1987 seu
2830 1930 2894 1984 de
2927 1928 3049 1983 Vita
3076 1943 3172 1983 sua
3204 1926 3373 1987 inter-

1813 2031 2044 2101 polator,
2081 2029 2193 2083 sive
2236 2034 2521 2094 excerptor
2550 2024 2762 2079 videtur
2791 2024 2844 2076 in
2892 2018 3229 2090 Ἐγχειριδίῳ
3254 2017 3375 2069 δευο

1810 2123 1952 2193 τὲρῳ
1994 2120 2340 2192 Ἐπικτήτου,
2369 2118 2513 2189 quod
2536 2115 2861 2184 conscripsit
2893 2113 3060 2167 multa
3098 2127 3128 2164 e
3174 2108 3375 2164 scholis

1812 2213 2039 2283 Epicteti
2094 2211 2359 2275 delibans,
2389 2226 2484 2265 seu
2528 2225 2561 2264 e
2616 2207 2842 2270 scholio,
2900 2219 3077 2274 agam.
3137 2202 3380 2256 Theose-

1812 2306 1960 2361 bium
2006 2306 2075 2359 ab
2115 2304 2339 2375 Apamia
2380 2303 2597 2358 civitate
2620 2300 2761 2355 Asia
2792 2297 3114 2353 translatum
3146 2293 3212 2348 ad
3271 2291 3381 2345 Eu-

1812 2395 2167 2465 doxiopolim,
2219 2410 2341 2465 qua
2363 2394 2567 2448 dudum
2618 2389 2923 2445 Salembria
2964 2394 3210 2449 vocatur,
3263 2398 3377 2436 me-

1816 2496 1993 2541 morat
2022 2486 2292 2549 Auxilius,
2336 2486 2428 2539 lib.
2458 2500 2470 2539 ι
2505 2483 2580 2537 De
2604 2479 3025 2537 ordinationibus
3052 2494 3083 2529 a
3122 2473 3379 2529 Formosa

1814 2594 1951 2648 papa
1991 2578 2169 2647 factis,
2208 2593 2258 2633 c.
2305 2593 2340 2631 ιι
2370 2595 2385 2641 ;
2416 2584 2471 2631 et
2497 2576 2592 2630 lib.
2625 2591 2686 2639 ιι,
2724 2588 2775 2627 c.
2799 2572 2890 2637 29.,
2936 2572 3295 2641 episcopum;
3328 2574 3381 2620 et

1818 2670 2215 2740 Eudoxiapolis
2235 2668 2650 2738 nuncupabatur
2679 2665 2975 2737 Selymbria
2994 2664 3186 2718 civitas
3214 2659 3384 2714 Thra-

1818 2764 1914 2817 cia
1960 2762 2272 2832 provincia,
2329 2770 2436 2815 act.
2484 2760 2769 2815 iConcilii
2815 2757 3215 2813 Chalcedonen.
3259 2770 3380 2823 pag.

1818 2854 1945 2909 401.
1976 2852 2222 2907 Concilio
2256 2850 2862 2919 Constantinopolitano
2898 2847 3000 2903 sub
3036 2845 3269 2899 Damaso
3292 2859 3385 2912 pa-

1820 2963 1887 3017 pa
1918 2961 2062 3000 anno
2091 2944 2152 2999 C.
2194 2942 2258 2997 N.
2283 2943 2405 3007 581,
2435 2940 2758 3010 subscripsit
2821 2941 2961 2993 inter
3020 2938 3154 2991 alios
3205 2934 3382 2988 Theo-

143 3029 245 3081 niu
306 3029 358 3082 in
413 3028 645 3092 Nerone.
697 3046 761 3087 ac
785 3030 1111 3097 Domitiano,
1160 3041 1214 3087 et
1246 3032 1454 3099 Tacito,
1500 3033 1592 3087 lib.
1627 3050 1715 3094 xv,

1824 3040 2006 3096 sebius
2038 3037 2324 3106 episcopus
2353 3033 2788 3087 Philomeliensis
2816 3029 3107 3101 provincia
3172 3025 3384 3082 Pisidiae

143 3119 345 3173 Annal.
360 3119 753 3175 condemnatus
768 3121 867 3175 fuit
882 3123 1000 3176 ideo
1019 3137 1048 3175 a
1065 3120 1536 3177 Domitiano.Sunt
1555 3122 1716 3193 607

144 3210 219 3263 de
250 3213 353 3263 isto
386 3211 615 3281 aliisque
672 3212 1085 3282 cognominibus
1120 3212 1499 3283 Epaphroditis
1550 3214 1720 3283 pluri-

149 3319 259 3357 ma
290 3302 667 3373 inscriptiones
696 3303 836 3374 apud
864 3304 1178 3361 Gruterum.
1224 3305 1457 3361 Sanctus
1523 3305 1724 3361 Paulus

149 3395 211 3449 in
246 3396 397 3463 epist.
434 3397 498 3449 ad
523 3395 914 3467 Philippenses,
940 3412 989 3451 c.
1021 3412 1081 3460 ιι,
1116 3412 1167 3450 v.
1202 3397 1292 3462 25,
1313 3397 1556 3452 meminit
1584 3396 1725 3466 Epa-

149 3487 672 3555 phroditifratris,et
699 3489 1087 3557 cooperatoris,
1117 3497 1170 3543 et
1195 3490 1581 3543 commilitonis
1612 3489 1722 3552 sui,

153 3578 401 3645 ipsorum
441 3588 621 3632 autem
661 3578 913 3648 apostoli,
939 3579 991 3633 id
1043 3589 1143 3642 est,
1178 3588 1237 3634 ut
1296 3581 1550 3645 arbitror,
1608 3581 1726 3649 epi-

153 3672 331 3739 scopi,
351 3687 507 3741 quem
537 3672 902 3727 necessarium
921 3671 1251 3727 existimavit
1282 3673 1494 3727 mittere
1521 3673 1587 3726 ad
1610 3688 1730 3727 eos-

157 3761 312 3824 dem,
345 3770 398 3814 et
426 3775 617 3815 rursus
656 3776 704 3815 c.
742 3776 814 3824 IV,
851 3776 904 3814 v.
947 3758 1037 3827 22,
1123 3760 1398 3831 accepisse
1423 3777 1481 3816 se
1531 3761 1728 3817 fatetur

156 3854 231 3908 ab
270 3854 404 3923 ipso,
437 3870 555 3925 qua
592 3855 663 3908 illi
697 3855 999 3919 miserant;
1035 3859 1089 3908 et
1115 3853 1318 3908 salutat
1366 3868 1464 3908 eos
1510 3854 1729 3907 nomine

160 3944 401 3997 maxime
431 3944 670 4008 illorum,
708 3944 801 4013 qui
825 3945 890 3998 de
946 3942 1177 3998 Casaris
1206 3941 1375 3997 domo
1401 3953 1551 4005 sunt,
1593 3959 1727 3997 sau-

161 4046 412 4102 ctorum;
443 4036 581 4090 hanc
604 4037 669 4089 ad
702 4035 1071 4107 Philippenses
1125 4038 1414 4105 Epistulam
1471 4038 1729 4106 scriptam

162 4132 338 4185 fuisse
357 4131 539 4183 Roma
558 4146 652 4199 per
678 4130 1125 4199 Epaphroditum,
1150 4130 1524 4185 Theodoretus
1544 4140 1731 4185 auctor

161 4229 273 4276 est.
300 4221 606 4275 Cardinalis
635 4220 899 4275 Baronius
923 4220 975 4273 in
1010 4218 1160 4275 Notis
1188 4220 1253 4273 ad
1279 4219 1550 4291 Martyrol.
1573 4218 1730 4273 Rom.

161 4315 257 4368 die
288 4314 355 4366 2‘2
382 4306 578 4376 Martii,
606 4313 1032 4382 Epaphroditum
1061 4302 1377 4381 episcopum
1417 4311 1726 4365 Terracina

1824 3144 1916 3198 per
1948 3100 2174 3181 Bassum
2199 3100 2573 3194 presbyterum
2604 3120 2803 3192 Lycia,
2822 3100 2894 3190 7p.
2916 3117 3041 3183 9.40,
3078 3132 3230 3170 num.
3287 3114 3389 3167 119
3476 3100 3479 3109 ’

1824 3225 1876 3278 in
1931 3221 2079 3275 calce
2117 3217 2437 3273 Crabbian’a
2473 3213 2781 3279 Editionis;
2833 3228 2901 3266 an
2946 3210 3034 3264 hic
3094 3207 3389 3262 translatus

1822 3312 1949 3367 inde
1982 3310 2053 3364 sit
2084 3306 2510 3375 Eudoxiapolim
2532 3304 2699 3375 608
2728 3317 2835 3357 non
2872 3301 3107 3373 arbitror
3138 3299 3391 3367 indagan-

1824 3403 1990 3466 dum;
2018 3414 2139 3453 nam
2174 3398 2374 3452 diserte
2397 3394 2693 3449 translatus
2724 3392 3031 3461 ahApamia
3048 3388 3390 3450 enuntiatur,

1825 3511 1925 3550 nec
1955 3510 2025 3548 an
2055 3494 2123 3548 sit
2168 3487 2520 3544 Antoniniani
2552 3484 2798 3555 opusculi
2827 3492 3031 3546 sector,
3058 3480 3202 3550 quod
3236 3479 3389 3549 prin-

1826 3586 2000 3655 cipem
2038 3582 2212 3643 decet,
2248 3594 2356 3634 non
2407 3578 2589 3631 minus
2651 3590 2812 3645 quam
2872 3572 3097 3643 Epicteti
3148 3569 3391 3623 Manuale

1814 3678 2021 3733 civem.
2052 3674 2205 3728 Nilus
2232 3672 2401 3727 abbas
2427 3669 2617 3726 scribit
2637 3666 2963 3733 Theosebio,
2993 3663 3155 3732 epist.
3177 3662 3265 3723 15,
3297 3660 3392 3713 lib.

1828 3784 1865 3822 ιι
1900 3767 1972 3821 De
2010 3764 2213 3820 duabus
2246 3763 2397 3817 olivis
2432 3762 2607 3814 aureis
2647 3758 2787 3828 apud
2854 3754 3174 3809 Zachariam
3201 3769 3246 3805 ε.
3317 3766 3391 3811 tv,

1827 3874 1966 3929 quas
2014 3856 2248 3926 explicat
2278 3852 2621 3909 Christianos
2653 3866 2719 3904 ex
2754 3846 2994 3902 llebrais
3043 3853 3096 3898 et
3121 3842 3391 3914 gentibus.

1827 3949 2156 4005 Jamdudum
2181 3946 2432 4016 equidem
2472 3946 2688 3998 animus
2728 3948 2814 3996 est
2844 3952 2994 3992 meas
3034 3951 3100 3990 eo
3134 3935 3201 3988 de
3255 3949 3388 3999 opu-

1830 4043 1983 4099 sculo
2012 4051 2168 4095 notas
2206 4039 2457 4107 evulgare
2481 4054 2495 4092 :
2526 4034 2720 4089 Suidas
2742 4030 2986 4086 meminit
3011 4028 3154 4081 illius
3184 4027 3243 4079 in
3263 4025 3396 4077 Επί·

1830 4152 2047 4207 κτητος,
2079 4145 2131 4189 et
2168 4131 2401 4186 Mericus
2428 4128 2787 4184 Casaubonus
2805 4130 2992 4178 narrat
3042 4121 3096 4174 in
3131 4119 3274 4173 notis
3328 4118 3395 4171 ad

1832 4226 2095 4283 Antonini
2118 4224 2308 4279 libros.

1906 4316 2125 4387 Subjeci
2178 4313 2556 4369 Narrationem
2602 4308 2853 4363 monachi
2885 4304 3121 4367 Pachon,
3153 4316 3273 4371 quae
3293 4297 3397 4353 La-

160 4414 384 4469 censet;
420 4415 474 4458 at
502 4404 694 4459 Petrus
724 4404 789 4459 de
813 4401 1093 4457 Natalihus
1123 4403 1219 4457 lib.
1248 4419 1319 4468 vr,
1354 4419 1403 4456 c.
1440 4403 1561 4463 100,
1621 4403 1731 4457 lla-
1766 4399 1811 4455 ι)
1839 4411 1952 4465 Line
1978 4409 2195 4479 quidem
2226 4421 2385 4477 versa
2415 4404 2518 4459 fuit
2546 4419 2577 4457 a
2606 4400 2874 4457 Gentiano
2899 4394 3134 4451 Herveto
3165 4408 3196 4445 e
3215 4391 3401 4445 Graec

162 4498 322 4563 dria,
347 4497 461 4553 sive
487 4495 772 4551 Andriaca
812 4496 1066 4550 Ecclesia
1106 4494 1417 4563 praefectum
1488 4502 1736 4548 autumat

163 4602 199 4642 e
261 4585 531 4640 Dorotheo
559 4584 751 4639 abbate
786 4583 839 4637 in
870 4583 1091 4654 synopsi
1129 4582 1196 4636 de
1235 4580 1303 4634 72
1330 4580 1610 4651 discipulis
1636 4580 1738 4633 Do-

164 4677 326 4733 mini.
360 4676 439 4731 Ad
468 4691 591 4730 eum
625 4691 729 4729 non
777 4676 1050 4744 pertinere
1071 4673 1391 4728 crediderim
1428 4674 1736 4744 inscriptio-

167 4784 319 4833 nem,
347 4784 439 4824 seu
464 4768 822 4839 epitaphium,
852 4766 997 4835 quod
1040 4765 1097 4818 iu
1130 4781 1254 4820 arca
1309 4782 1618 4821 marmorea
1654 4783 1739 4822 se-

164 4862 395 4933 ['chrali
427 4861 658 4916 incisum
691 4860 816 4930 legi,
847 4860 907 4913 Θ.
935 4861 1005 4912 Κ.
1027 4859 1331 4911 ΑΥΡΗΛΙΩ
1366 4857 1741 4929 Ἐπαφροδίτῳ

169 4954 399 5025 Συμϐίῳ
425 4951 725 5012 ΑΝἹΒΝΙΑ
753 4951 985 5024 Βαλέρια
1005 4952 1190 5022 ἔθηκε.
1224 4949 1354 5003 Erat
1382 4951 1515 5004 illud
1568 4952 1621 5004 in
1653 4966 1742 5004 ar-

168 5047 544 5117 chiepiscopio
574 5045 944 5116 Lugdunensi,
978 5056 1031 5100 et
1062 5044 1451 5114 inspiciebatur
1474 5043 1743 5112 insculpta

168 5144 341 5197 Ceres
365 5142 420 5193 in
458 5153 643 5204 curru,
684 5152 848 5207 quem
904 5137 1191 5191 trahebant
1243 5150 1469 5206 angues,
1525 5136 1744 5206 perqui-

171 5249 307 5291 rens
334 5234 497 5288 tiliam
518 5232 899 5301 Proserpinam
929 5245 959 5284 a
987 5228 1218 5285 Plutone
1264 5235 1498 5297 raptam.
1558 5227 1663 5283 Sed
1703 5230 1745 5283 'e

175 5326 376 5383 semita
423 5326 475 5379 in
507 5325 672 5379 viam.
709 5321 994 5377 Contraxit
1049 5320 1277 5392 Epicteti
1341 5334 1481 5389 opus
1532 5328 1745 5373 vastum

1837 4514 2111 4566 sermone,
2146 4498 2493 4565 referturque
2524 4496 2579 4548 in
2631 4508 2679 4548 c.
2715 4492 2784 4546 29
2834 4486 3090 4541 Historia:
3127 4481 3401 4535 Lausiacw

1834 4591 2063 4646 Palladii
2113 4606 2141 4644 a
2176 4588 2242 4644 Β.
2268 4588 2328 4641 Ρ.
2378 4584 2701 4657 Rosweydo,
2756 4582 2850 4637 lib.
2909 4593 3000 4633 vm
3050 4574 3125 4628 De
3161 4572 3261 4627 Vit.
3292 4572 3401 4625 Ραρ

1840 4699 2001 4751 trum,
2036 4684 2129 4756 qui
2156 4682 2388 4753 Evagrio
2417 4682 2589 4750 ipsam
2615 4677 2824 4741 tribuit,
2859 4672 3013 4740 cuius
3040 4685 3092 4728 et
3124 4672 3255 4726 alias
3282 4674 3399 4717 ten-

1839 4779 2076 4832 tationes
2104 4773 2266 4829 refert
2308 4789 2339 4826 e
2376 4788 2425 4826 c.
2449 4770 2518 4825 86
2568 4766 2817 4830 Palladii,
2858 4775 2912 4820 et
2944 4766 2997 4819 in
3028 4762 3194 4827 notis,
3252 4772 3402 4811 num.

1842 4869 1909 4921 70
1936 4878 1990 4923 et
2020 4867 2144 4929 15⁸5,
2169 4864 2261 4919 sed
2279 4872 2333 4917 et
2374 4863 2557 4917 Graec
2584 4860 2782 4915 ibidem
2815 4858 3033 4928 legitur,
3098 4870 3149 4909 c.
3210 4852 3404 4917 nempe

1842 4958 1910 5014 86
1967 4956 2265 5012 Lausiaca.
2297 4952 2557 5019 Quamvis
2612 4950 2842 5004 luxuria
2878 4946 3083 5003 crimen
3106 4943 3243 4998 adeo
3269 4954 3404 4994 con-

1842 5058 2085 5105 temnere
2118 5044 2364 5099 videatur
2398 5042 2704 5095 damonum
2736 5038 2989 5108 princeps
3034 5032 3270 5093 Lucifer,
3300 5030 3405 5111 sic-

1846 5151 1908 5197 ut
1931 5141 1980 5195 ei
2009 5139 2175 5209 aliqui
2214 5137 2306 5191 alii
2360 5133 2586 5199 diaboli,
2645 5132 2775 5203 quia
2832 5142 3104 5184 memores
3171 5122 3407 5190 antiqua

1846 5247 1958 5289 sua
1988 5226 2285 5285 nobilitatis
2312 5225 2442 5280 illud
2471 5222 2851 5292 dedignantur,
2882 5220 2994 5273 imo
3045 5230 3145 5271 nec
3202 5213 3406 5267 damo-

1848 5335 1979 5377 num
2028 5318 2285 5389 princeps
2317 5315 2574 5385 dignatus
2601 5311 2673 5367 sit
2701 5310 2770 5365 de
2796 5309 2890 5363 illo
2916 5305 3193 5362 Christum
3224 5297 3408 5353 Domi-

181 5418 499 5489 Simplicius
526 5415 884 5488 philosophus
910 5391 1575 5476 hostisChristianorum,
1606 5410 1750 5466 sicut
1850 5426 1978 5467 num
2005 5415 2215 5464 tentare
2242 5406 2299 5461 in
2342 5404 2581 5465 deserto,
2614 5397 3078 5485 quemadmodum
3111 5409 3178 5447 ex
3232 5391 3404 5489 magi.

184 5478 396 5568 amicus
428 5478 917 5579 olim,multiplicis
979 5506 1066 5563 vir
1123 5504 1370 5561 lectionis
1419 5501 1751 5573 Theophilus
1776 5534 1827 5573 ι
1849 5503 1978 5559 stris
2011 5498 2199 5555 retulit
2235 5506 2460 5552 sanctus
2492 5494 2737 5549 Thomas
2787 5478 3409 5579 Aquinas,'_Theologia

182 5604 517 5676 Raynaudus
547 5570 602 5658 in
636 5602 732 5657 lib.
758 5570 838 5656 be
878 5600 1013 5655 bona
1038 5597 1286 5670 regimine
1308 5570 1667 5658 adnotat,—ita
1692 5605 1751 5649 ut
1808 5570 1817 5573 ’
1851 5584 2682 5676 scholasticapraestantissimus
2708 5579 3061 5676 architectus,
3082 5574 3177 5631 lib.
3196 5588 3251 5676 γ,
3270 5570 3405 5676 ⁸21

187 5694 546 5754 Enchiridiou
573 5694 752 5753 solum
791 5702 940 5752 esset
981 5692 1050 5750 ad
1092 5706 1338 5759 manum,
1406 5702 1504 5747 seu
1558 5686 1752 5758 Pycta—

1858 5684 1930 5739 De
1956 5682 2254 5740 eruditione
2275 5675 2613 5750 principumf;
2642 5669 2846 5754 conscii
2875 5677 3057 5726 tamen
3086 5661 3413 5739 perduellio-
