3838 6056
506 270 641 336 1335

1408 286 1556 347 JOS.
1598 287 1860 347 MARIIE
1895 288 2249 351 SUARESII
2289 292 2780 354 DISSERTATIO

3599 286 3724 352 1336

498 387 586 444 nis
640 389 822 444 caeteri
869 391 1090 463 maligni
1142 395 1369 463 spiritus
1425 396 1576 466 ipsos
1622 400 1939 465 monachos,
2007 411 2059 454 et
2088 408 2133 462 Α
2165 404 2304 458 tibus
2338 406 2590 468 adnotat;
2617 415 2672 459 et
2706 408 2771 459 ad
2806 421 2998 460 manus
3040 403 3471 474 impositionem,
3516 413 3724 469 aposto-

496 487 876 553 anachoretas,
910 487 1020 542 imo
1046 505 1404 562 quoscunque
1458 494 1544 563 pie
1567 495 1779 551 vivendi
1840 500 2055 553 modum

494 588 781 643 capessere
831 588 1050 644 norunt,
1087 597 1194 635 non
1220 584 1323 637 alia
1358 584 1529 653 magis
1578 585 1852 651 illecebra,
1896 605 2055 658 quam

495 661 863 732 impudicitiae.
904 682 1003 721 seu
1039 668 1415 727 fornicationis
1441 674 1708 744 decipere,
1764 688 1928 747 atque
1990 679 2058 733 ab

493 752 743 808 instituto
775 765 1015 812 avertere
1045 770 1333 821 conantur,
1366 764 1731 820 meretricium
1780 767 1887 820 illis
1947 768 2060 822 bel-

492 841 605 895 lum
638 841 987 909 intentantes,
1013 862 1113 903 nec
1144 864 1239 903 eos
1272 851 1639 919 solummodo,
1667 856 1760 926 qui
1783 858 1958 912 artatis
2003 860 2057 913 in

492 934 626 988 flore
674 938 921 1007 corporis
966 939 1147 1009 vigent
1176 943 1392 1008 robore,
1427 961 1614 1000 verum
1642 957 1697 1001 et
1741 950 1893 1003 senio
1924 966 2058 1004 con-

493 1026 664 1081 fectos
699 1029 989 1086 identidem
1020 1034 1428 1105 aggrediuntur.
1465 1036 1661 1093 Narrat
1700 1050 1921 1094 sanctus
1944 1041 2056 1095 Att-

492 1120 742 1186 gustinus
764 1123 831 1178 de
859 1125 1080 1180 homine
1108 1137 1301 1197 agente
1334 1130 1604 1199 octoginta
1626 1140 1858 1199 quatuor
1884 1148 2056 1187 annos

490 1210 585 1279 qni
623 1212 873 1282 religiose
897 1230 1020 1270 cum
1063 1219 1293 1289 conjuge
1342 1221 1596 1289 religiosa
1630 1222 1839 1276 vixerat
1882 1238 2057 1279 annos

488 1302 579 1366 24,
614 1318 736 1357 eum
762 1306 960 1360 emisse
995 1309 1062 1364 ad
1105 1310 1382 1366 libidinem
1417 1313 1517 1367 sibi
1594 1313 1907 1383 lyristriam,
1957 1314 2052 1367 lib.

496 1410 557 1449 ιιι
603 1396 865 1451 Adversus
896 1398 1196 1467 lulianum,
1243 1421 1297 1456 n.
1322 1405 1446 1459 561.
1475 1404 1621 1459 Adeo
1642 1406 1787 1458 nulla
1819 1416 1901 1460 est
1923 1414 2056 1460 tetas

490 1487 750 1545 immunis
794 1491 860 1545 ab
885 1492 1094 1548 infestis
1121 1494 1427 1549 daemonum
1456 1496 1600 1550 circa
1634 1496 1902 1549 luxuriam
1968 1498 2051 1550 in-

489 1581 664 1645 sidiis,
705 1598 843 1652 quas
876 1585 949 1638 illi
983 1594 1133 1641 tanto
1164 1596 1392 1641 struunt
1421 1587 1700 1643 molimine
1729 1589 1863 1643 viris
1897 1589 2054 1645 undi-

486 1688 592 1741 que
614 1677 884 1745 przecipue
910 1677 1195 1747 religiosis.
1230 1680 1305 1733 De
1329 1680 1511 1734 divina
1542 1678 1903 1746 Providentia,
1935 1695 2054 1750 quae

488 1765 681 1819 cedere
707 1766 920 1821 videtur
954 1769 1007 1822 in
1037 1769 1180 1824 lucta
1214 1781 1401 1825 contra
1466 1770 1753 1833 Venerem.
1809 1782 1863 1827 et
1922 1790 2047 1842 per-

487 1856 653 1909 mittit
685 1857 959 1912 hominem
986 1860 1325 1929 spiritualem
1348 1878 1411 1917 ea
1455 1863 1669 1929 ftedari,
1703 1873 1763 1918 ut
1792 1874 2051 1934 agnoscat

486 1941 743 1998 vilitatem
788 1961 939 1999 suam
965 1987 980 2011 ,
1038 1947 1346 2007 Diadochus
1375 1954 1665 2023 episcopus
1694 1952 1949 2009 Pliotices
1991 1956 2046 2010 in

487 2030 649 2097 Epiro
680 2042 859 2091 vetere
912 2036 1110 2106 Illyrici
1143 2054 1262 2110 cap.
1292 2040 1361 2095 99
1390 2020 1716 2097 sermonum
1755 2044 1932 2101 fusius
1951 2062 2048 2099 ex-

484 2138 711 2191 ponens.
753 2125 1122 2192 Quamobrem
1148 2140 1203 2185 et
1249 2136 1406 2186 istam
1437 2135 1805 2191 narrationem
1853 2152 2045 2191 mona-

481 2214 568 2267 chi
600 2213 817 2270 Pacbon
848 2217 1029 2273 denuo
1064 2220 1304 2277 inserere
1353 2239 1461 2277 non
1515 2225 1781 2289 dubitavi,
1843 2242 1875 2281 e
1939 2243 2046 2298 qua

483 2306 641 2372 plane
659 2308 826 2377 liquet
846 2310 999 2381 alapa
1015 2311 1187 2383 fugari
1206 2315 1530 2381 daemonem,
1549 2326 1607 2371 ut
1622 2319 1763 2388 apud
1793 2330 2043 2375 sanctum

480 2395 795 2465 Gregorium
833 2399 1085 2472 Magnum
1115 2404 1169 2458 in
1199 2404 1407 2475 Dialog.
1450 2407 1486 2462 l.
1524 2424 1582 2471 ιι,
1615 2423 1664 2462 c.
1687 2408 1776 2473 50,
1817 2412 2047 2487 traditur

477 2488 543 2541 de
571 2498 761 2545 sancto
795 2492 1119 2561 Benedicto;
1157 2507 1212 2553 et
1262 2498 1406 2563 inde,
1470 2496 1595 2553 cu‘m
1644 2514 2044 2558 sacramentum

478 2580 908 2639 confirmationis
936 2586 1374 2654 administratur,
1402 2591 1544 2645 solet
1589 2593 1884 2662 episcopus
1926 2595 2045 2648 ala-

479 2686 601 2739 pam
633 2673 933 2743 obsignatis
962 2676 1223 2747 inﬂigere.
1243 2680 1400 2749 quasi
1425 2680 1728 2736 daemonem
1757 2685 2045 2738 infirmita-

480 2763 549 2817 tis
606 2764 660 2817 in
709 2767 815 2821 fide
847 2777 1009 2837 atque
1060 2771 1528 2840 pusillanimitatis
1584 2775 1887 2845 expellens.
1940 2774 2046 2829 Ca-

478 2856 821 2928 vendumque
874 2874 1090 2931 semper
1133 2873 1218 2918 est
1275 2880 1303 2917 a
1334 2867 1627 2921 tentatione
1698 2867 2046 2937 impudicitiae

477 2958 958 3020 quantumcunque
977 2952 1165 3007 affecta
1198 2954 1373 3011 simus
1401 2966 1577 3021 actate,
1607 2959 1903 3029 tardusque
1925 2975 2047 3016 san-

476 3037 599 3108 guis
639 3038 911 3104 hebescat,
946 3050 1000 3095 et
1026 3040 1257 3112 frigeant
1284 3044 1426 3099 vires
1484 3044 1644 3099 effeto
1707 3047 1760 3100 in
1793 3061 2038 3116 corpore.

480 3126 711 3184 Ursinus
738 3131 1022 3203 presbyter
1070 3134 1124 3187 in
1178 3135 1417 3189 Ecclesia
1478 3135 1688 3190 Nursia:
1740 3137 2043 3203 ordinatus,

475 3235 601 3273 cum
635 3220 847 3291 longam
875 3224 996 3279 vita:
1019 3225 1297 3295 implesset
1323 3235 1559 3291 aetatem,
1594 3228 1820 3299 jamque
1879 3232 2046 3285 mori-

476 3308 692 3365 bundus
714 3311 939 3380 jaceret.
977 3316 1181 3386 conjux
1223 3317 1341 3387 ejus
1375 3317 1719 3387 Presbytera,
1762 3336 1928 3389 quam
1989 3331 2048 3377 ut

475 3412 718 3456 somrem
744 3404 1002 3476 diligebat
1034 3408 1225 3476 procul
1280 3424 1311 3461 a
1342 3423 1401 3463 se
1459 3420 1747 3473 remotam,
1819 3427 2047 3481 quaeque

474 3510 751 3564 nunquam
816 3498 881 3552 ad
941 3514 1067 3553 eum
1132 3508 1438 3554 accesserat
1483 3500 1649 3572 609
1702 3503 1916 3568 exinde,
1951 3520 2045 3558 ve-

476 3583 576 3645 nit,
671 3595 725 3639 et
846 3589 1115 3643 resolutos
1198 3598 1351 3644 artus
1448 3592 1736 3660 aspiciens,
1818 3594 2046 3662 ipsoque

474 3675 835 3743 conclamato,
881 3679 1134 3748 apposuit
1188 3695 1376 3733 aurem
1420 3682 1487 3735 ad
1537 3684 2045 3753 nares,exploratu-

476 3783 534 3821 ra
553 3767 712 3822 vitale
729 3770 999 3837 spiramen
1019 3786 1085 3824 an
1100 3770 1517 3838 adhucinesset;
1543 3781 1654 3827 tum
1681 3774 1768 3829 ille
1788 3775 2044 3843 colligens

474 3873 685 3922 vocem,
716 3859 1120 3931 fugientemque
1138 3863 1297 3916 veluti
1319 3878 1579 3920 revocans
1605 3865 1840 3919 animam
1864 3868 2045 3921 excla-

474 3949 643 4004 mavit
676 3970 690 4005 :
717 3950 929 4007 Recede
954 3969 985 4005 a
1020 3968 1125 4017 me,
1157 3954 1372 4021 mulier,
1407 3957 1707 4011 etiamnum
1739 3959 1874 4013 vivit
1903 3959 2040 4030 igni-

473 4041 651 4096 culus.
713 4040 899 4097 Refert
964 4042 1079 4097 baec
1115 4044 1345 4113 ipsemet
1382 4058 1605 4102 sanctus
1649 4048 1813 4118 Greg.
1854 4050 1949 4105 lib.
1988 4066 2041 4104 tv

476 4130 827 4202 Dialogorum
858 4148 978 4203 cap.
1016 4134 1325 4191 undecimo.
1372 4137 1715 4209 Agnoscebat
1765 4143 2039 4211 capularis

473 4238 637 4281 senex
687 4226 884 4280 veteris
930 4225 1162 4281 flannua:
1210 4228 1430 4297 vestigia
1492 4230 1546 4283 in
1598 4232 1946 4286 semimortua
1989 4242 2041 4285 et

472 4314 720 4373 funerata
766 4332 951 4373 carne.
992 4316 1241 4388 Episcopi
1282 4328 1458 4373 autem
1506 4322 1797 4391 colaphum
1842 4324 2040 4392 impin-

2082 1738 2127 1795 Β

2159 497 2336 551 lorum
2363 514 2513 553 more
2554 500 2938 563 revocandam,
2977 499 3117 553 sicut
3156 497 3208 550 in
3257 495 3416 549 novis
3448 494 3722 556 militibus,

2159 587 2444 644 Duraudus
2492 590 2603 645 fieri
2643 590 2865 645 solitum
2908 598 2969 645 ut
3005 586 3381 660 percutiantur
3422 583 3635 653 prodit,
3680 594 3726 636 et

2159 677 2211 730 in
2253 679 2423 733 servis
2459 680 2551 748 qui
2588 680 3064 734 manumittuntur.
3106 680 3239 732 Hinc
3272 675 3543 745 :pulsata
3570 674 3725 741 fronte

2158 769 2369 823 recedit.
2420 769 2525 824 Et:
2570 769 2636 823 In
2681 773 2843 826 civem
2887 773 3104 825 rubuere
3144 786 3307 839 gente.
3362 768 3523 823 canit
3580 766 3726 821 Clau-

2156 859 2352 914 dianus
2383 860 2455 914 De
2488 862 2773 917 consulatu
2811 874 3003 932 quarto
3026 862 3247 916 Honorii
3272 879 3286 927 ;
3311 876 3443 914 nam
3468 859 3721 913 videbano

2156 959 2247 1004 tur
2285 953 2519 1016 asserti,
2581 953 2671 1023 qui
2733 956 3227 1017 confirmabantur,
3281 954 3336 1006 in
3399 952 3721 1005 libertatem.

2157 1040 2472 1098 Vicecomes
2492 1043 2687 1098 ibidem
2704 1046 2885 1100 laudat
2904 1056 3147 1099 sanctum
3167 1044 3429 1098 Basilium
3450 1041 3721 1095 Exhortat.

2155 1134 2224 1185 ad
2244 1133 2500 1201 Baptism.
2520 1155 2539 1186 ι
2559 1136 2689 1205 quin
2709 1138 2918 1207 alapam
2947 1152 3162 1206 quoque
3185 1137 3405 1207 plagam
3432 1143 3723 1188 extremam

2158 1239 2440 1279 servorum
2464 1241 2562 1294 pro
2580 1227 2899 1282 liberatione
2919 1229 3100 1283 omnis
3122 1228 3173 1280 in
3195 1226 3448 1280 futurum
3476 1224 3721 1289 infamia,

2155 1330 2217 1371 ac
2249 1316 2431 1385 probri
2454 1317 2685 1373 libenter
2707 1319 2983 1373 sustines?
3015 1339 3034 1371 ι
3075 1328 3221 1372 certe
3246 1317 3520 1372 Christus
3557 1314 3723 1368 Domi-

2155 1422 2258 1461 nus
2291 1407 2463 1477 alapis
2484 1424 2656 1464 caasns
2688 1408 2790 1462 fuit
2824 1426 2839 1476 ;
2869 1418 2923 1464 et
2957 1418 3176 1464 sanctus
3203 1407 3414 1461 Paulus
3471 1406 3664 1459 scribit
3687 1403 3722 1456 Il

2155 1495 2278 1552 Cor.
2314 1512 2345 1551 c
2384 1514 2443 1561 ιι,
2484 1515 2537 1552 v.
2565 1498 2634 1551 20
2667 1517 2680 1553 :
2714 1498 3014 1562 Sustinetis,
3061 1501 3107 1553 si
3138 1505 3253 1567 quis
3288 1501 3343 1552 in
3380 1497 3593 1566 faciem
3646 1516 3722 1553 ros

2162 1587 2352 1653 credit;
2384 1587 2452 1639 de
2487 1587 2659 1641 servis
2697 1587 3069 1652 manumissis,
3114 1589 3207 1657 qui
3245 1585 3505 1655 percussi
3548 1587 3723 1656 alapis,

2154 1677 2343 1733 Isidor.
2380 1678 2654 1748 Ilispalen.
2690 1679 2726 1733 I.
2761 1678 2827 1733 ΙΧ
2852 1679 3106 1750 Etymol.,
3140 1694 3190 1734 c.
3216 1679 3292 1733 De
3321 1680 3561 1732 civibus.
3605 1677 3724 1733 Boe-

2156 1771 2264 1825 tius
2300 1772 2357 1824 in
2393 1771 2569 1839 Topic.
2616 1770 2856 1826 Valerius
2902 1770 3062 1827 Prob.
3103 1772 3178 1825 De
3216 1772 3378 1824 notis.
3435 1771 3637 1824 Donat.
3675 1772 3722 1824 in

2156 1862 2378 1931 Adelph.
2404 1872 2456 1916 et
2486 1861 2965 1931 Hermogenianus.
2997 1861 3352 1931 Rbapismata
3385 1858 3725 1915 Justinianus

2153 1952 2383 2020 appellat
2416 1952 2695 2022 colaphos,
2741 1951 2939 2021 quibus
2999 1952 3153 2006 liberi
3186 1953 3344 2013 caldi,
3384 1966 3522 2006 cum
3551 1964 3725 2003 eman-

2152 2042 2485 2110 ciparentur,
2517 2051 2937 2105 consueverunt,
2964 2042 2999 2096 l.
3023 2042 3121 2096 ult.
3152 2058 3179 2094 c
3201 2082 3214 2095 .
3243 2042 3307 2095 de
3342 2041 3725 2107 emancipatio.

2158 2131 2334 2197 nibus,
2392 2142 2441 2185 et
2486 2132 2693 2185 novella
2740 2130 2829 2185 82.
2874 2130 3119 2200 Opinor,
3165 2130 3310 2200 quod
3364 2130 3726 2185 abdicationis

2152 2237 2321 2292 genus
2332 2224 2599 2293 quoddam
2616 2237 2736 2278 esse
2751 2223 3052 2278 videbatur.
3077 2222 3352 2278 Cornutus
3382 2227 3440 2276 tn
3461 2220 3723 2286 Persium,

2150 2328 2339 2368 servos
2379 2314 2563 2377 tradit,
2599 2314 2817 2384 quando
2850 2315 3391 2377 manumitterentur,
3432 2313 3583 2369 cedi
3622 2330 3726 2383 per-

2149 2406 2370 2474 cutique
2400 2404 2588 2459 solitos
2606 2405 2782 2475 alapa,
2816 2413 2872 2460 et
2896 2405 3216 2475 circumagi,
3248 2415 3417 2474 atque
3436 2405 3725 2458 confirma-

2151 2496 2349 2550 bantur
2396 2496 2467 2550 ita
2516 2496 2689 2550 liberi.
2740 2498 3081 2551 Hotomanus
3132 2496 3189 2550 in
3246 2494 3630 2550 Commentar.
3672 2499 3725 2550 de

2151 2587 2293 2642 verb.
2323 2587 2551 2657 signi/ie.
2576 2587 2894 2654 Balduinus,
2934 2589 2991 2642 in
3037 2587 3345 2643 Iustiniano
3376 2598 3546 2657 putat
3578 2589 3725 2656 ραπξ-

2150 2694 2335 2749 σματα
2358 2678 2463 2733 ista
2488 2678 2656 2734 fuisse
2673 2680 2810 2735 ictus
2844 2680 3093 2735 vindictae
3139 2695 3236 2735 seu
3271 2680 3514 2750 virgula:
3542 2690 3724 2749 przeto-

2146 2770 2272 2832 riaz;
2292 2785 2414 2823 nam
2435 2768 2683 2839 ῥαπίζειν
2702 2770 2968 2840 signiﬁcat
2987 2779 3038 2825 et
3052 2770 3344 2841 ῥαϐδίζειν.
3358 2770 3670 2839 Cujac.ll1.
3690 2768 3724 2823 ν

2153 2859 2429 2915 Observat.
2453 2860 2575 2915 Jur.
2605 2876 2656 2916 c.
2693 2861 2780 2915 I3.
2810 2860 3199 2926 Gothofredus,
3234 2863 3300 2916 ad
3330 2863 3389 2915 d.
3418 2860 3724 2921 Novellam,

2148 2968 2271 3023 quae
2303 2954 2604 3009 Authcntic.
2639 2952 2821 3008 collat.
2854 2952 2909 3017 6,
2932 2955 3015 3007 tit.
3047 2954 3101 3018 9,
3134 2953 3489 3017 inscribitur,
3524 2950 3726 3005 Consti-

2150 3046 2303 3109 tutio,
2335 3060 2452 3113 qua:
2471 3045 2838 3114 dignitatibus,
2865 3056 2913 3097 et
2943 3045 3244 3113 episcopatu
3268 3044 3466 3119 liberat
3502 3061 3540 3096 α
3564 3046 3725 3115 patrie

2147 3148 2402 3208 potestate
2432 3137 2485 3190 in
2516 3153 2570 3190 ν.
2614 3137 2805 3206 alapis,
2838 3137 2929 3192 ubi
2958 3138 3394 3207 Glossographus
3427 3149 3726 3192 consuetu.

2147 3231 2329 3286 dinem
2379 3230 2537 3285 istam
2573 3230 2851 3299 alaparum
2886 3229 2937 3283 in
2972 3231 3391 3297 desponsatione
3430 3230 3724 3283 mulierum

2147 3320 2351 3375 servari
2373 3320 2629 3375 Bononiae
2657 3321 2904 3375 aflirmat.
2938 3318 3331 3384 Tertullianus,
3363 3319 3442 3373 De
3465 3330 3725 3388 spectare.

2145 3410 2234 3476 lis,
2265 3411 2547 3480 alaparum
2606 3411 2965 3466 contumelias
3003 3411 3160 3474 dixit,
3194 3411 3396 3479 quibus
3432 3411 3723 3463 utebantur

2146 3503 2202 3557 in
2240 3504 2692 3568 manumissione,
2728 3504 2870 3559 unde
2890 3504 3225 3558 Claudianus
3254 3504 3446 3558 felices
3502 3503 3722 3573 injurias

2146 3598 2403 3667 appellat,
2449 3596 2678 3652 Vossius
2722 3597 2777 3651 in
2817 3598 3046 3667 colapho
3082 3597 3314 3667 Etymol.
3352 3596 3616 3651 Glossar.
3645 3596 3717 3648 In-

2144 3689 2338 3759 scripsi
2370 3690 2535 3761 διο
2567 3690 2935 3745 narrationem
2971 3690 3133 3744 istam
3179 3689 3434 3742 monachi
3460 3690 3720 3743 Pachon:

2142 3782 2406 3850 Διήγησις
2456 3780 2549 3833 τοῦ
2598 3780 2753 3849 ἁγίου
2803 3780 2999 3833 Νείλου
3052 3781 3180 3850 περὶ
3236 3780 3439 3849 Πάχων
3492 3780 3720 3849 πόλεμοι

2141 3872 2395 3941 πορνικὸν
2427 3872 2727 3941 πάσχοντος
2754 3872 2845 3926 καὶ
2870 3872 3150 3931 νικῶντος.
3181 3870 3401 3939 Ἕτεροι
3437 3871 3503 3922 δὲ
3553 3870 3721 3937 λέγω·

2144 3978 2227 4014 σιν
2274 3958 2414 4015 εἶναι
2462 3962 2557 4016 τοῦ
2599 3963 2902 4043 Εὑαγρίογ,
2949 3962 3151 4031 ὁμοίως
3206 3962 3263 4014 δὲ
3306 3964 3335 4015 ὁ
3384 3963 3517 4029 μετ’
3563 3961 3718 4029 αὐτὴν

2142 4052 2480 4120 Δογματικὸς
2513 4052 2691 4119 λόγος.
2735 4050 2993 4104 Narratio
3023 4053 3193 4104 sancti
3236 4049 3355 4103 Nili
3398 4053 3473 4104 de
3518 4050 3717 4104 Padum

2140 4145 2368 4210 patiente
2414 4142 2609 4196 bellum
2653 4144 3027 4209 meretricium,
3067 4152 3114 4196 et
3149 4144 3401 4196 vincente.
3458 4145 3579 4196 Alii
3613 4158 3716 4195 rm

2139 4235 2320 4287 dicunt
2351 4232 2567 4303 Evagrii
2610 4250 2741 4298 esse.
2791 4244 2849 4287 ut
2895 4236 3094 4303 pariter
3122 4245 3170 4289 et
3207 4236 3293 4299 qui
3323 4245 3444 4304 post
3502 4253 3621 4289 eam
3650 4252 3718 4288 sc-

2139 4326 2320 4394 quitur
2376 4341 2547 4379 sermo
2580 4324 2922 4393 Dogmaticus
2953 4344 2971 4381 :
3002 4336 3116 4381 erat
3149 4327 3201 4379 in
3233 4342 3337 4381 ms.
3362 4326 3577 4381 Codice
3603 4329 3717 4379 titu-

470 4411 607 4472 gunt
635 4404 972 4460 confirmatis
1019 4416 1131 4461 tum
1170 4409 1536 4479 suprascripta
1568 4410 1637 4466 de
1681 4427 1870 4477 causa,
1922 4423 2032 4466 tum
2072 4433 2111 4485 ο
2142 4416 2224 4469 lus
2246 4415 2341 4467 τοῦ
2371 4416 2530 4482 ἁγίου
2562 4416 2791 4486 Evagrio
2822 4418 3150 4486 adscriptas,
3178 4432 3337 4485 quem
3383 4415 3592 4481 delevi,
3629 4431 3717 4467 no-

469 4494 633 4548 etiam
666 4504 727 4549 ut
754 4507 1093 4563 assuescant,
1127 4499 1219 4567 qui
1244 4511 1644 4556 sacramentum
1684 4505 1825 4557 istud
1859 4507 2034 4559 susci-

2141 4515 2331 4575 tasque
2370 4507 2735 4562 consulendas
2770 4508 3027 4561 admonui
3066 4528 3079 4562 :
3110 4509 3296 4577 incipit
3345 4509 3578 4579 Σιυέδη,
3615 4507 3715 4561 Τοι

470 4586 643 4654 piunt,
676 4587 868 4656 alapis,
897 4597 952 4642 et
990 4591 1296 4655 tormentis,
1327 4607 1447 4659 qua:
1474 4597 1686 4664 tyranni
1739 4612 2038 4652 consueve-
2137 4614 2226 4651 Ino
2270 4598 2309 4651 ll
2342 4598 2681 4653 Bibliotheca:
2713 4599 2935 4653 I’atrum
2967 4600 3409 4665 (ﬁrmo-Latium,
3453 4618 3512 4666 ρ.
3562 4601 3713 4655 1010.

474 4684 596 4727 rant
621 4674 897 4730 Christum
944 4682 1329 4738 conﬁtentibus
1367 4684 1585 4750 inferre,
1631 4704 1765 4743 neve
1804 4690 2037 4759 ignomi—

470 4767 581 4827 nia.
618 4782 722 4835 qua
753 4770 1079 4826 notabantur
1106 4774 1174 4827 ab
1216 4773 1478 4840 Ethnicis,
1522 4780 1924 4845 erubescerent,
1957 4784 2035 4837 uti

469 4855 639 4911 refert
692 4859 985 4930 episcopus
1029 4862 1304 4920 Mimaten.
1355 4867 1674 4925 Guillelmus
1723 4871 2032 4938 Durandus,

472 4946 567 5000 lib.
619 4962 673 5001 vl
723 4948 1022 5006 Rationalis
1067 4956 1293 5011 divinor.
1324 4960 1540 5028 afﬁcior.
1570 4962 1611 5029 f.
1662 4962 1788 5028 206,
1841 4966 1947 5019 col.
1994 4981 2032 5018 ι.

378 5097 382 5099 λ
469 5036 634 5092 Card.
665 5038 915 5099 Bellarm.
948 5053 1079 5100 tom.
1112 5062 1150 5101 ιι
1180 5060 1386 5103 contra.
1428 5052 1465 5104 l.
1504 5068 1564 5117 ιι,
1593 5070 1642 5108 c.
1671 5055 1724 5119 5,
1771 5056 1846 5108 ait
1870 5072 2036 5125 quar-

471 5138 581 5215 tarn
599 5134 975 5188 caeremoniam
1000 5136 1054 5191 in
1075 5140 1503 5197 confirmationis
1525 5154 1866 5200 sacramento
1890 5161 2033 5211 esse,

472 5228 531 5303 ut
561 5223 940 5278 confirmatum
970 5228 1258 5298 episcopus
1293 5248 1454 5286 manu
1481 5234 1671 5289 leviter
1705 5236 1895 5301 caedat,
1926 5253 2035 5307 quo

474 5312 739 5382 intelligat
789 5330 849 5369 se
913 5329 1101 5374 contra
1150 5320 1502 5389 ignominiam
1559 5334 1614 5379 et
1652 5326 1875 5382 verbera
1937 5344 2035 5398 pro

468 5402 686 5458 Christo
740 5404 963 5462 ferenda
996 5410 1266 5479 praecipue
1295 5425 1563 5468 armatum
1610 5418 1887 5486 patientia.
1920 5421 2030 5477 Ad-

470 5492 550 5549 dit
589 5493 892 5563 Dnrandus,
926 5502 1200 5555 memoria:
1228 5504 1278 5556 id
1325 5519 1488 5559 causa
1520 5506 1654 5571 ﬂeri,
1691 5517 1749 5561 ut
1783 5510 2034 5580 obsigna-

474 5587 563 5633 ωδ
591 5584 923 5652 recordetur,
972 5604 1106 5643 neve
1130 5591 1330 5645 oblivio
1373 5595 1719 5663 subreperet;
1751 5601 1894 5666 quod
1948 5596 2034 5654 Vi-

477 5686 740 5739 CwOmCS,
769 5678 860 5733 lib.
888 5695 946 5740 ιι,
979 5697 1025 5735 c.
1055 5682 1118 5735 1‘2
1152 5682 1231 5736 De.
1258 5684 1436 5753 Antia.
1468 5687 1897 5749 Conﬁrmationis
1932 5693 2031 5748 Ri~

2078 5581 2084 5591 ι

2140 4692 2419 4747 Habentur
2459 4694 2572 4746 haec
2609 4695 2771 4746 etiam
2818 4694 2998 4747 omnia
3030 4695 3215 4747 Cra-ce
3249 4710 3367 4762 cap.
3403 4694 3599 4749 itidem
3629 4694 3713 4755 86,

2141 4786 2231 4839 ubi
2266 4785 2483 4855 Evagrii
2544 4786 2887 4855 Origenistie,
2937 4788 3094 4841 istius
3135 4788 3359 4849 scilicet,
3396 4804 3595 4857 opera,
3626 4806 3710 4841 seu

2134 4875 2357 4931 Librum
2397 4888 2614 4933 exstare
2659 4879 2956 4933 adnotatur
2993 4880 3087 4932 lib.
3119 4896 3172 4942 v,
3210 4889 3263 4933 et
3286 4880 3587 4933 laudantur
3628 4880 3713 4931 So-

2135 4980 2310 5025 crates
2339 4970 2433 5024 lib.
2466 4986 2519 5023 ιν
2541 4968 2684 5025 Hist.
2725 4987 2775 5027 c.
2810 4972 2893 5033 18,
2933 4970 3223 5028 Sozomen.
3245 4972 3339 5025 lib.
3366 4988 3442 5037 vr,
3468 4989 3521 5027 c.
3547 4973 3639 5035 50,
3665 4982 3712 5025 et

2134 5061 2473 5131 Nicephorus
2498 5062 2705 5117 Callisti
2726 5064 2904 5124 lib.xr.
2934 5079 2982 5117 c.
3002 5064 3091 5119 42.
3114 5063 3304 5132 Incipit
3325 5066 3492 5119 etiam
3521 5066 3710 5134 Πάχων

2134 5170 2216 5216 τις
2247 5154 2470 5223 ὀνόματι
2499 5155 2628 5224 περὶ
2659 5154 2725 5207 τὰ
2754 5155 3120 5225 ἑϐδομήκοντα
3154 5155 3350 5219 ἐλάσας
3390 5158 3493 5227 ἔτη
3520 5156 3708 5211 ἐκαθέ-

2136 5244 2258 5308 ζετο
2290 5247 2348 5297 ὲν
2376 5246 2591 5316 Σκήτει,
2622 5255 2677 5299 et
2700 5246 2901 5300 desinit
2928 5248 3029 5299 οὐκ
3054 5248 3135 5299 ἐτι
3167 5250 3416 5319 ἤγγισεν.
3465 5247 3597 5303 Haec
3622 5264 3708 5300 au-

2132 5344 2243 5387 tem
2275 5332 2509 5389 Historia
2537 5335 2802 5390 Lausiaea
2834 5352 2863 5389 a
2884 5334 3130 5392 Palladio
3170 5338 3362 5392 Galata
3404 5336 3706 5405 Helenopo-

2134 5425 2304 5481 litano
2338 5426 2552 5493 (civitas
2603 5442 2724 5482 esse
2764 5426 3029 5498 Bithyniae
3074 5429 3293 5497 dicitur)
3333 5429 3599 5498 episcopo
3647 5429 3703 5481 ad

2134 5518 2373 5573 Lausum
2398 5521 2748 5589 prtepositnm
2784 5522 2984 5592 scripta
3023 5533 3129 5586 est,
3156 5523 3246 5593 qui
3282 5521 3561 5576 Palladius
3590 5539 3705 5577 cm:-

2134 5610 2421 5664 suetudine
2441 5611 2793 5680 suprascripti
2820 5610 3059 5681 Evagrii,
3085 5626 3245 5682 quem
3272 5612 3483 5667 adierat
3505 5613 3561 5666 in
3587 5629 3699 5665 ere-

2136 5716 2246 5765 mo,
2282 5699 2532 5773 Origeuis
2569 5703 2803 5759 infractus
2841 5691 3151 5770 erroribus,
3186 5702 3375 5762 Nitriae
3414 5704 3700 5775 triennium
