3838 6056
39 281 199 350 337
1275 282 1372 345 DE
1413 280 1807 345 OPERIBUS
1847 283 1906 343 S.
1949 284 2128 346 NILI.
3193 280 3332 347 1338

35 396 194 463 igit,
243 395 373 450 inde
422 392 766 448 Palaestinam
827 390 1103 461 prolectus
1151 389 1375 446 Paulam
1428 394 1655 447 illismet
1690 404 1726 453 Α
1761 394 1982 457 tiarum,
2036 403 2255 447 centum
2297 393 2350 446 in
2397 393 2630 464 capitula
2676 393 2942 463 digestum
2988 392 3333 447 anachoretis

36 502 424 555 «irrumpere
459 486 660 540 frustra
699 493 949 545 conatus,
996 483 1272 537 obnitente
1300 495 1491 539 sancto
1522 483 1653 537 Hir-
1760 486 2118 554 inscriptmn;
2165 496 2283 541 erat
2324 487 2469 541 enim
2495 495 2546 541 et
2588 488 2701 556 ipse
2734 486 2978 540 Bullinus
3016 485 3239 554 perinde
3266 499 3331 538 ac

36 595 331 651 'onymo,
384 577 690 649 Bithyniam
727 578 880 640 adiit,
906 590 1072 645 seque
1120 577 1415 629 insinuavit
1458 583 1653 629 sanrto
1760 575 2021 643 Evagrius
2063 579 2363 634 monachus
2392 579 2493 649 (uti
2524 580 2773 649 superius
2799 578 2995 642 innui),
3037 576 3162 628 item
3198 590 3333 643 pau-

35 672 271 727 loanni
309 673 723 741 Chrysoslomo,
757 685 786 722 a
822 684 934 737 quo
978 683 1120 722 anno
1158 668 1362 724 Christi
1396 669 1524 730 £00,
1555 670 1654 727 de-
1759 683 1851 722 cas
1882 668 2194 725 Sententias
2228 670 2384 724 valde
2424 671 2687 725 obsrttras
2720 670 3112 723 monachorum
3151 666 3333 722 cordi-

35 766 310 815 stinatus
354 760 420 814 ad
451 760 717 831 synodum
763 758 1417 828 Constantinopolitanam
1445 758 1516 811 22
1537 760 1655 828 epi-
1759 762 1862 816 bus
1888 763 2020 817 solis
2067 764 2479 834 cognoscibiles,
2533 780 2669 834 quas
2716 763 2941 816 forsitan
2986 760 3332 815 Commenta-

35 869 393 924 δυορθτυιη,
418 863 473 906 ει
506 850 627 905 inde
658 850 885 904 Βοωθω
919 852 985 903 ad
1012 850 1382 904 Innocentium
1411 850 1651 919 primum
1759 856 1900 909 rium
1927 855 2243 910 Gnosticum
2266 865 2425 909 vocat
2463 854 2735 921 Socrates,
2762 854 2967 908 Histor.
2990 850 3189 903 Eccles.
3221 850 3256 902 ι.
3280 862 3332 902 ιν

35 963 298 1017 papam.
328 961 439 1015 quo
473 942 684 997 νίάθιυι·
714 957 811 1010 PFO
829 941 1044 1009 Ρειθεὶο
1075 943 1304 997 rediisse
1336 956 1479 995 anno
1507 942 1647 1009 “7;
1759 963 1809 1002 c.
1836 949 1922 1009 18,
1956 947 2250 1012 Palladius,
2274 947 2654 1016 Climacusquc
2681 953 3014 1008 memorant;
3046 943 3091 997 is
3121 940 3186 993 ad
3215 955 3333 993 mo-

35 1040 106 1092 in
149 1038 408 1091 Siciliam
442 1036 645 1089 dicitur
684 1042 841 1087 antea
888 1032 1104 1087 venisse
1136 1048 1261 1087 cum
1294 1031 1522 1086 Melania
1559 1048 1648 1086 se-
1756 1040 1966 1095 "annos
2000 1048 2119 1093 erat
2140 1039 2403 1105 directus,
2435 1040 2624 1093 dubito
2651 1054 2717 1092 ne
2746 1039 2854 1093 sim
2880 1035 3169 1105 κεφάλαια
3197 1048 3333 1101 γνω.

34 1132 253 1193 niore,
287 1140 451 1196 atque
484 1126 629 1179 illius
666 1122 978 1185 comitibus,
1008 1137 1154 1175 anno
1180 1120 1303 1184 408,
1345 1136 1466 1189 qua:
1506 1134 1651 1174 anno

1782 1133 1926 1187 ιτικὰ
1976 1129 2250 1200 Εὑαγρίου
2325 1130 2595 1201 μοναχοῦ,
2647 1146 2768 1200 qua:
2822 1136 3180 1183 numerantur
3224 1123 3330 1188 6i,

34 1224 176 1277 572
236 1220 533 1291 Egyptum
605 1217 819 1271 adierat
872 1231 995 1269 cum
1065 1213 1278 1267 Rulliuo
1324 1212 1649 1266 Monachum

1782 1242 1987 1298 litaeque
2022 1225 2155 1278 verti
2193 1225 2430 1279 οὕτωοο
2461 1226 2623 1279 etiam
2675 1227 2787 1292 ipse
2844 1222 2896 1276 in
2946 1219 3219 1283 Latinum,
3248 1217 3335 1271 in-

38 1318 333 1384 professo
367 1335 380 1367 :
409 1310 797 1380 liieroisolymis
813 1308 1008 1363 deinde
1038 1323 1161 1361 cum
1201 1307 1391 1360 eodem
1426 1322 1455 1359 a
1490 1306 1652 1374 Didy-

1782 1324 2095 1393 tipiuntqne,
2141 1321 2170 1372 ὁ
2214 1320 2445 1389 Χριστὸς
2474 1358 2488 1381 ,
2627 1317 2726 1388 μέν
2765 1318 2881 1369 ἐστι
2908 1314 3165 1386 Χριστὸς,
3220 1310 3333 1379 ἔχει

36 1424 159 1462 mo
186 1424 338 1463 caeco
362 1420 578 1460 errores
602 1405 857 1457 hauserat
889 1400 1158 1470 Origenis,
1187 1414 1327 1467 quos
1354 1414 1497 1452 anno
1547 1396 1652 1450 2597

1782 1416 1852 1487 τὴν
1883 1413 2091 1483 γνῶσιν
2126 1412 2226 1483 τῆν
2270 1412 2526 1481 οὐσιώδη,
2570 1421 2674 1465 etc.
2725 1408 2998 1472 Christus,
3042 1422 3142 1475 quo
3182 1414 3337 1474 pacto

40 1501 309 1554 Romam
368 1497 617 1558 tendens,
673 1509 928 1564 spargere
979 1492 1235 1556 tentavit;
1283 1490 1425 1545 unde
1470 1488 1679 1543 Pallam

1782 1509 1967 1562 midem
1993 1506 2236 1562 Christus
2262 1514 2359 1570 est,
2399 1504 2551 1558 habet
2594 1504 2941 1571 cognitionem
2984 1496 3329 1552 essentialem.

41 1594 230 1644 dium
254 1598 413 1643 vocat
440 1587 790 1641 mulierosum
830 1585 1071 1638 Isidorus
1099 1581 1372 1637 Pelusiota
1393 1580 1653 1649 epist.28i

1782 1602 1992 1670 Evagrio
2013 1612 2161 1655 certe
2196 1598 2511 1652 tribuuntur
2544 1596 2596 1650 in
2629 1596 2829 1650 Codice
2858 1592 3172 1649 Barherino,
3201 1597 3254 1642 et
3276 1588 3329 1641 in

45 1684 168 1737 lib.
213 1700 273 1737 ιι.
295 1680 402 1736 Iste
430 1686 609 1733 autem
643 1677 916 1730 Palladius
947 1675 1147 1746 passim
1179 1676 1334 1729 audit
1365 1674 1507 1744 apud
1548 1673 1649 1727 SS.

1782 1693 2024 1747 Vaticano
2051 1691 2155 1744 655
2197 1691 2473 1745 desinunt.
2494 1689 2574 1742 Τὰ
2595 1687 2651 1741 δὲ
2671 1687 2797 1757 τρία
2839 1683 3078 1754 καθαρὰ,
3120 1681 3334 1735 ἁνείδεα

50 1777 477 1844 Hieronymum
505 1813 521 1837 ,
570 1779 625 1826 et
665 1770 1048 1840 Epiphaniam,
1088 1769 1428 1837 Origenista,
1482 1774 1537 1821 et
1586 1766 1652 1820 ad

1782 1787 1814 1839 ὶὲ
1845 1786 2016 1838 εἴκοσι
2044 1783 2207 1839 ὀκτώ.
2248 1783 2305 1838 Id
2351 1794 2454 1845 est,
2490 1780 2615 1835 Tres
2658 1797 2777 1834 vero
2809 1780 3012 1833 notitia:
3039 1790 3216 1844 parte;
3252 1776 3336 1824 in-

50 1884 245 1937 (ιιιεηι
290 1874 504 1921 “sum
546 1864 718 1918 sane“
764 1860 869 1915 Nm
915 1862 1156 1930 episloliﬁ
1194 1860 1317 1915 (³⁸³³⁵
1364 1860 1430 1913 ad
1469 1857 1657 1913 Μουθ*
1760 1880 1954 1945 formes
1985 1894 2123 1939 vero,
2156 1894 2245 1931 seu
2293 1874 2579 1929 invisibiles
2629 1872 2809 1944 viginti
2857 1881 2992 1923 octo.
3040 1864 3337 1922 Sententiae

53 1962 271 2023 cum“,
308 1973 501 2026 nempe
536 1957 656 2019 "’5’
688 1956 781 2009 ιη’·
820 1971 880 2016 ¹¹ν
917 1954 1077 2007 Ana"
1111 1953 1164 2006 ί¹¹
1194 1968 1300 2021 qua
1351 1967 1474 2005 “"m
1507 1967 1658 2005 ⁶⁰¹¹¹“
1767 1982 1952 2027 autem
1986 1970 2212 2025 forsitan
2248 1976 2404 2023 erant
2438 1967 2541 2020 illa:
2566 1975 2804 2027 centum,
2845 1979 2982 2032 quas
3008 1978 3129 2016 mox
3160 1958 3335 2025 subji-

57 2064 235 2122 parat
271 2050 518 2105 Jonalhze
548 2048 853 2118 degustanti
887 2048 988 2101 mel
1018 2046 1319 2116 spirituale,
1352 2054 1405 2099 et
1439 2044 1658 2106 τελείως

1782 2066 1847 2119 :io
1876 2079 2103 2117 numero
2134 2062 2221 2126 15,
2248 2061 2314 2115 14
2361 2069 2414 2114 et
2444 2059 2533 2119 15,
2570 2056 2974 2126 praeferuntque
3011 2053 3225 2107 titulum
3245 2067 3338 2102 κε-

60 2145 518 2215 κεκαθάρμενον,
537 2144 589 2201 id
613 2142 961 2212 est,periecte
992 2149 1281 2211 purgatum
1313 2140 1407 2192 ait.
1445 2136 1500 2190 ln
1528 2137 1659 2199 alia,

1782 2157 2006 2225 ραλαίων
2034 2155 2115 2223 λγ¹
2158 2153 2302 2206 κατὰ
2331 2149 2659 2205 ἀκολουθίαν
2688 2167 2703 2203 :
2730 2149 2784 2203 id
2826 2160 2930 2209 est,
2968 2148 3201 2215 capitum
3243 2143 3334 2208 53,

62 2240 293 2294 scilicet
338 2238 459 2301 151,
493 2236 724 2289 aﬂirmat
770 2250 893 2287 cum
936 2229 1226 2302 ἀναζητεῖν
1283 2229 1492 2300 ὑψηλὰς
1523 2228 1661 2281 θεω-

1782 2266 1855 2303 per
1870 2248 2067 2319 gradus
2084 2244 2338 2317 quosdam
2359 2240 2915 2310 instarconscquentia:
2937 2237 3336 2306 dispositorum,

71 2336 236 2405 ρίας,
272 2335 544 2401 requirere
582 2332 720 2384 altas
751 2329 1260 2392 contemplationes,
1291 2325 1431 2380 forte
1456 2341 1581 2378 cum
1607 2325 1659 2379 in

71 2436 276 2480 monte
305 2424 514 2485 Nitrian
552 2432 713 2491 atque
760 2420 1050 2475 solitudine
1099 2418 1665 2487 moraretur:legitur

70 2530 131 2572 et
174 2519 271 2573 lib.
302 2535 379 2573 ιιι.
401 2517 555 2585 epist.
583 2515 710 2577 259,
741 2515 805 2569 ad
834 2513 1131 2567 Palladium
1158 2512 1562 2581 Presbyterum,
1593 2526 1661 2564 an

73 2610 392 2667 eumdem?
434 2612 499 2664 de
554 2608 684 2669 Deo,
723 2608 813 2676 qui
871 2615 1129 2661 exoratus
1156 2600 1417 2674 disperdit
1466 2604 1663 2670 impias

74 2704 454 2773 cogitationes
474 2742 489 2766 ,
518 2699 794 2754 Palladius
821 2699 1085 2767 (inquam)
1116 2698 1168 2751 in
1198 2713 1259 2751 ea
1289 2695 1547 2749 Lausiaca
1573 2695 1668 2747 mi-

76 2797 259 2850 rificis
287 2794 436 2848 sileri
471 2792 718 2847 laudibus
736 2789 1023 2857 Evagrium
1063 2788 1347 2843 Ponticum
1375 2803 1405 2842 e
1452 2787 1667 2842 civitate

83 2889 396 2950 lberorum,
431 2902 551 2955 qum
605 2885 747 2937 circa
799 2882 1070 2935 Euxinum
1129 2882 1231 2935 sita
1284 2890 1365 2935 est
1402 2881 1456 2934 in
1494 2880 1668 2935 Ponto

84 2980 349 3039 Amasize,
383 2977 464 3029 vel
489 2973 868 3043 Helenopouti,
894 2988 999 3027 non
1033 2972 1088 3025 in
1127 2971 1532 3033 Polemoniaco,
1566 2987 1665 3025 na-

83 3082 208 3124 tum
242 3088 254 3123 :
292 3070 416 3123 hinc
464 3077 685 3122 sanctus
721 3066 1084 3135 Hieronymus
1115 3063 1529 3134 Hyperboritam
1575 3078 1667 3131 ap-

90 3161 296 3229 pullat,
364 3156 670 3227 Presbyteri
730 3155 932 3218 lilium,
986 3154 1238 3207 lectorem
1270 3153 1604 3207 tordiuatum
1638 3168 1667 3207 a

88 3264 287 3306 sancto
314 3249 511 3304 Basilio
539 3250 791 3318 episcopo
831 3247 1092 3301 Caesareae
1137 3247 1203 3300 ad
1242 3247 1513 3316 Argmum,
1557 3258 1669 3300 tum
1708 3248 1711 3257 '

86 3344 386 3394 diaconum
433 3348 740 3408 promotum
793 3354 823 3391 a
875 3348 1063 3393 sancto
1103 3337 1366 3407 Gregorio
1413 3338 1670 3391 Nazianz.

90 3436 189 3503 qui
240 3434 305 3487 ad
360 3434 653 3487 concilium
696 3431 1363 3502 Constantinopolitanum
1408 3433 1672 3487 accedens

91 3541 245 3579 anno
283 3525 375 3578 581
418 3525 660 3593 habitum
720 3540 748 3577 a
800 3524 903 3577 150
934 3524 1228 3593 episcopis,
1263 3525 1315 3576 in
1346 3539 1521 3593 eoque
1550 3539 1673 3578 con-

93 3621 348 3671 firmatus
400 3616 818 3684 Constantinop.
872 3615 1179 3683 episcopus,
1243 3614 1480 3668 Maximo
1512 3614 1675 3683 Cyni-

96 3726 168 3762 eo
196 3710 465 3777 deposito,
511 3715 561 3760 et
596 3706 830 3775 Spiritus
889 3706 1062 3759 sancti
1111 3704 1327 3758 decreta
1370 3704 1672 3766 divinitate,

92 3803 252 3869 juxta
295 3800 545 3853 volumen
578 3798 796 3851 Patrum
856 3796 1294 3860 occidentalium,
1347 3793 1413 3848 de
1462 3809 1570 3863 quo
1621 3794 1675 3846 in

96 3896 327 3948 Canone
342 3895 536 3962 quinto
552 3893 712 3964 611
735 3892 934 3962 agitur,
956 3889 1170 3959 reliquit
1189 3889 1501 3958 Evagrium,
1524 3900 1675 3940 com-

99 3987 483 4053 mendavitque
499 3985 807 4039 suci-essuri
830 3998 930 4037 suo
948 3980 1219 4035 Nectario.
1234 3980 1333 4034 Hic
1345 3989 1523 4033 autem
1540 3976 1680 4030 Eva-

100 4074 258 4145 grius
306 4074 609 4141 discipulus
663 4072 836 4126 sancti
872 4070 1037 4140 'Greg.
1079 4069 1339 4124 Nazianz.
1385 4075 1678 4133 censetur,

103 4170 292 4237 lapsus
332 4178 511 4220 tamen
564 4168 617 4219 in
657 4162 909 4233 Origeuis
942 4168 1146 4216 sectam
1208 4160 1275 4213 ab
1305 4174 1393 4211 an.
1433 4159 1558 4222 579,
1588 4156 1681 4209 Di-

100 4261 270 4330 dymo
326 4261 582 4323 docente;
622 4258 714 4311 sed
765 4272 886 4311 eum
934 4252 1408 4321 Constantinopoli
1464 4250 1678 4305 diaconi

106 4350 423 4418 fungeretur
451 4364 698 4411 munere,
734 4348 805 4400 ibi
839 4355 1173 4415 pertentatus
1205 4344 1274 4397 ab
1304 4356 1475 4396 uxore
1502 4342 1680 4411 cujus-

1765 2352 1879 2395 tum
1911 2337 2206 2392 νουθεσιῶν
2224 2333 2613 2405 πνευματικῶν
2643 2332 2762 2387 κατ’
2788 2330 3099 2400 ἀλφάϐητον
3129 2329 3337 2399 ἓτερον,

1767 2430 2143 2501 Spiritualium
2180 2426 2598 2480 admonitionum
2651 2421 2936 2477 secundum
2984 2417 3337 2488 alphabetum,

1765 2524 2029 2584 alterum;
2078 2524 2574 2587 comparanturque
2618 2514 2723 2568 illa:
2745 2513 2837 2567 25.
2883 2512 3111 2566 Demum
3144 2507 3339 2563 subse-

1766 2625 2003 2686 quuntur
2031 2613 2151 2667 aliaa
2188 2625 2383 2679 nempe
2428 2608 2742 2670 Sententiae,
2789 2614 2882 2659 aut
2905 2601 3338 2666 Admonitiones,

1765 2700 2549 2777 ἓτεραιγνῶμαιῆνουοεσίαι,
2584 2706 3048 2763 numeranturque
3076 2693 3165 2747 26.
3194 2692 3347 2746 Prin-

1768 2802 1967 2868 cipium
1988 2795 2361 2866 Capitulorum
2385 2803 2468 2847 est
2486 2812 2498 2846 :
2518 2792 2631 2844 ἷκτε
2642 2790 2733 2860 ρός
2766 2790 2913 2841 ἐστιν
2932 2787 3045 2851 ἕξις
3060 2785 3305 2857 χειρίστη
3324 2825 3345 2849 ,

1769 2892 1822 2947 id
1854 2898 1959 2955 est,
1998 2886 2215 2942 Morbus
2255 2892 2511 2954 arquatus
2552 2890 2629 2935 est
2672 2879 2883 2933 habitus
2914 2879 3168 2944 pessimus
3197 2894 3212 2929 :
3242 2874 3349 2927 ini-

1769 2985 1904 3039 tium
1937 2980 2166 3035 alterius
2195 2974 2484 3045 Alphabeti
2517 2972 2950 3028 admonitionum
2978 2966 3343 3038 spiritualium

1771 3077 1851 3130 sic
1878 3083 1961 3127 est
1977 3078 2320 3140 conceptum,
2349 3066 2549 3121 ἄτοπόν
2566 3066 2703 3128 ἐστι,
2733 3062 2787 3117 id
2813 3070 2895 3117 est
2922 3060 3211 3114 absurdum
3233 3069 3348 3112 est:

1772 3166 2007 3236 denique
2045 3162 2314 3231 incipiunt
2362 3158 2482 3213 alia:
2526 3156 2809 3212 sementim
2853 3153 2995 3224 ἀρχὴ
3027 3151 3266 3222 ἀγάπης,
3295 3149 3351 3205 id

1774 3270 1880 3322 est,
1936 3253 2259 3326 principium
2305 3250 2610 3314 charitatis,
2645 3246 3030 3314 continentque
3075 3242 3352 3297 Abeceda-

1776 3352 1917 3405 rittm
1948 3346 2202 3417 amplius,
2237 3354 2291 3397 et
2322 3343 2587 3396 collectus
2632 3352 2895 3392 numerus
2926 3336 3164 3404 capitum
3200 3334 3270 3388 53
3299 3342 3355 3389 et

1773 3445 1845 3499 25
1872 3454 1923 3497 et
1953 3441 2023 3495 26
2044 3437 2290 3508 exsurgit
2317 3434 2385 3490 ad
2409 3434 2516 3499 84;
2544 3432 2743 3503 quibus
2772 3431 2817 3485 si
2836 3429 3100 3499 adieceris
3125 3427 3196 3481 25
3226 3444 3350 3481 vou-

1777 3539 1984 3601 θεσίας,
2038 3537 2151 3591 sive
2190 3532 2415 3603 γνώμας
2468 3529 2805 3600 δογματικὰς
2857 3529 2977 3582 κατ’
3016 3524 3351 3595 ἀλφάὃητον,

1775 3646 1897 3701 qua:
1927 3628 1995 3683 ab
2036 3626 2339 3681 Holsteinio
2375 3623 2721 3677 vindicantur
2771 3632 2961 3671 omnes
3006 3615 3254 3684 Evagrio,
3301 3621 3357 3669 et

1779 3722 2105 3777 inchoantur
2139 3716 2341 3789 :‘Apx-‘q
2369 3716 2581 3784 σοφίας,
2612 3714 2695 3767 vel
2744 3709 3043 3780 σωτηρίας,
3079 3708 3358 3763 adnotavit

1780 3816 1925 3872 enim
1964 3815 2043 3868 vir
2094 3814 2288 3866 doctus
2350 3810 2481 3864 istas
2524 3806 2749 3876 γνώμας
2794 3802 3118 3863 sententias,
3171 3808 3265 3854 aut
3309 3798 3357 3854 si

1782 3907 1939 3960 malis
1976 3902 2278 3965 νουθεσίας,
2329 3899 2425 3951 καὶ
2471 3896 2741 3964 κεφάλαια
2768 3933 2784 3956 ,
2834 3893 2884 3947 id
2913 3902 2996 3947 est
3034 3890 3366 3943 Admonitioa

1782 4016 1868 4053 nes
1912 4010 1958 4052 et
2012 3993 2261 4062 Capitula
2307 3991 2521 4059 Evagrii
2576 3988 2748 4056 Opera
2794 4002 2937 4048 esse,
2971 4000 3063 4037 seu
3107 3980 3370 4053 παραινέ-.

1784 4108 1917 4153 σεις,
1960 4089 2009 4142 id
2043 4098 2123 4141 est
2154 4086 2316 4159 612
2336 4082 2765 4143 Adhortationes,
2791 4094 2853 4129 ex
2881 4074 3234 4144 inscriptione.
3261 4089 3360 4125 an-

1785 4175 2078 4245 tiquissimi
2109 4174 2315 4229 codicis
2346 4171 2460 4223 BB.
2497 4169 2601 4223 BB.
2654 4168 2717 4221 Et
2743 4167 2868 4235 quia
2925 4164 3168 4231 ejusdem
3222 4161 3369 4214 Eva.

1784 4269 1885 4340 grii
1927 4268 2147 4321 nomine
2180 4264 2379 4334 passim
2434 4263 2674 4316 citantur
2711 4259 2763 4312 in
2796 4258 3006 4311 Melissa
3036 4255 3208 4309 sancti
3247 4253 3369 4307 Ma-

1786 4360 1940 4420 ximi,
1972 4367 2024 4411 et
2061 4355 2307 4419 Antonii,
2356 4354 2459 4407 etsi
2494 4350 2614 4405 Nilo
2663 4350 3034 4402 inscribantur
3067 4346 3119 4398 in
3163 4344 3364 4397 Biblio-

106 4446 237 4499 dam
274 4460 303 4497 e
341 4443 629 4513 praefectis,
667 4453 721 4495 ct
750 4443 869 4496 visu
908 4442 1130 4495 territus
1160 4438 1374 4509 c0gitur
1424 4440 1679 4491 excedere

1791 4454 1945 4507 theca
1981 4450 2236 4503 Veterum
2266 4450 2487 4503 Patrum
2518 4444 2921 4500 Graeco-Latina
2956 4438 3183 4493 Parisiis
3218 4436 3369 4491 edita

108 4538 297 4592 divino
322 4536 579 4605 impulsu.
614 4535 897 4589 Melaniam
946 4536 1131 4603 itaque
1178 4532 1450 4587 seniorem
1500 4530 1685 4583 invisit

110 4629 502 4700 Hierosolymis
534 4638 861 4689 versantem,
903 4636 957 4680 et
987 4626 1213 4680 adhaesit
1244 4626 1326 4690 ei;
1362 4638 1596 4691 cumque
1630 4621 1682 4673 in

117 4728 364 4781 morbum
410 4726 711 4789 incidisset,
755 4724 981 4777 Melania
1012 4723 1188 4776 induit
1228 4737 1352 4775 eum
1389 4719 1572 4773 habitu
1606 4718 1687 4788 (ut

114 4820 387 4877 Palladius
426 4821 641 4882 asserit)
677 4818 1001 4883 tnonastico,
1025 4827 1079 4870 et
1110 4816 1316 4869 dimisit
1341 4814 1405 4868 ad
1448 4824 1685 4868 montem

120 4911 324 4977 Nitriae,
381 4912 470 4967 tibi
537 4927 630 4981 per
676 4911 955 4965 biennium
1001 4918 1369 4963 commoratus
1416 4918 1530 4972 est;
1572 4917 1685 4960 tum

123 5006 254 5059 abiit
282 5007 333 5058 in
366 5005 740 5066 solitudinem,
778 5003 961 5071 ibique
989 5016 1162 5054 annos
1184 5000 1595 5069 quatuordecim
1630 4998 1686 5052 in

120 5097 302 5159 Celliis
331 5100 486 5157 vixit,
536 5098 795 5151 insistens
822 5095 1046 5164 jejuuiis
1077 5102 1130 5147 et
1178 5093 1540 5155 orationibus,
1570 5092 1689 5145 lon-

126 5206 349 5261 gamque
376 5190 667 5259 complevit
709 5198 956 5242 aetatem:
990 5185 1296 5254 composuit
1329 5185 1591 5253 plurimos
1627 5184 1692 5235 li-

127 5285 269 5338 bros.
305 5276 471 5345 Οὗτος
495 5281 699 5350 ἔγραψε
728 5282 983 5351 διάφορα,
1015 5280 1111 5332 καὶ
1151 5278 1454 5347 ὑπόμνημα
1483 5278 1563 5338 εἰς
1594 5277 1693 5339 τὰς

129 5373 429 5445 Παροιμίας
460 5372 550 5426 τοῦ
586 5373 948 5442 Σολομῶντος.
979 5372 1083 5425 Iste
1110 5370 1325 5439 scripsit
1366 5370 1602 5431 diversa,
1642 5378 1695 5423 et

133 5462 588 5519 Commentarium
652 5463 705 5514 in
757 5461 1048 5515 Proverbia
1108 5458 1419 5513 Salomonis
1475 5458 1696 5527 (inquit

137 5554 344 5625 Suidas)
373 5554 439 5608 ad
472 5553 709 5623 virgines
758 5552 866 5605 Deo
899 5559 1165 5612 sacratas,
1202 5550 1441 5604 libellum
1471 5565 1695 5620 compe-

135 5657 324 5703 tentem
352 5645 507 5700 sexui
530 5654 585 5699 et
606 5644 876 5713 religioni,
897 5658 927 5696 a
951 5641 1163 5697 Bullino
1186 5642 1500 5713 presbytero
1528 5642 1698 5711 Aqui-

137 5740 321 5817 leiensi
349 5755 567 5797 versum
604 5740 660 5795 in
691 5737 1130 5807 Latinum,sicut
1154 5748 1206 5794 et
1235 5738 1432 5795 librum
1466 5735 1699 5795 Sentenn

1788 4559 1932 4599 anno
1969 4540 2133 4604 1624,
2158 4554 2353 4609 nempe
2380 4537 2568 4607 viginti
2594 4545 2703 4589 tres
2734 4544 3021 4604 postremae
3053 4529 3216 4585 simul
3243 4544 3364 4583 cum

1790 4634 1912 4688 aliis
1946 4632 2077 4694 ΞΜ),
2113 4646 2250 4699 quas
2301 4631 2418 4699 ipse
2459 4627 2642 4692 omisi,
2683 4626 2807 4695 quia
2847 4624 3013 4678 vertit
3053 4638 3148 4676 eas
3198 4619 3374 4675 Zinus

1791 4728 2195 4795 suprascriptus
2220 4722 2434 4783 Latine,
2467 4719 2816 4788 Venetiisque
2846 4714 3206 4787 promulgavit
3225 4728 3377 4766 anno

1792 4820 1950 4883 1574,
1991 4828 2044 4871 et
2085 4816 2374 4885 incipiunt,
2404 4813 2571 4866 Φόϐον
2598 4811 2686 4882 ἔχε
2721 4809 2877 4873 Θεοῦ,
2908 4808 2959 4863 id
2992 4818 3095 4870 est,
3131 4807 3371 4859 timorem

1791 4913 1920 4965 habe
1962 4910 2056 4963 Dei
2087 4927 2104 4969 ε
2134 4918 2187 4963 et
2216 4909 2271 4961 in
2294 4905 2590 4960 Parisiensi
2632 4903 2870 4958 editione
2902 4900 3088 4956 Graece
3125 4913 3190 4952 ac
3220 4895 3377 4949 Lati-

1794 5019 1862 5058 ne
1887 5002 2050 5057 simul
2090 5008 2342 5063 exstant;
2377 4995 2673 5050 Latinitate
2720 5002 2900 5049 autem
2938 4988 3136 5045 donavi
3168 4987 3237 5041 35
3263 4986 3372 5041 Ca-

1794 5096 1985 5166 pitula,
2030 5090 2397 5147 Abecedarias
2434 5089 2631 5142 alteras
2669 5085 3072 5141 admonitiones
3114 5081 3186 5135 25
3214 5090 3268 5135 et
3300 5078 3377 5134 26'

1796 5189 2115 5252 sententias,
2147 5200 2269 5255 quae
2298 5198 2408 5239 una
2457 5197 2582 5238 cum
2617 5179 2809 5251 viginti
2860 5178 3037 5233 tribus
3070 5177 3373 5241 exsurgunt

1795 5283 1863 5339 ad
1893 5281 2037 5345 107;
2089 5284 2428 5349 possuntque
2480 5271 2776 5326 Sententiae
2830 5268 2934 5322 illa:
2976 5274 3192 5321 centum
3249 5275 3377 5316 esse

1795 5371 2037 5442 Evagrii,
2073 5384 2211 5439 quas
2233 5366 2484 5421 Bullinus
2501 5362 2694 5417 Latine
2725 5360 2910 5421 vertit,
2937 5359 3079 5413 sicut
3108 5354 3227 5408 alia:
3260 5366 3375 5406 mo-

1799 5463 2103 5518 nachorum
2136 5458 2395 5516 cordibus
2428 5453 2824 5528 cognoscibiles
2852 5449 3106 5504 videntur
3137 5458 3258 5500 esse.
3278 5460 3372 5496 xs-

1800 5554 2005 5624 φάλαια
2046 5550 2329 5605 Γνωστικὰ
2377 5547 2633 5617 Evagrii,
2686 5539 3037 5613 quantumvis
3090 5536 3155 5590 ad
3214 5549 3369 5588 oram

1799 5642 2160 5712 manuscripti
2184 5640 2388 5696 codicis
2409 5634 2715 5699 Barberini,
2732 5648 2762 5687 e
2778 5646 2890 5703 quo
2917 5628 3186 5698 exscripta
3214 5633 3365 5687 sunt,

1801 5737 2072 5810 appictum
2094 5736 2253 5793 sit'ea
2273 5733 2327 5788 in
2358 5730 2544 5789 codice
2567 5726 2828 5784 Vaticano
2850 5722 2988 5779 1454
3015 5722 3372 5791 ἀνεπίγραφα
