3838 6056
487 275 627 344 1339

1411 280 1558 341 JOS.
1595 280 1858 341 MARI/E
1893 279 2249 342 SUARESII
2279 275 2793 340 ‘DISSERTATIO

3614 276 3756 344 1340

485 395 766 459 exsistere,
816 401 1023 449 etesse
1075 392 1204 458 Nili;
1252 393 1321 446 ab
1355 394 1606 462 ipsumet,
1661 409 1836 463 neque
1881 393 2060 456 l‘allor,
2093 401 2137 453 Α
2235 391 2450 460 Evagrii
2483 390 2728 460 quidem,
2757 397 2813 444 et
2835 386 2943 444 Nili
2974 390 3235 459 opuscula
3260 391 3334 445 ita
3380 399 3520 444 sunt
3549 396 3756 458 perint.

487 485 809 548 Holsteinio,
835 485 927 556 qui
965 497 1142 540 tamen
1190 486 1304 540 hmc
1357 486 1541 540 omnia
1587 485 1804 539 demum
1845 485 2058 554 Evagrii

488 596 612 638 esse
644 581 778 634 vult.
811 580 942 635 Utut
979 580 1072 646 sit,
1107 581 1516 635 lucubrationes
1546 580 1710 635 hasce
1757 580 1892 634 duas
1923 581 2060 632 Eva-

494 674 618 744 grii,
651 689 773 742 quae
809 673 876 727 ad
920 673 1299 736 anachoretas,
1345 680 1400 726 et
1429 672 1733 727 monachos
1769 671 2057 740 pertinent,

492 765 741 818 Bullinus
779 766 1162 833 interpretatus
1185 773 1286 826 est,
1325 763 1398 816 uti
1422 762 1686 816 Libellum
1711 761 1776 814 ad
1813 759 2060 829 Virgines

494 854 603 906 Deo
643 854 886 918 devotas,
926 854 1058 922 quin
1101 862 1154 906 et
1181 853 1488 906 Doctrinam
1541 861 1721 919 aptam
1759 851 1879 905 vita:
1913 865 2088 929 com-\

493 945 673 998 munis
704 944 1014 1006 cmnobitis,
1061 953 1116 997 et
1155 942 1430 1014 Synoditis
1460 941 1526 996 ad
1576 941 1854 1012 Virginem
1899 940 2062 995 Mela-

488 1037 634 1090 niam
660 1036 728 1090 ab
765 1036 953 1090 eodem
989 1034 1222 1104 Evagrio
1245 1035 1478 1104 scriptae,
1511 1033 1654 1089 sicut
1683 1044 1906 1089 sanctus
1935 1034 2061 1089 Hie-

487 1139 748 1195 ronymus
778 1133 1043 1189 testatur;
1071 1124 1293 1193 insuper
1326 1125 1520 1178 librum
1560 1125 1635 1178 De
1667 1126 1786 1178 vitis
1811 1123 2057 1188 Patrum,

489 1217 534 1270 si
568 1231 674 1286 qua
711 1216 844 1270 lides
868 1216 1172 1278 Gennadio,
1203 1229 1256 1271 et
1287 1227 1410 1271 octo
1433 1216 1775 1284 libros,quos
1804 1217 2063 1286 opposuit

488 1309 756 1378 Evagrius
787 1309 1048 1364 adversus
1079 1317 1204 1364 octo
1234 1310 1616 1378 principalium
1648 1309 1900 1362 vitiorum
1932 1325 2061 1379 sug-

488 1398 797 1468 gestiones,
849 1415 990 1469 quos
1041 1399 1358 1454 Gennadius
1406 1400 1594 1469 jussus
1642 1398 1834 1454 Latine
1881 1401 2060 1454 reddi-

487 1489 888 1558 ditzpraaterea
941 1489 1196 1554 Librum,
1245 1508 1337 1546 seu
1390 1491 1726 1546 Sententiam
1777 1493 1908 1562 περὶ
1958 1492 2060 1562 τῆς

485 1581 775 1644 ἀπαθείας,
810 1583 876 1636 de
928 1583 1370 1653 impassibilitate
1398 1624 1414 1650 ,
1447 1585 1562 1638 sive
1596 1584 2059 1654 itnperturbabili-

487 1680 616 1738 tate,
649 1674 749 1743 qni
793 1672 1101 1744 Pelagianis
1131 1691 1321 1729 ansam
1370 1677 1619 1746 praebuit,
1663 1693 1897 1745 quorum
1929 1692 2058 1746 ope-

2163 492 2267 546 sla,
2300 490 2354 537 et
2386 483 2612 548 inserta,
2646 497 2713 536 ne
2743 480 2920 536 dicam
2955 481 3183 537 confusa
3231 482 3286 535 in
3315 482 3577 551 antiquis
3598 486 3751 538 codi—

2163 575 2320 629 cibus
2365 574 2576 628 calamo
2628 573 2889 640 exaratis,
2941 581 3003 628 ut
3033 588 3176 643 aegre
3217 572 3467 628 discerni
3516 576 3751 642 possint,

2165 665 2510 735 arduumque
2534 664 2929 734 sitdijudicare
2973 664 3040 720 ad
3072 679 3233 734 quem
3275 680 3343 720 ex
3379 665 3471 720 his
3510 680 3579 719 ea
3635 683 3750 736 spe-

2161 765 2308 812 ctent
2331 755 2678 811 librariorum
2703 770 2896 810 errore
2913 755 3098 811 titulos
3121 771 3408 827 perperam
3429 757 3748 812 inscriben-

2163 849 2299 904 tium
2334 867 2348 904 :
2379 848 2553 919 stylus
2583 848 2700 918 ipse
2727 862 3098 917 compressus,
3138 857 3192 903 et
3224 849 3279 902 in
3303 858 3536 903 arctum
3569 849 3754 904 coieris

2162 941 2217 996 in
2247 940 2518 1011 capitulis,
2552 940 2861 1006 sententiis,
2903 949 3068 1010 atque
3111 938 3371 996 brevibus
3415 941 3749 994 admonitio-

2161 1032 2323 1088 nibus
2350 1047 2459 1087 non
2498 1041 2582 1087 est
2609 1031 2746 1086 satis
2774 1041 2959 1086 certus
3021 1045 3087 1086 ac
3124 1039 3275 1088 tutus
3300 1031 3503 1096 index,
3553 1033 3745 1085 chara-

2161 1135 2384 1196 cterque
2411 1124 2667 1180 dictionis
2710 1138 3104 1194 nonnunquam
3136 1125 3298 1179 etiam
3351 1125 3548 1180 fusius
3579 1140 3748 1179 exun-

2161 1213 2343 1268 dantis
2364 1213 2590 1267 minime
2635 1212 2838 1282 arguit,
2863 1211 3120 1281 clareque
3144 1211 3404 1280 patefacit
3435 1221 3741 1276 auctorem,

2169 1304 2359 1360 eadem
2385 1304 2451 1359 de
2492 1303 2744 1368 materia,
2775 1303 2966 1357 eadem
2995 1310 3176 1369 aetate,
3212 1303 3268 1358 in
3297 1304 3504 1358 eadem
3545 1302 3745 1372 profes-

2161 1395 2313 1450 sione
2352 1395 2730 1450 disserentem.
2771 1394 2863 1450 llle
2892 1395 3008 1466 ipse
3047 1393 3317 1460 Socrates,
3351 1395 3455 1464 qui
3505 1394 3648 1448 vixit
3665 1410 3743 1460 eo,

2157 1502 2266 1557 quo
2302 1485 2455 1542 Nilus
2485 1496 2539 1542 et
2575 1487 2841 1557 Evagrius
2873 1487 3106 1543 ﬂoruere
3153 1487 3378 1549 saeculo,
3398 1485 3605 1540 tribuit
3624 1485 3745 1539 Eva-

2159 1579 2278 1650 grio
2325 1578 2519 1632 librum
2565 1578 2640 1632 De
2666 1580 2893 1633 ascetit'a
2933 1582 3065 1642 vita,
3105 1578 3218 1635 sive
3260 1578 3604 1643 asceticum,
3631 1593 3746 1632 cum

2161 1680 2341 1725 tamen
2372 1669 2555 1724 nullus
2598 1669 2870 1724 inllcietur
2913 1669 3093 1726 Nilum
3123 1670 3242 1741 ejus
3278 1681 3578 1725 auctorem
3613 1685 3747 1724 esse.

485 1780 606 1818 rum
631 1774 836 1835 septem
859 1765 1127 1835 interpres
1143 1765 1369 1822 Latinus
1397 1768 1495 1822 fuit
1513 1769 1780 1832 Bullinus,
1805 1769 1870 1823 ad
1894 1785 2054 1840 quem

2164 1761 2393 1831 Evagrio
2417 1775 2635 1830 quoque
2663 1762 3009 1816 ascribuntur
3027 1761 3130 1817 150
3156 1762 3471 1825 sententiae,
3499 1770 3559 1815 et
3577 1762 3748 1830 capita

483 1855 797 1927 ήσυχαστὴν
851 1856 1073 1927 scripsit
1128 1857 1302 1923 Nilus,
1351 1860 1428 1912 uti
1483 1859 1733 1927 superius
1779 1859 2058 1923 adnotavi,

485 1949 577 2017 qui
613 1946 862 2018 Origenis
887 1965 1106 2019 quoque
1129 1950 1296 2005 libros
1323 1949 1476 2005 Latio
1502 1951 1669 2016 dedit,
1699 1952 1794 2006 sed
1827 1951 2058 2006 infelici-

487 2050 606 2106 ter;
651 2055 776 2094 nam
821 2041 952 2094 tanti
985 2041 1108 2105 viri,
1161 2057 1292 2110 quo,
1344 2043 1431 2095 ubi
1473 2043 1608 2096 bene
1667 2043 1857 2105 sensit,
1899 2057 2059 2096 nemo

486 2133 705 2194 melius,
750 2133 840 2186 ubi
873 2133 1034 2196 male,
1073 2148 1231 2187 nemo
1266 2133 1440 2203 pejus,
1474 2150 1688 2190 errores
1736 2135 1971 2194 imbibit,
2005 2143 2058 2188 et

483 2236 575 2276 eos
611 2225 772 2276 tutari
803 2224 929 2278 dum
959 2233 1210 2285 conatur,
1247 2225 1428 2294 lapsus
1460 2236 1543 2280 est
1570 2227 1819 2294 turpiter.
1856 2242 1919 2280 ac
1951 2226 2058 2296 glo-

484 2314 596 2377 rize,
627 2330 792 2382 quam
824 2335 852 2368 e
885 2318 1130 2370 versione
1153 2315 1407 2369 Historia:
1433 2316 1805 2371 ecclesiastica:
1835 2315 2053 2371 Eusebii

480 2400 858 2468 Ctesat'icnsis,
887 2405 974 2457 cui
1009 2405 1147 2459 tluos
1175 2405 1346 2458 libros
1392 2404 1642 2466 attexuit,
1674 2414 1862 2474 totque
1892 2403 2055 2458 Volu-

481 2493 692 2546 minutn
720 2494 820 2548 ὃὸ.
853 2494 1060 2558 Basilii,
1091 2496 1336 2566 Gregorii
1363 2493 1710 2557 Nazianzeni.
1733 2505 1789 2550 et
1821 2497 2052 2550 aliorum

479 2583 580 2637 sibi
627 2594 1031 2652 construxerat,
1077 2589 1355 2642 cumulum
1389 2589 1551 2642 diruit
1603 2588 1704 2642 hoc
1754 2589 1926 2658 lapsu,
1961 2589 2055 2643 de-

482 2686 729 2731 mortuus
763 2678 814 2731 in
868 2679 1085 2746 Sicilia;
1139 2690 1328 2735 sancto
1362 2679 1693 2752 Hieronymo
1730 2682 1926 2744 indice,
1960 2682 2052 2745 qui

479 2785 601 2823 emn
639 2767 948 2840 Scurpinm,
978 2783 1031 2826 et
1068 2773 1375 2827 Grunnium
1403 2783 1580 2834 vocat,
1611 2783 1664 2828 et
1710 2772 2053 2828 scribit‘Tri-

481 2860 681 2914 nucria:
725 2861 892 2914 humo
939 2865 1111 2930 premi
1163 2863 1303 2916 inter
1333 2861 1662 2918 Enceladum
1703 2873 1757 2918 et
1812 2847 2054 2936 Porphy-

484 2952 646 3017 rium,
677 2953 728 3005 in
755 2957 987 3021 primmn
1018 2953 1480 3009 Commentarium
1502 2956 1569 3010 ad
1597 2953 1794 3010 Ezech.
1829 2958 1878 3010 in
1907 2958 2050 3012 Prte-

484 3045 577 3098 fat.
629 3045 693 3098 ad
731 3045 1084 3100 Eustochium
1117 3057 1251 3101 tom.
1282 3046 1385 3113 lV,
1422 3064 1544 3119 pag.
1573 3049 1699 3110 330,
1733 3049 1785 3104 id
1838 3060 1939 3114 est,
1985 3051 2052 3106 ad

484 3136 726 3192 IEInam.
777 3138 1084 3194 (Iardinalis
1124 3139 1391 3196 Baronius
1441 3141 1734 3196 verisimile
1791 3149 1943 3211 putat
1989 3157 2054 3197 eo

487 3226 758 3282 Bullinum
801 3245 926 3283 cum
969 3229 1197 3284 Melania
1220 3231 1555 3301 confugisse,
1589 3241 1748 3301 capta
1789 3231 1958 3285 Roma
1986 3234 2052 3286 ad

485 3335 614 3374 ann.
643 3318 705 3375 C.
735 3320 860 3376 410.
911 3320 1121 3376 Laudat
1161 3338 1284 3378 eum
1327 3333 1550 3380 sanctus
1581 3323 1862 3386 Paulinus,
1893 3326 2051 3393 epist.

485 3412 519 3466 9
565 3412 630 3466 ad
665 3411 952 3481 Severum,
999 3415 1298 3486 scribitque
1333 3417 1400 3470 ad
1433 3415 1875 3485 eumdem.epist.
1903 3417 1969 3469 47
2002 3427 2056 3472 et

482 3505 574 3560 48.
625 3503 1059 3576 Origenistarum
1105 3510 1497 3580 antesignanus
1544 3507 1650 3563 fuit
1694 3509 1950 3574 habitus,
1999 3511 2054 3563 in

485 3613 644 3669 quem
689 3609 914 3656 sanctus
952 3599 1314 3674 Hieronymus
1345 3603 1473 3659 olim
1518 3603 1702 3658 socius
1736 3612 1789 3658 et
1821 3603 2053 3666 amicus,

484 3692 686 3762 _stylum
718 3692 854 3748 adeo
883 3693 1078 3748 acerbe
1118 3694 1387 3764 stringere
1432 3703 1658 3750 coactus
1717 3705 1818 3750 est.
1858 3696 2055 3750 Dolen-

486 3783 616 3838 dum
665 3786 910 3855 profecto
950 3787 1016 3840 de
1053 3785 1297 3857 Didymi,
1341 3785 1602 3852 Melanize,
1632 3786 1879 3851 Palladii,
1917 3786 2056 3842 Eva-

488 3875 611 3944 grii,
653 3876 964 3944 Rullinique
1008 3877 1248 3941 casibus,
1284 3886 1338 3930 et
1381 3877 1562 3932 stellas
1631 3878 1794 3933 hasce
1822 3878 2057 3935 caducas

486 3963 748 4022 Ecclesiae
784 3966 980 4021 deﬂere
1019 3967 1340 4022 deberemus
1375 3967 1636 4034 amarius,
1680 3967 1784 4022 nisi
1814 3970 2053 4038 suspica-

486 4071 674 4113 remur
703 4058 771 4112 ab
804 4058 888 4112 his
923 4073 1030 4111 non
1066 4066 1173 4110 tam
1207 4068 1472 4126 proterve,
1505 4067 1723 4128 tamque
1760 4059 2054 4129 pertinaci-

486 4159 570 4204 ter
591 4163 784 4219 pravas
813 4147 1062 4219 Origenis
1086 4150 1370 4218 opiniones
1399 4148 1567 4206 fuisse
1587 4150 1859 4214 defensas,
1894 4153 2056 4224 613

487 4243 736 4313 quamvis
754 4251 812 4296 ut
829 4257 1004 4295 scena:
1023 4245 1306 4309 servirent,
1329 4243 1407 4297 ira
1421 4253 1786 4299 transversum
1807 4245 1931 4308 acti,
1947 4262 2057 4300 cer-

489 4335 748 4403 tandique
770 4332 1042 4401 studio,let
1059 4333 1530 4401 calorell‘uerint,et
1551 4337 1766 4391 nomine
1792 4336 2055 4408 Pamphili

2162 1861 2284 1906 octo
2327 1854 2594 1907 adversus
2639 1861 2763 1907 octo
2816 1853 3160 1915 vitiositates,
3193 1868 3316 1922 qua:
3343 1850 3554 1906 Latine
3597 1852 3751 1906 vertit

2162 1945 2342 1996 omnia
2375 1943 2690 1998 Gennadius
2710 1983 2724 2007 ,
2756 1958 2822 1996 an
2849 1941 3129 1999 Bullinus?
3155 1958 3261 1998 non
3285 1953 3481 1998 autem
3517 1943 3661 1996 libet
3690 1945 3750 1998 de

2161 2030 2300 2087 Vitis
2329 2032 2578 2096 Patrum,
2609 2034 2662 2087 in
2695 2034 2893 2103 quibus
2931 2044 3141 2088 tantum
3163 2035 3416 2089 laudatur
3451 2033 3748 2104 Evagrins,

2161 2135 2222 2180 ut
2279 2126 2390 2179 vult
2433 2124 2768 2197 Rosweydus
2813 2123 2866 2177 in
2909 2123 3229 2180 Lausiacam
3281 2122 3548 2186 Palladii,
3599 2134 3658 2178 et
3702 2126 3747 2178 in

2159 2221 2557 2291 prolegomenis
2603 2219 2670 2274 ad
2705 2217 2856 2274 Vitas
2891 2216 3136 2270 Patrum.
3169 2215 3224 2269 ln
3259 2216 3531 2272 confesso
3569 2225 3748 2270 autem

2151 2299 2239 2370 est
2267 2313 2522 2368 omnibus
2549 2313 2743 2366 harum
2788 2311 2888 2364 150
2914 2309 3336 2374 sententiarum,
3365 2309 3524 2364 sicut
3547 2318 3606 2362 et
3628 2309 3747 2362 libri

2158 2403 2416 2456 adversus
2438 2408 2561 2454 octo
2579 2399 2908 2454 vitiositates
2936 2407 3218 2452 auctorem
3235 2411 3359 2452 esse
3376 2394 3598 2450 Nilum.
3622 2395 3748 2450 Vide

2157 2497 2485 2550 cardinalem
2541 2494 2834 2549 Baronium
2893 2493 2947 2548 in
2989 2501 3104 2546 not.
3156 2492 3224 2547 ad
3286 2491 3744 2562 Martyrologium

2157 2587 2483 2654 Romanum,
2525 2586 2876 2642 Possevinum
2916 2585 3068 2640 illum
3101 2599 3226 2639 cum
3262 2583 3624 2638 Antiocheno
3656 2585 3746 2636 mi-

2156 2691 2419 2737 scentem.
2452 2679 2726 2751 Quidquid
2760 2681 2848 2745 sit,
2880 2680 2994 2736 sive
3022 2679 3156 2734 alter
3183 2678 3252 2732 ab
3295 2677 3480 2732 altero
3518 2679 3596 2731 sit
3633 2693 3745 2731 mu~

2156 2782 2365 2836 tuatus,
2397 2773 2620 2828 damnat
2639 2771 2928 2843 Evagrium
2953 2769 3191 2825 Joannes
3218 2768 3531 2832 Climacus,
3572 2778 3635 2822 et
3668 2770 3743 2822 in-

2156 2865 2605 2936 sipientissimum
2651 2862 2904 2934 appellat,
2951 2870 3005 2917 et
3048 2861 3139 2914 τὺν
3167 2859 3464 2929 Θεηλάτην,
3501 2859 3557 2911 id
3584 2867 3691 2921 est,
3718 2874 3744 2910 ι

2157 2956 2299 3010 malo
2347 2955 2444 3010 Dei
2485 2957 2680 3026 spiritu
2739 2955 3002 3025 agitatum
3049 2952 3199 3022 grad.
3246 2952 3346 3014 14,
3375 2967 3432 3020 p.
3465 2949 3604 3003 203.
3646 2948 3744 3003 Sed

2158 3064 2280 3102 mox
2306 3048 2584 3118 copiosius
2616 3047 2719 3101 hac
2747 3047 2814 3101 de
2840 3046 3069 3100 mistura
3091 3044 3360 3108 tractabo,
3384 3043 3575 3112 deque
3604 3042 3745 3111 capi-

2158 3140 2304 3196 tibus
2333 3141 2592 3195 adversus
2622 3147 2749 3193 octo
2786 3139 2936 3193 vitia.

2224 3231 2477 3287 Occurrit
2495 3232 2638 3286 enim
2663 3230 2920 3300 ἐπιστολὴ
2947 3229 3252 3301 δογματικὴ
3275 3227 3406 3299 περὶ
3438 3227 3549 3296 τῆς
3589 3225 3746 3295 ἁγίας

2155 3327 2385 3397 Τριάδος
2408 3324 2547 3396 πρὸς
2581 3324 2706 3387 τοὺς
2738 3324 2798 3376 ὲν
2837 3323 3058 3393 πατρίδι
3087 3320 3419 3392 μονάζοντας
3473 3320 3649 3389 ἡνίκα

2155 3416 2213 3468 ἐν
2245 3412 2816 3469 Κωνσταντινουπόλει
2838 3411 2974 3482 μετὰ
3007 3408 3101 3464 τοῦ
3135 3410 3408 3482 μακαρίου
3438 3409 3482 3461 Γ
3490 3410 3741 3480 ρηγορξονε

2153 3505 2593 3578 Ναζιανζηνοῦἢ
2642 3505 2948 3558 ἐπισκόπου
2988 3502 3334 3566 Ναζιάνξου,
3371 3501 3496 3555 sive
3538 3501 3741 3568 δογμρρ

2154 3598 2307 3662 τικὸς
2328 3597 2507 3667 λόγος,
2542 3605 2603 3651 ut
2632 3596 2830 3666 legitur
2873 3596 2928 3650 in
2962 3594 3296 3648 Narrationis
3335 3591 3565 3646 Pacbon
3622 3591 3740 3661 Epi-

2155 3689 2622 3759 graphe,.incipit,
2651 3687 2916 3751 πολλάκις
2941 3685 3246 3756 ἐθαύμασα,
3274 3683 3326 3737 τί
3360 3685 3570 3754 δήποτε
3611 3685 3739 3753 πρὸς

2155 3782 2323 3852 ὑμᾶς.
2375 3780 2524 3851 Saepe
2562 3781 2758 3850 sapius
2796 3778 3093 3832 admiratus
3135 3777 3236 3846 fui,
3276 3792 3374 3829 cur
3413 3775 3638 3828 tandem
3677 3780 3735 3827 ad

2156 3890 2268 3929 vos.
2307 3871 2526 3928 Titulus
2552 3882 2733 3928 autem
2767 3871 2943 3926 editus
2977 3877 3061 3924 est
3084 3876 3139 3924 et
3172 3869 3225 3922 in
3256 3866 3518 3922 Latinum
3550 3882 3738 3922 versus

2154 3965 2399 4034 trajectis
2421 3965 2814 4035 aliquantisper
2839 3962 3041 4028 verbis,
3077 3970 3274 4016 etcum
3309 3968 3588 4014 tractatus
3613 3975 3742 4012 nun-

2156 4059 2345 4128 cupari
2383 4058 2686 4122 debuisset,
2717 4056 2896 4110 dictus
2927 4065 3010 4109 est
3043 4051 3250 4116 Sermo,
3289 4053 3396 4106 sive
3429 4051 3736 4118 dogmatira

2158 4148 2400 4218 Epistula
2429 4149 2492 4203 de
2521 4157 2710 4202 sancta
2744 4147 3002 4201 Trinitate
3035 4145 3104 4197 ad
3149 4160 3260 4207 eos,
3286 4144 3377 4212 qui
3404 4142 3579 4214 614
3629 4159 3737 4194 mo.

2157 4244 2413 4296 nasticam
2462 4243 2625 4294 vitam
2666 4241 2859 4310 degunt
2913 4239 2968 4290 in
3005 4237 3201 4304 patria,
3235 4235 3362 4288 dum
3414 4248 3562 4288 esset
3605 4234 3740 4288 Con.

2157 4333 2506 4402 stantinopoli
2535 4348 2652 4384 cum
2696 4331 2842 4384 beato
2870 4329 3124 4402 Gregorio
3153 4328 3396 4397 episcopo
3444 4324 3737 4386 Nazianzi,

490 4425 744 4495 martyris
783 4439 880 4494 pro
929 4439 996 4478 eo
1049 4425 1362 4495 Apologiam
1406 4426 1631 4480 ediderit
1667 4426 1957 4493 Eusrhius,
2003 4438 2057 4484 et
2089 4436 2132 4490 ι)
2156 4441 2248 4479 seu
2279 4423 2624 4478 Nazianzeno
2655 4421 2959 4490 :potuisset
2985 4421 3092 4475 dici
3120 4419 3480 4494 dogmaticus,
3507 4431 3609 4470 seu
3630 4415 3738 4486 dig-

485 4514 754 4580 Bullinus,
789 4516 882 4581 qui
915 4518 1054 4572 duas
1081 4517 1134 4572 in
1185 4527 1432 4572 sanetum
1485 4517 1870 4590 Hieronymum
1908 4521 2058 4576 inve-

486 4609 660 4663 ctivas
692 4610 854 4662 etiam
886 4609 1093 4676 effudit,
1141 4608 1338 4679 Sulpit.
1373 4611 1558 4666 Sever.
1607 4612 1808 4682 dialog,
1840 4631 1876 4678 ι,
1920 4629 1968 4668 c.
1999 4615 2054 4682 5,

485 4709 541 4756 ct
560 4701 688 4756 licet
717 4702 968 4757 absurdae
1024 4712 1077 4757 et
1111 4702 1313 4757 insana:
1349 4701 1547 4758 fuerint
1581 4703 1921 4774 Origenianae
1954 4706 2058 4762 illae

487 4805 773 4871 manantes
799 4813 830 4852 e
876 4797 1217 4866 philosophia
1248 4795 1486 4852 Platonis
1517 4800 1816 4865 sententiae,
1841 4816 1944 4854 non
1975 4809 2057 4855 ta-

487 4904 614 4944 men
633 4891 856 4944 omnino
877 4891 1147 4944 damnata:
1169 4888 1386 4944 fuerunt
1414 4899 1538 4944 ante
1559 4889 1813 4961 Vigilium
1838 4907 2053 4961 papam,

491 4981 569 5034 uti
604 4980 963 5037 Cassiodorus
1010 4982 1231 5045 asserit,
1271 4991 1326 5036 et
1355 4990 1481 5036 ante
1507 4984 1752 5052 quintam
1788 4984 2054 5054 synodum

389 5135 393 5140 ,
488 5073 544 5126 in
582 5072 730 5126 calce
755 5088 876 5127 can.
909 5073 972 5136 ll,
1010 5085 1116 5127 tam
1145 5073 1366 5139 diserte,
1393 5083 1454 5128 ut
1483 5072 1742 5145 Origenes
1773 5075 2060 5128 hasreticus

489 5175 806 5220 censeretur
839 5169 1079 5235 penitus,
1124 5180 1248 5220 cum
1283 5167 1577 5235 przesertim
1611 5166 1732 5232 ejus
1765 5181 1928 5232 opera
1962 5165 2060 5219 lal-

489 5266 604 5310 satu
638 5256 805 5312 luisse
829 5257 1176 5322 dicerentur;
1207 5272 1314 5326 qua
1344 5256 1410 5311 de
1438 5271 1498 5311 re
1527 5256 1765 5311 Joannes
1793 5256 1977 5319 Picus,
2005 5266 2058 5312 et

489 5347 764 5403 Gilbertus
806 5347 1190 5403 Genebrardus
1227 5348 1546 5403 consulendi
1579 5358 1726 5414 sunt,
1773 5357 1828 5402 et
1869 5364 2060 5404 recen-

491 5439 660 5494 tiores
673 5437 914 5505 Binetus,
941 5439 1266 5503 Halloixius,
1305 5449 1357 5494 et
1384 5437 1576 5493 Petrus
1597 5437 1782 5493 Daniel
1812 5438 2057 5508 Huetius,

493 5527 587 5596 qui
618 5537 745 5582 ante
790 5531 1080 5585 triennium
1110 5529 1399 5599 Rotomagi
1449 5527 1663 5583 duobus
1707 5529 1868 5584 tomis
1909 5545 2058 5599 quaa-

499 5631 713 5684 cunque
782 5620 1007 5687 reperiri
1062 5627 1358 5690 potuerunt
1416 5617 1667 5688 Origenis
1713 5620 2057 5692 scriptiones,

498 5703 682 5763 Greece
721 5709 1018 5780 Latineque
1041 5710 1353 5782 publicavit,
1387 5719 1442 5768 et
1470 5709 1754 5770 adornavit
1781 5713 1947 5770 notis.

2160 4519 2411 4584 maticus,
2441 4515 2533 4572 sed
2572 4515 2770 4570 retinui
2799 4513 3084 4568 lectionem
3121 4508 3432 4580 dogmatici.
3491 4507 3735 4572 Quatuor

2160 4625 2356 4682 genera
2390 4608 2643 4674 docendi,
2679 4607 2795 4662 sive
2823 4602 3212 4674 interpretandi
3245 4614 3458 4656 sacram
3490 4598 3736 4668 Scriptu-

2158 4719 2275 4759 ram
2318 4709 2670 4758 recensentur
2705 4718 2719 4752 :
2765 4698 3001 4774 primum
3048 4704 3132 4750 est
3154 4692 3550 4762 dogmaticum,
3579 4693 3735 4760 quasi

2159 4793 2813 4857 decretorium,-alterum
2843 4789 3266 4862 προστακτικὸν,
3299 4789 3416 4842 sive
3456 4787 3733 4855 imperati-

2158 4902 2308 4951 vum,
2343 4886 2568 4942 tertium
2611 4882 2908 4955 ὁριστικδν,
2943 4879 3248 4937 deﬁniendo
3275 4893 3495 4946 nempe,
3543 4892 3612 4932 ac
3642 4877 3732 4931 de-

2158 4979 2535 5044 terminando;
2584 4986 2836 5047 quartum
2887 4973 3260 5044 pr0pheticum
3285 5011 3302 5037 ,
3336 4968 3731 5032 denuntiando,

2161 5081 2319 5141 atque
2341 5069 2704 5142 przedicendo.
2736 5067 3040 5134 Διεξοδικόν
3066 5075 3149 5120 est
3177 5063 3340 5118 etiam
3359 5061 3621 5125 docendi,
3644 5077 3732 5115 sen

2161 5163 2431 5219 scribendi
2480 5177 2652 5232 genus
2711 5159 2789 5226 id,
2836 5173 2945 5230 quo
3012 5171 3099 5212 res
3149 5164 3442 5210 narrantur
3474 5163 3731 5222 perpetuo

2161 5270 2323 5310 cursu
2345 5253 2632 5309 orationis.
2656 5251 2860 5321 Dogma
2877 5249 3132 5305 delinitur
3151 5263 3183 5303 a
3215 5246 3393 5302 Psello
3411 5245 3470 5298 in
3496 5245 3732 5299 oratione

2161 5349 2231 5404 42
2258 5348 2431 5403 sancti
2459 5346 2704 5417 Gregorii
2731 5341 3057 5399 Narianzeni
3087 5357 3141 5412 p.
3169 5341 3274 5396 939
3293 5379 3308 5402 ,
3337 5339 3420 5395 rei
3452 5338 3657 5402 dubia,
3685 5344 3735 5391 et

2161 5449 2528 5496 controversa!
2551 5445 2674 5508 post
2701 5444 3011 5492 accuratam
3058 5432 3477 5503 inquisitionem
3509 5446 3732 5499 pronun-

2161 5533 2292 5587 tiata
2319 5531 2607 5587 sententia.
2635 5528 2916 5584 Vocantur
2945 5527 3198 5596 dogmata
3224 5523 3427 5594 placita
3473 5535 3728 5578 sectarum

2163 5640 2196 5679 a
2220 5631 2408 5678 sancto
2435 5622 2742 5694 Augustino
2761 5661 2777 5683 ,
2815 5619 2853 5675 ι.
2888 5636 2929 5684 ι,
2956 5635 3007 5674 c.
3039 5617 3128 5683 10,
3170 5616 3374 5682 ραιεετ.
3403 5613 3730 5687 Evangelia;

2165 5715 2247 5772 sic
2298 5712 2561 5785 Dogmata
2604 5712 2930 5770 Medicorum
2972 5725 3004 5768 a
3052 5709 3245 5768 saneto
3287 5707 3630 5779 Hieronymo
3673 5707 3731 5761 ad
