3838 6056
105 291 277 358 1341
1328 288 1424 362 DE
1466 302 1842 365 OPERIBUS
1880 305 1940 365 s.
1984 306 2166 366 NlL‘l.
3234 306 3373 370 1342

104 414 451 476 Paulinum,
478 415 799 483 Apltorismi,
823 427 876 470 et
916 418 1215 484 Opiniones,
1241 418 1354 473 sive
1382 419 1705 485 Sententia;
1736 426 1782 483 Α
1812 421 1954 476 edita
1985 422 2105 488 fuit,
2163 437 2285 475 nam
2329 424 2630 491 appositum
2664 422 2709 475 ei
2749 422 2869 485 fuit,
2923 437 3020 476 nec
3054 424 3372 487 essentiam,

104 508 223 563 sic
261 508 518 578 Dogmata
546 508 1023 577 philosophoruma
1058 508 1338 572 Cicerone,
1366 520 1419 564 et
1446 512 1600 577 aliis;
1626 515 1709 567 sic
1811 528 1985 580 neque
2014 511 2415 565 subsistentiam
2467 513 2519 564 in
2584 512 2693 564 Deo
2749 512 2945 566 dicere.
3000 510 3089 565 lsti
3133 513 3375 580 Ulphilas

108 601 357 672 Regula
378 602 605 668 juris,et
621 602 764 670 juris
789 601 1169 656 consultorum.
1198 601 1290 656 Est
1313 613 1365 657 et
1388 603 1711 659 Erotemati-
1810 605 2134 658 Gotthorurn
2158 604 2445 673 episcopus
2479 613 2605 657 tunc
2634 604 2864 673 primum
2901 605 3199 669 consensit,
3232 614 3378 658 ante-

105 708 271 747 cum
306 693 578 747 scribendi
628 708 820 763 genus,
864 694 1245 762 interrogando
1274 695 1501 757 scilicet,
1547 704 1711 765 atque
1810 697 1941 749 riori
1977 711 2210 764 namque
2245 706 2481 764 tempore
2520 698 2662 757 eam,
2708 711 2828 763 qure
2854 693 3044 748 Nicane
3080 697 3180 749 fuit
3208 674 3375 748 stabi-

107 792 575 862 respondeudo,~
602 792 746 861 quod
784 800 837 845 et
865 792 1055 846 Cicero
1096 795 1290 861 probat
1336 794 1389 847 in
1448 794 1601 849 libris
1640 794 1710 847 De
1810 788 1925 850 lita,
1976 788 2131 841 ﬁdem
2180 787 2460 854 amplexus
2496 796 2579 840 est
2626 787 2949 840 subsecutus
2994 784 3373 855 Theophilum,

108 895 356 936 oratore
385 883 450 937 ad
481 882 543 948 ρ.
571 883 837 948 Fratrem,
866 892 921 937 et
948 884 999 937 in
1034 882 1438 949 Partitionibus,
1467 900 1559 939 seu
1594 883 1713 938 Dia-
1809 881 1899 947 qui
1928 879 2248 933 Gottltorum
2284 880 2572 947 episcopus
2609 876 2836 932 Niczenae
2867 880 3070 948 synodo
3111 878 3375 943 interfuit,

109 976 402 1046 logicum,
423 977 566 1029 unde
592 975 883 1044 Dialogisla
906 975 1085 1031 dictus
1113 976 1419 1031 Antoninus
1434 978 1497 1030 A.
1525 993 1553 1030 a
1580 977 1712 1032 Cas—
1810 975 2260 1044 subscripsitque.
2311 973 2431 1027 llzec
2459 974 2675 1041 quidem
2703 973 2767 1026 de
2796 973 2897 1025 ista
2934 988 2989 1024 re
3026 971 3166 1025 dicta
3193 971 3319 1024 sint.
3353 990 3371 1020 ι

114 1066 251 1130 sio,
286 1073 347 1118 ut
378 1062 653 1118 Vulcatius
683 1064 995 1118 Gallicanos
1035 1063 1297 1127 allii-mat;
1330 1064 1409 1117 sic
1440 1064 1712 1116 Deﬁnitio—
1811 1066 1940 1132 Quae
1968 1066 2406 1135 quandoquidem
2444 1064 2494 1117 iu
2523 1063 2877 1118 Collectaueis
2912 1063 3080 1131 ipsius
3111 1061 3379 1115 Theodori

117 1171 245 1209 nes
294 1154 609 1209 orthodoxae
656 1153 828 1218 Fidei,
873 1170 967 1209 seu
1009 1154 1255 1208 Canones
1285 1194 1299 1218 ,
1354 1154 1708 1223 Regulreque,

123 1244 527 1300 Ecclesiastica
559 1246 837 1315 Dogmata,
880 1245 947 1301 de
994 1248 1189 1316 quibus
1222 1247 1515 1315 inscriptus
1538 1257 1619 1301 est
1651 1247 1715 1301 li-

120 1341 244 1394 ber
288 1339 551 1394 Gennadii
609 1337 989 1403 Massiliensis,
1020 1340 1291 1407 ascriptus
1337 1338 1473 1392 falso
1525 1347 1714 1393 saneto

120 1432 469 1502 Augustino,
500 1444 553 1485 et
580 1429 963 1485 Confessiones
1003 1430 1149 1494 ﬁdei,
1191 1445 1285 1484 seu
1329 1428 1625 1494 ’ExOécstg,
1661 1429 1712 1483 id

123 1530 251 1587 est,
307 1519 703 1590 Expositiones,
742 1520 1050 1588 cujusmodi
1084 1530 1167 1573 est
1199 1520 1289 1572 illa
1318 1517 1613 1573 Justiniani
1648 1520 1711 1571 Α.

125 1628 267 1679 quae
299 1612 499 1666 inserta
531 1611 633 1665 fuit
656 1611 696 1668 ι.
726 1610 872 1665 Inter
890 1611 1064 1663 claras
1090 1610 1143 1675 4,
1178 1610 1239 1665 C.
1277 1610 1350 1664 De
1373 1627 1563 1663 summ.
1597 1609 1715 1663 Tri-

126 1707 244 1759 nit.
293 1705 433 1759 etin
483 1703 733 1759 conciliis
776 1703 1147 1769 mcumenicis,
1189 1703 1270 1757 vel
1297 1704 1715 1773 particularibus

1811 1160 2035 1229 prolatis
2064 1158 2119 1212 in
2149 1158 2385 1212 editione
2416 1156 2711 1210 Parisiensi
2771 1155 2908 1209 1544
2941 1155 2991 1207 in
3027 1154 3119 1208 fol.
3158 1170 3262 1208 non
3290 1169 3378 1207 re—

1816 1251 2118 1319 periuntur,
2176 1248 2264 1302 hic
2303 1249 2455 1301 libuit
2498 1249 2758 1301 intexere.
2796 1246 2868 1300 Ea
2921 1248 3164 1315 profecto
3204 1247 3381 1299 lucem

1814 1340 2079 1408 accipient
2117 1339 2474 1393 clarissimam
2516 1354 2578 1391 ex
2616 1338 2698 1391 Itis
2721 1380 2735 1403 ,
2789 1352 2910 1404 qua:
2960 1337 3113 1390 affert
3149 1337 3382 1393 Severus

1815 1429 2075 1499 Sulpitius
2124 1431 2176 1483 in
2227 1430 2323 1483 lib.
2356 1447 2390 1483 II
2422 1428 2600 1483 Sacra:
2650 1428 2926 1491 Historiae,
2962 1438 3013 1481 et
3043 1436 3228 1481 narrat
3258 1443 3384 1480 san-

1813 1534 1936 1578 ctus
1961 1523 2294 1577 Athanasius
2345 1526 2407 1574 tle
2440 1522 2673 1592 Synodis
2722 1520 2972 1583 Arimini,
3005 1530 3056 1573 et
3098 1518 3379 1581 Seleuciae,

1814 1630 1878 1669 ac
1913 1617 2113 1685 passim
2146 1624 2226 1669 'et
2277 1614 2705 1683 llistoriographi
2750 1612 3124 1667 ecclesiastici.
3159 1610 3384 1664 Exstant

1816 1708 1989 1777 ipsius
2021 1708 2196 1763 sancti
2232 1706 2514 1760 Athanasii
2558 1706 2885 1777 symbolum,
2935 1705 3077 1773 quod
3133 1704 3185 1756 in
3213 1703 3385 1764 eccle-

128 1812 485 1865 quzeeunque
510 1796 779 1866 symbolo,
816 1796 927 1865 jam
958 1811 1130 1864 usque
1158 1811 1189 1849 a
1217 1795 1438 1849 Niczeno
1479 1804 1712 1859 exstant,
1749 1772 1789 1826 Β
1816 1772 2037 1855 siastieo
2088 1800 2343 1853 recitatur
2390 1772 2603 1861 Ofﬁcio,
2649 1807 2701 1851 et
2752 1772 3033 1865 Expositio
3092 1796 3212 1850 ﬁdei
3242 1813 3256 1860 ;
3292 1794 3383 1848 diu

127 1889 366 1943 memini
392 1903 478 1942 me
504 1889 634 1941 olim
668 1888 865 1957 legisse
896 1887 949 1940 in
976 1888 1109 1941 Cod.
1136 1885 1257 1941 Vat.
1292 1887 1450 1951 1455,
1497 1903 1548 1956 p.
1579 1887 1713 1954 σλγ’,

132 1996 243 2035 seu
288 1974 392 2034 253
438 1995 687 2033 manusc.
738 1980 851 2033 haec
900 1998 913 2032 :
972 1979 1066 2031 Ἐκ
1104 1979 1201 2048 τῆς
1256 1977 1717 2047 ὲκκλησιαστικῆς

135 2078 392 2148 ἱστορίας
442 2077 717 2147 Θεοδώρου
788 2075 1160 2139 Ἀναγνώστου
1214 2074 1719 2128 Κωνσταντινουπό-

135 2170 303 2233 λεως.
331 2172 499 2223 Πόσαι
528 2172 584 2222 αἱ
612 2171 707 2240 τῆς
746 2169 981 2231 πίστεως
1020 2168 1263 2230 ἐκθέσεις
1290 2184 1304 2199 ·
1334 2160 1493 2221 αὗται
1531 2167 1629 2237 μὲν
1660 2169 1717 2219 ὲν

134 2263 709 2315 Κωνσταντινουπόλει
737 2262 859 2315 τότε
895 2261 1296 2331 ἀνεγνώθησαν,
1339 2262 1497 2330 ἡμεῖς
1532 2260 1590 2312 δὲ
1625 2259 1718 2312 τὸν

134 2355 468 2425 λαϐύρινθον
506 2356 613 2408 τῶν
658 2355 922 2407 ἐκθέσεων
951 2353 1049 2421 ὀψέ
1091 2369 1219 2405 ποτε
1256 2352 1601 2414 διανύσαντες
1629 2352 1719 2403 τὸν

137 2447 565 2519 ἀπαριθμισμὸν
596 2446 777 2500 αὐτῶν
837 2445 1218 2515 συνηγάγομεν
1242 2459 1254 2473 ·
1292 2445 1430 2514 μετὰ
1460 2444 1567 2515 γὰρ
1620 2445 1719 2514 τὴν

138 2542 206 2593 ὲν
229 2539 432 2609 Νικαίᾳ
455 2539 658 2601 πίστιν,
680 2536 905 2607 ὕστερον
942 2538 1000 2589 ὲν
1042 2537 1345 2605 Ἀντιοχείᾳ
1373 2538 1485 2599 τοῖς
1530 2538 1719 2603 ἐγκαι-

135 2628 281 2693 νεοις
324 2629 513 2687 δισσὰς
548 2627 793 2690 ἐκθέσεις
833 2626 1235 2698 ὑπηγόρευσαν,
1274 2624 1432 2697 τρίτη
1465 2627 1522 2678 δέ
1572 2628 1719 2678 ἐστιν

138 2724 179 2792 ή
200 2720 511 2775 ἐπιδοθεῖσα
529 2721 633 2773 ὑπὸ
646 2719 752 2772 τῶν
772 2719 899 2789 περὶ
916 2719 1225 2789 Νάρκισσον
1248 2718 1305 2770 ὲν
1324 2720 1443 2780 ταῖς
1471 2717 1718 2779 Γαλλίαις

136 2815 223 2885 τῷ
259 2814 468 2885 βασιλεί
496 2813 862 2865 Κωνστὰντει.
897 2811 1055 2881 Ἀρτι
1079 2808 1356 2881 [τετάρτη]
1386 2808 1441 2861 δὲ
1468 2808 1585 2879 nar
1617 2808 1721 2860 Εὑ-

138 2906 323 2971 δοξίου
366 2907 478 2969 τοῖς
531 2906 588 2957 ἐν
634 2904 835 2975 Ἰταλίᾳ
876 2903 1214 2973 πεμφθεῖσα.
1276 2902 1364 2955 Ἐν
1395 2902 1452 2954 δὲ
1509 2900 1721 2970 Σιρμίῳ

138 3002 297 3071 τρεῖς
356 2996 811 3069 ὑπηγορεύθησαν
873 2991 947 3052 ὧν
990 2996 1089 3067 μία
1138 2997 1197 3049 ὲν
1272 2992 1533 3065 Ἀριμίνῳ
1584 2994 1721 3063 μετὰ

1816 1903 1972 1948 antea
2007 1909 2034 1947 a
2065 1894 2223 1948 beato
2253 1890 2463 1946 Joanne
2494 1892 2824 1959 evangelista
2844 1899 3064 1944 sanctus
3090 1888 3385 1957 Gregorius

1814 1986 2285 2046 Neoczrsariensis,
2324 2002 2351 2038 a
2383 1985 2768 2039 miraculorum
2802 1984 2955 2051 copia
2996 1984 3173 2036 dictus
3205 1980 3382 2034 Thau-

1817 2086 2123 2148 maturgus,
2156 2079 2419 2131 didicerat
2456 2078 2846 2131 interveniente
2884 2077 3231 2130 sanctissima
3262 2073 3385 2125 Vir-

1817 2169 1941 2240 gine
1971 2171 2060 2223 Dei
2115 2169 2389 2223 Genitrice
2434 2169 2646 2221 brevem
2706 2168 2824 2221 ﬁdei
2867 2166 3287 2229 coofessiouem,
3333 2165 3385 2216 in

1818 2278 1921 2331 qua
1970 2264 2252 2323 asseritur,
2289 2256 2366 2324 εἷς
2419 2262 2548 2324 θεὸς
2579 2259 2787 2328 Πατὴρ,
2832 2252 2909 2318 εἷς
2952 2257 3083 2320 Θεὸς
3135 2259 3198 2309 ὲκ
3250 2255 3387 2307 Θεοῦ

1820 2355 1999 2422 σοφία,
2032 2353 2088 2405 ἓν
2112 2354 2333 2421 Πνεῦμα
2364 2354 2537 2420 ἅγιον,
2585 2369 2636 2422 p.
2670 2353 2725 2404 fl
2768 2350 3025 2420 Operutn.
3072 2347 3389 2417 Promulga-

1818 2447 1961 2500 vitis
1986 2447 2206 2514 insuper
2228 2444 2630 2514 Expositionetu
2655 2443 2776 2497 fidei
2808 2443 3067 2495 adversus
3086 2439 3383 2493 Elianum.

1818 2538 2227 2594 Cousueverant
2274 2539 2340 2591 ad
2376 2537 2667 2589 discrimen
2722 2535 3101 2588 haereticorum
3138 2532 3386 2585 catholici

1819 2631 2058 2700 episcopi
2113 2646 2303 2684 recens
2358 2629 2509 2683 electi
2546 2630 2759 2682 mittere
2798 2625 3255 2695 Cbirographum,
3295 2640 3387 2677 seu

1821 2724 1946 2778 ﬁdei
1998 2722 2308 2777 Formulam
2364 2722 2430 2775 ad
2466 2722 2599 2775 alios
2647 2720 2961 2790 episcopos;
3014 2727 3198 2789 postea
3245 2716 3387 2770 enim

1819 2819 2155 2889 pullularunt
2201 2818 2433 2871 haereses
2466 2825 2721 2883 tanquam
2757 2815 2966 2868 zizania
3014 2814 3065 2866 in
3114 2811 3391 2881 Evangelii

1822 2927 1951 2981 agro
1976 2927 2097 2965 cum
2141 2920 2385 2964 semente
2413 2910 2555 2963 bona
2588 2909 2757 2963 laetius
2786 2908 3122 2975 germinante
3151 2924 3164 2958 :
3196 2905 3249 2958 in
3283 2904 3392 2959 ele—

1821 3002 2017 3057 ctionis
2058 3000 2371 3070 primordiis
2401 2999 2637 3069 episcopi
2661 2996 3099 3052 transmittebant
3133 2994 3233 3049 sibi
3276 3010 3394 3045 tnu-

141 3089 1715 3159 τῆςὺπατείας....................

1827 3107 1923 3147 tuo
1955 3093 2246 3163 Epistolas,
2280 3100 2334 3145 et
2365 3090 2431 3144 ad
2466 3089 2621 3144 Rom.
2675 3088 3007 3159 pontiﬁcem,
3039 3095 3092 3140 et
3131 3086 3197 3140 ad
3230 3084 3390 3137 Rom.

146 3180 437 3249 (Εὐσεῦίου
475 3180 569 3233 καὶ
605 3178 918 3251 ’Υπατίου),
951 3179 1184 3250 legerem
1214 3192 1243 3231 e
1278 3175 1609 3233 Gothofredo
1667 3177 1721 3229 in

141 3272 410 3326 Chronol.
435 3270 567 3327 Cod.
603 3270 874 3325 Theodos.
909 3271 973 3324 ad
1011 3286 1213 3323 attnum
1253 3269 1454 3323 Christi
1494 3267 1559 3322 N.
1591 3267 1716 3322 559.

156 3362 522 3432 Ἀνεγνώσθη.
562 3361 824 3431 Ὀγδόηδέ
877 3363 1024 3414 ὲστιν
1070 3362 1103 3432 ἠ
1161 3362 1219 3414 ἐν
1277 3360 1601 3430 Σελευκείᾳ,
1653 3359 1722 3429 ἢν

145 3452 351 3522 οἱπερὶ
408 3452 660 3504 Ἀκάκιον
692 3449 1121 3517 ἀνεγνώκεισαν,
1172 3450 1458 3503 τελευταία
1495 3451 1551 3502 δὲ
1600 3450 1723 3520 ἥτις

142 3543 208 3594 ὲν
235 3539 766 3593 Κωνσταντινοπόλει
794 3539 932 3609 μετὰ
958 3540 1057 3606 τῆς
1078 3538 1719 3609 προσθήκης,ὲκδέδοται.

144 3634 480 3703 Προσέκειτο
529 3633 639 3702 γὰρ
669 3632 805 3702 αὐτῇ
855 3632 988 3701 μήτε
1013 3631 1222 3694 οὐσίαν,
1260 3631 1394 3700 μήτε
1426 3629 1723 3681 ὑπόστασιν

144 3728 245 3779 ἐπὶ
277 3725 411 3779 Θεοῦ
444 3726 644 3795 λέγειν.
679 3725 863 3795 Ταύτῃ
896 3725 991 3778 καὶ⁵
1035 3723 1306 3793 Οὺλφῧιας
1355 3722 1462 3775 τῶν
1512 3722 1723 3774 Γότθων

148 3817 448 3880 ἐπίσκοπος
485 3817 607 3870 τότε
624 3816 839 3886 πρῶτον
862 3814 1135 3868 συνέθετοο
1154 3814 1261 3867 τῶν
1283 3813 1391 3883 γὰρ
1418 3812 1725 3882 ἔμπροσθεν

147 3910 383 3980 χρόνων,
414 3908 511 3978 τὴν
546 3910 604 3962 ὲν
651 3908 859 3978 Νικαίᾳ
907 3907 1090 3959 πίστιν
1124 3905 1400 3968 ἀσπάζετο
1456 3906 1723 3974 ἑπόμενος

148 3999 396 4069 θεοφίλῳ
425 4000 482 4061 ὃς
508 3997 616 4050 τῶν
643 3997 857 4049 Γότθων
890 3995 1187 4059 ἐπίσκοπος
1212 3994 1287 4047 ὣν
1322 3996 1388 4065 τῇ
1439 3995 1495 4045 ὲν
1519 3994 1727 4064 Nimia}.

150 4092 363 4161 Συνόδῳ
418 4091 607 4162 παρὼν
655 4088 1068 4161 καθυπέγραψε.
1132 4088 1383 4141 Τοσαῦτα
1436 4088 1533 4157 μὲν
1597 4088 1726 4155 περὶ

147 4180 324 4236 ταῦτα
348 4182 607 4253 εἰρήσθω.
642 4181 773 4247 Quae
792 4180 980 4235 Latine
1008 4181 1081 4234 ita
1113 4179 1356 4233 reddidi:
1383 4196 1400 4228 ι
1430 4177 1515 4232 Ex
1543 4177 1726 4230 Eccle-

151 4277 373 4331 siastica
408 4274 653 4328 Historia
683 4272 955 4328 Theodori
982 4271 1228 4327 Lectoris
1260 4272 1724 4339 Constantinopo-

153 4369 247 4424 lis.
288 4367 514 4433 Quantaa
554 4368 665 4421 sint
712 4365 861 4419 Fidei
902 4363 1297 4433 Expositiones.
1342 4360 1463 4417 Ista:
1504 4362 1721 4432 quidem

1828 3186 2149 3246 Ecclesiam,
2210 3199 2331 3253 quw
2361 3181 2516 3251 quasi
2567 3182 2632 3235 ad
2667 3192 2912 3236 centrum
2963 3180 3119 3233 linea:
3151 3177 3392 3231 omnium

1821 3279 2204 3347 episcOporum
2230 3274 2712 3330 ecircumfereutia
2743 3273 2908 3327 totius
2937 3270 3097 3325 Orbis
3124 3278 3390 3323 terrarum

1824 3369 2197 3424 referebantur
2230 3410 2245 3434 ,
2285 3370 2552 3423 vocabant
2607 3365 2921 3435 Encyclicas
2949 3403 2964 3428 ,
3018 3360 3392 3417 communica-

1824 3462 2029 3516 toriase
2058 3480 2101 3515 s.
2121 3459 2352 3529 August.
2376 3459 2532 3526 epist.
2561 3457 2683 3519 165,
2709 3464 2762 3510 et
2782 3456 3039 3510 formatas
3074 3469 3139 3508 ex
3180 3452 3385 3521 Optat.,

1823 3568 2053 3623 quarum
2085 3551 2344 3606 societate
2372 3550 2781 3604 concordabant
2809 3566 2821 3602 :
2858 3546 3248 3617 professionem
3292 3545 3396 3597 'nlla:

1824 3646 2197 3707 continebant,
2233 3659 2329 3699 seu
2364 3642 2655 3696 formulam
2686 3640 2831 3703 ﬁdei,
2882 3640 2961 3693 uti
3000 3649 3260 3693 tesseram
3300 3652 3395 3705 pro

1824 3736 2191 3792 ecclesiastica
2228 3736 2602 3795 unanimitate,
2640 3743 2801 3801 atque
2826 3732 3209 3786 communicnc
3245 3748 3258 3783 :
3289 3730 3395 3782 hu-

1820 3828 2124 3899 juscemodi
2161 3838 2241 3882 est
2279 3828 2506 3895 epistola
2535 3826 2754 3879 Damasi
2789 3841 2937 3894 papa?
2972 3823 3132 3893 primi
3167 3822 3230 3875 ad
3257 3822 3397 3875 Pau-

1827 3921 1997 3973 linum
2031 3920 2345 3988 episc0pum
2388 3918 2783 3971 Antiocbeuum
2833 3917 2886 3969 in
2919 3925 3049 3968 tom.
3086 3914 3312 3968 Concill.
3337 3931 3393 3983 p.

1824 4012 1949 4067 228.
1983 4012 2114 4066 edit.
2157 4011 2355 4065 Crabb.
2398 4010 2722 4063 Theodoret.
2767 4009 2918 4062 Hist.
2964 4007 3164 4061 Eccles.
3204 4006 3297 4059 lib.
3342 4023 3394 4067 v,

1826 4104 1997 4159 c.10.
2040 4102 2169 4157 Vide
2201 4102 2471 4156 Honorem
2528 4100 2752 4154 l-louorii
2805 4116 2834 4153 a
2886 4082 2977 4154 me
3023 4100 3394 4163 vindicatum;

1827 4212 1951 4249 nam
1992 4205 2045 4249 et
2078 4204 2201 4248 ante
2227 4198 2692 4247 consecrationem
2733 4194 2965 4247 edebant
3014 4191 3133 4245 ﬁdei
3190 4190 3398 4244 formu-

1826 4290 1954 4354 lam;
1978 4296 2032 4341 et
2062 4287 2176 4357 ipse
2204 4286 2482 4341 Romanus
2514 4284 2755 4356 pontifex
2780 4284 3114 4353 reliquorum
3148 4281 3398 4351 princeps

1825 4381 1989 4436 istum
2012 4394 2340 4433 consensum
2366 4378 2675 4447 praestabat,
2707 4393 2798 4430 seu
2822 4374 3215 4444 professionem
3250 4372 3398 4436 fidei,

151 4458 625 4526 Constantinopoli
673 4468 803 4512 tunc
838 4458 987 4512 lectae
1024 4456 1277 4520 fuerunt,
1322 4471 1421 4511 nos
1463 4471 1590 4509 vero
1626 4454 1722 4509 La-

1829 4488 1947 4542 qua:
1985 4472 2179 4539 legitur
2207 4471 2259 4524 in
2292 4470 2524 4525 concilio
2547 4469 2920 4523 Constantien.
2951 4482 3084 4520 sess.
3106 4465 3173 4520 59
3200 4465 3401 4518 editio-

152 4553 469 4626 byrintbum
522 4550 935 4626 Expositiouum
994 4549 1208 4603 tandem
1265 4547 1557 4617 aliquando
1600 4563 1724 4602 eum

156 4642 772 4719 perfecissemus,615
808 4622 1097 4696 numerum
1124 4643 1336 4695 illarum
1389 4640 1724 4708 collegimus.

158 4742 368 4795 Etenim
402 4748 522 4809 post
540 4738 697 4791 ﬁdem
729 4734 920 4789 Niceeze
948 4736 1170 4799 editam,
1193 4734 1315 4787 dein
1348 4734 1648 4788 Antiochia:
1675 4735 1725 4787 in

156 4832 448 4897 Encaeuiis,
493 4833 606 4886 sive
649 4839 903 4882 renovata
936 4827 1197 4889 Ecclesia,
1234 4837 1324 4880 aut
1359 4828 1538 4895 potius
1583 4826 1730 4880 exci—

156 4934 273 4980 tato
305 4924 604 4987 Dominico,
627 4939 693 4977 ex
745 4920 1098 4991 Hieronymo,
1139 4920 1384 4983 Socrate,
1420 4919 1729 4973 Sozomeno

155 5036 215 5078 et
255 5023 517 5077 Albanas.
585 5020 830 5089 duplices
885 5017 1266 5086 Expositiones
1317 5028 1726 5087 suggesserunt.

158 5114 339 5169 Tertia
384 5130 516 5168 vero
559 5124 662 5176 est,
698 5126 819 5180 quae
861 5110 1055 5163 tradita
1085 5107 1184 5161 fuit
1222 5108 1290 5161 ab
1335 5110 1441 5171 his,
1477 5110 1568 5178 qui
1600 5124 1728 5161 cum

158 5212 419 5267 Narcisso
447 5218 605 5265 erant
638 5210 690 5262 in
734 5207 946 5269 Galliis,
980 5216 1032 5260 et
1063 5206 1240 5261 oblata
1268 5204 1581 5274 imperatori
1629 5205 1731 5260 fuit

161 5301 473 5359 Constanti.
524 5300 730 5363 Quarta
759 5309 939 5353 autem
982 5298 1050 5352 ab
1080 5297 1325 5352 Eudoxio
1355 5298 1520 5350 missa
1561 5313 1732 5366 nuper

158 5393 270 5457 his,
298 5393 389 5462 qui
422 5402 579 5445 erant
611 5392 664 5445 in
693 5391 879 5456 ltalia;
913 5388 1095 5451 Sirmii
1127 5404 1253 5441 vero
1295 5396 1405 5441 tres
1437 5388 1731 5441 enuntiataz

160 5481 560 5549 sunt,|quarum
586 5495 691 5533 una
716 5478 946 5531 Arimini
977 5487 1095 5546 post
1124 5478 1466 5531 consulatum
1493 5475 1729 5540 Eusebii,

159 5579 217 5625 et
237 5568 445 5641 Hypatii
477 5570 613 5623 lecta
645 5569 774 5633 fuit;
805 5566 1003 5623 Octava
1050 5577 1152 5634 est,
1204 5582 1322 5636 qua:
1365 5567 1468 5621 fuit
1515 5568 1730 5622 condita

164 5662 443 5726 Seleuciae,
490 5677 653 5732 quam
697 5661 789 5733 qui
839 5677 962 5718 cum
1011 5662 1210 5717 Aeacio
1259 5669 1415 5715 erant
1464 5660 1728 5731 legerunt.

166 5754 363 5812 Ultima
392 5755 646 5826 denique,
680 5770 799 5827 qua:
820 5755 1287 5828 Constantinopoli
1312 5769 1437 5813 cum
1458 5753 1733 5813 additione

1830 4564 1915 4618 nis
1953 4562 2292 4628 Crabbianze,
2324 4571 2377 4617 et
2403 4563 2453 4615 in
2486 4561 2753 4615 Basileen.
2799 4575 2936 4613 sess.
2968 4558 3038 4612 9'5
3080 4568 3133 4612 et
3178 4556 3267 4611 38.
3307 4555 3399 4608 Di-

1829 4657 1971 4711 rexit
2003 4654 2337 4708 Francorum
2370 4655 2479 4722 regi
2521 4654 2867 4709 Cbildeberto
2908 4651 3159 4720 Pelagius
3191 4664 3323 4719 papa
3348 4665 3397 4703 c.

1831 4745 2215 4816 Satagendum,
2256 4747 2421 4816 616
2439 4745 2531 4807 “25,
2555 4762 2608 4814 q.
2629 4743 2668 4809 I,
2684 4743 2931 4813 Philippo
2963 4742 3144 4796 itidem
3165 4739 3401 4794 Franco-

1829 4855 1949 4893 rum
1964 4854 2179 4908 quoque
2196 4837 2325 4908 Regi
2342 4840 2389 4907 (e
2405 4838 2619 4902 Bzovio,
2635 4847 2685 4890 et
2704 4836 2910 4905 Ruheo)
2927 4834 3232 4887 Bonifacius
3255 4841 3404 4885 octa-

1829 4947 1929 4985 vus
1953 4947 2097 4996 eam,
2142 4946 2305 5000 quam
2360 4940 2489 4983 tunc
2538 4929 2652 4998 ipse
2702 4929 3043 4991 recitaverat,
3079 4927 3207 4980 dum
3240 4925 3402 4979 iniret

1830 5024 2227 5093 pontiﬁcatum,
2278 5031 2563 5090 exstatque
2620 5038 2720 5076 ms.
2773 5021 2827 5073 in
2892 5019 3089 5074 Codice
3140 5017 3402 5071 Vaticano

1830 5116 1990 5171 4905.
2026 5114 2211 5169 Refert
2238 5124 2291 5169 et
2326 5114 2464 5167 hanc
2495 5111 2889 5181 professionem
2917 5110 3209 5164 cardinalis
3238 5109 3403 5161 Baro-

1832 5209 1958 5263 nius
2011 5220 2160 5262 tomo
2213 5206 2258 5259 X
2288 5206 2580 5261 Annalium
2630 5204 3121 5260 ccclesiasticorum
3164 5201 3229 5253 ad
3271 5216 3397 5253 ann.

1832 5300 1955 5365 869,
2002 5315 2033 5353 e
2067 5298 2267 5353 Codice
2314 5298 2526 5351 calamo
2567 5306 2794 5350 exarato
2824 5295 3046 5349 Antonii
3089 5292 3399 5360 Augustini.

1832 5392 2056 5459 quieam
2082 5391 2447 5459 exscripserat
2471 5404 2500 5443 e
2517 5389 2713 5443 diurno
2745 5389 2934 5443 codice
2952 5385 3215 5439 Vaticano
3240 5383 3400 5436 5502.

1833 5484 1964 5538 Eam
1988 5483 2113 5537 inde
2140 5481 2342 5545 laudat,
2364 5491 2419 5536 et
2439 5497 2469 5535 e
2494 5481 2784 5535 Panormia
2823 5479 3001 5532 lvonis
3029 5476 3402 5539 Carnotensis,

1832 5573 2419 5637 cardinalisCusanus,
2449 5588 2544 5627 seu
2576 5573 2642 5626 de
2680 5571 2845 5633 Cusa,
2875 5569 2967 5622 lib.
2994 5584 3031 5623 ll
3063 5566 3139 5620 De
3185 5582 3401 5619 concor~

1833 5666 2018 5720 dantia
2038 5664 2318 5729 catholica,
2342 5679 2394 5733 p.
2431 5664 2551 5718 745.
2584 5662 2658 5718 De
2682 5662 2771 5716 illa
2796 5661 3041 5730 Crespet.
3075 5659 3127 5714 in
3148 5657 3210 5713 V.
3244 5656 3405 5726 Papw

1835 5758 2133 5840 professioa
2167 5755 2571 5814 Professionem
2603 5755 2727 5813 ﬁdei
2758 5753 3032 5812 Adrianus
3077 5752 3238 5810 etiam
3266 5766 3402 5821 papa
