3838 6056
476 247 612 314 1343

1400 259 1551 323 JOS.
1593 265 1859 328 mam
1900 269 2264 335 semesa
2297 231 2798 340 mssa-Bruto

3613 281 3752 348 1341

467 366 828 428 exhibuerat;
870 366 1094 422 abbates
1123 382 1339 445 quoque
1370 381 1536 442 atque
1573 374 1698 430 laici
1732 375 2041 435 Professio-
2067 387 2117 444 Α
2143 386 2341 454 opinor
2387 387 2648 457 scriptam
2676 387 2974 458 Epistolam
3005 386 3107 443 25!
3159 388 3256 443 lib.
3293 407 3308 444 I
3346 389 3550 445 lsidori
3587 392 3753 446 Pelu-

469 473 564 511 ncs
585 457 892 524 ediderunt,
918 468 973 512 et
1003 462 1426 520 transmiserunt
1459 482 1630 536 papae,
1659 476 1719 523 ut
1747 468 2038 542 Gregorius

467 549 754 607 Pauzanus
784 552 1072 623 episcopus
1111 553 1346 610 Mileten.
1395 558 1447 612 in
1505 576 1604 615 ms.
1653 560 2042 622 Dissertatione

466 639 534 694 de
565 642 872 696 ohedientia
901 645 1142 713 pontiﬁci
1162 645 1398 702 Maximo
1421 649 1664 704 exhiberi
1692 653 1853 708 solita
1884 669 1914 708 a
1949 669 2039 709 re—

469 735 626 802 gibus
655 752 668 789 :
705 737 1042 793 r’ecensetita
1085 739 1310 810 Flaccus
1338 743 1588 811 Albinus,
1629 746 1742 802 sive
1775 747 2042 806 Alcuinus

466 842 607 890 eam,
640 844 802 898 quam
852 832 1217 901 promulgavit
1271 835 1332 887 R.
1365 835 1424 890 Ρ.
1458 835 1784 896 Franciscus
1827 842 2042 898 Chiflle-

469 917 613 983 tius,
657 917 885 974 Divioue
931 921 1068 976 1656
1111 924 1164 977 in
1199 923 1254 978 4.
1292 926 1367 979 Ita
1420 925 1707 985 I‘leraclius
1748 931 2042 1003 imperator

463 1010 610 1066 circa
641 1012 1138 1081 Monothelismum,
1159 1034 1254 1073 seu
1288 1022 1622 1078 voluntatem
1644 1026 1858 1082 unicam
1884 1027 2043 1084 Chri-

465 1104 532 1156 sti
553 1119 569 1167 ;
586 1103 708 1172 jure
721 1105 999 1160 damnavit
1016 1108 1160 1162 illam
1178 1107 1569 1184 Joannespapa
1595 1116 1650 1170 in
1665 1118 1895 1189 synodo,
1914 1130 1970 1176 et
1984 1123 2040 1177 in

465 1195 713 1264 epistola,
745 1213 908 1268 quam
936 1201 1154 1271 scripsit
1185 1204 1250 1258 ad
1281 1203 1697 1264 Constantinum
1716 1211 1784 1265 A.
1815 1226 1845 1266 e
1867 1210 2044 1269 Theo—

465 1287 659 1355 phane,
705 1297 758 1343 et
795 1288 1066 1348 Cedreuo.
1098 1291 1163 1348 Et
1209 1293 1504 1364 imperator
1540 1315 1710 1356 ausus
1760 1317 1902 1358 arcte
1947 1303 2041 1361 Dei

468 1392 685 1432 manum
717 1380 1030 1446 admovere,
1067 1386 1242 1440 instar
1271 1386 1436 1452 Oziae,
1467 1401 1520 1444 et
1558 1391 1840 1448 thuribulo
1877 1411 2044 1466 super

467 1467 634 1521 altare
662 1469 1053 1539 thymiamatis,
1093 1475 1237 1528 velut
1279 1475 1462 1543 Ozias,
1504 1479 1701 1536 misere
1735 1483 2040 1550 cruciatus,

464 1569 517 1614 et
539 1575 831 1629 percussus
864 1564 1086 1632 interiit,
1116 1570 1260 1623 sicut
1294 1570 1422 1625 Saul
1445 1572 1641 1627 offerre
1666 1575 2039 1634 holocaustum

461 1656 516 1701 et
562 1650 786 1718 paciﬁca
819 1652 969 1725 (Reg.
998 1657 1092 1711 lib.
1126 1656 1147 1710 Ι
1175 1675 1224 1714 c.
1259 1676 1379 1723 χιιι.
1417 1671 1470 1716 et
1502 1663 1596 1717 lib.
1629 1662 1694 1730 ll,
1725 1681 1846 1736 cap.
1877 1684 1960 1735 vr;
1986 1678 2041 1724 et

2144 475 2301 530 siotaa
2326 476 2401 531 De
2447 475 2593 532 Veste
2619 477 2886 545 Ludibrii,
2922 478 3013 532 ubi
3049 480 3349 536 Diacunum
3381 498 3516 535 eum
3569 486 3751 536 nomi-

2140 577 2268 632 nat;
2293 577 2349 623 et
2392 568 2620 625 forsitan
2663 571 2731 625 ad
2772 570 2896 641 ejus
2926 581 3172 642 patrem,
3216 582 3302 629 est
3354 575 3540 643 ipsius
3567 578 3751 629 sancti

2141 656 2382 727 Gregorii
2421 658 2753 718 Nazianzeni
2783 662 2943 734 epist.
2985 662 3111 718 155.
3166 665 3262 720 Est
3281 674 3338 720 et
3379 668 3530 719 inter
3571 668 3747 736 Opera

2139 749 2467 808 Nazianzeni
2496 755 2563 810 de
2607 756 2712 811 ﬁde
2740 755 2958 812 Nicena
2999 765 3290 818 tractatus.
3320 774 3419 813 seu
3450 757 3749 814 Confessio

2142 844 2263 898 ﬁdei
2299 845 2352 898 in
2382 847 2626 902 oratione
2658 848 2758 914 50,
2791 848 3008 903 Ruﬂino
3037 847 3369 920 Presbytero
3419 848 3638 903 Latino
3667 851 3747 903 in.

2144 945 2408 1007 terprete,
2450 953 2503 1009 p.
2545 938 2705 994 1006.
2747 939 2815 994 Εῑ
2854 949 2984 996 sunt
3030 940 3154 995 dum
3181 941 3505 999 orationes.
3553 955 3748 1010 nempe

2141 1028 2204 1084 51
2236 1037 2291 1084 et
2327 1030 2433 1093 52,
2468 1032 2536 1086 ad
2574 1031 2900 1086 Cledonium
2932 1033 3314 1104 presbyterum
3353 1032 3426 1088 de
3451 1031 3748 1100 Capitibus

2142 1120 2300 1186 ﬁdei,
2347 1136 2470 1191 quae
2507 1120 2746 1178 conferri
2782 1129 3017 1193 possunt
3051 1138 3175 1179 cum
3203 1124 3310 1181 isto
3335 1133 3624 1190 tractatu,
3655 1140 3744 1180 seu

2141 1211 2371 1281 epistola
2404 1212 2653 1284 Evagrii;
2698 1215 2838 1270 sicut
2879 1226 2934 1270 et
2969 1217 3145 1271 oratio
3175 1217 3245 1272 49
3279 1218 3352 1273 de
3392 1217 3545 1282 tide,
3587 1217 3745 1284 cujus

2142 1303 2410 1375 interpres
2442 1304 2545 1360 fuit
2575 1307 2714 1362 idem
2747 1305 3019 1375 Bullinus,
3054 1324 3108 1378 p.
3131 1309 3258 1364 997.
3280 1308 3535 1362 Amabat
3563 1318 3740 1363 autem

2141 1411 2272 1452 suos
2309 1398 2573 1454 diaconos
2602 1408 2825 1454 sanctus
2871 1399 3168 1471 Gregorius
3201 1399 3609 1455 Nazianzenus
3637 1439 3654 1461 ,
3697 1411 3743 1453 et

2142 1491 2539 1556 condiaconos,
2574 1498 2634 1545 ut
2666 1492 2899 1561 appellat
2926 1502 2980 1548 et
3007 1492 3312 1562 Eugenium
3335 1534 3352 1558 ,
3385 1504 3568 1562 atque
3595 1507 3741 1546 eorm

2142 1583 2368 1638 mendat
2398 1583 2711 1638 Euthalium
2747 1583 2914 1654 epist.
2951 1584 3054 1640 l58
3078 1594 3136 1641 et
3177 1586 3300 1642 159.
3355 1584 3632 1656 Synodos
3659 1600 3744 1638 an-

2145 1683 2251 1730 tem
2275 1673 2744 1745 CoustantinOpoli
2771 1678 2908 1733 duas
2933 1673 3064 1732 tunc
3082 1677 3294 1733 habitas
3340 1677 3527 1734 fuisse
3559 1677 3631 1732 ad
3655 1693 3743 1731 an-

462 1736 793 1811 Paralt’pom.
849 1745 942 1800 lih.
974 1746 1041 1810 ll,
1080 1765 1201 1820 cap.
1247 1767 1408 1819 xxvr;
1450 1752 1507 1808 S.
1541 1735 1907 1826 Augustinus,
1939 1761 2034 1818 lib.
2068 1735 2114 1796 Β
2144 1783 2274 1822 num
2303 1783 2335 1822 a
2363 1766 2427 1823 C.
2458 1766 2524 1822 N.
2557 1735 2656 1823 581
2691 1769 2960 1838 sagaciter
2986 1768 3176 1825 Bittius
3208 1769 3265 1823 in
3298 1767 3469 1824 Nmis
3504 1769 3579 1823 ad
3604 1768 3745 1823 Con-

462 1844 571 1885 xvu
601 1831 677 1886 De
707 1835 916 1890 civitate
948 1836 1068 1904 Dei,
1098 1856 1218 1910 cap.
1251 1843 1307 1908 4,
1330 1852 1384 1897 et
1411 1844 1481 1898 ibi
1503 1844 2040 1920 Coquaeus),praasu-

461 1935 638 1988 mens,
666 1934 715 1978 et
746 1928 1024 1996 pr0phetae
1052 1946 1274 1996 munus,
1321 1944 1485 2005 atque
1527 1940 1828 1998 sacerdotis
1881 1959 2040 1998 usur-

463 2027 618 2080 pans,
665 2016 911 2084 abiectus
942 2019 1044 2075 fuit
1067 2039 1097 2076 a
1133 2023 1267 2079 Deo.
1319 2026 1387 2080 At
1419 2030 1590 2084 multo
1622 2030 1837 2089 felicius
1861 2050 2039 2105 ,expo-

460 2106 572 2160 suit
603 2122 760 2162 suam
801 2110 984 2165 Fidem
1013 2116 1337 2172 catholicam
1367 2118 1731 2188 Justinianus,
1769 2135 1828 2180 ttt
1872 2144 2036 2199 supe-

460 2196 577 2251 rius
603 2200 912 2256 observavi.
946 2203 1233 2261 Mittehant
1264 2211 1543 2278 pontiﬁces
1574 2214 1714 2270 Max.
1743 2217 1894 2273 Fidei
1924 2196 2038 2276 for-

466 2287 670 2342 mulam
715 2293 781 2346 ad
806 2295 944 2349 alios
966 2297 1274 2368 epiSropos,
1311 2313 1365 2356 et
1407 2303 1476 2358 ad
1523 2306 1635 2360 AA.
1669 2317 1728 2363 ut
1781 2311 1880 2380 ipsi
1915 2327 2036 2370 eam

455 2380 935 2454 amplecterentur,
965 2398 1020 2443 et
1045 2404 1441 2463 sequerentur;
1477 2407 1532 2452 at
1570 2404 1807 2472 eptscOpi
1841 2405 1953 2471 alii,
1984 2416 2038 2464 et

453 2472 568 2529 AA.
608 2477 675 2530 ad
705 2481 986 2546 pontiﬁces
1026 2483 1314 2555 Maximos,
1348 2505 1406 2545 ut
1434 2492 1508 2546 illi
1549 2511 1669 2550 eam
1709 2499 2034 2570 comproba-

454 2576 598 2633 rent,
641 2569 686 2624 si
717 2587 850 2627 sana
909 2586 1094 2641 esset;
1141 2580 1224 2633 vel
1266 2586 1605 2655 corrigerent
1651 2590 1697 2644 si
1755 2569 2032 2662 perversa,

453 2656 572 2712 fuse
603 2658 888 2720 Ferrarius
939 2666 991 2719 in
1040 2667 1134 2722 lib.
1173 2670 1248 2725 De
1296 2673 1478 2746 Antiq.
1513 2656 1784 2745 epistolae.
1823 2656 2031 2740 Eccles.

449 2759 647 2819 μεθιεῖ..
667 2757 967 2824 praesertim
996 2760 1087 2815 lib.
1119 2778 1178 2828 ιι,
1204 2779 1254 2817 c.
1287 2763 1340 2819 6.
1379 2765 1574 2825 Verum
1606 2783 1665 2828 ut
1696 2786 1936 2832 revertar
1961 2779 2031 2834 ad

449 2841 812 2914 dogmaticam
847 2849 1008 2904 istam
1055 2854 1365 2924 epistolam,
1409 2862 1491 2914 vel
1519 2879 1860 2930 sermonem,
1916 2869 2034 2925 sive

449 2944 762 3003 tractatum,
797 2941 1058 3015 ἐπιστολὴ
1089 2961 1325 3018 namque
1373 2952 1594 3020 dicitur,
1627 2965 1788 3026 atque
1831 2958 1987 3028 λόγος
2012 3001 2028 3026 ,

448 3025 768 3082 crediderim
804 3030 954 3087 illius
1002 3047 1281 3092 auctorem
1308 3040 1622 3114 Evagrium,
1665 3025 1756 3117 qui
1807 3054 1870 3104 ad
1904 3025 2030 3107 diae
2056 3075 2102 3138 ρ

448 3126 703 3172 conatum
733 3132 1027 3190 provectus
1049 3126 1152 3182 fuit
1174 3145 1206 3184 a
1230 3141 1420 3188 sancto
1444 3134 1707 3206 Gregorio
1735 3139 2032 3198 Nazianze-

453 3223 546 3274 no,
581 3219 637 3264 ut
665 3214 990 3282 prtedicaret
1036 3219 1204 3288 (quod
1251 3232 1370 3277 erat
1408 3241 1608 3283 munus
1656 3231 2028 3300 diaconorum,

447 3300 610 3370 idque
657 3303 709 3356 in
762 3306 1111 3365 ordinatione
1162 3312 1406 3382 ipsorum
1460 3320 1619 3375 hodie
1669 3337 1886 3394 quoque
1924 3325 2031 3382 illis

446 3395 854 3466 committitur);
885 3414 1062 3470 neque
1096 3418 1223 3459 vero
1254 3405 1451 3464 licebat
1486 3410 1571 3467 his
1597 3415 1892 3483 praedicare
1924 3419 2030 3474 nisi

446 3483 630 3550 fidem,
670 3503 833 3558 quam
870 3494 1284 3563 proﬁtebantur,
1313 3509 1578 3568 tenerent,
1613 3516 1669 3560 ut
1707 3523 1828 3562 eam
1856 3526 2028 3581 popu-

446 3575 514 3632 lis
540 3583 949 3648 aununtiarent,
979 3589 1108 3655 quin
1134 3587 1460 3664 EpiSCOpttm
1485 3575 1871 3656 custodiebant
1889 3575 2025 3656 con-

447 3669 756 3726 ciouantem
789 3715 801 3737 .
849 3692 917 3732 ne
957 3679 1087 3748 quid
1141 3681 1243 3752 ipsi
1293 3686 1566 3743 excideret
1601 3691 1708 3746 nisi
1763 3694 2026 3749 orthodo-

446 3776 574 3814 xum
622 3771 676 3817 et
725 3764 873 3820 Fidei
931 3771 1131 3840 regulis
1179 3789 1521 3848 consonum;
1585 3784 1729 3838 unde
1776 3784 2026 3844 Clemens

446 3852 499 3949 in
525 3852 954 3918 Constitutionib.
991 3864 1228 3934 Apostol.
1278 3870 1372 3926 lib.
1400 3888 1459 3940 tt,
1495 3888 1546 3928 c.
1581 3875 1670 3940 61,
1697 3875 2022 3949 Episcopum

445 3941 807 4002 Gubernatori
837 3953 1072 4021 confert,
1098 3955 1366 4016 Diaconos
1393 3964 1598 4019 nautis.
1633 3964 1692 4020 S.
1736 3967 2026 4040 Dionysius

443 4036 708 4094 diaconos
776 4055 1110 4116 purgantes,
1167 4050 1452 4120 episcopos
1518 4057 1858 4124 perﬁcientes
1914 4077 2024 4116 vo-

446 4139 576 4197 rat,
630 4145 894 4204 erantque
959 4141 1214 4195 custodes
1275 4141 1474 4200 Levita:
1533 4147 1908 4218 tabernaculi,
1963 4164 2025 4210 ut

444 4221 592 4280 Elias
636 4226 690 4280 in
728 4229 1031 4286 orationem
1086 4234 1110 4287 1
1175 4238 1348 4291 sancti
1403 4238 1648 4310 Gregorii
1691 4241 2021 4302 Nazianzeni

445 4326 596 4373 notat
641 4335 694 4390 p.
751 4321 892 4389 157;
946 4328 1107 4394 quasi
1159 4328 1302 4383 oculi
1358 4332 1772 4401 episcoporum,
1825 4337 2018 4393 Isidor.

444 4407 736 4475 Pelusiota,
788 4416 947 4484 epist.
991 4417 1079 4483 29,
1125 4417 1218 4474 lib.
1275 4437 1314 4475 t.
1360 4419 1476 4476 Non
1531 4424 1729 4480 mirum
1787 4428 1949 4498 igitur
1975 4432 2020 4486 si

442 4501 686 4570 ejusdem
741 4503 1170 4577 Espositionem,
1215 4525 1313 4566 seu
1371 4511 1775 4571 Professionem
1827 4528 2018 4588 protu-

445 4592 568 4646 lerit
618 4591 884 4666 Fvagrius
921 4597 1210 4666 Diaconus,
1251 4619 1377 4658 cum
1419 4609 1719 4676 praesertim
1768 4623 1836 4664 eo
1886 4619 2022 4665 tem-

441 4695 575 4749 pore
615 4685 857 4754 synodus
892 4687 1186 4744 haberetur
1231 4691 1743 4766 Constantinopoli,
1787 4713 2018 4754 consue-

439 4772 601 4842 δι’]
664 4775 945 4846 veriutque
987 4779 1205 4835 diaconi
1256 4785 1515 4841 assistere
1546 4829 1560 4854 ,
1609 4803 1674 4842 ac
1705 4789 2021 4848 ministrare

440 4865 556 4919 suis
596 4866 864 4936 episcopis
908 4889 922 4924 :
969 4871 1043 4927 ita
1094 4886 1319 4933 sanctus
1367 4877 1701 4937 Athanasius
1752 4883 2019 4941 diaconus

439 4957 819 5014 Alexandrinae
865 4961 1124 5021 Ecclesia:
1171 4969 1486 5028 Alexandro
1525 4975 1783 5045 episcopo
1829 4977 2020 5030 aderat

439 5048 582 5116 apud
611 5047 882 5108 Nicaenam
908 5056 1202 5126 synodum;
1239 5069 1376 5116 teste
1395 5062 1597 5119 Severo
1614 5065 1848 5133 Sulpitio
1867 5067 1959 5121 lih.
1983 5085 2016 5121 ιι

400 5147 404 5152 ‘
441 5138 597 5197 Sacr.
611 5141 656 5194 Η
663 5143 891 5201 istor.Et
905 5148 1029 5205 hinc
1043 5151 1301 5224 ἁνιστορη
1310 5153 1402 5208 σία
1417 5155 1470 5208 itt
1479 5155 1622 5211 fandi
1644 5158 2018 5214 haeresiarclue

437 5230 877 5304 deprehenditur,
903 5251 956 5295 et
979 5243 1299 5302 confutatur
1320 5287 1336 5312 ,
1375 5249 1468 5317 qui
1497 5259 1742 5304 sanctum
1778 5251 2021 5305 Athana-

438 5324 579 5380 sium
614 5325 851 5384 Nicaanae
893 5329 1115 5404 Synodo
1161 5335 1447 5404 praefuisse
1495 5339 1752 5392 somniat.
1800 5339 2018 5409 Legitur

441 5425 589 5473 tomo
634 5417 655 5472 Ι
698 5418 937 5490 Operum
982 5425 1157 5480 sancti
1191 5425 1437 5499 Gregorii
1463 5426 1788 5482 Nazianzeni
1829 5428 2018 5487 Oratio

441 5508 529 5572 55,
583 5510 652 5564 ad
704 5510 996 5584 Evagrium
1041 5517 1411 5583 monachum,
1458 5519 1620 5572 istutn
1659 5518 1829 5588 forte,
1885 5522 2015 5576 dum

443 5595 620 5653 adhuc
649 5599 961 5656 diaconatui
999 5620 1108 5659 non
1141 5603 1333 5661 fuisset
1361 5605 1637 5674 initiatus,
1670 5608 2015 5679 intermgan-

446 5693 553 5741 tem
595 5687 670 5743 Dc
717 5691 1039 5762 Divinitate,
1095 5712 1152 5768 p.
1199 5695 1325 5753 988.
1365 5697 1445 5755 Ad
1492 5697 1670 5771 ipsum
1716 5697 2013 5773 Evagrium

2141 1859 2264 1915 cilia
2287 1859 2654 1916 subodoratus
2675 1870 2776 1915 est.
2799 1858 3063 1926 Primam,
3088 1861 3142 1915 in
3163 1876 3272 1931 qua
3293 1860 3553 1916 Maximo
3578 1862 3744 1932 Cyni-

2139 1965 2206 2005 co
2236 1950 2452 2008 intruso
2469 1950 2701 2020 depulso
2722 1967 2754 2006 e
2777 1950 2904 2006 sede
2925 1949 3553 2022 Constantinopolitana
3570 1996 3587 2019 ,
3615 1951 3745 2008 Gre-

2138 2039 2328 2110 gorius
2347 2037 2757 2105 Nazianzenus,
2785 2040 2881 2110 qui
2913 2041 3331 2096 administrarat
3362 2042 3552 2110 illam,
3583 2061 3746 2112 quam

2139 2132 2367 2200 regebat
2408 2131 2733 2200 jamdudum
2781 2132 2850 2187 ab
2903 2148 2996 2187 an.
3043 2133 3149 2188 579
3191 2135 3301 2202 (uti
3339 2143 3593 2190 testatur
3636 2137 3744 2206 ipse

2140 2222 2440 2294 Gregorius
2478 2225 2535 2279 in
2581 2223 2784 2279 lambis
2821 2225 2886 2278 de
2927 2225 3052 2281 Vita
3089 2243 3222 2290 sua,
3271 2243 3328 2296 p.
3358 2227 3468 2297 15)
3499 2228 3743 2282 delectus

2137 2313 2242 2370 fuit
2271 2335 2285 2370 :
2322 2316 2417 2371 illo
2448 2316 2720 2387 (inquam)
2755 2316 3014 2383 Maximo,
3047 2319 3140 2388 qui
3164 2319 3218 2373 in
3254 2318 3455 2374 habitu
3490 2319 3633 2372 idoli
3666 2321 3742 2373 in-

2137 2407 2397 2474 cedebat,
2448 2409 2502 2462 id
2561 2418 2646 2462 est
2697 2409 2994 2479 palliatus,
3042 2419 3100 2465 ut
3149 2410 3366 2466 erudite
3415 2410 3743 2466 Holstenius

2136 2496 2396 2562 adnotat,
2428 2512 2482 2566 p.
2507 2497 2611 2552 259
2655 2499 2709 2552 in
2744 2496 2964 2552 Collect.
2997 2498 3239 2554 Romana
3277 2500 3438 2570 (qua:
3477 2503 3741 2556 beneﬁcio

2135 2584 2581 2654 Splendidissimo
2607 2587 2950 2642 eminentiss.
2979 2589 3270 2644 cardinalis
3299 2587 3610 2643 Barberini
3647 2591 3738 2642 bo-

2135 2692 2208 2731 no
2260 2677 2522 2732 Ecclesiae
2559 2679 2674 2732 nati
2725 2677 2954 2733 feliciter
2985 2680 3159 2735 lucem
3202 2681 3417 2752 aspexit
3453 2681 3474 2753 )
3515 2698 3549 2736 e
3575 2680 3743 2736 Caele-

2135 2767 2280 2822 stiuo
2329 2783 2469 2837 papa
2495 2808 2511 2834 ,
2545 2781 2600 2823 et
2631 2768 2962 2826 Tertullian.
3006 2782 3063 2826 et
3105 2772 3224 2826 Act.
3271 2771 3376 2828 SS.
3425 2772 3653 2842 Perpet.
3691 2784 3740 2827 et

2133 2857 2350 2914 Feticit.
2376 2860 2576 2930 quibus
2599 2861 2796 2917 addam
2829 2875 3076 2918 sanctum
3116 2864 3498 2934 Augustinum
3525 2904 3542 2929 ,
3575 2876 3733 2922 tract.

2135 2952 2202 3013 7.
2245 2970 2365 3024 cap.
2407 2969 2422 3008 ι
2471 2953 2526 3008 in
2565 2952 2846 3024 Evangelii
2881 2953 3111 3011 Joannis
3139 2955 3509 3028 Expositione
3548 2975 3607 3028 ι).
3638 2960 3736 3024 il,

2133 3047 2229 3101 ubi
2277 3048 2496 3102 novisse
2537 3060 2597 3102 se
2642 3048 2834 3102 scribit
2883 3049 3071 3120 aliquo
3137 3059 3385 3118 tempore
3421 3051 3584 3106 illius
3624 3055 3733 3123 palo

2135 3141 2247 3194 liati
2279 3140 2391 3210 (sic
2419 3139 2565 3194 enim
2604 3139 2891 3210 legendum
2921 3149 3004 3196 est
3031 3155 3131 3211 pro
3164 3143 3367 3211 pileato
3395 3146 3734 3216 utrobique)

2132 3229 2468 3283 sacerdotem
2505 3229 2681 3285 solere
2721 3229 2903 3284 dicere
2935 3248 2950 3286 :
2997 3231 3062 3286 Et
3109 3232 3224 3301 ipse
3260 3234 3527 3302 palliatus
3569 3236 3733 3290 Chri-

2131 3321 2341 3374 stianus
2387 3333 2505 3390 est;
2555 3323 2609 3377 id
2649 3331 2734 3378 est
2779 3321 3034 3393 Serapis,
3083 3325 3243 3395 cujus
3289 3325 3513 3382 idolum
3563 3329 3729 3397 pallia

2130 3414 2530 3469 amiciebatur:
2567 3425 2622 3469 et
2651 3416 2756 3470 hoc
2784 3427 2906 3482 est,
2941 3417 3088 3486 quod
3125 3419 3178 3472 in
3222 3419 3459 3488 epistola
3502 3421 3728 3475 Adriani

2129 3505 2193 3558 A.
2251 3505 2394 3576 apud
2438 3505 2734 3578 Vopiscum
2782 3509 3138 3576 enuntiatur,
3183 3510 3410 3580 Serapis
3451 3511 3727 3568 Christia-

2129 3610 2256 3648 tius.

2198 3685 2325 3740 Fuit
2364 3687 2606 3757 synodus
2651 3689 2928 3756 secunda,
2974 3689 3033 3744 in
3072 3704 3181 3760 qua
3235 3706 3364 3747 sese
3418 3692 3723 3749 abdicante

2127 3786 2317 3832 sancto
2335 3776 2598 3849 Gregorio
2617 3778 2987 3847 Nazianzeno,
3005 3792 3060 3839 et
3085 3784 3361 3855 episcopis
3379 3784 3723 3852 junioribus,

2125 3868 2222 3937 qui
2267 3879 2656 3938 pertraxerunt
2695 3873 2762 3927 ad
2806 3889 2865 3928 se
2893 3873 3031 3931 alios
3064 3877 3345 3939 seniores,
3391 3877 3724 3947 subrogatus

2124 3959 2174 4012 ei
2205 3959 2308 4014 fuit
2333 3960 2643 4029 Nectarius,
2667 3965 2735 4020 ad
2755 3981 2919 4036 quem
2946 3977 3000 4022 et
3027 3967 3144 4038 ipse
3170 3976 3397 4024 sanctus
3416 3969 3722 4040 Gregorius

2125 4051 2312 4123 dirigit
2343 4054 2650 4110 orationem
2690 4056 2779 4122 ιϐ,
2813 4059 2868 4113 in
2898 4075 3005 4129 qua
3036 4060 3282 4130 deplorat
3312 4062 3582 4119 Ecclesia:
3615 4077 3719 4119 sta-

2127 4155 2239 4201 tum
2269 4147 2565 4218 ipsumque
2595 4149 2866 4211 hortatur,
2903 4159 2963 4205 ut
3000 4154 3235 4207 haereses
3286 4165 3640 4224 compescat,
3670 4168 3720 4211 et

2124 4241 2428 4297 haereticos.
2491 4241 2569 4297 Eo
2615 4257 2747 4297 sane
2793 4244 3024 4300 consilio
3083 4260 3216 4299 usus
3262 4243 3555 4302 Nectarius
3596 4263 3714 4303 cum

2123 4331 2394 4401 episcopis
2435 4331 2538 4385 150
2578 4332 2596 4403 (
2632 4340 2712 4386 tot
2749 4332 2900 4386 enim
2946 4343 3350 4398 convenerant,
3385 4345 3437 4389 et
3465 4336 3716 4391 diversa-

2054 4419 2098 4475 D
2127 4423 2324 4477 bantur
2351 4423 2860 4493 Constantinopoli)
2890 4423 3161 4479 Eucherio
3201 4435 3249 4478 et
3282 4423 3517 4496 Syagrio
3547 4444 3716 4488 coss,

2127 4514 2243 4570 sive
2293 4527 2438 4568 anno
2479 4529 2510 4566 a
2542 4513 2612 4568 C.
2650 4512 2717 4568 N.
2753 4513 2878 4578 38l,
2930 4530 2960 4568 a
3005 4529 3191 4570 mense
3222 4515 3362 4570 Maio
3402 4516 3473 4570 ad
3531 4517 3563 4568 7
3597 4518 3714 4572 ldus

2123 4603 2299 4660 Julias
2328 4605 2593 4676 synodum
2625 4605 2817 4660 habuit
2842 4606 3235 4661 tecutuenicam
3257 4647 3274 4670 ,
3307 4607 3495 4676 quoad
3522 4607 3714 4662 Orien-

2127 4708 2232 4752 tem
2263 4697 2550 4768 (Chronic.
2585 4696 2842 4753 ilistoric.
2869 4697 3005 4752 Cod.
3031 4697 3419 4769 Theodosian.)
3451 4709 3510 4753 et
3537 4699 3710 4755 Mace-

2125 4791 2392 4845 doniauos
2448 4790 2798 4860 potissimum
2859 4789 3172 4855 damnans,
3233 4788 3474 4860 Spiritus
3537 4792 3712 4847 sancti

2126 4883 2463 4938 divinitatem
2510 4882 2849 4948 iuﬁciantes,
2903 4883 3111 4938 sarcire
3141 4893 3376 4938 conatus
3416 4896 3506 4939 est
3550 4884 3708 4938 dissi-

2126 4974 2214 5028 dia
2251 4974 2539 5039 Ecclesiae,
2579 4973 2748 5043 618
2779 4987 3082 5043 pacemque
3106 4973 3429 5027 conciliare.
3485 4971 3543 5026 ln
3583 4971 3705 5025 Hol-

2127 5065 2308 5120 steiuii
2340 5065 2560 5135 quidem
2608 5065 3009 5134 Diagrammate
3045 5063 3455 5116 chronotactico
3492 5064 3704 5130 pontiﬁ-

2126 5163 2284 5210 catus
2302 5153 2536 5209 ’Damasi
2565 5194 2580 5216 ,
2610 5139 2758 5225 q'uod
2823 5153 2966 5206 inter
2993 5151 3114 5221 ejus
3154 5152 3386 5206 schedas
3427 5162 3699 5220 repertum

2127 5240 2389 5296 insertum
2424 5240 2528 5295 fuit
2560 5240 2819 5294 Romanae
2851 5237 3168 5292 Collectioni
3194 5278 3212 5301 ,
3248 5252 3301 5306 p.
3330 5236 3428 5290 301
3458 5277 3474 5300 ,
3509 5238 3576 5290 ad
3613 5254 3699 5290 ao-

2126 5349 2255 5391 num
2283 5333 2410 5396 558,
2441 5333 2677 5387 locatum
2699 5330 2993 5386 concilium
3018 5327 3416 5385 meumenicu
3439 5326 3699 5383 Constan-

2126 5426 2545 5496 tinopolitanum
2577 5424 2818 5478 habitum
2850 5438 3040 5478 mense
3061 5421 3204 5476 Maio
3225 5461 3240 5484 ,
3282 5419 3507 5475 Maximi
3541 5431 3698 5475 teme-

2123 5520 2255 5573 ritas
2314 5519 2625 5571 damnatur.
2685 5513 2982 5584 Gregorius
3050 5511 3426 5583 episcopatum
3481 5512 3698 5582 deponit

2123 5619 2339 5682 propter
2361 5607 2689 5664 discordiam
2715 5605 3134 5676 episcoporum,
3164 5603 3410 5659 Meletius
3431 5603 3699 5659 Constan.

2122 5700 2350 5776 tinopoli
2392 5700 2654 5766 moritur,
2702 5698 2963 5756 suti‘ectus
2998 5696 3298 5754 Flavianus
3324 5696 3695 5769 episcopatum
