3838 6056
108 328 147 391 1
169 331 287 396 345

1315 322 1411 385 DE
1465 316 1843 381 OPERIBUS
1882 317 1943 377 S.
1982 315 2167 376 NILI.

3250 304 3386 376 1346

95 444 264 514 ejus
286 440 736 511 suscipitvivente
752 437 999 503 Paulino,
1018 435 1263 507 Gregorii
1287 435 1408 491 loco
1425 434 1710 491 Nectarius
1739 437 1780 492 Α
1813 431 1891 485 thi
1918 443 2105 484 eremo
2140 425 2339 495 passim
2373 431 2553 493 agitur
2579 424 2636 480 in
2687 422 2819 479 Viri;
2851 421 3076 480 Ραινιηη
3097 466 3113 493 ,
3144 424 3239 480 ubi
3267 427 3388 496 pin_

94 534 391 604 eligitur;
436 546 554 601 qua:
574 531 755 584 omnia
776 543 1163 597 congeruntur,
1183 528 1259 582 uti
1286 526 1641 597 simullfacta,
1663 533 1718 579 et

102 630 323 677 tamen
339 621 565 676 multum
586 618 1184 688 temporisintercessit,
1205 619 1334 673 dum
1353 625 1575 673 sanctus
1591 613 1720 670 Grci-

96 715 326 781 gorius
344 713 555 768 clavum
574 708 829 767 Ecclesiae
851 709 1057 774 tenuit,
1083 708 1419 778 tentavitque
1439 708 1715 761 Orientem

99 804 420 861 Occidenti
446 819 637 859 rursus
658 804 887 873 iungere
906 843 922 866 ,
956 817 1020 857 ac
1050 802 1271 856 collisas
1302 800 1550 870 regiones
1572 797 1718 853 ans

100 894 529 951 scliismatibus
581 907 652 949 ac
685 892 980 947 liaaresibus
998 892 1063 945 ad
1086 905 1264 945 arcem
1288 887 1581 959 Religionis
1602 886 1716 940 Ro-

104 1002 357 1042 manam
374 985 693 1049 Ecclesiam,
708 985 1059 1056 polaremque
1080 983 1287 1037 stellam
1306 981 1595 1045 reducere;
1618 993 1716 1033 ne-

102 1078 436 1148 quidquam
470 1086 650 1132 tamen
680 1091 693 1129 :
736 1083 792 1129 et
815 1074 940 1129 ideo
962 1074 1296 1143 distinguere
1317 1070 1453 1125 duas
1479 1068 1716 1140 synodos

103 1182 241 1236 par
268 1177 377 1223 est:
415 1167 665 1237 quamvis
690 1166 905 1219 innatis
926 1179 978 1234 p.
1004 1163 1109 1217 260
1132 1206 1145 1227 ,
1178 1163 1245 1216 ad
1265 1161 1476 1215 Damasi
1502 1159 1717 1229 Episto-

109 1257 253 1311 Iam
274 1259 542 1322 observet,
566 1255 705 1311 istud
737 1254 1024 1309 concilium
1056 1250 1525 1319 Constantinopoli
1550 1249 1716 1303 colle-

110 1360 288 1405 ctum
327 1349 394 1403 ad
434 1346 871 1403 substituendum
904 1343 1370 1411 Constantinopoli
1401 1342 1716 1411 episcopum

113 1440 362 1497 Maximi
384 1442 523 1504 vice,
543 1440 635 1510 qui
656 1438 832 1494 fuerat
859 1437 1136 1501 exclusus,
1172 1436 1336 1490 fuisse
1361 1434 1707 1504 particulare.

114 1536 299 1603 Quod
321 1543 501 1591 autem
523 1535 762 1605 appingit
791 1532 1089 1587 Ecclesiam
1114 1531 1413 1585 Romanam
1438 1543 1717 1599 nunquam

116 1629 190 1684 id
232 1629 486 1683 habuisse
506 1643 601 1697 pro
627 1627 892 1699 generali,
917 1625 983 1679 de.
1012 1626 1187 1694 primo
1215 1623 1592 1683 concederem,
1620 1619 1714 1675 sed

122 1734 251 1776 non
281 1721 346 1776 de
375 1719 644 1785 secundo;
680 1719 824 1789 quod
852 1733 951 1787 pro
974 1715 1207 1786 generali
1234 1712 1503 1768 nominari
1536 1712 1718 1767 videa-
1760 1745 1773 1759 .

1814 520 2143 592 guescebant
2181 515 2424 587 speciosa
2462 514 2684 580 deserti,
2710 523 2764 570 et
2794 515 3120 570 laetabantur
3147 516 3383 583 deserta,

1813 623 1867 669 et
1895 613 2040 667 invia
2073 651 2089 675 ,
2125 619 2180 665 et
2202 608 2510 665 exsultabat
2537 607 2811 671 solitudo,
2863 607 3017 677 juxta
3063 609 3382 675 vaticinium

1814 705 1966 761 Isaiae
2002 720 2053 760 c.
2084 719 2229 758 xxxv
2249 745 2264 768 ,
2289 717 2340 756 v.
2373 700 2399 754 1
2419 741 2436 769 ,
2468 715 2586 756 eam
2617 699 2982 756 incolentibus
3004 680 3243 770 undique
3272 717 3389 756 mo-

1814 796 2111 851 nachorum
2151 792 2495 849 examinibus
2519 831 2535 857 ,
2584 800 2639 848 et
2675 790 3131 846 anachoretarum
3168 792 3385 847 turmis.

1814 888 2100 960 Scythiaca
2135 887 2304 957 regio,
2331 896 2520 955 postea
2552 882 2750 949 Scetis,
2790 883 2879 939 vel
2908 881 3073 938 Scitis
3100 884 3387 953 appellata,

1815 979 1889 1035 ibi
1938 995 2100 1033 mons
2140 987 2225 1034 est
2264 976 2437 1033 Sectis
2461 1016 2476 1041 ,
2526 975 2621 1031 ubi
2659 975 3074 1046 philosophatus
3113 985 3194 1028 est
3226 979 3389 1029 Arse-

1814 1072 1940 1127 nius
1984 1071 2041 1125 S.
2070 1069 2133 1125 Β.
2167 1068 2228 1124 Ε.
2266 1069 2419 1123 card.
2441 1067 2506 1139 (‘1)
2526 1066 2593 1122 de
2622 1083 2733 1137 quo
2762 1067 2830 1122 19
2854 1058 2980 1120 Julii
3018 1068 3070 1119 in
3106 1065 3386 1137 Martyrol.

1813 1162 2188 1231 suprascripto
2208 1201 2223 1226 ,
2254 1169 2308 1214 et
2328 1174 2490 1230 quem
2520 1158 2718 1213 accolae
2758 1156 2987 1212 Nitriam
3010 1169 3228 1218 vocant,
3265 1157 3392 1226 quia

1813 1259 1966 1311 vicus
2001 1256 2223 1327 quidam
2265 1255 2313 1310 ei
2340 1254 2553 1309 vicinus
2590 1261 2710 1320 est,
2765 1252 2821 1307 in
2855 1266 2964 1323 quo
2996 1250 3209 1306 Nitrum
3238 1250 3395 1306 colli-

1813 1351 1958 1420 gitur
1997 1368 2009 1403 :
2051 1349 2249 1403 ibidem
2295 1346 2627 1402 monasteria
2671 1345 2924 1415 contigua
2972 1360 3082 1399 non
3132 1345 3390 1413 pauciora

1814 1458 1977 1512 quam
2017 1441 2104 1506 50,
2142 1455 2374 1510 quorum
2401 1436 2652 1493 monachi
2692 1437 2890 1502 simul,
2926 1437 3009 1490 vel
3037 1436 3267 1491 seorsim
3299 1435 3396 1488 ha-

1817 1535 1989 1588 bitant
2015 1576 2028 1599 ,
2061 1543 2114 1587 et
2147 1532 2435 1602 Niccphor.
2469 1529 2677 1584 Callisti
2723 1544 2774 1583 c.
2820 1529 2889 1583 '58
2914 1566 2930 1591 ,
2976 1528 3070 1582 lib.
3102 1543 3138 1581 ιι
3184 1528 3393 1581 Hister.

1816 1624 2021 1680 Eccles.
2048 1629 2206 1679 Anno
2241 1622 2432 1677 salutis
2465 1621 2693 1690 publicae
2724 1617 3204 1688 septingentesimo
3234 1617 3396 1686 quin-

1817 1717 2133 1786 quagesimo
2170 1730 2237 1769 ex
2266 1729 2534 1784 responso
2562 1711 2840 1767 Zachariae
2878 1710 3150 1778 pontiﬁcis
3176 1705 3396 1762 Maximi

124 1813 321 1882 turjbi
342 1854 357 1879 ,
386 1823 439 1867 et
464 1813 516 1868 in
540 1811 882 1882 professione
902 1809 1025 1863 ﬁdei
1050 1806 1348 1861 Romanor.
1377 1804 1713 1874 pontiﬁcum.

1829 1807 2156 1862 ljhilderirns
2177 1849 2192 1873 ,
2232 1813 2328 1860 aut
2373 1802 2683 1858 Hildericus
2716 1816 2807 1857 rex
2854 1798 3189 1854 Francorum
3223 1814 3252 1851 e
3286 1796 3423 1850 Mer

122 1909 213 1964 At
229 1924 447 1963 manum
466 1907 531 1963 de
548 1906 728 1962 tabula
750 1922 763 1957 :
788 1904 921 1960 satis
942 1904 1242 1973 hucusque.
1256 1899 1472 1955 Interim
1489 1899 1717 1966 Evagrio

127 2000 550 2057 Professionem
581 2000 740 2056 istam
774 1998 957 2062 tribui,
982 2010 1011 2050 a
1042 2010 1151 2066 quo
1172 2006 1394 2049 sanctus
1420 1990 1583 2045 Nilus
1599 2005 1718 2045 eam

127 2094 381 2163 excepit,
437 2107 705 2162 suamque
734 2090 930 2145 fecisse
963 2087 1175 2142 videtur
1194 2124 1211 2151 ,
1239 2088 1369 2141 dum
1399 2082 1721 2152 comproba-

128 2186 241 2248 vit,
271 2195 325 2239 et
352 2185 633 2240 monachis
664 2185 782 2238 suis
806 2180 1200 2237 observandam
1221 2179 1390 2244 misit,
1418 2187 1478 2231 ut
1506 2177 1720 2245 Opinor,

132 2279 378 2350 ideoque
416 2277 536 2334 Nilo
572 2277 902 2333 vindicatur.
934 2276 976 2329 A
1002 2283 1191 2330 sancto
1215 2272 1474 2343 Gregorio
1498 2268 1725 2324 Nazian-

135 2386 283 2425 zeno
310 2370 505 2427 hausta
546 2367 759 2435 fuerat,
792 2377 847 2422 et
876 2368 1120 2421 derivata
1140 2406 1155 2431 ,
1186 2380 1251 2419 ex
1282 2363 1569 2432 colloquiis
1598 2376 1722 2415 cum

131 2476 211 2517 eo
235 2462 437 2518 habitis
457 2504 472 2530 ,
506 2462 581 2516 uti
611 2463 806 2532 legitur
836 2461 889 2514 in
924 2458 1251 2514 Praefatione
1282 2457 1347 2511 ad
1379 2453 1683 2509 monachos
1705 2493 1720 2518 ,

136 2558 240 2626 qui
288 2564 444 2612 erant
486 2557 538 2610 in
581 2555 912 2619 solitudine,
948 2568 1109 2623 quam
1165 2551 1395 2621 patriam
1443 2547 1722 2602 nominat:

142 2660 277 2699 nam
307 2659 525 2699 eremus
551 2653 635 2699 est
658 2642 831 2712 patria
851 2656 997 2705 vera,
1019 2643 1306 2707 solumque
1328 2637 1507 2691 natale
1538 2650 1727 2690 mona-

140 2744 402 2805 chomm,
429 2740 518 2795 ubi
556 2738 757 2792 mortui
790 2735 1012 2799 mundo,
1035 2734 1362 2801 Christoque
1386 2731 1497 2784 nati
1530 2743 1726 2783 nomen

142 2835 453 2900 dederunt,
499 2839 553 2888 et
587 2834 798 2885 vivunt.
845 2830 911 2883 Hi
946 2844 1073 2908 vero
1116 2825 1362 2880 monachi
1402 2822 1729 2877 revocabant

147 2928 330 2996 ipsum
359 2934 637 2978 auctorem
662 2962 676 2987 ,
706 2920 800 2992 qui
831 2934 1054 2975 causam
1090 2932 1255 2971 mora:
1287 2916 1570 2987 pratendit
1595 2912 1730 2968 Gre-

147 3019 291 3089 gorii
334 3016 663 3072 Nazianzeni
712 3012 1165 3069 consuetudinem
1193 3049 1208 3073 ,
1256 3025 1321 3064 ac
1374 3008 1684 3062 Doctrinam
1711 3046 1727 3070 ,

1818 1900 1985 1953 rowei
2035 1900 2204 1969 stirpe
2235 1898 2461 1952 ultimus
2490 1895 2769 1965 depositus
2794 1902 2897 1954 est,
2927 1906 3202 1961 regnoque
3224 1887 3398 1942 Fran-

1819 2006 2008 2045 corum
2041 1991 2192 2045 abire
2229 1990 2450 2060 jussus,
2503 1995 2557 2041 et
2606 1995 2859 2040 attonsus
2906 1982 3210 2036 inonastico
3248 1995 3399 2034 more

1822 2094 2074 2139 retrusns
2120 2082 2221 2135 fuit
2268 2082 2323 2135 in
2362 2080 2753 2134 monasterium
2798 2074 2969 2131 sancti
3014 2073 3256 2135 Bertini,
3287 2071 3399 2124 sive

1823 2179 1995 2231 sant-ti
2027 2173 2323 2230 Audomari
2352 2189 2367 2238 ;
2407 2179 2461 2225 et
2496 2185 2590 2239 per
2620 2170 2834 2223 diversa
2868 2163 3093 2219 latibula
3130 2172 3402 2217 monaste-

1825 2272 2034 2324 riorum
2069 2269 2371 2321 diversatus
2396 2304 2411 2327 ,
2450 2262 2663 2317 tandem
2708 2261 2842 2316 obiit
2877 2260 2928 2312 in
2968 2256 3265 2317 Sithiensi,
3308 2271 3398 2309 an.

1826 2362 1948 2415 754.
1999 2359 2086 2414 Jo.
2135 2356 2252 2412 Jac.
2302 2353 2533 2410 Chimet.
2576 2352 2631 2406 in
2670 2351 2922 2404 Anastas.
2964 2344 3294 2408 Childerici,
3346 2344 3401 2396 in

1827 2455 2000 2509 Sithia
2042 2467 2177 2519 ,seu
2225 2448 2421 2512 Sithii;
2468 2446 2573 2500 hoc
2619 2444 2807 2497 datum
2856 2441 3033 2495 fuerat
3083 2452 3279 2491 nomen
3326 2435 3402 2489 illi

1825 2546 2109 2608 coenobio,
2164 2544 2220 2597 in
2263 2557 2373 2612 quo
2397 2538 2761 2593 versabantur
2797 2532 3051 2588 monachi
3099 2528 3403 2601 persimilrs
3488 2590 3489 2595 η

1829 2640 2049 2697 Sithicis
2079 2634 2347 2707 [Egyptiis
2376 2630 2555 2703 quoad
2599 2628 2935 2683 institutum.
2969 2624 3123 2694 Apud
3150 2618 3401 2676 Godefri-

1827 2731 1954 2786 dum
1987 2725 2391 2782 Henschenium
2435 2719 2724 2776 Societatis
2753 2717 2907 2772 Jesu.
2961 2714 3394 2784 Drporlabantur

1828 2822 2099 2893 quondam
2138 2816 2322 2873 Oasim
2354 2811 2702 2869 confessores
2727 2804 3023 2862 Christiani
3054 2803 3157 2858 sub
3185 2801 3405 2856 Juliano

1830 2885 1996 2987 impio
2023 2918 2291 2984 apostata,
2317 2923 2471 2963 num.
2508 2903 2632 2966 562,
2660 2918 2713 2972 p.
2747 2885 2837 2955 42³.
2870 2898 3061 2952 Baron.
3100 2894 3175 2949 lbi
3208 2894 3405 2948 Calen-

1830 3013 1961 3068 dion
1990 3006 2289 3066 catholicus
2317 3003 2606 3073 episcopus
2639 2994 2965 3051 Antiochen.
2994 2990 3173 3045 fuerat
3207 2988 3408 3056 relega-

148 3120 449 3180 Inonetque
475 3110 621 3172 illos,
652 3116 709 3162 nt
737 3114 965 3160 caveant
990 3121 1018 3158 a
1049 3102 1364 3165 Philistzeis,
1391 3098 1732 3155 Maccdonia-
1757 3126 1799 3186 α
1834 3114 1943 3166 ius,
1976 3097 2278 3170 majestatis
2310 3101 2602 3150 accusatus
2632 3101 2774 3144 anno
2802 3085 2908 3139 489.
2933 3082 3165 3151 ,Baron.
3185 3096 3238 3150 ρ.
3269 3080 3405 3143 555;

151 3201 241 3255 nis
272 3215 483 3269 nempe,
516 3197 609 3268 qui
641 3195 864 3267 Spiritui
894 3203 1083 3250 sancto
1112 3192 1496 3262 abjudicabant
1535 3189 1731 3244 divini-

158 3304 368 3358 tatem;
419 3292 671 3346 Haeretici
726 3291 921 3360 quippe
965 3287 1264 3342 monachos
1320 3284 1633 3352 simplices,
1679 3289 1734 3337 et

154 3386 475 3455 plerumque
509 3383 707 3437 idiotas
741 3381 961 3435 inlicere
1010 3378 1125 3434 suis
1152 3377 1430 3432 erroribus
1452 3377 1732 3429 conaban-

155 3487 270 3532 tur.
300 3477 454 3544 Hinc,
484 3477 616 3530 licet
649 3475 739 3529 diu
770 3485 927 3545 post,
960 3473 1206 3542 queritur
1233 3478 1460 3524 sanctus
1488 3468 1731 3536 Fulgen-

158 3573 272 3626 tius
300 3579 472 3625 terras
496 3568 788 3624 Thebaida:
814 3565 1049 3636 regionis
1080 3565 1131 3617 in
1166 3561 1400 3632 Egypto
1423 3575 1453 3613 a
1485 3573 1731 3613 commu-

156 3666 327 3719 nione
357 3663 498 3719 beati
525 3661 669 3716 Petri
697 3661 767 3716 ob
794 3658 1053 3729 perlidam
1080 3654 1478 3709 dissensionem
1512 3663 1732 3720 separa-

158 3767 283 3821 tas,
332 3756 411 3809 uti
452 3753 652 3808 certior
698 3750 874 3805 factus
922 3747 1097 3803 fuerat
1144 3747 1210 3799 ab
1238 3743 1448 3798 Eulalio
1475 3741 1732 3812 episcopo

162 3850 533 3920 Syracusano,
555 3861 679 3900 cum
707 3844 939 3913 migrare
990 3855 1053 3893 ac
1079 3851 1300 3908 pergere
1325 3833 1735 3903 concupisceret

160 3940 233 3995 ad
264 3951 556 3993 extremam
592 3935 738 3990 illius
771 3947 1011 3989 eremum
1048 3948 1061 3983 :
1124 3929 1353 3983 alIirmat
1379 3926 1481 3981 hoc
1505 3923 1733 3978 Cartha-

162 4030 410 4102 ginensis
443 4027 697 4083 Ecclesia:
722 4026 987 4080 diaconus
1017 4018 1327 4077 Ferrandus
1371 4018 1422 4071 in
1459 4015 1581 4069 i'ita
1607 4028 1735 4068 san-

161 4125 238 4178 cti
276 4122 547 4193 Fulgentii
570 4161 586 4187 ,
617 4135 667 4175 c.
709 4117 810 4181 12,
850 4130 906 4186 p.
940 4114 1077 4179 9.2%,
1110 4112 1177 4167 ad
1205 4123 1356 4164 num.
1402 4108 1435 4162 6
1468 4104 1597 4160 anni
1629 4102 1734 4158 456

162 4216 391 4273 Cardin.
430 4214 627 4268 Baron.
672 4227 726 4282 p.
759 4208 900 4273 650,
932 4221 1025 4261 eas
1064 4204 1274 4259 scilicet
1318 4201 1372 4255 in
1416 4195 1737 4254 solitudines

163 4307 438 4379 deportati
462 4304 841 4361 haeresiarchas
878 4297 1224 4368 decipiebant
1262 4291 1655 4350 anachoretas,
1685 4294 1739 4340 et

167 4398 470 4456 illudebant
494 4393 776 4450 monachis
807 4390 1022 4445 vicinis.
1073 4384 1357 4440 Nestorius
1404 4380 1695 4434 damnatus
1720 4415 1735 4439 ,

1832 3205 1888 3250 at
1922 3192 2114 3248 deinde
2146 3188 2340 3258 impii,
2376 3195 2429 3240 et
2455 3181 2691 3238 haeretici
2713 3220 2728 3243 ,
2763 3176 3041 3232 Severiani
3066 3216 3081 3239 ,
3112 3172 3368 3242 Acephali
3390 3213 3405 3234 ,

1829 3297 1881 3342 et
1921 3284 2011 3340 alii
2051 3284 2163 3353 jam
2211 3274 2559 3334 cnumerati:
2610 3273 2690 3327 sic
2725 3268 3118 3323 monachorum
3153 3264 3303 3318 cellae
3347 3262 3401 3315 in

1830 3378 2121 3446 speluncas
2176 3379 2230 3425 et
2259 3368 2455 3438 spelma
2483 3365 2754 3419 latronum
2790 3372 2960 3413 versae
2991 3364 3137 3410 sunt.
3173 3356 3410 3423 Agamus

1830 3444 1972 3536 quod
2003 3465 2206 3524 instat,
2241 3460 2283 3513 si
2318 3471 2581 3511 monuero
2614 3450 2904 3522 Evagrium
2940 3447 3231 3500 diaconum
3262 3444 3410 3497 ordi-

1832 3567 2017 3609 natum
2048 3566 2076 3603 a
2105 3556 2297 3604 sancto
2326 3543 2590 3614 Gregorio
2617 3540 2895 3608 Theologo
2927 3536 3285 3599 Nazianzeno,
3314 3550 3411 3587 cn-

1828 3646 1918 3717 jus
1949 3652 2065 3697 erat
2093 3638 2417 3709 discipulus,
2450 3645 2575 3707 post
2607 3633 2726 3703 ejus
2752 3632 3050 3686 discessum
3083 3644 3111 3680 a
3140 3626 3410 3681 Conslan—

1833 3735 2190 3806 tinopolitana
2228 3729 2401 3795 urbe,
2455 3726 2703 3781 relictum
2753 3719 2889 3775 inibi
2930 3711 3294 3778 remansisse,
3353 3724 3407 3766 ιιι

1829 3829 2081 3885 Nectario
2110 3821 2419 3882 successori
2462 3820 2515 3873 in
2544 3818 2670 3873 sedc
2701 3814 2851 3869 illius
2882 3809 3138 3865 Ecclesiae
3172 3807 3238 3860 ad
3277 3806 3381 3873 dog

1831 3936 1978 3983 mata
2011 3920 2361 3993 disquirenda
2392 3925 2534 3972 esset
2581 3912 2936 3981 adjumento;
2978 3905 3057 3959 sic
3096 3905 3162 3957 ad
3207 3917 3411 3957 annum

1831 4017 1969 4083 581,
2001 3991 2296 4070 cardinalis
2338 4005 2605 4061 Baronius
2632 4002 2917 4060 observat,
2960 4011 3014 4064 p.
3041 3992 3144 4047 448
3175 3991 3409 4083 Annam

1834 4124 1935 4165 nec
1956 4107 2100 4162 enim
2138 4104 2270 4159 satis
2302 4101 2519 4154 illorum
2545 4094 2747 4164 peritus
2776 4099 2893 4144 erat
2922 4085 3227 4140 Nectarins.
3260 4081 3413 4135 Dt-si-

1836 4201 1913 4253 nit
1936 4200 2037 4253 iste
2068 4202 2330 4249 tractatus
2362 4192 2415 4244 in
2444 4186 2624 4242 verbis
2648 4224 2663 4249 ,
2706 4183 2800 4235 καὶ
2851 4182 2885 4251 ἡ
2920 4174 3186 4247 παροιμία
3240 4172 3407 4243 φησί,

1835 4304 1887 4348 et
1917 4288 2258 4345 Proverbium
2290 4291 2536 4337 testatur.

1911 4401 2163 4459 Succedit
2222 4395 2326 4450 Nili
2389 4393 2471 4447 ὅτι
2520 4387 2863 4457 διαφέρουσιν
2930 4380 3041 4434 τῶν
3088 4382 3145 4433 ὲν
3194 4375 3411 4429 πόλεσιν

166 4499 227 4545 et
255 4489 308 4542 in
348 4486 598 4542 exsilium
632 4483 835 4536 missus
870 4481 923 4534 in
952 4476 1079 4533 Oasi
1126 4474 1369 4528 habitare
1400 4468 1733 4538 dignoscitur

1840 4494 2169 4564 οἰκουμένων
2222 4490 2270 4541 οἱ
2315 4489 2373 4540 ὲν
2418 4483 2642 4554 ἐρήμοις
2682 4475 3063 4548 ἡσυχάζοντες,
3118 4467 3272 4533 Quod
3316 4482 3411 4564 ea:-

171 4580 383 4654 (inquit
414 4577 698 4631 Liberatus
720 4573 774 4626 in
804 4569 1080 4625 Breviario
1103 4563 1546 4620 Nestorianorum
1571 4574 1622 4628 p.
1648 4558 1735 4623 55,

172 4647 307 4726 iom.
360 4667 404 4721 11
436 4664 661 4722 Concilt.
715 4669 768 4715 et
817 4660 1070 4713 Socrates
1112 4652 1253 4723 apud
1312 4647 1737 4708 Cassiodorum,

175 4766 303 4819 |.xn
347 4760 493 4815 Hist.
529 4756 761 4825 Tripart.
799 4766 848 4806 c.
882 4749 970 4821 5),
1005 4748 1145 4801 sicut
1175 4742 1502 4800 daemonium
1543 4738 1609 4791 ab
1642 4750 1741 4789 an-

180 4856 300 4921 gelo
328 4848 601 4922 Raphaele
623 4823 919 4912 religatum
944 4838 1119 4892 fuerat
1156 4834 1208 4887 in
1235 4832 1451 4885 deserto
1472 4823 1739 4895 superiori

178 4915 431 5016 IEgypti',
473 4938 655 4994 Tobiae
688 4950 806 5005 cap.
854 4932 907 4996 8,
939 4945 990 4983 v.
1013 4928 1068 4982 4.
1100 4923 1393 4978 Monachos
1423 4918 1650 4989 Scythas
1687 4915 1738 4968 in

396 5029 813 5102 Septelntrione,
843 5022 932 5078 ubi
970 5020 1264 5085 etiamnum
1310 5008 1614 5066 Nestoriani
1649 5006 1742 5060 de-

181 5096 353 5199 git—nt:
396 5096 492 5179 sed
536 5118 904 5191 Entychianos
942 5105 1234 5165 cardinalis
1283 5102 1423 5155 idem
1473 5096 1742 5151 Baronius

184 5197 454 5275 inemorat
474 5212 831 5268 tumultuatos
856 5201 1018 5258 etiam
1046 5197 1307 5252 adversus
1332 5201 1613 5261 paternum
1643 5200 1741 5237 an-

185 5312 407 5366 tistitem
418 5305 785 5363 Tomitanum,
806 5306 859 5350 et
875 5295 1060 5348 turbas
1074 5288 1235 5343 etiam
1256 5283 1520 5338 excitasse
1535 5276 1741 5338 Romae,

190 5496 339 5551 sibus
365 5502 475 5545 tam
506 5488 743 5555 majore,
770 5494 931 5550 quam
962 5475 1173 5529 minore
1203 5509 1218 5533 ,
1254 5468 1308 5521 in
1337 5462 1488 5517 Notis
1516 5460 1582 5514 ad
1612 5457 1746 5511 Mar-

192 5567 517 5655 tyrologium
550 5553 855 5629 Romanum
885 5566 972 5620 die
997 5562 1061 5617 l2
1087 5557 1254 5614 Junii.
1288 5553 1508 5655 Insuper
1540 5557 1595 5601 et
1622 5561 1747 5599 eru-

196 5641 497 5730 ditissimus
522 5664 779 5722 Nicolaus
808 5655 1075 5713 Antonius
1095 5691 1110 5716 ,
1158 5650 1253 5703 lib.
1281 5645 1355 5700 De
1376 5641 1562 5697 exsilio
1601 5652 1651 5700 ι,
1694 5651 1745 5691 c.

200 5770 285 5833 N,
309 5785 362 5822 ιι.
387 5767 453 5821 14
478 5774 532 5820 et
558 5755 909 5831 sequentibus
928 5792 943 5818 ,
978 5749 1066 5805 ubi
1101 5756 1153 5802 ct
1184 5744 1251 5799 de
1277 5741 1475 5837 Gypso.
1519 5735 1592 5792 De
1616 5734 1748 5803 Sey-

1839 4558 2056 4647 cellunt,
2086 4583 2175 4654 qui
2202 4582 2362 4634 vitam
2384 4584 2547 4646 agunt
2577 4568 2919 4640 tranquillam
2942 4563 3162 4617 desertis
3191 4562 3245 4614 in
3276 4558 3410 4613 soli-

1840 4679 2145 4741 tudinibus,
2190 4688 2299 4742 pra:
2342 4672 2417 4723 his
2453 4668 2546 4738 qui
2589 4664 2829 4717 habitant
2874 4660 2929 4712 in
2975 4656 3220 4716 urbibus;
3249 4667 3408 4720 quem

1839 4773 2053 4830 titulum
2086 4769 2161 4822 ita
2210 4763 2461 4820 contraxi
2491 4779 2503 4814 :
2532 4759 2607 4812 De
2645 4752 2955 4826 prwstantia
3005 4747 3410 4807 monachorum,

1839 4882 1953 4930 seu,
1992 4862 2127 4933 quod
2152 4862 2218 4913 iis
2243 4897 2257 4922 ,
2288 4858 2378 4927 qui
2402 4854 2641 4907 habitant
2685 4851 2743 4902 in
2780 4845 2997 4900 urbibus
3020 4838 3412 4911 pratslantiares

1839 4929 1947 5012 sint
1979 4929 2336 5026 quiescentes,
2379 4934 2428 5002 et
2465 4946 2678 4998 silentes
2718 4942 2772 4993 in
2824 4938 3008 4992 eremis
3033 4976 3049 5001 ,
3095 4934 3191 4987 etsi
3233 4929 3413 4983 multis

1840 5025 2122 5117 inexpertis
2167 5040 2495 5098 contrarium
2546 5035 2809 5088 videatur.
2860 5025 3187 5097 Incipit‘iste
3215 5029 3416 5075 tracta-

1842 5111 1973 5198 tus:-
2001 5141 2208 5208 Τέχνης
2244 5133 2341 5205 μὲν
2377 5129 2594 5198 ἁπάσης
2618 5126 2684 5178 τὰ
2712 5121 2945 5193 τεχνητά
2967 5159 2981 5181 ,
3030 5117 3085 5172 id
3113 5123 3195 5169 cst
3221 5155 3236 5179 ,
3272 5111 3416 5164 Artis

1842 5247 2050 5322 quidem
2090 5241 2254 5315 620
2291 5237 2540 5306 cujusque
2579 5229 2813 5298 artiﬁcia
2842 5243 2860 5279 :
2899 5222 3132 5284 desinit,
3168 5217 3416 5277 αἰώνιον,

1843 5321 1897 5408 id
1932 5359 2015 5406 est
2048 5359 2321 5402 wternum.
2360 5340 2517 5395 Certe
2549 5332 2888 5389 Theodosius
2938 5325 3165 5395 Magnus
3210 5321 3276 5372 A.
3320 5325 3417 5373 ut.

1845 5444 2157 5514 quicunque
2208 5434 2310 5491 sub
2354 5428 2692 5502 professione
2744 5417 2995 5475 monachi
3034 5410 3418 5514 reperiuntur,

1845 5497 2083 5591 deserta.
2101 5532 2216 5584 loca
2239 5565 2254 5590 ,
2283 5534 2337 5579 et
2355 5497 2538 5577 vastas
2568 5516 2889 5574 solitudines
2914 5505 3103 5575 sequi,
3133 5511 3297 5569 atque
3325 5497 3422 5550 ha-

1848 5644 2021 5697 bitare
2065 5638 2190 5692 illos
2231 5634 2508 5703 iusserat,
2560 5626 2677 5694 lege
2709 5618 2833 5672 data
2881 5616 2914 5669 3
2957 5609 3097 5665 Non.
3142 5600 3418 5703 Septemb.

1849 5694 2076 5789 Naronae
2102 5694 2478 5782 Valentiniano
2508 5716 2573 5773 A.
2600 5711 2666 5767 IV
2685 5721 2738 5767 et
2769 5703 3019 5763 Neoterio
3045 5713 3217 5761 coss.,
3248 5694 3301 5749 id
3335 5699 3422 5747 est
