3852 6052
451 267 589 337 1347
1361 271 1507 332 JOS.
1543 269 1807 333 MARIA!
1839 271 2011 332 SUAI

2115 262 2204 331 SII
2238 266 2735 330 DISSERTATIO
3561 251 3711 317 1318

448 398 592 438 anno
617 380 682 438 C.
707 379 772 437 N.
803 381 930 447 590,
958 395 1025 438 ex
1049 379 1201 437 card.
1227 379 1484 446 Baronio,
1515 396 1569 436 n.
1596 380 1687 443 47,
1716 379 1806 434 48.
1830 378 2021 434 Exstat
2048 388 2092 440 Α
2129 388 2347 442 verunt,
2383 377 2437 432 in
2463 377 2660 448 primis
2679 377 2854 439 decet,
2877 372 3032 444 juxta
3056 371 3259 430 Christi
3287 370 3509 426 Domini
3537 372 3716 425 verba

449 491 512 530 ca
547 477 598 529 in
627 476 760 530 Cod.
784 474 1055 532 Theodos.
1083 474 1186 529 sub
1209 473 1430 528 nomine
1454 474 1621 543 impp.
1647 471 2014 527 Valentiniani
2117 488 2166 526 c.
2199 488 2292 526 xix
2315 470 2574 534 Mattlnei,
2614 481 2668 524 et
2693 479 2889 524 secutae
2919 469 3206 523 consilium
3237 467 3476 536 apostoli
3511 463 3680 519 Pauli
3701 506 3720 527 ,

451 565 724 620 Theodos.
759 574 815 620 et
839 565 1058 620 Arcadii
1100 563 1214 618 AA.
1265 564 1334 619 ad
1376 563 1662 618 Tatianum
1699 560 2013 632 praefectum
2116 581 2166 621 c.
2200 582 2276 620 vn
2309 568 2495 636 primae
2527 565 2595 621 ad
2627 565 2866 620 Corinth.
2905 578 3028 617 cum
3065 578 3230 618 sexus
3269 561 3343 616 sit
3371 560 3634 631 fragilis.
3665 569 3720 614 et

447 655 702 726 praetorio
727 654 984 711 Orientis.
1010 655 1115 710 Sed
1148 655 1285 709 idem
1315 653 1653 708 Theodosius
1680 668 1797 706 eam
1829 650 2016 720 viginti
2119 673 2188 712 ne
2235 659 2438 727 passim
2486 666 2746 728 vagantes
2787 656 2984 711 laedant
3035 654 3349 723 opinionem
3405 652 3714 716 Ecclesia,

449 757 572 815 post
599 746 880 803 mensibus
901 747 1193 812 revocavit,
1225 755 1278 800 et
1299 744 1576 814 antiquata
1601 745 1798 813 priore,
1828 757 2021 797 mona-

447 839 567 893 chis
598 839 800 894 liberos
837 840 892 893 in
918 839 1127 909 Oppida
1152 837 1376 907 largitur
1408 837 1717 906 ingressus,
1753 835 1868 904 lege
1895 835 2023 890 data

450 932 516 986 15
549 931 668 985 Kal.
705 932 829 986 Maii
860 930 1351 1000 Constantinopoli,
1386 928 1582 983 Arcad.
1611 928 1677 983 A.
1708 926 1777 981 XI
1799 936 1854 983 et
1885 926 2024 983 Ruf-

450 1026 557 1076 lino
585 1039 732 1078 coss.
768 1025 882 1078 sive
907 1039 1034 1076 ann.
1064 1021 1128 1075 C.
1152 1020 1218 1075 N.
1251 1020 1357 1076 592
1385 1036 1448 1076 ex
1480 1019 1734 1083 Baronio,
1758 1034 1882 1074 cum
1913 1033 2025 1088 quo

451 1116 690 1184 iniquius
727 1115 1053 1184 digladiatur
1093 1112 1424 1168 Scholiastes
1455 1110 1590 1167 Cod.
1620 1110 1890 1166 Theodos.
1933 1109 2026 1162 ln-

449 1217 634 1274 crcpat
689 1214 867 1259 autem
915 1212 969 1258 et
1026 1204 1357 1259 monastrias
1407 1203 1487 1266 εἰς
1547 1202 1702 1256 πόλιν
1755 1199 2027 1268 φοιτώσας

452 1299 620 1368 συχνά
657 1299 897 1352 Isidorus
929 1296 1251 1363 Pelusiotes,
1278 1297 1374 1350 lib.
1429 1312 1482 1362 ι,
1518 1295 1677 1364 epist.
1708 1294 1833 1348 567.
1873 1289 2030 1346 Unde

449 1392 726 1445 Clausurae
776 1390 928 1444 initia
965 1391 1370 1460 deprehendere
1408 1388 1724 1442 facillimum
1755 1395 1838 1440 est
1868 1403 1881 1439 :
1920 1384 2030 1438 imo

449 1497 625 1550 neque
657 1481 942 1535 ccenobitae
987 1489 1239 1550 poterant
1272 1480 1531 1548 evagari,
1572 1493 1621 1532 c.
1663 1476 1880 1547 quidam
1929 1474 2029 1537 16,

447 1590 504 1644 (ι.
565 1575 627 1638 1,
691 1590 722 1629 e
761 1590 886 1633 can.
937 1575 1009 1629 25
1053 1573 1286 1628 Concilii
1330 1571 1729 1627 Chalcedonen.
1791 1584 1913 1624 can.
1963 1567 2030 1620 16

446 1665 673 1720 Concilii
723 1666 986 1720 Turonen.
1028 1666 1244 1720 secundi
1279 1683 1295 1732 ;
1338 1665 1392 1719 in
1438 1663 1670 1736 Synopsi
1721 1661 2026 1726 Basilicon,

447 1758 540 1814 lib.
574 1775 625 1811 tv
647 1798 662 1822 ,
708 1774 759 1814 c.
793 1759 894 1824 16,
937 1761 1022 1814 tit.
1062 1759 1124 1825 l;
1163 1757 1370 1812 Concil.
1403 1756 1687 1810 Meldensis
1713 1799 1727 1822 ,
1761 1772 1888 1811 can.
1922 1753 2027 1829 l9;

447 1850 778 1920 Agathensis,
812 1865 934 1904 can.
961 1850 1032 1906 58
1055 1889 1070 1915 ,
1104 1859 1196 1904 aut
1228 1864 1258 1904 e
1295 1847 1628 1904 monasterio
1658 1847 1843 1914 exire,
1875 1853 2029 1901 extra

453 1942 598 2012 quod
645 1943 950 1997 monachus
993 1951 1078 1996 est
1121 1941 1262 1996 sicut
1301 1942 1470 2012 piscis
1506 1950 1660 1995 extra
1707 1956 1938 2011 aquam,
1975 1945 2029 1996 et

454 2035 565 2090 vita
591 2045 776 2101 caret,
806 2043 940 2088 teste
966 2035 1107 2103 Papa
1137 2032 1339 2103 Engen.
1370 2048 1492 2088 can.
1528 2030 1736 2085 Placuit
1763 2031 1850 2095 16,
1881 2048 1934 2102 q.
1964 2032 2014 2086 1.

450 2127 602 2182 Adde
633 2143 756 2181 can.
799 2126 832 2180 6
869 2126 1073 2181 Concil.
1110 2126 1387 2189 Toletani,
1427 2125 1660 2179 edictum
1702 2124 2020 2194 Luitprandi

444 2222 590 2288 regis
632 2218 1116 2287 Langobardorum
1141 2259 1156 2281 ,
1193 2217 1277 2271 tit.
1310 2218 1382 2271 22
1407 2227 1459 2272 et
1494 2218 1594 2284 75;
1644 2228 1806 2288 atque
1839 2218 2019 2274 Theo-

444 2310 573 2380 phili
612 2307 1195 2375 Constantinopolitani
1239 2308 1616 2377 imperatoris,
1660 2309 1714 2364 in
1749 2309 1840 2365 lib.
1887 2308 2012 2365 .lur.

447 2400 754 2465 0rieutal.;
807 2399 1018 2452 constit.
1073 2398 1108 2451 2
1157 2397 1235 2451 De
1259 2400 1633 2452 monachorum
1687 2402 2008 2470 expulsione.

445 2488 678 2541 Sanetus
734 2485 1090 2552 Benedictus,
1157 2500 1208 2539 c.
1269 2486 1302 2540 5
1349 2484 1561 2555 Regula:
1617 2488 1839 2542 damnat
1897 2505 2015 2543 mo-

444 2580 648 2633 nachos
667 2577 1004 2650 Gyrovagns,
1032 2594 1170 2648 quos
1193 2577 1384 2635 Petrus
1417 2579 1664 2634 Datniani
1687 2581 1876 2637 miscet
1894 2597 2018 2637 cum

444 2667 774 2737 Sarabaitis;
823 2679 877 2724 et
921 2668 1181 2741 Synesius
1211 2672 1370 2742 epist.
1395 2661 1516 2736 ‘67,
1551 2673 1632 2727 Ad
1676 2673 2018 2745 Theophilum

441 2772 720 2832 nuncupat
752 2762 1075 2816 Vacautivos
1101 2803 1115 2824 ,
1146 2761 1213 2816 de
1245 2763 1444 2833 quibus
1476 2765 1728 2832 superius
1765 2765 2014 2833 egimus:

441 2856 745 2925 quibusque
784 2864 1012 2924 possunt
1053 2853 1271 2924 adiungi
1317 2853 1680 2920 Gallodromi,
1720 2865 1774 2910 et
1806 2856 2014 2925 Spano-

441 2944 618 2999 dromi
641 2985 657 3009 ,
697 2960 929 3013 quorum
964 2945 1167 2998 mentio
1206 2945 1262 2998 in
1294 2944 1431 2999 Vitis
1467 2944 1723 3012 Patrum,
1768 2944 2014 3000 Circum-

2118 762 2244 803 can.
2273 749 2342 802 55
2369 747 2591 804 Concilii
2625 749 2765 803 tertii
2797 747 3246 816 Carthaginensis.
3305 743 3562 800 Sanctus
3593 744 3718 798 Hie-

2121 855 2382 912 ronymus
2409 840 2482 895 ita
2508 841 2861 901 Eustochium
2891 839 3118 893 affatur:
3145 857 3165 890 ι
3205 838 3435 907 Semper
3470 846 3530 892 te
3558 839 3716 891 cuiui-

2121 935 2229 990 culi
2261 934 2337 990 tui
2372 943 2582 990 secreta
2613 933 2962 997 custodiant,
2987 947 3200 1001 semper
3234 929 3493 1000 Sponsus
3528 941 3716 984 tecum

2123 1026 2415 1082 claudatur
2445 1025 2808 1089 intrinsecus,
2833 1037 2940 1081 etc.
2974 1024 3112 1079 Nolo
3143 1034 3194 1078 te
3233 1023 3524 1092 Sponsum
3560 1037 3715 1090 quae:-

2128 1135 2246 1173 rere
2280 1135 2374 1188 per
2405 1119 2614 1188 plateas
2635 1160 2649 1184 ,
2680 1117 2816 1173 foris
2842 1127 3108 1188 vagantur
3141 1117 3322 1172 stultae
3362 1116 3622 1185 virgines
3645 1154 3659 1171 .
3693 1134 3710 1162 ι

2127 1210 2222 1264 lib.
2257 1227 2336 1274 ιι,
2385 1211 2545 1280 epist.
2594 1211 2690 1277 17;
2749 1221 2803 1265 et
2848 1211 2988 1266 inter
3029 1226 3257 1265 munera
3302 1209 3496 1264 offerri
3553 1208 3716 1261 solita

2129 1301 2370 1354 velandis
2394 1301 2691 1371 virginibus
2719 1301 2903 1356 sellam
2945 1308 3229 1362 numerat,
3261 1307 3322 1353 ut
3350 1298 3515 1368 virgo
3564 1295 3715 1351 foras

2128 1392 2291 1462 pedes
2329 1409 2435 1447 non
2469 1401 2713 1456 moveat,
2754 1393 2848 1447 lib.
2881 1408 2919 1458 ι,
2952 1392 3110 1462 epist.
3139 1391 3205 1445 41
3246 1391 3314 1444 ad
3358 1387 3714 1443 Marcellam.

2129 1484 2298 1538 Erant
2338 1485 2501 1540 etiam
2557 1485 2833 1539 nonnullae
2874 1484 3136 1549 reclusas,
3184 1491 3243 1538 ut
3290 1479 3622 1535 Alexandra
3662 1479 3715 1531 in

2131 1586 2484 1631 monumento
2504 1617 2518 1641 ,
2551 1575 2792 1630 Palladio
2824 1584 2991 1642 teste,
3015 1573 3205 1638 Maria,
3233 1572 3428 1636 Thais,
3465 1582 3526 1624 et
3560 1568 3716 1622 Pela-

2132 1667 2218 1738 gia
2258 1667 2312 1721 in
2338 1665 2578 1723 Gellulis.
2613 1667 2874 1730 Photius,
2917 1667 3008 1721 lib.
3045 1682 3062 1721 ι
3107 1664 3406 1719 Nomocan.
3442 1678 3496 1716 c.
3531 1662 3595 1726 ιι,
3627 1661 3715 1714 ubi

2063 1725 2106 1784 Β
2132 1725 2447 1820 ὖαὶεδωοη,
2479 1755 2562 1810 tit.
2585 1754 2673 1818 90,
2703 1769 2752 1810 c.
2785 1755 2806 1806 1
2846 1725 2899 1810 et
2925 1770 3049 1810 can.
3085 1754 3185 1810 ult.
3215 1753 3446 1808 Concilii
3475 1750 3719 1821 Mogu-

2133 1846 2294 1900 tinen.
2349 1845 2539 1904 Patres
2597 1862 2712 1902 aevo
2762 1847 3026 1918 Arnulpbi
3083 1845 3436 1916 imperatoris
3495 1844 3716 1897 nullam

2129 1938 2452 1993 monacham
2475 1980 2490 2006 ,
2543 1953 2640 1993 seu
2683 1938 2980 1993 Ascetriam
3027 1953 3058 1992 a
3089 1937 3424 1992 monasterio
3459 1932 3716 1988 abstrahi

2132 2027 2412 2095 patiuntur
2451 2068 2467 2094 ,
2530 2028 2642 2084 imo
2695 2029 2949 2084 claustris
3005 2029 3326 2100 regulariter
3396 2024 3717 2095 constringi

2130 2122 2408 2187 mandant,
2442 2132 2496 2176 et
2533 2124 2866 2193 permittitur
2901 2124 3179 2193 ingressus
3216 2137 3314 2192 pro
3351 2120 3554 2174 missis
3592 2129 3714 2172 tan-

2134 2223 2246 2269 tum
2301 2216 2431 2270 viris
2485 2217 2727 2286 probatae
2772 2217 2924 2282 vitae,
2969 2231 3034 2272 ac
3085 2217 3258 2270 aetatis
3309 2222 3595 2284 provecta
3645 2211 3711 2265 ad

2129 2311 2492 2374 monasteria,
2530 2326 2652 2366 can.
2689 2311 2759 2367 58
2803 2309 3008 2365 Concil.
3055 2309 3326 2380 Epaunen.
3381 2306 3462 2361 Ita
3511 2315 3710 2361 sancta

2125 2397 2356 2455 Caesaria
2387 2417 2558 2470 usque
2585 2402 2652 2455 ad
2679 2401 2822 2456 diem
2848 2402 3110 2457 transitus
3141 2416 3249 2455 non
3280 2415 3508 2470 egressa
3561 2399 3708 2462 fuit,

2121 2508 2223 2548 nec
2257 2493 2375 2562 ejus
2429 2508 2686 2559 sorores,
2734 2491 2870 2548 Vita:
2891 2494 3062 2548 sancti
3109 2493 3331 2548 Ctesarii
3385 2492 3709 2548 Arelatens.

2119 2586 2388 2655 scriptore
2435 2594 2716 2640 narrante.
2761 2585 3109 2641 Innocentius
3145 2583 3212 2638 ιν
3259 2583 3520 2640 Pontifex
3561 2584 3706 2638 Max.

2115 2678 2274 2746 epist.
2300 2677 2400 2732 159
2420 2721 2435 2743 ,
2468 2693 2612 2732 anno
2643 2679 2985 2747 pontiﬁcatus
3009 2694 3061 2732 vr
3092 2721 3107 2746 ,
3139 2679 3362 2743 scribit.
3395 2679 3710 2734 sanctimo-

2116 2767 2286 2822 niales
2324 2769 2482 2837 quasi
2520 2769 2672 2822 vivas
2718 2769 2770 2822 in
2805 2769 3136 2824 monasterio
3169 2769 3415 2838 sepultas
3439 2771 3709 2834 ,-mundo

2114 2869 2358 2915 mortuas
2396 2861 2573 2915 vivere
2595 2861 2815 2917 Christo
2833 2904 2848 2927 ,
2894 2862 3109 2931 illisque
3134 2872 3449 2932 perpetuam
3476 2863 3709 2916 clausu-

2113 2963 2230 3002 ram
2260 2949 2453 3003 indixit
2474 2946 2790 3003 Bonil'acius
2819 2941 2950 3016 Vlll,
2981 2965 3103 3020 cap.
3129 2948 3462 3004 Periculosa:
3482 2960 3609 3005 ext.
3631 2949 3707 3002 De

440 3038 719 3103 celliones,
754 3037 1138 3104 Circelliones,
1171 3045 1225 3091 et
1255 3037 1568 3106 Agonastici
1614 3036 1756 3107 apud
1793 3037 2014 3092 Donati-
2042 3082 2084 3108 η
2117 3049 2244 3092 stat.
2276 3039 2441 3108 regul.
2472 3038 2567 3093 lib.
2593 3055 2682 3102 vr,
2728 3039 2820 3093 ubi
2858 3039 2982 3094 licet
3015 3039 3252 3095 Joannes
3281 3041 3524 3096 Andreae
3555 3053 3708 3097 notet

442 3139 587 3190 stas,
630 3129 696 3182 de
745 3129 945 3196 quibus
999 3128 1057 3181 S.
1102 3129 1389 3196 Augustin.
1433 3129 1486 3180 in
1536 3129 1732 3196 psalm.
1776 3143 2012 3193 cxxuv,

441 3236 497 3290 p.
528 3219 654 3274 556.
689 3217 773 3273 Uti
800 3218 865 3273 tle
890 3219 1122 3290 Stylitis,
1151 3235 1246 3273 seu
1279 3218 1528 3283 Cionitis,
1555 3228 1610 3273 et
1627 3217 2013 3285 Columnariis,

441 3314 615 3380 deque
643 3310 908 3375 Reclusis,
938 3326 969 3366 e
994 3309 1259 3380 Gregorio
1285 3307 1563 3365 Turonen.
1596 3309 1690 3365 lib.
1720 3326 1771 3364 vt
1807 3310 2013 3367 Histor.

442 3401 644 3456 Franc.
677 3419 725 3457 c.
755 3403 788 3456 6
811 3411 865 3456 et
887 3403 956 3465 8;
998 3401 1174 3470 Deque
1202 3400 1373 3470 gloria
1401 3401 1782 3470 confossorum,
1811 3419 1861 3457 c.
1893 3403 2010 3470 103,

442 3491 534 3545 ubi
571 3507 676 3544 non
707 3490 884 3543 solum
917 3489 1249 3557 Hospitium,
1285 3488 1378 3541 sed
1408 3498 1464 3542 et
1485 3489 1809 3558 Eparchium
1838 3489 2012 3544 Julia-

443 3595 683 3648 numque
722 3589 1006 3642 recenset,
1055 3579 1132 3632 uti
1169 3578 1448 3633 Palladius
1477 3595 1527 3634 c.
1559 3581 1656 3634 141
1709 3582 2009 3645 Lausiacte,

444 3670 818 3737 Eustatliinm;
857 3680 911 3725 et
940 3670 1280 3740 Nicephorus
1312 3670 1550 3738 Callisti,
1593 3673 1688 3727 lib.
1721 3688 1832 3740 le,
1866 3690 1915 3728 c.
1943 3673 2004 3727 51

444 3763 593 3818 Eccl.
636 3764 842 3819 Histor.
879 3764 1214 3830 Simeonem,
1249 3773 1410 3833 atque
1439 3764 1754 3821 Danielem:
1793 3783 1857 3822 ac
1884 3766 2010 3837 Gly-

440 3871 536 3912 cas
567 3857 759 3910 Annal.
792 3867 925 3911 tom.
962 3856 1029 3911 ιν
1059 3876 1072 3911 :
1111 3859 1205 3913 sed
1238 3870 1292 3912 et
1323 3870 1546 3914 sanctus
1572 3859 1863 3931 Gregorius
1892 3860 2008 3915 Ma-

439 3964 580 4020 gnus
612 3947 978 4004 Serundinum
1012 3950 1314 4018 inclusum;
1347 3967 1577 4022 quorum
1605 3953 1720 4008 vice
1747 3970 1890 4008 nunc
1912 3955 2009 4010 ilo-

440 4049 562 4094 rent
586 4040 1028 4096 Camaldulenses
1061 4043 1164 4096 sub
1206 4042 1409 4112 Regula
1453 4045 1627 4099 sancti
1678 4045 1962 4101 Romualdi
1990 4085 2006 4110 ,

436 4141 494 4187 et
531 4133 951 4188 Carthusienses
994 4149 1062 4188 ex
1091 4135 1351 4204 glnstituto
1392 4137 1565 4191 sancti
1602 4136 1905 4205 Brunonis,
1942 4139 2008 4194 de

437 4219 639 4288 quibus
673 4219 847 4277 Lucas
873 4223 926 4276 in
961 4224 1320 4280 llomualdiua
1351 4225 1442 4280 lib.
1469 4243 1521 4291 v,
1559 4242 1607 4280 c.
1635 4225 1690 4290 6,
1725 4238 1780 4283 et
1813 4228 2006 4287 Petrus

435 4309 750 4367 Cluniacen.
793 4314 953 4383 epist.
989 4314 1088 4382 12,
1116 4315 1208 4370 lib.
1250 4333 1326 4378 vt,
1379 4316 1434 4370 S.
1472 4320 1732 4374 Antoniu.
1788 4329 1928 4389 part.
1966 4337 2004 4376 ll

2119 3131 2262 3186 istud
2309 3130 2605 3199 capitulum
2663 3131 2716 3185 in
2763 3147 2928 3202 regno
2964 3131 3206 3188 Francia:
3249 3149 3356 3188 non
3409 3133 3595 3189 fuisse
3623 3151 3708 3190 re-

2117 3232 2355 3290 ceptum,
2390 3237 2544 3292 reges
2588 3230 2769 3277 tamen
2803 3222 3138 3278 Francorum
3174 3224 3470 3295 episcopos
3507 3226 3707 3280 admo-

2115 3323 2278 3382 nent,
2336 3326 2395 3370 ut
2435 3317 2722 3388 diligenter
2763 3327 2990 3373 caveant
3033 3321 3341 3374 clausuram
3388 3322 3705 3376 sanctimo-

2114 3409 2337 3462 nialium
2375 3413 2614 3475 servari,
2653 3411 2852 3466 Codice
2889 3409 3249 3478 Henriciano,
3285 3413 3383 3467 lib.
3419 3428 3474 3479 ι,
3513 3414 3609 3469 tit.
3639 3415 3699 3468 11

2113 3499 2190 3554 De
2221 3501 2450 3571 religios.
2489 3512 2591 3556 art.
2625 3501 2658 3557 8
2691 3512 2746 3558 et
2786 3503 2820 3557 9
2842 3543 2858 3567 ,
2890 3503 3180 3558 Brouchel.
3217 3504 3269 3558 in
3304 3505 3542 3559 Basilic.
3574 3505 3698 3560 Jur.

2113 3590 2361 3647 Francia.
2399 3605 2453 3648 et
2479 3594 2532 3648 in
2558 3594 2859 3665 Conferent.
2887 3595 3242 3666 Imperatores
3266 3599 3436 3651 etiam
3461 3599 3701 3652 Germa-

2111 3684 2219 3738 nici
2254 3686 2314 3739 in
2354 3684 2603 3741 Comitiis
2641 3690 2968 3757 Augustam,
3019 3688 3046 3760 §
3090 3688 3454 3750 Martialibus,
3491 3693 3586 3746 tit.
3626 3691 3699 3745 De

2110 3786 2393 3830 monaster.
2427 3786 2481 3830 et
2507 3777 2695 3834 Patres
2727 3781 2868 3834 sacri
2901 3781 3096 3835 concil.
3126 3779 3368 3835 Trident.
3407 3798 3562 3838 sess.
3587 3781 3660 3836 25
3680 3824 3696 3847 ,

2109 3882 2159 3922 c.
2195 3870 2228 3924 5
2262 3869 2339 3923 De
2369 3875 2645 3938 relorinat.
2697 3881 2753 3926 et
2793 3872 3076 3943 pontiﬁces
3104 3871 3232 3928 Pius
3255 3875 3295 3928 V
3324 3873 3699 3948 Gregoriique

2107 3959 2229 4014 Xlll
2263 3971 2317 4017 et
2348 3962 2471 4029 XV,
2512 3974 2662 4033 parte
2690 3966 2928 4020 secunda
2956 3965 3178 4020 Bullarii
3201 4008 3218 4031 ,
3252 3966 3398 4020 bulla
3437 3969 3508 4034 8,
3546 3985 3698 4024 anno

2109 4053 2269 4120 1566,
2296 4065 2350 4110 et
2375 4055 2518 4110 bulla
2548 4056 2603 4122 8,
2630 4072 2760 4112 ann.
2790 4057 2949 4122 1572,
2979 4067 3033 4113 et
3059 4058 3203 4113 bulla
3236 4058 3325 4124 18,
3356 4074 3495 4114 ann.
3530 4063 3694 4118 162i.

2110 4145 2348 4202 Sanctus
2381 4148 2610 4202 Carolus
2636 4149 2973 4206 Borromaeus
3003 4149 3061 4204 S.
3092 4151 3157 4205 li.
3189 4151 3251 4206 Ε.
3279 4153 3614 4219 cardinalis,
3642 4172 3694 4210 et

2107 4240 2552 4310 archiepisc0pus
2577 4241 2962 4299 Mediolanens.
2985 4244 3038 4298 in
3064 4245 3261 4299 concil.
3292 4246 3690 4315 provint-ialib.

2107 4329 2202 4384 lib.
2232 4346 2286 4384 vt
2312 4372 2327 4397 ,
2365 4333 2450 4385 tit.
2485 4331 2560 4385 De
2586 4333 2834 4386 clausura
2865 4334 3082 4388 monial.
3117 4351 3172 4389 n.
3198 4336 3300 4402 59;
3331 4337 3691 4408 Canegianus

435 4402 684 4500 Chronic.
716 4405 954 4500 Atit.715,
995 4422 1045 4460 c.
1073 4408 1142 4500 22
1163 4449 1177 4472 ,
1219 4424 1273 4478 p.
1303 4409 1392 4464 82.
1424 4411 1628 4466 Alanus
1665 4415 1729 4467 de
1763 4411 1913 4483 Rupe
1950 4416 2002 4469 in
2041 4417 2082 4472 D
2108 4409 2547 4493 archiepiscopus
2579 4425 2818 4493 Aquens.
2870 4427 2922 4480 in
2958 4427 3277 4496 provinciali
3303 4402 3521 4500 synodo
3543 4472 3560 4494 ,
3593 4447 3690 4486 an-

433 4496 654 4551 Ordinis
703 4497 1048 4554 Carthusiani
1095 4499 1501 4571 Praemgativis,
1536 4503 1880 4562 Justininnus
1933 4509 1997 4563 A.

435 4587 627 4640 novell.
662 4588 769 4641 225
803 4587 878 4641 De
901 4591 1007 4642 div.
1043 4590 1191 4646 Eccl.
1231 4595 1494 4662 Capitul.,
1531 4597 1696 4651 relata
1731 4600 1913 4654 collat.
1944 4601 1996 4665 9,

432 4677 520 4729 tit.
564 4679 636 4730 De
667 4678 863 4731 sanctis
909 4681 1160 4750 episcop.,
1203 4687 1422 4738 mandat
1472 4691 1848 4746 sanctissimos
1885 4692 2001 4761 epi-

432 4783 628 4836 scopos
654 4769 891 4824 locorum
925 4773 1227 4841 providere,
1253 4786 1312 4830 ut
1333 4793 1507 4848 neque
1529 4783 1799 4844 monachi,
1825 4799 2002 4852 neque

431 4861 710 4915 monachre
746 4864 1083 4920 circumeant
1113 4869 1398 4936 civitates;
1442 4873 1688 4941 idemque
1725 4876 1915 4929 statuit
1944 4877 1999 4930 in

429 4949 466 5003 l.
503 4948 829 5007 Generaliter
863 4956 932 5009 40
957 4998 971 5020 ,
1020 4973 1070 5012 c.
1112 4956 1189 5012 De
1219 4961 1374 5029 episc.
1409 4972 1458 5014 et
1490 4964 1668 5016 cleric.
1701 4980 1864 5035 quam
1899 4966 2000 5020 sub

427 5041 627 5098 Leonis
653 5047 873 5101 nomine
901 5048 1130 5118 Augusti
1158 5052 1320 5108 refert
1354 5053 1644 5113 Gratianus
1678 5073 1727 5113 c.
1765 5057 1996 5112 Genera-

384 5133 388 5137 '
425 5135 664 5200 liter16,
693 5153 747 5205 q.
783 5139 834 5191 1.

498 5225 652 5292 Quod
683 5229 728 5282 si
755 5239 965 5284 veteres
992 5240 1160 5299 poetae
1191 5230 1384 5288 Veneri
1421 5237 1792 5304 ascripserunt
1817 5247 1994 5292 testu-

425 5315 604 5370 dinem
629 5358 644 5382 ,
679 5326 740 5372 ut
774 5321 1078 5375 indicarent
1105 5322 1363 5376 mulieres
1389 5325 1551 5377 domo
1587 5325 1779 5392 pedem
1804 5327 1993 5384 ell’erre

428 5422 534 5460 non
593 5408 832 5474 debere,
912 5412 1006 5465 sed
1084 5412 1228 5465 sicut
1306 5414 1507 5467 animal
1583 5416 1745 5485 621
1817 5418 1990 5486 illud,

423 5494 780 5562 οἱκοφύλακες
815 5513 954 5563 esse,
988 5501 1241 5554 custodes
1269 5501 1554 5556 domorum
1591 5524 1602 5559 :
1637 5507 1690 5560 id
1725 5525 1850 5564 vero
1879 5529 1994 5568 mo-

427 5585 652 5648 nachas,
688 5586 889 5658 Deique
917 5592 1146 5659 puellas,
1177 5593 1250 5645 uti
1280 5602 1475 5647 vocant
1502 5596 1688 5654 Patres
1721 5600 1992 5660 Toletante

427 5673 619 5740 synodi
650 5678 853 5744 primae,
884 5695 933 5736 c.
956 5681 1010 5744 6,
1038 5681 1150 5750 jam
1185 5682 1423 5750 laudato,
1453 5701 1574 5754 quae
1600 5704 1658 5744 se
1690 5690 1796 5747 Deo
1825 5695 1991 5749 devo-

2105 4529 2175 4568 no
2203 4514 2339 4568 1585
2359 4555 2374 4578 ,
2406 4515 2490 4567 tit.
2532 4514 2604 4567 De
2631 4514 2985 4580 monialibus;
3019 4517 3314 4573 cardinalis
3348 4517 3684 4585 Taurusius,

2104 4604 2543 4675 archiepiscopus
2584 4605 2946 4662 Avenionens.
2985 4609 3040 4662 in
3088 4610 3410 4678 provinciali
3463 4627 3686 4682 quoque

2049 4739 2054 4742 -
2103 4699 2308 4768 synodo
2333 4713 2476 4753 anno
2505 4699 2628 4765 157,
2663 4700 2744 4753 tit.
2779 4700 2852 4754 De
2871 4701 3318 4756 sanctimonialib.
3348 4703 3421 4756 de
3442 4721 3680 4774 quarum

2100 4789 2268 4843 variis
2296 4790 2558 4863 institutis
2584 4788 2778 4846 Petrus
2804 4791 3050 4847 Damiani
3081 4794 3232 4848 card.
3257 4792 3502 4850 Ostiens.
3538 4813 3593 4852 c.
3626 4800 3678 4864 9,

2100 4895 2290 4948 opusc.
2361 4881 2450 4936 50.
2516 4880 2715 4937 Verum
2761 4883 2853 4939 l'el.
2905 4901 3069 4940 metu.
3122 4886 3584 4956 vigilantissimus
3627 4905 3681 4946 et

2099 4970 2484 5040 integerrimus
2537 4975 2761 5029 antistes
2812 4978 2962 5031 card.
3016 4976 3286 5032 Antonius
3315 4978 3676 5048 Barberinus,

2096 5059 2528 5129 Capuccinorum
2561 5063 2747 5129 decus,
2783 5065 3172 5136 Senogalliensi
3207 5068 3260 5121 in
3293 5071 3511 5140 synodo
3546 5089 3678 5129 con-

2096 5151 2406 5207 stitutiones
2456 5169 2554 5222 pro
2596 5155 2922 5212 monialibus
2963 5159 3146 5212 sanxit
3179 5161 3675 5229 accuratissimas,

2095 5257 2218 5311 quae
2249 5244 2390 5312 typis
2419 5254 2636 5299 exstant
2655 5245 2831 5300 editae.

2169 5333 2536 5403 Subsequitur
2587 5336 2679 5389 τοῦ
2731 5336 2896 5390 αὐτοῦ
2953 5338 3244 5411 (Νείλου)
3301 5343 3484 5412 Λόγος
3541 5347 3675 5416 πρὸς

2093 5427 2354 5497 Εὑλόγιον
2385 5427 2904 5500 μόναχον,Ε]ιιεάεηι
2930 5430 3048 5484 Nili
3082 5433 3363 5490 Tractatus
3395 5438 3471 5489 ad
3501 5436 3672 5493 Eulo-

2091 5521 2234 5588 gium
2272 5522 2618 5585 monachum,
2653 5521 2706 5574 in
2743 5535 2858 5590 quo
2892 5521 3182 5593 Capitula,
3225 5542 3320 5581 seu
3369 5527 3673 5586 Sermones

2092 5609 2290 5666 diversi
2329 5627 2359 5664 a
2406 5628 2493 5668 me
2535 5627 2629 5682 per
2656 5613 2832 5682 capita
2879 5614 2947 5668 54
2974 5616 3157 5672 divisi.
3211 5619 3374 5689 622
3440 5622 3668 5692 Incipit,

2092 5701 2155 5754 Οἱ
2185 5701 2276 5756 τὸν
2307 5704 2557 5774 οὐράνιον
2591 5702 2770 5774 χῶρον
2799 5705 3086 5781 νεμόμενοι
3189 5709 3292 5774 Qui
3341 5710 3549 5786 caelesti
3585 5714 3670 5768 di-
