3852 6052
32 301 237 372 1349
1270 307 1369 369 DE
1402 306 1780 369 OPERIBUS
1815 307 1875 367 S.
1908 305 2089 367 NILI.
3214 294 3349 361 1350

31 432 369 473 versantur
422 420 476 472 in
522 419 672 486 loco;
727 426 782 473 et
823 418 1060 485 desinit,
1099 417 1169 472 τὰ
1201 418 1259 473 δὲ
1312 420 1533 491 ῥήματά
1571 437 1675 492 μου
1706 430 1749 483 Α
1777 421 1907 475 Item
1946 416 2283 489 superiorem
2321 421 2610 469 tractatum
2657 410 2735 467 De
2772 420 2891 466 octo
2922 410 3120 466 vitiosis
3150 408 3349 479 cogita-

29 512 362 581 τηρήσαις
396 512 462 581 σῇ
496 510 716 580 καρδίᾳ.
746 509 826 563 Τιι
860 526 977 564 vero
998 526 1112 564 mea
1137 509 1409 564 observato
1443 514 1597 565 verba
1619 512 1675 565 in

1792 514 2013 566 tionibus
2044 553 2060 577 ,
2095 509 2253 580 cujus
2281 506 2443 579 623
2480 504 2693 560 initium
2723 514 2826 570 est,
2860 503 2923 558 de
2951 502 3098 574 gula,
3127 516 3179 571 p.
3208 500 3348 562 975,

30 601 253 655 corde
284 611 372 655 tuo
400 640 416 665 ,
448 613 553 657 etc.
594 600 879 671 Eulogium
912 609 1093 656 autem
1150 602 1303 656 illum
1344 604 1673 658 monachum
1776 604 2012 674 reperies
2048 602 2101 656 in
2128 599 2249 656 eod.
2281 599 2472 669 quinto
2505 605 2689 662 tomo;
2722 610 2883 665 quem
2914 595 3080 648 alium
3126 607 3248 647 esse
3284 590 3354 644 ab

32 694 421 749 crediderim
458 693 654 760 fuisse,
685 694 750 747 ad
791 710 951 763 quem
1001 695 1191 749 scribit
1229 693 1468 749 Isidorus
1513 694 1675 749 Pelu-
1775 705 1897 751 octo
1927 694 2081 749 libris
2106 735 2121 760 ,
2155 707 2294 764 quos
2339 690 2593 761 opposuit
2641 688 2904 759 Evagrius
2947 687 3204 741 adversus
3229 694 3354 739 octo

36 785 299 849 siotes,
328 786 421 841 lib.
455 802 507 848 ι,
544 786 705 853 epist.
737 783 840 839 257
883 783 958 837 De
986 784 1101 840 luce
1129 787 1423 853 matutina;
1461 785 1567 841 289
1601 786 1677 841 De
1776 787 2159 858 principalium
2200 785 2457 839 vitiorum
2497 783 2870 852 suggestiones
2899 820 2912 842 ,
2957 779 3210 832 existimo
3234 820 3247 841 ,
3300 785 3357 830 et

39 872 301 941 (ἐπίθες
335 874 441 929 512
482 874 555 929 De
583 875 714 945 lege,
748 875 839 930 ubi
887 876 1056 931 lector
1086 877 1403 931 inscribitur
1424 916 1439 941 ,
1472 877 1567 930 lib.
1601 894 1674 943 ιι,
1775 878 1843 933 de
1871 894 1979 948 quo
2018 877 2271 946 superius
2295 875 2400 943 egi.
2438 872 2595 928 Certe
2625 872 2797 925 bestia
2824 911 2838 934 ,
2897 869 2963 923 de
2997 884 3099 937 qua
3133 876 3357 923 sanctus

44 965 260 1032 epist.
300 964 366 1017 “i7
395 975 447 1020 et
479 964 569 1030 85,
603 965 891 1036 Presbyter
919 976 1305 1036 nuncupatur,
1337 977 1391 1021 et
1418 968 1557 1032 202,
1584 967 1678 1022 de-
1775 968 2016 1023 Joannes
2060 966 2250 1022 scribit
2290 980 2339 1019 c.
2378 964 2441 1017 1.7
2484 962 2824 1032 Apocalypsis
2852 1000 2866 1025 ,
2913 969 3116 1027 septem
3173 949 3359 1010 habuit

48 1056 268 1125 nique
303 1056 399 1111 lib.
434 1072 529 1119 ιιι,
570 1057 726 1127 epist.
762 1057 866 1112 184
908 1066 962 1110 et
1004 1058 1129 1111 256.
1174 1057 1324 1113 Hunc
1368 1067 1582 1121 autem,
1611 1057 1678 1111 ad
1777 1074 1981 1117 cornua
2012 1100 2027 1125 ,
2082 1066 2135 1112 et
2184 1055 2432 1111 diabolus
2479 1064 2682 1124 septem
2733 1052 2973 1122 suggerit
3026 1049 3151 1102 vitia
3179 1090 3193 1112 ,
3235 1062 3359 1117 quia

49 1163 261 1215 quem
288 1147 446 1203 Nilus
473 1148 657 1219 dirigit
691 1150 853 1203 istum
884 1149 1080 1203 librum
1112 1164 1390 1204 censerem
1427 1149 1679 1203 eumdem
1778 1147 2103 1209 criminalia,
2134 1152 2193 1198 ut
2223 1154 2442 1214 peccata
2478 1142 2728 1212 capitalia
2765 1140 3138 1199 nominantur,
3172 1144 3226 1189 et
3248 1134 3361 1188 vel~

51 1254 220 1294 esse
246 1279 261 1304 ,
291 1241 386 1311 qui
420 1239 650 1297 Joannis
691 1242 1118 1311 archiepiscopi,
1165 1257 1259 1296 seu
1301 1242 1472 1296 sancti
1506 1241 1679 1313 Chry-
1778 1248 1839 1294 ut
1871 1238 2040 1307 hydra
2086 1234 2351 1303 septiceps
2376 1273 2392 1299 ,
2438 1232 2523 1285 his
2553 1229 2791 1299 assurgit
2848 1229 3113 1281 adversus
3144 1223 3313 1277 Deum
3342 1239 3356 1276 :

62 1335 327 1386 sosmmi
371 1330 964 1402 Constantinopolitani
1012 1332 1337 1402 patriarchae
1381 1331 1680 1402 discipulus
1785 1328 2104 1400 principalia
2139 1326 2302 1381 etiam
2340 1334 2497 1380 vocat
2534 1323 2725 1377 Petrus
2758 1319 3096 1374 Lombardus
3123 1357 3137 1381 ,
3180 1316 3277 1369 lib.
3320 1329 3360 1368 ιι

58 1430 149 1475 et
178 1423 463 1493 presbyter
495 1424 595 1477 luit
623 1462 639 1487 ,
677 1424 959 1478 abstinens
982 1465 996 1490 ,
1030 1432 1193 1493 atque
1223 1423 1515 1493 jejunans;
1546 1423 1682 1479 dici-
1779 1423 2202 1485 Sententiarum,
2236 1418 2575 1472 distinction.
2607 1415 2695 1480 44,
2730 1423 2783 1469 et
2808 1418 3088 1466 enumerat
3114 1424 3143 1462 e
3172 1415 3362 1462 sancto

66 1524 296 1584 utrque
326 1516 526 1571 adiisse
549 1516 797 1570 abbatem
826 1514 1026 1585 Josepb
1055 1517 1108 1569 in
1143 1516 1262 1569 loco
1289 1558 1304 1581 ,
1337 1516 1430 1585 qui
1457 1526 1681 1571 vocatur

66 1601 382 1673 Panepho,
407 1605 475 1659 ab
503 1598 711 1659 incerfo
740 1616 983 1669 auctore,
1012 1604 1105 1659 lib.
1135 1620 1187 1669 v,
1206 1603 1284 1658 De
1306 1605 1399 1658 vit.
1433 1604 1677 1670 Patrum,

66 1695 259 1764 cujus
278 1694 505 1750 Latinus
521 1699 788 1766 interpres
810 1695 1176 1768 estPelagius,
1192 1705 1247 1750 et
1264 1696 1481 1751 lib.vm.
1504 1696 1683 1767 Atque

1780 1514 2041 1586 Gregorio
2076 1513 2270 1583 Magno
2303 1511 2355 1564 in
2393 1508 2577 1564 Exodo
2600 1548 2614 1573 ,
2662 1514 2757 1560 aut
2813 1504 2996 1572 potius
3039 1499 3318 1553 Ezechiele
3341 1536 3357 1561 ,

1781 1608 1892 1663 imo
1919 1622 1982 1663 ex
2017 1622 2112 1660 xm
2150 1604 2427 1658 Moralium
2456 1618 2469 1666 ;
2522 1612 2574 1655 et
2612 1600 2685 1653 ait
2717 1613 2747 1653 e
2774 1596 3164 1666 Chrysostomo
3190 1590 3363 1659 signi-

1783 1700 1939 1753 licata
1973 1696 2144 1751 fuisse
2178 1696 2230 1747 in
2267 1703 2473 1763 septem
2507 1690 2737 1761 populis,
2782 1687 2875 1758 qui
2903 1695 3099 1741 terram
3124 1683 3361 1753 promis-

76 1788 355 1842 fortassis
382 1787 546 1853 idem,
579 1789 671 1857 qui
696 1788 1221 1843 communicantium
1251 1798 1461 1843 mentes
1492 1788 1681 1858 digno-
1711 1783 1751 1837 B
1781 1790 1974 1857 sionis,
2014 1804 2176 1858 quam
2217 1785 2360 1840 Deus
2402 1784 2582 1839 lsraeli
2617 1782 2887 1852 pollicitus
2920 1777 3116 1842 fuerat,
3146 1774 3357 1829 detine-

72 1880 308 1945 scebat,
335 1887 390 1933 et
418 1879 484 1933 de
510 1893 621 1948 quo
653 1877 924 1945 Bullinus,
954 1879 990 1933 l.
1016 1894 1086 1945 ιι,
1116 1879 1284 1946 c.14;
1321 1878 1678 1945 Sozomenus,

72 1972 133 2025 l.
165 1987 260 2035 vr,
308 1986 358 2024 c.
390 1970 498 2035 28;
540 1971 853 2026 Cassiodor.
893 1972 1101 2026 Hister.
1150 1970 1384 2040 Tripart.
1441 1971 1477 2025 Ι.
1537 1986 1634 2025 vut
1662 2014 1678 2039 ,

78 2078 147 2115 ο.
186 2062 207 2115 1
240 2079 254 2127 ;
290 2059 578 2131 Nicephor.
618 2061 657 2116 ι.
694 2077 746 2115 x1
769 2102 786 2128 ,
818 2076 867 2116 c.
896 2062 985 2116 54.
1038 2061 1147 2117 Nec
1176 2066 1321 2116 enim
1363 2062 1501 2117 ratio
1538 2071 1675 2116 tem-

82 2154 255 2221 poris
294 2152 513 2221 patitur,
551 2162 610 2207 ut
640 2153 713 2207 sit
744 2153 834 2207 ille
866 2153 1167 2208 monachus
1193 2153 1610 2220 Alexandrinus,
1653 2169 1684 2208 e

78 2245 447 2299 Scholastico
476 2286 490 2310 ,
545 2244 639 2315 qui
668 2246 735 2299 ad
774 2254 1022 2300 sanctum
1057 2244 1351 2299 Antonium
1404 2249 1679 2315 perrexit,

84 2338 174 2392 de
202 2353 313 2407 quo
339 2338 650 2404 Palladius,
684 2353 733 2393 c.
764 2338 835 2392 26
870 2336 1152 2392 Lausiaca:
1174 2380 1189 2405 ,
1232 2348 1286 2393 et
1317 2339 1557 2393 incertus
1584 2354 1683 2393 au-

86 2441 265 2499 ctor,
300 2432 393 2485 lib.
423 2446 497 2485 vn
536 2430 613 2484 De
645 2432 739 2485 vit.
786 2430 1013 2484 Patrum
1042 2473 1057 2498 ,
1095 2432 1253 2499 cujus
1290 2432 1557 2500 interpres
1584 2431 1686 2485 fuit

90 2522 462 2577 Paschasius.
497 2524 687 2592 Itaque
716 2524 989 2595 colligitur
1028 2538 1092 2578 ex
1140 2524 1244 2579 ista
1285 2523 1642 2593 inscriptione
1666 2563 1682 2587 ,

90 2613 292 2668 Nilum
323 2630 459 2682 aevo,
490 2630 599 2685 quo
628 2614 887 2681 Isidorus,
915 2614 1194 2685 Eulogius,
1226 2616 1508 2685 Agathius,
1542 2615 1686 2669 Eva-

92 2707 287 2775 grius,
312 2716 366 2761 et
392 2708 486 2760 alii
515 2708 807 2773 vixerunt,
850 2705 1124 2762 ﬂoruisse.
1155 2705 1323 2761 Ornat
1349 2714 1495 2761 certe
1523 2707 1689 2760 Eulo-

94 2796 264 2865 gium
312 2797 479 2851 istum
544 2796 750 2865 insigni
807 2795 999 2866 Elogio
1061 2797 1248 2851 beatus
1303 2795 1497 2863 Nilus,
1556 2798 1685 2850 dum

102 2887 328 2957 μύστην
387 2886 497 2939 τῶν
542 2886 754 2957 ἀρετῶν
810 2899 1125 2957 nuncupat,
1172 2890 1261 2958 qui
1324 2889 1427 2942 fuit
1490 2888 1687 2957 impul-

100 2993 244 3041 sor,
297 2986 351 3032 et
386 2977 786 3049 ἐργοδιώκτης,
850 2987 909 3032 ut
972 2994 1109 3048 opus
1184 2979 1326 3034 istud
1383 2980 1685 3033 conscribe-

102 3077 229 3138 ret,
264 3082 452 3125 auctor
493 3071 788 3135 nimirum,
831 3081 994 3125 exuta
1026 3071 1230 3124 tumida
1264 3070 1447 3124 carnis
1476 3070 1688 3123 sarcina

101 3156 472 3212 eelebrandus
500 3196 515 3221 ,
551 3156 694 3211 unde
721 3158 891 3226 ipsius
925 3172 985 3212 se
1025 3157 1364 3212 commendat
1393 3156 1685 3227 sulfragiis.

186 3267 485 3338 Subjicitur
518 3269 611 3322 τοῦ
642 3269 806 3323 αὐτοῦ
839 3270 857 3341 (
882 3268 1071 3323 Νείλου
1102 3266 1333 3338 nempe)
1370 3268 1524 3336 λόγος
1555 3266 1691 3338 πρὸς

104 3359 205 3413 τὸν
235 3359 395 3413 αὑτὸν
427 3360 679 3428 Εὑλόγιον
711 3360 839 3431 περὶ
871 3360 970 3424 τὰς
1001 3358 1321 3427 ἀντιζύγους
1348 3359 1456 3411 τῶν
1486 3358 1692 3429 ἀρετῶν

108 3452 337 3514 κακίας.
382 3450 636 3520 Ejusdem
664 3451 811 3521 (Nili
846 3453 1097 3523 scilicet)
1147 3454 1215 3505 ad
1243 3452 1480 3505 eumdem
1526 3450 1693 3505 Eulo-

108 3547 263 3614 gium
293 3546 435 3598 circa
473 3547 604 3599 vitia
634 3545 913 3599 virtutibus
943 3546 1201 3615 opposita,
1233 3555 1328 3598 aut
1376 3544 1452 3597 uti
1498 3544 1693 3613 legitur

112 3642 173 3695 in
206 3639 394 3695 Grazco
437 3640 615 3696 Indice
662 3641 789 3713 περὶ
844 3642 949 3694 τῶν
990 3638 1290 3708 ἀντιζύγων
1330 3640 1438 3692 τῶν
1484 3638 1693 3708 ἀρετῶν

109 3734 367 3800 κακιῶν,
409 3732 487 3787 De
512 3734 651 3787 vitiis
678 3776 692 3801 ,
745 3749 861 3803 quae
902 3744 1023 3787 sunt
1071 3734 1311 3802 opposita
1369 3730 1692 3785 virtutibus:

112 3826 348 3895 incipit,
402 3829 697 3896 ἀναγκαῖον
743 3826 984 3898 ἠγοῦμαι
1034 3826 1129 3881 καὶ⁸
1178 3826 1275 3889 τὰς
1324 3824 1644 3893 ἀντιζύγους
1676 3863 1693 3889 ,

116 3916 496 3972 Necessarium
520 3920 753 3973 arbitror
780 3920 1016 3988 opposita
1042 3934 1264 3989 quoque,
1297 3918 1496 3973 desiuit
1521 3918 1573 3971 in
1612 3919 1696 3971 his

111 4010 302 4067 verbis
332 4010 634 4081 θελήματος
660 4010 825 4065 αὐτοῦ
857 4009 1035 4073 εὔοδος
1060 4051 1075 4075 ,
1115 4010 1400 4064 voluntatis
1447 4026 1556 4063 sua:
1597 4010 1697 4062 iter

114 4100 281 4168 facile
321 4116 339 4155 :
377 4115 614 4172 quatuor
664 4086 933 4172 capitibus
984 4103 1310 4163 absolvitur,
1361 4111 1413 4155 et
1468 4117 1696 4156 enume-

115 4200 316 4243 rantur
347 4190 475 4244 vitia
509 4207 726 4257 novem,
762 4193 1094 4260 totidemque
1122 4192 1367 4255 virtutes,
1396 4193 1695 4261 deestquid

117 4283 197 4337 sit
217 4282 466 4350 ἀφθονία,
494 4283 547 4337 id
567 4292 684 4349 est,
710 4299 810 4336 non
841 4282 1152 4348 invidentia,
1185 4285 1306 4352 quid
1330 4282 1694 4352 ὑπερηφανία,

117 4372 257 4443 quid
285 4373 610 4437 ταπείνωσις
632 4412 647 4436 ,
696 4389 793 4429 seu
830 4374 1082 4443 superbia
1105 4414 1119 4439 ,
1158 4382 1209 4428 et
1238 4373 1510 4426 humilitas
1537 4392 1551 4439 ;
1602 4375 1693 4428 sed

1783 1884 1915 1937 bant
1942 1901 1955 1937 :
1992 1897 2058 1936 ex
2088 1880 2175 1935 his
2208 1879 2363 1950 quasi
2395 1888 2598 1948 septem
2630 1874 2871 1929 fontibus
2903 1879 3113 1926 cunctae
3148 1868 3362 1921 anima—

1782 1992 1904 2030 rum
1935 1976 2233 2030 mortiferae
2263 1975 2585 2044 corruptelae
2624 1971 2928 2025 dimanant.
2974 1967 3237 2020 Dicuntur
3273 1978 3365 2017 ca-

1781 2067 1990 2139 pitalia,
2018 2067 2144 2137 quia
2170 2082 2234 2121 ex
2265 2066 2349 2119 his
2380 2065 2561 2118 omnia
2591 2062 2728 2115 mala
2755 2060 3004 2113 oriuntur
3032 2073 3046 2122 ;
3078 2066 3131 2108 et
3156 2053 3361 2108 nullum

1785 2172 1869 2215 est
1915 2161 2161 2223 malum,
2210 2158 2354 2228 quod
2408 2172 2512 2210 non
2568 2156 2749 2209 trahat
2788 2151 3051 2220 originem
3086 2151 3154 2201 ab
3183 2146 3366 2214 aliquo

1784 2254 2048 2322 ipsorum.
2080 2249 2365 2320 Cupiditas
2401 2247 2619 2318 quidem
2664 2254 2749 2299 est
2784 2243 2939 2297 radix
2972 2240 3219 2294 omnium
3252 2251 3367 2290 ma-

1787 2343 1961 2397 lorum
1994 2342 2047 2396 in
2075 2342 2443 2405 exsecutione,
2477 2337 2635 2391 sicuti
2662 2334 2914 2405 superbia
2947 2332 3162 2386 initium
3191 2328 3367 2383 omnis

1786 2435 1992 2506 peccati
2023 2435 2200 2505 quoad
2226 2432 2613 2494 intentionem;
2651 2438 2777 2481 sunt
2800 2437 2976 2482 tamen
3002 2425 3088 2479 illa
3115 2438 3319 2493 septem
3347 2439 3361 2475 :

1788 2527 1964 2581 inanis
1992 2525 2179 2596 gloria,
2210 2525 2311 2587 ira,
2339 2522 2539 2577 invidia
2561 2557 2576 2582 ,
2609 2519 2789 2572 acedia
2828 2517 2912 2570 vel
2951 2515 3164 2568 tristitia
3190 2554 3205 2578 ,
3234 2527 3364 2565 ava-

1790 2620 1934 2683 ritia,
1962 2616 2362 2688 gastrimargia,
2394 2628 2488 2668 seu
2520 2612 2662 2682 gula,
2699 2622 2752 2663 et
2782 2608 3019 2662 luxuria.
3056 2604 3195 2658 Fuse
3231 2604 3362 2673 pits-

1790 2710 1964 2765 simus
2023 2718 2076 2763 et
2104 2708 2325 2762 doctiss.
2359 2704 2589 2760 Carolus
2624 2700 2981 2756 Thomassius
3016 2698 3245 2752 clericus
3279 2712 3364 2748 re-

1789 2805 1992 2875 gularis
2024 2843 2039 2867 ,
2087 2816 2250 2871 quem
2289 2813 2519 2853 veneror
2569 2798 2636 2851 ob
2680 2797 2812 2849 istas
2840 2793 3014 2857 dotes,
3056 2792 3109 2844 in
3159 2790 3365 2842 Arbore

1790 2894 2054 2949 Doctrinic
2088 2893 2262 2947 sancti
2297 2890 2540 2944 Thomre.
2575 2888 2648 2942 De
2686 2886 2868 2941 acedia
2908 2880 3365 2948 Diadochus,epi-

1790 3000 1986 3054 scapus
2014 2983 2264 3041 Pliotices
2315 2981 2368 3034 in
2402 2978 2564 3049 Epiro
2593 2978 2790 3031 veteris
2819 2974 3036 3045 Illyrici,
3060 2973 3152 3041 qui
3185 2969 3366 3023 ﬂoruit

1793 3092 1935 3131 anno
1955 3075 2016 3130 C.
2042 3074 2103 3130 N.
2134 3074 2259 3137 590,
2279 3089 2329 3129 c.
2360 3072 2449 3126 58.
2485 3071 2663 3142 Ipsam
2685 3069 2933 3123 dividunt
2963 3064 3195 3120 moralcs
3218 3064 3365 3115 theo-

1792 3167 1897 3235 logi
1956 3167 2009 3219 in
2063 3180 2204 3229 eam,
2246 3178 2367 3233 qua:
2398 3173 2582 3231 torpor
2613 3168 2698 3213 est
2738 3168 2791 3212 et
2831 3156 3047 3211 tzedium
3100 3154 3361 3207 bonorum

1791 3274 2037 3326 operum,
2073 3267 2125 3311 et
2156 3257 2208 3311 in
2238 3256 2408 3319 illam,
2437 3269 2557 3323 qua:
2585 3250 2820 3322 pondere
2846 3248 3080 3317 quodam
3109 3250 3364 3315 aggravet

1794 3352 2024 3406 tristitia:
2057 3352 2352 3404 humanum
2386 3346 2660 3405 animum,
2706 3342 2965 3395 inducens
3010 3336 3365 3407 pusillanimi-

1792 3447 1955 3493 tatem
2000 3448 2053 3491 et
2104 3435 2561 3506 desperationem.
2605 3430 2744 3483 Fuse
2784 3429 2851 3482 de
2884 3426 3028 3480 vitiis
3064 3424 3360 3477 monacho-

1792 3546 1911 3585 rnm
1940 3530 2132 3584 Petrus
2170 3525 2460 3582 cardinalis
2482 3522 2727 3577 Damianl
2751 3563 2767 3589 ,
2790 3536 2979 3588 cpusc.
3011 3520 3046 3572 2
3080 3522 3155 3573 De
3179 3514 3358 3570 saeculi

1793 3631 2115 3690 contemptu,
2139 3620 2231 3688 qui
2256 3618 2434 3688 gulam
2461 3616 2662 3670 omittit
2689 3615 2828 3667 inter
2855 3610 3109 3682 capitalia
3138 3618 3360 3680 peccata

1795 3714 1887 3767 lil).
1932 3712 2009 3766 De
2038 3712 2181 3765 horis
2214 3710 2518 3774 canonicis;
2557 3717 2734 3761 tamen
2774 3706 3029 3759 Horatius
3055 3744 3070 3770 ,
3109 3702 3359 3756 ethnicus

1795 3817 1850 3862 et
1870 3805 2168 3877 Epicureus
2212 3815 2417 3873 septem
2462 3808 2819 3856 connumerat
2861 3798 3010 3852 hisce
3058 3796 3307 3852 versibus
3339 3832 3357 3860 ,

1794 3899 1888 3954 lib.
1924 3915 1937 3952 ι
1967 3938 1981 3962 ,
2032 3897 2190 3966 epist.
2220 3896 2244 3949 1
2276 3937 2291 3962 ,
2330 3893 2399 3947 ad
2439 3893 2776 3947 Mcecenatem
2801 3906 2820 3945 :

1900 3986 2089 4041 Fervet
2123 3985 2380 4052 avaritia,
2413 3983 2708 4052 miseraque
2740 3980 2986 4049 cupidine
3014 3989 3217 4048 pectus,

1796 4075 1990 4131 deinde
2023 4091 2038 4128 :

1901 4187 2143 4253 Invidus,
2174 4187 2483 4253 iracundus,
2514 4186 2682 4249 iners,
2718 4184 2952 4250 vinosus,
2989 4191 3216 4237 amator.

1865 4281 1935 4337 At
1963 4282 2117 4352 plura
2156 4280 2446 4337 Gratianus
2485 4280 2539 4334 in
2576 4278 2799 4334 Decreto
2832 4278 2900 4332 ad
2942 4293 2991 4332 c.
3023 4276 3195 4331 Unum
3233 4291 3357 4328 ora-

1798 4376 1938 4427 rium
1965 4374 2036 4429 25
2081 4374 2233 4437 dist.,
2270 4382 2516 4427 recenset
2542 4387 2572 4426 c
2615 4380 2802 4425 sancto
2832 4368 3137 4439 Augustino
3176 4369 3358 4424 homi-

121 4465 244 4518 haec
271 4464 513 4533 suppleri
556 4464 812 4519 videntur
836 4465 1014 4533 quoad
1060 4463 1190 4517 vitia
1244 4464 1294 4516 in
1344 4471 1571 4518 tractatu
1610 4480 1695 4518 se-
1726 4460 1770 4514 D
1799 4467 1867 4520 lia
1894 4467 1959 4519 de
1988 4466 2109 4535 igne
2139 4464 2470 4534 purgatorin,
2503 4479 2598 4518 seu
2634 4462 2979 4528 transitorio,
3014 4463 3126 4528 siv,e
3153 4478 3358 4516 sermo-

121 4555 314 4625 quenti
338 4595 352 4621 ,
389 4554 478 4608 cui
514 4555 703 4609 titulus
732 4564 871 4622 est,
899 4554 1004 4609 Τοῦ
1037 4552 1199 4608 αὐτοῦ
1246 4556 1375 4625 περὶ
1406 4554 1511 4607 τῶν
1551 4554 1694 4608 ὀκτὼ

121 4646 458 4716 πνευμάτων
483 4646 582 4716 τῆς
608 4646 904 4718 πονηρίας,
949 4645 1200 4711 Eiusdem
1228 4646 1356 4716 (Nili
1414 4646 1692 4716 nimirum)

121 4737 208 4790 De
260 4748 376 4791 octo
421 4738 691 4807 spiritibus
718 4738 976 4804 malitice;
1029 4748 1082 4792 et
1130 4737 1359 4807 incipit,
1417 4735 1547 4805 περὶ
1597 4736 1696 4804 τῆς

120 4830 604 4900 γαστριμαργίας,
669 4832 719 4884 id
773 4841 897 4894 est,
947 4831 1008 4883 de
1061 4830 1221 4898 gula.
1275 4830 1387 4883 sive
1430 4828 1692 4898 ingluvie,

120 4920 303 4991 ἀρχὴ,
361 4922 737 4993 καρποφορίας
787 4920 944 4983 ἄνθος
969 4959 984 4983 ,
1017 4920 1069 4973 id
1096 4929 1207 4981 est,
1237 4920 1553 4987 principium
1578 4918 1694 4986 [ru-

122 5020 241 5064 ctus
294 5012 547 5080 aﬂerendi
611 5013 748 5082 llos;
815 5010 1156 5074 desinit,xai.
1210 5007 1428 5071 πολλαῖς
1480 5008 1697 5076 ἀρεταῖς

121 5103 479 5172 φαιδρύνεται
527 5105 851 5166 ταπείνωσις
898 5102 1124 5173 ἀνδρὸς,
1188 5110 1236 5153 et
1282 5101 1380 5153 viri
1428 5100 1695 5153 humilitas

122 5195 312 5248 multis
372 5197 667 5265 resplendet
722 5196 1006 5249 virtutibus
1031 5236 1045 5259 ,
1081 5195 1136 5247 in
1163 5193 1336 5262 capita
1368 5192 1429 5245 l9
1458 5192 1696 5246 disseca-

121 5296 235 5341 tur.
266 5285 496 5342 Exstant
543 5287 763 5357 quidem
806 5286 1080 5340 orationes
1124 5294 1245 5338 octo
1294 5282 1484 5337 Latine
1525 5286 1695 5338 sancti

122 5374 235 5430 Nili
272 5377 535 5431 adversus
586 5376 751 5443 vitia,
808 5385 958 5429 tomo
1002 5372 1075 5438 V,
1110 5382 1260 5443 parte
1293 5387 1329 5425 ιι
1366 5371 1697 5426 Bibliotheca:

126 5469 361 5523 Patrum
391 5471 446 5524 in
498 5469 734 5525 editione
772 5466 1087 5523 Coloniensi
1139 5479 1284 5519 anno
1326 5464 1481 5518 1618.
1524 5464 1693 5534 lncip.

122 5564 241 5616 Hoc
285 5571 361 5615 est
407 5562 748 5632 proﬁciendi,
783 5562 846 5616 de
882 5560 1047 5632 gula,
1077 5568 1180 5614 etc.
1226 5574 1278 5629 p.
1314 5558 1439 5625 969,
1484 5560 1587 5615 col.
1626 5561 1693 5624 1,

126 5654 184 5707 in
221 5652 311 5708 l'ol.
345 5654 576 5710 Eosdem
608 5655 768 5709 vertit
823 5654 877 5707 in
929 5652 1180 5707 Latinum
1234 5650 1426 5706 Petrus
1476 5649 1699 5704 Franci-

125 5760 257 5801 scus
302 5745 472 5803 Zinus
531 5748 582 5800 in
630 5747 867 5803 editione
900 5745 1101 5801 Veneta
1153 5746 1204 5800 in
1253 5746 1324 5809 8,
1362 5760 1506 5799 anno
1540 5743 1691 5798 1574.

1795 4575 1861 4612 ne
1889 4558 1948 4611 41
1989 4556 2053 4610 de
2085 4556 2313 4618 sanctis,
2345 4564 2398 4609 et
2424 4555 2456 4609 4
2487 4554 2553 4609 de
2576 4554 2864 4608 animabus
2898 4554 3134 4607 lidelium
3162 4553 3358 4607 defun-

1794 4659 2025 4703 ctarum.
2059 4647 2229 4701 Graeci
2256 4646 2415 4700 mbdo
2436 4653 2725 4700 numerant
2755 4654 2877 4699 octo
2897 4686 2910 4709 ,
2940 4644 3103 4698 modo
3134 4660 3357 4712 novem,

1795 4752 1854 4796 ut
1899 4743 1952 4794 in
2004 4740 2152 4795 bisce
2197 4740 2516 4794 tractatibus
2549 4739 2911 4809 perspicitur;
2945 4739 3085 4791 unde
3129 4738 3358 4791 libenter

1793 4832 2151 4885 exclamarcm
2181 4846 2303 4884 cum
2333 4846 2454 4898 rege
2480 4828 2678 4893 Psalte,
2700 4828 2907 4881 Delicta
2933 4829 3049 4897 quis
3072 4828 3317 4897 intelligit
3339 4829 3360 4857 "

1794 4919 1972 4990 (Psal.
2006 4936 2173 4985 xvut,
2208 4919 2332 4988 12.)
2369 4918 2424 4971 ln
2459 4920 2698 4973 editione
2730 4918 3037 4973 Coloniensi
3094 4928 3359 4974 tractatus

1794 5013 1895 5065 iste
1943 5011 2016 5065 De
2064 5021 2178 5064 octo
2224 5012 2426 5064 vitiosis
2488 5011 2887 5079 cogitationibus
2946 5019 3123 5065 exstat
3168 5010 3359 5065 Latine

1795 5117 1916 5155 cum
1959 5101 2296 5165 Praelatione,
2343 5100 2503 5169 cujus
2529 5100 2814 5154 exordium
2852 5115 2865 5149 :
2900 5098 2974 5153 De
3007 5109 3121 5152 octo
3156 5101 3357 5152 vitiosis

1794 5195 2201 5264 cogitationibus
2225 5233 2240 5255 ,
2284 5209 2375 5247 seu
2414 5193 2773 5261 affectionibus
2811 5192 3033 5245 scribere
3076 5192 3357 5244 instituen-

1797 5298 1891 5352 tes,
1913 5296 2017 5341 etc.
2040 5296 2152 5340 tum
2184 5284 2409 5354 incipit:
2443 5282 2509 5337 Ut
2536 5284 2747 5353 frugum
2766 5284 3080 5353 principium
3108 5282 3230 5349 ﬂos,
3250 5292 3353 5336 etc.

1796 5378 1948 5433 valde
1977 5378 2205 5433 diversae
2231 5385 2358 5432 sunt
2390 5376 2589 5444 periodi
2615 5393 2630 5442 ;
2669 5376 2762 5431 sed
2793 5377 3025 5444 scriptor
3058 5383 3181 5427 octo
3228 5374 3355 5427 vitia

1795 5470 2110 5540 exsequitur
2128 5469 2387 5539 persimili
2406 5467 2617 5523 ordine:
2632 5467 2909 5536 praelixum
2930 5475 3011 5520 est
3030 5465 3353 5521 distichum:

1900 5584 2041 5638 Arva
2075 5586 2214 5654 rigat
2247 5582 2410 5654 Nilus
2439 5584 2658 5654 ﬂuvius,
2684 5581 2773 5654 sed
2802 5587 3011 5654 pectora
3046 5594 3216 5633 sermo

1974 5656 2056 5707 Ea:
2086 5651 2328 5708 monachi
2364 5651 2482 5708 Nili
2509 5653 2749 5725 qui/luit
2784 5668 2905 5716 ore,
2936 5651 3090 5721 rigat.

1795 5746 1897 5812 Qui
1925 5747 2065 5806 volet
2089 5747 2389 5803 versionem
2416 5746 2558 5801 illam
2588 5744 2854 5812 consulet,
2878 5759 2998 5815 quae
3026 5744 3182 5821 longe
3204 5744 3356 5805 abest
