3852 6052
516 267 648 335 135i

1434 274 1585 334 JOS.
1623 272 1886 333 ΜΑΒΙᾹΞ
1923 275 2282 337 SUABESII
2321 278 2819 340 DISSERTATIO

3649 283 3786 350 ιετε

508 395 542 434 a
583 388 728 436 textu
768 375 958 436 Graec
993 378 1159 453 624
1194 378 1401 437 codicis
1444 382 1748 437 Barberini.
1785 381 1948 438 Forte
1989 385 2037 440 is
2063 427 2076 450 ,

2187 388 2320 442 dunt
2355 389 2476 443 alia:
2506 389 2774 445 inchoatae
2802 391 2970 445 Φόϐον
2999 390 3087 461 ἔχε
3121 391 3291 458 Θεοῦ,
3331 392 3400 448 ad
3445 393 3588 459 299,
3637 413 3786 453 corn-

507 472 604 542 qui
638 472 820 538 vertit,
873 471 1040 525 alium
1091 473 1330 528 codicem
1378 473 1654 528 diversum
1698 483 1893 528 nactus
1921 485 2080 541 erat,

507 561 592 614 vel
626 561 904 631 indulgere
934 563 1138 616 amavit
1169 578 1233 617 ac
1279 563 1536 617 velificari
1561 563 1780 632 eloquio
1808 579 1931 618 suo.
1970 563 2083 635 Ego

505 652 707 722 quippe
740 668 864 714 cum
918 655 1022 708 fide
1068 670 1283 709 summa
1332 654 1621 721 transtuli,
1663 656 1808 709 sicut
1839 655 2082 725 ejusdem

506 740 613 797 Nili
650 753 942 798 tractatum
990 743 1068 798 De
1118 747 1384 809 oratione,
1432 759 1527 798 seu
1571 743 1667 796 τοῦ
1716 744 1880 796 αὐτοῦ
1929 744 2086 813 λόγον

507 835 644 905 Περὶ
669 834 766 904 τῆς
794 835 1103 904 προσευχῆς
1132 837 1213 898 εἰς
1251 841 1363 905 ρνγ¹
1379 835 1650 905 κεφάλαια
1677 835 2081 906 διειλημμένον,

507 926 563 982 in
621 928 860 997 capitula
910 928 1012 982 155
1064 928 1407 982 distinctum.
1460 929 1771 984 Conversus
1804 927 1979 982 fuerat
2027 928 2082 981 in

507 1018 760 1074 Latinum
810 1021 911 1074 iste
955 1029 1218 1074 tractatus
1265 1037 1296 1074 a
1349 1019 1640 1075 Francisco
1667 1019 1984 1085 Turriano,
2032 1030 2085 1074 et

514 1110 698 1164 editus
729 1111 1039 1180 Antuerpia:
1073 1112 1124 1163 in
1165 1112 1339 1166 lucem
1368 1116 1507 1176 apud
1539 1113 1844 1166 Plautinum
1885 1112 1938 1165 in
1975 1112 2043 1164 12
2067 1150 2083 1174 ,

511 1209 626 1254 tum
654 1216 683 1254 a
717 1199 1028 1270 Margarino
1055 1200 1274 1272 Bignteo
1295 1243 1310 1266 ,
1360 1212 1414 1256 et
1462 1202 1597 1256 Zino
1633 1201 1871 1256 Venetiis
1902 1201 2081 1268 1574;

507 1293 641 1363 quin
671 1302 725 1347 et
755 1294 807 1346 in
839 1293 1168 1348 Bibliotheca
1194 1293 1417 1347 Patrum
1448 1294 1689 1349 Colonia:
1731 1311 1785 1364 p.
1821 1293 1946 1349 950.
1976 1295 2082 1350 Ve-

507 1398 629 1438 rum
660 1383 1000 1438 desideratur
1032 1394 1210 1438 textus
1270 1383 1512 1452 Graecus,
1549 1394 1603 1438 et
1634 1383 1820 1438 Latine
1871 1383 2085 1438 Graece-

504 1487 615 1543 que
644 1474 972 1541 prooemium
992 1513 1010 1540 ,
1041 1474 1188 1544 quod
1239 1475 1325 1529 hic
1361 1476 1616 1544 apposoi,
1651 1477 1909 1546 quodque
1939 1477 2078 1530 inci-

504 1566 586 1636 pit
612 1565 958 1637 Πυρέττοντά
1010 1583 1080 1635 με
1107 1604 1123 1630 ,
1167 1566 1219 1620 id
1253 1576 1357 1629 est,
1393 1564 1798 1621 Febricitantem
1834 1585 1933 1622 me.
1979 1566 2085 1621 lni-

504 1657 640 1710 tium
681 1665 861 1710 autem
924 1666 1220 1722 tractatus,
1272 1673 1368 1711 seu
1423 1659 1661 1726 capitum
1714 1666 1837 1718 est,
1892 1658 1958 1710 Εἴ
1999 1675 2084 1720 τις

502 1746 747 1818 βούλοιτο
779 1788 795 1813 ,
835 1745 895 1802 Si
932 1748 1048 1818 quis
1081 1749 1344 1813 voluerit;
1383 1749 1655 1803 clauditur
1697 1758 1751 1802 et
1792 1749 1896 1803 hor.
1937 1749 2081 1802 line:

501 1840 761 1912 Εὖρηκας
782 1843 1112 1912 προσευχήν.
1146 1840 1399 1896 Invenisti
1429 1843 1721 1895 orationem
1751 1859 1767 1910 ;
1795 1851 1850 1898 et
1884 1842 1938 1896 in
1965 1836 2086 1897 ver-

501 1937 659 1992 sione
691 1951 810 1990 mea
845 1935 984 1990 forte
1018 1937 1189 1990 lector
1212 1947 1470 2006 agnoscet
1493 1937 1818 2008 πιστοτέρας
1844 1976 1858 2001 ,
1904 1939 1949 1992 si
1976 1953 2086 1992 non

501 2023 817 2093 σοφωτέρας
871 2023 1163 2094 φροντίδας
1192 2025 1483 2097 δευτέρας-ς
1528 2029 1580 2083 id
1610 2037 1731 2093 εει,
1762 2025 2082 2092 Fideliores,

501 2128 549 2171 et
573 2118 918 2187 sapientiores
949 2117 1204 2170 secundas
1228 2133 1408 2172 curas.

572 2206 804 2264 Omissis
839 2210 1048 2278 aliquot
1074 2210 1355 2278 opusculis
1377 2248 1391 2272 ,
1421 2209 1488 2264 de
1513 2208 1713 2279 quibus
1745 2225 1872 2264 mox
1907 2210 2082 2267 disse-

501 2315 655 2365 ram,
701 2299 908 2370 subjeci
966 2301 1060 2352 τοῦ
1109 2300 1274 2352 αὑτοῦ
1340 2300 1619 2371 (Νείλου)
1661 2301 1931 2370 κεφάλαια
1999 2303 2082 2368 κζ’

502 2391 638 2462 Περὶ
663 2391 934 2462 διαφόρων
997 2390 1248 2462 πονηρῶν
1280 2391 1557 2462 λογισμῶν
1579 2430 1596 2456 ,
1635 2389 1886 2467 Ejusdem
1927 2391 2085 2462 (Nili

501 2484 724 2554 nempe)
761 2485 1000 2552 capitula
1039 2484 1107 2537 27
1158 2482 1237 2537 De
1271 2485 1491 2560 diversis
1525 2483 1772 2553 malignis
1804 2486 2082 2555 cogitatio-

500 2575 693 2630 nibus:
741 2586 796 2631 et
854 2577 941 2632 hic
977 2586 1242 2631 tractatus
1273 2578 1524 2631 connecti
1564 2577 1752 2631 debuit
1789 2578 1912 2632 aliis
1945 2578 2082 2631 duo-

499 2668 603 2722 bus
636 2669 890 2738 superius
920 2669 1206 2722 collocatis
1229 2709 1244 2734 ,
1279 2677 1334 2721 et
1364 2684 1428 2722 ex
1474 2668 1559 2722 his
1607 2667 1836 2722 forsitan
1864 2670 2082 2740 collegit

499 2773 657 2812 suam
686 2761 995 2814 versionem
1018 2759 1178 2829 quasi
1224 2767 1508 2813 centonem
1537 2774 1828 2822 consuetis,
1856 2762 1935 2814 vel
1963 2761 2078 2815 cin-

501 2865 632 2905 num
666 2861 966 2906 contexens
1003 2860 1194 2906 auctor
1220 2893 1235 2917 ,
1279 2861 1374 2905 aut
1403 2852 1670 2920 interpres
1702 2860 1968 2908 tractatus
2005 2851 2082 2906 De

498 2950 619 2996 octo
657 2943 861 2996 vitiosis
900 2943 1303 3016 cogitationibus
1350 2942 1592 2996 insertus
1621 2940 1932 2996 Coloniensi
1961 2941 2078 2996 edi-

2186 488 2386 549 putatis
2437 483 2580 546 istis,
2612 499 2735 552 quae
2765 495 3119 539 numerantur
3145 485 3215 540 26
3242 487 3346 540 sub
3376 489 3544 543 titulo
3579 490 3783 548 Νείλου

2186 573 2482 626 ἐπισκόπου
2558 575 2654 628 καὶ
2727 576 2996 646 μάρτυρος
3074 577 3341 644 κεφάλαια
3392 621 3411 646 ,
3507 582 3696 653 625
3753 588 3782 656 ἦ

2187 665 2548 735 παραίνεσις,
2608 666 2660 719 id
2723 677 2844 733 est,
2912 666 3027 721 Nili
3107 670 3336 739 episcopi
3401 684 3456 725 et
3520 682 3783 743 martyris

2184 758 2458 826 capitula,
2507 775 2596 812 seu
2646 760 2963 815 exhortatio.
2997 761 3286 816 Abundaut
3325 762 3380 818 in
3413 765 3626 819 codice
3657 767 3782 820 Bar-

2186 851 2378 906 beriuo
2401 851 2517 906 istae
2538 851 2904 906 beatitudines
2947 853 3081 921 (vide
3109 871 3269 923 supra
3319 857 3426 910 col.
3459 856 3637 919 1261,
3673 859 3779 924 0.).

2255 943 2512 997 Arbitror
2555 955 2608 997 et
2657 944 2996 1013 adjungenda
3057 947 3310 1015 capitulis
3358 949 3474 1003 illis
3527 951 3706 1004 editis
3733 957 3778 1004 in

2189 1043 2337 1088 tomo
2370 1034 2408 1086 ΙΙ
2440 1035 2578 1090 Bibl.
2613 1035 3034 1090 Graeco-Latina:
3062 1038 3361 1095 Parisiensi
3412 1041 3470 1094 id
3522 1047 3684 1110 quod
3715 1046 3780 1097 ibi

2184 1131 2530 1184 desideratur
2568 1140 2691 1200 post
2720 1146 2839 1200 cap.
2878 1131 2947 1185 97
2983 1142 3037 1186 et
3065 1131 3250 1187 Grzece
3279 1133 3335 1187 in
3387 1135 3521 1188 cod.
3583 1135 3780 1189 Barba-

2185 1225 2305 1277 rino
2363 1225 2558 1291 reperi.
2634 1223 2785 1294 (Hoc
2845 1225 3194 1292 fragmentum
3259 1230 3548 1295 posuimus
3627 1243 3776 1292 supra

2185 1319 2286 1370 col.
2322 1317 2479 1378 1257,
2512 1318 2602 1369 ubi
2637 1317 2806 1369 locum
2837 1318 3260 1384 opportuniorem
3290 1316 3558 1385 obtinet.)

2182 1418 2185 1421 ’
2255 1409 2361 1462 Τοῦ
2383 1408 2720 1480 626αὑτοῦ
2737 1408 2794 1460 ἐν
2807 1409 2980 1476 ἁγίοις
2999 1409 3210 1479 Πατρὸς
3231 1409 3387 1478 ἡμῶν
3401 1409 3619 1460 Νείλου
3641 1409 3775 1478 Πειρ-

2185 1503 2389 1566 αίνεοις
2441 1503 2575 1573 πρὸς
2613 1503 2899 1570 Μοναχοὺς
2936 1502 3282 1570 supponitur,
3322 1502 3495 1568 cujus
3535 1501 3772 1564 initium.

2197 1592 2514 1661 Ἀκρασίαν,
2551 1589 2604 1644 id
2634 1600 2736 1653 est,
2775 1591 3272 1659 intemperantiam;
3307 1590 3440 1645 finis
3475 1591 3626 1660 μηδὲ
3667 1607 3776 1642 συν-

2185 1683 2386 1736 εσθίειν
2425 1681 2608 1744 καλὸν,
2638 1683 2688 1736 id
2709 1690 2812 1748 est,
2843 1699 3007 1752 neque
3037 1699 3155 1736 cum
3184 1700 3243 1736 eo
3272 1686 3560 1737 comedere
3591 1687 3774 1736 bonum

2186 1784 2284 1828 est.
2327 1772 2612 1828 Tractatus
2647 1774 2829 1844 hujus,
2851 1774 2964 1830 sive
2993 1773 3349 1830 Institutionis
3381 1778 3459 1828 ad
3488 1779 3775 1829 monachos

2187 1868 2427 1936 ejusdem
2470 1867 2644 1922 sancti
2679 1867 2855 1921 Patris
2885 1869 3053 1923 nostri
3081 1867 3188 1922 Nili
3218 1869 3562 1939 principium
3601 1871 3658 1922 in
3695 1867 3774 1922 Vi-

2188 1961 2260 2015 tis
2293 1959 2512 2015 Patrum
2545 1959 2810 2016 Heriberti
2842 1959 3130 2031 Rosweydi
3157 1977 3210 2030 p.
3240 1961 3368 2026 598,
3407 1963 3649 2015 nomine
3671 1963 3774 2015 lau-

2186 2053 2349 2108 datur
2398 2053 2648 2123 Evagrii;
2698 2053 2750 2106 in
2794 2052 3031 2107 editione
3067 2052 3182 2106 Zini
3223 2064 3277 2106 et
3318 2054 3374 2106 in
3431 2052 3770 2108 Bibliotheca

2187 2153 2496 2199 sanctorum
2529 2145 2750 2199 Patrum
2782 2159 2985 2198 excusa
3029 2143 3268 2198 Coloniae
3301 2146 3488 2199 sancti
3529 2143 3648 2198 Nili
3683 2149 3770 2198 ab-

2185 2235 2325 2289 batis
2347 2250 2469 2289 cum
2501 2234 2657 2288 titulo
2686 2238 2956 2304 reperitur
2984 2251 3036 2305 p.
3067 2235 3192 2290 968.
3227 2235 3355 2289 Eam
3386 2235 3640 2307 Evagrio
3669 2239 3771 2288 vin-

2184 2327 2330 2381 dicat
2367 2325 2696 2381 Holsteinius
2723 2341 2754 2381 e
2781 2327 3153 2397 manuscripto
3186 2327 3287 2380 BB.
3311 2327 3422 2381 ΒΒ.
3463 2329 3564 2397 qui
3611 2331 3768 2382 multa

2183 2417 2374 2472 deesse
2409 2417 2645 2486 capitula
2677 2417 2982 2471 observavit
3019 2420 3318 2488 supplenda
3362 2435 3433 2474 ex
3481 2422 3610 2488 ipso
3641 2420 3768 2471 Era-

2183 2507 2325 2576 grio,
2344 2522 2466 2576 qua:
2491 2507 2543 2560 in
2570 2507 2674 2561 alio
2697 2507 2880 2561 codice
2900 2506 3248 2562 Bibliotheca:
3270 2506 3376 2562 BB.
3408 2509 3522 2562 sub
3559 2507 3763 2578 Evagrii

2183 2599 2402 2654 nomine
2436 2600 2719 2668 comperit.
2746 2599 2856 2668 Ego
2885 2613 3012 2653 vero
3039 2614 3157 2670 non
3186 2600 3435 2654 dubitavi
3479 2604 3626 2670 quin
3655 2616 3766 2654 san-

2182 2703 2275 2748 cto
2321 2690 2444 2746 Nilo
2494 2692 2870 2757 inscriberem,
2912 2707 2943 2746 a
2974 2708 3084 2762 quo
3119 2692 3412 2763 Evagrium
3454 2704 3762 2749 mutuatum

2183 2787 2350 2840 luisse
2381 2784 2702 2840 crediderim
2727 2783 2902 2849 facile,
2944 2786 3020 2839 uti
3046 2785 3213 2854 φίλων
3250 2786 3318 2838 τὰ
3361 2787 3552 2839 πάντα
3594 2789 3762 2845 κοινὰ,

2182 2875 2262 2930 sic
2287 2875 2442 2942 λόγον
2488 2874 2815 2944 δογματικδν
2841 2874 2910 2929 ab
2942 2876 3190 2944 Evagrio,
3217 2876 3327 2929 imo
3347 2891 3378 2929 a
3413 2874 3478 2930 S.
3506 2875 3762 2945 Gregorio

2183 2965 2528 3021 Nazianzeno
2580 2968 2812 3035 sumpsit
2860 2965 2916 3020 S.
2966 2965 3143 3029 Nilus,
3189 2967 3280 3020 sed
3323 2966 3515 3020 fusius
3556 2967 3614 3019 in
3656 2965 3763 3019 Vita

501 3031 832 3100 ti0ni.,Certe
864 3033 918 3085 bi
949 3043 1058 3088 tres
1089 3042 1350 3086 tractatus
1380 3033 1525 3086 circa
1552 3031 1741 3085 eadem
1774 3041 2078 3095 versantur,
2107 3073 2148 3130 ϐ
2182 3060 2297 3129 ipsa
2321 3058 2378 3113 So
2405 3059 2510 3113 Nili
2532 3031 2917 3114 άεωοῇειτεδο
2941 3057 3119 3112 Nilum
3145 3059 3194 3111 in
3223 3059 3490 3127 capitula,
3509 3059 3646 3112 vitae
3668 3061 3764 3122 soi-

498 3125 751 3194 quatnvis
785 3124 838 3178 in
874 3124 1245 3193 manuscripto
1275 3124 1577 3178 Barberino
1609 3123 1963 3192 interpositus
2007 3125 2079 3178 sit

502 3224 770 3269 tractatus
811 3215 878 3268 de
925 3214 1201 3281 oratione,
1256 3214 1390 3268 mihi
1429 3214 1618 3284 religio
1671 3211 1777 3266 fuit
1828 3214 2076 3268 ordinem

499 3307 719 3362 Codicis
756 3307 960 3360 exarati
1008 3307 1218 3362 calamo
1251 3307 1625 3361 intervertere.
1682 3303 1898 3358 Initium
1951 3317 2075 3361 est:

502 3399 627 3454 Τῶν
661 3399 1052 3470 ἀντικειμένων
1113 3399 1383 3468 δαιμόνων
1430 3400 1496 3469 τῇ
1547 3401 1822 3469 πρακτικῇ
1864 3399 1914 3452 id
1962 3407 2078 3464 est,

506 3490 554 3545 E
591 3491 913 3545 daemonibus
980 3491 1234 3559 appositis
1289 3490 1473 3542 activa:
1530 3489 1688 3553 vitm;
1735 3497 1790 3543 et
1840 3489 2078 3554 desinit,

503 3577 582 3637 Οὗ
638 3583 732 3637 καὶ
799 3581 1132 3654 ῥυσθείημεν
1184 3581 1367 3653 χάριτι
1418 3579 1514 3632 τοῦ
1576 3579 1854 3649 Χριστοῦ,
1920 3589 2076 3635 etc.;

505 3678 549 3729 A
576 3691 676 3745 quo
699 3675 979 3728 liberemur
1006 3675 1178 3744 gratia
1201 3672 1404 3728 Christi
1431 3713 1445 3737 ,
1477 3682 1581 3726 etc.

577 3766 770 3822 Addidi
812 3765 904 3818 τοῦ
941 3765 1107 3819 αὐτοῦ
1153 3764 1426 3832 κεφάλαια
1450 3762 1532 3831 λγ⁹
1558 3761 1680 3816 κατ’
1718 3762 2038 3816 ἀκολουθίαν
2062 3803 2078 3828 ,

506 3855 560 3911 id
599 3866 684 3911 est
709 3897 726 3920 ,
779 3855 1034 3924 Ejusdem
1073 3854 1311 3924 capitula
1349 3855 1419 3909 55
1441 3894 1456 3920 ,
1486 3870 1579 3923 per
1604 3855 1801 3924 gradus
1829 3855 2082 3923 quosdam

504 3949 761 4018 disposita
788 3947 1186 4017 consequentiae.
1215 3945 1482 4016 Incipiunt
1517 3961 1580 4000 ea
1605 3962 1621 3998 :
1642 3945 1854 4017 ἴκτερός
1896 3949 2041 3999 ἐστιν
2061 3987 2079 4013 ,

507 4039 559 4093 id
593 4048 710 4105 est,
740 4037 958 4092 Morbus
983 4048 1261 4109 arquatus,
1304 4053 1395 4091 seu
1434 4038 1602 4107 regius
1630 4046 1746 4102 est,
1781 4039 2080 4092 terminan-

507 4141 595 4185 tur
617 4171 632 4195 ,
674 4128 1032 4182 καταϐάλλειν
1081 4127 1510 4199 πεπιστευμέναι
1537 4167 1552 4192 ,
1603 4142 1721 4198 qute
1753 4121 1984 4197 prtesunt
2013 4127 2082 4180 ad

502 4221 845 4279 repellendos.
883 4218 990 4275 Ista
1020 4232 1382 4275 consectanea
1419 4230 1550 4274 sunt
1578 4218 1875 4288 persimilia
1908 4218 2080 4273 sancti

501 4309 754 4366 Eucherii
790 4311 1239 4381 Expositionibus
1277 4309 1616 4365 brevissimis
1643 4323 1814 4364 sacrae
1837 4307 2081 4378 Scriptu-

2187 3151 2355 3204 ritalis
2381 3151 2706 3204 documenta
2727 3151 3062 3204 contraxisse
3085 3151 3444 3219 peritissime,
3479 3162 3540 3203 ut
3563 3151 3664 3219 qui
3685 3167 3763 3202 κε-

2186 3242 2492 3312 φαλαιώτου
2554 3243 2826 3312 epitheton
2887 3241 3015 3296 inde
3055 3241 3330 3301 meruerit,
3375 3251 3436 3295 et
3485 3241 3542 3293 in
3589 3257 3762 3294 eremo

2187 3333 2394 3388 diutius
2449 3341 2726 3388 versatum
2775 3348 2898 3387 cum
2941 3331 3222 3386 monachis
3253 3347 3317 3385 ea
3351 3331 3633 3386 diuturno
3671 3348 3758 3385 uss

2186 3425 2462 3487 calluisse,
2487 3425 2577 3492 qui
2623 3437 2814 3492 nempe
2835 3422 3108 3491 specimen
3137 3422 3444 3490 prudentia:
3480 3438 3605 3476 sua
3637 3423 3757 3491 poli-

2188 3515 2307 3569 tica:
2332 3515 2386 3568 in
2417 3516 2736 3582 przel'ectura
2757 3513 2906 3568 urbis
2925 3513 3555 3581 Constantinopolitanae
3586 3515 3759 3582 patria

2187 3621 2300 3660 sua:
2357 3620 2482 3658 cum
2538 3604 2873 3672 imperatori,
2906 3612 3021 3658 tum
3064 3604 3420 3674 popularibus
3477 3605 3604 3659 suis
3635 3621 3757 3676 pra-

2186 3699 2398 3763 buerat,
2435 3699 2601 3752 etiam
2652 3698 2707 3751 in
2750 3697 3042 3753 solitudine
3080 3708 3186 3752 tam
3228 3701 3554 3767 ctenohitis,
3607 3714 3757 3768 quam

2187 3789 2529 3844 anachoretis
2557 3790 2785 3844 consilia
2825 3790 3181 3844 saluberrima
3205 3791 3679 3845 subministravit.

2257 3882 2485 3936 Adtesui
2537 3880 2643 3934 Τοῦ
2696 3881 2861 3936 αὐτοῦ
2919 3882 3067 3935 ὁσίου
3103 3883 3313 3952 Πατρὸς
3364 3881 3530 3952 ἡμῶν
3571 3882 3754 3935 Νείλου

2187 3971 2410 4043 γνώμας
2441 3973 2760 4039 ἀπαγούσας
2783 3973 2891 4026 τῶν
2919 3973 3194 4046 φθαρτῶν,
3225 3975 3319 4028 καὶ
3342 3973 3638 4036 κολλώστις
3660 3977 3756 4032 toi;

2187 4063 2482 4134 ἀφθάρτοις
2541 4064 2633 4116 τὸν
2691 4065 2997 4133 ἄνθρωπον.
3052 4064 3302 4134 Ejusdem
3354 4068 3532 4119 sancti
3588 4064 3755 4118 Patris

2187 4156 2353 4208 nostri
2383 4153 2502 4208 Nili
2528 4156 2811 4208 sententias
2847 4155 3204 4208 abstrahentes
3240 4173 3271 4208 a
3301 4156 3756 4225 corruptibilibss,

2186 4259 2235 4301 et
2287 4246 2550 4300 hominem
2612 4247 3094 4316 incorruptibilibus
3145 4249 3564 4318 agglutinantes.
3610 4249 3757 4303 Hunc

2187 4339 2405 4409 quidem
2457 4338 2673 4393 titulum
2727 4338 3022 4394 Sententiis
3059 4339 3186 4402 illis,
3229 4355 3367 4410 quas
3409 4343 3754 4409 praetermisi,

503 4417 618 4500 rei,
655 4417 775 4470 qute
795 4402 1081 4500 leguntur-
1108 4402 1163 4454 in
1181 4399 1468 4500 Pirinensi
1506 4399 1872 4500 Chronologia
1902 4401 2082 4500 relata:
2114 4425 2156 4480 ι)
2185 4399 2314 4500 q‘uia
2339 4430 2453 4499 iam
2487 4430 2803 4500 proﬂabant
2835 4431 2996 4485 edim
3032 4399 3216 4485 arm
3245 4399 3320 4484 ’π
3360 4399 3555 4485 [Alme
3583 4431 3638 4484 in
3675 4399 3755 4482 3i;

501 4508 534 4547 a
561 4488 846 4548 Vincentio
874 4492 1118 4558 Barrali;
1147 4491 1437 4563 allegorice
1467 4491 1688 4560 quippe,
1716 4499 1879 4560 atque
1908 4491 2078 4544 auda-

501 4593 618 4638 cter
640 4623 656 4650 ,
691 4595 745 4638 et
783 4583 1116 4653 tropologice
1140 4598 1229 4636 res
1259 4582 1494 4651 explicat
1527 4597 1714 4636 sacras
1735 4623 1752 4647 ,
1795 4594 1850 4637 et
1875 4585 2082 4638 morbis

502 4675 748 4744 corporis
777 4672 1125 4742 aegritudines
1145 4671 1451 4726 animorum
1486 4673 1799 4727 assimilans
1826 4675 2084 4743 explanat

503 4778 597 4816 eas
631 4761 708 4815 uti
755 4759 1018 4830 spiritalis
1064 4761 1307 4816 medicus
1357 4758 1552 4828 Nilus,
1597 4762 1706 4816 illis
1744 4763 2008 4819 adhibens
2050 4779 2082 4819 e

505 4853 686 4907 Libris
725 4853 896 4908 sacris
926 4851 1246 4923 deprompta
1289 4853 1706 4908 medicamenta.
1750 4854 2080 4912 Prester-misi

503 4944 602 4998 τοῦ
633 4943 799 4998 αὐτοῦ
829 4944 1108 5008 νουθεσίας
1146 4946 1526 5016 πνευματικὰς
1552 4945 1698 4999 κατὰ
1724 4947 2035 5016 ἁλφὰὅητον
2065 4989 2080 5014 ,

505 5050 744 5105 quorum
800 5027 1088 5090 exordium
1118 5077 1134 5103 ,
1187 5035 1331 5108 ἀρχὴ
1383 5037 1597 5108 σοφίας,
1658 5039 1753 5091 καὶ⁹
1809 5041 2081 5109 σωτηρίας

508 5128 544 5197 ἡ
579 5126 807 5180 σεαυτοῦ
843 5127 1234 5195 κατάγνωσις;
1277 5128 1330 5181 id
1370 5139 1489 5194 est,
1537 5128 1792 5198 Ejusdem
1822 5131 2082 5185 Admoni-

506 5220 675 5274 tiones
696 5219 997 5287 spirituales
1022 5220 1204 5273 ordine
1225 5219 1550 5290 alphabetico
1567 5262 1581 5287 ,
1604 5238 1838 5292 quorum
1868 5223 2079 5279 initium

506 5322 610 5380 est,
639 5311 968 5384 Principium
1010 5315 1284 5382 sapientia:
1329 5324 1377 5368 et
1409 5315 1602 5369 salutis
1630 5324 1709 5368 est
1741 5318 1826 5370 sui
1858 5332 2080 5370 accusa-

509 5408 582 5459 tio
615 5406 812 5473 ipsius;
850 5416 905 5459 at
953 5407 1076 5460 linis
1115 5415 1227 5473 est,
1254 5409 1432 5460 Ὠτων
1480 5410 1573 5460 xa‘t
1605 5406 1857 5478 γλώσσης
1907 5411 2080 5480 μέγας

508 5497 539 5550 ὁ
569 5496 831 5557 κίνδυνος.
864 5496 1082 5549 Aurium
1104 5539 1119 5563 ,
1149 5510 1194 5551 et
1231 5499 1422 5567 lingula
1470 5515 1719 5568 magnum
1756 5510 1832 5554 est
1870 5503 2079 5569 pericu-

507 5584 618 5636 lum
640 5599 656 5646 ;
679 5584 803 5651 quia
849 5584 1006 5638 edita:
1032 5594 1160 5638 sunt
1181 5584 1366 5640 Graece
1395 5596 1556 5656 atque
1581 5589 1771 5644 Latine
1794 5591 1850 5644 in
1876 5590 2078 5646 Biblio-

510 5671 668 5724 theca
691 5671 1101 5726 GraacmLatina
1118 5683 1433 5730 sanctorum
1458 5677 1679 5731 Patrum
1707 5687 1854 5734 tomo
1878 5696 2075 5736 secun-

513 5761 585 5814 do
618 5761 872 5816 editionis
905 5762 1197 5822 Parisieus.
1235 5765 1404 5835 1624,
1443 5768 1537 5825 fol.
1582 5771 1753 5837 1168,
1797 5782 1851 5829 ει
1885 5789 2079 5830 succe-

2187 4522 2453 4576 bliotheca
2485 4530 2796 4576 sanctorum
2827 4519 3050 4576 Patrum
3091 4519 3388 4576 Parisicns.
3417 4536 3574 4575 anno
3607 4520 3752 4580 1621.

2185 4623 2332 4667 torno
2376 4613 2417 4668 ll
2467 4613 2596 4693 edit.
2628 4613 2682 4667 in
2711 4612 2805 4667 fol.
2845 4629 2968 4684 pag.
3014 4612 3166 4680 1168,
3207 4629 3274 4667 ex
3313 4612 3753 4683 Orthodosogra-

2183 4706 2306 4772 phis
2338 4704 2391 4756 in
2429 4702 2742 4768 Germania,
2768 4705 3050 4773 praeﬁxum
3081 4703 3260 4757 ferunt
3290 4711 3345 4756 et
3375 4713 3494 4756 ista:
3526 4701 3752 4756 Senten-

2183 4791 2291 4855 tiae,
2332 4792 2424 4846 sed
2460 4792 2613 4845 valde
2645 4791 2938 4858 diﬂ‘erunt;
2983 4791 3250 4860 incipiunt
3281 4793 3453 4855 enim,
3495 4791 3650 4854 Ὁδὸς
3680 4792 3751 4852 εἰς

2180 4884 2379 4954 ἀρετὴν
2408 4881 2610 4953 ἀγαθὴ,
2638 4883 2733 4936 καὶ
2758 4881 3019 4953 σύντομος
3045 4885 3079 4955 ἡ
3105 4881 3199 4935 τοῦ
3225 4883 3340 4952 βίου
3372 4881 3544 4951 φυγή,
3572 4881 3628 4935 id
3656 4893 3747 4940 est.

2191 4969 2286 5024 Via
2312 4971 2521 5024 virtutis
2547 4971 2684 5026 bona
2729 4982 2777 5026 et
2809 4974 3020 5026 concisa
3041 4985 3115 5027 est
3143 4973 3412 5027 swenlaris
3451 4974 3575 5026 eius
3600 4973 3748 5043 fuga;

2181 5063 2437 5118 desinunt
2488 5080 2618 5119 vero
2673 5065 3082 5136 ἀπολλυμένων,
3133 5067 3185 5120 id
3227 5075 3332 5130 est,
3378 5067 3747 5134 pereuntium;

2183 5156 2300 5209 ista:
2329 5166 2686 5210 numerantur
2725 5158 2846 5222 154,
2885 5158 2991 5211 illa:
3034 5172 3162 5212 vero
3190 5155 3314 5222 229,
3361 5157 3489 5226 plus
3537 5158 3742 5220 minus;

2181 5257 2236 5300 et
2263 5246 2380 5302 ista:
2406 5249 2618 5312 collatae
2647 5248 3009 5304 fueruntcum
3040 5250 3322 5305 codicibus
3351 5247 3641 5304 Vaticanis
3659 5249 3747 5302 653

2181 5362 2234 5408 et
2261 5353 2432 5409 1434:
2463 5364 2627 5425 atque
2655 5355 2758 5411 illae
2781 5357 3138 5426 praeferebant
3163 5356 3322 5412 etiam
3353 5355 3576 5410 titulum
3607 5356 3744 5427 Παρ-

2182 5459 2458 5526 αινέσεων,
2481 5460 2514 5531 ἦ
2540 5460 2861 5530 Κεφαλαίων
2887 5461 3179 5533 διαφόρων,
3211 5462 3264 5516 id
3293 5469 3396 5525 est,
3421 5461 3742 5514 Admonitio-

2183 5583 2327 5633 num,
2349 5585 2437 5621 seu
2472 5567 2838 5638 Capitulorum
2875 5569 3039 5642 627
3069 5570 3391 5622 diversorum
3411 5583 3432 5621 :
3451 5568 3740 5637 saepiusque

2185 5669 2360 5724 lucem
2392 5683 2716 5739 aspexerunt
2744 5688 2957 5739 recusa,
2999 5671 3319 5727 Franekerae
3345 5669 3534 5726 Graece
3573 5671 3736 5726 itidem

2190 5789 2253 5828 ac
2281 5773 2467 5831 Latine
2496 5778 2547 5829 in
2578 5777 2659 5842 l2,
2687 5795 2828 5833 anno
2859 5780 3014 5834 1608.
3049 5775 3354 5847 Stephanus
3382 5774 3660 5846 Schoning
3685 5790 3733 5829 ea
