3852 6052
40 251 173 318 I353

1226 253 1327 313 DE
1364 253 1747 317 OPERIBUS
1784 255 1846 316 S.
1874 256 2061 317 NILI.

3128 262 3265 329 I354

34 378 92 416 se
141 356 446 414 traduxisse
482 355 746 427 glorians.
792 363 846 411 et
890 356 1215 413 testimoniis
1252 369 1365 413 tmn
1401 362 1595 420 sacris,

1703 378 1849 430 ματα
1865 365 1945 426 εἰς
1964 362 2063 434 τὴν
2085 362 2360 434 ἀναίρεσιν
2381 366 2488 419 τῶν
2504 369 2562 421 ὲν
2581 366 2710 440 Σινᾷ
2724 371 2820 427 καὶ
2845 370 3062 428 Ῥαιοοῦ
3092 376 3267 444 ἁγίων

33 459 144 502 tum
169 445 413 516 profanis
445 446 770 510 illustrasse,
802 445 986 513 potius
1019 450 1133 515 ipsa
1164 449 1393 503 multum
1422 449 1599 504 Calvi-

33 538 177 593 niani
219 534 446 590 l'nrl'uris
479 536 797 605 inspergens
831 536 1159 605 inquinavit.

94 626 421 681 Coronidem
450 626 601 680 hisce
627 612 1103 683 lucubrationibus
1124 628 1346 684 Niliacis
1367 628 1594 699 imposui

30 733 337 772 sermonem
389 716 530 771 beati
577 715 682 771 Nili
733 717 787 771 in
843 718 1062 773 elI‘atum
1128 721 1265 774 illud
1319 719 1596 790 Evangelii

29 808 168 875 quod
204 807 337 860 dicit
378 825 391 861 :
429 805 587 860 Nunc
616 808 707 876 qui
740 807 892 862 habet
947 810 1239 872 sacculum,
1266 812 1417 865 tollat
1446 813 1597 865 simi-

30 899 145 949 liter
192 906 243 950 et
294 913 495 965 peram,
534 909 583 952 et
627 899 718 967 qui
768 915 870 952 non
917 900 1090 962 habet.
1135 902 1320 955 vendat
1374 901 1597 969 pallium

29 1004 201 1051 suum,
232 999 280 1040 et
307 997 446 1041 emat
468 987 727 1056 gladium.
755 990 846 1044 Sic
871 998 1054 1044 autem
1090 1005 1149 1045 se
1180 992 1339 1046 habet
1372 991 1557 1046 Graece
1581 1010 1595 1046 :

30 1078 199 1142 Λόγος
237 1076 331 1128 τοῦ
383 1078 656 1146 μακαρίου
690 1077 886 1131 Νείλου
914 1080 995 1143 εἰς
1016 1078 1076 1132 τὸ
1105 1080 1266 1150 ῥητὸν
1293 1079 1390 1133 τοῦ
1416 1081 1598 1148 Εὐαγ-

31 1168 207 1234 γελίου
261 1167 324 1219 τὸ
385 1168 611 1236 φάσκον.
670 1168 784 1221 Νῦν
820 1171 850 1223 ὁ
902 1162 1039 1240 ἔχων
1087 1170 1369 1240 βαλάντιον
1411 1174 1598 1245 ἀράτω

28 1259 226 1327 ὁμοίως
280 1260 374 1313 καὶ
424 1260 625 1328 πήραν,
676 1260 771 1312 καὶ
810 1260 839 1311 ὁ
881 1261 955 1330 μὴ
1000 1258 1159 1331 ἔχων,
1200 1262 1510 1332 πωλησάτω
1539 1262 1598 1315 τὸ

35 1349 248 1419 ἱμάτιον
292 1349 480 1413 αὑτοῦ,
526 1350 622 1401 καὶ
663 1350 990 1420 ἀγορασάτω
1023 1351 1318 1421 μάχαιραν.
1353 1350 1476 1406 Fuit
1510 1353 1598 1408 hic

30 1455 208 1494 sermo
246 1436 551 1509 exscriptus
587 1455 619 1494 e
646 1441 838 1496 codice
873 1441 1185 1497 Cassinensi
1230 1442 1599 1511 manuscripto

31 1546 178 1583 num.
243 1530 385 1593 278,
448 1531 501 1584 in
567 1530 756 1586 codice
823 1530 1069 1602 Gregorii
1133 1532 1458 1587 Nazianzeni
1513 1534 1598 1586 in-

30 1630 224 1687 (111³1⁵ιο
268 1636 435 1692 prope
478 1621 662 1676 ﬁnem.
703 1620 916 1691 Incipit,
972 1621 1046 1675 Τὸ
1095 1623 1455 1693 προκείμενον
1496 1625 1595 1694 ρηο

30 1713 137 1776 τόν,
184 1714 236 1766 id
293 1721 398 1776 est,
454 1712 792 1781 Propositum
845 1713 1107 1782 eﬂ‘atum;
1148 1714 1467 1768 terminatur
1511 1715 1597 1771 his

30 1803 228 1862 verbis.
270 1802 370 1856 Διὰ
417 1803 619 1866 παντὸς
664 1803 1044 1875 φυλασσομένη
1082 1803 1358 1870 εὐλάϐεια,
1393 1802 1449 1860 id
1489 1812 1596 1873 est,

31 1893 369 1948 Custodiente
388 1894 582 1961 pietate
604 1902 869 1962 perpetuo.

97 1982 239 2036 Sunt
267 1991 321 2036 et
350 1982 439 2036 alii
463 1980 895 2045 sermoncsNili,
919 1982 1147 2047 scilicet,
1171 1983 1282 2045 duo
1305 1984 1594 2049 contracti,

29 2088 119 2127 seu
180 2072 367 2142 potius
409 2087 603 2127 eorum
656 2073 907 2142 epitomze
963 2074 1020 2128 in
1064 2073 1258 2130 festum
1316 2074 1597 2129 Paschalis

30 2162 189 2225 diem,
222 2170 278 2214 et
317 2169 426 2215 tres
473 2161 530 2216 in
572 2162 959 2218 Ascensionem
994 2162 1228 2229 Domini,
1269 2167 1409 2234 apud
1452 2166 1597 2220 Pho-

32 2253 159 2305 tium
187 2252 241 2305 in
268 2251 635 2323 Μυριοδίὸλῳ,
665 2268 760 2308 seu
793 2254 1121 2325 Βιϐλιοθήκῃ
1143 2255 1327 2309 codice
1350 2254 1476 2319 206,
1500 2270 1597 2327 pa-

32 2344 152 2410 gina
187 2342 316 2407 855,
348 2359 486 2412 quos
520 2342 705 2400 Latine
733 2344 893 2399 vertit
922 2346 1169 2400 Andreas
1206 2344 1467 2401 Scltottus
1498 2346 1611 2423 So-_

30 2435 243 2489 cietatis
270 2432 417 2498 Jesn,
442 2435 571 2487 mihi
600 2436 760 2490 etiam
792 2435 845 2489 in
875 2435 1059 2506 Belgio
1082 2444 1261 2499 notus,
1285 2444 1340 2490 et
1369 2451 1597 2503 conjun-

30 2525 329 2590 ctissimus,
370 2542 477 2579 non
510 2525 847 2580 humanitate
868 2527 1071 2589 minus,
1107 2542 1270 2596 quam
1310 2527 1597 2581 humanio-

32 2632 149 2668 rum
179 2616 481 2670 litterarum
509 2616 698 2685 peritia
725 2616 1228 2672 commendandus:
1254 2617 1359 2672 illa:
1380 2618 1599 2687 quando

30 2709 185 2761 editae
223 2716 353 2761 sunt
374 2708 559 2762 Graece
598 2709 667 2761 ab
702 2707 1013 2763 liteschelio
1045 2723 1135 2761 an.
1169 2707 1297 2763 1601
1341 2708 1600 2777 Augusta:

32 2797 440 2853 Vindelicorum
472 2799 525 2853 in
553 2798 704 2865 lolio,
731 2808 786 2853 et
821 2799 1027 2862 Graece,
1056 2797 1354 2868 Latineque
1382 2800 1450 2854 ab
1478 2800 1601 2853 illo-

32 2900 137 2943 tttet
171 2890 418 2953 Sciteuo,
454 2890 784 2960 scholiisque
822 2890 1094 2946 auctiores
1134 2890 1454 2959 prodierunt
1497 2906 1599 2944 an-

32 2992 100 3029 no
145 2976 288 3030 i653
346 2975 667 3046 Bothomagi
711 2990 929 3046 quoque
982 2976 1037 3033 in
1075 2975 1237 3043 folio;
1283 2977 1356 3031 ibi
1390 2985 1516 3032 sum
1547 2986 1600 3031 et

35 3067 187 3131 lecta,
221 3082 317 3121 seu
363 3076 616 3135 excerpta
668 3081 698 3121 e
740 3066 1008 3137 capitibus
1043 3066 1146 3122 155
1209 3064 1496 3123 Tractatus
1529 3067 1597 3121 de

33 3158 303 3220 oratione,
336 3156 401 3210 de
434 3171 545 3225 quo
574 3155 825 3225 superius
866 3155 947 3224 egi
978 3154 1171 3225 pagina
1208 3153 1332 3220 624,
1358 3154 1452 3210 sed
1493 3171 1598 3209 nu-

33 3264 180 3302 mero
240 3248 337 3302 201
396 3246 657 3321 Pltotiani‘
709 3245 1009 3316 Myriobibli
1064 3254 1277 3300 tantum
1328 3245 1546 3300 titulum
1579 3288 1594 3312 ,

33 3354 433 3407 numerumque
462 3339 703 3408 capitum
736 3338 998 3406 comperi,
1030 3337 1155 3392 licet
1191 3336 1417 3392 Photius
1449 3337 1600 3406 judi-

31 3429 173 3482 cium
206 3428 347 3481 fet'at
370 3436 555 3497 postea
586 3426 878 3482 conferens
900 3443 1025 3484 eum
1050 3442 1174 3481 eum
1198 3426 1455 3483 Diadochi
1486 3427 1601 3496 epi-

31 3519 178 3584 sc0pi
229 3515 479 3585 Pltqtices
513 3514 941 3583 deﬁnitionibus,
971 3525 1025 3571 et
1046 3516 1334 3585 capitibus,
1367 3532 1601 3584 cumque

32 3606 191 3661 Marci
247 3608 495 3664 monachi
542 3607 840 3673 Asceticis;
882 3616 939 3664 at
982 3622 1133 3661 num.
1172 3606 1294 3661 276.
1327 3606 1601 3662 Proremia

31 3696 375 3755 Orationum,
399 3708 491 3745 seu
523 3693 843 3746 Serntonum
862 3693 915 3746 in
936 3693 1228 3753 Pascltate;
1257 3703 1364 3748 tam
1395 3695 1601 3763 prima),

31 3800 191 3847 quam
230 3780 396 3834 tertiae
418 3780 654 3836 bomiliae
681 3781 747 3835 de
775 3782 974 3839 Christi
994 3783 1352 3848 Aseeusione,
1380 3794 1436 3839 et
1462 3784 1601 3838 alia-

35 3884 153 3922 rum
181 3869 519 3940 Compendia
549 3885 564 3924 :
592 3885 770 3941 neque
809 3888 895 3927 me
924 3874 1185 3929 cohibere
1212 3890 1435 3945 possum
1468 3875 1601 3945 quin

36 3959 123 4014 hic
152 3960 357 4017 Nicolai
388 3960 609 4017 Antonii
636 3963 741 4017 viri
772 3978 1054 4035 nunquam
1085 3966 1219 4020 satis
1256 3966 1459 4021 laudati
1501 3966 1599 4021 lib.

38 4056 112 4104 De
134 4050 343 4116 exsilio,
378 4051 811 4108 observationem
837 4053 890 4107 in
916 4054 1057 4108 hanc
1079 4055 1291 4108 tertiam
1322 4053 1601 4108 horniliam

34 4142 325 4196 ascribam.
371 4141 605 4198 Sanctus
647 4141 826 4208 Nilus,
865 4159 1033 4213 agens
1059 4144 1127 4198 de
1159 4144 1343 4200 Enoch
1375 4154 1431 4199 et
1463 4144 1602 4209 Elia,

36 4235 226 4287 scribit
254 4251 268 4288 :
301 4234 538 4303 Κατέχει
570 4234 680 4305 γὰρ
710 4234 932 4299 τούτους
963 4236 992 4288 ὁ
1018 4236 1269 4307 Πλὰστης
1305 4235 1364 4289 ὲν
1392 4233 1603 4305 σώματι

34 4324 379 4393 ψυχαγωγῶν
417 4326 517 4394 τὴν
552 4324 826 4393 ἐξόριστον
863 4323 1046 4395 φύσιν,
1087 4325 1146 4389 ὃς
1184 4325 1276 4379 καὶ
1326 4324 1467 4395 μετὰ
1502 4323 1602 4395 τὴν
1634 4345 1679 4402 ο

1701 453 1959 525 Πατέρων
1982 454 2061 518 είς
2082 454 2367 510 Θεόδουλον
2392 458 2485 511 τὸν
2508 460 2621 513 υἱὸν
2650 463 2813 516 αὑτοῦ
2833 481 2847 494 ο
2876 463 2991 518 Nili
3022 470 3265 524 monac/ti

1697 543 1931 596 eremita:
1952 542 2325 609 Narrationes,
2343 547 2531 616 quibus
2548 550 2715 604 credes
2734 554 3108 610 monachorum
3124 575 3265 612 mon-

1700 633 1767 687 tis
1786 632 1946 697 Sinae,
1967 644 2014 688 et
2033 635 2252 703 Rhaitu,
2268 646 2317 692 et
2333 638 2606 705 captivitas
2628 638 2881 696 Theoduli
2895 644 3000 711 ﬁlii
3015 650 3266 701 describi-

1701 733 1823 791 tur;
1864 742 1987 780 nam
2036 728 2251 782 titulum
2285 730 2533 785 Latinum
2566 732 2637 786 ita
2667 735 2906 806 concipit
2943 752 3011 792 ex
3052 738 3263 806 Graeco.

1700 835 1861 890 quem
1896 821 2053 876 aliter
2078 823 2326 878 inscribit
2360 825 2425 878 Β.
2458 825 2615 880 Pater
2647 826 2910 882 Pessinus
2949 828 3081 883 mihi
3120 845 3268 884 sem-

1698 926 1793 980 per
1830 911 2157 976 laudandus,
2191 924 2246 969 et
2285 916 2339 970 in
2378 926 2582 987 septem
2618 918 2864 973 distinxit
2894 916 3265 975 Narrationes.

1698 1000 1838 1056 Tum
1862 1003 1953 1056 τοῦ
1981 1005 2041 1059 ἐν
2070 1005 2244 1074 ἁγίοις
2273 1008 2483 1079 Πατρὺς
2512 1009 2668 1080 ἡμῶν
2691 1010 2883 1064 Νείλου
2910 1010 3003 1063 τοῦ
3026 1011 3269 1081 πρεσϐυ-

1696 1090 1856 1163 τέρου
1884 1094 1964 1155 είς
2007 1094 2286 1148 Ἀλὸιανδν
2315 1096 2490 1164 λόγος.
2518 1096 2704 1153 Sancti
2736 1098 2921 1154 Patris
2956 1101 3123 1153 nostri
3148 1098 3268 1151 Nili

1696 1185 2001 1255 presbyteri,
2030 1186 2085 1239 in
2109 1186 2397 1241 Albianum
2425 1188 2632 1254 Oratio,
2654 1189 2830 1244 Vitam
2858 1190 2956 1245 viri
2983 1192 3269 1246 sanctissi-

1698 1274 1770 1328 mi
1811 1275 2169 1331 describendo
2218 1288 2271 1332 et
2319 1281 2749 1335 commendando
2800 1297 2986 1351 aquae
3046 1284 3268 1352 quidem

1699 1365 1872 1439 Opera
1924 1365 2110 1421 Graece
2191 1367 2489 1440 Latineque
2543 1385 2804 1426 conversa
2861 1388 2985 1425 cum
3044 1372 3269 1428 Parisiis

1698 1457 1999 1524 prodierint
2034 1473 2127 1516 an.
2156 1460 2314 1523 1659.
2364 1462 2416 1515 in
2443 1462 2495 1527 4,
2524 1465 2789 1534 attingere
2822 1464 3092 1534 piaculum
3135 1481 3268 1520 cen-

1698 1545 1806 1602 sui.
1847 1544 2003 1601 Notis
2035 1548 2236 1619 quippe
2266 1551 2349 1604 vir
2390 1550 2530 1606 idem
2572 1568 2803 1624 magnus
2850 1570 2910 1608 ea
2954 1555 3267 1619 illustravit,

1699 1644 1754 1709 et
1799 1638 2050 1705 quamvis
2080 1639 2285 1707 aliquid
2314 1640 2531 1710 adjungi
2583 1655 2786 1712 posset,
2830 1644 3265 1701 lucubrationetn

1699 1734 1901 1787 tamen,
1935 1733 1995 1780 ut
2021 1725 2249 1782 Veneris
2284 1728 2409 1783 Coa:
2441 1731 2510 1784 ab
2533 1731 2721 1800 Apelle
2753 1734 2991 1787 nondum
3016 1734 3269 1802 perfectae

1697 1817 1962 1891 tabulam,
2017 1819 2118 1889 ipsi
2159 1820 2543 1890 perﬁciendam
2604 1824 3101 1895 absolvendamque
3150 1829 3269 1882 suis

1697 1908 1955 1965 omnibus
1979 1911 2225 1967 numeris
2250 1912 2519 1983 relinquo,
2548 1913 2688 1970 Plin.
2726 1916 2801 1971 lib
2824 1932 2989 1984 xxxv,
3028 1934 3080 1974 c.
3113 1918 3180 1972 10
3214 1927 3271 1974 et

1700 1998 1788 2062 11,
1811 1999 1989 2054 Cicer.
2021 2009 2075 2055 et
2095 2000 2336 2058 Etruscae
2352 2002 2620 2059 facundiae
2638 2006 2840 2075 pliarus
2856 2007 3085 2065 Carolus
3103 2010 3270 2067 Datus

1701 2087 1753 2141 in
1772 2086 1894 2143 Vita
1910 2089 2113 2158 Apellis
2129 2106 2182 2161 p.
2204 2090 2294 2156 97,
2308 2102 2362 2147 et
2386 2094 2438 2147 in
2462 2095 2936 2161 Adnotationibus,
2957 2113 3011 2168 p.
3033 2099 3269 2169 {45,'qni

1699 2180 1784 2233 vir
1829 2180 2231 2238 illustrissimus
2262 2185 2550 2255 omnigena
2592 2187 2783 2255 plenus
2815 2198 2900 2243 est
2936 2191 3267 2245 eruditione.

1700 2268 1895 2340 Incipit
1923 2271 2010 2327 Itis
2044 2272 2223 2327 verbis
2261 2280 2293 2327 ε’
2315 2274 2616 2344 Ἀλώμενὸς
2645 2277 2755 2346 ἐγὼ
2785 2279 2925 2349 μετὰ
2956 2281 3054 2348 τὴν
3083 2281 3272 2351 ἔφοδον

1698 2360 1805 2413 τῶν
1834 2361 2133 2433 Βαρϐάρων
2153 2380 2167 2395 ο
2195 2364 2248 2418 id
2278 2372 2383 2431 est,
2411 2364 2760 2421 Errabundus
2805 2385 2898 2438 ego
2922 2380 3037 2438 post
3066 2369 3272 2425 Barba-

1703 2468 1880 2506 rorum
1911 2454 2160 2524 infestum
2194 2456 2496 2519 adventum.
2526 2459 2734 2514 Desinit
2771 2461 2823 2514 in
2857 2462 2992 2528 haec,
3029 2456 3097 2533 ἦς
3130 2465 3273 2517 ἀπο-

1700 2543 1918 2609 λαῦσαι,
1949 2547 2044 2599 καὶ
2070 2547 2188 2610 νῦν,
2215 2549 2309 2601 καὶ
2342 2551 2401 2603 ἐν
2433 2550 2511 2620 τῷ
2536 2551 2783 2621 μέλλοντι
2818 2554 2975 2607 αίῶνι
3001 2571 3016 2586 ο
3073 2556 3125 2610 id
3165 2568 3268 2621 est.

1700 2652 1803 2704 qua
1837 2638 2131 2707 perfruaris
2162 2649 2211 2693 et
2238 2657 2395 2707 nunc,
2440 2653 2489 2696 et
2516 2643 2569 2695 in
2600 2644 2781 2712 futuro
2824 2646 3038 2701 saeculo.
3072 2647 3149 2703 De
3170 2650 3271 2704 ista

1701 2731 2015 2789 incursione
2066 2734 2381 2800 Barbaries,
2427 2747 2483 2792 et
2529 2754 2639 2809 quo
2688 2749 2932 2810 tempore
2984 2743 3275 2813 contigerit

1702 2823 1816 2888 illa,
1846 2823 1967 2879 fuse
1997 2825 2050 2879 in
2082 2826 2253 2896 ipsius
2281 2825 2387 2882 Nili
2414 2828 2558 2883 Vita.

1773 2914 2047 2985 Epistolas
2092 2919 2259 2973 etiam
2313 2918 2419 2974 Nili
2462 2937 2570 2975 non
2604 2923 2845 2990 inserui;
2905 2924 3023 2994 ipse
3074 2925 3274 2997 quippe

1624 3019 1668 3077 ο
1700 3009 1960 3067 Pessinus
1999 3027 2093 3067 eas
2131 3011 2317 3069 Graec
2358 3015 2659 3087 Latineque
2703 3018 3008 3087 publicarat
3044 3017 3275 3075 Parisiis

1704 3102 1865 3167 1657,
1898 3103 1951 3157 in
1998 3113 2214 3174 quarto,
2254 3120 2379 3161 eum
2420 3106 2597 3174 Notis,
2637 3109 2745 3164 imo
2789 3119 2842 3164 et
2881 3108 2992 3165 Leo
3020 3110 3272 3176 Allatius,

1702 3194 1795 3263 qui
1826 3192 2049 3251 Graeciae
2086 3197 2233 3254 lilius
2263 3201 2552 3267 naturalis,
2579 3216 2765 3268 verna,
2797 3210 2851 3257 et
2889 3204 3181 3272 genuinus,
3209 3219 3277 3259 ac

1700 3285 1876 3354 ipsius
1904 3287 2109 3343 ocellus
2133 3303 2163 3342 a
2185 3305 2270 3345 me
2286 3289 2495 3360 jamdiu
2522 3302 2892 3364 nuncupatus,
2923 3296 3275 3366 externisque

1701 3377 2072 3449 praeferendus
2096 3380 2398 3443 videbatur,
2426 3382 2611 3438 Roma:
2636 3387 2777 3456 typis
2808 3386 3119 3444 Barberinis
3142 3390 3272 3460 Epi-

1699 3470 1870 3526 stolas
1906 3485 2051 3524 anno
2078 3470 2236 3535 i668,
2270 3472 2323 3526 in
2362 3472 2490 3527 lolio
2516 3477 2876 3547 promulgavit
2914 3479 3152 3547 easdem,
3178 3481 3275 3536 sed

1700 3562 1959 3618 adauctas
1994 3571 2049 3618 et
2101 3563 2256 3619 libris
2312 3565 2487 3621 tribus
2523 3566 2812 3624 distinctas
2834 3569 2904 3625 ad
2942 3571 3075 3627 1061
3100 3589 3116 3638 ;
3146 3587 3275 3628 cum

1703 3653 1869 3708 vatiis
1907 3653 2231 3709 lectionibus
2275 3655 2328 3708 in
2366 3659 2733 3714 narrationem
2773 3661 2939 3717 caedis
2972 3665 3273 3720 monacho-

1702 3761 1848 3810 t‘um,
1876 3754 1933 3802 et
1958 3747 2200 3803 Diatriba
2221 3749 2289 3804 de
2310 3749 2468 3814 Nilis,
2495 3766 2795 3822 eorumque
2827 3754 3065 3824 scriptis,
3093 3763 3147 3809 et
3173 3756 3274 3811 ‘sua

1702 3839 1952 3894 versione
1985 3838 2196 3904 Latina,
2229 3853 2283 3896 et
2318 3842 2476 3897 unica
2511 3843 3025 3914 notula,lndiceque
3048 3846 3275 3914 duplici,

1702 3931 1984 3985 nominum
2012 3930 2219 3987 scilicet
2238 3946 2427 3986 eormn
2453 3932 2521 3987 ad
2553 3949 2691 4003 quos
2715 3933 3025 4002 diriguntur
3057 3934 3275 4003 Episto-

1703 4021 1790 4085 Ite,
1824 4037 1890 4076 ac
1929 4023 2231 4077 initiorum.
2282 4023 2428 4078 Inter
2471 4024 2606 4080 istas
2648 4023 2920 4095 Epistolas
2972 4025 3274 4081 Allatianas

1701 4119 1834 4173 sunt
1870 4114 1940 4169 55
1970 4115 2138 4171 variis
2161 4114 2456 4185 inscriptae,
2495 4132 2618 4186 quae
2657 4117 2712 4171 in
2749 4116 2939 4172 codice
2980 4116 3275 4172 Barberino

1701 4207 1807 4262 sub
1835 4220 1943 4261 una
1970 4208 2336 4273 continentur,
2372 4224 2490 4279 pag.
2524 4210 2647 4271 165,
2678 4224 2801 4265 cum
2831 4210 2934 4265 hoc
2959 4210 3138 4275 titulo,
3164 4210 3274 4263 Τοῦ

1703 4298 1860 4365 ἁγίου
1888 4298 2081 4353 Νείλου
2115 4299 2373 4371 ἐπιστολὴ
2396 4301 2597 4370 ἔχουσα
2642 4318 2769 4370 κεφ.
2795 4300 2895 4369 νγ’,
2930 4300 3116 4357 Sancti
3154 4299 3275 4355 Nili

36 4416 327 4485 ὑπερόριον
354 4415 530 4485 φυγὴν
559 4416 723 4470 πάλιν
751 4417 851 4483 είς,
878 4416 993 4471 sive
1019 4416 1118 4485 τῆς
1140 4415 1458 4480 ἀθανασίας,
1487 4415 1602 4469 sive
1636 4395 1671 4432 ἡ
1706 4395 1951 4465 ΕΡίδίοία
1972 4395 2171 4450 halm”
2200 4398 2380 4464 οσρίια
2419 4398 2509 4450 53-
2545 4397 2736 4466 Ιηοῖβίι
2764 4412 2777 4447 ³
2827 4397 2953 4450 Ἐάν
2987 4395 3178 4467 μηδείς
3211 4413 3273 4450 σε

33 4504 130 4575 τὴν
170 4505 466 4569 ἀθάνατον,
518 4506 808 4574 ἐπανάγων
858 4507 1151 4560 πολιτείαν.
1196 4507 1253 4560 ιιι
1303 4515 1406 4570 est,
1447 4505 1601 4559 Tenet

35 4593 127 4646 Iros
176 4593 399 4648 Creator
439 4596 746 4661 incorpore,
772 4605 1019 4648 naturam
1060 4595 1384 4649 exsulantem
1418 4610 1601 4647 conso-

1700 4485 1873 4558 διώκῃ
1928 4486 2193 4556 τύραννος
2231 4486 2454 4556 Ἕλλην,
2482 4486 2600 4540 Etsi
2634 4485 2810 4540 nullus
2848 4496 2900 4540 te
2930 4495 3277 4556 persequatur

1705 4586 1961 4646 tyrannus
1994 4575 2218 4631 Gentilis
2237 4594 2256 4641 ;
2285 4592 2447 4646 quam
2480 4578 2751 4633 concisam
2772 4577 3067 4647 comperio,
3102 4586 3155 4632 et
3189 4579 3277 4632 in~

35 4686 172 4749 lans,
192 4685 284 4755 qui
304 4687 464 4738 etiam
478 4695 592 4754 post
620 4686 866 4739 exsilium
890 4686 1038 4738 illam
1056 4688 1243 4740 iterum
1263 4690 1599 4741 restituturus

1702 4678 1787 4722 ter
1816 4668 2169 4724 Possinianas
2200 4669 2454 4733 numJl,
2483 4685 2606 4740 pag.
2633 4670 2723 4729 69.
2751 4670 3011 4726 directam
3038 4670 3103 4725 ad
3133 4671 3279 4725 Pha-

14 4777 103 4846 qsit
144 4777 557 4843 immortalitati,
603 4794 693 4831 seu
731 4786 847 4846 post
883 4777 1063 4845 fugam
1106 4787 1258 4831 extra
1307 4778 1458 4847 ﬁnes,
1498 4779 1599 4831 im-

1704 4761 2023 4816 rismanium
2059 4777 2233 4831 usque
2260 4762 2327 4816 ad
2359 4763 2695 4834 στρατιώτης
2713 4762 2807 4817 τοῦ
2832 4763 3087 4835 Χριστοῦ.
3119 4763 3274 4833 Apud

14 4851 383 4919 mortalitatis
414 4866 580 4920 statui
607 4869 949 4922 restituturus
988 4870 1093 4933 sit;
1133 4869 1455 4939 praelertque
1481 4883 1599 4923 ver-

1702 4851 1961 4906 Allatiutn
1992 4853 2084 4907 lib.
2122 4869 2202 4919 ιιι,
2228 4854 2455 4923 epistula
2482 4855 2572 4919 7i,
2590 4864 2943 4920 numeratur;
2967 4853 3278 4910 Pbarisma—

37 4956 248 5011 sionem
306 4955 555 5024 Sehotti,
616 4959 853 5014 versioni
914 4959 1175 5015 Desiderii
1227 4958 1442 5014 Ileraldi
1508 4957 1605 5013 lib.
1704 4947 1855 5001 nimo
1905 4945 2244 5011 Deccmbrio.
2267 4961 2362 5002 seu
2393 4946 2900 5016 Decenmrimotuli
2933 4947 3281 5017 οοττίιιοοθθι

36 5048 488 5104 Adversariornm
509 5090 525 5115 ,
561 5050 654 5119 qui
697 5049 1046 5120 ψυχαγωγῶν
1079 5064 1264 5105 vocem
1298 5048 1609 5103 reddiderat
1708 5037 1989 5106 inscripta.
2011 5036 2329 5093 Contulerat
2350 5038 2491 5093 hanc
2511 5038 2806 5107 Epistulam
2828 5039 3006 5106 capita
3034 5038 3103 5094 55
3127 5054 3280 5093 eom-

45 5154 291 5203 evocans,
313 5138 473 5209 cujus
514 5140 819 5206 sententiae,
844 5138 1049 5195 Nicolai
1073 5154 1286 5210 nempe,
1314 5137 1459 5193 ultro
1479 5137 1608 5194 sub.
1707 5131 2032 5201 victitent-em
2078 5129 2396 5187 Βοιδιθῐιίυε
2441 5147 2566 5186 cum
2601 5131 2792 5187 θοάῖοθ
2840 5129 3104 5187 Vilicano
3140 5133 3278 5200 555;

68 5227 240 5285 cribo.

39 5244 240 5285 sermo.

108 5318 384 5375 Hactenus
418 5320 652 5376 iudicavi
683 5319 855 5391 Opera
879 5319 936 5377 S.
966 5319 1092 5387 Nili,
1121 5337 1243 5392 quze
1286 5321 1339 5376 in
1374 5320 1480 5376 hoc
1512 5333 1605 5374 vo-

1705 5231 1762 5278 et
1796 5223 2143 5279 continuarat
2166 5234 2290 5277 eum
2322 5221 2465 5288 aliis,
2501 5238 2532 5277 e
2558 5221 2781 5293 quibus,
2810 5222 2955 5291 quod
2990 5221 3283 5292 consequi-

1708 5322 1800 5369 tur
1832 5324 1993 5383 caput
2028 5314 2267 5384 Epistola
2292 5321 2395 5377 est,
2426 5329 2549 5382 quas
2570 5312 2725 5382 apud
2764 5314 2926 5367 Allat.
2970 5314 3047 5368 lib
3076 5328 3157 5375 Ill,
3197 5308 3281 5365 lo-

35 5409 221 5483 ‘lumen
243 5412 517 5481 congessi,
544 5429 690 5468 nunc
710 5429 794 5480 ea,
815 5428 935 5484 qua:
957 5412 1299 5483 praetermisi,
1327 5426 1611 5468 recensere
1708 5416 1828 5461 cata
1853 5406 1952 5460 fuit
1978 5422 2127 5460 Imm.
2165 5406 2292 5460 295.
2320 5405 2531 5475 Ιηείρίι,
2568 5406 2659 5476 Μὴ
2692 5405 3067 5474 κατοκνῶμεν,
3091 5403 3143 5456 id
3173 5410 3281 5473 es}.

42 5517 219 5573 operae
250 5506 479 5574 pretium
518 5505 671 5561 duxi.

114 5593 169 5648 In
188 5595 378 5666 primis
393 5596 586 5649 Νείλου
609 5598 932 5669 μονάζοντος
952 5598 1231 5670 628E911
1243 5597 1395 5669 μίτου
1417 5594 1613 5668 Διηγή-

369 5716 637 5778 ΡΑτιιοι.
691 5718 805 5779 (in.
870 5717 1160 5777 LXXIX.

1712 5496 1797 5553 Ne
1818 5513 2084 5551 versemur
2103 5497 2441 5567 negligenter,
2468 5496 2786 5552 inscribitur
2810 5494 3041 5565 Didymo
3069 5492 3281 5552 lectori.

1713 5588 1854 5646 sicut
1903 5604 2072 5660 penes
2104 5586 2413 5654 Possiunm,
2443 5606 2496 5643 n.
2540 5588 2592 5642 4.
2629 5586 2851 5648 Desinit,
2888 5584 2949 5648 ἐξ
2976 5577 3051 5637 ὧν
3091 5585 3123 5639 ὁ
3158 5582 3281 5646 νοῦς

2917 5700 2991 5761 43
