3852 6052
68 324 215 391 135¹1

1270 325 1369 389 DE
1400 321 1783 388 OPERIBUS
1821 329 1882 388 S.
1915 326 2097 389 NILI.

3196 323 3333 391 I358

51 436 165 504 qui
193 433 489 490 arbitratur
516 448 579 488 ex
610 433 1029 503 Agatharchide,
1059 448 1177 504 cap.
1210 434 1298 498 16,
1324 434 1499 491 leonis
1530 448 1651 490 esse
1680 438 1724 495 Α
1752 433 1854 489 Job
1892 436 2030 491 libro
2053 436 2214 491 unico
2243 452 2257 488 :
2291 452 2309 506 ι
2338 435 2475 503 Quia
2503 434 2665 506 rapit,
2703 443 2759 490 et
2798 434 3008 492 occulte
3046 434 3331 508 prosequi-

54 525 333 594 speciem,
374 533 429 579 ct
455 525 589 578 nihil
633 526 702 579 ab
737 526 862 580 aliis
897 524 1116 581 differre
1158 535 1330 597 putat,
1367 527 1473 582 nisi
1508 527 1654 597 quod

52 614 271 669 habeat
292 631 481 673 aversa
510 616 787 686 genitalia,
813 617 1115 688 nititurque
1135 616 1186 672 id
1211 618 1443 687 probare
1472 619 1555 672 vel
1584 633 1653 674 ex

48 702 302 777 Vulgata
339 707 588 763 versione
616 708 677 762 in
707 723 827 777 cap.
860 724 911 762 ιν
939 708 1061 775 Job,
1088 726 1141 764 v.
1178 711 1263 777 ll,
1304 712 1393 766 ubi
1441 711 1652 783 rugitus

47 797 247 852 leonis
300 812 401 867 pro
456 799 947 868 myrmoco-leone,
997 817 1060 855 ac
1105 802 1259 870 tigris
1302 804 1465 856 etiam
1518 803 1650 871 legi-

44 896 157 941 [ur
196 904 211 941 :
254 896 366 941 tum
392 902 423 942 e
450 888 736 951 Strabone,
772 889 866 942 lili.
906 905 1020 953 xvr,
1050 891 1232 945 leones
1266 892 1472 947 aversis
1502 891 1651 959 geni-

47 978 269 1033 talibus
313 993 435 1033 esse
485 977 541 1033 in
591 977 974 1050 Troglodytica
1024 981 1260 1043 Arabiae,
1293 982 1384 1051 qui
1421 981 1647 1053 μύρμηο

46 1085 160 1132 ate;
204 1077 500 1134 vocantur;
542 1081 599 1124 at
636 1068 878 1125 formicae
911 1071 1234 1141 simpliciter
1272 1070 1517 1137 IEIiano,
1550 1073 1644 1127 lib.

42 1172 206 1221 xvii,
241 1171 360 1227 cap.
399 1156 490 1221 42,
525 1159 732 1214 aversis
759 1159 1086 1230 genitalibus
1123 1161 1175 1213 in
1219 1159 1528 1231 Babylonia,
1568 1162 1647 1216 uti

44 1248 159 1303 lib.
239 1264 337 1312 vn,
397 1240 518 1318 ca'p.
582 1249 669 1315 l7,
734 1250 826 1304 ubi
894 1250 1223 1307 Casaubono
1283 1267 1391 1305 non
1454 1267 1645 1308 assen-

46 1343 219 1404 titur,
280 1341 368 1395 cui
409 1356 512 1395 vox
560 1339 914 1397 formicarum
981 1352 1255 1413 suspecta.
1300 1344 1458 1413 Apud
1506 1346 1646 1399 Ara-

48 1434 161 1487 bas
194 1443 280 1489 est
304 1433 521 1487 leonum
547 1433 779 1503 species,
812 1435 905 1503 qui
936 1435 1197 1489 dicuntur
1222 1436 1382 1507 631
1426 1437 1641 1500 hirmis,

48 1525 211 1579 unde
237 1524 438 1579 factum
466 1524 711 1595 μύρμηξ.
739 1523 879 1580 Sunt
897 1526 1424 1583 etformiczelndica:
1448 1543 1645 1583 aurum

44 1617 384 1672 eﬂ‘odientes
413 1632 610 1673 canum
642 1618 817 1674 instar
850 1634 946 1674 seu
975 1619 1255 1695 luporum,
1288 1620 1431 1691 apud
1470 1620 1641 1677 Hero-

46 1706 280 1773 dotum,
328 1708 421 1762 lib.
469 1723 550 1772 ιιι,
605 1722 637 1762 e
686 1707 953 1774 Nearcho,
1017 1708 1335 1777 Dalmacho,
1370 1720 1424 1766 et
1460 1710 1639 1783 Mega-

1760 537 1849 581 tur
1881 526 2175 594 frumenta,
2207 542 2329 597 qua:
2369 526 2586 582 sublato
2616 528 2775 582 oculo
2811 525 2943 583 facit
2985 543 3094 583 non
3129 531 3332 599 germi-

1756 632 1923 684 nare;
1959 636 1978 668 ι
2018 617 2111 671 ubi
2147 626 2369 673 sanctus
2396 619 2588 672 doctor
2611 618 2829 672 oculum
2873 617 3071 686 accipit
3103 633 3203 687 pro
3241 634 3329 680 co,

1755 708 1900 775 quod
1921 716 2005 763 est
2023 707 2075 761 in
2107 708 2364 762 arborum
2393 707 2650 770 surculis,
2670 706 2814 761 unde
2842 705 2969 775 ipszc
2987 708 3288 776 germinant
3314 722 3330 760 :

1756 800 1837 853 sic
1872 799 2109 854 sumitur
2149 801 2290 867 apud
2328 800 2611 863 Catonem,
2650 798 2725 851 De
2763 814 2816 851 re
2856 800 3076 851 rustica.
3104 799 3331 865 Oculus,

1755 888 1898 945 unde
1941 890 2239 952 inoculare,
2274 892 2328 943 in
2364 892 2682 956 Columella,
2724 891 2819 944 lib.
2870 904 2945 955 χι,
2994 905 3115 959 cap.
3148 890 3203 956 2,
3250 900 3336 948 est

1753 980 1971 1035 oculum
1998 981 2159 1035 unius
2189 981 2401 1035 arboris
2432 981 2584 1034 alteri
2619 981 2899 1045 adhibere,
2940 983 3054 1036 sive
3099 983 3331 1051 aperire,

1754 1080 1814 1125 ut
1866 1071 1920 1125 in
1975 1071 2173 1125 Plinio.
2218 1073 2357 1125 Beda
2407 1075 2458 1125 in
2495 1071 2691 1126 .lobum
2729 1092 2741 1126 :
2777 1072 2908 1137 Leo,
2941 1073 3163 1143 quando
3221 1076 3336 1145 agit

1752 1164 1990 1233 prtedam
2042 1166 2110 1219 de
2160 1165 2325 1219 rebus
2385 1164 2685 1234 majoribus
2737 1166 2790 1218 in
2845 1167 3072 1231 sanctis,
3104 1165 3335 1222 formica

1752 1258 1972 1325 quando
2000 1257 2068 1310 de
2092 1256 2375 1321 minimis;
2420 1257 2524 1325 piis
2563 1255 2872 1319 formicam,
2904 1257 3087 1325 impiis
3122 1256 3335 1313 lconem

1750 1346 1949 1400 asserit
2012 1344 2475 1416 Olympiodorus;
2531 1355 2587 1401 at
2636 1342 2792 1402 Nilus
2845 1346 2899 1401 in
2978 1346 3201 1412 Catena,
3276 1359 3337 1404 ut

1750 1435 2211 1507 Thcophylactus,
2250 1437 2303 1490 in
2329 1434 2546 1500 Lucam,
2579 1438 2708 1508 quia
2741 1438 2968 1507 impellit
2998 1438 3050 1493 in
3078 1440 3331 1509 graviora

1748 1543 1850 1582 nos
1907 1529 2071 1599 632
2127 1545 2156 1582 a
2215 1530 2400 1597 parvis
2436 1530 2624 1595 initiis,
2653 1532 2798 1600 quod
2844 1542 2991 1601 patet
3034 1531 3088 1586 in
3134 1547 3331 1602 supra-

1748 1622 1952 1690 scripta
1993 1620 2223 1691 epistola
2274 1620 2401 1686 265,
2465 1622 2558 1676 lib.
2619 1636 2678 1675 ιιι
2713 1620 2917 1688 Allatii,
2954 1638 3078 1692 quae
3126 1622 3333 1678 directa

1748 1722 1830 1766 est
1852 1711 2002 1766 Iona:
2033 1712 2325 1775 monacho,
2355 1720 2409 1765 et
2448 1720 2769 1767 numeratur
2802 1711 2900 1768 189
2929 1728 3096 1782 penes
3142 1711 3333 1768 Possi-

46 1801 281 1864 sthene,
315 1814 424 1855 non
478 1799 706 1869 pedibus
754 1801 991 1857 leoninis
1015 1843 1029 1867 ,
1072 1802 1150 1857 uti
1196 1804 1375 1857 visum
1433 1781 1644 1871 Solino,
1678 1781 1722 1835 Β
1757 1819 1911 1868 ιιιιηι,
1945 1804 2261 1874 videturque
2290 1804 2605 1872 deprompta
2656 1818 2686 1857 e
2740 1819 2791 1859 c.
2819 1804 2889 1857 49
2935 1781 3225 1860 Τιεειριιιιυε
3264 1805 3334 1859 de

46 1906 189 1961 cap.
230 1890 321 1957 50,
350 1891 406 1944 in
448 1889 745 1961 Ethiopia.
774 1890 1000 1947 Videndi
1033 1893 1230 1948 Strabo
1260 1894 1353 1949 lib.
1389 1910 1425 1948 ιι
1454 1905 1509 1950 et
1544 1912 1649 1963 xv;

48 1984 288 2038 Arrian.
313 1984 366 2037 in
403 1981 581 2037 Indic.
606 1982 745 2038 Plin.
773 1984 810 2038 l.
842 2000 917 2051 xu,
945 1999 1065 2055 cap.
1100 1984 1199 2048 50;
1233 1984 1433 2041 Elian.
1470 1986 1562 2042 lib.
1594 2003 1652 2042 ιιι

54 2076 283 2132 Hister.
312 2090 433 2146 cap.
458 2076 529 2143 4;
561 2084 616 2130 et
636 2074 912 2131 Heliodor.
939 2077 1032 2132 lib.
1057 2092 1087 2131 x
1120 2076 1327 2131 Histor.
1352 2077 1649 2148 zEthiopic.

58 2164 196 2221 Istae
227 2164 451 2236 quidem
480 2163 678 2220 Indica:
702 2174 831 2220 sunt
861 2174 1067 2220 statura
1097 2167 1316 2234 canina,
1337 2146 1432 2223 se‘d
1461 2146 1653 2237 praefe-

52 2265 195 2311 runt
211 2256 449 2328 speciem
475 2256 862 2312 formicarum:
884 2255 1168 2324 Thuanus,
1190 2258 1283 2312 lib.
1307 2273 1430 2312 xxw
1450 2259 1648 2313 Annal.

50 2349 129 2403 ad
164 2363 376 2403 annum
422 2347 582 2403 I559.
616 2346 761 2403 Inter
799 2363 1024 2404 munera
1065 2348 1209 2419 regis
1250 2347 1543 2405 Persarum
1582 2352 1653 2405 ad

53 2440 426 2509 Solymanum
456 2454 619 2493 unam
645 2438 818 2495 fuisse
845 2449 1030 2493 narrat
1056 2437 1403 2509 Busbequius
1433 2441 1596 2511 epist.
1617 2441 1652 2495 4

51 2532 143 2587 De
173 2532 436 2602 legatione
482 2529 691 2585 Turcic.
753 2529 960 2585 Forsan
1023 2545 1054 2583 a
1105 2531 1318 2600 pupulis
1361 2530 1653 2602 Ethiopian

52 2623 437 2677 Marmacibus
459 2621 649 2677 leones
677 2620 899 2676 fuerunt
914 2621 1203 2686 nominati,
1230 2636 1466 2692 quorum
1487 2638 1653 2693 p0pu-

52 2716 252 2771 lorum
302 2714 552 2770 meminit
606 2712 914 2784 Stephanus
954 2711 1091 2782 Περὶ
1119 2712 1329 2766 πόλεων
1370 2727 1435 2767 ex
1474 2711 1638 2769 Ileca-

56 2819 174 2863 tneo
205 2822 221 2859 :
257 2808 402 2863 sicut
426 2804 787 2877 ἱππομύρμηξ
810 2804 951 2873 apud
973 2803 1308 2871 Lucianum;
1337 2804 1433 2860 sed
1462 2819 1653 2861 cense-

55 2912 159 2955 tur
191 2900 399 2956 animal
432 2900 639 2963 fictum,
670 2906 731 2952 ut
755 2897 1129 2961 hircocervus,
1160 2896 1529 2967 tragelaphus,
1565 2897 1650 2950 vel

50 2994 352 3058 chimaera,
384 2991 605 3062 sphinx,
640 2988 823 3044 lamia.
864 2986 1215 3058 Septuaginta
1243 2989 1564 3057 interpretes
1595 2988 1650 3042 in

1753 1892 2056 1950 Monastica
2086 1893 2494 1957 exercitatione,
2531 1908 2652 1964 pag.
2704 1893 2793 1949 56.
2845 1893 3024 1949 Edidit
3064 1893 3333 1950 Patricius

1753 1984 1951 2041 Junius
2000 1985 2260 2041 Catenam
2303 1985 2619 2040 Graecorum
2648 1984 2872 2040 Patrum
2903 1984 2956 2040 in
2986 1983 3183 2041 Jobqu
3217 1986 3333 2041 col-

1754 2080 1951 2134 lectam
1981 2091 2011 2131 a
2044 2075 2256 2142 Niceta,
2283 2090 2515 2146 eamque
2565 2076 2799 2132 reddidit
2836 2075 3067 2145 Latine;
3099 2076 3333 2133 Londinl

1747 2171 1933 2225 lucem
1961 2170 2176 2241 aspexit
2199 2168 2321 2233 illa;
2356 2168 2425 2221 ibi
2459 2183 2512 2237 p.
2544 2167 2667 2231 144,
2705 2182 2734 2222 e
2757 2163 2881 2221 Nilo
2909 2167 3023 2222 haec
3048 2168 3335 2237 proferun-

1754 2273 1845 2319 tur
1878 2280 1891 2317 :
1921 2262 2077 2333 Τάχα
2099 2261 2156 2315 δὲ
2195 2260 2289 2314 καὶ
2318 2262 2347 2313 ὁ
2382 2260 2558 2330 μέγας
2600 2258 2721 2312 Ἰὼϐ
2745 2258 2869 2313 καθ’
2894 2258 3086 2312 ἑαυτὸν
3118 2259 3334 2329 φιλοσο-

1755 2352 1872 2422 φῶν
1902 2351 2145 2405 τοιοῦτόν
2182 2368 2303 2404 τινα
2339 2351 2668 2404 αίνίττεταιο
2699 2348 2955 2405 Forsitan
2986 2366 3103 2405 vero
3139 2360 3189 2404 et
3220 2368 3336 2404 ma-

1752 2462 1885 2515 gnus
1924 2444 2026 2497 Job
2070 2443 2139 2497 ad
2168 2442 2400 2511 seipsum
2429 2442 2801 2512 philosophum
2828 2442 3192 2510 hujuscemodi
3229 2441 3335 2496 alio

1752 2551 1905 2605 quem
1961 2533 2179 2587 obscure
2222 2534 2491 2603 designat,
2540 2540 2645 2587 etc.
2696 2530 3086 2602 Adjunguntur
3115 2541 3168 2586 et
3207 2531 3332 2595 ista,

1754 2639 1876 2694 qua:
1904 2624 2103 2678 desunt
2132 2622 2185 2676 in
2210 2623 2587 2692 manuscripto
2611 2621 2909 2677 Barberino
2934 2621 3338 2691 Codice,atque

1756 2716 1810 2770 in
1844 2716 2084 2770 editione
2132 2731 2274 2781 mea,
2304 2732 2356 2785 p.
2387 2716 2477 2779 57,
2506 2726 2631 2785 post
2676 2714 2995 2779 ὁπλίζουσαι
3048 2714 3190 2767 κατὰ
3234 2713 3336 2782 τῆς

1752 2808 1951 2879 ψυχῆς,
1984 2808 2079 2862 sed
2104 2807 2215 2862 illic
2240 2807 2524 2863 abundant
2546 2806 2718 2860 ταῦτα
2745 2806 2800 2860 δὲ
2830 2805 2929 2876 οὐχ
2954 2806 3030 2871 ὡς
3055 2805 3149 2859 τοῦ
3193 2804 3336 2859 Ἐλί-

1756 2900 1865 2968 φαζ
1891 2900 2035 2953 οὕτω
2066 2900 2363 2972 νοήσαντος
2398 2900 2509 2970 (Ζσ.
2540 2898 2856 2969 νοήσαντες)
2915 2898 3335 2969 ὲθεωρήσαμεν,

1757 2992 1871 3047 ἀλλ’
1896 2991 1971 3056 ὡς
2004 2990 2318 3061 δυναμένων
2350 2990 2459 3045 τῶν
2487 2990 2752 3061 ῥημάτων
2793 2991 2887 3043 καὶ
2921 2991 3058 3060 πρὸς
3105 2989 3336 3059 ἀλληγοο

52 3101 193 3155 cap.
229 3100 282 3139 ιν
311 3082 414 3139 Job
440 3082 681 3147 laudato,
707 3089 945 3145 vertunt,
976 3079 1146 3133 Periit
1174 3079 1253 3133 leo
1287 3080 1648 3149 formicarius,

1760 3083 1881 3153 ρίαν
1923 3081 2248 3151 τρέπεσθαι,
2289 3080 2418 3133 ὅταν
2470 3080 2503 3151 ἡ
2545 3079 2706 3149 χρεία
2734 3078 2965 3149 καλέσῃο
3000 3081 3093 3133 καὶ
3134 3078 3244 3151 γὰρ
3284 3080 3336 3133 οἱ

49 3177 209 3246 quod
270 3191 372 3229 non
433 3174 640 3227 haberet
703 3187 901 3226 escam.
956 3170 1193 3225 Sanctus
1233 3170 1526 3241 Gregorius
1577 3171 1652 3225 ibi

53 3268 168 3324 lib.
235 3284 286 3329 v.
343 3282 464 3337 cap.
504 3266 591 3331 15,
644 3279 871 3335 parvum
926 3278 1047 3319 esse
1091 3263 1293 3317 animal
1344 3277 1651 3335 myrmeco-

56 3363 288 3416 leonem
327 3368 533 3423 censet,
561 3356 809 3411 formicis
838 3355 1118 3420 infestum,
1141 3354 1286 3426 quod
1318 3369 1377 3411 se
1405 3356 1507 3411 sub
1534 3356 1655 3425 pul-

53 3469 197 3509 vere
216 3452 518 3515 abscondit,
540 3464 743 3520 easque
776 3447 1049 3503 frumenta
1075 3456 1351 3519 gestantes
1378 3448 1651 3515 interﬁcit,

53 3558 121 3605 et
148 3547 463 3603 interfectas
491 3543 766 3601 consumit
798 3543 954 3613 quasi
986 3542 1071 3597 leo
1098 3542 1393 3604 devorans,
1415 3553 1471 3596 et
1500 3542 1653 3611 quasi

60 3640 301 3696 formica
325 3640 617 3694 devoratur
638 3636 707 3690 ab
730 3635 854 3690 aliis
879 3634 1105 3690 minutis
1134 3633 1526 3689 animantibus.
1556 3634 1656 3688 Isi-

60 3735 214 3790 doro
251 3731 347 3785 lib.
382 3745 455 3785 xu
490 3728 699 3800 Origin.
737 3741 859 3796 cap.
902 3726 991 3792 15,
1028 3724 1389 3789 Formicalco,
1419 3732 1475 3779 et
1522 3725 1655 3779 Vin-

62 3822 260 3879 centio
288 3820 659 3876 Bellovacens.
690 3817 787 3871 lib.
826 3832 913 3873 xvi
942 3814 1262 3881 Doctriual.,
1292 3830 1411 3884 cap.
1448 3812 1570 3876 “7,
1602 3823 1659 3868 et

61 3916 131 3971 in
192 3914 477 3968 Petaviana
535 3910 862 3965 bibliotheca
919 3916 1090 3977 poetae
1157 3906 1426 3971 Barbaro,
1495 3921 1652 3959 num.

63 4004 260 4068 13M;
292 4003 383 4057 alii
441 4001 645 4056 dictum
692 4000 766 4054 ita
805 3999 1122 4069 opinantur,
1175 3997 1300 4066 quia
1340 3996 1585 4051 nascitur
1628 4011 1659 4049 e

63 4097 309 4153 formica
344 4103 399 4149 et
431 4096 605 4160 leone,
625 4090 955 4147 animalculo
982 4104 1197 4159 nempe,
1231 4088 1319 4143 cui
1341 4098 1424 4143 est
1450 4087 1658 4156 species

63 4186 316 4245 leonina.
364 4184 612 4238 Eustath.
661 4182 715 4237 in
753 4179 1115 4234 Hexaemeron
1160 4179 1246 4234 bis
1295 4185 1655 4241 memoratur,

65 4286 269 4336 sancto
300 4275 649 4345 Ilieronymo,
694 4273 809 4326 sive
840 4271 1050 4325 auctori
1092 4270 1175 4337 (si
1211 4269 1336 4338 quis
1366 4268 1508 4322 alius
1538 4268 1658 4335 cst)

64 4368 321 4439 epistolae
358 4367 423 4420 ad
458 4364 780 4419 Praesidium
821 4362 888 4416 de
916 4376 1082 4416 cereo
1114 4360 1362 4415 Paschal.
1397 4358 1471 4412 De
1512 4375 1658 4428 myr-

1756 3173 2107 3242 παλαιότεροι
2153 3173 2221 3242 τῇ
2262 3169 2466 3241 Θεωρία
2519 3170 2858 3240 ἐχρήσαντο,
2903 3171 2997 3225 καὶ
3044 3187 3339 3242 μυρμηκοο

1756 3265 1946 3318 λέοντα
1996 3264 2088 3317 τὸν
2136 3261 2382 3315 διάϐολον
2435 3260 2682 3331 ἐνόησαν,
2741 3260 2931 3331 ἐπειδὴ
2985 3261 3158 3331 μικρά
3214 3278 3339 3314 τινα

1758 3354 2393 3429 προ[σ]παρασκευάζων
2427 3352 2783 3424 ἁμαρτάνειν,
2814 3352 2909 3405 καὶ
2938 3352 3211 3424 λαθραίως
3236 3355 3340 3408 ὑπ-

1758 3447 1965 3514 εισιὼν,
1989 3448 2067 3509 εἰς
2095 3445 2306 3515 μεγάλα
2332 3444 2558 3513 τελευτᾷ
2586 3442 2781 3507 ἐθίζων
2801 3447 3187 3514 καταφρονεῖν.
3215 3462 3340 3515 quas

1760 3538 1832 3592 ita
1861 3537 2053 3591 Latina
2086 3522 2235 3589 veste
2267 3534 2491 3588 amicire
2521 3531 2795 3586 contendi.
2831 3530 2947 3585 Ista
2983 3548 3099 3586 vero
3136 3550 3236 3586 non
3278 3543 3338 3587 ut

1760 3629 1982 3697 Eliplias
2039 3627 2299 3682 intellexit
2335 3626 2449 3693 (aut
2478 3625 2778 3682 secundum
2817 3625 2980 3680 aliam
3024 3626 3337 3691 lectionem,

1760 3720 2131 3793 intelligenlcs)
2154 3720 2497 3788 dispeximus,
2520 3734 2699 3772 verum
2720 3718 3008 3772 secundum
3037 3736 3195 3790 quam
3218 3735 3342 3789 pos-

1760 3822 1883 3867 sunt
1916 3811 2071 3866 verba
2098 3812 2151 3864 in
2191 3809 2531 3878 allcgoricum
2561 3825 2772 3881 sensum
2808 3811 3059 3875 converti,
3099 3813 3342 3881 quando-

1761 3921 1961 3976 cunque
1994 3920 2118 3957 usus
2170 3905 2435 3974 exegerit;
2467 3903 2657 3955 etenim
2709 3903 3031 3973 antiquiores
3085 3905 3167 3957 usi
3220 3914 3343 3958 sunt

1760 3996 2134 4067 speculatione,
2174 4010 2236 4047 ac
2280 3992 2771 4062 myrnicco-leonem
2818 3993 3089 4048 diabolum
3129 3994 3343 4049 intelle-

1760 4098 1987 4152 xerunt;
2009 4086 2263 4157 siquidem
2285 4096 2559 4155 postquam
2588 4085 2907 4153 disposuerit
2937 4085 3006 4138 ad
3022 4087 3343 4155 peccandum

1762 4183 1820 4233 in
1847 4180 2050 4249 exiguis
2072 4178 2407 4246 quibusdam,
2434 4176 2572 4229 clam
2598 4190 2720 4229 mox
2740 4177 3048 4231 subintrans
3072 4178 3125 4232 in
3148 4194 3345 4249 magna

1763 4272 1986 4328 devolvit
2018 4270 2371 4337 assuefaciens
2401 4267 2469 4319 ad
2497 4267 2951 4321 contemnendum.
2993 4266 3156 4322 Juxta
3206 4270 3346 4325 Pro-

1765 4362 1913 4417 verb.
1943 4376 2061 4429 cap.
2096 4375 2251 4421 xvm,
2302 4374 2355 4410 ν.
2413 4358 2467 4420 5,
2510 4356 2732 4426 Impius,
2770 4374 2885 4410 cum
2925 4358 2978 4411 in
3021 4358 3344 4428 profundum

67 4460 395 4517 mecoleone
441 4456 626 4509 Damir
668 4453 841 4507 Arabs
878 4455 946 4507 de
1000 4450 1278 4505 formicar.
1321 4450 1603 4519 speciebus
1641 4465 1653 4499 ε
1694 4456 1734 4509 D
1765 4455 1957 4510 venerit
2013 4460 2369 4519 peccatorum,
2429 4450 2736 4503 contemnit.
2796 4448 2982 4518 Itaque
3048 4449 3150 4503 ista
3211 4449 3344 4503 sub-

66 4558 213 4608 Ante
238 4550 354 4619 (ait)
398 4548 498 4609 leo,
536 4546 757 4615 formica
800 4552 961 4597 retro.
1000 4541 1125 4597 Ursi
1165 4540 1466 4595 formicarii
1511 4540 1657 4609 quod

64 4647 243 4702 edant
263 4641 519 4696 formicas
544 4637 684 4707 apud
710 4635 874 4690 Indos
894 4634 1361 4699 Occidentales,et
1387 4632 1528 4700 apud
1562 4646 1661 4683 nos

65 4741 483 4803 nuncupantur,
518 4729 760 4799 Scaliger
792 4728 844 4780 in
870 4725 1179 4780 Cardanum
1207 4723 1490 4779 exercitat.
1520 4721 1658 4786 2l6;

70 4824 282 4881 IEIian.
319 4823 409 4877 lib.
446 4837 521 4886 vi,
574 4834 695 4889 cap.
742 4819 795 4872 5.
836 4816 918 4871 Ad
966 4816 1213 4870 notitiam
1264 4813 1661 4885 myrmccoleo-

68 4932 212 4973 num
238 4918 519 4983 hucusque
542 4920 649 4966 tam
672 4924 737 4963 ex
759 4906 1133 4967 Aldrovando,
1152 4919 1315 4973 quam
1340 4919 1370 4958 e
1392 4903 1661 4959 Bocharto

68 5014 332 5076 excerpta
391 5005 493 5058 ista
554 5001 689 5055 satis
743 4998 874 5054 sint.
925 4997 1003 5050 Ex
1069 4997 1171 5049 hoc
1219 5004 1399 5049 tamen
1442 4994 1659 5057 addam,

72 5097 529 5171 Olympiodorum
564 5095 616 5147 in
640 5092 743 5146 Job
777 5088 1034 5145 arbitrari
1074 5103 1178 5142 non
1212 5101 1332 5141 esse
1361 5085 1412 5140 id
1457 5085 1661 5139 animal

72 5198 501 5264 (proptereaque
552 5185 855 5239 Bochartus
901 5182 1044 5235 inter
1097 5178 1342 5233 fabulosa
1388 5177 1663 5232 recensuit

76 5282 360 5351 animalia)
389 5281 545 5350 juxta
583 5275 891 5338 historiam,
922 5274 1015 5329 sed
1050 5287 1081 5327 e
1119 5270 1520 5339 compositione
1560 5282 1657 5320 vo-

75 5392 207 5433 cum
238 5374 444 5443 eﬂingi;
469 5382 522 5427 et
541 5369 800 5439 Eulogius
819 5362 1244 5425 Alexandrinus,
1276 5361 1370 5417 lib.
1395 5376 1445 5413 IV
1468 5360 1521 5413 in
1550 5358 1661 5411 Νο-

77 5472 279 5525 vatian.
320 5467 460 5536 apud
494 5464 744 5519 Photium
777 5462 829 5514 in
871 5458 1224 5519 Bibliotheca,
1257 5455 1530 5509 diabolum
1565 5468 1661 5508 cx-

79 5564 234 5634 punit
259 5558 564 5629 allegorice,
594 5556 686 5625 qui
718 5554 862 5623 rugit
884 5550 1180 5606 adveniens
1207 5548 1283 5602 uti
1316 5548 1423 5608 leo,
1455 5546 1660 5614 pudore

84 5654 327 5710 suffusus
357 5649 584 5705 discedit
616 5649 773 5715 quasi
810 5645 1068 5708 formica,
1094 5642 1359 5711 peritque,
1394 5641 1446 5694 in
1484 5639 1659 5691 homi-

82 5748 250 5802 nibus
271 5757 378 5799 non
417 5740 699 5796 inveniens
738 5750 945 5792 escam.
982 5733 1217 5788 Sanctus
1239 5730 1577 5800 Augustinus
1605 5744 1655 5780 tn

1766 4552 1983 4598 nectere
2032 4540 2208 4594 visum
2258 4549 2386 4591 est:
2444 4548 2498 4590 tu
2530 4547 2777 4593 catenam
2817 4538 2961 4590 illam
3002 4538 3248 4598 consule.
3295 4538 3345 4591 si

1768 4630 2137 4701 Polychronii,
2194 4628 2285 4697 qui
2340 4629 2560 4681 nomine
2614 4627 3091 4698 myrmeco-leonis
3144 4626 3341 4682 lolium

1767 4726 1945 4793 ipsum
1972 4731 2123 4792 putat
2161 4720 2414 4779 indicari,
2441 4719 2835 4788 expositionem
2872 4719 3051 4773 adhuc
3084 4720 3341 4790 requiris.

1766 4816 1836 4868 At
1866 4829 1933 4867 ne
1963 4812 2092 4881 quid
2127 4810 2311 4866 nimis.
2347 4810 2423 4864 Ad
2451 4825 2577 4879 cap.
2615 4810 2703 4875 54,
2753 4810 2910 4880 cujus
2966 4810 3183 4864 initium
3238 4820 3342 4878 est,

1767 4901 2095 4963 Πλειστάκις
2139 4899 2370 4967 δεηθείς,
2418 4900 2467 4952 id
2511 4909 2593 4953 cst
2645 4901 2836 4969 saepius
2891 4916 3082 4965 orans;
3111 4900 3347 4956 refertur

1765 4994 1996 5062 epistola
2023 4992 2151 5055 266,
2184 4991 2280 5056 liIi.
2309 5007 2364 5044 ιιι
2398 4990 2607 5053 Allatii,
2639 5006 2762 5059 quae
2799 4991 3051 5062 dirigitur
3080 4991 3342 5046 Adriano.

1766 5081 1848 5135 Ad
1878 5096 1999 5150 cap.
2042 5080 2130 5145 55,
2166 5079 2501 5139 inchoatum,
2532 5078 2848 5141 Καθεύδεις,
2882 5079 2934 5132 id
2966 5089 3071 5142 est,
3118 5080 3346 5147 dormis,

1766 5173 1995 5243 cpistola
2024 5171 2266 5237 5I7,lib.
2312 5188 2367 5224 ιιι
2412 5172 2572 5224 Allat.
2615 5172 2823 5240 absque
2858 5170 3235 5241 inscriptione.
3263 5172 3346 5225 Ad

1767 5282 1887 5335 cap.
1916 5265 2006 5327 ⁸56,
2035 5265 2181 5333 quod
2214 5264 2423 5334 incipit,
2455 5265 2530 5316 Οὐ
2584 5265 2742 5333 μόνον
2802 5268 3259 5335 γαστριμαργεῖν,
3292 5264 3344 5317 id

1767 5368 1868 5423 est,
1896 5373 1997 5411 non
2048 5357 2219 5409 solum
2253 5357 2385 5425 gula-
2413 5354 2697 5421 indulgere,
2728 5346 2887 5425 epist.
2918 5354 3006 5419 46,
3035 5356 3124 5409 lib.
3158 5369 3213 5409 ιιι
3252 5355 3346 5407 Al-

1770 5450 1863 5501 lal.
1896 5447 2103 5501 directa
2149 5445 2369 5501 Gelasio
2415 5445 2704 5497 monacho.
2744 5440 2960 5498 Possin.
2986 5442 3075 5495 26.
3104 5444 3182 5496 Ad
3220 5455 3341 5510 cap.

1768 5542 1856 5603 57,
1875 5539 1934 5589 Ὁ
1959 5538 2172 5608 ἡνίοχος
2198 5537 2343 5599 νοῦς,
2375 5536 2426 5589 id
2463 5545 2561 5593 cst.
2592 5552 2735 5588 mens
2760 5535 2965 5601 auriga,
2984 5534 3144 5601 cpisl.
3184 5532 3346 5584 Allat.

1768 5632 1893 5688 268.
1926 5632 1962 5682 I.
1993 5645 2074 5703 ut.
2116 5630 2191 5681 Ad
2224 5644 2341 5697 cap.
2392 5628 2477 5685 58,
2514 5628 2625 5677 Οὐκ
2666 5626 2810 5676 ἔστιν
2857 5624 3121 5692 ἁμαρτία,
3156 5623 3204 5675 id
3242 5634 3345 5683 est,

1770 5740 1871 5776 non
1919 5733 1992 5777 est
2039 5735 2333 5790 peccatum,
2374 5722 2533 5789 rfptsl.
2566 5720 2655 5783 99,
2704 5718 2739 5769 ι.
2778 5732 2812 5769 ιι
2862 5716 3025 5768 Allat.
3066 5712 3348 5769 Chalitoni
