3852 6052
108 267 311 336 1361

1386 274 1485 336 DE
1512 274 1893 341 OPERIBUS
1924 280 1986 341 S.
2034 279 2220 342 NILI.
2252 348 2255 351 ,

3278 287 3423 355 ἶ362

104 400 263 442 sar
298 385 552 449 Becillus,
578 383 812 442 Oratorii
843 387 1067 451 sodalis,
1094 386 1304 443 amicus
1333 404 1511 456 meus,
1533 399 1588 445 et
1609 405 1739 445 eru-
1768 396 1811 454 Α
1842 390 2027 460 lupum
2052 407 2148 461 pro
2181 400 2400 470 pastore
2432 392 2759 462 suscipiens,
2781 400 2837 449 et
2864 393 3139 453 daemonas
3163 397 3421 458 inimicos

102 474 339 540 ditus,
382 477 433 530 in
466 476 625 531 Notis
654 476 724 531 ad
765 476 937 532 Vitam
969 480 1141 532 sancti
1165 479 1284 533 Caii
1312 496 1489 549 papar.

233 567 424 622 Mirari
466 568 651 632 subit,
704 585 802 623 cur
841 584 905 624 ex
960 571 1187 639 epistola
1228 571 1295 625 ad
1332 569 1738 638 Telemachum,

102 670 292 725 qum
325 673 431 712 una
466 668 582 721 est,
635 671 1060 729 numeraturque
1093 660 1197 715 159
1224 661 1366 729 apud
1414 660 1735 728 Possinum,

102 750 400 804 Allatius
428 758 537 803 tres
568 758 792 817 statuat,
835 766 1028 820 nempe
1054 751 1188 816 235,
1219 750 1348 816 236,
1380 751 1505 817 237,
1530 752 1624 806 lib.
1656 769 1734 821 ιιι,

100 852 225 893 ex
267 855 371 894 una
420 839 739 895 Possiniana
786 841 855 895 ad
901 839 1179 897 lulianum
1224 842 1551 897 monachum
1592 843 1732 910 261,

105 929 304 984 duas
354 930 655 986 Allatianas
705 934 1073 1002 comperimus
1118 934 1213 988 lib.
1272 948 1356 1000 ιιι,
1404 933 1530 998 229,
1588 934 1734 1002 230,

108 1032 313 1076 certe
348 1020 446 1076 23l
478 1022 662 1077 Allatii
692 1031 777 1078 est
806 1023 1013 1095 integra
1044 1024 1151 1079 262
1180 1023 1431 1089 Possini;
1464 1025 1607 1081 sicut
1627 1026 1735 1081 232

112 1113 328 1167 Allat.
376 1122 462 1168 est
502 1127 663 1182 pura,
702 1122 831 1183 puta
875 1099 1198 1169 Possiuiana
1238 1113 1363 1169 263.
1393 1113 1593 1170 Verum
1628 1116 1735 1171 264

112 1201 382 1260 Possini
434 1204 487 1261 in
522 1206 661 1261 duas
696 1205 879 1261 Allatii
913 1206 1020 1260 255
1040 1215 1094 1261 et
1120 1206 1227 1261 251
1249 1206 1421 1262 divisa
1446 1215 1530 1262 est
1551 1216 1605 1262 et
1627 1206 1735 1263 235

112 1294 349 1350 Allatii
383 1296 563 1365 explet
601 1297 702 1352 165
747 1298 999 1353 Possini?
1052 1295 1162 1353 Cur
1198 1313 1283 1360 ea,
1319 1313 1441 1368 qua:
1473 1297 1551 1353 De
1580 1297 1731 1354 Naas

115 1380 190 1432 Α
207 1383 470 1435 mmonita
500 1380 764 1437 lsraelitis
791 1385 1140 1438 comminaute
1164 1401 1219 1438 se
1234 1386 1465 1454 ipsorum
1486 1386 1732 1440 dextrum

120 1474 374 1526 oculum
402 1475 737 1551 e/qusurum,
765 1490 886 1545 cap.
923 1476 991 1530 15
1018 1474 1304 1530 Tractalus
1330 1476 1398 1533 de
1429 1479 1730 1534 monastica

121 1561 556 1617 exercitatione
595 1563 802 1627 retulit,
836 1563 889 1617 in
934 1562 1091 1632 epist.
1132 1563 1257 1629 198,
1295 1565 1387 1619 lib.
1418 1582 1481 1630 ιι,
1520 1568 1585 1620 ad
1620 1566 1731 1620 Nu-

123 1653 405 1708 menium
434 1651 589 1709 Nilus
612 1654 806 1722 repetit
827 1655 968 1723 apud
990 1652 1268 1720 Allatium,
1293 1664 1348 1709 et
1375 1656 1517 1725 apud
1545 1656 1728 1714 Possi-

126 1760 292 1800 num
327 1745 479 1801 304?
508 1744 648 1811 Quin
679 1745 784 1799 alia
814 1746 967 1814 plura
1005 1762 1071 1800 ex
1099 1746 1379 1816 opusculis
1409 1746 1513 1802 Nili
1550 1757 1730 1805 trans-

126 1832 281 1889 fusa
327 1834 383 1889 in
432 1835 705 1905 Epistolas
745 1835 1112 1903 invenientur;
1159 1847 1254 1893 aut
1304 1839 1421 1894 vice
1458 1855 1614 1896 versa
1663 1856 1730 1895 ex

129 1925 423 1993 Epistolis
454 1925 673 1981 redacta
705 1926 757 1980 in
793 1927 1052 1996 capitula,
1073 1936 1125 1981 et
1146 1930 1464 1986 tractatibus
1487 1932 1733 1987 inserta?

132 2014 364 2070 Harum
395 2016 747 2082 divisionum,
776 2026 830 2072 et
853 2019 1256 2087 repetitionum,
1292 2031 1455 2090 atque
1480 2023 1731 2077 ταυτολο-

133 2107 289 2177 γίας
319 2123 515 2164 causas
552 2108 739 2163 rimari
770 2110 964 2179 poterit
992 2126 1181 2181 aaquus
1211 2111 1402 2167 lector.

228 2197 393 2268 635
418 2196 636 2252 Interim
666 2199 958 2254 Anastasio
986 2200 1242 2271 episcopo
1270 2202 1476 2258 directa
1502 2205 1731 2274 epistola

135 2286 226 2342 de
266 2295 457 2341 sancto
504 2285 714 2341 Joanne
762 2287 1188 2359 Chrysostomo,
1236 2290 1380 2346 edita
1429 2292 1620 2348 Latine
1675 2295 1729 2349 in

138 2377 492 2431 Bibliotheca
524 2376 749 2431 Patrum
782 2376 1039 2445 Colonia},
1076 2388 1130 2435 et
1162 2382 1304 2451 apud
1334 2382 1551 2449 Zinum,
1584 2400 1613 2439 a
1644 2401 1729 2440 me

136 2466 263 2521 fuit
284 2466 671 2537 praetermissa,
701 2466 829 2537 quia
858 2476 1038 2523 exstat
1064 2468 1250 2525 Graece
1276 2481 1330 2525 et
1352 2471 1542 2527 Latine
1565 2490 1730 2541 penes

137 2556 439 2623 Allatium,
471 2558 569 2612 lib.
618 2575 715 2623 ιιι,
749 2560 908 2629 epist.
953 2559 1079 2628 294,
1125 2570 1180 2615 et
1221 2562 1360 2631 apud
1404 2563 1727 2632 Possinnm,

138 2648 320 2717 epist.
344 2648 477 2713 254,
517 2650 610 2719 qui
651 2652 1026 2721 presbyterum
1066 2661 1275 2707 tantum
1304 2655 1551 2709 nominat
1581 2658 1731 2711 Ana-

141 2739 388 2793 stasium
422 2740 610 2805 illum;
650 2741 936 2809 epistolam
967 2742 1131 2796 etiam
1168 2759 1276 2798 non
1322 2746 1729 2814 exprimendam

144 2832 303 2901 typis
330 2832 534 2898 curavi,
561 2832 706 2903 Πρὸς
732 2833 1030 2903 νεωτέρους
1052 2834 1340 2906 μοναχούς,
1381 2837 1447 2893 ad
1483 2837 1731 2907 juniores

146 2922 483 2985 monachos,
524 2921 640 2977 sive
676 2922 742 2976 ad
780 2922 1055 2991 juniorem
1105 2926 1432 2981 monachum
1458 2966 1473 2992 ,
1508 2928 1577 2982 de
1620 2944 1730 2999 qua

148 3010 412 3102 superius
458 3011 578 3080 egi;
628 3027 723 3066 seu
771 3012 1195 3083 institutionem,
1241 3031 1305 3071 ac
1357 3017 1727 3085 διδασκαλίαν,
1756 3044 1800 3102 c

148 3101 291 3170 quia
319 3101 525 3165 Graece,
551 3103 692 3158 sicut
715 3113 769 3157 et
796 3103 987 3158 Latine
1013 3105 1115 3159 fuit
1155 3120 1357 3162 excusa
1392 3122 1556 3176 penes
1584 3109 1733 3163 Alla-

151 3192 321 3254 tium,
351 3192 446 3247 lib.
474 3208 556 3255 ιιι,
594 3193 823 3262 epistola
866 3195 1005 3261 303;
1050 3204 1108 3250 at
1158 3195 1349 3253 Latine
1386 3198 1629 3255 Colonia:
1675 3200 1729 3255 in

157 3284 530 3353 suprascripta
578 3283 905 3338 Bibliotheca
933 3283 1163 3339 Patrum
1196 3295 1345 3343 tomo
1390 3288 1455 3356 ν,
1482 3300 1623 3359 part.
1668 3307 1729 3357 ιι,

156 3388 287 3443 pag.
332 3372 476 3439 972;
519 3373 650 3442 quin
688 3381 744 3427 et
785 3373 927 3442 apud
962 3373 1157 3429 Zinum
1188 3375 1426 3433 Venetiis
1470 3379 1631 3443 1574,
1674 3380 1731 3435 in

156 3462 493 3518 Collectione
522 3459 759 3532 Operum
789 3461 918 3525 Nili,
967 3463 1062 3518 lib.
1114 3479 1188 3526 tv,
1218 3462 1398 3519 Allatii
1444 3466 1507 3519 61
1547 3466 1733 3540 Olym-

154 3555 392 3625 piodoro
435 3554 695 3623 eparcho,
740 3561 795 3608 et
840 3553 910 3608 62
959 3554 1249 3611 Heliodoro
1275 3557 1592 3612 Silentiario
1643 3560 1728 3614 di—

151 3653 323 3701 rectae
352 3645 406 3700 in
437 3646 676 3701 secunda
717 3644 932 3700 Nicaena
963 3646 1192 3717 synodo,
1228 3647 1438 3702 actione
1474 3649 1543 3712 4,
1592 3665 1731 3718 quas

150 3736 528 3793 indicaveram
562 3735 786 3805 praefato
809 3736 1025 3800 Allatio,
1056 3752 1179 3791 cum
1231 3738 1363 3792 mihi
1396 3738 1563 3794 libros
1609 3740 1733 3811 Epi-

150 3827 447 3890 stolarum,
469 3840 608 3895 quos
641 3827 791 3895 prelo
816 3827 1183 3892 commiserat,
1214 3834 1563 3895 ostentasset,
1589 3829 1733 3899 jam-

150 3930 272 3986 que
326 3916 393 3969 ad
430 3916 635 3970 calcem
676 3914 1004 3984 perduxerat
1048 3931 1063 3968 :
1109 3915 1255 3970 unde
1296 3925 1574 3985 postremo
1613 3918 1760 3974 loco~

151 4010 285 4066 illas
320 4009 522 4078 posuit,
556 4022 654 4078 nec
677 4014 857 4061 tamen
892 4007 1064 4061 ullum
1094 4007 1226 4061 mihi
1262 4008 1522 4076 persolvit
1556 4009 1731 4080 μήνυ-

152 4118 317 4170 τροι.
367 4099 423 4153 In
473 4098 805 4159 Bibliotheca
846 4098 1061 4153 tandem
1099 4095 1323 4152 Patrum
1369 4097 1611 4154 Coloniae
1661 4100 1735 4164 ie-

156 4191 309 4262 gitur
347 4189 707 4258 fragmentum
751 4186 882 4250 Nili,
921 4187 990 4241 de
1038 4187 1203 4242 nimis
1249 4187 1503 4243 diuturna
1545 4189 1733 4259 praefe-

156 4289 335 4335 ctura.
368 4279 447 4333 En
482 4278 614 4334 illud
646 4296 660 4333 :
695 4296 714 4330 ι
744 4276 989 4332 Tradunt
1024 4293 1207 4331 rerum
1258 4279 1590 4333 naturalium
1635 4280 1732 4335 ob-

1844 482 2128 537 adorans?
2157 481 2308 538 Vana
2354 484 2527 554 gloria
2570 493 2656 540 est
2702 487 2899 543 mentis
2933 489 3135 545 erroris
3176 491 3410 555 initium,

1842 585 1948 640 qua
1980 587 2134 627 mens
2163 572 2406 637 incitata,
2444 574 2499 628 id
2527 576 2671 645 quod
2700 575 2944 631 divinum
2976 588 3078 645 est,
3113 579 3307 637 formis
3357 591 3415 638 et

1841 661 2030 731 ﬁguris
2056 661 2509 717 circumscribere
2536 672 2787 719 conatur.
2816 664 2898 718 Tu
2917 674 3112 725 ,autem
3160 685 3229 724 ne
3270 670 3413 727 hanc

1838 751 2057 819 quidem
2087 750 2332 806 fraudem
2367 755 2618 824 ignorare
2648 763 2897 825 oportet,
2952 760 3098 827 quod
3137 760 3421 817 dazmones-
3468 792 3469 799 ι

1839 843 2051 912 seipsos
2097 846 2151 897 in
2180 855 2422 914 tempore
2453 846 2804 916 impertiunt,
2846 855 2901 900 et
2949 848 2997 901 si
3042 850 3191 905 visus
3240 849 3410 907 fueris
3442 876 3474 923 τ-

1836 932 2100 987 auxilium
2130 942 2335 1003 petere,
2366 944 2495 990 sunt
2537 935 2794 1005 deinceps
2830 936 2882 990 iu
2924 937 3113 1007 ﬁguris
3146 939 3410 1009 angelicis

1834 1020 2042 1077 innoxii
2085 1026 2291 1093 primos
2327 1026 2679 1096 expellentes,
2709 1035 2768 1080 ut
2809 1027 2879 1082 ab
2909 1027 3041 1097 ipsis
3078 1031 3366 1101 decipiaris
3388 1071 3411 1100 ,

1834 1120 2097 1182 tauquam
2148 1114 2253 1185 ipsi
2311 1116 2424 1171 sint
2468 1118 2645 1173 sancti
2695 1118 2908 1188 angeli,
2950 1120 3227 1178 daemones
3271 1137 3411 1177 non-

1833 1218 2113 1274 nunquam
2149 1205 2504 1276 cogitationes
2541 1219 2879 1281 suggerunt,
2930 1220 2987 1265 et
3014 1218 3068 1265 te
3099 1226 3291 1267 rursus
3320 1213 3413 1267 in-

1831 1294 2002 1348 citant
2031 1294 2098 1349 ad
2142 1294 2222 1351 eis
2258 1298 2399 1353 male
2434 1301 2765 1368 precandum
2791 1300 2872 1355 vel
2910 1300 2993 1356 eis
3029 1301 3411 1357 contradicen-

1831 1382 2072 1445 dum,'et
2092 1398 2191 1439 sua
2223 1395 2414 1455 sponte
2443 1387 2661 1454 cedunt,
2711 1397 2772 1444 ut
2793 1387 2999 1446 fallaris
3019 1390 3415 1447 existimansle

1831 1474 2064 1543 cmpisse
2101 1476 2460 1546 cogitationes
2500 1479 2744 1547 vincere,
2772 1495 2836 1537 ac
2879 1490 3082 1537 terrere
3108 1482 3404 1537 daemonas.

1829 1559 1947 1615 Non
1969 1572 2180 1632 oportet
2199 1566 2506 1623 sacerdotes
2519 1567 2690 1637 juste,
2712 1569 2792 1623 vel
2823 1569 3024 1639 injuste
3036 1569 3305 1639 judicare,
3320 1570 3408 1625 vel

1829 1668 1925 1709 eos
1940 1655 2279 1722 examinare,
2298 1658 2389 1712 sed
2403 1667 2457 1713 et
2478 1658 2523 1714 si
2542 1659 2664 1729 quis
2687 1659 2740 1714 in
2767 1659 2847 1715 eis
2870 1660 3092 1727 labitur,
3123 1674 3155 1714 a
3177 1660 3288 1714 Deo
3314 1659 3408 1730 ju-

1830 1746 2124 1813 dicabitur,
2146 1756 2200 1803 et
2222 1761 2479 1819 arguetur
2494 1750 2549 1805 in
2568 1751 2692 1818 hoc,
2733 1759 2789 1821 et
2805 1752 2859 1806 in
2877 1750 3064 1807 futuro
3084 1752 3304 1816 saeculo,
3319 1751 3406 1806 vel

1831 1852 1877 1893 a.
1893 1838 2088 1908 majori
2118 1841 2416 1896 sacerdote.
2440 1839 2706 1898 Sacerdos
2732 1856 2843 1897 non
2863 1851 2964 1908 est,
2994 1842 3088 1911 qui
3106 1855 3204 1912 pro
3224 1856 3407 1897 sacer-

1829 1929 1963 1984 dotii
1990 1929 2250 1997 dignitate
2271 1929 2379 1986 neu
2412 1932 2577 1988 vivit:
2598 1948 2704 1989 non
2728 1941 2939 2004 oportet
2962 1932 3158 1987 offendi
3185 1918 3406 2002 propter

1831 2034 2010 2083 sacra,
2036 2036 2160 2090 quae
2195 2012 2540 2079 celebrantur
2568 2023 2638 2078 ah
2670 2023 2919 2093 improbo
2958 2022 3277 2085 sacerdote;
3307 2034 3403 2075 ea-

1830 2111 1954 2167 dem
1991 2120 2172 2166 autem
2207 2120 2290 2167 est
2313 2113 2540 2178 oblatio,
2573 2112 2676 2168 etsi
2715 2112 2914 2169 habeat
2938 2112 3106 2167 vitam
3132 2111 3409 2181 impuram

1828 2201 1878 2257 is
1910 2203 2004 2271 qui
2046 2202 2226 2258 oti‘ert.
2257 2203 2424 2274 636
2456 2203 2727 2258 Audiendi
2769 2210 2899 2259 sunt
2948 2201 3297 2262 sacerdotes,
3349 2208 3406 2254 et

1830 2293 2101 2357 doctores,
2130 2292 2260 2347 dum
2300 2294 2517 2360 docent,
2536 2309 2602 2348 ex
2625 2292 2823 2348 divinis
2850 2291 3059 2348 scilicet
3081 2289 3403 2359 Scripturis,

1833 2388 1893 2434 ut
1926 2379 2037 2436 Deo
2064 2380 2265 2450 placet,
2316 2388 2371 2436 et
2410 2396 2520 2435 non
2566 2381 2867 2436 secundum
2898 2379 3151 2450 proprias
3187 2378 3403 2449 cupidi-

1833 2480 1987 2537 tates,
2022 2472 2101 2526 uti
2125 2472 2392 2541 scriptum
2424 2481 2541 2537 est;
2576 2482 2631 2527 et
2651 2486 2761 2525 non
2784 2471 3036 2541 judicare
3081 2471 3254 2541 ipsos,
3296 2468 3402 2525 etsi

1831 2563 2029 2617 malam
2060 2564 2228 2618 vitam
2263 2563 2499 2618 habeant
2526 2581 2540 2618 :
2570 2570 2626 2618 et
2651 2563 2709 2616 in
2745 2562 2851 2617 ﬁde
2881 2561 3172 2633 siquidem
3204 2560 3401 2615 laban-

1831 2659 1944 2714 tur,
1971 2659 2103 2706 tunc
2124 2666 2235 2706 non
2262 2658 2479 2721 oportet
2501 2650 2743 2718 credere,
2761 2649 2855 2706 sed
2877 2665 2972 2705 eos
2994 2649 3159 2705 etiam
3187 2648 3405 2718 fugere,

1833 2756 1897 2794 ac
1924 2740 2197 2809 judicare.
2233 2741 2376 2796 Deus
2401 2742 2621 2812 quidem
2649 2756 2758 2795 non
2797 2754 2988 2795 omnes
3014 2739 3265 2800 ordinat.
3304 2737 3403 2795 sed

1830 2847 1928 2902 per
1962 2847 2155 2888 omnes
2206 2844 2501 2903 operatur,
2562 2841 2623 2889 ut
2675 2832 2915 2889 salvetur
2960 2831 3214 2903 p0pulus.
3260 2829 3402 2884 Dum

1832 2933 2159 2979 assuescunt
2188 2926 2503 2981 sacerdotes
2533 2933 2906 2989 contemnere,
2957 2923 3129 2978 Deum
3179 2932 3404 2991 quoque

1832 3015 2236 3082 contemniunt,
2270 3025 2326 3071 et
2372 3016 2835 3086 quemadmodum
2882 3015 2941 3070 in
2982 3012 3229 3086 periculo
3272 3025 3401 3066 ver-

1833 3118 2005 3171 satur,
2037 3106 2124 3162 cui
2170 3106 2469 3161 secundum
2502 3107 2766 3161 mundum
2815 3120 2918 3162 nec
2960 3092 3281 3169 exercitus,
3301 3114 3404 3158 nec

1831 3198 2067 3269 dignitas
2097 3197 2246 3268 regia
2276 3199 2573 3254 commissa
2608 3208 2712 3262 est,
2745 3198 2792 3253 si
2825 3213 2888 3254 ea
2924 3206 3050 3269 agat
3074 3210 3199 3267 qua:
3219 3194 3287 3249 ad
3310 3207 3402 3250 re-

1830 3288 1976 3358 giam
2023 3288 2343 3357 dignitatem
2393 3289 2701 3359 pertinent;
2752 3288 2826 3342 ita
2865 3298 2919 3343 et
2962 3288 3078 3357 qui,
3106 3301 3229 3356 qua:
3272 3293 3404 3340 sunt

1830 3392 2058 3432 munera
2088 3377 2383 3431 sacerdotii
2428 3376 2760 3447 aggreditur,
2811 3376 3024 3431 etiamsi
3056 3376 3305 3432 videatur
3332 3374 3404 3430 iis

1829 3467 1990 3537 longe
2024 3468 2382 3537 sapientior.»
2408 3467 2485 3521 Ita
2514 3465 2766 3537 Pelagius
2794 3465 2860 3520 ad
2885 3481 3086 3524 annum
3121 3481 3152 3520 a
3181 3464 3407 3521 Christo

1830 3566 1960 3609 nato
1998 3554 2104 3610 555
2154 3554 2539 3624 interpretatus
2581 3563 2669 3609 est
2698 3552 2945 3609 Grazcum
2990 3562 3271 3608 auctorem
3312 3551 3403 3605 in-

1830 3653 2064 3710 certum,
2100 3658 2263 3714 quem
2282 3642 2513 3698 inseruit
2544 3641 2880 3713 Rosweydus
2901 3642 3041 3697 libro
3067 3641 3261 3712 quinto
3292 3638 3398 3693 Vit.

1833 3733 2078 3788 Patrum.
2111 3732 2159 3787 ls
2198 3733 2376 3787 libello
2408 3732 2465 3796 2,
2501 3731 2529 3803 ᾗ
2567 3732 2655 3797 11,
2686 3731 2803 3786 hare
2828 3731 2924 3786 ait.
2962 3750 2983 3782 ι
3029 3730 3176 3784 Dixit
3230 3728 3407 3784 abbas

1828 3820 1984 3876 Nilus
2013 3839 2029 3877 :
2067 3820 2493 3891 Imperfurabilis
2522 3828 2701 3875 manet
2740 3836 2774 3874 a
2807 3819 3020 3890 sagittis
3051 3818 3283 3883 inimici,
3308 3816 3409 3886 qui

1830 3922 1978 3968 amat
2008 3914 2232 3983 quietem
2258 3929 2275 3979 ;
2309 3913 2399 3983 qui
2426 3921 2602 3965 autem
2625 3912 2874 3966 miscetur
2903 3908 3257 3979 multitudini,
3286 3922 3403 3960 cre-

1834 4006 1931 4060 bra
1966 4007 2185 4075 suscipit
2216 4007 2456 4062 vulnera.
2496 4024 2515 4059 ι
2553 4004 2686 4072 Quae
2720 4005 2894 4060 sancti
2939 4001 3045 4057 Nili
3098 4001 3401 4071 fragmenta

1833 4099 1955 4153 istis
1987 4112 2176 4167 sparsa
2207 4097 2262 4151 in
2294 4096 2599 4166 opusculis,
2629 4109 2889 4165 expressa
2917 4102 3098 4147 tamen
3125 4092 3250 4147 aliis
3280 4105 3403 4145 ver-

1832 4191 1937 4256 bis,
1956 4200 2011 4246 et
2034 4190 2116 4245 vel
2137 4189 2368 4245 forsitan
2388 4204 2455 4245 ex
2484 4188 2627 4252 aliis,
2655 4200 2777 4256 qum
2803 4193 2897 4239 aut
2927 4192 3233 4251 temporum
3260 4181 3405 4251 inju-

1835 4282 1917 4335 ria
1949 4280 2363 4343 interciderunt,
2390 4278 2507 4333 sive
2536 4276 2759 4330 latitant
2785 4273 2997 4337 adhuc,
3024 4272 3405 4338 luctanturque

158 4380 470 4428 servatores
491 4385 680 4441 gruem
707 4370 927 4440 triginta
947 4369 1062 4423 dies
1082 4370 1262 4422 avium
1289 4384 1481 4439 agmen
1507 4370 1725 4435 ducere,
1757 4370 1808 4429 D
1833 4387 1957 4428 cum
1988 4371 2181 4435 tineis,
2216 4378 2271 4425 et
2297 4368 2512 4427 blattis;
2543 4374 2599 4421 et
2619 4369 2904 4434 emergent
2939 4358 3234 4429 aliquando
3278 4367 3403 4413 tan-

160 4461 358 4517 deinde
400 4460 556 4514 alteri
589 4459 711 4529 grui
755 4474 954 4513 munus
995 4458 1136 4511 idem
1168 4458 1381 4512 tradere
1411 4475 1426 4511 :
1461 4459 1554 4529 qui
1588 4476 1735 4517 nunc

160 4550 309 4621 gregi
338 4561 432 4604 tuo
462 4556 658 4619 prmest
686 4548 1029 4610 ambitiosus,
1051 4549 1458 4618 imperandique
1479 4550 1735 4618 cupidus,

160 4648 226 4693 ut
257 4640 435 4703 audio,
460 4639 676 4708 expleto
697 4638 765 4693 de
798 4651 953 4691 more
980 4635 1093 4706 jam
1132 4651 1277 4691 anno
1308 4638 1592 4692 ministerii
1619 4639 1730 4702 sui,

161 4747 271 4785 non
302 4730 587 4799 permittit,
629 4739 687 4783 ut
714 4729 856 4783 alius
894 4718 1114 4798 regendi
1160 4744 1382 4792 munus,
1435 4744 1734 4797 curamque

165 4821 447 4890 suscipiat.
497 4821 564 4874 Et
603 4818 734 4889 quid
770 4818 1016 4872 dicemus
1054 4817 1121 4871 ad
1167 4818 1313 4872 hoc?
1365 4837 1382 4869 ι
1444 4817 1637 4873 Exstat
1681 4828 1737 4874 et

167 4913 306 4982 apud
364 4911 597 4975 Zinum,
649 4927 773 4981 pag.
815 4909 951 4974 £40;
1000 4909 1092 4963 sed
1141 4908 1246 4963 hoc
1277 4908 1638 4978 fragmentum
1669 4911 1737 4964 de

167 5002 502 5073 praefectura:
518 5003 753 5067 vicibus,
776 5017 873 5058 seu
893 5000 1252 5055 canonarchae
1275 5016 1500 5056 munere
1529 5017 1734 5065 annuo,

168 5095 393 5164 epistola
427 5104 511 5151 est
550 5093 764 5150 Possini
798 5093 865 5147 ad
903 5091 1276 5162 Aphthonium
1312 5091 1603 5146 diaconum
1631 5093 1738 5148 355
1772 5148 1775 5149 ν

169 5196 222 5241 et
247 5187 348 5240 241
384 5187 481 5242 lib.
513 5202 573 5241 ιιι
602 5186 808 5251 Allatii,
847 5185 940 5255 qui
990 5199 1115 5240 cum
1164 5184 1538 5255 inscripsisset
1583 5184 1735 5240 illam

172 5278 480 5346 Aphthonio
508 5277 918 5348 καθηγουμένῳ,
980 5293 1076 5333 seu
1129 5277 1334 5342 abbati,
1387 5278 1528 5332 male
1565 5278 1729 5333 vertit

173 5371 617 5424 catechumenum
666 5369 905 5424 Latine:
938 5370 1081 5425 sicut
1126 5370 1415 5439 utrobique
1468 5368 1740 5439 fragmen-

176 5467 282 5512 tum
312 5473 344 5512 e
385 5461 626 5528 quodam
676 5467 909 5515 tractatu
953 5460 1275 5529 parmnetico
1320 5458 1431 5528 (uti
1475 5468 1559 5515 est
1592 5459 1737 5514 veri-

176 5547 384 5615 simile)
444 5548 594 5603 hisce
653 5547 835 5602 verbis
881 5566 952 5603 ιι
1004 5547 1262 5618 Nunquid
1319 5548 1595 5619 Angelos,
1652 5549 1735 5603 vel

178 5636 492 5701 Potestates.
526 5637 608 5695 vel
628 5638 917 5715 Christum
968 5638 1299 5695 sensibiliter
1334 5639 1518 5696 videre
1558 5648 1731 5710 potes,

1835 4476 1999 4531 quam
2028 4476 2058 4515 e
2091 4458 2374 4529 naufragio
2420 4456 2644 4524 reliqua:
2672 4453 2872 4507 tabulis
2918 4450 3061 4505 bono
3097 4462 3224 4502 cum
3267 4445 3401 4508 Deo,

1835 4553 1882 4606 si
1915 4551 2040 4621 quis
2066 4549 2302 4604 scrutari
2335 4546 2482 4611 velit,
2536 4558 2602 4600 ac
2631 4541 2995 4611 investigare,
3042 4552 3149 4592 non
3188 4535 3404 4604 ambigo

1834 4643 1967 4713 quin
2037 4640 2371 4710 comperiat,
2421 4645 2519 4692 aut
2584 4634 2777 4690 saltem
2821 4645 3068 4687 sensum.
3129 4627 3188 4682 lu
3228 4626 3407 4695 capite

1835 4733 2086 4802 profecto
2120 4732 2189 4787 33
2213 4771 2229 4797 ,
2279 4730 2346 4784 ad
2380 4725 2690 4795 Eulogium,
2724 4723 2793 4778 de
2825 4720 3110 4776 fraudibus
3143 4717 3405 4771 insidian-

1836 4824 1970 4878 tium
2011 4822 2239 4878 subdole
2280 4820 2624 4888 maligneque
2679 4817 2986 4869 daemonum
3018 4811 3200 4878 aliqua
3230 4807 3406 4879 persi-

1836 4916 1982 4971 milia
2009 4922 2319 4970 occurrent.
2338 4909 2625 4964 Balthazar
2640 4903 2935 4960 Corderius
2958 4901 3235 4959 societatis
3251 4898 3402 4961 Jesu,

1835 5017 2084 5063 catenam
2144 5004 2217 5059 65
2281 5002 2507 5055 Patrum
2559 4998 2871 5054 Graecorum
2920 4994 2977 5048 in
3052 4991 3404 5061 Evangelium

1836 5094 2011 5152 sancti
2038 5093 2199 5148 Lucas
2224 5096 2561 5153 contextam,
2598 5093 2654 5140 et
2689 5084 2957 5139 latinitate
2983 5081 3242 5137 donatam
3271 5077 3407 5133 emi-

1835 5187 1910 5243 sit
1945 5186 2001 5240 in
2033 5184 2209 5238 lucem
2240 5199 2255 5236 :
2289 5180 2391 5235 hos
2420 5178 2563 5233 inter
2582 5174 2688 5231 Nili
2719 5183 2850 5230 sunt
2873 5172 3178 5242 fragmenta
3199 5183 3319 5237 cap.
3346 5165 3404 5230 4,

1837 5295 1991 5334 num.
2036 5277 2143 5340 25,
2197 5275 2270 5329 De
2300 5271 2478 5327 Achab
2524 5279 2574 5325 et
2616 5268 2835 5332 Elissa,
2871 5279 2996 5336 pag.
3028 5261 3157 5326 152;
3187 5273 3309 5327 cap.
3348 5257 3406 5320 5,

1840 5384 1993 5423 num.
2030 5366 2097 5422 18
2127 5366 2204 5420 De
2226 5381 2364 5419 vana
2386 5362 2576 5434 gloria,
2607 5371 2657 5414 et
2682 5359 2857 5429 lepra,
2879 5371 3001 5426 pag.
3032 5350 3165 5416 I60;
3195 5363 3317 5418 cap.
3349 5347 3405 5414 7,

1840 5474 1989 5512 num.
2042 5456 2130 5521 10,
2180 5456 2255 5509 De
2292 5469 2410 5510 uoce
2460 5452 2512 5505 in
2559 5451 2764 5513 Rama,
2834 5441 3151 5514 deque/ilio
3194 5440 3401 5501 vidum,

1839 5563 1961 5617 pag.
2014 5547 2149 5613 209;
2184 5562 2305 5616 cap.
2351 5546 2414 5607 9,
2461 5557 2613 5597 num.
2651 5539 2751 5601 56,
2795 5535 2873 5590 De
2904 5537 2955 5588 vi
2989 5531 3405 5593 consuetudinis,

1841 5641 2002 5693 deaue
2028 5634 2265 5709 ingressu
2296 5635 2493 5705 templi,
2518 5644 2567 5688 et
2590 5646 2852 5702 regressu,
2872 5642 2994 5699 pag.
3013 5623 3149 5691 256;
3174 5638 3293 5692 cap.
3320 5622 3406 5685 18.
