3852 6052
489 352 625 417 1363

1402 350 1548 411 JOS.
1590 348 1854 439 MARI/E
1878 342 2247 414 :SUARESII
2287 345 2791 407 DISSER'I‘ATIO

3638 348 3763 413 1364

483 470 576 534 18,
612 480 803 521 rursus
833 464 904 519 De
936 481 1071 519 vana
1097 464 1287 534 gloria,
1328 480 1449 533 pag.
1483 465 1621 531 4'59;
1660 463 1733 519 De
1764 464 2058 527 Bethania,
2093 468 2137 524 Α
2167 460 2351 516 vitatis
2410 476 2516 514 non
2573 460 2712 514 adeo
2765 469 3046 526 accurata,
3099 468 3152 515 et
3201 461 3365 515 anxia
3396 500 3411 525 ,
3468 461 3765 533 verbisque

485 568 608 629 cap.
659 558 760 621 19,
798 572 952 611 num.
992 555 1097 621 48,
1146 571 1267 625 pag.
1299 555 1436 620 492;
1488 556 1724 624 denique
1766 554 1844 608 De
1883 569 2063 607 resur-

486 652 739 714 rectione,
777 666 895 720 cap.
924 650 1015 714 20,
1051 665 1206 703 ιιιιιιι.
1242 648 1347 709 22,
1382 664 1502 719 pag.
1535 647 1661 702 509.
1710 647 1928 702 Nicetes
1956 645 2062 702 He-

486 741 683 795 raclea:
707 739 1079 806 metropolites
1101 738 1153 791 in
1176 736 1373 791 Jubum
1403 744 1653 789 catenam
1678 734 1871 796 texuit,
1899 748 2064 802 quam

485 828 687 886 Junius
733 830 1005 885 Patricius
1040 844 1071 884 e
1115 827 1445 883 bibliotheca
1490 825 1780 880 Bodleiana
1832 822 2065 877 Londini

484 923 716 994 pratulit
742 924 881 993 typis
910 936 1054 976 anno
1088 920 1247 974 1657.
1277 918 1359 974 An
1394 918 1485 972 ille
1518 916 1710 980 David,
1740 914 1833 985 qui
1871 915 1937 968 ad
1969 928 2068 965 an-

488 1028 621 1067 num
661 1012 766 1067 858
799 1011 1023 1067 ﬂoruit?
1063 1009 1495 1078 Manuscriptum
1550 1006 1796 1061 codicem
1853 1003 2069 1058 Thecla:

488 1104 721 1160 illustris
758 1104 972 1159 femina:
1006 1100 1276 1172 Egyptia‘.
1318 1110 1373 1157 et
1400 1099 1622 1164 nobilis,
1652 1099 1798 1153 circa
1826 1108 2067 1165 tempora

488 1194 696 1251 Nicasni
725 1195 963 1260 concilii,
993 1194 1072 1248 uti
1110 1193 1353 1261 iactabat
1383 1188 1929 1263 pseudo-patriarcha
1960 1187 2068 1259 Cy-

489 1286 651 1341 rillus
678 1282 1304 1353 Constantinopolitanae
1331 1282 1598 1337 incubans
1632 1280 1771 1346 sedi,
1811 1277 2067 1340 viventis,

492 1392 677 1435 secum
717 1376 808 1429 ille
834 1376 1165 1430 Alexandria
1198 1376 1511 1438 devexerat,
1545 1382 1599 1429 et
1630 1374 1698 1428 ad
1736 1387 1919 1443 regem
1955 1371 2068 1426 Ma—

492 1482 612 1539 gna:
645 1465 941 1520 Britannias
968 1466 1211 1521 miserat.
1240 1466 1351 1537 Ego
1386 1479 1664 1520 censerem
1698 1463 1844 1518 illam
1876 1462 2066 1527 fuisse,

491 1558 560 1613 ad
592 1573 757 1627 quam
799 1557 992 1612 scribit
1031 1566 1254 1612 sanctus
1300 1557 1601 1627 Gregorius
1646 1555 2027 1610 Nazianzenus
2053 1594 2068 1618 ,

491 1648 751 1718 epistolas
783 1648 909 1714 200,
950 1648 1051 1703 201
1090 1657 1144 1703 et
1175 1648 1302 1703 202.
1349 1648 1568 1704 Nicetas
1597 1649 1898 1719 (inquam)
1938 1647 2069 1702 inibi

492 1737 797 1808 desumpsit
818 1736 992 1793 eNilo
1024 1752 1146 1808 pag.
1172 1738 1241 1793 55
1267 1746 1321 1792 ct
1352 1737 1553 1803 54,03,
1581 1752 1702 1808 quae
1724 1740 1790 1793 de
1819 1736 2068 1806 Joaepho,

2167 553 2452 607 adhaerens
2483 551 2692 615 citatio,
2732 560 2794 605 ut
2817 552 2948 606 olim
2978 550 3044 606 ad
3089 551 3539 608 illustrissimum
3589 556 3764 625 Augu-

2168 644 2375 699 stinum
2413 641 2732 698 Favoritum
2774 643 3105 699 scribebam:
3143 645 3320 699 virum
3348 647 3763 700 ambidestrum

2168 750 2353 806 prosa,
2377 748 2645 805 versaque
2665 735 2936 799 oratione.
2971 734 3218 805 Suntque
3242 737 3574 808 μνημονικὰ
3603 740 3766 809 ἁμαρ

2166 829 2408 898 τήματα,
2441 828 2603 896 quasi
2650 828 2788 881 naevi
2809 869 2825 895 ,
2858 828 2953 897 qui
2984 828 3191 884 lumina
3224 830 3483 884 videntur
3521 831 3775 899 quando-

2169 934 2304 988 que,
2340 929 2503 988 atque
2550 918 2843 982 delectant,
2876 920 2955 975 uti
2986 919 3179 975 Cicero
3211 921 3306 977 lib.
3346 939 3389 988 ι,
3445 922 3530 975 De
3580 933 3767 975 natura

2170 1012 2384 1063 deorum
2423 1010 2703 1077 observat,
2753 1027 2874 1082 cap.
2906 1012 3015 1079 79,
3064 1022 3325 1084 tanquam
3368 1025 3713 1070 ornamenta
3741 1031 3767 1069 ο

2171 1101 2367 1168 Gellio,
2400 1118 2521 1173 cap.
2551 1105 2603 1170 1,
2632 1103 2730 1158 lib.
2763 1120 2861 1159 xu.

2245 1191 2315 1245 Se
2345 1193 2571 1262 insuper
2621 1194 2910 1262 scripsisse
2958 1193 3159 1248 librum
3204 1195 3342 1263 Περὶ
3387 1194 3766 1260 κατανύξεως,

2173 1283 2226 1337 id
2261 1293 2364 1347 est,
2406 1284 2485 1338 De
2522 1285 2944 1353 compunctione,
2981 1301 3076 1340 seu
3106 1288 3428 1341 contritione
3460 1286 3634 1341 Nilus
3664 1290 3765 1356 ipse

2172 1383 2403 1430 testatur
2432 1376 2485 1430 in
2513 1377 2741 1446 epistola
2771 1378 2855 1442 11,
2885 1378 2981 1432 lib.
3030 1393 3089 1433 ιιι
3132 1379 3321 1445 Allat.,
3369 1378 3443 1434 ad
3474 1377 3766 1448 Polychro-

2174 1468 2327 1522 nium
2358 1468 2673 1531 diaconum,
2721 1469 2791 1523 ad
2819 1486 3079 1540 eumque,
3122 1472 3254 1540 quin
3292 1471 3358 1525 ad
3406 1486 3503 1526 eos
3556 1486 3764 1540 quoque

2174 1560 2270 1629 qui
2321 1575 2444 1614 cum
2491 1561 2615 1630 ipso
2662 1561 3058 1629 morabantur,
3105 1561 3377 1627 aﬂirmat,
3434 1563 3766 1631 illoruqu

2172 1652 2428 1721 precibus
2462 1668 2584 1708 sese
2610 1658 2962 1710 commendat
2988 1674 3002 1709 :
3032 1654 3227 1709 nullibi
3250 1668 3404 1722 ⁵νει-ο
3444 1653 3627 1724 hujus
3658 1655 3765 1709 libri

2175 1743 2283 1798 alia
2316 1745 2522 1799 mentio
2550 1754 2748 1799 exstat.

492 1828 656 1898 deque
690 1829 977 1883 nudatione
1009 1829 1066 1884 in
1093 1842 1213 1898 cap.
1245 1829 1315 1883 42
1345 1831 1413 1882 ad
1451 1829 1701 1899 Magnam
1725 1829 1946 1884 brevius
1969 1844 2077 1884 ex-
2104 1823 2148 1878 Β
2249 1833 2456 1890 Sancti.
2479 1835 2581 1890 Nili
2625 1835 3035 1892 Commentaria
3076 1836 3131 1891 in
3174 1836 3471 1894 Canticum
3526 1839 3768 1893 cantico-

495 1928 680 1986 stant;
715 1919 857 1975 idem
886 1934 918 1975 e
949 1934 1070 1990 cap.
1101 1921 1193 1983 29.
1229 1921 1397 1976 etiam
1434 1920 1506 1975 De
1536 1922 1837 1974 monastica
1866 1923 2074 1975 exerci-

498 2008 695 2066 tatione
726 2018 1012 2066 mutuatus
1048 2020 1129 2064 est
1158 2024 1223 2064 ea
1256 2024 1378 2079 quas
1424 2010 1677 2078 leguntur
1711 2026 1837 2081 pag.
1881 2011 1986 2066 588
2021 2019 2076 2065 et

495 2099 623 2161 590,
656 2100 723 2155 de
751 2100 999 2169 Lucifero
1028 2102 1276 2168 dracone,
1313 2101 1476 2171 deque
1502 2101 1792 2170 aspidibus,
1828 2119 1919 2157 seu
1955 2118 2073 2156 scu-

496 2193 606 2256 tis;
652 2202 709 2251 et
765 2206 797 2248 e
847 2207 968 2261 cap.
1030 2192 1121 2257 62,
1167 2208 1290 2262 quas
1336 2194 1399 2246 de
1438 2194 1588 2247 asino
1640 2193 1867 2248 silvestri
1910 2193 2073 2264 637

495 2297 619 2354 pag.
654 2283 789 2348 557;
823 2293 878 2338 at
910 2297 941 2337 e
979 2297 1100 2353 cap.
1136 2283 1227 2348 49,
1253 2299 1377 2354 qua:
1425 2286 1486 2337 de
1516 2284 1691 2353 scirpo
1717 2326 1732 2351 ,
1768 2294 1818 2338 et
1862 2286 2034 2339 carice
2057 2323 2071 2347 ,

494 2388 622 2445 pag.
660 2374 763 2429 144
788 2383 842 2429 et
868 2374 1005 2442 200;
1043 2375 1197 2433 sicut
1215 2384 1270 2433 et
1302 2375 1365 2428 de
1399 2375 1596 2429 semine
1626 2375 1947 2445 Babylonico
1982 2391 2077 2430 ea:-

498 2466 861 2531 terminando,
890 2466 1046 2537 juxta
1094 2482 1146 2522 c.
1177 2483 1208 2524 ι.
1231 2507 1246 2534 ,
1288 2482 1340 2521 v.
1374 2466 1440 2520 16
1471 2465 1742 2533 Ιθιειιιίδξ,
1774 2482 1897 2537 pag.
1922 2468 2025 2521 476
2058 2486 2071 2521 :

494 2557 643 2617 sicut
669 2569 721 2613 et
754 2558 817 2612 de
854 2558 1091 2624 brachio,
1126 2557 1291 2628 deque
1317 2573 1506 2611 manus
1537 2558 1720 2613 osculo
1748 2573 1778 2613 e
1812 2557 2071 2623 Levitico,

495 2651 592 2707 ubi
625 2652 779 2707 locus
806 2651 970 2715 paulo
1003 2651 1159 2705 aliter
1203 2649 1425 2721 legitur,
1467 2649 1649 2707 videre
1691 2650 1816 2705 licet
1856 2665 1977 2721 cap.
2007 2651 2076 2705 14

495 2741 578 2799 De
608 2742 901 2797 manastica
946 2741 1359 2807 exercitatione,
1413 2751 1468 2796 et
1516 2741 1585 2798 65
1612 2750 1667 2796 et
1696 2741 1785 2807 66,
1830 2758 1950 2813 quae
1999 2743 2077 2798 De

496 2833 629 2888 ducs
667 2843 715 2889 et
763 2833 1106 2902 imperatore,
1157 2847 1281 2905 pag.
1312 2830 1437 2887 585.
1488 2832 1817 2889 Anastasius
1864 2834 2075 2889 Sinaita

497 2926 790 2994 episcopus
843 2924 1218 2985 Antiochenus
1272 2922 1471 2978 ﬂorens
1527 2939 1673 2979 anno
1729 2924 1865 2990 544,
1916 2925 2074 2996 cujus

498 3027 668 3083 opera
712 3011 899 3068 Graece
937 3012 1237 3082 Latineque
1291 3012 1586 3070 Gretserus
1610 3014 1798 3070 edidit.
1839 3015 1891 3068 in
1918 3015 2076 3081 Quie-

499 3104 780 3169 stionibus,
815 3102 982 3158 refert
1009 3118 1040 3158 e
1059 3101 1184 3161 Nilo
1214 3104 1484 3161 monacho
1510 3104 1575 3158 ad
1616 3104 1908 3175 Agathium
1958 3121 2075 3160 mo-

2174 1940 2321 1991 rum,
2378 1928 2509 1982 item
2556 1926 2805 1998 Gregorii
2845 1926 3121 1996 Nysseni,
3166 1936 3223 1983 et
3271 1931 3451 1985 sancti
3502 1928 3765 1993 Maximi,

2175 2030 2272 2072 seu
2316 2016 2631 2089 Ἕρμηνεια,
2679 2018 2731 2074 id
2759 2031 2863 2085 est,
2908 2020 3273 2088 interpretatio
3312 2021 3766 2091 paraphrastica,

2176 2124 2300 2164 cum
2337 2109 2499 2166 Pselli
2529 2112 2771 2182 Στίχοιςχ
2789 2111 3087 2177 πολιτικοῖς
3135 2114 3515 2184 ἐξηγητικοῖς.
3541 2114 3766 2168 Exstant

2176 2203 2321 2258 edita
2363 2204 2591 2261 Parisiis
2633 2205 2820 2261 Graece
2874 2222 2942 2262 ac
2967 2206 3179 2273 Latine,
3206 2217 3339 2263 tom.
3371 2207 3417 2261 ιι
3461 2208 3643 2279 638
3678 2206 3764 2260 Bi-

2178 2294 2449 2349 btiotltecce
2510 2295 2738 2351 Patrum
2780 2297 3340 2364 Graeco-Latinorum,
3397 2316 3556 2354 anno
3600 2300 3761 2363 1624,

2176 2397 2332 2441 eruta
2368 2402 2398 2442 e
2438 2387 2726 2455 Vaticana,
2780 2390 3080 2448 Francisco
3113 2390 3251 2447 Zino
3290 2392 3640 2462 interprete;
3678 2394 3763 2448 sed

2178 2477 2475 2534 internosci
2539 2496 2648 2535 non
2704 2491 2884 2552 potest
2937 2483 3071 2554 quid
3123 2483 3394 2554 cujusque
3444 2485 3522 2539 sit
3578 2484 3761 2539 horum

2177 2570 2343 2624 trium
2382 2570 2630 2629 Patrum.
2663 2571 2805 2629 Sunt
2840 2583 3025 2629 autem
3056 2575 3260 2647 politici
3297 2576 3631 2631 Graecorum
3656 2592 3764 2629 ver.

2178 2674 2293 2727 sus,
2336 2661 2429 2730 qui
2476 2663 2808 2733 syllabarum
2845 2680 3110 2731 nurnero,
3158 2681 3268 2721 non
3316 2675 3643 2737 temporum
3690 2682 3765 2721 ra-

2178 2752 2325 2808 tione
2348 2756 2767 2822 constant,nihil
2784 2755 2954 2822 aliud,
2969 2771 3132 2827 quam
3150 2758 3367 2828 rhythm
3378 2775 3465 2823 us,
3480 2775 3517 2815 e
3536 2758 3764 2831 Josepbo

2180 2844 2457 2914 Scaligero
2481 2845 2534 2899 in
2560 2845 2763 2903 Euseb.
2794 2846 3041 2904 Chronic.
3068 2864 3194 2919 pag.
3230 2850 3285 2904 7.
3312 2848 3569 2907 Joannes
3598 2853 3762 2908 Meur-

2178 2935 2293 2989 sius
2345 2934 2586 3006 Lugduni
2628 2935 2958 2992 Batavorum
2999 2938 3203 3008 publici
3241 2939 3386 3009 juris
3432 2939 3573 2995 i'ecit
3614 2958 3763 3012 super

2179 3025 2311 3080 illud
2336 3026 2624 3082 Canticum
2655 3026 3097 3084 Commentarios
3126 3028 3366 3097 Eusebii,
3388 3029 3761 3104 Polychronii,

2180 3128 2235 3172 et
2273 3117 2456 3185 Pselli,
2488 3135 2632 3173 anno
2678 3120 2836 3175 1617.
2887 3123 3190 3194 Pracopius
3234 3123 3467 3179 Gazazus
3524 3126 3761 3197 sophista

498 3195 760 3260 nachutn,
794 3194 1054 3250 editionis
1085 3193 1535 3263 lngolstadiensis
1566 3210 1688 3265 pag.
1722 3195 1813 3258 ⁸25,
1850 3196 1926 3250 De
1956 3214 2079 3251 ora-
2104 3176 2150 3237 ο
2180 3206 2551 3275 Christianus,
2606 3224 2769 3279 quem
2820 3212 3002 3280 arguit
3061 3176 3540 3270 Eminentissjmus
3599 3176 3762 3286 atque

502 3287 642 3341 tione
676 3286 735 3346 in
785 3289 929 3349 omni
979 3287 1094 3342 loco
1143 3287 1445 3357 fundendo,
1499 3291 1674 3359 deque
1705 3289 1985 3358 Cornelio,
2027 3300 2082 3346 et

498 3392 629 3449 pag.
661 3378 730 3433 35
758 3393 827 3434 ex
861 3377 1106 3449 ejusdem
1143 3379 1362 3448 scriptis
1401 3380 1468 3434 ad
1505 3379 1835 3452 Eucarpium
1882 3398 2079 3445 mona-

498 3472 666 3526 chum
701 3489 716 3527 :
753 3470 892 3529 nihil
942 3480 1122 3531 tamen
1175 3487 1207 3526 a
1246 3471 1371 3527 Nilo
1409 3475 1675 3544 scriptum
1733 3474 1874 3539 fuit,
1932 3476 2079 3546 quod

499 3560 695 3627 sciam,
733 3561 802 3615 ad
832 3561 1188 3633 Eucarpium,
1233 3564 1343 3619 imo
1371 3580 1474 3621 nec
1506 3566 1737 3635 epistola
1765 3568 1984 3638 quidem
2011 3569 2079 3625 ad

498 3666 626 3707 eum
651 3652 762 3709 ulla
784 3652 911 3709 data
936 3653 1234 3722 invenitur,
1257 3655 1352 3711 sed
1378 3656 1447 3712 ad
1476 3654 1726 3712 Pionium
1760 3658 2076 3727 illustrium,

498 3743 575 3798 ita
605 3743 777 3802 Graeci
815 3744 1250 3815 pronuntiabant
1289 3746 1584 3813 illustrem,
1615 3750 1861 3819 germani
1891 3751 2076 3820 amici,

498 3847 553 3891 et
577 3837 879 3894 beatissimi
915 3838 1170 3910 Eucarpii
1200 3839 1371 3895 lilium
1404 3839 1493 3907 51,
1525 3841 1620 3897 lib.
1651 3858 1709 3899 ut
1741 3842 1906 3901 Allat.

569 3929 751 3987 Facile
796 3932 963 4003 igitur
1014 3934 1301 3987 consentio
1354 3933 1626 3991 Gentiano
1676 3934 1940 4004 Herveto,
1982 3939 2077 4010 qui

500 4018 741 4075 Maximo
770 4022 824 4075 in
851 4023 1103 4079 asceticis
1141 4039 1204 4079 ea
1238 4024 1515 4091 vindicat,
1566 4026 1619 4080 in
1661 4026 1861 4097 quibus
1899 4029 2078 4099 agitur

499 4113 568 4167 de
596 4113 891 4171 Salomone
915 4157 929 4179 ,
982 4115 1159 4185 deque
1200 4115 1349 4171 Giezi
1394 4124 1449 4171 et
1490 4115 1629 4172 Juda
1662 4135 1676 4171 :
1709 4118 2078 4188 subjiciuntur

496 4212 683 4257 autem
717 4204 829 4259 haec
855 4203 1077 4259 Maximi
1104 4206 1468 4263 asceticorum
1499 4208 1791 4277 excerptis,
1823 4223 1947 4263 cum
1989 4217 2074 4263 ta-

495 4307 623 4348 men
653 4302 813 4351 antea
856 4293 1012 4350 Nilus
1053 4295 1197 4352 inter
1226 4308 1477 4353 sanctum
1523 4297 1793 4355 Joannem
1838 4299 2075 4372 Chryso-

496 4394 762 4451 stomum,
792 4394 845 4440 et
865 4383 1229 4456 Nicephorum
1265 4389 1629 4458 patriarcham
1681 4391 2074 4449 Constantino-

2180 3297 2534 3356 doctissimus
2564 3302 2858 3358 cardinalis
2882 3302 3254 3371 ,Bellarminus
3288 3320 3435 3361 anno
3460 3304 3530 3361 C.
3582 3306 3650 3361 N.
3673 3308 3760 3362 560

2179 3391 2419 3458 vixisse;
2475 3401 2527 3447 at
2588 3393 2877 3464 imperium
2937 3395 3232 3452 Theodosii
3292 3398 3460 3467 primi
3522 3401 3761 3470 attigisse

2183 3482 2441 3553 opinatur
2480 3481 2726 3539 Joannes
2747 3483 3053 3551 Curterius,
3080 3489 3176 3557 qui
3206 3487 3437 3544 Parisiis
3462 3504 3622 3546 anno
3643 3490 3761 3545 1580

2178 3573 2301 3645 ejus
2344 3575 2399 3629 in
2440 3575 2637 3631 Isaiam
2670 3574 3112 3636 Commentarios
3150 3578 3343 3635 Latine
3390 3596 3596 3638 versos
3624 3582 3759 3638 evul-

2180 3665 2330 3736 gavit
2364 3683 2379 3719 :
2414 3663 2741 3737 Procopius,
2782 3666 3026 3738 inquam,
3058 3669 3218 3739 cujus
3254 3668 3313 3724 in
3361 3668 3757 3726 Octateuchnm

2178 3758 2572 3813 Commentarii
2627 3758 2821 3816 Latine
2883 3760 3058 3817 lucem
3126 3772 3467 3833 aspexerunt
3536 3763 3755 3837 Tiguri,

2177 3850 2429 3907 Conrado
2446 3852 2709 3908 Clausero
2730 3853 3044 3923 interprete,
3068 3870 3214 3911 anno
3237 3855 3416 3923 i555;
3450 3866 3509 3913 et
3530 3856 3758 3914 Joannes

2178 3939 2450 3998 Meursius
2492 3941 2743 4013 Lugduni
2798 3943 3122 3999 Batavorum
3184 3944 3405 4001 Scholia
3446 3946 3756 4004 Graec-Ia-

2178 4030 2312 4098 tina,
2355 4046 2501 4086 anno
2538 4032 2697 4099 1620,
2730 4033 3095 4103 promulgavit
3133 4033 3188 4088 in
3219 4034 3391 4090 libros
3424 4034 3668 4108 Regum,
3711 4048 3755 4092 et

2176 4121 2657 4193 Paralipomenon.
2713 4122 2945 4194 Scripsit
2995 4125 3159 4181 etiam
3202 4126 3293 4179 ille
3348 4126 3663 4198 Procopius
3708 4132 3753 4183 in

2175 4213 2494 4279 Proverbia,
2535 4225 2589 4270 et
2624 4215 2875 4283 Cantica,
2915 4230 3089 4286 eaque
3135 4217 3338 4287 scripta
3383 4219 3493 4275 sibi
3546 4232 3752 4277 ostensa

2178 4303 2423 4360 Venetiis
2477 4306 2675 4361 asserit
2702 4305 3010 4363 Curterius.
3044 4306 3187 4374 Quin
3216 4307 3463 4366 Joannes
3487 4309 3751 4368 Bessoaus

2176 4409 2293 4451 soc.
2332 4393 2459 4449 Jesu
2515 4395 2569 4448 in
2613 4393 2901 4451 Canticum
2947 4397 3289 4452 canticorum
3320 4402 3645 4469 composuit
3669 4417 3752 4456 no-

494 4476 796 4543 politanum
832 4478 1131 4533 collocetur
1153 4518 1170 4543 ,
1226 4495 1350 4550 pag.
1397 4482 1488 4537 95.
1548 4481 1760 4539 Rursus
1812 4497 1878 4538 ex
1929 4484 2071 4540 libro
2104 4508 2151 4566 ι)
2175 4498 2273 4538 vas
2303 4483 2751 4551 Lucubrationes,
2780 4501 2900 4555 quae
2950 4487 3100 4557 prelo
3130 4486 3407 4545 Tolosano
3433 4507 3590 4547 anno
3627 4495 3752 4549 {656

493 4563 604 4619 Nili
637 4568 703 4619 ad
733 4566 1049 4637 Agatbium,
1092 4570 1207 4624 sive
1249 4571 1610 4640 Agathonem,
1666 4573 2074 4632 ubi'Hervetus

492 4651 626 4722 legit
657 4653 994 4721 Antiochum,
1030 4658 1106 4711 De
1136 4658 1308 4726 bonis,
1333 4677 1451 4731 quo:
1471 4661 1669 4718 dantur
1694 4666 2067 4737 indigentibus.

495 4743 699 4800 Verum
727 4762 791 4801 ea
823 4748 1173 4805 inveniuntur
1203 4753 1257 4806 in
1308 4768 1428 4824 cap.
1454 4755 1509 4821 2,
1540 4768 1674 4812 sect.
1721 4758 1781 4825 6,
1832 4761 1897 4815 ad
1927 4762 2073 4832 Aga-

493 4835 695 4900 tbium,
731 4839 845 4893 sive
877 4836 1205 4908 Peristeriae,
1243 4859 1367 4914 pag.
1407 4846 1545 4912 129,
1602 4848 1658 4902 in
1690 4849 1927 4905 editione
1965 4853 2073 4908 ista

490 4928 637 4994 typis
673 4926 988 4985 Barherinis
1018 4947 1221 4989 excusa
1258 4952 1271 4988 :
1302 4951 1521 4991 rursum
1565 4946 1687 5007 post
1730 4937 2070 4997 Diadochum

462 5018 554 5069 ede
596 5021 914 5086 perfectione
944 5024 1179 5090 spiritali
1210 5041 1376 5094 penes
1418 5027 1768 5085 Anastasium
1816 5035 2069 5089 eumdem

384 5141 388 5145 ε
489 5111 755 5164 nonnulla
797 5112 1152 5180 proferuntur
1180 5133 1212 5171 e
1252 5130 1445 5175 sancto
1493 5120 1613 5177 Nilo
1658 5124 1725 5178 ad
1776 5127 2069 5196 Agatbium

490 5206 552 5255 de
588 5206 771 5257 mortis
803 5206 1030 5259 terribili
1068 5213 1339 5279 mysterio,
1373 5213 1465 5267 ubi
1507 5227 1856 5285 comparatur
1886 5219 2069 5274 anima

486 5294 760 5347 excedens
790 5310 821 5347 e
849 5310 1083 5365 corpore
1110 5300 1211 5364 illi,
1241 5301 1335 5369 qui
1362 5316 1579 5359 amaras
1603 5304 1770 5359 ebibit
1795 5307 2065 5374 potiones.

487 5380 691 5437 Verum
726 5388 928 5453 passim
957 5390 1172 5446 variant
1207 5392 1488 5456 lectiones,
1543 5403 1596 5447 et
1639 5396 1903 5464 phrases,
1954 5400 2069 5455 sive

487 5474 587 5538 illi,
614 5477 707 5545 qui
733 5480 1141 5543 exscribebant,
1169 5481 1350 5536 minus
1381 5491 1631 5551 poterant
1660 5489 1925 5543 memoria
1942 5506 2067 5544 con-

486 5567 667 5633 sequi,
698 5568 1001 5638 eademque
1026 5571 1271 5625 retinere
1292 5588 1356 5628 ac
1392 5589 1611 5628 servare
1644 5580 1829 5643 verba,
1874 5581 2064 5637 intenti

490 5655 675 5707 sensui
707 5656 829 5717 plus
848 5675 1014 5727 quam
1045 5661 1210 5732 stylo,
1245 5662 1359 5717 sive
1390 5663 1672 5741 codicibus
1698 5666 1943 5724 diversas
1970 5686 2063 5726 vo-

491 5754 583 5801 tes
625 5746 1030 5829 continentibus
1061 5753 1393 5823 utebantur;
1424 5763 1480 5813 et
1506 5755 1669 5816 habet
1710 5759 1915 5833 aliquid
1943 5778 2039 5835 gra

2178 4573 2533 4641 prodierunt;
2571 4583 2623 4628 et
2650 4576 2702 4628 in
2738 4574 2824 4629 his
2859 4577 3044 4632 laudat
3071 4575 3277 4646 Nilum,
3308 4579 3608 4641 Philonem
3635 4586 3753 4641 ϐαι-ο

2168 4664 2447 4732 pathium,
2473 4666 2903 4732 'l‘heodoretum,
2931 4677 2987 4722 et
3010 4667 3236 4739 Eclogas
3263 4668 3522 4742 Procopii
3546 4678 3605 4729 in
3624 4675 3753 4731 Can-

2177 4755 2306 4819 tica,
2343 4765 2397 4809 et
2435 4755 2727 4825 Proverbia
2767 4774 2781 4812 :
2819 4757 2990 4813 fertu'r
3027 4769 3081 4815 et
3111 4761 3166 4814 in
3199 4775 3262 4815 ea
3298 4763 3599 4833 scripsisse
3642 4766 3749 4823 Ori-

2174 4859 2360 4913 genes.
2400 4846 2636 4902 Sanctus
2674 4848 2916 4907 Thomas
2943 4850 3235 4921 Angelicus
3275 4853 3367 4909 ille
3399 4856 3601 4911 doctor
3634 4858 3748 4912 dum

2173 4932 2451 4989 aﬂ'cctaret
2486 4938 2721 5004 coelum,
2755 4938 2822 4991 ad
2859 4940 3003 5009 quod
3046 4941 3331 5010 migravit,
3367 4942 3606 5001 Cantica
3638 4962 3748 5001 can-

2177 5025 2408 5083 ticorum
2465 5043 2744 5100 exponens
2786 5046 3035 5102 cygnteas
3073 5032 3265 5088 eﬂ‘udit
3314 5049 3502 5100 voces,
3557 5048 3614 5092 et
3654 5054 3745 5094 etn-

2172 5133 2351 5188 pyreze
2380 5104 2629 5175 melodiae
2662 5122 2976 5177 tirocinium
3020 5126 3223 5192 posuit,
3278 5140 3742 5199 supernarumque

2171 5206 2493 5261 deliciarum
2525 5209 2913 5278 promulsidem
2944 5212 3122 5266 libans
3152 5213 3351 5269 defecit
3374 5214 3434 5268 in
3468 5218 3650 5273 terris.
3678 5217 3740 5272 lta

2169 5296 2326 5355 Nilus
2352 5309 2540 5356 noster
2566 5301 2865 5359 meditatus
2902 5304 2957 5359 in
2987 5303 3311 5363 Psalterium
3346 5308 3573 5367 Davidis
3600 5328 3741 5368 enar-

2169 5390 2431 5454 rationes,
2473 5406 2597 5446 cum
2622 5393 2690 5447 ad
2723 5394 2957 5463 patriam
2989 5396 3271 5451 caelestem
3315 5398 3624 5466 anhelat-et,
3650 5402 3740 5457 ibi-

2169 5498 2275 5550 que
2297 5483 2409 5552 jam
2446 5484 2635 5539 animo
2664 5498 3099 5553 conversaretur,
3136 5490 3229 5542 lilii
3272 5490 3594 5548 Salomonis
3615 5495 3740 5550 Can-

2158 5578 2335 5647 ticum
2364 5576 2756 5646 interpretatus
2792 5580 2925 5632 mihi
2959 5581 3198 5635 videtur.
3244 5581 3485 5639 Sanctus
3513 5585 3736 5641 Thomas

2167 5671 2221 5725 in
2251 5675 2585 5728 monasterio
2612 5672 2995 5731 Fessus-Novae
3038 5677 3428 5736 Cisterciensis
3453 5682 3662 5737 ordinis
3678 5684 3734 5735 ad

2165 5764 2502 5823 Atnasenum
2529 5766 2849 5840 Campaniae
2882 5767 3109 5825 ﬂuvium
3139 5771 3337 5829 morbo
3381 5773 3641 5832 detentus
3661 5790 3731 5832 se-
