3852 6052
572 327 710 392 I367

1302 330 1451 394 IOS.
1490 330 1756 395 MARIE
1793 332 2153 397 SUARESII
2192 338 2426 401 LIBER
2460 336 3100 425 CHRONOLOGICUS

3690 348 3788 416 Ῑεᾶξ

552 440 778 499 sanctis
804 439 1078 508 Panibus,
1119 440 1340 499 tandem
1378 445 1692 516 aliquando,
1726 456 2021 503 miserante
2076 456 2131 504 et
2158 468 2202 526 Α
2298 451 2519 511 Primus
2562 419 3006 529 chronol0gicus,
3059 461 3114 515 in
3165 475 3278 531 quo
3332 459 3522 531 patria
3542 419 3575 526 ἢ,
3628 471 3681 515 et
3730 480 3787 520 res

565 535 731 588 dante
764 532 987 588 Christo
1024 531 1292 601 Domino,
1344 535 1433 591 cui
1478 536 1572 590 uni
1632 536 1744 593 Deo
1792 552 1919 594 cum
1961 537 2122 594 Patre

566 640 634 680 ac
665 622 869 693 Spiritu
907 632 1100 680 sancto
1137 625 1211 681 sit
1237 624 1411 680 honor
1431 634 1486 682 et
1509 627 1681 697 gloria
1723 638 1963 698 semper,
1991 638 2128 685 con-

564 712 1054 870 ώιέιξιοᾳὲρυυηωι·
1082 801 1210 858 libri
1245 812 1358 859 tres
1396 803 1821 863 Adnotationum
1868 807 1924 863 in
1952 807 2129 881 Opera

565 895 740 952 sancti
769 893 876 949 Nili
914 894 1147 950 abbatis.

2230 551 2429 613 gestae,
2476 559 2542 600 ac
2576 545 2761 601 obitus
2798 548 2971 602 sancti
3012 546 3143 604 Nili.

2301 633 2610 702 Secundus,
2641 636 3061 709 lexicographus
3095 656 3294 695 vocum
3324 641 3647 694 variarum.

2301 721 2523 781 Tertius
2560 723 2892 797 exegeticus,
2938 738 2994 784 et
3023 728 3248 785 criticus
3285 730 3344 783 in
3393 729 3666 799 pleraque
3693 727 3783 782 loca

2229 812 2551 883 insigniora,
2581 824 2638 871 et
2662 816 2937 871 variarum
2970 816 3267 873 lectionum
3296 816 3402 888 (l).

637 1067 715 1137 (Ι)
752 1063 1229 1145 Ει-μίὺιιεμίιπίε
1269 1066 1358 1122 hic
1389 1067 1705 1123 memoratis
1743 1083 1887 1126 unus
1949 1077 2156 1125 tantum
2218 1080 2539 1140 comparet,
2587 1069 2747 1128 Liber
2789 1072 3188 1143 chronologiqu
3236 1091 3253 1129 :
3304 1072 3660 1145 posteriora
3698 1072 3783 1129 duo

566 1135 785 1193 deSunt.
836 1135 992 1191 EDI'I'.
1026 1135 1196 1190 Pun.

1468 1558 1827 1656 LIBER
1895 1562 2902 1660 CHRONOLOGICUS

1029 1804 1211 1916 DE
1287 1802 1637 1920 Vl’l‘A
1740 1800 2262 1917 SANCTI
2341 1802 2637 1915 NlLI
2715 1801 3319 1918 ABBATIS

1573 2226 1885 2299 PATRIA,
1916 2225 2067 2286 RES
2121 2223 2413 2301 GESTAE,
2462 2224 2763 2288 OBITUS.

619 2500 779 2574 6&1
806 2499 851 2558 E
879 2500 1055 2558 ruinis
1071 2501 1546 2573 Byzantii,quoda
1567 2501 1801 2574 Byzante
1821 2514 1945 2571 rege
1961 2500 2123 2570 Spar-
2156 2507 2196 2563 Β
2224 2499 2351 2555 Maii
2393 2515 2489 2557 seu
2523 2516 2555 2555 ν
2615 2500 2744 2556 ldus
2796 2498 2964 2556 Maias
3007 2500 3255 2556 dedicata
3316 2498 3426 2555 fuit
3473 2513 3627 2554 anno
3668 2498 3769 2564 330;

552 2598 808 2648 tanorum
840 2592 1183 2646 nominatum
1225 2601 1280 2646 et
1309 2590 1611 2657 conditum,
1668 2590 1751 2646 vel
1788 2605 1821 2645 a
1853 2589 2123 2645 Pausania

553 2689 947 2748 constructum,
971 2696 1001 2736 a
1023 2682 1226 2737 Severo
1242 2682 1508 2751 Augusto,
1533 2682 1663 2752 quia
1686 2680 1851 2752 Nigro
1879 2680 2122 2758 adhaese-

553 2782 657 2841 rat,
679 2773 940 2841 dirutum,
956 2788 987 2829 a
1007 2772 1365 2830 Constantino
1385 2773 1633 2845 Augusto
1654 2773 2015 2829 instauratum
2035 2772 2123 2828 de-

550 2874 906 2936 coratumque
954 2866 1178 2921 nomine
1230 2864 1752 2935 Constantinopolis,
1803 2864 2121 2920 melioribus

548 2956 664 3012 Deo
685 2958 921 3029 propitio
942 2958 1223 3028 auspiciis,
1245 2971 1409 3027 quam
1438 2956 1615 3011 Roma
1640 2966 1816 3020 vetus,
1846 2965 1907 3012 ut
1930 2964 2122 3012 auctor

547 3058 629 3103 est
671 3046 1013 3103 Justinianus
1058 3048 1096 3101 l.
1139 3063 1157 3103 ι
1205 3045 1271 3101 C.
1320 3046 1386 3100 de
1446 3055 1548 3101 uel.
1618 3047 1736 3115 jur.
1779 3045 2120 3114 enucleand.,

547 3139 577 3211 ς
617 3138 1161 3207 Νουὶηιιιεάευιῐιεηι.
1196 3136 1261 3192 de
1290 3135 1487 3207 Nupt.,
1520 3135 1739 3193 Christo
1764 3136 2003 3203 scilicet,
2036 3145 2120 3192 at-

545 3246 653 3299 que
696 3229 1025 3286 beatissime
1075 3229 1284 3302 Virgini
1330 3231 1451 3303 ejus
1495 3232 1654 3288 Matri
1703 3235 2067 3305 consecrata(
2090 3250 2121 3290 e

545 3321 746 3377 Zonar.
780 3330 913 3376 tom.
972 3336 1031 3377 tu
1068 3322 1342 3395 Χρονικ.),
1384 3327 1623 3382 surrexit
1667 3326 1725 3382 in
1772 3324 2004 3383 Thracia
2029 3327 2119 3383 illa

545 3409 695 3479 regia
725 3409 881 3477 urbs,
907 3417 962 3465 et
989 3410 1140 3467 orbis
1167 3411 1521 3479 dominatrix,
1547 3421 1709 3485 atque
1736 3428 1872 3469 nova
1907 3414 2115 3480 Roma;

544 3513 596 3553 c.
630 3497 1231 3570 Constantinopolitantz
1264 3501 1372 3566 22,
1402 3502 1532 3559 dist.
1565 3504 1698 3559 urbs
1724 3506 2115 3571 sacratissima,

544 3596 601 3642 et
642 3587 1069 3658 augustissima;
1103 3589 1143 3645 l.
1166 3606 1287 3644 cum
1316 3588 1677 3657 Navarclmm,
1702 3591 1835 3646 Cod.
1857 3592 1922 3645 de
1949 3589 2117 3645 Navi-

544 3676 742 3745 cular.,
771 3676 848 3732 lib
877 3694 937 3746 ιι,
962 3688 1222 3735 exornata
1250 3679 1490 3736 aediliciis
1518 3680 1889 3749 amplissimis,
1916 3689 1972 3736 et
1999 3696 2115 3737 mo-

545 3767 849 3835 numentis;
899 3769 1319 3838 amphitheatro,
1348 3777 1545 3838 portu,
1598 3770 1793 3836 muris,
1851 3769 2112 3837 basilicis.

543 3857 921 3921 bibliothecis.
976 3861 1211 3927 horreis,
1256 3869 1311 3917 et
1370 3860 1635 3929 ecclesiis,
1684 3863 2113 3933 aquaeductibus,

542 3948 862 4017 porticibus,
894 3951 1159 4018 thermis,
1205 3952 1435 4019 balneis,
1468 3952 1697 4024 aliisque
1733 3955 1993 4024 operibus
2015 3970 2115 4025 pu-

541 4039 701 4101 blicis
745 4050 911 4112 atque
933 4042 1158 4112 privatis
1195 4043 1301 4098 fuit
1342 4055 1452 4099 tam
1481 4060 1511 4098 a
1541 4044 1822 4101 conditore
1847 4045 2114 4103 Constan-

544 4128 681 4193 tino,
714 4143 877 4199 quam
931 4131 1001 4185 ab
1046 4129 1169 4186 aliis
1216 4131 1337 4202 ejus
1389 4133 1820 4199 successoribus,
1862 4134 2113 4205 plurimis

544 4218 773 4287 insuper
820 4219 1021 4275 donata
1053 4228 1110 4275 et
1145 4220 1315 4276 ditata
1364 4221 1681 4293 privilegiis.
1714 4222 1849 4277 Nam
1899 4209 2113 4294 imperii

543 4308 727 4363 aedem
760 4309 1037 4367 transtulit
1066 4311 1122 4366 in
1178 4327 1299 4368 eam
1339 4312 1754 4381 Constantinus,
1784 4322 1840 4369 et
1871 4313 2017 4370 cives
2047 4329 2114 4369 ex

542 4400 767 4470 antiqua
832 4399 1027 4471 Roma,
1090 4402 1493 4475 illustravitque
1551 4405 1726 4474 ipsam
1788 4413 2016 4464 senatu.
2060 4416 2115 4461 et

543 4490 889 4547 senatoribus
937 4493 1062 4548 inde
1100 4494 1252 4550 illum
1302 4496 1613 4551 consecutis
1661 4496 1804 4551 aedes
1837 4496 2110 4563 excitavit,

543 4576 647 4629 sibi
681 4592 811 4631 vero
848 4578 1133 4646 palatium,
1166 4595 1197 4635 e
1245 4580 1508 4647 Libanio,
1564 4580 1889 4648 Sozomeno,
1934 4592 1988 4638 et
2016 4594 2115 4637 au-

542 4679 693 4723 ctore
737 4669 996 4724 Chronici
1047 4671 1418 4741 Alexandrini,
1451 4690 1515 4729 ac
1570 4673 1806 4741 Zosimo,
1843 4677 1937 4732 lib.
1972 4692 2031 4743 ιι,
2059 4685 2117 4733 et

542 4758 609 4811 ad
666 4757 1118 4829 frequentandum
1176 4772 1425 4819 senatum
1485 4766 1676 4823 vicinis
1721 4782 1752 4822 e
1787 4768 2114 4825 dicecesibus

541 4860 821 4907 senatores
855 4854 1153 4923 compulit,
1199 4865 1254 4911 et
1294 4857 1486 4921 illexit,
1525 4860 1598 4914 uti
1645 4861 1840 4916 deinde
1873 4860 2112 4917 Valenti-

541 4942 759 5008 nianus,
812 4942 1181 5014 Theodosius,
1225 4957 1281 5004 et
1305 4949 1607 5017 Arcadius,
1660 4967 1692 5007 e
1742 4950 2113 5023 Macedonica,

542 5033 580 5088 l.
617 5050 699 5099 ιιι,
727 5035 791 5089 C.
823 5034 1099 5096 Theodos.
1144 5041 1223 5095 De
1267 5043 1549 5098 senatorib.
1598 5043 1926 5115 Episcopum
1970 5045 2115 5101 Con-

2223 2590 2382 2660 isque
2407 2590 2527 2645 dies
2550 2600 2802 2647 censetur
2830 2590 2948 2661 ejus
2978 2590 3277 2655 natalitius,
3312 2598 3372 2645 et
3404 2588 3667 2645 feriatus.
3686 2589 3719 2641 L
3746 2604 3770 2641 n

2221 2679 2285 2735 C.
2336 2679 2540 2735 illomet
2596 2680 2672 2734 De
2712 2680 2883 2750 feriis.
2940 2678 3294 2736 Constantius
3344 2679 3412 2736 Α.
3455 2678 3768 2735 Constantini

2224 2769 2371 2826 (ilius
2392 2770 2664 2836 instituit,
2696 2770 3132 2841 studueruntque
3163 2772 3445 2836 certatim,
3464 2770 3569 2842 qui
3604 2770 3769 2824 reside-

2221 2861 2352 2917 bant
2380 2861 2490 2918 illic
2517 2863 2890 2933 imperatores,
2920 2875 3039 2918 eam
3072 2860 3259 2917 Romae
3285 2862 3467 2917 veteri
3486 2876 3764 2931 exquare.

2219 2949 2375 3008 Nilus
2436 2952 2548 3009 illic
2598 2962 2759 3010 natus
2813 2962 2899 3011 est
2945 2954 3044 3025 (uti
3098 2951 3484 3021 Niecphorus,
3550 2952 3643 3007 lib.
3685 2967 3767 3013 ιιι,

2219 3058 2321 3114 cap
2344 3042 2415 3098 ’14
2446 3041 2836 3099 Ειοιεεὶαειὶοω
2855 3044 3094 3099 historiae
3120 3043 3322 3114 prodit)
3358 3042 3542 3096 nobili
3573 3056 3765 3112 genere;

2220 3150 2346 3189 nam
2380 3143 2601 3205 propter
2620 3135 2893 3205 egregiam
2928 3134 3264 3190 nobilitatem
3302 3136 3538 3207 generis
3566 3135 3631 3190 ad
3662 3150 3766 3204 pr:-

2220 3227 2484 3283 tecturam
2535 3235 2757 3284 evectus
2813 3227 2916 3284 fuit
2951 3228 3104 3283 urbis
3170 3228 3766 3299 Constantinopolim:

2218 3316 2410 3385 patria:
2434 3331 2581 3384 suae;
2624 3317 2866 3386 potentia
2898 3332 3117 3388 quoque
3169 3333 3232 3372 ac
3272 3317 3482 3387 opibus
3530 3316 3763 3372 adluebat.

2218 3417 2273 3463 et
2298 3408 2549 3464 fortassis
2574 3407 2694 3479 ejus
2716 3417 2969 3479 parentes
2995 3407 3210 3462 oriundi
3240 3420 3400 3464 erant
3428 3424 3509 3463 ex
3548 3407 3761 3478 Δῐεῖρω.

2217 3497 2451 3569 indeque
2470 3499 2769 3570 migrarant
2796 3498 3344 3568 Constantinopolim,
3371 3509 3429 3554 et
3458 3497 3760 3553 senatoriam

2215 3589 2377 3661 642
2394 3590 2575 3660 adepti
2600 3590 2939 3661 dignitatem,
2969 3589 3041 3644 ibi
3068 3589 3274 3660 prolem
3295 3589 3469 3644 istam
3500 3594 3762 3659 genueram

2215 3699 2340 3754 qua)
2364 3682 2469 3739 Nili
2487 3682 2705 3738 nomine
2730 3681 2853 3737 ideo
2878 3681 2981 3736 fuit
3019 3681 3296 3753 insignita.
3325 3678 3492 3736 Nilus
3520 3690 3662 3735 certe
3690 3694 3759 3730 no-

2216 3786 2349 3840 ster,
2384 3776 2458 3832 uti
2512 3784 2735 3831 sanctus
2787 3773 3119 3830 Athanasius
3157 3774 3211 3828 in
3249 3773 3561 3845 Ὠρολογίῳ
3586 3771 3762 3827 Gram-

2216 3880 2377 3930 rum,
2434 3863 2616 3934 Νείλῳ
2677 3861 2995 3935 χρυσορρόῳ
3054 3860 3359 3931 comparari
3426 3857 3763 3931 potestziuit

2214 3955 2433 4026 quidem
2466 3953 2620 4009 Nilus
2660 3953 2949 4009 ﬂuviorum
2990 3954 3142 4011 orbis
3174 3961 3447 4007 terrarum
3503 3950 3758 4007 maximus.

2214 4050 2262 4104 si
2285 4050 2560 4106 credimus
2584 4049 2649 4104 A.
2680 4048 2877 4115 Gellio,
2911 4048 2951 4103 l.
2984 4066 3020 4103 ι
3049 4047 3209 4103 Noct.
3256 4048 3421 4103 Attis.
3449 4063 3511 4103 c.
3545 4049 3599 4114 7,
3627 4055 3676 4100 et
3698 4060 3759 4099 ce-

2214 4137 2573 4203 leberrimus,
2620 4152 2783 4208 quem
2826 4137 3003 4194 Graeci
3052 4138 3254 4192 dictum
3302 4148 3507 4206 putant
3553 4135 3655 4189 ἀπὸ
3689 4136 3760 4202 τῆς

2212 4229 2340 4293 νέας
2385 4227 2551 4295 ἰλύος,
2593 4229 2646 4284 id
2692 4237 2797 4292 est,
2826 4246 2862 4282 a
2906 4245 3036 4282 novo
3082 4228 3249 4295 limo;
3297 4243 3423 4283 nam
3471 4228 3643 4282 cause
3670 4235 3759 4279 su-

2213 4337 2410 4393 gnans,
2458 4337 2525 4378 ac
2566 4322 2842 4377 inundans
2897 4322 3189 4391 quotannis
3233 4320 3423 4391 irrigat
3470 4319 3757 4389 Egyptum,

2211 4410 2441 4481 ejusque
2495 4426 2660 4480 super
2690 4420 2808 4464 sata
2853 4426 3053 4466 novum
3098 4410 3312 4466 inducit
3357 4410 3599 4476 limum;
3630 4422 3759 4478 utque

2216 4500 2366 4557 canit
2394 4500 2671 4572 Virgilius;
2704 4500 2738 4553 4
2764 4500 3004 4571 Gcorgic.

2348 4590 2418 4645 Et
2447 4592 2665 4646 viridem
2688 4588 2978 4662 zEgyptum
3001 4593 3153 4661 nigra
3180 4590 3647 4661 fecundatur-eun.

2213 4682 2377 4739 Certe
2407 4683 2661 4737 ΝΕΙΛΟΣ
2682 4697 2777 4738 sex
2812 4682 3007 4737 litteris
3030 4690 3246 4738 constat
3267 4698 3284 4749 ;
3304 4679 3349 4735 N
3379 4682 3757 4752 signiﬁcantu-

2214 4789 2429 4829 merum
2445 4773 2999 4844 quinquagenarium;
3026 4771 3087 4839 E,
3110 4773 3361 4843 quintum
3382 4790 3399 4837 ;
3424 4774 3470 4837 Ι,
3491 4774 3752 4833 decimum;

2213 4864 2281 4930 A,
2329 4864 2695 4929 tricesimum;
2737 4862 2809 4929 Ο,
2837 4864 3330 4934 septuagesimum;
3384 4864 3444 4926 Σ,
3484 4864 3754 4919 ducentesi-

2215 4971 2399 5024 mum;
2446 4955 2851 5025 conﬁciuntque
2894 4956 2983 5010 illa
3013 4957 3283 5012 elementa
3319 4970 3610 5010 numerum
3657 4952 3749 5013 565,

2215 5054 2348 5116 quot
2390 5045 2651 5101 nimirum
2704 5044 2853 5099 luces
2890 5044 3054 5099 habet
3099 5058 3279 5098 annus
3319 5041 3627 5104 absolutus,
3658 5054 3698 5092 ς,
3723 5052 3747 5088 n

542 5125 1084 5196 stantiuopolitanum
1109 5134 1480 5204 prmrogativis
1516 5145 1735 5190 auctum
1763 5150 1924 5190 nemo
1954 5135 2114 5206 igno-
2143 5151 2190 5208 ι)
2216 5137 2465 5201 Genesis,
2491 5152 2547 5191 ν.
2573 5136 2660 5202 15,
2688 5144 2743 5191 et
2768 5133 3152 5201 Ecclesiastici,
3184 5150 3235 5190 c.
3261 5150 3409 5201 xxiv,
3437 5150 3495 5189 ν.
3518 5134 3587 5189 55
3611 5143 3659 5189 et
3681 5129 3745 5186 37.

539 5228 626 5272 rat
657 5219 696 5273 l.
726 5236 851 5285 XLV,
876 5222 938 5277 C.
971 5224 1075 5279 eod
1119 5225 1193 5280 De
1226 5228 1479 5296 episcop.,
1512 5227 1655 5282 sicut
1687 5227 1807 5281 urbi
1858 5226 2117 5298 frequen-

541 5310 736 5376 tandae,
779 5311 1010 5379 civibus,
1055 5313 1150 5383 qui
1192 5314 1385 5369 domos
1415 5314 1676 5370 haberent
1723 5314 2116 5381 immunitates,

539 5416 881 5473 annonaeque
908 5419 1186 5460 concessae
1209 5415 1354 5459 sunt.
1378 5402 1625 5474 Denique
1650 5405 1974 5479 praefectum
1990 5406 2114 5462 urbi

539 5510 685 5548 anno
716 5494 778 5549 C.
816 5495 879 5549 N.
909 5497 1011 5553 359
1053 5498 1202 5567 (nam
1244 5499 1376 5553 urbs
1428 5498 1927 5569 Constantinopolis
1975 5513 2113 5554 cou-

540 5585 680 5638 strui
713 5588 881 5654 cmpit
913 5588 1000 5643 die
1024 5588 1095 5643 26
1118 5587 1436 5645 Novembris
1476 5605 1623 5644 anno
1644 5589 1767 5645 5‘28.
1802 5591 2113 5647 Cedrenus-

542 5688 649 5740 quc
705 5675 757 5728 id
804 5678 1021 5744 asserit,
1074 5688 1128 5733 et
1160 5678 1412 5737 Julianus
1464 5680 1580 5751 ipse
1617 5683 1756 5754 Aug.
1804 5692 1861 5738 at
1905 5683 1993 5738 die
2046 5682 2109 5737 ll

2214 5226 2397 5283 Nilum
2427 5226 2578 5285 Geou
2608 5236 2982 5297 nuncupatum
3003 5235 3248 5292 censent,
3278 5241 3377 5281 seu
3397 5225 3589 5282 Gehou
3612 5222 3745 5280 sumi

2215 5318 2571 5390 Epiphanius,
2618 5316 3006 5390 Hieronymus,
3043 5319 3387 5383 Ambrosius,
3425 5317 3742 5389 Augustinus,

2220 5410 2617 5473 Theodoretus,
2647 5408 2974 5475 Eucherius,
3012 5408 3278 5473 Isidorus,
3315 5408 3559 5466 Joannes
3592 5407 3745 5460 Dama-

2220 5517 2436 5568 scenus,
2471 5501 2751 5567 Rabanus,
2783 5500 3078 5571 Rupertus,
3106 5511 3160 5556 et
3187 5501 3303 5566 alii,
3330 5516 3471 5571 quos
3518 5501 3681 5561 citant,
3703 5503 3743 5549 et

2216 5602 2519 5663 sequuntur
2563 5593 3058 5658 Conimbricenscs,
3110 5603 3271 5649 tract.
3324 5594 3361 5649 9
3420 5595 3473 5648 in
3532 5591 3738 5649 luem.

2216 5700 2265 5738 ς.
2299 5684 2399 5749 10;
2437 5682 2637 5743 Ribera
2662 5685 2718 5739 in
2750 5684 2934 5752 Amos,
2969 5699 3020 5741 c.
3049 5700 3124 5752 vr,
3155 5686 3306 5739 num.
3338 5684 3447 5752 ﬂ;
3489 5678 3736 5739 cardinalis
