3852 6052
23 339 199 406 [369
1370 341 1469 402 DE
1506 342 1657 401 V'TA

1757 376 1782 405 ι.
1819 345 2007 407 NILl.
2584 334 2589 339 '
3193 313 3332 410 1370

28 451 391 507 st-llarmin.
440 449 513 506 De
552 452 730 522 gratia
758 449 918 520 primi
968 449 1215 519 hominis,
1261 466 1381 522 cap.
1415 453 1652 522 12η)το-
1679 464 1727 522 Α
1754 456 2155 511 Garmathoncs
2228 463 2284 512 ct
2341 453 2708 510 Thermutidis
2763 455 3129 528 synonymia).
3173 457 3329 525 Quod

23 542 204 597 ⁵«εειο
229 543 611 614 ,Septuaginta
653 542 710 597 in
740 556 791 598 c.
826 558 890 609 ll,
922 557 974 597 v.
1006 543 1097 609 l8,
1140 543 1390 599 Jeremize
1423 552 1647 599 vertunt
1752 561 1883 601 vero
1935 546 2155 617 quidam
2199 546 2444 601 scribant
2490 545 2667 599 (ἱοήοη
2692 585 2708 610 ,
2765 546 2931 615 aliqui
2990 547 3180 611 Gihon,
3238 551 3331 607 alii

24 633 220 689 "icon
279 634 497 701 Nilum,
540 634 635 689 ubi
685 634 900 705 vulgata
931 634 1132 699 versio,
1171 635 1390 702 ﬂumen.
1437 635 1651 688 Etenim
1754 636 2010 700 Ghichon,
2056 636 2301 691 nonnulli
2344 636 2533 701 aliter;
2578 636 2703 690 inde
2732 638 2997 705 provenit,
3028 639 3171 708 quod
3199 639 3331 695 cha—

24 722 258 779 Sebon
287 724 588 780 secundum
628 740 693 780 ex
720 732 957 795 quatuor
983 723 1303 779 ﬂuminibus
1339 740 1371 779 e
1400 725 1653 793 paradiso
1754 737 1992 783 racteras
2037 725 2333 782 llehraicos
2390 743 2497 781 non
2555 740 2747 783 onmes
2811 727 3001 782 iisdem
3050 730 3333 786 characte-

23 816 327 870 terrestri
388 816 841 886 promauantibus
891 813 1156 871 llebraice
1208 815 1471 875 scribitur
1512 808 1653 903 pm;
1754 817 1908 872 ribus
1960 816 2169 873 Latinis
2212 818 2539 887 exprimant,
2583 824 2637 870 et
2677 815 2839 871 etiam
2888 817 3032 886 quod
3068 833 3177 872 non
3208 834 3331 874 om-

23 920 213 987 [μιοά
252 919 535 990 Paguinus
558 935 625 975 ex
654 920 1029 976 characterum
1057 914 1443 976 Hebraicorum
1476 921 1529 975 vi
1556 936 1654 980 ex-

1757 922 1852 963 nes
1883 922 2005 962 eum
2035 907 2225 965 iisdem
2254 907 2470 977 punctis
2496 907 2696 977 legant,
2733 906 2784 961 id
2808 908 2953 977 quod
2981 908 3034 962 in
3060 908 3331 978 plerisque

23 1006 261 1073 primit
292 1005 490 1061 Latine
527 1004 762 1061 Gltichon
784 1047 801 1073 ,
832 1006 1062 1064 Genesis
1102 1006 1223 1062 loco
1257 1006 1518 1061 laudato:
1559 1006 1654 1060 de-

1757 997 1876 1053 aliis
1912 996 2544 1067 Hebraicisuominibus,
2577 1012 2700 1066 qua:
2750 995 2958 1053 Latinis
3002 998 3330 1053 characteri-

23 1096 296 1151 ducitur
347 1106 530 1151 autem
598 1097 671 1152 ab
715 1096 984 1155 Hebraica
1030 1098 1216 1154 radice
1273 1107 1367 1181 ΠΗ
1426 1098 1651 1167 gavaclt,

24 1200 220 1268 quod
277 1209 367 1257 est
398 1216 704 1271 erumpere,
737 1210 793 1257 et
822 1217 948 1258 cum
994 1202 1205 1274 impetu
1226 1217 1501 1257 emanare.
1548 1200 1653 1257 Alii

26 1292 358 1345 deducunt
587 1290 847 1359 Gucltan,
910 1292 1057 1364 quod
1135 1293 1405 1364 signiﬁcat
1470 1302 1652 1349 actum

27 1394 353 1465 reptilium
385 1396 743 1465 gradientium
789 1410 959 1467 super
1012 1405 1227 1467 pectus,
1272 1413 1340 1453 ac
1380 1407 1648 1463 ventrem,

30 1501 246 1555 seque
300 1487 632 1542 trahentium
692 1488 747 1543 in
803 1488 1214 1543 similitudinem
1265 1488 1433 1543 ﬂuvii.
1460 1488 1656 1554 {Quare

34 1577 329 1632 nonnulli
360 1579 787 1647 interpretantur
808 1579 997 1635 Gehon
1022 1589 1221 1649 pectus,
1253 1595 1351 1636 seu
1374 1590 1651 1647 ventrem;

34 1668 249 1724 Graeci
307 1671 604 1740 scriptores
630 1670 792 1739 γεῶν,
822 1685 933 1726 non
973 1671 1121 1742 quod
1162 1672 1408 1726 alludant
1438 1671 1503 1725 ad
1529 1672 1652 1741 γῆν,

39 1773 168 1814 seu
220 1763 409 1829 γαῖαν,
455 1760 665 1816 scilicet
721 1769 954 1825 terram,
998 1761 1141 1830 quod
1193 1759 1365 1815 Gra:ci
1404 1768 1657 1830 poterant

39 1852 317 1921 opinari,
363 1860 585 1923 propter
613 1852 829 1917 limum,
874 1863 932 1907 et
984 1852 1052 1908 ad
1099 1866 1287 1907 vocem
1332 1850 1652 1907 Hebraicam

1754 1085 1859 1142 bus
1892 1099 2149 1155 expressa
2196 1093 2345 1150 sunt,
2404 1083 2651 1138 videmus
2697 1084 3032 1154 contingere.
3064 1083 3176 1139 Nec
3222 1085 3332 1138 ullo

1754 1176 1919 1231 modo
1973 1175 2088 1231 diei
2140 1184 2320 1246 potest
2371 1173 2551 1229 Gelton
2597 1172 2859 1230 Hebraice
2914 1173 3102 1229 Nilum
3147 1175 3334 1230 Graece

1754 1268 2109 1333 reddendum,
2151 1284 2277 1324 cum
2315 1279 2444 1324 sunt
2498 1268 2613 1321 haec
2667 1267 2775 1322 duo
2833 1267 3055 1321 nomina
3104 1266 3335 1322 diversa

1755 1358 1982 1414 omnino
2008 1358 2451 1429 signiﬁcationis,
2487 1360 2616 1416 licet
2653 1359 2992 1430 applicentur
3022 1356 3197 1413 eidem
3226 1356 3333 1411 llu-

1755 1448 1910 1513 mini,
1939 1457 2001 1503 ut
2023 1448 2137 1519 jam
2167 1449 2373 1504 dictum
2419 1458 2537 1517 est;
2565 1451 2745 1507 ethoc
2792 1448 2989 1504 accidit
3016 1448 3070 1503 in
3112 1447 3330 1513 Albula,

1754 1547 1809 1595 et
1844 1538 2046 1604 Tiberi,
2070 1539 2124 1594 in
2159 1539 2416 1603 Eridano,
2439 1548 2494 1595 et
2517 1540 2685 1604 Pado,
2708 1548 2763 1595 et
2791 1539 3026 1594 caeteris.
3065 1538 3141 1593 lta
3168 1538 3331 1593 etiam

1756 1632 2005 1687 homines
2048 1647 2191 1701 saepe
2221 1640 2626 1701 nuncupantur,
2667 1632 2881 1687 duobus
2908 1629 3241 1693 nominibus,
3273 1636 3334 1682 ttt

1757 1720 1921 1778 Israel
1950 1732 2005 1778 et
2027 1721 2217 1786 Jacob,
2249 1720 2439 1777 Simon
2480 1730 2535 1778 et
2570 1722 2787 1786 Petrus,
2821 1730 2876 1776 et
2920 1720 3135 1790 reliqui,
3162 1732 3218 1775 et
3247 1728 3332 1773 ta-

1686 1828 1729 1883 Β
1759 1831 1881 1870 men
1910 1814 2126 1869 nonnisi
2166 1815 2350 1885 inepte
2380 1815 2687 1871 diceremus
2725 1828 2895 1869 unum
2922 1829 3120 1869 nomen
3159 1812 3329 1866 inter-

1756 1907 1955 1977 pretari
2003 1906 2255 1971 alterum,
2292 1907 2436 1961 sicut
2479 1905 2682 1977 Joseph
2730 1915 2814 1961 est
2864 1905 3133 1970 Crescens,
3165 1902 3332 1957 ludas

41 1944 524 2013 exprimendam,
573 1945 715 1999 sicut
742 1944 907 1999 etiam
946 1943 1077 1999 facit
1115 1943 1338 2000 Latinus
1361 1943 1655 2014 interpres,

52 2036 173 2104 qui
234 2050 344 2091 non
403 2036 528 2106 legit
588 2030 726 2124 fw;
779 2049 902 2091 cum
958 2036 1131 2091 vocali
1180 2035 1199 2089 i
1254 2034 1451 2103 longa,
1506 2034 1657 2090 scili-

47 2149 156 2195 cet
232 2141 400 2195 chiric
463 2140 622 2212 gadol
683 2141 740 2195 in
809 2140 986 2212 prima
1057 2140 1279 2206 littera,
1346 2140 1441 2194 sed
1518 2132 1658 2227 ᾐηνξ

48 2259 199 2299 cum
243 2244 420 2301 vocali
461 2254 613 2310 tsere,
660 2260 757 2302 seu
800 2262 829 2300 e
869 2246 1049 2317 longa,
1084 2246 1139 2300 in
1178 2260 1288 2315 quo
1315 2254 1422 2301 tam
1456 2244 1655 2309 Graeci,

52 2353 241 2405 quam
289 2336 467 2393 Latini
508 2337 854 2406 distinguunt
905 2337 1104 2393 ﬂumen
1147 2338 1254 2393 hoc
1297 2351 1551 2408 magnum
1588 2336 1656 2391 ab

51 2430 186 2483 alio
228 2427 452 2485 ﬂumine
480 2445 650 2499 parvo
672 2430 829 2501 juxta
869 2428 1195 2494 Jerusalem,
1226 2431 1373 2500 quod
1415 2432 1486 2485 ita
1521 2429 1657 2486 scri-

57 2519 228 2573 bitur
271 2534 302 2573 a
336 2520 610 2575 modernis
644 2519 903 2576 Rabbiuis
933 2514 1069 2603 fni;
1101 2519 1355 2577 Gltichon.
1386 2521 1473 2576 Fit
1503 2536 1656 2575 meu-

57 2624 151 2677 tio
198 2624 345 2680 illius
385 2624 423 2680 ι.
464 2625 531 2680 ιιι
586 2624 817 2694 Regum,
867 2641 919 2681 c.
954 2642 1002 2690 t,
1057 2643 1110 2681 v.
1154 2627 1259 2692 33,
1294 2627 1383 2681 tibi
1430 2624 1658 2679 Latinus

60 2715 354 2785 interpres
401 2716 634 2786 appellat
676 2717 808 2772 illud
858 2716 1051 2783 Gihon,
1102 2728 1156 2774 et
1194 2717 1369 2774 Graeci
1405 2716 1656 2772 similiter

60 2805 270 2871 Γειὼν,
300 2806 395 2876 qui
426 2805 623 2862 ﬂuvius
650 2806 757 2861 alio
779 2807 1003 2863 nomine
1030 2816 1259 2863 vocatur
1289 2805 1472 2868 Silue;
1506 2804 1653 2860 unde

62 2896 367 2954 Chaldaeus
414 2898 684 2983 interpres
738 2898 903 2953 habet
964 2883 1176 2983 κῃίῶηῤ
1242 2897 1495 2963 Scito/ta;
1555 2912 1656 2951 cu-

60 3005 168 3072 jus
208 3014 387 3059 exstat
420 2980 626 3060 mentio
672 3007 813 3077 apud
847 2980 1134 3069 Joannem,
1170 3018 1222 3057 c.
1264 3019 1352 3066 ιι,
1395 3019 1447 3057 v.
1480 3002 1534 3066 ’1,
1564 2999 1655 3055 ubi

66 3096 245 3148 etiam
310 3095 694 3165 interpretatur
744 3098 959 3151 missus.
1012 3094 1264 3149 Flumina
1312 3093 1459 3148 enim
1510 3105 1658 3161 saepe

1756 1999 2070 2067 Confessio,
2126 1997 2296 2053 Jacob
2342 1996 2765 2067 Supplantator;
2812 2012 3049 2068 quorum
3098 1996 3329 2050 alterum

1757 2100 1965 2140 nomen
1993 2094 2079 2140 est
2110 2086 2488 2155 interpretatio
2522 2088 2772 2141 alterius.
2820 2086 3071 2156 Abyssini
3107 2085 3329 2155 quidem

1756 2184 1953 2233 vocant
1975 2172 2159 2229 Nilum
2179 2175 2345 2230 hodie
2366 2174 2586 2245 Gujiou,
2619 2184 2753 2230 teste
2781 2174 3075 2230 Fraucisco
3105 2174 3331 2229 Alvarez

1758 2265 1903 2320 Hist.
1940 2264 2286 2335 Ethiopian,
2318 2281 2440 2335 cap.
2471 2265 2609 2333 122;
2643 2265 2785 2336 apud
2818 2263 3127 2321 Cornelium
3161 2280 3191 2319 a
3223 2264 3333 2325 La-

1758 2357 1882 2428 pide
1922 2356 1976 2411 in
2003 2372 2055 2412 c.
2090 2373 2126 2411 n
2166 2356 2366 2412 Genes.
2400 2357 2702 2422 laudatum,
2745 2357 2835 2411 ubi
2883 2356 3175 2427 respondet
3212 2354 3331 2426 plu-

1757 2464 1847 2503 res
1892 2447 2087 2503 ﬂuvios
2117 2446 2271 2503 Geon
2318 2446 2590 2501 nominari
2618 2447 2712 2501 lib.
2746 2447 2812 2501 lll
2848 2446 2980 2517 Reg.
3012 2462 3063 2501 c.
3093 2462 3133 2513 ι,
3163 2461 3214 2501 v.
3241 2445 3332 2508 35,

1756 2548 1812 2595 et
1850 2538 2205 2607 Paralipom.,
2237 2555 2410 2605 χχιιι,
2444 2553 2497 2592 v.
2530 2538 2632 2593 50:
2674 2546 2729 2593 et
2781 2537 3079 2601 concludit,
3120 2535 3331 2606 Tigrim

1755 2640 1812 2687 et
1840 2630 2172 2702 Euphratem
2224 2631 2395 2699 coire,
2440 2643 2504 2685 ac
2540 2645 2733 2686 rursus
2783 2629 2971 2696 dividi,
3009 2638 3063 2685 et
3108 2629 3161 2683 in
3193 2628 3333 2683 duos

1757 2724 1834 2780 ita
1865 2724 2072 2780 divisos
2102 2724 2325 2779 nomina
2361 2725 2700 2788 submutare,
2725 2721 3058 2791 Phasimque
3081 2719 3333 2787 vocitari,

1758 2832 1854 2872 seu
1888 2815 2255 2887 Phasitigrim,
2292 2830 2461 2869 unum
2505 2812 2897 2871 circumeundo
2934 2823 3138 2868 terram
3167 2810 3336 2864 Hevi-

1756 2906 1891 2973 lath,
1928 2908 2167 2963 ethunc
2219 2921 2342 2962 esse
2393 2906 2639 2970 Phison;
2689 2905 2945 2969 alterum,
2990 2904 3333 2958 nominatum

1757 2997 1929 3064 Geon,
1970 2996 2227 3051 Arabiam
2257 2997 2554 3061 desertam,
2584 2996 2730 3050 circa
2762 3008 2930 3063 quam
2962 3001 3016 3047 et
3049 2990 3327 3059 Ethiopia

1755 3095 1859 3152 est,
1920 3085 2322 3149 circumﬂuere,
2374 3086 2675 3153 ambosque
2723 3084 2779 3138 in
2841 3082 3022 3138 sinum
3058 3079 3335 3136 Persicum

72 3187 288 3240 habent
318 3160 474 3256 plura
524 3188 773 3253 nomina,
800 3186 963 3241 veluti
1015 3201 1165 3240 mare
1209 3184 1479 3248 Rubrum,
1508 3160 1657 3253 quod
1682 3160 1724 3218 (ἶ
1757 3175 1957 3239 delabi,
2021 3183 2186 3243 atque
2218 3172 2285 3227 ad
2325 3173 2479 3227 illum
2524 3170 2913 3232 conﬂuentem,
2955 3172 3070 3225 sive
3100 3169 3336 3224 insulam

72 3274 348 3331 ltebraice
395 3275 589 3330 dicitur
628 3286 728 3362 ξιτ.)
760 3286 826 3359 ιη
886 3275 1012 3330 1am
1070 3274 1238 3341 Suph,
1282 3274 1334 3329 id
1385 3283 1470 3329 est
1502 3289 1656 3330 mare

72 3381 293 3434 Caricis
340 3396 369 3434 a
430 3380 780 3435 multitudine
835 3380 1111 3444 caricum,
1160 3388 1215 3434 et
1266 3379 1451 3435 Graece
1497 3379 1657 3450 Ἐρυ-

74 3471 295 3541 θραίον,
333 3468 710 3540 Erythraaum,
769 3470 854 3525 vel
907 3491 938 3523 a
992 3484 1115 3539 rege
1163 3468 1426 3540 Erythra,
1469 3470 1552 3522 vel
1588 3467 1657 3522 ab

74 3560 268 3615 arenis
296 3560 495 3614 rubris.
521 3562 588 3613 Et
624 3561 724 3614 hoc
768 3560 947 3630 ipsqu
978 3559 1200 3625 Gehou,
1234 3560 1302 3614 de
1328 3575 1438 3629 quo
1479 3557 1658 3627 loqui-

76 3663 231 3713 mur,
263 3645 461 3701 ﬂumen
491 3646 725 3716 paradisi
758 3662 787 3699 a
819 3646 1027 3710 multis,
1073 3646 1527 3716 gravissimisque
1553 3659 1656 3698 au-

78 3738 325 3795 ctoribus
346 3738 508 3792 etiam
545 3738 697 3793 Nilus
720 3739 1038 3807 appellatur,
1066 3738 1148 3792 vel
1176 3753 1206 3791 a
1241 3752 1366 3808 rege
1399 3735 1541 3801 Nilo,
1571 3735 1657 3792 vel

78 3829 233 3898 quod
262 3828 482 3883 assidue
511 3841 692 3882 secum
721 3830 897 3882 trahat
1126 3828 1253 3881 νέαν
1285 3826 1420 3894 ἰλὺν,
1462 3826 1516 3880 id
1550 3834 1654 3891 est,

82 3936 273 3974 norum
305 3919 509 3983 limum,
550 3920 627 3972 uti
663 3920 921 3987 prastatus
943 3936 1063 3974 sum
1095 3938 1109 3973 :
1145 3921 1240 3974 sed
1268 3920 1336 3974 de
1366 3921 1469 3974 hoc
1495 3920 1657 3973 modo

82 4024 201 4061 non
246 4008 483 4077 disputat
533 4005 596 4058 R.
626 4005 687 4062 P.
736 4006 1045 4063 Ludovicus
1089 4006 1390 4062 Maraccius
1446 4006 1657 4061 Lucen-

84 4099 171 4154 sis
210 4114 240 4152 e
278 4102 693 4169 congregatione
737 4099 1061 4155 clericorum
1109 4099 1435 4170 regularium
1472 4096 1659 4153 Matris

87 4188 210 4253 Dei,
247 4204 274 4241 a
310 4204 418 4257 quo
451 4190 569 4246 base
600 4190 780 4256 hausi,
809 4189 894 4243 vir
930 4189 1296 4258 complurium
1349 4190 1656 4260 linguarum

86 4278 465 4348 peritissimus,
504 4288 559 4334 et
586 4294 712 4334 vere
742 4278 867 4350 pius
923 4293 988 4333 ac
1020 4279 1332 4348 religiosus.
1360 4280 1427 4333 Et
1449 4280 1516 4333 de
1541 4279 1661 4333 Nilo

86 4369 226 4423 satis
270 4383 539 4439 superque
585 4366 691 4422 Leo
726 4367 958 4423 Allatius
991 4367 1047 4421 iu
1081 4381 1181 4422 sua
1232 4367 1495 4433 Diatriba,
1535 4382 1662 4437 rege

86 4472 301 4526 nempe,
343 4472 373 4512 a
412 4472 522 4528 quo
555 4456 736 4511 Nilum
768 4457 991 4512 ﬂuvium
1027 4457 1263 4512 traxisse
1295 4457 1410 4512 vult
1435 4472 1656 4521 nomen,

88 4566 253 4622 quem
282 4551 576 4618 Oceanum,
620 4553 893 4624 Aquilam,
940 4551 1156 4616 Melam,
1195 4549 1510 4622 Egyptum,
1539 4549 1662 4605 Tri-

91 4655 294 4708 tonem,
324 4645 649 4713 tandemque
698 4643 878 4698 Nilum
917 4658 948 4698 e
979 4642 1274 4700 Plutarcho
1317 4644 1374 4699 iu
1416 4643 1555 4699 libro
1584 4642 1662 4697 De

91 4736 393 4806 ﬂuminibus
420 4736 605 4803 tradit,
634 4736 997 4806 appellatum;
1026 4742 1081 4790 et
1105 4751 1169 4797 ex
1199 4734 1470 4790 Eustathii
1492 4733 1667 4790 Seba--

93 4831 187 4885 liis
219 4829 268 4882 iu
294 4827 534 4897 Dionysii
557 4828 673 4884 Afri
704 4829 1058 4898 Περιήγησιν,
1079 4829 1174 4883 sed
1192 4828 1339 4897 quod
1367 4842 1490 4881 eum
1520 4826 1659 4882 Gar-

93 4915 371 4970 mathones
404 4913 623 4985 IEgypti
657 4915 858 4982 regina:
889 4913 1088 4979 virum,
1121 4913 1237 4969 sive
1281 4914 1450 4969 ﬁlium
1481 4914 1656 4981 aiunt,

93 5015 417 5062 asserentem
468 5006 617 5059 illum
652 5005 825 5061 fuisse
863 5005 1234 5062 Thermutidis
1268 5007 1388 5061 tiliae
1415 5005 1659 5061 Pharao-

95 5093 186 5147 nis
212 5091 342 5160 regis
392 5089 616 5162 IEgypti
654 5090 863 5158 virum;
908 5091 989 5147 sic
1018 5091 1220 5146 etenim
1256 5102 1456 5147 vocant
1494 5093 1658 5147 tiliam

99 5180 238 5248 regis
254 5180 518 5250 losephus
545 5182 600 5236 in
621 5180 1331 5252 Antiquitatibusludaic.et
1348 5183 1404 5241 S.
1426 5182 1659 5253 Epipha-

104 5271 432 5328 niushteres.
457 5272 546 5328 78.
582 5274 1031 5344 apud.Salianum
1060 5274 1113 5328 in
1148 5274 1397 5329 Annalib.
1430 5275 1500 5329 ab
1524 5275 1658 5330 orbe

99 5362 305 5418 condito
332 5364 399 5418 ad
445 5380 652 5418 annum
686 5366 879 5421 mundi
927 5365 1089 5432 2464,
1120 5381 1176 5422 n.
1210 5367 1304 5431 υς
1345 5381 1511 5437 quam
1540 5367 1653 5434 alii,

102 5469 285 5524 nempe
329 5453 596 5513 Eusebius
651 5458 749 5514 lib.
794 5475 850 5514 ιι
898 5457 978 5514 De
1016 5466 1304 5529 purpurat.
1332 5459 1647 5530 evangelica,

100 5560 217 5615 cap.
268 5546 319 5612 4,
376 5545 615 5613 Merrin,
674 5559 728 5605 et
776 5559 968 5606 auctor
1009 5551 1252 5606 chronici
1301 5549 1653 5607 Alexandrini

105 5636 322 5691 Merrln‘n
378 5639 693 5709 appellant;
749 5650 866 5698 erat
892 5652 1073 5699 autem
1112 5643 1347 5709 sterilis,
1397 5643 1537 5699 sicut
1585 5645 1654 5701 le-

107 5730 240 5799 gitur
296 5729 511 5785 ibidem.
573 5731 800 5801 (Suadet
854 5736 992 5792 hanc
1052 5751 1229 5793 meam
1295 5737 1649 5794 assertionem

1757 3267 2007 3323 Teredon
2051 3264 2224 3321 fuisse
2280 3272 2596 3319 terrestrem
2645 3263 2957 3333 paradisum
3005 3276 3036 3315 e
3082 3259 3335 3325 Pererio,

1755 3355 2023 3419 Oleastro,
2052 3352 2363 3424 Eugubino,
2389 3353 2637 3417 Vatablo,
2666 3361 2721 3407 et
2749 3352 3010 3407 Jausenio
3066 3353 3120 3405 in
3151 3366 3202 3406 c.
3233 3348 3338 3403 145

1757 3452 2067 3507 Concordite
2089 3450 2420 3518 evangelicae,
2445 3448 2687 3503 Gerardo
2716 3448 3041 3510 Mercatore,
3074 3462 3139 3501 ac
3165 3448 3339 3501 Abra-

1758 3543 1920 3596 hamo
1947 3538 2257 3595 Ortelio‘De
2302 3537 2415 3592 Nili
2446 3538 2705 3607 fontibus,
2742 3548 2790 3592 et
2813 3540 2990 3592 causis
3024 3536 3339 3591 inundatis-

1757 3634 1872 3699 nis;
1913 3633 2141 3699 Seneca,
2190 3632 2289 3687 lib.
2333 3647 2385 3685 tv
2416 3630 2617 3686 Natur.
2663 3639 2851 3701 quwst.
2898 3631 2922 3684 l
2974 3638 3030 3684 et
3056 3630 3126 3695 2;
3163 3629 3327 3693 Plin.,

1758 3721 1853 3777 lib.
1896 3738 1949 3788 v,
1979 3737 2099 3792 cap.
2144 3723 2177 3777 9
2228 3720 2458 3788 Natur.“
2475 3722 2599 3775 hist.
2635 3729 2691 3777 et
2725 3722 2921 3775 librum
2958 3719 3162 3775 Gallice
3206 3722 3339 3773 cuu-

1758 3814 1977 3884 scripsit
2016 3813 2287 3869 archiater
2314 3813 2723 3869 eruditissimus
2756 3812 2819 3868 D.
2853 3813 2921 3867 de
2962 3813 3009 3865 la
3040 3810 3332 3865 Chambre.

1757 3903 1965 3960 Nomen
2010 3901 2113 3957 Nili
2161 3902 2299 3958 forte
2329 3901 2431 3957 fuit
2474 3900 2788 3970 impositum
2844 3898 2967 3953 Nilo
3010 3897 3209 3961 abbati,
3254 3895 3338 3949 vel

1758 3993 1962 4050 ominis
1985 4007 2153 4048 causa
2177 3991 2363 4064 ω,
2409 3992 2536 4062 quia
2569 3991 2788 4062 eloquio
2830 4006 2932 4046 suo
2973 3990 3338 4043 iuundaturus

1759 4095 1877 4140 erat
1900 4084 2078 4138 aulam
2106 4082 2536 4153 imperatoriam,
2559 4083 2781 4151 suisque
2808 4080 3030 4137 monitis
3054 4090 3108 4133 et
3134 4093 3336 4148 praece-

1761 4175 1887 4245 ptis,
1922 4180 2280 4242 posteaquam
2328 4172 2398 4225 ab
2440 4185 2503 4225 ea
2545 4170 2788 4233 recessit,
2816 4178 2871 4224 et
2909 4169 2976 4222 ad
3009 4178 3189 4222 castra
3220 4181 3335 4220 cte-

1760 4263 1906 4319 lestis
1933 4262 2096 4333 Regis
2122 4276 2309 4332 regum
2333 4259 2602 4325 transivit,
2628 4260 2799 4328 ipsius
2821 4272 3031 4321 servos,
3060 4265 3115 4310 et
3143 4270 3335 4309 mona-

1760 4356 1911 4422 chos,
1948 4354 2239 4424 ﬂdelesque
2278 4366 2492 4414 omnes,
2527 4360 2584 4406 et
2617 4349 2868 4420 speciosa
2898 4348 3101 4404 deserti
3141 4347 3339 4401 fecun-

1760 4447 2021 4514 daturus,
2079 4454 2135 4500 et
2186 4444 2651 4515 impinguaturus.
2711 4440 2905 4496 Omnia
2942 4440 2997 4494 in
3049 4441 3154 4494 hoc
3202 4437 3339 4491 orbe

1765 4547 2028 4594 terrarum
2062 4536 2345 4593 subluuari
2376 4534 2636 4591 volubilia
2662 4542 2791 4589 sunt
2829 4540 2992 4603 atque
3026 4529 3334 4593 mutabilia,

1761 4629 1905 4682 sicut
1941 4635 1994 4681 et
2024 4626 2152 4681 luna
2182 4626 2378 4692 variat,
2420 4632 2585 4694 atque
2616 4630 2879 4688 mutatur,
2923 4620 3146 4675 nomina
3198 4633 3336 4687 prte-

1762 4719 1952 4775 sertim
1978 4719 2289 4789 regionum,
2321 4726 2375 4773 et
2401 4715 2713 4779 ﬂuminum,
2745 4713 2891 4768 sicut
2920 4721 2974 4766 et
3004 4711 3107 4781 ipsi
3172 4710 3332 4771 situs,

1762 4820 1925 4880 atque
1950 4824 2146 4873 cursus
2180 4807 2414 4863 induunt
2440 4821 2611 4861 novas
2652 4803 2851 4860 facies:
2879 4803 3206 4873 quibusdam
3232 4800 3335 4853 ﬂu-

1761 4901 2001 4955 minibus
2042 4901 2263 4955 nomina
2294 4898 2467 4953 indita
2500 4896 2724 4953 fuerunt
2760 4896 2830 4950 ab
2874 4893 3188 4949 hominibus
3238 4891 3336 4946 de-

1760 4996 1975 5061 mersis,
1999 5006 2093 5049 aut
2122 4996 2191 5049 ah
2237 4996 2344 5049 alio
2380 5009 2532 5056 casu,
2571 5002 2628 5047 ut
2666 4991 2961 5045 indicatum
3021 4988 3162 5042 fuit:
3235 4986 3338 5039 ho-

1759 5086 1935 5142 mines
1967 5087 2069 5156 ipsi
2102 5102 2320 5156 quoque
2348 5104 2380 5141 a
2426 5084 2742 5139 ﬂuminibus
2796 5098 2859 5138 ea
2894 5079 3123 5135 mutuati
3183 5086 3332 5142 sunt,

1761 5176 2063 5241 Potentius,
2103 5179 2428 5248 Euphrates,
2479 5177 2730 5248 Tygrius,
2770 5172 3109 5235 Rhodauius,
3144 5178 3198 5223 et
3241 5167 3336 5221 Ni-

1759 5268 1867 5325 lus.
1923 5267 2036 5339 Ego
2071 5284 2201 5325 vero
2234 5269 2286 5322 in
2318 5284 2438 5323 eam
2471 5266 2630 5323 facile
2687 5265 3011 5322 sententiam
3068 5261 3331 5323 adducor,

1759 5369 1816 5415 ut
1844 5374 1968 5415 eum
2007 5375 2039 5414 a
2085 5359 2400 5430 parentibus
2439 5358 2768 5414 Christianis
2826 5354 3167 5425 progenitum
3208 5364 3330 5402 cre-

1760 5458 1909 5523 dam,
1940 5458 2034 5529 qui
2065 5472 2264 5513 nomen
2296 5455 2425 5523 Nili,
2465 5454 2685 5525 quando
2717 5452 2890 5508 sacris
2951 5447 3171 5502 ablutus
3230 5442 3331 5497 fuit

1757 5549 1937 5619 aquis,
1968 5549 2080 5604 ﬁlio
2107 5563 2209 5604 suo
2263 5548 2551 5611 dederunt,
2612 5552 2674 5598 ut
2724 5538 3019 5609 Pansopbii
3075 5533 3334 5618 martyris

1756 5642 2108 5698 Alexandrini
2138 5642 2241 5698 sub
2292 5637 2573 5709 Augustali
2612 5633 2845 5706 praeside
2900 5628 3071 5701 passi,
3122 5636 3327 5695 marty-

1756 5737 1931 5807 riique
1975 5736 2157 5801 laurea
2202 5733 2444 5791 coronati
2471 5731 2618 5802 (cum
2666 5726 2863 5784 Decius
2919 5723 3219 5792 imperator
3274 5717 3331 5771 in
