3852 6052
550 302 682 369 1371

1263 315 1412 376 JOS.
1450 317 1713 378 MARI/E
1752 317 2105 378 SUARESII
2144 316 2375 381 LIBER
2411 324 3042 401 CHRONOLOGICUS

3653 348 3749 413 1373

547 414 892 473 Christianos
922 423 1356 489 persecutionem
1390 428 1668 493 morisset,
1696 438 1752 483 et
1793 444 1909 496 eos,
1944 444 2109 499 quam
2139 437 2184 485 A
2345 433 2543 529 public.
2581 443 2772 498 eodem
2811 445 3030 505 Codice.
3070 450 3417 512 Bibliotheca;
3439 474 3651 528 quoque
3677 482 3749 529 pu-

549 507 658 563 late
688 509 990 566 Romanum
1019 515 1239 583 patebat
1279 517 1567 587 imperium
1617 521 1908 577 crudeliter
1969 524 2114 579 inse-

548 606 832 672 ctaretur),
871 613 1071 673 patrem
1104 604 1284 661 Nilum
1315 611 1694 678 proconsulem
1738 608 1936 668 imitari
1986 629 2115 683 pos-

549 700 651 757 set,
683 692 901 761 pietate,
933 710 998 751 ac
1040 697 1259 763 virtute,
1291 700 1421 769 quin
1447 710 1501 754 et
1524 700 1691 756 lilium
1743 702 2114 772 Pansopltium

549 796 712 850 opum
749 784 1124 855 despicientia,
1160 804 1488 860 secessuque
1527 794 1581 847 in
1641 795 2014 861 solitudinem,
2062 805 2118 851 et

552 872 751 929 invicta
789 880 1094 933 constantia
1131 893 1479 950 exazquaret;
1513 885 1671 954 cujus
1699 895 1973 941 certamen
2001 888 2117 957 glo-

549 964 779 1029 riosum,
824 976 880 1022 et
930 970 1208 1025 victoriam
1235 974 1421 1029 Graeca
1478 975 1681 1032 Menam
1735 980 2117 1035 concelebrant

550 1056 638 1110 die
689 1058 757 1112 l5
776 1058 1041 1127 Januarii,
1082 1074 1134 1117 et
1164 1079 1262 1118 vox
1298 1065 1385 1119 illa
1411 1067 1630 1123 insonat
1675 1069 1911 1125 fidelium
1969 1073 2119 1127 auri-

550 1146 655 1203 bus
718 1158 979 1205 :eternum
1036 1157 1437 1213 memoranda:
1475 1158 1836 1229 Pansoplu'um
1890 1163 2116 1231 amplius

550 1236 736 1289 credite
772 1238 1159 1312 (impostores),
1217 1245 1295 1298 sic
1341 1246 1481 1301 enim
1526 1249 1609 1301 illi
1660 1250 1839 1315 plures
1883 1252 2115 1319 plectett's

549 1324 808 1390 corollas,
843 1328 955 1382 imo
990 1331 1170 1400 potius
1207 1334 1521 1405 episcopum
1569 1337 1883 1409 Egyptium
1911 1340 2115 1408 Nilum,

548 1413 617 1468 de
645 1429 753 1483 quo
778 1412 1063 1486 Eusebius,
1091 1421 1213 1481 lib..
1241 1440 1358 1488 VIII,
1408 1441 1529 1496 cap.
1602 1428 1692 1493 21,
1744 1432 1873 1499 agit,
1911 1435 2119 1502 quique

548 1505 691 1573 apud
712 1505 1053 1565 Palaestinam
1080 1513 1329 1585 incendio
1350 1527 1727 1575 concrematus
1759 1521 1881 1590 fuit,
1909 1523 2118 1581 Diocle-

548 1596 698 1651 tiano
748 1597 963 1657 furente
991 1603 1252 1662 adversus
1291 1623 1489 1665 nomen
1546 1612 1938 1682 Christianum,
1985 1618 2115 1674 dum

546 1689 834 1757 praefectus
873 1697 1169 1764 provinciae
1197 1700 1265 1756 de
1292 1703 1728 1763 Christianorum
1769 1714 2116 1770 successibus
2150 1746 2159 1770 ς

548 1780 879 1841 felicissimis
903 1786 1297 1847 Diocletianum
1328 1796 1617 1853 certiorem
1669 1799 1908 1871 fecisset,
1956 1807 2115 1876 cujus

496 1886 499 1889 ‘
545 1873 821 1940 mandato,
854 1875 900 1932 is
943 1880 1035 1948 qui
1065 1884 1295 1939 metallis
1352 1889 1609 1943 ernendis
1666 1904 1887 1961 operam
1930 1873 2112 1963 dabat,

543 1959 725 2017 Nilum
756 1980 883 2020 cum
910 1968 1084 2026 tribus
1111 1972 1256 2037 aliis,
1292 1973 1454 2033 Peleo
1484 1959 1720 2036 scilicet
1762 1982 1950 2040 itidem
2001 1959 2117 2058 cpi-'-

544 2067 713 2122 scopo
739 2053 1016 2127 Egyptio,
1050 2070 1105 2116 et
1129 2061 1245 2117 Elia
1270 2067 1608 2137 presbytero,
1638 2081 1800 2141 atque
1823 2053 2115 2133 studiosis-

544 2142 686 2198 simo
716 2146 1111 2217 Patermuthio,
1147 2168 1245 2209 seu
1278 2155 1435 2213 Patre
1462 2158 1654 2229 Mutio,
1709 2163 1775 2217 ad
1812 2165 1966 2221 illum
2018 2170 2111 2239 qui

543 2247 777 2303 praeerat
802 2242 1132 2300 exercitibus
1149 2247 1437 2320 ablegavit,
1468 2252 1593 2309 aliis
1624 2254 1679 2309 in
1707 2255 1963 2328 Cyprum,
1994 2261 2114 2318 aliis

544 2327 601 2380 iu
650 2327 917 2387 Libanum
956 2335 1275 2406 deportatis.
1317 2341 1388 2396 At
1416 2343 1521 2400 iste
1547 2347 1658 2401 dux
1714 2327 1992 2420 copiarum
2019 2352 2115 2408 Ni-

546 2421 659 2475 lum
718 2439 837 2480 cum
904 2429 1200 2486 comitibus
1249 2433 1457 2491 addixit
1518 2436 1651 2508 igni,
1713 2456 1875 2511 quem
1930 2453 2111 2500 tamen

536 2515 758 2569 athleta:
801 2515 1023 2586 Christi,
1078 2536 1203 2577 cum
1247 2525 1423 2594 major
1450 2538 1596 2583 esset
1634 2530 1779 2587 intus
1810 2535 1910 2600 vis,
1942 2545 1996 2590 et
2025 2551 2113 2591 ar-

540 2603 642 2658 dor
693 2610 895 2666 amoris
932 2626 1059 2683 erga
1118 2630 1305 2671 verum
1353 2618 1549 2686 Deum,
1598 2624 1863 2694 sanguine
1890 2642 1991 2681 suo
2022 2643 2115 2697 ge-

540 2709 736 2752 nerose
763 2702 1148 2760 occumbentes
1178 2709 1559 2766 exstinxerunt
1584 2730 1599 2780 ;
1653 2725 1714 2769 ut
1746 2730 1778 2771 e
1805 2714 2111 2788 Nicephoro

540 2804 662 2847 ace
716 2793 1020 2865 Menologio
1083 2798 1270 2859 Graeco
1325 2804 1529 2862 Canisii
1580 2809 1851 2881 colligitur
1905 2813 1973 2865 27
2024 2815 2114 2870 die

542 2881 839 2952 Septemb.,
872 2898 971 2945 ete
999 2890 1298 2949 Florentin.
1316 2895 1592 2969 Martyrol.
1616 2900 1843 2959 anensi
1862 2904 1928 2959 l9
1958 2904 2107 2976 Sept.

540 2971 703 3030 Istius
727 2976 830 3033 Nili
861 2984 1116 3052 martyris
1144 2992 1198 3039 et
1218 2987 1388 3055 episc.
1425 3005 1625 3062 corpus
1640 2994 1984 3063 requiescere
2002 2971 2110 3053 Ro-

2216 516 2371 574 blica:
2408 523 2743 595 visebantur,
2784 544 2837 588 et
2894 536 3315 612 bibliothecarii;
3356 561 3387 600 e
3444 516 3641 615 quibus
3677 516 3747 607 illa

2217 610 2555 672 nobilissima
2586 619 2832 679 Basilisci
2854 629 2955 682 sub
2982 631 3211 701 imperio
3234 636 3608 708 conflagravit,
3633 646 3749 710 Cujus

2216 704 2514 761 meminere
2547 708 2899 782 Themistius,
2944 730 3081 774 orat.
3115 722 3200 787 l5,
3242 704 3485 783 Zonaras
3580 741 3632 784 et
3675 704 3748 788 (ξε-

2217 793 2442 853 drenus.
2491 796 2605 855 Sub
2635 802 2944 863 Theodosio
2976 811 3082 866 isto
3116 813 3340 883 juniore
3391 820 3537 888 Aug.
3602 838 3750 877 recen-

2217 898 2406 945 sentur
2432 892 2525 949 lib.
2565 911 2582 949 ι
2644 897 2722 952 De
2750 902 2974 970 profess.
3013 910 3353 975 grammatici
3420 910 3749 969 Gnecillclla-

2218 978 2364 1044 dius,
2415 993 2472 1038 et
2511 985 2780 1057 Syrianus
2822 1010 2838 1059 ;
2900 994 3151 1064 Latinus,
3184 1000 3565 1072 TbeOphilus;
3604 1010 3749 1073 Sophi-

2217 1080 2318 1127 ste:
2354 1072 2615 1132 Martinus
2653 1087 2710 1134 et
2763 1080 3070 1153 Maximus;
3098 1088 3479 1159 jurisperitus,
3512 1072 3745 1149 Leontius.

2216 1159 2388 1217 Erant
2423 1165 2744 1236 antiquarii,
2785 1182 2840 1227 et
2869 1177 3126 1233 custodes
3152 1180 3505 1236 bibliothecae
3540 1184 3605 1236 ad
3634 1188 3747 1237 cali.

2217 1265 2308 1307 ces
2358 1261 2783 1328 componendus,
2840 1265 2925 1319 vel
2978 1282 3079 1336 pro
3132 1279 3404 1327 vetustate
3459 1276 3750 1343 reparandas

2217 1345 2320 1398 sub
2367 1343 2771 1427 Valentiniano,
2812 1353 3054 1425 Valente,
3121 1375 3186 1416 ac
3246 1364 3538 1429 Gratiano,
3569 1364 3603 1419 I.
3630 1383 3660 1419 ιι
3699 1368 3747 1421 De

2217 1432 2362 1489 stud.
2394 1424 2609 1493 liberal.
2631 1442 2755 1497 eod.
2798 1444 2970 1514 Cod.,
3033 1458 3269 1518 quatuor
3327 1424 3536 1518 Graeci,
3577 1464 3628 1508 et
3672 1469 3747 1512 ire

2217 1524 2419 1583 Latini.
2444 1528 2563 1585 Non
2616 1533 2792 1590 defuit
2842 1538 3011 1609 igitur
3065 1544 3282 1600 occasio
3325 1546 3615 1601 erudiendi
3657 1548 3747 1612 bili,

2218 1619 2560 1701 proiecitque
2596 1625 2733 1681 adeo
2781 1630 2836 1683 in
2882 1632 3217 1701 eloquentia,
3276 1636 3538 1706 jurisque
3579 1640 3749 1707 peritia,

2222 1719 2283 1765 ut
2326 1716 2588 1771 meruerit
2625 1719 2779 1775 urbis
2834 1722 3236 1793 praefecturam,
3290 1727 3749 1799 Constantinopolis

2218 1802 2488 1859 videlicet.
2529 1804 2760 1863 Dederat
2814 1820 2896 1867 tot
2932 1816 3230 1882 specimina
3272 1817 3385 1886 jam
3470 1818 3526 1873 in
3576 1822 3749 1888 pulsae

2215 1893 2566 1963 scholastico,
2595 1908 2650 1954 et
2680 1901 3070 1960 umbratilibus
3095 1908 3602 1977 exercitationibus,
3629 1923 3751 1980 atque

2213 1983 2698 2047 declamationibus
2766 2008 2874 2063 qua
2921 1998 3288 2065 perspicaciae,
3353 2014 3472 2068 qua
3536 2000 3749 2055 facundi:

2215 2088 2348 2141 suae,
2386 2077 2518 2145 quin
2557 2080 2848 2148 aequitatis,
2889 2094 3050 2153 atque
3077 2088 3467 2154 rectitudinis;
3535 2089 3747 2159 juvenili-

2213 2182 2320 2237 que
2347 2166 2401 2221 in
2439 2180 2595 2225 aetate
2624 2172 2988 2230 maturitatem
3028 2192 3241 2232 morum
3280 2189 3497 2234 tantam
3565 2195 3747 2249 expres-

2214 2266 2379 2323 serat,
2423 2267 2481 2312 ut
2522 2259 2746 2317 ﬂoribus
2782 2267 3129 2333 prmcessisse
3187 2267 3402 2323 fruetus
3464 2270 3748 2325 mirarentur

2214 2350 2489 2405 universi:
2537 2353 2803 2421 probitas,
2835 2356 3048 2429 religio,
3080 2368 3267 2429 totque
3317 2361 3444 2414 alia:
3476 2361 3638 2414 animi
3666 2364 3749 2415 eii-

2214 2442 2337 2497 mite
2374 2443 2531 2499 dotes
2566 2446 2718 2500 illum
2747 2448 3111 2514 adornabant,
3145 2459 3205 2504 ut
3236 2454 3469 2521 praemia
3512 2452 3647 2507 ultro
3663 2453 3745 2520 jam

2213 2545 2587 2602 exposcerent.
2609 2535 2797 2606 Neque
2821 2553 3017 2607 passus
3045 2539 3341 2610 imperator
3370 2542 3641 2598 Arcadius
3661 2556 3748 2597 un-

2214 2631 2328 2679 tum
2356 2626 2531 2681 virum
2563 2627 2770 2684 diutius
2797 2630 2992 2695 latere,
3025 2630 3077 2685 in
3126 2632 3303 2689 lucem
3361 2634 3577 2703 eduxit,
3612 2646 3657 2690 et
3704 2638 3747 2690 aii

2213 2716 2590 2786 praefecturam
2620 2720 2769 2775 urbis
2809 2732 2939 2776 tunc
3000 2724 3341 2793 regnatricis,
3390 2742 3522 2797 qua:
3578 2728 3747 2782 culmen

2214 2818 2298 2863 est
2340 2808 2691 2878 dignitatum,
2730 2822 3063 2884 vocaturque
3094 2815 3342 2885 βασιλεία
3370 2819 3698 2889 ἀπόρφυρος,
3715 2821 3747 2872 ιιι

2212 2908 2318 2966 est,
2349 2900 2623 2967 imperium
2654 2904 2849 2972 absque
2877 2920 3133 2973 purpura,
3168 2907 3362 2961 merito
3378 2908 3663 2977 plaudente
3682 2926 3747 2979 po-

2214 2990 2365 3061 pulo,
2412 3002 2712 3062 senatuque
2735 2994 3004 3063 gaudente
3034 2997 3303 3065 provexit,
3343 3000 3485 3053 etin
3519 3000 3617 3055 hac
3652 3016 3749 3069 pre-

542 3078 646 3119 mat
682 3066 737 3120 in
771 3065 1154 3127 Sancto-Sixto
1178 3076 1266 3130 via
1312 3078 1488 3149 Appia
1538 3082 1607 3135 ad
1647 3082 1887 3140 intimam
1929 3086 2103 3143 Pisci-
2137 3098 2181 3158 ο
2211 3082 2357 3139 celsa
2388 3082 2520 3138 base
2553 3084 2716 3139 veluti
2756 3085 2972 3154 signum
3000 3087 3298 3158 expolitum
3340 3089 3577 3158 alfabre,
3620 3096 3749 3146 οιιιιιίο

543 3170 671 3210 nam
700 3157 756 3212 in
798 3157 944 3217 Valle
976 3166 1281 3233 oppositam
1315 3168 1567 3227 Thermis
1598 3173 1882 3241 Antonini,
1948 3180 2107 3237 docet

540 3247 823 3319 inscriptio
860 3253 1001 3323 apud
1033 3255 1418 3327 Martinellum,
1458 3277 1513 3332 p.
1542 3264 1647 3319 506
1687 3266 1869 3321 Romae
1915 3286 2103 3339 sacra’,

538 3353 663 3394 cum
702 3341 823 3397 aliis
845 3345 1240 3415 compluribus.
1279 3349 1525 3409 lnitiatus
1554 3369 1683 3425 ergo
1720 3356 1958 3427 Christo,
1998 3373 2052 3418 et
2075 3379 2106 3419 a

538 3434 857 3499 parentibus
893 3437 1158 3495 educatus
1186 3442 1509 3509 honorifice,
1546 3462 1649 3502 nec
1703 3450 1887 3507 minus
1935 3455 2106 3510 mori-

538 3523 643 3578 bus
678 3540 842 3595 quam
876 3528 1069 3585 litteris
1102 3532 1363 3600 imbutus,
1408 3536 1610 3608 ingenii
1661 3543 1869 3598 cultum
1900 3549 2103 3617 ccepit:

539 3628 667 3667 nam
704 3614 1177 3691 Constantinopoli
1217 3622 1483 3682 ﬂorebant
1511 3630 1732 3700 optimm
1762 3644 1929 3699 artes,
1961 3614 2107 3707 vige-

539 3700 672 3755 bant
707 3705 909 3771 studia,
945 3707 1399 3783 professoresque
1431 3717 1725 3776 clarissimi
1757 3738 1863 3778 non
1922 3742 2107 3796 gram-

540 3790 791 3847 maticam
836 3795 1099 3854 duntaxat
1160 3810 1215 3859 et
1280 3804 1631 3877 rhetoricam,
1686 3812 1780 3867 sed
1843 3790 2106 3886 ingenuas

540 3899 735 3941 omnes
807 3889 1148 3963 disciplinas,
1215 3898 1565 3966 medicinam,
1614 3900 2103 3974 jurisprudentiam

534 3977 1047 4054 philosophiamque
1100 3987 1361 4044 docebant
1394 3991 1449 4045 in
1480 3992 1765 4064 Capitolio.
1802 3995 1864 4051 L.
1908 4015 1988 4065 ιιι,
2030 3999 2107 4054 De

535 4070 725 4124 medic.
748 4082 797 4125 el
823 4075 1110 4144 professor.
1132 4079 1442 4155 Cod.6&5
1470 4084 1677 4142 Theod.
1697 4099 1751 4143 et
1779 4090 1863 4145 tit.
1886 4090 1960 4147 De
1977 4110 2103 4161 pro-

535 4160 777 4230 fessorib.
811 4168 902 4235 qui
931 4169 986 4221 in
1015 4171 1140 4226 urbe
1177 4173 1579 4247 Coustantinop.
1618 4189 1672 4235 et
1702 4182 1782 4236 tit.
1812 4182 1888 4238 De
1913 4160 2104 4241 studiis

535 4250 838 4311 liberalibus
872 4259 1013 4314 urbis
1049 4260 1251 4329 Romaz,
1291 4275 1340 4319 et
1396 4266 1797 4342 Constantinop.
1826 4275 1905 4331 Ac
1965 4293 2103 4347 prae-

535 4346 720 4400 Sertim
747 4348 861 4403 Ι.ιιι
888 4351 976 4406 ubi
1003 4352 1342 4413 Theodosius
1375 4358 1394 4411 l
1420 4369 1473 4414 et
1504 4360 1909 4422 Valentinianus
1931 4346 2093 4425 Caess.

536 4433 590 4487 in
629 4437 901 4493 auditorio
937 4439 1188 4510 Capitolii
1222 4454 1467 4505 oratores
1503 4459 1616 4507 tres
1655 4469 1904 4521 numero,
1961 4473 2100 4527 quos

534 4522 793 4581 Romana:
815 4530 1135 4600 eloquentia:
1162 4536 1408 4594 doctrina
1438 4546 1802 4611 commendat,
1823 4522 2098 4617 statuunt;

534 4616 719 4673 decem
762 4636 889 4677 vero
916 4628 1324 4693 grammaticos.
1367 4631 1424 4686 In
1464 4633 1549 4690 his
1574 4636 1758 4702 etiam,
1790 4641 1881 4709 qui
1914 4639 2103 4697 facun-

533 4707 623 4761 dia
661 4709 963 4769 Grzecitatis
996 4719 1201 4786 pollere
1231 4733 1532 4779 noscuntur
1567 4707 1822 4799 quinque
1872 4748 2102 4789 numero

533 4798 645 4855 sint
671 4804 958 4872 sophistae,
1000 4817 1054 4863 et
1087 4815 1429 4895 grammatici
1449 4832 1603 4888 aeque
1619 4798 1805 4877 decem
1833 4841 1848 4890 ;
1879 4835 1933 4879 et
1961 4841 2100 4895 quo-

534 4892 680 4947 niam
720 4911 828 4951 non
865 4899 950 4954 bis
994 4888 1204 4960 artibus
1235 4915 1445 4965 tantum
1497 4888 1917 4971 adolescentiam
1976 4888 2102 4989 glo-

535 4982 739 5038 riosam
774 4998 961 5057 optant
990 4993 1221 5062 institui,
1255 4998 1632 5067 profundioris
1670 5020 1888 5076 quoque
1921 4982 2104 5063 scien-

406 5126 439 5142 _
537 5075 624 5131 tite
676 5090 836 5149 atque
869 5084 1131 5142 doctrinae
1192 5095 1510 5150 memoratis
1559 5075 1836 5166 magistris
1890 5100 2103 5155 sociant

534 5176 811 5227 auctores.
881 5173 1059 5232 Unum
1125 5178 1290 5251 igitur
1344 5183 1565 5256 adjungi
1630 5190 1841 5246 caeteris
1888 5191 2099 5255 volunt,

533 5260 628 5330 qui
675 5263 1030 5337 phiIOSOphite
1060 5285 1258 5328 arcana
1299 5274 1561 5344 rimetur;
1591 5278 1731 5335 duos
1761 5297 1980 5353 quoque
2007 5286 2104 5355 qui

530 5350 673 5420 juris
734 5372 799 5412 ac
824 5359 1001 5429 legum
1073 5363 1335 5421 formulas
1386 5371 1644 5437 pandant.
1716 5373 1847 5427 Erat
1896 5350 2103 5448 quippe

535 5446 859 5514 Capitolium
893 5449 1381 5528 ConstantinOpoli,
1410 5461 1552 5515 sicut
1599 5461 1805 5530 Romae,
1849 5466 1900 5520 in
1931 5446 2103 5539 coque

540 5542 804 5610 porticus,
846 5544 897 5597 in
932 5546 1253 5613 porticibus,
1284 5550 1516 5617 exedrae,
1557 5562 1716 5623 atque
1762 5558 1987 5625 cellulre,
2039 5579 2100 5617 ac

544 5630 830 5697 auditoria,
871 5634 923 5687 in
960 5634 1158 5701 quibus
1196 5636 1539 5706 professores
1566 5641 1905 5714 juvcnttttetn
1935 5651 2101 5705 infor-

544 5720 781 5785 mabant,
825 5731 886 5776 ut
920 5738 983 5777 ex
1028 5725 1109 5781 his
1140 5728 1348 5797 legibus
1380 5728 1566 5800 liquet,
1597 5742 1649 5787 et
1675 5735 1707 5789 l.
1734 5738 1829 5792 ult.
1862 5739 1933 5794 Dc
1975 5758 2094 5797 oue-

2208 3172 2420 3241 busque
2465 3172 2755 3241 sculptura:
2783 3175 3026 3230 numeris
3099 3176 3439 3245 absolutum,
3504 3196 3569 3236 ac
3616 3196 3749 3252 opera

2210 3263 2439 3333 pretium
2463 3263 2938 3332 praeclarissimum
2968 3266 3279 3334 collocavit,
3328 3279 3388 3324 ut
3432 3270 3511 3326 ibi
3571 3276 3743 3341 conspi-

2209 3370 2372 3410 cuum
2400 3355 2574 3426 magis
2606 3356 2781 3423 foret;
2830 3372 2958 3412 nam
2987 3358 3131 3429 ἀρχὴ
3170 3360 3339 3431 ἄνδρα
3402 3362 3686 3426 δείκνυσιν,
3710 3376 3748 3415 ιιι

2210 3444 2416 3514 vulgari
2460 3444 2630 3500 fertur
2653 3445 2868 3517 adagio,
2893 3447 2945 3501 id
2977 3458 3081 3511 est,
3122 3452 3475 3520 magistratus
3521 3455 3746 3507 viminis-

2209 3535 2375 3592 dicat.
2409 3532 2720 3593 Honoratus
2744 3538 2955 3608 primus
2989 3539 3110 3594 urbi
3144 3539 3620 3614 Constantinopoli
3643 3559 3744 3612 prae-

2210 3624 2383 3682 fectus
2408 3625 2512 3682 fuit
2549 3643 2694 3682 anno
2729 3645 2761 3684 a
2808 3629 2872 3685 C.
2901 3627 2967 3685 N.
3003 3630 3128 3686 559.
3162 3630 3571 3690 Successomm
3634 3652 3687 3691 co
3710 3638 3745 3688 in

2209 3733 2434 3773 munere
2463 3718 2790 3785 lndiculum,
2838 3736 2933 3776 seu
3005 3721 3263 3778 Notitiam
3335 3727 3575 3795 praebuit
3626 3728 3744 3781 nobis

2209 3824 2384 3881 usque
2414 3810 2482 3865 ad
2517 3827 2721 3866 annum
2754 3812 2882 3877 455,
2913 3814 3235 3872 scholiastes
3286 3815 3432 3873 Cod.
3493 3818 3742 3879 Theodos.,

2208 3918 2308 3959 nec
2334 3904 2473 3958 inter
2494 3919 2590 3960 eos
2618 3906 2856 3975 comperi
2880 3904 3083 3973 Nilum,
3108 3910 3247 3964 forte
3268 3909 3397 3979 quia
3452 3912 3599 3966 nulla
3614 3921 3745 3965 exstat

2209 3993 2599 4064 imperatorum
2626 4000 2692 4055 ad
2738 4001 2890 4058 illum
2918 4005 3123 4062 directa
3150 4009 3500 4075 constitutio,
3542 4011 3619 4064 vel
3650 4012 3743 4079 quia

2206 4082 2338 4141 latet
2362 4088 2465 4161 sub
2501 4089 2686 4160 aliquo
2716 4093 2825 4146 alio
2861 4096 3083 4153 nomine
3119 4116 3133 4151 :
3182 4108 3312 4152 tunc
3361 4100 3517 4154 enim
3549 4101 3746 4170 pluribus

2207 4179 2518 4235 nominibus
2534 4184 2819 4239 utebantur
2840 4185 3071 4242 Romani
3105 4199 3157 4243 et
3172 4189 3741 4261 Constantiuopnlitani.

2204 4267 2370 4339 646
2421 4268 2650 4326 Nomina
2684 4274 2901 4344 quidem
2935 4275 3158 4331 fuerunt
3193 4278 3262 4333 ad
3316 4278 3575 4335 homines
3592 4282 3744 4349 digno.

2207 4361 2457 4427 scendos,
2487 4372 2541 4416 et
2568 4364 2633 4417 ad
2667 4371 3132 4436 recognoscendos
3182 4371 3434 4441 singulos
3503 4372 3741 4441 imposita,

2203 4462 2257 4505 et
2277 4466 2589 4524 comparata
2619 4459 2895 4513 communi
2926 4474 3212 4528 consensu,
3244 4462 3281 4516 l.
3311 4478 3345 4516 x
3375 4461 3445 4519 C.
3491 4463 3741 4518 Justinian.

2201 4543 2278 4598 De
2304 4545 2476 4615 ingen.
2503 4563 2760 4611 manum.,
2778 4550 2910 4619 quin
2941 4551 3105 4606 etiam
3124 4553 3361 4608 nominis
3387 4569 3494 4609 vox
3516 4570 3546 4609 a
3568 4570 3742 4609 uosm-

2201 4635 2270 4689 do
2291 4635 2520 4692 deducta
2550 4647 2653 4693 est.
2686 4638 2895 4695 Nomen
2926 4642 3071 4697 enim
3101 4643 3303 4699 dictum
3340 4647 3499 4714 quasi
3528 4645 3741 4700 novimeu

2202 4740 2233 4780 a
2268 4724 2434 4781 Sexto
2471 4726 2748 4798 Pompeio,
2782 4730 2905 4787 licet
2932 4732 3025 4787 alii
3047 4732 3289 4789 derivent
3326 4752 3358 4791 a
3387 4735 3578 4791 Graeco
3608 4737 3742 4804 ὕνομι

2201 4834 2300 4889 per
2328 4821 2672 4890 aphaeresim.
2694 4821 3165 4889 Quemadmodum
3189 4842 3310 4882 vero
3326 4829 3602 4884 individua
3620 4843 3737 4897 qua-

2202 4926 2331 4981 que,
2366 4927 2463 4968 seu
2500 4928 2748 4981 personae
2773 4915 3050 4984 sigillatim
3084 4932 3115 4973 e
3165 4918 3405 4974 vultibus
3448 4921 3739 4990 dignoscan-

2206 5010 2315 5066 tur,
2345 5010 2398 5055 et
2428 5000 2484 5055 in
2520 5001 2613 5056 illo
2646 5001 2968 5057 discrimine
3001 5002 3263 5058 facierum
3295 5006 3631 5060 admirabilis
3677 5015 3736 5059 est

2203 5092 2552 5161 potissimum
2579 5108 2762 5149 rerum
2799 5094 3044 5149 omnium
3077 5093 3340 5151 Conditor
3366 5095 3534 5162 Deus,
3563 5097 3629 5150 ita
3651 5096 3735 5149 rul-

2206 5196 2316 5254 tus,
2339 5196 2390 5242 et
2426 5202 2618 5243 nomen
2653 5189 3059 5257 aequiparantur
3089 5189 3143 5243 in
3182 5189 3285 5244 ista
3319 5189 3613 5256 varietate;
3640 5202 3732 5241 nam

2203 5287 2258 5334 et
2292 5280 2349 5334 in
2378 5277 2517 5336 Vitis
2552 5266 2772 5334 Patrum
2815 5279 2865 5333 id
2898 5281 3114 5350 legitur,
3148 5288 3202 5334 et
3233 5288 3389 5348 poeta
3440 5281 3608 5346 canit,
3663 5292 3733 5345 po-

2210 5379 2492 5437 steaquam
2547 5367 2803 5423 avulsum
2862 5366 3029 5423 fuerit
3055 5368 3299 5421 humeris
3332 5368 3537 5423 Priami
3586 5376 3729 5434 caruit,

2202 5460 2441 5530 jacuisse
2468 5473 2667 5528 corpus
2697 5458 2845 5513 illius
2869 5457 2990 5513 sine
3031 5457 3273 5512 nomine.
3331 5457 3423 5510 Ad‘
3479 5456 3731 5556 discrimen

2208 5553 2379 5622 magis
2419 5551 2717 5619 singulare,
2746 5550 2956 5604 Hebraei
2991 5558 3045 5604 ct
3092 5549 3269 5603 Gnaei
3302 5549 3523 5603 Patrum
3555 5549 3728 5601 nomina

2206 5644 2441 5715 propriis
2468 5642 2772 5696 addebant:
2809 5640 2996 5695 Simon
3026 5640 3488 5734 dictusBariona,
3513 5639 3559 5734 id
3587 5648 3656 5734 est

2215 5737 2319 5791 lius
2362 5734 2533 5800 Jonzc,
2568 5748 2661 5788 seu
2719 5731 3013 5796 Columbae,
3075 5730 3325 5787 Socrates
3396 5728 3724 5799 Sophronisci.
