3852 6052
23 327 115 389 57:

1300 340 1396 399 DE
1452 342 1623 401 VITA
1664 345 1723 404 S.
1766 344 1947 405 NlLl.

3155 352 3293 418 1374

28 439 232 537 υιιιίςε
280 440 541 537 Achilles,
602 443 805 537 Atrida:
835 443 1111 537 Menelaus
1138 458 1193 503 et
1223 449 1617 521 Agamemnon,
1649 462 1693 515 Α
1726 456 1901 519 riuus,
1954 456 2238 514 Abundius
2272 457 2637 516 Eleutherius.
2672 461 2974 537 Binominis
2999 465 3162 520 etiam
3188 465 3291 520 fuit

23 527 257 596 'ydides
294 530 600 596 Diomedes,
635 542 691 587 et
714 535 820 588 alia
847 536 899 590 id
933 551 1105 604 genus
1136 540 1359 594 nomina
1423 554 1603 611 patro-

26 618 258 686 ymica.
295 619 527 675 Romani
596 623 1025 691 pramominibus
1074 626 1447 695 adjunxernnt
1508 644 1607 682 no-

24 708 150 761 iiua
193 712 474 779 gentium,
512 727 607 767 seu
644 713 1003 779 familiarum,
1046 706 1160 770 tum
1212 717 1376 771 etiam
1438 720 1604 773 variis

55 802 314 857 casibus
350 814 403 858 et
435 804 617 858 causis
667 805 1014 875 cognomina,
1047 808 1125 861 uti
1160 817 1347 864 narrat
1392 809 1607 864 Plutar-

24 895 164 961 hus,
192 907 341 951 tom.
366 899 386 952 Ι
438 898 551 952 Vir.
582 899 783 952 illustr.
817 900 870 953 in
895 900 1201 968 Coriolano,
1230 903 1423 958 deinde
1438 919 1607 975 agno-

28 987 191 1042 tina:
231 1005 425 1044 verum
469 1000 653 1058 postea
681 991 903 1046 nomina
936 992 991 1047 in
1036 996 1362 1064 cognomina
1421 1006 1604 1052 trans-

24 1088 216 1141 :runt,
283 1089 340 1135 et
386 1080 630 1136 vicissim
666 1084 1024 1152 praenomina.
1083 1084 1272 1140 Stante
1328 1088 1605 1156 republica

32 1172 457 1227 rzemittebatur
492 1183 545 1227 et
573 1174 958 1243 praeferebatur
984 1184 1317 1245 prmnomen,
1360 1194 1455 1234 seu
1484 1196 1605 1249 per-

24 1277 181 1326 ouee,
223 1264 591 1341 acindividui
632 1280 853 1331 nomen,
884 1281 994 1335 quo
1048 1267 1117 1321 ab
1180 1268 1303 1324 aliis
1358 1270 1603 1339 ejusdem

23 1352 271 1417 amiliae,
308 1354 421 1409 sive
449 1356 623 1425 gentis
660 1357 785 1426 quis
836 1356 1294 1427 distinguebatur,
1325 1359 1607 1416 ctdiscer—

24 1442 280 1509 iebatur,
352 1462 447 1501 seu
498 1447 779 1517 pr0prium
850 1464 1068 1517 nomen,
1123 1450 1267 1514 aliis,
1330 1452 1423 1519 qui
1496 1467 1603 1506 non

24 1544 165 1589 erant
216 1550 253 1591 e
312 1546 489 1607 gente,
521 1540 636 1594 sive
687 1538 889 1594 familia
915 1542 1077 1597 etiam
1121 1557 1451 1610 commune;
1491 1552 1604 1598 tum

23 1642 218 1682 nomen
256 1630 606 1699 gentilitium,
640 1631 1020 1687 autfamiliare
1058 1636 1420 1700 atlexebatur,
1460 1636 1605 1705 quod

23 1721 428 1778 :ontribulihus
463 1735 518 1778 et
554 1725 850 1794 gentilibus
878 1726 1479 1793 communicabatur,et
1496 1743 1605 1783 non

24 1812 278 1883 ’cliquis,
311 1816 403 1885 qui
427 1831 458 1870 e
488 1815 695 1872 familia
728 1834 839 1872 non
878 1826 1036 1873 erant
1067 1836 1081 1872 :
1120 1819 1317 1881 deinde
1338 1821 1610 1891 cognomi-
1640 1797 1682 1852 Β

24 1917 100 1965 ia,
128 1914 193 1958 et
232 1908 523 1977 agnomina
549 1918 676 1965 sunt
704 1909 935 1975 adnexa,
967 1910 1097 1980 quia
1122 1911 1175 1964 in
1205 1927 1310 1966 una
1336 1924 1493 1982 gente
1525 1912 1610 1966 di-

38 1996 125 2050 isa
159 1998 220 2050 in
242 2008 461 2068 stirpes,
479 2000 700 2068 plurimi
721 2001 912 2054 eodem
946 2016 1070 2057 cum
1098 2005 1431 2072 pramomine
1448 2014 1610 2074 atque

24 2086 247 2141 nomine
281 2089 772 2157 coinperiebantur,
797 2091 929 2160 quin
960 2099 1014 2145 et
1034 2106 1159 2146 eum
1183 2094 1372 2147 eodem
1409 2108 1610 2163 cogno-

23 2178 185 2231 nine.
227 2176 508 2235 Videndus
545 2179 856 2237 Victorinus
886 2182 940 2237 in
981 2182 1154 2239 libros
1188 2182 1607 2240 Rhetoricorum

24 2268 328 2325 liceronis.
390 2271 688 2342 Republica
716 2290 927 2341 eversa,
958 2282 1012 2330 et
1039 2275 1142 2329 sub
1164 2275 1605 2345 imperatoribus,

23 2361 417 2432 mbjiciebatur
456 2380 652 2420 nomen
677 2366 982 2437 proprium,
1015 2382 1110 2424 seu
1128 2383 1315 2422 verum
1343 2368 1607 2423 individui

23 2468 335 2509 imnomen
366 2457 774 2526 appellativum,
815 2459 1136 2530 dictumque
1193 2460 1441 2515 absolute
1504 2475 1607 2515 no-

24 2560 136 2599 nen
164 2546 324 2616 (cum
353 2548 460 2603 alia
488 2550 801 2618 promiscue
852 2552 1093 2616 nomina,
1120 2551 1467 2622 cognomina,
1521 2553 1607 2607 vel

23 2639 316 2705 ugnomina
400 2641 770 2696 vocitarentur
824 2642 992 2712 petita
1042 2642 1517 2698 indiscrimiuatim
1573 2660 1607 2700 a

23 2732 357 2801 urentibus,
392 2736 477 2789 vel
505 2751 603 2805 pro
631 2736 861 2791 arbitrio
887 2736 1125 2806 aliunde)
1145 2736 1252 2792 illis
1266 2737 1603 2803 nominibus,

24 2825 469 2894 :ognominibus,
511 2838 568 2884 et
616 2830 1026 2898 agnominibus,
1088 2830 1253 2885 etiam
1293 2829 1603 2901 geminatis,

29 2925 71 2970 ιι
102 2917 370 2973 observat
397 2918 723 2981 Sirmondus
748 2920 826 2992 (in
856 2919 1011 2977 Notis
1068 2921 1136 2977 ad
1174 2921 1449 2993 Epistolas
1516 2920 1604 2975 Si-

23 3007 193 3074 lonii,
272 3019 463 3066 contra
516 3013 782 3083 Angelum
844 3012 1173 3069 Politianum
1224 3029 1256 3069 e
1312 3014 1600 3081 Suetonio,

1705 560 1775 599 an
1818 548 2129 602 trinomiuis
2170 589 2185 615 ,
2242 548 2473 604 Tascius
2501 550 2809 619 Cyprianus
2831 555 3122 622 episcopus
3159 555 3290 608 (Iar-

1705 637 2067 705 thaginensis,
2100 650 2153 693 et
2192 649 2420 709 martyr,
2474 650 2567 695 aut
2597 641 2751 697 Titus
2812 644 3010 698 Ascius
3063 644 3311 714 Cypria-7

1706 741 1830 791 nus,
1856 729 1931 781 uti
1964 728 2183 784 Z0ticns
2230 730 2477 785 Getulius
2506 743 2725 803 martyr
2758 733 3122 799 Tiburtinus;
3161 751 3290 788 non-

1714 819 1864 872 nulla
1915 830 2093 874 tamen
2145 821 2365 876 nomina
2416 833 2676 893 tanquam
2740 825 2957 879 familiae
3003 827 3288 880 usitatiora

1704 908 1950 964 crebrius
1977 910 2330 977 iterabantur,
2387 922 2504 968 ute
2562 914 2734 969 Variis
2790 915 3096 970 Cassiodori
3147 929 3291 985 patet
3328 980 3341 995 ο

1707 1000 1772 1054 ad
1804 1015 2008 1053 stutum
2067 1001 2129 1056 C.
2159 1001 2223 1056 N.
2267 1018 2355 1057 ne.
2418 1020 2542 1058 cum
2586 1021 2645 1060 se
2694 1006 3128 1076 superfudissent
3183 1009 3287 1073 im-

1703 1086 1855 1155 perio
1885 1085 2133 1145 Romano
2149 1089 2510 1146 Barbararum
2536 1094 2775 1161 gentium
2800 1097 3072 1162 examina,
3100 1106 3152 1151 et
3174 1114 3290 1151 sus-

1705 1178 1883 1247 deque
1977 1180 2160 1234 omnia
2226 1183 2693 1261 permiscuissent,
2765 1195 2820 1241 et
2892 1188 3285 1255 confudissent,

1705 1271 1853 1325 nulla
1893 1281 2019 1325 sunt
2051 1272 2236 1327 relicta
2290 1270 2646 1330 nominalium
2700 1277 3074 1347 hujuscemodi
3122 1281 3289 1335 vesti-

1706 1362 1814 1432 gia.
1855 1362 2039 1416 Potuit
2082 1363 2249 1434 igitur
2290 1366 2392 1419 sub
2443 1367 2552 1421 alio
2596 1368 2778 1438 aliquo
2809 1372 3026 1425 nomine
3053 1370 3205 1427 Nilus
3233 1373 3287 1427 in

1711 1453 2081 1510 hoclndiculo
2138 1456 2521 1525 prmfectorum
2586 1460 2738 1514 urbis
2790 1461 3288 1535 Constantinopoli-

1707 1556 1846 1601 tanae
1868 1548 2147 1604 occultari.
2167 1548 2409 1604 Prmfecti
2440 1550 2683 1620 profecto
2700 1568 2924 1607 munere
2953 1562 3060 1608 tam
3075 1558 3289 1625 egregie

1708 1638 1926 1695 functus
1948 1650 2049 1706 est,
2070 1651 2126 1695 ut
2147 1642 2535 1711 exspectationi
2562 1643 2789 1712 Augusti
2810 1644 3161 1711 feceritsatis,
3188 1663 3288 1701 nec

1707 1735 1853 1789 aliud
1888 1735 2018 1789 mihi
2054 1735 2383 1805 persuadent
2415 1737 2730 1807 quicunque
2762 1738 2828 1793 de
2859 1739 2952 1794 illo
3002 1741 3286 1794 scribunt:

1712 1828 1892 1882 exitus
1946 1836 2093 1882 certe
2127 1837 2244 1882 acta
2278 1830 2567 1899 probavit;
2603 1846 2727 1885 nam
2761 1847 2884 1886 cum
2910 1848 3133 1888 uxorem
3184 1834 3287 1887 du-

1710 1917 1899 1979 xisset,
1929 1915 2071 1969 haud
2122 1916 2286 1970 dubie
2326 1928 2639 1987 comparem
2695 1920 2916 1985 virtute,
2948 1937 3012 1977 ac
3071 1922 3287 1992 pietate,

1710 2015 1873 2074 atque
1902 2005 2370 2070 honestissimam,
2406 2015 2466 2060 ut
2498 2005 2601 2061 fert
2632 2006 2994 2079 Menologinm
3041 2010 3286 2066 Graecum

1708 2094 1796 2148 die
1851 2093 1917 2147 19..
1949 2091 2298 2156 Novembris,
2348 2095 2486 2148 duos
2523 2110 2589 2148 ex
2642 2110 2705 2149 ea
2768 2097 3008 2166 suscepit
3064 2097 3288 2163 liberos,

1708 2200 1940 2248 marem,
1972 2194 2028 2239 et
2062 2184 2343 2249 feminam,
2382 2195 2436 2239 et
2469 2185 2586 2254 ipse
2640 2184 2794 2241 Nilus
2856 2197 3042 2242 narrat
3108 2188 3291 2242 flebili-

1708 2284 1791 2329 ter
1839 2276 1892 2329 in
1940 2276 2253 2347 Διηγήμασι
2279 2294 2305 2328 ε
2329 2278 2374 2340 ἰς
2404 2276 2502 2347 τὴν
2533 2276 2813 2347 ἀναίρεσιν
2842 2276 2949 2330 τῶν
2981 2279 3038 2330 ἐν
3066 2278 3144 2348 τῷ
3175 2279 3290 2350 ὄρει

1708 2368 1837 2438 Σινᾷ
1881 2367 2128 2437 μοναχῶν
2174 2368 2266 2420 καὶ
2315 2368 2396 2431 εἰς
2428 2368 2528 2440 τὴν
2584 2369 2964 2439 αἰχμαλωσίαν
3000 2369 3290 2423 Θεοδούλου

1706 2458 1798 2511 τοῦ
1828 2458 1945 2511 υἱοῦ
1979 2458 2164 2523 αὐτοῦ,
2198 2459 2247 2512 id
2277 2470 2379 2525 est,
2414 2459 2849 2527 Narrationibus,
2870 2461 3057 2530 quibus
3096 2462 3290 2515 cwdrm

1706 2550 2080 2603 monachorum
2106 2553 2297 2603 montis
2332 2549 2484 2615 Sina,
2518 2559 2573 2604 et
2639 2552 2993 2620 captivitatem
3047 2551 3147 2621 ﬁlii
3205 2552 3290 2605 sui

1706 2640 1975 2693 describit.
2013 2639 2147 2707 Ejus
2195 2655 2303 2692 non
2337 2654 2563 2708 possum
2600 2641 2734 2695 satis
2790 2640 3013 2695 laudare
3039 2651 3293 2695 constan-

1706 2731 1835 2784 tiam
1878 2730 1933 2783 in
1991 2728 2294 2794 Relatione,
2347 2746 2511 2799 quam
2580 2731 2729 2785 dedit
2770 2730 2924 2786 Nilus
2960 2731 3292 2802 (praefectus

1704 2820 1849 2875 enim
1882 2820 2000 2874 urbi
2028 2820 2241 2874 videtur
2272 2835 2337 2875 eo
2368 2829 2634 2890 tempore,
2700 2821 2767 2875 ad
2824 2838 3029 2876 annum
3082 2822 3290 2878 scilice‘

1703 2911 1764 2966 C.
1794 2909 1860 2966 Ν.
1891 2911 2017 2977 405,
2056 2919 2178 2980 post
2206 2910 2554 2976 Clearchum,
2592 2913 2687 2982 qui
2732 2912 3107 2981 magistratum
3138 2912 3291 2967 illum

1704 3010 1946 3071 gesserat
1966 3000 2223 3064 triennio,
2245 2999 2405 3053 annis
2428 3014 2622 3068 nempe
2647 2998 2772 3065 599,
2790 2998 2916 3065 401,
2938 2998 3065 3061 ωἳ,
3096 2998 3291 3067 fuisse,

23 3100 319 3157 Plutarcho
364 3102 509 3158 iuC.
564 3103 739 3157 Mario
794 3104 1147 3160 Posidonium
1187 3112 1471 3175 arguente,
1520 3104 1603 3158 fa-

1710 3092 1961 3162 quamvis
1994 3092 2277 3147 semestris
2303 3100 2511 3145 tantum
2580 3100 2725 3146 esset
2784 3090 2935 3145 urbis
2972 3089 3291 3161 praefectura

23 3194 137 3259 stis,
178 3194 645 3265 inscriptionibus
696 3197 957 3267 lapidum,
983 3206 1037 3251 et
1065 3196 1353 3269 librorum,
1407 3211 1474 3251 ex
1509 3194 1611 3251 lsi-

24 3285 153 3341 ioro
185 3287 286 3341 lib.
321 3304 430 3343 xvii
496 3286 708 3360 Origin.
749 3300 803 3345 et
832 3305 863 3345 e
887 3289 1213 3345 Praefatione
1262 3288 1481 3360 Avien.)
1518 3289 1609 3344 ubi

23 3378 131 3432 vult
174 3378 245 3435 C.
266 3379 489 3437 Sollium
520 3381 802 3437 Sidonium
835 3383 1197 3452 Apollinarem
1227 3382 1410 3437 vocari
1448 3382 1613 3451 Apol-

23 3469 280 3537 linarem,
324 3471 656 3528 Macrobium
714 3473 993 3529 Aurelium
1036 3472 1398 3528 Theodosium
1429 3472 1611 3543 potius

23 3559 417 3630 Theodosium,
487 3566 709 3621 Sextum
787 3564 1007 3620 Ruﬂ‘um
1091 3564 1363 3620 Avienum
1427 3564 1612 3635 potius

23 3652 321 3719 Avienum,
358 3653 611 3726 Magnum
673 3657 953 3711 Aurelium
1007 3655 1373 3726 Augustinum
1428 3655 1611 3724 potius

23 3744 413 3812 Augustinum,
472 3748 723 3803 Anicium
792 3747 1075 3802 Manilium
1136 3745 1612 3802 SeverinumBoe-

23 3835 197 3891 thium
265 3839 448 3907 potius
505 3838 818 3903 Boethium,
876 3839 1091 3894 Petrum
1116 3837 1349 3892 Felicem
1381 3836 1611 3893 Marcel-

23 3926 200 3980 linnm
234 3926 511 3982 Liberium
547 3931 728 3999 pctius
750 3929 1051 3993 Liberium,
1083 3928 1177 3999 qui
1232 3927 1298 3984 V.
1330 3928 1392 3984 C.
1421 3928 1613 3999 praafe-

23 4025 143 4071 ctus
175 4006 431 4085 praetorio
460 4017 781 4082 Galliarum,
806 4028 861 4073 et
885 4018 1147 4089 patricius
1177 4033 1209 4073 a
1238 4016 1459 4073 librario
1484 4032 1610 4087 per-

23 4122 217 4175 peram
242 4108 505 4162 dividitur
530 4112 585 4164 in
615 4120 873 4180 quatuor,
932 4110 1098 4183 647
1150 4110 1205 4164 in
1257 4108 1611 4178 subscriptio-

23 4197 192 4251 nibus
238 4198 457 4252 concilii
492 4200 1064 4255 secundiArausicani
1110 4199 1177 4253 ad
1210 4213 1417 4275 annum
1482 4196 1607 4263 529,

24 4295 83 4341 ut
130 4288 305 4358 liquet
332 4304 363 4344 e
388 4287 512 4344 Vita
568 4290 743 4345 sancti
772 4290 995 4345 Caesarii
1040 4289 1373 4345 Arelatensis
1401 4288 1613 4343 archie-

23 4379 261 4447 piscopi,
295 4395 351 4447 p.
381 4381 444 4433 2i
501 4379 817 4451 Chronolog.
853 4380 1168 4445 Lirinensis,
1196 4379 1288 4434 ubi
1345 4387 1401 4433 et
1466 4393 1609 4434 uxor

1714 3193 1936 3253 propter
1994 3181 2408 3253 amplitudinem
2466 3181 2771 3250 potestatis,
2822 3190 2876 3236 et
2923 3181 3291 3251 praestantiam

1712 3269 2013 3340 dignitatis,
2060 3285 2181 3339 quae
2207 3269 2435 3339 propius
2481 3268 2778 3323 accedebat
2812 3268 2879 3323 ad
2911 3269 3164 3323 verticem
3190 3268 3293 3322 ἰιιι-

1711 3364 1870 3435 perii,
1888 3373 1943 3418 et
1960 3363 2034 3417 illi
2063 3362 2664 3425 videbaturimminere,
2688 3369 2853 3430 atque
2877 3371 3125 3430 suspecta
3147 3376 3289 3426 esse,

1712 3455 1760 3510 si
1794 3454 2100 3509 diuturnior
2126 3452 2307 3520 foret),
2328 3451 2481 3506 Nilus
2510 3451 2759 3520 inquam,
2790 3452 2884 3521 qui
2915 3466 3290 3507 successorem

1712 3560 1856 3599 anno
1885 3544 1992 3598 404
2047 3543 2237 3597 habuit
2271 3541 2544 3605 Studium,
2578 3556 2703 3597 cum
2756 3557 2855 3612 pro
2906 3558 3131 3598 munere
3189 3558 3293 3598 suo

1711 3644 1960 3689 senatum
1985 3631 2369 3697 consuluisset,
2406 3640 2479 3697 et,
2509 3632 2638 3701 quia
2672 3631 2795 3702 pius
2820 3642 2958 3698 erat,
2995 3632 3293 3700 imperator

1710 3723 1980 3779 Arcadius
2022 3723 2168 3777 illius
2199 3737 2256 3777 se
2300 3722 2551 3791 precibus
2584 3722 2651 3777 ad
2694 3722 2866 3777 Deum
2914 3725 3294 3779 commendas-

1710 3824 1813 3873 set.
1847 3813 2116 3868 Rescribit
2149 3813 2378 3883 epistola
2404 3813 2513 3869 255
2539 3812 2753 3869 Possini
2780 3815 2870 3869 lib.
2896 3831 2958 3880 ιι,
3000 3816 3157 3884 epist.
3186 3814 3296 3870 265

1709 3907 1916 3971 Allatii,
1943 3905 2217 3976 quomodo
2244 3905 2541 3975 imperator
2587 3904 3119 3975 Constantinopolim
3172 3922 3294 3961 cre-

1715 3997 1971 4053 berrimis
2029 3996 2451 4060 terraemotibus,
2504 4002 2561 4049 et
2618 3995 2955 4050 immissione
3026 3994 3294 4064 frequenti

1707 4088 2239 4161 mathereorum
2271 4086 2473 4158 ignium
2491 4086 2771 4141 liberatam
2798 4093 3020 4155 cuperet
3040 4100 3291 4150 cernere,

1710 4202 1833 4242 cum
1862 4183 2280 4239 innumerabilia
2315 4182 2447 4237 inibi
2488 4182 2683 4252 ﬂagitia
2723 4182 3019 4237 commissa
3083 4190 3291 4243 essent,

1708 4287 1764 4335 et
1803 4276 2078 4333 licentiam
2115 4276 2317 4330 ibidem
2348 4274 2577 4328 multam
2610 4273 2873 4344 iniquitas
2899 4289 3024 4328 cum
3075 4272 3297 4327 horrida

1710 4369 1959 4424 libertate
1988 4366 2280 4422 dominans
2312 4375 2611 4431 exerceret,
2649 4384 2667 4417 ι
2699 4364 2922 4434 depulsa
2960 4364 3013 4417 in
3046 4363 3296 4417 exsilium

24 4469 147 4537 ejus
175 4469 431 4540 Agroecia
456 4472 793 4538 enuntiatur,
824 4470 1045 4525 Flavius
1081 4468 1273 4535 Valila,
1301 4467 1602 4534 seu_Vallia
1637 4468 1684 4527 D
1710 4461 1967 4517 columna
2034 4457 2305 4522 Ecclesiae,
2370 4457 2575 4511 lumine
2633 4456 2878 4511 veritatis
2938 4455 3210 4509 θκειίηεῑο
3241 4462 3297 4507 ει

25 4559 271 4626 Quintus
305 4562 645 4617 Theodosius
703 4563 758 4615 in
802 4562 995 4616 Donat.
1056 4558 1330 4614 Tiburtin.
1381 4558 1608 4625 Charta,

25 4669 200 4723 quam
232 4655 452 4723 protuli,
499 4655 613 4724 jam
654 4654 781 4708 inde
820 4654 889 4708 ab
921 4667 1066 4707 anno
1095 4653 1194 4707 471
1226 4661 1482 4707 exarata:
1511 4667 1614 4707 nec

26 4746 176 4800 enim
209 4754 375 4811 stata,
403 4754 458 4799 et
480 4756 651 4808 certa,
694 4756 755 4799 ut
796 4744 949 4810 olim,
977 4742 1214 4812 generis,
1267 4757 1333 4797 ac
1391 4740 1614 4796 familia:

30 4837 301 4892 vocabula
329 4847 459 4892 tunc
485 4838 542 4891 in
594 4852 697 4891 usu
743 4834 1065 4904 fuere,quze
1134 4833 1398 4888 fratribus
1451 4835 1613 4888 etiam

28 4930 351 4985 communia
392 4929 591 4995 forent,
650 4936 705 4983 et
731 4929 798 4982 ad
831 4934 1083 4996 posteros
1108 4925 1428 4990 transirent,
1478 4924 1614 4978 adeo

32 5031 93 5076 ut
122 5022 336 5077 nullum
381 5023 599 5078 tandem
649 5020 892 5083 familiae,
968 5017 1179 5071 nullum
1220 5016 1397 5085 gentis
1447 5016 1613 5070 fixum

32 5127 238 5167 nomen
272 5111 455 5166 fuerit.
512 5113 572 5166 In
604 5111 813 5180 aliquot
840 5108 1100 5164 Romanis
1124 5107 1475 5176 pontificibus
1505 5107 1615 5162 duo

35 5203 262 5258 nomina
291 5203 541 5272 reperio:
578 5201 777 5256 Caelius
799 5201 977 5255 dictus
1009 5197 1388 5269 Symmachus,
1418 5196 1615 5254 Caelius

38 5293 382 5359 Bormisdas,
413 5295 642 5364 ejusque
672 5293 818 5348 illius
846 5292 1043 5346 Caelius
1075 5289 1361 5355 Silverius,
1396 5290 1527 5360 quin
1561 5299 1618 5345 et

42 5388 242 5442 Caelius
271 5385 597 5441 Laurentius
631 5386 907 5455 antipapa,
936 5381 1265 5451 Calpurnius
1296 5379 1615 5446 Pontianus,

44 5480 316 5534 Domitius
340 5479 622 5543 Callistus,
667 5476 1001 5531 Concordius
1052 5473 1231 5537 Soter,
1267 5472 1505 5530 Joannes
1571 5475 1615 5529 ll

47 5582 409 5644 cognomento
472 5571 798 5634 Mercurius,
881 5566 1119 5622 Joannes
1167 5565 1235 5621 ιιι
1294 5567 1615 5633 Catellinus,

50 5661 301 5719 Bonosus
330 5664 652 5719 Benedictus
687 5662 727 5727 l,
760 5659 1017 5714 Rusticus
1046 5657 1306 5727 Agapitus
1341 5656 1380 5723 Ι,
1440 5656 1618 5713 Julius

55 5752 361 5827 Stephanus
388 5756 429 5823 l,
460 5754 660 5811 Fabius
709 5750 1004 5819 Fabianus,
1060 5748 1348 5806 Abuntlius
1408 5747 1621 5821 Zeplw-

1714 4556 1843 4611 tuba
1908 4555 2139 4609 inhibita
2186 4554 2423 4618 Christi,
2496 4550 2708 4607 Joanne
2793 4546 3110 4603 beatissimo
3184 4546 3300 4614 epi-

1715 4660 1922 4716 scopo;
1957 4645 2088 4715 quid
2136 4659 2223 4699 me
2266 4642 2506 4698 hortaris
2564 4640 2640 4695 uti
2706 4639 2899 4707 digner
2947 4649 3134 4705 preces
3178 4632 3300 4687 fun-

1715 4738 1867 4803 dere,
1912 4738 2180 4793 titubante
2209 4738 2343 4791 urbe
2366 4750 2479 4805 ιιι-ιε
2503 4733 2684 4789 divina
2716 4729 3022 4791 iracundia,
3056 4737 3109 4781 et
3164 4742 3299 4795 quo-

1714 4830 1845 4886 tidie
1869 4830 2183 4900 opperiente
2207 4835 2576 4897 tempestates,
2599 4839 2686 4878 me
2704 4824 2815 4890 jam
2841 4829 3061 4890 propter
3094 4814 3298 4871 métum

1715 4925 1997 4997 fulgurito,
2033 4923 2478 4994 cogitationeque
2506 4933 2625 4973 mea
2648 4918 2967 4977 fluctuante,
2995 4920 3300 4981 alquecon-

1716 5031 1879 5072 cussa
1933 5021 2153 5085 propter
2201 5026 2487 5067 excessum
2528 5009 2833 5063 facinorum
2868 5020 2989 5073 qua:
3040 5000 3300 5070 tempori—

1719 5110 1819 5164 bus
1851 5106 2004 5162 hisce
2047 5105 2186 5175 apud
2220 5101 2540 5173 Byzantium
2569 5100 2770 5167 injuste
2808 5103 3017 5165 patrata
3056 5091 3252 5146 fuere?
3277 5109 3296 5143 ι

1718 5198 2042 5255 Dubitabam
2070 5194 2366 5266 aliquando
2384 5208 2451 5248 ne
2473 5192 2580 5247 ista
2600 5188 2825 5261 epistola
2844 5187 3035 5253 fuisset
3059 5190 3301 5243 exarata,

1719 5299 2006 5359 postquam
2039 5286 2194 5341 Nilus
2219 5286 2409 5340 abiens
2439 5281 2759 5353 prasfectura
2799 5276 3156 5333 monasticam
3188 5287 3304 5325 am-

1718 5382 1911 5451 plexus
1940 5388 2021 5434 est
2054 5380 2246 5442 vitam,
2271 5384 2492 5445 propter
2515 5389 2578 5429 ea
2608 5371 2791 5435 verba,
2816 5368 2984 5435 «Quid
3014 5381 3100 5419 me
3122 5365 3276 5417 horta

1720 5473 1796 5528 ris
1829 5471 1905 5525 uti
1939 5472 2125 5539 digner
2146 5482 2337 5538 preces
2359 5466 2585 5519 fundere
2612 5481 2628 5529 ;
2655 5482 2673 5513 ι
2707 5461 2800 5515 sed
2826 5474 2949 5513 cum
2984 5458 3217 5510 venisset
3250 5452 3302 5506 in

1727 5570 1988 5623 mentem,
2023 5573 2226 5611 munus
2258 5571 2382 5611 esse
2434 5551 2673 5624 praefecti
2708 5548 2861 5602 urbis
2890 5543 3179 5599 consulere
3222 5557 3292 5595 se-

1720 5662 1935 5716 natum,
1982 5661 2034 5707 et
2062 5650 2164 5704 nisi
2204 5650 2340 5703 fusis
2376 5628 2485 5701 Deo
2538 5642 2791 5713 precibus
2857 5639 3035 5707 ipsum
3087 5633 3303 5703 aggredi

1722 5743 2020 5815 quidquam
2057 5741 2202 5797 haud
2236 5740 2476 5804 solitum,
2536 5744 2645 5790 tam
2710 5730 2777 5786 de
2815 5742 2968 5785 more
3017 5723 3305 5783 orthodoxi
