3852 6052
535 265 671 327 1375

1263 261 1413 326 JOS.
1450 259 1714 322 MARUE
1751 255 2106 322 SUARESII
2140 255 2370 319 LIBER
2405 257 3038 322 CHRONOLOGICUS

3648 257 3767 317 1376

531 382 754 429 senatus
783 370 949 437 illius,
978 383 1151 441 quam
1199 370 1329 440 quia
1364 370 1653 440 religiosus
1689 377 1809 424 erat
1838 368 1974 446 ipse,
2004 383 2104 422 au-
2130 369 2179 426 Α
2205 383 2327 422 rum
2377 369 2539 424 rebus
2579 369 2864 439 permultis
2913 377 3120 429 sancte,
3162 382 3228 422 ac
3253 382 3354 438 pro
3375 366 3655 437 dignitate
3688 387 3766 437 ge-

531 461 822 530 diebatque
845 477 972 517 vere
1001 461 1143 546 pius,
1170 476 1292 516 eam
1319 477 1350 516 a
1379 460 1502 515 Nilo
1525 459 1886 528 conscriptam
1920 459 2100 513 adhuc
2198 460 2321 526 stis,
2343 459 2605 515 inciditin
2636 460 2820 514 odium
2846 457 3104 514 Eucloxize
3133 457 3415 528 Augustae,
3440 457 3580 510 dum
3605 455 3769 511 Τραι-

531 550 684 606 urbis
706 549 958 619 praafecto
984 550 1318 606 existimavi.
1368 549 1644 605 Persuasit
1679 549 1732 604 id
1757 549 1888 604 mihi
1946 548 2099 603 Ruti-

531 639 639 695 lius
682 640 942 697 Claudius
965 639 1325 695 Numatianus
1356 639 1564 702 Gallus,
1596 639 1687 693 lib.
1726 653 1742 692 t
1795 637 2095 703 Itinerarii,

2198 551 2379 621 gnosti
2437 551 2657 605 viduam
2706 559 2936 616 tutatus,
2985 548 3234 619 ingressu
3284 548 3557 603 Ecclesia:
3600 550 3769 616 probi-

2197 641 2408 696 huisset
2464 640 2790 710 Augustam,
2842 647 2898 693 et
2950 653 3072 692 mox
3111 637 3333 693 tutelam
3392 635 3772 691 Alexandrina

531 731 626 799 qui
659 731 946 800 prafectus
979 733 1099 787 urbi
1128 731 1333 795 Romae,
1369 730 1608 800 antiquae
1652 729 1930 796 nimirum,
1993 728 2099 784 fuit
2195 733 2377 788 viduae
2446 731 2753 800 suscipiens
2809 729 3078 785 adversus
3143 727 3394 783 eamdem
3452 727 3772 796 Augustam,

532 836 678 876 anno
708 823 778 876 ab
807 821 956 877 Urbe
983 822 1198 878 condita
1235 821 1394 886 1169,
1420 819 1543 877 istis
1572 820 1852 875 versibus:

673 933 734 1004 Si
761 951 862 989 non
893 935 1141 1001 displicui
1184 949 1418 1004 regerent
1461 951 1578 988 cum
1597 933 1727 1004 jura
1751 932 1989 1000 Quirini,

671 1003 734 1074 Si
781 1005 918 1058 colui
955 1013 1186 1074 sanctos,
1216 1003 1559 1074 aemularique
1587 1003 1779 1058 Patres
1799 1042 1817 1067 ,

672 1072 818 1126 Nam
863 1074 1001 1143 quod
1047 1072 1196 1127 nulla
1259 1089 1430 1127 meum
1471 1071 1845 1143 'strinxerttnl‘
1872 1071 2100 1143 crimina

874 1138 886 1143 ⁷
1826 1138 1848 1214 [
1876 1142 2097 1211 ferrum,

674 1210 798 1264 Non
819 1212 886 1265 sit
909 1210 1150 1280 prafecti
1181 1211 1375 1282 gloria,
1418 1211 1510 1266 sed
1537 1211 1739 1281 populi.
1881 1261 1891 1270 .

531 1320 771 1378 Omnino
800 1338 926 1376 vero
957 1322 1300 1378 confirmavit
1323 1338 1453 1378 cura
1485 1323 1819 1392 reliquorum
1846 1332 2096 1379 motuum

531 1411 623 1480 qui
663 1409 934 1465 subsecuti
980 1422 1109 1468 sunt
1153 1412 1206 1466 in
1239 1427 1404 1467 causa
1444 1411 1618 1467 sancti
1647 1410 1876 1468 Joannis
1926 1413 2100 1482 Chry-

531 1502 760 1557 sostomi
824 1517 969 1557 attuo
1023 1503 1148 1568 404,
1203 1504 1529 1560 demandata
1603 1502 1798 1558 Studio
1849 1502 2102 1573 pra-lecto

531 1592 654 1647 ttrbi
703 1592 1336 1664 Constantinopolitanae,
1369 1593 1423 1648 in
1447 1594 1483 1647 I.
1511 1593 1577 1648 57
1606 1591 1666 1648 C.
1721 1593 1797 1648 De
1833 1594 1994 1662 episc.
2049 1602 2100 1648 et

532 1685 660 1739 cler.
690 1694 744 1740 et
771 1684 932 1756 legib.
964 1701 1038 1752 tv,
1080 1702 1134 1750 v,
1157 1700 1232 1749 γι,
1264 1685 1340 1739 De
1379 1685 1481 1748 liis,
1536 1687 1625 1756 qui
1654 1701 1809 1754 super
1853 1685 2102 1756 religione
2131 1695 2178 1754 Β

531 1778 869 1831 contendunt.
899 1776 1120 1832 Studius
1155 1787 1300 1832 certe
1326 1779 1446 1843 iste,
1483 1778 1548 1833 ad
1583 1795 1743 1850 quem
1773 1788 1951 1834 exstat
1972 1795 2103 1834 san-

531 1875 605 1928 cti
639 1872 865 1929 Joannis
899 1875 1174 1946 Chrysost.
1202 1873 1455 1943 'Epistola
1486 1875 1625 1930 inter
1662 1875 1964 1930 Saviliauas
2011 1874 2101 1939 57,

531 1973 668 2018 tom.
693 1963 805 2028 VII,
830 1979 882 2034 p.
919 1963 1040 2026 I97,
1069 1963 1210 2017 inter
1239 1962 1637 2018 Frontoniauas
1679 1962 1802 2029 127,
1835 1978 1954 2033 pag.
1976 1961 2104 2030 921,

531 2054 791 2122 inscripta
835 2055 1098 2124 Στουδείῳ
1135 2053 1362 2123 ἐπάρχῳ
1391 2053 1492 2122 τῆς
1527 2053 1755 2116 πόλεως,
1808 2069 1914 2122 qua
1972 2067 2102 2108 eum

533 2144 850 2199 consolatur
871 2145 938 2200 de
961 2154 1135 2199 morte
1178 2144 1384 2209 fratris,
1416 2145 1460 2199 is
1507 2154 1612 2208 est,
1662 2146 1730 2200 de
1759 2161 1870 2214 quo
1927 2144 2105 2199 Theo-

533 2236 704 2290 dorus
727 2235 1004 2291 Romanus
1029 2237 1170 2304 apud
1197 2235 1497 2290 Palladium
1517 2236 1570 2289 in
1593 2236 1796 2304 Dialog.
1820 2235 2023 2289 Suidas
2049 2235 2102 2290 in

533 2342 590 2379 v.
636 2325 905 2389 Στούδιος,
927 2326 1038 2381 ha2c
1063 2326 1225 2379 habet
1251 2324 1457 2386 Graece,
1483 2340 1606 2395 quae
1636 2324 1826 2378 Latina
1852 2323 2102 2378 exhibeo:

541 2436 560 2470 ι
591 2417 817 2472 Studius
853 2417 953 2472 fuit
979 2419 1060 2471 vir
1090 2427 1303 2487 potens,
1335 2425 1391 2471 et
1418 2420 1685 2471 exstruxit
1715 2416 1930 2470 celebre
1984 2431 2103 2470 mo-

533 2508 836 2562 nasterium
879 2507 1238 2571 Studitarum,
1281 2508 1424 2578 quod
1474 2507 1526 2562 in
1579 2507 1774 2577 primis
1825 2507 2108 2563 catholica:

532 2595 637 2654 fuit
669 2597 943 2663 Ecclesiae,
975 2599 1194 2654 demum
1222 2615 1351 2654 vero
1378 2599 1593 2652 transiit
1622 2598 1674 2652 in
1715 2601 2107 2654 monasterium

535 2693 726 2762 νομὴν,
757 2692 807 2746 id
839 2700 943 2757 est,
973 2693 1228 2762 prazdam.
1267 2691 1358 2745 Ille
1387 2691 1502 2760 ipse
1539 2691 1792 2760 templum
1825 2689 2110 2745 aediﬁcavit

534 2779 701 2836 Ducis
727 2783 1044 2851 angelorum
1092 2781 1348 2848 Nacolize,
1383 2782 1437 2836 in
1477 2797 1588 2853 quo
1616 2781 1865 2837 feruntur
1901 2782 1955 2838 hi
1986 2797 2110 2836 ver-

535 2889 632 2928 sus
661 2873 881 2936 heroici,
918 2889 1055 2944 quos
1084 2875 1153 2929 ita
1186 2875 1318 2930 verti
1343 2893 1359 2929 :

2197 824 2639 894 'l‘heodoritoque
2689 821 2920 892 patricio
2961 820 3121 890 cujus
3155 819 3247 875 illa
3277 819 3485 890 opibus
3513 817 3771 880 inhiabat,

2197 915 2491 973 consulens
2530 923 2592 969 ut
2631 928 2732 969 sua
2776 912 2962 968 omnia
3021 911 3356 981 pauperibus
3404 908 3772 980 elargiranr;

2197 1023 2322 1078 qua:
2335 1007 2444 1062 Leo
2464 1009 2766 1077 imperator
2799 1005 2977 1062 fusius
3001 1005 3058 1060 in
3086 1001 3207 1060 Vita
3235 1002 3296 1058 S.
3322 999 3567 1057 Joannis
3595 1013 3773 1069 prose-

2196 1099 2387 1170 quitur
2413 1099 2557 1168 apud
2579 1098 2910 1153 cardinalem
2937 1094 3274 1160 Baroninm;
3316 1105 3450 1150 cum
3479 1089 3773 1145 Severiano

2198 1202 2419 1258 quoque
2450 1185 2765 1253 Gabalensi,
2816 1199 3053 1255 cumque
3095 1184 3216 1253 ipso
3251 1192 3455 1238 sancto
3481 1180 3772 1250 Epiphanio

2199 1278 2400 1349 Cyprio
2428 1277 2755 1348 praesulibus
2782 1274 3075 1339 dissidens,
3113 1271 3579 1344 conspirantibns
3613 1269 3772 1340 pluri-

2198 1368 2305 1424 hus
2367 1368 2734 1438 magnatibus,
2781 1381 2923 1437 quos
2943 1364 3280 1421 concitarant
3315 1363 3507 1418 vidua
3535 1361 3769 1431 quedam

2199 1461 2564 1523 lascivientes,
2614 1473 2850 1530 quarum
2908 1457 3210 1514 delineasse
3245 1455 3535 1511 licentiam
3576 1451 3772 1506 videtur

2200 1551 2497 1622 Apostolus
2535 1551 2592 1606 in
2621 1549 2642 1602 l
2668 1548 2844 1619 Epist.
2917 1549 2988 1603 ad
3036 1547 3267 1609 Timoth,
3295 1561 3349 1602 c.
3415 1561 3482 1611 ιι,
3538 1558 3773 1614 quasque

2201 1642 2691 1714 καταστρηνιώσας
2747 1642 2803 1696 id
2854 1649 2959 1705 est,
3010 1641 3369 1714 luxuriantes,
3426 1638 3554 1707 ipse
3597 1634 3768 1690 Joan-

2203 1752 2303 1792 nes
2351 1738 2469 1790 zelo
2494 1749 2760 1790 aceensus
2791 1739 3068 1804 arguerat,
3119 1732 3378 1786 nimirum
3421 1729 3626 1784 Ilartia
3655 1729 3774 1782 Pro-

2203 1831 2336 1885 moti
2369 1827 2604 1901 (fratria,
2634 1826 2748 1882 sive
2777 1824 3028 1880 fratrissa
3058 1822 3321 1877 Eudoxiae
3338 1823 3640 1890 Augustae,
3665 1832 3772 1889 qua

2204 1923 2312 1979 ﬁlia
2360 1930 2479 1977 erat
2525 1918 2764 1975 Promoti
2791 1916 3048 1979 senioris,
3084 1923 3145 1968 ut
3192 1913 3367 1980 reor),
3394 1911 3668 1968 Castritia
3691 1909 3776 1964 Sa-

2206 2015 2412 2071 turnini
2467 2016 2556 2085 (an
2613 2013 2733 2082 ejus
2784 2010 2878 2082 qui
2909 2009 3104 2066 consul
3129 2007 3232 2061 fuit
3262 2021 3390 2061 cum
3429 2002 3773 2061 Merobaude,

2205 2121 2372 2169 anno,
2423 2103 2549 2166 585,
2591 2111 2646 2158 et
2695 2101 2764 2157 ad
2812 2116 2976 2172 quem
3027 2105 3247 2154 exstant
3301 2095 3583 2165 Epistolas
3620 2093 3776 2147 sancti

2205 2195 2452 2267 Gregorii
2519 2193 2869 2260 Nazianzeni,
2937 2191 3140 2261 quibus
3206 2189 3311 2259 ipsi
3363 2185 3574 2242 tribuit
3623 2183 3778 2253 ἀρχῆς

2206 2289 2359 2359 ὕψος,
2395 2287 2745 2357 magistratus
2778 2283 3179 2348 celsitudinem,
3219 2281 3336 2336 sive
3369 2278 3775 2348 prafectnram,

2206 2379 2379 2434 sancti
2413 2375 2598 2432 Basilii
2652 2375 2780 2439 3l5,
2815 2374 2908 2444 qui
2951 2373 3205 2428 comitem
3235 2377 3400 2424 vocat
3435 2366 3703 2426 Orientis.
3735 2374 3779 2418 et

2206 2468 2420 2524 Libanii
2449 2482 2554 2537 qua
2597 2465 2826 2530 Latina),
2853 2480 2962 2534 qua
3004 2463 3206 2518 Graeca:
3249 2461 3304 2515 in
3341 2459 3645 2513 Vaticanis
3688 2457 3775 2511 Ile-

2207 2561 2416 2632 giisque
2457 2556 2785 2626 codicibus),
2814 2565 2870 2610 et
2917 2553 3245 2626 Eugraphia,
3290 2552 3458 2621 cujus
3495 2551 3557 2603 in
3583 2548 3777 2604 adibus

2207 2650 2586 2706 diversabatur
2640 2646 2994 2716 Theophilus,
3045 2643 3341 2699 vindictam
3395 2640 3778 2695 anhelantibus

2206 2742 2426 2797 Asianis
2472 2739 2770 2810 episcopis,
2805 2753 2944 2808 quos
2989 2744 3311 2792 coercuerat
3359 2734 3420 2788 in
3456 2733 3675 2787 Asiana
3700 2745 3775 2800 sy-

2207 2838 2374 2891 uoalo.
2427 2833 2609 2889 Rediit
2647 2832 2814 2901 igitur
2859 2829 3218 2901 TheOphiIus,
3263 2827 3336 2882 ab
3361 2841 3556 2896 eoque
3585 2825 3778 2894 cogitur

2209 2924 2636 2982 conciliabulum
2668 2922 2736 2978 ad
2766 2922 3037 2989 Quercum
3061 2919 3408 2993 (suburbium
3430 2920 3482 2972 id
3519 2927 3617 2973 est
3637 2916 3778 2972 Chal-

676 2986 851 3052 me
923 2987 1026 3041 cm
1081 2987 1433 3056 mundanam
1503 2988 1800 3077 ⁶⁰ἶ³³ίη⁴²²ί⁸
1866 2986 2106 3082 .Si'j‘fit“
2133 3016 2178 3075 C
2210 3017 2434 3073 cedonis
2473 3026 2626 3071 trans
2651 2986 2822 3079 mare,
2863 2986 3276 3082 cognomenque
3317 3010 3623 3065 sortitur:
3662 3007 3778 3062 Rul-

1951 3059 2068 3111 dem

853 3125 1102 3180 Consulis
1150 3126 1349 3194 accepit
1387 3127 1586 3199 virgam
1621 3057 2104 3196 mercedelrfpiern:

540 3239 816 3304 Hactenus
846 3237 1069 3292 Suidas.
1100 3238 1395 3293 Consulem
1424 3240 1638 3293 invenio
1672 3223 1921 3294 Studium
1979 3255 2104 3295 cum

536 3329 698 3384 Aetio
725 3329 790 3383 ad
829 3331 1039 3382 annum
1062 3329 1124 3384 C.
1169 3327 1236 3384 N.
1282 3329 1408 3393 456,
1451 3331 1552 3384 etsi
1591 3331 1681 3384 alii
1727 3332 1907 3400 legant
1955 3331 2106 3386 Aste-

538 3419 718 3471 rium:
751 3433 817 3472 ex
857 3416 960 3472 hoc
1002 3418 1334 3474 monasterio
1376 3420 1689 3490 prodiitdiu
1743 3431 1865 3490 post
1927 3419 2106 3476 Theo-

537 3510 705 3564 dorus
734 3509 975 3564 Studites
1002 3525 1149 3564 anno
1193 3511 1319 3576 820,
1362 3512 1459 3580 qui
1525 3512 1809 3568 confessor
1853 3517 2106 3585 egregius

535 3599 921 3670 catholicazque
953 3600 1075 3655 fidei
1108 3602 1254 3670 pugil
1287 3602 1523 3656 invictus
1547 3603 1779 3668 exstitit,
1798 3606 2102 3674 eodemque

537 3689 627 3744 die
671 3689 865 3744 natalis
909 3691 1029 3760 ejus
1063 3691 1393 3757 celebratur,
1423 3707 1533 3761 quo
1557 3691 1662 3746 Nili
1697 3695 1929 3760 abbatis,
1972 3696 2112 3752 duo-

539 3778 750 3834 decima
773 3780 981 3835 scilicet
1005 3778 1328 3836 Novembris
1345 3783 1398 3836 in
1421 3781 1800 3853 MarterIOgio
1823 3781 2106 3853 Romano;

541 3880 598 3925 at
624 3871 679 3926 in
708 3871 1032 3943 Menologio,
1062 3873 1123 3927 ll
1157 3872 1429 3930 Theodori
1473 3873 1722 3941 Studitae,
1754 3876 1841 3939 l2,
1866 3874 1968 3930 Nili
2014 3893 2109 3933 so-

539 3960 747 4015 lemnes
775 3961 1130 4032 designantur
1180 3963 1317 4018 dies.
1347 3963 1681 4034 TheOphilus
1708 3964 2110 4024 Alexandrinus

535 4053 704 4126 649
729 4055 1172 4124 archiepiscopus
1215 4054 1463 4112 infensus
1485 4065 1678 4112 sancto
1700 4056 1897 4112 Joanni
1929 4059 2109 4130 Chry-

539 4159 785 4202 sostomo
815 4148 1026 4202 accitus
1056 4148 1109 4201 in
1148 4147 1337 4201 urbem
1366 4155 1589 4202 venerat
1619 4157 1743 4217 post
1762 4149 1970 4204 obitum
1993 4148 2106 4203 Ne-

537 4239 693 4292 ctarii
723 4238 1125 4308 archiepiscopi
1168 4239 1758 4309 Constantinopolitani
1797 4254 1945 4294 anno
1967 4239 2008 4294 C
2035 4237 2105 4295 N.

535 4327 662 4394 397,
694 4344 788 4384 seu
817 4327 1076 4390 Caesarie,
1099 4335 1152 4381 et
1179 4326 1358 4382 Attico
1377 4341 1550 4391 coss.,
1573 4327 1764 4396 quinto
1786 4325 1908 4382 Kal.
1943 4325 2108 4383 Octo-
2137 4348 2185 4405 ο

537 4419 674 4486 bris,
710 4418 1048 4485 ad-comitia,
1084 4427 1138 4473 et
1154 4418 1219 4472 ad
1243 4417 1550 4488 eligendqu
1581 4432 1974 4482 successorem,
2011 4419 2111 4473 ha-

537 4512 760 4580 bitoque
785 4511 1040 4572 concilio,
1066 4509 1244 4564 visum
1278 4517 1362 4563 est
1384 4523 1667 4563 accersere
1695 4505 1961 4565 Joannem
1992 4511 2106 4564 An-

539 4601 874 4664 tiochenam,
897 4600 974 4653 uti
997 4597 1251 4653 Nectario
1290 4599 1700 4668 subrogaretur.
1737 4597 1837 4653 llic
1869 4597 2110 4657 Joannes

539 4689 845 4759 piissimus,
905 4701 970 4741 ac
1021 4687 1531 4756 eloquentissimus,
1559 4697 1613 4742 et
1662 4688 1731 4742 ab
1758 4687 2100 4748 Antiocheno

541 4778 742 4849 populo
772 4777 1132 4847 przedilectus,
1166 4793 1310 4831 anno
1336 4779 1460 4842 598,
1486 4786 1641 4848 porta
1674 4777 1916 4834 Romana
1943 4790 2111 4837 vasta:

541 4869 688 4924 illius
719 4869 956 4925 civitatis
989 4883 1264 4939 egressus,
1304 4877 1561 4937 tanquam
1609 4869 1710 4922 iret
1741 4869 1807 4922 ad
1849 4871 2108 4942 martyria

540 4978 665 5019 cum
715 4964 913 5018 comite
942 4961 1180 5017 Orientis
1225 4960 1529 5015 Antiochia:
1563 4961 1849 5016 residentis
1895 4961 2110 5016 Asteria

543 5057 889 5129 (Scholiastes
921 5054 1142 5108 Codicis
1172 5051 1537 5106 Theodosiani
1565 5062 1752 5105 narrat
1783 5053 1849 5105 ad
1882 5052 1920 5105 l.
1959 5068 2106 5108 xxxv

543 5145 622 5198 De
659 5142 918 5213 operibus.
972 5139 1170 5210 public.
1204 5154 1235 5194 e
1278 5138 1605 5204 Sozomeuo,
1664 5140 1760 5192 lib.
1803 5154 1922 5203 vm,
1967 5155 2018 5194 c.
2050 5141 2106 5206 2,

543 5239 684 5290 Ηὶδι.
724 5234 906 5289 eccles.
943 5233 1205 5298 Palladio,
1245 5243 1299 5287 ct
1341 5231 1575 5302 Georgio
1607 5231 1660 5284 in
1712 5230 1816 5284 Vit.
1853 5231 1912 5286 S.
1946 5229 2105 5286 Joan.

538 5329 796 5396 Chrys),
827 5331 1046 5394 repente
1086 5323 1434 5392 imperatoris
1475 5321 1694 5376 Arcadii
1741 5320 1900 5390 jussu
1933 5321 2003 5375 ab
2037 5336 2102 5376 co

538 5416 793 5486 dirigitur
854 5411 1403 5479 Constantinopolim,
1452 5419 1507 5464 et
1559 5409 1630 5463 ibi
1687 5407 1757 5462 26
1798 5407 2104 5472 Februarii,

540 5505 794 5573 quamvis
837 5504 1007 5557 invito
1053 5500 1356 5570 Theophilo
1413 5499 1801 5563 Alexandrino,
1835 5499 2104 5568 archiepi-

543 5607 744 5650 scoous
805 5589 1446 5661 Constantinopolitanus
1496 5589 1599 5645 rite
1644 5590 1954 5645 ordinatur.
2002 5590 2106 5646 Vc-

2207 3107 2339 3179 llno)
2369 3107 2488 3163 dies
2507 3107 2711 3162 dicitur
2731 3115 2925 3160 sancto
2942 3101 3163 3167 Joanni,
3187 3100 3280 3170 qui
3298 3101 3482 3155 noluit
3497 3101 3778 3157 interesse.

2208 3212 2494 3272 suspectos
2515 3199 2642 3261 sibi,
2671 3208 2727 3254 et
2755 3197 3012 3252 inimicos
3059 3187 3324 3250 recusans
3364 3183 3698 3263 episcopos,
3739 3203 3779 3242 ct

2206 3296 2567 3367 injustissime
2595 3293 2888 3348 damnatur
2913 3288 3134 3351 absens,
3153 3294 3315 3354 atque
3347 3283 3672 3339 inauditus.
3691 3281 3777 3333 Re-

2207 3390 2414 3445 latione
2459 3387 2585 3443 data
2638 3383 2875 3439 Arcadio
2929 3379 3270 3450 imperatori,
3321 3392 3453 3434 cum
3481 3376 3778 3445 impelleret

2206 3482 2453 3552 Augusta
2507 3476 2776 3542 Eudoxia,
2819 3471 2976 3546 jussu
3002 3471 3218 3527 Arcadii
3250 3469 3488 3525 antistes
3516 3468 3772 3522 innocen-

2210 3575 2456 3630 tissimus
2491 3587 2524 3629 e
2549 3571 2677 3629 sede
2699 3586 2799 3626 sua
2827 3569 3171 3630 deturbatur,
3201 3573 3257 3620 et
3300 3559 3775 3628 Constantinopoli

2208 3665 2495 3735 depellitur
2515 3677 2660 3716 anno
2685 3661 2814 3722 405,
2847 3659 2942 3714 sed
2970 3657 3042 3712 ob
3068 3661 3464 3716 tememotum,
3502 3665 3633 3721 quo
3668 3663 3777 3703 coa~

2208 3771 2368 3812 cussa
2425 3755 2559 3810 urbs
2612 3753 2701 3809 illa
2762 3749 3054 3807 confestim
3117 3745 3360 3807 tremuit,
3387 3751 3629 3798 terrore
3650 3738 3776 3798 aula.

2209 3845 2473 3917 plebsque
2523 3851 2796 3898 commota
2824 3840 2946 3904 fuit,
2986 3839 3142 3907 isque
3163 3843 3457 3892 revocatur
3482 3847 3524 3887 e
3555 3834 3778 3886 Preteno

2211 3939 2318 4013 (est
2370 3939 2476 3992 hoc
2527 3934 2747 4006 quidem
2799 3931 3104 4002 emporium
3141 3929 3306 3985 etiam
3333 3936 3488 3981 trans
3530 3937 3692 3978 mare
3716 3921 3778 3975 si-

2211 4041 2325 4086 tum
2344 4045 2374 4084 e
2402 4027 2626 4099 regione
2649 4023 3025 4093 Nicomedia),
3043 4023 3274 4092 legerem
3303 4028 3488 4073 tamen
3519 4015 3778 4074 Prienen,

2209 4121 2356 4193 quod
2390 4129 2474 4175 est
2503 4117 2767 4187 Bithynia:
2799 4116 3058 4186 oppidum
3079 4111 3408 4182 episcopale,
3435 4108 3776 4174 thermisque

2211 4207 2546 4280 percelebre,
2581 4207 2648 4261 de
2677 4221 2788 4274 quo
2809 4206 2892 4275 egi
2922 4203 3018 4259 lib.
3048 4219 3066 4258 ι
3100 4201 3384 4265 Ρηεπεεεη
3423 4215 3475 4254 c.
3496 4199 3583 4264 3;
3621 4206 3676 4251 et
3697 4195 3774 4248 lib.

2215 4320 2275 4372 ιι,
2297 4320 2350 4360 c.
2378 4305 2434 4360 9.
2467 4302 2634 4374 650
2664 4299 2777 4355 Nec
2803 4299 2898 4354 diu
2929 4307 3053 4366 post
3077 4311 3223 4352 anno
3255 4295 3383 4360 104,
3404 4309 3543 4349 cum
3576 4295 3637 4347 in
3662 4306 3780 4346 coa-

2211 4397 2372 4452 cionc
2417 4402 2642 4449 sanctus
2680 4390 2879 4461 praesul
2917 4389 3166 4444 invectus
3201 4387 3400 4442 fuisset
3436 4385 3672 4456 publice
3700 4382 3780 4435 ad-

2209 4501 2404 4542 versus
2430 4483 2732 4538 Eudoxiam
2773 4481 2848 4535 ob
2883 4488 3119 4535 statuam
3167 4487 3480 4548 argenteam
3504 4475 3626 4544 ipsi
3657 4472 3782 4542 posi-

2212 4585 2345 4642 tam,
2364 4584 2712 4644 erectamque
2737 4585 2901 4641 super
2918 4571 3175 4624 columna
3198 4564 3596 4638 porphyretiea
3627 4575 3781 4634 prope

2211 4669 2385 4739 ipsam
2415 4663 2703 4722 ecclesiam
2738 4677 2864 4719 cum
2889 4661 3057 4726 ludis,
3087 4659 3536 4726 histrionumque
3580 4663 3781 4725 Specta-

2209 4758 2371 4824 culis,
2399 4766 2473 4812 et~
2495 4755 2710 4810 cultura
2761 4752 3048 4807 hominum
3106 4748 3426 4818 dignitatem
3481 4746 3780 4800 excedetc

2210 4851 2280 4906 ab
2307 4863 2454 4904 anno
2475 4847 2604 4912 405,
2644 4854 2782 4900 teste
2838 4842 3154 4897 Marcellino
3181 4840 3236 4895 in
3270 4836 3578 4901 Chronico,
3611 4844 3669 4890 et
3690 4833 3777 4887 So-

2209 4951 2380 5006 crate,
2430 4941 2526 4994 lib.
2563 4953 2641 5002 Vl,
2672 4951 2724 4991 c.
2759 4935 2847 5001 16,
2884 4944 2940 4989 et
2965 4923 3292 4991 Sozomeno,
3328 4928 3424 4982 lib.
3451 4943 3579 4993 vm,
3611 4941 3671 4980 c.
3693 4924 3775 4982 20.

2208 5043 2264 5089 et
2295 5033 2329 5085 l.
2367 5031 2514 5086 unic.
2558 5029 2621 5084 C.
2659 5027 2933 5081 Theodos.
2968 5025 3043 5077 De
3071 5019 3392 5090 imaginibus
3438 5019 3695 5084 imperat.
3720 5029 3773 5067 ac

2209 5128 2247 5182 ι.
2281 5142 2332 5182 tv
2364 5125 2440 5179 De
2471 5123 2551 5177 his
2583 5122 2674 5192 qui
2704 5135 2862 5188 super
2893 5115 3043 5185 relig.
3092 5111 3336 5168 contend.
3364 5111 3404 5166 Ι.
3441 5125 3532 5164 xu
3555 5119 3610 5164 et
3661 5121 3772 5160 thv

2210 5216 2290 5270 De
2325 5215 2520 5282 operib.
2575 5209 2770 5278 public.
2829 5205 2922 5261 ubi
2961 5203 3304 5264 scholiastes,
3331 5209 3390 5254 et
3445 5199 3501 5251 in
3532 5199 3773 5252 Chrono-

2209 5308 2350 5378 logia
2406 5321 2461 5375 p.
2518 5303 2642 5358 M7.
2685 5301 2816 5356 Erat
2840 5305 3020 5353 autem
3046 5291 3482 5365 propensissimo
3515 5290 3574 5344 in
3603 5289 3773 5342 Eudo-

2211 5401 2355 5455 xiam
2403 5397 2585 5453 studio
2641 5393 2928 5452 Arcadius,
2967 5403 3134 5460 quam
3169 5395 3226 5440 et
3251 5399 3400 5439 anno
3434 5383 3542 5438 100
3569 5382 3768 5452 procla-

2209 5494 2346 5549 mari
2377 5490 2668 5545 mandarat
2693 5489 2994 5556 Augustam
3037 5495 3070 5536 e
3091 5474 3767 5535 ChronicoAlexandrino,

2208 5597 2262 5642 et
2284 5602 2314 5641 a
2337 5599 2444 5654 qna
2461 5581 2820 5652 Selymbriam
2843 5576 3142 5662 nuncupari
3161 5573 3488 5645 permiserat
3504 5568 3768 5625 Eudoxio-
