3852 6052
17 268 203 335 .377

17 474 411 533 lit-censes
434 479 595 535 ludos
647 478 786 535 adeo
848 478 1242 544 insectabatur,
1288 477 1691 533 ethistrionum

17 570 452 634 spectacula,
512 583 635 639 quae
679 568 998 624 nutriebant
1044 567 1335 639 spurcitias
1378 567 1688 633 libidinum,

17 665 90 710 et
121 656 201 710 id
215 659 524 713 ololatriaa
547 658 809 729 reliquias
825 662 1240 724 eonservabant,
1271 657 1486 727 penitus
1510 658 1692 712 delere

17 751 418 818 satagebat.
444 751 600 805 Certe
622 750 788 814 malo,
810 759 973 822 atque
992 751 1318 805 detrimento
1337 748 1687 819 Reipublicae,

17 838 428 911 damnaque
456 855 520 895 ac
552 841 795 911 periculo
842 842 1187 911 regnantium
1242 839 1686 911 principum,ja-

18 935 147 981 ctu
159 944 387 1000 raque
406 931 734 993 honestatis.
756 941 810 987 et
838 947 1053 987 morum
1074 931 1381 1000 corruptela
1413 931 1504 984 diu
1528 930 1687 983 dein-

17 1034 207 1088 ceps
227 1022 565 1091 perstitere,
586 1020 959 1093 factionesquc
975 1021 1352 1086 Prasinorum,
1372 1032 1427 1075 et
1459 1019 1691 1075 Veneto-

24 1127 201 1165 rum
298 1112 459 1169 fuere
499 1115 711 1169 semina
740 1115 1091 1179 seditionum,
1119 1124 1177 1168 ut
1204 1129 1268 1167 ex
1299 1111 1601 1166 Annalibus
1631 1112 1691 1166 Ii-

23 1213 243 1271 quet,
293 1215 465 1275 atque
505 1206 861 1276 perduellium
906 1214 1200 1276 praetextus
1245 1222 1307 1259 ex
1347 1206 1453 1259 illis
1482 1205 1688 1259 colori-

34 1294 175 1348 bus
262 1295 549 1365 desumpti
600 1311 760 1363 sunt;
800 1297 940 1352 unde
976 1296 1319 1351 convincitur
1346 1297 1685 1350 mendacium

34 1379 272 1445 illius,
300 1383 395 1452 qui
415 1382 655 1452 jactabat
675 1384 929 1455 expedire
952 1384 1196 1453 Augusto
1221 1396 1278 1439 ut
1309 1385 1543 1455 populus
1578 1385 1686 1439 illis

40 1469 499 1528 distineretur.
544 1474 599 1528 In
641 1490 760 1530 eam
794 1476 1062 1545 (inquam)
1096 1475 1548 1545 vigilantissimus
1587 1491 1687 1545 pa-

41 1570 202 1614 εις.-
269 1563 612 1634 divitiusque
629 1581 807 1635 praeco
823 1567 1111 1633 detonuit;
1135 1567 1321 1636 itaque
1346 1578 1532 1622 notum
1556 1566 1685 1636 quid

46 1652 286 1719 possit
321 1652 510 1710 furens
538 1655 883 1726 etimpcrans
917 1656 1156 1711 femina:
1191 1658 1557 1713 conciliabqu
1578 1657 1687 1711 alio

48 1742 138 1794 ab
204 1740 438 1797 Acacio
483 1744 742 1815 episcopo
781 1744 1056 1801 Berrhoea:
1113 1746 1165 1800 in
1206 1744 1540 1810 Macedonia,
1575 1746 1691 1801 An-

47 1832 302 1887 tiocho
336 1833 708 1903 Ptolemaidis,
767 1836 1064 1891 Severiano
1108 1836 1461 1901 Gabalorum,
1511 1847 1566 1893 et
1588 1839 1693 1911 Cy-

56 1924 216 1978 rino
299 1923 679 1991 Chalcedonis,
706 1936 761 1983 et
800 1927 1150 1983 multitudine
1203 1929 1437 1984 aliorum
1478 1933 1694 2001 episco-

52 2030 334 2084 porum,
365 2016 616 2083 collecto,
650 2018 702 2072 in
722 2034 830 2088 quo
858 2021 982 2074 licet
1003 2020 1569 2093 abscns'l‘heophilus,
1605 2024 1692 2078 ni-

64 2108 416 2164 hilominus
444 2109 848 2179 dominabatur,
867 2112 1063 2168 iterum
1090 2114 1331 2171 Joannes
1359 2117 1692 2172 condemna-

60 2203 202 2247 tur.
260 2194 415 2250 lnter
447 2199 816 2254 accusationis
848 2215 979 2255 vero
1024 2203 1206 2273 capita
1251 2202 1506 2275 Origenis
1536 2221 1685 2261 erro-

71 2298 177 2336 res
241 2283 455 2341 fovisse
506 2288 944 2357 insimulabatur,
980 2307 1141 2361 quam
1182 2293 1513 2350 calumniam
1553 2298 1690 2352 satis

69 2374 336 2431 diluunt
391 2388 644 2435 auctores
688 2382 875 2448 sacri;
933 2398 1032 2439 nec
1070 2384 1215 2440 enim
1261 2388 1562 2443 monachos
1595 2388 1689 2458 qui
1764 2406 1772 2413 ·

76 2480 268 2522 erant
302 2467 646 2541 Origenistae,
672 2473 777 2527 alia
801 2473 870 2529 de
903 2488 1065 2531 causa
1096 2478 1509 2547 perhumaniter
1532 2493 1692 2534 exce-

76 2559 196 2628 pit,
236 2575 414 2629 quam
446 2570 504 2615 ut
542 2560 609 2615 ad
634 2562 932 2619 Ecclesium
971 2567 1298 2621 catholicam
1340 2569 1595 2639 pellectos
1624 2584 1690 2625 ea

81 2652 429 2717 clementia,
463 2655 785 2725 leuitosque,
832 2672 895 2711 ac
941 2659 1350 2715 mansuefactos
1385 2663 1686 2717 reduceret.

84 2742 194 2796 Sic
240 2754 473 2799 sanctus
504 2745 738 2815 Cyrillus
771 2746 1023 2819 Origenis
1070 2752 1277 2806 assecla
1306 2751 1443 2808 falso
1462 2753 1686 2809 dicitur.

89 2832 197 2888 Sic
236 2846 471 2890 sanctus
511 2836 877 2909 Hieronymus
900 2856 928 2894 a
973 2840 1215 2897 Palladio
1246 2855 1473 2899 vocatur
1502 2844 1691 2915 Orige-

90 2924 286 2987 nista,
316 2926 445 2994 quia
476 2926 678 2983 liberos
714 2931 851 3001 Περὶ
874 2931 1059 3002 ἀρχῶν
1098 2931 1348 3004 Origenis
1386 2937 1688 3002 transtulit,

92 3016 211 3070 etsi
282 3020 618 3087 purgaverit,
661 3030 720 3075 ut
755 3021 1114 3096 Rosweydus,
1143 3041 1266 3096 pag.
1292 3026 1397 3083 446
1438 3026 1543 3082 Vit.
1572 3027 1685 3081 Pa—
1716 3035 1760 3095 ς,

94 3119 285 3176 trum,
322 3111 610 3179 observat;
634 3128 757 3169 cum
784 3123 963 3170 tamen
992 3115 1060 3192 ab
1088 3116 1339 3187 Origenis
1368 3120 1547 3187 pravis
1571 3120 1693 3188 opi-

94 3200 379 3260 nionibus
433 3203 623 3272 procul
667 3204 900 3269 abesset,
955 3215 1011 3260 et
1063 3207 1185 3261 ideo
1221 3205 1435 3263 Ruﬂ‘mo
1466 3206 1692 3278 Aquile-

98 3295 293 3365 giensi
322 3296 461 3353 foret
488 3294 755 3363 infensus,
786 3297 863 3352 uti
886 3300 1135 3368 superius
1157 3300 1543 3356 demonstravi.
1565 3300 1692 3356 Ori-

100 3390 346 3455 genistze
387 3387 631 3458 profecto
674 3390 776 3444 viri
801 3387 1046 3461 plerique
1077 3389 1248 3447 saneti
1292 3392 1680 3461 censebantur,

102 3478 267 3546 quod
295 3480 545 3534 evenisse
568 3489 721 3549 putat
752 3482 866 3551 ipse
891 3481 1243 3555 Rosweydus,
1264 3485 1564 3555 prolegom.
1598 3484 1686 3551 15,

103 3585 177 3625 ex
244 3571 375 3625 odio
423 3572 1130 3643 Autbropomorphitarum,
1201 3574 1513 3645 fateturque
1549 3591 1688 3629 non-

108 3662 303 3717 nullos
324 3662 578 3732 abreptos
609 3672 764 3727 aastu,
797 3664 999 3733 lapsos,
1033 3664 1128 3719 sed
1160 3665 1457 3733 resipuisse
1484 3675 1689 3735 postea,

106 3752 502 3823 meruisseque
538 3754 901 3809 sanctimonia
931 3754 1073 3819 vitae,
1126 3755 1518 3825 religionisque
1540 3756 1692 3825 puri-

116 3852 254 3910 tate,
287 3854 347 3898 ut
375 3843 429 3899 in
457 3844 650 3900 Fastos
683 3860 892 3911 sacros,
921 3859 1017 3900 seu
1044 3844 1310 3916 Diptycha
1331 3846 1691 3902 referrentur.

116 3933 338 3991 Rursus
391 3946 615 3992 sanctus
652 3935 886 3992 Joannes
924 3937 991 3992 ab
1028 3937 1267 3993 Arcadio
1298 3939 1569 4010 Augusto,
1598 3938 1693 4010 qui

118 4025 385 4082 Eudoxiae
436 4043 550 4083 suae
584 4044 799 4099 semper
846 4029 1022 4100 magis
1065 4039 1182 4086 erat
1208 4032 1499 4097 obnoxius,
1524 4047 1588 4087 ac
1612 4034 1696 4087 ni-

119 4120 233 4174 mis
299 4120 546 4183 uxorius,
579 4123 792 4191 cogitur
844 4122 1119 4188 exsulare,
1163 4122 1549 4194 Cucusumque
1593 4140 1694 4193 op-

122 4207 314 4275 pidum
365 4206 637 4263 Armenia:
687 4207 1025 4277 perducitur,
1077 4217 1135 4263 ut
1172 4207 1294 4263 fuse
1334 4210 1515 4278 prodit
1536 4209 1698 4265 scho-

123 4297 319 4353 liastes
363 4298 498 4352 Cod.
521 4296 794 4354 Theodos.
823 4297 891 4354 ad
918 4297 957 4352 Ι.
981 4313 1129 4353 xxvn
1155 4296 1230 4352 De
1250 4299 1476 4369 episcop.
1492 4308 1545 4354 et
1562 4298 1617 4353 ll.
1642 4314 1696 4353 tv

77 4420 87 4427 ν
127 4398 183 4443 ct
208 4405 263 4455 v,
289 4404 352 4443 ac
379 4405 457 4455 vi,
493 4388 567 4443 De
599 4390 680 4444 his
710 4390 802 4460 qui
829 4405 986 4459 super
1015 4389 1163 4459 relig.
1189 4392 1432 4444 contend.
1458 4389 1581 4445 Mox
1613 4390 1696 4444 in-

130 4487 315 4535 trusus
350 4481 428 4535 illi
467 4482 732 4536 sullicitur
775 4481 829 4537 in
870 4483 1366 4552 archiepiscopatu,
1412 4483 1693 4546 Arsacius,

131 4586 295 4641 quem
330 4573 494 4645 λῆρον
521 4581 822 4644 nuncupat,
852 4580 906 4630 ct
932 4573 1091 4645 651
1125 4574 1432 4630 adulterum
1473 4584 1695 4631 sanctus

132 4661 367 4719 Joannes
425 4662 854 4736 Chrysostomus
888 4663 1025 4734 ipse,
1075 4674 1239 4736 atque
1280 4666 1605 4722 collocatum
1638 4666 1696 4722 ln

134 4753 328 4809 throno
385 4753 577 4810 scribit
608 4768 637 4808 a
672 4753 972 4808 Βασίλισσα
1010 4769 1067 4825 p.
1101 4754 1207 4810 870
1233 4754 1486 4827 Epistol.,
1521 4772 1699 4827 quan-

138 4844 335 4899 tumvis
376 4854 601 4900 sanctus
631 4842 871 4899 Joannes
917 4855 1267 4915 provocasset
1297 4846 1491 4902 iterum
1515 4847 1582 4902 ad
1608 4846 1697 4903 ln-

18 4960 23 4985 ι
136 4935 438 4990 nocentium
492 4935 797 4990 Romanum
846 4936 1175 5005 pontiﬁcem,
1204 4952 1237 4991 a
1265 4952 1376 5007 quo
1412 4939 1699 4995 restitutus

143 5118 244 5183 his,
281 5120 368 5188 qui
408 5135 532 5173 eum
572 5129 842 5175 extorrem
878 5121 1136 5185 fecerant,
1173 5138 1382 5193 suaque
1408 5123 1535 5178 sede
1567 5138 1699 5193 spo-

145 5208 365 5275 liarant;
412 5210 688 5279 profectus
739 5222 822 5267 est
877 5210 1034 5268 fortis
1072 5214 1275 5268 athleta
1318 5215 1372 5268 in
1417 5214 1697 5277 exsilium,

18 5410 25 5453 ἰ

148 5493 261 5535 rum
291 5482 530 5551 plerique
555 5479 827 5536 Joannitze
860 5483 1226 5552 cognominati
1249 5483 1598 5553 exspirarunt
1644 5482 1698 5537 in

151 5574 467 5639 carceribus,
502 5573 589 5628 ubi
614 5572 910 5628 Comanam
947 5574 1106 5628 Ponti
1138 5575 1394 5644 oppidum
1424 5574 1700 5643 pervenis-

151 5671 246 5728 set,
269 5674 510 5720 mortuus
529 5678 675 5718 anno
695 5664 823 5728 407,
845 5665 933 5720 die
952 5665 1019 5720 η
1038 5663 1382 5733 Novembris,
1413 5680 1443 5719 e
1473 5663 1696 5720 Socrate

1421 273 1521 333 DE
1562 267 1741 334 VITA
1777 265 1838 328 S.
1876 269 2061 331 NILI.

18 385 300 459 mlim,
365 386 418 443 in
457 402 579 444 eam
640 402 808 461 porro
856 394 1083 443 sanctus
1107 384 1574 457 archiepiscopus,
1606 382 1701 454 qui
1732 383 1778 439 Δ
1804 399 1857 439 c.
1891 384 1978 450 l9,
2006 382 2102 438 lib.
2133 397 2186 437 vr
2212 400 2226 437 :
2250 397 2345 438 seu
2377 381 2732 452 Septembris,
2762 391 2822 439 ut
2846 383 2999 439 aiunt
3025 384 3139 452 alii,
3171 401 3369 455 nempe

139 5035 192 5079 et
234 5027 421 5082 deinde
464 5026 567 5081 fuit
603 5028 658 5081 in
697 5027 985 5097 Diptycha,
1026 5027 1295 5097 perculsis
1351 5031 1700 5085 anathemate

148 5314 367 5371 cumque
399 5301 616 5357 interim
657 5302 1265 5373 Constantinopolitana
1311 5303 1701 5375 (ouilagrassct

149 5392 387 5457 ecclesia,
428 5392 579 5446 varie
609 5393 977 5450 discruciatus
1014 5410 1137 5450 cum
1172 5395 1364 5451 amicis
1390 5395 1528 5451 suis.
1562 5410 1701 5463 quo-

3230 273 3367 340 1378

1792 475 1942 531 card.
2007 474 2275 529 Baronius
2320 474 2372 528 in
2407 473 2724 540 Annalibus,
2764 475 3019 545 migravit
3075 476 3130 530 in
3164 478 3369 532 cmlum

1793 566 2044 637 gloriosa:
2063 564 2430 620 confessionis
2456 580 2571 621 suae
2608 565 2891 635 praemium
2924 575 3264 637 recepturus,
3304 575 3362 623 et

1790 657 1879 712 die
1896 656 1965 710 27
1981 654 2208 711 Januar.
2230 656 2433 710 relatus
2453 656 2505 709 in
2523 655 2931 711 Kalendarium.
2953 656 3146 712 Festus
3167 656 3371 718 Trans,-

1791 745 2008 801 lationis
2040 745 2562 816 Constantinopolim
2594 746 2711 801 dies
2738 745 3063 810 celebratur,
3113 762 3236 801 cum
3280 764 3370 804 sa-

1790 850 1947 890 crum
2001 834 2123 904 ejus
2183 849 2384 904 corpus
2427 835 2698 890 redditum
2743 835 2845 890 fuit
2902 851 3017 890 suae
3051 837 3366 904 cathedrae;

1790 926 1935 980 unde
1982 923 2212 979 Romam
2253 925 2593 993 deportatum
2629 925 2681 979 in
2731 926 2963 982 Basilica
3007 926 3367 981 Sancti-Petri

1790 1018 2025 1088 quiescit
2052 1018 2121 1072 ab
2154 1011 2300 1072 anno
2335 1016 2463 1083 860,
2502 1032 2533 1072 e
2562 1018 2890 1090 Chronolog.
2918 1018 3054 1074 Cod.
3094 1018 3363 1074 Theodos.

1794 1125 1849 1179 p.
1885 1108 2010 1164 t5l.
2988 1120 2991 1124 ⁴

1860 1231 2100 1286 Primam
2130 1231 2317 1302 itaque
2345 1230 2453 1286 Nili
2478 1232 2758 1302 epistolam
2784 1242 3062 1288 exaratam
3095 1250 3291 1289 censeo
3311 1237 3364 1290 in

1790 1323 1880 1379 illa
1908 1325 2083 1394 prima
2112 1327 2283 1381 sancti
2324 1325 2553 1381 Joannis
2588 1327 2962 1397 Chrysostomi
3016 1328 3365 1398 relegatione,

1788 1424 1953 1485 atque
1990 1416 2055 1469 ad
2086 1416 2379 1471 Arcadium
2437 1419 2576 1488 Aug.
2640 1417 2809 1474 fuisse
2853 1420 3101 1484 missam,
3135 1434 3370 1490 eumque

1790 1508 1879 1563 illa
1906 1517 2108 1563 tactum
2143 1522 2195 1564 et
2223 1526 2540 1579 persuasum
2564 1526 2629 1564 eo
2655 1510 2871 1567 facilius
2899 1527 3184 1567 revocasse
3211 1512 3370 1566 inno-

1789 1601 2164 1655 centissimum
2197 1601 2394 1654 virum.
2426 1602 2557 1655 Nam
2590 1618 2712 1656 cum
2741 1603 2956 1656 saeviret
2995 1602 3049 1656 in
3074 1602 3191 1656 dies
3217 1618 3370 1656 acer-

1721 1707 1764 1763 B
1793 1691 1917 1745 bius
1941 1692 1993 1744 in
2011 1700 2256 1745 sanctum
2275 1690 2537 1746 Joannem
2566 1694 2638 1748 ab
2663 1693 2781 1762 ejus
2806 1693 3138 1748 adversariis
3156 1692 3369 1746 inflam-

1793 1789 1937 1835 mata
1973 1779 2239 1846 Eudoxia,
2284 1797 2385 1836 nec
2435 1781 2709 1836 eilicacior
2757 1790 2843 1837 est
2888 1784 2995 1837 ulla
3027 1784 3168 1852 pica,
3200 1797 3365 1851 quam

1793 1873 2112 1944 pulvinaris,
2165 1884 2224 1927 ut
2269 1872 2506 1929 Joannes
2562 1874 2981 1929 Sarisberiensis
3036 1876 3226 1929 edocet
3266 1875 3362 1932 lih.

1791 1958 1872 2014 De
1894 1962 2049 2031 nugis
2081 1961 2297 2025 σανίσι..
2320 1970 2506 2032 totque
2531 1962 2732 2033 ﬂagitia
2752 1966 2956 2033 passim
2980 1973 3363 2034 patrarentur;

1791 2053 1967 2117 Nilus,
1998 2055 2371 2125 quiabieratc
2396 2057 2741 2124 magistratu,
2786 2065 2900 2121 aut,
2949 2067 3008 2111 ut
3054 2059 3248 2128 loquar
3276 2076 3370 2114 ve-

1792 2143 1931 2207 rius,
1973 2144 2249 2199 ahdicarat
2298 2159 2357 2199 se
2411 2145 2553 2198 ultro
2598 2144 2939 2213 praefectura,
2979 2162 3211 2203 cernens
3242 2149 3369 2204 huic

1793 2235 2060 2290 scelerum
2087 2235 2311 2290 torrenti
2342 2235 2567 2288 minime
2606 2234 2671 2288 iri
2704 2236 2920 2290 obviam
2957 2254 3136 2307 posse,
3158 2241 3365 2295 veritus

1791 2341 1873 2380 ne
1916 2327 2060 2380 sicut
2106 2326 2246 2381 alter
2275 2324 2378 2380 Lot
2429 2326 2801 2381 involveretur
2825 2328 2946 2381 diro
2970 2329 3134 2397 ignis,
3162 2330 3367 2398 iraeque

1790 2418 2034 2473 caelestis
2087 2418 2313 2482 diluvio,
2344 2418 2453 2488 jam
2511 2418 2739 2473 inferior
2795 2420 2965 2488 gradu
3005 2436 3115 2489 quo
3162 2421 3216 2475 in
3241 2422 3366 2476 aula

1789 2508 2147 2578 promicabat,
2181 2522 2247 2562 ex
2274 2522 2334 2562 ea
2375 2523 2435 2563 se
2464 2509 2622 2578 plane
2652 2509 2903 2575 dimovit,
2932 2510 3157 2579 valeque
3179 2511 3367 2567 dicens

1789 2600 2005 2669 pompis
2056 2598 2266 2664 saeculi,
2309 2600 2667 2654 monasticam
2725 2601 3011 2670 amplexus
3050 2612 3135 2657 est
3176 2604 3367 2668 vitam,

1790 2690 2246 2762 Thcodulumque
2272 2691 2441 2747 tilium
2473 2706 2659 2747 secum
2682 2693 2928 2748 attraxit.

1865 2826 1937 2880 Ex
1968 2841 2078 2896 quo
2121 2834 2342 2880 sanctus
2366 2823 2605 2879 Joannes
2646 2825 3068 2895 Chrysostomus
3092 2825 3367 2881 Constan-

1791 2917 2078 2987 tinopolim
2126 2915 2356 2986 appulit,
2405 2929 2513 2985 quo
2556 2924 2816 2983 tanquam
2848 2913 3062 2971 'lluvius'
3078 2916 3368 2971 exundans

1791 3008 2139 3079 eloquentiae,
2167 3006 2538 3065 doctrinaeque
2560 3021 2673 3060 suae
2699 3004 2916 3060 fluentis
2955 3006 3247 3062 uberrimis
3273 3022 3370 3062 ore

1792 3104 1885 3159 illo
1937 3118 2039 3157 suo
2073 3116 2239 3156 aureo
2278 3100 2542 3171 profusis,
2581 3100 2847 3155 celebrem
2876 3100 3021 3153 illam
3047 3099 3365 3165 Ecclesiam,

1790 3197 1949 3266 cujus
1984 3196 2139 3250 clavo
2179 3193 2358 3248 fuerat
2408 3192 2687 3255 admotus,
2720 3192 2989 3261 irrigaret,
3014 3203 3369 3260 proventqu-

1793 3304 1902 3359 que
1961 3287 2243 3356 copiosum
2300 3283 2603 3339 fecundatze
2654 3298 2768 3338 sua:
2822 3297 3038 3350 sponsae
3072 3298 3367 3339 numerosa

1792 3381 1944 3454 prole
1978 3379 2262 3439 virtutum,
2286 3389 2630 3444 messemque
2660 3373 2877 3444 pietatis
2901 3372 3224 3427 latissimam
3248 3387 3367 3441 pro-

1792 3480 2028 3532 curaret,
2056 3469 2311 3525 omnibus
2354 3466 2635 3520 cliaritatis
2672 3465 2929 3533 Operibus
2949 3463 3253 3519 indefessus
3280 3464 3366 3517 in-

1791 3558 2000 3623 cubuit,
2035 3572 2140 3610 non
2168 3562 2377 3609 tantum
2394 3553 2611 3624 Scythis
2641 3551 2994 3614 Nomadibns,
3018 3554 3111 3621 qui
3151 3568 3182 3606 e
3205 3552 3368 3623 Bolga

1791 3648 1957 3702 fluvio
1980 3646 2416 3718 progressi,mox
2458 3644 2595 3714 parti
2638 3642 2885 3699 Thracia:
2907 3642 3366 3713 Macedoniaeque,

1792 3756 1857 3796 ac
1880 3739 2095 3811 Illyrico
2121 3737 2394 3807 superfusi
2423 3736 2779 3805 Bulgarornm
2814 3750 3012 3790 nomen
3048 3744 3368 3804 usurpatum

1793 3834 1900 3890 sub
1920 3841 2108 3888 sancto
2137 3831 2398 3901 Gregorio
2412 3845 2548 3899 papa
2577 3829 2888 3900 regionibus
2909 3828 3367 3895 illisindiderunt,

1794 3920 2105 3975 Christiana
2143 3919 2247 3974 tide
2293 3917 2641 3984 imbuendis;
2690 3917 2785 3972 sed
2810 3925 2867 3972 et
2910 3917 3132 3973 Gotthis
3170 3916 3240 3972 ad
3269 3918 3372 3972 Ec-

1796 4010 1975 4066 clesiae
2009 3996 2292 4064 catholica:
2339 4010 2606 4079 gremium
2647 4007 2968 4064 revocandis
3003 4022 3224 4078 operam
3269 4009 3373 4063 im-

1795 4103 2016 4173 pendit;
2057 4101 2357 4172 praesertim
2398 4114 2529 4155 vero
2564 4099 2713 4155 vitiis
2753 4099 2954 4154 bellum
3004 4099 3272 4164 indicens,
3303 4114 3371 4157 ea

1798 4208 1900 4249 suo
1929 4206 1995 4247 ex
2044 4192 2174 4246 ovili
2203 4190 2475 4260 depellere
2511 4204 2577 4245 ac
2619 4188 2811 4260 fugare
2851 4190 3101 4255 studuit;
3138 4190 3372 4261 ideoque

1796 4286 1987 4356 probis
2041 4284 2276 4348 civibus,
2335 4298 2400 4338 ac
2444 4282 2766 4353 proceribus
2812 4282 3135 4338 orthodoxis
3183 4291 3373 4353 gratus

1725 4366 1773 4423 Β
1800 4385 1855 4432 et
1902 4386 2156 4446 acceptus
2216 4375 2271 4430 in
2302 4376 2495 4445 primis
2523 4374 2732 4430 evasit:
2764 4382 2825 4429 ut
2857 4381 3042 4429 autem
3069 4373 3372 4430 Theodori-

1797 4479 1913 4525 tum
1954 4467 2242 4537 patricium
2304 4468 2574 4532 omittam,
2627 4465 2785 4534 cuius
2823 4466 3076 4535 superius
3118 4465 3367 4532 memini,

1797 4558 1955 4615 Nilus
2004 4559 2190 4623 etiam,
2223 4568 2277 4612 et
2324 4557 2629 4612 Pelusiotes
2675 4555 2943 4618 Isidorus.
2982 4553 3369 4635 achEulogius,

1798 4653 1865 4707 de
1896 4667 2005 4723 quo
2034 4653 2198 4706 etiam
2234 4650 2340 4720 egi,
2385 4648 2682 4706 Cassianus
2722 4646 2843 4718 ejus
2888 4647 3173 4711 diaconus,
3205 4655 3372 4716 atque

1798 4743 2095 4808 Palladius,
2122 4752 2177 4798 et
2221 4742 2335 4809 alii,
2365 4755 2596 4811 quorum
2641 4739 2864 4795 nomina
2894 4738 2941 4794 si
2968 4752 3365 4808 percenserem,

1798 4834 2062 4905 prolixior
2116 4833 2309 4898 forem,
2351 4832 2541 4888 sectati
2600 4840 2731 4888 sunt
2770 4831 2893 4902 ejus
2939 4829 3170 4893 monita.
3209 4829 3370 4901 eique

1801 4927 2032 4982 ﬁrmiter
2062 4925 2226 4996 652
2253 4925 2635 4990 adhaeserunt;
2660 4931 2721 4977 ut
2744 4930 3062 4994 praeteream
3090 4920 3371 4977 diaconisa

1803 5033 1917 5083 sas,
1960 5027 2018 5073 et
2070 5014 2746 5081 matrouas'clarissimas,
2789 5011 3107 5083 Olympiada
3132 5011 3369 5073 scilicet,

1803 5111 2140 5177 Pentadiam,
2167 5108 2543 5170 Sabinianam,
2578 5105 2947 5177 Amproclam,
2984 5118 3080 5160 seu
3110 5103 3370 5157 domnam

1802 5204 2079 5266 Proclam,
2135 5201 2389 5266 Probum,
2443 5200 2738 5264 Julianam,
2788 5196 3155 5259 Theodoram,
3210 5190 3373 5246 Silvi-

1803 5310 1951 5360 nam,
2010 5295 2151 5348 sicut
2194 5292 2454 5357 Italicam,
2498 5290 2831 5353 Euthaliam,
2867 5287 3231 5358 Asyncrita-m,
3272 5283 3372 5337 Se-

1800 5404 2008 5454 veram,
2037 5387 2395 5451 Chalcidiam,
2427 5381 2749 5447 Carteriam,
2781 5381 3119 5443 Bassianam,
3157 5375 3372 5430 Severi-

1804 5494 1950 5543 nam,
1974 5477 2240 5542 Aeoliam,
2265 5488 2320 5532 et
2344 5476 2583 5548 reliquas
2613 5488 2830 5531 summo
2856 5473 2980 5527 loco
3000 5477 3179 5535 natas,
3204 5475 3370 5535 atque

1802 5568 2127 5623 lectissimas
2187 5567 2442 5638 feminas,
2492 5568 2559 5623 ad
2617 5580 2848 5636 quarum
2879 5561 3169 5633 plerasque
3195 5557 3370 5628 ipsius

1801 5668 2015 5716 exstant
2039 5658 2311 5730 Epistolas.
