3852 6052
534 256 669 338 1379

1264 259 1413 321 JOS-
1450 254 1718 318 MARLE
1749 253 2105 316 SUARESII
2142 250 2374 313 LIBER
2402 248 3034 315 CHRONOLOGICUS

3653 247 3774 314 ιω

601 374 756 430 Nilus
807 375 1102 446 (inquam)
1157 374 1343 430 divino
1395 376 1664 430 excitatus
1730 372 1990 427 instinctu
2031 371 2100 426 ad
2131 378 2174 435 Α
2203 368 2519 422 monasticae
2547 369 2674 421 vitae
2710 381 2952 421 amorem
2985 365 3294 436 inspiravit.
3324 363 3404 418 Ea
3430 377 3573 417 vero
3599 375 3774 418 sum

493 452 495 454 ’
529 478 780 523 saltatim
824 465 1090 522 Joannem
1127 483 1189 523 se
1236 469 1492 532 contulit,
1523 467 1590 521 ad
1626 478 1861 532 eumque
1901 463 2103 533 saepius

531 560 833 624 ventitavit,
859 567 1120 627 certoque
1135 573 1360 629 possum
1391 557 1667 626 conjicere
1687 556 2098 610 conversionem

532 649 705 719 ipsius
739 665 770 703 e
806 650 1213 720 congressibus,
1268 661 1428 719 atque
1469 647 1755 716 colloquiis
1797 645 2102 701 admirandi

532 743 801 808 praesulis,
849 751 1013 810 atque
1063 741 1330 802 homiliis,
1391 754 1487 792 seu
1546 739 1751 806 λόγοις,
1809 739 1903 808 qui
1934 753 2103 808 penes

531 829 714 885 Nilum
761 843 919 887 erattt
951 833 1258 903 perscripti,
1285 841 1348 886 ut
1392 847 1461 886 ex
1492 833 1720 900 epistola
1758 833 1823 887 ad
1848 832 2103 888 Zenodo-

533 941 653 979 rum
695 927 960 982 decanum
991 927 1117 991 295,
1148 927 1241 982 lib.
1299 942 1360 991 tt,
1382 927 1572 997 liquet,
1608 939 1787 982 ortum
1817 928 2100 992 habuisse,
2135 986 2142 998 ,

533 1019 699 1089 inque
746 1019 1020 1088 proposito
1061 1019 1345 1073 deserendi
1410 1021 1672 1073 saeculum
1719 1019 1822 1073 Nili
1854 1020 2102 1074 animum

532 1111 880 1164 obfirmatum
911 1108 1103 1162 fuisse.
1127 1108 1358 1164 Amabat
1385 1112 1584 1164 ctenim
1610 1127 1716 1164 non
1737 1112 1918 1165 minus
1939 1126 2105 1181 quam

533 1201 864 1269 suscipiebat
920 1200 1225 1255 monachos
1271 1201 1718 1275 religiosissimus
1759 1203 2011 1267 antistes,
2053 1212 2108 1256 et

538 1289 792 1348 adversus
820 1306 1012 1345 eorum
1055 1292 1450 1347 obtrectatores
1484 1295 1666 1348 emisit
1698 1294 1750 1347 in
1787 1294 1965 1348 lucem
1995 1302 2106 1349 tres

533 1382 736 1447 libros;
763 1396 996 1450 cumque
1021 1381 1253 1449 primum
1285 1382 1338 1462 in
1373 1382 1494 1438 foro
1525 1394 1773 1438 versatus
1800 1393 1964 1448 esset,
1993 1399 2102 1436 ma-

461 1487 463 1489 ‘
533 1488 637 1543 gna
691 1487 814 1526 cum
861 1471 1022 1526 laude
1060 1473 1420 1528 monasticam
1453 1482 1506 1529 et
1555 1475 1668 1543 ipse
1712 1475 1906 1528 deinde
1940 1475 2103 1528 vitam

530 1563 794 1624 exercuit,
844 1572 1006 1632 atque
1053 1565 1121 1619 ab
1164 1580 1350 1620 eremo
1395 1567 1460 1619 ad
1499 1567 1700 1619 clerum
1729 1576 1953 1620 vocatus
1984 1582 2107 1634 pre-

531 1653 716 1722 sbyter
763 1653 1136 1708 Antiochenus
1203 1655 1486 1709 ordinatus
1543 1655 1662 1708 fuit.
1713 1655 1818 1709 Nili
1873 1656 2104 1711 mutatio

2203 457 2628 512 saluberrimum
2705 457 2892 511 mariti
2964 456 3256 511 consilium
3317 463 3375 508 et
3441 456 3774 522 exemplum,

2202 549 2558 618 quantumvis
2615 562 2803 602 amore
2849 547 3119 617 conjugali
3178 545 3383 615 percita
3427 543 3773 606 reniteretur,

2203 649 2264 694 ut
2319 640 2434 710 ipse
2477 638 2635 694 Nilus
2692 648 2899 705 narrat,
2930 653 3057 708 pag.
3104 637 3194 702 15,
3223 637 3476 706 amplexa
3503 633 3677 687 ﬁlia
3699 650 3778 688 κ’

2202 745 2330 785 cum
2386 729 2546 784 facile
2589 731 2870 799 pertraxit,
2904 729 3204 798 partitique
3232 727 3514 796 geminam
3545 725 3776 779 sobolem

2203 823 2289 876 vir
2342 829 2397 876 et
2430 836 2568 876 uxor
2589 821 2965 876 discesserunt
3010 818 3516 888 Constantitmpoli,
3547 826 3605 870 et
3632 833 3780 886 gene-

2204 927 2329 968 rosa
2365 923 2637 977 matrona,
2662 920 2847 967 tenera
2885 927 3008 967 cum
3030 911 3376 982 virguncula,
3410 909 3779 978 commigraret

2205 1013 2236 1052 e
2265 999 2472 1053 laribus
2503 1003 2556 1052 in
2609 997 2827 1068 Aigypti
2887 1001 3218 1054 monasteria
3263 1014 3322 1054 se
3375 996 3626 1058 abdidit,
3671 1013 3779 1050 cum

2204 1087 2327 1144 Nilo
2383 1089 2774 1160 Theoduloque
2818 1090 2937 1144 vale
2965 1091 3195 1146 dixisset
3241 1089 3675 1145 abeuntibusad
3705 1088 3777 1141 Si-

2206 1179 2460 1234 naiticam
2503 1181 2800 1250 regionem,
2832 1180 2909 1235 uti
2959 1181 3177 1236 tandem
3217 1181 3460 1250 comperi
3500 1181 3654 1247 apud
3686 1178 3778 1231 lle-

2205 1271 2480 1341 nologium
2530 1268 2868 1336 Graecorum,
2909 1271 2978 1323 12
3010 1269 3352 1335 Novembris,
3414 1283 3607 1337 neque
3657 1266 3779 1319 ἀξιε-

2205 1363 2308 1420 cile
2345 1362 2446 1416 fuit
2482 1361 2641 1416 matri
2673 1363 2835 1416 filiam
2883 1377 3069 1417 secum
3116 1361 3408 1423 abducere,
3457 1361 3642 1428 inque
3681 1374 3780 1427 par-

2205 1455 2516 1517 thenonem,
2553 1467 2649 1507 seu
2675 1453 2962 1522 collegium
2992 1461 3328 1506 sacratarum
3362 1450 3472 1504 Deo
3505 1449 3772 1518 virginum

2206 1545 2506 1606 recludere,
2539 1543 2852 1612 ingenerata
2879 1560 3072 1613 nempe
3094 1545 3197 1613 ipsi
3228 1543 3401 1598 fuerat
3435 1542 3776 1597 castimonia

2207 1639 2492 1709 disciplina
2522 1639 2606 1695 vel
2637 1639 2706 1693 ab
2743 1638 3110 1703 incunabulis,
3178 1638 3525 1706 insitumque
3582 1636 3778 1690 deside-

533 1721 634 1797 fuit
687 1743 900 1800 Excelsi
961 1745 1196 1799 dexterae
1235 1761 1372 1814 opus
1431 1747 1822 1801 ohstetricante
1857 1747 2102 1814 Joanne;

2217 1732 2372 1796 rium,
2417 1741 2477 1785 ut
2515 1731 2780 1786 illibatam
2823 1732 2888 1784 ad
2924 1730 3205 1784 Christum
3244 1729 3629 1798 virginitatem
3685 1727 3782 1780 sio.

533 1834 616 1887 vir
678 1833 1048 1904 praefectorius
1091 1845 1288 1904 sponte
1341 1851 1466 1905 spes
1513 1853 1643 1892 suas
1702 1854 1892 1893 omnes
1917 1842 1968 1892 in
2001 1838 2109 1894 Deo

532 1921 808 1978 collocatis
837 1924 987 1977 exuit
1025 1939 1143 1978 sese
1168 1923 1400 1979 fortuna:
1447 1925 1604 1980 bonis
1625 1928 1902 1994 omnibus,
1941 1939 2102 1984 terre-

533 2026 728 2066 narum
773 2028 956 2068 rerum
1005 2013 1289 2070 aﬂ‘ectibus
1341 2015 1554 2071 remisit
1613 2019 1887 2082 nuntium,
1942 2033 2112 2088 seque

535 2111 709 2158 totum
741 2104 1046 2160 divinarum
1074 2107 1520 2176 contemplationi
1559 2107 1837 2175 addicens,
1871 2109 2113 2179 promul-

535 2193 708 2248 sidetn
766 2195 820 2248 in
854 2195 1014 2250 terris
1046 2195 1285 2252 delibare
1328 2213 1392 2251 ac
1416 2205 1750 2268 prazgustare
1803 2199 1970 2268 ccepit
1999 2215 2114 2254 c03-

536 2283 690 2341 lestis
724 2285 1032 2340 beatitatis:
1089 2286 1225 2341 adeo
1271 2288 1488 2358 quidem
1519 2289 1793 2358 castigati,
1837 2299 1887 2344 et
1923 2306 2113 2344 emen-

536 2375 649 2427 dati
675 2375 888 2428 fuerant
917 2374 1062 2428 illius
1091 2363 1293 2439 mores,
1322 2375 1450 2428 dum
1474 2385 1657 2445 ageret
1675 2376 1852 2431 adhuc
1871 2377 1924 2430 in
1950 2393 2115 2431 mun-

535 2465 628 2531 do,
677 2466 830 2535 quin,
868 2473 929 2520 ut
974 2465 1232 2531 arbitror,
1268 2475 1323 2520 et
1375 2466 1646 2536 conjugis,
1686 2482 1810 2520 nam
1838 2467 1995 2536 juxta
2024 2466 2115 2524 Je-

536 2568 659 2608 sum
689 2553 878 2608 Siraeh
897 2553 1064 2608 Eccli.
1096 2570 1245 2620 xxvi,
1275 2553 1330 2620 ὅ,
1367 2569 1496 2624 pars
1524 2555 1687 2619 bona,
1717 2555 1911 2609 mulier
1946 2557 2110 2623 bona,

536 2640 594 2694 in
660 2651 814 2712 parte
895 2643 1207 2696 timentium
1285 2641 1455 2712 Deum
1525 2643 1746 2698 dabitur
1805 2643 1922 2698 viro
1975 2647 2116 2702 bono

536 2747 637 2802 pro
679 2733 838 2788 factis
867 2732 1045 2788 bonis.

605 2823 838 2878 Cautum
902 2823 1080 2880 fuerat
1145 2826 1535 2895 imperatorum
1595 2828 2114 2896 Constitutionibus,

542 2933 610 2972 ne
631 2917 755 2987 quis
780 2918 834 2971 in
867 2933 966 2972 sua
996 2918 1168 2987 patria
1201 2917 1522 2987 magistratu
1563 2917 1897 2989 fungeretur,
1945 2921 2118 2992 Syne-

537 3009 623 3065 sio
665 3017 822 3073 teste,
875 3023 939 3062 ac
985 3006 1210 3061 Petavio
1263 3007 1319 3060 itt
1347 3005 1502 3062 Notis
1536 3024 1589 3077 p.
1631 3008 1718 3072 79,
1746 3009 1780 3062 l.
1812 3011 1911 3065 ult.
1936 3009 1998 3065 C.
2021 3009 2117 3064 Ju-

537 3101 829 3165 stinianeo,
867 3097 939 3151 De
968 3100 1122 3153 crint.
1158 3099 1401 3168 sacrileg.
1427 3115 1548 3166 qua:
1583 3100 1898 3154 inscribitur
1917 3101 1963 3155 A
1982 3103 2111 3159 AA.

535 3189 818 3255 Gratiano,
879 3189 1275 3255 Valentiniano,
1327 3200 1383 3243 et
1417 3189 1746 3257 Theodosio,
1779 3209 1844 3247 ex
1875 3195 1911 3248 l.
1947 3210 2014 3248 xv
2042 3193 2116 3248 De

537 3283 632 3352 o/j‘.
665 3292 795 3336 rect.
857 3282 1116 3350 provinc.,
1142 3295 1264 3350 quae
1317 3281 1574 3336 tribuitur
1613 3283 1908 3339 Anastasio
1943 3286 2108 3355 Aug.,

546 3373 600 3426 id
651 3374 1029 3440 conlirmatur,
1066 3373 1172 3428 nisi
1223 3372 1415 3427 titulus
1441 3373 1621 3442 petius
1653 3373 1767 3438 ipse
1794 3375 1885 3428 sit.
1923 3374 1996 3430 Ea
2035 3385 2115 3431 ta-

538 3479 664 3520 men
709 3463 814 3518 fuit
857 3465 1142 3530 modestia,
1181 3480 1244 3519 ea
1294 3465 1559 3535 probitas,
1600 3477 1772 3535 atque
1792 3469 2110 3536 prudentia,

537 3569 603 3612 ea
631 3555 990 3619 continentia,
1017 3564 1073 3610 et
1119 3556 1486 3610 mansuetudo
1522 3555 1644 3621 Nili,
1689 3572 1750 3611 ea
1773 3557 1917 3626 juris
1945 3559 2118 3613 scien-

538 3645 638 3710 tia,
651 3654 998 3708 etconstans,
1017 3658 1080 3697 ac
1095 3653 1354 3713 perpetua
1375 3645 1625 3698 voluntas
1638 3644 1727 3713 jus
1745 3661 1902 3700 suum
1919 3647 2115 3715 cuique

539 3736 845 3802 tribuendi,
861 3745 920 3790 ut
957 3738 1006 3791 ei
1046 3735 1269 3791 Themis
1298 3735 1412 3790 sive
1446 3734 1662 3790 Justitia
1712 3746 1967 3806 tanquam
1994 3735 2111 3792 Jovi

538 3826 807 3896 πάρεδρος
833 3826 1072 3880 assidere
1101 3825 1397 3889 videretur,
1429 3835 1536 3880 tant
1588 3825 1764 3890 fortis,
1807 3842 1870 3881 ac
1909 3829 2116 3896 integer

537 3918 660 3970 vita:
690 3917 804 3985 ipse
829 3915 1005 3979 Nilus,
1032 3925 1142 3970 tam
1169 3917 1391 3971 sceleris
1421 3931 1611 3985 purus,
1647 3924 1755 3969 tam
1789 3917 2036 3985 placidis,
2061 3925 2115 3973 et

537 4008 854 4078 compositis
893 4009 1135 4063 moribus
1163 4021 1479 4077 perSpectus
1515 4009 1769 4063 omnibus
1807 4019 1924 4062 erat
1947 4050 1962 4074 ,
2004 4021 2111 4064 tam

540 4113 768 4154 aversus
792 4098 859 4152 ab
883 4098 1035 4154 omni
1059 4097 1428 4166 'corruptione
1456 4099 1724 4166 sordium,
1754 4115 1818 4154 ac
1859 4101 1929 4154 ab
1960 4100 2112 4154 omni

539 4190 877 4256 sedttctione,
921 4197 1086 4258 atque
1112 4189 1365 4244 illecebra
1418 4189 1830 4254 blanditiarum,
1866 4191 1935 4244 ab
1964 4192 2114 4246 omni

539 4283 813 4336 minarum
841 4290 1050 4336 terrore
1077 4280 1212 4335 adeo
1237 4295 1465 4334 securus
1493 4291 1546 4334 et
1574 4279 2030 4349 inexpugnabilis,
2057 4289 2117 4335 ut

2208 1838 2332 1878 cera
2375 1824 2662 1893 perferret.
2716 1825 2884 1878 Erant
2931 1833 3062 1877 tunc
3122 1822 3346 1890 virginei
3412 1830 3607 1876 cintus
3660 1820 3782 1873 inter

2173 1920 2185 1932 '
2209 1913 2426 1984 Egypti
2457 1915 2773 1981 balsameta,
2807 1923 2867 1969 ut
2906 1914 3242 1978 idololatrias,
3280 1913 3782 1980 daemonioruqu

2209 2004 2424 2074 viperas
2452 2014 2814 2070 contererent,
2844 2014 2898 2060 et
2929 2019 3118 2060 eorum
3147 2003 3486 2058 adorabatur
3506 2003 3660 2056 Deus
3676 2019 3784 2057 sua-

2211 2095 2531 2148 veolentiam
2555 2113 2570 2162 ;
2600 2095 2658 2150 in
2687 2095 2977 2150 cunabulis
3002 2095 3278 2149 nascentis
3319 2095 3602 2149 Ecclesia:
3631 2110 3775 2148 sexus

2213 2185 2303 2240 ille
2355 2187 2624 2242 inﬁrmior
2689 2189 3021 2258 praecipuam
3057 2187 3368 2241 firmitatem
3408 2185 3781 2255 proﬁtebatur,

2213 2274 2458 2331 Vestales
2510 2293 2660 2343 vero,
2691 2293 2814 2346 quae
2847 2288 3171 2348 perpetuum
3213 2277 3515 2331 servabant
3551 2287 3609 2329 et
3650 2278 3781 2328 inex-

2215 2367 2473 2420 stinctum
2527 2368 2753 2436 pudoris
2798 2369 2976 2438 ignem
3012 2368 3326 2422 Christiano
3360 2367 3468 2421 ritu
3496 2368 3697 2420 dicata:
3723 2368 3785 2419 di-

2213 2458 2342 2512 vino
2397 2459 2590 2533 cultui,
2621 2468 2682 2512 ut
2718 2460 2910 2515 scribit
2936 2459 3281 2520 Ammianus,
3323 2475 3452 2529 pag.
3501 2460 3634 2521 160,
3665 2462 3786 2514 velut

2212 2548 2520 2604 Amazones
2565 2565 2736 2605 sacra:
2781 2551 3161 2606 vocitabantur
3212 2552 3479 2606 Ascetri:e
3526 2560 3585 2605 et
3621 2550 3788 2604 Mona-

2215 2641 2382 2708 striae,
2426 2641 2752 2712 illarmnque
2774 2642 2886 2712 jam
2919 2658 3085 2712 supra
3115 2643 3503 2698 meminimus.
3540 2643 3590 2698 Ο
3644 2661 3786 2714 quam

2215 2741 2451 2800 gratum,
2513 2747 2676 2800 quant
2736 2732 3056 2800 iocundum,
3102 2748 3267 2803 quam
3321 2743 3624 2802 acceptum
3681 2733 3786 2793 Dee.

2218 2821 2603 2891 militibusque
2626 2821 2729 2876 fuit
2757 2824 3129 2892 spectaculum
3166 2833 3275 2878 tam
3299 2824 3547 2889 illustre,
3581 2837 3692 2878 tam
3717 2827 3788 2878 mi-

2218 2916 2472 2977 randum,
2510 2923 2728 2984 tamque
2764 2916 3197 2984 memorandum,
3241 2916 3368 2987 piis,
3417 2927 3599 2987 atque
3631 2921 3788 2985 probis

2218 2996 2422 3062 Christi
2450 3008 2754 3063 cultoribus
2783 3010 2836 3062 in
2870 3017 3015 3065 terra
3044 3011 3137 3080 qui
3177 3019 3292 3065 tum
3317 3011 3790 3081 degebantortbo-

2217 3097 2365 3159 doxi,
2403 3099 2599 3173 intueri
2647 3098 2828 3154 Nilum
2883 3112 3174 3156 exeuntem
3222 3103 3290 3157 de
3325 3107 3676 3173 cognatione
3715 3121 3788 3157 sua

2217 3185 2322 3239 fide
2369 3168 2802 3253 Abrahamitica,
2854 3199 2963 3243 non
3018 3189 3331 3246 offerentem
3370 3168 3608 3246 tantum
3643 3194 3786 3245 ﬁlium

2217 3277 2560 3332 Theodulum
2588 3294 2712 3333 eum
2748 3280 2948 3349 gaudio
2988 3281 3340 3350 allubentem,
3381 3294 3439 3337 et
3479 3288 3787 3354 praepotenti

2213 3367 2434 3423 Nutuini
2465 3372 2606 3425 miro
2632 3371 2914 3442 utriusque
2946 3388 3217 3430 consensu
3261 3388 3668 3431 consecratam
3697 3381 3789 3432 nai-

2215 3477 2333 3516 cam
2378 3463 2524 3516 illam
2557 3463 2835 3517 victimam
2874 3482 2889 3529 ;
2920 3481 3110 3520 verum
3149 3475 3198 3521 et
3239 3467 3444 3520 anima:
3469 3483 3620 3532 suae,
3655 3481 3709 3523 ut
3736 3471 3788 3522 ita

2216 3551 2418 3619 dicant,
2452 3554 2760 3621 dimidium,
2800 3558 3090 3629 coniugem
3125 3559 3332 3614 scilicet
3356 3559 3787 3626 dilectissimam,

2214 3653 2270 3698 et
2311 3661 2379 3698 ex
2416 3660 2476 3698 ea
2525 3656 2832 3716 susceptam
2869 3649 3056 3714 tiliam,
3101 3666 3210 3704 non
3237 3650 3387 3704 velut
3422 3651 3788 3721 Agamemnon

2215 3737 2572 3808 lphigeniam,
2613 3740 2728 3805 sed,
2763 3751 2820 3794 ut
2848 3743 2926 3795 ait
2966 3741 3122 3797 Nilus
3143 3743 3279 3812 ipse,
3315 3759 3446 3813 pag.
3473 3745 3613 3806 121,
3639 3747 3689 3799 in
3725 3751 3790 3798 at-

2199 3831 2482 3914 ~mquam,
2511 3831 2680 3885 instar
2709 3831 3132 3902 alteriusJephte
3151 3834 3539 3890 immolantem
3558 3838 3787 3892 Chrisut!

2215 3919 2501 3986 Quodnam
2544 3923 2660 3976 ista:
2691 3924 3079 3977 monasterium
3121 3924 3379 3991 adierint,
3411 3927 3628 3981 nullibi
3673 3943 3790 3982 eum-

2215 4013 2352 4082 peri.
2411 4013 2582 4066 Erant
2634 4014 2686 4066 in
2715 4013 2949 4084 Egypto
3006 4016 3413 4084 quamplurima
3467 4015 3784 4072 feminarum

2217 4101 2329 4156 Deo
2397 4117 2616 4172 quoque
2667 4102 2983 4156 devotarum
3045 4104 3403 4167 monasteria,
3449 4107 3787 4171 miratusque

2217 4210 2340 4250 sum
2371 4195 2572 4263 sacpius
2610 4195 2780 4247 altum
2809 4192 2915 4248 Nili
2950 4200 3017 4249 de
3053 4210 3241 4259 uxore,
3281 4211 3409 4264 quae
3439 4197 3789 4251 soror-illita-

2217 4293 2302 4338 cta
2320 4294 2422 4348 est,
2451 4285 2526 4337 uti
2563 4285 2706 4338 dicta
2731 4283 2866 4338 Sara
2908 4283 3009 4338 fuit
3035 4285 3103 4339 ab
3122 4285 3312 4340 eodem
3328 4286 3681 4349 Abrahamo,
3719 4289 3788 4342 de

541 4375 754 4430 solutus
798 4371 961 4427 fuerit
1006 4372 1114 4426 illis
1147 4371 1379 4442 legibus,
1419 4386 1651 4441 quarttm
1682 4371 1928 4424 habenda
1966 4371 2111 4426 nulla
2147 4392 2189 4445 ι)
2213 4392 2321 4446 que
2360 4378 2465 4431 filia
2492 4378 2770 4432 communi
2802 4379 3076 4434 silentium
3103 4379 3156 4432 in
3187 4378 3276 4432 illa
3312 4380 3613 4448 regionum
3642 4381 3790 4435 inter-

538 4474 624 4522 est
668 4467 806 4519 ratio
851 4465 1212 4534 principibus,
1261 4464 1643 4535 quotiesjusta
1691 4463 1878 4519 subest
1903 4478 2111 4530 causa;

541 4573 642 4612 nec
680 4558 824 4611 enim
877 4557 1172 4612 verendum
1205 4565 1323 4609 erat
1368 4571 1440 4609 ne
1466 4558 1583 4610 suis
1610 4555 1937 4624 indulgeret,
1965 4556 2114 4610 fave-

540 4656 751 4716 retque,
788 4662 888 4701 nec
937 4662 1004 4701 ne
1037 4645 1304 4711 acerbior,
1352 4646 1654 4716 sazviorque
1698 4647 1960 4702 adversus
1984 4661 2114 4701 suos

541 4738 754 4793 invidos
837 4739 1198 4808 inimicosque
1250 4736 1551 4808 grassaudo
1606 4737 1659 4790 in
1711 4752 1808 4792 eos
1875 4738 2115 4807 expleret

507 4840 511 4846 '
537 4832 718 4887 odium
743 4846 929 4894 suum,
958 4839 1121 4899 atque
1148 4829 1444 4884 vindictam
1471 4837 1771 4892 exerceret,
1798 4829 1946 4884 velut
1978 4829 2111 4883 alter

541 4922 752 4995 Moyses
801 4924 1084 4976 hominum
1145 4923 1493 4985 mitissimus,
1536 4933 1590 4977 et
1639 4921 2113 4976 moderatissimus

543 5017 770 5071 exstitit.

615 5107 662 5163 ls
695 5118 984 5177 utramque
1016 5108 1244 5177 prolem,
1277 5123 1442 5176 quam
1477 5122 1541 5159 ex
1569 5122 1738 5160 uxore
1773 5113 2111 5174 susceperat,

538 5202 840 5253 masculum
854 5199 1014 5269 653
1029 5199 1234 5253 scilicet
1251 5209 1414 5268 atque
1440 5196 1720 5263 feminam,
1742 5199 2000 5251 educarat
2027 5194 2113 5248 in-

540 5297 818 5354 nocenter,
849 5299 901 5342 et
926 5289 1343 5343 sanctimoniam
1375 5287 1691 5354 edocuerat,
1720 5287 1791 5342 ita
1816 5296 1874 5341 ut
1901 5287 1992 5340 illa
2019 5301 2113 5342 su-

540 5380 682 5434 xerit
719 5395 826 5432 una
853 5394 977 5433 cum
1013 5379 1150 5433 lacte
1176 5379 1486 5435 rudimenta
1534 5382 1802 5435 virtutum
1843 5379 2112 5434 Christia-

539 5483 757 5529 narum,
805 5477 859 5522 et
895 5467 1192 5524 adoleverit
1238 5470 1419 5524 indole
1458 5469 1711 5540 praecelsa
1756 5485 2113 5526 surcreseens

540 5555 610 5608 ad
659 5557 902 5624 coelestia
940 5561 1165 5628 praemia
1219 5561 1575 5632 capessenda.
1625 5559 1859 5630 Conjugi
1911 5565 2111 5632 quippe

543 5655 656 5697 sua:
685 5643 839 5700 Nilus
869 5649 1234 5716 pudicissima:
1278 5663 1440 5720 atque
1491 5651 1847 5721 pientissimrc
1879 5652 2109 5708 similem

2214 4470 2494 4537 capedine.
2515 4470 2596 4522 Au
2615 4469 2845 4524 fortasse
2868 4471 3126 4538 prudens,
3147 4470 3290 4540 quod
3307 4470 3607 4526 innuitfol.
3628 4475 3790 4529 ".3:-

2215 4560 2384 4630 ήγησ.
2417 4560 2470 4626 6,
2510 4560 2601 4614 Dei
2636 4576 2826 4616 servus
2855 4562 3162 4628 verebatur;
3192 4561 3350 4630 juxta
3399 4561 3545 4616 illud
3577 4563 3789 4620 infelicis

2214 4659 2406 4718 poetae,

2287 4739 2472 4814 anis
2489 4758 2640 4814 umor
2657 4757 2899 4814 magnus,
2925 4742 3015 4795 sed
3039 4754 3217 4814 aperto
3240 4743 3294 4794 in
3328 4743 3564 4814 conjuge
3601 4747 3786 4810 major;

2295 4808 2448 4862 Hanc
2489 4809 2660 4864 Venus
2691 4808 2758 4862 ut
2785 4812 2945 4874 vivat,
2981 4808 3198 4864 ventilat
3219 4814 3330 4878 ipsa
3357 4808 3565 4880 facem.

2215 4898 2281 4954 Et
2313 4901 2528 4970 nuperi,
2564 4903 2656 4971 qui
2680 4912 2731 4955 et
2763 4901 3030 4956 infelicior
3065 4903 3184 4968 fuit,

2400 5004 2656 5066 quantum
2691 4993 2902 5062 placido
2929 4995 3146 5066 mitique
3173 4997 3227 5048 in
3257 5006 3466 5066 pectore
3486 5010 3678 5066 regnat

2288 5061 2398 5115 Illa
2429 5062 2619 5123 Venus,
2642 5061 2802 5131 quam
2828 5065 2983 5131 ﬁnxit
3006 5061 3231 5132 Hymen,
3248 5061 3338 5116 Seu
3354 5061 3778 5132 Condiiororlvis,

2283 5135 2455 5202 Atque
2474 5133 2713 5202 homines
2735 5145 2916 5186 sancte
2937 5135 3164 5202 genituri
3193 5133 3401 5198 {sederis
3436 5146 3629 5189 auctor
3647 5138 3668 5188 .'

2283 5148 2353 5184 At
2391 5149 2455 5184 ue
2481 5148 2713 5186 nomines
2735 5148 2916 5186 sancte
2937 5148 3164 5202 genituri
3193 5148 3401 5198 [auem
3436 5148 3629 5189 auctor
3647 5148 3666 5188 .'

2283 5148 2447 5272 6gb
2462 5200 2637 5266 Hunc,
2648 5220 2749 5272 quo
2760 5203 3016 5270 disposuit
3030 5203 3312 5256 volventem
3327 5206 3507 5257 sidera
3523 5208 3775 5269 mundani,

2287 5274 2502 5342 Quoque
2535 5273 2786 5342 elementa
2810 5273 2962 5342 ligat,
2992 5273 3241 5324 thalamis
3285 5275 3517 5342 inspirat
3539 5292 3773 5336 amorem,

2287 5338 2390 5394 Seu
2422 5343 2572 5410 nosci
2597 5341 2798 5410 fugiens
2827 5338 3032 5410 penitus
3063 5342 3138 5394 vis
3169 5343 3331 5394 insita
3359 5338 3554 5405 rebus;

2287 5409 2496 5481 Qualis
2519 5426 2636 5481 quis
2662 5409 2868 5480 chalybi
2906 5422 3128 5479 cognata
3150 5413 3386 5478 potentia
3421 5429 3680 5481 geminant

2211 5513 2218 5521 ς
2294 5480 2556 5533 Conciliat
2593 5479 2762 5534 Getici
2791 5479 3117 5550 spectantem
3142 5483 3351 5534 verticis
3377 5479 3548 5551 ignes.

2223 5567 2284 5621 Et
2322 5583 2486 5637 supra
2515 5571 2582 5625 de
2620 5569 2874 5626 Pachoue
2903 5573 3056 5642 plura
3086 5575 3358 5642 congessi.
3389 5575 3471 5626 An
3507 5576 3633 5643 quia
3659 5578 3776 5627 forte

2215 5669 2430 5716 matura
2472 5672 2699 5732 utraque
2725 5665 2864 5720 emlo
2900 5665 3026 5719 illuc
3061 5678 3346 5734 praperata
3385 5679 3560 5722 morte
3587 5667 3774 5722 lauru)-
