3852 6052
27 248 177 317 1381

1396 251 1495 311 DE
1532 250 1707 312 VITA
1741 249 1799 308 S;
1833 249 2022 311 NILI.

3197 248 3333 317 1382

27 369 119 421 las
152 370 479 425 centesimi
510 370 885 441 tricesimique
925 368 1135 424 fruetus
1159 376 1501 437 perceptnra,
1540 366 1655 419 inec
1686 373 1727 422 Α
1758 364 2067 419 Timantbis
2092 370 2265 417 artem
2292 362 2518 431 veloque
2531 363 2731 418 silentii
2757 372 2955 434 tegere,
2974 354 3331 434 quemadmo-

26 468 140 526 pro
205 461 573 531 virginitate,
626 476 725 532 pro
780 462 1047 515 viduitate
1115 476 1210 514 seu
1266 458 1523 513 caelibatu
1566 458 1657 511 illa

28 550 207 604 ocius
274 552 573 607 evolavit?
602 552 655 605 In
688 550 964 606 Thebaide
1006 552 1244 604 maxima
1291 558 1411 605 erat
1458 550 1512 602 in
1541 552 1661 617 epi-

32 640 245 705 nione,
301 641 570 713 famaque
624 642 936 713 percelebre
1000 642 1392 695 monasterium
1440 647 1659 694 centum

34 740 306 798 quatuor
342 731 875 796 sanctimonialium,
910 731 966 785 in
998 730 1143 801 quod
1174 740 1362 784 sancta
1410 728 1659 798 Euphra-

37 818 127 871 sia
183 829 554 887 secesserat;
600 819 863 891 Panopoli
923 821 1072 875 aliud
1116 819 1660 888 quadringentarum,

41 926 179 979 quae
212 913 417 967 sancti
454 912 733 966 Pachomii
778 913 1020 984 regulam
1052 912 1404 965 observantes
1432 910 1662 964 seorsim

42 1003 340 1056 vivebant
390 1001 495 1056 Nili
553 1002 793 1059 fluminis
870 1004 1223 1058 circumdata:
1272 1001 1446 1064 rivis,
1476 1008 1534 1055 ttt
1567 1015 1665 1054 au-

46 1101 250 1147 ctores
276 1092 582 1149 suntVita:
618 1103 821 1149 sanetae
844 1094 1165 1164 Enphrasiaa
1193 1093 1447 1162 scriptor,
1470 1100 1524 1145 et
1553 1091 1667 1144 Pal-

48 1185 247 1239 ladius
287 1186 352 1239 in
386 1184 675 1241 Laust'aca.
707 1186 762 1239 In
786 1186 1025 1239 Antinoo
1064 1185 1285 1239 civitate
1323 1183 1529 1237 'l‘alidae
1559 1196 1658 1236 no-

49 1276 214 1330 mine
242 1276 477 1346 insigne
503 1276 901 1331 monasterium
939 1276 1344 1330 recensetidem
1373 1274 1666 1339 Palladius,

50 1382 106 1419 c.
154 1366 273 1419 {'57
308 1374 375 1419 ct
406 1365 530 1431 158,
561 1365 720 1435 cujus
742 1364 1064 1419 monasterii
1098 1364 1320 1419 aulaane
1347 1364 1515 1418 clavis
1544 1364 1669 1434 qui-

49 1458 185 1509 dem
233 1463 395 1521 erat,
438 1455 583 1510 sicut
634 1455 689 1509 in
724 1456 849 1511 aliis
882 1454 1134 1509 undecim
1176 1454 1545 1517 monasteriis,
1574 1454 1668 1509 sed

57 1553 204 1617 ipsa:
234 1549 316 1602 ab
351 1548 473 1617 ejus
505 1562 692 1603 amore
724 1546 1131 1608 detinebantur,
1166 1545 1301 1600 adeo
1338 1546 1509 1615 ipsam
1545 1544 1669 1598 dili-

57 1642 309 1695 zzo-bant.
348 1638 592 1693 Fuerunt
626 1647 680 1693 et
713 1637 1091 1693 Alexandrina:
1134 1636 1415 1691 monacba:
1446 1634 1668 1690 Sanda-

58 1730 253 1792 lariae,
283 1730 361 1784 ad
383 1744 519 1799 quas
550 1729 740 1784 scribit
766 1729 833 1783 de
859 1728 1144 1782 mulierum
1167 1727 1411 1781 victoriis
1430 1723 1672 1783 Isidorus

62 1818 424 1883 Pelusiotes,
454 1820 552 1873 lib.
592 1836 607 1873 ι
645 1819 831 1887 epist.,
891 1834 943 1886 p.
982 1817 1071 1870 87.
1132 1817 1500 1881 Alexandriae,
1552 1832 1674 1887 quae

68 1907 416 1963 barathrum
467 1910 764 1964 vocabatur
799 1907 1008 1969 mundi,
1055 1908 1129 1960 uti
1161 1907 1328 1961 refert
1353 1907 1673 1963 Eustathius

66 2002 122 2050 in
189 1994 455 2067 Dionysii
510 1996 584 2050 De
613 1998 719 2050 situ
743 1993 885 2049 orbis
924 1996 1282 2065 Περιήγησιν,
1323 2004 1381 2050 ιιι
1408 2006 1525 2051 erat
1557 2012 1673 2051 em-

68 2087 311 2155 porium
339 2087 758 2142 celeberrimum
783 2087 1016 2155 Africae;
1051 2096 1209 2141 erant
1244 2087 1350 2141 vici
1386 2088 1546 2151 varii,
1580 2090 1675 2158 qui

69 2176 235 2230 labra
269 2175 754 2243 nuncupabantur,
784 2176 889 2230 illis
911 2184 1178 2245 praaerant
1198 2176 1518 2247 presbyteri,
1547 2176 1676 2231 sub-

72 2264 177 2317 diti
249 2278 460 2319 omnes
507 2264 603 2318 uni
650 2264 1086 2333 archiepiscopo,
1114 2262 1427 2331 cujusmodi
1460 2263 1561 2318 fuit
1590 2262 1679 2316 vi-

73 2368 182 2407 cus
242 2352 496 2419 Baucali,
548 2353 601 2408 in
633 2368 740 2423 quo
769 2364 887 2409 erat
946 2353 1204 2417 ecclesia,
1255 2354 1344 2408 cui
1390 2354 1551 2407 Arius
1575 2352 1677 2407 fuit

74 2443 410 2513 praefectus,
433 2457 624 2498 saneto
644 2443 942 2514 Epiphanio
958 2452 1178 2498 auctore
1192 2443 1245 2496 in
1265 2443 1454 2498 haeres.
1474 2444 1676 2514 Ἀρειο-

80 2536 348 2604 μανιτῶν
397 2535 488 2599 69,
544 2551 598 2605 p.
632 2536 758 2601 511,
802 2546 857 2590 et
896 2535 1011 2590 alii.
1036 2534 1092 2589 in
1120 2536 1304 2604 aliquo
1336 2549 1528 2589 eorum
1556 2549 1676 2588 mo-

78 2627 399 2682 nasterium
420 2626 865 2681 Sandalariarum
884 2627 1110 2681 istarum
1128 2626 1402 2680 exstitisse
1426 2640 1532 2679 non
1556 2640 1676 2678 am-

80 2716 237 2785 bigo,
263 2717 387 2773 sive
408 2715 923 2778 Sandaliariarium,
948 2730 1069 2783 quae
1089 2730 1119 2768 a
1141 2715 1422 2779 sandaliis,
1454 2729 1547 2769 seu
1590 2730 1678 2769 so-

82 2806 189 2862 leis
250 2822 324 2862 eo
354 2808 576 2862 nomine
623 2814 751 2862 sunt
778 2806 1083 2876 appellatae,
1116 2806 1262 2874 quod
1284 2820 1474 2859 earum
1515 2804 1679 2874 pedes

46 2957 53 2963 ,
83 2896 196 2951 hoc
229 2897 594 2953 calceamenti
639 2911 838 2966 genere
871 2895 1046 2951 induti
1082 2895 1289 2959 forent,
1324 2904 1544 2950 sanctus
1571 2898 1680 2949 Au-

1760 453 1889 507 dum
1916 453 2220 521 pictorille,
2251 453 2411 521 cujus
2444 452 2498 506 in
2538 454 2738 507 tabulis
2773 454 2893 521 plus
2933 453 3333 522 intelligebatur

1761 558 1922 612 quam
1951 544 2296 613 pingebatur,
2331 556 2455 596 cum
2477 542 2816 596 exhibuisset
2848 544 3180 613 Iphigeniam
3209 559 3335 599 ora-

1761 644 1940 690 torum
1974 634 2229 688 laudibus
2260 633 2583 689 celebratam
2611 640 2841 687 stantem
2877 634 2943 686 ad
2977 648 3100 687 aras
3130 633 3337 701 peritu-

1763 739 1904 788 ram,
1963 733 2019 778 et
2069 731 2297 776 maestos
2346 721 2615 791 pinxisset
2673 735 2885 785 omnes,
2942 722 3213 793 praecipue
3240 736 3335 791 pa-

1767 823 1978 877 truum,
2025 823 2082 869 et
2102 812 2341 867 tristitia:
2380 826 2597 866 omnem
2630 811 2927 880 imaginem
2957 813 3335 882 consumpsis-

1764 914 1868 966 set,
1894 902 2070 973 patris
2120 903 2293 972 ipsius
2320 902 2528 956 vultum
2582 901 2798 965 velavit,
2836 916 2998 967 quem
3038 901 3196 971 digne
3229 917 3337 958 non

1764 1001 1978 1064 poterat
2018 993 2338 1047 ostendere:
2368 1006 2491 1061 qua:
2517 1000 2646 1047 sunt
2675 990 2839 1046 verba
2860 988 3023 1044 Plinii
3066 990 3336 1055 lib.xxxv,

1767 1098 1817 1137 e.
1852 1081 1937 1136 10.

1837 1175 1992 1230 Nilus
2048 1175 2163 1246 ipse
2225 1183 2407 1229 motus
2435 1173 2558 1229 illos
2590 1172 2921 1239 animorum,
2953 1178 3009 1226 et
3044 1170 3341 1225 certamina

1769 1275 1939 1329 tanta,
1970 1283 2095 1320 cum
2137 1284 2165 1320 a
2200 1281 2259 1320 se
2312 1267 2432 1335 ipso
2470 1264 2702 1333 discerpi
2730 1264 3024 1328 videretur,
3064 1263 3132 1317 ab
3157 1277 3253 1316 sua
3284 1276 3343 1315 se

1768 1360 2000 1429 conjuge
2044 1373 2327 1427 separans,
2385 1359 2439 1410 in
2490 1371 2654 1425 quam
2699 1356 2973 1409 coaluerat
3000 1355 3218 1409 vinculo
3247 1368 3340 1406 uu-

1770 1454 2032 1520 ptiarum,
2065 1458 2367 1518 sam-tuque
2393 1446 2617 1511 foedere,
2646 1460 2709 1500 ac
2738 1445 3018 1500 individua
3053 1446 3175 1499 vita:
3198 1458 3342 1498 con-

1770 1539 2059 1595 suetudine
2104 1552 2406 1600 connexus,
2464 1550 2571 1589 non
2616 1534 2902 1588 adumbrat
2938 1534 3120 1599 modo,
3154 1545 3343 1586 verum

1774 1632 1827 1685 in
1870 1632 2180 1686 narratione
2206 1631 2442 1686 secunda
2466 1630 2532 1685 ad
2558 1631 2739 1683 vivum
2767 1627 3024 1698 exprimit
3054 1640 3083 1679 a
3116 1639 3241 1694 pag.
3278 1622 3344 1677 15

1773 1721 1842 1776 ad
1886 1721 1974 1776 17.
2028 1721 2205 1793 Auget
2248 1721 2612 1791 suspicionem
2673 1720 2882 1778 mortis.
2936 1730 3099 1786 quam
3143 1714 3346 1769 obiisse

1775 1823 1883 1867 tam
1941 1828 2190 1875 uxorent,
2245 1828 2407 1882 quam
2470 1811 2635 1865 tiliam
2671 1810 2927 1880 coujicio,
2966 1806 3110 1877 quod
3142 1805 3197 1858 in
3234 1802 3343 1859 illis

1772 1905 2000 1974 prolixis
2031 1904 2437 1959 narrationibus
2482 1904 2551 1959 de
2592 1902 2857 1957 Tbeoduli
2883 1898 3178 1955 liliivariis
3198 1895 3341 1951 casi-

1772 1993 1896 2059 bus,
1952 2002 2007 2047 et
2061 1993 2394 2063 captivitate,
2427 1994 2756 2062 tandemque
2811 1989 3204 2059 redemptione,
3239 2001 3341 2039 ne-

1775 2098 2053 2152 quaquam
2110 2083 2302 2137 matris
2351 2082 2582 2150 ﬁliaaque
2626 2080 2958 2144 meminerit,
3026 2093 3126 2132 nec
3165 2075 3228 2129 ad
3252 2090 3347 2129 eas

1772 2173 2029 2244 deinceps
2051 2175 2215 2228 ullam
2256 2174 2464 2229 dederit
2501 2173 2809 2243 epistolam,
2850 2186 2975 2227 eum
3007 2170 3073 2224 ad
3108 2167 3350 2221 Theodo-

1773 2264 1909 2321 siam
1939 2265 2279 2336 μονάζουσαν
2316 2266 2404 2334 (de
2422 2281 2529 2335 qua
2574 2264 2827 2334 superius
2850 2263 2956 2332 egi,
2992 2273 3047 2331 β.
3079 2260 3203 2323 601,
3225 2272 3345 2313 eam

1773 2356 2158 2425 reprehensam
2175 2354 2415 2410 referens
2435 2372 2464 2409 a
2479 2367 2671 2410 sancto
2685 2356 2824 2416 viro,
2840 2353 2981 2422 quod
3001 2360 3186 2406 contra
3206 2363 3351 2403 man-

1772 2448 1959 2501 datum
1994 2448 2167 2502 sancti
2200 2448 2434 2517 apostoli
2466 2448 2614 2501 Pauli
2642 2448 2789 2501 viros
2827 2446 3044 2500 doceret
3072 2442 3128 2495 in
3157 2440 3346 2495 Eccle-

1774 2537 1946 2601 sia,c.
1967 2552 2239 2599 xlv,vers.
2281 2538 2390 2603 διδ
2411 2537 2570 2605 epist.
2598 2534 2615 2588 Ι
2640 2537 2704 2590 ad
2734 2531 3208 2604 Cor.)seripserit:
3231 2527 3352 2582 Κᾶν

1778 2628 2037 2697 μυριάκις
2065 2627 2231 2698 λέγῃς
2266 2629 2362 2697 (ait
2404 2627 2581 2696 Nilus)
2610 2630 2710 2697 τῆς
2740 2622 3132 2696 θηλυδριώδους
3182 2621 3351 2686 ἕξεως

1779 2718 1997 2788 μακρὰν
2042 2718 2285 2788 ἀπέχειν,
2333 2720 2429 2771 καὶ
2457 2718 2567 2771 τῶν
2612 2716 2819 2787 ἀνδρῶν
2871 2716 3140 2784 ὑπάρχειν
3190 2728 3351 2765 σεαυ-

1774 2806 1875 2877 τὴν
1904 2806 2265 2879 στερροτέραν
2288 2807 2429 2860 κατὰ
2460 2806 2553 2860 τὸν
2575 2807 2670 2859 τοῦ
2705 2802 3039 2876 παρθενικοῦ
3069 2801 3352 2874 φρονήμα-

1777 2912 1868 2960 τος
1893 2894 2189 2965 ὲδρασμόψ
2217 2897 2468 2960 Quamvis
2492 2895 2686 2948 millies
2709 2894 2908 2946 dixeris
2931 2902 2978 2946 te
2998 2893 3149 2960 longe
3174 2889 3353 2943 abesse

84 2988 356 3057 gustinus
405 2988 459 3041 in
504 2987 710 3057 Regula
756 2987 1175 3051 monacharum,
1208 2985 1365 3056 epist.
1400 2986 1524 3047 108,
1558 2986 1677 3057 jus-
1708 3021 1751 3080 ο
1783 3002 1816 3038 a
1851 2986 2074 3054 femineo
2118 2987 2323 3048 habitu,
2355 2995 2403 3039 et
2436 2987 2659 3054 teipsam
2682 2982 2979 3037 hominibus
3001 2980 3350 3045 stabiliorem,

86 3086 242 3131 serat
262 3075 659 3131 “Vestimenta
676 3090 803 3130 vero
824 3084 879 3129 et
903 3076 1290 3137 ealceameuta,
1310 3074 1529 3143 quando
1555 3075 1676 3129 fue-

85 3166 204 3219 rint
235 3165 507 3235 indigenti
539 3166 866 3229 necessaria,
890 3180 996 3219 non
1015 3163 1285 3227 ditl‘erant,
1314 3163 1416 3218 sub
1445 3178 1677 3233 quarum

87 3254 348 3309 custodia
382 3264 531 3321 sunt,
562 3272 684 3326 quae
707 3267 1037 3327 poscuntur;
1068 3274 1087 3308 ι
1109 3268 1162 3311 et
1184 3266 1407 3311 sanctus
1434 3255 1676 3311 Athana-

87 3346 209 3402 sius
250 3348 309 3402 in
363 3349 586 3420 Regulis
638 3350 707 3405 de
732 3352 1045 3422 virginitate
1091 3352 1379 3416 servanda,
1421 3351 1487 3406 ad
1515 3352 1678 3422 virgi-

88 3453 217 3494 nem
286 3440 431 3495 inter
460 3441 565 3496 alia
610 3444 934 3512 praescribit.
965 3461 985 3494 ι
1030 3442 1166 3497 Cum
1202 3443 1420 3497 steteris
1472 3446 1523 3497 in
1555 3458 1677 3497 ora-

91 3528 268 3593 tione,
295 3530 461 3599 pedes
484 3532 869 3587 calceamentis
897 3532 1165 3586 obductos
1190 3533 1385 3585 habeto
1409 3547 1456 3593 ;ι
1479 3548 1529 3598 ρ.
1546 3530 1673 3593 401,

92 3618 211 3674 sive
247 3622 305 3674 in
344 3622 503 3689 εὐχῇ.
552 3620 800 3674 Bivarius
838 3621 906 3674 de
940 3620 1265 3674 monacbatu
1308 3619 1551 3673 scribens
1580 3632 1678 3685 pro

91 3708 352 3766 Nitriotis
401 3710 914 3765 sanctimonialihus
982 3710 1217 3780 Regulas
1262 3709 1383 3764 illas
1429 3709 1678 3764 conditas

94 3814 126 3854 a
151 3811 352 3856 sancto
384 3799 707 3861 Athanasio,
750 3799 969 3862 asserit,
1002 3808 1052 3853 et
1098 3798 1354 3866 explicat,
1389 3808 1445 3851 ut
1477 3797 1531 3851 in
1562 3808 1677 3851 sta-

95 3891 344 3947 tionibus
401 3892 530 3945 dum
584 3891 1016 3952 communicant,
1064 3905 1141 3944 ere
1183 3890 1417 3943 obtectis
1448 3888 1677 3957 pedibus

95 3983 207 4036 sint
234 3991 461 4051 prepter
492 3981 871 4035 reverentiam.
903 3979 997 4034 Vel
1048 3979 1399 4035 Sandaliarize
1434 3982 1549 4034 istic
1581 3994 1677 4033 no-

96 4075 323 4128 minatae
382 4072 451 4125 ab
492 4073 677 4142 aliquo
739 4073 859 4127 vico
914 4071 1277 4136 Alexandriae,
1315 4071 1406 4125 ubi
1432 4070 1676 4125 sandalia

100 4165 426 4232 prostahant
476 4164 710 4227 venalia,
766 4164 1075 4233 cujusmodi
1128 4173 1247 4219 erat
1304 4163 1489 4218 Romae
1513 4164 1671 4218 vicus

103 4251 522 4308 Sandaliarius:
552 4270 603 4307 c.
634 4254 875 4309 Nardino
908 4256 960 4307 in
1010 4253 1182 4306 Roma
1212 4255 1453 4321 antiqua,
1491 4268 1544 4322 p.
1575 4252 1677 4305 “0

1772 3078 1936 3146 juxta
1957 3078 2177 3147 virginei
2204 3094 2386 3131 sensus
2428 3077 2759 3145 ﬁrmitatem,
2789 3075 2905 3130 lib..
2945 3088 2981 3127 ιι
3003 3072 3174 3141 Epist.
3205 3070 3354 3125 Alla-

1780 3167 1925 3222 tiana
1960 3167 2078 3222 116.
2104 3166 2256 3223 Unde
2326 3168 2587 3237 virginem
2620 3183 2739 3222 eam
2791 3166 2960 3221 fuisse
3004 3171 3239 3219 constat.
3262 3160 3353 3215 ln-

1778 3260 2065 3314 nocentius
2117 3259 2334 3328 quidem
2393 3259 2609 3322 tertius,
2656 3258 2748 3313 lib.
2792 3257 3019 3326 t,epist.
3070 3252 3353 3317 187,5ur-

1777 3350 1929 3420 gensi
1950 3359 2005 3404 et
2024 3349 2309 3404 Palcntino
2339 3351 2610 3419 episcopis
2629 3358 2683 3403 et
2718 3347 2897 3402 abbati
2920 3348 2986 3401 de
3009 3343 3352 3398 Morimuudo

1775 3438 2158 3495 Cisterciensis
2214 3437 2423 3513 ordinis
2470 3437 2739 3499 rescribit,
2776 3451 2843 3489 ne
2866 3435 3157 3489 abbatissae
3185 3433 3353 3487 bene—

1776 3530 1962 3585 dicant
2011 3527 2299 3592 moniales,
2346 3543 2521 3598 neque
2561 3527 2936 3582 confessiones
2972 3525 3220 3587 audiant,
3253 3537 3355 3578 nec

1776 3620 2074 3690 praedicent
2100 3618 2493 3687 Evangelium;
2527 3634 2651 3674 nam
2686 3619 2811 3673 licet
2836 3618 3147 3672 beatissima
3192 3616 3355 3683 Virgo

1775 3712 1990 3782 dignior
2044 3721 2100 3767 et
2145 3712 2495 3767 excellentior
2537 3713 2716 3766 fuerat
2755 3711 3018 3782 apostolis
3058 3707 3354 3768 universis,

1776 3820 1885 3859 non
1916 3814 2095 3860 tamen
2124 3803 2220 3868 illi,
2246 3806 2339 3858 sed
2365 3804 2480 3858 istis
2505 3803 2765 3858 Dominus
2798 3803 2977 3857 claves
2996 3800 3146 3869 regni
3179 3801 3355 3856 coelo-

1774 3910 1897 3950 rum
1922 3894 2198 3950 commisit
2221 3893 2369 3949 :fuse
2387 3904 2611 3949 sanctus
2649 3893 2987 3963 Epiphanius
3009 3893 3104 3947 lib.
3132 3908 3213 3957 ιιι,
3234 3902 3355 3948 κατ’

1774 3986 1960 4055 Αἱρεσ.
1992 3985 2045 4047 6,
2078 3984 2339 4038 Adversus
2356 3982 2765 4054 Collyridt'anos,
2785 3984 2979 4038 hazres.
3010 3983 3099 4043 59.
3136 3998 3229 4038 seu
3264 3981 3355 4038 79-

1774 4076 2047 4131 Robcrtus
2102 4075 2318 4144 quidem
2371 4075 2437 4129 de
2466 4074 2833 4140 Arbrissellis,
2874 4073 3181 4144 Tbeologus
3204 4074 3356 4129 Pari-

1775 4168 1999 4229 siensis,
2062 4177 2254 4221 auctor
2318 4165 2422 4220 fttit
2486 4166 2713 4234 insignis
2778 4166 3101 4220 monasterii
3170 4164 3358 4219 Fontis

1778 4257 2017 4324 Ebraldi,
2072 4258 2160 4313 cui
2202 4257 2446 4326 praefecit
2486 4256 2841 4319 abbatissam,
2895 4271 3018 4325 qua:
3070 4256 3125 4310 in
3165 4270 3357 4312 omnes

105 4353 161 4398 et
183 4345 310 4409 141,
340 4360 405 4399 ex
441 4345 818 4415 inscriptione,
853 4362 915 4401 ac
947 4346 1139 4401 Gellio.
1162 4346 1269 4399 Aut
1312 4346 1677 4407 fueruntillze,
1710 4357 1756 4413 ι)
1789 4360 1899 4403 tum
1923 4349 2088 4412 viros,
2111 4357 2223 4401 tum
2250 4347 2481 4402 feminas
2504 4364 2779 4403 summum
2802 4348 2893 4418 jus
2916 4347 3207 4411 obtineret,
3230 4349 3358 4401 bea-

111 4436 178 4489 ad
232 4452 373 4505 quas
402 4438 628 4505 cpistola
688 4440 860 4493 sancti
898 4440 1143 4511 Gregorii
1199 4438 1683 4492 Nazianzenidiri-

113 4528 362 4597 gebatur,
423 4529 704 4597 inscripta,
758 4531 1141 4601 Εὑλαϐεστὰτῃ
1176 4530 1272 4582 καὶ
1324 4529 1411 4582 διὰ
1465 4529 1685 4582 πάντων

114 4620 501 4691 κεκοσμημένη
528 4622 587 4673 ὲν
617 4622 836 4692 Χριστῷ
866 4623 1188 4693 ἀδελφότητι
1214 4624 1282 4693 τῇ
1318 4622 1458 4675 κατὰ
1488 4623 1687 4676 Σαννα-

109 4709 302 4764 ϐαδίαν
334 4711 428 4765 τοῦ
462 4713 735 4782 μακαρίου
789 4714 1093 4768 Λευκαδίου
1132 4716 1189 4766 ἐν
1247 4713 1551 4783 μονάζουσι
1591 4712 1686 4765 καὶ

110 4802 400 4873 παρθένοις
449 4804 805 4874 ὴγιασμένος.
862 4805 1125 4874 (Latinus
1170 4805 1440 4874 interpres
1493 4805 1684 4859 Billius

106 4892 304 4959 pietate
323 4908 387 4946 ac
409 4894 652 4948 doctrina
680 4895 907 4965 insignis
925 4894 1312 4949 Sannabadaar
1328 4896 1523 4963 effert).
1553 4894 1685 4949 Utut

110 4984 204 5045 sit,
228 4985 420 5039 vellem
445 4994 505 5039 ut
537 4987 604 5041 ad
650 4988 1031 5058 hypotyposim
1075 4988 1349 5056 patbieam
1382 5003 1683 5058 exsequen-

107 5074 256 5137 dam,
307 5076 845 5147 exprimendamque,
885 5094 948 5133 ac
982 5079 1353 5147 subjiciendos
1396 5080 1570 5134 oculis
1598 5081 1682 5133 af-

109 5162 344 5220 fectuum
371 5166 534 5237 655
562 5169 613 5220 in
647 5168 740 5222 illo
767 5168 1013 5223 discessu
1045 5168 1376 5236 multiplices
1430 5168 1680 5231 effectus.

109 5252 213 5308 Nili
268 5258 402 5310 mihi
448 5258 528 5311 vel
583 5257 813 5313 Joannis
857 5259 1233 5330 Chrysostomi
1264 5258 1517 5313 facundia
1552 5274 1680 5329 sup-

1788 4441 2011 4496 tissitna:
2050 4440 2289 4511 Virginis
2318 4439 2408 4494 Dei
2447 4438 2738 4494 Genitricis
2776 4437 3027 4508 exemplo
3056 4437 3354 4493 secundum

1786 4532 1947 4586 verba
1976 4531 2201 4597 Christi,
2236 4530 2372 4584 Ecce
2402 4529 2581 4583 Filius
2611 4541 2753 4591 tuus,
2797 4546 2912 4583 ecce
2946 4528 3120 4582 Mater
3150 4538 3262 4591 tua,
3289 4529 3355 4583 ad

1788 4637 1993 4676 annum
2026 4620 2089 4676 C.
2124 4619 2189 4675 Ν.
2230 4620 2389 4685 1117,
2444 4619 2521 4673 uti
2584 4618 2829 4673 referunt
2858 4619 3148 4674 cardinalis
3194 4617 3357 4673 Baro-

1800 4713 1948 4773 nius,
1973 4728 2038 4765 ex
2067 4726 2244 4779 eoque
2285 4711 2630 4780 Spondanus,
2664 4712 2717 4765 in
2748 4711 2971 4766 dioecesi
3005 4710 3253 4765 Pietavii.
3281 4709 3357 4765 De

1786 4802 1876 4855 illa
1926 4802 2118 4855 Petrus
2171 4802 2572 4864 Cluniacensis,
2614 4802 2707 4855 lib.
2734 4816 2820 4866 ιιι,
2844 4802 3003 4870 epist.
3045 4800 3136 4863 27,
3170 4810 3222 4854 et
3254 4801 3355 4854 Pe-

1786 4903 1905 4948 trus
1943 4892 2230 4954 tlellensis,
2261 4893 2355 4947 lib.
2388 4908 2450 4955 ιι,
2494 4892 2658 4961 epist.
2707 4892 2797 4958 10,
2829 4894 2899 4946 ad
2930 4891 3241 4945 Mathildem
3271 4907 3354 4945 ve-

1782 4986 2069 5040 nerabilem
2126 4984 2473 5045 abbatissam,
2505 4986 2681 5052 deque
2734 4984 2830 5037 illo
2873 4983 3034 5051 epist.
3083 4999 3141 5045 ιι,
3188 4982 3272 5045 12,
3302 4990 3358 5035 et

1782 5079 1877 5132 lib.
1911 5094 1970 5142 ιι,
2006 5077 2167 5146 epist.
2198 5091 2281 5130 Ill:
2329 5074 2525 5129 Sancta
2557 5090 2775 5144 quoque
2831 5074 3089 5130 Thcresia
3130 5075 3354 5127 Patrum

1782 5178 2091 5225 nostrorum
2144 5175 2301 5219 aztate
2358 5166 2685 5221 severiorem
2734 5177 2978 5220 veterum
3037 5164 3357 5219 Carmelita—

1781 5274 1901 5313 rum
1935 5258 2221 5327 Regulam,
2254 5258 2361 5311 Deo
2418 5256 2652 5320 amante,
2694 5266 2745 5309 ct
2772 5255 2868 5308 Pio
2902 5254 2966 5307 IV
2998 5254 3354 5324 approbante.

109 5354 335 5411 peteret,
369 5362 435 5400 ac
482 5348 811 5412 eloquentia,
860 5364 984 5403 cum
1025 5349 1414 5403 divellerentur
1458 5348 1677 5417 quidem
1778 5350 2015 5419 primum
2035 5349 2375 5412 mulieribus,
2399 5347 2563 5419 656
2585 5348 2779 5402 deinde
2812 5348 2943 5401 viris
2963 5344 3356 5400 observandam

112 5436 336 5493 maritus
373 5448 426 5491 et
469 5440 670 5508 conjux
713 5456 881 5495 carne
928 5450 1090 5509 atque
1143 5454 1396 5509 corpore,
1444 5439 1675 5507 conjun-

113 5535 366 5590 gerentur
406 5537 585 5582 tamen
611 5530 816 5584 arctius
870 5530 1055 5584 animo
1090 5538 1143 5585 et
1176 5529 1460 5583 charitate.
1493 5527 1678 5582 Satius

115 5621 218 5677 est,
252 5619 471 5686 quando
508 5618 614 5675 illis
668 5620 965 5676 destitutus
1011 5636 1130 5677 sum
1168 5620 1417 5685 dotibus,
1474 5620 1676 5675 imitari

1778 5441 2078 5510 proposdit.

1851 5532 2074 5586 Exstant
2108 5540 2162 5587 et
2188 5532 2427 5599 epistolae
2464 5530 2565 5584 Nili
2592 5531 2655 5585 ad
2679 5529 3021 5584 Anastasiam
3065 5526 3351 5596 virginem,

1783 5623 1889 5679 555
1919 5624 2159 5689 Possini,
2212 5624 2305 5679 lib.
2350 5639 2409 5685 ιι,
2448 5624 2608 5691 epist.
2648 5622 2750 5676 118
2778 5618 2981 5683 Allatii,
3013 5618 3066 5672 in
3098 5632 3205 5685 qua
3233 5631 3351 5671 eam
