3852 6052
502 249 639 315 1383

1232 238 1382 302 JOS.
1421 233 1685 299 MARI/E
1719 229 2076 293 SUARESII
2116 225 2346 287 LIBER
2385 220 3018 284 CHRONOLOGICUS

3644 204 3773 275 138l'

497 360 843 420 commendat
866 357 939 415 ob
968 354 1205 427 vigilias,
1234 361 1345 409 etc.
1387 351 1517 407 item
1558 349 1626 405 ad
1652 347 1923 403 Julianam
1952 346 2066 399 vir-
2105 348 2149 404 Α
2178 340 2533 396 demissiouis
2549 339 2730 409 Specie
2748 344 3020 392 tumentes
3044 334 3392 406 superbiunt,
3423 333 3771 403 'captantqee

499 458 703 527 ginem,
724 452 820 507 lib.
843 465 885 516 ι,
921 449 1081 519 epist.
1107 446 1209 501 165
1232 454 1287 501 et
1309 444 1433 509 164,
1471 442 1762 497 dilaudans
1794 440 1967 508 ipsam
2001 436 2075 491 ob

497 544 806 617 jejunium;
866 540 1093 608 insuper
1144 537 1213 592 ad
1243 535 1550 597 Pbotinam,
1585 541 1640 587 et
1668 531 1794 585 Dor.
1831 530 1949 584 sive
1971 529 2073 598 (ut

504 636 740 707 Opinor)
792 632 860 688 ad
895 630 1248 695 Dorotbeam,
1280 627 1375 682 lib.
1403 641 1464 689 ιι,
1509 622 1669 693 epist.
1698 621 1790 686 51,
1816 621 1907 675 ubi
1938 619 2077 689 ἀλη-

501 726 612 790 θῶς
668 725 779 795 γὰρ
837 722 1082 793 (inquit)
1126 714 1471 787 σκηνώματα
1494 731 1555 767 τε
1589 712 1689 766 καὶ
1718 709 2080 779 Θυσιαστήρια

501 819 598 874 καὶ
619 818 774 882 ναὸς,
806 817 901 870 καὶ
949 813 1211 885 κειμήλια
1250 809 1385 863 Θεοῦ
1411 806 1500 860 διὰ
1524 806 1623 876 τῆς
1656 802 1954 875 παρθενίας
1983 818 2081 854 πε-

504 911 708 981 φήνατε
734 924 747 938 ·
786 907 840 961 id
859 915 965 972 est,
994 920 1114 959 vere
1144 915 1365 969 namque
1392 894 1753 953 tabernacula.
1790 902 1841 946 et
1859 891 2079 956 altaria,

502 1010 553 1056 et
580 998 849 1068 templum,
884 1005 934 1050 et
955 994 1189 1065 pretiosa
1228 1005 1447 1044 munera
1472 986 1568 1040 Dei
1605 1002 1696 1055 per
1726 984 2080 1053 uirginitatem

507 1090 860 1162 apparuistis.
928 1086 1143 1140 Helenae
1184 1080 1381 1136 illustri
1430 1078 1591 1147 epist.
1645 1074 1769 1140 170,
1798 1075 1891 1127 lib.
1928 1087 1963 1125 ιι
1996 1072 2085 1125 Al-

508 1182 647 1245 latii,
684 1190 767 1234 est
813 1176 1097 1245 inscripta,
1147 1187 1255 1244 qua
1294 1171 1502 1226 solatur
1533 1182 1677 1229 eam,
1706 1174 1961 1233 vetatque
1988 1163 2079 1217 lu-

510 1285 637 1341 gere
688 1284 837 1323 more
875 1266 1157 1336 gentilium
1193 1262 1364 1317 ﬁlium
1401 1258 1645 1321 unicum,
1691 1262 1747 1310 ct
1790 1255 2081 1324 optimum,

509 1361 603 1431 qui
661 1358 1049 1420 obdormierat,
1097 1353 1409 1408 Nicaretum
1448 1365 1565 1416 ;an
1625 1348 1796 1403 tilium
1842 1345 2083 1401 Nicareti

511 1451 786 1516 scriniari,
828 1451 894 1505 ad
931 1462 1095 1518 quem
1125 1452 1379 1501 exararat
1402 1443 1560 1513 epist.
1585 1441 1683 1496 151
1717 1441 1814 1494 lib.
1860 1437 2089 1493 tu?Nec

508 1543 653 1598 enim
680 1542 746 1595 ad
778 1540 1087 1595 Nicaretum
1113 1545 1360 1606 spectare
1385 1547 1606 1598 censeo,
1632 1547 1793 1602 quem
1828 1531 2086 1585 admonet

508 1631 666 1699 epist.
706 1629 835 1691 284,
859 1628 953 1682 lib.
989 1642 1048 1680 ιι.
1095 1624 1367 1679 Praeterea
1433 1620 1591 1675 Nilus
1659 1618 1860 1674 Juliam
1916 1619 2091 1674 comi.

510 1723 702 1777 tissam
760 1720 1015 1775 convenit
1078 1732 1175 1787 per
1208 1715 1367 1785 epist.
1415 1714 1545 1777 215,
1580 1712 1675 1766 lib.
1707 1727 1769 1776 ιι,
1796 1710 2088 1781 objurgans

510 1825 630 1865 eam
658 1808 803 1879 quod
839 1808 1065 1863 nimium
1105 1805 1352 1860 studeret
1398 1801 1647 1873 corporis
1683 1800 1959 1859 venustati
1991 1814 2087 1855 cu-

510 1902 729 1966 randze;
766 1916 834 1955 an
891 1900 1037 1954 illam
1075 1898 1404 1957 Gazensem,
1444 1894 1512 1948 de
1532 1908 1639 1965 qua
1664 1892 1962 1947 cardinalis
1985 1891 2091 1944 Ba-

511 1994 704 2049 ronius
756 1994 823 2046 ad
859 2005 1064 2044 annum
1109 1987 1175 2043 C.
1208 1987 1275 2041 N.
1304 1987 1432 2049 405,
1457 1985 1552 2040 fol.
1586 1984 1735 2039 179?
1765 1984 1831 2039 ad
1862 1983 2088 2053 Stepha-

510 2087 694 2141 nidem
758 2083 1119 2147 comitissam,
1164 2080 1200 2134 Ι.
1252 2095 1330 2145 ιι,
1372 2079 1533 2148 epist.
1591 2076 1719 2140 218,
1773 2075 1935 2143 cujus
1989 2073 2092 2129 ﬁde

513 2177 844 2236 servandum
864 2174 1122 2229 maritum
1143 2172 1375 2226 allirmat
1400 2188 1415 2236 ;
1444 2168 1667 2223 viduam
1689 2167 1905 2222 demum
1932 2165 2094 2220 Dios-

514 2269 747 2327 coriam,
788 2266 874 2321 cui
921 2265 1092 2318 Deum
1143 2263 1537 2318 subventurum
1587 2258 1843 2329 praesagit
1878 2256 1973 2311 lib.
2028 2271 2089 2320 ιι,

513 2360 675 2428 epist.
713 2357 839 2411 266.
887 2354 1121 2409 Nomina
1173 2366 1305 2408 vero
1360 2362 1468 2406 tam
1504 2350 1692 2405 uxoris
1739 2347 1869 2415 Nili,
1926 2361 2092 2417 quam

512 2450 648 2503 ﬁliae
678 2449 849 2502 celata
886 2446 1162 2501 oblivione
1187 2445 1240 2498 in
1281 2442 1464 2508 terris,
1506 2442 1559 2495 in
1592 2440 1906 2496 coelestibus
1932 2438 2093 2491 tabu-

515 2539 583 2594 lis
637 2538 806 2593 fuisse
855 2538 1058 2607 scripta
1107 2533 1455 2590 crediderim.
1488 2532 1661 2585 'l‘anta
1696 2530 1799 2583 fuit
1831 2530 1941 2583 Nili
1972 2544 2094 2582 mo-

514 2629 715 2693 destia,
772 2634 1031 2695 tantaque
1093 2622 1397 2685 humilitas,
1440 2621 1653 2675 alienus
1674 2620 1891 2686 penitus
1916 2626 2033 2673 erat
2063 2632 2094 2673 a

514 2720 676 2774 famae
706 2718 961 2788 aucupio,
980 2730 1289 2787 empyream
1312 2713 1587 2769 ambiebat
1608 2710 2091 2774 immortalitatem,

517 2813 633 2883 ipse
688 2825 813 2866 cum
871 2822 1062 2872 uxore,
1122 2806 1437 2877 liberisque,
1492 2812 1547 2859 et
1599 2803 1853 2873 religiosa
1892 2800 2097 2855 familia

519 2902 687 2974 probe
714 2898 1105 2969 norateos'qui
1135 2913 1330 2953 vanam
1381 2904 1649 2966 spernunt
1682 2894 1937 2964 gloriam,
1968 2892 2097 2946 ade-

519 3000 711 3062 pturos
736 3005 939 3056 veram,
958 2989 1142 3044 omnia
1172 2996 1522 3063 monumenta
1552 2985 1865 3040 mortalium
1906 2983 2095 3038 sublu-
2123 3000 2169 3063 c
2199 2982 2310 3036 lido
2372 2995 2536 3046 saxo,

519 3082 640 3138 nari
672 3081 908 3137 excitata
960 3080 1017 3134 in
1046 3079 1267 3149 regione
1301 3085 1413 3130 tam
1465 3062 1713 3131 celeriter
1762 3075 1998 3135 absumi,
2030 3089 2095 3129 ac

519 3175 720 3245 perire,
748 3179 981 3228 mortem
1018 3169 1168 3226 saxis
1211 3166 1451 3232 evenire,
1490 3167 1948 3236 nominibusque:
1980 3164 2094 3219 for-

519 3266 690 3321 tassis
731 3265 892 3320 etiam
934 3260 1194 3333 epistolas
1243 3260 1310 3313 a'd
1344 3272 1440 3313 eas
1465 3257 1636 3323 dedit,
1668 3257 1760 3313 sed
1803 3257 2095 3312 intercide-

522 3366 652 3411 runt
685 3356 808 3420 illae,
851 3362 910 3409 ut
938 3361 1069 3410 sunt
1095 3350 1231 3406 varii
1289 3363 1471 3404 rerum
1503 3363 1686 3404 casus.
1720 3347 1972 3418 Deposita
1998 3348 2099 3417 igi-

523 3456 614 3502 tur
655 3446 768 3516 jam
795 3444 1076 3517 dignitate,
1121 3452 1547 3508 successoreque
1596 3448 1842 3507 accepto,
1871 3436 2100 3493 etbouis

523 3541 774 3605 fortunae,
827 3539 1029 3610 quibus
1059 3535 1333 3597 adluebat,
1365 3533 1420 3587 in
1467 3532 1782 3587 alimoniam
1830 3546 2101 3602 usumque

512 3645 824 3701 pauperum
874 3630 1023 3698 large
1078 3626 1409 3688 distributis,
1435 3625 1589 3695 juxta
1616 3624 1901 3679 consilium
1931 3638 2101 3678 evan-

527 3720 762 3790 gelicum
794 3734 811 3783 ;
848 3716 1056 3787 peregit
1091 3716 1240 3785 pium
1264 3713 1501 3782 felixque
1540 3728 1666 3768 cum
1690 3712 1832 3766 tbori
1849 3719 2104 3766 consorte

526 3808 817 3863 divortium
854 3807 1030 3870 Nilus,
1070 3814 1126 3861 et
1168 3812 1403 3875 quatuor
1440 3804 1515 3858 illi
1542 3801 1897 3858 beatitudinis
1925 3801 2106 3857 eandi-

525 3898 660 3964 dati,
713 3897 916 3968 egressi
973 3905 1104 3951 sunt
1154 3910 1186 3951 e
1217 3896 1399 3959 domo,
1420 3902 1473 3949 et
1523 3892 1869 3963 cognatione,
1898 3891 2098 3947 unani-

526 3989 690 4046 miter
714 3987 1113 4059 conspirantes.
1149 3985 1487 4042 Subiannum
1511 3983 1638 4050 405,
1696 3983 1858 4053 pulso
1904 3996 2105 4053 nempe

432 4074 445 4079 ’
528 4082 586 4136 in
619 4081 873 4135 exsilium
899 4078 1293 4149 Chrysostomo
1323 4075 1533 4130 Joanne
1554 4083 1793 4144 pastore,
1823 4073 1940 4127 ista:
1973 4088 2106 4129 oves

526 4170 902 4227 voluntarium
956 4169 1244 4224 subierunt
1298 4165 1576 4221 exsilium.
1607 4164 1856 4233 Arripuit
1885 4164 1987 4218 iter
2011 4163 2107 4218 Ni-

528 4265 617 4318 lus
645 4262 711 4315 ad
743 4269 981 4315 montem
1023 4257 1172 4312 Sinai
1206 4272 1333 4312 cum
1376 4254 1680 4322 Theodulo,
1726 4254 1887 4309 ambo
1914 4269 2109 4310 mona-

2178 434 2397 486 iuauem
2432 430 2808 484 adorationem
2839 441 2983 482 novo
3011 441 3211 497 genere
3251 425 3497 480 ambitus
3532 440 3609 479 ex
3670 426 3769 475 nti-

2176 521 2339 585 seria,
2372 535 2439 575 ex
2492 520 2701 584 illuvie,
2747 518 2983 588 ﬁctaque
3055 516 3221 571 animi
3268 515 3649 585 despicientia
3702 524 3770 567 te.

2176 622 2365 684 gentes
2392 612 2579 667 cinere
2609 610 3156 672 monasticaavestis,
3213 617 3270 663 et
3316 608 3419 663 vili
3490 606 3769 662 schemate

2180 702 2315 757 illud
2360 702 2675 757 eenodoxia:
2706 700 3013 755 incendium
3045 714 3155 768 quo
3185 699 3561 753 exardescunt
3600 698 3767 757 intus,

2177 808 2356 863 neque
2387 792 2795 858 periclitabatur
2823 791 2875 844 in
2933 790 3289 859 applausibus
3329 788 3454 857 ejus
3485 788 3774 843 sanctius.

2180 903 2281 942 nec
2310 894 2428 941 erat
2469 885 2766 941 timendum
2789 900 2855 939 ne
2884 884 3070 938 laudes
3125 899 3246 954 qua:
3276 884 3379 953 ipsi
3417 880 3773 937 ascribehaa-

2180 989 2291 1046 tur,
2323 986 2760 1047 corrumperent,
2792 992 2857 1031 ac
2894 976 3261 1041 deeoquerent
3311 974 3616 1036 virtutum,
3662 973 3765 1040 qui

2180 1070 2284 1126 bus
2309 1080 2534 1125 ornatus
2557 1080 2697 1134 erat,
2740 1068 2901 1123 liores
2943 1077 2997 1123 et
3047 1068 3277 1133 fructus,
3327 1067 3491 1137 quasi
3566 1081 3776 1135 gemma

2183 1174 2555 1232 erumpentes,
2614 1171 2958 1231 mentemque
3028 1162 3303 1229 voluptate
3390 1158 3773 1213 abhlandienu

2187 1256 2466 1325 perfusam
2504 1256 2793 1324 plusquam
2827 1268 2923 1323 par
2956 1262 3124 1316 esset,
3183 1261 3240 1306 ut
3299 1252 3464 1319 lapsu
3530 1250 3775 1319 graviore

2186 1355 2388 1410 rueret,
2420 1346 2783 1410 extollerent;
2825 1360 2891 1400 eo
2923 1344 3159 1398 citatiori
3225 1345 3425 1412 gradu,
3484 1358 3553 1396 se
3612 1344 3777 1395 oculis

2187 1453 2375 1492 eorum
2411 1437 2791 1500 subtrahebat,
2828 1444 2881 1490 et
2908 1451 3069 1490 aures
3101 1436 3429 1491 obstruebat
3463 1433 3653 1497 Nilus,
3688 1450 3773 1485 ne-

2187 1546 2295 1601 quc
2332 1540 2709 1600 cognatorum,
2745 1539 2839 1583 aut
2864 1529 3178 1592 cbarorum,
3218 1528 3303 1582 vel
3342 1542 3649 1582 servorum
3708 1528 3775 1578 la-

2190 1620 2391 1690 crymis
2421 1619 2689 1672 tantillum
2721 1616 3156 1686 permovebatur,
3195 1615 3356 1669 siccis
3416 1615 3542 1683 ipse
3606 1614 3773 1666 oeulis

2188 1711 2257 1765 ad
2292 1710 2548 1763 vexillum
2608 1709 2791 1764 crucis
2838 1708 3181 1772 convolabat,
3253 1715 3407 1759 tanto
3467 1705 3779 1758 Slliillldlltls

2191 1817 2379 1856 amore
2418 1800 2682 1867 flagrabat
2724 1800 2862 1853 aulae
2879 1808 3140 1868 pertacsus
3170 1798 3486 1862 lubricum;
3523 1797 3781 1848 insanus~

2193 1902 2275 1947 rat
2306 1893 2381 1945 illi
2404 1892 2798 1961 apophthegtna
2842 1889 2970 1944 illud
3015 1890 3199 1942 tritum
3235 1905 3249 1941 :
3280 1886 3457 1941 Exeat
3516 1887 3653 1939 aula
3699 1888 3781 1953 qui

2190 1983 2321 2038 volet
2371 2000 2478 2038 esse
2517 1985 2680 2051 pius;
2712 1995 2877 2051 utque
2915 1982 3050 2034 alter
3091 1979 3408 2035 succinnit:
3468 1979 3779 2044 Quicunque

2191 2076 2260 2128 ad
2287 2086 2434 2128 astra
2468 2076 2631 2128 tendit
2670 2085 2719 2128 et
2752 2075 2897 2144 sequi
2923 2074 3067 2142 cupit
3111 2073 3321 2127 virtutis
3346 2074 3514 2125 decus
3545 2088 3778 2132 aureum,

2192 2167 2454 2236 relinquat
2477 2166 2657 2219 aulam
2684 2176 2733 2220 et
2758 2172 3039 2220 restitantes
3065 2181 3353 2233 purpuras.

2266 2258 2419 2313 Mons
2451 2258 2626 2320 Sinai,
2656 2273 2751 2313 seu
2783 2258 2914 2311 Sina
2941 2266 3024 2311 est
3050 2260 3104 2310 in
3139 2256 3362 2320 Arabia,
3390 2266 3598 2309 sancto
3626 2254 3782 2309 Paulo

2194 2349 2443 2418 apostolo
2476 2357 2697 2402 auctore
2725 2363 2775 2402 c.
2811 2364 2883 2413 Iv,
2914 2348 3007 2411 25,
3042 2346 3110 2401 ad
3141 2346 3381 2412 Galatas,
3439 2362 3647 2413 nempe
3695 2346 3782 2398 Pe-

2182 2449 2348 2505 traea,
2386 2440 2477 2494 ubi
2520 2438 2723 2509 μέλανα
2756 2439 2858 2509 ὅρη
2892 2440 3192 2493 locautura
3226 2437 3556 2502 Ptolemaeo,
3586 2437 3682 2490 lib.
3734 2452 3779 2501 τ,

2195 2545 2245 2584 c.
2281 2531 2368 2592 l7,
2398 2528 2689 2598 Geograph.
2721 2546 2752 2582 e
2792 2539 2982 2582 sancto
3012 2526 3367 2597 Hieronymo.
3404 2524 3664 2578 Sinaum
3706 2540 3788 2575 vo-

2196 2630 2285 2676 cat
2305 2619 2551 2675 Justinus
2580 2635 2611 2675 e
2639 2620 2840 2690 Trogo.
2870 2618 3103 2689 Insignis
3131 2629 3215 2672 est
3242 2617 3331 2671 Dei
3359 2616 3641 2684 alloquiis
3668 2630 3781 2668 cum

2193 2710 2401 2781 Moyse,
2447 2721 2502 2764 et
2560 2710 2679 2776 lege
2707 2710 2901 2763 trdita
2956 2710 3156 2779 populo
3187 2707 3515 2768 Israelitico,
3557 2708 3787 2773 locisque

2198 2803 2394 2867 sacris,
2422 2817 2545 2870 quae
2577 2801 2784 2854 circum
2816 2800 3102 2864 ﬂorebant,
3179 2813 3213 2851 e
3268 2797 3552 2858 Bellonio,
3613 2799 3707 2849 lib.
3760 2813 3787 2849 ιι

2203 2892 2509 2958 Observat.,
2542 2909 2591 2946 e.
2646 2891 2736 2945 62.
2771 2891 2993 2945 Duobus
3021 2888 3261 2957 assurgit
3289 2889 3689 2942 cacuminibus
3712 2902 3785 2940 so-

2618 2990 2671 3034 et
2725 2980 3001 3034 variorum
3074 2979 3361 3042 colorum,
3436 2976 3787 3046 granulisque

2201 3074 2443 3129 diversas
2462 3073 2660 3144 ﬁguras
2687 3071 3042 3126 referentibus
3061 3071 3320 3126 distincto
3340 3087 3355 3135 ;
3374 3070 3661 3123 excelsior
3681 3084 3785 3137 mis

2206 3165 2355 3221 Sinai
2387 3180 2609 3228 nomen,
2643 3164 2958 3233 depressior
2991 3161 3134 3216 Oreb
3175 3161 3616 3230 appellationem
3680 3174 3785 3211 sor-

2205 3258 2356 3311 titur.
2396 3254 2455 3309 ln
2486 3252 2628 3307 Oreb
2656 3251 2860 3323 Moysis
2884 3292 2899 3316 ,
2929 3252 3020 3321 qui
3068 3251 3240 3321 legem
3269 3251 3340 3304 ibi
3383 3265 3413 3302 a
3442 3248 3566 3303 Deo
3596 3249 3787 3313 accepit

2206 3349 2285 3411 εἰς
2310 3345 2573 3414 διαταγὰς
2614 3343 2887 3411 ἀγγέλων,
2914 3343 2965 3397 id
3003 3352 3111 3409 est,
3159 3342 3225 3395 ad
3255 3342 3649 3409 dispositioncs
3702 3359 3785 3391 u-

2206 3438 2462 3505 gelorum,
2494 3434 2607 3489 sive
2638 3430 3037 3501 disponentibus
3095 3429 3317 3500 angelis,
3368 3429 3494 3481 Act.
3556 3445 3659 3491 vn,
3715 3430 3787 3487 $3,

2167 3533 2175 3540 '
2208 3525 2473 3595 impressa
2500 3523 2701 3591 efﬁgies
2732 3522 3065 3576 adamussim
3088 3521 3265 3574 adhuc
3296 3518 3570 3572 marmori
3601 3528 3783 3571 exstat

2209 3616 2267 3671 In
2302 3616 2452 3670 Sinai
2478 3628 2679 3684 corpus
2707 3622 2909 3668 sanctis
2957 3611 3287 3675 Catltarinaa,
3331 3625 3499 3679 quam
3537 3607 3787 3662 Eutha-

2208 3710 2405 3774 rinam,
2439 3706 2595 3777 quasi
2650 3704 2812 3775 ἁγίαν
2870 3702 3187 3773 Καθαρίναν
3257 3702 3459 3757 dictam
3532 3702 3786 3761 arbitror,

2210 3800 2316 3855 fuit
2341 3800 2409 3854 ab
2441 3798 2648 3867 angelis
2679 3798 3048 3866 deportatum,
3076 3793 3223 3863 quod
3272 3802 3461 3862 postea
3531 3792 3785 3845 monachi

2210 3892 2608 3948 transtulerunt
2657 3889 2713 3941 in
2745 3888 2911 3941 imam
2948 3886 3189 3940 radicem
3216 3883 3376 3949 Oreb,
3415 3894 3473 3937 ut
3510 3883 3592 3936 ab
3622 3882 3786 3936 hosti-

2211 3984 2317 4039 bus
2344 3990 2518 4036 tutum
2555 3987 2962 4041 conservarent,
2996 3991 3123 4031 arce
3151 3984 3487 4037 constructa,
3533 3990 3568 4029 e
3596 3972 3791 4026 Proco-

2194 4077 2305 4147 pio
2337 4074 2400 4128 de
2428 4070 2731 4127 Iustiniani
2757 4070 2823 4124 Α.
2856 4067 3148 4138 didi/irin,
3180 4066 3469 4121 Combeﬁs.
3506 4081 3570 4134 ι).
3603 4066 3671 4118 54
3700 4063 3790 4115 [ιι-

2215 4162 2631 4220 monstrationis
2659 4159 3167 4229 ConstantinOpolis
3196 4158 3265 4212 ab
3310 4158 3563 4221 incerto;
3612 4166 3790 4226 typum

2216 4259 2508 4326 utriusque
2537 4253 2740 4309 montis
2772 4252 3046 4323 pollicitus
3096 4250 3272 4305 fuerat
3302 4247 3412 4302 Leo
3439 4248 3688 4301 Allatius
3748 4248 3793 4299 ia

527 4353 744 4411 clticum
771 4360 973 4407 statum
1018 4349 1328 4415 sublimem,
1355 4357 1521 4417 atque
1543 4346 1851 4416 angelicum
1887 4346 1956 4400 ad
1978 4360 2106 4411 pec-
2137 4349 2184 4406 D
2214 4348 2367 4402 Notis
2403 4346 2469 4401 ad
2498 4345 2767 4401 Eustathii
2802 4343 3124 4398 Antiocheni
3149 4341 3489 4411 patriarchae,
3548 4341 3648 4409 qui
3704 4340 3795 4393 sub

529 4454 652 4500 cata
677 4439 1053 4512 expurganda,
1075 4439 1417 4507 virtutesque
1439 4437 1716 4506 augendas
1735 4436 2103 4504 aptissimum,

529 4544 586 4591 et
613 4534 682 4589 ad
712 4532 1052 4587 iracundiam
1102 4530 1197 4586 Dei
1244 4529 1588 4600 placandam,
1632 4527 1956 4598 veniamque
1975 4543 2105 4597 pro-

498 4606 848 4679 fnmrendam
902 4628 1260 4686 assectantes,
1317 4618 1446 4675 dum
1484 4628 1639 4688 parte
1661 4617 1765 4671 alia
1798 4617 2021 4687 conjux,
2052 4627 2109 4673 et

535 4717 645 4773 ﬁlia
692 4715 1137 4773 sanctimoniales
1183 4711 1518 4784 professum
1572 4710 1994 4780 protlciscuntur
2038 4705 2108 4764 ad

535 4808 639 4862 Nili
665 4808 867 4863 ﬂuenta
882 4817 936 4862 et
952 4805 1168 4878 Egypti
1190 4802 1557 4867 monasteria;
1578 4815 1756 4871 neque
1779 4800 1956 4870 potuit
1974 4799 2111 4854 ami-

532 4913 723 4954 corum
775 4899 974 4967 pietate
1028 4896 1348 4961 illustrium,
1400 4892 1686 4962 ﬁdelisque
1732 4891 1920 4962 populi
1950 4890 2111 4946 turba

538 4990 808 5059 stupentis
844 4990 911 5044 ad
930 4987 1301 5059 spectaculum
1322 4994 1432 5041 tam
1457 4984 1713 5054 gloriosae
1734 4981 2113 5037 conversionis

535 5094 596 5135 se
647 5080 951 5144 continere,
1009 5080 1140 5149 quin
1171 5091 1338 5133 voces
1386 5077 1591 5132 laetitiae
1615 5084 1780 5130 testes
1819 5081 1873 5128 et
1905 5073 2113 5127 doloris

536 5171 842 5227 elfunderet
890 5186 983 5225 ore
1012 5170 1194 5240 pleno,
1222 5168 1423 5238 quibus
1452 5177 1565 5221 tam
1604 5167 1766 5236 digna
1808 5164 1965 5234 paria
1996 5178 2116 5233 pro-

537 5276 917 5337 sequerentur,
970 5265 1043 5317 ita
1101 5272 1162 5317 ut
1206 5263 1389 5316 omnia
1436 5259 1937 5328 Constantinopolis
1965 5272 2116 5311 com-

535 5357 648 5427 pita
678 5357 962 5421 encomiis,
1016 5370 1079 5410 ac
1106 5355 1364 5424 querelis,
1412 5354 1523 5407 imo
1568 5360 1623 5406 et
1651 5352 1749 5404 vite
1799 5350 1961 5418 regiae
1996 5365 2119 5420 per-

538 5455 816 5501 sonarent.
904 5444 962 5498 lu
1040 5444 1232 5514 primis
1320 5441 1664 5514 gloriationis
1742 5440 2116 5496 immoderata!

537 5533 734 5587 vitium
840 5548 1055 5602 semper
1131 5546 1352 5595 exosus,
1419 5538 1554 5583 tunc
1640 5529 1986 5597 potissimum
2062 5531 2113 5583 id

538 5621 700 5690 657
720 5622 955 5691 fugiebat
986 5622 1157 5686 Nilus,
1189 5638 1288 5676 nec
1325 5636 1388 5675 ex
1417 5619 1525 5674 illis
1554 5630 1670 5674 erat
1694 5620 1786 5689 qui
1813 5621 1915 5674 sub
1944 5620 2113 5674 animi

2206 4439 2532 4494 Constantio
2561 4437 2625 4490 Α.
2671 4436 2826 4499 vixit,
2886 4443 2942 4489 et
3003 4434 3210 4504 synodo
3257 4431 3491 4487 Nicaeus:
3552 4434 3795 4486 interfuit

2210 4533 2369 4602 (teste
2410 4529 2654 4593 Socrate,
2682 4527 2778 4581 lib.
2815 4541 2855 4592 ι,
2883 4542 2933 4581 c.
2966 4526 3030 4579 l3
3056 4523 3201 4578 Hist.
3236 4523 3463 4590 Eccles).
3492 4524 3795 4579 Heuseme~

2209 4637 2332 4686 ron,
2362 4636 2417 4690 p.
2451 4618 2595 4685 5H;
2626 4617 2719 4673 sed
2754 4631 2862 4671 non
2896 4619 3044 4670 stetit
3067 4615 3372 4684 promissis,
3406 4629 3592 4683 neque
3641 4631 3791 4684 [masc

2211 4722 2399 4785 typum
2436 4712 2589 4767 illum
2614 4728 2643 4765 a
2678 4710 2980 4781 pictoribus
3009 4706 3271 4762 delineari
3328 4705 3525 4760 Petrus
3570 4723 3602 4759 a
3656 4706 3794 4759 Valle

2211 4807 2267 4861 in
2303 4804 2496 4859 Itiner.
2531 4805 2742 4859 Turcis.
2773 4819 2826 4873 p.
2850 4801 2981 4865 250,
3006 4801 3261 4855 editionis
3291 4799 3550 4855 secunda:
3580 4799 3790 4859 fatetur,

2212 4896 2305 4951 ubi
2345 4911 2405 4951 se
2426 4896 2691 4949 lustrasse
2730 4902 2968 4947 montem
3017 4900 3310 4961 utrumque
3356 4899 3570 4954 narrat,
3625 4902 3682 4945 et
3716 4893 3790 4943 di-

2212 4987 2440 5056 ligenter
2460 4983 2757 5049 describit;
2788 4981 3109 5038 Eustathius
3146 4991 3325 5036 autem
3353 4996 3472 5043 eos,
3540 4983 3643 5050 qui
3690 4996 3788 5035 me

2214 5092 2318 5133 suo
2358 5075 2781 5145 proﬁciscuntur
2810 5073 2876 5128 ad
2922 5073 3014 5128 il‘la
3066 5073 3183 5128 loca
3214 5072 3375 5141 χάριν
3410 5072 3691 5140 ἱστορίας,
3745 5071 3785 5123 id

2213 5166 2589 5231 est,disceudi,
2625 5164 2704 5218 vel
2737 5164 2937 5217 sciendi
2960 5165 3157 5233 gratia,
3189 5162 3392 5216 formas
3432 5164 3785 5216 tentoriorum

2216 5259 2443 5313 inﬁnitae
2471 5257 2842 5312 multitudinis
2872 5272 2903 5311 a
2952 5257 3149 5325 seipsis
3186 5263 3514 5325 conspectas
3586 5272 3788 5311 asseve-

2216 5365 2341 5404 rare
2370 5349 2539 5403 tradit
2568 5366 2622 5418 p.
2651 5348 2741 5405 90.
2775 5348 3009 5403 Sedente
3038 5355 3229 5401 sancto
3274 5347 3555 5417 Gregorio
3614 5348 3789 5417 Magno

2218 5437 2537 5498 Rusticiana
2573 5437 2796 5506 patricia
2829 5437 3065 5504 perrexit
3091 5436 3158 5490 ad
3211 5446 3451 5490 montem
3488 5436 3650 5503 Sina,
3710 5438 3784 5489 lib.

2218 5546 2302 5593 ιιι,
2338 5544 2387 5583 c.
2428 5528 2497 5582 44
2536 5528 2766 5597 Registr.
2807 5525 2946 5581 llinc
2974 5518 3191 5597 prodiit,
3238 5537 3291 5581 et
3318 5542 3631 5596 cognomen
3697 5539 3785 5579 tta-

2221 5621 2297 5674 xit
2330 5620 2652 5677 Anastasius
2680 5619 2911 5685 Sinaita,
2962 5620 3054 5689 qui
3111 5618 3567 5689 archiepiscopus
3615 5619 3784 5672 Antio-
