3852 6052
40 244 212 313 1235

1406 249 1505 308 DE
1524 249 1696 309 VITA
1737 248 1794 306 S.
1820 250 1984 309 NILI

3191 223 3329 316 133-3

31 370 302 431 chenus,
325 365 546 436 scripsit
583 364 808 437 Ὀδηγὸν
835 365 1101 422 adversus
1129 365 1452 436 Acephalos,
1489 375 1544 422 et
1586 370 1651 422 ad
1682 375 1726 429 Α
1757 369 1848 437 qui
1897 369 2028 421 abiit
2090 370 2142 422 in
2209 368 2466 422 Arabiam
2524 385 2575 423 c.
2634 386 2649 424 ι
2704 372 2775 425 ad
2829 371 3070 438 Galatas,
3109 381 3166 426 ut
3232 375 3332 428 dn-

27 461 294 517 θυαείῶ
319 460 488 532 658
514 460 668 516 vixit.
699 459 941 516 Joannes
968 459 1244 516 Climaeus
1300 460 1370 516 '50
1425 463 1646 533 gradus,

30 554 268 622 quibus
292 568 581 609 ascensum
611 553 768 608 docet
796 552 866 607 ad
891 553 1299 622 perfectionem,
1326 556 1400 609 ibi
1423 571 1650 626 compo-

29 649 180 702 suit
209 647 276 701 ad
299 662 504 701 annum
526 646 651 710 540,
677 662 707 701 e
735 646 969 713 Radero,
987 662 1083 702 seu
1115 662 1146 702 c
1165 645 1417 714 Baronio,
1449 659 1503 703 et
1529 648 1651 703 Bel-

35 739 303 795 Iarmino
318 740 836 807 cardinalibus;eum
851 750 1090 796 montem
1111 740 1386 796 incoluere
1403 751 1515 796 tum
1537 757 1652 811 per-

36 835 224 888 multi
239 833 515 898 monachi,
529 841 581 888 et
599 848 782 903 supra,
797 843 850 889 et
865 832 1364 890 subtus.’l‘heonam
1377 836 1650 905 comperio

39 924 162 981 Dei
182 927 531 982 miseratione
544 927 917 997 presbyterum
937 935 991 981 et
1005 927 1456 982 ambasciatorem
1473 928 1648 982 sancti

37 1021 274 1074 montis
301 1019 474 1084 Sinai,
511 1029 564 1074 et
607 1018 777 1075 eremi
802 1007 1032 1085 Baithae,
1067 1035 1165 1074 seu
1193 1018 1416 1084 Raithu,
1445 1030 1499 1075 et
1524 1035 1650 1074 san-

41 1124 170 1169 cta:
199 1113 442 1170 ecclesiae
489 1111 724 1177 Pharau,
759 1115 853 1182 qui
888 1112 1092 1168 faciens
1121 1127 1451 1180 sermonem,
1479 1124 1533 1167 ct
1554 1129 1650 1183 pro

39 1209 329 1262 omnibus
363 1206 648 1261 monachis
691 1205 1083 1261 exsistentibus
1118 1205 1174 1259 in
1215 1206 1490 1276 praedictis
1516 1206 1651 1262 soli-

43 1302 228 1354 tariis
276 1299 430 1364 locis,
481 1297 835 1368 supplicavit.
891 1306 945 1352 et
972 1298 1297 1368 subscripsit
1326 1299 1505 1354 libello
1531 1313 1650 1351 mo-

43 1392 372 1446 nachorum
418 1388 683 1443 Secundae
735 1389 927 1458 Syriae,
962 1403 1124 1458 quem
1175 1389 1418 1444 oblatum
1481 1387 1652 1443 Justi-

40 1481 578 1552 nianoimpcratori
613 1481 847 1552 legimus
879 1482 1144 1537 insertum
1205 1482 1404 1536 actioni
1460 1483 1652 1552 primae

45 1575 266 1646 synodi
308 1576 533 1646 quintaa,
566 1590 622 1646 p.
655 1575 762 1643 υς
812 1583 868 1630 et
900 1575 1059 1630 alteri
1089 1575 1274 1630 libello
1307 1576 1374 1628 ad
1398 1575 1648 1629 Mennam

43 1666 571 1737 Constantinopolis
592 1668 984 1737 patriarcltam,
1006 1675 1258 1737 porrecto
1284 1666 1502 1731 ibidem,
1521 1683 1648 1738 pag.

51 1761 156 1814 4ο.
191 1758 238 1812 Ε
279 1759 510 1814 summis
541 1759 892 1829 pontificibus
932 1757 1275 1812 Innocentius
1307 1759 1505 1812 Sextus
1534 1760 1650 1827 epi-
1685 1754 1724 1807 Β

47 1869 322 1924 scopum.
365 1867 512 1907 nunc
540 1852 1039 1922 archiepiscopum,
1076 1862 1132 1907 et
1193 1851 1392 1906 fratres
1453 1852 1650 1907 Montis

52 1946 223 2001 Sinai
258 1947 360 2002 sub
388 1947 722 2017 protectione
751 1945 894 2000 beati
946 1945 1091 2001 Petri
1145 1961 1200 2000 ct
1251 1954 1454 2001 sanctae
1509 1945 1654 2000 sedis

49 2043 388 2112 apostolica:
420 2041 622 2110 recepit
671 2055 816 2095 anno
848 2043 1193 2110 pontiﬁcatus
1243 2049 1456 2101 octavo,
1515 2053 1654 2109 qua-

54 2145 229 2189 terno
272 2143 466 2203 quarto
511 2133 580 2189 de
642 2133 892 2189 Indultis.
941 2133 1129 2188 Sancti
1175 2133 1421 2202 Gregorii
1478 2131 1656 2202 Magni

52 2227 314 2281 Charitas
345 2241 474 2298 erga
508 2241 799 2296 pauperes,
859 2235 916 2280 et
951 2227 1277 2279 inexhausta
1333 2224 1654 2288 liberalitas,

55 2321 154 2375 vel
187 2321 320 2375 hinc
353 2320 578 2383 effulsit,
629 2319 774 2390 quod
828 2319 1120 2374 munificus
1150 2317 1394 2388 pontifex
1429 2333 1528 2387 pro
1556 2316 1660 2372 Ge-

58 2415 446 2480 rontocomio,
479 2413 532 2469 id
561 2423 667 2479 est,
697 2411 902 2467 Senum
937 2412 1218 2467 domicilio
1275 2410 1479 2466 montis
1528 2407 1659 2464 Sina

57 2508 228 2563 misit
249 2507 446 2562 Joanni
478 2507 882 2562 abbatisslaenas
917 2523 1028 2572 xvn,
1066 2521 1294 2560 racanas
1324 2522 1453 2568 xxx,
1491 2505 1660 2559 lectos

58 2617 167 2666 xv,
249 2601 483 2671 pretium
542 2615 759 2671 quoque
819 2601 885 2654 de
939 2599 1184 2654 emendis
1253 2598 1518 2660 culcitris,
1575 2597 1662 2650 vel

59 2694 242 2748 naula
293 2693 462 2757 dedit,
493 2693 659 2762 epist.
710 2691 796 2758 16,
839 2691 929 2745 lib.
965 2707 1038 2746 xn
1091 2691 1354 2761 Regest.;
1397 2701 1451 2746 et
1489 2691 1663 2745 Palla-

56 2788 169 2842 dio
223 2787 563 2862 presbytero,
596 2786 665 2841 de
695 2793 880 2841 monte
913 2783 1066 2840 Sinai
1111 2784 1405 2848 cucullam,
1435 2794 1489 2839 et
1521 2784 1637 2838 tuni

59 2895 198 2933 cam
225 2881 291 2933 de
320 2879 702 2934 benedictione
733 2879 910 2934 sancti
943 2877 1090 2932 Petri
1123 2878 1214 2932 lib.
1232 2894 1347 2942 νιιι,
1379 2878 1537 2946 epist.
1563 2878 1652 2940 45,

58 2970 252 3024 Indic.
288 2971 372 3025 15.
425 2967 624 3024 Narrat
661 2969 900 3024 Joannes
930 2969 1194 3023 diaconus
1223 2968 1292 3023 de
1335 2968 1509 3038 ipsius
1539 2967 1661 3022 Vita

61 3066 177 3120 lib.
218 3081 278 3126 η,
318 3081 367 3120 c.
427 3063 516 3124 52.
584 3079 710 3119 eum
772 3073 882 3117 tam
933 3060 1349 3132 Hierosolymis,
1393 3076 1556 3130 quam
1610 3060 1662 3114 in

61 3165 268 3211 monte
304 3156 452 3211 Sinai
487 3155 712 3211 famulis
745 3155 837 3211 Dei
899 3155 1204 3226 quotidiani
1242 3153 1441 3215 victus,
1489 3162 1544 3208 et
1571 3169 1663 3207 ve-

60 3249 326 3306 stimenti
379 3265 594 3319 copiam
653 3249 922 3305 annaliter
951 3249 1268 3304 mittendam
1295 3262 1662 3317 procurasse;

63 3344 180 3399 sed
227 3347 293 3398 de
321 3343 473 3398 lamis
519 3352 574 3399 et
621 3343 838 3398 racanis
899 3342 1078 3399 fusius
1124 3342 1210 3414 egi
1239 3341 1562 3410 jamdudum
1612 3342 1664 3396 in

65 3437 479 3492 Dissertatione
513 3453 633 3492 mea
665 3439 732 3493 de
763 3423 929 3493 aurea
970 3452 1118 3492 rosa.

156 3530 405 3598 Expediti
445 3545 576 3599 ergo
627 3531 904 3585 laciniosa?
952 3532 1075 3584 vitae
1133 3529 1559 3597 impedimentis,
1610 3537 1671 3582 ut.

69 3613 331 3682 loquitur
377 3613 749 3667 Tertullianus
787 3613 879 3665 lib.
926 3629 976 3666 tv
1012 3614 1278 3665 Adversus
1321 3613 1666 3676 Marcionem,

73 3707 254 3761 idest
335 3705 583 3770 undosae,
638 3707 878 3761 sinuosa:
931 3715 985 3759 et
1026 3706 1668 3775 prmruptaa,cujusmodi

69 3806 211 3852 erat
239 3797 350 3860 illa,
383 3813 506 3867 quae
551 3798 608 3851 in
647 3799 770 3852 aula
793 3796 978 3852 Graeca
1021 3808 1149 3852 tunc
1185 3800 1480 3868 agebatur,
1514 3797 1670 3852 Nilus

73 3899 146 3945 et
191 3888 508 3946 Theodulus
532 3894 904 3962 perrexerunt
936 3891 1000 3946 ad
1057 3900 1296 3945 montem
1353 3889 1526 3953 Sinai,
1581 3891 1671 3960 qui

75 3981 420 4051 conjunctus
448 3991 530 4037 est
569 3982 639 4048 ei,
704 3998 824 4052 qua:
889 3997 1036 4036 nunc
1093 3991 1178 4037 est
1223 3978 1524 4037 Jerusalem
1574 3981 1673 4051 (ita

78 4077 287 4133 scribit
323 4075 620 4146 Apostolus
653 4073 878 4140 Paulus,
914 4090 965 4129 c.
997 4089 1049 4128 IV
1100 4075 1164 4128 ad
1197 4073 1437 4144 Galatas)
1464 4073 1672 4136 Graece,

83 4172 392 4240 συστοιχεῖ,
424 4169 673 4222 τουτέστι
703 4165 1022 4236 γειτνιάζει,
1051 4166 1306 4232 ἅπτεται,
1333 4167 1674 4237 propinquus

75 4273 176 4319 est
240 4271 295 4316 et
351 4277 599 4317 annexus
649 4278 665 4315 :
721 4261 803 4316 sic
862 4260 1095 4329 explicat
1166 4267 1390 4314 sanctus
1435 4257 1675 4312 Joannes

80 4359 543 4426 Chrysostomus,
576 4353 660 4409 vel
718 4353 1112 4416 conterminus,
1161 4353 1419 4415 confinis,
1462 4353 1678 4406 deserto

1752 470 1900 515 ceret
1933 460 2080 530 quod
2136 475 2166 514 a
2214 459 2324 515 Deo
2384 463 2680 516 revelatum
2737 462 2841 532 ipsi
2871 463 3072 530 fuerat,
3121 480 3154 521 e
3203 483 3336 520 san-

1750 561 1837 606 ctu
1910 551 2261 625 Hieronymo,
2313 563 2483 622 utque
2541 553 2814 612 Barbaros
2895 556 3102 613 Arabis
3175 573 3338 614 exco-

1751 645 1886 698 leret
1967 646 2033 699 ad
2119 646 2436 716 religionem
2506 647 2875 703 Chrisﬁanam
2933 651 3336 720 suscipiendam

1747 737 1914 808 659
1971 754 1999 791 e
2053 747 2242 792 sancto
2280 737 2489 793 Joanne
2545 737 2961 810 Chrysostomo,
3025 744 3118 813 qui
3186 755 3342 800 notat

1753 831 1822 884 ibi
1849 830 2022 883 sancti
2064 829 2217 882 Pauli
2247 830 2566 885 modestiam
2616 839 2670 885 et
2703 830 3013 899 fervorem;
3055 844 3205 904 pater
3253 837 3342 892 hic

1751 923 2004 991 filiusque
2040 938 2153 978 sua:
2187 938 2403 993 quoque
2440 923 2817 979 conversionis
2839 926 3115 996 exemplo,
3154 943 3342 984 mona-

1750 1015 1884 1070 chos
1924 1015 2068 1081 illos,
2099 1030 2336 1085 quorum
2370 1017 2676 1071 institutum
2713 1027 2841 1072 sunt
2872 1020 3104 1089 amplexi
3135 1023 3342 1076 excita-

1751 1109 2071 1180 rentmagis
2113 1126 2178 1164 ac
2229 1112 2403 1180 magis
2453 1112 2520 1166 ad
2563 1113 2842 1182 pietatem,
2888 1115 3054 1185 inque
3100 1131 3227 1171 vera
3290 1127 3344 1174 et

1750 1201 2062 1257 Christiana
2119 1204 2484 1274 philosophia,
2519 1214 2579 1259 ut
2617 1205 2670 1259 in
2703 1204 2906 1276 Opusc.
2947 1208 3144 1277 primo,
3188 1208 3343 1274 Nilus

1753 1297 1867 1368 ipse
1897 1297 2110 1368 probat,
2140 1298 2306 1368 inque
2332 1299 2550 1353 Narrat.
2581 1315 2635 1369 p.
2664 1300 2720 1365 2,
2752 1299 2803 1353 ἰη
2830 1299 2948 1371 lege
2975 1299 3189 1356 Domini
3224 1319 3345 1360 sese

1751 1407 1874 1448 cum
1900 1392 2012 1446 tilio
2039 1403 2377 1457 exercerent,
2400 1409 2564 1463 quam
2595 1393 2739 1449 Deus
2765 1394 2820 1448 in
2850 1406 3034 1450 monte
3067 1396 3222 1451 Sinai
3248 1399 3343 1452 de—

1750 1487 1832 1540 dit
1867 1485 2059 1558 Moysi.
2097 1483 2237 1541 Inibi
2268 1486 2432 1541 etiam
2470 1501 2672 1542 saneta:
2703 1486 3016 1543 Catharinae
3046 1505 3249 1560 corpus
3275 1491 3344 1545 ab

1752 1580 1958 1651 angelis
1986 1580 2222 1634 delatum
2253 1579 2572 1635 mirabiliter
2596 1580 2955 1649 conquiescit,
2982 1598 3102 1652 quae
3125 1585 3346 1640 caeleste

1753 1673 2020 1741 sapientia
2043 1672 2232 1739 ditata,
2261 1673 2618 1742 philosophos
2641 1671 2932 1744 Egyptios
2951 1675 3102 1739 vicit,
3132 1687 3186 1729 et
3215 1691 3348 1730 con-

1753 1764 1906 1830 vicit,
1934 1776 1989 1820 et
2024 1767 2089 1818 de
2138 1765 2560 1822 immanissimis
2601 1768 2766 1820 etiam
2817 1769 3106 1824 tormentis
3149 1770 3347 1824 trium-

1754 1858 1960 1927 phavit.
2038 1857 2301 1914 Oraveral.
2363 1859 2534 1914 Deum
2591 1860 2780 1931 virgo,
2841 1876 2966 1916 cum
3025 1862 3192 1916 miles
3249 1863 3348 1916 de-

1755 1950 1988 2005 collandi
2050 1950 2246 2006 artifex
2311 1951 2589 2020 πάναιγνον
2655 1952 2900 2024 κεφαλὴν
2967 1962 3348 2024 amputaturus

1754 2053 1923 2104 esset,
1953 2058 2019 2097 ne
2052 2059 2254 2114 corpus
2287 2044 2407 2113 ejus
2444 2052 2781 2114 spectaretur
2811 2054 2934 2116 post
2960 2058 3213 2111 mortem,
3251 2063 3349 2102 seu

1757 2135 2079 2199 nudaretur,
2129 2147 2185 2192 ct
2237 2135 2604 2205 exponeretur
2654 2138 2894 2193 ludibrio
2937 2140 3253 2210 gentilium,
3295 2147 3352 2196 et

1759 2226 1922 2280 simul
1949 2242 2013 2282 ac
2044 2227 2220 2294 miles,
2262 2229 2407 2298 quod
2444 2228 2661 2298 jussum
2702 2229 2901 2294 fuerat.
2932 2240 3222 2286 exsecutus
3244 2245 3346 2293 est,

1760 2332 1868 2372 non
1906 2320 2082 2374 solum
2113 2320 2423 2390 purissimis
2458 2321 2608 2375 venis
2637 2331 2734 2389 pro
2774 2323 3042 2392 sanguine
3074 2323 3158 2378 lac
3195 2323 3353 2379 efﬂu-

1761 2411 1860 2476 xit,
1902 2412 1995 2468 sed
2032 2429 2231 2483 corpus
2288 2414 2409 2484 ejus
2454 2415 2514 2480 ἐξ
2567 2416 2736 2487 αὐτῆς
2781 2417 2878 2487 τῆς
2921 2416 3071 2488 ὥρας
3112 2418 3216 2483 ἕως
3258 2418 3353 2475 νῦν

1760 2505 2029 2575 διέμεινεν
2059 2505 2291 2562 ἀθέατον
2316 2506 2542 2562 ἅπασιν.
2578 2509 2836 2576 Ἄγγελοι
2872 2509 2983 2579 γὰρ
3015 2510 3351 2581 ἀποτμηθεί-

1762 2615 1864 2668 σης
1878 2598 2049 2669 αὐτῆς
2074 2598 2256 2653 νεύσει
2274 2600 2599 2654 κατάπαντα
2622 2602 2756 2654 Θεοῦ
2788 2601 2862 2664 ὡς
2879 2602 3016 2672 πρὸς
3045 2603 3105 2656 τὺ
3136 2603 3262 2674 ὅρος
3289 2605 3354 2658 τὸ

1759 2691 1919 2748 ’Σιναῖ
1949 2691 2112 2745 τοῦτο
2142 2691 2607 2763 μετακομίζοντες
2630 2693 2916 2763 ὤφθησαν,
2982 2703 3041 2748 ut
3071 2694 3266 2763 legitur
3296 2695 3351 2749 in

1763 2785 1953 2840 codice
1980 2801 2080 2839 ms.
2112 2784 2456 2840 bibliothecae
2487 2783 2880 2850 Vallicellanze,
2913 2801 3038 2856 pag.
3071 2781 3162 2853 76,
3195 2803 3350 2844 num.

1765 2877 1852 2940 54,
1880 2876 1930 2930 id
1963 2886 2067 2939 est,
2107 2876 2313 2932 Exinde
2340 2877 2409 2932 ad
2450 2877 2547 2930 hoc
2589 2893 2750 2948 usque
2777 2880 3024 2946 temporis
3065 2881 3354 2948 permansit

1764 2968 2030 3024 invisibile
2052 2971 2312 3034 omnibus,
2349 2969 2522 3039 angeli
2549 2986 2794 3040 namque,
2819 2971 2909 3025 ubi
2928 2973 3098 3041 capite
3125 2974 3357 3028 multata

1769 3061 1890 3130 fuit,
1916 3071 2048 3114 nutu
2077 3061 2411 3121 o—mninoDei
2441 3061 2509 3114 ad
2548 3069 2775 3115 montem
2804 3061 2954 3116 Sinai
2988 3071 3358 3133 transportan-

1771 3164 1866 3221 tes,
1908 3155 2002 3210 visi
2031 3166 2175 3209 sunt.
2231 3153 2343 3212 Nec
2407 3155 2625 3224 ambigo
2672 3153 2841 3210 fuisse
2889 3156 3144 3212 custodes
3211 3157 3357 3211 illius

1771 3250 1970 3317 probos
1997 3250 2378 3313 anachoretas,
2403 3247 2498 3318 qui
2521 3249 2860 3303 domicilium
2896 3249 2968 3303 ibi
3004 3249 3263 3318 ﬁxerant;
3291 3267 3359 3306 ex

1770 3357 1880 3411 quo
1899 3343 2044 3396 enim
2075 3341 2386 3396 Christiana
2411 3342 2603 3411 religio
2626 3342 2808 3410 coepit,
2837 3342 2910 3411 pii
2935 3341 3118 3396 fideles
3136 3343 3357 3412 quidam

1771 3435 2011 3498 fuerunt,
2048 3436 2106 3486 ὲν
2153 3434 2412 3503 ἐρημίαις
2463 3433 2832 3503 πλανώμενοι,
2885 3434 2980 3487 καὶ
3025 3435 3217 3504 ὄρεσι,
3263 3437 3360 3488 καὶ
3419 3504 3430 3510 ,

1773 3525 2082 3595 σπηλαίοις,
2104 3524 2198 3578 καὶ
2223 3527 2345 3587 ταῖς
2367 3525 2528 3584 ὀπαῖς
2548 3525 2651 3594 τῆς
2673 3525 2798 3594 γῆς,
2825 3535 2886 3580 ut
2914 3526 3104 3581 scribit
3135 3535 3359 3582 sanctus

1773 3617 1976 3673 Paulus
2009 3618 2077 3672 ad
2102 3617 2264 3672 Hebr.
2297 3633 2418 3687 cap.
2447 3633 2527 3680 xi,
2559 3616 2654 3682 -58,
2680 3618 2852 3673 idest.
2883 3617 2949 3672 In
2980 3618 3358 3674 solitudinibus

1774 3718 2030 3774 errantes,
2052 3719 2100 3764 et
2133 3709 2417 3773 montibus,
2445 3721 2499 3763 et
2523 3710 2809 3779 speluncis,
2835 3719 2889 3764 et
2905 3713 3144 3766 cavernis
3171 3720 3360 3777 terras,

1775 3809 1836 3856 ut
1862 3800 2118 3856 adnotavi
2149 3801 2420 3867 superius.
2453 3799 2612 3854 Certe
2661 3800 2962 3869 imperante
2989 3799 3322 3855 Diocletiano
3342 3842 3360 3866 ,

1775 3903 1830 3948 et
1858 3892 2020 3948 Petro
2046 3892 2468 3947 Alexandrinam
2501 3891 2798 3946 Ecclesiam
2826 3899 3065 3960 regente,
3090 3890 3363 3963 ἀνῃρέθη-

1780 4003 1878 4040 σαν
1904 3985 2269 4056 ἡσυχάζοντες
2289 3986 2348 4037 ὲν
2371 3984 2451 4053 τῷ
2479 3983 2596 4056 ὄρει
2627 3983 2760 4054 Σινᾷ
2806 3981 2874 4051 (Ε
2901 3983 3107 4038 Memno
3139 3983 3360 4037 Graeco-

1778 4093 1900 4132 rum
1936 4079 2004 4130 M
2025 4076 2298 4148 Januarii)
2343 4076 2466 4131 cassi
2499 4086 2627 4130 sunt
2657 4075 2889 4129 solitarii
2932 4075 3096 4129 vitam
3141 4085 3362 4146 agentes

1783 4169 2127 4238 tranquillam
2151 4169 2204 4221 in
2231 4178 2414 4223 monte
2456 4168 2606 4221 Sinai
2640 4183 2669 4220 a
2695 4166 2971 4222 Barbaris.
2998 4165 3246 4236 Cumque
3270 4166 3358 4219 Ni-

1781 4261 1864 4314 lus
1900 4268 1953 4314 et
1986 4257 2296 4315 Tlieodulus
2319 4269 2557 4313 montem
2597 4259 2747 4312 illum
2775 4259 3141 4313 venerandum
3174 4274 3364 4312 ascen-

1781 4354 1993 4415 derent,
2040 4352 2276 4405 arbitror
2319 4351 2620 4404 monachos
2684 4349 2819 4418 ipsis
2856 4349 3048 4403 obvios
3085 4350 3364 4418 excepisse

83 4465 313 4520 nempe,
351 4451 404 4504 in
437 4465 546 4518 quo
575 4457 658 4503 est
700 4463 862 4503 mons
902 4447 1008 4511 ille,
1054 4447 1360 4517 propinqua
1383 4457 1466 4500 est
1508 4445 1671 4499 Jeru-
1708 4461 1748 4512 ι)
1782 4446 2037 4502 benevole
2071 4447 2283 4508 ambos,
2323 4453 2377 4498 et
2407 4444 2459 4497 in
2504 4445 2844 4498 consortium
2876 4459 3090 4497 sacrum
3130 4443 3364 4497 libenter

84 4544 290 4608 salem,
321 4541 603 4610 interjacet
640 4553 878 4610 namque
924 4538 1179 4599 Idumam.
1235 4552 1354 4607 quae
1387 4547 1496 4591 tota
1525 4553 1677 4589 mou-

93 4649 221 4688 tosa
271 4642 373 4698 est,
419 4644 474 4688 et
511 4635 771 4688 continua
827 4630 941 4686 fere
1013 4631 1278 4685 montium
1334 4631 1475 4685 serie
1529 4629 1678 4682 Sinai

90 4727 450 4797 conjungitur
494 4725 824 4788 Jerusalem,
862 4739 892 4778 e
946 4722 1285 4784 Borchartlo,
1322 4723 1680 4776 Adrichomio

95 4829 158 4873 et
187 4817 448 4888 Zieglero,
480 4833 575 4888 per
608 4824 865 4870 montana
905 4831 1126 4885 quoque
1154 4815 1353 4870 Judaaaa
1386 4831 1560 4884 usque
1615 4815 1680 4868 ad

98 4919 341 4969 montes.
392 4910 487 4979 qui
520 4918 648 4964 sunt
674 4910 728 4963 in
774 4909 1006 4964 circuitu
1036 4907 1354 4970 Jerusalem,
1386 4909 1544 4976 juxta
1589 4925 1685 4961 va-

104 5014 230 5066 tem,
273 5002 499 5072 regium,
546 5003 684 5070 psal.
713 5015 874 5056 cxxw
909 5018 924 5067 ;
959 5002 1041 5054 vel
1071 5009 1213 5056 recta
1271 5002 1686 5056 continuatione

107 5095 321 5150 itineris
387 5095 751 5149 Israelitarum
814 5109 911 5164 per
967 5091 1140 5157 Sinai,
1213 5094 1357 5162 quod
1414 5103 1687 5161 anteaper

110 5187 294 5240 varios
371 5185 649 5240 anfractus
717 5187 974 5254 viarum,
1025 5199 1080 5242 et
1141 5187 1491 5240 mansionum
1564 5186 1688 5239 ha-

112 5276 392 5344 buerunt;
435 5294 558 5349 quas
613 5279 881 5332 sententia
934 5287 1019 5333 est
1069 5279 1240 5332 sancti
1268 5276 1493 5331 Thomm
1517 5277 1687 5346 Aqui-

113 5375 290 5437 natis;
332 5378 427 5424 aut
468 5371 844 5439 similitudine,
909 5372 1024 5426 sive
1088 5375 1430 5442 cognatione,
1482 5385 1686 5439 quein-

113 5465 404 5519 admndum
462 5465 689 5534 exponit
764 5481 795 5520 e
864 5463 1271 5533 'I‘heophylacto
1347 5472 1401 5517 et
1461 5461 1689 5515 \‘atablo

114 5556 406 5611 Cornelius
470 5572 500 5609 a
564 5556 783 5625 Lapide.
859 5557 1108 5624 Cumque
1165 5556 1238 5609 ibi
1311 5554 1690 5624 pervenissent

115 5660 173 5700 ιιι
250 5645 343 5698 illo
411 5647 674 5714 przecelso
749 5648 989 5702 culmine
1077 5646 1407 5708 constituti,
1494 5645 1690 5698 vesti-

113 5735 220 5805 giis
290 5734 618 5790 inhaerentes
677 5737 856 5792 sancti
931 5736 1108 5800 Pauli,
1177 5748 1230 5793 ct
1290 5754 1412 5793 eum
1469 5737 1686 5804 imitati,

410 5853 679 5916 PATROL.
716 5855 832 5914 (in.
859 5855 1147 5915 LXXIX.

1785 4535 2116 4592 ascivisse.0
2135 4535 2228 4605 qui
2251 4535 2568 4604 complexus
2589 4532 2662 4587 lO
2679 4543 2883 4603 quanta
2900 4533 3095 4603 gaudia
3114 4531 3361 4589 fuerunt!

1786 4630 1844 4684 In
1871 4630 2271 4700 Upusculorum
2291 4628 2494 4691 Indice,
2517 4628 2877 4683 Observabam
2905 4626 3087 4680 varios
3117 4627 3363 4693 ordines,

1787 4735 1882 4774 seu
1921 4719 2121 4791 gradus
2148 4722 2563 4785 monachorum,
2598 4719 2874 4789 primum:
2918 4717 3285 4789 Ἐγκρατέων,
3313 4719 3368 4774 id

1786 4819 1894 4876 est,
1925 4812 2019 4880 qui
2049 4810 2444 4864 continentiam
2461 4821 2762 4873 servantes,
2797 4811 2881 4865 vel
2925 4811 3367 4880 Ἑγκρατευομέ-

1788 4905 1976 4964 νων,ἰ‹1
1989 4914 2092 4968 est,
2112 4911 2473 4972 temperantes
2488 4900 2848 4956 erant.Variis
2859 4910 3039 4957 autem
3057 4902 3372 4957 nominibus

1790 4999 2224 5068 appellabantur,
2268 4995 2569 5050 secundum
2605 4995 2752 5049 varia
2801 4996 3076 5050 exercitia.
3137 4993 3372 5060 Quidam

1790 5092 2095 5155 ccenobitae,
2130 5105 2223 5143 seu
2251 5089 2532 5159 synoditae,
2565 5088 2658 5140 alii
2703 5088 3066 5151 anachoretaa,
3095 5089 3336 5142 eremita:
3356 5125 3370 5150 ,

1791 5184 1987 5255 stylitze
2013 5221 2028 5246 ,
2062 5182 2112 5236 id
2151 5190 2254 5246 est,
2316 5180 2642 5234 columnarii
2668 5220 2684 5242 ,
2740 5183 2991 5247 κιονίται,
3037 5180 3369 5247 ἑγκλειστοι,

1791 5277 2011 5343 reclusi,
2079 5275 2516 5347 κουϐουκλήσιοι,
2566 5274 2836 5339 solitarii,
2901 5273 3203 5333 vacantivi,
3239 5273 3372 5326 Θεο-

1793 5368 1988 5434 φιλεῖς,
2040 5382 2150 5435 quo
2195 5366 2412 5419 nomine
2462 5364 2765 5418 Christiani
2798 5365 3028 5436 primum
3073 5363 3370 5418 universim

1791 5461 2152 5525 vocabantur,
2182 5469 2294 5514 tum
2329 5459 2580 5537 monachi
2611 5459 2912 5524 speciatim,
2962 5456 3157 5509 Ἰκέται
3207 5471 3376 5510 oran-

1795 5567 1896 5612 tes.
1933 5553 2296 5623 θεραπευταί,
2343 5553 2396 5607 id
2453 5561 2555 5617 est,
2603 5551 2833 5614 famuli,
2865 5560 3029 5619 atque
3067 5551 3206 5604 servi
3247 5549 3375 5615 Dei,

1793 5649 2083 5716 Λαυρῖται,
2139 5647 2187 5700 id
2220 5655 2322 5710 est,
2354 5645 2610 5698 cellarum
2645 5637 2858 5702 incblre,
2886 5640 3076 5703 nonni,
3110 5641 3372 5709 religiosi,

1794 5740 2275 5811 philosOphantes,
2324 5744 2519 5806 przeter
2559 5748 2860 5804 gyrovagos
2921 5742 2976 5787 ct
3014 5734 3376 5802 circellioncs,

3067 5844 3142 5906 44
