3852 6052
541 247 641 312 387

1210 245 1358 306 JOS.
1397 243 1660 304 MARIJE
1695 240 2051 302 SUARESII
2091 242 2321 302 LIBER
2367 246 3002 313 CHRONOLOGICUS

3643 253 3772 318 19³ξὲ

503 364 594 432 qui
619 358 800 430 potius
841 373 1066 414 errones
1095 367 1290 424 erant;
1344 357 1617 412 secumlus
1638 355 1772 408 ordo
1795 361 1910 406 erat
1937 367 2082 408 asce-
2113 359 2156 412 Α
2191 354 2376 411 laudes
2411 359 2628 428 quidem
2659 359 2907 418 ﬂorentia
2945 365 3186 418 excitant
3221 364 3466 433 ingenia,
3511 377 3570 420 et
3601 367 3768 420 vim;

499 451 820 510 tarum'non
867 451 1162 522 generatim
1199 459 1535 520 sumptorum
1557 490 1572 513 ,
1609 447 1704 502 sed
1740 446 1976 516 pl'oprie,
2010 461 2073 498 ac

501 545 780 616 pressim,
848 544 940 614 qui
1005 543 1074 597 ad
1158 553 1348 595 nulum
1410 539 1663 593 abbatum
1733 545 1786 590 et
1841 535 2076 605 ἡγουμέ-

500 655 606 691 νων
631 636 877 708 jejuniis,
937 635 1280 689 orationibus
1327 641 1379 686 et
1408 628 1845 684 meditationibus
1874 643 2076 682 vacan-

501 737 582 782 tes
616 727 1023 789 exercebantur,
1063 733 1116 778 et
1143 721 1436 776 Sarabaita:
1459 719 1620 773 etiam
1651 717 2078 772 denominaban-

502 828 628 884 tur;
685 818 876 874 tertius
934 815 1307 884 μοναζόντων,
1369 809 1461 878 qui
1511 808 1734 878 propius
1767 807 1932 878 660
1988 821 2078 859 ac-

501 909 764 962 cedebant
795 909 859 962 ad
886 905 1292 964 monachatum,
1318 911 1370 954 et
1397 908 1600 954 vestem
1629 896 1924 950 induebant
1947 895 2076 949 reli—

503 1001 994 1069 giosam;quartus
1036 995 1450 1058 monachorum,
1486 991 1578 1061 qui
1603 989 1904 1044 monastico
1938 987 2076 1042 ami-

503 1093 784 1145 ciebantur
815 1089 1020 1153 habitu,
1049 1097 1102 1142 et
1140 1084 1579 1144 attondebantur,
1605 1097 1778 1150 neque
1792 1080 2078 1135 continen-

501 1185 634 1236 tiam
691 1191 937 1246 tantum,
994 1177 1088 1232 sed
1145 1184 1563 1246 paupertatem,
1627 1179 1681 1226 et
1706 1171 2075 1225 obedientiam

505 1275 878 1332 custodiebant
923 1269 1278 1324 adamussim.
1333 1268 1391 1321 ln
1449 1265 1678 1334 singulis
1727 1273 1906 1316 autem
1953 1261 2075 1316 istis

501 1369 758 1440 gradibus
808 1372 954 1419 certa
1007 1371 1312 1430 temporum
1361 1357 1663 1428 praestituta
1705 1365 1865 1409 erant
1906 1355 2074 1407 inter-

499 1459 660 1520 valla,
685 1463 742 1508 ut
775 1451 1154 1513 animadverti,
1180 1465 1233 1519 p.
1262 1448 1384 1502 601.
1425 1446 1498 1500 Ea
1525 1460 1652 1500 vero
1686 1444 2077 1498 contraheban-

500 1545 588 1604 ιῖιι·
613 1546 923 1608 interdum;
987 1557 1111 1596 nam
1153 1539 1415 1594 Joannem
1468 1537 1768 1591 Climacum
1797 1535 1876 1588 ab
1911 1550 2072 1602 opere

499 1643 701 1696 dictum
756 1637 1053 1698 Scalarem,
1084 1643 1137 1688 et
1193 1649 1220 1686 a
1264 1646 1488 1686 munere
1548 1629 1958 1693 scholasticum,
2013 1630 2068 1682 in

501 1731 826 1784 monachum
853 1727 1019 1780 fuisse
1037 1733 1329 1794 receptum,
1357 1731 1408 1775 et
1435 1731 1730 1782 attonsum,
1759 1719 2068 1788 amictuque

500 1821 804 1876 monastico
861 1818 1116 1870 donatum
1160 1813 1398 1882 comperi
1450 1811 1568 1881 ejus
1608 1811 1662 1863 in
1714 1808 1858 1873 Vita,
1910 1825 2072 1879 quam

507 1913 691 1966 Daniel
755 1909 1012 1963 Raithuni
1071 1907 1307 1962 cmnobii
1367 1904 1670 1957 monachus
1724 1903 2073 1970 conscripsit,

503 2015 736 2075 quatuor
762 2017 935 2056 annos
973 2015 1095 2053 cum
1121 1997 1394 2068 posuisset
1420 1995 1474 2048 in
1503 1995 1776 2058 tirocinio,
1810 2003 1864 2047 et
1903 1993 2075 2048 Isido-

505 2113 622 2151 rnm
669 2093 1090 2148 Alexandrinum
1137 2105 1258 2145 cum
1291 2098 1495 2157 septem
1529 2087 1797 2156 exegisset
1843 2087 1893 2140 in
1947 2085 2076 2142 Bai-

501 2189 675 2240 tbuno
707 2182 976 2238 ccenobio.
1012 2179 1190 2234 Nilum
1227 2193 1322 2248 ego
1352 2185 1404 2232 et
1449 2177 1788 2231 'l‘heodulum
1829 2190 1935 2228 non
1983 2175 2078 2228 ob-

505 2293 752 2334 servasse
801 2275 1069 2346 graduum
1141 2273 1368 2325 istorum
1423 2269 1734 2324 discrimina
1797 2267 2074 2338 suspicor,

503 2370 871 2423 rontinentem
905 2365 1102 2435 quippe
1138 2362 1325 2427 fuisse,
1354 2375 1480 2416 cum
1505 2369 1688 2429 ageret
1722 2359 1900 2414 adhuc
1929 2358 2076 2413 Con-

503 2456 857 2526 stantinopoli
903 2470 966 2510 ex
1011 2467 1280 2508 consensu
1308 2449 1555 2519 conjugis
1593 2449 1774 2503 Nilum
1799 2489 1814 2512 ,
1849 2450 1992 2502 sicut
2025 2457 2079 2503 et

505 2550 842 2606 Theodulum
883 2545 1228 2602 continentia:
1257 2541 1576 2596 innutritum
1602 2540 1904 2595 adolevisse
1930 2540 2078 2594 arbi-

501 2655 636 2708 tror,
656 2641 1056 2708 asceticamque
1073 2639 1236 2691 vitam
1260 2645 1548 2704 utrumque
1565 2635 1894 2704 professum,
1921 2637 2080 2706 μονάς

496 2737 690 2801 ,ζοντας
721 2735 885 2804 igitur
911 2733 1046 2785 istos
1077 2738 1314 2782 montem
1349 2727 1414 2780 ad
1454 2727 1629 2790 Sinai,
1663 2727 1809 2781 velut
1846 2727 1913 2781 ad
1951 2742 2078 2795 por-

503 2839 620 2880 tum
652 2824 846 2894 quietis
878 2819 1151 2890 appulisse
1183 2817 1316 2871 mihi
1363 2831 1688 2886 persuasum
1723 2823 1827 2882 est,
1859 2831 1926 2870 eo
1959 2817 2078 2887 ipso

497 2933 644 2973 anim
678 2916 780 2970 405
807 2914 866 2968 C.
913 2911 1000 2976 N.,
1025 2927 1054 2966 e
1087 2907 1544 2965 sollicitudinibus
1579 2907 1807 2963 terrenis
1852 2907 1907 2961 in
1946 2909 2078 2963 soli-

505 3013 738 3076 tudines,
769 3021 872 3065 ete
919 3007 1068 3062 sellis
1103 3004 1455 3076 praefectoriis
1486 3005 1538 3058 in
1573 3005 1740 3057 cellas
1773 3004 2077 3058 eremiticas

505 3103 788 3174 migrando
820 3119 834 3154 :
864 3113 984 3154 cum
1009 3097 1098 3151 alii
1131 3096 1372 3167 Byzantii
1398 3110 1516 3150 sese
1545 3094 1596 3148 in
1625 3109 1829 3147 oceano
1862 3094 2079 3149 delicia-

503 3213 625 3250 rum
686 3203 740 3247 et
769 3193 1103 3259 voluptatum
1137 3187 1519 3254 volutantqilli
1551 3185 1864 3239 coelestibus
1908 3187 2078 3240 medi-

505 3285 803 3340 tationibus
837 3282 962 3336 elati
999 3281 1222 3334 volitant
1255 3279 1320 3332 ad
1373 3276 1718 3347 paradisum;
1773 3276 1900 3330 dum
1940 3277 2078 3333 alios

505 3377 695 3432 molles
719 3375 840 3431 lecti
883 3373 1226 3428 lascivientes
1274 3369 1607 3431 obvolvunt,
1639 3367 1759 3420 illos
1793 3382 2074 3422 sacrorum

495 3473 764 3526 librorum
789 3469 946 3522 lectio
969 3464 1272 3526 detinebat,
1299 3476 1398 3516 nec
1417 3461 1484 3516 ad
1503 3459 1835 3528 episcopales
1854 3460 2076 3514 thronos

503 3563 630 3618 inde
667 3578 724 3616 se
757 3561 870 3629 rapi
903 3559 1270 3628 patiebantur,
1302 3553 1392 3610 sed
1453 3553 1644 3606 rastris
1673 3559 1727 3605 et
1755 3551 1984 3605 sarculis
2021 3551 2076 3604 in

504 3652 814 3710 excolendis
847 3649 1076 3704 hortulis
1108 3656 1308 3701 terram
1340 3657 1622 3698 arenosam
1659 3641 1995 3704 effodientes,
2025 3651 2078 3696 et

507 3753 684 3800 rostra
723 3741 1083 3810 despicientes
1102 3733 1345 3790 victricis
1367 3733 1565 3803 linguae
1593 3731 1863 3801 opulentis
1892 3747 2078 3800 perso—

505 3835 686 3891 nantia
716 3831 1065 3894 dictionibus,
1090 3834 1342 3894 astraque
1370 3819 2074 3892 aspicientes,Conditorem

502 3937 694 3978 eorum
723 3917 1073 3975 dilaudabant
1105 3911 1447 3983 psalmodiis,
1497 3910 1716 3981 hymnis
1774 3917 1832 3964 et.
1871 3910 2076 3962 oratio-

505 4016 700 4072 nibus,
736 4012 802 4065 de
838 4009 1038 4079 quibus
1072 4015 1180 4059 tam
1219 4003 1402 4058 utilem
1435 4011 1726 4056 tractatum
1769 4001 2078 4070 composuit

505 4102 680 4156 Nilus.
704 4098 816 4154 Nec.
831 4098 974 4152 enim
995 4095 1278 4159 vilitatem,
1297 4091 1728 4161 etasperitatem,
1749 4105 1812 4146 ac
1839 4091 2076 4144 illuviem

509 4193 760 4255 vestium,
794 4189 1089 4244 nuditatem
1129 4187 1344 4256 pedum,
1380 4200 1486 4255 qua
1515 4183 1908 4237 tetnulabantur
1934 4183 2080 4252 Any-

509 4287 742 4354 poditas,
784 4281 834 4335 id
861 4289 964 4347 est,
989 4279 1342 4334 Excalceatos
1374 4275 1844 4344 Constantinopoli
1877 4274 2079 4344 degen-

505 4387 592 4430 tes
615 4377 667 4428 in
699 4372 1034 4427 monasterio
1055 4368 1236 4423 Sancti
1261 4367 1554 4430 Thalassii,
1582 4368 1738 4436 cujus
1762 4367 2074 4420 archimth
2111 4398 2152 4451 υ

507 4468 678 4522 drites
730 4466 1009 4536 presbyter
1075 4461 1342 4531 Diogenes
1392 4459 1720 4527 subscripsit
1771 4457 1952 4516 libello
2009 4458 2078 4511 ad

507 4558 768 4613 Joannem
803 4555 1185 4625 patriarcltam,
1219 4561 1325 4607 act.
1357 4569 1373 4605 ι
1405 4551 1603 4606 concil.
1631 4565 1684 4613 ν,
1717 4567 1766 4618 p.
1807 4551 1898 4612 ‘20,
1926 4551 2080 4602 obla-

509 4659 598 4716 to;
635 4649 867 4717 vigilias,
924 4646 1123 4715 quibus
1171 4645 1576 4698 Accemetenses
1614 4640 2083 4710 Constantinopoli

509 4753 729 4810 quoque
741 4737 1076 4790 diversantes
1093 4733 1512 4800 exsuperabant,
1533 4731 1779 4799 eloquar,
1803 4731 1996 4792 luctus,
2017 4730 2086 4781 la-

511 4845 744 4900 crymas,
761 4828 1014 4898 suspiria,
1033 4827 1296 4896 planctus,
1313 4833 1366 4878 et
1381 4823 1610 4890 ﬂagella,
1629 4821 2088 4890 quibusﬁnwma’t-

511 4926 662 4986 ζεται
691 4918 848 4988 σῶμα.
879 4921 974 4970 καὶ
995 4915 1441 4981 δουλαγωγεῖται,
1469 4913 1544 4965 uti
1573 4909 1775 4994 Paulus
1809 4909 1976 4964 lCor.
2006 4925 2084 4975 ut,

510 5015 602 5078 27,
638 5014 686 5066 id
713 5021 813 5078 est,
845 5011 1064 5064 lividum
1086 5009 1144 5075 ﬁt
1177 5023 1366 5076 corpus
1395 5015 1444 5058 et
1473 5007 1526 5058 in
1555 5007 1856 5058 servitutem
1888 5004 2085 5073 redigi-
2141 5059 2148 5064 _

395 5133 399 5137 ’
453 5145 462 5148 -
511 5119 618 5168 tur,
662 5105 1020 5167 chamaeunia,
1059 5105 1109 5156 id
1139 5113 1243 5166 est,
1293 5100 1578 5154 decubitus
1627 5097 1798 5160 humi,
1846 5093 2086 5165 genuﬂe-

513 5200 742 5264 xiones;
779 5196 1138 5267 γονυκλίσεις,
1191 5193 1496 5264 μετανοίας,
1538 5205 1632 5245 seu
1670 5189 2085 5258 prostrationes,

513 5306 579 5345 ac
600 5290 835 5360 denique
881 5288 1118 5352 silentia,
1171 5295 1226 5340 et
1266 5284 1495 5354 jejun-ia,
1543 5280 1926 5349 xerophagias,
1973 5281 2090 5334 sive

513 5382 698 5436 aridas
774 5395 930 5434 escas
982 5389 1149 5448 atque
1208 5377 1459 5431 siccatas.
1537 5374 1766 5439 Quando
1823 5372 1943 5440 .ipse
1995 5371 2089 5424 Ni-

517 5472 602 5527 lus
641 5474 846 5536 tacuit,
884 5487 984 5541 ego
1039 5485 1264 5540 quoque
1307 5465 1613 5536 prtetcribo.
1671 5463 1944 5533 ’Λνεμὼνη
1989 5461 2088 5516 ﬂos

519 5571 605 5616 est
635 5563 725 5630 qui
767 5571 924 5616 vento
968 5561 1225 5630 aperitur,
1259 5557 1400 5626 apud
1425 5554 1828 5620 Dioscoridem;
1864 5554 2085 5624 symbo-

523 5649 633 5704 lum
662 5664 782 5704 esse
808 5649 1061 5703 vanitatis
1111 5647 1380 5700 Lucianus
1421 5657 1542 5696 eum
1575 5641 1760 5696 florem
1801 5642 2036 5694 aftirtuat
2066 5657 2081 5690 :

2185 457 2398 512 laudata
2431 459 2648 522 crescit,
2681 459 2960 528 gloriaque
2989 458 3144 512 habet
3181 457 3524 512 immensum
3559 461 3772 518 calcar.

2181 558 2241 602 ut
2265 549 2354 602 ille
2383 550 2603 616 cecinit,
2631 565 2732 606 nec
2755 549 2862 604 ulla
2887 558 2970 603 est
2999 556 3150 602 tanta
3173 548 3492 612 humilitas,
3515 564 3648 617 qua
3673 565 3772 602 non

2181 650 2435 713 tangatur
2487 641 2672 712 gloriae
2727 641 3034 704 dulcedine,
3079 641 3236 710 juxta
3283 639 3580 694 Valerium
3637 639 3772 694 Has.

2179 733 2278 786 lib.
2337 746 2459 796 vut,
2528 745 2650 799 cap.
2705 730 2792 785 14.
2837 729 3224 786 Themistoclis
3271 728 3512 784 auribus
3565 729 3772 781 nullum

2178 847 2429 888 acroama
2477 828 2733 891 libentius
2775 825 3166 890 excipiebatur,
3211 839 3374 894 quam
3443 821 3614 886 illud,
3673 837 3776 888 quo

2179 921 2326 976 illius
2364 918 2772 974 celebrabantur
2811 903 3024 984 egregia
3069 912 3336 967 facinora.
3363 911 3628 966 Joannes
3667 911 3776 980 ipse

2177 1011 2318 1066 XXII
2353 1025 2488 1080 papa
2509 1008 2692 1063 fassus
2719 1015 2804 1062 est
2837 1021 2898 1060 se
2923 1004 3222 1068 blanditiis,
3243 1004 3412 1074 661
3448 1017 3602 1070 quas
3629 1015 3776 1054 aver-

2178 1105 2421 1166 sabatur,
2461 1100 2817 1156 nihilominus
2849 1095 3170 1160 demulceri,
3202 1104 3256 1150 et
3289 1093 3586 1148 interdum
3625 1092 3770 1161 capi;

2177 1201 2375 1270 sapius
2404 1197 2507 1252 illa:
2539 1194 2768 1263 repulsae
2800 1189 3012 1246 tandem
3041 1202 3110 1242 ex
3129 1186 3338 1240 Seneca
3369 1185 3564 1238 solent
3593 1182 3772 1234 admit-

2178 1298 2238 1352 ti.
2285 1286 2716 1360 Ἐξανεμοῦσθαι
2763 1293 2943 1337 tamen
2973 1281 3228 1336 dicuntur
3279 1284 3528 1348 segetes.
3565 1275 3770 1328 eventi-

2173 1387 2276 1442 lari
2319 1383 2563 1444 scilicet,
2596 1393 2660 1432 ac
2688 1373 2986 1438 exsuﬂlari,
3019 1371 3268 1424 daemone
3291 1367 3532 1422 inﬂante
3561 1384 3578 1419 :
3613 1366 3772 1418 nimio

2174 1478 2376 1536 etenim
2409 1483 2688 1528 ventorum
2723 1467 2856 1521 ﬂatu
2878 1472 3231 1525 evacuantur,
3265 1468 3322 1516 et
3345 1459 3768 1519 exinaniantur,

2175 1570 2448 1644 praecipue
2493 1565 2622 1619 dum
2667 1563 3066 1618 maturescunt,
3101 1553 3246 1624 apud
3279 1551 3766 1620 Theophrastum;

2175 1643 2249 1719 ita
2279 1661 2444 1718 nimia
2468 1655 2736 1728 praeconia
2767 1651 3027 1706 clariores
3055 1647 3268 1702 animos
3293 1643 3546 1706 nudant,
3571 1652 3628 1695 et
3659 1658 3770 1708 spo-

2175 1756 2308 1810 liant
2360 1751 2618 1806 virtutum
2671 1743 2958 1798 fructibus.
3009 1738 3274 1810 Vergunt,
3319 1745 3376 1790 et
3429 1737 3768 1805 propendent

2176 1831 2447 1920 pleniores
2476 1841 2654 1897 arista:
2693 1838 2759 1892 ad
2787 1837 3037 1897 humum,
3063 1832 3138 1886 ita
3167 1830 3260 1901 qui
3299 1829 3514 1884 virtute
3533 1835 3668 1881 sunt
3695 1827 3770 1878 in-

2176 1917 2382 2010 signes,
2427 1933 2744 1990 humiliores
2783 1928 3051 1991 evadunt;
3085 1923 3283 1978 hirudo
3311 1921 3534 1992 quippe
3581 1917 3768 1970 Joznai

2175 2033 2417 2088 Clitnaco
2439 2034 2522 2082 est
2542 2039 2684 2098 vana
2715 2020 2903 2092 gloria,
2941 2029 2994 2072 et
3023 2033 3053 2072 a
3091 2015 3297 2072 Graecis
3333 2013 3488 2068 inter
3521 2011 3768 2079 capitalia

2178 2127 2307 2180 vitia
2367 2129 2706 2180 recensetur,
2759 2124 2818 2170 ut
2867 2113 2979 2182 jam
3034 2109 3292 2180 praefatus
3339 2121 3496 2168 sum,
3555 2113 3616 2157 et

2178 2226 2399 2274 sanctus
2451 2213 2626 2278 Nilus,
2671 2225 2726 2280 p.
2765 2207 2868 2272 36,
2907 2211 3113 2258 narrat.
3165 2202 3222 2264 5,
3277 2198 3346 2254 ab
3375 2213 3446 2252 ea
3489 2195 3766 2262 corrumpi

2175 2321 2323 2366 recte
2353 2309 2520 2374 facta,
2550 2315 2845 2370 veramque
2889 2297 3114 2367 gloriam
3152 2293 3276 2348 fuse
3305 2289 3512 2345 tradit.
3541 2289 3762 2356 Prom-io

2176 2401 2478 2477 praesertim
2518 2395 2782 2454 sordescit
2817 2393 2938 2445 laus
2973 2389 3026 2442 in
3058 2402 3186 2451 ore;
3217 2383 3364 2438 unde
3413 2389 3654 2436 sanctus
3681 2379 3766 2448 Cy-

2177 2473 2403 2571 prianus
2441 2493 2507 2546 ad
2541 2493 2808 2544 Donatum
2840 2483 3030 2540 scribit
3087 2479 3336 2533 odiosam
3373 2490 3506 2530 esse
3549 2473 3608 2526 in
3659 2489 3768 2540 pm-

2177 2567 2325 2664 prias
2355 2587 2542 2643 laudes
2565 2581 2949 2654 jactationem;
2976 2585 3032 2630 et
3057 2573 3268 2626 Plinius
3297 2568 3524 2640 jnnior,
3571 2567 3670 2618 lib.
3713 2579 3766 2622 ιι,

2178 2659 2338 2754 epist.
2369 2681 2422 2745 9,
2454 2677 2602 2749 quod
2631 2673 2978 2743 magnificum
3009 2665 3274 2722 referente
3309 2663 3422 2718 alio
3457 2661 3630 2723 foret,
3661 2659 3768 2726 ipso

2179 2753 2272 2846 qui
2305 2772 2472 2844 gessit
2505 2767 2792 2828 referente,
2821 2775 3140 2826 vanescere;
3173 2764 3441 2824 recteque
3479 2753 3766 2811 Salomon,

2179 2845 2229 2924 (ξ.
2253 2883 2386 2928 xxn,
2405 2881 2454 2918 v.
2473 2863 2509 2915 9..
2525 2857 2942 2914 Proverbiorum
2959 2854 3234 2913 admonet,
3252 2845 3702 2916 Ἐγκωμιειζέτιυ
3717 2859 3764 2894 σε

2179 2965 2206 3016 ὁ
2225 2962 2413 3023 πέλας,
2435 2960 2530 3010 καὶ
2555 2955 2630 3024 μὴ
2655 2953 2712 3005 τὸ
2740 2949 2829 3003 σὺν
2849 2944 3334 3017 στόμα,ἀλλὸτριος
3369 2942 3472 2994 καὶ
3493 2938 3580 3008 μὴ
3613 2945 3680 2990 τὰ
3713 2937 3766 2987 si

2183 3052 2356 3125 χείλη,
2406 3048 2461 3103 id
2507 3057 2610 3110 est,
2649 3043 2850 3096 Laudat
2904 3049 2954 3092 te
2997 3038 3220 3097 alienus,
3259 3047 3454 3087 etnon
3501 3047 3568 3082 os
3607 3040 3764 3086 tanta,

2184 3122 2488 3206 estruneus,
2533 3147 2580 3191 et
2615 3153 2716 3188 non
2758 3133 2900 3186 labia
2943 3143 3054 3182 tua.
3088 3125 3323 3180 Sanctus
3351 3139 3488 3176 vero
3519 3122 3766 3176 Clemens

2145 3241 2150 3246 ’
2186 3236 2463 3289 Romanus
2487 3228 2659 3298 Epist.
2687 3225 2754 3277 ad
2775 3220 3037 3283 Corinth,
3067 3234 3123 3288 p.
3144 3217 3233 3280 59,
3255 3215 3326 3269 49
3353 3223 3410 3268 et
3437 3214 3536 3276 50,
3575 3213 3766 3264 Tam:-

2184 3328 2396 3398 νόφρων
2433 3322 2508 3394 μὴ
2535 3317 2712 3388 ἐαυτῷ
2738 3312 3103 3388 μαρτυρείτω,
3125 3306 3440 3375 ἁλλ’ὲαυτῴ
3469 3303 3568 3373 ὑφ’
3587 3305 3760 3372 ἑτέρω

2188 3393 2586 3488 μοιιέτυρεῖσθω·
2622 3410 2672 3464 id
2717 3415 2819 3472 est,
2849 3404 2954 3470 Qui
2976 3412 3140 3454 mente
3161 3399 3420 3467 praeditus
3444 3405 3524 3448 est
3555 3393 3760 3454 liuenti,

2185 3486 2284 3562 non
2338 3507 2401 3559 de
2446 3503 2613 3570 seipse
2665 3497 3016 3552 testimonium
3064 3493 3222 3559 ferat,
3261 3487 3352 3542 sed
3389 3487 3484 3540 abs
3523 3488 3638 3538 alio
3675 3486 3762 3536 sibi

2184 3600 2303 3654 velit
2337 3596 2437 3666 ipsi
2469 3591 2824 3648 testimonium
2845 3585 3084 3655 prwberi.
3109 3581 3261 3636 Nilus
3293 3582 3506 3650 itaque,
3533 3595 3662 3648 qua:
3687 3578 3760 3645 pie

2185 3689 2507 3746 macerando
2571 3698 2808 3748 carnem,
2862 3692 2915 3735 et
2970 3680 3272 3733 exercendo
3329 3689 3390 3728 se
3465 3689 3582 3726 una
3647 3687 3758 3725 euut

2185 3778 2466 3834 Theodulo
2487 3779 2538 3830 in
2563 3775 2763 3828 montis
2788 3772 2935 3826 Sinai
2955 3767 3318 3830 monasteriis,
3347 3766 3522 3834 inque
3545 3761 3758 3816 Patrum

2183 3871 2483 3944 synaxibus
2540 3866 2952 3939 (colligebantur
3010 3864 3152 3914 enim
3204 3857 3512 3913 Dominicis
3575 3856 3762 3910 d;ebns

2185 3980 2354 4020 unum
2385 3964 2436 4017 in
2463 3967 2686 4024 CtBllllll,
2710 3960 3018 4028 pariterque
3044 3952 3352 4024 congregati
3383 3952 3672 4014 monachi,
3705 3967 3760 4003 ac

2187 4056 2544 4127 μονάζοντες,
2588 4049 3066 4106 eommunicabant
3114 4044 3288 4098 sacris
3327 4043 3650 4112 mysteriis,
3695 4043 3758 4092 uti

2183 4160 2374 4206 narrat
2405 4150 2656 4218 διηγήσει
2693 4145 2850 4200 tertia
2875 4143 3048 4206 Nilus,
3077 4157 3132 4211 p.
3173 4139 3272 4206 38;
3297 4154 3478 4208 neque
3501 4137 3760 4192 diffitetur

2185 4244 2390 4299 delirus
2433 4243 2521 4298 ille
2568 4243 2828 4311 Apostata
2864 4235 3138 4306 Spalaten.
3179 4242 3314 4286 tom.
3361 4231 3404 4295 I,
3441 4247 3500 4300 p.
3541 4230 3650 4284 578
3695 4231 3760 4281 De

2186 4337 2367 4406 repub.
2395 4333 2714 4402 ecclesiast.)
2737 4338 3037 4401 peregerat,
3073 4326 3183 4382 Deo
3213 4325 3316 4381 soli
3353 4333 3484 4378 nota
3518 4339 3648 4378 esse
3671 4339 3760 4377 cu-

2183 4431 2354 4498 piens,
2401 4427 2768 4482 taciturnitate
2812 4422 3027 4494 premit.
3067 4421 3200 4476 Cum
3257 4433 3388 4473 vero
3429 4419 3670 4472 maritus
3715 4429 3764 4470 et

2183 4539 2320 4577 uxor
2361 4522 2469 4575 sint
2498 4520 2605 4573 duo
2642 4519 2694 4570 in
2727 4530 2894 4572 carne
2921 4529 3062 4579 una,
3089 4521 3143 4567 et
3189 4520 3343 4582 pater
3385 4525 3454 4564 ac
3483 4511 3590 4563 ﬁlii
3625 4525 3760 4570 una.

2182 4613 2480 4680 eademque
2509 4621 2738 4678 persona
2765 4614 3054 4659 censeatur
3079 4617 3146 4656 ex
3175 4599 3429 4664 artiﬁcio,
3455 4615 3524 4653 ac
3543 4599 3764 4668 ﬁgmen-

2183 4716 2237 4760 to
2273 4705 2413 4774 juris
2455 4704 2614 4758 etiam
2666 4698 2839 4754 civilis
2865 4737 2880 4761 ,
2925 4696 3057 4766 quin
3107 4704 3160 4750 et
3199 4705 3514 4748 commento
3560 4703 3766 4745 natura:

2185 4795 2562 4869 prebensantis
2612 4790 3068 4846 immortalitatem
3113 4786 3494 4856 procreatione
3537 4785 3764 4847 similis,

2193 4891 2231 4945 Ι.
2267 4888 2416 4942 final.
2452 4887 2514 4940 (ἓ.
2563 4885 2642 4937 De
2672 4883 2927 4946 impuber.
2951 4891 3004 4934 et
3031 4879 3102 4932 al.
3133 4877 3436 4938 substitut.,
3469 4875 3496 4946 §
3549 4877 3620 4928 Ei
3662 4893 3766 4928 rem

2191 4982 2422 5035 institui.
2463 4979 2524 5030 de
2543 4973 3006 5044 inutil.stipulat.,
3036 4971 3062 5042 §
3091 4969 3192 5025 Sed
3215 4969 3298 5024 sui
3319 4969 3548 5032 ibidem,
3583 4969 3650 5022 de
3677 4969 3766 5022 itcr-

2191 5075 2304 5126 red.
2335 5071 2522 5142 quatit,
2557 5069 2832 5138 patrisque
2863 5081 2966 5118 vox
2996 5106 3012 5130 ,
3051 5065 3123 5118 sit
3161 5077 3264 5116 vox
3299 5061 3420 5120 lilii,
3455 5061 3558 5129 qui
3601 5071 3766 5130 pater-

2191 5181 2387 5220 norum
2432 5165 2702 5216 viscerum
2751 5159 2928 5230 portio
2982 5165 3088 5221 est,
3126 5171 3190 5209 ex
3239 5155 3569 5214 Aristotele,
3609 5157 3698 5208 lib.
3743 5170 3764 5204 ν

2186 5257 2383 5323 Ethic.,
2409 5265 2462 5310 et
2485 5255 2538 5308 in
2565 5269 2674 5324 quo
2697 5261 2949 5322 parentes
2967 5248 3316 5313 reviviscunt,
3337 5255 3392 5300 et
3415 5249 3756 5316 quemadmo-

2185 5355 2314 5408 dum
2349 5352 2523 5420 magis
2551 5349 2911 5408 oblectantur,
2933 5345 3002 5399 ita
3019 5345 3141 5413 plus
3174 5351 3506 5410 torquentur
3541 5344 3600 5395 in
3629 5343 3764 5412 ipso;

2187 5447 2422 5520 filiorum
2459 5453 2605 5499 certe
2639 5441 2897 5512 dignitas,
2937 5440 3074 5500 laus,
3111 5447 3274 5505 atque
3313 5435 3494 5505 gloria
3537 5449 3754 5489 cmnmu-

2189 5543 2276 5595 nis
2327 5551 2409 5594 est
2440 5539 2602 5608 patri.
2657 5535 2744 5590 Uti
2793 5533 3136 5588 Justiuianus
3189 5529 3359 5584 refert
3421 5530 3762 5592 Anthemiris,

2197 5635 2482 5690 (Iomtitut.
2515 5648 2632 5704 qua:
2661 5628 2998 5701 dignitatib.,
3043 5625 3069 5698 ἐ
3105 5623 3464 5688 Generaliter,
3499 5625 3598 5680 ubi
3621 5627 3760 5694 ςισεθ.
