3852 6052
46 290 232 355 1:739
616 324 623 337 υ
1399 290 1497 350 DE
1534 291 1710 350 VITA
1742 293 1803 352 S.
1846 292 2013 355 NILI
3202 291 3343 361 i390

25 421 114 464 et.
162 410 236 465 ad
280 406 319 464 l.
352 406 456 463 Sed
486 405 762 470 Julianus,
802 404 1011 478 §Quod
1047 406 1247 460 dicitur
1290 404 1358 461 D.
1393 407 1463 460 ad
1501 405 1561 463 S.
1596 405 1659 461 C.
1692 414 1738 469 Α
1768 406 2004 478 Spiritus
2046 409 2219 463 sancti
2271 407 2435 473 dona,
2467 409 2799 467 vanitatibus
2823 409 3044 475 attritis,
3091 423 3158 473 ac
3198 413 3346 465 velut

29 499 455 555 Macedonian.
514 497 651 553 Ilinc
670 513 839 568 arguo
865 497 1047 551 Nilum
1086 513 1185 553 nec
1223 498 1291 553 de
1327 498 1491 553 rebus
1519 513 1549 553 a
1579 512 1658 563 se,
1764 501 1974 567 erasis,
2018 510 2073 557 et
2108 501 2364 558 sordibus
2387 503 2759 558 emundatam.
2789 502 2944 571 Quod
2973 503 3019 558 si
3040 502 3224 559 omnis
3250 502 3348 574 qui

28 592 301 664 ﬁlioque
341 590 621 646 Theodulo
650 590 779 644 inibi
805 597 991 645 sancte
1023 590 1210 659 gestis,
1232 605 1408 659 neque
1432 591 1500 645 de
1527 605 1663 645 con-
1764 594 2045 648 contendit
2086 594 2141 648 in
2174 609 2343 666 agone
2365 595 2433 650 ab
2477 596 2733 651 omnibus
2765 610 2823 651 se
2860 595 3114 661 abstinet,
3144 604 3206 651 ut
3231 592 3349 650 co'r-

22 684 241 757 jugis,
281 686 511 755 filiaeque
550 682 826 755 praeclaris
854 692 908 738 et
961 683 1232 754 religiosis
1257 683 1468 738 actibus
1499 682 1658 755 quid:
1764 687 2077 755 ruptibilem
2113 688 2345 757 accipiat
2388 703 2649 743 coronam
2672 728 2686 752 ,
2727 698 2782 743 et
2822 689 2997 745 currit
3028 689 3084 744 in
3120 689 3344 752 stadio;

32 794 240 847 quam
298 778 597 832 litterarum
674 775 1043 829 monumentis
1100 774 1472 844 consignasse,
1522 774 1659 829 adeo
1758 777 2052 849 Apostolus
2094 779 2169 833 ita
2212 780 2402 835 scribit
2448 781 2469 833 I
2514 779 2643 836 Cor.
2677 796 2752 843 Ix,
2802 781 2894 847 25,
2928 790 3136 851 quanto
3173 779 3349 842 magis

34 871 328 925 utodeste
342 870 408 924 de
424 884 502 935 se,
533 868 755 937 suisque
773 868 1065 932 sentiebat,
1085 866 1219 922 adeo
1234 874 1418 921 exacte
1435 865 1657 920 humili-
1758 872 1959 929 debent
1974 873 2227 928 monachi
2251 889 2471 944 operam
2492 874 2623 929 dare
2645 874 3012 939 abstinentiae,
3028 873 3348 944 jejunioqm,

34 974 246 1018 tatem
279 962 520 1028 colebat;
552 961 739 1015 mirari
776 959 910 1016 satis
937 975 1047 1013 non
1082 974 1326 1030 possum,
1360 958 1508 1029 quod
1541 958 1658 1028 ipse
1756 980 1958 1036 corpus
1999 966 2255 1037 afﬂigere,
2288 967 2512 1022 domare
2543 977 2703 1036 atque
2734 982 3036 1029 macerare,
3068 974 3126 1020 ut
3148 965 3350 1019 donen"

39 1066 255 1111 totum
306 1054 433 1109 illud
463 1063 697 1123 tempus,
729 1067 838 1123 quo
874 1052 928 1106 in
958 1062 1143 1107 monte
1174 1052 1656 1108 Sinaidiversatus
1756 1065 1847 1113 tur
1933 1058 2247 1128 incorrupto
2341 1070 2397 1114 et
2502 1058 2944 1114 immarcescibili
3012 1056 3342 1112 diademate.

37 1158 323 1213 (“suanm
344 1145 1653 1215 Barbarorumincursionem.quae.utcomputo.
1756 1149 1898 1205 Inter
1942 1150 2167 1220 spiritus
2217 1160 2342 1206 octo
2395 1152 2647 1215 malitias,
2699 1152 2815 1206 sive
2860 1158 3084 1219 peccata
3135 1148 3347 1220 capita-

41 1241 278 1296 accidit
319 1256 349 1296 a
387 1240 447 1295 C.
494 1238 561 1293 N.
596 1239 722 1305 410,
767 1239 958 1309 sicque
1002 1237 1463 1309 quinquennium,
1510 1238 1653 1307 quod

42 1334 283 1406 peregit
313 1336 365 1388 in
396 1333 716 1388 Narratione
743 1332 1002 1392 secunda.
1031 1330 1194 1401 662
1217 1344 1339 1399 pag.
1359 1328 1447 1393 l7,
1472 1328 1655 1382 verbis

44 1427 197 1482 istis
237 1426 497 1481 describit
522 1443 536 1480 τ
565 1425 713 1497 Αὓτη
749 1424 826 1496 μὴ
846 1425 944 1495 τῆς
978 1422 1210 1494 ἡσυχίας
1237 1420 1443 1490 ταύτης
1469 1420 1655 1489 ἐποίη-

46 1532 168 1569 σεν
220 1515 479 1587 ἐραστὴν,
531 1514 797 1587 καὶπρὸς
839 1518 939 1586 τὴν
977 1512 1321 1583 ποθουμένην
1373 1511 1656 1581 ὡδήγησεν

46 1605 332 1678 ἐρημίαν,
361 1606 453 1658 καὶ
480 1606 641 1676 μέχρι
670 1603 865 1657 πολλοῦ
899 1601 1312 1675 παρεσκεύασεν
1343 1600 1653 1654 διαιτᾶσθαι

45 1698 249 1767 ἡδέως
283 1698 523 1768 γαλήνης
553 1695 894 1749 ἀπολαύοντα
924 1694 1149 1764 πολλῆς,
1173 1692 1269 1746 καὶ
1292 1690 1460 1763 οὐρίῳ
1489 1688 1653 1743 πνεύ-

54 1807 210 1858 ματι
238 1788 375 1859 πρὸς
413 1788 506 1840 τὸν
546 1788 748 1841 σκοπὸν
776 1787 1137 1858 εὐθυνόμενον
1194 1786 1321 1849 ἕως,
1355 1791 1462 1839 etc.
1504 1782 1652 1837 Talis

49 1882 320 1949 (potioris
348 1897 527 1950 nempe
546 1881 665 1934 boni
695 1881 981 1950 cupiditas)
1012 1896 1093 1933 me
1129 1879 1320 1949 quietis
1348 1878 1507 1931 istius
1532 1876 1657 1947 fecit

49 1983 387 2037 amatorem,
441 1982 489 2026 et
532 1974 599 2027 ad
635 1973 994 2027 desideratam
1028 1971 1249 2028 deduxit
1291 1971 1655 2036 solitudinem,

48 2068 401 2136 multumque
450 2084 541 2137 per
589 2077 789 2138 tempus
831 2052 1004 2135 effecit
1062 2054 1363 2119 inhabitare
1408 2064 1653 2126 libenter,

51 2158 244 2211 multa
286 2158 545 2227 fruentem
602 2158 1025 2228 tranquillitate,
1080 2158 1408 2227 secundoque
1459 2155 1655 2223 spiritu

49 2250 332 2306 directum
366 2253 435 2305 ad
476 2268 711 2322 scopum,
753 2254 915 2305 donec
938 2266 959 2305 :
994 2251 1082 2305 ubi
1116 2250 1351 2304 multum
1393 2264 1488 2319 per
1519 2258 1657 2303 tem-

61 2360 178 2413 pus
230 2344 472 2415 intelligo
520 2344 785 2413 integram
830 2342 1201 2413 Olympiadem
1244 2357 1355 2411 quo
1412 2341 1659 2411 impleret

56 2436 448 2507 praescriptum
499 2434 827 2504 μονάζουσι,
878 2451 972 2491 seu
1030 2434 1320 2505 νεωτέροις
1372 2436 1656 2489 monachis

57 2525 441 2579 intervallum.
480 2524 685 2579 Interea
716 2541 845 2579 vero
892 2533 1116 2578 sanctus
1140 2520 1380 2576 Joannes
1418 2520 1655 2589 Chryso-

56 2629 289 2672 stomus
321 2618 372 2670 in
419 2617 611 2672 exsilio
665 2616 917 2671 Comanae
956 2615 1261 2668 decesserat
1306 2626 1448 2665 anno
1493 2611 1553 2665 C.
1587 2608 1653 2663 N.

55 2710 201 2775 407,
235 2712 378 2764 sicut
405 2708 688 2763 admonui.
721 2708 938 2762 Obierat
964 2715 1018 2761 et
1042 2704 1509 2774 Constantinopoli
1540 2705 1653 2756 Ka-

55 2803 220 2856 lend.
241 2801 413 2862 Maiis,
436 2802 688 2872 quamvis
707 2801 984 2856 ascribunt
1008 2816 1023 2853 ι
1046 2798 1275 2852 Kalend.
1298 2795 1653 2867 Septembris,

56 2896 163 2962 qui
198 2892 583 2963 Theophanem
615 2899 939 2962 sequuntur,
969 2903 1114 2943 anno
1135 2886 1489 2957 subsequenti
1524 2885 1654 2952 408,

57 2988 342 3044 Arcadius
379 2988 654 3057 Augustus
694 2986 916 3049 viduus,
953 3000 984 3039 e
1019 2982 1220 3038 Codice
1247 2980 1651 3044 Theodosiano,

57 3090 123 3134 et
177 3090 517 3136 successerat
555 3077 900 3133 Theodosius
952 3078 1004 3130 in
1037 3075 1134 3129 Eoi
1176 3072 1651 3129 administratione

62 3172 313 3242 imperii.
347 3170 590 3227 Eudoxia
619 3186 749 3225 vero
778 3172 1022 3240 Augusta
1048 3168 1341 3237 putabatur
1374 3180 1517 3218 anno
1545 3162 1650 3216 404

60 3264 361 3318 demortua
383 3303 398 3328 ,
429 3264 522 3319 sed
565 3262 633 3316 ad
653 3262 779 3327 409,
808 3261 1027 3316 biennio
1056 3268 1180 3330 post
1224 3256 1397 3313 sancti
1426 3254 1653 3309 Joannis

61 3357 360 3422 obitum,e
386 3359 493 3411 vita
524 3358 786 3427 migrasse
819 3354 1144 3424 Spondanus
1170 3352 1370 3406 evincit
1400 3350 1465 3403 ad
1502 3349 1651 3402 illum

62 3464 280 3501 annum
310 3448 415 3503 404
437 3490 451 3512 ,
485 3465 635 3502 num.
678 3448 743 3502 Ili
765 3489 780 3514 ,
816 3455 871 3502 et
901 3446 971 3501 ad
1006 3460 1208 3500 annum
1232 3443 1358 3509 407,
1400 3458 1551 3494 num.
1597 3440 1649 3493 7.

62 3540 283 3610 Opinor
312 3551 492 3595 autem
524 3550 631 3595 tam
682 3556 711 3593 a
742 3539 896 3601 Niio,
923 3554 1085 3608 quam
1116 3553 1145 3591 a
1173 3535 1453 3589 Theodulo
1484 3533 1654 3587 luisse

66 3644 351 3687 servatum
389 3633 659 3701 jejunium
708 3632 976 3700 apprime.
1014 3630 1173 3685 Certe
1218 3628 1345 3681 illud
1393 3626 1651 3688 delineat,

63 3742 127 3796 p.
159 3726 248 3788 '55,
274 3741 324 3780 c.
352 3724 419 3778 i4
441 3734 494 3779 et
516 3740 639 3795 pag.
665 3723 728 3777 I6
752 3731 968 3778 tractat.
994 3722 1070 3775 De
1099 3729 1325 3774 monast.
1349 3718 1651 3781 exercitu,

62 3828 432 3890 posteaquam
473 3817 769 3872 insectatus
806 3825 891 3872 est
932 3815 1215 3870 catillones
1259 3812 1522 3868 delicatos
1558 3826 1653 3864 ex-

61 3914 406 3985 quisitorum
458 3912 729 3974 ciborum,
767 3917 822 3965 et
867 3908 1339 3963 condimentorum
1387 3902 1649 3962 asseclas,

64 4008 217 4077 gulae
258 4021 322 4061 ac
373 4004 765 4076 gastrimargiae
806 4001 1023 4071 penitus
1059 3997 1341 4059 addictos,
1380 4005 1489 4049 tam
1528 4009 1653 4064 gra-

62 4099 253 4169 phice,
283 4097 429 4167 quod
472 4094 855 4151 custodiebant
894 4091 1151 4147 monachi
1182 4106 1277 4161 per
1305 4090 1530 4146 cellulas
1557 4088 1654 4143 ibi-

66 4198 225 4257 dem,
259 4202 317 4245 ut
342 4191 445 4246 sub
473 4190 665 4245 oculos
691 4196 878 4257 ponat.
901 4184 1119 4255 Jejunio
1154 4182 1399 4254 profecto
1428 4196 1654 4237 revoca-

67 4299 171 4342 tur
208 4288 367 4339 homo
417 4284 485 4338 ad
527 4281 863 4353 paradisum,
890 4295 955 4335 ex
994 4291 1104 4348 quo
1133 4285 1354 4346 propter
1382 4276 1651 4344 intempe-

69 4376 314 4432 rantiarn
364 4372 469 4427 fuit
516 4372 744 4441 ejectus.
785 4367 1062 4438 Jejunium
1108 4374 1193 4423 est
1246 4364 1371 4418 vitae
1417 4363 1652 4418 cmlestis

1756 1240 1829 1295 lia
1887 1242 2093 1311 primas
2136 1242 2288 1298 ducit
2340 1244 2466 1312 gula
2521 1243 2735 1313 jejunio
2797 1243 3052 1307 adversa,
3112 1250 3174 1297 ut
3230 1241 3348 1311 ipse

1756 1332 1908 1389 Nilus
1936 1336 2168 1391 collocat
2191 1336 2245 1391 in
2262 1346 2497 1392 tractatu
2528 1336 2595 1392 de
2619 1336 2726 1393 illis
2755 1352 2879 1397 suo,
2903 1342 2959 1390 et
2986 1333 3348 1404 quemadmo-

1754 1425 1883 1479 dum
1957 1436 2041 1481 est
2104 1443 2169 1483 ea
2236 1428 2439 1483 ostium
2495 1429 2728 1483 aliorum
2804 1427 3139 1491 criminum,
3180 1423 3343 1496 663

1756 1518 1827 1571 ita
1854 1517 2124 1589 jejunium
2182 1519 2348 1590 janua
2381 1530 2465 1576 est
2523 1522 2754 1576 aliarum
2816 1520 3127 1581 virtutum;
3170 1518 3340 1581 Elias,

1755 1608 1991 1681 Moyses,
2050 1620 2106 1667 et
2165 1614 2415 1667 Christus
2475 1612 2742 1668 Dominus
2804 1612 3016 1682 jejunio
3082 1624 3142 1665 se
3203 1624 3339 1678 pra:-

1755 1702 2120 1757 munierunt:
2168 1703 2402 1773 primus,
2438 1719 2562 1759 cum
2626 1705 2692 1759 ad
2758 1703 2927 1760 Deum
2979 1700 3225 1771 confugit
3281 1699 3339 1754 in

1760 1801 1995 1846 montem
2039 1791 2157 1859 Dei,
2200 1793 2317 1848 sive
2346 1792 2515 1859 Oreb,
2547 1794 2795 1849 meminit
2851 1792 3089 1848 Joannes
3136 1789 3340 1845 Clima-

1756 1898 1856 1939 cus
1895 1883 2068 1955 gradu
2100 1884 2155 1950 7,
2188 1899 2241 1954 p.
2279 1885 2421 1940 158:
2462 1884 2649 1941 Siddin
2699 1884 2805 1942 loci
2878 1883 3339 1939 anachoretarum

1756 1977 1912 2032 ardui
1942 1985 1997 2032 et
2022 1978 2308 2041 inaccessi,
2354 1978 2449 2048 qui
2481 1978 2719 2035 distabat
2747 1976 3106 2048 septuaginta:
3138 1973 3340 2028 millia-

1757 2069 1912 2124 ribus
1941 2085 1970 2124 a
2007 2078 2216 2133 castro,
2246 2070 2299 2123 in
2355 2086 2517 2139 quem
2562 2071 2739 2126 locum
2768 2075 3072 2125 secesserat
3104 2065 3339 2135 Stepha-

1758 2176 1863 2215 nus
1898 2176 1929 2215 a
1960 2161 2097 2215 cella
2127 2175 2224 2215 sua
2272 2161 2518 2230 migrans
2575 2160 2643 2213 ad
2692 2159 2927 2215 radicem
2989 2156 3211 2221 montis,
3268 2153 3337 2209 ad

1758 2269 1919 2324 quem
1954 2254 2099 2309 Elias
2129 2254 2393 2324 propheta
2425 2252 2593 2307 Deum
2627 2253 2854 2314 viderat,
2885 2260 2999 2305 tum
3050 2250 3114 2303 ad
3144 2248 3338 2303 cellam

1757 2364 1912 2404 suam
1939 2362 2194 2402 reversus
2230 2357 2334 2407 εει,
2371 2345 2440 2400 de
2469 2344 2607 2407 Elia,
2638 2352 2691 2397 et
2719 2343 2999 2413 spelunca,
3032 2341 3085 2395 in
3110 2356 3217 2410 qua
3246 2339 3337 2392 ille

1757 2440 1958 2496 delusit
1995 2437 2255 2508 fugiendo
2284 2435 2520 2503 Jesahel,
2560 2435 2630 2490 Ill
2664 2435 2795 2506 Reg.
2836 2450 2950 2497 XVI,
2973 2435 3026 2489 9.
3082 2432 3277 2486 Petrus
3301 2446 3335 2484 a

1761 2530 1933 2594 Valle,
1992 2538 2126 2583 tom.
2160 2528 2203 2593 I,
2257 2526 2351 2581 fol.
2388 2526 2478 2581 80.
2532 2525 2816 2581 Secundus
2883 2535 3203 2593 progressus
3262 2516 3334 2571 ad

1759 2621 1912 2676 Sinai
1940 2636 2224 2684 cacumen,
2264 2618 2438 2673 Exod.
2482 2633 2667 2681 xxnv,
2694 2615 2751 2678 2,
2794 2629 3021 2670 saxeum
3051 2611 3331 2675 volumen,

1758 2714 1973 2783 rupices
2018 2713 2246 2782 paginas
2295 2710 2568 2778 Decalogi,
2625 2718 2686 2763 ut
2730 2707 2973 2777 loquitur
3041 2704 3333 2761 Salvianus

1755 2806 1850 2861 lib.
1888 2806 1961 2858 De
1987 2804 2361 2877 gubernatione
2428 2802 2542 2868 Dei,
2611 2816 2664 2872 p.
2693 2801 2785 2865 22,
2845 2801 3055 2868 accepit
3113 2813 3146 2853 a
3199 2796 3331 2852 Deo.

1755 2898 2004 2953 Christus
2036 2906 2216 2952 autem
2253 2895 2452 2951 vindex
2487 2902 2542 2950 et
2572 2903 2813 2949 assertor
2840 2892 3055 2964 generis
3106 2889 3334 2944 humani

1749 2992 2005 3063 jejunans
2035 2990 2089 3044 in
2117 2989 2333 3044 deserta
2363 2986 2659 3043 solitudine
2683 3000 2808 3041 cum
2840 2984 3039 3039 Satana
3074 2997 3336 3053 congres—

1755 3098 1853 3138 sus
1888 3082 2067 3152 ipsum
2093 3079 2314 3145 devicit,
2366 3088 2421 3133 et
2450 3092 2746 3133 cxarmans
2773 3074 3082 3139 debellavit,
3132 3073 3333 3130 edixit-

1755 3188 1860 3245 que
1907 3171 2191 3242 diseipulis
2217 3170 2333 3227 suis
2358 3170 2751 3241 daemoniorum
2784 3182 2957 3239 genus
2991 3175 3225 3231 mutum,
3278 3176 3335 3222 et

1753 3266 1985 3321 allidens
2010 3280 2118 3320 non
2136 3264 2259 3334 ejici
2294 3263 2399 3318 nisi
2433 3263 2486 3316 in
2510 3261 2725 3332 jejunio
2774 3268 2830 3314 et
2866 3261 3133 3324 oratione,
3160 3258 3330 3314 Marc.

1754 3357 1952 3423 13,28.
2007 3356 2244 3413 Joannes
2317 3353 2629 3424 patriarcha
2688 3350 3331 3420 Constantinopolitanus

1755 3449 2069 3519 popularem
2107 3460 2298 3499 auram
2332 3454 2560 3512 captans
2592 3456 2738 3495 anno
2760 3441 2888 3505 585,
2943 3449 2997 3495 et
3060 3440 3331 3510 icjunato-

1752 3543 1849 3600 ris.
1876 3541 1990 3596 sive
2017 3536 2312 3608 νηστευτοῦ
2337 3535 2440 3590 sibi
2475 3549 2783 3605 cognomen
2822 3533 3119 3600 asciscens,
3151 3546 3328 3604 usque

1753 3638 1819 3692 ad
1856 3636 1959 3691 597
1982 3649 2185 3690 annum
2227 3632 2280 3686 id
2308 3639 2524 3703 gestare
2556 3629 3017 3700 perhonoriﬁcum
3043 3628 3327 3683 existima-

1752 3733 1848 3796 vit,
1880 3739 1934 3784 et
1962 3729 2055 3783 illo
2085 3743 2143 3783 se
2179 3725 2297 3783 suis
2338 3725 2585 3796 plebibus
2608 3723 2729 3794 plus
2796 3736 2954 3790 aequo
3009 3719 3325 3777 venditavit.

1762 3822 1865 3876 Sed
1899 3821 1967 3876 de
1994 3819 2201 3889 jejunio
2238 3818 2328 3888 qui
2355 3816 2525 3872 coluit
2572 3816 2625 3870 id
2658 3825 2767 3870 tam
2808 3814 3028 3874 eximie,
3070 3828 3133 3868 ac
3159 3813 3209 3867 ei
3236 3812 3331 3867 de-

1754 3913 1900 3967 ditus
1941 3913 2011 3966 ita
2038 3910 2160 3974 fuit,
2212 3919 2272 3963 ut
2318 3907 2537 3977 quoties
2584 3906 2742 3961 cibus
2812 3904 3113 3959 sumendus
3157 3910 3325 3965 esset,

1755 4004 1918 4057 toties
1943 4009 2272 4055 tormentum
2306 3997 2494 4052 subire
2524 3996 2801 4050 videretur
2822 4036 2838 4061 ,
2909 4002 3134 4048 sanctus
3194 3991 3328 4046 Ber-

1755 4094 1959 4147 nardus
1992 4092 2165 4147 fusius
2202 4090 2314 4160 agit
2343 4090 2395 4144 in
2420 4104 2487 4143 eo
2518 4087 2776 4142 nimirum
2809 4084 3323 4141 exercitatissimus.

1756 4186 1897 4240 Sunt
1963 4185 2108 4238 enim
2161 4183 2478 4252 eloquentes
2528 4180 2871 4249 potissimum
2941 4177 3193 4232 homines
3268 4174 3328 4229 in

1753 4291 1819 4331 eo
1872 4274 2018 4345 quod
2070 4273 2275 4337 sciunt,
2329 4284 2584 4326 sermone
2636 4269 2706 4323 30
2770 4266 2841 4322 ad
2875 4267 3101 4321 Cantica
3152 4264 3328 4320 canti-

1753 4384 1897 4422 rum.
1937 4366 2153 4436 Jejunio
2189 4365 2372 4435 itaque
2424 4371 2555 4419 sunt
2595 4363 2679 4417 usi
2718 4360 2874 4416 Nilus
2925 4370 2979 4414 et
3009 4358 3325 4413 'I‘beodulus

70 4467 299 4523 atrium.
328 4463 405 4517 Eo
436 4464 453 4533 (
486 4474 543 4517 ut
571 4471 653 4518 est
698 4462 853 4516 testis
888 4468 1111 4515 sanctus
1137 4455 1395 4526 Basilius)
1426 4456 1649 4525 propul-
1680 4461 1724 4517 ι)
1756 4475 1854 4530 pro
1904 4458 2097 4533 artatis
2149 4457 2416 4527 cujusque
2472 4454 2687 4509 ratione
2738 4469 2803 4508 ac
2848 4453 3032 4517 modo,
3087 4449 3327 4505 tumulati

72 4569 274 4615 santur
305 4555 627 4610 tentationes
650 4552 877 4616 diaboli,
907 4550 1109 4606 Christi
1135 4549 1334 4603 milites
1368 4557 1652 4602 armantur

74 4654 149 4707 ad
177 4652 446 4721 pietatem,
478 4647 658 4719 opifex
696 4656 779 4701 est
810 4645 940 4699 illud
972 4643 1346 4713 temperantiae
1394 4651 1449 4698 et
1471 4642 1648 4697 conti-

75 4743 295 4800 nentiae.
329 4742 486 4796 Certe
520 4750 742 4793 sanctus
782 4738 873 4791 hic
923 4736 1114 4791 doctor
1164 4740 1299 4791 adeo
1324 4737 1651 4791 abstinentia

74 4835 353 4900 excelluit,
382 4841 440 4887 ut
483 4832 672 4902 spiritu
716 4838 924 4884 tantum
963 4828 1152 4883 vivens
1173 4867 1188 4891 ,
1222 4838 1414 4897 praeter
1442 4844 1566 4883 ossa
1597 4836 1653 4884 et

77 4928 291 4999 pellem,
321 4925 465 4979 nulla
489 4933 745 4993 praeterea
774 4919 1017 4990 corporis
1046 4929 1197 4987 parte
1219 4930 1470 4975 constare
1503 4921 1652 4975 vide-

79 5031 249 5074 retur.
312 5017 671 5071 Przeterntitto
717 5030 839 5084 quae
881 5013 1124 5084 congerit
1173 5013 1651 5082 eloquentissimus

84 5112 178 5167 ille
199 5111 421 5165 antistes
445 5109 498 5162 in
522 5107 642 5177 ejus
669 5105 1218 5169 commendationem,
1236 5104 1296 5155 ὲν
1319 5103 1496 5171 λόγοις
1522 5104 1651 5175 περὶ

82 5203 185 5273 τῆς
215 5202 463 5274 νηστείας
492 5240 506 5265 ,
542 5200 598 5254 id
630 5210 736 5262 est,
760 5199 813 5250 in
844 5196 1167 5251 sermonibus
1202 5196 1265 5249 de
1285 5195 1524 5264 jejunio,
1554 5194 1649 5265 qui

85 5294 441 5352 conferendus
465 5299 547 5347 est
573 5307 696 5346 cum
721 5289 1075 5353 Tertulliano,
1093 5304 1217 5358 pag.
1240 5286 1363 5349 I90,
1396 5286 1475 5340 Ad
1508 5304 1651 5340 mar-

92 5402 264 5462 tyres;
317 5396 508 5443 sancto
562 5385 894 5454 Hieronymo
941 5383 996 5436 in
1043 5381 1325 5450 Epistolis,
1364 5380 1417 5434 in
1457 5381 1649 5449 primis

91 5500 207 5537 cum
249 5488 439 5536 sancto
479 5475 768 5532 Ambrosio
792 5518 805 5540 ,
843 5474 935 5544 qui
977 5489 1100 5528 eum
1151 5474 1416 5539 imitatur,
1441 5473 1544 5536 lib.
1576 5472 1652 5526 De

93 5576 211 5632 Elia
245 5585 294 5628 et
327 5571 553 5643 jejunio.
604 5568 748 5622 Inter
788 5565 1207 5623 exercitationes
1236 5566 1649 5631 \monachorum

93 5667 382 5740 principem
429 5662 558 5718 illud
586 5661 795 5717 obtinet
822 5660 1021 5723 locum,
1050 5667 1399 5740 mentemque
1431 5655 1651 5711 lumini-

96 5734 192 5819 bus
218 5757 587 5830 spiritualibus
614 5755 850 5810 illustrat
868 5767 931 5808 ac
953 5734 1219 5823 praeparat
1250 5753 1315 5807 ad
1336 5750 1651 5821 excipienda

1754 4561 2003 4607 sanctum
2032 4551 2195 4604 etiam
2242 4549 2486 4611 Petrum,
2538 4546 2768 4601 cuinon
2814 4546 2948 4601 satis
2974 4544 3077 4598 fuit
3140 4557 3327 4599 amare

1753 4645 1904 4708 flere,
1934 4654 2233 4714 potumque
2254 4656 2415 4696 suum
2447 4639 2702 4709 lacrymis
2750 4637 3072 4702 admiscere,
3134 4651 3323 4689 verum

1752 4746 1808 4792 et
1845 4739 2047 4791 amaris
2086 4735 2286 4804 lupinis
2328 4748 2548 4803 quoque
2595 4747 2655 4786 se
2723 4745 2945 4800 pascere
2992 4728 3181 4792 voluit,
3242 4726 3325 4783 uti

1752 4829 1902 4884 canit
1947 4827 2241 4898 Gregorius
2287 4823 2666 4879 Nazianzenus
2724 4820 2950 4875 Iambic.
3009 4836 3178 4873 carm.
3231 4820 3322 4875 18.

1752 4920 1893 4987 Quid
1923 4919 2145 4975 Petrum
2181 4918 2340 4985 cujus
2363 4916 2521 4970 cibus
2564 4922 2723 4969 erant
2749 4912 2919 4980 lupini
2962 4911 3122 4965 unico
3179 4925 3324 4974 asse,

1753 5017 1858 5069 hoc
1883 5023 1967 5069 est
1988 5014 2174 5067 decem
2212 5010 2397 5074 minis,
2433 5009 2548 5063 sive
2602 5006 2779 5061 unciis
2829 5004 2996 5073 empti
3053 5019 3120 5058 ex
3178 5002 3325 5057 Billii

1751 5108 2026 5171 versione,
2068 5122 2122 5176 p.
2167 5102 2326 5167 1580,
2359 5102 2453 5172 qui
2503 5109 2660 5175 putat
2702 5114 2827 5154 eum
2892 5113 2960 5153 ex
3011 5096 3325 5167 apocrypho

1751 5200 1986 5269 quodam
2003 5197 2253 5252 hausisse
2269 5194 2429 5254 libro,
2449 5208 2504 5264 p.
2523 5191 2681 5246 i587.
2701 5189 2806 5244 Sed
2838 5188 3132 5254 Gregorius
3160 5186 3327 5241 refert

1753 5293 1807 5347 in
1849 5291 2096 5346 oratione
2119 5302 2335 5359 quoque
2368 5286 2444 5339 De
2495 5299 2674 5338 amore
2709 5282 3064 5353 paupertatis,
3097 5288 3230 5332 tom.
3278 5276 3321 5344 I,

1751 5399 1877 5454 pag.
1910 5382 2035 5438 457.
2078 5382 2310 5435 Sanctus
2328 5379 2489 5454 etiam
2524 5374 2808 5429 Matthaaus
2836 5372 3047 5427 semina
3093 5379 3149 5423 et
3174 5386 3325 5425 sum-

1753 5450 1848 5531 ina
1875 5477 2084 5531 olerum
2118 5472 2337 5541 fastigia
2371 5450 2710 5529 comedebat,
2765 5465 2844 5519 uti
2890 5473 3112 5519 sanctus
3156 5459 3323 5515 Joan-

1753 5583 1852 5622 nes
1890 5566 2154 5637 Baptista,
2186 5578 2282 5618 seu
2330 5562 2590 5615 arborum
2624 5555 2855 5612 vertices
2906 5553 3324 5614 elllorescentes,

1754 5668 1851 5714 aut
1906 5659 2143 5714 Iocustas
2171 5666 2225 5711 et
2251 5655 2355 5709 mel
2411 5660 2626 5722 agreste
2682 5646 3061 5710 manducabat,
3104 5650 3328 5698 auctore

1755 5748 2035 5805 Clemente
2058 5744 2453 5811 Alexandrino,
2482 5743 2574 5797 lib.
2604 5756 2641 5795 ιι
2700 5737 3007 5807 Ρωάα909.,
3040 5750 3095 5806 p.
3120 5733 3206 5791 δι.
3226 5733 3309 5788 (ἰυι
