3852 6052
535 261 662 328 1391

1265 261 1409 323 JOS.
1451 262 1714 322 MARI/E
1756 262 2112 322 SUARESII
2153 263 2382 322 LIBER
2417 261 3043 324 CIIRONOLOGICUS

3675 265 3794 330 1ἓὶιέ

525 386 724 426 etnueu
753 370 1009 424 arborum
1033 370 1434 439 explementum
1467 387 1585 426 esse
1611 373 1834 434 ventris,
1862 373 2092 435 Seneca,
2122 381 2168 436 Α
2199 372 2292 436 lia,
2345 375 2461 430 sive
2499 377 2733 444 mapalia
2779 375 3142 432 Numidarum
3173 375 3456 444 Afuerant,
3483 377 3568 432 de
3597 383 3794 446 quibus

525 463 686 530 epist.
715 461 770 520 5.
799 470 950 516 natat
971 471 1026 516 et
1055 479 1150 531 pro
1183 463 1418 528 ἀκρίδων
1441 479 1594 526 voce,
1637 463 1688 516 id
1719 472 1822 526 est,
1863 463 2096 516 locasta-

527 570 668 616 rum,
707 553 856 624 ἄκρα
895 553 1071 623 δρυῶν
1110 555 1198 608 alii
1237 557 1416 622 legunt
1448 571 1542 608 seu
1579 571 1843 622 gemmas,
1894 555 2097 608 ﬂoscu-

521 645 630 706 los,
679 653 736 698 et
758 657 1000 698 extrema
1051 646 1390 700 novellarum
1445 649 1728 710 arborum,
1779 649 1920 715 apud
1969 662 2098 702 san-

527 735 1004 792 etumMatthmum
1029 753 1078 794 c.
1123 755 1202 799 tn,
1241 755 1293 792 v.
1324 739 1375 792 4.
1413 738 1702 808 Nieepbor.
1749 739 1842 792 lib.
1875 755 1927 804 ν,
1956 754 2004 792 e.
2031 739 2098 792 Μ

515 832 864 896 Historiam;
894 833 1082 902 Cujac.
1127 834 1190 886 ad
1229 833 1264 885 1.
1298 835 1403 898 Qui
1433 850 1682 886 venenum
1707 835 1832 898 2515,
1863 833 1889 904 §
1933 832 2100 886 Glan-

515 927 610 979 -dis
649 925 713 979 D.
745 926 810 978 de
842 924 980 978 verb.
1008 925 1278 993 signi/ia;
1307 923 1546 979 Isidorus
1601 923 1896 990 Pelusiota,
1937 928 2096 994 epist.

529 1017 564 1070 5
605 1026 661 1072 et
716 1016 853 1082 432;
883 1015 1150 1070 Baronius
1194 1016 1485 1072 eardinalis
1521 1017 1588 1070 ad
1623 1032 1751 1070 ann.
1796 1016 1856 1072 C.
1889 1017 1953 1070 Ν.
2007 1019 2096 1081 Si,

528 1109 620 1164 ubi
653 1108 927 1179 Spondan.
969 1123 1122 1161 num.
1151 1107 1206 1176 6;
1247 1107 1600 1164 Kimedonius
1643 1110 1786 1179 apud
1815 1109 2100 1181 Theophy-

525 1204 728 1258 laetum
772 1201 1124 1256 Sitnocattam
1166 1201 1584 1266 scholasticam,
1627 1204 1788 1273 epist.
1837 1203 1924 1267 11,
1980 1218 2100 1256 ver-

517 1299 590 1350 .tit
639 1295 867 1367 ἀκρίδας
935 1295 1072 1350 male
1128 1295 1378 1358 cicadas;
1437 1295 1698 1350 Ebionitm
1733 1297 1808 1364 “in
1867 1295 2100 1365 Evange-

519 1389 600 1444 lio
648 1387 884 1442 Matthaei
951 1387 1202 1457 legebant
1245 1387 1525 1458 ἐγκρίδας,
1579 1387 1634 1441 id
1693 1397 1794 1454 est,
1845 1389 2096 1458 ἐπίχυτα,

523 1498 620 1540 seu
647 1481 872 1546 mellita,
909 1479 992 1534 vel
1024 1479 1125 1533 mel
1151 1479 1433 1550 sylvestre;
1469 1489 1694 1535 sanctus
1737 1481 2096 1550 Epiphanius,

519 1575 718 1628 lia-res.
786 1572 876 1635 50,
921 1587 974 1640 p.
1037 1571 1161 1636 158,
1212 1571 1280 1626 de
1333 1573 1524 1642 ἄκροις
1579 1571 1796 1642 apud”;
1847 1572 2095 1639 Crusius,

519 1668 617 1722 lib.
651 1685 668 1722 ι
701 1666 962 1722 Germano
1006 1664 1245 1726 (ἔτ-(εοεαε,
1285 1674 1422 1718 orat.
1440 1665 1515 1718 De
1539 1665 1664 1734 ling.
1705 1663 1897 1730 (Ii-rea,
1929 1683 1982 1735 p.
2008 1667 2093 1732 l-l,

2202 463 2494 518 Sallustius
2513 464 2592 520 De
2615 465 2740 519 bell.
2773 463 3053 536 Jugarth.,
3077 481 3130 536 p.
3154 465 3244 530 95,
3277 483 3402 536 quae
3423 482 3534 536 pro
3565 469 3794 536 tuguriis

2198 559 2375 614 erant,
2407 552 2566 620 quasi
2603 553 2822 608 navium
2853 555 3071 618 carina},
3092 563 3148 608 et
3185 571 3248 609 ex
3283 555 3454 611 alveis
3479 570 3692 609 earum
3721 555 3794 608 in-

2199 643 2374 696 versis
2421 643 2764 712 plerumque.
2790 644 3011 700 Servius
3037 647 3092 700 in
3125 644 3340 718 Virgil.,
3369 646 3618 708 lsidor.,
3669 643 3794 700 Vers-

2199 735 2315 790 sius
2351 735 2402 787 in
2433 732 2733 806 Etymolog.
2765 734 2902 791 lline
2933 738 3130 793 lemma
3181 739 3484 794 cardinalis
3525 738 3598 792 S.
3623 737 3694 792 R.
3739 737 3790 792 Β.

2196 824 2734 893 jurisconsultissimi
2803 825 3090 896 Seraphini
3134 825 3384 890 Olivarii,
3450 827 3566 897 qui
3631 835 3794 880 ratem

2200 915 2468 972 inversam
2486 932 2593 986 qua
2614 933 2673 972 se
2699 927 2900 987 tegeret
2925 917 3245 988 assumpsit,
3259 927 3314 973 et
3331 917 3790 974 hemistichium:

2211 1005 2432 1062 Vexerat
2449 1008 2542 1062 illa
2557 1009 2727 1078 prius.
2747 1007 2826 1062 Ex
2856 1009 2941 1063 his
2973 1011 3204 1080 tuguriis
3227 1024 3548 1079 cognomen
3587 1019 3794 1062 traxere

2201 1097 2477 1168 Calybitre,
2511 1114 2648 1168 quos
2687 1100 2832 1155 inter
2859 1100 3249 1155 celeberrimus
3269 1110 3354 1156 est
3383 1099 3596 1154 Romae
3633 1097 3792 1154 Joan-

2201 1206 2320 1255 nes,
2373 1192 2462 1261 qui
2525 1193 2630 1248 sibi
2671 1192 2917 1264 καλύϐην
2945 1191 3055 1246 ἀπὸ
3087 1192 3179 1246 τοῦ
3219 1192 3562 1258 καλύπτειν,
3603 1193 3662 1246 id
3699 1203 3790 1254 est,

2199 1300 2228 1339 a
2281 1285 2563 1350 latitando,
2627 1301 2723 1340 seu
2777 1287 3172 1356 gurgustiolum
3227 1287 3280 1340 in
3335 1283 3622 1342 Tiberina
3669 1299 3792 1339 eun-

2201 1378 2402 1430 struxit
2467 1378 2666 1444 insula,
2737 1378 2828 1432 ubi
2879 1388 2990 1433 tam
3041 1377 3134 1432 diu
3191 1377 3409 1432 delituit
3485 1377 3594 1431 ille
3659 1376 3792 1430 ﬁlius

2201 1469 2446 1538 Eutropii
2481 1480 2536 1524 et
2558 1469 2598 1522 T
2607 1471 2878 1537 heudorzze,
2919 1471 3148 1525 divitum
3181 1472 3388 1526 civium
3459 1470 3790 1526 Constanti-

2199 1563 2660 1632 nopolitanorum,
2678 1565 2747 1618 ab
2781 1565 2975 1620 abbate
3003 1575 3372 1620 actemetense
3399 1565 3792 1634 proﬁciseente

2203 1653 2628 1727 Hierosolymas,
2667 1657 2734 1711 ad
2763 1657 3014 1724 pietatem
3043 1660 3320 1714 excitatus
3369 1668 3430 1712 et
3461 1671 3788 1714 conversus.

515 1759 686 1831 665
732 1775 762 1814 θ
829 1758 1150 1813 Pantalione
1195 1773 1286 1812 ac.
1319 1756 1583 1826 Gregorio
1615 1731 1690 1812 ἐι.
1755 1731 2092 1813 Μειιιιιξειιηιμ
2129 1731 2170 1790 Β
2199 1746 2374 1802 donec
2413 1749 2629 1803 tandem
2673 1763 2704 1802 a
2735 1759 2908 1804 matre
2939 1749 3043 1804 fuit
3087 1750 3306 1821 agnitus
3333 1749 3560 1803 indicio
3595 1749 3790 1802 codicis

519 1850 630 1906 Sed
657 1851 888 1908 Crusius
937 1852 1243 1915 haereticus,
1297 1859 1348 1905 et
1402 1851 1750 1920 Evangelium
1798 1852 1928 1926 illpd
1984 1850 2092 1906 lle-

517 1944 788 2008 braicum,
839 1955 894 1998 et
936 1958 966 1996 a
1009 1940 1280 1996 Nazaraeis
1339 1939 1724 2006 adulteratum,
1787 1942 1864 1995 uti
1909 1949 2094 1996 mouet

515 2045 744 2092 sanctus
775 2036 1108 2106 Epiphanius
1139 2035 1234 2090 ibi.
1281 2033 1380 2096 Est
1413 2035 1841 2090 autem.locusta
1895 2035 2091 2091 insecti

517 2137 693 2198 genus
715 2126 830 2181 alas
861 2127 1068 2182 habens
1096 2127 1340 2180 infirmas
1395 2126 1462 2180 ad
1513 2126 1829 2181 \olandum.
1887 2125 2088 2182 Verum

517 2221 575 2273 in
615 2219 1001 2274 solitudinibus
1029 2219 1235 2272 montis
1263 2217 1414 2272 Sinai
1441 2219 1694 2274 monachi
1749 2220 1857 2272 τῶν
1921 2221 2086 2288 ἀκρο-

515 2311 696 2383 δρύων
721 2312 790 2364 τὰ
821 2313 1088 2383 χρήσιμα,
1114 2312 1208 2364 καὶ
1235 2311 1512 2381 διαμένειν
1551 2311 1856 2382 δυνάμενα,
1888 2316 1955 2384 τῇ
1977 2331 2089 2366 τοι·

517 2405 659 2479 αύτῃ
683 2405 1040 2475 φυλάττοντες
1085 2404 1248 2475 χρείᾳ
1296 2403 1540 2468 ἀνύουσι,
1572 2404 1776 2459 siccant
1831 2407 2088 2462 monachi

517 2511 714 2568 nempe
744 2498 881 2568 πρὸς
939 2497 1146 2569 τροφὴν
1209 2498 1551 2569 χειμερινήν,
1608 2498 1662 2552 id
1717 2507 1821 2565 est,
1863 2501 1928 2554 ad
1983 2501 2086 2554 ali-

517 2600 760 2644 mentum
802 2591 1088 2644 hibernum
1125 2590 1414 2646 baccarum
1449 2591 1815 2662 sylvestrium,
1843 2607 1937 2648 seu
1993 2609 2088 2650 ex-

515 2682 852 2735 tremitatum
875 2681 1132 2736 arborum
1169 2697 1286 2746 eas,
1327 2697 1448 2752 quae
1477 2683 1600 2736 usui
1653 2691 1802 2748 sunt,
1859 2693 1913 2740 et
1965 2701 2087 2753 per-

516 2773 716 2827 durare
751 2781 1002 2842 possunt,
1033 2784 1332 2834 servantes,
1369 2783 1427 2828 ut
1477 2774 1586 2830 illis
1631 2776 1896 2842 victitent,
1951 2787 2087 2833 testo

515 2859 659 2928 Nilo,
697 2861 914 2917 Narrat.
945 2879 1018 2928 tv,
1061 2879 1114 2934 p.
1145 2865 1236 2930 46,
1288 2873 1344 2921 et
1387 2865 1606 2920 barbari
1653 2867 1862 2922 Arabes
1925 2884 2086 2938 cege-

517 2955 648 3010 bant
698 2955 998 3010 monachos
1041 2956 1260 3034 easdem
1315 2956 1416 3013 sibi
1467 2957 1711 3026 deferre;
1777 2959 1898 3015 illos
1949 2964 2087 3016 inter

513 3046 737 3116 quidam
783 3047 946 3116 jussit
975 3063 1206 3118 puerum
1235 3049 1643 3104 ministrantem
1689 3050 1913 3106 senibus
1963 3068 2084 3106 mo-

513 3137 710 3193 nachis
742 3142 1069 3208 συναγαγεῖν
1097 3139 1246 3211 αὑτῷ
1267 3139 1390 3194 τινὰ
1416 3140 1524 3194 τῶν
1549 3141 1886 3212 ἐκχυθέντων
1918 3143 2084 3210 ἀκρο-

513 3229 905 3300 δρύων,ρ.48,
942 3231 1191 3301 colligere
1250 3231 1353 3286 sibi
1422 3232 1671 3300 qumdam
1741 3232 1894 3286 humi
1965 3233 2084 3288 fusa

513 3317 752 3392 fastigia,
781 3338 877 3376 seu
921 3322 1266 3376 summitates
1292 3321 1568 3386 arborum,
1634 3332 1748 3376 tum
1791 3323 2083 3377 crudeliter

509 3428 636 3466 eum
686 3413 998 3468 trucidavit.
1050 3411 1524 3468 Verisimillimum
1577 3422 1757 3468 autem
1810 3424 1896 3470 est
1969 3416 2084 3469 inu-

512 3506 680 3568 diam,
730 3511 783 3557 et
831 3503 1236 3572 abstinentiam,
1297 3521 1462 3575 quam
1503 3522 1534 3560 a
1585 3508 1870 3564 monachis
1929 3525 2084 3564 usur-

511 3605 693 3666 patam
726 3595 968 3667 depingit
1001 3597 1114 3666 ipse
1151 3599 1430 3654 detesrans
1489 3601 1866 3666 voracitatem,
1899 3611 1955 3656 et
1983 3603 2078 3658 de-

511 3689 666 3743 licias
711 3689 1036 3758 epulonum,
1080 3689 1339 3759 opiparas
1389 3707 1708 3746 mensarum
1785 3693 2082 3750 lautiorum

509 3789 828 3849 apparatus,
864 3789 918 3835 et
956 3779 1229 3850 liquorum
1275 3781 1560 3838 misturam
1616 3783 1778 3838 simul
1829 3793 2079 3840 contem-

505 3879 843 3941 peratorum,
877 3889 942 3928 ac
969 3873 1022 3926 in
1051 3871 1304 3940 odorum,
1347 3875 1614 3938 colorum,
1657 3886 1710 3931 et
1749 3877 2074 3946 qualitatum

506 3963 846 4020 diﬂ'erentias
873 3965 939 4019 ad
973 3963 1418 4020 inflammandam
1451 3966 1754 4032 libidinem,
1772 3965 1954 4022 Nilum
1983 3969 2081 4024 ob-

507 4072 754 4112 servasse
790 4072 914 4111 cum
953 4056 1330 4128 Tbeodulo,p.
1371 4058 1435 4112 51
1485 4067 1542 4113 et
1571 4058 1678 4128 ὄις
1719 4059 1852 4129 quin
1905 4069 1959 4114 et
2009 4062 2078 4116 ad

507 4153 676 4206 vitam
739 4151 1149 4207 sustentandam
1201 4152 1386 4208 crudis
1447 4152 1706 4216 oleribus,
1763 4156 1859 4208 καὶ
1913 4172 2080 4224 ακρο-

501 4243 706 4313 δρύοις.
759 4257 857 4298 seu
900 4243 1171 4312 capitibus
1213 4253 1521 4299 tenerarum
1567 4243 1818 4315 stirpium
1878 4245 2074 4301 famem

506 4337 772 4390 obsonare
813 4334 1046 4412 aliorum
1075 4335 1344 4405 exemplo,
1379 4345 1433 4392 et
1467 4335 1618 4391 sitim
1643 4351 1782 4407 aqua
1817 4337 2076 4408 perennis

505 4443 654 4482 vena:
679 4413 1020 4498 restinguere
1045 4427 1284 4484 solitum.

575 4519 802 4576 Eremus
859 4521 1101 4590 quidem,
1157 4521 1268 4576 imo
1316 4520 1484 4576 eremi
1543 4521 1826 4590 permultae
1875 4520 2070 4577 subtus

503 4611 652 4664 Sinai
690 4621 744 4665 et
783 4610 928 4666 Oreb
957 4611 1337 4680 pandebantur
1389 4611 1564 4680 planae
1593 4621 1758 4682 atque
1801 4612 2070 4667 latissime

501 4703 729 4766 diffusae,
761 4717 882 4771 quae
926 4702 1140 4758 diversa
1187 4703 1408 4757 nomina
1455 4703 1821 4758 sortiebantur
1853 4719 1884 4759 a
1931 4705 2070 4760 vici-

501 4795 586 4849 nis
622 4795 783 4849 etiam
811 4794 1046 4864 oppidis,
1101 4803 1157 4850 et
1189 4796 1491 4864 montibus,
1529 4796 1608 4850 uti
1633 4795 1911 4852 desertum
1943 4796 2066 4862 Zin,

497 4887 641 4956 quod
670 4896 724 4941 et
767 4887 960 4953 Gades,
1014 4887 1289 4942 desertum
1346 4885 1583 4952 Pbaran,
1633 4889 1794 4960 cujus
1833 4899 1962 4946 sunt
2013 4899 2070 4945 et

499 4978 846 5046 campestria,
913 4979 1188 5032 desertum
1260 4977 1415 5048 Ziph,
1447 4977 1608 5044 Juda,
1659 4979 1930 5047 Idumaeas,
1966 4981 2066 5036 Ju-

497 5070 626 5124 daaaa
673 5067 1004 5131 Beth—lehem,
1035 5067 1294 5140 Engaddi,
1323 5081 1430 5126 etc.
1465 5071 1574 5126 illis
1603 5073 1655 5127 in
1684 5073 2069 5130 solitudinibus

495 5162 654 5230 pauci
687 5161 790 5216 loci
845 5162 1146 5231 remotique
1177 5162 1552 5231 deﬁgebantur
1605 5165 1673 5218 ab
1707 5163 1791 5218 his
1828 5163 1920 5232 qui
1955 5180 2068 5220 mo-

495 5251 762 5306 nasticam
813 5251 1082 5320 degebant
1128 5251 1320 5317 vitam,
1368 5253 1560 5322 procul
1599 5253 1667 5308 ab
1714 5255 1964 5319 urbibus,
2012 5265 2068 5310 et

495 5343 698 5398 ciuium
742 5343 1108 5408 multitudine,
1169 5360 1238 5400 ne
1270 5347 1525 5414 contagio
1571 5347 1806 5416 quodam
1853 5347 2064 5416 pollue-

495 5443 684 5490 rentur
710 5435 966 5490 vitiorum
1007 5437 1146 5492 inter
1175 5451 1270 5494 eos
1299 5440 1758 5506 excrescentium,
1809 5440 1884 5494 ibi
1939 5441 2064 5510 qui-

493 5524 618 5578 dam
659 5527 822 5582 ﬁxere
844 5528 946 5582 sibi
984 5529 1222 5599 tuguria,
1263 5529 1512 5599 μετόχια,
1542 5532 1729 5594 cellas,
1755 5541 1851 5586 aut
1883 5549 2065 5604 παρα-

493 5615 710 5686 λαύρια,
761 5618 874 5673 sive
918 5619 1122 5682 lauras,
1171 5621 1238 5674 de
1287 5619 1488 5688 quibus
1525 5619 1796 5677 Combeﬁs
1842 5623 1896 5676 in
1942 5623 2064 5678 Vita

495 5706 670 5757 sancti
728 5702 1014 5774 lliacynlhi
1058 5709 1395 5772 Amastrern,
1429 5725 1478 5777 p.
1519 5711 1639 5778 150,
1690 5712 1846 5781 quasi
1881 5727 2062 5782 maga-

2199 1837 2498 1908 Evangelii,
2533 1848 2588 1896 et
2615 1841 2682 1894 ad
2711 1841 2910 1896 malum
2941 1842 3194 1912 migravit
3227 1841 3317 1896 die
3375 1840 3447 1894 15
3509 1839 3788 1898 Januarii,

2199 1946 2308 2000 qua
2343 1931 2542 1986 colitur
2568 1931 2689 2000 ejus
2749 1933 3012 1986 memoria
3070 1933 3225 2004 juxta
3285 1931 3438 1986 idem
3507 1929 3788 2000 Martyml.

2199 2023 2529 2088 Romanum,
2605 2024 2694 2079 ubi
2759 2024 3050 2080 cardinalis
3092 2023 3365 2080 Barouius
3395 2038 3430 2078 e
3475 2021 3658 2094 665
3711 2021 3786 2074 Li-

2197 2129 2456 2184 pomauo,
2531 2114 2713 2178 Surio,
2797 2123 2852 2169 et
2906 2113 3212 2184 Nicephoro
3277 2113 3552 2180 Callisti;
3617 2113 3788 2168 ﬂoruit

2197 2208 2340 2262 circa
2397 2223 2598 2263 annum
2656 2209 2716 2262 Ο.
2753 2205 2818 2262 Ν.
2875 2209 3003 2272 457,
3043 2222 3136 2262 seu
3169 2207 3296 2272 461,
3331 2225 3368 2264 e
3403 2207 3674 2262 Cedreno
3699 2209 3787 2262 sub

2194 2300 2470 2357 Marciano
2526 2303 2873 2372 imperatore,
2917 2302 3049 2372 quin
3089 2309 3144 2356 et
3187 2303 3292 2356 sub
3325 2301 3547 2368 Leone,
3589 2303 3786 2354 dictus-

2193 2411 2302 2466 que
2348 2393 2448 2448 fuit
2484 2403 2538 2448 et
2587 2401 2806 2464 propter
2859 2392 3026 2448 Deum
3074 2409 3301 2463 pauper.
3331 2392 3516 2448 Card.
3559 2393 3786 2446 Sirletus

2192 2489 2313 2558 ejus
2347 2487 2526 2542 Vitam
2577 2503 2608 2542 e
2641 2487 2826 2542 Graeca
2885 2487 3132 2542 Latinam
3185 2487 3438 2542 reddidit
3485 2501 3560 2540 ex
3607 2501 3788 2539 manu-

2195 2585 2398 2653 scripto
2442 2581 2758 2638 monasterii
2791 2581 3218 2652 Cryptaaferratze
3241 2621 3256 2645 ,
3313 2580 3493 2648 cujus
3533 2587 3732 2633 auctor
3761 2593 3786 2630 ει

2194 2675 2472 2732 Galesinio
2511 2675 2856 2730 existimatur
2899 2674 3120 2729 Simeon
3149 2671 3495 2741 Logotheta,
3539 2687 3647 2726 seu
3687 2669 3784 2724 He-

2196 2770 2532 2840 taphrastes;
2565 2767 2840 2838 antiquior
2865 2776 3120 2822 censetur
3143 2781 3174 2820 a
3221 2765 3528 2829 Bollando,
3557 2765 3696 2834 quia
3739 2779 3786 2816 se

2191 2865 2416 2922 Joannis
2472 2863 2805 2933 temporibus
2854 2863 3055 2918 vixisse
3111 2861 3330 2926 asserit,
3375 2875 3412 2913 a
3463 2874 3586 2930 quo
3631 2859 3786 2912 Meta-

2191 2957 2440 3028 phrastes
2469 2953 3069 3026 exscripseritxlncipit
3106 2951 3214 3006 Viri
3239 2953 3386 3021 justi
3429 2951 3584 3006 Vita.
3621 2950 3782 3003 Vitam

2191 3051 2354 3104 aliam
2391 3063 2424 3104 e
2463 3047 2720 3103 Vaticano
2769 3045 3066 3115 exemplari
3115 3044 3306 3099 Latine
3339 3060 3582 3098 versam
3631 3043 3784 3095 edulii

2187 3143 2295 3198 alia
2351 3143 2652 3212 puriorem,
2711 3149 2771 3193 ut
2803 3148 2977 3209 putat,
3029 3137 3409 3208 tiosweydus;
3455 3138 3590 3207 ejus
3633 3153 3782 3190 exor-

2186 3235 2338 3290 dium
2370 3243 2471 3297 est,
2503 3232 2608 3288 Res
2637 3243 2712 3286 est
2731 3247 2858 3286 sane
2888 3231 3184 3300 tyrannica.
3209 3229 3552 3298 Comperies
3581 3241 3782 3284 utram-

2186 3343 2292 3397 que
2347 3327 2490 3397 apud
2530 3325 2872 3380 Bollandum.
2901 3323 3202 3378 Chililetius
3241 3323 3296 3377 in
3329 3321 3572 3378 Bisunt.
3615 3325 3778 3393 antiq.

2184 3421 2250 3474 ad
2305 3434 2509 3474 annum
2543 3419 2604 3474 C.
2626 3417 2691 3472 Ν.
2723 3417 2883 3480 Mil,
2915 3417 3002 3470 die
3031 3415 3094 3469 l7
3139 3417 3367 3484 Aprilis,
3413 3417 3598 3472 refert
3627 3419 3778 3471 dera-

2185 3529 2315 3566 num
2373 3509 2630 3566 Ecclesiae
2681 3508 2978 3562 Bisuntinae
3031 3507 3262 3564 missum
3317 3505 3507 3564 fuisse
3541 3507 3616 3560 ad
3653 3509 3778 3562 duos

2183 3604 2400 3660 Graecos
2443 3603 2751 3671 episcopos,
2780 3600 3137 3664 Avenionem,
3181 3607 3238 3652 ut
3271 3599 3776 3668 interpretarentur

2180 3696 2590 3766 inscriptionem
2651 3693 2900 3749 Graecam
2960 3691 3152 3754 thecae,
3216 3691 3308 3746 ubi
3365 3701 3548 3760 caput
3607 3693 3774 3746 sancti

2177 3789 2406 3844 Joannis
2442 3767 2702 3858 Calvbitaa
2739 3783 3044 3838 Bisuntium
3075 3785 3432 3853 deportatum
3465 3783 3668 3838 fuerat
3699 3785 3774 3836 in-

2181 3881 2390 3938 clusum
2421 3898 2435 3934 :
2472 3879 2716 3948 ejusdem
2749 3875 2888 3933 Viue
2918 3875 3310 3946 Compendium
3349 3885 3438 3930 est
3469 3878 3530 3930 in
3569 3875 3774 3931 Menam

2177 3993 2283 4032 ms.
2325 3976 2463 4030 Bibl.
2523 3975 2626 4030 BB.
2665 3991 2720 4045 p.
2753 3973 2877 4037 1⁸58,
2926 3982 3052 4042 post
3093 3969 3194 4048 Nili
3227 3972 3310 4034 εἰς
3339 3969 3447 4038 τὴν
3481 3971 3772 4040 ἀναίρεσιν

2175 4069 2440 4138 διήγημα,
2501 4084 2556 4138 p.
2587 4066 2675 4122 99.
2727 4064 2832 4118 Alii
2884 4063 3136 4118 monachi
3189 4070 3478 4131 utcunque
3511 4063 3772 4128 vivebant

2175 4163 2278 4218 sub
2321 4161 2519 4216 nativis
2561 4168 2843 4215 antrorum
2877 4157 3054 4222 tectis,
3087 4155 3245 4226 pauci
3281 4153 3644 4210 frumentum
3675 4170 3770 4208 no-

2173 4261 2317 4318 rant,
2377 4267 2635 4308 nummus
2669 4249 2901 4306 Caesaris
2933 4247 3288 4318 ignorabatur
3327 4243 3650 4316 (Synesius
3677 4261 3772 4298 ne-

2173 4363 2297 4403 men
2335 4345 2581 4414 ignotum
2631 4343 2796 4398 tradit
2823 4342 3232 4411 imperatorum,
3273 4354 3378 4393 nec
3409 4339 3534 4393 ullo
3563 4349 3692 4394 erat
3721 4339 3768 4391 in

2102 4437 2148 4493 D
2179 4441 2338 4506 usu);
2371 4437 2522 4492 olera
2555 4447 2608 4490 et
2653 4437 2831 4488 baccae
2859 4447 3196 4488 summarum
3244 4429 3512 4499 stirpium
3575 4445 3772 4486 mutuo

2175 4526 2550 4590 tradebantur,
2589 4524 2732 4577 inter
2782 4536 2876 4576 eos
2925 4537 3082 4576 rarus
3120 4519 3301 4590 panis,
3338 4520 3496 4574 nulla
3533 4521 3654 4575 illic
3687 4524 3770 4574 in:

2173 4614 2338 4680 vidia,
2389 4612 2535 4666 nulla
2587 4610 2833 4665 ambitio.
2869 4609 3152 4664 Desert-um
3183 4609 3350 4664 etiam
3381 4608 3628 4666 Thecue
3661 4627 3768 4666 non

2171 4704 2330 4772 longe
2373 4703 2443 4756 ab
2494 4700 2727 4756 llerodio
2757 4700 2900 4764 vico,
2937 4715 3036 4755 seu
3062 4701 3309 4763 castello,
3341 4715 3534 4770 neque
3571 4705 3770 4774 procul

2172 4795 2239 4850 ab
2279 4794 2686 4864 Hierosolymis,
2735 4795 2808 4846 ita
2851 4803 3228 4862 nuncupatum
3260 4807 3291 4845 a
3323 4790 3562 4849 Thecue
3615 4795 3766 4856 vico,

2171 4889 2284 4946 sive
2326 4887 2462 4940 urbe
2499 4893 2773 4950 ntontosa,
2821 4883 2979 4952 cujus
3020 4897 3148 4952 ager
3191 4881 3344 4936 ferax
3387 4893 3480 4938 est
3511 4885 3768 4939 olearum

2169 4995 2336 5052 prope
2356 4979 2612 5034 Arabiam
2636 4995 2648 5031 :
2671 4977 2906 5032 solitudo
2924 4983 3026 5042 est,
3061 4991 3182 5044 qum
3202 4991 3230 5029 a
3261 4974 3596 5032 Bethlehem
3625 4977 3764 5032 Juda

2169 5071 2498 5142 separaturfi
2523 5087 2618 5125 seu
2643 5069 2672 5121 7
2695 5069 2968 5132 milliaria,
2991 5077 3044 5124 et
3061 5069 3129 5122 ab
3147 5067 3554 5139 Hierosolymis
3579 5087 3760 5132 nono;

2167 5182 2230 5220 ex
2271 5164 2506 5232 Josepho
2551 5161 2690 5217 Belli
2721 5161 2958 5226 Iudaici,
2993 5161 3089 5214 lib.
3123 5177 3217 5225 vn,
3250 5177 3300 5215 c.
3329 5161 3425 5224 25,
3468 5171 3532 5215 et
3572 5165 3758 5232 Antig.

2166 5257 2383 5314 Iudaic.
2404 5258 2498 5312 lib.
2535 5272 2612 5320 ιχ,
2633 5271 2681 5310 c.
2721 5256 2770 5309 l.
2800 5255 2967 5308 Amos
3001 5254 3264 5322 propheta
3291 5253 3342 5306 in
3379 5254 3588 5311 diebus
3617 5254 3760 5310 Ozias

2165 5349 2308 5416 regis
2357 5345 2518 5414 Juda,
2552 5355 2606 5402 et
2639 5345 2928 5401 Jeroboatn
2965 5344 3060 5398 filii
3093 5344 3222 5400 Joas
3251 5345 3394 5415 regis
3425 5347 3602 5400 Israel
3633 5355 3758 5400 alii".

2165 5438 2304 5493 duos
2342 5453 2517 5493 annos
2540 5445 2902 5500 terraemotus,
2930 5453 2980 5492 c.
3003 5453 3040 5502 ι,
3075 5449 3128 5492 et
3157 5454 3206 5491 e.
3245 5451 3340 5499 vn,
3379 5454 3431 5491 v.
3469 5439 3758 5498 {4,.aitse

2164 5528 2218 5582 in
2237 5527 2542 5597 pastoribus
2565 5529 2630 5582 de
2644 5525 2862 5586 Theeue
2883 5525 3048 5582 fuisse
3065 5526 3462 5580 armentarium
3489 5526 3754 5579 vellican-

2165 5629 2269 5675 tem
2291 5620 2938 5690 syeomoros,etelectum
2959 5636 2988 5673 a
3011 5617 3244 5674 Domino
3270 5635 3398 5674 cum
3415 5629 3750 5688 sequeretur

2166 5727 2378 5781 gregem
2408 5728 2423 5778 ;
2456 5709 2673 5768 Thecue
2705 5727 2921 5782 quoque
2953 5711 3054 5768 fuit
3086 5715 3260 5782 patria
3301 5712 3564 5767 llabacue
3623 5727 3748 5780 pro-
