3852 6052
57 391 211 453 1393

1390 391 1485 449 DE
1520 390 1697 451 VlTA
1723 388 1783 447 S.
1824 386 1987 445 NlLl

3196 368 3331 429 1394

53 501 288 573 phetae,
339 506 393 555 et
437 498 683 555 mulieris
739 499 1000 570 sapientis
1034 499 1371 555 Thecuitidis
1403 500 1530 554 inde
1567 514 1662 568 ap-
1695 503 1740 558 Α
1836 497 1989 551 Nilus
2019 494 2239 566 quidem
2258 508 2401 548 anno
2419 490 2620 546 Christi
2648 486 2775 553 410,
2826 500 2935 556 quo
2963 482 3205 538 ineursio
3230 480 3335 535 Sa-

57 596 320 666 pellatm,
371 610 493 664 qua:
541 594 777 664 placavit
820 594 1078 648 Davidem
1115 594 1311 648 iratum
1349 594 1458 647 lilio
1488 592 1660 648 Absu-

59 688 214 752 loni,
262 687 356 755 qui
382 686 601 741 fratrem
631 702 789 742 suum
833 689 1065 741 Ammon
1096 688 1388 751 occiderat,
1424 686 1487 741 Il.
1527 686 1660 755 Reg.

57 794 184 843 xw,
236 779 335 831 ubi
384 776 670 833 Cornelius
695 794 724 832 a
753 778 976 848 Lapide,
1015 778 1228 833 Ruliino
1260 780 1466 849 Tapha,
1506 777 1662 834 Jose-

60 871 205 937 pho,
243 869 345 923 lib.
380 885 473 922 vttt
514 870 698 940 Antiq.
731 870 900 935 Θέκος
925 870 980 925 in
1018 870 1139 926 Vita
1174 887 1269 925 sua
1299 870 1503 936 Θέκυα,
1534 872 1662 926 olim

62 961 347 1016 Thecuah
369 962 608 1017 Percrio.

139 1052 231 1105 Eo
264 1054 318 1107 in
351 1054 562 1108 deserto
586 1055 1063 1108 commorabantur
1093 1056 1365 1119 monachi,
1391 1056 1483 1125 qui
1509 1070 1537 1108 a
1568 1053 1667 1109 Sa-

66 1148 312 1201 racenis
364 1147 622 1201 trucidati
678 1147 931 1214 fuerunt;
982 1148 1439 1218 quemadmodum
1482 1157 1667 1202 narrat

66 1239 408 1305 Cassianus,
441 1240 533 1294 lib.
569 1256 620 1293 tv
653 1241 726 1294 De
756 1241 864 1293 vita
902 1240 1150 1306 Patrum,
1182 1241 1408 1295 relatum
1441 1255 1472 1295 e
1500 1241 1669 1294 colla-

72 1331 233 1386 tione
299 1342 450 1386 sexta
503 1332 569 1387 de
624 1348 755 1387 nece
810 1330 1031 1386 Patrum
1083 1349 1178 1388 seu
1228 1343 1564 1398 sanctorum,
1600 1348 1665 1387 ex

72 1423 382 1479 Theodoro
430 1425 645 1491 abbate,
690 1425 866 1492 deque
920 1424 1007 1493 pia
1061 1425 1463 1479 concertatione
1506 1440 1669 1493 super

72 1527 411 1573 sanctorum
450 1519 696 1588 reliquiis
749 1519 822 1572 ibi
858 1518 987 1588 agit.
1023 1517 1087 1573 Et
1137 1519 1282 1573 hunc
1321 1518 1517 1573 librutn
1549 1531 1669 1572 esse

73 1612 349 1681 suspicor
397 1610 668 1667 Theodori
722 1612 961 1683 episcopi
992 1612 1243 1667 Massilia:
1273 1613 1337 1667 de
1359 1612 1670 1667 certamini-

75 1705 185 1758 bus
250 1714 575 1775 martyrum,
605 1718 765 1773 quem
816 1711 1033 1758 exstare
1067 1704 1121 1757 in
1153 1703 1537 1759 vetustissimis
1565 1701 1670 1757 Ec-

75 1798 274 1852 clesiae
314 1796 650 1864 Bergomatis
695 1798 1065 1851 monumentis
1096 1803 1326 1850 testatur
1361 1794 1669 1851 Galesinius

78 1890 133 1942 iu
168 1888 618 1944 adnotationibus
644 1890 709 1942 ad
758 1887 1106 1958 Martyrolog.
1138 1903 1190 1940 tv
1210 1885 1351 1941 Non.
1377 1886 1666 1972 .Januarii;

79 1979 445 2033 Theodorum
490 1980 710 2049 quidem
767 1983 1082 2052 episcopum
1135 1982 1387 2036 Massilia:
1414 1996 1444 2035 a
1479 1982 1671 2051 quinto

78 2072 151 2125 ad
194 2087 415 2126 sextum
468 2089 641 2143 usque
687 2075 948 2129 szeculum
986 2089 1016 2128 a
1048 2073 1190 2129 Rufo
1235 2072 1671 2144 historiographo

80 2165 471 2219 eruditissimo
504 2164 559 2219 in
592 2164 842 2220 Historia
876 2165 1175 2221 Massilien.
1206 2181 1327 2236 pag.
1360 2164 1483 2231 521,
1518 2165 1670 2219 inve-

81 2255 177 2308 nio
212 2271 228 2321 ;
270 2256 364 2310 sed
397 2265 449 2308 et
479 2257 723 2311 meminit
748 2258 983 2328 episcopi
1008 2257 1367 2313 Massiliensis
1398 2256 1671 2313 Theodori

85 2348 299 2417 saepius
326 2347 622 2414 Gregorius
646 2349 984 2406 Turonensis
1009 2352 1173 2424 666
1192 2351 1379 2407 eodem
1404 2362 1670 2422 tempore,

79 2438 180 2494 lib.
197 2456 280 2507 vr,
297 2457 347 2492 c.
366 2440 401 2494 2
419 2443 563 2496 Hist.
584 2440 808 2510 Franc.,
835 2454 889 2498 et
910 2446 1132 2513 passim,
1147 2443 1289 2498 unde
1311 2445 1672 2514 antiquiorem

84 2534 261 2588 istum
295 2533 643 2589 Theodorum
677 2537 871 2605 opinor
902 2538 1216 2607 episcopum
1254 2536 1671 2602 Massiliensem,

83 2638 140 2679 et
171 2642 243 2681 ex
303 2627 499 2682 abbate
528 2643 806 2682 censerem
844 2630 912 2683 ad
945 2629 1318 2698 epis00patum
1352 2628 1523 2684 fuisse
1542 2645 1673 2699 pro-

83 2726 337 2786 vectum,
389 2720 503 2773 sive
554 2729 794 2790 raptum,
850 2721 927 2776 uti
970 2731 1101 2776 tunc
1132 2725 1302 2778 moris
1330 2732 1466 2788 erat,
1508 2724 1671 2779 etiam

82 2817 350 2885 invitum,
401 2816 629 2888 ideoque
667 2819 839 2889 magis
890 2818 1141 2890 dignum,
1182 2836 1305 2874 cum
1340 2819 1565 2875 forsitan
1607 2820 1677 2876 ad

86 2910 226 2965 illud
265 2910 566 2979 emporium
595 2909 894 2966 Galliarum
931 2912 1135 2967 Graecis
1191 2912 1493 2966 habitatum
1527 2913 1676 2968 colo-

86 3004 174 3057 nis
214 3012 273 3057 et
308 3004 517 3074 legibus
571 3004 929 3074 gubernatum
964 3004 1280 3074 appulisset,
1331 3018 1398 3059 ex
1444 3003 1676 3077 Egypto

87 3111 218 3149 cum
243 3095 509 3151 Cassiano
548 3097 723 3151 sancti
750 3096 984 3152 Joannis
1010 3096 1389 3168 Chrysostomi
1419 3097 1673 3163 diacono,

1766 604 2087 643 racenorutn
2122 587 2224 642 sub
2257 584 2567 640 Theodosio
2591 581 2819 635 Juniore
2847 577 3096 647 contigit,
3126 589 3249 630 cum
3277 573 3333 625 in

1767 681 1897 735 Sina
1956 681 2194 749 degeret,
2243 678 2354 748 jam
2404 692 2566 731 senex
2602 684 2741 737 erat,
2780 681 2839 725 ut
2874 672 2987 739 ipse
3022 673 3229 722 narrat.
3259 660 3336 726 ‘6,

1766 791 1890 845 pag.
1943 774 2033 837 92,
2085 772 2226 844 apud
2278 770 2564 825 Possiuum
2618 766 2908 821 lateturcx
2946 762 3175 815 aliorum
3209 772 3337 811 sett-

1765 869 1951 933 tentia,
2006 866 2097 921 tthi
2160 864 2347 920 scribit
2384 881 2397 918 :
2430 858 2538 914 Ἦν
2585 860 2640 913 δὲ
2672 857 2827 927 κάγὼ
2866 854 3030 926 βάδην
3077 850 3339 919 ἑπόμενος

1766 963 1877 1023 τοῖς
1906 958 2336 1029 προστείχουσιν,
2366 954 2441 1018 ὡς
2474 954 2571 1024 μὲν
2604 953 2733 1014 ἴσως
2762 951 2984 1020 φήσειεν
3021 943 3180 1005 ἄλλος
3208 940 3338 993 ἀδυ-

1766 1053 1955 1123 ναμίᾳ,
1987 1052 2113 1114 τοὺς
2158 1049 2357 1119 μᾶλλον
2405 1046 2686 1117 ἰσχύοντας
2714 1045 2773 1095 οὐ
2825 1040 3041 1111 φθάνων
3081 1030 3344 1101 ἀσθενείᾳ

1766 1145 1863 1199 τοῦ
1904 1138 2113 1216 γήρως,
2167 1142 2218 1196 id
2257 1149 2361 1206 est,
2415 1138 2524 1209 Ego
2569 1152 2687 1190 vero
2731 1134 2983 1203 sequebar
3027 1125 3341 1199 pedetentim

1767 1246 2168 1309 prtecurrentes,
2199 1242 2255 1288 ut
2278 1233 2488 1304 quidem
2516 1231 2742 1297 fortasse
2788 1227 2979 1279 diceret
3023 1222 3185 1287 alius,
3231 1233 3341 1289 pra:

1771 1329 2083 1395 impotentia
2133 1342 2236 1379 non
2279 1322 2454 1378 valens
2504 1320 2713 1390 assequi
2753 1334 2862 1382 eos,
2918 1316 3009 1386 qui
3053 1310 3344 1377 maioribus

1768 1430 1921 1476 erant
1962 1419 2175 1490 praediti
2211 1416 2430 1481 viribus,
2478 1413 2539 1468 ob
2576 1410 2853 1466 senectutis
2884 1404 3344 1463 imbecillitatem:

1770 1512 2229 1584 quemadmodum
2283 1517 2339 1564 et
2379 1506 2649 1562 subducto
2690 1501 2903 1558 calculo
2933 1513 3055 1553 mox
3088 1507 3343 1584 comprof

1770 1583 1911 1662 babo
1951 1605 2103 1660 illum
2136 1603 2328 1657 aﬂ‘ecta
2372 1610 2487 1655 tum
2522 1605 2680 1653 attate
2736 1595 2926 1650 fuisse.
2957 1590 3093 1645 Nam
3123 1602 3247 1642 cum
3277 1583 3346 1639 ad

1770 1699 2106 1771 praefectum
2132 1709 2333 1750 munus
2362 1699 2584 1748 evectus
2627 1688 2750 1754 fuit,
2790 1696 2849 1742 ut
2897 1682 3212 1741 astrucham
3246 1693 3342 1733 su-

1771 1778 1890 1864 pra,
1927 1791 2029 1847 sub
2066 1804 2210 1844 anno
2256 1786 2401 1843 C.N.
2440 1785 2579 1849 405,:
2614 1782 2715 1838 etsi
2740 1782 2887 1850 leges
2938 1775 3185 1836 annales,
3229 1771 3345 1826 sive

1774 1885 2034 1946 annariae,
2058 1882 2257 1952 quibus
2274 1880 2586 1949 praescripta
2599 1884 2716 1930 erat
2734 1883 2885 1935 tetas,
2904 1886 3010 1941 qua
3036 1872 3346 1938 peterentur

1774 1977 2032 2039 honores,
2094 1972 2172 2027 uti
2220 1971 2366 2026 canit
2389 1969 2482 2024 ille
2519 1978 2626 2022 tam
2660 1965 2825 2030 Julia,
2867 1978 3030 2033 quam
3067 1956 3345 2026 Pompeia,

1773 2080 1826 2124 et
1860 2070 2002 2133 alia,
2039 2068 2105 2121 de
2135 2066 2332 2136 quibus
2362 2063 2415 2117 in
2446 2062 2484 2117 ι.
2517 2062 2650 2117 Cum
2680 2061 2790 2130 lege
2818 2058 2885 2112 D.
2922 2055 2985 2110 de
3018 2054 3209 2108 arbitr.
3233 2057 3287 2104 et
3307 2050 3346 2102 l.

1776 2162 2008 2229 Quidam
2036 2159 2362 2225 consulebat,
2401 2158 2471 2212 57
2505 2155 2573 2211 D.
2617 2156 2681 2209 de
2706 2170 2762 2208 re
2786 2152 3044 2223 judicat.,
3076 2146 3173 2203 ubi
3205 2144 3350 2198 Dua-

1774 2270 1963 2315 renus.
1993 2268 2102 2308 non
2133 2250 2565 2307 observabantur
2596 2244 2956 2306 adamussim,
2986 2241 3207 2308 illisque
3238 2235 3348 2290 sol-

1773 2349 1973 2404 vebant
1994 2348 2373 2415 imperatores,
2392 2353 2446 2398 ut
2472 2348 2627 2397 erant
2650 2349 3045 2406 nonnunquam
3072 2326 3349 2391 dissoluti,

1775 2440 2114 2505 candidatos,
2142 2438 2225 2492 vel
2247 2437 2409 2492 etiam
2432 2434 2587 2506 probi
2612 2441 2667 2488 et
2690 2430 2845 2502 justi,
2877 2442 3003 2482 cum
3032 2426 3209 2479 virtus
3239 2435 3351 2475 non

1773 2534 1935 2605 667
1956 2530 2301 2602 exspectabat
2319 2543 2512 2593 annos,
2533 2525 2626 2581 sed
2643 2522 2882 2578 anteibat
2904 2520 2993 2591 (de
3008 2517 3218 2587 legibus
3242 2513 3349 2568 illis

1775 2626 1909 2682 satis
1931 2625 2014 2694 egi
2042 2623 2162 2678 fuse
2190 2624 2245 2675 in
2267 2620 2585 2675 Diatribade
2613 2615 2815 2672 S.R.E.
2839 2608 3319 2669 cardinaliumazta
3346 2634 3349 2637 ι

1778 2716 1875 2789 te),
1894 2726 2133 2771 attamen
2149 2730 2243 2770 eas
2259 2728 2382 2768 cum
2402 2712 2628 2777 Rosino,
2651 2710 2746 2763 lib.
2768 2724 2866 2773 vtt,
2889 2720 3009 2775 cap.
3033 2704 3066 2759 9
3088 2700 3349 2771 Antiquit.

1778 2813 2007 2867 Roman.
2053 2825 2177 2881 pag.
2235 2807 2361 2875 697,
2397 2806 2632 2861 arbitror
2691 2816 2893 2857 annum
2929 2798 3125 2855 saltem
3157 2795 3229 2851 42
3259 2810 3356 2879 ex-
3446 2870 3453 2881 AA

1785 2902 1967 2973 egisse
2002 2899 2056 2954 in
2098 2897 2421 2969 praefectura
2447 2896 2620 2961 urbis,
2648 2894 2792 2949 sicut
2816 2901 2869 2947 et
2896 2892 2950 2945 in
2976 2888 3247 2946 senatoria
3276 2886 3358 2941 di-

1778 2994 1984 3066 gnitate
2010 3005 2027 3058 ;
2059 2990 2153 3046 sed
2176 2990 2347 3061 liquet
2370 3004 2436 3044 ex
2455 2984 2731 3057 epitaphio
2752 2980 3097 3053 Pantagathi,
3117 2978 3209 3049 qui
3233 2993 3359 3031 cou-

1780 3085 1907 3140 cilio
1932 3082 2269 3138 Arausicauo
2298 3080 2538 3136 secundo
2566 3075 2994 3145 subscripserat,
3028 3087 3173 3125 anno
3203 3070 3266 3124 Ο.
3289 3066 3353 3121 Ν.

84 3184 185 3255 qui
224 3185 580 3241 consuluerat
609 3188 773 3241 istum
804 3185 1173 3252 Theodorum,
1219 3195 1273 3241 et
1304 3187 1552 3243 nominat
1588 3189 1672 3242 vi-

1783 3175 1915 3243 529;
1948 3183 2129 3231 exstat
2158 3172 2290 3229 illud
2315 3172 2547 3227 incisum
2576 3170 2836 3225 marmori
2860 3164 3125 3233 Vasioni;
3160 3161 3359 3218 ultimi-

91 3292 217 3331 tum
248 3277 577 3346 singularem
615 3277 669 3332 in
698 3278 1115 3334 conversatione
1150 3278 1372 3345 actuali,
1399 3278 1676 3333 allirmans

90 3372 354 3424 eumdem
388 3371 660 3427 habitasse
692 3371 744 3427 in
771 3372 951 3438 Celtis,
976 3372 1066 3443 qui
1100 3372 1254 3429 locus
1280 3374 1421 3428 inter
1448 3372 1676 3428 Nitriam

92 3471 148 3516 et
201 3462 487 3535 Scythiam
541 3465 679 3519 situs
727 3481 756 3517 ει
810 3466 1146 3520 monasterio
1197 3464 1385 3521 Nitriae
1437 3466 1680 3536 quinque

93 3555 349 3611 millibus
374 3557 605 3622 distans,
638 3558 911 3627 octoginta
938 3558 1169 3612 millium
1203 3556 1501 3612 solitudine
1547 3556 1681 3612 diri-

96 3648 274 3702 mitur
316 3649 385 3702 ab
412 3664 596 3704 eremo
626 3649 876 3720 Scythiae,
908 3649 962 3703 in
995 3665 1101 3720 qua
1130 3648 1426 3705 Cassianus
1454 3648 1680 3719 agebat;

96 3747 151 3792 et
178 3738 331 3808 apud
380 3737 671 3793 Henrienm
722 3739 1003 3794 Canisium
1039 3739 1132 3793 lib.
1164 3755 1198 3792 v
1256 3738 1679 3809 Antiq.lection.

98 3832 153 3884 in
208 3831 356 3885 Hist.
411 3830 727 3901 Peregrinus
779 3840 1261 3897 commemoratur,
1298 3831 1367 3887 de
1391 3847 1499 3901 qua
1523 3848 1682 3902 supe-

100 3925 221 3979 rius
281 3933 462 3978 actutn
524 3934 626 3988 est,
676 3940 800 3996 pag,
857 3924 981 3989 615,
1014 3926 1104 3980 ubi
1156 3925 1223 3979 de
1268 3922 1461 3985 Nitria.
1511 3925 1687 3995 deque

100 4017 274 4083 Oase,
331 4018 397 4072 de
448 4033 554 4087 qua
589 4026 643 4072 et
674 4015 995 4073 Theodorus
1020 4017 1219 4073 Lector
1241 4017 1297 4071 in
1322 4016 1684 4073 Collectaneis

102 4111 225 4166 haec
279 4110 440 4166 habet
472 4129 484 4165 :
519 4111 780 4182 Σηπεδὸνι
833 4111 925 4164 τὸν
962 4110 1121 4182 σῶμα
1160 4110 1431 4181 διέφθειρε
1481 4110 1688 4164 Νεστό-

110 4221 249 4275 ριος,
299 4205 393 4257 καὶ
446 4203 773 4275 ἀνακληθεὶς
821 4203 932 4257 ἀπὸ
971 4203 1208 4267 Ὀἁσεως
1268 4204 1429 4274 (male
1495 4203 1689 4274 legitur

121 4296 509 4365 Ἐασέως),ὲφ’
541 4290 585 4365 ᾧ
613 4299 941 4367 μεταστῆναι
974 4298 1054 4359 εἰς
1082 4296 1267 4368 ἕτερον
1293 4297 1477 4359 τόπον,
1501 4295 1577 4367 τῷ
1595 4295 1692 4349 θα-

109 4389 261 4458 νάτῳ
316 4388 583 4459 προέλαϐε
616 4389 716 4460 τὴν
756 4388 1078 4460 ἀνάκλησινο
1143 4389 1197 4443 id
1231 4401 1350 4444 est:
1406 4386 1688 4443 Nestorius

114 4481 393 4548 putredine
436 4482 661 4550 infectus
693 4482 848 4550 periit
878 4482 934 4534 in
967 4497 1201 4551 corpore,
1237 4491 1286 4535 et
1318 4491 1590 4536 revocatus
1621 4481 1686 4535 ab

1780 3283 1885 3339 que
1916 3268 2024 3323 duo
2052 3267 2143 3322 isti
2191 3266 2445 3337 leguntur
2473 3279 2700 3320 versus:

1849 3405 2089 3459 Abstulit
2114 3404 2251 3456 hunc
2283 3401 2432 3455 rebus
2461 3399 2665 3453 decimo
2705 3412 2847 3450 mors
2872 3393 3055 3448 invida
3093 3392 3288 3456 lustro,

1852 3473 2100 3542 Namque
2126 3473 2387 3528 senatoris
2418 3471 2593 3540 posuit
2626 3476 2741 3539 post
2774 3464 2985 3537 cingula
3010 3463 3191 3517 vitam.

1782 3606 1985 3675 Nempe
2020 3620 2146 3660 cum
2176 3618 2207 3657 a
2233 3601 2457 3658 senibus
2485 3615 2686 3657 nomen
2716 3598 2849 3653 mite
2884 3605 3108 3653 senatus
3141 3593 3363 3659 habeat,

1783 3697 1925 3751 inter
1958 3692 2441 3766 quadragesimum
2504 3700 2559 3746 et
2603 3687 3117 3760 quinquagesimum
3154 3697 3360 3738 annum

1786 3799 2006 3846 senecta
2047 3787 2260 3842 videtur
2296 3784 2560 3854 incipere.
2589 3781 2745 3838 Plato
2778 3795 2977 3836 novem
3018 3777 3200 3849 posuit
3234 3786 3365 3831 ωιλ-

1788 3891 1869 3938 tes
1902 3880 2178 3946 hominis;
2207 3884 2405 3950 quarto
2430 3891 2574 3932 anno
2594 3875 2905 3941 infantiam,
2938 3872 3211 3928 abl-actate
3241 3877 3365 3940 post

1784 3975 2104 4038 triennium,

1861 4087 2034 4142 Mater
2054 4085 2154 4140 alit
2180 4100 2401 4155 puerum
2424 4083 2639 4137 trimum
2665 4080 2921 4155 trimoque
2941 4079 3219 4155 minorem,

2001 4149 2261 4227 Majorem
2288 4171 2408 4210 vero
2439 4168 2653 4224 pascere
2681 4152 2848 4219 patris
2885 4149 3007 4205 erit.

1792 4276 1845 4353 l.
1870 4295 1931 4351 ΙΙ
1959 4292 2207 4349 Machab.
2242 4291 2406 4362 gloss.
2433 4291 2489 4344 in
2522 4306 2568 4343 c.
2588 4304 2652 4343 ex
2680 4287 2871 4343 litteris
2901 4286 2958 4340 2.
2988 4283 3236 4354 Gregorii
3270 4281 3364 4348 1x,

1792 4398 1946 4447 extra
1990 4388 2063 4443 De
2086 4402 2318 4441 convers.
2342 4384 2496 4454 ξηρά.
2522 4381 2747 4438 ascribit
2781 4379 3009 4435 decenni
3045 4375 3362 4448 pueritiam,

1793 4485 1978 4539 decem
2030 4488 2084 4535 et
2136 4487 2259 4534 octo
2319 4491 2494 4531 annos
2551 4484 2699 4539 nato,
2745 4469 3136 4527 adolescentuli
3170 4483 3368 4540 aevum,

120 4571 281 4638 Oase,
338 4590 456 4625 cum
488 4573 863 4642 transferretur
914 4574 1081 4627 alium
1105 4575 1159 4627 in
1190 4575 1381 4641 locum,
1414 4574 1688 4629 antevertit
1721 4558 1766 4615 D
1796 4572 2220 4631 adolescentiam
2258 4570 2439 4641 agenti
2484 4569 2557 4625 25
2580 4583 2773 4633 annos,
2818 4564 3032 4621 florenti
3059 4562 3147 4630 56,
3200 4561 3372 4617 crudo

118 4672 286 4716 morte
316 4678 631 4733 regressum,
678 4678 767 4716 seu
807 4666 1208 4721 revocatiouem.
1245 4664 1348 4721 ista
1378 4675 1506 4720 sunt
1531 4664 1694 4722 verba

118 4757 392 4825 Cassiani,
451 4758 649 4828 quibus
702 4759 940 4832 delineat
991 4759 1367 4817 Thecuiticam
1404 4762 1693 4817 eremum:

126 4851 380 4905 «Thecue
404 4851 679 4906 desertum
712 4850 767 4905 in
797 4850 1100 4907 Palaestinae
1116 4853 1362 4921 partibus
1381 4854 1540 4923 juxta
1560 4853 1701 4908 The-

124 4956 227 4995 cue
258 4942 439 4995 vicum
477 4941 564 5012 (an
596 4950 867 4994 muratam
901 4942 1194 5008 civitatem,
1229 4959 1393 5013 quam
1430 4943 1702 4998 exstruxit

127 5030 373 5087 Roboam
419 5048 536 5096 rex,
572 5033 619 5087 ll
666 5032 845 5089 Paral.
895 5050 971 5097 xt,
1011 5035 1065 5100 ϐ,
1100 5040 1267 5090 Amos
1298 5036 1575 5106 prophetae
1602 5051 1701 5106 pa-

129 5122 314 5191 triam)
371 5122 616 5178 solitudo
665 5124 975 5179 vastissima
1027 5132 1310 5194 estusque
1336 5125 1405 5179 ad
1442 5126 1699 5182 Arabiam

129 5223 182 5268 et
230 5230 377 5269 mare
427 5213 726 5280 Mortuum,
768 5231 879 5285 quo
914 5216 1158 5285 ingressa
1186 5216 1447 5271 deficiunt
1501 5217 1701 5272 ﬂuenta

130 5302 381 5361 Jordanis
428 5316 483 5362 et
512 5307 651 5362 alvei
681 5307 771 5362 siti
819 5307 1026 5362 faciunt
1062 5308 1244 5373 linem,
1278 5317 1335 5362 et
1356 5308 1570 5362 cineres
1602 5306 1703 5362 So-

134 5399 442 5467 domorum,
475 5400 811 5470 amplissima
870 5400 1191 5457 extensione
1218 5410 1490 5469 porrecta.
1527 5400 1702 5471 Hujus

138 5492 444 5549 solitudinis
483 5493 688 5547 mentio
733 5493 791 5547 [it
840 5491 884 5546 ΙΙ
932 5490 1113 5547 Paral.
1156 5507 1249 5557 xx,
1301 5491 1394 5559 20,
1427 5499 1483 5547 et
1514 5491 1557 5546 ll
1584 5492 1701 5547 Ma-

141 5584 299 5641 chab.
348 5602 423 5651 ιι,
458 5586 547 5641 55.
580 5585 639 5640 In
681 5586 780 5640 hac
813 5600 1043 5642 summa;
1084 5584 1211 5639 vitae
1259 5599 1324 5640 ac
1387 5585 1701 5640 sanctitatis

141 5676 242 5733 viri
272 5681 526 5741 monachi
550 5678 859 5735 diutissime
890 5656 1295 5734 commoiantes
1325 5686 1549 5748 repente
1575 5686 1705 5733 sunt

147 5786 175 5825 a
204 5773 637 5831 discurrentibus
677 5772 1071 5830 Saracenorum
1100 5772 1423 5828 latrunculis
1450 5773 1705 5831 interem-

149 5865 248 5933 pti,
293 5886 311 5919 ι
348 5877 453 5928 etc.
483 5866 590 5924 Sed
616 5866 844 5925 inferius
873 5867 942 5924 de
965 5866 1049 5924 his
1076 5881 1230 5938 agam
1260 5851 1526 5940 pluribus.

1797 4666 1915 4722 seni
1953 4665 2043 4730 55,
2093 4662 2212 4719 seni
2263 4661 2545 4732 sexaginta
2596 4658 2871 4729 quinque;
2908 4655 3201 4736 decrepito_
3224 4653 3373 4725 quod

1799 4764 2048 4827 superest
2079 4756 2220 4821 vitae,
2261 4762 2317 4808 et
2344 4753 2449 4807 ista
2474 4750 2639 4807 refert
2664 4748 2813 4805 Elias
2839 4748 3114 4803 Cretensis
3157 4747 3212 4800 in
3247 4760 3374 4800 ora-

1804 4849 1952 4903 tione
1973 4846 2184 4902 decima
2214 4859 2360 4900 nona
2383 4842 2629 4915 Gregorii
2650 4840 3001 4905 Nazianzeni,
3030 4855 3087 4909 ι).
3122 4839 3245 4903 159,
3279 4840 3374 4908 qui

1801 4940 1985 4995 addit:
2023 4956 2042 4989 ι
2063 4936 2330 5003 Quoniam
2353 4936 2519 5007 igitur
2544 4933 2960 5005 quadragesimo
2989 4941 3185 5003 quarto
3228 4947 3375 4987 anno

1799 5032 2133 5104 perticimur,
2184 5040 2247 5099 _et
2297 5039 2488 5101 postea
2531 5029 2763 5085 deiicere
2842 5027 3138 5096 incipimus
3179 5026 3377 5081 merito

1801 5125 1966 5196 igitur
1997 5131 2213 5194 tempus
2241 5123 2388 5177 istud
2419 5122 2669 5177 humana:
2697 5130 2905 5177 natura:
2925 5120 3090 5175 vitam
3108 5135 3228 5175 esse
3242 5118 3376 5174 deti—

1799 5219 1991 5273 nivit.»
2018 5215 2255 5272 Sanctus
2280 5216 2636 5285 Augustinus,
2659 5216 2819 5286 epist.
2838 5216 2961 5278 110,
2993 5217 3107 5271 haec
3136 5229 3196 5270 se
3224 5215 3376 5268 locu-

1803 5322 1918 5368 tum
1951 5327 2075 5368 esse
2115 5311 2302 5374 refert,
2334 5327 2430 5367 sex
2461 5318 2648 5365 aetates
2680 5309 2920 5366 hominis
2975 5310 3371 5365 enumerando.

1807 5425 1827 5459 ι
1858 5404 2248 5460 Verumtamen
2286 5404 2342 5459 in
2392 5402 2619 5458 infantia
2646 5412 2899 5473 speratur
2946 5402 3204 5471 pueritia,
3237 5409 3292 5455 et
3321 5408 3374 5456 in

1804 5497 2035 5570 pueritia
2078 5505 2329 5566 speratur
2378 5495 2761 5560 adolescentia,
2805 5504 2858 5550 et
2899 5499 2951 5547 in
3008 5493 3375 5548 adolescentia

1805 5588 2342 5661 speraturjuventus,
2369 5594 2424 5643 et
2446 5587 2500 5641 in
2533 5586 2812 5657 juventute
2842 5595 3093 5654 speratur
3114 5586 3371 5655 gravitas,

1807 5690 1863 5735 et
1889 5682 1942 5734 in
1966 5679 2234 5750 gravitate
2257 5686 2508 5749 speratur
2535 5684 2808 5742 senectus,
2848 5685 2953 5729 etc.
2990 5676 3253 5730 Senectus
3273 5691 3375 5729 au-

1809 5784 1917 5830 tem
1946 5771 2111 5827 aliam
2138 5779 2371 5839 aetatem,
2400 5785 2564 5841 quam
2606 5777 2804 5839 speret,
2838 5782 2947 5822 non
2983 5768 3162 5833 habet,
3203 5787 3223 5821 ι
3265 5778 3370 5823 etc.

1810 5866 1913 5925 Ubi
1941 5863 2221 5937 gravitatis
2248 5862 2469 5920 nomine
2495 5870 2769 5918 senectam
2801 5860 3069 5931 intelligit,
3101 5868 3160 5916 et
3210 5874 3372 5916 sene-
