3852 6052
515 352 651 416 1395

1268 347 1415 408 JOS.
1455 346 1717 408 MARl/E
1756 342 2108 407 SUARESII
2143 341 2374 401 LIBER
2411 338 3042 402 CHRONOLOGICUS

3649 332 3774 391 1595

511 464 677 522 ctutis
713 460 998 525 vocabulo,
1034 460 1283 526 senium;
1312 475 1439 515 nam
1478 460 1573 530 qui
1624 458 1805 530 gravis
1857 457 2085 520 Latinis,
2114 459 2161 515 Α
2188 470 2423 525 namque
2442 456 2692 525 utAgaso
2717 454 2957 508 narravit
2975 452 3098 505 Nilo
3114 449 3259 505 haud
3277 444 3482 519 procul
3505 444 3581 499 ab
3595 442 3773 511 Elusa,

510 555 716 612 Gracis
756 554 1067 624 πρεσϐύτης
1114 561 1373 619 vocatur;
1425 553 1518 621 qui
1556 565 1685 605 vero
1739 565 1927 613 senex,
1989 564 2083 603 seu

511 650 777 711 semiuex,
800 645 1047 717 γηραιός,
1078 654 1139 699 ut
1162 644 1319 700 docet
1344 644 1483 699 idem
1515 652 1736 697 sanctus
1765 642 1819 695 in
1851 639 2085 693 Enarra-

510 743 661 794 tione
701 739 894 808 psalmi
938 737 1342 807 septuagesimi.
1384 751 1436 806 p.
1467 735 1592 800 276,
1627 735 1739 789 sive
1779 733 1936 803 quasi
1980 734 2084 803 γῆν

508 832 676 902 ὁρῶν,
710 831 793 886 vel
822 833 902 895 εἰς
929 830 1034 902 γῆν
1066 830 1224 902 ῥέων,
1257 839 1454 884 terram
1478 830 1758 900 aspiciens,
1785 826 1942 898 atque
1964 845 2084 884 cer-

510 938 657 978 nuus
682 964 698 990 ,
737 924 910 977 autin
946 933 1139 976 terram
1167 922 1356 991 ﬂuens.

582 1013 771 1084 Itaque
803 1015 1088 1084 plusquam
1144 1012 1636 1083 quadragenarium
1668 1011 1849 1066 Nilum
1882 1011 2074 1081 prafe-

514 1118 686 1163 ctura
744 1121 966 1161 munere
1018 1103 1266 1159 functum
1299 1105 1556 1167 arbitror,
1586 1107 1699 1160 sive
1725 1103 2082 1175 quadraginta

510 1204 649 1255 duos
679 1213 852 1254 annos
888 1198 1151 1265 attigisse,
1180 1213 1303 1252 cum
1339 1198 1408 1252 ad
1462 1198 1780 1253 vicesimum
1830 1197 2078 1265 quintum

510 1307 685 1362 usque
714 1306 917 1345 annum
957 1304 1176 1359 operam
1209 1290 1449 1345 dedisset
1484 1290 1799 1344 liberalibus
1827 1289 2084 1359 ‘discipli-g

508 1386 618 1450 nis,
650 1364 888 1454 et‘juri‘s
936 1384 1195 1450 scientia,
1227 1384 1597 1440 adolescentes
1642 1383 1901 1437 nimirum
1959 1384 2081 1437 ideo

509 1479 919 1536 excusabantur
947 1478 1017 1533 ab
1042 1478 1363 1544 honoribus,
1394 1492 1567 1546 usque
1608 1478 1676 1531 ad
1707 1460 1859 1531 illum
1907 1476 2081 1532 atatis

510 1585 739 1637 annum,
766 1572 801 1626 Ι.
837 1587 879 1637 t,
900 1569 1255 1636 CJQuiatate
1279 1586 1333 1623 se
1361 1577 1637 1625 excusant.
1662 1568 1831 1622 lib.x.
1858 1567 1919 1622 C.
1953 1565 2080 1621 Jus-

510 1662 751 1719 tinianai
786 1661 1050 1733 ὲγκύκλια
1069 1661 1405 1717 vocabantur
1430 1661 1725 1717 circulares
1758 1660 2078 1730 disciplina,
2138 1702 2143 1709 .

509 1754 886 1825 grammatica,
901 1752 1191 1818 rhetorica,
1205 1752 1507 1813 dialectica.
1526 1761 1641 1807 tum
1652 1746 2076 1806 mathematica.

509 1844 631 1917 Ipse
661 1844 837 1907 Nilus,
868 1844 1027 1915 epist.
1055 1844 1144 1911 4'5,
1178 1843 1214 1898 l.
1234 1860 1312 1899 rx.
1345 1844 1528 1899 Allatii
1562 1844 1627 1898 ad
1657 1842 2083 1913 Domninumju—

508 1939 742 2005 uiorem,
756 1936 846 1992 ubi
862 1936 1004 1993 male
1019 1936 1157 2008 μετὰ
1171 1933 1316 2008 [τὴν]
1327 1936 1435 1990 τῶν
1461 1935 1763 2004 ἐγκυκλίων
1782 1935 2081 2002 παίδευσιν,

509 2033 606 2088 καὶ
624 2030 723 2102 τὴν
745 2029 852 2085 τῶν
882 2029 1354 2100 φιλοσοφουμένων
1396 2028 1721 2100 ὲκμάθησιν,
1757 2029 1809 2084 id
1836 2041 1939 2095 est,
1959 2028 2085 2083 Post

510 2139 720 2179 emensa
751 2122 933 2177 studia
964 2121 1310 2176 circularium
1350 2121 1779 2190 disciplinarum,
1830 2130 1881 2176 et
1909 2138 2085 2176 rerum

508 2215 992 2286 philosophicarum
1040 2214 1363 2279 doctrinam,
1425 2214 1654 2268 vertitur
1704 2212 2081 2282 encycliorum.

510 2306 572 2361 In
604 2304 725 2361 Vita
754 2305 930 2361 sancti
960 2303 1189 2360 Joannis
1231 2304 1459 2371 Climaci
1491 2304 1778 2375 disciplina
1812 2304 2087 2375 encyclica

511 2409 850 2452 memoratur
893 2405 947 2451 et
1000 2395 1202 2451 dicitur
1247 2397 1373 2466 quis
1420 2395 1607 2451 orbem
1670 2396 2083 2467 disciplinarum

511 2488 775 2559 perﬁcere
801 2530 817 2555 ,
905 2502 969 2545 ac
1022 2487 1543 2557 ἐγκυκλοπαιδείαν·
1611 2496 1799 2559 postea
1860 2489 2084 2543 trivium

512 2589 570 2637 et
601 2579 944 2651 quadrivium
991 2580 1424 2650 appellabantur.
1466 2578 1647 2633 Nilum
1693 2580 1814 2635 dein
1859 2596 2084 2635 uxorem

514 2668 742 2725 duxisse
764 2683 964 2725 censeo
988 2685 1133 2724 anno
1157 2671 1333 2725 atatis
1345 2671 1436 2736 δυ,
1456 2670 1713 2742 colligens
1736 2670 1939 2726 scilicet
1962 2671 2084 2740 plus

512 2760 699 2816 minus
714 2761 891 2831 ipsum
914 2760 1080 2831 668
1099 2760 1278 2816 Nilum
1299 2761 1355 2815 in
1377 2761 1551 2816 lucem
1567 2761 1827 2831 prodiisse
1841 2760 2078 2817 an.C.N.

512 2851 640 2907 560.
673 2853 924 2924 Suscepit
944 2862 1124 2908 autem
1154 2853 1323 2908 lilium
1346 2854 1402 2908 in
1428 2854 1623 2924 primis
1647 2868 1679 2909 e
1705 2853 1931 2925 conjuge
1961 2869 2082 2920 sua,

513 2941 838 3011 gravissima
887 2951 943 2998 et
980 2943 1369 3001 honestissima
1422 2953 1692 3012 matrona,
1734 2954 1849 3000 tum
1891 2945 2081 3001 ﬁliam.

2198 547 2257 600 '0
2294 550 2426 611 παῖς
2464 547 2677 616 εἴρηται
2710 547 2807 615 μὲν
2845 545 3016 598 τελεῖν
3046 547 3104 597 ὲν
3124 542 3205 613 τῷ
3229 538 3509 611 ἱερατικῷ
3536 537 3774 604 τάγματι

2184 639 2281 702 τὰς
2297 638 2517 709 πρώτας
2533 639 2667 701 τέως
2684 634 3031 709 [ὑπηρεσίας]
3046 635 3155 689 τῶν
3179 633 3333 701 νεοχό
3339 648 3459 701 ρων
3478 630 3635 696 (lego
3654 646 3773 680 νεω-

2182 729 2362 800 κόρων
2391 729 2837 798 πεπιστευμένος,
2876 728 2927 781 id
2969 733 3052 781 est
3078 741 3271 790 nempe
3302 721 3631 778 Theodulus
3668 732 3773 773 ιω

2182 820 2326 889 ﬁlius
2350 820 2547 874 dicitur
2571 820 2779 890 quidem
2804 817 3112 871 ministrare
3142 818 3199 869 in
3228 815 3424 868 ordine
3456 826 3643 872 sacro,
3670 827 3775 861 cna

2181 912 2285 980 ipsi
2347 911 2549 966 credita
2607 913 2714 965 sint
2763 911 2936 980 prima
2994 910 3178 962 munia
3248 906 3528 961 custodia
3585 904 3773 968 templi.

2182 1002 2459 1070 Νεωκόροι
2485 1002 2626 1070 apud
2662 1000 2909 1054 ethnicos
2957 998 3164 1063 adimi,
3222 1005 3321 1049 aut
3373 992 3647 1054 mditimi,
3694 994 3773 1059 qui

2181 1092 2375 1146 adium
2428 1106 2709 1146 sacrarum
2744 1105 2930 1145 curam
2965 1089 3244 1160 gerebant,
3291 1084 3587 1140 verrendo
3643 1083 3773 1145 illas,

2181 1185 2561 1255 expurgando,
2612 1193 2667 1238 et
2715 1182 3062 1238 emundando
3090 1196 3153 1235 ac
3218 1176 3607 1239 exornando;
3664 1192 3773 1227 nam

2180 1278 2363 1347 κορεῖν
2412 1290 2519 1329 ηοη
2544 1284 2752 1329 tantum
2799 1273 3070 1344 signiﬁcat
3114 1286 3353 1333 verrere,
3389 1282 3469 1322 ac
3522 1267 3776 1320 mundare

2182 1370 2386 1434 scopis,
2420 1367 2561 1437 apud
2594 1366 2840 1432 Suidam,
2874 1364 3115 1420 Matthai
3142 1379 3243 1428 xu,
3272 1361 3454 1416 Lucae
3482 1374 3581 1419 xv,
3619 1358 3708 1411 sed
3730 1372 3773 1411 es

2181 1458 2484 1522 καλλύνειν,
2513 1458 2565 1512 id
2588 1468 2667 1513 est
2701 1472 2986 1520 exornare;
3024 1456 3131 1510 hoc
3170 1454 3402 1509 nomine
3437 1450 3771 1504 vocabantur

2180 1566 2210 1604 a
2248 1548 2493 1621 profanis
2518 1548 2595 1613 lii,
2646 1549 2847 1617 quibus
2880 1546 3189 1601 commissa
3214 1552 3383 1599 erant
3415 1542 3578 1597 ades
3625 1542 3771 1595 etiam

2180 1658 2350 1699 sacra
2375 1643 2443 1697 ab
2471 1642 2559 1696 his
2588 1640 2805 1705 habita,
2834 1638 3227 1704 custodienda;
3258 1646 3471 1691 auctor
3505 1643 3597 1689 est
3630 1634 3772 1687 scho-

2181 1734 2369 1790 liastes
2400 1733 2807 1803 Aristophanis.
2840 1730 3159 1786 Theocritus
3181 1728 3505 1801 νεωκορίαν
3536 1728 3769 1780 nominat

2185 1841 2387 1881 munus
2419 1825 2597 1895 ipsum
2633 1822 2841 1886 aditui,
2873 1830 2968 1875 aut
3000 1820 3245 1882 aditimi,
3277 1819 3350 1874 de
3395 1834 3526 1888 quo
3559 1816 3770 1871 Servius

2184 1915 2240 1967 in
2272 1912 2459 1982 Virgil.
2490 1911 2528 1965 f.
2555 1911 2681 1977 748,
2710 1910 2785 1963 illi
2814 1908 3073 1979 πυλωροὶ,
3106 1919 3157 1963 et
3181 1907 3584 1976 νεωςρύλακες.
3614 1905 3665 1957 id
3700 1913 3770 1957 est

2185 2005 2393 2059 ostiarii
2416 2042 2432 2064 ,
2465 2002 2776 2071 templorum
2805 1998 3044 2053 custodes
3068 2015 3082 2063 ;
3111 2000 3181 2052 ita
3209 2007 3457 2052 testatur
3478 1995 3551 2050 Α.
3579 1994 3769 2049 Gellius

2184 2096 2278 2150 lib.
2307 2111 2384 2150 xu
2440 2093 2601 2148 Noct.
2638 2093 2860 2147 Atticar.
2898 2106 2948 2146 c.
2981 2089 3080 2154 l4;
3117 2100 3169 2165 et
3197 2089 3481 2161 θυρωροί,
3515 2088 3573 2142 id
3597 2088 3768 2155 estia-

2185 2190 2392 2243 nitores
2418 2188 2485 2242 ad
2512 2185 2833 2255 aperiendas
2882 2199 2938 2238 et
2962 2182 3293 2238 claudendas
3317 2180 3570 2251 januas,
3604 2190 3769 2248 porta.

2186 2281 2252 2335 rii
2276 2279 2632 2351 appellantur,
2663 2275 2730 2331 ιν
2766 2275 2897 2346 Reg.
2929 2291 3028 2340 νη,
3061 2283 3117 2329 et
3141 2272 3163 2327 Ι
3189 2270 3379 2327 Paral.
3412 2288 3503 2337 ιι,
3538 2287 3633 2325 xvt
3681 2272 3768 2331 42;

2185 2372 2313 2427 dicti
2345 2371 2600 2437 'fuerunt,
2637 2378 2692 2425 et
2739 2368 3025 2439 προπύλοι,
3076 2366 3305 2423 deorum
3361 2366 3649 2429 cultores,
3690 2368 3769 2432 qui

2188 2462 2488 2517 tuebantur
2530 2460 2673 2515 ades
2706 2474 2911 2524 sacras,
2949 2458 3205 2513 Turnebo
3231 2472 3282 2512 c.
3314 2456 3410 2518 2|,
3469 2446 3574 2509 lib.
3608 2472 3649 2519 ι,
3676 2454 3770 2510 Ad-

2183 2551 2714 2623 versar.,,Sophocli,
2762 2560 2814 2606 et
2835 2548 3184 2620 Aristophani
3216 2549 3269 2603 in
3301 2548 3618 2617 Νεφέλαις,
3649 2558 3701 2600 et
3724 2548 3768 2599 ia

2184 2642 2427 2715 Πλούτῳ,
2459 2658 2523 2697 ac
2558 2641 2851 2706 Herodoto,
2896 2641 3074 2707 servi,
3107 2639 3297 2694 famuli
3344 2639 3565 2709 templa
3597 2649 3770 2693 custo-

2184 2734 2792 2800 dientes,imojancilla,
2810 2748 2932 2804 qua
2945 2731 3254 2802 praecedunt
3278 2732 3448 2785 heras
3476 2748 3492 2795 ;
3517 2745 3767 2783 nummus

2189 2835 2367 2883 exstat
2397 2826 2653 2881 Gordiani
2683 2826 2748 2881 A.
2780 2826 2835 2889 '5,
2867 2825 2957 2880 ubi
2982 2825 3179 2895 legitur
3212 2821 3531 2895 Σαρδιαὶων
3576 2822 3765 2873 νεωκό-

2188 2935 2296 2992 ρων
2324 2918 2465 2989 apud
2497 2916 2794 2989 Seguinum
2819 2932 2874 2987 p.
2900 2916 2992 2980 ’25,
3017 2916 3207 2971 Select.
3230 2917 3464 2982 numis.,
3492 2914 3546 2969 id
3567 2924 3656 2968 est
3678 2915 3766 2966 ad-

516 3007 707 3087 llonor
727 3030 1061 3101 prafectura
1083 3043 1355 3089 maturam
1380 3043 1592 3092 atatem
1619 3007 1954 3109 requirebat,
1982 3052 2085 3093 nec
2176 3012 2534 3109 Ῐυίονίξηξχυξ
2554 3010 2645 3109 ille
2679 3009 2813 3109 Vult,
2848 3018 2902 3109 εξ
2931 3024 3097 3109 pineis
3122 3007 3423 3109 θίξῗθηθπξ·
3464 3007 3764 3109 mus"

515 3133 845 3193 pramatura
873 3139 1071 3181 venere
1102 3126 1443 3196 iuventutem
1475 3131 1725 3186 enervari
1772 3131 2086 3201 reipublica
2110 3149 2153 3207 ρ

515 3216 794 3271 intererat.
841 3214 1175 3273 Elliuxerant
1209 3228 1415 3288 autem,
1445 3236 1567 3277 cum
1598 3222 1802 3306 ingruit
1831 3224 1919 3279 illa
1963 3240 2087 3295 pro-

514 3305 653 3385 cella
700 3305 1033 3364 incursionis
1091 3307 1339 3366 Arabica
1366 3311 1469 3366 sub
1530 3305 1837 3368 TbeOdosio
1887 3314 2086 3370 minori

512 3398 781 3469 Augusto,
819 3401 948 3456 anni
1004 3417 1033 3454 a
1080 3401 1297 3465 Christo
1330 3414 1457 3460 nato
1512 3405 1645 3471 410;
1687 3421 1814 3461 nam
1867 3407 2087 3476 quando

512 3488 670 3548 Nilus
704 3508 810 3548 una
836 3508 960 3549 cum
994 3493 1106 3550 lilio
1135 3494 1655 3568 Theodulo,quietis
1689 3508 1967 3569 appetens,
1999 3500 2087 3557 Si»

513 3598 694 3638 naum
732 3594 970 3641 montem
1014 3586 1165 3652 adiit,
1210 3603 1387 3645 annus
1416 3604 1447 3644 a
1471 3588 1689 3647 Christo
1739 3603 1868 3646 nato
1904 3592 2085 3648 elabe-

516 3674 679 3729 batur
700 3674 835 3739 405,
869 3675 1304 3746 quinquennium
1340 3694 1535 3748 nempe
1580 3695 1757 3747 usque
1786 3681 1853 3735 ad
1880 3697 2084 3737 annum

515 3766 622 3822 410
650 3768 900 3831 transiit;
924 3770 1246 3825 numerabat
1271 3786 1400 3826 vero
1433 3782 1563 3827 tunc
1600 3772 1753 3829 Nilus
1773 3776 1948 3830 atatis
1972 3791 2087 3831 sua

514 3872 692 3914 annos
723 3859 1117 3931 quinquaginta
1149 3861 1271 3931 plus
1309 3863 1512 3918 minus.
1545 3863 1859 3921 Theodulus
1904 3876 2085 3923 autem

515 3949 872 4020 primigenius
903 3968 1011 4007 non
1064 3952 1238 4008 solum
1275 3954 1433 4010 annis
1470 3964 1590 4011 erat
1619 3972 1729 4012 non
1783 3956 1941 4013 facile
1981 3960 2082 4013 mi-

516 4054 622 4094 nor
655 4040 985 4110 quindecim,
1020 4055 1082 4099 ut
1107 4052 1263 4115 putat
1303 4044 1368 4100 Β.
1415 4043 1477 4099 Ρ.
1517 4044 1780 4102 Possinus
1824 4048 1877 4101 in
1926 4046 2082 4105 Notis

515 4130 585 4183 ad
612 4128 985 4199 Narrationes,
1020 4152 1145 4207 pag.
1176 4136 1277 4192 l67
1297 4178 1313 4201 ,
1343 4153 1451 4207 quo
1479 4148 1723 4210 tempore
1754 4140 1857 4195 fuit
1896 4157 1925 4195 a
1953 4141 2084 4196 Bar-

515 4221 667 4279 baris
696 4234 911 4295 captus,
940 4242 1129 4282 verum
1156 4230 1393 4285 adultam
1421 4232 1612 4302 agebat
1639 4240 1849 4287 atatem
1878 4234 2084 4289 exactis

516 4313 897 4372 adolescentia
922 4319 1085 4375 annis
1122 4319 1210 4385 l8,
1248 4329 1304 4376 et
1328 4323 1473 4391 quod
1501 4324 1761 4389 excurrit,
1789 4339 1983 4395 nempe
2016 4327 2082 4381 ad

516 4404 666 4460 illius
693 4405 900 4462 exitum
927 4409 1273 4479 properabat,
1326 4413 1783 4481 quemadmodum
1812 4413 1968 4485 Nilus
1999 4415 2085 4470 in-

513 4497 745 4553 choarat
771 4502 1301 4572 quinquagesimum.
1334 4503 1591 4562 Horatius
1613 4507 1857 4572 profecto
1885 4486 1911 4563 cl

516 4589 691 4644 simus
719 4601 877 4660 poeta
908 4595 1194 4675 pangebat,
1220 4596 1491 4666 integrum
1515 4613 1574 4651 se
1606 4599 1827 4655 laudare
1849 4598 2082 4656 formam

517 4678 860 4747 muliebrem,
891 4695 1026 4737 cave
1047 4682 1300 4752 inquiens
1328 4685 1598 4755 suspicari

797 4812 972 4884 Cujus
1001 4824 1243 4869 octavum
1273 4817 1553 4884 trepidauit
1581 4827 1709 4873 atas

938 4882 1199 4941 Claudere
1231 4882 1489 4951 lustrum;

518 5032 664 5073 anno
691 5017 893 5087 quippe
910 5018 1325 5089 quadragesimo
1348 5030 1686 5077 constantem
1705 5032 1941 5087 atatem,
1971 5024 2084 5078 sive

518 5122 737 5180 gravem
765 5108 1073 5175 decurrere,
1090 5110 1436 5183 juventaque
1468 5113 1635 5168 robur
1663 5129 1881 5184 vergere
1915 5113 2083 5183 signi-

519 5207 709 5257 ficans.
727 5199 809 5255 Ad
831 5200 1089 5271 oppidum
1113 5201 1309 5258 Sucam
1332 5202 1551 5274 quidem
1573 5219 1697 5259 cum
1715 5204 2085 5273 pervenissent

517 5287 763 5354 Barbari,
783 5286 875 5359 qui
898 5298 1114 5359 captum
1141 5288 1479 5347 Theodulum
1511 5307 1706 5348 venum
1722 5292 2081 5362 exponebant,

518 5380 674 5450 isque
735 5378 1053 5451 redemptus
1103 5378 1246 5437 foret
1301 5385 1596 5453 aquodam
1630 5384 1852 5440 miserto
1910 5385 2085 5456 ipsius

517 5470 817 5537 mactandi,
848 5480 902 5526 et
935 5471 1307 5543 lacrymantis,
1339 5489 1642 5542 rursusque
1673 5475 1999 5546 divenditus,
2027 5479 2081 5534 in

519 5573 717 5613 manus
749 5559 947 5615 iterum
1000 5564 1231 5619 ementis
1262 5564 1497 5635 episcOpi
1529 5564 1709 5621 Elusa
1760 5568 2080 5624 transiisset.

521 5644 622 5699 Hic
652 5648 898 5713 antistes,
929 5661 1143 5721 captus,
1172 5655 1427 5723 praclara
1455 5656 1574 5725 ejus
1604 5657 1801 5723 indole,
1818 5675 1882 5715 ac
1913 5662 2083 5731 pieta-

526 5744 631 5788 tem
683 5748 958 5804 expertus,
980 5741 1226 5799 adhibuit
1274 5759 1396 5800 cum
1451 5745 1707 5805 Ecclesia
1752 5752 2078 5820 ministrum,

2185 3103 2843 3176 mus669Falconerius
2873 3104 2927 3157 iu
2957 3100 3110 3157 Notis
3131 3100 3197 3154 ad
3229 3100 3630 3170 inscriptiones
3647 3099 3763 3152 Ath-

2188 3194 2398 3258 leticas,
2433 3210 2487 3264 p.
2525 3194 2615 3259 47,
2646 3192 2824 3263 arguit
2843 3190 3244 3261 IEgium,quod
3273 3189 3415 3243 νέων
3433 3191 3763 3260 προστασίαν

2186 3284 2406 3339 verterit
2435 3281 2760 3351 templorum
2796 3279 3193 3352 prafecturam,
3243 3294 3340 3333 seu
3382 3279 3759 3348 prasulatum,

2185 3390 2284 3446 pro
2312 3374 2467 3438 νέων,
2509 3373 2566 3428 id
2610 3381 2715 3437 est,
2753 3371 3015 3443 juvenum
3052 3370 3380 3440 principatu,
3424 3370 3584 3440 quod
3637 3380 3760 3424 recte

2189 3466 2360 3537 liquet
2378 3480 2410 3520 e
2426 3479 2652 3520 nummo
2673 3461 2858 3519 Severi
2876 3462 2940 3519 A.
2960 3478 3123 3533 quem
3148 3476 3273 3515 mox
3295 3458 3537 3530 profert,
3570 3461 3665 3513 ubi
3692 3460 3757 3513 le-

2187 3558 2332 3629 gitur
2360 3554 2740 3626 Περγαμηνῶν
2774 3554 3054 3626 νεωκόρων
3092 3552 3393 3621 ἐπιστάτης
3420 3566 3478 3621 p.
3516 3550 3591 3604 48
3632 3560 3680 3604 et
3712 3565 3754 3618 p.

2185 3650 2275 3716 57,
2310 3664 2365 3720 p.
2420 3648 2524 3703 105
2565 3655 2700 3718 etp.
2746 3646 2870 3713 111,
2900 3645 2995 3701 ubi
3041 3644 3227 3699 laudat
3268 3642 3486 3696 Alberti
3535 3640 3755 3695 Rubenii

2186 3741 2484 3797 Diatribam
2510 3740 2577 3797 de
2618 3739 2751 3797 Urb.
2782 3736 3061 3803 Neocoris,
3114 3735 3314 3791 Julium
3344 3733 3661 3787 Firmicum
3689 3730 3755 3783 De

2186 3852 2363 3890 errore
2404 3835 2617 3905 profon.
2665 3833 2815 3903 relig.
2846 3841 2901 3887 ct
2946 3831 3208 3885 Actorum
3252 3828 3495 3898 apostol.
3546 3842 3601 3881 c.
3654 3841 3754 3887 xu,

2188 3926 2375 3995 ibique
2405 3923 2889 3995 Theophylactum,
2932 3922 3026 3993 qui
3058 3919 3323 3990 νεωκόρον
3369 3918 3756 3986 interpretatur

2189 4017 2509 4089 ἱερόδουλον.
2533 4015 2636 4070 Adi
2669 4024 2721 4069 et
2745 4013 3131 4085 Spanhemium
3156 4011 3363 4066 cursim
3386 4024 3492 4064 eos
3522 4022 3755 4062 comme-

2185 4117 2510 4174 morantem,
2542 4107 2737 4179 p.307,
2766 4106 2842 4160 De
2872 4100 3119 4159 numism.
3524 4098 3529 4105 ’

2257 4200 2352 4254 Est
2404 4202 2456 4252 in
2497 4198 2733 4253 Ecclesia
2780 4195 3093 4253 ostiariatus
3119 4195 3253 4249 ordo
3302 4192 3448 4262 apud
3514 4191 3753 4253 Latinos,

2184 4290 2344 4359 cujus
2370 4288 2425 4342 in
2453 4280 2691 4343 formula
2718 4303 2771 4357 p.
2810 4286 2873 4340 16
2897 4283 3232 4342 Pontiﬁcalis
3264 4282 3528 4347 Romani,
3563 4296 3753 4334 munus

2186 4379 2517 4449 designatur,
2552 4378 2829 4449 aperiendi
2874 4376 3247 4431 materialibus
3290 4373 3540 4428 clavibus
3588 4376 3752 4427 ecete-

1334 4466 1591 4562 ﬁorauus
1613 4466 2086 4576 ῥιζοτθαοὲξι
2115 4498 2161 4555 D
2191 4472 2326 4526 siam
2357 4480 2413 4526 et
2440 4472 2665 4527 ostiario
2712 4470 2998 4524 traduntur
3039 4469 3237 4533 claves,
3276 4482 3419 4538 quas
3449 4466 3591 4520 indit
3626 4468 3753 4519 seris

2188 4572 2489 4633 portarum,
2522 4578 2726 4632 easque
2754 4576 2881 4616 mox
2914 4562 3134 4615 obserat
3175 4569 3230 4614 et
3260 4569 3503 4624 reserat;
3532 4569 3751 4613 sanctus

2184 4654 2512 4711 Laurentius
2563 4655 2745 4719 levita,
2771 4669 2867 4709 seu
2889 4653 3148 4708 diaconus
3176 4651 3377 4722 gratias
3400 4651 3604 4720 agebat
3629 4649 3748 4713 Deo,

2184 4748 2314 4818 quia
2341 4748 2541 4817 januas
2572 4747 2693 4817 ejus
2734 4746 2940 4817 ingredi
2984 4754 3289 4810 meruerat;
3340 4744 3488 4813 apud
3537 4742 3749 4796 Grates

2181 4841 2345 4895 etiam
2374 4840 2641 4895 exclamat
2660 4840 2923 4895 diaconus
2945 4837 3337 4910 Θύρας,θύρας,
3356 4836 3409 4890 id
3431 4843 3537 4901 est,
3576 4845 3748 4903 partes

2182 4944 2386 4998 portas,
2416 4929 2678 4985 obserans
2713 4929 2853 4992 illas,
2876 4944 2946 4984 ne
2966 4928 3090 4997 quis
3121 4927 3351 4982 infidelis
3375 4928 3656 4991 introeat;
3688 4924 3744 4977 Β.

2181 5020 2245 5076 Ρ.
2273 5019 2436 5075 Goar.
2476 5019 2594 5075 0rd.
2634 5019 2810 5075 sancti
2840 5018 3107 5074 Dominici
3154 5018 3209 5072 in
3246 5015 3551 5087 Eucholog.
3590 5017 3744 5071 variis

2184 5118 2506 5174 lectionibus
2528 5118 2773 5181 adnotat,
2795 5133 2849 5187 p.
2873 5117 3002 5179 248,
3051 5115 3461 5183 arbitraturque
3508 5113 3741 5168 Graecam

2184 5208 2483 5264 Ecclesiam
2519 5207 2775 5263 habuisse
2800 5214 2861 5260 ut
2880 5203 3081 5268 ofﬁcia,
3114 5204 3486 5267 ostiariatum,
3538 5204 3740 5256 exorci-

2184 5309 2409 5365 statum,
2432 5307 2487 5356 et
2509 5299 2894 5369 acolythatum,
2921 5296 3259 5365 indicarique
3282 5310 3314 5349 a
3345 5304 3543 5349 sancto
3562 5294 3742 5363 Dion)»

2184 5392 2266 5447 sio
2288 5391 2630 5461 Areopagita,
2659 5406 2708 5445 c.
2733 5390 2767 5443 5
2795 5387 3072 5442 Hierarch.
3112 5386 3319 5449 eccles.,
3348 5394 3548 5440 sancto
3603 5386 3737 5455 lgna-

2185 5485 2260 5539 tio
2293 5484 2347 5538 in
2376 5482 2612 5553 Epistula
2637 5481 2704 5536 ad
2735 5479 3090 5541 Antiochea;
3125 5490 3178 5533 et
3224 5488 3413 5533 sancto
3448 5476 3739 5546 Epiphanio

2180 5578 2241 5630 ὲν
2267 5576 2512 5645 συντόμῳ
2537 5574 2728 5641 ἀληθεῖ
2753 5573 2895 5642 λόγῳ
2920 5588 2973 5643 p.
3003 5565 3128 5636 465,
3161 5571 3248 5625 ubi
3275 5578 3435 5623 vocat
3471 5569 3737 5639 θυρωροὺς

2182 5677 2237 5723 et
2264 5667 2449 5721 Patres
2464 5664 2678 5721 concilii
2704 5663 3017 5728 Laodiceni,
3034 5680 3083 5719 c.
3108 5663 3347 5728 44,sess.
3366 5661 3457 5726 15,
3477 5672 3731 5721 cantores,

2185 5775 2280 5815 seu
2309 5758 2623 5821 κανονικοὺς
2651 5755 2880 5826 ψάλτας,
2914 5771 2976 5814 ac
3008 5756 3077 5812 ab
3115 5754 3349 5811 Eusebio
3374 5755 3541 5810 etiam
3569 5754 3659 5809 lib.
3687 5769 3732 5807 π
