3852 6052
503 280 637 341 1299

498 407 735 467 po:cstas
784 399 867 453 his
918 402 1011 471 qui
1057 417 1123 457 eo
1176 406 1553 467 initiahantur.
1598 416 1893 474 Exorcistze
1941 425 2064 489 qui-

497 486 616 538 dem
653 502 682 539 a
714 485 920 544 Latinis
963 492 1270 560 adjurantes
1311 501 1486 553 vocali
1541 515 1688 570 sunt,
1724 511 1854 577 quia
1901 485 2064 583 super

493 579 940 647 catechumenos,
969 586 1061 653 qui
1091 587 1353 657 haptizati
1385 606 1562 658 erant,
1596 599 1678 651 vel
1710 617 1875 671 super
1898 579 2062 659 ener-

493 681 777 740 gumeuo‘s,
809 677 900 742 qui
929 679 1266 735 vexabantur
1295 698 1326 736 a
1349 684 1705 756 diemonibus,
1736 692 2064 752 invocabant

492 777 691 820 nomen
723 765 935 820 Domini
966 768 1120 835 Jesu,
1155 783 1214 827 ut
1243 775 1310 828 ab
1341 776 1424 833 his
1455 783 1863 851 egrederentur.
1899 789 2062 844 Isido-

490 867 608 942 rus,
641 869 690 907 c.
724 855 810 920 12,
841 857 938 911 lib.
977 876 1050 914 vn
1096 861 1398 938 Etymolog.
1439 885 1490 924 c.
1541 871 1794 942 Clericos,
1829 879 1889 932 2i
1929 882 2056 938 dist.

490 933 746 999 l‘ormula
811 948 1072 1004 solemnis
1153 969 1259 1022 qua
1321 960 1607 1016 exorcistaa
1667 967 2062 1026 ordinabantur

488 1042 666 1087 exstat
695 1035 747 1088 in
789 1052 836 1091 c.
867 1037 1168 1109 Exorcista,
1203 1047 1399 1104 ibidem
1428 1069 1443 1118 ;
1477 1051 1736 1112 Salomon
1766 1065 2056 1130 quemdam

488 1125 711 1179 modum
765 1131 1108 1186 exorcizandi
1142 1134 1440 1205 adiuvenit,
1473 1125 1906 1220 conjurabatqne
1943 1155 2056 1208 dae-

488 1223 681 1306 monas
714 1220 806 1274 illo
841 1231 1035 1288 utens;
1075 1223 1270 1282 Zonar.
1311 1239 1441 1286 tom.
1476 1233 1516 1298 l,
1560 1235 1654 1290 fol.
1686 1239 1776 1305 2!,
1807 1243 2054 1312 Χρονικ.,

488 1306 581 1360 ubi
632 1307 698 1362 de
727 1313 930 1366 annulo
964 1313 1205 1371 Elc‘azari
1245 1335 1275 1374 e
1321 1321 1578 1394 Joscphu,
1611 1330 1791 1402 Antiq.
1827 1306 2052 1390 J‘udaic.

487 1391 583 1450 lib.
647 1405 760 1463 \‘n't,
816 1417 936 1472 cap.
969 1404 1024 1469 2,
1076 1409 1170 1476 qni
1212 1411 1278 1465 de
1323 1413 1438 1479 ipso
1490 1405 1836 1479 exorcizante
1870 1442 2056 1484 coram

485 1484 866 1557 Vespasiano,
929 1495 1155 1568 ejusque
1203 1500 1350 1558 ﬁliis.
1412 1505 1482 1561 At
1545 1525 1665 1580 cap.
1728 1530 1821 1570 x1x
1864 1519 2052 1576 Actor.

486 1581 696 1634 mentio
725 1583 785 1637 lit
811 1586 1265 1646 circumeuntium
1295 1591 1604 1653 Jndaeornm
1629 1607 2047 1676 exorcistarum,

486 1671 581 1739 qui
619 1681 774 1728 erant
810 1686 1016 1745 septem
1071 1682 1165 1736 lilii
1200 1682 1380 1742 Scevat
1407 1691 1666 1763 principis
1686 1699 2054 1769 sacerdotum,

486 1769 542 1882 et
565 1762 1071 1882 inv0c'aruntsuper
1087 1788 1183 1830 eos
1208 1777 1300 1846 qui
1320 1762 1596 1837 habebant
1615 1787 1838 1856 spiritus
1861 1794 2054 1860 malos,
2087 1806 2128 1860 Β

486 1867 682 1882 ,ΔΝΜ
744 1861 934 1882 ,μεμε
1155 1874 1166 1882 .
1248 1876 1260 1882 -
1348 1879 1355 1882 Α
1508 1875 1540 1882 .-

485 1855 683 1910 nomen
719 1856 936 1916 Domini
965 1861 1115 1931 Jcsu,
1152 1874 1424 1927 tentantes
1456 1855 1730 1945 adjurare,
1768 1883 1861 1937 sed
1895 1855 2053 1940 irrito

482 1958 703 2013 conatu,
757 1967 809 2006 v.
858 1952 928 2008 25
967 1965 1020 2012 et
1049 1963 1423 2028 sequentibus.
1462 1965 1517 2020 lu
1557 1969 1834 2040 baptismo
1867 1985 2050 2033 autem

479 2041 820 2099 exorcismos
872 2046 1050 2115 ﬁebat,
1090 2067 1214 2105 cum
1245 2070 1444 2125 magno
1469 2059 1856 2133 jurejurando,
1896 2069 2053 2138 jura-

479 2131 611 2186 hant
625 2134 680 2188 in
699 2151 896 2192 nomen
933 2139 1140 2196 Christi
1159 2147 1562 2218 catechumeni,
1581 2162 1634 2208 et
1664 2131 2053 2216 exsulllabatur

484 2225 719 2292 dzemon,
746 2227 1236 2305 imponebaturque
1257 2253 1454 2296 manus
1491 2258 1521 2297 a
1568 2248 1900 2318 presbytero,
1941 2254 2052 2307 uti

479 2312 608 2413 dist.
628 2317 801 2413 gloss:
820 2320 875 2374 in
894 2337 943 2376 c.
963 2321 1225 2395 Pervenit,
1248 2329 1337 2396 50,
1357 2348 1413 2402 q.
1434 2335 1488 2389 1.
1505 2312 1758 2407 Polydor.
1799 2312 2051 2413 Virgilius

478 2420 528 2459 c.
553 2406 588 2460 4
615 2417 669 2462 ct
716 2407 769 2477 5,
809 2409 902 2468 lib.
958 2430 1011 2468 tv
1046 2414 1123 2470 De
1164 2420 1422 2475 inventor.
1488 2406 1700 2493 rerum;
1759 2406 1950 2499 Cujac.
1980 2433 2049 2487 ad

477 2515 526 2554 c.
559 2500 591 2553 5
617 2501 694 2555 De
718 2514 926 2576 cognat.
953 2509 1225 2573 spiritual.
1259 2512 1429 2570 Hodie
1465 2533 1592 2572 vero
1621 2521 1962 2587 catechismi,
1996 2536 2048 2579 et

482 2594 774 2651 exorcismi
799 2599 1072 2659 solemnes
1099 2615 1228 2661 sunt
1254 2607 1522 2679 baptismo
1543 2615 1842 2685 conjuncti,
1862 2627 1916 2672 et
1933 2629 2046 2674 sta-

474 2685 571 2744 tim
600 2703 664 2742 ac
690 2689 820 2744 editi
844 2708 1037 2751 sumus
1069 2697 1342 2763 inlucem,
1375 2712 1470 2758 aut
1499 2717 1622 2775 post
1651 2709 1898 2764 triduum
1935 2713 2047 2767 sal-

472 2787 605 2844 tem,
630 2782 918 2840 adhibetur
935 2797 1247 2862 utrumque,
1274 2795 1402 2850 dum
1426 2799 1598 2855 sacris
1624 2801 1885 2873 tingimur
1907 2804 2045 2876 lym-

471 2871 630 2940 phis;
653 2873 845 2932 Franc.
879 2879 1128 2938 Connan.
1164 2885 1258 2942 lib.
1297 2903 1393 2944 vm
1415 2871 1987 2951 Commenta—rulime.
2015 2897 2045 2952 5

473 2979 532 3017 n.
562 2965 616 3020 2.
649 2965 718 3021 At
737 2972 1028 3028 exorcismi
1076 2991 1572 3047 energumenorum
1615 2984 1846 3040 iormula
1868 2997 2047 3043 exstat

471 3053 526 3108 in
585 3055 788 3114 Rituali
848 3062 1096 3122 Romano
1150 3069 1218 3124 ad
1270 3071 1499 3128 calcem.
1556 3074 2043 3135 Eminentissimus

469 3164 691 3219 quoque
735 3155 1031 3214 cardinalis
1063 3160 1234 3228 Bona,
1261 3165 1684 3235 sapientissime,
1717 3186 1781 3226 ac
1804 3173 2040 3241 pruden—
2065 3157 2108 3214 (οἶ

466 3241 932 3316 tissimedisserit,
963 3249 1280 3310 deiindiciis
1330 3267 1492 3327 atque
1519 3260 1692 3331 signis
1719 3277 2041 3333 energume-

466 3350 683 3401 norum,
713 3339 778 3394 de
808 3340 1138 3399 discretione
1155 3346 1444 3416 spirituum
1465 3351 1561 3407 lib.
1591 3354 1920 3424 Aureo,cap.
1949 3356 2036 3421 11,

467 3443 620 3481 ιιιιιη.
659 3430 757 3497 14;
796 3430 1012 3502 Ulpian.
1047 3435 1102 3489 in
1142 3436 1182 3490 Ι.
1212 3454 1250 3502 ι,
1290 3438 1360 3495 D.
1389 3441 1455 3496 de
1480 3459 1596 3498 var.
1631 3453 1680 3498 et
1703 3446 2033 3500 extraordin.

465 3522 677 3591 cognit:
716 3542 734 3573 ‹
755 3524 812 3577 Si
837 3525 1152 3595 incantavit,
1182 3530 1227 3586 si
1254 3531 1585 3603 imprecatus
1613 3547 1714 3603 est,
1744 3538 1813 3603 si,
1845 3548 1906 3593 ut
1929 3539 2038 3594 vul-

468 3612 586 3702 gari
619 3613 787 3683 672
817 3615 1196 3686 impositorum
1214 3624 1677 3697 (itanuncupabat
1701 3629 2035 3702 Chistianos)

463 3701 632 3756 verbo
678 3713 803 3757 utar
858 3708 1223 3774 exorcizavit;
1262 3731 1281 3764 )
1311 3724 1430 3767 erat
1481 3714 1746 3784 Ulpianus
1791 3701 2037 3773 infensus

463 3792 810 3862 Christianis,
860 3799 1007 3854 unde
1059 3801 1274 3873 collegit
1317 3806 1548 3874 septimo
1578 3807 1716 3864 libro
1748 3808 1824 3863 De
1855 3811 2034 3879 ofﬁcio

464 3901 706 3952 procons.
753 3891 1017 3961 rescripta
1052 3895 1359 3964 principum
1391 3899 1458 3953 de
1493 3901 1669 3968 poenis
1695 3900 2036 3958 Christiano-

461 3989 623 4041 rum;
664 3992 695 4031 e
730 3977 1033 4048 Lactantio,
1088 3983 1274 4054 Cujac.
1324 4003 1443 4058 cap.
1478 3989 1546 4043 ’54
1577 3991 1652 4045 lih
1691 4007 1724 4044 χ
1759 3990 2030 4048 Observat.

462 4072 526 4118 de
566 4071 874 4124 exorcismis
934 4084 984 4126 et
1009 4080 1406 4145 energumenis:
1429 4080 1625 4136 Alciat.
1657 4083 1751 4137 lib.
1788 4096 1884 4140 vttt
1921 4084 2033 4139 Pa-

461 4173 598 4229 rerg.
628 4176 746 4231 cap.
787 4163 874 4244 (Ξᾷ.
912 4165 1064 4221 Adde
1112 4168 1491 4238 Hippocratem
1525 4174 1619 4228 lib.
1662 4176 1796 4246 Περὶ
1826 4177 2032 4248 παρθε-

461 4249 610 4306 νιῶν.
638 4251 887 4310 Romano
905 4259 1138 4313 concilio
1160 4261 1261 4315 sub
1292 4261 1551 4319 Silvestro
1579 4281 1715 4336 papa
1738 4267 2032 4323 interfuere

463 4346 696 4417 acolytbi
727 4347 818 4413 44,
840 4352 1125 4411 exorcista:
1152 4353 1244 4416 9.2,
1275 4354 1508 4411 lectores
1542 4356 1703 4415 Urbis
1722 4359 1810 4426 90,
1831 4360 2029 4414 notarii

461 4436 574 4503 44;
616 4438 717 4493 sub
755 4439 1011 4497 Cornelio
1052 4461 1187 4516 papa
1228 4447 1281 4500 in
1318 4447 1558 4504 Ecclesia
1596 4451 1840 4506 Romana
1874 4460 2029 4507 erant

462 4529 699 4600 acolythi
753 4533 843 4597 22,
897 4538 1180 4593 exorcistae
1235 4550 1290 4594 et
1343 4541 1575 4598 lectores
1627 4560 1751 4598 cum
1786 4547 2028 4605 ostiariis

458 4617 564 4685 52;
603 4620 719 4676 inse
771 4637 889 4692 cap.
923 4626 1007 4690 10,
1051 4627 1146 4682 lib.
1185 4646 1221 4683 ll
1281 4629 1537 4688 Prwnest.
1571 4637 1762 4705 antiq.;
1797 4639 2031 4694 concilio

458 4712 734 4766 Arelaten.
796 4716 898 4770 sub
959 4718 1148 4773 eodem
1203 4723 1469 4779 Silvestre
1518 4741 1654 4796 papa
1706 4728 2032 4800 subscripsit

459 4817 584 4856 cum
645 4801 951 4874 Dammate,
1009 4826 1105 4865 seu
1137 4811 1310 4870 Dal‘no
1342 4817 1600 4888 episcopo
1638 4836 1704 4875 ex
1749 4824 2025 4892 provincia

463 4889 767 4950 Viennense
796 4897 1014 4954 civitate
1042 4901 1297 4971 Vasione,
1328 4904 1515 4963 Victor
1539 4911 1830 4977 exorcista,
1859 4923 1912 4969 et
1934 4915 2027 4968 alii

459 4987 524 5035 ad
581 4997 784 5038 annum
817 4986 963 5042 C.N.
1011 4990 1138 5046 5'26.
1184 4995 1560 5066 Acolythatus,
1600 5000 1685 5055 vel
1714 5002 2027 5059 cerolerarii

406 5142 411 5146 θ
460 5089 683 5141 munus,
713 5077 802 5132 cui
833 5079 902 5133 ab
933 5081 1190 5152 episcopo
1240 5087 1536 5159 porrigitur
1563 5101 1614 5144 et
1650 5093 1881 5147 traditur
1904 5112 2030 5150 can-

458 5165 742 5221 delabrum
789 5185 916 5225 cum
957 5174 1182 5229 candela
1229 5179 1519 5244 exstincta,
1556 5192 1609 5234 et
1653 5185 1905 5240 urceolus
1933 5203 2027 5241 va-

457 5272 596 5311 cuus
634 5258 702 5313 ad
738 5265 1136 5332 suggerendum
1167 5268 1354 5324 vinum
1390 5282 1443 5326 et
1474 5289 1671 5343 aquam
1724 5277 1777 5329 in
1814 5276 2024 5334 Eucha-

457 5349 667 5406 ristiam
713 5355 997 5425 sanguinis
1042 5356 1266 5427 Christi,
1307 5364 1375 5418 de
1403 5382 1512 5435 quo
1551 5370 1686 5422 satis
1726 5371 1810 5440 egi
1839 5386 2026 5442 super-

458 5457 564 5509 (lue
601 5458 654 5500 c.
685 5445 718 5497 5
741 5445 1028 5503 Corollarii
1059 5455 1284 5507 secundi
1321 5455 1395 5510 De
1425 5458 1588 5528 Agnis
1618 5459 1735 5527 Dei,
1766 5473 1821 5516 et
1846 5466 2022 5519 cardi-

462 5533 599 5588 nalis
653 5535 920 5594 Baronius
968 5541 1037 5595 ad
1097 5559 1301 5599 annum
1352 5547 1460 5614 58;
1499 5565 1622 5604 cum
1662 5554 1936 5624 deputata,
1969 5567 2024 5614 et

463 5626 828 5718 ξανδηλάπτῃ,
863 5646 925 5684 ac
952 5633 1294 5708 λαοσυνὰκτῃ
1325 5649 1379 5693 et
1397 5642 1762 5718 ὲκκλεσιάρχῃ
1791 5649 2024 5706 miscent

464 5711 654 5768 Graeci.
715 5718 816 5773 Per
873 5721 1190 5782 Onesimum
1241 5729 1573 5802 acolythum,
1637 5711 1834 5795 Dan-lus
1875 5741 2024 5799 misit

1194 292 1357 354 JOS.‘
1382 297 1646 357 MAleE
1687 301 2040 366 SUARESII
2081 312 2312 374 LIBER
2355 316 2988 386 CHRONOLOGICUS

3632 328 3758 392 14130

2093 437 2136 489 Α
2167 431 2425 500 epistolas
2456 450 2586 492 suas
2609 437 2677 491 ad
2705 437 3078 501 Colossenses,
3107 448 3163 493 et
3188 438 3256 494 ad
3281 440 3760 497 Thessalonicen-

2165 541 2258 581 ses
2285 527 2442 590 duas,
2472 530 2761 586 nominans
2791 546 2914 584 cum
2944 532 3002 586 in
3055 533 3294 602 Epistola
3337 536 3405 590 ad
3463 535 3757 591 Philemo-

2163 632 2335 684 nem;
2371 617 2476 674 fuit
2525 621 2615 675 hic
2667 620 2960 678 Onesimus
3005 624 3296 695 episcopus
3323 624 3568 696 Ephesi,
3614 643 3756 679 iar-

2162 718 2354 779 tyrque
2389 709 2594 777 Romae,
2641 729 2672 768 e
2704 713 3084 784 Martyrologio
3120 716 3374 773 Romano
3402 721 3480 774 15
3515 719 3756 773 Febr-uso

2163 802 2266 866 rii;
2306 818 2402 871 per
2429 803 2791 873 Epiphanium
2827 807 3082 862 lectorem
3110 810 3180 863 ad
3207 809 3632 880 Philippenses,
3665 828 3755 864 co—

2161 905 2390 961 rumque
2441 894 2502 947 iit
2559 895 2764 949 mentio
2805 895 2856 950 in
2892 901 3246 967 argumentis.
3284 888 3514 957 Erat'id
3551 920 3753 959 munus

2160 983 2367 1037 litteras
2397 984 2704 1051 perferendi
2737 987 3117 1057 episcoporum
3152 991 3221 1046 ad
3248 992 3541 1048 Ecclesias
3569 996 3750 1064 injun-

2160 1083 2307 1127 ctum
2379 1075 2695 1143 lectoribus,
2759 1081 3050 1150 acolythis,
3106 1098 3172 1136 ac
3231 1085 3634 1152 subdiaconis,
3696 1101 3750 1141 ut

2159 1168 2394 1222 ostendit
2445 1182 2664 1225 sanctus
2716 1170 3022 1242 Cyprianus
3083 1175 3243 1245 epist.
3297 1177 3390 1240 16,
3431 1179 3494 1232 in
3539 1195 3652 1248 qua
3687 1182 3748 1233 de.

2157 1257 2409 1313 Cclcrino
2439 1261 2694 1332 acolytho
2732 1263 2798 1317 ad
2831 1264 3174 1321 diac0uatum
3204 1281 3396 1337 postea
3439 1282 3744 1338 provecto:

2158 1351 2223 1404 de
2250 1366 2358 1420 quo
2407 1351 2607 1408 Euseb.
2655 1367 2710 1410 et
2758 1353 3105 1429 Martyrolog.
3161 1359 3318 1415 Rom.
3365 1361 3403 1415 5
3432 1361 3743 1426 Februarii,

2159 1443 2250 1496 ubi
2293 1443 2588 1500 cardinalis
2639 1447 2925 1514 Baronius,
2975 1451 3069 1519 qui
3100 1461 3156 1506 et
3187 1453 3253 1507 ad
3307 1469 3528 1507 annum
3585 1455 3655 1509 £9
3694 1457 3744 1510 in

2156 1538 2353 1592 Annal.
2411 1537 2502 1609 (an
2542 1539 2634 1594 ille
2664 1541 2757 1610 qui
2796 1542 3054 1612 superius
3092 1543 3198 1599 fos.
3231 1545 3564 1612 Celerinus)
3599 1547 3670 1601 94
3693 1560 3743 1602 et

2155 1630 2265 1686 9.5:
2327 1633 2576 1701 quamvis
2638 1632 2706 1689 de
2737 1649 2963 1692 cursore
3016 1637 3164 1692 illam
3211 1640 3281 1695 ad
3327 1657 3456 1696 rem
3493 1643 3741 1712 eligendo

2157 1725 2437 1794 scripserit
2467 1736 2692 1783 sanctus
2729 1727 2985 1799 lgnatius.
3021 1731 3249 1800 epistola
3275 1733 3345 1788 ad
3371 1733 3737 1804 Polycarpum

2322 1818 2630 1874 tabellarios
2681 1822 3084 1890 episcoporum,
3129 1839 3224 1879 seu
3255 1825 3503 1895 legatos,
3538 1827 3740 1881 littera-

2153 1927 2388 1981 rumque
2424 1912 2625 1969 latores
2669 1917 2943 1984 comperio
2966 1917 3246 1988 acolythus
3297 1918 3454 1988 apud
3489 1931 3738 1974 Sanctum

2150 2002 2540 2073 Augustinum,
2592 2007 2817 2076 epistola
2871 2008 2976 2063 104
3029 2012 3096 2064 ad
3131 2008 3373 2075 Sixtum,
3408 2014 3512 2067 cui
3545 2015 3735 2068 rescri-

2153 2103 2307 2162 ptum
2331 2110 2490 2148 suum
2522 2095 2672 2150 misit
2702 2112 2798 2166 per
2828 2098 3086 2153 Albinum
3112 2102 3462 2172 acolytlmm.
3487 2103 3738 2159 Clemens

2154 2185 2348 2240 tertius
2397 2202 2534 2256 papa
2583 2187 2636 2242 in
2691 2189 2860 2258 antiq.
2896 2189 3231 2247 Collectioue
3281 2193 3339 2259 ἓ,
3407 2195 3564 2264 apud
3616 2196 3731 2248 Ant.

2150 2282 2379 2348 August.
2406 2279 2500 2333 lib.
2530 2295 2603 2334 vtt
2634 2279 3008 2346 Decretalium,
3040 2284 3124 2338 tit.
3153 2284 3185 2338 7
3218 2285 3293 2340 De
3314 2303 3569 2341 concess.
3601 2287 3734 2342 Pre-

2151 2369 2266 2422 ben.
2307 2371 2375 2422 ad
2402 2369 2701 2425 Rementem
2731 2373 3199 2443 archiepiscopum,
3222 2391 3272 2430 c.
3300 2377 3335 2430 4
3361 2395 3377 2428 :
3424 2395 3444 2428 ι
3486 2376 3733 2432 Insinua-

2148 2462 2227 2514 vit
2253 2461 2412 2516 nobis
2440 2462 2676 2530 (scribit)
2713 2464 2945 2522 dilectus
2973 2466 3113 2522 [ilius
3147 2477 3339 2524 noster
3373 2468 3442 2524 ϐ.
3484 2485 3663 2539 nepos
3683 2481 3734 2525 et

2149 2553 2431 2624 acolythus
2472 2563 2675 2610 noster.
2723 2575 2744 2607 ι

2219 2644 2491 2700 Minorum
2553 2647 2777 2702 istorum
2836 2650 3094 2705 ordinum
3151 2654 3461 2708 meminere
3512 2666 3730 2709 sanctus

2147 2735 2363 2793 Marcus
2391 2739 2443 2792 in
2477 2738 2740 2809 Liturgia,
2769 2741 3022 2798 Clemens
3049 2742 3332 2801 Romanus
3371 2745 3431 2799 in
3458 2747 3731 2801 constitu-

2147 2831 2409 2895 tionibus,
2431 2831 2780 2902 στηκέτωσαν
2807 2834 2865 2887 δὲ
2895 2836 2945 2887 οἱ
2974 2835 3074 2906 μὲν
3099 2836 3341 2908 πυλωροὶ
3373 2841 3458 2902 εἰς
3488 2840 3600 2902 τὰς
3629 2842 3733 2892 εἰσ»

2145 2921 2298 2986 ὁδους
2322 2923 2429 2976 τῶν
2477 2923 2704 2996 ἀνδρῶν.
2756 2928 3023 2980 Assistant
3073 2937 3251 2982 autem
3299 2931 3527 2983 ostiarii
3555 2932 3731 2984 adin-

2145 3029 2352 3084 gressus
2383 3014 2638 3078 virorum,
2673 3024 2728 3070 et
2759 3015 3012 3072 Capones
3041 3019 3425 3088 apostolorum
3447 3021 3574 3090 jam
3615 3023 3726 3076 lan-

2145 3103 2256 3158 dati
2281 3121 2295 3169 ;
2332 3105 2448 3160 fuse
2474 3103 2541 3159 de
2574 3105 2656 3160 his
2689 3106 3041 3164 doctissimus
3068 3109 3270 3165 Hallier
3300 3113 3614 3182 episcopus
3633 3114 3730 3166 Ca-

2142 3197 2475 3260 ballicensis,
2529 3213 2583 3267 p.
2639 3199 2766 3264 564,
2816 3201 2870 3254 in
2910 3201 3079 3256 altera
3107 3211 3261 3270 parte
3293 3203 3372 3260 De
3406 3207 3595 3261 sacris
3625 3206 3732 3261 cleo

2141 3288 2434 3353 ctionibus,
2485 3300 2538 3342 et
2585 3289 2977 3346 ordinationib.
3031 3302 3165 3348 sect.
3208 3295 3263 3360 1,
3299 3311 3351 3350 c.
3390 3297 3445 3360 1,
3479 3298 3646 3351 artic.
3677 3299 3723 3350 1.

2141 3377 2373 3435 Sanctus
2427 3379 2723 3451 Gregorius
2776 3380 3152 3441 Nazianzenus
3206 3399 3351 3442 orat.
3406 3388 3504 3455 18,
3541 3399 3726 3443 narrat

2141 3480 2388 3526 sanctum
2450 3471 2781 3543 Cyprianum
2835 3474 3110 3546 Magnum,
3173 3489 3474 3548 antequam
3540 3493 3725 3550 pastor

2139 3564 2310 3626 ﬁeret,
2362 3564 2629 3634 νεωκόρον
2658 3563 2827 3620 fuisse
2873 3566 3164 3633 delectum,
3205 3568 3258 3624 id
3299 3578 3405 3636 est,
3429 3571 3717 3636 redituram,

2138 3656 2216 3710 uti
2269 3655 2457 3710 Dillius
2506 3657 2562 3710 in
2601 3656 2756 3713 Notis
2784 3660 3026 3726 exponit.
3059 3660 3390 3728 Ministrum,
3429 3665 3718 3726 nimirum.

2137 3748 2227 3803 cui
2247 3749 2428 3818 templi
2459 3751 2796 3820 expurgandi
2819 3762 2872 3806 et
2900 3754 3148 3807 verrendi
3197 3769 3402 3809 munus
3431 3757 3718 3812 incumbe-

2135 3839 2247 3906 bat,
2270 3855 2382 3894 uno
2409 3839 2574 3894 verbo
2601 3842 2894 3906 ostiarius;
2922 3843 3569 3926 673huicAdbelmus,
3589 3866 3638 3902 σε.
3656 3849 3718 3901 15

2135 3930 2214 3984 De
2243 3930 2444 3985 laudib.
2475 3933 2817 4002 virginitatis,
2845 3945 2902 3989 et
2931 3935 3136 3991 Hallier
3181 3953 3234 4006 p.
3263 3938 3370 3992 566
3395 3942 3715 3995 assentiun-

2135 4029 2245 4089 tur,
2301 4023 2392 4077 sed
2417 4032 2535 4078 acta
2562 4039 2867 4092 praconem
2897 4036 2951 4082 et
3001 4029 3369 4097 expositorem
3402 4046 3713 4095 sacrorum,

2133 4113 2189 4169 id
2229 4125 2312 4169 est
2357 4115 2613 4170 lectorem
2659 4117 2970 4187 perhibent.
3000 4117 3207 4176 Deinde
3231 4137 3365 4177 vero
3393 4123 3711 4186 diaconum,

2133 4205 2452 4273 neutiquam
2503 4215 2812 4274 pastorem,
2854 4221 2950 4262 seu
2977 4210 3312 4278 pontiﬁcem,
3347 4213 3711 4284 Martyrolog.

2132 4293 2296 4352 Rom.
2348 4297 2437 4351 die
2471 4296 2541 4351 26
2585 4297 2942 4367 Septembris;
2979 4299 3072 4354 ubi
3101 4302 3397 4358 cardinalis
3438 4303 3713 4359 Baronius

2131 4386 2356 4441 adnotat
2411 4387 2630 4444 Grzecos
2690 4388 2880 4446 Patres
2932 4389 3331 4448 Antiochenu
3371 4394 3712 4466 Cyprianum

2063 4476 2346 4559 “Magum
2393 4478 2618 4536 Justinat
2671 4498 2897 4552 procum
2958 4483 3291 4540 confundere
3348 4489 3547 4544 solitos
3587 4507 3713 4544 cum

2133 4569 2550 4641 Carthaginensi
2577 4575 2828 4642 praesule,
2865 4575 3010 4630 sicut
3034 4576 3178 4630 idem
3209 4575 3423 4644 Billius,
3453 4581 3555 4649 qui
3583 4596 3712 4636 san-

2131 4669 2282 4715 ctum
2339 4663 2664 4732 Gregorium
2703 4663 3130 4733 Nazianzenum,
3169 4667 3346 4736 quoad
3379 4671 3587 4736 potuit,
3614 4687 3711 4726 ex-

2133 4768 2324 4808 cusare
2350 4754 2503 4809 nisus
2532 4763 2638 4810 est.
2677 4756 2750 4810 De
2783 4757 2954 4826 gradu
2979 4759 3164 4813 aeditui
3195 4769 3420 4816 sanctus
3442 4761 3713 4819 Paulinus

2130 4841 2396 4911 Nolanus,
2455 4846 2612 4916 epist.
2657 4847 2691 4902 6
2726 4848 2794 4902 ad
2837 4847 3107 4904 Severum.
3140 4849 3311 4906 Graeci
3342 4855 3708 4920 recentiores,

2130 4935 2361 4991 lectores
2387 4948 2596 4992 tantum
2620 4950 2942 5009 agnoscunt,
2959 4950 3017 4995 at
3038 4951 3244 4997 veteres
3261 4943 3559 4999 ostiarium
3583 4962 3712 5014 pra:-

2128 5037 2297 5095 terea,
2357 5039 2414 5083 et
2461 5031 2810 5097 exorcistam,
2862 5040 3026 5101 atque
3047 5033 3378 5104 acolythum,
3410 5047 3554 5092 teste
3582 5036 3710 5091 Hal-

2128 5121 2247 5186 lier,
2288 5136 2410 5191 pag.
2431 5121 2536 5177 585
2573 5122 2648 5176 De
2670 5124 2919 5202 gradibus
2956 5124 3405 5196 presbyterorum,
3445 5129 3707 5183 diacono-

2133 5228 2275 5274 rum,
2325 5213 2767 5269 subdiaconorum
2812 5227 2861 5272 et
2921 5217 3194 5273 lectorum.
3235 5218 3385 5275 Elias
3423 5221 3706 5278 Cretensis

2127 5303 2182 5358 in
2212 5305 2481 5359 decimam
2513 5308 2813 5364 orationem
2848 5311 3024 5366 sancti
3063 5312 3312 5380 Gregorii
3343 5312 3702 5377 Nazianzeni,

2126 5409 2249 5464 pag.
2297 5395 2423 5450 375.
2485 5397 2720 5453 Sanctus
2778 5397 3069 5472 Dionysius
3128 5403 3482 5473 Areopagita,
3519 5420 3641 5473 cap.
3672 5405 3705 5457 5

2127 5486 2328 5545 Eccles.
2361 5490 2622 5545 Itierarch.
2660 5502 2814 5562 parte
2840 5510 2904 5560 ιι,
2936 5505 3092 5550 vocat
3119 5496 3411 5567 ἐκκρίτους
3461 5497 3705 5567 λειτουρ-

2125 5581 2274 5648 γούς,
2329 5583 2381 5637 id
2409 5593 2514 5651 est,
2543 5584 2760 5641 selectos
2791 5589 3082 5656 ministros,
3116 5589 3168 5645 id
3193 5600 3296 5653 est,
3325 5591 3698 5661 presbyteros,

2124 5671 2207 5725 vel
2263 5672 2543 5739 diaconos,
2597 5675 2846 5747 aliosque
2884 5679 3150 5750 adjungit,
3188 5681 3437 5737 minores
3468 5685 3696 5746 scilicet,

2125 5765 2217 5832 qui
2272 5770 2571 5825 sanctuarii
2620 5769 2829 5826 foribus
2881 5780 3096 5839 astant,
3125 5783 3176 5828 et
3198 5773 3322 5829 aliis
3351 5775 3694 5839 ministram,
