3852 6052
79 353 226 418 1401

1423 360 1522 420 DE
1562 360 1739 420 νιΤΑ
1779 361 1840 422 S.
1875 361 2040 422 NILI

3217 340 3353 413 1402

79 469 415 523 Secundum
457 470 660 524 οἰκείαν
703 472 877 541 τάξιν,
915 473 1096 539 idest,
1121 477 1396 545 proprium
1419 477 1685 542 ordinem,

1799 478 1916 548 logi.
1970 478 2316 547 Praepositus,
2381 477 2435 532 in
2491 477 2664 532 ο.15.
2715 476 2842 532 dist.
2883 476 2969 537 15,
3021 469 3185 526 tradit
3235 479 3358 522 octo

79 559 260 614 sicuti
332 561 695 617 subdiaconos
743 565 838 633 qui
881 565 1124 622 minores
1159 568 1400 636 reliquos
1432 581 1682 636 compre-

77 647 482 718 hendebant,e
503 650 854 723 Pachymere,
871 663 1038 722 atque
1062 653 1300 709 Maximo
1333 655 1389 709 in
1421 655 1674 710 scholiis.

156 738 454 807 Quorsum
489 743 592 799 iste
625 744 840 812 cinnus,
872 755 1032 816 atque
1065 746 1279 818 farrago
1314 747 1381 802 de
1404 747 1681 813 ostiariis,

79 831 432 896 lectoribus,
469 837 757 892 exorcistis
780 877 796 903 ,
823 847 877 892 et
904 838 1068 893 aliis?
1097 839 1201 894 nisi
1232 848 1294 894 ut
1321 839 1681 895 oeconomiam

83 921 482 996 Romanaque
548 928 823 996 providam
892 929 1351 998 dispensationem
1427 930 1684 985 Ecclesia:

82 1015 282 1082 magis
314 1032 381 1071 ac
411 1018 581 1086 magis
607 1018 860 1085 admirer,
885 1029 1045 1089 atque
1075 1023 1390 1091 suspiciam,
1413 1038 1533 1092 quae
1561 1020 1684 1092 Spi-

80 1106 235 1160 ritus
275 1109 458 1164 sancti
499 1109 677 1164 atﬂatu
731 1111 994 1168 instincta
1023 1113 1308 1170 inferiores
1337 1117 1538 1186 gradus
1566 1115 1682 1170 los-

82 1198 408 1262 soriorum,
438 1215 532 1255 seu
578 1202 870 1268 fossorum,
905 1214 959 1259 et
992 1205 1395 1275 psalmistarnm
1431 1207 1517 1275 (de
1547 1221 1682 1276 quo-

82 1303 216 1341 rum
245 1290 460 1343 muniis
480 1291 606 1345 vide
630 1307 681 1346 c.
706 1293 882 1348 ultim.
901 1295 1236 1352 Pontificalis
1254 1295 1506 1360 Romani,
1525 1294 1680 1367 etc.,)

82 1382 304 1438 officiis
329 1385 645 1455 deputavit,
686 1396 741 1441 at
775 1388 1087 1456 superiores
1114 1389 1389 1444 aceens-uit
1422 1391 1561 1443 inter
1594 1406 1684 1443 or-

82 1472 281 1539 dines,
331 1473 434 1530 ﬁxe
463 1477 764 1543 stabiliens,
795 1479 1143 1548 minoresque
1165 1480 1520 1549 nuncupavit,
1561 1479 1685 1535 aliis

85 1569 282 1624 tribus
335 1571 506 1625 sacris
577 1573 844 1642 majorum
897 1589 1095 1628 nomen
1154 1575 1458 1644 imponens.
1519 1572 1684 1628 Caius

82 1663 303 1717 etenim
324 1663 565 1733 pontifex
581 1665 868 1730 Maximus,
886 1665 1152 1732 Dalmata,
1167 1682 1230 1722 ex
1259 1682 1455 1737 genere
1484 1665 1686 1721 Diocle-

85 1756 232 1810 tiani
257 1755 516 1826 Augusti,
539 1758 604 1812 ad
627 1773 828 1812 annum
847 1757 909 1814 C.
925 1759 1052 1825 285,
1067 1760 1119 1813 in
1143 1760 1347 1831 cryptis
1363 1760 1680 1826 habitando,

1781 570 1952 627 fuisse
1976 572 2194 642 grados,
2228 571 2428 640 quibus
2457 571 2848 626 ascendebatur
2875 569 2938 622 ad
2985 574 3195 636 portam
3225 571 3361 614 tem-

1783 665 1857 736 pli
1906 681 1974 719 ex
2032 663 2318 718 Ezechiele
2355 676 2405 719 c.
2439 680 2525 728 χι,
2563 673 2617 718 et
2651 663 2872 718 totidem
2905 660 3020 714 fore
3047 657 3359 726 dignitates.

1781 757 1982 827 quibus
2012 757 2322 826 proceditur
2353 757 2417 811 ad
2451 765 2729 826 papatum,
2760 755 2874 809 sive
2907 763 3178 806 summum
3223 760 3360 816 pon-

1783 850 2068 913 tiﬁcatum,
2101 863 2296 916 nempe
2336 849 2675 917 parochiam,
2707 847 3054 905 decanatum,
3087 836 3360 891 archidia-

1783 949 2059 1004 conatum,
2085 954 2180 994 seu
2203 938 2633 1008 przeposituram,
2651 935 2942 998 abha‘tiam,
2964 932 3357 1000 episcopatum,

1783 1032 2644 1101 archiepiscopatum,primatum
2681 1044 2734 1084 et
2757 1025 3201 1098 patriarchatum.
3250 1019 3358 1073 Leo

1785 1121 2016 1176 Allatius
2039 1123 2631 1192 con-tendit,etprobat
2661 1123 2756 1176 lib.
2787 1119 2864 1174 De
2904 1127 3050 1173 wtat.
3080 1125 3126 1170 et
3154 1116 3356 1167 interst.

1786 1215 2108 1280 Crtecorum,
2136 1216 2393 1270 lectorem
2436 1231 2542 1270 non
2579 1213 2941 1269 ordinandum
2977 1225 3070 1264 seu
3100 1203 3362 1272 Ἀναγνώ-

1787 1327 1918 1380 στην
1940 1325 2085 1372 eum,
2105 1309 2196 1377 qui
2220 1307 2285 1362 18
2308 1324 2481 1363 annos
2497 1309 2691 1369 aetatis.
2707 1308 2787 1361 vel
2813 1305 2883 1360 20
2907 1319 3007 1358 ιιοιι
3026 1303 3313 1372 explesset,
3329 1313 3361 1352 e

1785 1400 2173 1457 Nomocanone
2206 1400 2412 1464 Photii,
2447 1399 2712 1469 Notisque
2744 1391 3361 1459 Balsamonis,eBasili-

1784 1494 1884 1556 cis.
1919 1508 2056 1562 cqne
2071 1491 2292 1546 Novella
2310 1491 2608 1562 praesertim
2623 1491 2726 1544 Q57
2745 1487 3033 1543 Justiniani
3052 1485 3189 1554 apud
3208 1481 3358 1536 Grac-

1784 1599 1900 1650 cos,
1939 1601 1989 1654 p.
2014 1585 2081 1638 36
2102 1592 2154 1638 et
2171 1585 2259 1641 59.
2294 1583 2468 1650 Unde,
2493 1582 2648 1637 sicuti
2667 1581 2777 1650 jam
2798 1579 3026 1644 asserui,
3048 1574 3360 1630 'l‘heodulus

1783 1678 1888 1732 Nili
1919 1678 2061 1732 illius
2092 1678 2158 1732 ad
2200 1677 2486 1748 νεωκόρων
2516 1684 2824 1745 provectus,
2868 1673 2921 1725 in
2963 1670 3150 1725 ordine
3179 1681 3358 1725 sacro.

1787 1786 2006 1833 munus,
2039 1769 2350 1840 impositum
2391 1766 2494 1823 sibi
2521 1782 2552 1820 a
2583 1766 2866 1821 sacerdote
2899 1762 3206 1816 divinorum
3247 1773 3362 1826 my-

84 1859 185 1899 seu
234 1846 600 1913 catacumbis.
654 1855 714 1901 ιιι
758 1859 976 1912 vocant.
1009 1850 1124 1914 sed.
1176 1860 1233 1904 ιη
1274 1864 1374 1920 ego
1424 1849 1678 1916 arbitror.
1712 1839 1757 1894 Β
1786 1862 2080 1916 steriorum
2120 1839 2360 1923 Christi,
2413 1873 2538 1912 cum
2602 1856 2831 1926 impigre
2878 1850 3011 1908 illud
3061 1851 3256 1914 obiret,
3308 1857 3362 1901 et

88 1937 482 2006 catatumbis;
509 1939 561 1994 id
591 1947 696 2005 est,
726 1940 795 1994 ad
832 1941 1068 2006 tumbas,
1097 1956 1194 1996 seu
1224 1941 1464 1997 tumulos
1513 1942 1682 2011 (tum-

85 2027 160 2084 ba
215 2031 376 2085 en-im
425 2045 532 2086 vox
585 2043 668 2088 est
715 2034 886 2088 sancti
914 2033 1195 2104 Gregorii,
1248 2049 1370 2104 qua:
1414 2035 1683 2089 tumulum

89 2123 380 2193 signiﬁcat
413 2139 430 2180 :
470 2135 524 2180 et
553 2126 628 2180 ita
651 2126 821 2182 sensit
840 2127 1133 2183 eardinalis
1157 2126 1420 2183 Baronius
1447 2127 1503 2181 in
1531 2125 1684 2182 Notis

89 2217 158 2270 ad
179 2217 216 2271 5
232 2217 485 2272 Januarii
500 2217 775 2290 Martyrol.
792 2218 1044 2286 Romam,
1062 2219 1310 2288 quamvis
1328 2219 1573 2274 Latinius
1589 2237 1687 2273 καρ-

91 2308 394 2378 τακύμὸον
453 2309 656 2364 dictum
714 2310 864 2375 velit,
925 2311 1090 2364 veluti
1148 2325 1486 2375 concavum,
1543 2311 1686 2381 apud

95 2399 277 2468 Magri
320 2400 374 2454 in
407 2393 654 2471 Notitia),
685 2416 810 2456 cum
844 2402 1052 2473 fugeret
1079 2403 1529 2472 persecutionem,
1562 2419 1689 2458 con-

97 2492 292 2546 stituit
321 2501 379 2548 ut
406 2493 622 2548 ordines
653 2509 842 2550 omnes
862 2495 918 2549 in
943 2496 1182 2551 Ecclesia
1209 2496 1288 2550 sic
1312 2495 1682 2550 ascenderent.

99 2583 166 2651 Si.
229 2583 366 2653 quis
401 2585 688 2654 episcopus
714 2601 838 2642 esse
871 2597 1195 2653 mereretur,
1227 2595 1372 2642 esset
1405 2588 1685 2650 ostiarius,

97 2678 305 2743 lector,
327 2677 624 2746 exorcista;
647 2693 900 2748 sequens,
933 2679 985 2734 id
1014 2687 1116 2744 est,
1135 2679 1435 2749 acolythus,
1465 2679 1688 2734 subdia-

95 2785 321 2836 conus;
376 2770 663 2836 diaconus,
711 2770 1012 2841 presbyter,
1062 2781 1117 2826 et
1161 2773 1445 2841 episcopus
1493 2771 1689 2826 exinde

97 2862 476 2916 ordinaretur.
517 2863 591 2916 Ex
620 2861 910 2917 Anastasio
935 2901 952 2925 ,
984 2861 1097 2916 sive
1126 2873 1348 2917 auctore
1380 2861 1510 2917 Vita:
1537 2841 1687 2931 pont.

99 2949 272 3004 llom.
320 2965 441 3020 pag.
471 2951 560 3005 15.
587 2950 847 3006 Silvester
884 2961 1070 3021 postea
1099 2954 1152 3005 in
1187 2952 1418 3007 concilio
1444 2952 1690 3007 Romano

98 3057 151 3095 c.
196 3042 256 3106 7,
294 3050 348 3096 et
383 3040 572 3097 Patres
607 3042 1052 3113 Carthaginensis
1103 3044 1293 3113 synodi
1333 3053 1541 3112 quarta:
1570 3044 1691 3098 toti-

1785 1954 2096 2026 ὐπηρεσίας
2132 1951 2378 2023 πρώτας,
2434 1951 2738 2006 ministeria
2771 1949 2945 2019 prima
2977 1946 3089 2002 sive
3127 1941 3360 2006 osriarii,

1783 2055 1839 2102 et
1888 2047 2093 2112 aeditui,
2129 2055 2290 2115 atque
2328 2044 2567 2108 lectoris,
2600 2058 2720 2113 quae
2752 2050 2942 2096 mutuo
2972 2053 3094 2095 sese
3122 2035 3358 2105 comple-

1785 2141 2090 2206 ctehantur,
2140 2145 2415 2194 exerceret
2469 2138 2733 2203 studiose,
2781 2147 3139 2206 magnamque
3176 2128 3360 2184 conci-

1787 2239 1926 2285 taret
1955 2246 2104 2299 spem
2137 2228 2433 2299 profectus,
2465 2244 2588 2283 cum
2622 2227 2772 2283 brevi
2801 2236 3040 2298 tempore
3065 2225 3232 2278 multa
3262 2222 3366 2275 vir-

1786 2328 1962 2374 tutum
1982 2319 2304 2389 praebuisset
2325 2319 2643 2388 specimina,
2667 2326 2720 2372 et
2740 2317 2791 2370 id
2818 2315 3071 2369 omnibus
3093 2312 3372 2382 foretproa-

1784 2421 1903 2482 pter
1933 2412 2125 2476 bonos,
2163 2411 2472 2480 probosquc
2508 2423 2688 2463 mores
2715 2427 2729 2474 ;
2762 2406 3126 2476 consequitur
3155 2403 3364 2458 certius

1786 2521 1912 2560 eum
1961 2505 2206 2575 exegisse
2255 2506 2440 2558 decem
2482 2511 2536 2557 et
2565 2511 2688 2557 octo
2715 2517 2908 2565 annos,
2942 2501 3049 2553 imo
3078 2505 3134 2552 et
3155 2493 3361 2564 viginti.

1862 2595 2136 2649 Hactenus
2156 2596 2382 2662 primam
2405 2594 2658 2664 paginam
2680 2592 2813 2646 Vitae
2833 2591 3006 2646 sancti
3027 2588 3129 2642 Nili
3158 2585 3366 2641 abbatis

1787 2685 2052 2756 pet-volvi,
2089 2700 2236 2739 nunc
2265 2685 2331 2739 ad
2363 2685 2588 2738 alteram
2619 2699 2805 2753 pergo.
2840 2680 2894 2735 Si
2929 2681 3078 2751 prius
3109 2679 3369 2734 observa-

1788 2778 1958 2831 verim
2016 2777 2345 2830 recentiores
2401 2775 2641 2841 Graecos,
2703 2774 2796 2843 qui
2847 2773 3106 2826 Romanae
3160 2769 3371 2822 malunt

1790 2869 2046 2925 Ecclesiae
2072 2870 2406 2939 reliquarum
2443 2869 2602 2923 matri
2633 2867 2925 2929 adhaerere,
2958 2880 3059 2918 nec
3096 2863 3166 2918 ab
3193 2877 3254 2915 ea
3283 2875 3368 2914 re-

1790 2963 1912 3017 velli
1983 2962 2325 3031 discindique
2376 2962 2632 3032 gaudent,
2683 2959 2998 3014 lectoratum
3038 2970 3160 3012 cum
3195 2953 3370 3022 prima

1791 3067 2017 3110 tonsura
2059 3053 2329 3118 conferre,
2376 3062 2436 3107 ut
2480 3053 2534 3106 in
2569 3050 2920 3120 Euchologio,
2953 3047 3044 3102 ubi
3075 3044 3227 3110 τάξις
3255 3061 3372 3114 χει-

99 3134 229 3188 dem
279 3143 729 3190 numeraveram.
761 3134 1068 3189 Cardinalis
1110 3135 1378 3191 Baronins
1419 3137 1583 3190 refert
1624 3138 1688 3189 ad

1799 3145 2040 3217 ροτονίας
2081 3143 2176 3198 τοῦ
2216 3145 2568 3214 ἀναγνώστου
2612 3144 2666 3197 in
2701 3142 2892 3212 primis
2927 3139 3170 3211 κείρεται
3195 3139 3222 3190 ὸ
3253 3134 3374 3189 δοῦ-

99 3242 320 3280 annum
353 3225 414 3282 C.
467 3226 529 3280 Ν.
570 3227 661 3293 AM,
697 3243 753 3281 η.
784 3227 872 3281 54.
904 3225 1000 3281 Pie
1031 3243 1096 3281 ac
1142 3228 1419 3293 ingeniose
1454 3227 1692 3282 Landul-

102 3319 251 3385 phus
283 3317 688 3374 Cartbusianus
736 3327 886 3388 parte
931 3334 950 3372 ι
997 3318 1132 3373 Vita:
1172 3319 1391 3384 Christi,
1437 3337 1487 3374 c.
1533 3320 1624 3385 65,
1666 3337 1696 3376 e

103 3421 308 3466 sancto
345 3411 656 3476 Ambrosio,
690 3411 906 3467 lectoris
937 3427 1137 3467 munus
1167 3413 1482 3482 praestitisse
1529 3423 1697 3468 testa-

105 3515 196 3556 tur
234 3503 520 3560 Christum
555 3503 869 3569 Dominum,
914 3504 1133 3573 quando
1160 3485 1289 3574 legit
1328 3505 1380 3558 in
1425 3520 1697 3574 synagoga

105 3595 228 3663 ipse
277 3595 609 3652 versiculum
656 3598 892 3665 primum
937 3597 1130 3664 capitis
1177 3597 1501 3664 sexagesimi
1538 3597 1699 3666 primi

108 3686 291 3752 Isaiae,
333 3696 393 3741 ut
430 3695 616 3740 narrat
636 3695 859 3742 sanctus
905 3686 1104 3754 Lucas,
1141 3704 1218 3752 ix,
1279 3687 1346 3742 18
1379 3687 1696 3758 Evangelii;

107 3775 407 3831 ostiurium
454 3776 644 3842 etiam,
668 3777 886 3846 quando
911 3777 1067 3846 ejecit
1094 3777 1408 3843 vendentes,
1431 3787 1486 3832 et
1513 3792 1700 3831 einen-

109 3879 194 3924 tes
243 3869 313 3923 de
357 3868 592 3939 templo;
642 3870 1000 3935 exorcistam,
1055 3869 1372 3940 expellendo
1423 3871 1702 3926 daemonas

111 3976 142 4014 e
169 3961 500 4030 corporibus
517 3960 684 4033 674
703 3961 982 4016 homine
1003 3963 1345 4033 ;aeolythum
1368 4001 1383 4024 ,
1417 3977 1512 4040 seu
1542 3978 1700 4017 cero-

115 4051 482 4117 ferarium,se
510 4053 688 4108 lucem
712 4069 894 4107 veram
918 4053 1275 4120 ostentando;
1299 4061 1353 4108 et
1375 4055 1449 4108 ita
1466 4063 1702 4123 quatuor

117 4145 310 4198 munia
355 4145 629 4199 minorum
667 4145 921 4198 ordinum
967 4147 1296 4200 exercuisse.
1352 4144 1486 4199 Erat
1533 4145 1586 4199 in
1637 4159 1703 4200 co

119 4234 326 4305 quippe
353 4245 594 4305 potestas
634 4236 965 4291 excellentiae
983 4271 1000 4301 ,
1029 4238 1083 4291 id
1102 4246 1204 4303 est,
1235 4237 1525 4292 ministerii
1556 4236 1707 4306 prin-

121 4331 318 4399 cipalis
345 4331 642 4385 secundum
671 4330 813 4400 quod
843 4338 962 4385 erat
985 4329 1166 4394 homo;
1198 4345 1324 4383 nam
1353 4330 1406 4383 in
1439 4339 1703 4400 quantum

126 4418 276 4476 Deus
321 4421 553 4476 habebat
575 4431 891 4491 potestatem
913 4421 1253 4476 auctoritatis
1273 4437 1287 4487 ;
1306 4422 1385 4476 sic
1412 4420 1708 4491 loquuntur

1796 3245 1884 3300 λος
1915 3239 2010 3292 τοῦ
2042 3237 2178 3292 Θεοῦ
2210 3255 2313 3293 ο.ο.
2348 3239 2429 3301 εἰς
2461 3237 2523 3290 τὸ
2573 3236 2745 3306 ὄνομα
2770 3234 2865 3288 τοῦ
2898 3231 3131 3304 Πατρὸς,
3164 3230 3261 3284 καὶ
3281 3227 3374 3281 τοῦ

1795 3332 1961 3399 Υὶοῠ,
2002 3332 2097 3386 καὶ
2140 3330 2232 3384 τοῦ
2270 3332 2426 3399 ἁγίου
2464 3329 2782 3398 Πνεύματος
2808 3367 2822 3391 ,
2860 3327 2913 3380 id
2950 3338 3054 3388 est,
3109 3322 3376 3377 Tondetur

1797 3442 1971 3480 servus
2009 3424 2104 3477 Dei
2147 3421 2221 3476 N.
2244 3421 2320 3475 Ν.
2360 3423 2416 3475 in
2455 3422 2662 3474 nomine
2692 3418 2894 3482 Patris,
2919 3426 2967 3470 et
2990 3414 3141 3480 Filii,
3176 3423 3225 3467 et
3255 3410 3377 3482 Spi-

1800 3517 1935 3570 ritus
1985 3514 2200 3578 sancti;
2252 3512 2470 3566 lectoris
2523 3520 2576 3564 et
2619 3509 2860 3564 cantoris
2912 3513 2996 3561 est
3043 3504 3230 3558 eadem
3265 3505 3378 3556 for-

1799 3609 1966 3669 mula.
2000 3606 2128 3660 huic
2151 3606 2310 3660 datur
2335 3605 2474 3658 liber
2504 3602 2868 3665 l’salmorum,
2902 3615 2997 3655 seu
3029 3596 3380 3659 Psalterium,

1799 3701 1877 3756 illi
1912 3699 2298 3769 Epistolarum,
2348 3713 2444 3750 seu
2483 3694 2876 3765 Epistolarium
2927 3707 3051 3746 cum
3091 3689 3375 3744 oratione:

1799 3792 1997 3862 Κύριε,
2028 3791 2116 3853 δὸς
2161 3788 2310 3859 αὐτῷ
2363 3789 2502 3858 μετὰ
2533 3787 2714 3857 πάσης
2742 3783 2931 3853 σοφίας
2975 3782 3067 3836 καὶ
3113 3781 3382 3839 συνέσεως

1799 3883 1905 3940 τῶν
1921 3883 2078 3937 θείων
2099 3900 2192 3936 σου
2215 3882 2389 3949 λόγων
2410 3881 2511 3950 τὴν
2539 3879 2770 3950 μελέτην
2799 3877 2893 3929 καὶ
2926 3874 3024 3944 τὴν
3072 3873 3381 3940 ἀνάγνωσιν

1803 3973 2075 4029 ποιεῖσθαι
2105 3989 2120 4038 ;
2163 3972 2214 4026 id
2237 3980 2318 4026 est
2346 3989 2360 4025 :
2384 3969 2624 4032 Domine,
2661 3969 2729 4021 da
2756 3967 2845 4020 isti
2864 3981 2982 4020 cum
3003 3963 3144 4015 omni
3172 3961 3386 4029 sapien-

1805 4069 1902 4130 tia,
1925 4076 1975 4121 et
1989 4063 2151 4137 675
2176 4063 2457 4133 prudentia
2474 4062 2767 4114 divinorum
2783 4069 2994 4111 tuorum
3013 4055 3386 4126 mysteriorum

1804 4159 2219 4223 meditationem,
2247 4165 2302 4209 et
2335 4153 2601 4208 lectionem
2635 4151 2956 4206 cxsecutioni
2984 4147 3256 4202 mandare.
3291 4145 3384 4199 ln-

1805 4252 1939 4307 clusi
1996 4258 2124 4306 sunt
2155 4250 2229 4314 ;.in
2277 4247 2669 4301 subdiaconatu
2750 4238 3240 4311 comprehensique
3290 4235 3384 4289 alii

1806 4343 1915 4397 duo
1968 4340 2213 4395 minores
2261 4338 2502 4400 ordines,
2555 4335 2869 4390 ostiariatus
2920 4345 2984 4385 ac
3018 4328 3382 4400 acolythatus,

1806 4443 1860 4488 et
1875 4433 2043 4487 utitur
2065 4431 2322 4486 ordinans
2347 4429 2498 4482 hisce
2517 4426 2694 4482 verbis
2720 4443 2735 4491 ;
2761 4422 2952 4492 Κύριε,
2975 4422 3061 4485 δδς
3079 4419 3228 4490 αὐτῴ
3245 4419 3382 4486 ἀγά-

125 4515 468 4581 scholastici,
509 4524 568 4570 ut
598 4515 833 4585 explicat
863 4516 924 4570 P.
964 4514 1246 4585 Philippus
1284 4529 1313 4568 a
1343 4514 1697 4569 Sanctissima

1809 4542 1918 4595 πην
1950 4525 2044 4577 καὶ
2077 4523 2413 4592 εὐπρέπειαν
2442 4521 2591 4573 οἵιοου
2623 4535 2741 4580 σου,
2770 4514 3109 4586 παριστάναι
3146 4513 3266 4574 ταῖς
3290 4509 3390 4562 θύ-

127 4604 399 4662 Trinitate
431 4615 572 4677 part.
602 4606 762 4674 iitDe
800 4608 1144 4661 sacramentis
1171 4608 1227 4660 in
1259 4621 1461 4677 genere,
1513 4615 1707 4674 quaest.

129 4697 222 4765 64,
258 4710 362 4756 art.
391 4700 447 4754 5.
474 4698 719 4770 Implevit
746 4701 910 4754 etiam
946 4714 1178 4754 munera
1201 4698 1456 4754 Christus
1486 4698 1712 4754 subdia-

131 4793 282 4858 coni,
316 4793 532 4863 quando
559 4792 840 4862 praecinxit
865 4808 924 4846 se
952 4793 1118 4847 linteo
1144 4834 1160 4859 ,
1189 4801 1246 4847 et
1275 4791 1442 4861 pedes
1471 4790 1713 4860 discipu-

133 4883 311 4938 lorum
360 4885 527 4951 lavit;
571 4883 810 4948 diaconi,
839 4883 1058 4953 quando
1089 4883 1146 4937 in
1185 4897 1342 4938 caena
1393 4896 1594 4952 corpus
1645 4889 1703 4936 et

136 4978 456 5047 sanguinem
498 4992 658 5033 suum
696 4976 978 5046 discipulis
1023 4975 1390 5043 ministravit;
1415 4975 1714 5046 presbyteri

137 5070 372 5141 denique
416 5087 538 5126 cum
562 5087 756 5143 panem
791 5081 846 5127 et
878 5074 1065 5128 vinum
1093 5073 1146 5127 in
1185 5088 1386 5142 corpus
1417 5083 1470 5128 et
1495 5071 1716 5143 sangui-

142 5175 266 5215 nem
302 5177 460 5217 suum
508 5164 757 5228 mutavit,
796 5171 851 5218 et
875 5165 1115 5235 episcopi
1162 5165 1466 5218 animarum
1497 5174 1726 5219 nostra--

144 5267 288 5320 rum,
327 5269 450 5308 cum
490 5254 568 5308 uti
604 5252 846 5324 pontifex
879 5254 930 5307 in
955 5270 1048 5309 ara
1077 5255 1255 5310 crucis
1287 5269 1346 5310 se
1379 5255 1577 5309 obtulit
1613 5253 1718 5308 Pa-

144 5344 254 5407 tri,
293 5345 598 5400 sacerdOtio
639 5345 838 5400 etenim
869 5345 1196 5416 fungebatur
1218 5361 1384 5412 vero;
1422 5345 1716 5400 cardinalis

150 5433 410 5506 Oreggius
437 5445 651 5491 tractat.
688 5437 742 5504 5,
770 5446 910 5508 part.
943 5452 1029 5500 ιιι,
1057 5451 1178 5506 cap.
1222 5437 1311 5504 15,
1343 5446 1538 5508 quiest.
1573 5436 1627 5492 1.

221 5529 275 5583 In
303 5531 444 5586 ctelo
471 5530 691 5600 quidem
722 5544 913 5585 novem
952 5539 1080 5586 sunt
1108 5530 1424 5599 angelorum
1458 5530 1634 5595 chori,
1665 5538 1720 5585 et

155 5620 406 5679 Ecclesiae
438 5623 825 5694 triumphantis
855 5631 963 5677 tres
996 5622 1336 5687 hierarehiae,
1375 5624 1448 5676 ita
1486 5623 1539 5676 in
1575 5622 1718 5676 mili-

155 5720 302 5768 tante
339 5729 530 5771 novem
580 5729 703 5771 esse
736 5714 956 5769 ordines
987 5713 1254 5780 videmus,
1281 5715 1580 5768 Secundum
1625 5710 1720 5768 ca-

160 5805 420 5876 nonistas,
460 5807 711 5880 quamvis
745 5805 814 5864 ad
850 5815 1057 5878 septem
1088 5821 1182 5864 eos
1216 5807 1538 5864 contrahant
1565 5805 1719 5862 theo-

1815 4632 1936 4688 ραις
1956 4613 2047 4668 τοῦ
2065 4612 2193 4667 ναοῦ
2210 4612 2306 4666 τοῦ
2329 4611 2486 4680 ἁγίου
2516 4626 2632 4676 σου,
2662 4608 2924 4664 ἀνάπτειν
2955 4605 3148 4677 λύχνον
3179 4600 3393 4672 σκηνώ-

1817 4725 1988 4779 ματος
2037 4705 2194 4776 δόξης
2251 4721 2345 4757 σου
2373 4721 2388 4770 ;
2422 4703 2475 4757 id
2505 4712 2588 4757 est
2620 4720 2634 4756 :
2666 4699 2910 4765 Domine,
2934 4698 3006 4752 da
3034 4697 3124 4751 isti
3155 4696 3394 4749 charito-

1816 4812 1939 4862 tem,
1966 4807 2016 4853 et
2055 4797 2292 4851 decorem
2317 4796 2504 4849 domus
2534 4805 2660 4859 tute,
2681 4803 2738 4848 ut
2769 4794 2989 4846 assistat
3009 4790 3194 4860 j‘anuis
3212 4787 3393 4856 templi

1814 4891 1984 4948 sancti
2033 4892 2132 4955 tui,
2171 4899 2220 4943 et
2269 4888 2523 4943 accendat
2547 4885 2816 4941 lucernam
2850 4882 3174 4937 tabernaculi
3211 4879 3394 4952 gloria:

1818 4995 1943 5040 tute.
1978 4982 2386 5038 Exorcistarum
2420 4987 2602 5033 autem
2631 4974 3027 5051 presbyteratui
3059 4971 3396 5041 coniungunt

1819 5087 1930 5132 tam
1986 5091 2148 5146 super
2191 5074 2632 5136 catechumenos,
2669 5083 2834 5138 quam
2867 5076 2923 5122 et
2973 5081 3136 5136 super
3165 5077 3396 5131 energu-

1817 5182 2025 5224 menos.
2087 5167 2264 5235 Atque
2292 5166 2398 5219 hoc
2419 5163 2587 5238 modo
2624 5161 2826 5218 sensim
2859 5159 3310 5231 appropinquant,
3341 5163 3397 5207 et

1819 5258 2086 5313 accedunt
2132 5256 2199 5309 ad
2251 5255 2553 5309 Romanam
2590 5250 2891 5306 Eeclesiam
2930 5255 3207 5319 parentem
3239 5243 3394 5297 beni-

1819 5347 2158 5420 gnissimam,
2191 5354 2247 5399 ut
2276 5343 2462 5414 accepi
2489 5344 2558 5397 ab
2587 5341 2962 5398 illustrissimo
3003 5337 3226 5392 domino
3255 5333 3398 5387 Onu-

1819 5441 1979 5509 ph-rio
2038 5437 2398 5493 Constantino
2453 5433 2865 5504 archiepiscopo
2921 5429 3285 5491 Deheritano;
3341 5431 3397 5478 et

1819 5537 2098 5595 revocant,
2154 5539 2318 5598 atque
2363 5536 2649 5590 renovant,
2673 5524 2850 5595 quoad
2877 5527 3126 5594 possunt,
3161 5527 3393 5574 veterem

1821 5625 1966 5679 illam
2021 5623 2378 5677 hicrarchiam
2433 5621 2666 5676 similem
2698 5617 2977 5679 Romanis,
3007 5627 3128 5682 qua:
3156 5608 3397 5678 vigebat,

1821 5723 1877 5768 et
1927 5712 2298 5767 efllorescebat
2343 5711 2400 5764 in
2452 5707 2725 5779 primaevis
2755 5705 2861 5762 illis
2903 5702 3158 5760 Ecclesiae
3195 5701 3399 5757 Graeca:

1824 5805 2096 5862 nascentis
2139 5803 2400 5868 exordiis,
2434 5802 2702 5873 cujusque
2729 5813 2897 5872 penes
2923 5797 3026 5856 SS.
3055 5795 3398 5875 Dionysium.
