3852 6052
485 311 615 382 1403
1169 329 1317 393 JOS.
1353 333 1454 392 MA
1465 334 1614 394 RI/E
1653 336 2010 400 SUARESII

2137 344 2279 406 BER
2314 347 2801 414 CHRONOLOGI
2806 355 2846 415 C
2856 356 2944 418 US
3634 350 3746 414 Ῑᾶίέί

476 427 766 508 lgnatium,
817 437 873 484 et
923 430 1280 504 Clementem,
1330 441 1575 512 aliosque
1603 442 1819 500 Graecos
1865 445 2050 505 Patres
2077 474 2123 526 Α
2153 453 2268 511 rius
2317 456 2545 526 prolata,
2586 473 2683 538 seu
2714 462 2823 517 duo
2852 463 3176 519 candelabra
3209 464 3463 520 lucentia
3505 461 3672 513 etiam
3704 464 3747 516 in

474 529 692 626 exstant
735 524 960 626 vestigia
986 536 1041 580 et
1069 543 1408 600 argumenta,
1440 551 1562 589 cum
1603 536 1859 595 Ecclesiae
1895 539 2054 597 Occi-
2079 524 2122 526 7—
2156 524 2468 606 terris‘ante
2517 524 2806 608 Dominum
2842 554 3269 623 Dominatorem,
3305 555 3651 626 Apocalyps.
3681 572 3747 619 ιι,

472 609 703 666 dentalis
748 625 804 668 et
855 613 1146 675 Orientalis
1197 623 1480 679 unanimes
1539 635 1592 680 et
1647 639 2049 700 contesserataa,
2153 640 2208 705 4,
2240 656 2361 710 quae
2401 650 2462 697 ut
2518 647 2844 700 resarciatur
2875 647 3058 703 divina
3109 609 3485 702 miseratione
3545 646 3746 699 tandem

473 713 639 774 atque
689 707 1220 806 trederattevinculo
1250 715 1553 783 charitatis,
1588 728 1641 774 et
1671 722 1879 791 glutine
1911 740 2052 782 verte
2155 707 2473 801 aliquando,
2508 736 2972 804 quemadmodum
3009 747 3124 795 toto
3175 739 3401 801 affectu,
3445 738 3749 806 intimoque

471 799 779 867 concordiae
812 800 1280 870 consociarentur,
1333 814 1586 876 tanquam
1614 813 1735 867 duae
1778 816 1952 881 olivae,
1985 817 2052 872 de
2155 799 2348 894 precor
2375 841 2441 881 ex
2473 828 2676 895 animo,
2710 828 2792 884 sic
2816 839 2870 885 et
2894 831 3108 886 ominor
3141 833 3539 902 perlubenter.

469 888 672 956 quibus
743 891 1060 964 Zacharias,
1094 903 1147 950 et
1181 895 1334 950 Nilus
1371 898 1486 967 ipse
1523 900 1577 953 in
1619 900 1858 971 Epistola
1889 920 2053 976 supe-

819 1069 907 1129 De
940 1073 1280 1162 tentatione
1309 1074 1377 1136 S.
1411 1075 1548 1140 Nili
1576 1076 1844 1152 abbatis,
1881 1089 1938 1143 et
1966 1082 2211 1164 reliqua
2253 1086 2407 1158 vita,
2439 1096 2497 1149 et
2543 1098 2764 1164 morte,
2795 1100 2982 1172 atque
3011 1092 3322 1173 sepulcro.

538 1248 660 1307 Uno
703 1252 895 1324 spiritu
943 1272 1048 1310 non
1099 1259 1274 1327 potuit
1323 1256 1430 1315 vita
1472 1260 1576 1316 Nili
1629 1266 1928 1321 transcurri
1981 1283 2047 1323 ac

463 1346 1016 1412 exsuperarizclivus
1062 1362 1145 1403 est
1193 1351 1356 1406 altior
1403 1363 1457 1408 et
1505 1355 1795 1421 excelsior;
1841 1358 2044 1414 levavit

462 1435 662 1504 quippe
692 1437 772 1490 vir
796 1437 1028 1492 eximius
1058 1441 1245 1496 oculos
1283 1443 1350 1495 ad
1377 1453 1589 1499 montes
1621 1445 1856 1516 erigens,
1887 1464 2047 1504 suos-

461 1539 565 1592 que
605 1541 825 1595 gressus
867 1527 1067 1582 direxit
1111 1530 1180 1584 ad
1218 1547 1403 1600 rupes,
1448 1541 1502 1588 et
1543 1549 1676 1590 saxa
1711 1537 1951 1606 praealta,
1991 1545 2047 1592 et

460 1617 713 1673 sublimia
743 1634 866 1674 cum
901 1618 1182 1676 Theodulo
1212 1623 1345 1690 lilio,
1387 1641 1512 1681 vere
1558 1627 1654 1682 Dei
1685 1644 1866 1684 servo.
1898 1629 2046 1684 Tan-

457 1708 630 1778 tisper
667 1709 833 1781 igitur
860 1715 1356 1784 conquiescendum
1391 1717 1492 1772 fuit
1533 1735 1640 1774 una
1676 1735 1802 1775 cum
1838 1721 1944 1777 illis
1987 1722 2041 1776 in

461 1800 748 1860 Sinaiticis
791 1804 962 1877 jugis,
1020 1802 1400 1866 in'montibus
1454 1810 1568 1877 Dei,
1629 1813 1684 1867 in
1731 1815 1933 1884 quibus
1964 1816 2040 1887 illi

460 1895 721 1952 solitariae
753 1898 878 1952 vita:
924 1902 1330 1972 praegustabant
1375 1905 1756 1961 suavissimam
1797 1909 2042 1964 dulcedi-

457 2004 607 2044 nem.
643 1989 830 2061 Itaque
853 1989 960 2046 Nili
1011 1995 1208 2062 patria,
1235 1996 1474 2061 nomine,
1503 1998 1721 2064 studiis,
1761 2001 2038 2070 dignitate,

457 2079 710 2151 conjuge,
756 2082 930 2152 prole,
972 2085 1286 2160 virtutibus,
1329 2089 1707 2155 conversione,
1742 2093 2038 2164 rebusque,

457 2174 639 2241 quoad
685 2175 904 2245 assequi
950 2177 1124 2246 potui,
1167 2178 1357 2246 gestis,
1403 2179 1682 2253 hucusque
1725 2188 2037 2254 transactis,

457 2265 792 2348 colligendus
821 2276 904 2322 est
929 2267 1143 2324 fructus
1169 2271 1402 2326 tirocinii
1439 2277 1748 2345 monastici,
1786 2280 1838 2334 in
1865 2297 2040 2353 eoque

456 2345 826 2428 percipiendo,
884 2370 937 2415 et
971 2363 1336 2431 excerpendo,
1377 2373 1433 2420 et
1471 2369 1735 2440 quidquid
1778 2374 1900 2430 vita:
1944 2345 2040 2430 su-

455 2453 656 2522 perfuit
687 2455 1042 2521 recensendo,
1069 2456 1220 2530 juvat
1252 2475 1470 2529 operam
1506 2479 1703 2520 navare
1733 2477 2032 2534 strenuam,

453 2545 628 2600 donec
669 2546 738 2601 ad
787 2557 986 2601 metam
1035 2550 1380 2619 perveniam,
1435 2554 1792 2628 ultimamque
1835 2560 2036 2617 lineam

453 2637 672 2703 ducam,
703 2646 756 2692 et
793 2640 1040 2709 sepulcra
1072 2657 1422 2712 componam.

524 2727 825 2783 lutentator
853 2738 936 2786 est
968 2731 1236 2786 malorum
1267 2733 1444 2802 Deus,
1476 2737 1553 2794 uti
1581 2741 1790 2816 scribit
1817 2753 2038 2799 sanctus

449 2816 688 2876 Jacobus
735 2823 1016 2890 apostolus
1055 2824 1106 2878 in
1142 2825 1303 2894 epist.
1342 2845 1395 2894 v,
1439 2830 1523 2885 15.
1558 2829 1808 2888 Tentavit
1855 2843 2037 2890 tamen

450 2911 725 2964 Abraham
757 2911 892 2967 Gen.
929 2930 1062 2980 xxn,
1098 2916 1122 2969 1
1155 2931 1306 2987 seqq.
1341 2933 1518 2988 super
1566 2920 1719 2978 Isaac
1773 2923 1886 2980 tilio
1935 2941 2038 2981 suo

453 3003 762 3073 unigenito,
796 3021 956 3076 quem
997 3001 1255 3078 diligebat
1293 3011 1471 3079 unice,
1521 3021 1577 3068 ut
1619 3015 1707 3084 pia
1740 3015 1860 3085 ejus
1907 3019 2038 3074 obe-

451 3096 653 3150 dientia
682 3098 848 3170 676
879 3101 1200 3169 probaretur
1234 3103 1450 3158 saeculis
1481 3104 1535 3158 in
1569 3107 1817 3162 notitiam
1853 3108 2033 3179 prole-

455 3189 640 3256 ienda;
677 3189 836 3260 idque
864 3190 1155 3248 observant
1185 3203 1405 3250 sanctus
1436 3197 1794 3266 Augustinus,
1814 3199 1911 3262 lib,
1945 3216 2032 3256 th

453 3278 530 3334 De
576 3281 787 3335 civitate
815 3281 928 3346 Dei,
969 3299 1017 3339 c.
1052 3285 1140 3350 52,
1175 3295 1226 3340 et
1266 3297 1490 3343 sanctus
1519 3288 1758 3347 Joannes
1793 3291 2035 3365 Chryso-

452 3381 685 3436 stomus,
721 3374 865 3429 hom.
895 3377 928 3430 4
953 3368 1006 3429 in
1044 3376 1254 3443 (ἕρπει,
1281 3394 1390 3433 non
1423 3391 1601 3436 autem
1635 3383 1737 3452 ipsi
1785 3384 1912 3452 Deo,
1947 3386 2035 3442 cui

451 3473 580 3520 nota
631 3477 748 3521 erat
807 3468 927 3537 ejus
976 3469 1109 3526 ﬁdes
1162 3471 1486 3542 singularis.
1543 3473 1767 3531 Tentari
1816 3494 2036 3550 quoque

452 3560 699 3629 permisit
730 3560 872 3617 DeUs
912 3579 1128 3618 servum
1178 3581 1340 3621 suum
1392 3567 1494 3624 Job
1533 3570 1672 3638 (toto
1702 3571 1840 3626 libro
1868 3571 2032 3644 Job),

451 3651 547 3707 sed
590 3654 760 3710 ﬁdelis
807 3655 1140 3721 Altissimus,
1203 3671 1384 3730 neque
1448 3662 1654 3731 patitur
1701 3680 2031 3736 quemquam

453 3745 647 3798 tentari
678 3761 842 3816 supra
873 3747 927 3802 id
960 3749 1104 3819 quod
1152 3759 1352 3819 potest,
1385 3752 1516 3808 facit
1554 3754 1719 3810 etiam
1754 3738 1878 3811 cum
1913 3768 2035 3814 ten-

451 3837 656 3892 tatione
686 3849 1030 3908 proventum,
1064 3841 1143 3896 sic
1167 3843 1312 3896 enim
1345 3845 1538 3912 probat
1569 3847 1716 3902 velut
1741 3850 2035 3919 explorans

445 3929 724 3998 justorutn
764 3931 958 3996 (idem,
999 3950 1029 3987 e
1068 3922 1260 3989 sancto
1299 3937 1470 3992 Paulo
1500 3939 1545 3993 ll
1569 3939 1694 3996 Cor.
1733 3959 1802 4008 x,
1841 3943 1945 4010 15;
1981 3953 2036 3999 ct

449 4036 480 4076 e
509 4032 701 4078 sancto
747 4025 1089 4096 Augustino,
1120 4044 1284 4083 serm.
1311 4045 1352 4083 ιι
1399 4029 1478 4085 De
1527 4035 1693 4088 verbis
1737 4033 1952 4090 Domini
1980 4038 2036 4091 in

451 4112 764 4169 Matt/neum
788 4132 840 4182 Χ,
865 4126 924 4170 ιιι
951 4132 1047 4174 eos
1067 4128 1312 4175 coronet.
1339 4119 1540 4177 Sancto
1561 4124 1851 4182 Ambrosio
1876 4135 2031 4192 teste,

430 4204 544 4260 lib.
577 4222 630 4262 tv
686 4207 760 4262 De
799 4208 1026 4279 Abrah.,
1078 4227 1128 4269 c.
1161 4210 1231 4275 8,
1282 4229 1382 4268 nec
1416 4215 1668 4284 sustinet,
1712 4219 1950 4290 sinitque
1978 4221 2033 4276 in

446 4302 801 4359 tentationem
850 4319 946 4360 eos
991 4303 1198 4371 induci,
1244 4307 1325 4361 vel
1365 4309 1673 4384 εἰσενέγκῃ,
1721 4322 1780 4366 ut
1811 4323 2034 4370 sanctus

446 4391 787 4466 Augustinus
814 4399 1036 4468 exponit
1069 4414 1116 4453 c.
1148 4401 1202 4466 9,
1233 4401 1328 4458 lib.
1361 4418 1398 4457 tt
1433 4403 1506 4458 De
1532 4420 1692 4458 serm.
1732 4405 1948 4460 Domini
1975 4411 2033 4462 in

2150 1271 2258 1327 tius
2302 1283 2506 1342 partes,
2555 1274 2861 1346 Europam,
2895 1279 3079 1334 Asiam
3127 1289 3181 1335 et
3215 1279 3475 1336 Africam
3518 1280 3745 1336 inunda-

2151 1374 2279 1420 runt
2308 1367 2608 1436 superi‘usis
2643 1371 2992 1427 examinibus
3021 1373 3352 1444 populorum
3388 1374 3604 1428 exinde
3630 1391 3745 1444 pro-

2153 1457 2453 1527 iectorum;
2487 1459 2758 1517 Cimbrica
2794 1479 2987 1532 nempe
3021 1465 3415 1522 Chersonesus
3459 1481 3494 1519 a
3538 1478 3743 1536 septen-

2153 1553 2325 1608 trione
2349 1569 2363 1618 ;
2390 1553 2458 1608 ab
2482 1563 2670 1609 austro
2691 1565 2869 1610 autem
2897 1557 3114 1623 Arabia,
3151 1574 3296 1628 quze,
3333 1560 3547 1616 saltem
3585 1559 3740 1627 Felix,

2149 1645 2442 1702 Peninsula
2493 1647 2722 1713 videtur,
2773 1650 2901 1705 hinc
2956 1652 3076 1706 sinu
3127 1652 3394 1719 Arabico,
3455 1655 3584 1709 sive
3616 1657 3738 1709 mari

2149 1741 2450 1810 Erythraeo,
2499 1741 2649 1798 illinc
2681 1743 2804 1797 sinu
2837 1744 3090 1810 Persico,
3125 1754 3240 1800 tum
3276 1746 3350 1801 ab
3401 1762 3626 1802 oceano
3653 1747 3735 1802 ln-

2075 1803 2118 1858 B
2141 1833 2262 1888 dico
2288 1834 2467 1888 abluta
2497 1845 2552 1889 et
2575 1836 2937 1906 circumsepta
2958 1854 2973 1904 ;
2997 1854 3122 1893 cum
3161 1838 3378 1895 Petraea
3405 1851 3465 1895 et
3501 1840 3739 1908 Deserta;

2143 1939 2266 1978 nam
2299 1925 2352 1978 in
2385 1926 2485 1980 has
2519 1935 2630 1981 tres
2663 1936 2768 1980 tota
2811 1928 3070 1983 dividitur
3101 1929 3327 1996 Arabia,
3369 1947 3592 2001 perque
3623 1934 3741 1987 istas

2139 2017 2278 2072 duas
2303 2019 2542 2073 adhaeret
2572 2018 2902 2086 Palaestinm,
2935 2037 3000 2077 ac
3037 2021 3225 2094 Syrite,
3261 2039 3292 2079 a
3323 2040 3441 2094 qua
3470 2025 3738 2082 dirimitur

2140 2108 2414 2180 Euphrate
2449 2111 2611 2166 ﬂuvio
2632 2112 3007 2181 interﬂuente;
3042 2113 3463 2171 Chersonesum
3498 2117 3735 2172 Cimbri-

2139 2218 2258 2257 cam
2291 2219 2321 2257 a
2355 2203 2588 2260 Cimbris
2630 2206 2829 2261 dictam
2879 2207 3098 2277 pepulis
3121 2249 3138 2273 ,
3184 2223 3298 2278 quo
3331 2210 3578 2264 nomine
3617 2210 3738 2264 Ger-

2141 2297 2286 2352 mani
2325 2306 2523 2352 vocant
2567 2299 2692 2362 τοὺς
2718 2299 2954 2371 λῃστάς,
2994 2302 3046 2356 id
3077 2311 3192 2368 est,
3235 2304 3488 2358 latrones
3510 2347 3526 2368 ,
3564 2306 3611 2359 si
3640 2321 3735 2373 qua

2138 2386 2271 2442 ﬁdes
2300 2387 2589 2444 Plutarcho
2636 2392 2688 2444 in
2717 2389 2926 2458 Mario,
2975 2393 3212 2449 arbitror
3255 2409 3388 2450 esse
3419 2397 3597 2450 ollam
3628 2412 3738 2451 suc-

2138 2493 2356 2532 censam
2381 2519 2394 2542 ,
2428 2494 2588 2548 quam
2635 2480 2958 2548 praeviderat
2993 2479 3260 2538 Jeremias
3295 2499 3327 2538 a
3382 2483 3539 2539 facie
3597 2488 3740 2556 aqui-

2138 2572 2280 2627 lonis
2305 2587 2355 2626 c.
2397 2587 2437 2637 ι,
2475 2588 2528 2624 v.
2565 2571 2650 2625 15.
2684 2571 2844 2627 Certe
2888 2571 3156 2636 Scandia,
3207 2576 3325 2631 sive
3367 2575 3740 2631 Scandiuavia

2140 2663 2250 2730 (ita
2293 2662 2438 2718 enim
2479 2672 2826 2732 nuncupatur
2881 2664 2998 2719 haec
3045 2665 3334 2735 peninsula
3394 2669 3554 2722 inter
3602 2685 3740 2724 mare

2137 2755 2437 2822 Balticum,
2471 2772 2568 2811 seu
2609 2757 2888 2812 Codanum
2937 2757 3150 2823 sinum,
3188 2769 3244 2815 et
3285 2776 3584 2817 oceanum
3629 2780 3740 2833 sep-

2139 2849 2516 2906 tentrionalem
2552 2858 2777 2905 extensa
2815 2848 2991 2904 Plinio
3017 2858 3071 2904 et
3096 2849 3322 2921 Solino)
3370 2856 3740 2924 cognomina-

2139 2955 2227 2998 tur
2272 2943 2464 3010 vagina
2485 2943 2750 3013 gentium,
2774 2951 2827 2996 et
2852 2942 3065 2997 oiﬁcina
3087 2944 3402 3008 nationum,
3431 2945 3579 3014 quia
3604 2947 3737 3000 sicut

2137 3034 2640 3091 innuitJornandes
2665 3035 2757 3105 (an
2787 3034 3092 3090 Gordianus
3125 3037 3422 3102 diaconus,
3457 3038 3566 3108 qui
3622 3040 3738 3093 scri-

2137 3129 2245 3198 psit
2262 3129 2326 3183 de
2343 3128 2506 3184 rebus
2535 3126 2772 3183 Geticis?
2788 3129 2828 3192 ),
2849 3142 2915 3182 ex
2935 3142 2998 3182 ea
3025 3128 3281 3182 nimirum
3309 3129 3739 3186 innumerabilis

2140 3216 2424 3271 hominum
2469 3215 2758 3271 multitudo
2807 3215 3038 3270 diversis
3087 3216 3432 3285 temporibus
3479 3218 3736 3287 prosiliit,

2137 3318 2193 3365 et
2223 3325 2320 3379 per
2355 3317 2551 3373 totum,
2595 3322 2759 3378 quam
2812 3307 2916 3362 late
2957 3315 3124 3377 patet,
3169 3308 3385 3362 telluris
3414 3308 3738 3364 habitabilis

2138 3405 2371 3473 spatium
2418 3403 2544 3457 inde
2589 3401 2991 3478 commigravit,
3046 3415 3179 3456 neve
3229 3411 3486 3469 repetam
3541 3401 3737 3457 effusos

2136 3497 2332 3552 exinde
2359 3495 2634 3558 Cimbros,
2672 3493 3004 3559 Ambronas,
3036 3503 3091 3549 et
3125 3492 3430 3557 Teutonas,
3472 3511 3508 3549 a
3546 3494 3735 3549 Catulo

2137 3590 2302 3645 variis
2342 3589 2543 3660 praeliis
2573 3587 2808 3652 attritos,
2844 3596 2899 3642 et
2928 3603 2958 3642 a
2987 3586 3049 3642 C.
3097 3586 3269 3641 Mario
3295 3587 3366 3641 ad
3396 3588 3734 3643 internecio-

2106 3694 2260 3732 nem
2305 3692 2477 3748 usque
2536 3675 2741 3731 deletos
2773 3676 2826 3730 in
2864 3675 3144 3746 provincia
3175 3673 3576 3740 Narbonense,
3616 3678 3732 3730 dum

2137 3767 2340 3824 Gallias
2368 3768 2665 3839 pervagati,
2689 3777 2744 3824 et
2777 3767 3144 3833 Germaniam,
3171 3768 3510 3822 invaderent
3532 3770 3731 3823 italiam

2137 3860 2240 3914 sub
2273 3874 2476 3914 annum
2513 3859 2581 3920 ab
2610 3858 2756 3913 Urbe
2783 3859 3004 3912 condita
3037 3857 3162 3923 650,
3196 3867 3250 3912 et
3278 3868 3410 3914 ante
3442 3858 3731 3913 Chriswm

2137 3961 2326 4006 natum
2356 3951 2489 4014 102,
2519 3951 2846 4007 testantibus
2885 3951 3051 4022 6'77
3102 3950 3383 4007 Plutarch.
3424 3952 3485 4005 in
3539 3950 3732 4014 Mario,

2136 4041 2335 4113 p.140;
2373 4040 2594 4106 Velleio,
2628 4042 2806 4110 lib.§u,
2838 4058 2960 4113 pag.
2996 4040 3394 4108 H9;Justino,
3419 4043 3527 4098 lib.
3550 4059 3732 4108 xcvtu,

2136 4149 2259 4204 pag.
2299 4131 2442 4199 22‘;
2490 4132 2696 4186 Annaeo
2738 4131 2935 4197 Floro,
2969 4131 3060 4187 lib.
3098 4147 3181 4186 ιιι.
3222 4149 3272 4188 c.
3308 4135 3364 4199 3;
3395 4132 3611 4201 Plinio,
3641 4135 3729 4191 lib.

2137 4240 2212 4288 tv,
2238 4239 2288 4281 c.
2319 4225 2418 4290 M;
2461 4224 2631 4279 Paulo
2665 4206 2892 4288 'Orosio,
2919 4223 3013 4280 lib.
3047 4241 3102 4291 γ,
3139 4240 3188 4279 c.
3225 4223 3324 4291 i6;
3373 4223 3656 4294 Eutropio
3681 4226 3731 4278 in

2135 4316 2382 4387 Epitome
2408 4317 2663 4383 Liviana;
2708 4316 3019 4372 Berthaudo
3051 4317 3106 4371 in
3139 4315 3292 4371 Flor.
3336 4317 3491 4373 Call.
3528 4320 3628 4373 lib.
3657 4336 3728 4384 ut,

2136 4426 2184 4466 c.
2217 4411 2269 4464 4.
2317 4409 2452 4467 Cum
2511 4410 2704 4465 Decius
2753 4408 3024 4479 Trajanus
3074 4409 3401 4480 imperaret,
3459 4409 3638 4464 Gothi
3670 4428 3731 4465 ex

447 4498 640 4553 monte,
676 4504 775 4544 nec
812 4492 1034 4545 omnino
1078 4492 1338 4561 immittit,
1383 4511 1476 4551 seu
1513 4497 1774 4568 relinquit
1817 4499 2025 4568 virgam
2057 4500 2104 4557 D
2129 4503 2317 4557 eadem
2355 4501 2642 4571 peninsula
2671 4501 2799 4566 orti,
2835 4501 3161 4570 deductique
3185 4501 3240 4555 in
3271 4499 3592 4571 Scythiam,
3621 4513 3729 4556 tum

447 4591 793 4650 peccatorum
829 4597 994 4652 super
1034 4595 1235 4640 sortem
1265 4587 1535 4657 justorum
1563 4631 1578 4654 ,
1612 4605 1643 4644 e
1677 4591 1814 4660 psal.
1845 4608 2027 4661 cxxtv,

446 4673 501 4738 5,
560 4683 619 4728 ut
667 4675 906 4744 explicat
959 4674 1407 4746 eloquentissime
1457 4691 1684 4739 sanctus
1739 4683 2031 4756 Gregorius

446 4765 842 4832 Nazianzenus,
870 4778 1012 4823 orat.
1046 4786 1083 4834 ι,
1123 4787 1174 4839 p.
1213 4771 1337 4827 588.

517 4858 767 4916 Tentavit
795 4863 958 4917 etiam
987 4864 1171 4918 Nilum
1207 4863 1349 4920 Deus
1380 4881 1542 4936 super
1573 4867 1686 4922 ﬁlio
1722 4883 1825 4923 suo
1850 4866 2032 4925 Theo-

443 4952 623 5020 dulo,
671 4961 731 5008 ut
793 4955 956 5010 ambo
1013 4957 1364 5025 pretiosiores
1417 4957 1792 5014 invenirentur
1847 4976 2025 5028 auro,

443 5046 586 5114 quod
631 5061 727 5115 per
756 5046 933 5116 ignem
967 5049 1258 5118 probatur,
1293 5066 1324 5106 e
1353 5062 1544 5108 sancto
1587 5053 1748 5108 Petro
1797 5052 1852 5124 (l
1880 5052 2025 5108 Pelr.

351 5131 355 5135 ’
445 5150 493 5202 ι,
537 5134 930 5205 7).Cecinerat
970 5139 1271 5208 profanus,
1316 5149 1372 5196 et
1403 5141 1673 5213 relegatus
1718 5141 1808 5196 ille
1846 5151 2024 5210 poeta:

513 5238 728 5316 Sci_l_icet
757 5250 812 5293 ut
843 5241 1045 5316 fulvum
1077 5255 1342 5313 spectatur
1364 5246 1418 5299 in
1450 5247 1653 5316 ignibus
1687 5262 1913 5312 aurum,

591 5309 838 5379 Tempore
863 5313 938 5365 sic
967 5309 1113 5367 duro'
1131 5326 1206 5368 est
1236 5309 1560 5385 inspicienda
1592 5317 1743 5384 ﬁdes.

441 5413 705 5485 ﬂancque
759 5425 1137 5487 tempestatem
1187 5419 1547 5488 procellosam
1597 5429 1888 5476 consecuta
1942 5429 2028 5476 est

2135 4594 2283 4649 Getis
2326 4594 2571 4660 immisti,
2605 4593 2878 4666 Gothique
2914 4596 3188 4666 appellati,
3221 4595 3384 4665 quasi
3415 4597 3647 4666 γόητες,
3681 4597 3730 4649 id

2133 4690 2216 4736 est
2243 4683 2406 4752 magi,
2429 4682 2543 4737 sive
2576 4683 2967 4750 incantatores,
2991 4699 3116 4738 eum
3145 4683 3494 4738 devicerunt.
3542 4685 3668 4739 Mox
3700 4700 3730 4737 ει

2132 4771 2378 4840 Claudio,
2419 4771 2711 4842 Proboque
2760 4774 2978 4842 domiti,
3009 4783 3063 4830 et
3089 4774 3280 4830 crediti
3331 4774 3450 4846 Gog
3509 4787 3566 4831 et
3621 4775 3731 4829 Ma-

2131 4879 2253 4934 gog,
2318 4872 2458 4936 quos
2519 4867 2912 4937 prmuuntiarat
2982 4866 3228 4923 Ezechiel
3279 4883 3330 4923 c.
3395 4863 3614 4923 x'xxvm
3678 4881 3728 4923 et

2131 4969 2320 5022 xxxix,
2345 4965 2399 5010 et
2428 4957 2495 5011 de
2517 4957 2720 5027 quibus
2741 4958 2854 5027 agit
2881 4967 3106 5013 sanctus
3125 4955 3388 5023 Joannes,
3413 4959 3717 5030 Apocalyp.

2128 5063 2221 5113 xx,
2260 5049 2325 5114 7;
2369 5059 2592 5106 sanctus
2622 5051 2967 5120 Augustinus
3016 5051 3115 5107 lib.
3169 5066 3238 5104 xx
3294 5051 3374 5105 De
3417 5053 3573 5106 civit.
3611 5054 3720 5113 Dei,

2129 5154 2181 5194 c.
2206 5139 2292 5206 ii;
2311 5139 2563 5205 Orosius,
2593 5141 2687 5195 lib.
2708 5156 2807 5205 vn,
2831 5157 2880 5196 c.
2901 5141 2990 5206 39,
3016 5141 3346 5212 fortunaque
3371 5157 3500 5197 cum
3523 5143 3721 5197 Roma-

2127 5231 2214 5286 nis
2257 5233 2376 5288 orbi
2433 5233 2844 5290 dominantibus
2876 5250 3024 5288 nunc
3062 5249 3344 5304 prospera,
3389 5237 3720 5306 quandoque

2127 5324 2357 5380 adversa
2402 5336 2703 5396 pugnantes
2750 5325 3031 5380 Valentem
3077 5325 3356 5392 fuderunt,
3396 5329 3527 5382 dein
3575 5327 3716 5382 Cou-

2127 5417 2538 5486 stantinopolim
2573 5418 2927 5482 obsederunt,
2979 5418 3104 5473 inde
3143 5417 3373 5472 Romam
3425 5431 3707 5490 ceperunt,

442 5507 708 5565 mirabilis
751 5511 1112 5581 tranquillitas
1132 5555 1146 5578 ,
1189 5511 1452 5580 illzesique
1515 5511 1734 5566 fuerunt
1781 5515 1943 5568 ambo
1970 5515 2024 5570 in
2124 5519 2180 5564 et
2199 5511 2556 5564 obtinuerant
2577 5510 2678 5564 sub
2701 5511 2942 5580 regibus,
2969 5513 3140 5566 donec
3165 5527 3193 5564 a
3219 5509 3449 5566 Narsete
3477 5513 3707 5576 subacti,

446 5600 606 5666 aquis
651 5601 862 5662 validis.
889 5603 934 5658 ll
963 5603 1119 5660 Esdr.
1151 5619 1227 5669 lx,
1257 5604 1343 5657 11.
1367 5602 1497 5657 Diue
1525 5615 1654 5659 sunt
1681 5605 2023 5674 potissimum

2124 5612 2178 5658 et
2211 5603 2554 5657 cxterminati
2597 5603 2815 5658 fuerunt
2845 5619 2901 5658 ιη
2936 5603 3113 5658 Italia.
3145 5603 3277 5670 Quae
3304 5615 3487 5658 autem
3522 5621 3705 5658 eorum

451 5687 507 5741 in
543 5692 796 5748 universo
830 5705 1098 5751 terrarum
1130 5688 1262 5753 Orbe
1303 5697 1586 5767 regiones,
1621 5713 1742 5768 qua:
1774 5699 1938 5751 variis
1970 5699 2022 5752 in
2123 5692 2304 5765 portio
2351 5694 2405 5747 in
2455 5693 2809 5752 Narbonense
2857 5696 3133 5765 provincia
3188 5696 3533 5756 subsederat.
3585 5712 3707 5765 (ιιιίε

445 5782 660 5838 seculis
706 5793 814 5840 tres
849 5787 1180 5846 notissimas.
1216 5800 1267 5844 et
1307 5790 1642 5848 cohaerentes
1687 5791 1917 5848 invicem
1957 5791 2022 5845 il-

2126 5787 2193 5841 ab
2242 5788 2325 5843 his
2374 5785 2689 5857 Langothia:
2743 5804 2940 5844 nomen
2983 5788 3086 5844 fuit
3132 5790 3354 5854 sortita,
3408 5799 3598 5858 postea
3650 5789 3704 5840 in
