3852 6052
56 353 227 419 1405

1405 351 1504 412 DE
1538 352 1714 412 VITA
1748 352 1809 412 S.
1839 350 2003 412 NILI

3240 344 3375 406 1406

50 468 411 539 Hispaniam
471 477 810 541 transgressa
864 483 988 524 cum
1051 467 1237 523 Alanis
1299 476 1354 523 et
1403 467 1675 531 Vandalis,
1706 470 2145 539 Acalipharum,
2197 482 2325 524 mox
2382 466 2740 522 Sullanorum
2782 466 2947 522 ductu
2994 463 3097 521 sibi
3121 462 3379 519 subdide-

52 563 389 633 gentilibus
418 562 571 630 suis,
603 574 657 617 et
699 562 1057 626 Gothalaniae,
1107 578 1205 617 seu
1246 560 1542 616 Catalonize
1587 575 1684 615 no-

56 671 208 708 men
256 655 429 721 dedit,
461 662 515 708 et
559 653 903 708 Vandalusiae
934 653 1221 723 imposuit,
1250 663 1304 708 et
1331 653 1384 707 in
1415 651 1685 706 Tarraco-

56 745 283 811 nensi,
331 761 395 801 ac
437 743 702 799 Toletana
756 760 983 813 regnum
1034 745 1337 799 Gothorum
1378 745 1681 806 censlituit,

54 841 230 907 quod
277 840 344 895 ad
378 840 691 895 Austriacos
741 840 1027 908 pervenit:
1077 837 1305 893 Vandali
1349 838 1509 892 etiam
1559 837 1685 891 inde

59 930 430 1000 trajicientes
456 931 510 984 in
545 928 804 994 Africam,
840 944 903 984 ea
941 928 1117 999 potiti,
1169 928 1401 982 Romam
1448 928 1687 996 diripue-

56 1032 238 1087 runt,
276 1021 592 1077 etAl'ricam
632 1030 991 1091 occuparunt,
1018 1036 1303 1090 quousque
1359 1018 1680 1086 Belisarius,

54 1115 241 1185 jussu
272 1115 563 1171 Justiniani
588 1116 816 1186 Augusti
843 1130 938 1169 eos
969 1114 1216 1168 abolerit.
1258 1112 1337 1168 Ne
1374 1128 1682 1168 recenseam

61 1209 318 1272 Gallias,
362 1210 414 1263 in
458 1210 658 1279 quibus
685 1209 863 1263 adhuc
890 1224 1071 1263 rerum
1115 1208 1401 1272 potiuntur
1432 1204 1627 1261 Franci
1653 1220 1684 1260 e

64 1298 495 1366 Scandinavia,
550 1316 644 1356 seu
691 1300 964 1355 Cimbrica
1006 1300 1351 1357 Chersoneso
1408 1301 1683 1370 progressi

64 1396 287 1459 etiam,
320 1395 728 1464 propagatique,
756 1394 835 1448 uti
866 1394 1157 1449 Turnebus
1187 1394 1419 1449 allirniat
1440 1409 1561 1463 cap.
1591 1393 1681 1455 57,

63 1489 178 1544 lib.
216 1505 350 1542 χχιιι
375 1488 663 1542 Adversar.
692 1495 979 1557 postquam
1011 1487 1063 1540 in
1092 1485 1441 1541 Germaniam
1471 1484 1677 1548 diliusi,

67 1581 422 1637 commorati
468 1581 701 1636 fuissent
748 1580 969 1644 ibidem,
1015 1588 1070 1634 et
1115 1577 1437 1633 Franconiaa
1482 1594 1683 1633 nomen

67 1675 445 1740 indidissent,
500 1673 769 1745 Belgicam
822 1673 1100 1743 aggressi,
1140 1671 1397 1726 Celticam
1446 1687 1682 1741 quoque,

70 1783 144 1823 ac
172 1767 592 1838 Aquitanicam,
632 1764 1156 1835 Narbonensemque
1185 1775 1467 1835 ceperunt,
1504 1774 1557 1817 et
1588 1764 1686 1818 ﬂoo

71 1864 472 1920 rentissimum
520 1878 749 1934 regnum
798 1860 1203 1928 fundaverunt;
1240 1877 1341 1917 nec
1390 1864 1537 1916 enim
1578 1864 1688 1916 An-

74 1956 238 2027 glos,
281 1957 374 2027 qui
417 1956 745 2021 Britannias,
800 1970 899 2010 nec
928 1953 1354 2024 Langobardos,
1390 1954 1482 2023 qui
1525 1970 1692 2009 occu-

74 2055 299 2119 parunt
328 2046 535 2101 Italiam
565 2044 915 2116 postmodum
945 2044 1387 2099 commemorabo
1414 2086 1427 2108 ,
1481 2044 1692 2112 regnis-

77 2153 198 2207 que
230 2137 309 2192 ibi
342 2137 576 2192 conditis
596 2135 847 2191 eamdem
869 2135 1135 2205 originem
1164 2142 1499 2204 agnoscunt;
1529 2135 1693 2189 omit-

79 2241 207 2287 tam
266 2242 529 2303 praeterea
586 2230 853 2296 Herulos,
910 2230 1269 2301 Burgundos,
1326 2228 1689 2291 Normannos,

84 2323 358 2384 Hunnus,
384 2322 671 2393 Bulgaros,
704 2333 758 2378 et
786 2324 925 2379 alios
957 2323 1206 2394 populos,
1239 2323 1331 2392 qui
1357 2338 1423 2376 ex
1451 2337 1515 2377 eo
1547 2320 1693 2375 fonte

84 2425 431 2479 manarunt,
471 2417 801 2485 nominaque
850 2430 950 2471 sua
1015 2422 1315 2485 posuerunt
1347 2413 1399 2466 in
1438 2412 1617 2467 terris.

163 2510 256 2563 Ad
306 2508 558 2563 Arabiam
584 2524 678 2565 me
708 2517 988 2573 converto,
1039 2522 1162 2576 quae
1199 2504 1585 2576 quasiAEreps,
1638 2503 1691 2557 id

86 2606 201 2659 est,
254 2596 482 2655 occidua
516 2605 571 2651 et
620 2596 929 2657 tenebrosa,
980 2603 1039 2649 ut
1075 2594 1314 2664 Scaliger
1350 2594 1466 2647 vult
1502 2593 1555 2646 in
1592 2590 1693 2646 Fe-

89 2680 275 2755 stum,
320 2689 374 2743 in
407 2704 570 2758 quam
617 2687 910 2758 Pompeius
958 2694 1269 2757 penetrans,
1306 2684 1583 2755 Agarenos
1612 2683 1692 2738 νίν

88 2793 276 2851 cerat,
330 2780 630 2837 Saracenos
658 2782 779 2835 dein
815 2781 1112 2850 appellatos
1152 2794 1257 2833 non
1294 2779 1363 2832 ab
1410 2778 1554 2847 Agar
1596 2792 1693 2830 an-

91 2876 251 2941 cilla,
290 2875 372 2931 vel
398 2875 531 2930 Sara
558 2889 728 2929 uxore
755 2872 1074 2941 Abrahami,
1107 2886 1137 2925 a
1166 2886 1271 2940 qua
1305 2886 1363 2926 se
1386 2869 1693 2940 gloriaban—

95 2979 192 3024 tur
213 2969 532 3039 progenitos
556 2967 608 3039 (e
638 2966 995 3035 Sozomeno),
1022 2979 1211 3018 verum
1244 2978 1271 3016 a
1304 2977 1437 3017 voce
1460 2962 1691 3015 Arabica

92 3063 308 3129 Sarak,
351 3062 505 3132 quasi
541 3060 773 3122 furaces,
807 3070 860 3113 et
894 3058 1243 3129 λῃστρικούς,
1270 3071 1299 3111 e
1331 3054 1609 3125 Scaligero
1636 3055 1691 3108 in

1785 570 1915 616 runt
1954 575 2101 615 anno
2147 558 2271 624 634,
2298 569 2357 613 et
2388 558 2661 613 Persidem
2713 572 2857 611 anno
2906 556 3031 622 6'59,
3064 556 3177 609 imo
3207 562 3374 607 totam

1784 653 2148 708 obtinuerunt
2194 650 2457 716 Africam,
2490 658 2544 703 et
2568 647 2812 718 depulsis
2850 646 3134 710 Romanis,
3171 636 3376 698 Mauri-

1783 746 1984 808 tanias,
2024 753 2078 799 et
2105 742 2418 797 Numidiam
2439 783 2453 805 ,
2485 741 2743 810 mistique
2773 738 3036 793 Vandalis
3080 738 3152 791 ibi
3184 752 3377 806 super-

1784 842 2033 904 stitibus,
2072 838 2493 895 communicatis
2534 836 2849 890 nominibus
2872 875 2885 899 ,
2916 834 2994 888 uti
3030 833 3377 902 superstitio-

1784 934 1966 999 nibus,
2021 932 2225 987 Christi
2278 930 2491 985 Domini
2542 928 2882 981 divinitatem
2932 926 3284 994 abnegautes,
3324 925 3378 977 in

1783 1026 2074 1096 Hispanias
2097 1026 2451 1094 trajecerunt,
2479 1032 2531 1076 et
2560 1023 2611 1074 in
2643 1021 2867 1082 Gallias,
2901 1019 3073 1073 donec
3097 1034 3190 1072 eos
3213 1018 3380 1070 Carn-

1784 1118 1870 1174 lus
1902 1117 2166 1171 Martialis
2201 1131 2266 1169 an
2299 1112 2526 1168 Tudes?
2572 1123 2679 1165 tam
2728 1111 2924 1165 celebri
2964 1110 3245 1171 contudit,
3283 1123 3381 1160 cx-

1785 1208 2325 1279 stinxitque'praelio.
2364 1205 2476 1259 lmo
2513 1202 2753 1258 Siciliam
2779 1244 2795 1268 ,
2840 1211 2895 1255 et
2937 1201 3164 1254 Romam
3205 1202 3378 1269 ipsam

1783 1305 2157 1373 diripuerunt,
2213 1316 2277 1354 ac
2329 1305 2640 1359 vastarunt,
2693 1309 3056 1363 magnamque
3104 1293 3369 1346 Gra'eiain

1783 1398 2153 1453 detinuerunt.
2182 1394 2307 1447 Ideo
2332 1390 2592 1460 Vaginam
2626 1389 3009 1449 Vandalorum,
3040 1385 3090 1439 id
3120 1393 3203 1438 est
3228 1426 3241 1447 ,
3277 1382 3379 1437 Sa-

1783 1503 2129 1548 racenorum,
2151 1501 2245 1539 seu
2268 1484 2579 1537 Maurorum
2604 1482 2707 1535 sub
2744 1479 2942 1533 Carolo
2976 1477 3170 1547 Magno
3213 1475 3381 1529 fuisse

1784 1581 1845 1635 P.
1881 1579 2117 1641 Guesnai
2152 1578 2205 1630 in
2232 1576 2399 1631 Maria
2436 1574 2751 1643 Magdalena
2782 1570 3120 1624 Massiliense
3150 1567 3379 1630 advena,

1785 1687 1838 1741 p.
1872 1670 2234 1735 562,.dictam
2267 1667 2434 1722 fuisse
2463 1664 2701 1718 Africam
2738 1661 2991 1725 affirmat,
3024 1668 3078 1714 et
3128 1674 3229 1729 ego
3262 1657 3383 1712 fuse

1786 1766 1959 1836 probo
1991 1764 2043 1818 in
2076 1762 2458 1815 Dissertatione
2488 1759 2550 1811 de
2578 1754 2896 1826 patrimonio
2953 1760 3100 1822 pont.
3138 1751 3289 1804 Rom.
3322 1752 3380 1804 in

1791 1858 2024 1930 provinc.
2063 1853 2428 1908 Narbonense.
2469 1853 2641 1903 Antea
2673 1847 3034 1918 prazluserant
3080 1843 3250 1898 variis
3288 1857 3384 1897 cx-

1792 1947 2139 2004 cursionibus
2174 1954 2433 1999 vexantes
2467 1941 2704 2013 Syriam,
2733 1946 2786 1992 et
2812 1936 3183 1995 Palaestinam,
3222 1934 3383 1989 habi-

1792 2051 1967 2096 tantes
1994 2040 2046 2093 in
2078 2036 2347 2099 tentoriis,
2374 2033 2526 2088 Isaiae
2555 2031 2785 2097 xm,20.
2819 2029 3086 2083 Latrones
3118 2025 3382 2087 Arabum,

1792 2134 1883 2203 qui
1938 2140 2114 2186 castra
2151 2130 2481 2192 invaserant,
2537 2140 2726 2179 omnes
2779 2121 3018 2190 majores
3067 2129 3195 2172 natu
3244 2117 3385 2169 ﬁlios

1791 2225 1973 2280 Joram
2034 2224 2177 2294 regis
2210 2220 2348 2275 Juda
2399 2216 2811 2281 interfecerunt,
2858 2213 3097 2267 Arabum
3156 2210 3383 2273 scilicet,

1791 2320 1884 2389 qui
1936 2316 2179 2387 contines
2232 2322 2359 2367 sunt
2417 2310 2809 2380 IEthiOpibus;
2872 2322 2997 2360 nam
3049 2304 3249 2372 duplex
3303 2309 3388 2356 est

1791 2411 2067 2480 {Ethiopia
2096 2429 2108 2463 :
2142 2417 2266 2478 post
2299 2406 2587 2476 [Egyptum
2637 2403 2825 2465 altera,
2863 2400 2917 2452 in
2971 2396 3171 2449 ﬁnibus
3216 2393 3387 2447 Palm-

1792 2505 1970 2571 stinae,
2019 2516 2117 2556 seu
2154 2500 2334 2552 Terra:
2368 2498 2580 2549 Sanctae
2613 2503 2666 2546 et
2705 2491 2894 2555 Sinai;
2956 2488 3083 2549 alia,
3122 2487 3235 2539 sive
3272 2484 3386 2537 Ma-

1791 2597 1938 2657 dian,
1972 2609 2001 2647 a
2033 2606 2140 2661 qua
2170 2588 2414 2657 Sephora
2438 2600 2576 2639 uxor
2605 2582 2834 2653 Moysis,
2869 2576 3207 2646 Ethiopissa
3240 2574 3386 2628 dicta

1790 2703 1841 2744 c.
1882 2703 1919 2740 ιι
1948 2684 2115 2738 Exod.
2144 2689 2194 2735 et
2223 2694 2273 2735 c.
2300 2694 2373 2732 xu
2395 2677 2680 2731 Numeror.
2712 2672 2783 2726 De
2807 2672 2907 2724 hac
2940 2670 2992 2723 in
3030 2667 3165 2736 psal.
3200 2679 3383 2719 vau:

1797 2774 2101 2844 cAZthiopia
2121 2768 2409 2843 prmveniet
2426 2781 2622 2820 manus
2641 2763 2762 2832 ejus
2785 2762 2911 2825 Deo,
2930 2779 2946 2810 ι
2969 2757 3056 2811 ubi
3079 2755 3387 2810 Genebrar-

1789 2873 1912 2939 dus,
1962 2870 2085 2924 vide
2118 2865 2375 2920 Allatium
2432 2859 2910 2915 itﬁHexaemerum
2960 2850 3208 2906 Eustalh.
3264 2862 3387 2917 pag.

1791 2965 1927 3030 528;
1958 2970 2192 3033 quatuor
2207 2956 2444 3010 Arabum
2472 2966 2669 3024 genera
2686 2946 2949 3004 describit
2969 2946 3042 2998 La
3066 2942 3217 2996 Valle
3246 2947 3386 3009 part.

1792 3075 1874 3122 ιιι,
1907 3029 2063 3125 epist.
2095 3052 2183 3116 11,
2220 3065 2272 3119 p.
2297 3047 2421 3109 482,
2456 3044 2550 3113 qui
2583 3040 2853 3108 hodieque
2882 3044 3223 3108 grassanmr.
3273 3029 3381 3084 Sed

94 3152 306 3209 Euseb.
347 3153 595 3223 Χρονικ.,
622 3151 751 3222 quin
798 3160 852 3205 et
909 3149 1158 3203 Scenitas
1201 3165 1229 3202 a
1271 3121 1537 3212 tentoriis,
1590 3148 1691 3201 sub
1718 3167 1761 3223 ο
1795 3121 1867 3202 ad
1906 3121 2118 3201 corevos
2164 3139 2270 3194 Nili
2316 3135 2711 3204 regrediamur,
2753 3145 2891 3200 quos
2927 3127 3070 3181 inter
3114 3121 3390 3192 Vopiscus

94 3245 311 3314 quibus
347 3244 569 3314 degunt,
625 3251 966 3311 nuncupatos
1002 3242 1110 3294 ἀπὸ
1156 3240 1264 3294 τῶν
1311 3237 1545 3309 σκηνῶν.
1585 3240 1697 3293 Au-

96 3343 307 3407 gustus
335 3351 427 3390 eos
458 3334 716 3399 tentavit,
746 3342 973 3389 canente
1004 3331 1267 3401 Virgilio:

175 3427 372 3486 Omnis
402 3427 603 3493 Arabs,
634 3443 810 3482 omnes
845 3434 1108 3480 verterunt
1140 3434 1285 3492 terga
1326 3421 1520 3477 Sabwi.

1166 3514 1383 3569 .IEneid.
1427 3514 1521 3568 lib.
1556 3529 1630 3568 Ix.

175 3654 195 3672 .
222 3656 240 3673 .
264 3653 282 3670 .
309 3612 518 3682 Inferre
563 3619 757 3682 parant
804 3607 1148 3678 lacrymabile
1200 3592 1435 3670 bellum,

328 3703 634 3758 Hircam'sve
675 3701 949 3755 Arabisve.

1287 3786 1507 3843 xEneid.
1537 3802 1628 3841 vu.

106 3892 182 3947 At
212 3885 529 3957 Propertius
562 3884 615 3938 in
640 3882 791 3953 Eleg.
824 3888 892 3936 ad
922 3879 1130 3935 Musam
1162 3880 1256 3932 lib.
1289 3895 1346 3939 ιι,

334 3976 406 4031 Et
433 3976 620 4030 domus
651 3975 868 4028 intacta:
904 3980 951 4026 te
975 3971 1151 4025 tremit
1187 3970 1419 4025 Arabiw.

111 4072 393 4142 Trajanus
435 4069 691 4124 Arabiam
733 4065 993 4121 domitam
1025 4061 1230 4132 redegit
1274 4062 1325 4114 in
1372 4058 1704 4129 provinciam

114 4163 340 4219 obtritis
388 4158 685 4231 Agarenis,
738 4155 906 4227 678
948 4160 1003 4208 et
1056 4164 1254 4220 magna
1303 4147 1423 4219 ejus
1471 4148 1707 4218 regionis

117 4262 279 4325 parte
307 4258 566 4320 occupata
592 4266 607 4315 ;
639 4255 869 4304 testatur
900 4246 951 4300 id
984 4243 1182 4298 Sextus
1215 4240 1408 4295 Rullus
1430 4281 1445 4305 ,
1478 4249 1531 4293 et
1562 4238 1705 4293 anti-

118 4360 295 4417 quum
331 4343 638 4406 nomisma,
680 4340 735 4395 in
773 4352 884 4409 quo
913 4336 1141 4407 legitur,
1172 4333 1379 4387 Arabia
1412 4330 1703 4401 acquisita.

121 4440 333 4493 Novam
363 4435 557 4491 deinde
592 4430 932 4503 provinciam
964 4427 1091 4482 fecit
1136 4424 1371 4481 Severus
1404 4423 1704 4492 Augustus,

1799 3240 2044 3296 nominat
2094 3232 2385 3307 Blemmies
2421 3236 2608 3300 gentes
2650 3223 2919 3277 Barbaras
2958 3220 3012 3273 in
3059 3216 3379 3273 Aureliano,

1798 3342 1852 3386 et
1886 3328 2128 3391 Plinius,
2187 3305 2283 3378 lib.
2323 3338 2378 3385 v,
2426 3335 2476 3375 c.
2538 3317 2594 3381 8,
2641 3315 2890 3384 Blemyes
2940 3318 3100 3364 vocat
3160 3305 3393 3376 populos

1799 3418 2093 3488 [Ethiopiae
2139 3429 2331 3469 versus
2375 3418 2622 3465 austrum
2654 3422 2684 3459 a
2727 3404 2911 3471 Blemy
2958 3415 3066 3455 uno
3094 3415 3124 3453 e
3158 3397 3394 3451 ducibus

1802 3510 2044 3583 Dionysii
2081 3521 2278 3562 nomen
2316 3510 2624 3562 mutuatos,
2657 3513 2688 3551 e
2739 3494 3010 3549 Strabone
3033 3530 3047 3555 ,
3084 3491 3120 3544 l.
3157 3505 3267 3543 xxii
3290 3528 3303 3550 ,
3338 3495 3393 3540 et

1804 3579 2064 3671 Stephan.
2107 3596 2183 3650 De
2210 3591 2380 3648 urbib.
2416 3589 2685 3659 capitibus
2738 3589 3009 3638 carentes.
3061 3579 3393 3634 Claudianus
3487 3656 3489 3659 η

1801 3664 1947 3749 feros
1971 3691 2193 3751 vocitat,
2211 3693 2265 3739 et
2284 3684 2427 3737 locat
2449 3681 2587 3734 inter
2608 3676 2822 3731 Meroen
2848 3689 2911 3727 ac
2933 3672 3168 3742 Syenen,
3184 3667 3235 3720 in
3259 3664 3397 3718 Car-

1804 3789 1939 3840 mine
1988 3783 2054 3836 de
2108 3779 2257 3833 Nilo.
2295 3778 2541 3845 Blemyas
2575 3768 2790 3838 subegit
2820 3764 3053 3828 Probus,
3098 3771 3397 3825 eorumque

1803 3878 2045 3945 captivos
2063 3871 2290 3926 Romam
2316 3863 2641 3927 transmisit,
2665 3860 2757 3931 qui
2782 3857 3087 3913 mirabilem
3111 3853 3194 3908 sui
3218 3853 3395 3904 visum

1805 3942 2043 4039 stupenti
2067 3965 2267 4036 populo
2296 3962 2544 4015 Romano
2563 3957 2933 4027 praebuerunt;
2961 3949 3027 4003 de
3051 3948 3136 4001 his
3162 3947 3267 3999 ista
3294 3942 3399 3995 Ma-

1807 4036 2091 4115 mertinius
2121 4056 2258 4111 dixit
2288 4055 2343 4108 in
2372 4050 2712 4108 Genet/iliaca
2746 4039 3125 4098 Maximiliani.
3148 4036 3262 4090 Non
3282 4036 3401 4088 ista:

1807 4153 1967 4206 modo
1989 4192 2005 4219 ,
2037 4150 2265 4219 aliaeque
2298 4155 2485 4218 gentes
2523 4141 2750 4205 viribus,
2786 4136 3067 4205 armisque
3102 4128 3398 4189 terribiles,

1804 4243 1970 4314 679
2006 4241 2201 4296 fiducia
2253 4239 2532 4293 instructa:
2563 4234 2633 4290 ad
2690 4230 2983 4304 perniciem
3037 4219 3395 4279 humanitatis

1807 4343 2054 4400 utuntur,
2073 4332 2165 4386 sed
2180 4331 2342 4386 etiam
2361 4327 2552 4383 Blemii
2576 4328 2658 4396 (ut
2677 4323 2863 4393 audio)
2890 4319 3099 4376 levibus
3134 4314 3295 4369 modo
3314 4327 3402 4366 as-

1809 4426 1948 4482 sueti
1973 4423 2182 4496 sagittis
2207 4424 2470 4478 adversus
2500 4418 2809 4487 IEthiopes,
2833 4418 3104 4484 quaarunt,
3141 4422 3263 4477 qua:
3294 4420 3401 4457 non

124 4532 225 4601 qui
266 4529 371 4586 sibi
404 4528 619 4583 titulum
649 4523 866 4579 Arabici
898 4519 1215 4590 assumpsit,
1247 4527 1307 4571 ut
1347 4516 1400 4570 in
1432 4516 1708 4585 Apparatu
1745 4521 1788 4575 D
1818 4516 2018 4570 habent
2040 4529 2213 4579 arma,
2237 4520 2292 4568 et
2320 4526 2457 4581 pene
2489 4508 2652 4564 nudis
2677 4505 2819 4574 odiis
2838 4502 3023 4575 praelia
3062 4495 3401 4553 interneciua

126 4623 394 4680 historico
416 4635 577 4675 arcus
599 4615 945 4686 triumphalis
976 4612 1141 4669 erecti
1165 4611 1232 4665 ad
1256 4609 1428 4679 ipsius
1452 4608 1716 4662 honorem

129 4715 411 4771 adnotavi.
443 4712 796 4784 Vagabantur
826 4707 1046 4778 quidem
1074 4704 1301 4767 Arabes,
1331 4718 1427 4759 seu
1458 4699 1719 4759 Saraceni

132 4808 368 4879 semper,
398 4815 453 4863 et
476 4806 531 4861 in
562 4804 743 4860 vicina
774 4799 1138 4856 excurrebant
1164 4794 1382 4865 oppida,
1417 4794 1717 4862 vicosque;

132 4910 292 4971 rapto
318 4901 594 4963 viventes,
626 4896 948 4967 praedasque
987 4897 1370 4947 convectantcs
1396 4930 1411 4953 ,
1444 4888 1577 4957 quin
1608 4886 1722 4939 via-

135 4992 348 5047 toribus
393 4989 730 5046 insidiantes.
760 4983 1136 5051 Nomadesque
1181 4980 1326 5034 sicut
1373 4978 1587 5049 Scythre
1627 4976 1723 5030 de-

138 5083 402 5138 nominati
425 5089 573 5147 sunt,
602 5089 659 5135 ut
689 5078 868 5150 arguit
896 5075 958 5131 P.
986 5073 1260 5129 Combeﬁs
1306 5071 1373 5126 ad
1402 5070 1643 5126 Nicetam
1667 5069 1723 5123 in

138 5172 264 5231 Vita
293 5175 465 5231 sancti
495 5172 779 5246 Hyacinthi
804 5167 1162 5230 Amastrien.,
1184 5164 1354 5235 p.15;
1388 5162 1724 5217 Romanum-

142 5283 251 5338 que
278 5267 625 5323 incesserunt
661 5262 952 5333 imperium
974 5300 989 5325 ,
1036 5272 1270 5314 excusso
1297 5256 1450 5325 jugo,
1482 5252 1725 5335 magpis-

143 5374 251 5429 que
286 5375 411 5415 cum
448 5357 623 5427 copiis
650 5356 941 5420 irruentes,
989 5349 1383 5407 lsmaelitarum
1424 5347 1596 5402 ascito
1627 5359 1726 5400 no-

149 5452 292 5506 mine
339 5452 408 5506 ab
445 5449 701 5513 lsmaele,
736 5456 860 5517 post
886 5444 1246 5506 Mahometis,
1272 5440 1364 5511 qui
1410 5453 1504 5509 per
1538 5452 1728 5492 ascen-

150 5557 326 5598 sorem
366 5542 557 5597 cameli
593 5540 805 5595 videtur
849 5536 1123 5609 designari
1175 5533 1328 5589 Isaiae
1375 5547 1487 5599 xxi,
1519 5531 1573 5594 8,
1620 5544 1727 5583 non

151 5636 323 5691 solum
358 5635 630 5707 Hegirarn,
677 5647 773 5687 seu
807 5628 1014 5695 fugam,
1063 5643 1250 5683 verum
1283 5625 1448 5679 etiam
1498 5629 1729 5677 mortem

151 5726 429 5796 Cynicam,
478 5738 530 5782 et
570 5723 769 5780 fabulis
812 5724 1200 5784 inumbratam,
1250 5735 1341 5773 an.
1386 5716 1446 5772 C.
1495 5715 1559 5769 N.
1608 5716 1731 5784 plus

156 5819 332 5876 minus
359 5820 455 5876 651
487 5837 501 5887 ;
536 5834 659 5874 nam
692 5815 902 5889 Syriam
925 5824 979 5870 et
1005 5812 1297 5885 IEgyptum
1324 5810 1728 5866 Saracenorum

1818 4607 2186 4664 committunt.
2215 4605 2288 4659 De
2315 4603 2399 4658 bis
2424 4600 2690 4670 Sulpitius
2736 4597 2970 4651 Severus
2993 4590 3120 4645 dial.
3148 4589 3200 4652 1,
3226 4602 3275 4641 c.
3310 4584 3399 4638 15.

1819 4696 2124 4752 Praemonui
2162 4692 2365 4749 dudum
2415 4707 2467 4761 p.
2501 4690 2623 4751 659,
2670 4686 2771 4742 sub
2800 4681 3028 4753 imperio
3066 4674 3403 4737 Diocletiani,

1820 4798 1874 4845 et
1902 4788 2060 4845 Petro
2094 4786 2350 4858 episcopo
2388 4778 2813 4836 Alexandrinam
2854 4773 3153 4833 Ecclesiam
3188 4776 3406 4837 regente

1821 4889 2079 4951 martyre,
2130 4878 2223 4947 qui
2275 4872 2532 4931 occubuit
2586 4884 2729 4925 anno
2756 4867 2819 4923 C.
2846 4864 2913 4920 N.
2938 4864 3068 4929 510,
3105 4861 3406 4917 monachos

1824 4988 2053 5030 summat
2102 4970 2323 5025 virtutis
2352 4983 2417 5022 ac
2444 4963 2749 5021 sanctitatis
2777 4961 2833 5016 in
2866 4957 3159 5015 solitudine
3193 4954 3410 5009 'l'hecue

1825 5068 2179 5135 interemptos
2209 5078 2241 5117 a
2269 5057 2704 5116 discurrentibus
2755 5052 3156 5108 Saracenorum
3204 5048 3411 5101 latrun-

1826 5158 1968 5213 culis
2011 5171 2043 5211 e
2091 5154 2382 5211 collatione
2412 5151 2445 5206 6
2492 5148 2745 5205 Cassiani
2775 5162 2825 5201 c.
2859 5145 2885 5199 1
2930 5153 2979 5199 et
3017 5143 3070 5195 2.
3107 5137 3411 5194 Cardinalis

1826 5250 2096 5306 Baronius
2146 5248 2203 5302 in
2258 5247 2402 5301 notis
2447 5244 2512 5299 ad
2546 5240 2982 5314 Matyrologium,
3016 5236 3207 5291 diebus
3234 5231 3300 5284 14
3324 5228 3413 5282 Ja-

1828 5343 2029 5407 nuarii,
2067 5340 2133 5395 19
2176 5337 2481 5399 Februarii,
2517 5345 2573 5391 et
2625 5334 2691 5389 16
2722 5341 2776 5390 et
2804 5331 2873 5385 28
2919 5328 3066 5390 Maii,
3117 5323 3285 5379 rel‘ert
3324 5320 3411 5374 in-

1830 5437 2115 5493 cursiones
2158 5432 2337 5488 varias
2369 5430 2790 5492 Saracenorum,
2823 5440 2854 5479 e
2879 5422 3078 5493 quibus
3117 5416 3291 5486 prima
3330 5420 3413 5466 est

1831 5529 1936 5584 ista
1983 5526 2086 5583 sub
2135 5524 2470 5579 Diocletiano
2511 5522 2577 5576 ad
2613 5533 2819 5575 annum
2859 5511 3004 5569 C.N.
3054 5509 3177 5572 505,
3210 5506 3276 5561 de
3305 5518 3412 5574 qua

1831 5619 2127 5676 Cassianus
2154 5617 2284 5687 agit,
2318 5616 2372 5669 in
2410 5613 2651 5676 Thecue,
2686 5610 2915 5679 ejusque
2944 5601 3117 5677 Graeci
3150 5587 3413 5653 memine-

1834 5718 1971 5765 runt.
2016 5709 2071 5764 in
2116 5705 2444 5773 Menologio,
2502 5702 2591 5756 die
2622 5700 2691 5754 14
2722 5694 2967 5752 Januarii
2995 5693 3143 5747 hisce
3181 5687 3363 5742 verbis
3396 5700 3410 5736 :

1835 5803 1949 5874 Πρὸ
1980 5801 2037 5856 δὲ
2078 5799 2285 5872 χρόνων
2324 5793 2533 5850 πολλῶν
2576 5793 2669 5847 ἐπὶ
2702 5790 2805 5862 τῆς
2853 5785 3133 5859 βασιλείας
3184 5776 3414 5847 Διοκλη-
