3852 6052
409 289 542 352 id???

1157 289 1306 350 JOS.
1345 288 1608 348 MARI/E
1642 285 1998 346 SUABESII
2042 285 2270 345 LIBER
2308 284 2940 347 CHRONOLOGICUS

3611 273 3753 335 jgcs

403 394 590 450 τιανοῦ
643 393 739 448 τοῦ
796 394 1101 465 βασιλέως,
1155 397 1253 450 καὶ
1304 396 1514 465 Πέτρου
1565 392 2004 464 ἁρχιεπισκόπου

2145 409 2224 448 em
2271 395 2705 464 persecutionem
2746 391 3064 448 Diocletiani
3113 391 3396 445 adversus
3428 384 3755 439 Christia-

417 487 828 559 Ἀλεξανδρείας
848 487 1215 559 ἀνῃρέθησαν,
1240 487 1337 541 καὶ
1364 487 1544 556 ἕτεροι
1583 483 1997 555 Ἡσυχάζοντες,

406 581 503 633 καὶ
533 579 688 632 αὐτοὶ
723 581 780 630 ὲν
809 577 886 649 τῷ
917 579 1046 649 Σινᾷ
1084 577 1220 648 ὄρει.
1253 575 1590 641 Ἐξελθόντες
1619 576 1728 646 γὰρ
1749 577 2000 628 οἱκατοι-

409 669 633 733 κοῦντες
673 671 767 723 καὶ
801 671 956 724 αὐτοὶ⁹
986 673 1042 722 ὲν
1091 669 1168 740 τῷ
1207 670 1338 739 Σινᾷ
1367 668 1482 740 ὄρει
1512 667 1841 740 Σαρακηνοὶ,
1868 668 2004 720 ἀπο-

412 761 661 822 θανόντος
713 759 805 814 τοῦ
869 760 1148 830 φυλάρχου
1191 759 1390 823 αὐτῶν,
1426 759 1656 822 πολλοὺς
1703 759 2003 828 ἐφόνευσαν

411 852 520 905 τῶν
551 852 806 922 ἀσκητῶν
826 869 838 882 ·
860 853 970 904 τῶν
999 853 1056 905 δὲ
1089 850 1292 904 λοιπῶν
1322 851 1600 920 φυγόντων
1635 852 1716 913 εἰς
1761 850 1822 903 τὸ
1871 849 2001 920 ὀχύ-

416 963 600 1012 ρωμα,
645 946 816 1016 ἐφάνη
872 948 986 1008 τοῖς
1033 945 1368 1014 Σαρακηνοῖς
1411 942 1501 995 διὰ
1531 943 1629 1013 τῆς
1658 941 2004 1010 νυκτὸςφλὸξ

414 1039 586 1107 πυρὸς
614 1037 988 1090 κατακαίουσα
1012 1037 1130 1088 ὅλον
1155 1034 1216 1086 τὸ
1241 1034 1364 1104 ὅρος
1385 1052 1400 1066 ο
1431 1037 1463 1104 ἡ
1497 1035 1552 1087 δὲ
1583 1033 1715 1104 φλὸξ
1741 1035 2007 1104 ἀνήρχετο

414 1127 520 1190 ἕως
573 1129 668 1181 τοῦ
720 1127 987 1197 οὐρανοῦ¹
1022 1127 1118 1181 κού⁹
1151 1127 1353 1188 ἰδόντες
1387 1127 1437 1178 οἱ
1475 1127 1784 1197 Σαρακηνοὶ
1808 1125 2007 1196 ἐφοϐή-

417 1219 610 1288 θησαν,
657 1220 752 1272 xui
801 1219 1056 1290 ῥίψαντες
1103 1216 1170 1270 τὰ
1200 1218 1340 1270 ὅπλα
1369 1217 1549 1270 αὐτῶν
1586 1217 1808 1286 ἔφυγον.
1851 1217 1914 1270 Ol
1948 1216 2006 1270 δὲ

418 1314 634 1382 πρῶτον
693 1312 994 1380 σφαγέντες
1044 1307 1185 1382 ἦσαν
1225 1312 1524 1383 τριάκοντα.
1583 1310 1729 1363 ὀκτὼ
1791 1309 2009 1380 ἔχοντες

421 1403 638 1473 πληγὰς
671 1404 961 1475 διαφόρους
989 1406 1043 1456 ἐν
1068 1406 1178 1467 τοῖς
1207 1402 1454 1473 σώμασιν
1487 1403 1666 1457 αὐτῶν
1688 1417 1702 1431 ·
1741 1403 1802 1467 ἐξ
1830 1402 2008 1454 αὐτῶν

420 1496 476 1550 δὲ
500 1497 772 1568 ᾑρέθησαν
805 1497 898 1550 δύο
928 1498 1128 1561 ζῶντες
1148 1535 1162 1559 ,
1189 1496 1405 1559 Σάϐϐας
1443 1499 1538 1549 καὶ
1577 1495 1803 1557 Ἡσαΐας
1823 1512 1835 1527 ·
1865 1496 1915 1548 οἱ
1952 1495 2010 1547 δὲ

422 1588 770 1657 φονευθέντες
811 1591 858 1642 οἱ
909 1589 1004 1658 μὲν
1047 1588 1147 1652 τὰς
1179 1587 1425 1658 κεφαλὰς
1458 1587 1858 1657 ἀπετμήθησαν
1917 1603 2008 1639 τε-

421 1680 603 1745 λείως,
632 1680 742 1733 τῶν
772 1681 830 1733 δὲ
863 1683 927 1734 ὲκ
968 1680 1065 1734 τοῦ
1109 1680 1228 1744 ἐνὸς
1259 1681 1456 1752 μέρους
1485 1679 1706 1750 ἐκράτει
1733 1679 1794 1732 τὸ
1813 1677 2008 1750 δέρμα,

2108 502 2242 548 nos,
2283 488 2417 542 adiit
2450 488 2503 541 in
2546 485 2890 542 Palaestinam
2919 485 3252 540 adoraturus
3290 494 3469 537 sacra
3525 478 3749 530 Christi

2111 575 2327 631 Domini
2355 586 2705 632 monumenta
2728 594 2742 644 ;
2767 577 2894 631 hinc
2917 575 3157 646 perrexit
3173 576 3241 628 ad
3267 582 3549 627 montem
3583 567 3750 628 Sina,

2108 669 2164 722 in
2200 668 2360 737 cujus
2392 670 2707 732 solitudine,
2753 683 2817 722 ac
2849 669 3053 746 vertice
3099 665 3368 722 monachi
3418 661 3746 731 degebant.

2107 777 2343 830 quorum
2387 762 2556 817 vitam
2589 762 2888 833 angelicam
2917 761 3200 831 depingit;
3257 767 3388 813 tum
3423 765 3645 809 nar-rat
3689 765 3750 806 at

2113 852 2395 916 Saraceni,
2424 869 2549 908 cum
2581 868 2770 906 eorum
2798 853 2908 906 dux
2938 867 2968 906 e
2997 853 3109 906 vita
3139 851 3477 919 migrasset,
3511 844 3572 896 in
3603 843 3742 895 soli-

2112 945 2397 1000 tudinibus
2419 945 2638 1010 Getrab,
2668 944 2910 1008 Chobar,
2947 954 2999 997 et
3023 943 3217 1007 Cedar,
3245 941 3506 1007 aliisque
3535 944 3742 988 sancto

2115 1037 2288 1091 monti
2323 1037 2610 1107 proximis,
2643 1037 2832 1092 obvios
2871 1050 3120 1105 quosque
3156 1030 3541 1103 peremerint,
3579 1043 3742 1080 curn-

2113 1145 2220 1198 que
2274 1130 2326 1182 in
2383 1139 2634 1184 sanctum
2683 1135 2924 1181 montem
2958 1133 3289 1195 pergerent,
3342 1122 3438 1175 cui
3494 1129 3739 1186 praemi

2115 1223 2302 1287 Dulas,
2331 1221 2511 1276 dictus
2541 1221 2612 1274 ob
2642 1218 3114 1274 mansuetudinem
3151 1215 3379 1286 Moyses
3433 1212 3494 1264 in
3541 1209 3733 1272 Turri,

2116 1315 2304 1369 oborta
2341 1313 2522 1368 subito
2553 1311 2769 1367 ﬂamma
2813 1327 2936 1368 cum
2971 1309 3121 1365 fumo
3149 1308 3356 1362 terruit
3397 1303 3733 1362 Barbaros,

2116 1407 2210 1475 qui
2249 1407 2318 1462 ab
2347 1406 2566 1474 incepto
2601 1404 2926 1460 destiterunt
2951 1403 3178 1466 itinere;
3235 1407 3371 1468 post
3400 1410 3614 1449 eorum
3649 1409 3736 1446 re-

2117 1514 2332 1554 cessum
2357 1498 2545 1552 exiens
2567 1511 2598 1552 e
2620 1495 2783 1550 Turri
2812 1494 2978 1550 Dulas
3005 1508 3132 1548 cum
3161 1489 3496 1550 monachis,
3529 1486 3734 1553 reperit

2118 1592 2340 1661 triginta
2361 1598 2487 1644 octo
2508 1589 2808 1644 monachos
2832 1587 3064 1650 occisos,
3095 1601 3128 1639 e
3148 1584 3368 1654 quibus
3426 1578 3732 1634 duodecim

2119 1682 2174 1738 in
2211 1681 2410 1736 Getrab
2458 1682 2790 1736 monasterio
2834 1678 3116 1750 jacebant,
3143 1685 3195 1731 et
3225 1673 3456 1746 passim
3491 1668 3732 1739 dispersi

427 1773 576 1826 ἄλλοι
619 1773 785 1843 μέσον
833 1773 1112 1842 ἐκόπησαν
1154 1792 1169 1810 ο
1196 1772 1288 1836 οὒς
1316 1751 1520 1840 ἔθαψαν
1543 1772 1594 1823 οἱ
1622 1770 1718 1824 δύο
1751 1771 2007 1840 μοναχοὶ,

2149 1772 2228 1838 lii,
2263 1773 2535 1842 spirantes
2572 1781 2835 1841 praeterea
2894 1770 3068 1835 duos,
3109 1767 3360 1823 Sabbam
3403 1762 3636 1818 scilicet
3673 1776 3734 1814 ac

426 1862 496 1916 τὰ
525 1863 656 1933 περὶ
677 1863 854 1918 αὐτῶν
880 1865 1127 1927 εἰπόντες
1148 1881 1160 1894 ⁸
1195 1864 1249 1918 id
1277 1873 1361 1918 est
1389 1906 1402 1919 .
1444 1863 1630 1917 Multis
1657 1874 1779 1917 ante
1820 1875 2019 1932 tempo-

430 1956 575 2008 ribus
634 1956 854 2026 (scilicet
903 1957 1211 2026 priusquam
1259 1955 1624 2008 occiderentur
1657 1972 1689 2007 a
1752 1954 2008 2008 Barbaris

432 2046 705 2100 Blentmiis
752 2047 994 2101 vocitetis
1040 2047 1135 2100 sub
1174 2045 1463 2099 Theodosio
1503 2047 1568 2099 Α.
1611 2045 1872 2111 monachi,
1901 2061 2020 2099 cum

435 2138 622 2208 quibus
658 2148 770 2191 erat
807 2137 1013 2207 Nilus),
1041 2139 1136 2191 sub
1177 2138 1393 2205 imperio
1422 2137 1745 2192 Diocletiani
1774 2137 2018 2208 Augusti,

434 2241 481 2284 et
529 2231 683 2285 Petro
726 2231 1064 2285 Alexandria:
1110 2232 1498 2300 archiepiscopo
1541 2239 1664 2288 cazsi
1711 2232 1942 2300 fuerunt,
1973 2238 2024 2285 et

437 2324 534 2377 alii
586 2323 932 2394 tranquillam
975 2324 1140 2376 vitam
1201 2323 1459 2392 degentes,
1513 2332 1562 2377 et
1607 2324 1710 2391 ipsi
1743 2338 1942 2393 quoque
1971 2323 2022 2375 in

440 2413 570 2469 Sina
631 2429 822 2469 monte.
880 2415 1094 2484 Egressi
1133 2417 1326 2468 etenim
1388 2417 1478 2484 qui
1527 2425 1576 2468 et
1599 2415 1836 2468 habitant
1870 2430 2026 2486 prope

441 2501 572 2558 Sina
604 2515 828 2558 montem
869 2504 1148 2572 Saraceni,
1181 2516 1387 2559 mortuo
1418 2509 1654 2576 ipsorum
1691 2507 1856 2562 tribus
1888 2524 2026 2575 pra:-

442 2596 596 2664 fecto,
643 2594 898 2662 plurimos
940 2594 1274 2648 trucidarunt
1313 2595 1678 2650 exercitationi
1725 2595 2029 2650 monastij

443 2687 688 2747 deditos;
732 2686 945 2753 reliquis
999 2696 1174 2741 autem
1200 2688 1256 2740 in
1303 2689 1646 2741 munitionem
1679 2686 2028 2757 profugienti-

445 2779 561 2843 bus,
616 2779 729 2832 visa
782 2779 885 2849 fuit
926 2779 1208 2834 Saracenis
1247 2781 1469 2848 ﬂamma
1509 2783 1809 2833 universum
1840 2778 2032 2831 ambu-

446 2887 561 2924 rens
598 2881 848 2936 montem,
883 2888 1044 2942 eaque
1083 2873 1152 2924 ad
1195 2871 1382 2924 uelum
1414 2888 1578 2941 usque
1607 2870 1931 2940 assurgebat.
1968 2867 2033 2922 Id

448 2964 677 3016 ridentes
708 2962 963 3017 Saraceni
1009 2964 1388 3026 extimuerunt,
1439 2975 1488 3018 et
1551 2965 1662 3017 suis
1722 2964 1885 3016 armis
1934 2962 2033 3016 ab-

441 3055 593 3125 jcctis
634 3057 976 3126 aufugerunt.
1020 3057 1124 3122 Qui
1171 3073 1288 3112 vero
1349 3058 1580 3126 primum
1632 3055 1790 3109 occisi
1821 3055 2033 3124 fuerunt

452 3147 668 3216 triginta
708 3157 822 3202 octo
870 3159 1040 3214 erant,
1066 3150 1222 3204 variis
1275 3149 1572 3203 vulneribus
1621 3150 1814 3201 concisi
1839 3148 1948 3201 suis
1979 3148 2035 3199 in

452 3240 776 3309 corporibus.
861 3240 945 3294 Ea:
997 3242 1078 3296 Itis
1121 3258 1279 3310 porro
1327 3241 1431 3295 duo
1493 3242 1593 3296 rivi
1645 3241 2033 3310 superfuerunt,

453 3331 657 3386 Sabbas
705 3343 751 3386 et
810 3331 1002 3387 Esaias
1028 3349 1046 3386 :
1078 3334 1366 3404 interfectis
1393 3343 1571 3386 autem
1597 3332 1914 3402 quibusdam
1939 3349 2034 3385 ra-

450 3433 542 3491 put
598 3426 806 3493 penitus
859 3435 937 3480 est
965 3435 1322 3494 amputatum,
1341 3426 1655 3496 ~aliquorum
1684 3440 1803 3478 vero
1835 3438 1902 3479 ea:
1927 3438 2038 3478 una

451 3526 598 3583 parte
630 3518 765 3572 cutis
815 3518 1155 3584 retinebatur,
1212 3519 1339 3572 aliis
1389 3518 1675 3572 dimidium
1710 3517 2034 3573 exciderant.

453 3608 560 3662 Eas
593 3611 903 3677 sepelierunt
950 3611 1053 3664 duo
1085 3611 1350 3678 monac/ti,
1388 3611 1480 3681 qui
1518 3612 1765 3664 dixerunt
1786 3627 2038 3681 qua'cun-

452 3716 552 3770 que
575 3701 683 3755 illis
726 3704 1073 3771 contigerunt.
1137 3703 1460 3759 Ammonius
1490 3705 1796 3775 presbyter,
1837 3717 1891 3759 et
1920 3719 2041 3760 mo-

455 3793 664 3848 nachus
698 3793 1005 3865 Aﬂgyptius,
1041 3810 1105 3850 ac
1137 3805 1341 3867 martyr
1371 3811 1495 3851 cum
1525 3806 1715 3851 sancto
1743 3796 1908 3852 Petro
1925 3798 2042 3868 epi-

455 3903 641 3956 scopo,
677 3899 838 3957 atque
886 3897 1126 3960 martyre
1154 3890 1551 3953 Alexandrino,
1572 3906 1638 3945 ex
1674 3892 1911 3947 Eusebio
1939 3893 2037 3947 lib.

457 3995 576 4045 \‘Itl,
600 3997 650 4035 c.
673 3983 706 4035 9
737 3982 877 4036 Hist.
907 3983 1114 4047 eccles.,
1139 3983 1297 4051 cujus
1329 3984 1652 4054 martyrium
1685 3983 1875 4040 Latine
1901 3984 2039 4039 ΚΡ.

456 4072 778 4129 Frauciscus
809 4075 1080 4130 Combelis
1111 4076 1546 4142 laudatissimus,
1576 4085 1631 4131 et
1669 4076 1876 4138 Gallice
1906 4075 2040 4131 ΒΡ·

453 4164 712 4219 Nicotaus
772 4163 845 4218 Le
915 4165 1092 4219 Sueur
1162 4166 1612 4221 accuratissimus
1668 4166 2044 4230 reddiderunt,

455 4257 615 4311 ambo
669 4256 912 4325 ejusdem
971 4256 1182 4311 ordinis
1212 4275 1225 4311 :
1265 4257 1613 4321 Ammonius,
1646 4257 1892 4327 inquam,
1928 4255 2044 4310 for-

459 4344 620 4399 tassis
677 4345 788 4410 ille,
835 4345 994 4414 cujus
1043 4349 1282 4400 animam
1331 4346 1384 4401 in
1439 4347 1635 4401 ccelum
1687 4346 1885 4401 deferri
1913 4345 2047 4400 vidit

2118 1865 2336 1927 Isaiam,
2370 1881 2401 1920 e
2421 1865 2622 1935 quibus
2651 1864 2787 1919 obiit
2813 1862 2983 1919 lsaias
3011 1861 3305 1918 confestim
3324 1899 3341 1923 ,
3391 1867 3458 1912 at
3489 1855 3729 1919 Sahbas,

2119 1975 2242 2014 cum
2272 1959 2481 2014 cladem
2512 1957 2904 2023 recensuisset,
2938 1956 3018 2010 sic
3041 1970 3262 2026 quoque
3303 1951 3575 2006 decessit
3600 1964 3732 2018 qua—

2120 2051 2372 2119 draginta
2393 2058 2517 2120 post
2541 2050 2682 2114 dies,
2715 2049 2789 2103 ita
2817 2057 2878 2103 ut
2901 2046 3392 2119 quadragesimum
3426 2056 3728 2098 numerum

2123 2142 2515 2198 monachorum
2556 2157 2822 2198 caesorum
2869 2141 3236 2211 impleverint,
3268 2149 3330 2193 et
3377 2137 3512 2190 haec
3548 2134 3728 2188 cuiuis

2121 2235 2416 2307 contigisse
2484 2236 2718 2290 atiirmat
2797 2235 2886 2289 die
2951 2233 3190 2288 secunda
3253 2230 3486 2285 mensis
3573 2226 3726 2296 Tybi.

2123 2343 2246 2399 quae
2277 2336 2626 2398 computatur
2648 2327 2718 2382 ab
2751 2324 3020 2396 Egyptiis
3051 2323 3118 2378 14
3145 2321 3422 2377 Januarii.
3460 2318 3731 2387 Adjungit

2127 2421 2216 2473 hic
2245 2418 2574 2472 Ammonius
2600 2425 2841 2486 stragem
2874 2415 3036 2469 aliam
3072 2413 3178 2468 sibi
3214 2412 3286 2466 ab
3310 2411 3505 2464 altero
3543 2423 3729 2461 uana-

2130 2522 2236 2567 tam
2273 2514 2563 2575 monacho,
2601 2511 2695 2580 qui
2723 2510 2955 2575 viderat,
3000 2517 3055 2562 et
3078 2504 3437 2576 confugerat,
3464 2502 3675 2556 editam
3702 2516 3730 2551 ι

2128 2606 2423 2671 Barbaris,
2487 2604 2886 2660 monachorum
2942 2602 2998 2655 in
3053 2598 3354 2654 solitudine
3399 2595 3622 2650 Raithu
3678 2594 3730 2646 in

2129 2699 2328 2754 Arabia
2378 2697 2606 2761 Petraea,
2645 2694 2938 2749 Ptolemazo
2967 2690 3222 2751 Ratheni,
3273 2688 3396 2744 sive
3431 2698 3504 2741 ut
3539 2686 3596 2738 in
3632 2683 3732 2736 Ba-

2133 2794 2239 2849 silii
2271 2792 2575 2858 Menologio
2609 2791 2829 2861 legitur,
2864 2797 2919 2842 et
2940 2792 2993 2841 in
3024 2787 3306 2850 Romano,
3351 2784 3410 2838 in
3467 2780 3728 2851 Egypw,

2133 2889 2259 2954 quia
2291 2887 2396 2942 sita
2421 2894 2508 2940 est
2542 2885 2596 2939 in
2644 2883 2783 2937 mari
2837 2881 3043 2945 Rubro,
3099 2893 3194 2935 seu
3243 2878 3312 2932 ad
3360 2877 3532 2930 littus
3565 2874 3730 2928 maris

2135 2980 2331 3041 Rubri,
2364 2987 2424 3032 ut
2453 2977 2570 3031 vult
2608 2976 2668 3030 Ρ.
2703 2974 3040 3045 Augustinus
3078 2971 3354 3033 Lubinus,
3390 2969 3725 3038 probatque,

2059 3094 2106 3153 α
2137 3073 2400 3128 referente
2420 3069 2651 3123 Domino
2687 3066 2947 3121 Michaele
2977 3065 3213 3119 Antonio
3239 3059 3568 3125 Baudraud,
3605 3073 3726 3128 geo-

2141 3166 2349 3235 grapho
2401 3160 2733 3232 peritissimo
2774 3159 2829 3213 in
2885 3156 3104 3213 Lexico.
3149 3155 3225 3210 Ea
3278 3153 3534 3209 solitudo
3569 3167 3622 3206 c.
3662 3164 3727 3202 xv

2142 3255 2314 3311 Exodi
2374 3263 2604 3308 vocatur
2655 3251 2820 3315 Elim,
2860 3248 3070 3318 fuitque
3099 3246 3340 3303 secunda
3379 3245 3597 3306 statio,
3634 3257 3726 3296 seu

2143 3347 2356 3402 mansio
2392 3342 2770 3402 Hebrreorum.
2801 3341 2893 3395 ubi
2921 3349 3076 3395 erant
3108 3336 3402 3393 duodecim
3434 3333 3646 3392 fontes.
3676 3342 3724 3386 et

2145 3436 2488 3506 septuaginta
2525 3434 2756 3504 palmae,
2807 3446 2928 3500 quae
2977 3437 3370 3485 succreverunt
3409 3427 3470 3479 in
3501 3426 3714 3487 silum,

2145 3528 2239 3583 ubi
2288 3527 2500 3599 Moyses
2548 3524 2875 3588 monachus,
2907 3523 3135 3592 ejusque
3176 3519 3490 3588 discipulus
3521 3517 3721 3580 Psoes,

2143 3631 2199 3677 et
2242 3619 2442 3691 Joseph
2496 3619 2760 3689 Ephesius
2806 3617 2944 3671 mira
2995 3622 3278 3685 patrarunt
3326 3627 3524 3681 opera.
3568 3613 3631 3663 1n
3667 3625 3722 3663 ea

2144 3721 2451 3770 tercentum
2507 3711 2801 3779 Blemmyze
2853 3707 3153 3763 transvecti
3199 3719 3338 3759 nave
3384 3703 3458 3757 ad
3505 3703 3721 3764 Clisma,

2146 3821 2269 3875 qua:
2305 3820 2402 3857 arx
2440 3803 2530 3857 est
2560 3801 2823 3861 Arabum,
2864 3814 2930 3853 ex
2958 3796 3333 3865 Ethiopibus,
3375 3805 3430 3847 et
3468 3793 3564 3846 Eia
3597 3793 3724 3846 urbe

2145 3893 2359 3948 Arabia:
2379 3890 2620 3953 Petrtetc,
2642 3890 2735 3944 ubi
2767 3888 2895 3944 olim
2925 3888 3067 3958 legio
3103 3887 3353 3940 Romana
3384 3883 3718 3942 subsidebat,

2151 3984 2425 4053 Stephano
2484 3989 2620 4036 teste
2669 3979 2747 4034 De
2791 3977 3048 4042 urbibus,
3108 3978 3386 4031 irruentes
3467 3973 3716 4028 fuderunt

2147 4077 2497 4141 Pharanitas,
2535 4073 2631 4143 qui
2671 4088 2792 4128 sese
2842 4072 3161 4136 tuebantur,
3207 4085 3334 4124 cum
3389 4067 3718 4138 refugissent

2149 4173 2289 4224 intra
2324 4180 2541 4231 murum
2590 4163 2760 4218 Paulo
2801 4161 3006 4218 Petraea
3039 4162 3179 4216 duce
3203 4172 3370 4229 atque
3417 4163 3713 4220 hortatore,

2150 4269 2205 4315 et
2267 4259 2379 4313 illic
2444 4257 2700 4312 obsessos
2773 4255 3203 4318 interemerunt,
3291 4261 3347 4306 et
3407 4250 3715 4316 Jeremiam,

2151 4351 2276 4405 dein
2353 4350 2534 4418 ipsum
2603 4345 2852 4400 Paulum.
2908 4345 3002 4399 Ille
3055 4344 3399 4410 monachus,
3487 4343 3578 4412 qui
3632 4359 3718 4397 es-

459 4443 684 4489 sanctus
717 4432 1010 4500 Antonius,
1042 4451 1072 4490 e
1103 4449 1296 4491 sancto
1327 4437 1621 4491 Athanasio
1644 4437 1812 4508 680
1843 4437 1895 4490 in
1920 4437 2039 4506 ejus
2069 4450 2116 4505 ι)
2143 4445 2458 4515 ploraverat
2519 4440 2622 4493 ista
2649 4477 2664 4502 ,
2717 4452 2841 4492 sese
2891 4435 3177 4492 abscondit
3223 4435 3326 4491 sub
3376 4435 3566 4498 ramis:
3615 4433 3716 4502 pal-

460 4523 606 4591 V‘ita,
647 4535 703 4582 et
737 4527 958 4592 Suidas,
997 4545 1152 4598 aeque
1190 4529 1323 4585 Vitis
1353 4529 1574 4584 Patrum
1602 4571 1616 4596 ,
1658 4545 1712 4599 p.
1750 4529 1872 4594 l'o'0,
1913 4545 2036 4584 car-

2139 4547 2393 4596 marum,
2467 4529 2712 4598 viditque
2785 4528 3008 4583 latitans
3082 4525 3434 4581 Salathielem
3505 4527 3711 4588 occidi;

461 4620 578 4673 diu.
617 4620 886 4674 Baronius
927 4621 984 4674 in
1024 4620 1407 4693 Martyrologio
1455 4621 1616 4677 Rom.
1661 4621 1728 4676 ad
1773 4620 2041 4676 Kalendas
2137 4623 2298 4694 681
2369 4635 2606 4690 cumque
2664 4618 2892 4673 Barbari
2951 4618 3194 4690 receptui
3259 4627 3522 4672 canentes
3578 4618 3714 4670 edita

465 4709 822 4781 Septembris,
857 4711 1090 4766 istorum
1112 4715 1503 4768 monachorum
1550 4713 1750 4769 eadem
1787 4713 2042 4785 Egyptia

463 4801 671 4873 lingua,
705 4814 1015 4858 enarratam
1047 4805 1151 4861 sibi
1191 4807 1260 4860 ab
1293 4805 1472 4861 Sabba
1511 4816 1564 4862 et
1619 4806 1759 4861 Isaia
1781 4848 1796 4875 ,
1835 4805 2044 4861 descri-

466 4895 608 4964 psit;
645 4894 919 4950 inventam
953 4912 1084 4952 vero
1113 4895 1398 4953 Naucratae
1426 4899 1510 4969 (ea
1545 4899 1678 4954 urbs
1711 4907 1812 4963 est,
1845 4914 1966 4969 quae
1991 4909 2045 4954 et

470 4984 777 5051 Naucratis,
819 4987 874 5040 in
905 4985 1144 5058 {Egypto
1178 4988 1420 5044 Pollucis
1466 4989 1839 5059 grammatici,
1887 4990 2046 5060 cujus

471 5088 554 5133 est
582 5081 954 5134 Onomasticon
981 5081 1220 5136 dicatum
1254 5082 1566 5151 imperatori
1599 5082 1921 5145 Commodo,
1946 5082 2048 5137 sub

471 5186 581 5240 quo
617 5171 704 5226 ille
734 5170 939 5240 ﬂoruit,
968 5181 1022 5228 et
1066 5189 1265 5230 nomus
1297 5175 1727 5230 mediterraneus
1760 5175 1902 5230 intra
1925 5173 2048 5230 Del-

475 5271 583 5317 tam
619 5265 688 5318 ab
738 5281 800 5320 ea
850 5276 1198 5337 nuncupatur
1242 5275 1297 5322 et.
1341 5270 1544 5324 ostium
1608 5268 1754 5333 Nili,
1810 5267 1956 5338 quod
1997 5276 2050 5323 et

477 5355 837 5428 Cauopicum.
866 5358 1065 5426 Plinio,
1103 5360 1384 5428 Straboni,
1418 5372 1471 5418 et
1508 5362 1784 5432 Stephano
1816 5361 2051 5416 auctori-

480 5448 614 5519 bus)
655 5452 1076 5522 descriptionem
1106 5454 1249 5509 hanc
1275 5455 1418 5525 apud
1445 5456 1830 5528 anachoretam
1859 5469 2052 5525 quem-

486 5541 612 5597 dam
637 5541 875 5601 .lbauues
899 5549 1182 5620 presbyter
1203 5548 1387 5604 Graece
1406 5550 1592 5603 vertit.
1612 5548 1705 5606 llle
1734 5549 2054 5604 Ammonius

491 5631 744 5688 cellulam
797 5635 1032 5692 habebat
1077 5638 1134 5693 in
1182 5639 1435 5709 Canopo;
1493 5651 1576 5696 est
1630 5641 1732 5696 hoc
1796 5641 2055 5711 Oppidqu

502 5718 724 5793 λείῃ)ιὶ
745 5725 891 5783 haud
913 5729 1103 5798 procul
1128 5728 1198 5788 ab
1223 5729 1575 5801 Alexandria,
1595 5741 1650 5790 et
1671 5731 1883 5805 fugiens
1908 5740 2055 5788 atro-

2141 4721 2322 4782 stragc
2372 4710 2810 4774 monachorum,
2867 4722 3058 4762 navem
3118 4722 3230 4762 non
3291 4707 3651 4766 invenissent,
3685 4723 3712 4758 a

2143 4803 2415 4861 sexcentis
2465 4801 2778 4856 Pharauitis
2813 4801 2880 4855 ad
2924 4815 3093 4855 unum
3145 4800 3324 4855 necati
3375 4808 3550 4855 sunt:
3591 4809 3715 4853 tunc

2143 4911 2436 4966 erumpens
2483 4894 2587 4949 iste
2628 4893 2954 4948 Ammonius
3011 4894 3309 4948 monachos
3356 4906 3530 4947 caesos
3573 4906 3715 4945 com-

2145 4989 2284 5060 perit
2335 4987 2402 5042 '59
2453 4994 2508 5042 et
2559 4986 3040 5056 quadragesimum
3095 4985 3396 5046 Domuum,
3455 4982 3550 5052 qui
3597 4997 3712 5035 mox

2146 5081 2387 5137 animam
2433 5077 2746 5144 exhalavit;
2791 5077 3024 5132 Andreae
3053 5075 3276 5147 quidem
3305 5075 3558 5137 vulnera,
3597 5075 3712 5140 quia

2148 5189 2259 5228 non
2289 5181 2448 5228 erant
2498 5171 2711 5234 letalia,
2746 5171 2970 5224 fuerunt
2996 5177 3209 5235 curata,
3236 5179 3290 5223 et
3325 5165 3492 5222 Orion
3527 5165 3713 5218 illusus

2149 5266 2520 5336 deprehensus
2571 5266 2905 5334 supervixit,
2960 5279 3026 5320 ac
3075 5277 3184 5318 una
3235 5275 3362 5315 cum
3415 5255 3710 5320 Obediene,

2152 5369 2314 5429 atque
2352 5357 2687 5428 primoribus
2720 5359 3177 5414 Pharauitarum.
3224 5368 3454 5423 corpora
3492 5352 3709 5422 quadra-

2153 5453 2301 5523 ginta
2331 5451 2517 5508 itidem
2555 5453 2946 5508 monachorqu
2983 5449 3297 5505 Christiano
3321 5448 3431 5501 ritu
3465 5444 3712 5514 ges-tando

2153 5546 2382 5616 palmas,
2424 5546 2765 5616 hymnosque
2795 5543 3154 5605 concinendo,
3190 5541 3564 5595 tumularunt:
3592 5536 3708 5589 inibi

2157 5650 2338 5693 autem
2394 5638 2752 5706 perstiterunt
2805 5635 3092 5704 religiosus
3135 5631 3401 5690 Ohedieu,
3457 5640 3512 5683 et
3537 5627 3706 5686 Orio.

2161 5747 2226 5786 ac
2272 5730 2538 5788 Andreas.
2594 5729 2796 5786 Verum
2851 5743 2976 5784 cum
3025 5727 3128 5783 ista
3174 5724 3482 5782 rescivisset
3524 5722 3588 5777 ab
3628 5721 3707 5776 illo
