3852 6052
71 273 252 340 1400

1425 275 1520 333 DE
1543 274 1717 334 VITA
1759 274 1816 331 S.
1857 275 2022 334 NII.I

3219 275 3354 338 lilO

58 396 376 454 monacho
404 394 652 466 profugo,
691 404 745 450 et
780 394 1044 466 αὐτόπτῃ.
1077 393 1129 446 id
1167 401 1280 456 est,
1309 391 1402 462 qui
1432 392 1669 460 propriis
1703 403 1744 452 Α
1773 391 2058 445 citem-imos
2102 392 2514 446 Commentarios
2569 394 2880 462 composuit,
2933 395 3024 464 qui
3055 393 3124 448 ad
3155 397 3360 448 exerci-

56 492 278 544 oculis
327 489 552 552 viderat,
600 488 924 543 Ammonius
975 487 1028 540 in
1070 485 1360 556 [Egyptnm
1405 484 1474 538 ad
1520 493 1678 553 tugu-

59 586 245 637 rium
290 597 448 637 suum
497 596 750 636 reversus
795 589 899 645 est,
949 589 1005 634 et
1056 577 1311 648 .Egyptio
1356 574 1679 644 conscripsit

63 675 394 736 idiomate,
456 673 685 741 ejusque
757 672 911 739 λόγος
971 674 1038 725 de
1104 656 1207 725 ista
1269 669 1414 723 caede
1487 682 1676 722 versus

57 763 303 826 Graece,
338 775 394 818 ut
436 764 669 818 iudicavi
710 779 739 817 a
797 764 855 817 P.
905 762 1176 818 Combel‘rs
1226 761 1412 834 Greece
1464 762 1680 816 Latine-

57 873 206 923 que
241 856 460 910 Parisiis
504 856 682 909 editus
732 854 832 908 fuit
873 871 1017 909 anno
1064 854 1199 909 1660
1229 857 1281 909 in
1315 866 1526 919 octavo,
1561 865 1614 910 et
1647 871 1678 909 a

60 945 144 1000 1).
205 948 278 1002 Le
309 951 487 1003 Sueur
517 947 721 1003 Gallice
753 949 985 1014 ibidem,
1030 949 1332 1017 eodemque
1361 963 1506 1000 anno
1533 963 1564 1000 e
1589 963 1680 1001 co-

57 1041 318 1094 dicibus
347 1041 737 1110 manuscriptis
767 1040 958 1110 Regio,
1005 1039 1335 1105 Mazzarino,
1367 1051 1420 1094 et
1459 1041 1682 1110 Segnio-

65 1131 259 1185 riano
291 1144 410 1200 post
440 1133 569 1187 Acta
617 1141 930 1186 sanctorum
983 1131 1280 1197 Eustachii,
1312 1146 1408 1185 seu
1452 1131 1680 1194 Placidi,

63 1234 136 1274 et
179 1224 529 1290 Thcopistes,
583 1225 696 1276 sive
735 1223 974 1277 Tatiana:
1001 1222 1268 1292 conjugis,
1297 1231 1351 1276 et
1384 1221 1680 1276 Laudatio-

67 1333 224 1370 nem
286 1315 487 1370 Nicetae
535 1315 902 1385 Paphlagonis
954 1315 1235 1368 insertam.
1291 1312 1484 1383 Incipit
1526 1313 1683 1381 λόγος

65 1410 404 1474 Ammonii,
465 1409 710 1476 Ἐγένετό
770 1426 894 1480 μοι,
951 1411 1286 1478 desinitque,
1365 1409 1443 1477 τῷ
1505 1410 1684 1480 ἁμαρ-

63 1499 276 1568 τωλῷ.
374 1498 815 1568 Martyrologium
894 1497 1199 1551 Romanum
1277 1498 1365 1552 die
1450 1499 1514 1552 Η
1595 1499 1683 1554 Ja-

68 1593 280 1644 nuarii
345 1591 458 1646 hinc
509 1593 707 1646 habet:
775 1611 792 1643 ι
840 1591 897 1644 In
952 1601 1136 1644 monte
1191 1591 1319 1644 Sina
1369 1602 1682 1646 sanctorum

67 1685 324 1752 triginta
363 1695 484 1737 octo
529 1685 917 1738 monachorum
951 1701 980 1738 a
1032 1685 1322 1738 Saracenis
1371 1685 1441 1738 ob
1479 1685 1679 1739 Christi

70 1776 260 1829 fidem
300 1775 733 1830 interfectorum.
777 1776 833 1829 lu
866 1775 1099 1847 .r'Egypto
1125 1777 1176 1830 in
1228 1776 1411 1829 itaithi
1463 1779 1681 1845 regione

68 1878 411 1922 sanctorum
460 1884 590 1922 mu
638 1871 1065 1934 monachorum,
1115 1871 1206 1939 qui
1243 1885 1340 1939 pro
1371 1869 1680 1924 Christiana

70 1960 360 2030 religione
407 1977 436 2014 a
493 1961 773 2016 Blemmiis
817 1963 985 2017 occisi
1046 1974 1213 2026 sunt;
1255 1982 1273 2013 ι
1331 1964 1402 2016 ibi
1459 1973 1568 2016 tam
1629 1964 1680 2016 in

70 2063 284 2106 monte
311 2052 437 2106 Sina
459 2093 474 2116 ,
497 2070 657 2124 quam
688 2056 741 2107 in
773 2053 953 2108 Raithi
999 2057 1347 2125 reponendus
1377 2065 1460 2110 est
1490 2071 1682 2109 nume-

73 2159 192 2198 rus
240 2146 594 2215 quadraginta
646 2148 1075 2210 monachorum,
1135 2158 1194 2202 ut
1222 2157 1436 2202 constat
1483 2164 1514 2204 e
1551 2165 1681 2202 nar-

70 2237 309 2291 ratione
347 2238 738 2307 suprascripta,
787 2249 840 2294 et
891 2240 968 2294 sic
1011 2240 1076 2293 ad
1127 2241 1441 2311 octnaginta
1483 2256 1682 2295 nume-

70 2337 306 2382 rantur.
344 2328 587 2383 Meminit
627 2332 814 2384 Petrus
863 2329 936 2383 La
987 2329 1134 2384 Valle
1190 2333 1502 2386 monasterii
1554 2348 1678 2387 cum

71 2421 323 2474 ecclesia
355 2423 456 2474 sub
503 2421 658 2474 titulo
689 2422 1053 2491 Quadraginta
1103 2432 1398 2489 martyrum
1440 2424 1491 2475 in
1527 2421 1677 2488 Sina,

73 2523 233 2565 tom.
268 2511 306 2575 l,
347 2513 505 2582 epist.
540 2514 624 2577 ll,
660 2529 711 2582 p.
753 2514 874 2578 287,
901 2516 1195 2580 primorum
1237 2515 1462 2578 scilicet,
1501 2519 1679 2584 quoad

72 2604 233 2658 mihi
280 2605 588 2674 conjectura
669 2606 792 2659 licet
859 2607 1100 2672 assequi.
1150 2607 1521 2659 Contirmatnr
1569 2607 1682 2661 haec

72 2695 350 2749 excursio
375 2697 475 2750 sub
521 2695 854 2749 Diocletiano
892 2696 1072 2750 verbis
1108 2696 1255 2750 hisee
1303 2696 1428 2760 Nili,
1467 2697 1678 2752 descri-

76 2788 274 2842 bentis
315 2802 454 2853 eam,
501 2803 622 2855 qua:
669 2787 769 2840 sub
814 2785 1147 2852 Theodosio,
1198 2789 1247 2841 id
1297 2800 1380 2842 est
1411 2807 1528 2842 tero
1579 2805 1680 2842 suo

74 2879 296 2942 evenit,
327 2879 674 2950 ἀνῃρέθησαν
703 2880 760 2932 δὲ
790 2879 936 2933 ἄλλοι
975 2881 1083 2950 πρὸ
1122 2881 1382 2934 πλειόνων
1421 2881 1579 2941 ἐτῶν,
1626 2880 1678 2933 id

72 2983 199 3033 est,
252 2971 510 3040 interfecti
567 2987 684 3025 vero
736 2973 832 3026 alii
879 2972 1162 3038 (monachi
1217 2973 1508 3041 nimirum)
1556 2983 1680 3026 ante

1779 485 2029 542 tationem
2062 497 2362 556 prazparant
2419 497 2468 542 et
2509 490 2984 552 conversationem;
3032 498 3082 542 et
3137 489 3363 558 captivi-

1779 583 1938 628 tatem
1983 585 2033 630 et
2094 579 2286 631 credent
2320 589 2624 632 sanctorum
2667 578 2894 632 Patrum
2946 580 3242 649 descripsit.
3288 580 3362 635 lli

1777 669 1964 738 quippe
1999 673 2239 736 monac/ti
2268 675 2436 726 necati
2469 674 2682 742 fuerunt
2707 692 2738 727 a
2768 674 3042 737 Barbaris,
3085 694 3373 746 nuncupa--

1780 760 1846 813 tis
1875 759 2140 816 Blemmiis
2165 763 2228 816 ab
2260 764 2462 818 Arabia
2495 782 2656 834 usque
2680 767 2749 819 ad
2785 764 3074 836 [Em/ptum
3128 779 3177 822 et
3213 786 3358 823 mare

1778 849 2035 916 Rubrum,
2087 854 2249 921 juxta
2274 855 2620 910 solitudinem
2664 858 3084 914 excurrentibus.
3140 862 3359 915 Etcum

1779 940 1930 998 Nilus
1965 945 2079 1014 ipse
2107 946 2544 1001 circumstantias
2579 962 2767 1003 omnes
2800 950 3026 1004 (aedium
3051 990 3065 1013 ,
3115 967 3235 1020 quae
3265 968 3358 1006 ac-

1782 1037 2049 1103 ciderunt,
2082 1039 2207 1108 quia
2251 1049 2380 1094 tunc
2411 1041 2596 1096 aderat
2626 1042 2677 1094 in
2717 1040 2846 1095 Sina
2879 1052 3080 1109 monte,
3116 1059 3180 1097 ac
3206 1060 3362 1098 com-

1784 1129 2070 1196 miserans,
2105 1147 2198 1186 eas
2240 1133 2535 1201 spectabat,
2587 1135 3016 1204 nominatimque
3062 1136 3362 1189 monachos

1783 1219 2096 1276 interfectos
2125 1223 2331 1293 aliquot
2354 1240 2704 1286 enumerans,
2739 1235 2954 1295 tempus
2982 1241 3201 1296 quoque
3229 1227 3363 1296 adji-

1783 1313 1890 1366 ciat
1937 1314 2203 1369 decimam
2255 1327 2504 1384 quartam
2549 1316 2692 1371 diem
2741 1318 3019 1382 Januarii,
3073 1330 3130 1373 ut
3179 1321 3361 1384 retuli,

1783 1404 2171 1475 adjungatque,
2200 1407 2437 1472 πάντως
2468 1408 2575 1477 γὰρ
2597 1410 2719 1476 τοῖς
2745 1412 3070 1464 εὐλαόἐσιν
3108 1413 3145 1480 ἡ
3173 1412 3363 1480 μάθη-

1783 1512 1883 1563 σις
1910 1499 2006 1552 καὶ
2042 1499 2147 1552 τοῦ
2177 1501 2400 1567 χρόνου
2433 1500 2532 1553 καὶ
2559 1499 2680 1554 τῶν
2716 1502 3019 1571 ὀνομάτων
3037 1503 3364 1564 σπουδάζε-

1784 1606 1876 1642 ται
1897 1631 1912 1655 ,
1941 1591 2250 1644 κοινωνεῖν
2281 1591 2408 1656 ταῖς
2448 1591 2708 1659 μνήμαις
2745 1592 2865 1647 τῶν
2901 1595 3085 1665 ἁγίων
3115 1597 3362 1650 ἐθέλου-

1784 1693 1927 1731 σιν·
1978 1679 2029 1734 id
2084 1690 2204 1745 est,
2263 1683 2472 1735 omnino
2521 1700 2742 1754 namque
2793 1703 2826 1739 a
2878 1685 3072 1741 (leuatis
3124 1688 3360 1743 studiose

1783 1772 2040 1840 quaeritur
2071 1774 2293 1826 scientia
2328 1777 2572 1844 temporis
2633 1781 3022 1849 nominumque,
3068 1780 3357 1835 ualentibus

1785 1863 2050 1933 (scilicet)
2107 1866 2480 1920 memoriarum
2537 1878 2838 1922 sanctorum
2887 1871 3005 1940 ﬁeri
3043 1873 3356 1940 participes;

1785 1969 1895 2012 tres
1949 1966 2158 2011 tantum
2199 1959 2445 2014 nominat
2485 1976 2676 2026 caesos,
2707 1961 3047 2018 Theodulum
3080 1967 3361 2036 presbyte-

1782 2065 1928 2113 rum,
1961 2049 2214 2116 Paulum,
2245 2061 2299 2107 et
2326 2051 2613 2116 Joannem,
2656 2064 2840 2124 postea
2871 2057 3118 2111 nominat
3152 2069 3360 2128 septem

1783 2155 1836 2210 p.
1873 2141 1964 2210 87,
2010 2142 2209 2207 quibus
2239 2159 2269 2198 a
2325 2143 2385 2198 P.
2434 2143 2508 2200 Le
2561 2143 2738 2200 Sueur
2793 2157 3017 2204 octavus
3057 2150 3363 2205 adnectitur

1782 2230 1956 2286 Isaac.
1991 2231 2048 2286 ιιι
2075 2248 2204 2289 vero
2228 2234 2464 2289 arbitror
2492 2236 2761 2303 evenisse,
2794 2239 2918 2308 quia
2949 2241 3044 2310 qui
3077 2240 3356 2312 Martyrol.

1783 2323 2016 2380 Roman.
2070 2335 2468 2382 contexuerunt
2509 2328 2652 2382 diem
2705 2331 2996 2399 sepulturae
3045 2333 3358 2388 adnotatum

1783 2418 2068 2487 diligenter
2101 2421 2476 2482 observarunt,
2512 2421 2669 2491 isque
2698 2423 2961 2478 confusus
2993 2424 3090 2478 fuit
3123 2442 3246 2479 cum
3269 2443 3358 2492 eo,

1782 2525 1892 2578 quo
1917 2510 2020 2564 sub
2063 2497 2412 2574 Diocletiano,
2441 2521 2500 2565 ut
2527 2528 2655 2566 mox
2690 2515 3138 2580 memorabimus,
3165 2531 3193 2570 a
3225 2516 3362 2571 Bar-

1782 2603 1928 2656 baris
1957 2603 2121 2658 occisi
2143 2603 2362 2657 fuerunt
2387 2604 2477 2657 alii
2506 2606 2782 2670 monachi,
2809 2614 2862 2660 et
2893 2623 3021 2672 uua,
3055 2609 3358 2679 eademque

1781 2695 2092 2750 celebritate
2125 2710 2428 2750 concursus
2461 2695 2619 2750 flebat
2648 2696 2715 2750 ad
2749 2697 2862 2752 loca
2897 2709 3194 2769 martyrum
3229 2701 3360 2756 isto-

1783 2802 1898 2839 rum
1947 2787 2211 2856 sanguine
2248 2787 2489 2856 perfusa,
2533 2789 2618 2842 vel
2661 2789 2884 2844 tumulis
2928 2792 3242 2857 nobilitata;
3293 2809 3362 2848 ne

1781 2878 1851 2947 pii
1887 2879 2119 2934 viatores
2157 2888 2378 2948 propter
2413 2880 2708 2950 longinqua
2754 2882 3010 2935 itinerum
3045 2885 3218 2952 spatia
3259 2899 3362 2939 sa:-

1781 2971 1903 3040 pius
1945 2972 2306 3037 lassarentur,
2354 2972 2498 3027 sicut
2539 2987 2569 3028 e
2601 2971 2722 3028 Nilo
2766 2975 2953 3040 retuli,
2989 2985 3041 3028 et
3077 2989 3106 3028 e
3143 2974 3362 3032 Menzeis

73 3062 269 3130 plures
307 3079 491 3126 annos,
540 3079 773 3132 quorum
809 3065 1071 3118 memoria
1099 3065 1287 3119 eadem
1328 3065 1416 3119 die
1454 3066 1679 3136 (nempe
1708 3083 1750 3140 ρ
1784 3065 1972 3133 liquet,
2006 3065 2338 3134 adnotatque
2375 3065 2666 3120 cardinalis
2719 3065 3004 3121 Barouius.
3034 3068 3155 3122 Dies
3177 3077 3360 3123 autem

75 3155 327 3221 septima
363 3162 482 3222 post
514 3154 892 3223 Epiphaniam,
924 3168 1019 3207 seu
1049 3154 1453 3223 decimaqnarta
1475 3154 1678 3210 Janua-

77 3247 193 3313 rii)
239 3247 562 3310 celebratur,
611 3262 677 3300 ne
705 3255 853 3299 tanta
895 3261 960 3299 ex
994 3245 1400 3315 intercapedine
1429 3247 1672 3300 crebrio-

80 3339 246 3390 ribus
274 3337 628 3392 conventibus
660 3338 947 3392 multitudo
975 3338 1188 3407 piorum
1238 3337 1520 3392 conﬂuens
1552 3338 1677 3392 fati-

78 3443 350 3502 garetur;
383 3434 475 3488 sed
518 3433 584 3488 de
617 3433 900 3494 Cassiano,
931 3444 985 3489 et
1018 3435 1256 3497 Thecue,
1303 3451 1367 3489 ac
1405 3436 1675 3506 ltaythuni

79 3527 346 3594 superius
385 3536 564 3579 actum
595 3535 676 3580 est
709 3527 900 3581 iterum
969 3527 1274 3595 iterumque
1331 3527 1580 3594 apposite
1609 3528 1674 3580 ad

80 3619 322 3685 primani
356 3617 513 3671 istam
540 3619 941 3680 excursionem,
976 3618 1079 3670 sub
1118 3633 1262 3671 anno
1293 3629 1474 3672 autem
1509 3619 1571 3672 C.
1603 3619 1670 3670 N.

78 3709 212 3763 503.
242 3707 524 3763 Miraberis
549 3718 750 3771 autem,
775 3709 917 3777 quod
945 3708 996 3760 in
1023 3706 1404 3778 Martyrologio
1426 3707 1673 3762 Romano

79 3803 154 3854 ad
193 3801 266 3854 ‘28
293 3799 416 3853 Maii
457 3799 631 3853 locata
670 3799 742 3852 sit
792 3798 1027 3852 secunda
1075 3798 1317 3852 incursio
1364 3798 1468 3852 ista
1509 3797 1672 3852 Sara-

79 3907 354 3946 cenorum
388 3891 458 3947 ita
503 3901 760 3960 concepta
795 3907 809 3942 :
857 3907 876 3940 ι
903 3885 1122 3942 Thecue
1147 3889 1199 3942 in
1223 3887 1506 3943 Palmstina
1544 3907 1672 3944 san-

79 3992 305 4036 ctorum
331 3980 719 4034 monachorum
751 3989 1071 4046 martyrum,
1107 3980 1199 4047 qui
1233 3989 1473 4048 tempore
1505 3978 1674 4033 Theo-

78 4073 231 4126 dosii
261 4070 504 4125 .Iunioris
550 4085 580 4123 a
609 4069 892 4124 Saracenis
934 4069 1099 4124 occisi
1125 4077 1272 4130 sunt,
1310 4083 1543 4138 quorum
1581 4085 1672 4124 sa-

81 4184 217 4222 cras
243 4167 500 4236 reliquias
523 4167 718 4221 accola:
735 4165 1069 4234 colligentes,
1095 4180 1306 4219 summa
1325 4165 1673 4220 veneratione

86 4263 216 4313 illas
238 4258 563 4321 habuerunt,
589 4277 606 4310 ι
630 4274 754 4312 cum
788 4258 841 4311 in
872 4256 1174 4326 Menologio
1203 4255 1392 4311 Graeco
1430 4256 1672 4311 referan-

86 4367 182 4406 tur
240 4352 340 4405 ista
392 4351 479 4404 die
533 4351 742 4405 decima
776 4359 969 4418 quarta
1022 4347 1266 4402 Januarii
1313 4345 1530 4404 ςοῦτοι
1563 4349 1670 4402 τὸν

84 4443 432 4511 ἀσκητικὸν
447 4441 592 4506 ⁴βίον
620 4441 966 4506 ποθοῦντες,
988 4438 1137 4496 πᾶσι
1161 4440 1286 4506 τοῖς
1310 4441 1414 4494 τοῦ
1441 4442 1672 4508 κόσμου

86 4533 327 4600 χαίρειν
361 4532 650 4594 εἰπόντες,
683 4529 991 4594 κατῴκουν
1015 4529 1127 4598 τὴν
1153 4530 1392 4598 ἔρημον.
1427 4530 1563 4583 Μεθ’
1587 4525 1674 4583 ὧν

88 4623 171 4694 ἧν
200 4626 234 4677 ὁ
257 4621 546 4690 μακάριος
563 4620 773 4687 Νεῖλος
793 4621 1056 4688 ἔπαρχος
1080 4621 1335 4690 γεγονὼς
1359 4625 1672 4674 Κωνσταν-

85 4717 520 4780 τινουπόλεως,
545 4718 578 4767 ό
599 4714 696 4767 καὶ
717 4712 965 4781 δυνάμει
993 4715 1200 4784 λόγου,
1227 4714 1327 4768 καὶ
1352 4714 1458 4768 τοῦ
1499 4713 1672 4783 ἁγίου

89 4809 438 4876 Πνεύματος
451 4806 666 4874 χάριτι,
688 4804 990 4858 κάλλιστα
1021 4805 1454 4874 συγγράμματα
1477 4806 1672 4871 ἐκθεὶς

87 4903 248 4970 πρὸς
277 4901 440 4972 682
467 4899 737 4968 ἄσκησιν
764 4899 1175 4967 ἐπαλείφοντα
1196 4901 1293 4953 καὶ
1325 4899 1438 4966 τὴν
1465 4901 1644 4969 διαγω
1661 4929 1672 4937 -

89 4996 231 5066 γὴν,
263 4995 360 5048 καὶ
388 4993 820 5062 αἰχμαλωσίαν,
857 4993 956 5045 καὶ
982 4993 1294 5058 ἀναίρεσιν
1323 4992 1442 5046 τῶν
1487 4996 1673 5048 ὁσίων

89 5087 370 5154 Πατάρων
394 5087 619 5139 τούτων
641 5082 992 5153 διαγράψας.
1021 5078 1198 5137 Οὗτοι
1236 5081 1348 5151 γὰρ
1385 5083 1673 5152 ἀνῃρέθη-

89 5195 218 5232 σαν
255 5177 373 5230 ὑπὸ
403 5175 522 5229 τῶν
541 5173 862 5243 βαρϐάρων
891 5173 1080 5226 ὄντων
1120 5173 1464 5241 λεγομένων
1484 5178 1672 5242 Blep-

87 5273 283 5340 μύων,
311 5269 431 5323 ἀπὸ
471 5267 737 5336 Ἀραϐίας
779 5265 888 5331 ἕως
913 5265 1214 5334 Αἰγύπτου
1235 5265 1332 5317 καὶ
1355 5264 1672 5333 θαλάσσης

107 5357 392 5428 Ἐρυθρᾶς
420 5357 569 5411 κατὰ
597 5357 714 5426 τὴν
747 5357 970 5426 ἔρημον
1004 5357 1515 5424 παρατεταμένων·
1568 5356 1671 5410 Isti

94 5454 448 5506 desiderantes
507 5452 666 5504 vitam
721 5450 1109 5504 exercitationis
1163 5451 1485 5512 monastica’,
1544 5466 1670 5503 cun-

95 5548 192 5598 ctis
231 5545 410 5597 mundi
450 5544 601 5596 rebus
642 5541 1004 5605 valedicentes,
1045 5540 1351 5593 habitarunt
1391 5542 1448 5594 in
1479 5541 1669 5594 solitu-

96 5639 237 5699 dine,
275 5652 389 5688 cum
421 5636 606 5705 quibus
631 5643 746 5686 erat
775 5633 956 5686 beatus
995 5629 1174 5691 Nilus,
1199 5631 1287 5698 qui
1312 5639 1360 5682 et
1413 5631 1464 5682 vi
1495 5632 1670 5700 copia-

97 5743 194 5795 que
226 5726 450 5793 dicendi,
480 5736 528 5781 et
558 5726 728 5780 sancti
763 5723 989 5793 Spiritus
1033 5723 1206 5793 gratia
1236 5722 1514 5790 prreditus,
1547 5723 1670 5791 pul-

1782 3159 2069 3227 sepulturae
2092 3158 2466 3212 universorum
2491 3173 2596 3212 non
2633 3160 2814 3214 statim
2847 3168 2968 3228 post
2997 3162 3199 3215 eadem
3233 3162 3358 3229 fuit;

1779 3258 1934 3303 erant
1975 3249 2175 3319 quippe
2228 3250 2403 3317 sparsi
2452 3251 2601 3306 varia
2644 3266 2738 3320 per
2787 3253 3003 3317 tuguria
3057 3253 3362 3322 singuli,et

1783 3353 1892 3394 tres
1923 3349 2130 3395 tantum
2171 3341 2238 3394 ad
2279 3342 2408 3396 Sina
2454 3342 2604 3396 fuere
2645 3343 2924 3408 trucidati,
2962 3345 3052 3398 alii
3089 3347 3276 3414 procul
3305 3347 3357 3402 in

1776 3435 1890 3488 suis
1930 3437 2178 3500 tuguriis,
2211 3452 2312 3490 nec
2356 3435 2708 3489 inverisimile
2737 3435 2954 3490 videtur
2978 3451 3008 3490 a
3043 3437 3132 3491 die
3173 3438 3236 3490 14
3269 3437 3360 3491 Ja-

1778 3525 1976 3589 nuarii,
2005 3525 2070 3578 ad
2114 3525 2256 3578 diem
2283 3525 2352 3578 28
2385 3523 2530 3587 Maii,
2573 3525 2929 3579 remotiorem
2963 3525 3154 3580 funera
3187 3527 3360 3584 t'uiSse

1777 3621 2070 3680 protracta,
2105 3613 2156 3666 in
2189 3613 2567 3682 perquirendis
2596 3614 2740 3668 enim
2769 3615 3112 3684 corporibus,
3135 3625 3190 3670 et
3209 3632 3360 3672 com-

1774 3703 2085 3771 portandis,
2142 3704 2462 3758 diuturnum
2527 3715 2908 3773 consumptum
2973 3715 3057 3762 est
3104 3716 3357 3776 tempus,

1775 3809 1874 3849 nec
1907 3803 2081 3850 tutum
2122 3805 2239 3850 erat
2266 3811 2332 3849 eo
2379 3811 2605 3850 munere
2649 3795 2938 3852 defunctos
2984 3800 3262 3866 prosequi,
3303 3806 3360 3854 et

1773 3885 2176 3940 multitudinem
2249 3887 2392 3940 ciere
2463 3886 2700 3940 fidelium
2777 3888 2842 3941 ad
2917 3889 3357 3945 cohonestandas

1772 3975 2081 4043 exsequias,
2127 3975 2298 4031 donec
2326 3975 2483 4045 quies
2513 3985 2655 4032 esset
2681 3991 2711 4030 a
2744 3975 2997 4032 Barbaris
3040 3978 3346 4045 impetrata,

1773 4083 2124 4136 ipsorumque
2165 4067 2272 4121 dux
2301 4068 2610 4132 adeundus,
2651 4077 2704 4122 et
2734 4069 2969 4122 orandus
3015 4078 3152 4132 erat,
3205 4077 3263 4123 ut
3287 4087 3353 4124 ex

1772 4159 2051 4228 Epitome,
2085 4175 2246 4228 quam
2279 4174 2404 4213 mox
2454 4159 2765 4229 subjiciam,
2803 4159 3132 4214 narrationis
3161 4176 3190 4214 a
3237 4160 3357 4214 Nilo

1774 4249 1892 4318 ipso
1932 4251 2274 4305 concinnata:
2311 4251 2532 4320 patebit.
2580 4250 2702 4305 Dies
2735 4259 2915 4304 autem
2950 4255 3084 4305 istos
3123 4251 3356 4307 Romani

1771 4342 2134 4414 Martyrologii
2201 4345 2520 4398 collectores
2571 4359 2697 4398 cum
2747 4344 3127 4408 rescivissent,
3195 4347 3356 4400 artxie

1703 4425 1749 4482 D
1778 4433 2135 4503 religioseque
2176 4442 2590 4497 conservarunt,
2635 4443 2742 4487 tam
2772 4451 2894 4488 cum
2937 4434 3002 4488 de
3045 4436 3147 4489 hac
3175 4437 3357 4490 incur-

1773 4530 1929 4583 sione
1966 4531 2068 4584 sub
2111 4527 2421 4584 Thcodosio
2454 4538 2640 4600 agunt,
2675 4529 2742 4583 de
2768 4545 2874 4599 qua
2917 4539 3140 4585 sanctus
3167 4531 3354 4601 Augu-

1772 4623 1970 4686 stinus,
1989 4623 2147 4691 epist.
2166 4622 2266 4675 122
2284 4623 2350 4675 ad
2379 4622 2741 4678 Victorianum
2761 4641 2781 4688 ;
2802 4623 3091 4690 Nicephor.
3119 4624 3352 4689 Callisti,

1772 4710 1868 4767 lib.
1900 4729 2008 4774 xw,
2041 4729 2161 4782 cap.
2203 4714 2303 4779 54;
2341 4722 2395 4767 et
2425 4715 2720 4769 cardinalis
2761 4714 3052 4780 Baronius,
3081 4717 3132 4769 in
3157 4717 3352 4770 Annal.

1771 4806 1836 4858 ad
1873 4819 1963 4857 an.
1997 4804 2131 4869 M0;
2165 4819 2228 4858 ac
2260 4813 2482 4859 sanctus
2517 4803 2832 4873 llieronym.
2869 4805 2921 4858 in
2959 4805 3062 4858 Vit.
3096 4805 3351 4860 Patrum.

1770 4913 1932 4966 quam
1977 4914 2100 4951 cum
2133 4897 2198 4950 de
2223 4898 2343 4952 aliis
2374 4899 2772 4954 Saracenorum
2805 4899 3138 4965 incursibus,
3177 4901 3353 4969 deque

1771 4988 2076 5041 subsecutis
2109 4987 2498 5041 monachorum
2542 4989 2781 5042 credibus
2816 4998 3067 5056 tractant;
3108 5006 3232 5044 nam
3264 4991 3353 5046 die

1769 5079 1978 5132 decima
2046 5095 2190 5133 nona
2273 5078 2553 5134 Februarii
2616 5081 2811 5149 legitur
2861 5083 2915 5136 in
2967 5081 3350 5153 Martyrologio

1767 5171 1930 5242 683
1965 5172 2154 5224 eodem
2180 5211 2194 5231 ,
2230 5174 2676 5227 commemoratio
2708 5184 3020 5228 sanctorum
3057 5179 3351 5230 monacho-

1772 5276 1914 5324 rum,
1947 5271 1999 5313 et
2051 5261 2282 5314 aliorum
2322 5271 2641 5332 martyrum,
2696 5264 2789 5333 qui
2845 5280 2874 5318 a
2924 5265 3213 5318 Saracenis
3247 5266 3351 5318 sub

1769 5354 1906 5406 duce
1954 5353 2324 5406 Alemnndaro
2371 5355 2668 5408 saevissime
2715 5356 2836 5410 caesi
2890 5364 3019 5411 sunt
3065 5356 3136 5408 ob
3189 5357 3348 5410 ﬁdem

1769 5445 1993 5498 Christi.
2050 5444 2176 5514 lijus
2227 5447 2588 5500 meminerunt
2620 5446 2954 5516 Nicephorus
2983 5447 3211 5510 Callisti,
3249 5447 3345 5512 lib.

1770 5553 1880 5601 xvr,
1909 5555 1959 5591 ς.
1990 5537 2092 5602 5:5;
2123 5549 2316 5592 auctor
2335 5527 2591 5593 Historim
2618 5539 2870 5594 Miscellw
2897 5541 2990 5594 lib.
3020 5556 3110 5604 xv,
3139 5555 3192 5610 p.
3221 5539 3346 5608 92,1,

1767 5647 1797 5683 e
1832 5628 2184 5697 Theophane,
2223 5642 2276 5686 et
2299 5640 2543 5686 statuunt
2589 5649 2791 5686 artuum
2821 5633 3093 5686 decimum
3142 5650 3347 5690 nonum

1769 5723 2073 5785 Anastasii,
2109 5723 2171 5776 C.
2327 5724 2465 5791 508;
2513 5724 2790 5780 Cedrcnus
2820 5741 3024 5780 annum
3070 5728 3342 5784 decimum
