3852 6052
485 301 610 368 ῙΞΞῙ

1207 300 1358 365 JOS.
1397 295 1658 360 MARLE
1696 295 2055 360 SUARESII
2093 296 2321 358 LIBER
2359 295 2988 359 CHRONOLOGICUS

3635 291 3760 358 1412

479 413 776 478 Anastasii,
805 411 903 468 50‘!
943 409 1008 466 C.
1040 409 1114 476 N.‘
1149 425 1214 466 ac
1245 409 1595 464 indictione’m
1619 409 1917 464 secundam
1939 425 1955 472 ;
1980 406 2072 461 alii
2100 415 2148 472 Α
2175 407 2361 476 passio
2391 407 2446 460 in
2473 405 2785 471 Palaestina,
2815 407 2880 461 de
2906 421 3015 475 qua
3045 408 3250 462 mentio
3271 405 3412 460 ﬁtin
3441 403 3758 462 Gracorma

477 508 750 561 Anastasii
773 505 1146 571 undecimum,
1168 503 1230 558 C.
1260 501 1326 561 N.
1351 501 1478 557 502.
1507 491 1795 570 Utcunque
1823 499 1914 562 sit,
1937 513 2059 552 car-

477 601 673 654 dinalis
727 598 1026 662 Baronius,
1079 606 1134 652 et
1187 596 1388 650 Sethns
1449 591 1750 657 Calvisius,
1811 590 2064 662 quamvis

481 693 806 756 haereticus,
861 703 1040 746 tamen
1098 699 1326 744 exactus
1379 694 1688 754 temporum
1721 692 2057 753 supputator,

481 800 685 839 annum
713 783 775 840 C.
809 782 875 837 N.
926 783 1030 837 508
1067 781 1320 844 ﬁrmant,
1351 792 1462 848 quo
1487 777 1915 838 Alemundarus,
1949 775 2062 830 sive

479 870 886 932 Alamundarus
917 877 1018 929 iste
1058 874 1287 934 Zetices,
1325 887 1392 926 an
1441 870 1782 924 Scenitarum
1817 869 2060 938 regulus,

482 987 578 1026 seu
607 969 934 1041 phylarchus
962 983 1084 1022 cum
1112 963 1308 1018 Zareta
1329 977 1454 1032 rege
1481 962 1766 1015 Persarum
1803 961 1858 1014 in
1899 961 2062 1016 Plite-

484 1064 658 1118 nicem
721 1072 775 1116 et
826 1060 1038 1132 Syriam
1088 1056 1357 1119 excurrit,
1399 1054 1636 1123 fecitque
1679 1053 1945 1134 impetum
2005 1053 2058 1105 in

485 1152 792 1208 Palaestinae
825 1151 984 1215 ﬁnes,
1016 1159 1070 1203 et
1097 1157 1306 1218 strages
1337 1146 1441 1201 ista
1473 1145 1628 1200 tertia
1665 1145 2060 1199 monachorum

481 1245 582 1302 fuit
613 1255 741 1298 tunc
770 1242 936 1306 edita,
970 1241 1115 1310 quod
1150 1239 1363 1294 facinus
1389 1253 1579 1292 rursus
1607 1235 1925 1291 Vadicarius
1949 1235 2062 1290 fra-

481 1349 566 1392 ter
598 1335 761 1405 Agari
796 1333 1066 1387 demortui
1103 1332 1276 1385 fertur
1309 1343 1622 1384 renovasse.
1657 1329 2061 1384 Alemnmlarus

482 1439 661 1485 autem
689 1426 890 1481 Christi
921 1425 1078 1480 ﬁdem
1105 1424 1387 1493 amplexus
1417 1431 1522 1484 est,
1547 1420 1614 1474 ad
1636 1435 1726 1474 an.
1751 1419 1812 1474 C.
1837 1419 1901 1474 N.
1931 1421 2058 1486 515,

483 1526 542 1571 ut
571 1513 860 1570 cardinalis
895 1511 1161 1566 Baronius
1205 1527 1234 1564 e
1263 1508 1593 1579 Nicephoro,
1627 1507 1701 1561 lib
1731 1523 1862 1572 xvu,
1895 1523 1944 1562 c.
1969 1509 2058 1574 55,

479 1617 535 1663 et
565 1619 787 1662 auctore
819 1604 1071 1660 Historia:
1116 1601 1395 1668 Miscellw,
1430 1603 1532 1659 lib.
1558 1603 1930 1671 suprascripto
1968 1617 2058 1666 xv,

481 1701 676 1772 probat
747 1698 815 1753 de
867 1697 1224 1752 conversione
1279 1696 1564 1760 Saraceni,
1607 1695 1698 1766 qui
1737 1709 1907 1762 nepos
1945 1701 2062 1748 erat

481 1767 831 1846 Amerumnis
883 1789 938 1842 in
988 1798 1170 1843 castro
1203 1788 1412 1857 Ampeli
1448 1787 1642 1858 Syriae,
1676 1801 1800 1841 cum
1837 1785 2067 1840 vidisset
2096 1767 2140 1828 Β

482 1884 716 1952 speciem
769 1881 994 1934 infantis
1035 1881 1090 1933 in
1128 1880 1490 1934 Eucharistia.
1539 1879 1758 1934 Relatio
1817 1877 2066 1948 Gregorii

482 1975 808 2044 Dccnpulita:
857 1974 1060 2040 prodiit
1103 1973 1246 2042 typis
1281 1972 1472 2028 Romae
1507 1989 1538 2028 a
1592 1972 1754 2026 Patre
1793 1969 2003 2026 Isidoro
2035 1981 2068 2024 ι

489 2066 958 2136 Sancto-Josepho
979 2065 1270 2120 Carmelita
1298 2064 1619 2120 Excalceato
1643 2063 1828 2118 Graece
1849 2061 2070 2117 Latine-

483 2177 590 2229 que
610 2161 902 2230 publicata.
932 2151 1090 2212 Pater
1118 2173 1337 2228 quoque
1371 2157 1703 2227 Theophilus
1733 2155 2065 2227 llaynaldus,

483 2253 646 2306 aliam
701 2251 1107 2306 conversionem
1155 2250 1417 2320 principis
1469 2248 1650 2305 Persae
1707 2265 1738 2303 a
1790 2247 1951 2302 Petro
2001 2248 2070 2302 de

484 2343 666 2398 Monte
701 2351 828 2398 tunc
853 2343 1106 2414 episeopo
1140 2341 1411 2397 Brixiensi
1471 2357 1681 2397 versam
1724 2339 1978 2395 Latinum
2013 2339 2069 2394 in

485 2455 794 2497 sermonem
857 2443 924 2494 ex
983 2437 1171 2493 Graeco
1217 2429 1526 2507 Epiphanii,
1579 2433 1876 2502 Rommque
1924 2446 2069 2485 anno

484 2533 548 2587 C.
580 2533 648 2584 N.
675 2531 814 2586 1525
867 2539 1149 2592 e‘xcusam,
1183 2538 1241 2583 ut
1267 2527 1448 2599 arguit
1471 2543 1534 2582 ex
1565 2525 1969 2597 Epigramtnate
2001 2523 2071 2578 ad

485 2626 796 2680 Matthaeum
859 2623 1140 2678 Gibertum
1204 2621 1506 2687 Datarium,
1569 2635 1697 2674 mox
1753 2618 2068 2689 episcopqu

486 2713 758 2768 Veronen.
813 2713 1216 2782 dignissimum,
1255 2727 1363 2766 non
1409 2720 1612 2774 tamen,
1663 2697 1726 2763 ut
1769 2710 1972 2764 vocitat
2005 2706 2067 2760 P.

486 2809 626 2863 idem
673 2806 1041 2876 Theophilus,
1105 2805 1460 2870 cardinalem,
1515 2801 1702 2859 recudi
1750 2803 1966 2878 curavit
2012 2800 2072 2854 in

487 2900 683 2958 Gallia.
711 2901 784 2954 De
811 2899 1000 2954 Judteo
1027 2915 1122 2970 per
1143 2901 1462 2956 miraculum
1487 2910 1687 2955 sancta:
1719 2897 2072 2952 Eucharistiae

487 2995 554 3048 ad
593 2992 751 3047 ﬁdem
799 2993 1166 3048 Christianam
1216 3007 1486 3048 converso
1549 2991 1898 3046 innocentius
1933 2988 2068 3043 Ter-

2166 497 2492 571 Menologio.
2526 517 2546 550 ›
2589 496 2775 552 Tatios
2795 497 3018 553 Barbari
3054 499 3296 570 aggressi
3333 507 3475 554 sunt
3523 497 3648 552 loca
3677 501 3758 554 illa

2166 595 2379 653 sancta,
2420 595 2475 642 et
2501 588 2844 642 cacodaemon
2876 587 3100 644 invidus
3133 589 3307 645 hostis
3340 588 3616 658 angelica
3655 605 3758 644 me-

2167 681 2468 736 nachorum
2491 681 3010 743 vitae,Barbarorum
3033 696 3194 751 opera
3213 683 3462 754 quietem
3479 697 3758 738 servorum

2166 770 2262 827 Dei
2300 772 2621 844 perturbare
2650 783 2880 830 conatus
2911 783 3016 841 est,
3046 784 3100 830 et
3138 791 3324 830 aream
3361 776 3536 830 istam
3587 791 3762 846 perse-

2166 864 2404 920 cutionis
2455 867 2768 921 turbinibus
2815 868 3114 934 ventilare;
3177 870 3324 924 unde
3381 881 3622 924 coactus
3669 869 3760 924 luit

2165 955 2507 1014 Justinianus
2536 961 2812 1028 Augustus
2834 961 2886 1014 in
2920 961 3050 1016 Sina
3071 962 3360 1017 castellum
3397 963 3764 1030 exadiﬁcare,

2168 1059 2229 1105 ut
2279 1051 2402 1106 illos
2445 1051 2678 1107 validius
2723 1060 3042 1122 protegeret.
3089 1053 3282 1108 'lurris
3343 1053 3564 1108 etenim
3612 1065 3760 1108 antea

2165 1152 2376 1198 tantum
2399 1153 2538 1209 erat,
2577 1145 2670 1200 sed
2703 1145 2750 1199 is
2783 1160 2980 1200 novam
3021 1146 3390 1200 munitionem
3425 1147 3760 1210 construxit,

2168 1247 2304 1294 teste
2331 1241 2616 1309 Procopio,
2645 1241 2738 1296 lib.
2766 1256 2799 1294 v
2850 1239 2923 1294 De
2949 1241 3140 1310 aedi/ie.
3179 1239 3525 1306 Iustiniani,
3559 1257 3615 1310 p.
3637 1241 3758 1301 1'17;

2167 1332 2298 1400 quin
2345 1343 2398 1386 et
2435 1333 2576 1402 apud
2617 1331 2962 1402 Theopolim,
3002 1333 3118 1389 sive
3147 1333 3516 1388 Antiochiam
3557 1349 3760 1388 murum

2169 1415 2355 1472 Sancti
2389 1419 2625 1475 Maronis
2656 1433 2823 1490 pr0pe
2872 1419 3134 1491 Daphnen
3173 1423 3510 1488 renovavit,
3555 1437 3616 1492 ι).
3649 1423 3758 1476 129.

2169 1509 2264 1564 Est
2295 1521 2475 1565 autem
2507 1513 2905 1567 monasterium
2951 1513 3139 1568 Sancti
3171 1511 3426 1568 Maronis
3467 1513 3762 1583 principale

2169 1604 2624 1658 monasteriorum
2665 1605 2917 1660 secundm
2952 1603 3142 1676 Syriae,
3173 1607 3340 1675 cujus
3389 1607 3762 1661 ambasciator

2167 1693 2429 1749 diaconus
2461 1693 2663 1750 Paulus
2696 1696 2748 1748 in
2797 1695 3409 1767 Constantinopolitano
3459 1713 3498 1750 v
3525 1711 3758 1751 (acume-

2169 1785 2296 1842 nico
2349 1787 2614 1856 concilio,
2675 1789 2888 1844 actione
2931 1788 3130 1860 prima,
3187 1789 3540 1858 subscripsit
3591 1787 3758 1842 libello

2169 1883 2586 1937 monachorum.
2652 1879 2776 1936 Fuit
2839 1894 2894 1936 et
2947 1881 3256 1936 Alexander
3321 1881 3758 1935 archimandrita

2167 1972 2334 2028 etiam
2379 1987 2446 2026 ex
2482 1973 2640 2042 epist.
2688 1973 2758 2026 22
2801 1971 3103 2028 Hormisdae
3137 1971 3206 2026 de
3240 1971 3550 2026 Maronitis
3579 1974 3646 2024 ad
3677 1987 3756 2024 an.

2167 2061 2230 2118 C.
2259 2044 2326 2116 Ν.
2348 2063 2520 2128 1099;
2549 2061 2874 2117 Ptolemaaus
2900 2061 3100 2118 Lucen.
3135 2063 3187 2116 in
3209 2063 3414 2118 Annal.
3437 2078 3516 2118 ex
3547 2061 3760 2118 Richar-

2167 2155 2270 2222 do;
2299 2157 2391 2210 sed
2423 2169 2474 2211 et
2504 2157 2796 2210 cardinalis
2829 2155 3096 2212 Baronius
3117 2157 3170 2211 in
3197 2154 3358 2212 Notis
3393 2157 3472 2210 ad
3511 2157 3758 2227 Martyro-

2166 2249 2370 2320 logium
2427 2249 2735 2304 Romanum
2778 2251 2868 2304 die
2901 2249 2964 2303 21
3021 2247 3311 2316 Octobris,
3355 2261 3413 2306 et
3457 2252 3518 2306 in
3573 2253 3758 2306 Annal.

2167 2341 2459 2396 erctesiast.
2507 2341 2572 2396 ad
2602 2357 2802 2396 annum
2832 2341 2989 2396 1182.
3023 2341 3140 2396 Tibi
3166 2341 3422 2411 profecto
3457 2342 3756 2398 satisfaciet

2168 2443 2500 2506 purpuratus
2549 2434 2640 2489 ille
2696 2435 2843 2504 pugil
2902 2432 3188 2498 Ecclesiae,
3243 2449 3351 2490 nec
3413 2433 3760 2490 insimulabis

2168 2526 2498 2600 ἀπροσεξίας
2525 2528 2705 2582 virum
2745 2527 2889 2581 hunc
2935 2541 3234 2590 summum,
3269 2526 3316 2580 si
3369 2525 3612 2595 legeris,
3653 2542 3760 2594 qui:

2167 2619 2362 2676 scribit
2385 2619 2451 2689 ad
2474 2619 2540 2673 14
2565 2616 2829 2682 Januarii,
2854 2625 2909 2672 et
2935 2617 3002 2671 l9
3030 2615 3314 2670 Februarii
3351 2615 3464 2686 (uti
3495 2631 3626 2685 pag.
3651 2615 3760 2676 H57,

2170 2711 2224 2765 in
2246 2709 2400 2766 Notis
2424 2709 2491 2766 ad
2516 2709 2616 2764 Nili
2639 2709 2904 2779 διήγημα,
2930 2707 2990 2760 P.
3019 2705 3312 2776 Possinus)
3345 2715 3402 2760 et
3433 2706 3760 2775 expenderis

2169 2805 2285 2860 haec
2310 2802 2472 2859 verba
2511 2819 2524 2858 :
2571 2820 2590 2853 ι
2635 2801 2875 2871 Contigit
2903 2800 3173 2868 ejusmodi
3205 2798 3550 2870 gravissima
3587 2814 3756 2868 persc-

2169 2900 2336 2962 cutio,
2359 2905 2487 2961 etc.,
2525 2913 2545 2948 ι
2581 2903 2636 2950 et
2667 2892 2933 2964 ejusmodi
2963 2907 3060 2962 pro
3087 2891 3250 2946 simili
3276 2892 3540 2946 volueris
3573 2891 3760 2946 intelli-

2170 2997 2386 3062 gere,et
2415 2975 2589 3041 amice
2609 2999 2826 3056 quoque
2845 2984 2968 3039 ista.
3005 3002 3024 3034 ε
3051 2981 3170 3037 Una
3197 2983 3430 3053 (inquit)
3457 2983 3758 3050 eademque

489 3086 596 3140 tius
649 3085 744 3139 lib.
778 3101 852 3150 iv,
895 3085 1056 3154 epist.
1085 3085 1174 3138 84.
1215 3085 1375 3138 Anno
1423 3086 1598 3153 primo
1629 3082 1918 3138 Justiniani
1959 3083 2072 3136 Au-
2097 3106 2139 3166 ο
2171 3080 2477 3153 persecutio
2499 3078 2922 3138 Saracenorum,
2947 3075 3060 3130 sive
3081 3089 3112 3129 a
3137 3073 3440 3129 Saracenis
3462 3085 3756 3136 commota,

488 3178 655 3247 gusti,
679 3176 742 3232 C.
775 3176 834 3231 Ν.
869 3176 994 3242 527,
1027 3177 1190 3231 iidem
1249 3175 1588 3245 Nicephorus
1631 3184 1685 3230 et
1742 3185 1934 3228 auctor
1966 3173 2067 3228 Mi-

488 3269 666 3324 sccllae
715 3269 938 3322 tradunt
989 3269 1092 3323 sub
1155 3268 1525 3322 Alemundaro
1561 3282 1685 3338 rege
1741 3265 1936 3322 Zeticae
1976 3266 2066 3336 (an

488 3361 675 3430 regulo
726 3359 1232 3430 Scenitarum?)in
1269 3359 1631 3424 Palaestinam,
1697 3375 1794 3415 seu
1851 3359 2066 3430 Syriam

488 3451 744 3520 primam,
775 3450 1084 3504 excurrisse
1117 3448 1439 3512 Saracenos,
1487 3463 1692 3518 easque
1725 3447 2066 3518 deprtedalos

489 3539 682 3604 fuisse,
716 3555 891 3610 usque
937 3541 1005 3595 ad
1029 3539 1165 3596 ﬁnes
1208 3539 1531 3604 Antiochiae,
1584 3539 1720 3594 nihil
1769 3549 1948 3594 tamen
1998 3538 2067 3593 de

491 3632 799 3686 monachis.
1227 3659 1233 3664 ·
1849 3643 1854 3649 ’

564 3723 689 3776 Fuit
718 3732 771 3777 et
805 3723 1200 3778 monachorum
1233 3723 1595 3792 quadraginta
1629 3735 1867 3792 quatuor
1891 3721 2066 3778 cades

492 3812 549 3869 in
587 3813 739 3867 laura
803 3813 975 3868 sancti
1029 3813 1184 3868 Saba:
1233 3813 1290 3866 in
1337 3812 1622 3867 Palaestina
1681 3813 1989 3867 occisorum
2033 3827 2065 3867 a

494 3906 805 3968 Saracenis,
838 3921 868 3960 e
897 3905 1131 3960 Baronio
1160 3905 1436 3960 cardinale
1476 3905 1542 3959 ad
1571 3904 1714 3958 diem
1757 3905 1824 3958 16
1858 3905 1976 3958 Maii
2011 3903 2063 3958 in

492 3995 646 4051 Notis
683 3997 750 4048 ad
783 3994 1017 4048 Roman.
1073 3993 1416 4064 Martyrolog.
1445 4009 1499 4048 et
1528 3995 1580 4048 in
1613 3995 1812 4048 Annal.
1855 3995 1920 4048 ad
1964 4010 2064 4048 an-

493 4103 624 4142 num
661 4087 720 4142 C.
771 4085 837 4140 N.
865 4086 988 4150 619,
1022 4100 1119 4140 seu
1167 4085 1293 4149 6'50,
1325 4085 1575 4141 Heraclio
1625 4087 1971 4154 imperatore,
2000 4087 2066 4141 de
2105 4119 2107 4122 -

493 4193 600 4250 qua
621 4179 874 4234 Moschus
914 4179 968 4232 in
1002 4179 1178 4232 Prata
1204 4178 1497 4248 spirituali,
1529 4193 1580 4234 c.
1607 4179 1660 4243 4,
1695 4195 1748 4232 n.
1779 4179 1843 4232 21
1899 4189 1954 4233 et
1971 4177 2062 4244 99,

492 4271 586 4326 ubi
636 4261 976 4342 Rosweydus
1031 4261 1260 4325 laudans
1301 4271 1480 4340 ipsum
1528 4271 1858 4326 cardinalem
1899 4269 2067 4324 Baro-

493 4363 675 4430 nium;
713 4363 805 4418 sed
849 4379 973 4418 cum
1008 4362 1324 4434 μνημονικῷ
1361 4363 1722 4436 ἀμαρτηματι
1771 4365 1834 4417 ad
1870 4363 1936 4417 l9
1965 4361 2066 4417 Fe-

2170 3187 2226 3234 et
2254 3173 2456 3230 inﬁicta
2486 3173 2888 3242 suprascriptos
2920 3180 3142 3226 sanctos
3181 3169 3502 3224 monachos
3533 3169 3756 3224 diversis

2165 3269 2220 3324 in
2252 3267 2387 3322 locis
2420 3265 2628 3335 positos
2663 3263 2900 3326 vexavit,
2925 3262 3267 3332 diversisque
3301 3261 3516 3316 diebus
3543 3259 3754 3320 occidit,

2167 3360 2286 3432 (seu
2328 3357 2560 3413 diversis
2605 3353 2989 3424 temporibus),
3032 3363 3092 3408 ut
3115 3351 3223 3407 iion
3257 3354 3490 3408 mireris
3545 3354 3594 3408 si
3627 3367 3756 3422 sape

2165 3461 2358 3518 agatur
2388 3451 2443 3504 in
2479 3448 2730 3504 Romano
2759 3447 3139 3518 Martyrologio
3183 3445 3422 3500 inferius
3459 3446 3534 3500 de
3569 3461 3752 3500 mona-

2165 3545 2284 3600 chis
2311 3544 2468 3600 caesis
2515 3557 2546 3597 a
2591 3542 2901 3597 Saracenis.
2932 3541 3009 3598 Ita
3056 3541 3370 3614 persecutio
3403 3541 3750 3604 Diocletiani,

2163 3642 2250 3697 vel
2287 3641 2518 3695 aliorum
2552 3649 2909 3712 tyrannorum
2934 3640 2992 3694 in
3021 3639 3372 3694 Christianos
3401 3639 3752 3695 debacchan—

2165 3735 2300 3788 tium
2335 3733 2534 3787 dicitur
2562 3745 2692 3796 una,
2726 3735 2979 3803 quamvis
3008 3731 3242 3788 diversis
3281 3731 3514 3797 diebus,
3549 3740 3752 3803 tempo-

2165 3825 2425 3896 ribusque
2469 3824 2634 3879 fuerit
2664 3826 2901 3880 excitata
2951 3837 3007 3880 et
3047 3835 3454 3880 consummata.
3495 3843 3516 3877 ι
3551 3823 3598 3878 Ε
3645 3826 3754 3895 qui-

2165 3917 2269 3973 bus
2325 3918 2622 3972 cardinalis
2671 3915 2894 3972 Baronii
2949 3918 3168 3983 verbis,
3229 3933 3394 3987 quam
3450 3916 3622 3971 fuerit
3675 3918 3754 3970 ille.

2165 4016 2400 4062 attentus
2425 4008 2478 4061 in
2505 4006 2776 4078 Operibus
2802 4007 2918 4064 suis
2947 4007 3416 4072 clariuselucebit
3442 4008 3752 4080 a-quissimo

2165 4113 2346 4152 rerum
2371 4100 2712 4155 aastimatori.

2236 4187 2373 4242 Dum
2399 4187 2551 4244 Nilus
2576 4205 2674 4259 pro
2704 4205 2856 4245 more
2883 4205 2984 4246 suo
3009 4190 3075 4244 ad
3111 4199 3356 4252 sanctos,
3389 4191 3490 4260 qui
3515 4201 3676 4246 erant
3703 4192 3750 4244 in

2165 4276 2343 4342 Rubo,
2369 4288 2423 4333 et
2443 4279 2628 4334 Graece
2641 4280 2818 4352 Βάτῳ,
2847 4297 3008 4350 quem
3033 4279 3246 4351 Moyses
3269 4281 3409 4334 vidit
3441 4283 3750 4340 ardentem.

2165 4379 2220 4425 at
2281 4371 2709 4437 incombustum,
2761 4373 2926 4426 Exodi
2979 4387 3057 4437 ut,
3114 4373 3182 4439 9.,
3247 4373 3340 4426 ubi
3399 4374 3674 4428 sacellum
3723 4389 3750 4425 a

419 4509 424 4516 .
493 4455 740 4516 bruarii.
780 4456 846 4509 de
892 4470 998 4524 qua
1057 4465 1112 4510 et
1167 4455 1470 4511 Antiochus
1525 4455 1580 4508 in
1635 4455 1897 4524 Epistola,
1966 4471 2060 4526 seu
2093 4459 2353 4518 Dsancta
2413 4463 2612 4518 llelena
2663 4465 2903 4535 Augusta
2953 4463 3056 4520 fuit
3105 4473 3488 4531 exstructum,
3545 4476 3608 4520 et
3659 4468 3752 4520 sub

493 4546 796 4616 fragmento
817 4548 883 4600 ad
909 4546 1288 4612 Eustachium,
1317 4547 1462 4618 quod
1495 4549 1774 4618 praeﬁxum
1807 4561 1891 4602 est
1921 4547 2063 4602 Pan-

493 4643 664 4692 deetae
701 4637 920 4692 intextae
939 4648 1071 4693 tom.
1097 4638 1162 4692 1x
1191 4639 1531 4694 Bibliotheca:
1565 4639 1808 4693 Patrum.
1829 4637 2063 4694 Sedebat

497 4738 628 4782 tunc
651 4727 1036 4800 Hierosolymis
1055 4731 1374 4799 patriarclue
1396 4731 1450 4784 in
1475 4731 1744 4786 Persidem
1770 4747 1800 4785 a
1822 4730 2064 4786 Chosroe

495 4821 709 4876 abducti
729 4825 1126 4893 τοποτηρητής.
1156 4823 1206 4876 id
1228 4835 1308 4876 est
1329 4823 1502 4877 locum
1519 4833 1695 4877 tenens
1712 4864 1726 4887 ,
1753 4824 2060 4892 Modestus;

495 4911 799 4979 imperabat
821 4909 1124 4976 Heraclius,
1159 4911 1255 4981 qui
1283 4910 1594 4966 Chrosroeu
1621 4913 1770 4967 vicit.
1800 4912 1873 4967 De
1895 4914 2063 4967 mira-

495 4999 669 5064 culis,
727 5015 848 5068 quae
893 5000 1246 5070 contigerunt
1295 5015 1418 5056 cum
1475 5001 1608 5056 illud
1668 5004 2063 5056 monasterium

495 5091 814 5146 invaserunt
847 5089 1102 5145 Saraceni
1129 5101 1322 5162 praeter
1357 5091 1659 5157 Moschum,
1689 5093 1924 5162 Cyrillus
1944 5107 2064 5146 mo-

495 5183 706 5237 nachus
735 5182 786 5236 in
817 5181 967 5236 Actis
989 5183 1164 5238 sancti
1197 5183 1370 5249 Salue,
1405 5185 1494 5238 die
1518 5184 1550 5240 5
1584 5186 1932 5250 Decembris;
1959 5184 2067 5238 Eu-

496 5277 737 5346 thymius
765 5278 964 5331 abbas
995 5276 1084 5331 die
1119 5277 1190 5330 20
1231 5275 1476 5331 Januarii
1525 5291 1818 5332 recensens
1853 5291 2068 5342 grassa-

497 5368 702 5422 tionem
718 5367 884 5439 684
897 5365 1273 5421 Saracenicam
1291 5369 1394 5421 sub
1411 5367 1722 5444 Anastasio,
1742 5369 1806 5421 de
1821 5383 1926 5436 qua
1945 5377 1997 5422 et
2013 5367 2067 5422 in

498 5462 662 5516 rebus
699 5463 861 5528 gestis
905 5460 1320 5516 sanctiJoannis
1355 5461 1650 5516 Silentiarii
1704 5461 1846 5529 apud
1901 5459 2070 5516 Meta-

497 5553 776 5621 phrastem
825 5553 912 5607 die
987 5555 1056 5606 15
1107 5553 1250 5606 Maii.
1309 5555 1366 5605 in
1425 5552 1803 5622 lllartyrologio
1850 5553 2068 5622 quidem

501 5641 749 5694 Romano
778 5643 892 5696 huic
921 5643 1204 5707 habentur,
1243 5644 1327 5697 die
1351 5642 1416 5694 16
1441 5643 1561 5696 Maii
1597 5661 1610 5696 :
1639 5662 1658 5696 ‹
1681 5642 2069 5699 Monacliorum

503 5729 561 5784 in
616 5731 768 5786 laura
833 5734 1006 5789 sancti
1057 5735 1214 5790 Sabae
1263 5750 1292 5787 a
1329 5733 1616 5793 Saracenis
1664 5735 2069 5796 interfectorum

2163 4555 2319 4609 altari
2344 4555 2682 4626 compositus
2709 4557 2901 4627 ingens
2937 4557 3093 4626 lapis,
3121 4549 3176 4610 et
3203 4572 3367 4626 prope
3389 4573 3560 4626 quem
3589 4556 3752 4612 Justi-

2163 4647 2362 4702 nianus
2424 4648 2718 4717 imperator
2790 4665 3042 4716 magnam
3103 4649 3392 4704 aediﬁcavit
3464 4651 3748 4704 ecclesiam

2163 4739 2335 4794 instar
2364 4740 2526 4806 arcis,
2555 4749 2615 4794 ut
2637 4739 2939 4810 Procopius
2969 4740 3202 4796 laudatis
3229 4741 3365 4795 locis
3393 4741 3685 4806 describit,
3705 4749 3750 4794 et

2163 4839 2451 4886 attestatur
2495 4832 2690 4889 Petrus
2735 4849 2764 4886 a
2811 4833 2966 4888 Valle
3027 4841 3161 4888 tom.
3207 4831 3480 4904 IPeregr.
3519 4851 3572 4904 p.
3609 4836 3750 4890 286:

2163 4923 2230 4976 ad
2269 4933 2486 4979 sanctos
2517 4925 2804 4994 (inquam),
2854 4925 2906 4980 id
2941 4935 3025 4980 est
3055 4926 3406 4996 perfectiores
3433 4929 3750 4988 monachos.

2165 5015 2328 5082 paulo
2361 5026 2487 5070 ante
2517 5016 2584 5070 de
2617 5025 2804 5070 monte
2833 5013 2963 5086 Sina
2991 5017 3383 5078 descendisset,
3425 5027 3490 5071 ut
3535 5018 3752 5071 haberet

2165 5120 2288 5160 cum
2331 5107 2466 5174 ipsis
2511 5123 2778 5178 synaxes,
2832 5119 2883 5164 et
2929 5109 3285 5172 collationes,
3345 5109 3570 5179 aliaque
3597 5109 3750 5179 spiri-

2167 5195 2330 5248 tualia
2348 5197 2790 5262 exercitamenta,
2819 5199 3072 5252 monachi
3100 5198 3262 5252 etiam
3280 5197 3750 5268 distinguebantur

2167 5298 2221 5359 in
2273 5285 2604 5356 ἀρχαρεους,
2648 5287 2762 5342 sive
2827 5289 3120 5357 ἀρχαίους,
3159 5288 3212 5341 id
3255 5297 3374 5349 est,
3427 5289 3748 5358 incipientes,

2172 5379 2438 5448 μικροσχὴ
2448 5395 2600 5447 μους,
2625 5381 2720 5433 καὶ
2749 5381 3215 5450 μεγαλοσχήμους,
3243 5379 3292 5434 id
3313 5389 3420 5444 est,
3444 5398 3610 5448 part-az
3629 5393 3752 5435 usi:

2172 5469 2390 5522 amiclos
2410 5509 2425 5533 ,
2457 5471 2770 5541 indutosque
2796 5471 2958 5542 685
2994 5487 3210 5541 magna,
3244 5473 3338 5541 qui
3365 5473 3568 5526 τέλειοι
3603 5475 3750 5526 καὶό-

2173 5575 2330 5630 γηροι
2410 5561 2778 5628 dicebantur,
2861 5573 2918 5616 ut
2997 5565 3142 5632 apud
3224 5563 3750 5638 llierosolymitanus

2172 5648 2384 5714 equites
2429 5649 2651 5714 novitii,
2692 5659 2743 5704 et
2788 5649 3178 5716 (Irand-Croiat,
3213 5651 3380 5718 Coar,
3433 5655 3626 5724 p472,
3657 5657 3748 5708 £38

2173 5748 2229 5794 et
2249 5739 2418 5795 517m
2441 5740 2690 5810 Euchal.;
2717 5744 2808 5799 sed
2833 5759 3024 5800 vereor
3046 5762 3114 5802 ne
3134 5747 3204 5803 sit
3229 5745 3334 5802 hoc
3355 5749 3742 5803 monachorum
