3852 6052
39 270 226 334 1ἱ13

1417 275 1703 334 DE-VITA
1749 276 1807 335 S.
1844 274 2007 334 NllJ

3181 272 3329 338 14ῗὰ

9 388 356 440 discrimen
403 384 695 440 recentius.
755 383 965 447 Evenit,
1022 384 1099 436 uti
1166 384 1279 452 jam
1328 384 1646 452 prauotavi,
1678 369 1842 453 Αιιηί
1896 385 2117 439 nomine
2170 384 2374 442 Paulus
2433 398 2507 453 et,
2560 387 2796 444 Joannes
2844 388 2959 460 jam
3011 390 3330 445 exltalarant

9 484 319 536 excursio
367 482 457 535 illa
496 481 868 535 memorabilis
917 479 1313 533 Saracenorum
1346 478 1413 531 ad
1443 495 1647 533 annum

9 570 87 625 C.
146 573 233 626 N.
268 574 393 638 410,
459 574 553 644 qui
591 589 787 627 canum
843 573 1016 626 instar
1052 573 1446 642 exagitatarum
1499 571 1648 625 rabie

9 665 396 722 inconditum
430 669 650 722 edentes
680 668 972 721 clamorem
1008 668 1059 720 in
1097 666 1190 721 Dei
1222 668 1370 721 viros
1418 667 1647 721 insilue-

9 768 185 811 runt
228 778 241 813 :
279 760 522 829 ipsorum
578 760 865 823 belluinos,
932 759 1245 828 feriuosque
1295 774 1476 813 mores
1529 759 1644 828 jam

9 853 315 919 graphice
341 852 632 906 delineavit
660 850 813 905 Nilus
842 852 893 904 in
918 867 1013 905 sua
1045 850 1643 920 Complotatione(sic),

9 945 518 1011 quemadmodum
566 953 621 998 et
666 944 1011 1009 Ammonius,
1058 958 1165 997 non
1210 943 1496 997 violentius
1537 943 1645 1011 lttpi

9 1035 217 1103 agnis
263 1036 544 1101 insultant,
578 1036 870 1101 ululantes,
893 1037 946 1089 in
978 1036 1171 1105 primis
1195 1041 1565 1097 corraserunt,
1595 1044 1648 1087 et

9 1129 425 1198 compilarunt
466 1145 823 1199 quascunque
861 1136 1251 1199 congesserant
1304 1127 1410 1181 illa
1447 1136 1647 1181 sancta

10 1219 306 1276 formica
336 1232 702 1292 praparantes
741 1223 806 1276 ad
847 1222 1136 1277 hibernum
1179 1221 1381 1275 victum
1419 1220 1648 1273 summi-

12 1324 199 1371 tates
238 1317 515 1377 arborum,
548 1316 854 1384 haccasque
887 1314 1187 1381 silvestres,
1230 1328 1353 1382 qua
1397 1312 1466 1365 ad
1502 1312 1649 1365 hunc

18 1424 223 1462 usum
276 1409 467 1463 sedulo
521 1409 783 1472 collecta,
834 1416 887 1461 et
937 1407 1223 1463 custodita
1263 1406 1481 1471 siccari,
1534 1406 1651 1460 sive

16 1502 271 1567 durari,
308 1502 620 1572 servarique
657 1510 925 1571 poterant,
962 1517 1086 1554 mox
1116 1500 1428 1569 compulere
1458 1514 1650 1553 mona-

18 1598 198 1653 chos
233 1606 292 1652 ttt
324 1614 416 1653 cas
466 1598 531 1651 ad
567 1614 687 1654 sese
757 1599 1141 1668 deportarent;
1177 1598 1317 1651 alios
1369 1610 1498 1649 vero
1532 1610 1649 1649 mo-

20 1692 307 1756 nachos,
364 1692 456 1761 qui
511 1700 668 1747 erant.
726 1692 871 1746 intra
939 1691 1225 1746 ecclesiam
1290 1688 1646 1752 abstrahunt,

1749 480 2010 541 animam,
2057 479 2489 549 praiverantque
2553 490 2845 537 metatores
2899 482 3215 553 presbytero
3260 481 3330 536 ad

1751 571 2029 625 caelestem
2055 571 2282 636 gloriam
2315 571 2459 626 velut
2488 573 2959 628 anteatnbulones.
2986 575 3331 644 Sepelierunt

1749 663 1928 733 itaque
1967 663 2254 718 defunctos
2282 663 2370 718 die
2402 666 2631 734 septima
2662 675 2783 734 post
2820 665 3201 736 Epiphaniam,
3234 683 3329 722 seu

1749 755 1955 810 decima
1974 767 2165 826 quarta
2185 756 2453 823 Januarii,
2480 759 2555 813 uti
2583 759 2694 828 jam
2726 759 2887 814 toties
2906 762 3161 829 pral‘atus
3184 776 3329 826 sum,

1750 850 2001 904 monachi
2042 851 2364 919 superstites
2408 866 2533 906 cum
2559 852 2702 907 Nilo.
2775 890 2779 895 ο

1823 941 2013 996 Omnis
2062 943 2115 995 in
2150 940 2640 998 Theodulovstabat
2694 943 2847 998 chari
2896 944 3135 1013 parentis
3177 959 3329 997 cura.

1750 1031 1905 1086 Nilus
1942 1033 2107 1100 igitur
2154 1033 2272 1087 vale
2310 1034 2456 1087 dicto
2519 1034 2691 1088 sacris
2746 1036 3233 1095 commilitonibus,
3281 1043 3335 1088 et.

1752 1124 2014 1179 missione
2056 1129 2218 1193 petita
2269 1126 2598 1194 temporaria
2622 1167 2636 1190 ,
2670 1141 2727 1179 se
2759 1127 2938 1180 itineri
2987 1128 3241 1197 accingit,
3276 1134 3336 1180 ιιι

1752 1230 1875 1269 eum
1902 1218 2241 1284 perquireret
2264 1256 2277 1279 ,
2312 1217 2713 1271 commendans
2749 1232 2808 1271 se
2844 1218 3185 1272 orationibus
3207 1234 3336 1272 sau-

1752 1308 1823 1361 cti
1854 1316 2048 1371 catus,
2085 1319 2138 1363 et
2183 1310 2237 1363 in
2281 1309 2389 1363 Deo
2427 1308 2667 1379 deligens
2702 1325 2921 1365 omnem
2957 1328 3106 1381 spem
3151 1328 3331 1377 suam,

1752 1404 1921 1465 utque
1962 1407 2147 1461 pastor
2183 1397 2539 1467 deperditam,
2589 1409 2910 1469 raptamque
2948 1402 3216 1467 ovicularn
3248 1417 3335 1456 re-

1752 1497 2132 1554 cuperaturus,
2191 1488 2465 1543 animatus
2513 1488 2732 1558 quidem
2785 1490 2887 1545 hac
2913 1491 3125 1557 ﬁducia,
3180 1509 3333 1547 erra-

1751 1578 1967 1632 bundus
1990 1588 2197 1641 tamen,
2228 1592 2291 1632 ac
2324 1578 2514 1647 lugens
2543 1577 2757 1633 Pharan
2793 1582 2942 1635 venit
2966 1582 3069 1652 (est
3099 1598 3160 1635 ea
3196 1583 3333 1637 urbs

1751 1668 1966 1723 Arabia
1995 1668 2236 1734 Petraa,
2283 1678 2337 1723 et
2390 1684 2548 1723 mons
2598 1671 2662 1724 ad
2700 1672 2881 1725 sinum
2925 1673 3217 1726 Arabicum
3277 1673 3332 1725 in

22 1786 379 1854 mutantque
422 1786 536 1839 suis
563 1786 913 1848 centonibus,
955 1792 1241 1853 provectos
1279 1790 1437 1837 atate
1461 1780 1649 1848 dispo-

1753 1759 1968 1831 IEgypti
2020 1762 2278 1829 conﬁnio.
2314 1760 2640 1816 Ptolemaus
2711 1764 2960 1818 meminit
3009 1765 3331 1834 p0pulorum

21 1889 200 1932 nunt
220 1878 413 1931 ordine
435 1878 502 1931 ad
533 1877 756 1944 eadem,
784 1886 898 1931 tum
922 1876 1340 1930 circumstantes
1364 1874 1651 1929 truculenti

23 1969 350 2023 carniﬁces
403 1968 640 2039 eduxere
672 1968 883 2037 gladios
924 1968 1084 2033 irati,
1128 1976 1182 2021 et
1227 1975 1375 2021 torve
1408 1966 1649 2036 igneum,

23 2060 488 2129 rutilantemque
527 2060 910 2115 subvolventes
944 2060 1192 2113 obtutum
1248 2073 1375 2128 erga
1404 2058 1649 2112 strictam

26 2154 207 2206 illam
272 2152 478 2213 aciem,
538 2151 1073 2221 paratamque'neci
1119 2167 1219 2221 pro
1271 2150 1510 2214 Christo,
1561 2148 1649 2204 cui

30 2246 476 2300 famulabantur
504 2245 801 2301 subeunda
846 2244 1061 2299 fortiter
1090 2261 1153 2299 ac
1192 2258 1471 2316 generose.
1503 2242 1649 2314 Lego

30 2353 257 2407 nempe
282 2338 561 2408 πυρωπόν,
586 2346 640 2391 et
666 2339 969 2409 πυρρωπόν
994 2338 1076 2406 (ιιι
1097 2340 1148 2391 in
1174 2346 1344 2401 textu,
1374 2334 1648 2405 notisque,

28 2446 95 2498 p.
166 2431 294 2496 160,
321 2431 544 2485 doctiss.
590 2429 895 2499 Pessinus).
931 2430 1187 2485 Mandant
1224 2428 1493 2484 sacerdoti
1545 2428 1649 2482 loci

30 2524 227 2587 sacri,
261 2534 319 2575 ut
344 2524 628 2593 protendat
654 2522 943 2584 cervicem,
979 2521 1327 2592 inferuntquc
1355 2536 1460 2575 non
1486 2520 1651 2576 simul

28 2617 227 2670 ambo
258 2617 386 2683 (duo
416 2616 616 2671 ctenim
650 2616 828 2685 ipsum
874 2614 1351 2685 circumstabant),
1380 2614 1473 2669 sed
1507 2629 1649 2669 unus

33 2716 187 2774 post
228 2706 393 2759 alium
437 2721 597 2761 enses
627 2709 885 2775 utrinque
938 2706 1247 2776 inlligendo,
1283 2717 1342 2761 ut
1371 2707 1650 2763 crudelius

31 2801 350 2870 degustata
382 2809 553 2854 morte
588 2800 951 2864 occideretur,
994 2801 1176 2870 plagas
1220 2800 1288 2855 ad
1332 2785 1651 2872 interscapi-

32 2891 200 2943 lium
247 2901 300 2945 et
330 2892 657 2954 mamillam,
691 2908 721 2945 e
766 2893 967 2961 quibus
1018 2892 1106 2945 ille
1142 2892 1397 2947 sacerdos
1428 2894 1648 2950 victima

36 2977 171 3033 Deo
232 2994 387 3035 sacra
439 2982 711 3045 concidit,
774 2982 917 3036 sicut
969 2991 1024 3036 et
1064 2983 1183 3052 ejus
1226 2984 1649 3041 'concellulanus

36 3072 425 3139 grandaevus,
475 3080 529 3125 et
570 3071 779 3126 fractus
829 3088 938 3127 non
982 3072 1141 3128 annis
1187 3083 1418 3137 tantum,
1464 3076 1557 3130 sed
1597 3082 1650 3130 et

38 3166 387 3219 monasticis
418 3165 721 3227 laboribus,
757 3165 993 3235 denique
1025 3182 1159 3236 puer
1188 3168 1295 3222 illis
1329 3168 1648 3222 ministrans

35 3258 251 3323 jussus
295 3258 530 3326 relegere
574 3257 832 3317 bacchas.
868 3258 945 3311 uti
994 3252 1107 3328 jam
1162 3260 1402 3315 narravi.
1455 3258 1647 3313 Satiati

43 3350 322 3404 mactatis
378 3351 528 3405 hisce
584 3351 760 3405 tribus
808 3350 1034 3406 Barbari
1091 3351 1315 3421 reliquis
1366 3353 1649 3406 monachis

45 3445 380 3497 indicarunt
426 3454 483 3497 ut
532 3442 709 3513 fugam
760 3454 1127 3513 capesserent,
1170 3455 1224 3499 et
1269 3445 1503 3509 abirent,
1550 3445 1649 3496 οὐκ

46 3532 177 3588 οῖδα
208 3534 265 3586 τί
312 3534 606 3599 παθόντες,
638 3551 831 3589 manus
897 3537 1098 3590 indicio
1147 3537 1468 3598 suadentes,
1520 3554 1647 3591 cum

48 3629 248 3681 adhuc
276 3636 521 3680 tenerent
548 3629 810 3695 sanguine
845 3628 1073 3681 infectos
1112 3642 1293 3691 enses,
1326 3624 1493 3681 nescio
1515 3646 1646 3697 quo-

50 3719 219 3770 modo
258 3716 454 3785 placati
487 3716 660 3784 (Nilus
698 3717 896 3785 inquit,
928 3733 983 3786 p.
1012 3717 1103 3786 50)
1156 3734 1252 3786 per
1282 3729 1472 3787 tesqua
1511 3736 1647 3787 pra-

48 3808 254 3876 cipitia
316 3807 624 3875 gradientes
691 3807 846 3860 ocius
914 3807 1168 3861 monachi
1230 3808 1335 3862 nisi
1394 3819 1521 3863 sunt
1578 3809 1644 3863 ad

52 3910 312 3953 montem
340 3900 591 3965 evadere,
627 3915 728 3954 nec
754 3900 897 3953 enim
942 3900 1026 3952 via
1058 3900 1181 3953 trita
1222 3910 1360 3962 erat,
1394 3901 1647 3955 haesitan-

54 3994 222 4055 tiaut,
258 3991 680 4061 tarditatemque
711 4007 864 4045 suam
896 3990 1053 4047 Nilus
1085 3991 1171 4045 hic
1197 3984 1389 4062 pingit,
1436 4002 1547 4046 tum
1578 3995 1646 4048 ob

54 4092 310 4143 att-atem,
344 4082 417 4134 uti
441 4082 552 4150 jam
592 4082 891 4143 insinuavi,
911 4090 1022 4136 tum
1046 4084 1192 4153 quod
1223 4083 1416 4137 abduci
1445 4084 1649 4139 videret

57 4171 413 4225 Theodotum
464 4171 685 4226 unicum
735 4189 896 4227 suum
953 4176 1146 4238 lilium,
1200 4185 1254 4229 et
1290 4175 1646 4244 professionis

59 4266 283 4318 socium
320 4281 348 4318 a
388 4264 662 4337 Barbarjs,
697 4266 895 4334 illeque
948 4276 1153 4335 patrem
1186 4267 1428 4322 vicissim
1463 4285 1646 4337 respe-

59 4364 274 4419 ctaret,
326 4356 766 4423 pertrahentibus
815 4358 1146 4413 immanibus
1178 4375 1303 4413 eum
1351 4361 1646 4415 tortoribus

1753 1852 2192 1909 Pbaranitarum.
2222 1854 2297 1908 lbi
2330 1856 2594 1915 habitavit
2622 1854 2813 1910 Ismael
2850 1857 3331 1921 liliusAbt-abami,

1752 1951 1807 1994 et
1831 1942 1992 2011 Agar,
2014 1942 2147 1998 Gen.
2173 1958 2222 1997 c.
2258 1958 2365 2005 xxt,
2389 1959 2437 1998 v.
2462 1944 2550 2006 2'2,
2589 1943 2798 2013 fuitque
2820 1945 2883 1998 l3
2913 1947 3127 2000 mansio
3152 1946 3332 2015 populi

1752 2027 1920 2085 lsracl
1940 2046 2002 2085 ex
2027 2042 2250 2087 auctore
2272 2032 2413 2087 Mar.
2445 2034 2632 2086 histor.
2658 2046 2847 2105 estque
2871 2037 3129 2107 solitudo)
3153 2038 3338 2106 ibique

1753 2122 1971 2179 habitos
2039 2140 2069 2178 a
2122 2141 2179 2179 se
2246 2136 2493 2181 recenset
2571 2128 2715 2182 ultro
2761 2130 3010 2199 citroque
3055 2146 3337 2185 sermones

1752 2233 1875 2272 cum
1940 2218 2263 2288 quibusdam
2323 2220 2743 2287 accedentibus,
2796 2222 2962 2276 vitam
3009 2222 3333 2287 solitariam,

1751 2314 1866 2365 sive
1889 2311 2221 2366 eremiticam
2272 2313 2700 2377 dilaudantibus,
2736 2324 2897 2385 atque
2930 2315 3337 2372 circumseden-

1754 2403 1899 2458 tibus
1936 2413 1991 2458 et
2021 2420 2241 2459 causam
2284 2408 2519 2476 gemitus
2572 2423 2635 2462 ac
2684 2406 2848 2463 ﬂetus
2884 2411 3333 2479 exquirentibns;

1752 2496 1807 2551 in
1834 2497 2098 2567 lacrymas
2126 2500 2270 2551 enim
2297 2516 2522 2569 gemens
2563 2500 3006 2570 colliquescebat,
3044 2519 3107 2555 ae
3137 2504 3335 2557 sedens

1751 2587 1992 2656 ejulabat
2046 2588 2470 2652 miserabiliter,
2526 2594 2820 2661 respondet
2881 2610 3010 2648 suas
3064 2610 3335 2649 arumuas

1750 2687 1971 2746 paratus
2014 2694 2314 2748 exponere,
2350 2683 2706 2752 deploratque
2746 2687 3109 2741 calamitatem
3150 2705 3332 2753 suam,

1750 2770 1957 2841 ﬁliique
1989 2772 2375 2842 captivitatem,
2410 2775 2493 2829 vel
2527 2777 2726 2831 eadem
2760 2794 2922 2848 qttam
2952 2785 3333 2849 praesumebat,

1751 2864 2021 2919 interdum
2048 2866 2382 2932 meticulose,
2406 2869 2683 2937 totiusque
2699 2871 2821 2924 vita
2865 2888 2977 2927 sua
3001 2874 3333 2928 curriculum

1750 2971 1887 3026 pene
1944 2973 2103 3013 orsus
2144 2958 2377 3013 breviter
2408 2962 2683 3025 contexit,
2723 2964 3200 3035 interrogatusque
3263 2969 3332 3022 de

1752 3060 1932 3119 strage
1969 3060 2309 3114 sanctorum,
2361 3037 2558 3110 divina
2607 3055 2963 3122 providentia
3009 3059 3334 3127 specimina,

1751 3150 1805 3194 et
1836 3142 2159 3197 documenta
2185 3143 2509 3213 quamplura
2531 3145 2857 3215 depromens
2878 3150 3050 3203 sacris
3078 3166 3107 3203 e
3130 3149 3330 3215 Libris,

1752 3244 1862 3288 tum
1900 3235 2259 3290 Barbarorutn
2298 3237 2520 3313 victum,
2570 3237 2889 3301 latrocinia,
2945 3243 3227 3307 savitiatn,
3282 3254 3336 3298 et

1749 3329 2080 3381 camelorum
2132 3329 2411 3390 carnibus,
2470 3344 2610 3397 quos
2666 3331 2965 3398 pra‘sertim
3020 3346 3331 3402 nuncupant

1749 3420 2072 3481 dromadas,
2116 3435 2210 3473 seu
2246 3419 2621 3473 dromedarios
2671 3436 2701 3473 a
2749 3437 2938 3484 cursu,
2977 3424 3331 3491 alimentum;

1751 3511 1938 3575 Stella,
1965 3512 2077 3564 sive
2097 3511 2227 3565 astri
2259 3494 2492 3566 Luciferi
2525 3511 2752 3577 cultum,
2780 3516 3104 3569 sacriﬁcium
3132 3534 3332 3587 puero-

1748 3618 1867 3654 rum
1916 3603 2091 3655 aetatis
2146 3602 2278 3656 llore
2321 3618 2385 3657 ac
2431 3604 2644 3672 egregia
2692 3604 2861 3659 forma
2914 3608 3323 3674 excellentium,

1750 3696 1833 3748 vel
1876 3696 2010 3751 alba
2057 3706 2110 3750 et
2161 3697 2375 3751 macula
2434 3699 2674 3773 carentis
2726 3703 2947 3755 cautela
2993 3701 3269 3768 diluculo;
3301 3719 3333 3757 e

1748 3803 2012 3844 converso
2043 3778 2436 3844 monachorum
2486 3794 2647 3848 vitam
2691 3794 3017 3862 angelicam,
3053 3796 3329 3863 pietatem,

1748 3890 1913 3948 atque
1942 3882 2410 3939 conversationem
2443 3892 2717 3938 austeram
2751 3885 2822 3938 ob
2850 3887 3041 3940 oculos
3068 3888 3241 3956 ponit,
3272 3896 3333 3943 ut

1748 3972 2074 4025 conveniant
2110 3974 2177 4025 ad
2211 3988 2364 4026 sacra
2407 3974 2663 4042 mysteria
2704 3979 3173 4033 communicantes
3210 3996 3221 4043 ;
3262 3979 3331 4033 de

1750 4065 1920 4131 inani,
1970 4082 2134 4136 quam
2184 4065 2418 4137 fugiunt,
2457 4066 2649 4136 gloria,
2691 4078 2856 4138 utque
2908 4086 3031 4125 vere
3084 4072 3329 4141 philoso-

1747 4158 1990 4227 phantur
2026 4156 2229 4225 (Persa
2264 4158 2504 4226 profecto
2537 4159 2714 4214 adhuc
2748 4160 3033 4215 immolant
3070 4164 3325 4218 feminam

1748 4248 2038 4314 camelum,
2086 4258 2224 4303 teste
2256 4247 2329 4302 La
2366 4248 2533 4313 Valle,
2565 4262 2718 4319 parte
2752 4268 2790 4315 ι,
2838 4268 2891 4321 p.
2926 4254 3029 4307 155
3060 4264 3116 4308 et
3160 4255 3249 4322 48,
3277 4264 3330 4309 et

1747 4337 1931 4393 Nicela
1961 4340 2012 4391 iu
2051 4338 2168 4391 Vita
2197 4336 2253 4391 S.
2285 4338 2420 4392 Elite
2462 4340 2579 4393 novi
2608 4345 2877 4411 martyris,
2922 4359 2973 4412 p.
3005 4342 3140 4409 202,
3164 4360 3326 4414 quem

62 4448 319 4509 subinde,
349 4447 521 4501 donec
561 4447 739 4500 innuit
769 4448 933 4513 ﬁlius,
971 4458 1026 4503 ut
1056 4450 1156 4519 ipsi
1195 4451 1299 4505 sibi
1333 4450 1641 4507 consuleret
1681 4454 1723 4509 Ι)
1751 4431 1981 4501 Nomm
2027 4429 2319 4484 Combe'is-
2370 4430 2621 4485 ίηονθυθι
2646 4431 2796 4486 Ε¹ί³⁸
2847 4434 2946 4487 is“?
2973 4448 3119 4487 ³ηηο
3164 4434 3223 4489 C-
3259 4434 3324 4488 Ν·

66 4549 258 4605 pater,
301 4536 536 4608 fugaque
577 4540 807 4593 salutem
859 4553 1161 4611 quareret;
1203 4543 1442 4597 harebat
1467 4553 1648 4598 tamen

65 4626 247 4691 Nilus,
272 4629 442 4683 donec
466 4630 692 4683 nitniutn
714 4632 1056 4686 intervallum
1077 4634 1196 4703 ejus
1217 4636 1405 4690 oculos
1424 4634 1651 4690 frustra-

68 4731 188 4773 tum
218 4733 320 4783 est,
354 4722 635 4777 deﬁciente
664 4724 1022 4780 nihilominus
1055 4742 1217 4781 sensu
1253 4730 1421 4793 visus,
1465 4738 1652 4783 secuta

65 4824 155 4867 est
218 4813 470 4869 voluntas
519 4825 571 4869 et
624 4831 779 4869 amor
822 4817 993 4870 ﬁlium
1051 4811 1448 4885 comitabatur,
1497 4821 1651 4877 Nilus

73 4908 294 4959 tandem
355 4907 545 4962 dolore
595 4909 877 4964 confectus
926 4910 1201 4967 discessit.
1256 4913 1429 4968 Simul
1487 4925 1653 4983 atque

70 5001 330 5054 Saraceni
359 5002 546 5069 procul
577 5014 937 5066 recesserunt,
971 5006 1157 5059 multis
1182 5008 1305 5061 aliis
1336 5024 1430 5077 per
1460 5010 1653 5063 solitu-

72 5094 257 5143 dinem
307 5093 623 5158 trucidatis,
694 5101 748 5147 et
801 5095 1051 5149 discusso
1109 5094 1328 5159 nimbo,
1387 5098 1652 5152 serenitas

73 5183 283 5236 effulsit
313 5184 517 5251 aliqua,
553 5200 746 5240 rursus
770 5202 892 5240 cum
918 5187 1039 5241 aliis
1064 5188 1343 5241 monachis
1373 5190 1652 5242 descendit

76 5292 105 5327 e
133 5287 313 5329 monte
344 5276 518 5341 Nilus,
548 5286 606 5330 ut
640 5278 814 5331 tribus
860 5278 966 5333 illis
998 5260 1170 5332 oﬁicia
1210 5280 1391 5333 debita
1424 5280 1651 5333 exhibe-

78 5380 288 5431 rentur,
322 5370 781 5441 humarenturquc
805 5372 960 5426 beata
982 5387 1229 5442 corpora.
1256 5372 1449 5427 Senem
1478 5375 1653 5427 adhuc

82 5463 185 5530 ipsi
223 5463 515 5531 spirantem
570 5476 967 5533 compererunt,
1010 5466 1103 5534 qui
1155 5466 1441 5521 collectum
1494 5466 1653 5534 spiri-

87 5568 222 5615 tum,
249 5566 303 5608 ιιι
334 5570 431 5610 eos
455 5557 833 5611 adhortaretur
866 5558 931 5612 ad
966 5559 1311 5613 serviendum
1341 5558 1509 5629 686
1542 5558 1653 5613 Deo

90 5656 417 5710 constanter,
439 5648 657 5702 demum
689 5649 905 5703 emisit:
934 5650 1229 5704 vocabatur
1259 5650 1345 5703 hic
1374 5649 1654 5719 presbyter
1698 5716 1701 5719 γ

89 5737 419 5806 'l'bcodulus,
447 5750 498 5796 et
519 5755 779 5796 coronam
804 5742 1043 5812 migrans
1064 5741 1130 5798 ad
1159 5742 1358 5798 calum
1385 5742 1649 5810 obtinuit;

1754 4524 1875 4586 768,
1926 4523 2114 4578 mundi
2167 4523 2356 4590 6268);
2393 4524 2459 4576 de
2498 4523 2783 4593 Arabibus
2832 4527 3190 4593 nomadibus,
3234 4528 3329 4595 qui

1753 4618 1920 4671 stella
1970 4614 2195 4670 Veneris
2242 4617 2515 4669 matutino
2544 4632 2607 4671 ac
2636 4615 2892 4671 Lucifero
2922 4628 3073 4672 astro
3103 4619 3326 4689 (gemini

1753 4708 2011 4779 pravium
2038 4707 2295 4776 temporis
2319 4710 2533 4761 vocavit
2554 4706 2755 4762 Seneca
2782 4708 3050 4775 tragicus;
3077 4719 3159 4763 est
3181 4711 3327 4764 enim

1752 4815 1945 4868 vesper
1999 4798 2199 4861 etiam,
2263 4813 2384 4867 qua
2444 4798 2672 4853 lucescit
2719 4799 2825 4867 bis,
2883 4801 3039 4868 quasi
3089 4801 3329 4857 educens

1753 4907 2059 4961 cogensqne
2134 4891 2413 4944 stellarum
2456 4891 2687 4945 aliarum
2729 4893 2968 4961 gregem)
3001 4909 3053 4961 p.
3088 4893 3214 4947 217.
3252 4893 3326 4947 lbi

1753 4982 2025 5036 Cotnbelis
2052 4980 2231 5034 Nilum
2262 4980 2511 5035 dilaudat
2536 4982 2602 5036 de
2640 4983 2745 5037 isto
2774 4982 3103 5038 Saracenico
3143 5000 3329 5039 errore

1755 5076 1807 5127 in
1842 5074 1978 5128 libro
2018 5072 2091 5127 De
2120 5075 2264 5128 cade
2293 5082 2607 5128 sanctorum
2629 5072 2853 5129 Patrum
2884 5076 2937 5129 in
2969 5085 3152 5131 mOnte
3175 5077 3327 5142 Sina,

1754 5175 1807 5217 et
1838 5162 2012 5217 fusius
2042 5164 2175 5232 agit.

1821 5275 2009 5330 Astitit
2071 5274 2192 5329 Nilo
2257 5290 2382 5329 cum
2459 5276 2738 5332 retulisset
2810 5278 3091 5332 incursum
3166 5276 3330 5329 Sara-

1752 5385 2049 5434 cenorum,
2110 5380 2163 5423 et
2209 5372 2407 5423 eadem
2465 5371 2896 5437 monachorum,
2940 5372 3099 5439 cujus
3156 5370 3329 5439 hypo-

1755 5463 1985 5532 typosim
2029 5461 2143 5530 jam
2201 5461 2455 5530 reposui,
2511 5460 2773 5529 profugus
2828 5462 3131 5530 ecaptivis,
3192 5476 3331 5530 quos

1753 5554 1973 5608 Barbari
2037 5553 2561 5622 comprehenderant
2613 5554 2831 5623 elapsus
2876 5569 2941 5607 ex
2995 5568 3182 5607 eorum
3234 5572 3329 5607 ca-

1754 5649 1903 5706 stris.
1956 5661 2147 5701 servus
2185 5662 2381 5716 nempe
2424 5644 2738 5716 Magadonis
2762 5649 3058 5711 senatoris,
3102 5658 3155 5702 ct
3188 5664 3329 5703 nun-

1757 5743 1850 5797 tiat
1878 5740 2042 5811 687
2077 5739 2253 5797 adhuc
2286 5739 2551 5796 anhelans
2584 5755 2642 5796 se
2669 5740 2768 5796 abs
2799 5739 2904 5796 illis
2933 5739 3207 5813 aufugisse
3232 5742 3328 5797 de-
