3852 6052
501 293 636 355 lilii

1245 287 1396 349 JOS.
1434 283 1700 346 MARI/E
1739 281 2100 342 SUARESII
2141 277 2374 338 LIBER
2409 274 3047 336 CHRONOLOGICUS

3653 269 3766 332 liii

493 411 790 475 signatum,
827 415 886 458 ut
919 401 1296 458 immolaretur
1341 415 1468 456 cum
1510 395 1792 452 Theodulo
1837 394 1940 447 Nili
1971 393 2083 446 filio
2111 401 2157 455 Α
2186 391 2464 450 emittunt,
2512 389 2656 440 unde
2705 384 2954 440 scintilla:
3003 382 3267 444 decussae,
3317 380 3492 452 688
3523 379 3666 433 etin
3705 383 3772 432 in.

493 496 832 552 itlucesceati
881 493 1176 549 Lucifero:
1207 499 1493 562 percenset
1539 497 1860 559 apparatum
1909 486 2082 540 sacri-

497 590 626 650 ﬁcii,
669 599 722 642 et
755 587 1044 650 Theoduli,
1091 585 1184 655 qui
1224 592 1468 654 perstare
1515 581 1781 642 voluerat,
1825 586 2083 632 constan-

495 681 649 740 tiam,
707 679 912 734 conﬁsi.
955 679 1153 732 divinae
1203 673 1626 734 misericordiae,
1683 671 2079 724 immanitatem

497 777 794 830 nomadum
857 775 1096 830 Arabum
1155 778 1360 825 tantam
1422 766 1673 828 afﬁrmat,
1711 773 1770 817 ut
1821 769 2085 817 exuerent

495 884 714 922 omnem
777 866 1204 925 humanitatem,
1259 871 1314 916 et
1362 859 1616 915 saevirent
1661 857 1847 924 impie,
1891 854 2086 906 imma-

495 960 752 1028 niterque
803 957 856 1010 in
913 955 1235 1016 monachos,
1289 966 1524 1020 cumque
1578 949 1798 1002 illorum
1851 958 2084 1014 corpora

497 1052 791 1106 illudentes
839 1047 1340 1106 excarn‘ilicassent,
1398 1041 1662 1110 insepulta
1714 1040 1805 1092 illa
1847 1036 2086 1092 derelin-

497 1153 751 1215 quereut,
783 1158 881 1196 nec
907 1143 1074 1194 humo
1105 1149 1304 1208 tegere,
1333 1136 1416 1189 vel
1440 1135 1672 1188 obruere
1702 1131 2084 1201 dignarentur,

493 1238 592 1294 scd
629 1236 736 1292 Deo
768 1235 1091 1289 devotorum
1141 1232 1337 1284 anima:
1367 1227 1422 1281 in
1457 1226 1656 1280 coelum
1702 1229 1933 1290 receptae
1963 1219 2085 1272 vin-

497 1332 714 1384 dictam
747 1345 775 1379 a
822 1326 934 1380 Deo
973 1323 1319 1394 flagitabant,
1362 1329 1416 1374 et
1459 1317 1685 1388 sanguis
1719 1315 1786 1372 ad
1817 1329 1940 1367 eum
1976 1311 2087 1365 cla-

495 1423 703 1478 mabat.
751 1421 882 1475 Erat
925 1419 1151 1473 nuntius
1193 1417 1298 1470 iste
1329 1428 1521 1468 servus
1567 1407 1882 1478 Magadonis
1925 1419 2087 1459 sena-

495 1517 654 1577 toris,
692 1513 786 1584 qui
828 1511 1055 1574 addidit,
1095 1519 1155 1564 ut
1184 1508 1394 1561 Arabes
1445 1505 1522 1558 illi
1569 1502 1847 1556 tribunum
1881 1498 2087 1550 milita-

501 1611 634 1662 riter
689 1613 1080 1676 repugnantem
1139 1597 1558 1668 interceperint,
1625 1605 1680 1649 et
1735 1591 2085 1647 membratim

499 1700 795 1756 ceciderint
835 1695 1163 1769 (στρατηγὸν
1189 1695 1288 1763 τῆς
1331 1689 1605 1751 πολιτείας
1657 1687 1840 1739 ducem
1901 1685 2084 1753 reipu-

502 1801 650 1852 blica:
681 1792 1012 1861 vertissem),
1046 1789 1328 1844 dominum
1364 1799 1490 1838 vero
1533 1797 1690 1836 suum
1726 1778 2081 1848 Magadonem
2115 1763 2118 1766 ’

503 1891 719 1960 publico
751 1885 1092 1956 perfunctum
1143 1891 1370 1933 munere
1399 1890 1525 1930 cum
1573 1874 1686 1926 [ilio
1757 1871 2084 1937 duobusque

503 1981 721 2034 l‘mnulis
785 1986 975 2030 contra
1029 1970 1190 2025 fidem
1247 1967 1428 2022 datam
1492 1960 1905 2020 interfecerint,
1965 1965 2083 2009 tum

503 2071 833 2127 n'tonachum
891 2061 1255 2120 venerabilem
1325 2057 1657 2127 prtecipitem
1721 2050 1975 2106 dederint
2031 2047 2087 2100 in

503 2175 734 2230 petram,
763 2155 1116 2226 scopulumve
1140 2149 1482 2218 subjectum;
1510 2159 1636 2198 mox
1682 2142 2087 2197 adolescentem

507 2254 835 2308 monachum
881 2244 1282 2302 obtruncarint,
1335 2249 1450 2294 tum
1496 2237 1662 2290 alium
1709 2234 2090 2288 adolescentu-

507 2347 618 2400 lum
671 2345 978 2399 animosum
1033 2335 1350 2390 vulneribus
1397 2327 1754 2391 confecerint,
1794 2339 2088 2380 occurren-

507 2451 694 2507 tcsque
729 2443 840 2489 tres
879 2432 1078 2494 adhuc,
1109 2436 1163 2482 et
1204 2428 1256 2479 in
1292 2422 1523 2494 tuguriis
1551 2419 1786 2480 duobus,
1823 2425 2086 2484 repertos,

507 2531 574 2582 ad
621 2535 868 2582 austrum
913 2521 1132 2591 quidem
1173 2531 1364 2578 unum,
1409 2523 1464 2568 et
1497 2513 1727 2566 alterum
1763 2510 1830 2562 ad
1874 2517 2090 2576 septen-

509 2621 771 2682 trionem;
794 2611 1175 2668 -——univcrsim
1197 2617 1322 2665 octo
1339 2605 1659 2666 monachos,
1681 2603 1880 2671 quibus
1896 2601 1939 2655 si
1965 2601 2092 2669 jun-

509 2719 708 2781 gantur
761 2716 872 2762 tres
917 2703 1204 2767 nominati,
1249 2699 1557 2770 sepultique
1585 2696 1876 2766 superius,
1921 2693 2091 2748 unde-

509 2805 618 2860 cim
657 2799 1148 2871 computabuntur;
1179 2823 1251 2836 -——
1277 2808 1338 2848 se
1367 2792 1456 2846 ille
1485 2805 1676 2846 servus
1721 2796 1802 2844 tot
1851 2787 2092 2842 caedibus

512 2893 867 2968 perterritum
925 2887 1228 2958 arripuisse
1281 2883 1462 2954 fugam
1519 2883 1752 2946 asserit;
1809 2880 1904 2934 sed
1959 2877 2093 2949 quid

509 2994 694 3058 sctum
737 2980 1037 3044 Theodulo,
1087 2993 1247 3048 quem
1295 2974 1682 3030 immolandum
1725 2973 1827 3042 ipsi
1865 2970 2094 3026 Barbari

2188 481 2315 534 mite
2366 480 2639 534 siccorum
2685 476 3080 544 aridorumque
3125 473 3498 543 virgultorqu
3547 483 3776 540 excepta

2183 570 2458 626 ﬂammam
2507 570 2810 624 excitarent
2856 567 2926 622 ad
2977 581 3174 620 carnes
3225 565 3672 634 concoquendas
3727 567 3776 618 iu

2179 664 2397 718 itinere.

2247 753 2464 808 interea
2511 751 2702 816 Nilus,
2757 750 2960 820 aliique
3005 749 3146 804 versi
3186 748 3252 802 ad
3301 746 3484 802 cilicia
3539 745 3778 800 funebria

2179 848 2330 902 circa
2365 859 2633 900 cursorum
2684 858 2939 912 corpora,
2989 844 3241 912 quintum
3269 841 3384 910 jam
3429 841 3614 898 diem,
3649 857 3780 890 mm-

2189 949 2312 994 tuos
2351 953 2447 991 eos
2488 937 2844 1000 invenerunt,
2885 945 2941 988 et
2976 935 3080 988 huc
3121 935 3360 1003 illucque
3399 933 3654 1001 jacentia
3705 949 3780 985 ca-

2185 1032 2384 1085 davera
2408 1029 2558 1083 nullo
2611 1037 2752 1082 tctro
2811 1026 3020 1082 infecta
3069 1027 3281 1090 odore,
3341 1040 3452 1079 non
3507 1027 3780 1092 putredine

2185 1123 2402 1188 vitiata,
2451 1137 2551 1176 nec
2597 1121 2793 1174 violata
2843 1134 3028 1174 morsu
3068 1119 3366 1174 bestiarum
3401 1117 3700 1176 ferociora,
3737 1129 3782 1170 et

2187 1219 2622 1278 carnivorarum,
2659 1215 2754 1269 sed
2789 1214 3123 1282 incorrupta,
3163 1221 3217 1266 et
3249 1211 3484 1281 integra,
3527 1226 3632 1263 nec
3669 1211 3774 1264 ὥς·

2185 1310 2365 1366 soluta
2400 1309 2482 1364 vel
2511 1307 2679 1373 fluxa,
2713 1313 2773 1360 ut
2805 1305 3030 1370 assolet,
3055 1319 3294 1374 quorum
3315 1304 3560 1356 nomina
3585 1303 3780 1356 didici?-

2181 1411 2318 1456 ru—ut
2353 1401 2426 1455 ab
2458 1401 2549 1456 illo
2587 1398 2902 1468 Magadonis
2939 1411 3100 1466 servo
3131 1416 3145 1451 :
3189 1397 3244 1451 in
3279 1395 3622 1452 Bethambre
3659 1395 3780 1450 Pro~

2181 1495 2392 1558 culum,
2441 1492 2731 1564 Hypatium
2783 1492 2836 1544 in
2893 1490 3054 1553 Geth,
3107 1488 3262 1546 Isaac
3311 1491 3370 1544 in
3421 1491 3774 1552 monasteria,

2185 1587 2245 1641 iu
2295 1585 2579 1640 mansione
2623 1584 2900 1640 eremitica
2959 1583 3180 1647 Salael,
3232 1581 3550 1637 Macarium
3613 1593 3776 1636 autem

2187 1689 2245 1734 et
2287 1677 2531 1732 Marcum
2589 1691 2685 1747 per
2739 1676 3090 1731 solitudinem
3133 1685 3290 1730 extra
3335 1677 3688 1738 mansiones,
3735 1687 3778 1728 et

2191 1769 2475 1839 Beniamin
2507 1769 2564 1822 in
2613 1769 2886 1824 exteriore
2919 1780 3102 1822 eremo
3144 1766 3334 1833 (Elim,
3391 1769 3696 1821 Eusebium
3735 1769 3776 1820 in

2189 1860 2322 1916 Tola
2358 1861 2549 1930 (locus
2581 1869 2666 1914 est
2715 1860 2818 1914 hoc
2845 1859 3067 1914 nomine
3115 1859 3184 1913 ad
3213 1870 3536 1913 extremum
3589 1863 3776 1911 montis

2189 1954 2382 2022 pedem
2431 1953 2623 2024 quinto
2662 1953 2842 2022 lapide
2889 1952 2959 2006 ab
3013 1952 3126 2005 aede
3175 1967 3350 2014 sacra,
3405 1952 3502 2005 ubi
3557 1949 3780 2004 Joannes

2191 2046 2466 2102 Climacus
2517 2060 2693 2100 annos
2755 2044 3114 2115 quadraginta
3159 2045 3372 2115 peregit
3421 2059 3556 2098 cum
3611 2043 3780 2098 lose:

2192 2148 2246 2194 et
2267 2138 2449 2194 diliarn
2481 2139 2534 2192 in
2565 2137 2713 2202 Aze;
2743 2137 2797 2190 in
2825 2135 3006 2191 Patris
3041 2135 3120 2190 :Le
3151 2135 3330 2212 Sueur
3367 2137 3642 2191 sersione
3669 2136 3778 2188 Gal-

2193 2232 2298 2287 lica
2338 2232 2429 2286 hic
2471 2230 2623 2286 Isaac
2649 2229 2984 2300 adjungitur,
3025 2245 3090 2284 ex
3131 2229 3367 2283 Eusebio
3393 2229 3622 2285 etB-lia.
3655 2229 3776 2282 Cum

2194 2325 2332 2380 alter
2359 2322 2646 2379 confossus
2675 2324 2848 2394 plagis
2872 2323 3054 2377 adhuc
3081 2321 3318 2378 animam
3353 2323 3636 2384 traheret,
3665 2338 3776 2374 eum

2193 2417 2550 2484 deportarunt
2595 2417 2648 2470 in
2683 2415 2977 2480 cellulam,
3017 2425 3073 2469 et
3109 2415 3390 2484 persoluto
3437 2415 3678 2482 reliquis
3709 2415 3780 2466 of-

2195 2509 2339 2575 ficio,
2389 2508 2620 2564 reduces
2651 2509 3020 2563 exanimatum
3065 2522 3230 2576 prope
3279 2505 3574 2576 hydriam,
3623 2505 3676 2558 iu
3707 2523 3784 2575 gr:-

2197 2617 2302 2656 nua
2329 2616 2592 2672 pronum,
2627 2609 2682 2654 et
2709 2619 2739 2654 a
2765 2611 2894 2670 potu
2927 2610 3147 2669 propter
3172 2598 3460 2652 vulnerum
3487 2597 3782 2652 inﬂamma-

2197 2683 2425 2763 tionem,
2457 2699 2588 2753 dum
2611 2698 2747 2761 sitit,
2775 2695 3042 2751 defecisse
3071 2705 3436 2766 agnoverunt,
3465 2705 3534 2748 et
3559 2695 3610 2748 ei
3633 2697 3776 2748 etiam

2193 2794 2342 2864 justa
2374 2793 2652 2860 fecerunt;
2679 2801 2733 2847 et
2775 2791 3046 2862 siquidem
3092 2790 3180 2844 isti
3233 2800 3361 2846 octo
3413 2801 3554 2844 sunt
3599 2790 3692 2842 alii
3719 2793 3774 2840 ab

2199 2888 2306 2943 illis
2347 2897 2490 2954 octo,
2533 2901 2768 2957 quorum
2814 2884 3014 2939 caedem
3048 2891 3408 2940 enat-raverat
3447 2897 3654 2937 servus
3687 2883 3778 2934 Ma.

2199 2981 2445 3052 gadonis,
2487 2982 2690 3050 quique
2727 2993 2852 3033 cum
2895 2977 3090 3042 tribus,
3135 2993 3276 3046 quos
3321 2976 3618 3046 primitias
3657 2993 3780 3028 mar-

513 3076 894 3137 SIISlll‘l‘aban‘:
925 3073 1178 3140 ignorare
1211 3084 1268 3124 se
1303 3067 1519 3122 τίηθίυνι
1555 3063 1756 3135 inger"
1787 3063 1943 3118 Nilus
1973 3079 2092 3132 81‘3'
2121 3095 2163 3154 ο
2197 3083 2376 3144 ty—rum
2425 3072 2642 3127 illorum
2695 3070 2819 3138 iure
2875 3068 3316 3138 nuncupabimus
3339 3107 3358 3132 ,
3411 3067 3778 3121 novemdecim

513 3173 666 3226 viore
693 3165 1060 3224 sollicitudine
1093 3176 1389 3232 oppressus
1441 3162 1714 3215 somnium
1745 3171 1928 3218 suum,
1968 3171 2094 3210 cum

515 3278 628 3334 prie
681 3261 868 3316 dolore
908 3255 1309 3320 obdormisset,
1343 3261 1404 3306 ut
1441 3251 1634 3321 opinor
1658 3289 1673 3314 ,
1709 3250 1859 3305 visus
1889 3249 1993 3302 sibi
2029 3248 2096 3302 ab

515 3356 699 3426 ignoto
759 3350 1028 3406 redditam
1092 3345 1376 3416 epistolam
1429 3342 1546 3406 lilii,
1589 3342 1644 3396 in
1689 3341 1848 3410 cuius
1901 3339 2099 3394 inscri—

513 3446 702 3516 ptione
725 3457 784 3498 se
821 3439 1090 3511 μακάριον
1129 3435 1450 3492 T-heodulus
1487 3433 1868 3497 attestabatur,
1897 3431 1950 3486 id
1992 3439 2095 3493 est,

517 3539 762 3607 felicem;
797 3533 946 3588 addit
989 3529 1358 3586 fortitudinem
1393 3525 1677 3594 cujusdam
1723 3523 1914 3578 matris
1955 3520 2100 3574 Pha-

421 3607 426 3612 ’
517 3645 616 3683 ran
651 3625 934 3682 incolentis
956 3665 971 3690 ,
1007 3638 1130 3693 qua:
1161 3621 1359 3675 mulier
1387 3633 1519 3672 vere
1551 3615 1709 3670 fortis
1738 3615 1962 3668 inventa
1991 3617 2094 3667 est.

519 3721 656 3776 Nam
688 3720 858 3775 lilium
901 3717 1302 3773 adolescentem
1337 3727 1367 3765 a
1403 3709 1658 3764 Barbaris
1691 3705 2099 3776 grassatoribus

521 3815 903 3882 interemptum
929 3852 945 3876 ,
987 3818 1048 3862 ut
1093 3803 1409 3878 praefertur,
1461 3815 1585 3856 cum
1639 3799 1960 3868 accepisset,
1990 3812 2098 3852 non

520 3907 858 3962 muliebriter
885 3902 1100 3973 ejulans
1147 3911 1274 3952 eum
1323 3893 1562 3957 deflevit,
1596 3893 1690 3948 sed
1739 3891 1850 3947 Deo
1898 3891 2102 3962 gratias

522 4014 712 4072 agens,
751 3999 927 4067 deque
958 3993 1131 4064 ipsius
1179 3991 1354 4047 salute
1383 4003 1599 4052 secura,
1627 4000 1815 4041 necem
1840 3985 1984 4039 illius
2014 3997 2104 4053 ge-

521 4107 716 4146 nerose
746 4087 1017 4152 toleravit,
1063 4093 1119 4140 et
1165 4082 1271 4139 sibi
1301 4082 1480 4152 potius
1509 4078 1778 4150 gratulata
1809 4086 1913 4140 est,
1945 4085 2104 4129 tunc-

519 4201 628 4255 que
671 4185 822 4238 illius
851 4180 1100 4249 exemplo
1127 4193 1184 4234 se
1233 4184 1592 4234 commotum,
1625 4173 1939 4242 pudoreque
1971 4183 2104 4223 con-

521 4277 706 4332 fusum
771 4275 1010 4328 erexisse
1091 4271 1336 4323 animum
1421 4265 1716 4320 conlitetur
1787 4260 1984 4326 Nilus,
2049 4267 2104 4314 et

521 4369 819 4422 maximum
859 4365 1104 4418 levamen
1158 4371 1322 4430 atque
1351 4353 1608 4414 solatium
1629 4354 1753 4408 inde
1775 4351 2100 4422 percepisse.

519 4458 677 4514 Certe
703 4458 750 4512 si
777 4457 968 4511 eodem
1017 4461 1264 4522 tempore
1316 4446 1676 4519 superfuisset
1719 4445 1962 4514 ejusdem
1993 4440 2098 4496 Nili
2133 4447 2174 4501 ι)

521 4551 744 4614 coniux,
779 4557 834 4601 et
861 4546 992 4606 lilia,
1023 4543 1292 4613 potuisset
1317 4540 1386 4594 ad
1431 4539 1553 4592 illas
1597 4535 1984 4605 apostrophen,
2016 4532 2102 4588 vel

522 4637 742 4708 aliquod
810 4637 1168 4704 epiphonema
1237 4631 1474 4698 dirigere
1517 4643 1531 4680 :
1575 4640 1644 4679 an
1697 4625 1827 4694 quia
1874 4631 2104 4678 mortuae

523 4729 728 4784 tnuutdo
755 4735 934 4791 erant,
971 4726 1161 4788 tacuit,
1192 4739 1260 4777 an
1295 4729 1516 4792 propter
1543 4718 1722 4772 illatas
1746 4718 1858 4789 jam
1885 4731 2100 4780 causas,

521 4821 810 4891 acquanimi
859 4820 1074 4876 lectoris
1105 4817 1210 4872 erit
1245 4815 1555 4870 arbitrium.

593 4934 857 4988 Memorat
887 4948 1051 5003 porro
1083 4929 1258 4995 Nilus,
1299 4931 1451 4985 hisce
1490 4931 1693 4985 nuntiis
1741 4928 1977 4986 cladium
2007 4941 2105 4980 au-

522 5029 649 5083 ditis
705 5027 1028 5080 convenisse
1101 5023 1468 5085 Pharanitas,
1521 5023 1811 5092 visumque
1866 5019 2102 5075 consilio

526 5137 633 5176 non
687 5119 1148 5176 dissimulandum
1215 5114 1360 5172 istud
1415 5117 1716 5187 flagitium,
1775 5113 2106 5182 silentioque

525 5212 836 5282 tegendum,
875 5211 986 5264 imo
1014 5211 1122 5280 regi
1147 5209 1512 5265 Barbarorutn
1571 5217 1762 5265 contra
1802 5206 1980 5262 fiedus
2023 5215 2106 5260 at-

523 5312 790 5357 tuntatum
833 5301 1017 5356 scelus
1045 5301 1490 5372 significandum,
1521 5300 2102 5369 conquerendumqne,

525 5407 585 5450 ut
623 5397 813 5450 saltem
855 5395 1231 5450 inhibercntur
1279 5395 1418 5451 fre-da
1460 5397 1564 5450 ista
1610 5393 1897 5448 latrocinia
1942 5393 2101 5447 deiu-

525 5503 684 5557 ceps;
720 5489 981 5543 miserunt
1005 5489 1164 5555 igitur
1189 5485 1336 5543 cives
1355 5487 1430 5541 illi
1458 5487 1597 5542 duos
1627 5487 2097 5551 hemerodromos,

527 5577 582 5629 id
620 5585 721 5638 est,
753 5593 1004 5632 cursores
1035 5577 1263 5631 diurnos
1309 5575 1604 5646 puberibus
1649 5575 1967 5636 adultiorcs,
2011 5575 2106 5644 qui

529 5666 713 5720 ferunt
763 5671 866 5722 tela
911 5679 964 5726 et
985 5669 1226 5728 hastilia.
1273 5677 1333 5722 ut
1369 5667 1530 5736 figant
1577 5667 1739 5730 feras,
1785 5675 1836 5722 et
1873 5668 2102 5728 silicem,

531 5755 615 5809 vel
639 5755 924 5824 igniarium
947 5775 976 5814 c
1013 5760 1182 5826 silice,
1234 5758 1507 5828 ferroque,
1541 5773 1662 5829 quae
1701 5757 1889 5814 collisa
1925 5759 2102 5828 ignem

2195 3159 2674 3236 computabttntur,
2699 3174 2754 3221 et
2779 3165 3114 3234 reliquorum
3139 3163 3536 3218 novemdecim
3575 3165 3776 3216 nonum

2195 3259 2374 3315 Fastis
2421 3260 2681 3328 inscripta
2727 3258 3046 3314 crelestibus
3107 3257 3258 3312 velut
3307 3257 3684 3311 adauctorum
3739 3270 3778 3311 et

2197 3361 2580 3408 coronatorum
2611 3351 3014 3406 venerabimur.

2265 3444 2621 3502 Commodum
2657 3457 2784 3500 ecce
2820 3440 2940 3496 Nilo
2993 3443 3208 3496 Pharan
3261 3440 3650 3510 regredieotc,
3679 3441 3784 3494 red-

2197 3545 2331 3591 eunt
2387 3551 2512 3590 cum
2555 3533 2760 3590 litterisl
2797 3533 2964 3602 reguli
2999 3532 3390 3594 Barbarorum,
3427 3530 3783 3585 Hemerodra—

2199 3630 2272 3684 mi
2317 3645 2348 3684 a
2373 3627 2690 3684 Pharanitis
2719 3627 2785 3700 ad
2827 3627 2978 3680 illum
3009 3625 3184 3688 missi,
3225 3635 3279 3680 et
3316 3627 3387 3679 ad
3421 3641 3628 3696 pacem
3669 3643 3780 3678 cou-

2202 3721 2560 3788 ﬁrmandam,
2629 3735 2858 3790 quinque
2909 3729 3066 3790 capta
3122 3719 3340 3774 fuerant
3413 3721 3780 3780 restituenda,

2201 3813 2537 3881 aediumque
2581 3812 2876 3878 ultionem,
2933 3826 3001 3864 ne
3047 3809 3382 3864 commercia
3441 3811 3782 3866 solverentur

2202 3921 2262 3962 se
2313 3906 2534 3975 regulus
2587 3904 2845 3959 offerebat
2903 3903 3014 3956 illis
3077 3913 3422 3972 promptum.
3489 3901 3783 3957 Remittunt

2202 4009 2448 4052 oratores
2473 4011 2600 4052 cum
2634 3996 2790 4049 donis
2825 3995 3129 4050 Pharanttae
3158 3995 3224 4048 ad
3249 3993 3520 4048 eumdem
3555 3995 3780 4064 regulum

2203 4091 2589 4154 Barbaroru—m,
2631 4089 2722 4158 qui
2755 4087 2986 4142 libenter
3036 4095 3346 4157 argentatas
3385 4086 3634 4141 audiunt
3671 4104 3780 4155 que-

2204 4181 2484 4247 rimonias,
2511 4189 2567 4235 et
2606 4189 2730 4234 ante
2757 4193 2988 4249 quorum
3023 4178 3286 4248 principis
3315 4176 3526 4232 faciem
3575 4193 3776 4230 uiuum

2204 4273 2437 4344 spatium
2495 4272 2721 4334 faciunt,
2783 4271 3200 4326 Proverbiorum
3249 4285 3410 4336 xvtn,
3475 4270 3574 4333 16,
3617 4279 3674 4323 ut
3715 4277 3779 4322 est

2203 4381 2364 4420 omne
2409 4365 2774 4419 Barbarorum
2813 4379 2986 4433 genus
3023 4361 3346 4433 φιλόδωρον,
3383 4362 3486 4415 καὶ
3545 4363 3782 4431 φιλοχᾳή-

2203 4475 2392 4530 ματον,
2423 4473 2490 4512 ex
2521 4455 2795 4512 llerodian
2831 4456 2884 4509 in
2928 4453 3139 4518 Seven,
3169 4453 3221 4508 id
3245 4463 3354 4518 est,
3388 4468 3596 4510 amans
3629 4455 3782 4509 donu-

2201 4567 2324 4605 rum
2377 4559 2434 4605 et
2461 4550 2842 4621 pecuniarum.
2873 4547 3256 4618 Peregrinatur
3299 4563 3430 4602 cum
3479 4551 3784 4603 oratoribus

2204 4643 2310 4698 illis
2350 4643 2416 4697 ad
2465 4653 2719 4698 octavum
2764 4655 2937 4711 usque
2981 4641 3124 4694 diem
3169 4636 3369 4704 Nilus;
3411 4655 3546 4694 nam
3593 4643 3662 4695 ad
3701 4641 3784 4694 huc

2203 4739 2308 4792 iter
2337 4737 2738 4792 conficiendum
2771 4735 3058 4792 duodecim
3102 4742 3220 4787 erat
3248 4734 3448 4789 diebus
3499 4749 3676 4803 Opus;
3721 4735 3782 4786 12-

2203 4831 2496 4887 borabatur
2543 4831 2596 4883 in
2626 4829 2815 4884 eodem
2857 4843 3012 4895 aqua:
3050 4827 3298 4896 penuria,
3327 4827 3426 4880 sed
3461 4826 3598 4882 fons
3623 4829 3786 4898 proxi~

2205 4939 2327 4978 mus
2357 4925 2680 4992 sperabatur
2721 4935 2752 4974 a
2783 4920 3115 4985 sitientibus,
3149 4927 3204 4974 et
3237 4919 3640 4986 indicabatur;
3675 4932 3782 4974 tunc

2203 5015 2383 5080 Nilus,
2445 5023 2559 5068 tam
2621 5013 2896 5068 debilitate
2975 5012 3388 5082 sencctutisque
3451 5011 3782 5066 inﬁrmitate.

2205 5124 2368 5178 quam
2414 5107 2566 5178 gravi
2609 5107 2874 5161 modestia
2909 5105 3240 5172 retardante,
3273 5105 3354 5158 uti
3382 5105 3504 5172 jam
3551 5105 3782 5158 animad-

2205 5202 2362 5266 verti,
2419 5200 2680 5270 nequibat
2737 5199 2958 5270 assequi
3011 5199 3238 5254 comites
3291 5213 3360 5253 eo
3413 5199 3780 5254 convolantes.

2205 5311 2518 5365 quanquam
2547 5293 2749 5348 virium
2781 5293 2915 5348 satis
2938 5294 3236 5348 etiamnum
3264 5291 3438 5362 jactat
3463 5293 3576 5346 sibi
3611 5308 3782 5359 snper-

2209 5388 2376 5444 fuisse
2407 5387 2652 5456 lingenti,
2685 5403 2750 5441 ac
2775 5389 3128 5456 praesumenti
3159 5395 3512 5456 reperturum
3541 5401 3602 5440 se
3621 5383 3782 5438 Theo-

2205 5481 2392 5535 dulum
2427 5481 2598 5536 lilium
2652 5496 2836 5542 suum,
2859 5491 2913 5534 et
2943 5480 2996 5534 id
3027 5457 3398 5549 (ιιιίειόἰι-ἱξιιιη
3443 5478 3652 5531 fontem
3687 5477 3778 5528 dif-

2209 5573 2312 5628 fusi
2339 5573 2559 5628 llurbari
2584 5583 2762 5640 erant,
2785 5584 2840 5628 et
2871 5589 3000 5628 vero
3023 5574 3202 5626 Nilum
3235 5571 3382 5625 illico
3407 5571 3460 5624 hi
3487 5581 3780 5640 raptarent,

2208 5683 2334 5718 mox
2383 5667 2708 5723 dimiserunt
2769 5668 3030 5721 militibus
3085 5667 3240 5724 visis.
3303 5673 3358 5718 et
3415 5679 3478 5718 se
3511 5665 3566 5716 in
3615 5663 3778 5730 fugam

2208 5757 2490 5816 dederunt.
2553 5758 2800 5816 Perrexit
2856 5761 3020 5832 igitur
3096 5773 3222 5814 cum
3300 5757 3618 5823 militibus,
3661 5769 3778 5826 qu-
