3852 6052
122 239 266 306 1417
1438 241 1537 301 DE
1576 240 1697 302 VIT

1804 239 1849 300 5.
1890 239 2073 298 NlLl.
3233 231 3373 297 1418
3404 288 3417 309 ,

114 350 738 427 triduoqne‘pervenit
791 348 947 409 Nilus
1005 352 1061 407 in
1124 358 1306 408 castra
1364 350 1536 421 reguli
1587 351 1713 404 bar-
1740 353 1787 413 Α
1816 346 2155 415 tempestive,
2180 346 2251 399 ita
2280 353 2485 400 uteum
2515 343 2763 416 persequi
2790 343 3007 419 barbari
3032 342 3373 413 nequiverint

112 441 394 498 barorum
479 444 797 510 Ammanis,
880 445 974 514 qui
1060 445 1289 500 comiter
1376 458 1442 498 ac
1516 442 1717 511 perbu-
1813 448 2034 509 propter
2062 440 2292 509 spatium
2320 441 2601 510 temporis,
2624 456 2690 495 ex
2720 455 2829 508 quo
2856 439 3080 505 abierat,
3108 448 3161 492 et
3192 437 3371 491 incer-

112 535 367 591 maniter
422 550 515 592 eos
575 538 807 607 excepit.
878 537 1172 606 Diligenter
1237 536 1311 591 ibi
1374 534 1532 590 Nilus
1589 550 1715 605 per-
1812 538 1929 585 tum
1958 532 2077 597 viae,
2102 547 2263 601 quam
2304 531 2593 601 delegerat.
2619 531 2737 603 Ego
2773 547 2901 586 vero
2935 531 3215 602 (ait),cnm
3252 530 3375 600 plu‘

114 633 414 680 scrutatur
467 625 534 680 de
586 625 719 690 filio,
762 626 1110 681 rumusculos
1160 639 1350 679 omnes
1397 636 1710 696 aucupans,

114 715 294 787 689
332 716 666 788 tandemque
709 735 740 773 a
792 718 1080 789 pluribus,
1134 718 1301 772 etiam
1352 715 1711 786 jurejurando

117 806 385 873 praestita
423 805 837 874 afﬁrmantibus,
868 806 1258 877 agnosciteum
1290 805 1493 870 vivere,
1521 803 1710 858 diven-

114 894 418 967 ditumque
446 897 660 952 cuidam
696 898 838 969 apud
869 896 1086 951 Elusam
1112 896 1336 961 urbem;
1370 909 1605 965 cumque
1629 893 1708 948 illi

118 988 509 1055 hortarentur,
540 998 600 1044 ut
628 1004 693 1045 eo
719 1004 777 1044 se
802 988 1098 1053 conferret,
1121 986 1266 1041 haud
1304 987 1467 1042 dubie
1508 986 1709 1057 quippe

116 1079 196 1134 ibi
223 1094 364 1134 eum
401 1081 678 1136 inventum
710 1080 814 1145 iri;
836 1094 961 1135 cum
988 1078 1202 1134 duobus
1230 1077 1331 1132 viae
1361 1077 1552 1147 peritis
1575 1074 1705 1129 Elu-

118 1184 243 1224 sam
282 1169 695 1239 proficiscitur;
732 1168 788 1223 in
810 1170 897 1223 via
923 1166 1148 1222 offendit
1173 1164 1326 1221 Nilus
1358 1179 1520 1235 quem
1547 1164 1704 1219 vide-

115 1266 201 1312 rat
226 1260 416 1313 virum
444 1258 578 1314 alias
604 1258 770 1313 Elusa
801 1272 1099 1319 reversum,
1127 1269 1413 1325 agasonem
1444 1254 1703 1307 nimirum

115 1360 451 1419 sequentem
473 1351 721 1419 jumenta
744 1359 962 1413 onusta,
988 1347 1080 1412 qui
1103 1348 1342 1418 agnitum
1363 1344 1703 1400 familiariter

113 1439 304 1496 Nilum
363 1442 656 1512 appellans,
690 1442 912 1496 eductas
947 1457 976 1495 e
999 1440 1251 1509 pharetra
1282 1439 1489 1494 litteras
1515 1436 1701 1491 reddi-

1813 624 1951 678 rima
1986 623 2176 678 mortis
2208 624 2386 694 imago
2413 623 2574 677 menti
2602 638 2734 677 mea:
2763 623 3160 686 obversaretur,
3203 622 3370 693 gemi-

1809 717 2003 769 nabam
2044 715 2109 769 ad
2153 714 2484 769 Altissimum
2518 729 2706 783 preces
2731 713 2896 785 690
2923 728 3091 777 meas,
3123 721 3178 767 et
3213 728 3370 782 opem

1809 805 1930 875 ejus
1959 807 2314 877 implorabant
2344 805 2456 875 spei
2480 813 2693 875 plenus,
2720 820 2787 862 ne
2833 820 2992 861 cruor
3027 820 3183 860 meus
3211 806 3369 860 inno-

1808 912 1948 954 cuus
2001 908 2055 953 et
2081 898 2334 952 innoxius
2356 896 2691 952 dtemonibns
2734 895 2962 967 impuris
2998 895 3278 958 libaretur,
3317 903 3372 950 et

1808 999 1978 1054 astro,
2009 1003 2105 1045 seu
2151 989 2390 1060 maligno
2432 989 2643 1058 spiritui
2693 987 3044 1043 obscenitatis
3090 1002 3152 1042 ac
3190 987 3371 1042 libidi-

1807 1080 1895 1135 nis
1933 1081 2258 1137 administro
2283 1118 2299 1145 ,
2346 1080 2601 1152 virgineae
2642 1096 2775 1135 mea:
2810 1080 2992 1135 carnis
3025 1079 3181 1134 nidor
3227 1087 3373 1135 esset

1804 1172 2151 1228 oblectationi
2180 1172 2530 1227 vehementer
2548 1173 2870 1244 efflagitans.
2892 1170 3029 1227 Ecce
3061 1168 3368 1235 proditLu-

1804 1265 1940 1340 cifer
1964 1281 2129 1335 super
2163 1265 2444 1320 horizonta
2476 1264 2647 1319 fausta
2689 1266 2827 1327 luce,
2860 1280 2943 1318 me
2977 1264 3242 1332 supplicio
3261 1273 3368 1318 tam

1803 1357 2147 1413 exsecrando
2176 1359 2444 1422 eximens,
2494 1357 2651 1428 quasi
2698 1356 2807 1410 Deo
2842 1356 3206 1426 praecipiente,
3242 1370 3370 1424 pro-

1799 1462 1999 1517 perans
2024 1447 2116 1502 illa
2153 1447 2326 1512 stella,
2371 1456 2431 1501 ut
2476 1463 2575 1518 ego
2621 1447 2885 1501 nescirem
2920 1460 3198 1512 occasum,
3245 1461 3367 1501 sur-

113 1534 216 1599 dit,
256 1534 522 1605 bonoque
554 1536 738 1589 animo
770 1549 891 1590 esse
944 1534 1121 1603 ipsum
1165 1533 1351 1602 jussit,
1396 1532 1479 1584 ὅτι
1518 1529 1626 1601 γὰρ
1669 1529 1700 1581 ὀ
1799 1548 1930 1609 gunt
1955 1546 2008 1595 et
2053 1549 2176 1594 orto
2210 1541 2321 1609 jam
2378 1539 2490 1594 sole
2544 1539 2784 1604 barbari,
2828 1539 2942 1609 ejus
2980 1527 3272 1608 'Splendorc
3307 1553 3371 1593 ac

114 1626 430 1697 πριάμενος
498 1626 612 1680 υἱόν
677 1642 770 1679 σου
823 1625 842 1692 (
857 1624 1041 1691 aiens)
1095 1624 1211 1678 ἐστὶ
1267 1621 1409 1677 κατὰ
1467 1619 1697 1693 Χριστὸν

1804 1630 1992 1699 iubare
2032 1631 2357 1701 perturbati,
2388 1633 2514 1702 quia
2545 1632 2842 1702 legitimum
2886 1630 3371 1703 praescriptumque

114 1717 281 1772 Θειων
352 1718 666 1791 μυστηρίων
698 1719 908 1789 ἱερεύς,
938 1716 1186 1788 quoniam
1212 1716 1300 1783 qui
1337 1714 1509 1783 ﬁlium
1557 1721 1697 1766 tuum

1806 1721 2059 1776 sacrificii
2088 1731 2304 1793 tempus
2326 1722 2626 1788 efﬂuxerat,
2662 1738 2856 1792 meque
2891 1722 3219 1778 assidentem
3272 1737 3370 1792 pe—

112 1809 285 1871 emit,
326 1819 407 1864 est
456 1810 744 1864 secundum
793 1809 1061 1865 Christum
1097 1808 1394 1861 divinorum
1458 1803 1702 1859 sacerdos

120 1903 540 1974 mysteriorum;
575 1910 629 1957 et
671 1901 816 1957 filius
842 1901 1040 1956 dicitur
1066 1899 1218 1955 obire
1255 1896 1443 1952 munia
1470 1896 1526 1950 in
1556 1895 1705 1950 ordi-

75 2050 82 2058 ,
114 2012 183 2050 ne
216 2004 444 2051 sacrato
479 2009 655 2065 usque
686 1993 752 2049 ad
781 1993 957 2064 prima
997 1991 1347 2048 ostiariorum
1398 1988 1702 2044 ministeria

115 2087 355 2143 fidenter
404 2095 694 2158 provectus
718 2124 734 2151 ,
782 2099 1032 2155 magnam
1078 2098 1208 2139 vero
1246 2082 1488 2138 studiose
1526 2096 1700 2152 spem,

116 2194 285 2233 nemo
338 2188 401 2234 ut
446 2178 704 2249 majorem
752 2177 1037 2234 ostentarit
1071 2215 1089 2241 ,
1136 2175 1389 2231 exhibere
1448 2189 1702 2245 progres-

114 2285 235 2337 sus,
281 2288 352 2327 ac
400 2272 550 2327 brevi
597 2281 841 2342 tempore
885 2271 1104 2325 multam
1156 2268 1377 2347 virtutis
1418 2267 1701 2336 experien-

118 2364 251 2418 tiam
300 2370 574 2434 praabere,
615 2372 669 2418 et
714 2363 783 2417 ab
813 2362 1065 2416 omnibus
1110 2360 1379 2415 faventem
1424 2357 1567 2413 ferre
1591 2357 1703 2412 cal-

114 2457 330 2521 culum,
368 2455 514 2525 quod
565 2455 671 2509 illis
717 2455 788 2509 sit
834 2468 1157 2523 persuasum
1203 2453 1273 2506 ob
1311 2465 1527 2505 morum
1572 2465 1699 2519 pro-

118 2546 355 2602 bitatem
385 2546 662 2610 idoneum,
690 2553 750 2599 ut
780 2544 846 2598 ad
880 2544 1023 2599 hunc
1056 2543 1283 2613 gradum
1310 2532 1696 2595 'extolleretur.

121 2633 302 2705 (Urbs
332 2648 419 2692 est
442 2636 603 2692 Elusa
629 2636 761 2691 olim
786 2636 1001 2691 Arabiae
1026 2652 1043 2703 ;
1070 2635 1163 2689 sed
1194 2641 1379 2704 postea
1403 2631 1702 2701 imperante

115 2727 442 2784 Justiniano
488 2727 794 2786 Palaestinae
841 2729 1013 2784 tertite
1052 2726 1155 2782 fuit
1192 2725 1446 2793 ascripta,
1475 2723 1701 2793 ejusque

116 2830 358 2877 sanctus
382 2820 747 2894 Hieronymus
786 2823 841 2877 in
876 2822 998 2876 Vita
1034 2820 1211 2876 sancti
1251 2818 1546 2872 Hilarionis
1580 2830 1696 2872 me-

116 2912 338 2983 minit.)
370 2912 496 2968 lniit
524 2929 653 2985 ergo
672 2912 885 2968 tandem
908 2912 1125 2967 Elusam
1156 2908 1310 2965 Nilus
1339 2909 1695 2974 exhilaratus,

117 3015 291 3076 atque
321 3007 506 3061 laetitia
551 3006 820 3072 difﬂuens,
857 3007 990 3060 adiit
1020 3004 1342 3069 Ecclesiam,
1378 3002 1446 3057 τὰ
1495 3004 1698 3074 τέμενα

118 3098 218 3152 τοῦ
243 3098 407 3160 Θεοῦ.
437 3100 637 3170 gratias
665 3098 903 3154 referens
924 3096 1073 3154 O.M.
1103 3096 1214 3152 Deo
1240 3111 1350 3152 non
1379 3097 1495 3151 sine
1527 3096 1701 3167 lacry-

121 3190 256 3253 mis,
297 3205 438 3260 quas
476 3190 733 3260 gaudium
761 3189 959 3253 ciebat,
992 3188 1278 3244 deducitur
1308 3190 1525 3241 domum
1547 3225 1562 3250 ,
1606 3186 1700 3242 ubi

121 3279 275 3335 filius
301 3288 440 3344 erat,
467 3295 498 3334 a
533 3279 719 3334 multis
759 3278 1189 3344 collectantibus;
1229 3286 1285 3332 at
1318 3278 1461 3331 filius
1506 3274 1699 3330 obvius

120 3373 270 3441 patri
299 3373 564 3443 procedit,
602 3380 808 3443 patrem
842 3372 932 3426 vix
947 3372 1192 3442 agnoscit
1210 3379 1430 3441 propter
1461 3384 1696 3435 comam,

124 3481 298 3534 quam
330 3463 469 3521 forte
498 3465 840 3536 promiserat,
868 3474 922 3521 et
944 3475 1119 3521 vestes
1150 3463 1415 3529 sordidas,
1440 3462 1701 3532 collacry-

122 3566 353 3612 mantur
372 3557 553 3619 ambo,
577 3566 865 3627 postquam
888 3565 1041 3626 pater
1078 3556 1270 3609 defixis
1299 3555 1352 3607 in
1375 3554 1541 3607 filium
1570 3566 1700 3605 ocu-

123 3649 214 3714 lis,
254 3663 432 3717 eoque
463 3649 747 3703 confestim
790 3650 995 3718 agnito,
1043 3657 1249 3701 tantum
1284 3647 1541 3715 gaudium
1566 3660 1699 3699 con-

120 3740 312 3808 cipere
333 3736 517 3790 animo
538 3751 647 3791 non
677 3738 881 3802 valens,
913 3737 1148 3791 concidit
1173 3736 1420 3791 resolutis
1449 3734 1695 3799 artubus,

122 3839 179 3882 et
231 3827 508 3883 exanimis
546 3828 804 3894 creditus,
834 3842 865 3882 a
892 3825 1004 3882 filio
1032 3827 1371 3896 amplexante
1400 3831 1696 3891 recreatus,

122 3932 180 3976 et
218 3930 455 3986 erectus,
486 3920 576 3974 diu
600 3935 785 3975 vocem
814 3935 919 3973 non
948 3920 1169 3986 invenit,
1202 3928 1255 3973 et
1281 3934 1379 3989 pro
1404 3918 1583 3973 verbis
1613 3918 1696 3973 la-

123 4029 347 4084 crymas
363 4013 712 4084 loquebatur,
741 4014 957 4069 tandem
978 4012 1148 4067 filium
1172 4013 1411 4067 vicissim
1443 4012 1696 4081 amplexu

124 4106 439 4161 arctissimo
465 4107 864 4176 constringens,
892 4104 1130 4174 exquirit
1168 4104 1530 4159 narrationem
1561 4103 1696 4158 lihe-

124 4196 361 4250 rationis
385 4211 518 4263 suae,
565 4204 829 4268 rogatque
873 4197 1075 4266 ipsum,
1108 4204 1168 4250 ut
1197 4211 1317 4250 eam
1356 4202 1691 4265 percenseat.

198 4288 390 4345 Paruit
412 4289 534 4347 Nilo
563 4290 898 4357 Theodulus,
938 4305 1274 4360 casuumque
1315 4291 1509 4345 seriem
1549 4289 1695 4344 ordi-

1726 3060 1774 3123 C

1805 1813 2053 1868 ctinatim
2082 1823 2350 1870 consertis
2389 1814 2595 1885 digitis,
2629 1824 2759 1879 etc.,
2796 1830 3022 1884 meaque
3059 1814 3368 1884 amplexum

1805 1918 2001 1972 genua,
2022 1916 2075 1961 et
2106 1906 2451 1960 manantibus
2493 1905 2720 1961 ubertim
2766 1905 3022 1977 lacrymis
3065 1906 3221 1961 sinus
3266 1905 3370 1958 imo

1804 1996 2061 2066 plentem,
2110 1997 2517 2071 interrogarunt
2545 1998 2611 2054 de
2652 2014 2810 2055 servo
2840 1999 2953 2062 illo,
2982 2014 3141 2069 quem
3170 1997 3370 2053 frustra

1804 2088 2202 2156 requisierant;
2240 2090 2332 2145 sed
2364 2105 2489 2145 cum
2526 2105 2613 2145 me
2648 2090 2781 2161 ipsis
2812 2090 3108 2146 adhaesisse
3139 2106 3371 2161 respon-

1803 2180 2025 2246 dissem,
2060 2198 2160 2238 nec
2184 2200 2292 2254 quo
2323 2184 2650 2253 perrexisset
2684 2185 2825 2240 scire
2860 2184 2970 2238 ullo
2999 2184 3160 2239 modo
3203 2199 3372 2241 nove-

1803 2281 1949 2337 runt,
1983 2283 2262 2343 parcentes
2289 2275 2525 2344 corpori,
2560 2276 2834 2346 vitamque
2858 2275 3197 2346 indulgentes
3230 2276 3373 2333 hanc

1802 2362 2003 2418 fluxam
2056 2374 2112 2420 et
2144 2364 2427 2431 caducam,
2462 2368 2699 2422 animam
2727 2368 2907 2423 conati
2938 2375 3067 2422 sunt
3100 2367 3370 2437 occidere,

1807 2470 1871 2511 ac
1903 2466 2162 2512 teternam
2187 2474 2380 2529 rapere
2410 2461 2890 2515 immortalitatem.
2936 2459 3230 2516 Jusserunt
3262 2461 3369 2516 ita-

1805 2562 1912 2616 que
1934 2564 2021 2604 me
2053 2554 2432 2621 μιαροφαγεῖν,
2474 2552 2527 2607 id
2559 2564 2663 2621 est,
2694 2552 3079 2608 contaminatis
3110 2554 3247 2610 cibis
3276 2569 3373 2609 ve-

1802 2641 1902 2707 sci,
1936 2651 1991 2696 et
2020 2643 2341 2699 mulieribus
2369 2646 2676 2712 colludere;
2710 2646 2805 2702 sed
2837 2645 2934 2701 Dei
2962 2648 3132 2704 fultus
3164 2647 3370 2703 auxilio

1800 2734 2122 2799 contradixi,
2156 2750 2256 2790 nec
2284 2736 2521 2791 obedivi.
2550 2736 2876 2794 Perventum
2905 2739 3141 2810 denique
3167 2739 3234 2795 ad
3252 2740 3371 2795 cul-

1801 2837 1910 2879 tam
1943 2826 2240 2896 regionem,
2276 2843 2343 2883 ex
2388 2826 2478 2882 illa
2514 2829 2806 2884 solitudine
2834 2839 2942 2885 tam
2980 2831 3171 2897 sterili,
3216 2839 3270 2886 et
3301 2830 3370 2886 ad

1799 2917 1998 2973 Sucam
2031 2919 2209 2973 vicum
2241 2930 2549 2976 statuerunt
2576 2937 2663 2977 me
2689 2921 2895 2978 nudum
2930 2938 3098 2994 pr0pe
3130 2932 3366 2994 portam,

1801 3008 2049 3064 venalem
2098 3010 2291 3065 incolis
2326 3024 2761 3082 proposuerunt,
2792 3030 2823 3070 a
2858 3015 3059 3085 quibus
3102 3030 3229 3071 cum
3260 3015 3370 3072 duo

1802 3109 2012 3156 tantum
2040 3102 2192 3158 aurei
2214 3102 2411 3161 offerre
2431 3116 2559 3161 titur
2602 3122 2702 3177 pro
2730 3109 2925 3178 pretio,
2952 3108 3367 3180 indignahundi,

1801 3191 2050 3248 strictum
2078 3195 2315 3264 gladium
2365 3197 2656 3255 identidem
2689 3199 2879 3273 jugulo
2910 3216 3033 3256 meo
3073 3201 3367 3258 admoven-

1799 3292 1903 3350 tes,
1932 3297 2202 3356 caputque
2227 3291 2578 3358 amputaturi,
2611 3292 2717 3346 nisi
2748 3292 2872 3361 quis
2904 3309 2992 3348 me
3020 3294 3190 3363 pluris
3222 3310 3369 3349 mer~

1799 3382 2050 3439 caretur;
2087 3375 2200 3443 ipse
2244 3375 2377 3432 ﬂens
2427 3379 2647 3432 orabam
2698 3390 3059 3447 mercatores,
3096 3399 3128 3440 e
3165 3384 3367 3454 quibus

1799 3461 1997 3530 aliquis
2035 3464 2310 3530 misertus,
2366 3466 2451 3520 vix
2483 3483 2569 3520 me
2595 3467 2859 3524 addicens
2895 3471 3143 3539 redemit,
3174 3474 3242 3528 ab
3271 3490 3367 3531 eo-

1798 3568 1905 3622 que
1933 3568 2059 3607 mox
2088 3554 2269 3621 isthic,
2296 3556 2476 3613 Elusa:
2509 3576 2723 3630 nempe,
2743 3562 2796 3617 in
2831 3563 2933 3618 alia
2970 3567 3157 3621 mundi
3186 3567 3365 3624 natio~

1798 3655 1868 3695 ne
1896 3640 2192 3699 distractus
2220 3644 2321 3699 fui.
2364 3645 2489 3703 Haec
2518 3650 2746 3705 audiens
2777 3663 2932 3723 pater
2961 3655 3150 3711 dolore
3182 3658 3362 3713 disse-

1797 3733 2051 3803 cabatur;
2086 3736 2291 3794 idcirco
2318 3755 2385 3795 ne
2410 3742 2668 3812 gaudium
2695 3744 2815 3815 ejus
2846 3759 3238 3818 corrumperet,
3261 3751 3363 3805 oh-

1798 3828 2149 3899 turbaretque
2174 3846 2365 3888 rursus
2410 3843 2695 3904 paternum
2728 3839 2994 3905 animum,
3049 3840 3364 3900 Theodulus

1798 3919 1960 3975 finem
1992 3922 2205 3977 dicendi
2234 3923 2380 3990 fecit,
2424 3935 2740 3998 patremque
2775 3935 3114 3989 commonuit
3158 3944 3217 3988 ut
3248 3936 3362 4004 glo-

1795 4010 1931 4065 riam
1968 4011 2077 4067 Deo
2131 4015 2443 4087 gratiasque
2471 4017 2689 4075 offerret
2718 4037 2817 4091 pro
2840 4033 2948 4078 tam
2973 4025 3169 4094 insigni
3198 4027 3363 4082 bene-

1798 4101 1941 4156 ficio.

1864 4193 2113 4265 Regessit
2156 4196 2309 4256 Nilus
2341 4203 2553 4257 vovisse
2596 4202 2965 4276 Omnipotenti
2998 4225 3057 4266 se
3104 4209 3195 4266 illo
3222 4210 3359 4282 ipso,

1794 4301 1903 4355 quo
1947 4286 2261 4346 Theodulus
2317 4295 2723 4362 periclitabatur
2764 4310 3040 4369 tempore,
3090 4304 3362 4375 tantisque

124 4393 217 4439 tur
247 4384 317 4438 ab
340 4385 447 4450 his,
478 4385 533 4439 in
565 4386 763 4454 quibus
798 4384 1113 4457 Magadonis
1146 4400 1337 4440 servus
1357 4383 1479 4452 fuga
1508 4383 1694 4450 lapsus
1723 4408 1769 4465 Β
1797 4378 2206 4437 conflictabatur
2238 4388 2515 4453 :erumnis,
2553 4389 2598 4442 si
2644 4390 2912 4446 viventem
2937 4393 3113 4464 ipsum
3139 4410 3361 4466 compe-

127 4477 384 4540 desierat,
398 4492 624 4547 quaeque
643 4478 891 4533 retulisse
910 4477 1205 4548 praesumit,
1227 4478 1416 4531 nolens
1453 4485 1693 4545 repetere

125 4578 207 4623 tot
236 4569 573 4635 discrimina,
608 4586 728 4640 qua:
770 4570 1076 4625 molestiam
1129 4568 1481 4632 facesserent,
1519 4582 1695 4638 neque

125 4658 371 4715 dolorem
394 4675 677 4726 renovare,
702 4663 1031 4732 taediumque
1057 4660 1247 4716 afferre
1269 4663 1466 4716 denuo.
1499 4658 1692 4715 Parata

126 4749 347 4820 (inquit)
377 4760 533 4806 erant
569 4752 771 4817 omnia,
796 4761 857 4806 ut
876 4752 1114 4806 diluculo
1137 4763 1487 4821 perageretur
1520 4752 1691 4806 sacri-

126 4840 313 4896 licium
349 4851 498 4897 astro
543 4842 833 4909 matutino,
874 4852 928 4897 et
974 4852 1099 4897 tuus
1129 4842 1441 4898 Theodulus
1489 4843 1689 4898 inuno-

125 4929 322 4989 landus
352 4933 407 4989 in
430 4944 682 5006 promptu
718 4933 888 4989 Deum
925 4934 1210 5000 invocans,
1238 4946 1300 4989 ut
1344 4950 1469 4990 eum
1500 4934 1693 4990 redde-

127 5032 212 5078 ret
240 5025 449 5094 parenti
484 5026 622 5091 seni,
654 5024 826 5096 πατρὶ
852 5023 1131 5099 πρεσϐύτῃ
1159 5024 1309 5097 (hinc
1338 5033 1554 5082 senecta
1582 5024 1689 5079 Nili

126 5116 302 5186 magis
327 5132 392 5172 ac
423 5118 596 5186 magis
625 5119 1032 5186 comprobatur,
1057 5134 1110 5187 p.
1143 5119 1288 5185 115),
1320 5127 1372 5173 et
1409 5119 1689 5175 confidens

123 5206 337 5275 jacebat
376 5225 578 5279 pronus
623 5210 794 5274 httmi,
837 5210 1151 5280 abjectaque
1184 5210 1343 5276 facie,
1384 5212 1476 5266 sed
1507 5212 1690 5267 animo

127 5311 342 5352 sursum
374 5300 533 5353 elato.
564 5297 888 5353 Constructa
910 5298 1086 5354 fuerat
1113 5299 1181 5354 ab
1223 5299 1330 5355 illis
1366 5300 1522 5368 popis
1549 5300 1690 5355 fera-

131 5384 270 5441 libus
291 5403 407 5451 ara,
449 5386 661 5459 gladius
702 5389 952 5450 nudatus,
1003 5390 1258 5456 libamen,
1291 5389 1496 5459 phiala,
1541 5389 1686 5452 thus,

124 5478 430 5539 adhibenda
467 5470 825 5537 instrumenta
878 5497 987 5536 non
1032 5482 1257 5537 deerant
1311 5483 1376 5536 ad
1427 5496 1687 5537 cteremo-

126 5569 269 5625 niam
297 5582 403 5627 tam
438 5573 728 5641 funestam,
762 5589 885 5629 cum
922 5590 1111 5631 servus
1130 5574 1218 5631 ille
1264 5575 1689 5632 communicavit

129 5660 257 5715 mihi
278 5679 435 5719 suum
464 5665 531 5720 de
560 5666 684 5736 fuga
714 5664 1024 5731 consilium,
1058 5676 1112 5721 et
1132 5667 1281 5722 solus
1307 5683 1424 5723 eam
1455 5670 1688 5741 arripuit

439 5757 710 5820 ΡΑΤιιοι..
753 5760 868 5819 Gn.
912 5759 1173 5822 LXXIX.

1800 4473 1960 4528 risset
1988 4490 2248 4545 unquam,
2279 4477 2521 4532 δουλείαν
2551 4484 2898 4552 ἐγκρατείας,
2934 4488 3028 4541 καὶ
3065 4488 3164 4560 τῆς
3196 4489 3363 4562 ἄλλης

1795 4564 2162 4627 κακοπαθείας
2192 4567 2453 4640 σκληρὰν.
2505 4573 2555 4626 id
2580 4585 2679 4639 est,
2709 4578 3021 4634 servitutem
3055 4588 3363 4652 temperan-

1795 4656 1923 4718 tiae,
1972 4672 2065 4712 seu
2109 4659 2465 4730 jejuniornm,
2518 4681 2580 4720 ac
2622 4667 2994 4738 abstinentiae,
3036 4684 3091 4728 et
3133 4676 3362 4735 alterius

1795 4747 2103 4805 afﬂictionis
2144 4754 2533 4823 austeriorem;
2572 4757 2711 4814 inter
2757 4762 3135 4819 dormiendum
3179 4777 3362 4824 autem

1793 4839 2082 4895 exaudisse
2106 4858 2315 4909 vocem,
2345 4861 2449 4915 qua
2485 4851 2853 4917 spondebatur
2878 4864 3159 4925 acceptum
3190 4857 3363 4914 fuisse

1794 4941 1977 4985 votum
2032 4933 2186 4998 illud,
2226 4936 2588 5011 desideriique
2621 4955 2925 5014 compotem
2967 4963 3087 5004 sese
3124 4948 3280 5016 fore;
3308 4950 3363 5007 id

1792 5024 2011 5092 exsequi
2037 5040 2095 5080 se
2126 5027 2285 5093 velle,
2315 5043 2378 5085 ac
2401 5034 2708 5101 expeditum
2730 5051 2871 5092 esse.

1863 5112 2178 5172 Theodulus
2206 5121 2271 5173 ad
2301 5123 2407 5177 voti
2448 5135 2656 5194 partem
2687 5131 3003 5199 explendam
3029 5133 3246 5190 exhibet
3281 5150 3361 5200 se,

1796 5214 1856 5259 ut
1878 5218 2085 5276 patrem
2111 5211 2389 5282 sublevet;
2425 5219 2706 5274 concludit
2739 5234 2914 5291 pater,
2942 5234 3001 5278 ut
3029 5227 3190 5281 ambo
3229 5242 3359 5297 pro-

1793 5314 1981 5354 missm
2010 5311 2240 5369 starent,
2268 5314 2323 5359 et
2366 5320 2487 5377 qua:
2536 5311 2759 5379 polliciti
2789 5324 3070 5382 voverant,
3112 5315 3359 5371 exsolve-

1793 5400 1936 5446 rent.

1867 5482 2032 5539 Deum
2063 5498 2312 5557 precatus
2333 5489 2507 5555 Nilus,
2553 5506 2603 5549 et
2639 5497 2862 5553 adorata
2893 5499 3144 5557 Numinis
3184 5504 3359 5572 provi-

1789 5574 1970 5631 dentia
2003 5581 2305 5650 subjunxit,
2330 5588 2639 5658 episcopum
2669 5589 2866 5656 Elusre,
2894 5608 3019 5648 cum
3051 5594 3142 5650 diu
3179 5595 3347 5651 fovis-

1791 5678 1874 5723 set
1899 5678 1952 5724 et
1990 5672 2308 5732 detinuisset
2334 5678 2479 5748 ipsos
2504 5682 2644 5748 apud
2669 5698 2727 5739 se
2758 5688 2904 5755 (nam
2934 5684 3188 5758 θεοφιλὴς
3213 5698 3352 5753 erat,
