3852 6052
449 196 584 263 1419
989 219 992 222 λ
1232 195 1375 259 IOS.
1419 196 1682 258 MARI/E
1725 195 1970 258 SUARE

2180 191 2346 259 [BER
2383 195 3015 261 CHRONOLOGICUS
3221 187 3230 194 ’
3569 193 3701 264 L120

447 315 626 373 idest,
656 323 847 367 amans
877 309 972 368 Dei
1012 324 1066 366 et
1099 311 1355 382 proximi,
1396 321 1559 380 atque
1604 311 2016 381 bospltalis)ln-
2045 307 2236 380 A'Jatn
2273 309 2356 382 egi
2397 311 2529 366 satis
2565 311 2630 364 de
2670 310 2916 380 jejunio;
2959 309 3055 364 sed
3102 308 3192 365 hic
3243 309 3566 383 perstringo
3605 325 3699 368 ista

443 407 647 460 vitasse
674 415 734 458 ut
765 419 950 458 secum
991 406 1648 474 permanerentotiiciose,
1698 403 2020 474 promitten-
2121 403 2359 457 breviter
2395 404 2462 458 de
2493 403 2820 457 abstinentia
2855 404 3056 468 carnis,
3083 419 3203 473 .qua
3236 405 3566 475 reprimitur
3593 423 3702 458 m-

444 499 514 552 do
562 497 1010 567 tranquillitatem
1066 511 1328 558 omnem,
1385 498 1686 567 blandaque
1737 499 1965 568 tyrannic

2176 493 2410 564 οδαῑμων
2430 534 2448 559 ,
2491 495 2585 564 qui
2624 494 3002 566 παραπλήσιος
3028 505 3111 550 est
3137 496 3618 568 ὲγγαστριμύθῳ,
3651 499 3697 553 id

443 591 578 661 ipsis
605 592 949 661 impetrasse,
978 589 1071 643 τὸν
1099 589 1267 658 ’ζυγὸν
1301 591 1566 643 ἐπιθεῖναι
1607 590 1697 643 τὸν
1749 583 1964 662 ἱερατικέ

2183 595 2224 652 ι,
2263 587 2466 640 damon
2497 587 2725 652 ventris,
2760 588 2850 657 qui
2876 588 3090 658 vicinus
3117 599 3202 644 est
3221 591 3610 661 ventriloquo;
3641 595 3701 647 de

446 685 522 755 μὴ
560 683 928 754 βουλομένοις,
981 693 1039 738 ut
1073 700 1290 740 sacrum
1320 683 1536 754 jugum,
1569 699 1884 755 quanquam
1917 686 1967 741 dt

2177 679 2497 735 irthusianis
2547 682 2722 735 sancti
2770 680 3078 748 Brunonis,
3111 683 3204 752 qui
3255 683 3698 738 anachoreticam

443 774 801 829 tractantibus
854 774 1192 848 imponeret;
1233 775 1462 842 denique
1513 775 1732 840 ambos,
1788 777 2021 831 remisso
2117 771 2286 824 vitam
2313 772 2367 825 in
2395 755 2687 827 Occidente
2723 775 3024 841 renovavit,
3057 773 3319 842 alumnis,
3354 777 3570 844 quique
3593 791 3704 844 per-

442 870 593 940 prius
615 868 882 924 Theoduli
907 870 1098 940 pretio,
1125 870 1394 923 etdonato
1427 869 2058 940 liberaliter.omuiquc'
2119 872 2282 932 Ρθιιιο
2334 865 2613 920 abstinent
2663 866 2732 920 ab
2777 883 2874 921 esu
2907 867 3178 930 carnium.
3223 868 3514 923 Ostiensis
3563 869 3700 922 card.

440 965 600 1035 691
617 963 814 1018 viatico
849 965 1044 1018 idoneo
1068 963 1366 1018 instructos
1389 963 1681 1018 dimisisse.
1707 963 1822 1019 'Ism
1858 964 1920 1018 Β,
1957 965 2015 1018 1),
2119 955 2388 1011 Henricus
2435 958 2504 1011 de
2555 957 2854 1027 Segusione
2885 959 3062 1015 obiter
3091 961 3144 1014 in
3179 975 3228 1014 c.
3263 960 3576 1014 Consilium
3605 972 3702 1014 ext.

441 1056 890 1122 Possinus,ems.
911 1056 1266 1111 illustrissimi
1291 1055 1602 1111 Monchallii
1626 1058 2018 1128 archiepiscopi
2119 1047 2182 1098 άε
2217 1045 2416 1100 ῡῦδενυ·
2444 1047 2704 1117 Ῑείτιηῖον·
2733 1059 2786 1103 ει
2813 1047 3056 1104 Joannes
3095 1049 3328 1104 Αηάῐθω
3351 1089 3370 1114 ν
3419 1051 3522 1122 ιιυί
3555 1060 3706 1105 sum

443 1149 722 1216 Tolosani,
756 1148 940 1204 Graece
986 1148 1292 1219 Latineque
1326 1147 1559 1205 Parisiis
1588 1149 1792 1217 edidit;
1830 1166 1959 1206 veru

2186 1139 2497 1195 n'tbusianis
2542 1155 2605 1196 ex
2657 1141 2795 1195 libro
2847 1141 3069 1196 Arualdi
3112 1141 3274 1213 692
3307 1143 3380 1196 de
3423 1142 3707 1198 Vill-nova

441 1259 471 1296 e
515 1243 702 1314 Regio,
750 1252 804 1296 et
839 1240 1155 1296 Mazzarino
1192 1257 1327 1296 mss.
1365 1239 1556 1297 Latine
1587 1239 1806 1313 quoque
1839 1241 1962 1297 redd

2188 1247 2217 1286 ο
2242 1231 2372 1302 ipsis
2403 1233 2742 1302 conscripto,
2795 1232 2872 1287 uti
2905 1233 3178 1286 Antonius
3207 1233 3434 1286 Butrius
3471 1233 3532 1286 in
3569 1249 3709 1287 mar-

439 1336 595 1390 derat
637 1335 967 1390 reverendus
1001 1333 1160 1389 Pater
1195 1331 1526 1390 Franciscus
1561 1333 1883 1396 Combelis.,
1925 1335 2020 1388 sed
2119 1326 2244 1396 sine
2291 1323 2690 1389 Ρίιηονηιίιδηὶν
2736 1335 2786 1380 ει
2829 1323 3070 1380 Joannes
3112 1325 3440 1381 Charlerius
3467 1328 3544 1381 de
3587 1325 3709 1380 Ger-

439 1437 493 1481 et
515 1427 783 1482 Gallicum
811 1427 880 1481 in.
899 1443 1209 1483 sermonem
1244 1429 1611 1487 transtulit“.
1633 1429 1690 1484 Ρ.
1720 1427 1794 1483 Le
1817 1427 2018 1494 Sueur,
2119 1433 2253 1472 εοηθ
2282 1419 2481 1487 Oppido
2511 1417 2794 1472 ίῖθιηθηείε
2833 1416 3107 1482 (Ῐίαέοεείεν
3159 1427 3326 1506 δίψιίῖ
3367 1417 3706 1490 Ἐυεεΐοιίηει

439 1522 692 1589 quamvis
735 1519 794 1572 ι).
862 1519 1098 1576 Erouval
1148 1523 1222 1576 illi
1255 1523 1564 1579 versionem
1611 1522 1835 1576 alteram
1878 1530 1960 1592 ty;

2228 1510 2366 1564 libro
2421 1509 2704 1580 Porphyrii
2743 1508 2820 1562 De
2875 1509 3212 1564 abstinentia.
3277 1509 3482 1576 Quoad
3537 1511 3707 1564 lusum

441 1615 753 1667 mandatam
779 1631 922 1666 anno
952 1613 1110 1680 1649,
1136 1615 1294 1684 cujus
1326 1623 1517 1670 auctor
1537 1614 1602 1668 Il.
1639 1615 1699 1669 P.
1730 1612 2016 1668 Possinum
2047 1675 2086 1684 _
2120 1617 2246 1657 cum
2299 1601 2626 1656 mulieribus
2651 1640 2666 1664 ν
2721 1601 2952 1671 Ρυάίωδ
2989 1601 3078 1656 ille
3111 1601 3468 1657 εθεῑίηὶοηίκ
3531 1609 3708 1658 Cllst

437 1703 790 1772 sequebatur,
810 1713 1158 1759 ostentasset.
1183 1704 1514 1775 Lipomanus
1533 1703 1780 1759 Latinam
1803 1705 2012 1760 versio-
2046 1675 2091 1731 Β
2117 1705 2174 1752 ει
2221 1695 2554 1768 purissimus
2586 1695 2904 1751 adolescens
2935 1695 3076 1749 velat
3113 1696 3218 1750 hoc
3257 1697 3436 1750 verbo
3471 1697 3705 1766 turpitu-

437 1809 563 1848 nem
613 1795 1007 1863 publicaverat,
1044 1813 1208 1866 quam
1264 1813 1296 1852 a
1357 1797 1521 1852 Surio
1577 1799 1837 1852 insertam
1897 1799 2013 1852 suis
2118 1787 2408 1854 dinemlad
2438 1804 2600 1858 quam
2633 1787 2831 1858 ἰωρυτὶ
2884 1797 2938 1842 οι
2968 1789 3120 1859 impii
3157 1789 3450 1859 Ρτκὲιῖοηεε
3489 1789 3706 1844 οὓδῦαιί

437 1896 738 1958 martyrum
787 1886 1044 1942 Historiis
1086 1889 1356 1958 arbitror;
1405 1889 1763 1945 nihilominus
1811 1889 1958 1944 Narr:

2186 1881 2447 1935 illumetis
2497 1895 2863 1951 praecursores
2925 1897 3048 1935 eum
3103 1882 3436 1950 adigebant;
3497 1898 3629 1936 nam
3665 1883 3707 1938 si

439 1979 638 2032 tionem
698 1977 858 2032 istam
911 1977 1018 2032 Nili
1075 1981 1321 2050 redigere
1370 1981 1531 2036 libuit
1577 1983 1664 2037 hic
1715 1983 1770 2036 in
1821 1983 2011 2052 Epito-
2118 1973 2280 2030 fredis
2305 1975 2485 2045 ipsum
2512 1975 2655 2030 escis
2678 1975 3007 2044 explessent,
3039 1983 3092 2028 et
3117 1974 3540 2044 inquinassent,
3573 1975 3704 2030 haud

439 2084 583 2129 men,
625 2077 679 2120 et
714 2053 816 2122 tria
851 2067 1202 2124 considerare
1229 2071 1493 2126 attentius
1519 2071 1782 2128 vocabula
1817 2089 2012 2144 nempe
2118 2068 2284 2123 dubie
2320 2067 2388 2122 ad
2425 2067 2880 2123 incontinentiam
2923 2067 3348 2138 protraxissent.
3419 2068 3710 2122 Ἐκάθισεν

435 2163 556 2224 ταῖς
573 2162 769 2228 κόμαις
785 2163 893 2236 τῆς
930 2162 1192 2233 κεφαλῆς,
1218 2171 1292 2228 et,
1327 2168 1707 2235 μιαροφαγεῖν,
1727 2166 1959 2236 denique
1993 2186 2007 2221 ε
2116 2162 2144 2214 ὁ
2187 2159 2317 2224 λαὸς
2362 2161 2575 2231 φαγεῖν,
2610 2161 2707 2214 καὶ
2753 2161 2917 2227 πιεῖν,
2965 2159 3061 2212 καὶ
3102 2159 3414 2230 ἀνέστησαν
3469 2159 3705 2225 παίζειν.

439 2253 538 2306 καὶ
567 2253 778 2322 γυναιξὶ
822 2253 1202 2324 προσπαίζειν,
1244 2255 1300 2310 id
1330 2265 1434 2320 est,
1471 2259 1711 2323 cwsarie,
1749 2260 1960 2330 comisql

2186 2254 2288 2308 ιοᾱὶ
2320 2268 2371 2308 c.
2410 2269 2586 2320 xxx",
2621 2269 2676 2307 v.
2707 2252 2774 2319 6;
2816 2253 2870 2308 id
2901 2263 3013 2317 est,
3045 2253 3180 2307 sedit
3207 2253 3442 2324 populus
3479 2255 3707 2308 mandu-

438 2347 666 2414 capitis;
699 2349 986 2412 conradere,
1017 2365 1132 2416 qua:
1157 2359 1279 2402 sunt
1315 2348 1532 2410 illicita,
1567 2361 1615 2404 et
1645 2355 2008 2418 exsecranda;
2118 2362 2241 2400 rare
2291 2358 2338 2400 et
2373 2345 2582 2412 bibere;
2629 2359 2753 2417 quae
2793 2345 2958 2400 verba
3017 2346 3211 2400 inserit
3243 2345 3562 2417 Apostolus
3597 2347 3704 2402 [ad

439 2457 557 2494 cum
587 2437 898 2493 mulieribus
927 2439 1126 2494 ludere.
1169 2437 1211 2493 E
1257 2441 1436 2511 primo
1466 2457 1637 2512 arguo
1672 2444 1863 2497 solitos
1895 2459 1960 2496 Illt

2186 2438 2366 2492 ll'lﬂlll.
2402 2453 2452 2492 c.
2503 2454 2559 2503 ιι,
2601 2453 2653 2492 v.
2695 2437 2752 2504 7,
2804 2437 2900 2491 καὶ
2945 2437 3161 2508 γυναιξὶ
3211 2438 3596 2510 προσπαίζειν
3637 2441 3707 2495 ait

438 2533 645 2587 nacbos
679 2530 971 2594 attonderi,
1008 2531 1084 2584 uti
1111 2531 1224 2600 jam
1261 2532 1435 2585 innui.
1476 2531 1768 2588 Salvianus
1794 2533 1888 2588 lib.
1916 2549 2010 2588 vm
2118 2529 2455 2594 Thcodulus,
2503 2528 2555 2582 id
2591 2538 2711 2594 est,
2750 2529 3077 2584 mulieribus
3127 2529 3396 2585 alludere.
3453 2529 3706 2585 Monachi

437 2625 514 2679 De
539 2625 915 2696 gubernatione
936 2623 1033 2678 Dei
1065 2624 1326 2680 describit
1355 2627 1682 2680 monachum
1704 2627 2008 2696 palliatum,
2115 2622 2360 2692 profecto
2390 2621 2606 2676 caalibes
2636 2630 2816 2688 erant,
2873 2633 2928 2676 et
2971 2621 3246 2676 vovebant
3295 2624 3708 2694 servabantque

436 2729 490 2774 et
527 2719 811 2790 pallidum,
857 2731 911 2772 et
958 2719 1150 2772 recisis
1195 2733 1478 2773 comarum
1529 2717 1810 2774 ﬂuentium
1861 2721 2012 2790 jubis
2117 2717 2449 2782 castitatem,
2501 2715 2646 2770 unde
2677 2714 3015 2770 vocabantur
3049 2713 3312 2786 Azyges:
3351 2717 3558 2786 synod.
3591 2733 3704 2783 vui,

437 2827 613 2882 usque
643 2811 708 2864 ad
747 2819 926 2865 cutem
969 2821 1208 2876 tonsum,
1247 2825 1369 2881 pag.
1405 2812 1544 2876 190;
1581 2811 1958 2878 Sirmondus,i

2187 2819 2224 2864 t.
2259 2808 2327 2876 3,
2354 2823 2408 2879 p.
2441 2807 2566 2863 266.
2607 2807 2680 2861 Τὺ
2707 2807 2866 2878 σῶμα.
2903 2809 2983 2873 εἰς
3017 2808 3116 2879 τὴν
3142 2810 3386 2880 σήμερον
3421 2811 3617 2880 ἁγνόν,
3639 2812 3705 2867 ad

437 2901 596 2972 epist.
630 2902 722 2966 25,
753 2902 850 2956 lib.
889 2917 946 2956 ιιι
977 2899 1212 2970 Sidonii,
1258 2899 1454 2973 Yepez,
1510 2903 1562 2957 in
1610 2903 1806 2958 Chron.
1842 2907 2011 2959 sancti
2115 2902 2442 2956 hodiernum
2475 2915 2649 2970 usque
2673 2901 2816 2956 diem
2845 2909 3057 2956 castum
3091 2901 3382 2972 professus
3409 2914 3503 2959 est
3529 2903 3708 2959 Theo-

443 2992 732 3060 Benedicti,
766 3008 887 3062 cap.
921 2993 977 3046 4.
1013 2993 1195 3048 Nilum
1228 3003 1410 3049 autem
1454 2995 1660 3050 aluisse
1692 3011 1903 3051 comam
1953 2996 2008 3050 in
2037 3041 2078 3064 η
2115 2991 2298 3058 dulus,
2325 3007 2448 3063 pag.
2481 2991 2605 3058 H7,
2637 2991 2692 3046 in
2715 2989 3065 3058 Narratione,
3095 3007 3254 3047 suum
3279 3008 3493 3064 corpus
3520 2993 3708 3050 hacte-

435 3087 609 3152 luctu,
641 3099 696 3140 et
727 3086 1045 3156 promisisse
1077 3086 1199 3140 ideo
1237 3089 1482 3157 capillos,
1519 3096 1580 3141 ut
1627 3087 1818 3142 faciem
1852 3089 2009 3144 obte-
2037 3081 2080 3100 “
2111 3101 2218 3140 nus
2240 3085 2580 3156 virgineum;
2612 3091 2668 3138 et
2687 3083 2752 3138 de
2778 3081 2994 3138 MalClIO
3026 3085 3298 3139 monacho
3323 3085 3450 3141 fuse
3475 3096 3712 3142 sanctus

435 3188 646 3251 gerent,
669 3179 936 3234 necalilio
951 3179 1132 3234 statim
1158 3178 2008 3250 agnosceretur.Lugentescnim
2112 3175 2476 3248 Hieronymus
2513 3177 2563 3230 in
2596 3175 2716 3246 ejus
2741 3173 2887 3240 Vlla.
2925 3183 2980 3230 el
3003 3174 3460 3248 Martyrologium
3497 3179 3710 3233 Roma-

434 3282 490 3327 et
520 3273 594 3326 rei
649 3270 899 3326 solebant
927 3271 1060 3324 olim
1093 3271 1320 3326 barbam
1372 3269 1745 3340 capillumque
1776 3271 2012 3326 submit-
2111 3281 2240 3320 num
2305 3267 2394 3321 die
2457 3268 2520 3322 Ἦ
2581 3265 2856 3332 Octobris,
2917 3283 3081 3338 quem
3138 3269 3362 3323 barbari
3417 3271 3706 3340 captivum

437 3376 576 3432 tere;
635 3372 869 3420 testatur
897 3365 952 3420 id
983 3365 1050 3420 de
1088 3365 1331 3422 Eumene
1360 3363 1632 3432 Justinus,
1682 3366 1776 3420 lib.
1812 3383 2006 3432 xxxvr,
2110 3372 2403 3430 coegerunt
2435 3362 2690 3418 feminam
2709 3363 2974 3434 captivam
2999 3379 3186 3420 secum
3211 3365 3478 3431 retinere,
3501 3381 3710 3436 quam-

431 3461 606 3529 deque
641 3459 886 3528 Augusto
935 3460 1163 3514 Sueton.
1204 3474 1254 3514 c.
1306 3457 1412 3523 ‘25;
1448 3456 1636 3528 Cujac.
1681 3459 1775 3514 lib.
1809 3474 1861 3513 vr
1902 3451 2036 3514 0b?
2111 3453 2194 3509 vis
2225 3470 2350 3509 cum
2387 3453 2479 3510 illa
2509 3465 2662 3510 casta
2685 3455 2904 3511 vivebat
2942 3457 3147 3514 castior
3179 3459 3338 3528 ipse:
3369 3459 3558 3528 deque
3593 3461 3708 3516 alio

431 3551 766 3607 servat.Jur.
807 3569 858 3607 c.
903 3553 952 3616 l,
993 3553 1062 3606 ad
1101 3551 1197 3606 lib.
1233 3567 1302 3604 xv
1335 3549 1408 3606 Ι).
1437 3549 1516 3605 De
1545 3551 1732 3621 injur.;
1773 3551 1802 3624 §
1838 3551 2006 3606 Gene-
2107 3547 2383 3603 monacho
2424 3547 2771 3604 adolescente
2797 3549 3004 3616 vincto,
3032 3560 3086 3606 et
3113 3566 3144 3605 a
3179 3551 3498 3618 meretrice,
3531 3569 3708 3626 paga-

431 3643 616 3696 raliter
643 3645 698 3697 iu
735 3643 873 3698 verb.
906 3644 982 3698 vel
1029 3641 1248 3712 capillos
1281 3641 1580 3698 submittat.
1616 3643 1841 3698 Ovidius
1879 3645 2006 3715 qui-
2105 3656 2304 3696 norum
2356 3641 2735 3695 insidiantium
2784 3642 2906 3713 ejus
2955 3643 3196 3698 castitati
3234 3655 3390 3713 arte,
3446 3647 3704 3704 immissa

430 3737 552 3791 dem
603 3737 874 3808 relegatus
921 3737 988 3792 ad
1037 3736 1310 3791 Euxinum
1347 3734 1579 3790 Pontum
1623 3752 1879 3807 egressus
1921 3747 2006 3794 est
2105 3733 2368 3802 pellecto’
2412 3743 2805 3804 θιεθοιειωίιιιθ
2847 3735 3104 3791 dentibus
3145 3737 3261 3792 suis
3289 3737 3536 3807 linguam
3569 3756 3702 3810 pro-

431 3828 610 3894 Urbe,
2103 3823 2278 3894 priam
2327 3824 2593 3880 adversus
2643 3840 2761 3881 eam
2817 3837 3174 3897 conspuente.
3209 3825 3344 3884 Vide
3383 3829 3544 3884 Vitas
3593 3831 3702 3886 Pa-

569 3919 855 3988 Squalidus
893 3919 1146 3974 immissis
1184 3920 1327 3973 hirta
1353 3935 1445 3988 per
1477 3935 1572 3972 ora
1603 3920 1790 3974 comis»
2105 3927 2271 3973 trum.
2302 3917 2380 3973 Ex
2413 3919 2520 3995 ista
2551 3934 2716 3990 porro
2749 3919 2998 3995 Epitome
3029 3921 3198 3993 liquet
3227 3939 3394 3994 quam
3446 3925 3702 3995 agitatus

427 4009 811 4066 Consulendus
845 4011 1141 4068 cardinalis
1176 4011 1440 4071 Baronius
1475 4013 1532 4068 in
1562 4013 1854 4066 Annalibus
1893 4011 2001 4068 Ec-
2101 4019 2157 4066 et
2177 3991 2481 4066 concussus
2503 4009 2671 4067 fuerit
2696 3991 3064 4080 animusoNili,
3085 3991 3375 4084 aetate—jam
3425 3991 3701 4087 vergente

427 4102 549 4157 cles.
591 4103 659 4156 ad
695 4119 900 4158 annum
950 4103 1056 4172 58,
1110 4121 1262 4159 num.
1302 4106 1394 4172 55,
1428 4107 1572 4176 apud
1621 4105 1998 4175 Spondanum.
2103 4118 2167 4159 ac
2203 4103 2637 4174 ingravescente,
2674 4113 2836 4176 atque
2866 4105 3144 4161 devoratis
3185 4115 3264 4162 tot
3305 4107 3584 4164 molestiis
3641 4117 3702 4164 et

496 4197 652 4264 Quod
679 4199 874 4253 attinet
903 4199 969 4252 ad
1002 4203 1387 4272 μιαροφαγεῖν,
1431 4217 1540 4256 non
1568 4211 1776 4256 tantum
1803 4203 2001 4273 opinor
2100 4195 2386 4262 atrumnis,
2423 4197 2675 4252 turbatus
2707 4205 2764 4253 et
2792 4197 3023 4253 alllictus
3069 4198 3366 4268 (occupant
3397 4199 3550 4253 enim
3585 4203 3702 4256 cla-

428 4287 769 4344 Thcodulum
804 4290 1110 4361 intelligere
1155 4293 1456 4365 idolotbyta
1489 4309 1862 4365 paganorum,
1914 4295 1998 4350 vel
2100 4288 2272 4344 riores
2297 4288 2515 4344 animos
2549 4289 2824 4345 interdum
2859 4291 3222 4344 humanarum
3264 4291 3532 4360 caligines
3561 4307 3692 4363 pas-

427 4399 616 4452 azyma
639 4381 976 4452 luds-orum,
999 4401 1122 4454 quae
1144 4399 1353 4440 canone
1371 4387 1436 4441 70
1458 4386 1702 4457 Apostol.
1727 4404 1763 4441 ιι
1796 4387 1997 4457 Synodi
2031 4383 2075 4438 Ι)
2104 4384 2372 4456 sionum),
2403 4385 2564 4455 quasi
2584 4385 2727 4441 mole
2759 4385 3131 4442 calamitatum
3177 4403 3283 4441 non
3330 4387 3513 4441 solum
3561 4405 3698 4441 cur-

423 4474 722 4544 Gangrcn.,
757 4491 964 4529 xxxvm
993 4475 1314 4544 Laodicen.,
1343 4494 1383 4532 ιι
1401 4478 1696 4545 Trullame.
1725 4480 1992 4549 Probibita
2100 4487 2260 4533 vatus
2307 4485 2362 4532 et
2413 4478 2729 4542 inclinatus,
2767 4494 2956 4534 verum
3005 4481 3170 4534 etiam
3203 4480 3469 4546 obrutus,
3521 4491 3702 4550 atque

425 4581 641 4635 quoque
674 4574 832 4630 sunt;
869 4568 962 4620 sed
990 4576 1044 4622 et
1075 4569 1228 4623 cibos
1257 4570 1478 4634 vetitos,
1503 4571 1705 4640 quibus
1727 4571 1999 4626 abstinent
2097 4585 2395 4640 oppressus
2425 4571 2528 4626 sub
2555 4586 2723 4627 onere
2747 4579 2898 4626 tanto
2923 4571 3184 4626 fatiscens
3211 4572 3382 4641 magis
3417 4585 3484 4624 ac
3509 4573 3698 4642 magis

423 4657 714 4711 orthodoxi
745 4657 883 4712 feria
918 4672 1070 4712 sexta
1095 4661 1358 4730 qualibet,
1388 4672 1442 4717 et
1465 4663 1694 4731 singulis
1721 4662 1993 4729 Sabbatis,
2101 4661 2421 4717 insenuerit.
2453 4659 2667 4717 Etenim
2699 4663 2746 4718 si
2776 4663 2886 4733 (uti
2913 4663 3332 4732 computabam)
3354 4660 3514 4718 Nilus
3537 4677 3698 4717 anno

423 4765 489 4803 ac
527 4750 581 4802 in
617 4747 1066 4820 Quadragesima,
1099 4753 1343 4823 plerique
1380 4771 1511 4810 vero
1557 4757 1808 4812 monachi
1853 4773 1944 4827 pra

2195 4745 2260 4801 N.
2291 4747 2417 4813 560,
2451 4749 2928 4821 Constantinopoli
2954 4751 3107 4821 (quae
3129 4751 3264 4804 δέκα
3293 4739 3463 4814 ἔτεσι,
3495 4751 3555 4805 id
3583 4761 3701 4814 est,

422 4839 629 4895 stitutis
661 4841 856 4898 diebus
886 4859 954 4897 ex
996 4845 1246 4899 instituto
1275 4847 1774 4914 monasteriorum;
1803 4859 1996 4902 notum
2099 4837 2286 4891 decem
2328 4839 2487 4892 annis
2515 4839 2757 4908 condita,
2806 4841 3056 4897 dedicata
3105 4843 3281 4896 fuerat
3325 4857 3476 4896 anno
3505 4841 3576 4899 C.
3619 4842 3698 4900 Ν.

420 4933 554 4990 illud
587 4935 932 5004 proverbium
970 4954 983 4990 :
1020 4936 1192 5008 Τυρὸς
1233 4939 1328 4991 καὶ
1370 4937 1531 5008 ἄρτος
1569 4939 1664 4991 καὶ
1689 4936 1850 5004 οἶνος,
1877 4940 1941 5010 ﬁli

2174 4929 2233 4994 0,
2284 4946 2315 4985 e
2363 4929 2584 4988 Iuliano
2615 4933 2873 5004 Apostata
2903 4933 3141 5000 (lassare,
3186 4944 3330 4991 orat.
3367 4935 3422 5000 1,
3449 4951 3503 5004 p.
3555 4935 3695 5000 236)

423 5025 660 5097 μονοιχοῦ
707 5025 1092 5099 καθημερινάς.
1132 5028 1197 5084 Ut
1233 5029 1417 5085 nullus
1448 5032 1829 5101 episcoporum
1876 5047 1944 5085 m4

2178 5031 2260 5079 tus
2296 5035 2442 5094 erat;
2475 5040 2620 5082 anno
2648 5024 2712 5081 Ο.
2743 5023 2810 5081 Ν.
2845 5025 2971 5092 405,
3004 5025 3292 5098 praefectus
3323 5027 3512 5082 itidem
3553 5027 3699 5084 Urbi

417 5119 614 5174 nachis
649 5119 892 5174 volatilia
925 5119 1208 5175 comedere
1258 5123 1540 5190 concedat,
1589 5123 1834 5178 sancitur
1882 5139 1932 5178 c.
1961 5122 1994 5178 9
2098 5117 2346 5173 deleCluS
2378 5118 2559 5174 aetatis
2588 5117 2679 5184 42,
2723 5134 2822 5175 seu
2849 5119 2942 5184 45,
2988 5119 3274 5174 studuerat
3313 5119 3520 5191 quippe
3553 5121 3688 5174 libr}

418 5211 774 5266 Addilionum
812 5213 875 5266 ad
911 5212 1160 5281 Capitula
1198 5214 1380 5270 Caroli
1429 5214 1500 5290 Μ.
1553 5216 1608 5269 in
1655 5215 2014 5276 Bibliotheca,
2097 5209 2308 5266 talibus
2336 5211 2660 5282 disciplinis.
2687 5211 2744 5266 in
2763 5211 2899 5266 urbe
2920 5209 3116 5268 CP.ad
3138 5228 3338 5267 annum
3363 5211 3428 5267 C.
3459 5211 3528 5268 Ν.
3553 5213 3696 5280 385,

419 5303 792 5368 Cluniacensi,
820 5303 913 5358 ubi
951 5303 1283 5370 Quercetau.
1313 5299 1480 5361 multa
1514 5317 1690 5370 notat,
1714 5323 1769 5377 p.
1797 5307 1887 5362 27.
1918 5307 2012 5366 De,
2095 5303 2412 5376 astatis25;
2457 5305 2690 5360 duxerat
2735 5320 2964 5362 uxorem
3003 5321 3149 5361 anno
3185 5304 3326 5371 590,
3359 5307 3546 5361 astatis
3579 5305 3694 5370 50;

414 5393 786 5464 xerophagiis,
815 5394 866 5448 id
889 5403 992 5460 est,
1045 5395 1322 5449 aridorum
1358 5405 1412 5450 et
1437 5397 1714 5451 siccorum
1745 5398 1992 5452 ciborum
2095 5395 2389 5466 reliquerat
2428 5397 2659 5467 patriam
2687 5409 2739 5454 et
2773 5398 2977 5468 aulam,
3005 5398 3358 5468 proficiscens
3403 5399 3474 5454 ad
3517 5413 3690 5451 mon-

417 5500 536 5552 esu,
564 5496 670 5542 etc.
701 5487 1095 5554 Tertullianus,
1119 5488 1216 5544 lib.
1241 5505 1293 5554 v,
1325 5505 1446 5559 cap.
1475 5490 1530 5549 4.
1552 5491 1812 5544 Adversus
1843 5489 1993 5544 Mar-
2097 5498 2204 5544 tem
2232 5489 2364 5544 Sina
2391 5504 2535 5545 anno
2569 5490 2694 5546 405.
2728 5491 2998 5548 Praeterea
3034 5491 3260 5548 incursu
3291 5491 3440 5548 facto
3471 5491 3692 5547 Arabes

417 5575 583 5642 ciam;
625 5575 823 5643 Philo,
865 5578 960 5633 lib.
1010 5595 1057 5642 ι,
1097 5579 1166 5634 De
1204 5581 1294 5634 vit.
1335 5582 1698 5650 contemplat.;
1737 5581 1887 5638 Fest.
1936 5584 1992 5638 in
2095 5567 2266 5636 tilium
2311 5597 2470 5638 suum
2525 5581 2868 5641 Theodulutn
2917 5585 3297 5654 abduxerunt,
3358 5601 3524 5656 quem
3589 5585 3690 5640 diu

419 5661 841 5731 verb.'Panem;
892 5669 1201 5726 Cardinalis
1231 5671 1502 5730 Baronius
1548 5673 1612 5729 ad
1645 5693 1850 5732 annum
1896 5675 1987 5732 54.
2095 5671 2461 5742 perquisitum
2502 5690 2649 5733 anno
2687 5676 2816 5744 M0,
2860 5692 2960 5736 seu
2995 5677 3122 5744 Hi,
3161 5677 3292 5735 dum
3341 5675 3522 5734 aetatis
3567 5691 3690 5732 sua
