3852 6052
187 306 327 374 142i

1484 305 1581 372 DE
1601 312 1779 373 VITA
1816 311 1874 369 S.
1909 310 2093 371 NILI.

3301 300 3433 365 1422

184 418 352 473 Nilus
381 421 918 491 quinquagesimum,
971 431 1068 477 seu
1112 420 1622 491 quinquagesimum
1659 417 1768 487 pri-
1797 423 1845 481 Α
1872 417 2046 488 ipsam
2076 419 2404 474 subsecutus
2431 425 2516 473 est
2548 416 2824 481 moriens;
2851 443 2918 453 -—
2947 423 3003 469 et
3039 414 3094 469 in
3134 413 3275 479 illas,
3296 428 3433 484 quas

188 525 347 565 mum
391 521 596 581 ageret,
642 514 859 568 tandem
912 515 1150 578 invenit,
1201 514 1246 568 si
1301 514 1434 567 vixit
1480 528 1653 580 usque
1699 511 1766 566 ad

189 599 535 657 Marcianum
583 606 721 675 Aug.
757 606 871 673 (sic
915 606 1059 661 enim
1113 608 1231 676 lego
1270 607 1322 660 in
1380 604 1620 668 Menam,
1665 604 1769 665 ἕως

190 693 540 764 Μαρκιανοῦ,
567 712 739 767 usque
754 697 820 752 ad
844 698 1200 765 Marcianum,
1220 715 1328 755 non
1347 700 1449 754 sub
1469 696 1768 765 Mauritio),

192 788 255 831 et
307 778 613 837 Marcianus
664 786 889 855 cmperit
942 787 1210 857 imperare
1257 802 1401 841 anno
1427 786 1489 843 C.
1542 786 1606 841 N.
1644 788 1770 851 451,

195 868 517 939 migravite
548 873 654 928 vita
706 874 859 931 Nilus
897 892 1039 931 anno
1092 878 1265 932 aetatis
1324 878 1413 933 91.
1474 877 1772 932 Provectus

197 958 387 1017 fuerat
416 964 606 1019 eodem
632 980 779 1021 anno
807 968 932 1033 410,
963 983 1057 1023 seu
1088 970 1213 1033 411,
1246 969 1311 1024 ad
1343 970 1770 1040 presbyteratum

198 1053 327 1122 ipse
360 1053 475 1123 jam
508 1058 1041 1129 quinquagenarius,
1094 1062 1163 1114 ab
1204 1058 1441 1115 Elusano
1483 1060 1771 1130 episcopo,

200 1145 290 1199 uti
318 1144 460 1201 lilius
484 1148 602 1219 ejus
628 1148 943 1206 Tlieodulus
973 1167 1117 1205 anno
1142 1152 1237 1207 591
1270 1153 1449 1207 editus
1485 1153 1539 1206 in
1574 1154 1774 1216 lucem,

202 1246 269 1290 et
307 1236 516 1302 lector,
578 1240 694 1295 sive
739 1240 1000 1295 ostiarius
1050 1241 1170 1311 (ita
1221 1243 1419 1311 quippe
1473 1250 1632 1297 sonat
1674 1258 1779 1295 vox

203 1330 531 1403 νεωκόρου)
580 1343 899 1403 assumptus
948 1335 1018 1389 ab
1056 1336 1285 1398 eodem,
1326 1350 1427 1390 nec
1473 1335 1622 1391 enim
1667 1344 1776 1389 tam

207 1432 405 1479 exacte
430 1424 818 1481 discernuntur
850 1427 1093 1482 minores
1121 1427 1340 1483 ordines
1367 1427 1508 1497 apud
1535 1427 1777 1490 Graecos,

206 1511 379 1567 sicuti
438 1513 601 1585 693
653 1529 821 1584 penes
865 1514 1120 1581 Latinos,
1154 1517 1616 1587 quemadmodum
1665 1517 1778 1587 jam

208 1605 449 1665 oetendi.
486 1607 600 1661 sive
626 1607 679 1660 in
711 1607 1046 1678 acolythum,
1075 1616 1129 1661 et
1159 1609 1486 1664 exorcistam
1509 1652 1522 1675 ,
1559 1610 1641 1663 vel
1686 1611 1781 1664 de—

210 1699 383 1769 nique
416 1700 833 1767 subdiaconum,
863 1703 1149 1758 ordinatus
1175 1719 1348 1758 annos
1370 1706 1546 1759 aetatis
1572 1720 1686 1759 sua:
1713 1705 1783 1758 20

210 1806 313 1846 seu
353 1790 416 1845 2i
459 1808 774 1848 numerans.

286 1883 467 1953 thue
516 1884 672 1940 Nilus
716 1894 866 1952 pater
909 1887 1047 1941 inter
1076 1889 1374 1943 monachos
1422 1888 1614 1943 Missas
1659 1905 1783 1958 per-

209 1990 379 2047 agere
410 1979 608 2046 potuit,
640 1979 712 2037 ita
736 1980 850 2047 ipse
874 1995 1028 2036 sacra
1060 1980 1244 2032 munia
1272 1981 1423 2035 obire
1449 1983 1515 2034 ad
1545 1981 1785 2035 minores

212 2070 461 2137 ordines,
490 2080 585 2125 aut
612 2072 1065 2128 subdiaconatum
1108 2074 1406 2143 spectantia
1450 2090 1545 2144 per
1578 2074 1647 2128 40
1689 2090 1787 2129 an-

216 2176 323 2218 nos
344 2203 359 2229 ,
396 2172 450 2219 et
478 2164 545 2218 ad
578 2164 815 2233 majores
841 2174 1152 2234 provectus,
1188 2165 1388 2232 quibus
1450 2166 1785 2236 frequentem

214 2264 273 2308 et
328 2255 612 2311 assiduum
663 2264 959 2325 utrumque
996 2254 1167 2311 fuisse
1212 2269 1320 2311 tam
1362 2257 1416 2311 in
1455 2258 1786 2328 synaxibus.

213 2361 382 2417 quam
414 2346 471 2401 in
505 2345 824 2401 monasticis
852 2347 1335 2404 exercitationibus
1363 2362 1469 2403 non
1512 2347 1791 2415 ambigen-

216 2440 346 2491 dum
378 2445 481 2492 est.
514 2435 696 2491 Nilum
728 2437 999 2507 praecipue
1035 2440 1214 2493 varias
1244 2440 1505 2508 epistolas
1532 2454 1789 2495 exarasse

216 2529 287 2583 ad
317 2520 434 2593 eos,
460 2528 555 2598 qui
582 2528 734 2583 velut
759 2531 1045 2584 oraculum
1070 2529 1309 2598 undique
1337 2529 1514 2598 ipsum
1540 2532 1792 2584 consule-

217 2618 384 2684 bant;
416 2635 538 2690 quze
572 2620 733 2674 simul
765 2620 1005 2684 collecta:
1048 2622 1117 2676 ab
1165 2621 1537 2676 illustrissimo
1566 2622 1788 2681 Allatio.

220 2712 423 2766 iterum
466 2712 625 2767 editae
667 2710 890 2768 fuerunt
940 2714 1247 2777 auctiores,
1296 2715 1597 2783 dicataeque
1644 2729 1791 2769 sere-

222 2803 458 2859 nissimo
512 2805 742 2875 principi
797 2806 1076 2877 Raynaldo
1121 2806 1360 2870 Estcnsi,
1406 2821 1549 2859 anno
1600 2806 1792 2861 salutis

222 2899 386 2958 1668.
438 2899 625 2954 Rutilae
672 2900 723 2953 in
768 2901 859 2953 fol.
915 2898 1037 2955 Illas
1076 2909 1235 2954 antea
1279 2900 1564 2968 pauciores
1599 2900 1792 2954 excudi

223 3004 449 3048 curarat
469 2992 611 3047 R.P.
631 2993 895 3049 Possinus
924 2993 1211 3047 Societatis
1236 2990 1365 3048 Jesu
1384 2991 1608 3047 Parisiis
1635 2993 1791 3055 1657,

1870 510 2019 564 misit
2046 520 2171 581 post
2200 512 2485 566 incursum
2516 508 2796 579 epistolas.
2827 505 2885 561 Si
2914 506 3038 576 quis
3070 514 3252 561 autem
3278 505 3437 559 vellet

1870 620 2064 660 omnes
2089 607 2300 671 ordine,
2340 608 2423 660 vel
2472 620 2567 675 per
2616 603 2896 668 materias,
2942 602 3022 656 vel
3078 617 3173 672 per
3213 600 3437 655 nomina

1870 714 2059 753 eorum
2094 700 2162 754 ad
2204 714 2345 769 quos
2376 699 2707 768 diriguntur,
2740 696 2897 764 juxta
2931 696 3124 749 seriem
3165 694 3435 764 alphabeti

1870 806 1989 846 eam
2010 807 2104 861 per
2128 802 2395 861 tempora,
2417 790 2528 853 vix,
2553 806 2616 842 ac
2647 804 2713 842 ne
2738 787 2826 841 vix
2853 786 3069 856 quidem
3094 786 3207 840 lieri
3232 797 3413 856 posset

1873 898 1996 937 cum
2029 884 2140 938 sint
2163 884 2282 939 siue
2310 882 2419 949 die,
2447 890 2609 951 atque
2628 881 2873 945 consule,
2903 887 2957 931 et
2983 878 3101 932 sine
3123 877 3439 936 indictione,

1877 975 2108 1044 aliisque
2157 974 2337 1039 notis,
2391 988 2476 1028 na:
2522 972 2614 1026 ille
2660 971 2796 1025 bene
2834 976 3136 1024 mereretur
3166 968 3233 1022 de
3284 965 3444 1031 Nilo;

1877 1075 2056 1118 tamen
2097 1064 2203 1117 illis
2234 1063 2454 1118 saeculis
2487 1077 2597 1115 non
2636 1058 3109 1119 describebantur,
3145 1071 3323 1126 neque
3352 1055 3446 1110 da-

1878 1156 2077 1210 bantur
2127 1166 2384 1211 accurate
2431 1164 2595 1225 atque
2628 1153 2810 1214 anxie,
2861 1159 2921 1204 ut
2959 1164 3103 1203 nunc
3131 1148 3246 1203 ﬁeri
3290 1146 3450 1207 solet,

1875 1249 2138 1317 epistolae,
2200 1264 2302 1304 nec
2355 1247 2756 1303 adhibebantur
2791 1244 2944 1305 loca,
2996 1243 3147 1309 dies,
3196 1254 3448 1301 menses,

1878 1340 2007 1393 anni
2034 1340 2344 1403 consulum,
2377 1339 2460 1393 vel
2485 1341 2898 1408 imperatorum,
2930 1345 3092 1404 atque
3113 1332 3451 1404 pontiﬁcum,

1883 1446 2056 1499 neque
2093 1430 2543 1486 subscribebatur
2576 1444 2772 1484 nomen
2814 1426 3130 1489 scribentis,
3166 1423 3260 1479 sed
3302 1422 3385 1482 vel
3423 1438 3454 1471 e

1881 1522 2043 1593 stylo,
2084 1524 2164 1577 vel
2191 1538 2258 1577 ex
2293 1524 2475 1594 aliqua
2508 1523 2701 1593 phrasi
2753 1522 2913 1579 solita
2954 1516 3226 1587 usurpari,
3259 1529 3454 1585 argue-

1884 1617 2062 1679 batur,
2096 1625 2152 1669 et
2181 1615 2272 1669 illa
2304 1616 2519 1685 signum
2549 1614 2869 1670 vocabatur.

1959 1707 2414 1776 lmperiosissima
2461 1716 2544 1762 est
2582 1706 2772 1773 religio
2826 1706 3090 1772 (auctore
3140 1699 3351 1767 Plinio)
3405 1698 3458 1751 in

1891 1801 2132 1857 adversis
2191 1802 2492 1870 prazsertim
2547 1798 2711 1870 694
2765 1797 3030 1860 casibus,
3102 1794 3249 1849 unde
3314 1790 3463 1847 cauit

1893 1892 2062 1948 Silius
2086 1935 2101 1957 ,

1964 2006 2138 2060 Tanta
2169 2006 2321 2065 adeo,
2352 2021 2468 2057 cum
2500 2020 2581 2055 res
2614 2004 2851 2071 trepidm.
2881 2002 3167 2056 reverentia
3195 1998 3371 2052 divum

1967 2076 2247 2136 Nascitur,
2280 2086 2328 2127 et
2362 2090 2499 2127 rara:
2529 2074 2734 2141 fumant
2768 2074 3009 2141 felicibus
3049 2087 3180 2124 arte.

1893 2167 2105 2221 Clamat
2133 2178 2188 2220 ct
2215 2165 2355 2219 alius
2383 2184 2394 2217 :

1964 2259 2179 2312 Primus
2214 2260 2266 2311 iu
2297 2258 2420 2311 orbe
2447 2256 2570 2310 deos
2605 2256 2724 2324 fecit
2760 2256 2939 2308 timor.

1898 2350 2052 2406 Unde
2081 2349 2251 2404 Graeci
2285 2348 2451 2403 Deum
2489 2347 2595 2400 ἀπὸ
2640 2347 2733 2400 τοῦ
2778 2345 3014 2410 δέεσθαι,
3053 2344 3105 2398 id
3136 2353 3247 2405 est,
3295 2359 3327 2396 a
3360 2356 3472 2393 mc-

1898 2444 2089 2498 tuendo
2118 2444 2413 2502 deducunt,
2443 2440 2566 2494 licet
2589 2446 2782 2494 vocent
2814 2437 2948 2490 Θεὸν
2975 2436 3082 2490 ἀπὸ
3102 2434 3198 2488 τοῦ
3222 2433 3471 2497 θεᾶσθαι,

1896 2542 2010 2592 sive
2038 2555 2071 2590 a
2100 2537 2342 2597 videndo,
2384 2549 2570 2604 quem,
2618 2532 2745 2602 quia
2776 2531 2923 2586 videt
2954 2528 3141 2584 omnia
3173 2527 3345 2593 solus,
3376 2540 3473 2578 ve-

1900 2646 2018 2686 rum
2052 2630 2232 2700 possis
2276 2629 2458 2681 dicere
2494 2626 2699 2691 solem;
2735 2625 2857 2679 ideo
2887 2622 3043 2678 ﬁnxit
3073 2621 3253 2692 poesis
3290 2620 3475 2689 prisca

1897 2724 2070 2786 λιτάς,
2100 2722 2150 2776 id
2185 2731 2286 2784 est,
2328 2736 2503 2789 preces
2530 2717 2772 2781 claudas,
2814 2716 2945 2785 quia
2998 2715 3374 2771 calamitatum
3421 2720 3478 2764 et

1901 2814 2321 2869 inl‘ortuniorum
2357 2810 2607 2877 passibus
2635 2809 2923 2873 inhaarent,
2954 2816 3010 2862 et
3036 2806 3261 2876 vestigia
3292 2817 3478 2874 perse-

1902 2915 2145 2976 quuntur
2186 2904 2416 2967 tardius,
2449 2912 2503 2957 et
2532 2902 2687 2971 quasi
2721 2900 3113 2955 claudicantes.

1975 2998 2028 3050 Si
2058 2996 2301 3048 Romana
2325 3008 2565 3063 unquam
2587 3006 2841 3062 perpessa
2864 2993 2968 3044 l'ult
2989 3004 3184 3061 graves
3205 3001 3479 3042 arumnas

224 3093 284 3140 et
306 3093 648 3153 nuncuparat
668 3084 1100 3140 eminentissimo
1126 3093 1326 3139 sancta:
1356 3084 1421 3137 Β.
1450 3085 1509 3137 Ε.
1535 3084 1795 3138 cardinali
1827 3123 1873 3185 ο
1906 3089 2241 3161 respublica,
2283 3087 2406 3141 illas
2433 3086 2655 3155 pertulit
2680 3083 2947 3153 profecto,
2977 3082 3179 3153 quibus
3210 3080 3481 3135 Arcadius

226 3176 554 3244 Barberino,
584 3188 636 3233 et
661 3188 889 3249 uterque
921 3178 974 3231 in
1007 3176 1258 3232 Latinum
1284 3193 1590 3233 sermonem
1619 3187 1798 3232 trans--

229 3271 470 3337 tulerat;
506 3280 724 3340 possent
750 3272 855 3326 illae
886 3273 938 3324 in
968 3271 1104 3326 duas
1136 3271 1341 3326 classes
1372 3270 1561 3337 dividi,
1593 3270 1802 3326 scilicet

230 3360 288 3414 in
321 3376 437 3426 eas,
480 3376 601 3431 quae
639 3374 764 3416 ante
802 3362 1085 3417 incursum
1134 3361 1534 3415 Saracenorum
1590 3361 1803 3430 scriptae

230 3450 481 3521 fuerunt,
516 3453 823 3523 cujusmodi
849 3463 934 3507 est
962 3454 1074 3519 illa,
1110 3468 1273 3524 quam
1304 3454 1541 3508 secundo
1566 3451 1713 3506 dedit
1736 3452 1803 3505 ad

230 3540 555 3608 Arcadium,
586 3558 709 3597 cum
744 3542 857 3611 jam
885 3542 1233 3598 valedixisset
1262 3544 1420 3605 aulae,
1452 3557 1617 3611 seque
1659 3556 1807 3596 rece-

230 3634 409 3706 pisset
445 3634 501 3687 in
548 3644 786 3690 montem
836 3635 1099 3699 Sinaeum,
1152 3650 1388 3703 cumque
1435 3644 1699 3689 retractus
1751 3634 1806 3686 in

232 3727 490 3783 exsilium
512 3736 736 3783 sanctus
754 3726 993 3781 Joannes
1014 3729 1440 3796 (lbrysostomus
1458 3737 1564 3779 tam
1593 3728 1809 3793 indigne

236 3820 581 3875 multaretur.
615 3819 805 3874 Exstat
848 3819 990 3889 apud
1035 3821 1314 3880 Allatium,
1348 3820 1438 3872 lib.
1477 3834 1557 3877 ιιι.
1590 3835 1645 3873 n.
1679 3820 1805 3883 279,

234 3912 391 3967 hisce
418 3913 597 3965 verbis
628 3930 642 3966 :
680 3912 932 3980 Ἰωάννην
954 3912 1209 3982 μέγιστον
1230 3912 1494 3982 φωστῆρα
1514 3913 1613 3981 τῆς
1635 3913 1809 3964 οἰκου-

243 4004 412 4074 μένης
438 4003 528 4055 τὺν
544 3988 865 4067 Βυζάντὶδος
897 4004 1179 4075 πρόεδρον,
1213 4013 1345 4068 etc.,
1380 4012 1435 4057 et
1468 4004 1608 4072 apud
1628 4003 1811 4057 Possi-

242 4111 395 4159 num,
433 4110 486 4148 n.
518 4094 644 4161 2'52,
678 4111 732 4165 p.
767 4094 891 4148 227.
918 4095 1055 4151 Ecce
1088 4098 1273 4151 illam:
1306 4115 1323 4146 ι
1346 4094 1608 4151 Joannem
1634 4096 1811 4150 maxi-

242 4200 391 4239 mum
423 4186 572 4240 orbis
606 4185 847 4241 universi
881 4185 1149 4240 luminare
1179 4185 1490 4257 Byzantina:
1525 4186 1809 4256 praesulem

244 4281 398 4336 urbis
436 4281 743 4336 amandasti
780 4295 889 4335 non
938 4291 1083 4335 recte
1123 4283 1177 4334 in
1222 4282 1494 4353 exsilium,
1548 4298 1614 4336 ex
1644 4284 1812 4337 multa

246 4372 463 4429 levitate
509 4389 806 4444 persuasus
844 4374 913 4429 ab
951 4374 1221 4443 episcopis
1265 4375 1554 4430 malesanis
1590 4386 1810 4430 mente:

1903 3184 2199 3251 imperator
2228 3195 2259 3235 e
2292 3179 2470 3233 medio
2501 3177 2751 3232 sublatus
2788 3175 2909 3238 fuit,
2957 3173 3317 3244 temporibus,
3351 3186 3478 3226 cum

1904 3274 2250 3329 Theodosius
2277 3272 2457 3326 minor
2487 3286 2551 3325 ac
2580 3284 2708 3324 vere
2743 3268 2960 3338 μικρὸς,
2995 3266 3208 3336 imperii
3236 3265 3484 3319 habenas

1906 3367 1999 3420 Eoi
2055 3366 2295 3433 suscepit
2348 3362 2685 3417 irruentibus
2739 3364 2789 3412 in
2846 3359 3122 3412 Romanas
3170 3356 3483 3426 provincias

1907 3458 2183 3519 Barbaris,
2218 3456 2310 3523 qui
2350 3453 2664 3521 reipublica:
2694 3452 2849 3505 clavo
2891 3451 3105 3503 fuerant
3143 3448 3368 3513 admoti,
3418 3463 3486 3502 ac

1908 3547 2140 3600 invicem
2173 3543 2617 3614 digladiantibus,
2649 3551 2703 3595 et
2728 3541 2877 3595 velut
2900 3540 2967 3593 de
2989 3540 3138 3593 corio
3167 3537 3483 3591 ludentibus

1910 3638 2106 3692 alieno.
2139 3637 2220 3690 Ad
2266 3636 2416 3689 viros
2443 3635 2611 3704 igitur
2650 3633 2947 3701 angelicam
2992 3630 3271 3700 professos
3314 3628 3482 3682 vitam

1912 3731 2074 3785 tiebat
2101 3744 2438 3793 concursus;
2465 3728 2562 3782 hos
2590 3728 2732 3781 inter
2752 3725 3000 3779 eminens
3022 3722 3176 3777 Nilus
3203 3719 3486 3791 praefecto-

1912 3823 2027 3877 rius
2058 3832 2140 3875 tot
2184 3820 2447 3890 periculis
2496 3817 2813 3881 defunctus,
2862 3814 3113 3869 adibatur
3169 3812 3316 3866 velut
3349 3810 3487 3865 alter

1913 3914 2169 3969 Salomon
2187 3923 2241 3968 et
2263 3914 2472 3983 asylum
2498 3910 2737 3974 virtutis,
2758 3918 2921 3976 atque
2940 3905 3220 3974 sapientiae
3236 3903 3444 3958 cortina
3465 3915 3484 3967 ;

1912 4006 2015 4060 Nili
2040 4007 2231 4075 pietas,
2252 4004 2396 4074 jugis
2414 4002 2691 4057 meditatio
2709 4015 2889 4054 rerum
2910 3994 3488 4056 divinarum,assidute

1912 4112 2104 4169 preces
2137 4096 2205 4151 ad
2241 4096 2431 4159 Deum,
2462 4104 2516 4148 et
2544 4092 2804 4147 exercitia
2838 4089 3110 4145 severiora
3164 4086 3485 4148 monastica,

1916 4198 2142 4245 cunctos
2187 4189 2254 4241 ad
2301 4188 2479 4256 ipsum
2524 4183 2931 4254 pertrabebant,
2993 4181 3139 4233 illius
3180 4192 3338 4247 Opem
3389 4177 3489 4231 ad—

1916 4297 2107 4338 versus
2137 4280 2268 4335 vitia
2300 4277 2631 4349 ingruentia,
2668 4285 2722 4331 et
2753 4281 3052 4343 serpentes,
3093 4286 3159 4325 ac
3192 4270 3490 4338 irrepentes

1917 4376 2145 4438 abusus,
2188 4388 2296 4426 non
2330 4371 2505 4426 solum
2540 4368 2643 4422 viri
2687 4366 2947 4436 religiosi,
2978 4362 3073 4419 sed
3121 4362 3338 4430 collega:
3370 4374 3491 4413 mo-

246 4468 469 4538 privans
538 4468 724 4537 itaque
794 4466 1116 4522 catholicam
1177 4465 1478 4522 Ecclesiam
1540 4469 1812 4538 inculpata
1845 4465 2104 4532 Dnachi,
2169 4478 2232 4518 ac
2289 4459 2603 4531 hegumeni,
2644 4460 2778 4527 ipsae
2823 4457 2987 4511 etiam
3041 4451 3384 4515 diaconissaa,
3438 4457 3495 4538 et

247 4560 570 4629 sinceraque
603 4560 870 4625 doctrina,
904 4560 1130 4614 minime
1169 4560 1378 4629 absque
1425 4559 1613 4613 dolore
1647 4561 1811 4615 vitam

246 4651 541 4722 transiges,
559 4651 673 4706 sive
693 4667 798 4707 non
818 4652 1038 4721 impune
1062 4652 1222 4708 feres.
1258 4671 1276 4702 ι
1302 4649 1453 4706 Hanc
1473 4662 1651 4707 tamen
1682 4669 1819 4722 prae-

249 4744 435 4813 posuit
459 4743 557 4809 illi,
579 4758 741 4813 quam
759 4744 994 4811 primum
1026 4744 1209 4799 datam
1241 4744 1307 4797 ad
1335 4745 1585 4800 eumdem
1619 4759 1818 4799 censeo

252 4851 284 4891 a
313 4836 459 4903 Nilo,
518 4848 645 4889 cum
673 4834 849 4889 adhuc
887 4836 933 4890 is
980 4843 1125 4890 esset
1159 4834 1446 4905 praefectus
1474 4876 1489 4899 ,
1554 4836 1819 4891 Possinus

252 4929 445 4983 ambas
487 4928 856 4997 coniungens,
890 4927 981 4982 sed
1014 4928 1247 4983 Allatius
1274 4928 1537 5001 disjunxit
1563 4929 1818 4998 primam,

252 5024 349 5078 lib.
364 5039 422 5087 ll,
444 5038 499 5076 n.
516 5021 642 5086 265,
665 5019 959 5092 praeferens
980 5021 1065 5075 isti
1081 5022 1223 5089 jure,
1243 5022 1318 5075 uti
1338 5004 1590 5090 superius
1610 5022 1819 5084 monui,

254 5133 310 5185 ιι.
353 5115 478 5178 6'55,
511 5115 614 5169 647
644 5123 696 5169 et
725 5115 855 5177 651,
889 5126 941 5167 et
971 5114 1137 5182 liquet
1166 5128 1196 5167 e
1222 5123 1501 5168 contextu.
1534 5113 1647 5168 llac
1678 5131 1821 5184 quo-

257 5224 365 5277 que
396 5206 552 5261 Nilus
575 5214 954 5261 consummata
971 5205 1082 5274 jam
1104 5202 1331 5259 Joannis
1356 5204 1532 5259 exsilii
1555 5206 1824 5259 sententia

258 5300 552 5355 Arcadium
580 5302 958 5368 imperatorem
989 5297 1309 5352 hortabatur
1329 5297 1396 5352 ad
1426 5296 1823 5367 pcenitentiam,

261 5408 425 5464 quam
456 5393 572 5462 ipse
594 5392 646 5445 in
674 5391 1023 5446 solitudinem
1054 5405 1376 5461 progressus
1402 5389 1827 5459 amplectebatur

261 5501 386 5541 cum
419 5500 587 5539 uxore
632 5498 697 5539 ac
724 5484 871 5548 tiliis,
895 5483 1184 5551 deplorans
1244 5492 1405 5553 atque
1443 5482 1633 5553 lugens
1664 5481 1829 5536 itera-

266 5586 378 5629 tum
415 5576 586 5630 sancti
617 5573 843 5629 Joannis
885 5574 1163 5641 exsilium,
1211 5585 1264 5629 et
1306 5574 1543 5629 minatus
1589 5573 1827 5628 divinam

268 5666 585 5729 vindictam,
621 5681 739 5734 quae
769 5665 1000 5721 Arcadio
1027 5666 1244 5721 dolores
1264 5666 1526 5737 inﬂigeret
1552 5666 1787 5721 acriores
1813 5684 1825 5718 :

272 5758 453 5813 amisit
507 5758 651 5813 enim
708 5757 960 5813 dilectam
1022 5758 1185 5814 nimis
1233 5756 1553 5826 Augustam,
1604 5767 1657 5814 et
1705 5772 1829 5813 mox

1923 4553 2100 4609 omnis
2131 4566 2319 4615 sexus,
2352 4561 2808 4620 quarumcunque
2853 4544 3074 4605 artium,
3104 4540 3283 4594 omnis
3318 4536 3494 4592 aetatis

1925 4646 2175 4701 homines
2219 4644 2367 4697 velut
2410 4639 2693 4710 cujusdam
2750 4634 3073 4699 Averruuci,
3123 4643 3179 4687 et
3220 4628 3494 4686 Alexicaci

1924 4743 2324 4794 consueverant
2357 4733 2671 4803 implorare,
2701 4729 2831 4797 quin
2863 4728 3155 4782 salutarem
3204 4724 3349 4777 illam
3392 4736 3492 4775 ex-

1921 4830 2288 4901 periebantur.

1993 4918 2333 4988 Couscripsit
2382 4916 2548 4987 igitur
2593 4900 2855 4982 opuscula
2892 4909 3211 4978 complura,
3260 4919 3493 4975 quorum

1924 5016 2161 5071 lndicem
2195 5020 2352 5066 antea
2387 5007 2667 5069 contexui,
2709 5014 2763 5061 et
2792 5004 2838 5059 si
2868 5003 3056 5057 liceret
3085 4997 3497 5067 chronologiam

1925 5120 2117 5161 eorum
2162 5112 2443 5171 utcunque
2486 5108 2813 5162 attexerem;
2857 5094 3054 5164 opinor
3098 5090 3298 5161 quippe
3343 5103 3498 5145 com-

1929 5201 2137 5272 positos
2183 5197 2237 5252 in
2280 5194 2470 5265 primis
2496 5191 2732 5246 fusiores
2786 5192 2954 5258 atque
2978 5184 3270 5255 ampliores
3296 5191 3500 5236 tracta-

1928 5305 2047 5357 tus;
2080 5288 2275 5346 deinde
2316 5286 2638 5348 sententias,
2671 5292 2834 5352 atque
2870 5278 3118 5347 Γνώμας,
3165 5286 3220 5329 et
3250 5272 3501 5342 Capitula

1929 5384 2075 5438 velut
2106 5381 2237 5435 olim
2273 5378 2419 5446 Ἔπη
2452 5375 2795 5446 Pythagorae,
2824 5371 2937 5426 sive
2959 5366 3291 5437 Phocylidis,
3332 5379 3365 5417 e
3410 5358 3499 5415 Si—

1927 5476 2149 5549 byllinis
2175 5474 2461 5541 desumpta
2502 5468 2860 5524 carminibus.
2913 5462 3115 5517 Suidae.
3173 5459 3313 5515 Ulim
3354 5456 3500 5527 apud

1932 5570 2155 5625 Latinos
2226 5566 2431 5621 dictum
2498 5562 2602 5616 fuit
2666 5558 2974 5629 Capitulare
3037 5549 3375 5622 Theodulphi
3431 5562 3500 5602 ex

1932 5663 2127 5717 abbate
2167 5655 2505 5713 Floriacensi
2529 5651 2772 5723 episcopi
2806 5645 3217 5726 Aurelianensis
3244 5641 3500 5712 cpistola.

1933 5768 2054 5822 qua:
2090 5750 2431 5821 capitulatim
2457 5752 2743 5816 concepta,
2785 5752 2838 5799 et
2885 5740 3141 5797 distincta
3175 5737 3226 5792 in
3258 5734 3325 5791 16
3353 5730 3510 5803 capi-
