3852 6052
378 298 395 358 l
406 297 510 359 423

1115 297 1261 356 JOS.
1299 297 1559 356 MARI/E
1601 297 1956 356 SUARESII
2000 296 2230 356 LIBER
2267 293 2891 356 CHRONOLOGICUS

3497 286 3638 351 1521

370 410 480 462 tula
520 407 862 475 disciplinam
926 407 1355 461 ecclesiasticam
1404 409 1666 462 continet.
1730 407 1939 463 Floruit
1966 415 2012 468 Α
2041 409 2308 468 cionihus,
2356 417 2410 462 et
2455 404 2913 467 accusationibus,
2954 402 3307 456 invehebatur
3347 401 3640 459 exsultans

372 502 461 555 ille
491 517 638 554 anno
671 499 874 554 Christi
920 499 984 552 N.
1033 498 1158 554 855.
1191 499 1266 553 lta
1300 499 1610 568 Capitulare
1649 499 1828 554 Caroli
1874 500 1942 552 Μ.

370 594 658 649 collectum
720 593 789 646 ab
828 593 1095 660 Ansegiso
1141 593 1337 646 abbate
1377 592 1707 648 Laubiensis
1748 609 1945 648 mona-

370 684 523 739 sterii
545 685 998 739 Cameracensem
1034 687 1174 738 intra
1199 683 1502 746 diwcesim,
1534 685 1585 736 in
1614 699 1722 754 quo
1741 694 1944 740 statuta

370 777 646 831 variarum
679 776 1013 847 synodorum
1067 787 1120 830 et
1163 785 1528 830 conventuum
1549 817 1563 841 ,
1593 786 1648 832 et
1676 778 1946 833 constitu-

369 869 542 922 tiones
575 876 685 921 tam
725 867 905 922 Caroli
958 867 1138 937 Magni
1167 883 1330 936 quam
1361 866 1618 922 Ludovici
1646 866 1818 934 Pii,et
1839 867 1946 924 Lo-

368 957 525 1011 tharii
546 957 782 1019 concise,
805 957 1101 1026 paucisque
1117 955 1295 1010 verbis
1317 956 1717 1024 exprimuntur,
1743 971 1942 1026 conge-

367 1059 508 1103 stum
561 1057 642 1104 est
690 1049 744 1102 in
779 1060 1013 1119 quatuor
1053 1049 1255 1114 libros;
1281 1047 1348 1101 ad
1372 1063 1573 1101 annum
1602 1049 1738 1114 W75,
1770 1048 1941 1104 collo-

365 1151 524 1194 catur
552 1141 641 1196 hic
669 1142 987 1210 Ansegisus.
1015 1139 1170 1210 Apud
1186 1139 1404 1195 Graecos
1435 1139 1722 1209 Κεφάλαια
1753 1153 1938 1196 vocata

365 1233 585 1287 fuerunt
623 1234 921 1286 hortatoria
964 1232 1262 1301 Carpathii,
1317 1247 1426 1286 non
1468 1233 1607 1302 ejus,
1659 1232 1748 1288 cui
1797 1249 1937 1302 prae-

367 1335 565 1374 nomen
603 1319 704 1373 fuit
737 1319 916 1384 Philo,
951 1321 1006 1373 in
1043 1321 1219 1375 insula
1246 1325 1413 1376 maris
1441 1320 1719 1391 Carpathii
1747 1338 1938 1378 versus

367 1412 684 1482 Egyptum,
721 1413 862 1467 inter
894 1412 1134 1477 Cretam,
1167 1413 1525 1484 Rhodumque
1561 1415 1796 1470 ordinati
1820 1417 1938 1487 epi-

365 1509 528 1578 scopi
551 1523 581 1561 a
621 1518 810 1563 sancto
841 1508 1038 1564 Basilio
1068 1511 1134 1564 ad
1168 1526 1298 1564 ann.
1325 1509 1389 1567 C.
1423 1511 1560 1578 574;
1592 1512 1687 1568 sed
1711 1511 1938 1569 Joannis

364 1599 640 1669 Carpathii
655 1602 811 1671 cujus
827 1602 1031 1672 legerat
1051 1601 1204 1658 Nilus
1225 1605 1290 1657 ad
1306 1605 1604 1659 monachos
1621 1605 1784 1661 ludia:
1800 1622 1938 1676 prae-

366 1701 543 1760 cepta,
561 1707 590 1745 e
607 1692 822 1757 Photio,
841 1708 870 1747 e
888 1692 1053 1748 Sexto
1073 1694 1295 1750 Senensi
1316 1713 1330 1761 ;
1356 1695 1412 1749 S.
1427 1695 1645 1751 Maximi
1663 1696 1936 1753 confesso-

365 1759 444 1833 ris
473 1780 542 1834 ad
561 1795 653 1834 an.
676 1781 809 1846 650;
831 1782 1245 1839 Marcieremitze
1263 1759 1407 1839 anno
1427 1785 1552 1851 906,
1579 1795 1634 1842 et
1656 1787 1935 1854 monachi,
1966 1759 2010 1814 Β

366 1870 525 1938 cujus
556 1887 660 1928 ms.
688 1872 825 1926 liber
860 1874 1176 1928 inscribitur
1215 1876 1446 1930 Multum
1491 1876 1786 1932 desiderato
1825 1879 1938 1948 ﬁlio

370 1961 528 2029 Nico,
560 1973 798 2034 suntque
827 1966 1015 2035 viginti
1047 1969 1223 2036 capita
1255 1968 1442 2022 eodem
1476 1969 1528 2022 in
1559 1982 1880 2039 argumento
1909 1987 1940 2027 e

366 2055 530 2127 695
568 2057 797 2122 Photio;
824 2058 1082 2113 Diadochi
1119 2061 1359 2129 episcopi
1405 2060 1654 2115 Photices
1691 2063 1742 2115 in
1773 2062 1939 2132 Epiro

290 2180 304 2185 -
368 2160 551 2215 vetere
584 2150 723 2205 intra
747 2150 1018 2222 Illyricum
1046 2154 1331 2221 Κεφάλαια
1367 2164 1608 2218 centum,
1635 2171 1753 2223 quae
1773 2155 1826 2208 in
1850 2155 1938 2209 Bi-

371 2241 638 2298 bliotheca
655 2244 876 2299 Patrum
906 2254 1142 2307 exstant,
1175 2246 1373 2316 illeque
1419 2245 1602 2300 ﬂoruit
1633 2247 1698 2301 ad
1732 2264 1936 2302 annum

369 2334 505 2401 590;
536 2334 718 2390 Basilii
741 2335 917 2406 Magni
949 2339 1219 2403 Ascetica,
1253 2355 1376 2409 qua:
1420 2350 1598 2394 tamen
1633 2341 1941 2395 tribuuntur

371 2425 665 2481 Eustachio
687 2427 988 2483 Sehasteno
1010 2430 1367 2496 Qumstiones,
1401 2447 1594 2501 nempe
1617 2433 1941 2501 compendio

369 2518 689 2586 explicatae:
723 2528 850 2573 sunt
883 2521 1025 2573 enim
1059 2520 1110 2573 in
1160 2521 1245 2575 his
1272 2523 1617 2591 expurganda
1658 2526 1939 2586 nonnulla,

371 2628 492 2679 quae
535 2623 684 2666 notat
717 2613 1008 2668 cardiualis
1060 2613 1426 2669 Bellarminus
1471 2616 1562 2669 lib.
1619 2616 1692 2670 De
1742 2617 1937 2680 Script.

367 2705 653 2759 ecclesiast.
686 2705 752 2759 ad
788 2720 990 2760 annum
1024 2706 1157 2770 570;
1200 2705 1532 2761 Partenetica
1569 2707 1818 2762 Dur-othei
1853 2725 1942 2763 ar-

369 2797 760 2861 cltimandritze,
805 2798 897 2866 qui
931 2798 1076 2852 circa
1094 2798 1196 2851 560
1228 2814 1432 2852 annum
1465 2799 1634 2863 vixit;
1673 2799 1942 2854 Theodori

366 2889 604 2957 episcopi
645 2887 880 2942 Sabaitae
905 2889 970 2942 ad
999 2904 1201 2942 annum
1233 2889 1337 2943 552
1362 2907 1376 2957 ;
1402 2889 1672 2946 Theodori
1703 2893 1943 2962 episcopi

368 2975 585 3032 Edessa:
611 2978 898 3044 Practica;
937 2979 1092 3034 Isaia:
1129 2980 1362 3045 abbatis,
1388 2980 1614 3051 Agapcti
1664 2983 1728 3035 ad
1771 2981 1944 3036 Justi-

368 3069 592 3122 nianum
633 3070 1040 3139 imperatorem,
1085 3070 1259 3127 Patris
1310 3073 1629 3136 Ammonte,
1667 3074 1797 3143 Cap.
1842 3075 1936 3140 l7;

368 3159 611 3224 Macarii,
639 3176 733 3216 seu
769 3161 952 3231 magni
981 3161 1320 3232 seniorisque
1358 3162 1425 3216 ad
1457 3177 1659 3216 annum
1692 3163 1829 3230 540;
1861 3164 1937 3217 in-

368 3267 535 3322 super
575 3252 862 3322 Κεφάλαια
912 3255 1194 3325 πρακτικὰ
1224 3254 1480 3325 Hesychii
1517 3254 1838 3326 presbyteri,
1874 3271 1939 3308 ae

366 3358 552 3414 postea
601 3346 841 3416 episcOpi
885 3345 1394 3419 Hierosolymitani,
1439 3348 1505 3402 ad
1548 3363 1752 3403 annum
1794 3349 1937 3415 6M;

366 3437 634 3495 Pbilothei
697 3441 950 3496 monachi
995 3441 1313 3496 monasterii
1357 3441 1659 3513 ὑπεραγεας
1678 3443 1939 3496 Θεοτὸκου

364 3530 422 3582 ἐν
447 3530 575 3599 Σινᾷ
605 3529 700 3583 τοῦ
755 3530 918 3598 βάτου
951 3533 1240 3601 Κεφάλαια
1269 3532 1371 3599 58;
1409 3530 1581 3589 lsaaci
1628 3534 1770 3605 Syri.
1806 3534 1936 3590 Item

364 3635 396 3672 e
433 3620 697 3690 Capitulis
725 3621 949 3679 Joannis
979 3636 1175 3678 ascetae
1205 3624 1436 3689 fructus,
1473 3625 1565 3694 qui
1593 3635 1848 3681 auctores
1880 3627 1934 3680 in

363 3712 648 3767 codicibus
685 3713 786 3768 BB.
823 3714 924 3767 BB.
953 3725 1007 3768 et
1030 3715 1155 3777 250,
1192 3717 1626 3784 comperiuntur,
1657 3718 1740 3771 vel
1766 3718 1819 3770 in
1845 3717 1936 3771 Bi-

364 3804 630 3860 bliotheca
663 3806 881 3860 Patrum
912 3806 1116 3867 Graece,
1147 3806 1466 3876 Latineque,
1490 3824 1595 3876 qua
1617 3810 1824 3863 exarati
1845 3825 1936 3864 ca-

366 3897 528 3959 lamo,
550 3913 656 3966 qua
683 3899 826 3968 typis
843 3897 997 3964 editi,
1026 3909 1080 3953 et
1109 3899 1353 3968 Capitula
1386 3900 1489 3954 ista
1512 3898 1693 3954 forsan
1723 3901 1793 3955 ab
1815 3901 1936 3955 aliis

364 3997 617 4058 excerpta
649 3989 954 4043 fueruntex
995 3991 1719 4060 amplioribustractatibus,
1756 3993 1935 4048 homi-

364 4079 470 4144 liis,
486 4089 540 4133 et
555 4081 856 4146 sententiis,
882 4083 1270 4152 responsisque
1300 4083 1367 4138 ad
1392 4085 1690 4155 ἐρωτήσεις
1713 4084 1933 4140 Patrum

363 4173 606 4237 illorum,
671 4174 747 4226 uti
786 4175 1031 4243 Capitula
1067 4177 1282 4232 diversa
1325 4178 1665 4233 diversorum
1710 4176 1932 4232 Patrum

363 4267 526 4318 simul
570 4267 952 4320 consarcinata
993 4276 1045 4322 et
1093 4278 1450 4333 coaeervata,.
1502 4285 1734 4339 quorum
1777 4285 1937 4324 exor-

361 4358 509 4412 dium
541 4368 623 4412 est
647 4377 659 4412 :
687 4356 879 4412 Beatus
906 4359 1240 4429 Epiphanius
1282 4362 1454 4425 dixit;
1478 4371 1531 4415 et
1577 4362 1628 4414 in
1663 4360 1802 4418 Vitis
1831 4361 1935 4416 Pa-

2048 498 2414 568 potissimum.
2468 496 2537 549 At
2577 493 2729 548 Nilus
2771 493 2910 564 stylo
2947 491 3202 545 utebatur
3243 492 3449 556 aulico,
3481 491 3636 546 ideo-

2047 606 2152 659 que
2186 589 2351 643 dictio
2380 586 2485 641 Nili
2509 589 2817 657 castigatior
2839 594 2939 641 est.
2977 583 3341 639 Nihilominus
3376 593 3636 640 sanctum

2044 680 2306 736 Joannem
2342 679 2585 734 imitatur
2608 679 2660 732 in
2685 677 2972 732 Peristeria
3001 683 3056 729 et
3104 676 3159 729 in
3187 676 3451 729 vitiorum
3485 676 3637 730 inse-

2045 775 2307 838 ctatione,
2334 773 2582 827 eruditus
2614 770 2785 840 ipsius
2806 769 3001 836 λόγοις,
3036 769 3086 821 id
3112 777 3216 833 est,
3254 769 3633 830 sermonibus.

2045 881 2186 936 quos
2234 879 2399 934 penes
2425 879 2484 918 se
2518 864 2865 932 praescriptos
2913 861 3180 926 habebat,
3233 870 3291 912 ut
3353 861 3532 927 liquet
3565 874 3632 912 ex

2043 960 2202 1030 epist.
2248 957 2374 1020 293,
2415 956 2509 1010 lib.
2564 972 2624 1014 tt,
2685 953 2766 1006 Ad
2792 952 3118 1006 Zenodorum
3159 953 3443 1015 decanum,
3481 959 3539 1004 et
3565 966 3632 1004 ex

2041 1054 2200 1120 epist.
2233 1051 2319 1116 15,
2348 1049 2442 1103 lib.
2472 1063 2555 1113 tu,
2584 1047 2653 1099 ad
2679 1046 2917 1098 Hierium
2949 1046 3336 1113 presbyterum;
3366 1044 3422 1097 in
3455 1043 3636 1111 prima

2040 1145 2107 1199 de
2138 1144 2341 1198 Christi
2365 1139 2582 1194 Domini
2615 1139 2906 1207 baptismo,
2938 1138 3112 1204 deque
3141 1133 3350 1204 Spiritu
3395 1143 3632 1197 sancto;

2041 1235 2094 1288 in
2140 1233 2375 1290 secunda
2391 1233 2458 1286 de
2485 1228 2642 1294 Jobo,
2665 1244 2730 1282 ex
2759 1227 2864 1280 illis
2896 1240 3172 1295 promens,
3199 1225 3332 1294 agit.
3372 1222 3613 1277 Arctissi

2040 1339 2128 1378 ma
2176 1320 2600 1386 consuetudine,
2639 1317 2904 1372 charitate
2950 1315 3334 1369 ardentissima
3391 1312 3638 1367 devincti

2038 1425 2196 1469 erant
2225 1412 2400 1468 sancti
2450 1408 2685 1464 Joannes
2724 1415 2778 1461 et
2812 1404 3001 1470 Nilus;
3043 1405 3187 1459 unde
3223 1401 3383 1458 Nilus
3413 1403 3642 1473 egregie

2041 1516 2220 1561 tuetur
2242 1505 2496 1574 ipsum,et
2519 1499 2784 1555 Joannem
2798 1497 3108 1568 episcopum
3126 1495 3642 1564 Constantinopoli-

2037 1611 2224 1659 tanum
2269 1593 2523 1664 θεοφόρον
2564 1591 2753 1662 ἄνδρα,
2809 1603 2972 1660 quem
3007 1588 3308 1643 Sosthenes
3340 1585 3643 1647 Commen-

2038 1686 2289 1743 tariensis
2321 1684 2574 1754 culpabat
2603 1682 2680 1746 ὡς
2715 1680 2947 1754 ὀργίλον,
3008 1687 3140 1745 etc.,
3180 1687 3242 1733 ut
3274 1677 3636 1739 iracundum,

2037 1781 2197 1849 epist.
2217 1778 2338 1843 509,
2368 1778 2458 1831 lib.
2490 1792 2527 1840 ι,
2560 1775 2629 1829 ad
2664 1773 2914 1830 eumdem
2969 1770 3314 1833 Sostbenem,
3348 1778 3642 1838 comparat

2038 1869 2229 1926 Joanni
2262 1867 2512 1938 Baptista:
2534 1875 2696 1934 atque
2712 1863 2956 1930 Christo;
2980 1872 3040 1917 ut
3071 1862 3168 1917 lib.
3205 1877 3264 1925 tt,
3307 1861 3475 1930 epist.
3509 1859 3636 1923 183,

2037 1979 2159 2018 eum
2180 1963 2440 2025 dilaudat,
2477 1970 2531 2014 et
2557 1957 2950 2014 carbunculum
2987 1953 3244 2011 Ecclesia:
3277 1955 3350 2008 ob
3370 1953 3639 2023 splendo-

2039 2073 2150 2110 rem
2178 2053 2392 2124 pietatis
2414 2052 2480 2107 ad
2509 2049 2776 2105 Valerium
2813 2047 3242 2112 Cubicularium,
3280 2045 3454 2116 696
3498 2053 3635 2108 etc.,

2038 2146 2255 2211 recitat;
2279 2155 2331 2199 et
2350 2145 2441 2198 lib.
2463 2160 2542 2209 tu,
2561 2143 2719 2212 epist.
2738 2141 2860 2207 199,
2884 2140 3134 2195 eumdem
3155 2147 3314 2193 vocat
3329 2135 3633 2202 Entbeum,

2038 2247 2093 2292 et
2134 2252 2230 2292 eos
2273 2236 2366 2306 qui
2401 2237 2706 2305 Augustum
2754 2232 3150 2287 εὐλαϐέστατον
3193 2231 3287 2283 καὶ
3307 2227 3635 2283 ἁπλούστα-

2037 2347 2148 2393 τον,
2183 2321 2665 2400 benignissimum,
2691 2334 2744 2382 et
2764 2324 3255 2396 simplicissimum,
3272 2332 3335 2377 ut
3349 2331 3634 2376 extorrem

2041 2422 2243 2477 faceret
2281 2421 2636 2492 impulerunt,
2671 2436 2702 2476 a
2736 2420 2847 2476 Deo
2886 2419 3107 2490 punitos
3134 2433 3202 2473 ex
3242 2432 3439 2472 eorum
3476 2431 3634 2492 cou-

2041 2514 2277 2570 l‘essione
2311 2514 2615 2568 invidentes
2643 2513 2930 2583 episcopos
2955 2521 3144 2577 narrat
3171 2511 3376 2566 Severo
3413 2489 3631 2565 ex'con-

2042 2606 2166 2661 suli.
2203 2604 2363 2660 Certe
2387 2613 2635 2660 sanctum
2664 2603 2929 2659 Joannem
2956 2603 3078 2659 Nilo
3102 2619 3232 2659 suas
3260 2604 3428 2659 etiam
3458 2603 3632 2657 visio-

2042 2714 2138 2753 nes
2197 2707 2360 2767 atque
2399 2697 2755 2752 revelationes
2843 2696 3282 2752 communicasse
3331 2696 3508 2766 liquet
3555 2710 3626 2748 ex

2043 2789 2204 2858 epist.
2238 2788 2459 2857 subseq.
2511 2786 2636 2841 29L.
2669 2787 2763 2841 lib.
2805 2804 2878 2851 tt,
2927 2787 2981 2840 in
3029 2803 3137 2857 qua
3185 2786 3363 2857 ipsum
3407 2801 3632 2855 magna:

2046 2879 2358 2952 Byzantina:
2399 2880 2822 2934 illuminatorem
2879 2878 3140 2934 Ecclesiae
3195 2878 3625 2940 admirabilem,

2047 2973 2158 3028 imo
2195 2975 2363 3028 totius
2407 2973 2557 3029 orbis
2591 2973 2858 3034 nominat,
2889 2971 3135 3027 scribens
3163 2972 3229 3026 ad
3260 2971 3625 3026 Anastasium

2047 3066 2358 3135 episcopum
2385 3105 2400 3128 ,
2439 3065 2648 3119 scilicet
2691 3073 2933 3133 tempore
2975 3063 3309 3119 sacrosancti
3359 3063 3626 3119 sacriﬁcii

2043 3159 2112 3212 ah
2144 3159 2335 3212 eodem
2370 3167 2562 3213 sancto
2603 3155 2814 3211 Joanne
2841 3155 2989 3212 visos
3018 3155 3242 3226 angelos
3274 3156 3448 3210 altare
3492 3169 3624 3208 cum

2043 3249 2394 3304 veneratione
2445 3248 2849 3304 circumeuntes
2896 3247 2953 3302 in
2981 3248 3147 3303 domo
3195 3246 3434 3311 Domini,
3493 3262 3624 3300 cum

2041 3341 2300 3412 inciperet
2323 3341 2676 3402 oblationem.
2698 3355 2872 3411 usque
2893 3339 2962 3396 ad
2988 3339 3230 3412 mysterii
3257 3353 3624 3394 consumma-

2040 3434 2265 3500 tionem,
2297 3434 2364 3490 de
2396 3449 2504 3504 qua
2533 3433 2760 3504 epistola
2778 3447 2939 3503 supra
2974 3432 3304 3488 mihlsermo
3338 3430 3463 3493 fuit,
3493 3445 3620 3499 pag.

2039 3525 2166 3589 635,
2197 3535 2253 3582 et
2284 3526 2376 3580 ubi
2420 3542 2706 3595 operarum
2753 3527 2953 3580 mendo
2982 3525 3106 3590 594,
3153 3533 3471 3578 numeratur
3499 3539 3515 3586 ;
3542 3522 3623 3576 ibi

2038 3618 2343 3689 διορατικὸς
2371 3619 2651 3690 ὑπάρχων,
2680 3633 2787 3671 non
2809 3617 3160 3688 exponendus
3180 3625 3319 3681 erat,
3349 3631 3473 3668 cum
3504 3615 3624 3668 acie

2039 3711 2311 3764 oculorum
2367 3711 2595 3776 valeret;
2648 3709 2740 3765 sed
2805 3710 2985 3779 potius
3029 3724 3147 3762 cum
3202 3708 3255 3762 in
3292 3708 3407 3761 uisu
3457 3709 3623 3778 foret,

2038 3805 2151 3859 sive
2173 3805 2472 3869 ltoramate,
2496 3803 2562 3858 de
2588 3818 2696 3872 quo
2719 3804 2903 3856 Actor.
2927 3816 3044 3870 cap.
3075 3816 3184 3864 xiv,
3203 3816 3255 3853 v.
3277 3799 3334 3863 4,
3360 3809 3480 3854 etc.
3503 3815 3616 3863 sn,

2038 3915 2089 3953 v.
2125 3899 2180 3964 9,
2211 3898 2614 3953 eruditissimus
2665 3895 2976 3952 llolstenius
3021 3895 3075 3948 in
3101 3892 3254 3948 Notis
3289 3893 3357 3947 ad
3395 3895 3618 3962 passio-

2036 4006 2159 4046 nem
2197 3990 2298 4045 SS.
2331 3990 2608 4060 Perpetua:
2641 4000 2696 4044 et
2729 3989 3022 4045 Felicitatis
3047 4003 3113 4042 ex
3141 3987 3374 4042 Alcuino
3411 3997 3470 4042 et
3509 3987 3621 4041 Ad-

2039 4084 2259 4150 helmo,
2298 4099 2351 4152 p.
2401 4083 2522 4148 1'52,
2569 4083 2773 4154 ὅραμα,
2834 4081 3046 4151 Θέαμα,
3096 4080 3346 4146 δπτασις,
3394 4079 3613 4150 ὅρασις,

2037 4173 2174 4242 εἶδος
2210 4178 2532 4247 φαντασίας,
2578 4179 2699 4232 θέα.
2741 4177 2972 4248 Hesych.
3019 4175 3356 4248 διορατικός,
3402 4174 3615 4243 perspi-

2041 4287 2158 4336 cax,
2186 4269 2539 4336 Damasceno,
2569 4279 2625 4324 et
2661 4269 2966 4324 Alexandro
2995 4266 3378 4338 prbrodisaao,
3406 4267 3615 4321 inseri-

2041 4363 2253 4432 ptiones
2287 4364 2562 4427 Romanae,
2586 4376 2651 4416 ex
2691 4361 2810 4416 viso
2840 4371 2894 4414 et
2933 4359 3074 4415 visu.
3108 4359 3260 4414 Nilus
3297 4356 3520 4426 quidem
3558 4358 3616 4412 in

365 4457 504 4502 trum
541 4451 741 4506 similia
774 4453 1145 4517 inveniuntur,
1177 4462 1230 4507 et
1246 4453 1605 4522 plurimorum
1638 4455 1927 4526 Synopsim
1960 4456 2006 4512 D
2032 4455 2319 4526 praeceptis
2346 4454 2711 4510 exundantem
2754 4453 3038 4509 coercebat
3083 4451 3476 4521 eloquentiam.
3517 4466 3617 4504 ea-

363 4541 523 4594 vertit
550 4557 579 4595 e
609 4539 797 4595 Graeco
831 4542 884 4594 in
931 4541 1184 4596 Latinum
1210 4543 1262 4596 in
1301 4542 1422 4597 Vita
1451 4545 1632 4599 Basilii
1662 4547 1932 4613 monachi,

360 4637 414 4683 et
445 4630 683 4700 praefecti
721 4631 889 4683 lauraa
924 4629 1162 4696 Malcini,
1203 4633 1546 4700 asceticaque
1566 4633 1936 4706 Descriptione

359 4718 597 4776 Jaeubus
629 4720 906 4775 Pontanus
934 4720 1222 4778 Societatis
1249 4721 1397 4778 Jesn.
1425 4723 1552 4778 Vide
1579 4725 1932 4781 Sirmundum

363 4811 415 4862 in
440 4808 591 4862 Notis
613 4809 678 4862 ad
710 4807 1146 4874 Tbcudulphum,
1181 4827 1302 4880 pag.
1345 4813 1469 4868 274.
1502 4812 1759 4870 Versarat
1784 4817 1934 4869 diur-

365 4912 431 4948 na
460 4905 836 4964 nocturnaque
878 4913 1042 4953 manu
1093 4900 1270 4965 Nilus,
1313 4910 1368 4956 et
1407 4903 1662 4958 diuturna
1704 4905 1934 4960 lectione

365 4986 590 5038 triverat
628 4985 800 5042 libros
823 5003 1033 5054 sacros,
1077 4990 1212 5046 adeo
1243 4999 1303 5045 ut
1326 4991 1449 5046 illos
1481 4993 1761 5049 imhihisse
1783 4993 1932 5048 vide-

334 5134 337 5137 _
361 5077 694 5144 retur,locos
719 5093 910 5134 eorum
932 5082 1066 5137 scite
1088 5093 1251 5153 atque
1271 5082 1852 5155 appositejapplicabat,
1881 5093 1936 5140 et

359 5169 666 5238 exponebat
693 5173 978 5236 concinne,
997 5186 1164 5242 seque
1193 5174 1248 5227 in
1281 5174 1366 5228 his
1399 5174 1932 5243 exercitatissimum,

358 5270 414 5315 et
450 5276 766 5332 germanum
815 5265 989 5319 sancti
1018 5264 1245 5321 Joannis
1286 5266 1661 5340 Chrysostomi
1689 5273 1934 5344 discipu-

360 5352 473 5407 lum
507 5356 833 5419 exhibebat;
869 5358 962 5413 sed
1014 5362 1266 5428 quamvis
1314 5375 1498 5420 sumat
1539 5381 1638 5435 pro
1691 5377 1935 5438 tempore

359 5445 444 5497 vel
474 5449 696 5502 materia
712 5448 870 5505 Nilus
898 5451 1143 5508 diversos
1163 5454 1486 5524 eloquentiae
1519 5460 1720 5522 vultus,
1752 5471 1932 5516 tamen

365 5537 541 5605 ipsius
565 5541 803 5606 pressior
835 5551 919 5596 est
945 5558 1107 5612 quam
1138 5545 1311 5600 sancti
1342 5545 1569 5604 Joannis
1601 5552 1791 5620 stylus.
1825 5552 1932 5606 Do—

365 5637 484 5680 ctor
531 5633 729 5685 etenim
771 5635 861 5688 ille
899 5647 1122 5692 sanctus
1163 5639 1462 5695 Antiochia:
1493 5651 1651 5696 natus
1694 5643 1934 5699 Asiatica

365 5726 581 5777 tumens
603 5724 878 5794 facundia,
911 5738 965 5785 et
1001 5742 1253 5790 assuetus
1281 5733 1481 5792 forensi
1517 5737 1684 5806 copiae
1716 5738 1768 5792 in
1801 5753 1932 5794 con-

2038 4561 2146 4616 que
2192 4545 2549 4601 contrahebat
2586 4545 2642 4599 in
2679 4543 2951 4616 Capitula,
2983 4543 3127 4598 unde
3153 4557 3352 4597 nomen
3381 4541 3612 4596 sortitus

2036 4647 2138 4704 est,
2175 4636 2589 4706 Κεφαλαιώτου,
2626 4637 2822 4706 stylum
2842 4649 3114 4705 usurpans
3143 4634 3387 4696 brevem,
3416 4647 3483 4687 ac
3504 4633 3615 4686 im-
3661 4665 3668 4672 ς

2033 4732 2374 4803 perativum,
2427 4729 2729 4800 Epictetum
2776 4730 2938 4785 etiam
2991 4727 3290 4788 adhibens,
3339 4740 3514 4796 quem
3557 4735 3616 4780 et

2035 4824 2359 4880 Christianae
2397 4822 2603 4893 aptavit
2665 4819 3062 4891 phil030phiae,
3124 4819 3615 4885 austeritatemque

2037 4911 2343 4965 Stoicorum
2368 4910 2646 4966 duriorem
2671 4908 2949 4962 emollivit.
2985 4907 3044 4961 In
3073 4907 3381 4976 Διηγήματι
3425 4915 3613 4960 autem

2039 5003 2240 5057 laxavit
2275 5001 2425 5056 lrena
2463 5000 2781 5064 elocutioni,
2837 4997 3080 5053 serviens
3112 4996 3328 5051 aﬂ‘ectui
3377 5011 3500 5059 suo,
3539 4996 3614 5049 ab

2035 5108 2209 5164 eoque
2257 5103 2467 5164 raptus,
2503 5100 2668 5160 utque
2701 5089 2933 5159 legimus
2962 5089 3019 5142 in
3048 5087 3253 5142 Menaeo
3289 5087 3434 5157 prid.
3480 5077 3628 5142 ldus.

2035 5183 2296 5239 Novemb.
2322 5203 2335 5238 :
2376 5183 2707 5255 Ἐθρήνησεν
2732 5180 2848 5235 υἱὸν
2876 5179 3040 5235 αὑτοῦ
3067 5179 3408 5249 αἰχμάλωτον
3448 5177 3614 5232 πλέον

2034 5280 2129 5332 τοῦ
2171 5277 2524 5349 καθήκοντος,
2553 5274 2735 5339 καθὼς
2763 5275 2822 5329 ὲν
2863 5274 2943 5345 τῷ
2980 5273 3109 5344 παρ’
3137 5271 3304 5326 αὐτοῦ
3331 5271 3615 5326 συντεθέν-

2037 5391 2088 5426 τι
2115 5371 2406 5440 γράμματι
2441 5369 2740 5439 ἐμφέρεται
2762 5382 2776 5397 ·
2810 5366 2863 5421 id
2907 5374 3008 5432 est,
3048 5363 3210 5418 Luzit
3239 5363 3408 5434 ﬁlium
3453 5378 3613 5415 suum

2035 5466 2322 5533 captivum,
2345 5463 2625 5532 plusquam
2652 5462 2919 5524 decuerat,
2945 5457 3428 5528 quemadmodume
3448 5454 3611 5518 libro,

2036 5575 2188 5625 quem
2225 5559 2287 5611 de
2315 5557 2408 5611 illo
2438 5555 2752 5625 composuit,
2781 5553 3017 5622 effertur,
3053 5561 3102 5605 et
3131 5550 3352 5618 ﬂoribus
3382 5548 3610 5601 rhetori-

2038 5651 2111 5702 cis
2137 5650 2450 5718 purpuravit
2486 5649 2700 5718 phrases
2730 5660 2875 5699 suas.
2905 5641 2982 5698 Ita
3016 5642 3070 5696 in
3099 5640 3217 5710 Jobi
3239 5639 3374 5709 justi
3421 5638 3610 5692 verbis

2035 5739 2192 5794 multi
2218 5755 2281 5801 ea
2306 5755 2413 5794 non
2435 5737 2762 5808 intelligunt,
2783 5744 2836 5790 et
2853 5731 3100 5803 quadam
3128 5730 3197 5784 ibi
3221 5728 3296 5785 sic
3309 5725 3607 5795 accipiunt,
