3852 6052
184 331 315 398 1425

1471 349 1570 407 DE
1611 350 1774 409 VlTA
1830 352 1891 412 S.
1949 355 2137 416 NILI.

3273 350 3332 412 1-4
3339 352 3406 412 2f)

175 444 322 514 quasi
358 444 560 516 aliquid
609 447 808 506 durum
854 453 1052 510 dixerit
1096 456 1205 513 Job
1248 459 1301 512 in
1345 459 1550 523 Deum,
1601 477 1740 532 quos
1767 467 1812 523 Α
1845 463 2004 520 mista
2035 483 2163 521 vero
2204 476 2351 533 sunt,
2407 477 2462 522 et
2503 464 2877 536 paraphrasim
2929 463 3100 518 solam
3158 462 3403 532 sapiunt;

175 537 370 593 refutat
402 551 624 598 sanctus
659 546 995 616 Augustinus
1039 551 1092 605 in
1125 551 1476 608 Enarratione
1521 552 1729 609 Psalmi

174 645 284 694 cui,
335 647 390 702 p.
419 632 524 689 459
551 653 565 689 :
597 637 917 708 eloquentia
951 657 1168 712 quoque
1213 645 1321 700 vim
1377 647 1632 716 expandit
1680 646 1735 700 in

173 722 502 796 Panegyrico
526 729 736 784 Alhiani
767 731 987 801 Galatae,
1022 738 1324 808 nutritique
1344 739 1596 811 Ancyra,
1623 739 1736 794 for-

173 815 330 880 mosi,
363 824 419 872 et
445 819 580 874 casti
611 840 623 875 :
665 837 787 877 cum
829 825 895 880 ad
929 841 1084 882 sacra
1131 831 1426 884 ministeria
1454 842 1739 885 vocaretur

172 908 277 974 ille,
312 909 369 964 in
393 925 633 968 eremum
669 916 736 970 ad
775 930 1013 975 montem
1048 923 1322 992 confugit;
1362 924 1464 977 sub
1509 923 1739 980 Leontio

101 1002 112 1070 ᾗ
172 1000 501 1072 presbytero,
545 1013 659 1061 tum
696 1008 970 1081 episcopo,
1007 1012 1263 1068 lustravit
1288 1016 1578 1071 sacraloca
1610 1017 1736 1072 Ilie-

174 1093 481 1166 rosolymis,
526 1097 736 1168 jejunio
778 1105 1010 1172 vacavit,
1059 1115 1111 1161 et
1149 1109 1543 1176 pradicationi,
1582 1126 1739 1163 num~

171 1199 317 1238 mum
370 1184 604 1245 Casaris
653 1207 760 1246 non
806 1205 968 1250 norat
1015 1205 1070 1251 et
1117 1197 1171 1251 in
1218 1198 1407 1253 Nitriae
1439 1199 1736 1254 solitudine

173 1277 499 1336 obdormivit
525 1283 578 1337 in
618 1284 868 1343 Domino.
898 1288 1050 1346 Hanc
1080 1291 1135 1345 in
1173 1307 1371 1362 genere
1397 1293 1737 1348 demonstra-

170 1368 279 1422 tivo
317 1369 682 1429 laudationem
725 1380 966 1434 numeris
983 1379 1137 1436 Nilus
1187 1385 1442 1440 omnibus
1503 1386 1739 1441 absolvit

148 1458 590 1540 elegantissime,
621 1481 782 1536 quam
812 1466 889 1523 Β.
942 1471 1003 1525 Ρ.
1044 1470 1304 1530 Pessinus
1341 1474 1531 1531 Latine
1577 1477 1739 1531 vertit

167 1558 219 1603 et
246 1550 437 1606 edidit.
472 1554 705 1612 Sanctus
731 1557 1025 1627 Gregorius
1053 1561 1430 1622 Nazianzenus
1456 1567 1737 1622 characte-

167 1651 282 1692 rem
331 1638 641 1700 Polemonis
689 1647 947 1718 sophista
993 1651 1145 1708 visus
1189 1665 1272 1708 est
1305 1670 1618 1725 usurpasse,
1657 1658 1735 1711 uti

168 1739 392 1789 sanctus
436 1731 816 1810 Hieronymus,
880 1752 934 1796 et
987 1743 1344 1815 Sophronius,
1394 1747 1487 1802 lib.
1540 1748 1611 1802 De
1631 1750 1728 1802 vir.

1841 569 1964 623 qua
1981 571 2110 610 vero
2137 557 2496 612 meditabatur
2533 557 2587 610 in
2610 545 2930 610 Psalterium
2953 554 3138 609 nescio
3177 569 3245 607 an
3283 570 3407 622 pcr-

1841 644 2050 709 fecerit,
2079 657 2133 702 et
2159 664 2346 703 eorum
2368 647 2571 718 aliquid
2603 645 2840 716 supersit
2881 645 2935 698 in
2974 660 3107 700 mss.
3149 644 3262 713 jam
3295 645 3408 697 lan-

1842 738 1984 793 datis
2017 738 2122 794 BB.
2146 739 2249 794 BB.
2283 740 2552 810 pracipue
2581 739 2648 792 72
2672 737 2876 801 codice,
2908 736 2996 789 tibi
3018 736 3169 789 Νειλ.
3203 745 3285 790 est
3311 737 3409 789 ad-

1841 837 2084 882 notatum
2109 831 2472 896 vocabulum;
2511 830 2562 882 in
2591 828 2696 882 Joh
2729 829 2912 901 etiam.
2941 827 3144 894 Ingenii
3191 827 3408 895 quidem

1845 935 1982 976 vena
2007 937 2115 976 non
2155 938 2368 992 semper
2397 923 2463 976 ad
2504 930 2689 976 votum
2718 920 3031 991 respondet,
3079 935 3252 988 neque
3293 921 3409 973 fro--

1843 1021 1956 1068 stra
1980 1014 2199 1083 quidam
2229 1013 2542 1084 pradicant,
2572 1013 2721 1066 claro
2743 1011 2829 1066 die
2859 1012 3065 1075 nitere;
3104 1011 3307 1080 pluvio,
3350 1027 3412 1065 ac

1841 1105 2094 1158 substillo
2125 1105 2258 1159 illud
2307 1106 2612 1160 ﬂacescerc.
2647 1102 2879 1158 Habitus
2925 1101 3170 1172 corporis
3204 1101 3413 1156 confert

1839 1198 1904 1250 ad
1939 1197 2364 1260 lucubrationes,
2390 1196 2532 1251 sicut
2563 1202 2618 1250 et
2645 1195 2809 1248 animi
2838 1214 2850 1248 :
2887 1202 3153 1264 agrota-ns
3191 1207 3410 1262 corpus,

1837 1305 1980 1358 ager
2012 1291 2228 1345 animus
2257 1290 2392 1344 nihil
2411 1305 2608 1344 sanum
2641 1288 2894 1358 pariunt;
2925 1284 3250 1355 proveniunt
3273 1284 3413 1339 fetus

1843 1383 2042 1436 mentis
2083 1383 2442 1452 pulchriores.
2486 1383 2577 1452 qui
2635 1382 2974 1436 deducuntur
3004 1388 3057 1434 et
3090 1390 3415 1450 promuntur

1840 1487 1904 1525 ex
1940 1473 2026 1526 illa
2061 1488 2274 1538 serena,
2300 1474 2410 1528 imo
2448 1482 2770 1544 quaruntur
2800 1472 2868 1527 ad
2902 1487 2997 1528 eos
3025 1470 3413 1541 parturientlos

1837 1565 1946 1618 otia
1971 1575 2024 1620 et
2055 1580 2323 1622 secessus.
2355 1566 2484 1622 Hor.
2521 1587 2534 1620 :

1971 1682 2210 1739 Boeotum
2240 1685 2299 1738 in
2324 1701 2504 1738 crasso
2519 1684 2731 1752 jurares
2763 1700 2880 1736 aere
2909 1691 3112 1736 natum.

167 1818 335 1876 illast.
388 1824 864 1894 animadvertunt;
896 1831 1021 1887 licet
1075 1833 1164 1889 isti
1216 1837 1414 1905 stylum
1481 1837 1728 1892 Isocratis

1834 1817 2047 1873 Calum
2089 1819 2462 1886 mitissimum,
2497 1819 2726 1890 ejusque
2773 1817 3081 1881 clementia,
3121 1825 3174 1871 et
3209 1825 3412 1883 tempe-

165 1925 228 1966 ac
267 1912 505 1984 ἠδύτητα
553 1915 814 1975 Erasmus
861 1921 951 1976 ille
995 1935 1283 1994 suspectus
1335 1928 1555 1984 criticus
1581 1929 1736 1984 aliin-

165 2010 272 2094 gat,
302 2005 536 2064 Basilius
582 2011 836 2080 exprimit
863 2011 1302 2083 Demosthenem,
1351 2018 1467 2073 sive
1522 2019 1754 2094 Thucy-i

165 2093 383 2160 didem,
434 2107 488 2152 et
543 2099 634 2153 alii
686 2100 872 2159 Patres
919 2104 1114 2160 imitati
1174 2116 1300 2162 sunt
1347 2109 1484 2164 alios
1531 2093 1739 2180 priores

164 2196 429 2256 oratores,
477 2191 560 2245 vel
599 2193 914 2252 historicos.
976 2196 1207 2253 Flaccus
1247 2199 1473 2256 Albinus
1510 2202 1593 2257 vel
1647 2201 1739 2257 Ale-

164 2279 361 2335 cuinus
413 2280 612 2349 abbas,
648 2284 830 2340 Caroli
876 2287 946 2341 Μ.
1001 2289 1318 2360 deliciosus,
1369 2292 1423 2348 id
1471 2305 1553 2348 est
1605 2295 1738 2351 dite.

164 2377 308 2437 ctus,
350 2381 421 2439 et,
456 2383 516 2428 ut
545 2375 734 2432 volunt
779 2379 964 2449 aliqui,
1015 2382 1397 2443 auricularius.
1430 2385 1482 2438 id
1533 2395 1635 2450 est,
1669 2387 1737 2440 ab

161 2462 325 2534 697
349 2467 567 2524 arcanis
591 2469 1039 2538 confessionibus,
1062 2475 1278 2546 reliquit
1299 2476 1438 2530 inter
1457 2492 1618 2546 Opera
1639 2494 1740 2534 sua

164 2551 348 2610 Caroli
368 2555 546 2628 Magni
565 2575 906 2630 responsum,
936 2563 989 2618 in
1002 2580 1112 2634 quo
1137 2582 1294 2622 sensa
1313 2567 1398 2621 ille
1415 2584 1512 2623 sua
1529 2569 1734 2638 patefa~

159 2645 234 2700 cit
269 2662 523 2706 sermone
551 2653 840 2722 comatico,
865 2655 979 2710 sive
999 2659 1355 2728 χρωματικῷ,
1386 2661 1435 2713 id
1469 2673 1571 2726 est,
1598 2661 1734 2730 ligu-

158 2743 303 2803 rato,
332 2738 445 2795 sive
473 2740 810 2812 κοσμητικῷ,
834 2744 884 2798 id
927 2753 1027 2810 est,
1066 2747 1347 2811 adornato,
1386 2759 1506 2819 post
1533 2751 1625 2804 lib.
1658 2751 1736 2806 De

156 2827 325 2882 divin.
356 2829 515 2900 Ofﬁc.
549 2849 602 2901 p.
635 2834 724 2888 84.
764 2833 822 2889 ln
862 2833 1230 2894 Concionibus
1249 2839 1514 2909 ejusmodi
1554 2853 1636 2897 est
1671 2859 1735 2898 ea

157 2918 226 2973 de
251 2919 445 2990 gladiis
466 2923 697 2990 duobus,
726 2940 889 2995 quam
944 2925 1128 2982 Crace
1165 2927 1464 3001 Latineque
1504 2934 1732 3003 prabui,

157 3019 211 3064 ct
236 3010 341 3066 illa
373 3011 494 3067 dua
531 3014 597 3069 de
630 3013 914 3080 Paschate,
947 3018 1032 3073 vel
1068 3018 1482 3076 Hesurrectione
1507 3023 1730 3090 Christi,

154 3116 391 3170 quorum
420 3099 744 3171 Epitomem,
781 3104 863 3158 vel
890 3103 1187 3176 fragmenta
1229 3108 1456 3163 inseruit
1484 3125 1584 3165 suo
1611 3113 1730 3165 Mu-

1837 1910 1944 1965 ries
1994 1913 2284 1982 plurimum
2342 1913 2484 1966 valet
2537 1913 2604 1966 ad
2662 1921 2914 1966 ornatum
2968 1909 3124 1980 styli,
3174 1917 3227 1963 et
3276 1923 3410 1976 qua—

1837 2001 1903 2066 si,
1933 2011 1991 2056 ut
2012 2003 2085 2057 ita
2109 2004 2323 2074 loquar,
2357 2003 2423 2058 ad
2443 2003 2697 2058 dictionis
2725 2001 3015 2073 ὴδύχρουν,
3037 2001 3088 2055 id
3120 1999 3411 2067 est,bedy-

1840 2095 2057 2158 chrum,
2083 2103 2166 2150 est
2196 2095 2324 2149 illud
2355 2105 2713 2165 unguentum,
2736 2093 2878 2163 quod
2910 2093 3100 2147 illitum
3136 2091 3290 2146 faciei
3322 2106 3412 2146 so-

1836 2185 1909 2238 let
1941 2185 2202 2240 inducere
2242 2186 2568 2240 suavitatem
2595 2185 2799 2249 odoris,
2855 2196 2908 2238 et
2947 2184 3218 2248 lavitatis,
3253 2182 3409 2236 Cice—

1837 2291 1970 2331 rone
2000 2285 2170 2341 teste,
2205 2277 2299 2331 lib.
2351 2295 2412 2332 lll
2443 2277 2738 2331 Tusculan.
2781 2292 2830 2331 c.
2862 2275 2951 2330 46.
3005 2275 3190 2344 Itaque
3226 2273 3410 2327 varius

1836 2377 1919 2425 est
1946 2370 2036 2426 ille
2082 2369 2134 2425 in
2167 2370 2285 2440 ejus
2312 2369 2570 2441 Epistolis
2600 2385 2699 2440 pro
2743 2371 2986 2425 locorum
3011 2409 3027 2434 ,
3059 2367 3407 2433 valetudinis,

1836 2477 2083 2528 casuum,
2121 2471 2173 2517 et
2203 2473 2507 2533 temporum
2537 2463 2858 2529 diﬂ‘erentia,
2899 2470 2953 2516 et
2981 2459 3121 2515 forte
3149 2476 3408 2514 nonnun-

1835 2571 2020 2623 quam,
2055 2556 2132 2610 uti
2153 2555 2404 2620 Roscius,
2434 2557 2655 2611 crudior
2702 2557 2821 2612 fuit.
2851 2555 2965 2611 Cic.
2998 2555 3091 2609 lib.
3157 2554 3234 2608 De
3266 2562 3404 2607 orat.

1835 2661 1956 2716 cap.
2014 2646 2137 2702 124.
2191 2647 2478 2704 Liberatus
2526 2650 2692 2720 igitur
2731 2648 3028 2718 agitatione
3081 2647 3319 2710 mentis,
3356 2655 3409 2699 et

1835 2737 2002 2792 animi
2041 2739 2300 2800 motibus,
2334 2751 2497 2810 atque
2527 2741 2845 2810 passionum
2865 2740 3110 2804 astibus,
3143 2747 3196 2792 et
3226 2736 3407 2792 ﬂucti-

1835 2830 1939 2885 bus
1963 2832 2192 2888 undosis
2215 2833 2384 2903 698
2409 2835 2690 2904 expeditus
2723 2832 2899 2898 Nilus,
2940 2840 3277 2902 tempestate.
3300 2845 3406 2899 qua

1829 2923 2068 2992 jactatus
2097 2923 2293 2991 fuerat,
2327 2926 2537 2991 sedata,
2572 2934 2891 2995 recuperato
2932 2940 3058 2980 cum
3089 2923 3198 2977 lilio
3230 2921 3408 2976 Theo-

1835 3015 1986 3079 dulo,
2021 3031 2080 3071 se
2119 3016 2324 3086 recepit
2371 3017 2430 3071 in
2469 3024 2689 3087 portum
2742 3015 2967 3086 quietis,
3023 3016 3078 3068 in
3131 3013 3406 3068 alcedonia

1836 3120 1955 3170 sua,
2003 3107 2092 3160 ubi
2118 3107 2348 3177 adeptus
2395 3107 2681 3178 εὐθυμίαν,
2729 3123 2823 3162 seu
2871 3105 3336 3176 tranquillitatem,
3378 3121 3408 3158 c

157 3169 423 3264 ῥιοσεδλῳ
446 3169 693 3259 Photius,
721 3196 840 3250 cod.
870 3169 1048 3263 276,a
1072 3214 1131 3254 se
1146 3201 1313 3254 lectas
1345 3216 1436 3255 eas
1455 3201 1728 3271 referens;
1757 3169 1799 3227 ε
1836 3169 2040 3253 Seneca
2074 3216 2123 3254 c.
2166 3169 2238 3266 2,-
2258 3200 2326 3254 ad
2381 3169 2678 3260 Severum,
2712 3199 2788 3253 De
2830 3200 2952 3253 vita
3001 3169 3404 3267 tranquillitate,

150 3301 430 3356 purpuras
447 3287 645 3358 eloquii
666 3289 748 3343 sui
771 3289 1028 3359 explicuit
1058 3291 1314 3348 resolutis
1337 3304 1557 3364 turgens
1574 3296 1731 3364 νιφά-

150 3377 328 3440 δεσσι,
371 3377 747 3452 elferbuitque,
799 3383 876 3437 uti
915 3383 1182 3441 Pindarus
1227 3387 1364 3456 apud
1423 3387 1729 3453 Horatium,

148 3466 430 3537 profundo
477 3470 778 3528 immensus
816 3487 932 3528 ore.
976 3474 1245 3530 Dicuntur
1274 3485 1328 3530 et
1357 3491 1478 3531 esse
1522 3486 1633 3531 tres
1667 3479 1732 3532 de

148 3559 405 3615 Ascensu
443 3559 658 3615 Domini
688 3565 951 3619 hactenus
983 3565 1216 3627 inedita,
1243 3581 1274 3620 a
1307 3576 1496 3622 sancto
1526 3565 1732 3622 Joanne

147 3649 495 3706 Damasceno
523 3651 578 3705 in
602 3653 840 3724 Eclogis,
877 3670 971 3710 seu
1002 3654 1281 3712 Parallelis
1309 3657 1561 3712 indicata
1588 3659 1730 3728 apud

148 3745 374 3800 Sixtum
415 3745 732 3814 Senensem,
763 3758 815 3803 et
851 3764 880 3803 a
916 3748 1110 3804 Photio
1141 3751 1341 3806 ibidem
1369 3752 1553 3808 relata
1578 3770 1726 3808 com-

144 3835 449 3904 pendiose;
489 3845 572 3890 est
613 3845 666 3891 et
727 3838 899 3907 Λόγος
944 3841 1024 3903 εἰς
1066 3840 1163 3909 τὴν
1218 3842 1586 3915 προσκύνησιν
1629 3845 1729 3914 τῆς

148 3925 319 3994 ἁγίας
357 3925 599 3989 ἁλύσεως
622 3927 716 3980 τοῦ
773 3930 929 3996 ἁγίου
980 3931 1072 3984 καὶ
1100 3933 1399 4001 κορυφαίου
1453 3933 1562 3987 τῶν
1591 3935 1725 3988 ἀπο-

149 4019 360 4073 στόλων
401 4019 632 4091 Πέτρου,
688 4036 782 4076 seu
823 4023 1143 4094 ὑπόμνημα.
1170 4023 1362 4102 Incipit
1386 4043 1401 4079 :
1427 4026 1599 4080 Ὅσοι
1648 4027 1728 4094 τῷ

146 4110 262 4165 τοῦ
291 4111 619 4180 κορυφαίου
640 4111 777 4164 τῶν
801 4113 1159 4168 ἀποστόλων
1191 4115 1327 4182 θείῳ
1355 4115 1524 4186 ἔρωτι
1559 4119 1724 4186 γενό-

141 4219 321 4271 μενοι
346 4201 589 4272 κάτοχοι
632 4203 745 4258 MS.
773 4204 828 4258 in
850 4203 954 4260 BB.
977 4205 1078 4260 BB.
1108 4222 1164 4276 p.
1193 4207 1286 4262 151
1315 4207 1494 4263 eCod.
1523 4206 1721 4271 Vatic.,

148 4294 296 4350 1790
333 4309 364 4349 e
387 4295 849 4362 Lolliana,'etiam
878 4307 1000 4367 post
1031 4297 1133 4352 Nili
1162 4298 1230 4354 de
1258 4300 1402 4354 cade
1425 4303 1723 4356 monacho-

146 4398 276 4438 rum
301 4383 470 4439 instar
498 4384 835 4451 Lectionum,
877 4401 971 4441 seu
1019 4401 1354 4443 sermonum.
1394 4388 1721 4459 Inscriptum

1835 3305 1933 3344 nec
1965 3293 2133 3357 enim,
2170 3292 2364 3347 scribit
2405 3292 2734 3346 moralisille
2778 3291 3155 3361 philosophus,
3206 3289 3406 3344 imitari

1832 3395 1886 3439 et
1917 3385 2209 3440 transferre
2241 3386 2404 3440 verba
2430 3385 2499 3440 ad
2520 3400 2707 3440 eorum
2739 3384 2972 3438 formam
2994 3399 3280 3438 necessum
3303 3391 3404 3447 est,

1833 3477 1980 3545 quod
2019 3476 2400 3546 appellationis
2434 3475 2618 3532 Grace
2661 3476 2768 3529 vim
2804 3475 3006 3530 habere
3049 3475 3226 3538 debet,
3265 3474 3405 3528 sicut

1831 3567 1943 3631 alii,
1972 3568 2064 3638 qui
2087 3567 2436 3636 tranquillum
2461 3568 2628 3622 animi
2654 3576 2950 3632 verterunt,
2975 3581 3073 3621 nec
3096 3565 3260 3619 etiam
3279 3579 3405 3633 apa-

1831 3659 1996 3712 thiam
2035 3658 2391 3724 Socraticam,
2425 3659 2490 3714 de
2520 3675 2628 3729 qua
2661 3658 2878 3728 Lipsius
2904 3669 3028 3729 post
3063 3657 3402 3718 Ciceronem,

1830 3747 1922 3801 lib.
1953 3764 2007 3802 iv
2044 3749 2342 3803 Academic.
2375 3749 2598 3815 Quaest,
2626 3765 2675 3804 c.
2712 3748 2814 3803 150
2843 3768 2857 3816 ;
2886 3748 3142 3812 Plinium,
3176 3748 3269 3802 lib.
3302 3763 3400 3810 vn,

1834 3837 1967 3891 Nat.
2005 3837 2211 3892 Histor.
2240 3855 2290 3894 c.
2323 3841 2424 3907 l8;
2457 3839 2739 3902 Senecam,
2771 3839 2864 3892 lib.
2903 3856 2941 3903 ι,
2992 3839 3150 3907 epist.
3197 3837 3404 3901 “liuet

1829 3927 1888 3982 S.
1921 3929 2207 4000 Augustin.
2237 3930 2332 3986 lib.
2365 3947 2452 3985 xxv
2483 3929 2560 3984 De
2588 3930 2730 3984 civit.
2764 3931 2880 3994 Dei,
2921 3945 3041 3998 cap.
3083 3929 3140 3994 9,
3176 3943 3404 3998 quaque

1827 4021 2185 4088 impatientia,
2232 4023 2345 4077 sive
2393 4021 2804 4091 impassihilitas
2847 4020 3045 4076 dicitur
3067 4062 3082 4084 ,
3115 4030 3169 4075 et
3201 4019 3268 4075 de
3298 4036 3402 4089 qua

1827 4123 2051 4168 sanctus
2104 4111 2468 4184 Hieronymus
2501 4115 2662 4168 etiam
2718 4113 2782 4168 ad
2823 4111 3224 4181 Ctesiphontem
3255 4114 3399 4181 agit:

1829 4219 1936 4258 non
1967 4205 2186 4273 inquam
2216 4203 2372 4259 Nilus
2412 4204 2722 4259 sectabatur
2749 4219 2889 4266 eam,
2926 4202 3019 4257 sed
3061 4218 3205 4268 eam,
3240 4217 3402 4270 quam

1825 4298 1988 4365 epist.
2019 4295 2144 4358 172,
2169 4279 2270 4351 lib.
2297 4312 2356 4362 ll,
2381 4295 2446 4348 ad
2475 4295 2744 4350 Valerium
2774 4293 3183 4349 Cubicularium
3212 4292 3405 4363 ὑψηλο-

1821 4389 1990 4458 τὰτην
2028 4387 2315 4451 ἀπάθειαν,
2370 4388 2424 4442 id
2475 4397 2558 4443 est
2586 4387 3014 4442 excelsissimam
3051 4386 3400 4440 indolentiam

143 4485 235 4532 est
251 4476 416 4543 enim,
437 4475 700 4544 Δέσποτα,
715 4479 1026 4549 εὐλόγησον,
1060 4494 1156 4534 seu
1169 4478 1498 4551 Εὑλόγησον,
1520 4481 1716 4553 Κύριε,

1832 4495 1886 4533 ex
1914 4479 2182 4534 Allatiana
2232 4480 2481 4535 versione
2539 4480 2762 4544 vocitat,
2794 4487 2890 4534 aut
2932 4480 3008 4534 uti
3043 4480 3184 4549 apud
3225 4479 3399 4548 ipsum

146 4570 220 4625 ad
247 4569 552 4625 lGJanuar.
573 4570 875 4627 Cardinalis
907 4570 1171 4629 Baronius
1202 4573 1257 4627 in
1291 4573 1446 4630 Notis
1481 4575 1546 4629 ad
1580 4574 1717 4629 Mar-

145 4659 477 4731 tyrol0gium
531 4660 837 4714 Romanum
885 4662 1146 4718 Kalendis
1191 4664 1418 4735 Augusti
1474 4664 1720 4718 meminit

146 4752 393 4808 homilia
424 4753 620 4807 habita
653 4753 706 4807 in
741 4754 1050 4810 celebritate
1102 4765 1414 4812 catenarum
1460 4767 1514 4814 et
1557 4758 1716 4840 gladii

143 4849 326 4904 sancti
377 4848 542 4914 Petri,
596 4866 717 4919 qua
751 4861 936 4906 saneto
982 4851 1176 4906 Joanni
1207 4853 1592 4924 Chrysostomo
1628 4855 1722 4908 tri-

141 4942 440 5006 buebatur,
469 4942 560 4996 sed
581 4943 759 5010 potius
782 4945 1072 4997 asserenda
1094 4953 1175 4999 est
1192 4954 1379 4999 sancto
1405 4945 1619 5010 Proclo,
1637 4946 1719 5000 vel

141 5040 342 5087 sancto
374 5031 661 5098 Germano,
706 5035 946 5088 nondum
973 5033 1117 5087 enim
1144 5046 1453 5088 catenarum
1482 5036 1717 5091 miracu-

139 5125 262 5178 lum
293 5124 594 5192 contigerat
629 5141 784 5179 :eam
820 5126 874 5178 in
924 5125 1172 5181 Latinum
1209 5143 1418 5182 versam
1450 5144 1481 5182 e
1529 5129 1718 5185 Graeco

139 5215 336 5270 retulit
365 5213 750 5285 Lipromanus,
784 5218 876 5272 sed
931 5217 1050 5273 Nilo
1083 5235 1201 5274 eam
1245 5235 1351 5274 non
1399 5221 1713 5291 adrogarem

141 5316 261 5358 tam
297 5305 474 5360 facile.
506 5305 601 5360 Est
629 5317 682 5362 et
716 5309 1152 5365 (Lon‘nnentarius
1194 5309 1248 5364 in
1290 5321 1539 5366 sanctum
1585 5327 1717 5381 apo-

141 5394 350 5450 stolum
377 5394 596 5451 Petrum
630 5397 683 5452 in
703 5395 965 5453 Lolliana.
998 5400 1055 5454 in
1089 5402 1377 5472 exegeticis
1407 5403 1620 5458 brevem
1650 5405 1716 5459 il-

144 5487 264 5538 lum
307 5487 676 5553 crediderim;
722 5504 820 5543 nec
858 5489 1001 5543 enim
1050 5490 1178 5554 vidi,
1224 5508 1344 5561 qua
1389 5493 1440 5547 in
1490 5491 1714 5549 Cantica

141 5578 390 5646 scripsit,
421 5579 521 5633 nisi
547 5595 610 5634 ea
639 5595 759 5649 qua
784 5596 906 5636 cum
935 5582 1164 5638 aliorum
1187 5584 1404 5640 Patrum
1429 5587 1715 5642 Commen-

142 5669 328 5734 tariis,
363 5681 492 5725 tom.
526 5670 565 5725 ll
599 5667 934 5728 Bibliotheca
970 5671 1192 5728 Patrum
1238 5677 1574 5733 Grato-Lat.
1609 5679 1713 5733 Pa-

140 5757 302 5815 risiis
347 5770 475 5816 sunt
520 5761 691 5827 edita,
733 5762 798 5820 de
827 5763 1024 5834 quibus
1058 5783 1220 5836 supra
1270 5769 1360 5825 l'ot.
1395 5771 1515 5826 6'57.
1553 5772 1714 5826 Com-

1825 4575 2096 4630 vertebam
2137 4574 2431 4646 ἀτάραχον,
2463 4574 2964 4645 imperturbabilem,
2998 4575 3055 4628 in
3086 4571 3397 4644 Opusculis,

1821 4681 1944 4721 cum
1976 4684 2034 4722 se
2063 4668 2373 4736 prastiterit
2400 4667 2651 4737 deinceps
2673 4666 2846 4722 Nilus.
2880 4666 3097 4721 Homini
3140 4677 3284 4722 certe
3317 4667 3400 4720 ni-

1822 4761 1894 4815 hil
1923 4771 2003 4814 est
2026 4763 2197 4830 magis
2222 4761 2474 4830 optabile,
2494 4778 2656 4831 quam
2685 4776 2928 4832 prosper,
2944 4761 3245 4832 aquabilis,
3274 4776 3397 4831 per-

1818 4859 2117 4920 petuusque
2129 4851 2248 4904 vita
2263 4860 2418 4905 tenor
2433 4851 2550 4905 sine
2565 4851 2676 4905 ulla
2689 4849 3006 4917 offensione,
3024 4851 3260 4907 secundo
3275 4866 3339 4905 cu
3347 4868 3400 4904 r-

1819 4955 1903 5006 su,
1923 4956 2045 4994 eum
2075 4941 2362 5009 tranquilla
2395 4952 2521 4996 sunt
2543 4943 2725 4996 omnia
2793 4951 2846 4997 et
2873 4943 3101 5013 placata,
3130 4959 3160 4999 e
3183 4942 3400 4998 Cicero-

1817 5041 2060 5105 _ne,orat.
2081 5031 2152 5084 27
2171 5031 2298 5084 Post
2328 5033 2552 5085 reditum
2582 5034 2651 5086 ad
2669 5032 2920 5100 Quirites,
2944 5034 3038 5089 lib.
3076 5052 3134 5089 tt.
3162 5034 3398 5105 Contigit

1817 5103 1917 5174 iste
1936 5130 2040 5174 tam
2064 5119 2383 5190 Nilo,quam
2405 5121 2707 5184 Theodulo,
2731 5134 2850 5193 post
2870 5124 3148 5180 incursum
3174 5103 3398 5181 Sarace-

1817 5221 2090 5273 norum,et
2105 5209 2282 5264 Nilum
2301 5213 2516 5282 quidem
2533 5215 2740 5283 expleto
2757 5216 3110 5286 quadraginta
3124 5217 3395 5273 curriculo

1817 5315 2083 5354 annorum
2129 5317 2319 5357 rursus
2345 5303 2399 5356 in
2430 5318 2638 5364 eremo,
2664 5306 2728 5359 ad
2751 5307 2978 5376 gloriam
3002 5309 3274 5363 caelestem
3304 5325 3392 5362 ar-

1815 5390 1990 5446 bitror
2013 5406 2281 5458 evecmm,
2316 5410 2440 5450 cum
2478 5398 2768 5467 nonaginta
2797 5399 2919 5466 plus
2955 5401 3134 5455 minus
3167 5417 3390 5470 percur-

1817 5493 1962 5538 reret
1984 5501 2175 5539 annos.

1885 5595 2289 5666 Longaviorcm
2320 5603 2580 5672 migrasse
2615 5603 2977 5657 contendebat
3002 5604 3106 5657 Leo
3135 5606 3382 5671 Allatius,

1817 5686 1896 5738 vir
1929 5686 2128 5741 Craca
2178 5690 2374 5760 lingua
2400 5693 2759 5761 peritissimus
2793 5701 2846 5747 et
2883 5693 3149 5758 historiae;
3191 5698 3280 5749 scd
3311 5698 3380 5749 illi

1817 5776 2068 5830 assentiri
2117 5793 2346 5848 nequeo.
2400 5779 2532 5834 Nam
2564 5781 2704 5849 quod
2737 5781 2912 5849 arguit
2965 5784 3014 5836 in
3051 5783 3290 5839 Diatriba
3321 5789 3382 5839 de
