3852 6052
153 315 305 385 1429

1484 330 1582 391 DE
1608 332 1785 394 VITA
1825 332 1884 392 S.
1925 330 2110 391 NlLI.

3275 324 3412 390 1430

151 429 304 495 rius,
338 428 535 499 partim
567 428 739 486 voluit
760 429 948 500 junior
971 430 1275 488 etvalidior
1299 431 1611 492 Theodulus
1640 454 1730 491 su-
1759 445 1804 500 Α
1832 447 1981 507 pacta
2009 436 2227 491 fuerunt
2260 436 2315 491 in
2341 450 2436 492 eos
2462 435 2644 491 omnia
2670 432 2776 490 Nili
2799 433 3021 505 Opera?
3046 448 3116 489 an
3147 434 3259 489 duo
3288 444 3412 488 tan-

147 519 281 574 bire
300 535 368 574 ac
388 521 613 591 exsequi
630 536 761 587 ;.oec
783 522 931 578 enim
950 531 1157 578 tantum
1180 524 1319 593 Περὶ
1344 525 1453 594 τῆς
1474 529 1728 581 κατανύ-

148 610 313 675 ξεως
339 610 568 679 ψυχῆς,
600 611 653 667 id
676 621 785 680 est,
824 613 902 669 De
931 616 1320 685 compunctione
1349 619 1559 684 animle,
1580 619 1732 674 Nilus

146 699 405 768 scripsit,
443 710 502 755 ut
520 701 633 769 jam
670 701 899 759 iudicavi
930 721 1052 776 pag.
1080 705 1183 761 657
1208 708 1507 776 superioris
1534 710 1734 767 Indicis

148 789 468 858 librorum;
515 794 608 848 sed
661 805 717 851 et
758 796 826 852 de
874 798 1123 868 corporis
1170 801 1536 856 maceratione
1581 800 1734 859 Nilus

149 891 366 939 tractat
394 885 615 954 copiose
640 886 697 941 in
724 889 973 958 epistola,
999 906 1167 961 quam
1194 892 1345 947 dedit
1372 893 1441 948 ad
1468 892 1737 951 Thauma-

149 976 311 1031 sium
342 980 689 1045 monachum,
720 995 842 1051 quae
865 982 960 1038 lib.
987 985 1021 1037 5
1082 994 1399 1040 numeratur
1425 987 1514 1052 55,
1538 995 1650 1042 tum
1679 989 1736 1042 in

148 1066 292 1132 alia,
323 1084 445 1139 qua:
472 1070 788 1127 inscribitur
816 1072 1050 1130 Charicli
1092 1076 1405 1149 presbytero
1426 1079 1614 1134 eodem
1640 1080 1733 1135 lib.

137 1173 245 1223 ιιι,
279 1175 343 1215 n.
368 1160 492 1225 245,
526 1162 617 1216 ubi
646 1162 783 1231 Περὶ
806 1163 926 1218 τῶν
945 1165 1474 1235 κατανενυγμένων
1517 1168 1737 1223 conclu-

134 1249 287 1316 ldit;
328 1258 383 1306 et
435 1251 652 1307 demum
702 1254 763 1306 in.
805 1253 899 1308 lib.
941 1270 993 1307 ιν
1020 1254 1264 1324 epistolis
1308 1256 1375 1311 de
1420 1256 1738 1319 κατανύξει

145 1341 435 1412 discipulo
469 1342 690 1399 directis
713 1344 767 1410 1,
788 1344 843 1409 ﬁ,
880 1346 934 1411 3,
960 1347 1014 1412 4,
1046 1346 1100 1411 5,
1128 1346 1181 1400 6.

134 1470 139 1475 ρ
226 1432 315 1489 Ex
362 1434 470 1490 illis
519 1436 762 1504 epistolis
806 1437 1410 1511 pellucidecolligitur,
1460 1438 1638 1494 Nilum
1668 1439 1737 1493 ab

135 1526 437 1597 episcopis
465 1529 773 1584 consultum
827 1539 883 1585 et
925 1531 993 1585 ab
1026 1532 1208 1587 omnis
1232 1532 1369 1588 artis
1414 1532 1739 1603 professori-

134 1616 289 1685 bus,
341 1619 602 1688 praeclare
630 1621 822 1689 pieque
844 1622 1211 1692 reSpondisse,
1246 1638 1346 1678 nec
1384 1624 1607 1679 dubium
1634 1632 1737 1689 est,

138 1711 348 1781 ipsum
376 1713 577 1769 divinis
602 1714 658 1768 in
687 1714 939 1771 laudibus
969 1715 1253 1771 assiduum
1281 1716 1473 1780 fuisse,
1502 1718 1742 1773 tandem-

1839 540 1951 583 tum
1980 536 2137 583 erant
2166 527 2313 591 libri,
2363 527 2455 597 qui
2492 534 2763 581 ternorum
2821 526 2975 581 titulo
3012 524 3413 594 designantur?

1836 622 1902 676 R.
1936 620 2000 675 Ρ.
2046 619 2232 675 Labbe
2266 618 2556 675 Societatis
2588 617 2737 683 Jesu,
2767 616 2922 672 Tom.
2955 616 3043 681 lll,
3070 634 3123 687 p.
3157 617 3259 671 125
3289 616 3410 669 Dis-

1836 724 1962 768 sert.
2023 712 2245 782 theolog.
2298 711 2353 766 in
2381 711 2523 767 hanc
2548 711 2868 767 sententiam
2898 710 3117 765 scribit:
3160 730 3177 761 ι
3214 709 3410 764 Omnia

1835 802 1941 858 Nili
1980 803 2242 874 opuscula
2290 803 2529 856 nondum
2564 800 2853 871 quisquam
2906 800 2960 853 in
3011 815 3175 853 unum
3211 814 3411 867 corpus

1836 896 2075 965 redegit;
2126 894 2272 966 quod
2322 892 2500 948 fuerat
2548 892 2845 962 optandum
2896 892 2950 945 in
2985 890 3096 946 νγ.
3130 890 3231 945 ΡΡ.
3277 891 3406 948 edit.

1836 984 2122 1041 Colonien.
2162 992 2218 1040 et
2248 982 2515 1039 Parisien.
2564 982 2822 1038 Biblioth.
2870 982 3131 1051 Pleraque
3164 980 3275 1050 jam
3312 996 3411 1035 ex-

1836 1088 1999 1145 stant,
2031 1078 2133 1133 alia
2160 1078 2495 1149 reperientur
2521 1077 2574 1131 in
2601 1076 2879 1140 Bavarica,
2920 1074 3205 1137 Vaticana,
3249 1093 3268 1126 ι
3303 1081 3407 1127 etc.

1837 1170 2195 1239 Alphabetum
2220 1169 2433 1225 abbatis
2469 1167 2597 1232 Nili,
2639 1183 2750 1238 quo
2774 1168 3060 1222 erudiebat
3112 1166 3411 1222 monachos

1839 1277 1968 1316 suos
1997 1261 2064 1316 ad
2101 1262 2430 1333 symbolicas
2462 1261 2763 1317 locutiones
2800 1261 2980 1330 lingua
3012 1258 3299 1329 Copthica,
3327 1258 3411 1315 in-

1838 1352 2039 1419 dicavit
2074 1352 2205 1404 mihi
2236 1352 2299 1405 R.
2336 1350 2398 1406 P.
2431 1350 2656 1405 liircher
2681 1350 3069 1413 amicissimus.
3114 1360 3168 1405 et
3197 1351 3411 1420 lingua-

1838 1459 1958 1495 rum
1995 1443 2380 1513 peritissimus,
2410 1459 2473 1498 ex
2498 1458 2671 1512 coque
2702 1442 2956 1497 idiomate
2994 1456 3317 1498 conversum
3353 1443 3409 1497 in

1838 1536 2085 1591 Graecum
2121 1535 2243 1590 fuit.

1908 1629 1964 1683 In
1997 1627 2291 1699 Horologio.
2316 1627 2495 1683 Grch
2525 1627 2670 1684 edito
2698 1626 2938 1683 Venetiis
2970 1626 3129 1693 i565,
3172 1627 3226 1681 in
3258 1626 3406 1681 deci-

1843 1736 1931 1775 mo
1963 1729 2136 1783 sexto,
2172 1720 2240 1775 ad
2271 1721 2411 1774 diem
2447 1721 2511 1774 η
2538 1718 2859 1774 Novembris
2887 1736 2900 1772 :
2931 1718 3046 1773 Τοῦ
3080 1720 3254 1773 ὁσίου
3292 1723 3408 1772 Πα-

152 1820 272 1874 que
305 1805 362 1860 in
389 1816 575 1862 monte
603 1806 734 1863 Sina
769 1808 1113 1877 grandaevum
1155 1809 1332 1865 vivere
1357 1809 1613 1866 desiisse:
1643 1810 1731 1864 diu

1844 1810 1983 1879 τρός
2013 1810 2181 1880 ἡμῶν
2200 1812 2418 1864 Νείλου
2448 1810 2783 1875 κατάλυσις
2819 1810 2989 1863 οἴνου
3045 1808 3142 1863 καὶ
3177 1809 3405 1863 ἐλαίου.

152 1896 311 1952 enim
346 1897 500 1965 vixit,
528 1900 619 1969 qui
648 1900 788 1954 bene
817 1900 982 1964 vixit;
1025 1901 1165 1956 sicut
1202 1900 1306 1957 Job
1346 1902 1529 1957 omnia
1561 1902 1740 1971 dupli-

134 1987 246 2043 cia
297 1988 440 2046 bona
491 1999 615 2060 post
659 1992 1012 2046 tentationem
1060 1993 1301 2062 accepit,
1348 1993 1423 2047 ita
1469 1993 1739 2062 duplicem

152 2078 323 2136 Nilus
362 2082 590 2151 gratiam
625 2084 850 2153 adeptus
877 2099 1002 2139 cum
1034 2082 1192 2151 foret,
1232 2095 1394 2155 atque
1426 2086 1591 2140 vitam
1616 2100 1741 2140 sau-

153 2180 312 2226 ctam
344 2174 715 2244 transegisset,
745 2189 867 2230 cum
897 2175 1042 2241 aliis,
1070 2175 1182 2231 lilio
1203 2176 1431 2241 scilicet,
1472 2185 1528 2231 et
1551 2190 1740 2230 mona-

153 2263 283 2319 chis
315 2265 701 2322 exercentibus.
713 2280 834 2322 sese
860 2267 1044 2332 simul,
1066 2268 1122 2323 in
1153 2277 1351 2323 azterna
1372 2268 1541 2339 gloria
1569 2268 1741 2323 victu-

152 2370 279 2421 rus,
294 2357 364 2411 ad
377 2371 469 2410 an.
484 2356 687 2413 Christi
716 2357 822 2413 450
832 2359 944 2415 sive
962 2360 1085 2425 451,
1109 2369 1274 2430 atque
1294 2360 1382 2415 ubi
1409 2364 1510 2416 tria
1542 2359 1739 2416 saecula

151 2443 500 2514 perfecisset,
528 2446 759 2505 sivetres
773 2452 958 2503 aetates
987 2447 1138 2519 (nam
1163 2448 1417 2519 quaelibet
1444 2448 1626 2517 γενεά,
1642 2462 1739 2502 seu

138 2546 295 2592 tetas
313 2537 531 2609 triginta
542 2538 780 2594 continet
794 2540 1012 2611 annos),
1030 2541 1247 2597 transiit
1261 2540 1327 2596 ad
1341 2541 1527 2596 ccelica
1544 2541 1739 2611 gaudia

150 2628 341 2698 Nilus,
366 2630 557 2686 relicto
577 2628 878 2696 Theodulo,
891 2632 983 2702 qui
1013 2641 1290 2702 parentem
1316 2632 1575 2695 imitatus,
1598 2631 1739 2701 jam-

138 2738 272 2793 que
308 2722 514 2785 τέλειος
541 2722 865 2792 καλόγηρος,
906 2721 1179 2792 perfectus
1214 2738 1402 2787 senex,
1451 2738 1516 2778 ac
1544 2737 1737 2777 mona-

154 2817 304 2873 chus
330 2817 521 2887 plenus
556 2817 770 2871 dierum
824 2832 890 2872 ac
920 2819 1260 2882 meritorum,
1306 2818 1476 2886 patris
1523 2816 1737 2886 regulas

155 2909 466 2965 observans
518 2916 573 2962 et
594 2909 820 2974 monita,
850 2908 1098 2979 jejuniis,
1128 2908 1490 2973 orationibus,
1524 2923 1587 2961 ac
1609 2908 1736 2961 divi-

157 3003 253 3057 nis
278 3000 550 3071 alloquiis,
580 3010 637 3056 et
660 3000 935 3056 exercitiis
962 3001 1226 3065 intentus,
1261 3000 1497 3070 denique
1520 3000 1733 3068 requie-

156 3093 240 3148 vit
265 3091 430 3149 etiam
458 3092 513 3146 in
543 3107 695 3162 pace.

228 3203 408 3259 Ambo
439 3204 496 3257 in
522 3210 708 3258 monte
745 3201 874 3257 Sina
909 3200 1273 3271 exspirarunt.
1295 3199 1546 3271 Deposita
1565 3209 1619 3254 et
1649 3209 1732 3255 tu-

146 3296 373 3349 mulata
398 3293 883 3364 luerunt,-701ac
920 3292 1045 3347 inde
1069 3288 1597 3361 Constantinopolim
1631 3288 1734 3344 sub

151 3386 397 3458 juniore,
429 3402 526 3442 seu
574 3386 877 3456 posteriore
903 3382 1120 3440 Iustino
1154 3384 1481 3454 imperatore
1530 3382 1596 3436 ad
1633 3395 1732 3435 an-

156 3494 294 3533 num
327 3477 429 3534 567
458 3477 520 3532 P.
558 3477 628 3531 Μ.
664 3477 946 3546 deportata
969 3488 1199 3545 corpora
1228 3474 1497 3543 ipsorum,
1522 3479 1576 3526 et
1602 3470 1735 3524 alio-

156 3583 287 3623 rum
328 3576 641 3623 sanctorum
666 3566 1054 3621 monachorum
1085 3572 1415 3627 ascetarum,
1443 3570 1501 3615 ut
1530 3568 1732 3615 testan-

160 3668 254 3714 tur
292 3657 464 3711 Graéci
491 3657 779 3725 scriptores
808 3653 1120 3723 Menologii,
1148 3662 1203 3706 et
1245 3650 1605 3720 Nicephorus,
1634 3649 1729 3703 lib.

155 3748 366 3805 Eccles.
406 3746 613 3802 Hister.
653 3762 763 3811 xiv,
804 3760 852 3799 c.
905 3744 992 3797 M.
1033 3742 1186 3797 Libet
1225 3758 1370 3795 nunc
1425 3739 1729 3805 adnectere,

158 3855 289 3912 quae
320 3840 573 3911 leguntur
608 3838 665 3893 in
694 3836 940 3893 Romano
972 3834 1357 3904 Martyrologio
1395 3833 1567 3903 pridie
1604 3831 1733 3887 ldus

158 3931 507 3997 Novembris,
561 3944 657 3986 seu
689 3929 778 3984 die
811 3926 1135 3983 duodecimo
1163 3941 1176 3977 :
1220 3944 1238 3977 ι
1267 3922 1730 3993 Constantinopoli

162 4024 343 4082 sancti
376 4021 480 4078 Nili
512 4021 749 4087 abbatis,
804 4022 898 4090 qui
949 4034 1016 4074 ex
1065 4016 1317 4088 praefecto
1360 4016 1511 4071 urbis
1558 4015 1733 4071 factus

161 4117 468 4173 monachus
542 4116 645 4173 sub
705 4114 1014 4170 Theodosio
1065 4111 1311 4179 Juniore,
1370 4110 1617 4165 doctrina
1678 4116 1734 4162 et

164 4210 454 4263 sanctitate
473 4207 704 4274 claruit;
729 4225 753 4258 ι-
767 4205 859 4260 ubi
875 4204 1162 4260 cardinalis
1186 4201 1478 4267 Baronius;
1506 4199 1732 4254 Michael

163 4296 416 4354 Neander
445 4296 807 4359 Soraviensis,
828 4304 1115 4365 suspectus
1137 4295 1262 4350 licet
1293 4302 1505 4361 auctor,
1529 4294 1583 4347 in
1612 4308 1729 4347 me-

162 4392 383 4461 nologio
440 4389 716 4445 Basiliano
770 4390 830 4444 B.
906 4387 1085 4443 Nilum
1144 4396 1408 4442 memorat
1478 4387 1532 4439 in
1598 4386 1731 4441 urbe

162 4483 764 4553 ConstantinopOlitana
821 4482 1094 4552 quondam
1164 4481 1480 4549 eparchum,
1542 4479 1595 4532 id
1647 4486 1805 4555 estD

163 4573 497 4644 praefectum.
552 4572 783 4629 Sirletus
815 4574 869 4628 in
926 4571 1241 4642 Menologio,
1299 4571 1626 4626 Possevinus
1671 4571 1726 4624 in

162 4663 436 4731 Apparatu
452 4678 625 4729 sacro,
656 4661 841 4717 Sixtus
871 4663 1066 4716 Senen.
1096 4662 1150 4714 in
1170 4661 1495 4714 Bibliotheca
1517 4669 1725 4723 sancta,

162 4750 454 4806 eardinalis
486 4751 843 4805 Bellarmiuus
875 4751 949 4803 De
976 4749 1316 4815 scriptoribus
1339 4749 1724 4813 ecclesiasticis,

162 4855 286 4911 pag.
318 4840 441 4906 l25,
470 4841 732 4895 Simlerus
762 4840 814 4893 in
839 4839 1079 4909 Epit-omo
1108 4838 1454 4894 Bibliotheca:
1480 4837 1724 4904 Gesner-iv,

162 4933 400 5003 suspecti
427 4933 624 4998 etiam;
664 4931 724 4984 P.
750 4930 1020 4986 Combelis
1049 4931 1116 4985 de
1150 4930 1498 5002 Cyriacorum
1530 4931 1727 4984 immu-

164 5023 353 5090 nitate,
402 5039 455 5094 p.
509 5025 645 5090 127;
694 5021 929 5077 Gretser.
982 5020 1056 5074 De
1087 5036 1236 5073 cruce
1266 5021 1359 5074 lib.
1394 5035 1431 5085 ι,
1478 5033 1596 5088 cap.
1635 5018 1723 5083 55,

154 5115 392 5171 .Vossius
421 5116 513 5171 lib.
547 5132 607 5181 ιι,
633 5115 706 5168 De
734 5115 921 5167 histor.
952 5111 1119 5166 Graec.
1142 5127 1161 5164 .'
1188 5111 1303 5165 Bail
1330 5112 1381 5164 in
1408 5109 1726 5163 Bibliotheca

164 5209 453 5262 concionat.
498 5224 554 5278 p.
592 5207 713 5261 196.
748 5203 1071 5268 Hahediesu,
1106 5203 1444 5272 metropolita
1502 5202 1725 5264 Sohem,

165 5297 454 5356 Latinitate
494 5301 725 5353 donatus
772 5298 840 5351 ab
867 5295 1175 5351 Abrahamo
1208 5293 1535 5357 Echellensi,
1592 5293 1725 5346 mihi

166 5393 294 5447 olim
323 5392 621 5462 peramico,
654 5392 709 5444 in
734 5389 990 5458 Catalogo
1028 5387 1287 5442 librorum
1321 5384 1721 5449 Chaldaeorum,

165 5485 257 5554 qui
286 5492 497 5554 prostat
529 5481 715 5537 Romae
748 5496 891 5535 anno
918 5479 1055 5535 1655
1105 5492 1340 5537 θιουειιε
1383 5477 1434 5530 in
1466 5474 1723 5529 duodeci-

166 5592 274 5641 mo,
305 5593 357 5648 p.
384 5577 473 5641 41,
499 5574 700 5630 indicat
725 5573 1014 5643 Evagrium
1037 5572 1363 5626 monachum
1385 5569 1524 5624 duos
1547 5578 1723 5624 tomos

167 5669 557 5740 composuisse,
588 5674 644 5722 at
671 5665 849 5720 Nilum
892 5664 1215 5719 monachum
1259 5663 1396 5718 duos
1431 5660 1724 5716 admirabi—

167 5758 264 5828 les,
306 5771 365 5816 et
392 5757 882 5817 eremumillorum
916 5754 1085 5810 fuisse
1143 5752 1422 5809 Lucinam.
1454 5751 1535 5806 An
1569 5766 1719 5807 com-

1842 1904 2175 1958 Κοντὰκιον
2205 1903 2308 1957 τοῦ
2343 1903 2539 1966 ὁσίου,
2557 1898 2707 1971 ἦχος
2734 1905 2838 1954 πλ.
2868 1902 2904 1954 δ
2924 1920 2936 1932 ο
2975 1900 3053 1969 Τῇ
3086 1899 3409 1969 ὺπερμάχφ

1844 1995 2153 2064 στρατηγῷ
2196 1994 2304 2061 τὰς
2341 1993 2742 2076 φρυγανώδεις
2784 1992 2902 2046 τῶν
2932 1992 3138 2047 παθῶν
3178 1992 3299 2045 τῶν
3338 1992 3405 2043 ἐκ

1840 2088 1947 2142 τοῦ
1969 2086 2241 2156 σώματος
2272 2086 2735 2151 ἐπαναστάσεις,
2755 2082 3068 2154 τμητικῶς,
3094 2084 3269 2138 Νεῖλε
3290 2099 3407 2151 μα-

1840 2178 2025 2246 κάριε,
2040 2180 2110 2233 ὲν
2135 2180 2415 2248 ἀγρύπνῳ
2427 2194 2543 2232 σου
2559 2172 2912 2245 συνέκοψας
2936 2176 3154 2243 ὶκεσίςιο
3176 2177 3312 2230 ἀλλ’
3326 2176 3406 2239 ὡς

1838 2270 1994 2339 ἔχων
2013 2271 2354 2339 παρρησίαν
2376 2270 2527 2337 πρὸς
2548 2270 2655 2323 τὸν
2678 2269 2897 2335 Κύριον
2923 2269 2993 2322 ἐκ
3011 2269 3310 2320 παντοίων
3330 2283 3405 2334 με

1838 2362 2134 2415 κινδύνων
2148 2362 2575 2428 ἑλευθέρωσον,
2611 2361 2712 2413 ἵνα
2732 2358 2916 2427 κράζω
2931 2374 3032 2414 σοι
3055 2376 3067 2390 ·
3090 2356 3402 2427 Χαίροιίςι,

1838 2452 2030 2519 Πάτερ
2081 2453 2436 2520 παγκόσμιε,
2491 2452 2543 2505 id
2598 2462 2700 2516 est,
2757 2460 2816 2505 ut
2880 2452 3225 2518 interpretor,
3282 2447 3406 2501 Nile

1839 2544 1983 2596 beate
2039 2544 2093 2594 in
2146 2541 2289 2611 vigili
2343 2555 2431 2594 tua
2472 2542 2853 2610 supplicatione
2902 2539 3181 2593 concidisti
3225 2539 3403 2592 cresim

1838 2632 2039 2685 cremiis
2067 2632 2265 2684 similes
2293 2632 2584 2699 passiones,
2606 2646 2723 2701 qua:
2746 2638 3069 2699 consurgunt
3095 2646 3123 2683 e
3154 2645 3401 2697 corpore;

1835 2741 2012 2778 verum
2040 2726 2116 2777 uti
2146 2723 2343 2790 pollens
2376 2724 2687 2777 auctoritate
2706 2724 2846 2793 apud
2868 2722 3176 2788 Dominum,
3204 2738 3268 2776 ea:
3292 2738 3405 2775 om-

1818 2816 2039 2884 nigenis
2070 2814 2235 2867 libera
2264 2830 2344 2867 me
2366 2814 2636 2882 periculis,
2662 2824 2719 2868 ut
2744 2814 2813 2868 ad
2846 2824 2894 2868 te
2918 2813 3255 2883 proclamem,
3287 2812 3400 2865 sal-

1836 2924 1912 2973 ve,
1946 2906 2111 2960 Pater
2140 2906 2350 2959 omnino
2375 2906 2650 2960 adornata.
2680 2905 3022 2975 Quantopere
3040 2904 3282 2974 jucunda
3315 2920 3402 2959 es-

1835 3007 1917 3053 set
1955 2997 2154 3051 natalis
2183 2996 2359 3050 sancti
2390 2993 2497 3049 Nili
2531 2996 2849 3050 solemnitas
2889 2995 2973 3049 vel
3002 2994 3129 3048 hinc
3170 2994 3400 3065 conjice.

1836 3088 1983 3158 quod
2008 3088 2195 3141 vinum
2227 3086 2284 3141 in
2311 3102 2374 3141 ea
2432 3087 2721 3155 oleumque
2763 3085 3182 3141 distribueretur
3208 3100 3401 3139 mona-

1835 3182 1952 3237 chis
1983 3197 2015 3236 a
2061 3180 2444 3251 paracellariis,
2487 3188 2541 3235 et
2573 3178 2911 3245 Contacium,
2958 3189 3214 3250 tanquam
3256 3195 3402 3248 paea-

1836 3290 1903 3328 na
1934 3281 2210 3338 canerent,
2272 3272 2618 3340 sonitumque
2675 3270 2901 3339 plausus
2955 3272 3195 3333 ederent,
3244 3270 3404 3339 quasi

1835 3378 2091 3433 supremo
2114 3361 2399 3432 pugnatori
2452 3370 2505 3414 et
2526 3359 2804 3414 exercitus
2831 3360 2957 3415 duci
2980 3361 3292 3430 psallentes.
3320 3358 3400 3412 En

1820 3457 1993 3509 etiam
2030 3469 2059 3507 e
2092 3452 2297 3507 Menaao
2322 3450 2578 3505 Biblioth.
2610 3450 2921 3507 Barberinte
2941 3450 3012 3506 M.
3054 3452 3113 3507 S.
3144 3454 3264 3507 cod.
3295 3453 3396 3507 *201

1834 3562 1889 3615 p.
1923 3546 2047 3600 "255.

1835 3638 1994 3709 702
2023 3636 2180 3706 Μηνὶ
2205 3637 2604 3706 Νοεμϐρίῳ,ια’
2628 3638 2837 3707 ἡμέρᾳ,
2861 3637 3066 3708 μνήμη
3094 3638 3200 3692 τοῦ
3226 3637 3400 3707 ἁγίου

1830 3728 2057 3797 Πατρὸς
2110 3727 2279 3796 ἡμῶν
2323 3726 2622 3795 Θεοδώρου
2662 3727 2768 3781 τοῦ
2819 3728 3147 3782 Στουδίτου
3173 3745 3187 3761 ο
3220 3727 3272 3781 id
3317 3739 3401 3781 est

1834 3824 1999 3891 (sicut
2048 3823 2103 3875 in
2136 3823 2344 3888 edito):
2375 3821 2572 3876 Mensis
2624 3821 2937 3875 Novembris
2990 3821 3267 3873 undecima
3311 3820 3398 3874 die

1834 3913 2085 3965 memoria
2113 3913 2281 3963 sancti
2316 3910 2499 3964 Patris
2526 3910 2779 3963 Theodori
2805 3908 3032 3965 Studila:
3054 3928 3075 3975 ;
3101 3918 3155 3962 et
3177 3925 3227 3978 p.
3248 3908 3350 3964 256
3378 3928 3393 3964 :

1833 4002 1990 4071 Μηνὶ
2006 4003 2325 4070 Νοεμϐρίῳ,
2345 3998 2419 4065 ιβ’
2437 4000 2625 4067 ἡμέρᾳ
2636 3998 2840 4069 μνήμη
2859 3999 2962 4053 τοῦ
2977 4001 3148 4068 ἁγίου
3168 3999 3396 4068 Πατρός

1820 4093 2000 4165 ἡμῶν
2011 4094 2230 4147 Νείλου
2241 4092 2345 4146 τοῦ
2363 4093 2421 4146 Ἀ
2428 4108 2544 4159 σκη
2551 4092 2675 4146 τοῦ’
2692 4092 2741 4146 id
2754 4101 2836 4147 est
2852 4109 2865 4144 :
2879 4090 3075 4145 Mensis
3089 4089 3393 4145 Novembris

1832 4191 1915 4243 die
1962 4189 2268 4241 duodecima
2318 4188 2568 4240 memoria
2600 4186 2798 4238 .sancti
2840 4183 3020 4238 Patris
3082 4186 3249 4239 nostri
3278 4183 3394 4238 Nili

1831 4282 2215 4335 exeri'itatoris.

1911 4377 2204 4443 Αἴγυπτον
2238 4372 2401 4440 ἄρδει
2423 4371 2637 4437 Νεῖλος
2659 4386 2674 4401 ο
2704 4370 2864 4424 ἀλλὰ
2901 4369 2999 4423 καὶ
3029 4370 3231 4423 κτίσιν

1905 4474 1941 4520 Λ
1954 4468 2115 4531 όγοις
2144 4464 2419 4532 κατάρδει
2439 4464 2535 4516 καὶ
2566 4461 2759 4516 θανὼν
2790 4461 3003 4526 Νεῖλος
3017 4459 3227 4529 μένας.

1901 4560 2105 4613 Perluit
2135 4557 2405 4612 exundans
2438 4555 2725 4625 ngyptum
2760 4553 2938 4615 Nilus,
2974 4564 3026 4605 at
3057 4567 3262 4605 omnem

1822 4681 1827 4686 ε
1902 4651 2141 4704 Mortuus
2168 4648 2252 4701 hic
2289 4645 2446 4699 Nilus
2478 4644 2802 4698 sermonibus
2834 4645 3025 4713 irrigat
3054 4641 3252 4696 orbem.

1830 4741 2017 4809 Οὗτος
2033 4743 2222 4808 πολὺς
2249 4744 2317 4794 ἐν
2340 4742 2537 4809 λόγοις
2571 4740 2667 4793 καὶ
2688 4739 2757 4791 ἐν
2775 4737 2990 4807 ἔργοις,
3012 4736 3121 4801 ἕως
3143 4734 3253 4803 τῆς
3278 4737 3390 4798 ,βα-

1827 4841 2063 4904 σιλείας
2098 4837 2441 4906 Μαρκιανωῑ
2470 4834 2581 4889 τοῦ
2605 4834 2912 4899 ,ϐασιλέως
2936 4836 3199 4901 ἔπαρχος
3222 4835 3389 4885 Κων-

1827 4933 2385 4995 σταντινουπόλεως
2410 4926 2849 4997 γνωριζόμενοςθ
2865 4922 3062 4995 σεμνῇ
3097 4924 3165 4977 δὲ
3185 4940 3389 4992 γυναι-

1830 5028 1889 5078 κὶ
1946 5021 2316 5090 συζευχθεὲς,
2355 5020 2454 5074 καὶ
2507 5020 2623 5073 δύο
2663 5019 2865 5079 τέκνα,
2906 5017 3086 5084 ἄρρεν
3106 5015 3203 5068 καὶ
3231 5014 3390 5081 θῆλυ

1826 5112 2157 5175 ἀποτεκὼν,
2208 5114 2324 5175 τὴν
2365 5107 2584 5161 ἑαυτοῦ
2635 5108 2925 5172 πεποίηκε
2966 5103 3230 5173 σύζυγον
3276 5103 3389 5168 τὴν

1826 5201 2467 5258 Κωνσταντινούπολιν
2501 5196 2870 5259 καταλιπεῖν,
2912 5196 3010 5249 καὶ
3037 5196 3108 5249 ἐν
3139 5193 3262 5257 τοῖς
3289 5195 3388 5247 Αί-

1826 5295 2054 5363 γύπτου
2074 5290 2501 5360 μοναστηρίοις
2527 5285 3009 5354 κατασκηνῶσαι,
3026 5282 3391 5353 μερίσασθαι

1824 5403 1889 5440 τε
1917 5384 1987 5437 τὰ
2018 5382 2215 5445 τέκνα,
2244 5381 2341 5433 καὶ
2372 5380 2513 5446 τοὺς
2533 5379 2841 5447 ἐκγόνους.
2865 5376 2998 5431 υἱὸν
3025 5376 3122 5428 καὶ
3146 5374 3390 5441 τὸνμὲν

1825 5473 2190 5543 παραλαϐεῖν
2213 5472 2320 5525 τὸν
2342 5471 2475 5524 υἱὸν
2502 5469 2854 5533 Θεόδουλον,
2878 5467 2997 5535 τὴν
3019 5465 3088 5517 δὲ
3113 5464 3388 5532 τὴνὲαυ-

1824 5566 1930 5619 τοῡ
1956 5562 2262 5633 θυγατέρα
2298 5564 2392 5616 καὶ
2427 5562 2612 5625 οὕτως
2653 5557 3020 5623 ποιήσαντες
3053 5556 3390 5621 διέστησαν

1824 5656 1923 5709 ἀπ’
1962 5654 2266 5723 ἀλλήλων.
2314 5654 2469 5706 Ἐπεὶ
2500 5649 2616 5706 οὗν
2662 5653 2695 5703 ὁ
2740 5648 3029 5718 μακάριος
3060 5646 3271 5711 Νεῖλος
3319 5645 3387 5698 τὸ

1826 5748 1960 5815 ὄρος
1995 5744 2253 5815 κατῆλθε
2286 5744 2389 5799 τοῦ
2416 5741 2559 5798 Σινᾶ
2588 5741 2685 5795 καὶ
2715 5738 2914 5809 συνῆν
2940 5739 3062 5806 τοῖς
3098 5738 3388 5807 (Ineptias,
