3852 6052
473 325 606 393 1431

1233 321 1380 382 JOS.
1422 318 1687 383 MARIB
1723 314 2073 377 SUARESII
2103 309 2334 373 LIBER
2369 303 2996 368 CHRONOLOGICUS

3581 294 3738 361 ΜΩ

470 431 764 504 Βάρσαροί
787 447 945 496 τινες
970 427 1262 498 ἐξαίφνης
1291 427 1573 490 ἐλθόντες
1595 425 1676 490 ὡς
1696 420 1897 492 θῆρες,
1930 419 2037 474 τὸν

2143 416 2206 470 ab
2233 415 2352 484 ipso
2380 412 2544 468 Petro
2575 420 2630 467 et
2649 409 2823 465 Paulo
2866 407 3236 479 apostolorum
3266 405 3639 476 principibus.
3657 411 3733 463 ad

476 525 614 580 υἱὸν
667 522 1004 578 Θεόδουλον
1051 518 1272 573 ἔλαϐον
1305 517 1426 572 σὺν
1477 515 1687 581 ἄλλοις
1725 513 2035 578 πλείστοις

467 613 882 685 αιχιιαλώτοις,
915 611 988 665 ὃν
1013 612 1094 678 ὠς
1123 611 1503 680 αἰχμάλωτον
1527 605 1825 675 ἐθρήνησε
1845 605 2035 658 πλέον

467 706 575 761 τοῦ
599 704 988 770 καθήκοντος,
1023 699 1215 768 καθὼς
1245 702 1314 754 ἐν
1337 697 1416 764 τῷ
1440 701 1574 767 παρ’
1599 698 1784 752 αὐτοῦ
1819 713 2035 751 συντε-

469 796 631 853 θέντι
672 794 966 866 γράμματι
1006 791 1334 863 ἐμφέρεται.
1381 789 1494 858 Τῆς
1532 791 1696 856 θείας
1742 785 1854 844 οὖν
1897 806 2036 842 κατ-

468 887 742 953 αξιωθεὶς
779 885 1128 954 ἱερωσύνης.
1154 881 1253 935 καὶ
1279 883 1505 951 λόγους
1529 879 1895 948 ἀσκητικοὺς
1926 877 2036 932 πά-

468 993 590 1044 σης
617 975 859 1044 σοφίας,
881 971 978 1026 καὶ
1002 969 1330 1036 συνέσεως,
1360 969 1460 1023 καὶ
1499 969 1790 1038 ὠφελείας
1815 968 2032 1034 ἐκθεὶς,

469 1065 719 1136 δυνάμει
739 1066 924 1134 λόγου
973 1061 1070 1114 καὶ
1099 1062 1272 1130 άγίου
1307 1062 1650 1130 Πνεύματος
1675 1059 1865 1128 χάριτι
1888 1061 2038 1130 πρὸς

469 1157 738 1224 ἄσκησιν
763 1153 1219 1220 ἐπαλείφοντας,
1248 1148 1575 1216 ἐπιστολάς
1615 1167 1679 1203 τε
1734 1151 1832 1204 καὶ
1857 1149 2039 1219 κεφά-

468 1259 612 1310 λαια
663 1251 921 1306 πλεῖστα
973 1249 1251 1315 συνθεὶς,
1297 1249 1395 1302 καὶ
1440 1249 1714 1315 πολλοὺς
1767 1249 1849 1315 τῷ
1905 1249 2039 1314 θείῳ

469 1346 638 1415 ἔρωτι
689 1341 768 1408 τῷ
811 1341 1043 1410 Χριστῷ
1086 1338 1160 1392 δι’
1186 1337 1384 1394 αὐτῶν
1415 1338 1910 1408 προσοικειώσας,
1970 1340 2041 1394 ἐν

467 1434 674 1505 είρήνῃ
724 1432 1079 1488 τελειοῦται.
1115 1431 1310 1485 Κεῖται
1360 1430 1448 1497 δὲ,
1478 1429 1561 1498 ὥς
1593 1448 1802 1502 φασιν,
1836 1431 2037 1498 αὐτὸς,

469 1526 567 1582 καὶ
592 1530 625 1582 ό
661 1525 992 1592 Θεόδουλος
1016 1527 1145 1594 υίὸς
1162 1523 1498 1594 αὐτοῦ,μεθ’
1521 1521 1738 1592 ἐτέρων
1760 1521 2042 1590 ἀσκητῶν

467 1616 629 1682 ἐντῷ
639 1616 944 1686 σεϐασμὰρ
963 1615 1087 1682 ναῷ
1109 1615 1226 1670 τῶν
1237 1614 1450 1686 Ἀγίων
1476 1613 1858 1668 Ἀποστόλων
1877 1613 1947 1667 ἐν
1960 1611 2042 1678 τῷ

452 1706 987 1777 1Ὀρφανοτροφείιιι›
1058 1705 1336 1762 ὑποκάτω
1428 1705 1860 1772 θυσιαστηρίου
1920 1705 2039 1759 ὑπὸ

2142 506 2664 578 orphanotmphium
2700 513 2782 558 est
2806 511 3206 565 constructum,
3256 499 3464 567 templo
3503 500 3728 569 reposi-

2136 610 2254 656 tum
2302 599 2476 654 fuisse
2524 595 2774 653 aﬁirmat.
2815 594 3198 665 Apostolon
3231 592 3524 647 ecclesiam
3575 591 3730 646 Coo-

2135 690 2406 749 stantinus
2421 687 2494 742 M.
2524 703 2668 742 anno
2699 685 2910 756 imperii
2952 683 3212 740 vicesimo
3240 682 3581 746 construxit,
3615 680 3730 735 En-

2141 786 2258 840 seb.
2298 783 2394 838 lib.
2437 797 2492 836 iv
2517 779 2596 835 De
2647 781 2741 834 vit.
2768 777 3137 842 Constantini,
3171 790 3291 844 cap.
3327 773 3397 829 58
3432 782 3493 828 et
3517 773 3631 839 59;
3661 789 3728 828 es

2137 890 2316 945 eoque
2342 874 2608 930 Baronlus
2644 866 2958 936 cardinalis,
2987 877 3043 924 et
3063 881 3095 924 e
3130 865 3358 921 Socrate
3383 864 3457 920 ad
3513 879 3728 918 unum

2137 967 2338 1023 Christi
2363 967 2476 1021 nati
2503 965 2611 1020 550
2658 963 2719 1018 P.
2757 962 2852 1028 LL;
2884 960 3204 1016 instauravit
3228 957 3602 1014 Constantius
3624 972 3724 1010 an-

2137 1073 2211 1113 no
2235 1057 2380 1118 558;
2425 1057 2712 1111 dicebatur
2741 1052 3127 1124 Apostolaaum.
3171 1048 3723 1120 Orphanotrophinm

2137 1161 2320 1206 autem
2352 1149 2560 1220 primus
2610 1146 2851 1203 condidit
2882 1142 3377 1212 Constantinopoli,
3417 1150 3479 1196 et
3526 1140 3721 1210 hujus-

2138 1241 2287 1297 modi
2315 1239 2534 1311 pietatis
2563 1238 2840 1294 adinvenit
2867 1237 3101 1293 oﬂicium
3128 1255 3142 1291 :
3167 1234 3415 1299 Zoticus,
3460 1247 3495 1286 e
3518 1232 3559 1286 l.
3595 1230 3720 1286 0--

2140 1335 2220 1389 nis
2251 1336 2340 1400 54,
2375 1332 2440 1390 C.
2472 1334 2550 1389 De
2577 1333 2856 1403 episcopis,
2901 1341 2953 1386 et
2985 1330 3228 1393 clericis;
3277 1338 3396 1383 tu
3427 1327 3633 1382 Nicon.
3659 1326 3726 1382 de

2140 1428 2344 1497 quibus
2370 1425 2557 1497 Cujac.
2588 1426 2680 1480 lib.
2726 1441 2766 1488 ι,
2797 1439 2918 1494 cap.
2960 1424 3029 1480 12
3063 1421 3338 1478 Observat.
3374 1421 3528 1490 jur.;
3557 1417 3723 1473 Justi-

2140 1519 2338 1574 nianus
2369 1519 2646 1589 Augustus
2672 1517 2739 1572 ad
2783 1516 3195 1572 Demosthenem
3225 1514 3286 1568 P.
3327 1512 3394 1567 P.
3427 1513 3490 1567 in
3528 1511 3568 1565 l.
3601 1527 3723 1565 su-

2141 1611 2328 1674 cimus,
2358 1611 2420 1665 C.
2447 1609 2528 1663 De
2556 1617 2880 1664 sacrosanet.
2898 1606 3078 1662 eccles.
3107 1606 3261 1659 Anna
3287 1601 3606 1665 Comncna,
3633 1599 3725 1656 lib.

2144 1702 2215 1757 15
2239 1701 2515 1756 Alexiadis
2543 1701 2687 1756 circa
2713 1701 2999 1756 ecclesiam
3037 1699 3217 1752 Sancti
3243 1697 3401 1752 Pauli
3436 1693 3720 1764 Orpheo-

481 1798 816 1856 ἰουστίνου
830 1800 937 1855 τοῦ
945 1800 1256 1867 ,βασιλέως
1269 1815 1420 1854 κατα
1433 1797 1894 1871 [τε]θέντες.Ειεὶ
1911 1795 2041 1852 Pos-

2143 1796 2418 1866 trophium
2445 1811 2474 1850 a
2507 1805 2657 1866 patre
2699 1809 2800 1850 suo
2829 1793 3104 1849 conditum
3151 1791 3318 1845 tradit
3363 1790 3549 1845 instar
3579 1787 3724 1841 urbis

468 1890 624 1946 sinus
645 1906 710 1945 ex
725 1889 1029 1961 Menologio
1054 1889 1366 1944 Graecorum
1395 1888 1537 1944 istud
1559 1885 2040 1957 edideritElogium

471 1981 658 2038 Sancti
684 1982 850 2054 hujus
874 1980 1004 2047 Nili,
1033 1981 1276 2053 prompsi
1307 1991 1486 2036 tamen
1517 1995 1616 2050 ego
1642 1995 1710 2034 ex
1732 1979 1860 2040 alio,
1893 1981 2038 2048 quod

467 2083 751 2130 exaratum
809 2075 1021 2130 calamo
1082 2075 1136 2129 in
1182 2075 1369 2128 charta
1411 2085 1714 2143 papyracea
1764 2072 1956 2126 visitur
1989 2075 2042 2126 in

468 2163 574 2219 BB.
602 2163 703 2218 BB.
729 2165 819 2220 cui
846 2164 1060 2220 rubrica
1105 2164 1432 2233 inscriptum
1463 2171 1568 2225 est,
1589 2160 1674 2230 Τῇ
1711 2159 1866 2229 αὐτῇ
1902 2159 2043 2228 ἠμέ-

461 2273 566 2324 ρᾳ,
604 2271 800 2326 nempe
848 2256 965 2326 ipsa
1013 2257 1201 2311 eadem
1227 2255 1316 2312 die
1347 2251 1437 2325 ιβ’,
1465 2254 1672 2324 μνήμη
1720 2253 1827 2308 τοῦ
1869 2254 2044 2307 όσίου

469 2344 640 2416 ἡμῶν
677 2348 898 2402 Νείλου
950 2347 1058 2402 τοῦ
1088 2346 1401 2415 Ἀσκητοῦ,
1440 2361 1548 2417 qua
1591 2346 1679 2401 die
1717 2345 2042 2408 celebratur,

465 2437 673 2507 μνήμη
687 2436 1303 2508 τοῦὲνάγίοιςηατρὸς
1313 2436 1484 2508 ἡμῶν
1497 2436 1766 2493 Ἰωάννου
1781 2435 2045 2506 άρχιεπι-

468 2530 708 2585 (κόπου
747 2530 1206 2598 Ἀλεξανδρείας
1232 2529 1342 2584 τοῦ
1382 2529 1780 2598 Ἐλεήμονος·
1809 2529 2045 2598 scriptor

472 2621 620 2678 illius
646 2631 762 2677 erat
781 2621 994 2677 Blasius
1015 2624 1338 2687 monachus,
1365 2631 1420 2677 et
1439 2622 1506 2676 ad
1533 2621 1833 2691 marginem
1860 2620 2045 2675 varias

473 2713 733 2768 lectiones
794 2713 1070 2777 adnotavi,
1118 2713 1306 2783 sicque
1364 2712 1418 2767 in
1467 2711 1718 2768 Latinum
1769 2711 2041 2766 converti:

477 2803 582 2859 Hic
643 2803 830 2876 (Nilus
859 2806 1060 2876 nempe)
1095 2805 1292 2859 multus
1324 2804 1429 2875 fuit
1459 2806 1516 2860 in
1543 2805 1888 2868 sermonibus,
1913 2813 1963 2857 et
1991 2804 2046 2856 in

475 2897 714 2965 operibus
743 2913 904 2965 usque
949 2899 1018 2950 ad
1063 2897 1339 2967 imperium
1369 2897 1704 2966 imperatoris
1759 2895 2043 2960 Marciani,

475 2981 752 3053 praefectus
809 2980 1295 3051 Constantinopolis
1361 2981 1590 3036 innotuit
1651 2980 1671 3050 (
1716 2993 1844 3035 nam
1904 2978 2047 3052 ἀρχὴ

473 3075 648 3146 ἄνδρα
712 3073 953 3127 δείκνυσι
987 3113 1002 3136 ,
1053 3074 1107 3128 id
1164 3083 1287 3139 est,
1335 3073 1686 3144 magistratus
1733 3075 1908 3127 virum
1962 3073 2047 3126 in-

474 3165 662 3236 dicat).
700 3164 945 3220 llonesttv
966 3181 1082 3221 vero
1115 3165 1322 3219 mulieri
1350 3166 1686 3219 matrimonio
1713 3165 2042 3234 conjunctus,

475 3251 708 3320 duosque
734 3249 946 3315 liberos,
991 3248 1284 3304 masculum
1307 3259 1355 3303 et
1403 3249 1670 3319 feminam,
1730 3248 2042 3316 suscipiens,

475 3343 668 3413 eﬂ'ecit,
692 3351 750 3395 ut
772 3342 936 3410 ipsius
981 3341 1175 3408 coniux
1207 3341 1462 3395 desereret
1510 3337 2043 3408 Constantinopolim,

475 3440 528 3487 et
554 3432 611 3486 iu
637 3427 856 3502 Egypti
883 3413 1202 3486 monasteria
1229 3428 1480 3484 secederet
1505 3446 1524 3492 ;
1552 3429 1841 3497 partiretur
1881 3437 1930 3480 et
1976 3425 2046 3479 li-

479 3524 674 3594 beros;
725 3534 774 3579 et
822 3525 931 3595 ipse
973 3522 1185 3594 quidem
1232 3521 1452 3591 suscepit
1491 3520 1661 3590 ﬁlium
1700 3517 2043 3582 Theodulum,

479 3620 579 3675 illa
601 3635 720 3673 vero
745 3618 917 3688 ﬁliam
945 3631 1136 3684 suam;
1166 3615 1346 3682 hisque
1375 3613 1622 3682 peractis,
1654 3612 1872 3668 invicem
1901 3628 2046 3680 sepa-

481 3710 588 3765 rati
614 3718 758 3764 sunt.
788 3709 1079 3780 Postquam
1107 3707 1272 3778 igitur
1307 3707 1484 3760 beatus
1529 3701 1686 3760 Nilus
1717 3713 1946 3760 montem
1975 3703 2045 3760 ad

481 3800 613 3856 Sina
639 3802 888 3871 perrexit,
914 3809 964 3855 et
987 3809 1321 3855 conversatus
1345 3805 1423 3852 est
1464 3812 1583 3851 cum
1618 3795 1876 3850 Patribus
1891 3796 2042 3860 inibi,

485 3893 707 3946 barbari
749 3893 967 3964 quidam
1012 3891 1278 3958 derepente
1323 3888 1754 3956 supervenientes,
1795 3888 1876 3941 uti
1921 3887 2046 3957 ferae

483 3983 689 4050 bellum,
713 3999 831 4036 cum
859 3980 1100 4052 pluribus
1124 3979 1246 4033 aliis
1270 3979 1512 4048 captivis,
1541 3979 1716 4048 filium
1745 3979 1858 4048 ejus
1889 3977 2047 4034 Theo-

2141 1884 2380 1955 amplum
2408 1885 2550 1938 istud
2584 1886 2641 1938 ὲν
2669 1886 2782 1947 τοῖς
2810 1883 2947 1955 πρὸς
2975 1883 3074 1953 τὴν
3126 1879 3437 1952 ἀκρόπολιν
3475 1878 3723 1948 μέρεσιν,

2141 1977 2270 2032 ἔνθα
2298 1977 2395 2032 καὶ
2440 1977 2502 2030 τὸ
2535 1976 2708 2046 στόμα
2737 1975 2830 2030 τοῦ
2847 1975 3049 2030 Πόντου
3072 1975 3370 2042 ἀνοίγεται,
3396 1979 3466 2026 ut
3493 1985 3586 2026 me
3612 1985 3726 2024 mo-

2144 2072 2266 2125 nuit
2302 2071 2629 2126 reverendus
2665 2068 2822 2122 Pater
2855 2067 3138 2131 Pessinus,
3171 2067 3266 2137 qui
3297 2065 3468 2119 vertit
3496 2063 3556 2118 in
3588 2063 3726 2117 Lati-

2145 2176 2272 2215 num
2303 2175 2356 2230 p.
2381 2158 2487 2216 482
2514 2158 2582 2212 ad
2611 2157 2738 2214 485.
2760 2155 2886 2212 Fuit
2911 2165 2966 2210 et
2982 2155 3164 2209 Romae
3183 2152 3725 2224 Orphanotropbiom

2143 2252 2420 2306 conditum
2455 2265 2486 2304 a
2523 2249 2787 2318 Gregorio
2815 2247 2888 2303 Μ.
2935 2248 2992 2302 in
3020 2246 3184 2302 Notit.
3215 2245 3352 2301 Voc.
3386 2243 3608 2300 Eccles.
3639 2243 3727 2297 ubi

2146 2360 2292 2399 nunc
2340 2341 2528 2398 Sancti
2567 2341 2828 2412 Stephani
2877 2341 3106 2396 ecclesia
3144 2345 3250 2404 est,
3294 2345 3354 2392 et
3410 2335 3724 2404 Hospitium

2147 2435 2466 2507 Ethiopum
2512 2436 2628 2491 sive
2683 2433 2937 2490 ludorum
2967 2472 2982 2498 ,
3046 2430 3339 2487 Alexandri
3363 2427 3434 2483 ΙΙΙ
3495 2441 3726 2483 munere

2145 2528 2291 2584 haud
2323 2526 2514 2598 procul
2547 2542 2578 2581 a
2607 2525 2840 2581 Basilica
2884 2523 3068 2580 Sancti
3100 2523 3268 2587 Petri,
3295 2532 3353 2578 et
3381 2521 3582 2576 Sancti
3609 2519 3726 2573 Ste-

2143 2619 2308 2689 phani
2332 2616 2615 2673 ecclesiam
2642 2615 3150 2678 Cata-Barbaraa,-et
3169 2611 3504 2669 (lata—Galla
3542 2620 3722 2674 vocat,

2145 2726 2176 2766 e
2203 2709 2504 2776 Grimaldo,
2531 2718 2586 2765 et
2614 2708 3023 2764 Martinello.Ad
3048 2707 3423 2763 illustrandum
3448 2705 3724 2759 narratio-

2145 2815 2292 2866 nem,
2318 2810 2372 2855 et
2396 2800 2560 2855 vitam
2599 2797 2705 2854 Nili
2755 2797 3153 2865 elucidandam,
3183 2797 3328 2852 baud
3375 2797 3491 2852 erit
3531 2796 3636 2851 abs
3668 2812 3724 2851 ne

2145 2909 2266 2964 qua:
2293 2895 2544 2964 leguntur
2573 2893 2625 2948 in
2650 2892 2948 2961 Menologio
2990 2892 3122 2962 imp.
3155 2889 3336 2945 Basilii
3375 2900 3510 2946 ante
3546 2906 3726 2946 annos

2148 2983 2271 3051 727,
2302 2983 2416 3040 MS.
2439 2985 2583 3055 quod
2619 2982 2822 3038 Paulus
2885 2981 2929 3036 γ
2963 2981 3104 3038 Bibl.
3142 2980 3315 3038 Vatic.
3348 2981 3557 3046 intulit,
3607 2982 3724 3038 cui-

2145 3090 2252 3145 que
2290 3076 2349 3131 in
2375 3075 2619 3146 margine
2650 3071 2715 3130 C.
2754 3073 2808 3141 7,
2831 3073 2922 3127 τοῦ
2953 3072 3054 3143 βλα
3094 3073 3150 3128 id
3169 3082 3276 3137 est,
3304 3073 3501 3129 codice
3522 3071 3556 3125 7
3579 3080 3722 3128 ιω-

2147 3167 2222 3237 pli
2275 3165 2634 3223 Blachernen.
2681 3163 3191 3235 Constantinopoli,
3228 3172 3284 3220 et
3341 3180 3470 3236 quae
3512 3165 3721 3221 contuli

2145 3276 2269 3315 cum
2301 3260 2488 3316 codice
2522 3259 2612 3322 74,
2635 3260 2761 3314 item
2777 3274 2880 3315 ms.
2903 3257 3008 3313 BB.
3029 3257 3135 3313 BB.
3165 3273 3221 3329 p.
3251 3258 3346 3325 45,
3379 3257 3718 3329 appingerel:

2151 3347 2229 3418 Τῇ
2263 3347 2416 3418 αὐτῇ
2445 3347 2634 3417 ἡμέρᾳ
2667 3347 2739 3401 ιδ’
2777 3347 3136 3416 Ἰανουαρίου
3166 3345 3375 3416 μνήμη
3405 3347 3517 3401 τοῦ
3544 3348 3720 3401 ὁσίου

2144 3438 2376 3507 Πατρός
2411 3437 2580 3508 ἡμῶν
2633 3436 2990 3491 Θεοδούλου.
3033 3431 3219 3502 Οὗτος
3280 3435 3563 3506 ὑπῆρχεν
3595 3438 3722 3499 υίὸς

2141 3531 2364 3586 Νείλου
2411 3529 2516 3592 τοῦ
2562 3529 2760 3599 σοφοῦ
2804 3527 2911 3584 τοῦ
2953 3529 3263 3598 γεγονότος
3292 3527 3413 3598 μὲν
3453 3529 3722 3598 ἐπάρχου

2145 3621 2834 3687 Κωνσταντινουπόλεως
2851 3660 2870 3687 ,
2901 3621 3339 3686 καταλιπόντος
3366 3619 3439 3674 δὲ
3473 3621 3593 3688 τὴν
3623 3621 3719 3675 δό-

2145 3713 2263 3778 ξαν
2281 3713 2387 3767 τοῦ
2409 3713 2660 3782 κόσμου,
2688 3711 2786 3766 καὶ
2807 3711 3198 3778 ἀπελθόντος,
3223 3711 3320 3766 καὶ
3333 3713 3719 3782 μονάσαντος

2143 3804 2214 3860 ἐν
2255 3803 2336 3870 τῷ
2379 3803 2502 3874 ὄρει
2535 3802 2684 3874 Σινᾷ
2705 3804 2859 3874 μετὰ
2892 3801 3002 3861 τοῦ
3033 3803 3168 3860 υίοῦ
3196 3803 3384 3858 αὑτοῦ
3409 3821 3427 3834 ·
3461 3805 3583 3858 τῶν
3612 3807 3719 3860 δύο

2142 3894 2212 3951 δὲ
2249 3895 2642 3965 ὑπαρχόντων
2683 3897 2922 3963 ἔπειτα,
2953 3896 3052 3953 καὶ
3080 3897 3196 3964 τὴν
3223 3896 3571 3964 άσκητικὴν
3614 3914 3713 3951 πο-

2140 3990 2374 4044 λιτείαν
2396 3988 2724 4059 διαγόντων
2751 3988 3044 4059 ἐξαίφνης
3068 3989 3482 4044 ἐπιπεσόντων
3498 3991 3718 4059 Βαρϐά-

480 4075 663 4128 dulum
681 4083 946 4143 ceperunt,
963 4089 1112 4143 quem
1130 4073 1211 4126 uti
1229 4071 1491 4141 captivum
1509 4072 1562 4125 in
1579 4072 1881 4126 servitutem
1900 4072 2042 4126 reda-

2143 4096 2282 4148 ρων,
2324 4079 2426 4134 καὶ
2477 4079 2828 4150 ἀρξαμένων
2883 4080 3287 4152 κατασφάξειν
3329 4080 3474 4148 τοὺς
3512 4083 3723 4150 ἁγίους

482 4177 646 4232 ctum,
671 4166 830 4238 703
855 4165 990 4221 luxit
1010 4165 1286 4235 plusquam
1313 4164 1580 4230 decuerat,
1603 4163 2044 4235 quemadmodum

482 4261 536 4314 in
562 4259 696 4314 libro
719 4274 874 4328 super
895 4274 959 4312 ea
989 4273 1043 4312 re
1064 4259 1347 4329 composito
1373 4257 1677 4327 praefertur.
1703 4255 1890 4312 Divina
1943 4257 2043 4326 igi-

483 4362 570 4405 tur
593 4351 783 4422 dignus
804 4348 1014 4404 habitus
1042 4348 1404 4420 presbyterum
1447 4349 1555 4418 ipse
1578 4347 1740 4403 Nilus
1768 4347 2044 4404 Sermones

481 4442 544 4497 de
575 4443 870 4498 monastica
897 4443 1286 4508 exercitatione,
1326 4443 1469 4496 omni
1497 4442 1777 4513 sapientia,
1815 4441 2044 4512 pruden-

484 4533 582 4597 tia,
605 4546 654 4588 et
691 4534 926 4589 utilitate
953 4534 1023 4588 ad
1041 4534 1467 4589 exercitationem
1518 4535 1732 4589 idoneos
1781 4533 2042 4604 exposuit,

482 4625 572 4694 qui
602 4625 648 4678 vi
679 4625 924 4690 rationis,
948 4635 998 4678 et
1021 4622 1249 4695 Spiritus
1294 4625 1466 4679 sancti
1509 4625 1689 4695 gratia
1731 4633 2042 4694 perungunt,

483 4713 777 4784 Epistolas,
816 4725 866 4769 et
917 4714 1164 4783 Capitula
1197 4716 1514 4781 composuit;
1550 4715 1820 4785 plerosque
1867 4715 2046 4769 divino

476 4808 645 4864 etiam
669 4822 850 4862 amore
870 4823 962 4878 per
989 4809 1104 4878 ipsa
1125 4808 1333 4862 Christo
1359 4825 1477 4863 cum
1502 4810 1834 4875 admovisset,
1862 4810 1916 4863 in
1942 4826 2040 4879 pa-

481 4915 540 4954 ce
567 4897 905 4952 obdormivit.
949 4897 1101 4954 Iacet
1132 4916 1250 4954 vero
1281 4899 1360 4970 (ut
1399 4900 1570 4970 aiunt)
1618 4901 1746 4969 ipse,
1797 4918 1858 4955 ac
1898 4901 2044 4956 illius

483 4989 627 5060 ﬁlius
664 4988 958 5046 Theodulus
982 5008 1100 5046 cum
1125 4991 1247 5047 aliis
1286 4993 1498 5058 ascetis,
1528 4993 1581 5046 id
1607 5004 1704 5059 est,
1736 4995 2048 5048 exercitato-

372 5131 376 5136 .
483 5080 630 5140 ribus
661 5083 718 5136 in
765 5085 1055 5138 venerando
1091 5093 1393 5139 sanctorum
1431 5085 1798 5155 Apostolorum
1855 5086 2045 5156 templo

485 5174 708 5244 inferius
755 5175 850 5230 sub
913 5175 1073 5231 altari
1119 5176 1381 5247 deportati
1437 5188 1486 5231 et
1530 5178 1796 5233 translati.
1847 5176 2044 5233 Verum

481 5267 710 5325 Allatius
737 5281 954 5338 quoque
987 5265 1191 5338 profert
1214 5269 1398 5322 eadem
1440 5268 1630 5336 ferme,
1665 5285 1787 5340 quae
1841 5271 2049 5326 scilicet

481 5353 774 5422 exscripsit
808 5370 840 5407 e
875 5353 1174 5423 bleuologio
1202 5355 1409 5423 Graeco,
1458 5357 1550 5414 sed
1597 5367 1882 5422 truncata;
1913 5361 2047 5415 nihil

482 5443 628 5500 enim
661 5444 728 5498 de
755 5444 1022 5514 sepulcro,
1058 5461 1112 5514 p.
1147 5447 1180 5502 9
1229 5447 1461 5502 Diatrib.
1501 5448 1564 5503 de
1587 5447 1748 5504 Nilis.
1781 5449 2046 5521 Nicepho-

487 5537 585 5591 t‘us
630 5549 778 5599 vero,
811 5534 906 5593 lib.
938 5551 1050 5601 xw,
1083 5553 1136 5592 c.
1167 5538 1254 5605 54,
1288 5538 1466 5594 Nilum
1515 5541 1624 5597 vita
1667 5542 1981 5600 defunctum
2015 5561 2044 5601 a

489 5625 704 5684 Justino
737 5632 1056 5697 posteriore,
1090 5633 1214 5687 inde
1240 5635 1377 5702 (sive
1411 5653 1441 5690 a
1475 5647 1656 5692 monte
1683 5637 1837 5701 Sina)
1871 5648 2048 5694 trans-

491 5714 656 5774 latqu
689 5719 740 5776 in
765 5719 1110 5779 fundamento
1129 5723 1438 5781 sacratioris
1469 5741 1690 5796 mensae,
1721 5727 1776 5784 in
1807 5744 1872 5784 eo
1905 5727 2048 5800 quod

2144 4171 2428 4242 Πατέρας,
2461 4174 2494 4227 ὀ
2518 4171 2636 4242 μὲν
2675 4171 2889 4239 Νεῖλος
2911 4173 2992 4240 ὠς
3011 4171 3285 4242 ἠδυνήθη
3318 4174 3619 4244 epotam
3650 4174 3717 4226 δὲ

2145 4263 2277 4332 υίὸς
2297 4264 2482 4321 αὐτοῦ
2499 4263 2830 4331 Θεόδουλος
2853 4265 3151 4334 ἐκρατήθη
3180 4265 3554 4335 αἰχμάλωτος
3570 4268 3720 4337 μετό

2143 4355 2349 4425 ἑτέρου
2382 4355 2520 4423 ἐνὸς
2552 4355 2707 4424 υἱοῦ,
2733 4355 2831 4409 καὶ
2862 4354 3134 4422 δεθέντες
3151 4355 3481 4422 ἀπήγοντοο
3510 4359 3716 4426 εὑρόν-

2142 4465 2260 4502 των
2283 4446 2446 4522 Ὶοᾶ,
2464 4447 2534 4502 δὲ
2555 4447 2674 4503 τῶν
2697 4448 3015 4518 Βαρϐάρων
3039 4449 3226 4503 τόπον
3244 4448 3522 4519 χλοερὸν,
3549 4451 3717 4505 κιττέ-

2143 4553 2389 4592 παυσαν
2420 4581 2436 4606 ,
2462 4539 2562 4594 καὶ
2588 4540 2910 4595 ἐϐούλοντο
2932 4541 3160 4611 σφάξαι
3182 4542 3324 4608 τοὺς
3343 4541 3523 4608 νέους
3562 4583 3579 4608 ,
3621 4543 3717 4596 καὶ

2145 4628 2324 4684 θῦσαι
2351 4628 2431 4695 τῷ
2453 4629 2565 4699 πρὸ
2589 4630 2695 4686 τοῦ
2721 4633 2901 4700 ἡλίου
2931 4633 3329 4688 ἀνατέλλοντι
3367 4634 3593 4703 ἄστρῳ,
3622 4635 3717 4688 καὶ

2141 4718 2541 4790 ,ϐουλομένων
2586 4722 2695 4777 τοῦ
2727 4725 2879 4793 πρωῒ
2927 4724 3154 4794 σφάξαι
3193 4725 3336 4791 τοὺς
3376 4726 3580 4792 νέους.
3622 4728 3715 4779 καὶ

2145 4811 2472 4884 προσάγειν
2511 4816 2735 4869 θυσίαν
2776 4816 2856 4881 τῷ
2895 4816 3095 4886 ἄστρῳ
3109 4817 3362 4885 πρωτνῷ,
3392 4820 3498 4872 καὶ
3537 4822 3573 4872 d
3607 4820 3718 4887 μὲν

2145 4896 2232 4968 εἷς
2258 4901 2499 4972 ἔφυγεν,
2526 4907 2580 4956 ol
2603 4902 2672 4957 δὲ
2693 4903 2977 4974 Βάρϐιιροι
2998 4906 3394 4976 κοιμηθέντες,
3410 4906 3523 4961 τοῦ
3542 4909 3717 4976 ἡλίου

2145 4993 2573 5062 ἀνατείλαντος
2617 4996 2719 5050 καὶ
2769 4996 2875 5050 τοῦ
2919 4996 3145 5066 ἄστρου
3198 4999 3522 5068 κρυόέντος
3539 5039 3558 5062 ,
3607 5001 3713 5054 οὐκ

2145 5085 2424 5156 ἔσφαξαν
2443 5088 2550 5142 τὸν
2564 5088 2918 5144 Θεόδουλον·
2936 5091 3236 5160 βουλόμεγ
3245 5109 3300 5146 οι
3325 5091 3392 5144 δὲ
3414 5091 3711 5158 πωλῆσαι,

2146 5177 2257 5233 δύο
2271 5180 2500 5248 μόνους
2524 5181 2860 5250 χρυσίνους
2883 5181 3244 5253 ἐλάμϐανον,
3273 5183 3370 5236 καὶ
3399 5183 3712 5253 γυμνώσας

2146 5273 2180 5325 ό
2212 5265 2299 5337 εἷς
2325 5271 2388 5326 τὸ
2417 5270 2589 5341 ξίφος
2624 5271 2802 5340 ἤθελε
2828 5273 3076 5343 σφάξαι*
3131 5274 3262 5328 τοτὲ
3289 5274 3596 5344 ἠγόρασεν
3617 5277 3713 5328 αὐ-

2148 5360 2257 5416 τὸν
2310 5363 2679 5430 Ἐπίσκοπος
2702 5403 2719 5429 ,
2761 5366 2859 5420 καὶ
2889 5366 3191 5432 ἀπέλυσε,
3222 5367 3321 5421 καὶ
3353 5365 3555 5434 καλῶς
3578 5369 3712 5432 βιώ-

2149 5472 2270 5524 σας
2291 5456 2604 5526 ἐκοιμήθη.
2634 5457 2789 5524 Quaz,
2831 5473 2918 5513 me
2949 5459 3259 5529 interprete,
3289 5463 3359 5514 ita
3377 5471 3586 5515 sonant
3618 5459 3714 5516 La-

2151 5549 2265 5604 line
2309 5547 2559 5604 :Eadem
2601 5551 2684 5604 die
2713 5551 2917 5604 decima
2937 5565 3129 5620 quarta
3170 5550 3421 5607 Januarii
3470 5555 3713 5606 memoria

2149 5641 2322 5694 sancti
2350 5639 2535 5695 Patris
2564 5645 2730 5696 nostri
2754 5642 3026 5698 Theoduli.
3045 5641 3169 5713 Fuit
3192 5646 3292 5698 iste
3313 5645 3462 5712 ﬁlius
3489 5642 3611 5698 Nili
3633 5662 3711 5697 sa-

2149 5733 2356 5811 pientis,
2382 5734 2702 5812 quiequid;
2725 5736 3004 5807 praefectus
3037 5734 3555 5806 Constantinopolis,
3599 5739 3684 5808 qui
