3852 6052
156 318 326 390 1433

1476 326 1575 387 DE
1610 327 1792 389 νΙΤΑ
1834 329 1897 389 S.
1939 330 2125 391 NILI.

3284 338 3423 404 1434

150 451 271 505 que
300 434 590 506 dereliquit
625 434 851 507 gloriam
878 436 1081 502 mundi,
1102 443 1153 491 et
1182 435 1311 491 abiit
1330 434 1388 489 in
1408 448 1635 491 montem
1663 435 1750 492 Si-
1777 442 1824 497 A
1852 447 1905 493 et
1938 454 2060 509 qua:
2085 439 2291 495 inserui
2337 455 2501 511 supra
2552 458 2673 514 pag.
2696 444 2799 502 679
2845 455 2898 502 et
2918 447 3043 513 668,
3070 456 3165 518 per
3198 448 3427 521 ὕστερον

154 540 262 586 ria,
288 524 474 594 ibique
503 541 617 578 cum
652 523 765 594 ﬁlio
796 525 1163 579 monachatum
1190 524 1455 595 professus
1478 535 1572 589 est,
1605 542 1750 579 cum-

152 634 267 687 que
286 618 374 671 ibi
387 616 537 670 ambo
562 618 889 681 exsisterent,
907 626 955 671 et
972 618 1133 671 vitam
1150 616 1577 671 exercitateriam
1597 616 1753 671 duce-

153 720 318 776 rent,
338 727 410 765 ex
422 710 700 780 improviso
718 709 1101 763 incurrentibus
1120 708 1359 763 barbaris
1406 720 1455 763 et
1470 710 1750 779 aggressis,

146 802 429 873 jugulare
457 812 665 857 sanctos
696 799 905 857 Patres.
956 801 1115 856 Nilus
1148 802 1357 873 quidem
1382 802 1552 872 potuit
1595 802 1754 872 aufu-

153 912 320 967 gere,
373 897 484 967 ejus
526 906 701 951 autem
744 896 887 966 ﬁlius
933 898 989 950 in
1033 905 1342 966 potestatem
1381 912 1559 950 eorum
1609 898 1744 950 venit

152 993 425 1061 captivus
455 1007 571 1044 cum
591 1006 694 1044 uno
720 990 828 1043 alio
851 990 1192 1055 adolescente,
1229 1000 1281 1044 et
1308 990 1477 1060 ligati,
1502 991 1679 1054 tracti,
1703 999 1753 1045 et

153 1084 403 1137 abducti
436 1084 671 1153 fuerunt.
718 1084 787 1137 At
832 1080 1047 1136 barbari
1090 1099 1207 1135 cum
1241 1084 1551 1138 invenissent
1580 1083 1749 1136 locum

153 1175 453 1239 virentem,
487 1173 869 1243 requieverunt,
900 1170 1235 1241 volebantque
1270 1169 1522 1240 jugulare
1571 1169 1752 1222 adole-

151 1275 405 1330 scentes,
436 1275 486 1319 et
508 1265 811 1333 sacriﬁcare
843 1262 1024 1319 Stella!
1045 1264 1233 1317 orienti
1254 1272 1374 1317 ante
1406 1262 1587 1327 solem,
1608 1278 1752 1315 cum-

150 1375 265 1428 que
300 1367 599 1412 statuerent
621 1373 772 1410 mane
791 1355 1043 1426 jugulare
1083 1354 1453 1423 adolescentes,
1485 1364 1535 1410 et
1564 1354 1751 1424 oﬂ‘erre

149 1451 509 1520 sacri/icium
533 1448 717 1505 Stella:
756 1449 1045 1514 matutinte,
1086 1465 1222 1503 unus
1261 1447 1471 1519 quidem
1523 1448 1751 1517 eﬁ'ugit;

155 1542 400 1597 barbari
447 1559 602 1613 porro
650 1542 1101 1605 indormiscentes,
1154 1551 1336 1596 exorto
1358 1542 1486 1606 sole,
1522 1551 1570 1594 et
1599 1540 1750 1594 stella

148 1634 281 1704 iam
306 1635 607 1697 recondita,
652 1634 865 1688 minime
898 1632 1221 1688 Theodulum
1247 1632 1601 1703 jugularunt;
1630 1647 1747 1683 cum

156 1736 361 1779 autem
383 1726 656 1779 divendere
677 1724 885 1789 vellent,
913 1725 1044 1778 duos
1099 1734 1306 1778 tantum
1335 1740 1518 1778 aureos
1546 1739 1749 1793 compe-

1858 531 2140 603 πρότερον,
2163 533 2323 604 705
2339 542 2393 589 et
2408 535 2699 602 ἄνωκάτω,
2725 537 2776 591 id
2789 548 2890 602 est,
2904 555 2995 594 sus
3011 543 3176 611 deque
3196 545 3422 610 integra;

1855 640 1980 679 nam
2024 625 2222 694 Photii,
2252 626 2563 697 Nicephori,
2594 640 2647 685 et
2678 631 2906 685 aliorum
2940 633 3269 702 scriptorum
3304 634 3423 689 loca

1855 718 2105 775 laudibus
2144 721 2316 775 sancti
2350 720 2453 775 Nili
2507 724 2853 792 personantia
2888 739 3177 795 congerere
3202 726 3422 794 longum

1854 796 2018 869 nim/is
2043 822 2097 879 et
2134 814 2381 883 putidum
2431 814 2571 869 foret
2606 833 2619 867 :
2670 830 2732 870 ea
2785 824 3044 885 praeterea
3088 825 3197 871 tam
3250 819 3319 872 R.
3360 817 3419 871 P.

1854 905 2136 973 Pessinus,
2170 923 2333 978 quam
2365 906 2594 962 Allatius
2643 907 2762 963 fuse
2811 908 3209 978 pr'emiserunt.
3242 908 3423 964 Unum

1853 1005 2173 1069 observabo,
2205 1014 2470 1074 martyres
2498 1004 2627 1058 olim
2661 1015 2950 1072 antequam
2976 1005 3190 1075 publica
3213 1005 3319 1061 illis
3338 1021 3424 1060 ve-

1852 1097 2062 1152 neratio
2080 1097 2479 1162 decerneretur,
2505 1097 2689 1165 illique
2729 1096 2784 1150 in
2807 1096 3082 1151 Canonem
3109 1096 3306 1159 Missae,
3326 1112 3423 1152 seu

1854 1189 2107 1260 Liturgize
2118 1204 2285 1244 sacrae
2309 1188 2567 1260 Diptycha
2586 1188 2938 1254 referrentur,
2958 1188 3149 1244 solitos
3163 1189 3425 1244 vindicari

1852 1284 1951 1340 abs
1973 1283 2267 1355 episcopis,
2290 1281 2385 1351 qui
2408 1281 2693 1351 diligenter
2726 1279 3071 1350 inquirebant
3098 1296 3221 1337 cum
3250 1281 3423 1353 plebi-

1849 1376 1974 1439 bus,
1992 1392 2058 1431 ex
2082 1376 2274 1445 Optato
2296 1374 2740 1435 Milevitano,lib.
2771 1373 2791 1427 Ι
2819 1371 3017 1428 Contra
3052 1372 3421 1441 Parmenion.,

1850 1479 1903 1525 et
1922 1484 1952 1524 e
1980 1479 2169 1523 sancto
2190 1468 2493 1538 Augustino
2518 1467 2570 1520 in
2599 1465 2799 1522 Brevia.
2823 1477 2938 1537 post
2963 1466 3256 1532 collation.,
3291 1484 3425 1537 sup-

1850 1561 1997 1631 plicii
2052 1568 2215 1630 atque
2272 1560 2423 1615 necis
2454 1574 2703 1622 causam,
2751 1576 2873 1630 quae
2910 1558 3041 1614 facit
3087 1570 3418 1631 martyrem;

1850 1665 2030 1721 neque
2085 1664 2211 1705 vero
2246 1663 2345 1719 pro
2396 1659 2636 1719 martyre
2676 1648 2816 1703 Deus
2850 1648 3133 1713 orabatur,
3187 1664 3256 1701 ne
3288 1649 3419 1702 huic

1850 1744 2048 1814 injuria
2100 1744 2287 1810 ﬁeret;
2338 1742 2431 1797 sed
2466 1741 2511 1796 is
2539 1742 2849 1810 rogabatur,
2880 1750 2939 1795 ut
2963 1756 3065 1810 pro
3095 1741 3253 1797 nobis
3284 1756 3417 1796 exo-

155 1819 412 1883 riebant,
445 1827 494 1870 et
524 1834 658 1870 unus
712 1817 983 1872 denudans
1006 1834 1203 1882 ensem,
1232 1818 1432 1871 volebat
1469 1826 1745 1879 mactare;
1776 1854 1818 1911 Β
1848 1848 1995 1893 mret
2047 1836 2239 1903 Deum,
2292 1843 2409 1889 tum
2470 1849 2637 1903 super
2684 1834 2803 1903 ejus
2856 1842 3268 1889 monumenmm
3322 1848 3419 1888 ex-

158 1918 288 1965 tum
316 1909 592 1979 episcopus
629 1923 745 1961 eum
785 1908 1021 1972 redemit,
1065 1916 1114 1961 et
1154 1907 1416 1971 liberavit;
1463 1915 1517 1959 at
1554 1906 1643 1960 ille
1673 1907 1747 1960 vi-

154 2019 296 2058 vens
333 2000 590 2073 prteclare
613 1999 913 2054 obdormiit.
942 2000 1405 2069 Adnotategregie
1424 1998 1488 2055 R.
1524 1998 1587 2054 Ρ.
1616 2000 1747 2056 Pos-

156 2096 338 2154 sinus
378 2109 593 2164 semper
624 2092 1055 2157 laudatissimus,
1087 2107 1137 2162 p.
1179 2092 1276 2146 181
1347 2090 1495 2147 Nott.
1530 2092 1616 2149 bis
1667 2093 1750 2148 di-

153 2186 481 2250 venditum,
521 2199 584 2238 ac
612 2183 806 2255 legitur
852 2183 906 2238 in
946 2183 1114 2237 altero
1166 2183 1358 2238 codice
1410 2199 1551 2239 ms.:
1592 2184 1743 2237 Αὐτὸ

154 2281 285 2351 τὰρ
313 2277 726 2337 θεοποιοῦνται
746 2280 799 2331 ol
824 2277 1084 2347 μάταιοι,
1106 2276 1382 2346 ἠδυνήθη
1399 2277 1613 2347 φυγεῖν
1633 2272 1747 2344 εἷς·

156 2371 410 2441 συνέϐη
440 2390 505 2425 τε
534 2372 630 2425 καὶ
670 2370 839 2438 ὕπνῳ
866 2372 1100 2437 πρωΐνῳ
1136 2368 1642 2442 κατασκεσρῆναι,
1682 2370 1754 2424 ἐν

158 2485 233 2522 τε
268 2465 598 2536 παρελθεῖν
624 2464 733 2518 τὸν
758 2464 1003 2533 ἇστερα,
1032 2463 1069 2532 ἢ
1098 2463 1407 2518 ἀνατεῖλαι
1430 2465 1535 2516 τὸν
1556 2463 1750 2531 ἣλιον,

158 2558 269 2613 καὶ
312 2555 665 2612 καταλιπεῖν
694 2555 801 2610 τοῦ
829 2554 1055 2624 σφάξαι
1087 2554 1195 2608 τὸν
1234 2554 1585 2617 Θεοδουλον,
1617 2554 1756 2609 ὅθεν

158 2650 454 2720 ἐαθησαν
478 2651 664 2705 αὑτὸν
692 2652 779 2718 εὶς
799 2649 1041 2722 πράσιν.
1066 2652 1172 2717 Εἰς
1194 2654 1376 2705 πόλιν
1396 2666 1531 2705 τινα
1551 2651 1755 2705 ἐλθόν-

160 2758 273 2809 τες
308 2740 511 2812 μηδέν
533 2740 741 2810 ἕτερον
776 2741 1059 2811 φέροντες
1081 2741 1188 2797 τοῦ
1212 2741 1547 2797 Θεόδούλον
1584 2744 1635 2796 sl
1666 2740 1753 2811 μὴ

160 2832 285 2887 δύο
315 2832 648 2903 χρυσίνους
674 2832 1030 2904 ἐγύμνωσαν
1068 2836 1135 2889 τὸ
1162 2836 1358 2904 ξίφος,
1402 2835 1501 2889 καὶ
1536 2834 1758 2889 ἔθεσαν

160 2926 272 2980 ἐπὶ
330 2925 440 2980 τὸν
495 2924 799 2996 τράχηλον
840 2926 1028 2981 αὐτοῦ
1075 2926 1453 2995 ἀπηλοῦντες
1500 2926 1753 2996 σφάξαι,

162 3017 371 3073 αὑτοῦ
438 3016 509 3071 δὲ
589 3019 963 3084 ἱκετεύοντος
1039 3018 1347 3088 ἠγοράσθη
1418 3018 1577 3087 παρὰ
1649 3019 1757 3074 τοῦ

164 3109 518 3163 ἐπισκόπου
554 3126 570 3141 ο
629 3109 888 3178 ὕστερον
958 3108 1027 3162 δὲ
1075 3111 1107 3162 ό
1165 3111 1361 3178 πατὴρ
1404 3110 1589 3164 αὑτοῦ
1643 3110 1759 3164 ἁπ-

1849 1930 2110 1989 struendo
2153 1930 2324 1985 altare
2373 1928 2501 1994 Deo,
2538 1928 2593 1982 in
2627 1927 2809 1982 album
2866 1934 2921 1981 et
2951 1942 3240 1981 numerum
3287 1940 3419 1979 san-

1849 2035 2062 2081 ctorum
2092 2039 2217 2079 eum
2238 2024 2596 2078 asciscebant.
2626 2031 2684 2076 ut
2704 2021 2937 2075 allirmat
2972 2021 3134 2075 etiam
3163 2019 3421 2074 Nicotaus

1848 2112 2204 2178 Alemannus,
2246 2110 2472 2165 Dissert.
2508 2111 2574 2163 de
2594 2109 2909 2165 Lateranen.
2963 2109 3165 2163 Pariet.
3213 2123 3268 2178 p.
3316 2107 3417 2173 54;

1849 2217 1914 2258 es
1963 2209 2153 2257 sancto
2186 2200 2487 2269 Augustino
2525 2213 2690 2254 serm.
2730 2198 2831 2253 115
2868 2198 2942 2252 De
2970 2200 3161 2253 divers.
3193 2208 3248 2253 et
3284 2215 3332 2253 c.
3368 2212 3422 2253 γι

1852 2291 2140 2361 Apocalyp.
2211 2288 2411 2345 Verum
2449 2288 2553 2343 iste
2594 2290 2734 2344 ritus
2767 2289 3042 2345 adhibitus
3070 2287 3174 2343 fuit
3204 2297 3257 2343 et
3287 2304 3421 2345 con-

1853 2382 2156 2439 fessoribus
2191 2396 2257 2437 ex
2286 2381 2445 2436 Petro
2499 2380 2760 2436 Damiano
2792 2382 2847 2435 in
2887 2379 2992 2435 Vit.
3025 2379 3085 2436 S.
3116 2379 3422 2444 Romualdi,

1853 2491 1904 2531 c.
1940 2475 2027 2540 72,
2058 2484 2114 2530 et
2141 2475 2371 2546 epistola
2427 2476 2496 2531 29
2531 2477 2597 2530 ad
2621 2474 2913 2529 Henricum
2950 2474 3421 2544 archiepiscopum

1856 2568 2201 2633 Ravennat.,
2256 2577 2421 2638 atque
2484 2566 2763 2622 cardinale
2810 2565 3068 2631 Baronio,
3122 2579 3245 2635 cap.
3296 2564 3333 2619 5
3366 2564 3423 2619 in

1854 2661 2240 2735 Martyrologio
2290 2660 2560 2717 Romano.
2605 2660 2757 2716 Unde
2798 2658 3151 2714 canonizatos
3179 2659 3301 2723 hos,
3333 2657 3427 2712 Ni-

1856 2757 1969 2812 lum
1994 2754 2198 2810 scilicet
2217 2763 2377 2823 atque
2400 2750 2763 2816 Theodulum,
2790 2749 2959 2804 fuisse
2985 2749 3173 2819 liquet,
3208 2747 3427 2818 quando

1858 2847 1961 2902 sub
1996 2843 2151 2899 altari
2206 2842 2428 2898 fuerunt
2474 2856 2662 2895 eorum
2704 2839 2994 2895 reconditae
3018 2837 3294 2907 reliquiae;
3328 2836 3426 2892 de-

1858 2934 2206 2991 clarabantur
2255 2933 2399 2987 enim
2450 2933 2553 2987 hoc
2603 2933 2709 2985 ritu
2749 2929 2870 2984 illos
2921 2928 3144 2991 vixisse,
3170 2942 3233 2981 ac
3266 2926 3427 2980 rebus

1859 3026 2024 3097 gestis
2059 3025 2327 3082 meruisse
2355 3024 2630 3080 caelestem
2662 3021 2995 3085 beatitatcm,
3029 3029 3081 3074 et
3113 3017 3427 3073 facultatem

1859 3135 1958 3190 pro
2015 3118 2173 3173 nobis
2226 3132 2323 3172 eos
2370 3115 2757 3171 invocantibus
2811 3113 2951 3182 apud
2987 3110 3157 3165 Deum
3193 3112 3427 3165 interve-

162 3202 401 3257 ἔλαϐον
455 3202 663 3266 αὐτὸν,
730 3203 831 3256 καὶ
895 3202 962 3256 τὸ
1022 3202 1239 3257 λοιπὸν
1299 3202 1412 3271 τῆς
1450 3202 1600 3271 ζωῆς
1655 3219 1758 3256 κα-

1860 3208 2065 3265 niendi.
2094 3207 2233 3264 Sunt
2261 3208 2461 3289 quippe
2490 3206 2686 3275 phialze
2702 3220 2880 3260 aurea:
2908 3204 3078 3274 plenae
3106 3202 3428 3257 odoramen-

166 3293 301 3361 λῶς
355 3293 589 3361 βιώσας
626 3294 697 3347 ἐν
737 3293 945 3363 εἰρήνῃ
986 3291 1316 3363 ἐτελειώθη.
1344 3294 1401 3348 ld
1447 3303 1565 3349 est:
1594 3291 1757 3348 Illam

1860 3311 2037 3357 torum
2070 3301 2342 3355 orationes
2368 3309 2682 3353 sanctorum
2710 3313 2756 3352 c.
2790 3313 2846 3359 ν,
2879 3311 2930 3350 v.
2962 3296 2995 3349 8
3024 3294 3311 3363 Apocalyp.
3334 3311 3349 3359 ;
3374 3303 3429 3347 et

166 3392 321 3446 enim
345 3390 553 3445 stellam
584 3391 725 3459 fatui
748 3388 915 3443 Deum
935 3405 1045 3443 esse
1073 3390 1300 3459 ﬁngunt,
1333 3391 1500 3457 potuit
1531 3389 1752 3459 aufuge-

170 3498 231 3538 re
254 3498 423 3545 unus,
458 3481 672 3551 contigit
700 3488 749 3534 et
773 3496 953 3533 somno
990 3482 1249 3533 matutino
1277 3479 1521 3533 distineri
1555 3478 1753 3531 barba-

170 3592 293 3641 ros,
327 3586 375 3629 et
401 3575 606 3628 interim
634 3574 871 3635 Astrum,
895 3590 986 3628 seu
1004 3573 1228 3628 Stellam
1253 3574 1544 3642 praeterire,
1578 3571 1755 3627 Solem

170 3686 304 3724 vero
355 3669 571 3733 exoriri,
618 3667 1027 3736 destiteruntque
1060 3666 1144 3720 illi
1191 3666 1255 3719 ab
1304 3666 1546 3735 incepto,
1594 3681 1754 3735 neque

172 3761 516 3816 Theodulum
539 3758 895 3829 jugularunt;
919 3757 1055 3810 unde
1084 3756 1235 3809 illum
1261 3756 1329 3809 ad
1356 3756 1754 3811 venundandum

170 3856 436 3926 sospitem
487 3852 847 3923 reliquerunt,
904 3849 1159 3904 venientes
1225 3859 1400 3904 autent
1456 3849 1524 3902 ad
1576 3848 1755 3902 urbem

174 3944 492 4019 quamdam,
523 3943 653 3998 nihil
680 3943 849 4010 aliud,
874 3944 976 3997 nisi
997 3944 1125 3997 duos
1147 3959 1332 3997 aureos
1367 3958 1461 4011 pro
1490 3940 1757 3995 Theodulo

176 4038 571 4111 proferentibus
600 4037 704 4101 his,
725 4038 815 4108 qui
845 4038 1100 4103 emebant,
1134 4036 1518 4091 distrinxerunt
1558 4051 1752 4099 ensem,

178 4144 231 4188 et
251 4148 410 4202 super
431 4129 593 4199 ipsius
613 4130 803 4184 collum
829 4138 1134 4201 posuerunt,
1156 4130 1454 4203 minitantes
1477 4145 1586 4183 sese
1604 4128 1755 4181 illum

182 4236 538 4279 mactaturos.
570 4224 686 4293 Ipse
710 4241 827 4279 vero
874 4225 1113 4294 supplex,
1146 4233 1195 4277 et
1238 4239 1461 4277 exorans
1491 4231 1754 4291 coemptus

184 4318 296 4388 fuit
345 4316 409 4371 ab
445 4317 708 4387 episcopo,
740 4317 863 4370 dein
900 4316 1012 4385 ejus
1059 4325 1209 4385 pater
1248 4316 1417 4384 ipsum
1454 4314 1663 4384 recepit,
1707 4322 1757 4369 et

182 4409 520 4478 postmodum
551 4408 845 4464 Tlteodulus
873 4410 1033 4463 vitam
1064 4407 1319 4479 reliquam
1353 4418 1530 4461 sancte
1565 4406 1755 4461 tradu-

184 4502 291 4565 xit,
314 4518 375 4554 ac
413 4501 466 4554 in
500 4516 626 4570 pace
671 4508 1062 4555 consummatus
1109 4507 1206 4552 est.
1262 4496 1501 4552 Plurima
1535 4511 1755 4567 quoque

186 4592 283 4647 lux
302 4590 551 4647 Historia:
565 4590 784 4647 Niliaca:
800 4590 1071 4661 aliulgebit
1088 4605 1155 4644 ex
1178 4590 1280 4654 his,
1301 4604 1421 4659 qua:
1438 4589 1491 4643 in
1513 4587 1753 4642 Menela-

189 4685 282 4756 gio
294 4694 642 4742 recensentur
662 4683 727 4740 de
744 4684 1042 4750 monachis,
1074 4697 1213 4754 quos
1230 4691 1493 4737 necarunt
1514 4682 1753 4747 barbari,

1785 4562 1828 4616 D

1858 3394 2080 3447 multum
2113 3393 2247 3446 valet
2278 3392 2575 3461 deprecatio
2593 3392 2730 3458 justi
2762 3389 3003 3452 assidua,
3039 3403 3069 3442 e
3107 3386 3285 3441 sancti
3329 3384 3424 3439 Ja-

1855 3483 2236 3553 cobiEpistola
2266 3498 2315 3538 c.
2342 3498 2392 3549 ν,
2444 3498 2497 3535 v.
2536 3482 2623 3536 16.
2659 3483 2923 3536 Torrente
2958 3492 3195 3548 namque
3235 3477 3428 3548 volup-

1856 3576 1983 3630 tatis
2031 3583 2289 3646 potantur
2313 3574 2368 3628 in
2398 3573 2650 3643 paradiso
2673 3572 2869 3634 sancti,
2902 3582 2957 3627 et
2985 3571 3039 3626 in
3069 3570 3275 3626 lumine
3304 3572 3427 3626 bea-

1858 3663 2004 3720 tiﬁco
2034 3664 2217 3719 vident
2244 3665 2417 3719 lucem
2447 3663 2899 3730 inaccessibilem,
2930 3671 2985 3720 et
3014 3664 3197 3720 lumen
3229 3665 3425 3722 indeli-

1855 3756 2027 3820 ciens,
2063 3770 2127 3811 ac
2155 3756 2381 3823 deliciis,
2416 3756 2742 3827 gaudiisque
2765 3757 2984 3813 arcanis
3018 3755 3133 3822 Dei,
3168 3773 3289 3827 quae
3316 3774 3423 3813 non

1855 3850 1985 3905 licet
2011 3849 2219 3904 homini
2253 3849 2423 3920 loqui,
2444 3850 2547 3905 hoc
2572 3857 2655 3905 est
2678 3849 3139 3904 inenarrabilibus
3170 3849 3287 3905 sine
3319 3851 3426 3905 line

1853 3943 2228 4015 perfruuntur.
2248 3942 2432 3998 Gloria
2446 3943 2555 3998 lucc
2571 3952 2648 3999 est
2663 3942 2902 3997 omnibus
2913 3942 3256 4013 sanctisejus,
3279 3947 3425 3998 canit

1855 4037 2044 4102 David,
2071 4036 2218 4094 Psal.
2250 4053 2431 4097 crux,
2458 4054 2511 4092 ν.
2542 4037 2596 4104 9,
2621 4037 2685 4091 ad
2715 4052 2877 4107 quam
2907 4035 3225 4106 benignillca
3249 4034 3421 4106 gratia

1855 4130 2164 4186 miserentis
2186 4129 2448 4185 Altissimi
2476 4144 2576 4185 nos
2606 4137 2665 4183 ut
2689 4129 2901 4194 evehat,
2934 4128 3241 4197 redemptos
3266 4141 3424 4183 sacro

1855 4223 2120 4295 sanguine
2148 4222 2269 4277 Filii
2322 4222 2409 4278 sui
2460 4220 2677 4276 Domini
2708 4223 2883 4280 nostri
2910 4219 3039 4277 Jesu
3070 4220 3295 4284 Christi,
3330 4218 3425 4272 Ni-

1854 4318 1965 4373 lum
2002 4325 2055 4372 et
2083 4315 2445 4381 Theodulum,
2473 4316 2771 4385 beatosque
2801 4328 2994 4371 omnes
3031 4312 3257 4383 spiritus
3278 4312 3423 4367 votis

1855 4408 2128 4465 continuis
2182 4408 2380 4461 obnixe
2436 4406 2724 4477 deprecor,
2778 4414 2839 4460 ut
2888 4420 2983 4475 per
3011 4418 3124 4469 eos,
3157 4411 3210 4459 et
3238 4401 3419 4457 Nilum

1855 4499 2147 4571 praecipue,
2179 4498 2335 4568 cujus
2364 4498 2454 4552 hic
2475 4498 2637 4551 vitam
2663 4497 2718 4551 in
2747 4495 2905 4551 terris
2931 4495 3214 4562 delineavi,
3240 4493 3418 4547 vivam

1858 4601 2117 4646 aeternum
2154 4588 2208 4644 in
2246 4589 2405 4655 caalo,
2437 4597 2489 4644 et
2518 4589 2657 4644 inter
2685 4603 2781 4643 eos
2810 4586 2943 4641 mihi
2969 4602 2999 4642 ε
3028 4585 3265 4657 peccatis
3286 4583 3421 4639 meis

1860 4682 2155 4752 emergenti
2205 4682 2356 4737 locus
2388 4696 2605 4736 sursum
2641 4681 2967 4736 inveniatur.

1520 4853 2119 4882 ψ-

268 5013 519 5098 Sequitur
577 5018 717 5085 apud
765 5016 1069 5098 Suaresium
1119 5024 1442 5098 erratorum_
1494 5016 1655 5098 series
1701 5032 1840 5098 quia
1884 5032 1975 5085 per
2008 5016 2249 5098 paginas
2301 5012 2386 5077 17,
2423 5012 2657 5083 in-folio,
2704 5022 2761 5068 ut
2798 5014 2971 5080 aiunt,
3048 5011 3417 5081 exspatiatur;

192 5084 583 5154 pmmittuntur
612 5084 787 5143 versus
815 5086 1001 5158 quibus
1029 5084 1263 5139 Lectoris
1292 5086 1674 5155 indulgentiam
1714 5084 1907 5138 Editor
1938 5084 2194 5139 sollicitat
2220 5101 2240 5138 .'

1002 5218 1311 5291 Humanum
1348 5232 1427 5273 est
1454 5235 1654 5291 errare,
1680 5236 1889 5291 manus
1943 5237 2143 5291 quoque
2190 5220 2396 5274 lubrica
2425 5220 2571 5290 fallit

1136 5288 1301 5360 -Sunt
1356 5289 1572 5361 fragiles
1605 5289 1799 5343 calami
1828 5288 2176 5359 difﬁcilesque
2216 5293 2343 5361 typi.

1007 5359 1213 5432 Ingenii
1270 5370 1348 5414 est
1395 5359 1577 5414 eadem
1627 5376 1729 5432 non
1771 5378 1971 5429 semper
2024 5377 2192 5425 vena;
2231 5359 2449 5416 remittit

1147 5433 1315 5486 Arcus
1376 5439 1593 5496 tensus;
1648 5429 1831 5483 hebent
1880 5431 2132 5500 ancipites
2163 5432 2346 5502 gladii.

1001 5502 1218 5628 Corrige

1179 5590 1218 5625 at

1768 5744 1833 5755 .—

1271 5501 1345 5553 sic
1383 5517 1502 5570 ergo
1559 5516 1759 5554 errores
1794 5517 1885 5570 per
1934 5500 2186 5570 opuscula
2225 5500 2361 5567 Nili,

1179 5581 1334 5626 anctu
1384 5569 1459 5627 tot
1509 5571 1655 5626 illius
1700 5572 1789 5641 qui
1834 5569 2144 5626 documenta
2192 5572 2341 5645 legis.
