3838 6048
418 286 559 354 1439
1824 290 1885 352 S.
1906 289 1951 350 N
1961 290 2005 350 Ι]

3535 274 3705 334 1440

409 395 709 460 delectari;
746 411 871 452 cum
899 397 1003 454 hac
1028 396 1353 461 differentia,
1388 404 1450 451 ut
1478 395 1546 450 ad
1580 394 1725 449 illam
1752 395 1973 466 quanti-
2001 454 2005 464 Α

2150 392 2200 459 ὖ,
2220 394 2347 467 περὶ
2373 391 2434 447 τὸ
2462 390 2611 445 ποιόν
2632 407 2646 423 ·
2662 390 2806 454 τινὲς
2827 389 2884 444 δέ
2911 388 3190 460 καὶᾶμφω
3206 382 3709 456 γαστριμαργίαν

413 498 534 552 tas,
585 488 652 542 ad
690 488 829 544 hanc
863 490 1098 559 qualitas
1128 488 1413 558 pertineat.
1458 486 1595 554 Quia
1640 486 1785 542 enim
1832 504 1974 559 μαρ-

2148 486 2389 558 ιόμασαν.
2419 485 2567 556 Δῦτη
2601 483 2998 557 προφασίζεται
3029 481 3326 552 στόμαχον,
3355 477 3458 533 καὶ
3487 471 3701 548 ἧπαρ,

412 580 623 649 γαίνειν
656 580 896 634 insanire
935 579 1226 651 significat,
1262 579 1472 634 ventris
1508 579 1727 649 quidem
1762 578 1976 634 insania

2148 578 2176 632 .l.
2203 577 2433 649 σπλῆνα,
2450 578 2545 633 καὶ
2564 576 2751 641 ἁπλῶς
2778 575 3082 641 ἀσθένειαν,
3109 572 3352 635 καὶτοὺς
3374 569 3473 623 διὰ
3496 567 3703 622 ταῦτα

412 683 510 723 seu
544 670 667 739 gula
693 669 747 724 in
772 670 1076 738 quantitate
1105 680 1370 735 versatur,
1401 669 1636 740 gutturis
1657 678 1838 724 autem
1864 669 1979 725 sive

2148 670 2338 735 ,λεποίς
2368 668 2855 742 περιπεπτωκότας
2889 668 3084 730 νόσοις.

411 758 719 830 ingluvies,
788 761 841 815 in
904 762 1184 832 qualitate,
1236 777 1548 832 quanquam
1604 762 1850 816 nonnulli
1912 772 2193 835 utramque
2256 780 2367 819 uno
2431 763 2653 818 nomine
2709 760 2892 832 gulam
2950 766 3308 813 vocaverunt.
3364 750 3511 807 Haec
3577 760 3709 807 sto-

414 851 694 918 machum,
719 852 905 922 hepar,
932 853 1217 924 splemem,
1292 854 1530 924 denique
1583 854 2061 910 imbecillicitatem
2100 865 2376 921 causatur,
2405 870 2607 925 eosque
2652 852 2746 924 qui
2783 861 3069 923 propterea
3110 849 3165 903 in
3209 861 3414 919 graves
3450 844 3705 899 morbos

414 941 748 998 inciderunt.

487 1032 725 1105 Frugum
776 1032 1099 1104 principium
1133 1033 1233 1091 ﬂos
1254 1044 1367 1100 est,
1416 1051 1482 1092 ac
1530 1035 1747 1093 virtutis
1793 1038 1983 1095 activa;

414 1125 773 1188 continentia,
804 1134 861 1179 et
887 1124 1178 1181 aﬂ‘ectuum
1213 1127 1538 1182 vitiosorum
1569 1128 1696 1198 gula
1718 1128 1765 1183 ιι.

487 1217 629 1288 Ignis
661 1218 890 1273 materia
927 1219 1130 1289 lignum
1159 1228 1280 1287 est;
1324 1221 1569 1275 libidinis
1613 1232 1817 1288 autem,
1855 1238 1987 1277 ven-

415 1310 517 1363 tris
551 1311 812 1375 satietas;
865 1318 920 1365 et
968 1311 1098 1366 illud
1148 1312 1367 1381 quidem
1413 1316 1644 1370 suscitat
1691 1315 1987 1382 ﬂatumam,

417 1403 532 1458 haec
564 1418 691 1457 vero
721 1418 946 1473 pravam
975 1404 1355 1474 cupiditatem.

493 1494 694 1549 Venter
745 1510 947 1565 egens,
1001 1496 1443 1567 perturbationes
1489 1500 1660 1555 animi
1716 1500 1993 1571 consopit,

417 1599 557 1655 quas
587 1586 782 1655 plenus
819 1588 1042 1645 excitat.

488 1677 655 1733 Arida
688 1680 865 1735 victus
890 1683 1052 1746 ratio,
1082 1684 1326 1740 sobrium
1355 1682 1495 1754 parit
1526 1698 1747 1739 sensum
1776 1700 1790 1739 :
1816 1682 1997 1740 victus

417 1780 603 1824 autem
646 1770 906 1827 humidus
931 1782 986 1826 et
1014 1774 1217 1840 mollis,
1250 1784 1487 1831 mentem
1521 1774 1809 1845 demergit.

490 1858 634 1917 Solis
663 1862 882 1931 quidem
933 1865 1116 1921 radios
1166 1868 1426 1923 obscurat
1472 1867 1708 1935 nebula;
1754 1875 1993 1922 mentem
2029 1848 2069 1903 Β

419 1965 573 2014 vero,
606 1966 831 2008 crassus
860 1969 1029 2024 vapor
1055 1970 1084 2009 e
1122 1956 1259 2011 cibis
1288 1956 1569 2011 exhalans.

496 2037 565 2094 Ut
608 2051 750 2095 terra
786 2041 985 2097 inculta
1017 2044 1202 2113 spinas
1229 2044 1499 2115 producit,
1531 2043 1612 2100 sic
1639 2052 1828 2099 venter
1853 2044 1996 2100 cibis

421 2141 659 2187 onustus
688 2132 956 2189 obscenas
987 2135 1361 2205 cogitationes.

494 2221 680 2293 Neque
713 2225 767 2279 in
824 2240 983 2281 coeno
1021 2235 1383 2298 unguentum,
1446 2242 1623 2297 neque
1673 2226 1728 2280 in
1789 2226 1999 2298 gulosis

423 2314 676 2386 fragrans
715 2316 936 2371 virtutis
970 2317 1105 2372 odor
1147 2319 1379 2373 inveniri
1419 2327 1615 2390 potest.

496 2409 783 2466 Helluonis
816 2411 1010 2467 oculus
1040 2412 1289 2467 convivia
1320 2413 1535 2468 curiose
1565 2412 1831 2483 exquirit;
1866 2428 1997 2468 con-

424 2501 651 2557 tinentis
669 2511 875 2565 autem,
904 2503 1270 2573 spiritualium
1303 2506 1724 2575 sapientumque
1754 2505 1997 2561 virorum

423 2603 620 2649 coetus.

496 2685 823 2741 Sanctorum
878 2687 1174 2743 memorias
1226 2696 1481 2745 numerat
1515 2689 1832 2744 comedonis
1875 2688 1998 2743 ani-

425 2790 583 2840 Inus;
625 2778 961 2833 continentis
988 2788 1195 2842 autem,
1236 2795 1424 2834 eorum
1456 2780 1621 2834 vitam
1660 2780 1926 2835 imitatur.

497 2866 576 2921 Ne
624 2868 912 2937 exquisitis
959 2870 1253 2939 nimiisque
1310 2871 1451 2926 cibis
1503 2887 1702 2942 corpus
1750 2872 1996 2942 sagines,

428 2955 578 3014 illico
638 2960 783 3015 enim
857 2961 1106 3031 insurget
1183 2964 1473 3017 adversum
1540 2973 1613 3019 te.
1683 2963 1825 3028 Quin
1899 2979 1998 3034 po-

429 3050 542 3108 tius
573 3068 668 3120 per
702 3053 1098 3108 continentiam
1131 3054 1308 3124 ipsum
1336 3071 1545 3119 coerce,
1574 3058 1762 3126 sicque
1790 3057 1999 3111 obtem-

429 3158 631 3214 perans
686 3146 900 3209 reddes,
968 3146 1041 3200 ita
1102 3155 1160 3201 ut
1215 3161 1315 3201 nec
1374 3148 1701 3203 inordinatis
1762 3150 2001 3204 motibus

433 3249 797 3307 prorumpat,
844 3253 945 3293 nec
998 3254 1111 3308 prae
1163 3239 1430 3309 petulanti
1473 3240 1677 3310 impetu
1706 3280 1722 3304 ,
1771 3244 1895 3312 equi
1945 3244 1999 3298 in

431 3344 639 3385 morem
697 3332 931 3386 hinuiat.
992 3332 1127 3388 Nam
1183 3349 1363 3405 neque
1420 3335 1595 3390 hostis
1646 3335 2004 3391 obtruncatus

436 3428 708 3478 terrorem
750 3424 968 3493 incutit,
1019 3441 1193 3496 neque
1223 3442 1426 3497 corpus
1470 3443 1566 3499 per
1617 3429 2005 3484 continentiam

433 3514 710 3584 dejcctum
748 3519 1030 3587 perturbat
1058 3520 1327 3597 animam;
1353 3532 1405 3576 et
1431 3522 1890 3592 quemadmodum
1916 3538 2008 3578 ca-

2159 1032 2326 1107 Ἀρχὴ
2346 1028 2746 1101 καρποφορίας,
2769 1026 2950 1090 ἄνθος,
2986 1024 3080 1078 καὶ
3101 1019 3449 1094 πρακτικῆς,
3466 1016 3699 1088 ἐγκρά-

2079 1140 2220 1189 τεια,
2249 1122 2343 1177 καὶ
2376 1120 2586 1183 παθῶν,
2619 1115 3052 1189 γαστριμαργία.

2156 1215 2294 1286 ’Υλη
2334 1212 2524 1283 πυρὸς,
2564 1209 2696 1276 ξύλα
2720 1224 2738 1241 ⁶
2778 1206 3077 1270 ἀκολασίας
3117 1204 3198 1269 δὲ,
3240 1199 3561 1273 πλησμονὴ
3595 1216 3699 1268 γα-

2086 1306 2247 1378 στρός
2269 1319 2284 1336 ο
2319 1304 2414 1359 καὶ
2438 1302 2505 1357 τὰ
2533 1301 2632 1374 μὲν
2660 1300 2884 1367 ἐξάπτει
2911 1297 3086 1368 φλόγα
3105 1337 3128 1362 ,
3156 1296 3192 1365 ἡ
3217 1293 3280 1346 δὲ
3304 1290 3538 1361 φαύλην
3569 1290 3697 1341 ἐπι-

2093 1395 2313 1465 θυμίαν.

2164 1490 2379 1561 Γαστὴρ
2411 1486 2593 1556 ἐνδεὴς
2622 1482 2858 1555 κοιμίζει
2902 1479 3059 1551 πάθη
3083 1496 3099 1510 ο
3126 1476 3389 1547 διεγείρει
3408 1472 3477 1527 δὲ
3503 1468 3687 1525 ταῦτα

2096 1581 2521 1653 πεπληρωμένη.
3018 1590 3030 1602 ⁸

2166 1677 2354 1730 Δίαιτα
2395 1672 2543 1744 ξηρὰ.
2577 1668 2837 1742 νηφάλιον
2890 1665 3064 1719 τίκτει
3106 1660 3367 1733 φρόνημα
3392 1674 3424 1729 °_
3467 1656 3592 1728 βίος
3629 1653 3687 1707 δὲ

2100 1770 2264 1842 ὑγρὸς
2293 1767 2416 1821 νοῦν
2444 1763 2860 1827 καταϐαπτίζει.
3088 1756 3091 1761 ’

2178 1862 2360 1917 Ἠλίου
2387 1860 2486 1932 μὲν
2509 1860 2734 1919 ἀκτῖνας
2776 1852 2978 1925 ὁμίχλη
3008 1848 3243 1914 σκοτίζει
3268 1862 3283 1877 ⁸
3309 1844 3446 1900 νοῦν
3473 1843 3560 1907 δὲ,
3590 1858 3697 1896 πα-

2098 1956 2197 2028 χὺς
2226 1954 2418 2023 ἀτμὸς,
2460 1950 2764 2022 βρωμάτων
2787 1944 3188 2014 ἀναδιδόμενος.

2167 2044 2242 2114 Γῆ
2271 2041 2372 2113 μὲν
2412 2039 2789 2111 χερσωθείσα,
2818 2033 3102 2106 βλαστάνει
3127 2028 3375 2091 ἀκάνθας
3412 2043 3428 2057 ο
3472 2026 3701 2097 γαστὴρ

2097 2135 2155 2189 δὲ
2186 2133 2500 2208 βαρηθεῖσα,
2523 2128 2816 2200 λογισμοὺς
2849 2123 3140 2196 αἰσχρούς.,

2170 2206 2309 2278 υΰτε
2347 2224 2404 2276 ἐν
2447 2220 2694 2294 βορϐόρῳ
2735 2218 2957 2272 δυνατὸν
2992 2216 3176 2288 εὑρεῖν
3217 2211 3434 2284 μύρον,
3477 2206 3613 2262 οὕτε
3639 2206 3703 2258 ἐν

2100 2314 2534 2387 γαστριμάργοις
2566 2310 2793 2365 εὐωδίαν
2817 2307 3042 2380 ἀρετῆς.

2183 2406 2486 2478 Ὀφθαλμὸς
2512 2403 2924 2476 γαστριμάργου
2943 2395 3366 2472 περιεργάζεται
3382 2411 3454 2448 συ
3461 2394 3692 2466 μτεόσιαο

2101 2495 2195 2551 τοῦ
2240 2495 2297 2548 δὲ
2335 2492 2666 2567 ἐγκρατοῦς,
2707 2491 2915 2564 ἀνδρῶν
2965 2486 3352 2559 πνευματικῶν
3381 2484 3488 2539 καὶ
3514 2482 3698 2554 σοφῶν

2107 2587 2377 2659 συνέδρια.

2172 2698 2408 2769 Μνήμας
2442 2695 2610 2765 ἁγίων
2639 2692 2867 2766 ἀριθμεῖ
2895 2690 3041 2762 ψυχὴ
3063 2686 3494 2761 γαστριμάργου
3525 2702 3541 2716 ο
3570 2687 3608 2756 ἠ
3642 2686 3695 2738 δὲ

2101 2788 2196 2844 τοῦ
2221 2787 2521 2860 ἐγκρατοῦς
2553 2788 2800 2858 μιμεῖται
2832 2783 2979 2854 βίους
3016 2780 3217 2837 αὐτῶν.

2174 2880 2266 2953 Μὴ
2300 2879 2497 2953 πιάνῃς
2535 2877 2595 2931 τὸ
2638 2876 2797 2947 σῶμα
2836 2874 3156 2943 πολυτελείᾳ
3192 2871 3289 2926 καί⁸
3329 2869 3487 2941 κόρῳ
3510 2885 3524 2899 ·
3554 2866 3695 2936 ταχὺ

2105 2974 2213 3046 γὰρ
2235 2970 2702 3040 καταναστήσεταί
2736 2984 2851 3022 σου.
2874 2965 3094 3035 Δάμαζε
3121 2964 3180 3019 δὲ
3208 2961 3370 3017 τοῦτο
3399 2960 3471 3014 δι’
3493 2961 3699 3029 ἐγκρα-

2105 3065 2275 3131 τείας,
2322 3065 2418 3119 καὶ
2469 3060 2831 3133 καταστήσεις
2884 3058 3118 3129 εὐήνιον.
3180 3056 3320 3127 μήτε
3372 3051 3694 3122 κινούμενον

2108 3155 2340 3221 ἄτακτα,
2368 3154 2503 3226 μήτε
2529 3150 2849 3223 χρεμετίξον
2875 3148 2979 3203 ὑπὸ
3011 3147 3189 3219 ὁρμῆς
3210 3142 3522 3215 ἐμπαθῶς.
3557 3141 3691 3195 Οὔτε

2102 3250 2210 3319 γὰρ
2242 3247 2502 3317 πολέμιος
2525 3244 2869 3319 ἀνῃρημένος
2890 3240 3121 3312 παρέχει
3150 3237 3316 3309 φόϐον
3336 3255 3348 3267 ·
3368 3235 3499 3288 οὔτε
3528 3234 3687 3303 σῶμα

2103 3340 2172 3394 δι’
2228 3340 2557 3412 ἐγκρατείας
2618 3334 2956 3392 ταπεινωθὲν
3005 3332 3266 3405 ταράττει
3311 3328 3517 3400 ψυχήν.
3582 3326 3689 3379 Καὶ

2104 3433 2297 3505 ὥσπερ
2351 3433 2449 3486 οὑκ
2499 3428 2607 3485 οἶδε
2662 3428 2854 3501 νεκρὸς
2916 3427 3092 3496 φλόγα
3140 3423 3335 3496 πυρὸς,
3365 3420 3543 3483 οὕτως
3569 3417 3687 3473 οὐδὲ

2111 3524 2384 3597 ἐγκρατὴς
2437 3524 2665 3594 κάμινον
2698 3518 3018 3592 ἐμπαθείας.

435 3610 601 3666 (laver
651 3612 925 3670 ﬂammam
968 3615 1111 3686 ignis
1163 3618 1389 3673 minime
1445 3619 1646 3685 sentit;
1711 3620 1793 3674 sic
1838 3634 2015 3689 neque
2051 3622 2098 3677 is
2150 3622 2245 3691 qui
2297 3621 2633 3677 continentia
2706 3616 2969 3690 praeditus
3020 3622 3144 3680 est,
3215 3608 3464 3667 libidinis
3502 3604 3681 3662 Ioma-

433 3717 579 3755 cem.

508 3791 858 3849 Coutinentia
908 3794 1216 3852 castitatem
1246 3796 1423 3866 parit;
1479 3799 1606 3869 gula
1652 3809 1844 3857 contra
1891 3801 2013 3856 libi-

434 3884 583 3940 dinis
616 3895 789 3941 mater
820 3897 926 3944 est.

509 3975 614 4043 Qui
644 3986 888 4033 ventrem
933 3980 1199 4051 implens,
1244 3983 1518 4053 pudicitia:
1549 3985 1755 4039 cultum
1796 3986 2015 4055 proﬁte-

440 4077 555 4134 tur,
592 4071 799 4125 homini
834 4071 1029 4127 similis
1057 4081 1161 4138 est,
1203 4076 1296 4145 qui
1326 4076 1611 4145 pollicetur
1640 4094 1699 4133 se
1739 4079 1880 4149 ignis
1905 4080 2013 4134 vim

442 4160 641 4231 stipula
696 4178 1175 4232 compressurum,
1220 4176 1316 4222 aut
1345 4166 1620 4224 ﬂammam
1659 4170 1781 4225 oleo
1812 4171 2016 4227 exstin-

441 4263 682 4308 eturum.

516 4344 617 4411 Qui
658 4361 798 4416 pane
824 4354 879 4401 et
908 4362 1051 4417 aqua
1102 4356 1405 4415 saturatur,
1452 4351 1737 4408 continens
1768 4367 1878 4408 non
1909 4362 2014 4409 est.

448 4439 710 4508 Cujusvis
740 4442 887 4495 enim
921 4443 1199 4507 saturitas,
1234 4444 1410 4498 aliena
1450 4455 1535 4501 est
1566 4461 1596 4501 a
1626 4447 1980 4504 continentia.

519 4529 658 4585 Cum
699 4532 837 4602 gula:
879 4533 1091 4589 daemon
1144 4536 1517 4606 prwscriptam
1565 4539 1807 4595 ciborum
1849 4539 2021 4596 absti-

452 4623 700 4676 nentiam
741 4623 1069 4681 labelactare
1118 4641 1226 4681 non
1275 4629 1449 4692 valet,
1504 4637 1618 4685 tum
1675 4641 1913 4687 ascetam
1965 4632 2021 4687 in

451 4729 681 4769 summa:
707 4716 1055 4774 continentia:
1088 4718 1435 4788 cupiditatem
1488 4723 1723 4793 maligne
1764 4724 2019 4794 eonjt’cit;

453 4818 514 4860 ut
542 4806 671 4861 dum
715 4809 784 4864 ob
838 4813 1082 4881 corporis
1125 4813 1547 4870 imbecillitatem
1594 4832 1699 4872 non
1732 4828 1913 4887 potest
1948 4817 2017 4871 ad

453 4899 844 4955 continentiam
876 4919 999 4973 quze
1031 4906 1251 4961 modum
1295 4908 1509 4963 excedit
1550 4909 1875 4978 pertingere,
1920 4924 2021 4964 εις-ο

455 4988 602 5043 cidat
651 5006 868 5061 quoque
916 4996 984 5049 ab
1011 5010 1073 5050 ea
1104 5013 1223 5067 quae
1258 4998 1398 5054 intra
1449 4999 1669 5053 modum
1721 5008 1823 5055 est.
1867 4998 2021 5065 Quod

455 5082 617 5138 etiam
647 5083 822 5153 ipsum
859 5085 914 5141 in
944 5086 1065 5145 aliis
1096 5090 1361 5147 virtutum
1407 5090 1721 5149 monasticis
1756 5090 2021 5147 exercita-

457 5174 697 5231 tionibus
735 5175 920 5233 hostes
951 5176 1176 5237 faciunt.

2216 3782 2531 3872 Εγκράτεια
2590 3797 2766 3851 τίκτει
2829 3791 3222 3865 σωφροσύνην·
3271 3782 3691 3856 γαστριμαργία

2118 3895 2177 3949 δὲ
2207 3896 2390 3965 μήτηρ
2410 3890 2732 3953 ἀκολασίας.
3520 3946 3525 3949 τ

2200 3987 2260 4040 '0
2293 3983 2513 4053 πληρῶν
2546 3982 2817 4053 γαστέρα,
2845 3980 2942 4033 καὶ
2991 3975 3296 4047 σωφρονεῖν
3352 3966 3677 4038 ἐπαγγελλό-

2123 4094 2306 4150 μενος,
2335 4075 2520 4147 ὅμοιός
2558 4077 2677 4127 ἐστι
2713 4071 2793 4142 τῷ
2835 4066 3295 4139 ἐπαγγελλομένῳ
3340 4058 3593 4132 χαλινῶν
3621 4058 3675 4109 ἐν

2120 4170 2346 4240 καλάμῃ
2372 4168 2540 4239 πυρὸς
2576 4165 2776 4237 ὁρμὴν,
2813 4164 2847 4234 ἢ
2881 4162 3045 4232 ἐλαίῳ
3071 4160 3246 4229 φλόγα
3279 4152 3577 4210 σϐεννύειν.

2202 4351 2261 4404 '0
2291 4328 2688 4419 xopevviipsvo;
2716 4343 2885 4415 ἄρτου
2917 4340 3012 4394 καλ⁵
3042 4338 3261 4403 ὓδατος,
3290 4334 3564 4406 ἐγκρατὴς
3581 4331 3673 4386 οὐκ

2122 4443 2260 4497 ἐστι.
2296 4439 2504 4502 Παντὸς
2539 4437 2647 4507 γὰρ
2670 4436 2854 4506 κόρος,
2887 4430 3215 4503 ἐγκρατείας
3244 4428 3542 4498 ἀλλότριος.

2196 4537 2364 4590 Ὅταν
2407 4534 2435 4585 ὁ
2462 4532 2562 4603 τῆς
2590 4525 3035 4601 γαστριμαργίας
3077 4524 3286 4593 δαίμων
3314 4521 3547 4591 ἀτονήσῃ
3570 4518 3675 4571 δια-

2126 4627 2343 4698 φθεῖραι
2372 4623 2468 4695 τὴν
2497 4619 2812 4693 ὡρισμένην
2841 4616 2951 4669 τῶν
2995 4615 3302 4686 βρωμάτων
3332 4611 3671 4682 ἐγκράτειαν,

2125 4719 2244 4772 τότε
2320 4713 2628 4782 κακοήθως,
2678 4712 2758 4774 είς
2800 4708 3097 4778 ἐπιθυμίαν
3134 4704 3438 4776 ἀκροτάτης
3489 4703 3675 4772 ἐγκρα-

2122 4809 2270 4872 τείας
2318 4805 2574 4875 ἐμϐἀλλει
2622 4803 2716 4855 τὸν
2761 4800 3049 4871 ἀσκητήν’
3096 4798 3183 4853 ἵνα
3211 4796 3309 4865 τῆς
3333 4794 3570 4864 ἀμέτρου
3606 4792 3672 4861 μὴ

2124 4901 2371 4972 δυνηθεὶς
2408 4897 2693 4967 ἐφικέσθαι
2733 4894 2800 4948 δι’
2844 4893 3132 4947 ἀσθένειαν
3166 4889 3441 4960 σώματος,
3477 4886 3674 4957 ἐκπέσῃ

2127 4996 2222 5051 καὶ
2279 4995 2377 5064 τῆς
2416 4992 2756 5062 συμμέτρου.
2792 4988 2964 5042 Τοῦτο
3013 4986 3070 5040 δὲ
3113 4984 3211 5039 καὶ
3258 4984 3352 5035 ἐπὶ
3374 4981 3475 5050 τῆς
3523 4979 3677 5047 ἄλλης

2129 5086 2416 5157 ἀσκήσεως
2448 5083 2497 5136 οί
2529 5080 2716 5152 ἐχθροὶ
2744 5078 3009 5133 ποιοῦσιν.

536 5316 566 5356 ι)
605 5315 721 5370 Vita
750 5314 808 5371 S.
839 5315 1019 5382 Salue.
1041 5332 1098 5371 ιι.
1133 5317 1185 5372 5.
1207 5315 1371 5387 Ephr.
1409 5332 1468 5380 ll.
1504 5318 1607 5373 M6
1635 5318 1705 5372 De
1736 5318 1992 5384 humilit.,
2024 5330 2072 5369 c.
2093 5313 2142 5367 l.

1971 5424 2198 5483 NOTAE.

468 5541 568 5595 sed
592 5540 646 5594 in
677 5541 781 5612 hac
830 5542 1229 5612 signiﬁcatione
1267 5557 1377 5597 non
1423 5542 1711 5612 respicitur
1739 5544 1804 5595 ad
1836 5543 2023 5595 ἐνθου-

471 5609 709 5677 σιασμοῦ
742 5609 1003 5681 furorem,
1063 5615 1129 5666 ad
1171 5612 1344 5681 ipsius
1390 5609 1674 5681 ἔλλαμψιν.
1708 5612 2020 5680 respicitur,

474 5688 702 5733 auctore
756 5680 942 5736 eodem
994 5680 1264 5753 Hesychia
1316 5697 1446 5737 voce
1504 5680 1909 5751 ἐνθουσιασμὸς,
1964 5696 2027 5747 ac

2130 5546 2252 5611 post
2286 5551 2410 5611 eum
2434 5535 2650 5611 _Suida,
2705 5543 2760 5611 et
2816 5532 3019 5611 Varing
3048 5552 3061 5599 ;
3091 5532 3185 5602 qui
3232 5538 3669 5611 postrem'usuper

2133 5598 2340 5676 priores
2364 5606 2573 5661 videtur
2588 5598 2965 5676 Corrigendus.
2983 5598 3170 5676 Potest
3196 5601 3358 5676 etiam
3388 5601 3441 5654 in
3467 5598 3669 5658 Philone

2131 5673 2427 5745 emendari,
2457 5673 2758 5748 μαιμάςειί
2781 5675 2942 5745 idque
2972 5674 3143 5745 magis
3178 5673 3371 5743 placet.
