3852 6052
36 270 204 337 1441

1424 275 1527 338 DE
1560 274 1749 337 OCTO
1797 273 1954 338 VITI
1963 275 2037 335 IS

3199 273 3336 339 1442

132 390 611 463 Παραϐάλλοντες
635 392 718 457 είς
763 390 947 457 οῐκους
990 390 1273 463 κοσμικῶν
1293 429 1311 457 ,
1343 388 1469 443 τότε
1503 389 1642 460 μάλι-

1832 385 2065 454 Quando
2093 384 2159 440 ad
2203 399 2396 441 eorum
2443 384 2537 456 qui
2584 385 2639 441 in
2672 386 2880 443 mundo
2907 387 3099 445 vivunt
3138 389 3335 447 domos

37 498 169 535 στα.
267 484 363 554 τῆς
444 484 775 556 ἐγκρατείας
837 482 1173 556 ἀνθεεόμεθα
1206 498 1223 515 ο
1284 483 1497 555 μήποτε
1572 480 1660 534 διὰ

1264 574 1519 649 ἀμελήσει
1563 575 1661 646 τῆς

38 575 531 647 γαστριμαργίας
588 575 885 647 παχυνθεὶς
930 577 958 629 ό
1022 574 1185 640 νοῦς,

40 670 398 741 συνηθείας,
425 671 520 725 καὶ
545 673 659 736 τοῖς
681 672 893 743 ἐχθροῖς
921 671 1194 735 εὐάλωτος
1236 669 1486 741 γένηται.
1550 746 1563 761 ‘

120 848 277 922 Χρὴ
309 849 437 913 τοὺς
484 849 584 920 μὲν
611 849 877 923 γέροντας
923 848 1097 921 θυμοῦ
1141 851 1387 921 κρατεῖν,
1422 847 1659 918 γαστρὸς

40 940 109 994 δὲ
147 944 297 1006 τοὺς
336 942 523 1006 νέους·
569 947 681 1007 τοῖς
723 942 822 1014 μὲν
874 942 989 1014 γὰρ
1033 944 1082 996 οἱ
1115 942 1376 1013 ψυχικοὶ,
1432 943 1547 1004 τοῖς
1575 940 1655 1007 δὲ,

46 1034 292 1105 μᾶλλον
324 1035 372 1089 οἱ
401 1037 707 1107 σωματικοὶ
731 1036 985 1107 δαίμονες
1017 1035 1375 1089 ἐπιτίθενται.

128 1129 397 1203 Γαστρδς
425 1130 723 1200 ἐγκράτεια
770 1132 1019 1184 ταπεινοῖ
1057 1130 1125 1182 τά
1160 1128 1307 1199 πάθη
1330 1143 1344 1158 ·
1395 1124 1657 1196 θρασύνει

40 1221 110 1274 δὲ
150 1222 347 1276 ταῦτα
388 1221 822 1292 γαστριμαργία.

143 1312 257 1365 Ἐν
291 1311 576 1383 πλησμονῇ
610 1310 872 1381 γαστρὸς,
919 1310 1085 1381 μηδὲν
1126 1307 1328 1380 ἐρεύνα
1360 1306 1653 1379 θειότερον.

128 1403 335 1473 Νὲφος
354 1404 473 1474 μὲν.
504 1403 878 1475 καλυπτήριον
908 1402 1141 1472 σελήνης
1160 1415 1175 1431 ⁶
1202 1398 1339 1454 Θεοῦ
1358 1398 1416 1452 δὲ
1443 1399 1656 1469 σοφίας,

46 1493 523 1565 γαστριμαργία.

130 1584 346 1655 Τρυφὴ
369 1586 461 1637 καὶ
500 1583 736 1656 μάλιστα
769 1582 963 1654 νέφος⁵
984 1582 1085 1655 (5),
1113 1581 1302 1637 παθῶν
1357 1576 1653 1651 θησαυρὸς,

44 1677 262 1749 ψυχῆς
289 1677 515 1741 θάνατος
537 1678 880 1749 αὐθαίρετος.

1763 480 2106 544 accedimus,
2152 486 2268 533 tum
2322 478 2407 533 vel
2448 479 2687 534 maxime
2735 482 3127 537 continentiam
3180 500 3335 539 com-

1762 573 1923 645 plecti
1947 572 2295 637 Studeamus;
2331 588 2397 628 ne
2429 588 2584 628 mens
2614 573 2707 627 ubi
2738 589 2834 643 per
2869 576 3050 645 gulam
3087 578 3334 647 saginata

1762 664 1957 731 fuerit,
2006 674 2263 720 consueta
2297 664 2556 736 negligat,
2602 676 2769 736 atque
2807 668 2874 722 ab
2907 669 3145 724 inimicis
3174 670 3336 727 facile

1760 756 2025 826 capiatur.

1827 847 2052 919 Oportet
2087 857 2144 903 ut
2188 863 2347 904 senes
2388 849 2484 903 irae
2516 848 2805 919 imperent,
2836 850 3068 920 juvenes
3114 854 3333 909 ventri:

1760 940 2028 1010 siquidem
2062 940 2171 994 illis
2199 939 2468 996 animales
2496 940 2799 1004 daunones,
2845 941 2930 996 bis
2961 945 3209 1012 corporei
3241 960 3337 1014 po-

1761 1033 1870 1086 tius
1896 1031 2120 1086 insidias
2152 1032 2472 1086 moliuntur.

1828 1122 2047 1177 Ventris
2100 1124 2441 1179 continentia
2493 1125 2741 1181 turbidos
2789 1127 3098 1180 animorum
3152 1139 3337 1185 motus

1757 1214 2047 1283 deprimit;
2083 1215 2207 1284 gula
2244 1229 2371 1268 vero
2398 1216 2615 1270 eosdem
2645 1214 2859 1272 feroces
2900 1219 3094 1273 reddit.

1835 1304 2029 1360 Ventre
2055 1315 2243 1361 saturo
2275 1305 2412 1360 nihil
2438 1306 2679 1361 divinum
2717 1308 3001 1380 investiga.

1829 1395 1899 1451 Ut
1947 1397 2118 1453 nubes
2164 1398 2613 1469 obtegumentum
2648 1399 2792 1455 luna:
2820 1409 2935 1468 est;
2989 1400 3059 1456 ita
3107 1400 3202 1457 Dei
3245 1418 3337 1458 sa-

1754 1486 1992 1557 pientiae,
2031 1488 2175 1558 gula.

1826 1580 2036 1646 Luxus,
2070 1583 2344 1653 praecipue
2365 1581 2683 1653 juvenibus,
2714 1584 3187 1656 perturbationum
3216 1585 3337 1642 the-

1756 1688 1955 1729 saurus
1979 1683 2085 1742 est,
2116 1676 2315 1732 animae
2344 1676 2490 1731 ultro
2522 1677 2786 1733 arcessita
2816 1692 2987 1734 mors.

133 1772 417 1835 Νεάζοντι
462 1771 681 1844 σώματι
724 1770 908 1844 τρυφὴ
935 1770 1030 1825 καὶ⁸
1081 1769 1223 1843 μέθη
1261 1768 1323 1822 τὸ
1362 1765 1473 1821 τῶν
1526 1763 1642 1837 ήδο‹

1824 1764 2059 1823 Juvenili
2093 1770 2346 1840 corpori,
2396 1770 2559 1826 luxus
2612 1781 2669 1828 et
2711 1771 2948 1828 ebrietas
2994 1774 3335 1844 voluptatum

51 1862 182 1917 νῶν
216 1864 525 1919 ἀνάπτουσι
555 1863 687 1937 πῦρ.

134 1956 363 2028 Παχεῖα
389 1957 628 2030 γαστὴρ,
682 1959 750 2030 τῇ
788 1956 1037 2029 συνεχεία
1091 1957 1204 2013 τῶν
1238 1956 1477 2029 θολερῶν
1524 1956 1653 2012 ἀναο

52 2045 420 2118 θυμιάσεων,
454 2046 783 2120 φυγαδεύειν
807 2043 917 2102 οἶδε
949 2048 1192 2113 διανοίας
1221 2047 1548 2130 λεπτότητα.

139 2232 337 2302 Ἔρως
387 2230 551 2296 θεῖος,
606 2231 666 2284 ού
702 2230 1177 2302 μετεωριζόμενος
1215 2228 1295 2302 τῷ
1326 2227 1511 2301 πτερῷ
1556 2226 1657 2299 τῆς

52 2321 450 2392 ἐγκρατείας,
507 2322 703 2375 θᾶττον
763 2322 902 2393 πρὸς
951 2321 1050 2393 τὴν
1108 2321 1242 2392 ὓλην
1290 2320 1651 2383 καταπίπτει,

55 2414 447 2487 βαρυνόμενος
470 2418 591 2479 ταῖς
622 2414 811 2479 πέδαις
838 2416 937 2487 τῆς
968 2415 1263 2486 ἀκρασίας.

134 2593 446 2667 Πλησμονὴ
477 2594 709 2667 συνεχὴς
735 2594 973 2665 γαστρὸς
1025 2593 1356 2667 ἀφροδισίων
1410 2592 1652 2666 ὲρεθίζει

56 2691 275 2760 σκιρτὴ
285 2706 449 2760 ματα.

136 2780 389 2852 Γαστὴρ,
458 2776 635 2851 φύλαξ
712 2778 1191 2853 παρακαταθήκης
1260 2781 1511 2848 ἄπιστος,
1590 2782 1652 2836 τὸ

18 2940 27 2955 ¹
57 2872 487 2944 ἐμϐαλλόμενον
512 2872 921 2928 ἀποδάλλουσα.

134 2965 572 3038 Γαστρίμαργος
596 2966 756 3034 πίων,
778 2968 960 3037 χοῖρος
989 2965 1208 3038 ἕτοιμος
1235 2967 1316 3030 εἰς
1346 2966 1582 3039 σφαγήν.

140 3059 393 3129 Αἵματος
477 3058 664 3131 εἰσροὴ
761 3056 1071 3129 πνεύματος
1142 3057 1341 3129 ὲκροὴν

56 3171 181 3206 ται.

148 3245 215 3297 Ὀ
250 3244 348 3314 μὲν
374 3242 556 3313 ἄρχων
605 3243 863 3313 γαστρὸς,
904 3240 962 3294 ὲν
1018 3240 1185 3295 παντὶ
1233 3240 1386 3313 τόπῳ
1420 3241 1652 3298 δύναται

65 3336 326 3407 μετιέναι
356 3337 453 3406 τὴν
491 3336 723 3407 ἀρετήν·
752 3335 781 3387 ὁ
829 3335 887 3387 δὲ
922 3331 1028 3388 ὑπὸ
1075 3332 1285 3407 ταύτης
1320 3335 1646 3408 ἀρχόμενος,

61 3432 122 3486 ὲν
151 3430 337 3484 οὐδενὶ
368 3430 599 3493 πάντως.

138 3523 257 3576 Δύο
283 3522 475 3576 σκοποὶ¹
504 3520 606 3590 τῆς
631 3519 988 3590 ἐγκρατείαςο
1019 3521 1047 3573 ὁ
1075 3521 1198 3592 μὲν,
1232 3521 1320 3575 ἵνα
1342 3521 1453 3574 τῶν
1482 3522 1654 3593 ἡδέων

68 3619 174 3686 τῆς
241 3611 525 3682 παρούσης
555 3611 701 3680 ζωῆς
756 3611 1128 3682 στερηθέντες,
1178 3612 1289 3666 τῶν
1340 3612 1512 3683 ἡδέων
1555 3618 1656 3685 τῆς

72 3706 393 3777 μελλούσης
451 3701 733 3773 τύχωμεν
793 3705 821 3756 ὁ
872 3702 951 3767 δὲ,
1006 3703 1094 3756 ἵνα
1146 3705 1542 3758 ταπεινωθέντι
1575 3704 1652 3775 τῷ

68 3799 296 3869 σώματι
350 3793 445 3848 καὶ
487 3792 694 3865 ἡψυχὴ
732 3792 1167 3865 συνταπεινωθῇ,
1206 3793 1301 3847 καὶ
1352 3796 1655 3851 εύκατάνυ-

70 3908 206 3955 κτος
236 3886 381 3942 οὕτω
404 3886 649 3956 γένηται.
679 3886 880 3940 Λοιπὸν
914 3883 1006 3940 οὖν
1046 3889 1156 3953 πᾶς
1178 3888 1358 3961 κρεῶν
1393 3890 1493 3960 μὲν
1546 3892 1655 3944 ἀπ-

69 3986 364 4057 εχὸμενος,
416 3982 620 4054 ἑτέρων
696 3982 754 4037 δὲ
818 3980 1125 4053 βρωμάτων
1208 3983 1650 4055 ἐμπιπλάμενος,

73 4076 502 4151 γαστρίμαργός
531 4076 703 4149 ἐστιν,
750 4072 1003 4129 ἐκπεσὼν
1048 4073 1157 4129 τῶν
1199 4075 1656 4149 εἰρημένων-τῆς

74 4170 414 4245 ἐγκρατείας
444 4168 687 4223 σκοπῶν.

164 4351 231 4404 Ἦ
261 4351 675 4423 γαστριμαργία
695 4350 976 4417 πολλάκις,
1010 4350 1107 4406 καὶ
1139 4349 1227 4404 διὰ
1249 4347 1467 4419 θυρίδος
1507 4350 1651 4420 ἀγά-

84 4462 219 4515 πης.
253 4444 519 4516 εἰσπηδᾷν
552 4443 770 4499 εἴωθεν.

167 4532 234 4587 Ἦ
262 4534 678 4607 γαστριμαργία
708 4533 954 4606 ξηραίνει
1011 4534 1111 4605 μὲν
1167 4534 1268 4606 τὴν
1325 4534 1511 4607 πηγὴν
1541 4534 1652 4589 τῶν

86 4625 388 4681 ἐπαινετῶν
417 4626 690 4700 δακρύων,
724 4628 866 4681 κινεῖ
893 4627 949 4681 δὲ
981 4627 1080 4697 τὴν
1112 4625 1296 4699 πηγὴν
1325 4627 1437 4681 τῶν
1469 4627 1651 4699 αἰσχί-

89 4734 233 4772 στων
264 4719 522 4791 ρεύσεων.

160 4807 365 4866 Λίοντα
399 4810 499 4883 μὲν
526 4809 863 4875 κολακεύσας
877 4809 977 4881 (4),
1001 4809 1266 4876 πολλάκις
1305 4810 1614 4883 ήμερὼσεις
1635 4830 1649 4845 ·

1418 3056 1650 3131 ὲργὰζε-
1679 3114 1723 3175 c

1758 1859 1936 1931 ignem
1968 1861 2293 1916 accendunt.

1827 1950 2061 2007 Crassus
2106 1962 2318 2019 venter,
2381 1952 2818 2011 turbulentorum
2871 1970 3139 2026 vaporum
3193 1955 3338 2013 assi-

1757 2043 1986 2112 duitate,
2017 2044 2217 2102 mentis
2262 2046 2622 2103 subtilitatem
2661 2047 2719 2103 in
2770 2048 2956 2120 fugam
2992 2063 3155 2119 agere
3200 2064 3339 2104 con-

1757 2137 1957 2193 suevit.
2022 2140 2034 2149 ⁸

1831 2226 2061 2284 Divinus
2084 2243 2260 2297 amor,
2282 2230 2390 2286 nisi
2416 2231 2772 2288 continentia
2798 2247 2975 2303 penna
2999 2232 3340 2295 sublevetur.

1757 2322 1877 2379 sine
1905 2324 2015 2378 ulla
2050 2326 2403 2381 cunctatione
2435 2328 2503 2383 ad
2542 2342 2631 2383 res
2675 2343 2739 2383 ex
2776 2329 3005 2384 materia
3052 2338 3341 2384 concretas

1755 2412 2049 2479 delabitur,
2101 2425 2289 2486 utpote
2351 2416 2786 2489 intemperantia
2838 2420 3192 2492 compedibus
3241 2421 3340 2476 de-

1756 2521 2002 2576 pressus.

1826 2598 2063 2653 Assidua
2084 2598 2297 2656 ventris
2328 2600 2594 2656 saturitas
2617 2617 2881 2658 venereos
2904 2603 3142 2660 insultns
3169 2604 3341 2660 exsti-

1756 2691 1949 2748 mulat.

1833 2784 2048 2851 Venter,
2086 2785 2288 2842 inﬁdus
2318 2786 2552 2859 depositi
2585 2796 2773 2844 custos
2813 2799 2920 2855 est,
2964 2797 3019 2845 et
3065 2790 3209 2860 quod
3252 2789 3340 2843 in-

1751 2877 1941 2949 jicitur
1973 2878 2186 2950 abjicit.

1826 2970 2037 3029 Obesus
2070 2973 2254 3029 helluo
2280 2988 2482 3045 porcus
2513 2983 2599 3032 est
2632 2975 2698 3031 ad
2727 2976 2928 3031 caedem
2968 2986 3217 3045 paratus.

1828 3063 2122 3137 Sanguinis
2166 3065 2424 3135 influxio,
2476 3068 2701 3138 spiritus
2747 3067 3092 3123 eﬂluxionem
3143 3069 3301 3139 parit.

1824 3250 1930 3319 Qui
1952 3250 2127 3307 ventri
2148 3251 2481 3317 dominatur,
2508 3254 2705 3324 quovis
2729 3253 2850 3309 loco
2876 3253 3132 3307 virtutem
3160 3253 3343 3308 colere

1756 3354 1962 3415 potest;
1995 3345 2085 3415 qui
2118 3356 2300 3399 autem
2328 3347 2431 3401 sub
2457 3347 2630 3415 ipsius
2658 3346 2886 3417 imperio
2908 3355 2994 3402 est
3016 3386 3032 3413 ,
3066 3360 3339 3416 nusquam

1757 3437 2004 3492 omnino.

1828 3527 1945 3582 Duo
1972 3536 2100 3583 sunt
2131 3528 2480 3584 continentiae
2510 3530 2833 3600 proposita:
2868 3530 3120 3597 alterum,
3150 3538 3213 3586 ut
3240 3546 3341 3602 per

1757 3618 2035 3675 abdicatas
2060 3620 2289 3690 hujusce
2315 3621 2441 3676 vitae
2462 3623 2771 3692 voluptates
2792 3662 2808 3688 ,
2855 3623 3053 3679 futurae
3088 3625 3340 3696 volupta-

1756 3714 1903 3769 tibus
1934 3713 2218 3783 fruamur;
2244 3718 2475 3772 alterum
2506 3759 2522 3784 ,
2555 3727 2615 3771 ut
2642 3716 2902 3788 depresso
2934 3733 3185 3790 corpore,
3215 3720 3339 3775 ani-

1757 3822 1845 3861 ma
1884 3807 2046 3862 simul
2074 3823 2169 3877 per
2197 3805 2560 3863 humilitatem
2605 3807 2980 3879 deprimatur,
3031 3820 3197 3880 atque
3236 3810 3340 3867 hoc

1757 3897 1917 3954 modo
1946 3897 2012 3952 ad
2048 3900 2522 3969 compunctionem
2558 3915 2832 3970 propensa
2872 3901 2962 3960 sit:
3002 3901 3075 3957 De
3119 3903 3341 3973 reliquo

1758 3987 1921 4060 igitur
1965 3989 2219 4059 quisquis
2263 4004 2293 4042 a
2333 3991 2594 4046 carnibus
2631 3992 2855 4062 quidem
2897 3992 3169 4061 abstinet,
3218 3995 3340 4051 aliis

1757 4089 1937 4135 tamen
1981 4080 2119 4135 cibis
2166 4094 2287 4136 sese
2324 4080 2657 4152 ingurgitat,
2706 4082 2889 4138 helluo
2920 4082 3182 4140 dicendus
3213 4093 3334 4150 est,

1758 4184 1819 4230 ut
1838 4176 1933 4247 qui
1971 4191 2004 4231 a
2027 4177 2465 4233 commemoratis
2490 4178 2841 4235 continentiae
2868 4178 3134 4236 institutis
3160 4178 3338 4235 desci-

1755 4269 1910 4323 verit.

1829 4358 1967 4413 Gula
1999 4374 2370 4430 saepenumero
2396 4361 2563 4418 etiam
2594 4377 2692 4434 per
2716 4361 3005 4419 charitatis
3038 4360 3336 4418 fenestram

1686 4482 1730 4537 D
1759 4450 1967 4505 insilire
2000 4452 2160 4507 solet.

1827 4541 1964 4598 Gula
2020 4543 2223 4599 fontem
2284 4545 2635 4601 laudabilium
2688 4547 3060 4618 lacrymarum
3124 4545 3335 4610 siccat;

1758 4642 1943 4690 contra
1998 4636 2436 4708 turpissimarum
2490 4636 2791 4694 ﬂuxionum
2834 4639 3040 4695 fontem
3094 4652 3338 4693 commo-

1758 4735 1869 4781 vet.

1760 4876 1765 4880 .
1828 4817 2063 4876 Leonem
2094 4820 2143 4877 si
2169 4821 2500 4888 demnlceas,
2531 4836 2657 4878 eum
2688 4820 2835 4878 haud
2871 4836 3000 4878 raro
3028 4820 3335 4888 cicurabis;

1368 4924 1609 4981 VARIE
1636 4926 2041 4991 LECTIONES.

161 5040 183 5070 ⁵
223 5038 307 5094 ΑΙ.
337 5040 498 5105 νέοις.

1591 5137 1825 5198 NOTAE.

124 5243 239 5325 L(5)
278 5244 475 5314 Τρυφή
515 5246 631 5325 ,καὶ
664 5247 1182 5325 μάλιστα-νέφος.
1236 5248 1408 5319 Quam
1440 5253 1662 5313 difficile

94 5316 185 5375 sit.
216 5330 274 5369 ex
308 5331 416 5369 uno
432 5316 619 5374 codice
664 5316 769 5376 ins.
804 5316 1065 5378 omnibus
1084 5316 1325 5379 numeris
1353 5325 1656 5382 absolutam

96 5386 415 5460 mendisque
444 5397 720 5460 carentem
754 5406 1012 5447 accurare
1062 5392 1382 5460 editionem,
1436 5395 1518 5449 vel
1570 5396 1658 5452 hic

98 5468 234 5530 unus
265 5456 417 5512 locus
438 5459 653 5530 abunde
678 5462 933 5517 ostendit.
961 5460 1094 5529 Quis
1120 5463 1287 5530 enim,
1317 5456 1532 5529 amabo,
1563 5481 1656 5521 su-

98 5525 412 5606 Spicaretur,
436 5528 566 5606 illud
598 5530 759 5606 νέφος
788 5546 853 5586 ex
887 5525 1160 5606 superiori
1190 5525 1331 5589 linea
1349 5525 1650 5606 sumptum,

100 5596 273 5676 sedem
304 5600 572 5676 vocabuli
590 5596 734 5676 νέοις
779 5596 1090 5674 occupare?
1132 5596 1495 5661 Doctissimus
1522 5596 1650 5664 vero

100 5662 300 5743 B_i_llius,
327 5669 419 5736 qui
439 5670 602 5743 vertit
630 5688 673 5743 :A
699 5662 935 5743 Luxusf
958 5676 1153 5743 mentis
1212 5678 1372 5732 nubes
1421 5687 1520 5743 est,
1548 5662 1657 5733 nisi

87 5734 251 5829 ’aliter
286 5734 497 5811 legerit,
530 5741 701 5812 potuit
732 5734 1042 5813 simplicius
1074 5744 1323 5817 reddere,
1365 5734 1571 5816 Luxus,
1605 5758 1656 5804 et

1769 5258 2001 5338 mqagime
2035 5258 2327 5338 nubesest.
2388 5327 2445 5338 __
2951 5329 2963 5338 _
3090 5326 3202 5338 Μ-
3288 5325 3300 5338 ,

1842 5330 1918 5393 (4)
1940 5329 2355 5400 Κολακερσας.
2388 5327 2696 5400 Elegantem
2730 5326 3332 5400 sententiamljlatonis

1764 5398 1934 5454 Judaei
1972 5400 2108 5453 libro
2156 5398 2230 5452 De
2281 5396 2557 5469 legatione,
2592 5401 2657 5455 ad
2689 5399 2904 5467 Caium,
2936 5415 2990 5468 p.
3022 5398 3148 5469 997.
3205 5396 3329 5469 9989

1770 5470 1859 5524 ubi
1896 5470 1963 5523 de
1992 5485 2158 5523 uxore
2187 5466 2458 5526 Macronis
2501 5471 2762 5539 loquitur,
2808 5466 2980 5524 δεινδν
3012 5468 3151 5539 γυνὴ
3174 5466 3330 5539 Αγνώ-
3362 5472 3369 5486 ’

1764 5539 2092 5611 μηνίάνδρρς
2122 5539 2431 5611 παραλῦσαι
2456 5540 2550 5594 καὶ
2574 5537 2943 5611 παραγαγεῖν,
2970 5538 3065 5591 καὶ
3096 5537 3330 5611 μάλιστα

1762 5603 2324 5689 μαχλάςζένεκαγάρ
2350 5611 2444 5665 τοῦ
2477 5603 2777 5675 συνειδότος
2805 5603 3213 5689 κολακικωτέρα
3241 5603 3328 5689 γί-

1766 5676 1937 5751 νεται,
1973 5695 2141 5751 prave
2199 5676 2425 5748 editam,
2482 5695 2649 5751 prave
2705 5680 3045 5739 emendatam
3084 5676 3326 5748 aspicies

1764 5748 1991 5808 Melissa;
2016 5748 2116 5806 lib.
2143 5766 2203 5818 ιι,
2226 5765 2393 5807 serm.
2427 5748 2516 5806 54.
