3852 6052
111 257 282 326 1445
1497 263 1596 324 DE
1631 256 1821 324 OCTO
1849 263 2086 328 VITIIS
2638 302 2641 311 ε
3280 276 3440 347 1446'

106 382 207 445 είς
276 382 401 453 τὴν
475 380 758 454 ἡμετέραν
832 381 1107 452 ἐπιχειρεῖ
1132 376 1351 453 ψυχήν·
1411 382 1627 452 μήποτε
1670 380 1733 449 τῇ

1842 381 2188 450 cogitationis
2217 384 2430 441 initium
2452 429 2465 453 ,
2492 404 2587 459 per
2613 390 2762 463 quod
2797 392 2866 449 ad
2902 393 3142 452 animam
3170 408 3414 455 nostram

116 474 450 545 παραδοχῇ
483 474 583 545 τῆς
607 473 871 543 κεφαλῆς,
923 475 1018 526 καὶ
1049 472 1111 527 τδ
1145 474 1331 528 λοιπὸν
1393 473 1550 543 σῶμα
1610 489 1733 526 συν-

1842 487 2053 543 serpere
2077 487 2336 545 conatur;
2368 497 2435 536 ne
2469 482 2628 549 forte,
2658 486 2900 543 admisso
2928 490 3124 559 capite,
3146 491 3414 562 reliquum

108 571 374 638 εισρυῇ,
401 569 493 622 καὶ
505 565 991 636 κατακυλισθῶμεν
1014 565 1207 637 είςιτὴν
1234 565 1489 637 ἀθέμιτον
1509 566 1729 637 πρᾶξιν.

1842 564 1998 620 etiam
2033 583 2233 639 corpus
2267 588 2374 626 una
2405 573 2661 630 illabatur
2682 618 2696 642 ,
2730 586 2783 632 et
2816 579 2868 633 in
2896 580 3163 637 nefariam
3198 584 3417 639 decida-

107 658 335 712 Καλὸν
373 654 466 713 οὖν
496 659 567 713 τά
596 658 768 730 νήπια
818 657 1141 724 Βαϐυλῶνος
1164 674 1178 689 ·
1217 660 1361 731 φημὶ
1391 658 1450 712 δὲ
1495 660 1624 722 τοὺς
1671 660 1731 712 ὲν

1842 671 1957 713 mus
1984 661 2273 717 actionem.
2309 663 2452 719 Bene
2484 666 2667 737 itaque
2695 669 2831 734 erit,
2868 672 2913 726 si
2948 676 3206 742 parvulos
3242 675 3417 749 Baby-

110 752 289 823 ἀρχῇ
348 750 796 824 προσϐάλλοντας
847 750 1106 823 αἰσχροὺς
1156 751 1483 823 λογισμούςο
1538 749 1730 820 ἑδαφί-

1842 749 1977 805 Ionis
1997 792 2013 815 ,
2061 759 2242 823 turpes
2263 796 2277 820 ,
2310 756 2531 828 inquam
2550 798 2566 823 ,
2597 761 2988 831 cogitationes,
3017 781 3141 835 qua:
3167 783 3268 822 nos
3301 770 3415 839 prin

114 844 255 908 ζειν
291 846 402 897 καὶ
435 843 743 915 συντρίϐειν
797 843 935 913 πρὸς
970 844 1073 915 τὴν
1116 842 1345 915 πέτραν,
1368 842 1491 912 ἥτις
1526 842 1676 896 ἐστὶν
1705 843 1733 896 ὁ

1842 856 1984 894 mum
2013 841 2370 913 adoriuntur,
2399 848 2465 901 ad
2496 858 2709 919 petram
2731 890 2744 913 ,
2794 867 2916 921 quae
2955 864 3037 908 est
3065 856 3313 912 Christus
3349 855 3369 896 ί
3398 898 3413 922 ,

111 936 421 1007 Χριστός.
460 936 839 1008 Ἀδρυνθέντες
885 936 995 1008 γὰρ
1019 934 1349 1006 παρέξουσιν
1389 935 1521 1005 ἡμῖν
1564 933 1731 1004 ὀχλή-

113 1045 253 1093 σεις
320 1030 533 1095 πολλὰς
587 1030 682 1083 καὶ
732 1028 1056 1100 πράγματα.
1111 1030 1204 1099 Μὴ
1258 1027 1627 1099 θαρρήσωμεν
1674 1026 1731 1080 δὲ

114 1122 494 1178 καταϐαλεῖν
559 1122 649 1177 διὰ
726 1123 894 1193 μόνης
950 1122 1260 1193 ἀσκήσεως,
1301 1120 1363 1173 τὸ
1415 1120 1731 1188 ἀκάθαρτον

115 1211 381 1285 πνεῦμα
408 1214 512 1283 τῆς
544 1212 823 1284 πορνείας,
854 1213 902 1266 εί
937 1212 1012 1283 μὴ
1047 1213 1140 1265 καὶ
1192 1214 1226 1283 ἡ
1271 1212 1422 1283 παρὰ
1464 1211 1556 1265 τοῦ
1592 1211 1730 1265 Θεοῦ

119 1307 541 1378 συνεφάψηται
591 1305 833 1377 βοήθεια.
885 1306 960 1358 Οὐ
996 1304 1270 1359 παύσεται
1317 1306 1429 1377 γὰρ
1460 1307 1488 1358 ὁ
1519 1304 1730 1376 ἄνθρω-

115 1414 240 1463 πος
281 1398 700 1470 πολεμούμενος
729 1398 821 1451 ὑπ’
854 1396 1048 1462 αὑτοῦ,
1078 1399 1278 1469 μέχρις
1315 1398 1381 1452 ἂν
1414 1399 1471 1451 ὲν
1500 1397 1729 1468 ἀληθείᾳ

116 1492 450 1563 πιστεύσῃ,
497 1491 579 1544 ὅτι
629 1490 730 1544 οὐκ
766 1489 874 1561 ίδίᾳ
902 1491 1106 1562 σπουδῇ
1143 1491 1238 1545 καὶ
1291 1490 1549 1561 καμάτῳ,
1576 1487 1727 1560 τῇδὲ

115 1581 230 1635 τοῦ
265 1580 417 1635 Θεοῦ
454 1582 632 1653 σκέπῃ
656 1580 751 1636 καὶ
783 1580 1087 1652 ἀντιλήψει,
1113 1582 1214 1653 τῆς
1250 1582 1499 1653 χαλεπῆς
1521 1580 1727 1651 ταύτης

114 1672 609 1745 ἀπαλλαγήσεται
653 1676 937 1744 μάστιγος.
997 1673 1307 1745 ’Υπερφυὲς
1353 1674 1461 1745 γάρ
1508 1674 1623 1727 ἐστι
1665 1672 1727 1725 τὸ

1833 932 2125 989 allidamus
2154 945 2318 1006 atque
2343 938 2661 997 obteramus
2688 944 2732 996 ⁸.
2767 944 2980 1000 Adulta:
3012 949 3209 1001 etenim
3237 988 3252 1014 ,
3291 950 3415 1018 pln-

1833 1024 2031 1079 rimum
2062 1026 2220 1083 nobis
2252 1031 2538 1086 turbarum
2569 1048 2631 1087 ac
2662 1034 3038 1092 molestiarum
3063 1040 3416 1095 exhibebant.

1831 1114 1943 1172 Nec
1989 1134 2118 1174 vero
2160 1136 2260 1177 nos
2294 1123 2571 1195 impurum
2610 1126 2994 1186 fornicationis
3032 1134 3284 1203 spiritum
3324 1151 3418 1205 per

1832 1208 2003 1262 solam
2056 1209 2369 1282 religiosam
2427 1217 2877 1273 exercitationem
2938 1219 3245 1289 dejecturos
3296 1239 3419 1278 esse

1831 1302 2205 1372 confidamus,
2245 1306 2353 1362 nisi
2401 1306 2493 1362 Dei
2528 1310 2838 1365 subsidium
2869 1315 3185 1368 accesserit.
3230 1315 3419 1385 Neque

1830 1390 1974 1444 enim
2017 1393 2180 1447 homo
2225 1394 2294 1449 ab
2330 1411 2397 1449 eo
2439 1406 2565 1453 ante
2606 1402 2911 1471 oppugnari
2962 1402 3207 1468 desinet,
3250 1422 3415 1475 quam

1829 1498 1955 1537 vere
1981 1485 2295 1552 crediderit,
2326 1488 2469 1558 quod
2505 1506 2611 1546 non
2647 1508 2748 1547 suo
2779 1493 2964 1548 studio
2997 1503 3051 1549 et
3085 1496 3293 1561 labore,
3323 1498 3420 1552 sed

1830 1575 1924 1630 Dei
1954 1578 2290 1646 protectione
2322 1588 2485 1650 atque
2516 1583 2769 1651 praesidio
2793 1584 2862 1638 ab
2889 1585 2989 1639 hoc
3009 1601 3205 1654 aspero
3248 1586 3420 1659 llagro

1830 1667 2141 1725 liberandus
2186 1672 2275 1725 sit.
2312 1670 2588 1741 Siquidem
2638 1690 2722 1728 res
2765 1684 2850 1729 est
2906 1676 3107 1732 eximia
3151 1692 3216 1731 ac
3257 1693 3419 1749 supra

116 1734 415 1836 πρᾶγμα,
435 1734 540 1818 ’καὶ
568 1767 596 1819 ὁ
627 1734 757 1829 τοὺς
785 1734 1112 1838 ἐρεθισμοὺς
1270 1734 1470 1839 σαρκδς
1502 1766 1598 1820 καὶ
1628 1766 1725 1829 τὰς

1842 1768 2122 1825 naturam;
2179 1771 2233 1815 et
2268 1763 2361 1830 qui
2406 1764 2589 1817 carnis
2638 1764 2976 1821 irritamenta
3019 1776 3073 1822 et
3118 1768 3421 1839 voluptates

116 1854 347 1926 ἡδονὰς
370 1856 575 1927 ταύτης
597 1857 952 1925 καταπατῶν,
975 1860 1175 1930 τρόπον
1195 1860 1341 1922 τινὰ,
1366 1858 1458 1912 τοῦ
1476 1858 1727 1929 σώματος

120 1946 245 2015 ἔξω
276 1948 519 2017 γίνεται.
556 1950 646 2003 Διὸ
677 1949 772 2003 καὶ
801 1950 1067 2004 ἀδύνατον
1109 1950 1382 2023 ἀνθρώπῳ
1414 1953 1526 2015 τοῖς
1578 1949 1728 2012 ἰδίοις

118 2043 380 2113 πτεροῖς
440 2042 754 2113 ἁναπτῆσαι
777 2042 800 2074 ⁸
858 2043 997 2114 πρὸς
1026 2044 1123 2115 τὴν
1157 2044 1366 2116 ὑψηλὴν
1398 2046 1644 2113 ἁγνείαν,
1680 2046 1727 2097 εί

125 2133 217 2208 μὴ
269 2136 374 2189 καὶ
395 2135 555 2207 χάρις
579 2134 739 2202 Θεοῦ,
769 2135 963 2191 τοῦτον
1002 2136 1112 2191 ἀπὸ
1137 2137 1337 2209 βόθρου
1377 2139 1490 2191 τῶν
1533 2139 1725 2193 παθῶν

120 2228 371 2296 ἀνάγοι.
406 2230 616 2298 Δεῖγμα
657 2228 713 2283 δὲ
744 2227 861 2295 τοῦ,
897 2228 996 2301 τὴν
1037 2229 1241 2301 ἀρετὴν
1268 2230 1475 2301 ταύτην
1520 2233 1726 2302 κτήσα-

126 2320 269 2374 σθαί
308 2338 436 2375 τινα
469 2320 711 2386 τελείως,
728 2320 790 2375 τὸ
825 2321 1094 2393 μηδεμίαν
1141 2322 1374 2393 αἰσχρὰν
1428 2326 1728 2392 φαντασίαν

124 2415 192 2467 ὲν
226 2418 356 2478 τοῖς
386 2414 577 2479 ὕπνοις
622 2414 895 2486 ὲπιπηδᾷν
923 2418 990 2487 τῇ
1048 2416 1194 2489 ψυχῇ
1217 2431 1231 2445 ·
1286 2409 1448 2470 αὗται
1489 2418 1599 2489 γάρ
1633 2415 1727 2469 τοῦ

126 2510 330 2560 νοσεῖν
360 2506 461 2579 τὴν
489 2507 669 2579 ψυχὴν
702 2509 1025 2579 τεκμήριον,
1056 2509 1152 2562 καὶ
1185 2511 1258 2580 μή
1291 2526 1378 2562 πω
1405 2508 1500 2562 τοῦ
1521 2509 1729 2573 πάθους

128 2594 526 2666 ἀπηλλάχθαι.
562 2596 652 2649 Διδ
677 2597 773 2650 καὶ
802 2597 1001 2661 ταύτας
1023 2598 1244 2669 ἔλεγχον
1289 2597 1430 2653 εῖναι
1464 2598 1565 2670 τῆς
1593 2616 1728 2668 προ-

128 2684 429 2756 λαϐούσης
458 2686 693 2757 λέγομεν
724 2686 1013 2759 ῥᾳθυμίας,
1042 2690 1138 2742 καὶ⁵
1167 2690 1268 2760 τῆς
1319 2690 1376 2742 ὲν
1407 2691 1538 2761 ἡμῖν
1565 2689 1729 2743 ἀσθε-

130 2777 325 2841 νείας,
367 2772 453 2831 οἷα
504 2782 605 2851 τῆς
657 2779 1077 2852 καλυπτομένης
1118 2785 1173 2834 ἐν
1225 2784 1337 2844 τοῖς
1387 2781 1730 2854 ἀποκρύφοις

130 2874 242 2941 τῆς
267 2871 453 2942 ψυχῆς
481 2872 672 2943 μέρεσι
694 2874 873 2937 νόσου,
931 2874 1347 2946 φανερουμένης
1392 2874 1479 2929 διὰ
1526 2875 1622 2947 τῆς
1672 2876 1731 2929 ἐν

128 2968 257 3027 τοῖς
296 2964 490 3027 ὕπνοις
515 2964 774 3037 ρεύσεως.
819 2966 980 3034 Μέγα
1017 2962 1131 3030 οὖν,
1177 2968 1415 3037 ἀδελφοὶ,
1443 2969 1503 3022 τὸ
1534 2969 1731 3041 κατόρ-

134 3058 315 3131 θωμα
347 3059 449 3128 τῆς
479 3059 698 3128 ἁγνείας
729 3060 822 3114 καὶ
861 3060 1221 3132 σωφροσύνης
1243 3078 1257 3091 ⁸
1295 3063 1391 3115 καὶ
1427 3063 1515 3116 διὰ
1567 3063 1728 3117 τοῦτο

1842 3060 1886 3114 in
1919 3060 2129 3117 somnis
2153 3062 2443 3133 contingit.
2476 3061 2668 3133 Magna
2698 3063 2902 3135 itaque,
2934 3064 3152 3133 fratres,
3194 3068 3419 3121 castita-
3510 3058 3533 3068 ’

136 3154 430 3226 μεγάλαις
460 3154 555 3208 καὶ
590 3154 864 3218 ποικίλαις
886 3155 1203 3220 ἐπιϐουλαῖς
1232 3157 1555 3228 πολεμεῖται
1577 3158 1730 3229 παρὰ

138 3249 259 3301 τῶν
288 3248 524 3321 ἐχθρῶν.
573 3247 712 3300 Ἀλλ’
744 3236 911 3318 ἡμεῖς
963 3249 1185 3315 εἰδότες,
1226 3250 1309 3303 ὅτι
1360 3250 1539 3318 χωρὶς
1566 3251 1731 3320 ἁγια-

135 3341 340 3411 σμοῦ,
396 3342 539 3395 κατὰ
597 3341 685 3395 τὸν
730 3341 1079 3408 Ἀπόστολον,
1125 3341 1323 3409 οὐδεὶς
1376 3342 1586 3413 ὄψεται
1625 3343 1731 3398 τὸν

142 3436 401 3502 Κύριον,
445 3432 522 3504 μὴ
575 3432 971 3505 ἀποκάμωμεν,
1042 3435 1401 3504 φυλάττοντες
1453 3435 1730 3506 ἐπιμελῶς

136 3526 246 3597 τὴν
286 3526 534 3596 καρδίαν,
572 3527 665 3580 καὶ
694 3528 1283 3598 ὲγκρατευόμενοι,καὶ
1307 3528 1528 3586 πυκνῶς
1556 3547 1731 3600 προσ-

140 3618 447 3688 ευχόμενοι
501 3616 639 3685 μετὰ
690 3618 1022 3687 στεναγμοῦ,
1080 3619 1175 3671 καὶ
1204 3618 1372 3672 τᾶλλα
1425 3619 1727 3685 ποιοῦντες,

137 3710 304 3771 ὅπως
336 3706 432 3779 τὴν
460 3707 687 3777 κάμινον
714 3708 815 3778 τῆς
844 3709 1121 3779 ἡμετέρας
1143 3709 1365 3780 σαρκὸς,
1398 3710 1466 3780 ἢν
1493 3711 1521 3761 ὁ
1548 3709 1729 3762 Βαϐυ-

138 3803 349 3863 λώνιος
378 3799 631 3871 βασιλεὺς
658 3801 888 3855 ἀνάπτει
928 3803 1041 3863 τοῖς
1074 3802 1175 3872 τῆς
1204 3801 1506 3871 ἐπιθυμίας
1540 3802 1723 3874 ἐρεθι-

145 3898 340 3965 σμοῖς,
366 3893 762 3963 ἀποσϐέσωμεν
784 3896 849 3965 τῇ
881 3893 1159 3964 παρουσίᾳ
1180 3891 1274 3946 τοῦ
1301 3893 1457 3962 ἁγίου
1484 3894 1733 3963 Πνεῦμα-

142 4008 267 4054 τος.
304 3987 461 4059 Λύτῷ
487 3990 519 4060 ἡ
552 3987 679 4055 δόξα
708 3990 790 4052 εἰς
814 3988 941 4050 τοὺς
972 3985 1197 4050 αἰῶνας.

238 4082 575 4154 Σωφροσύνη
633 4082 733 4154 μὲν
764 4080 1093 4153 ἐγκρατείας
1122 4078 1312 4133 τέκνον
1337 4094 1349 4108 °
1393 4079 1619 4149 πορνεία
1672 4076 1731 4130 δὲ

147 4176 404 4247 θυγάτηρ
431 4174 897 4247 γαστριμαργίας.

225 4268 509 4338 κυμάτων
533 4268 622 4339 βία
668 4267 921 4340 χειμάζει
952 4267 1136 4321 πλοῖον
1161 4283 1175 4297 ·
1210 4266 1305 4321 καὶ¹
1328 4264 1454 4321 νοῦν
1489 4265 1729 4337 ἀκρατῆ,

148 4363 423 4434 λογισμὸς
446 4363 724 4434 πορνείας.

230 4456 395 4527 ὐψις
445 4456 695 4529 εὐανθὴς,
745 4455 896 4527 βέλος
922 4442 1491 4531 ’πεφαρμακωμένον
1527 4453 1729 4527 ἔτρωσε

149 4549 356 4621 ψυχὴν,
406 4550 502 4604 καὶ
541 4550 631 4603 τὸν
687 4550 763 4603 ίὺν
810 4550 1121 4615 ἐναπέθετο,
1165 4550 1255 4602 καὶ
1298 4550 1422 4602 ὅσον
1473 4546 1727 4619 χρονίζει,

154 4644 381 4698 πλείονα
411 4644 574 4715 σῆψιν
607 4644 919 4716 ἐργάζεται.

229 4735 470 4790 Βέλτιοιν
518 4735 654 4790 οῐκοι
691 4736 918 4808 μένοντα
975 4735 1276 4807 σχολάζειν,
1331 4736 1364 4807 ἢ
1422 4735 1586 4806 τιμᾷν
1650 4733 1735 4786 δο-

156 4828 360 4883 κοῦντα
423 4828 519 4894 τὰς
576 4830 787 4901 ἑορτάς,
830 4830 1107 4901 πάρεργον
1148 4829 1243 4882 τοῦ
1287 4829 1539 4900 δαίμονος
1584 4827 1734 4897 γίνε-

158 4920 308 4977 σθαι.

235 5015 453 5070 Ἔλαιον
482 5014 672 5086 τρέφει
699 5013 913 5085 λύχνον,
947 5014 1041 5068 καὶ
1066 5012 1273 5085 πυρσὸν
1305 5012 1498 5085 ἡδονῆς
1550 5011 1735 5085 ὁμιλία

158 5106 443 5173 γυναικός.

231 5198 405 5268 Φεῦγε
445 5197 737 5270 συντυχίας
796 5196 1093 5267 γυναικῶν,
1142 5197 1236 5251 καὶ
1281 5196 1356 5268 μὴ
1395 5196 1500 5269 δῷς
1545 5196 1736 5259 αὐταῖς

237 5376 258 5418 ί
288 5379 305 5435 Ι
333 5379 458 5437 Cor.
497 5397 553 5447 χ,
584 5381 637 5436 4.
719 5383 744 5421 ε
776 5378 920 5437 Psal.
946 5395 1167 5447 cxxxw,
1190 5380 1244 5437 9.
1327 5375 1354 5415 δ
1378 5375 1540 5433 Hebr.
1568 5391 1667 5441 xu,
1698 5376 1785 5429 14.

1760 4419 1807 4475 Ι)

1829 1854 2078 1922 proterit,
2113 1869 2144 1908 a
2181 1869 2410 1926 corpore
2457 1856 2862 1927 quodammodo
2912 1859 3146 1915 excedit.
3188 1859 3423 1918 Proinde

1828 1944 1944 2000 fieri
1974 1946 2182 2017 nequit,
2216 1958 2275 2002 ut
2308 1949 2471 2003 homo
2506 1950 2736 2006 suismet
2763 1952 2958 2021 pennis
2987 1953 3054 2008 ad
3084 1954 3419 2022 castitatem,

1830 2040 2102 2094 excelsam
2152 2056 2300 2107 rem,
2353 2042 2641 2110 convolet,
2683 2044 2790 2099 nisi
2832 2043 2927 2101 Dei
2971 2061 3190 2118 quoque
3249 2049 3423 2119 gratia

1828 2147 1951 2185 eum
1984 2148 2014 2186 a
2046 2133 2510 2203 perturbationum
2553 2136 2721 2189 animi
2757 2136 2911 2192 fovea
2972 2139 3024 2192 in
3082 2139 3250 2194 altum
3286 2143 3422 2196 edu-

1832 2223 1990 2277 xerit.
2013 2224 2280 2279 (Iaeterum
2315 2225 2575 2280 indicium
2604 2269 2619 2293 ,
2652 2228 2797 2298 quod
2832 2229 3103 2300 quispiam
3139 2231 3281 2287 banc
3309 2235 3422 2291 vir-

1830 2325 1999 2370 tutem
2029 2318 2186 2385 plene
2214 2317 2286 2372 sit
2318 2328 2675 2383 consecutus,
2710 2321 2854 2375 istud
2887 2332 2991 2387 est,
3028 2323 3073 2377 si
3104 2323 3250 2378 nulla
3275 2323 3423 2381 fmda

1830 2408 2147 2477 iinaginatio
2205 2425 2302 2479 per
2347 2426 2598 2465 somnum
2649 2414 2700 2466 in
2759 2414 2996 2467 animam
3051 2416 3274 2469 insiliat.
3333 2415 3421 2471 Eae

1829 2514 2065 2568 namque
2129 2510 2453 2568 argumento
2494 2511 2623 2556 sunt
2672 2504 2913 2559 animam
2972 2516 3282 2575 aegrotare,
3320 2523 3423 2562 nec

1829 2590 1898 2646 ab
1949 2592 2260 2661 hujusmodi
2312 2594 2507 2649 affectu
2560 2596 2742 2651 adhuc
2794 2612 2919 2653 esse
2967 2598 3217 2653 liberam.
3264 2597 3420 2655 Unde

1828 2694 1883 2740 et
1911 2686 2129 2740 easdem
2164 2686 2399 2741 dicimus
2428 2690 2799 2745 antecedentis
2843 2691 3145 2759 socordiae,
3188 2692 3417 2747 abditae-

1829 2794 1936 2849 que
1979 2779 2031 2833 in
2061 2779 2216 2835 nobis
2248 2780 2635 2838 imbecillitatis
2663 2798 2784 2838 esse
2825 2784 3070 2849 indices,
3106 2800 3212 2839 non
3257 2802 3419 2841 secus

1830 2887 1896 2928 ac
1944 2874 2118 2928 morbi
2167 2874 2452 2944 cujusdam
2504 2875 2556 2930 in
2606 2876 2775 2931 animi
2819 2878 3191 2947 penetralibus
3227 2878 3419 2933 delite-

1832 2967 2037 3023 scentis
2067 3009 2081 3035 ,
2115 2982 2179 3023 ac
2215 2982 2337 3022 sese
2394 2967 2770 3038 patefacientis
2817 2985 2913 3039 per
2959 2969 3253 3025 lluxioncm
3296 2988 3420 3042 quae

1833 3153 1902 3209 tis
1932 3162 1987 3209 et
2016 3154 2289 3224 pudicitiae
2320 3156 2493 3210 virtus
2525 3165 2646 3222 est;
2677 3157 2747 3211 ob
2792 3157 2957 3227 idque
2988 3161 3198 3229 magnis
3224 3160 3420 3215 variis-

1831 3262 1937 3316 que
1979 3246 2189 3303 insidiis
2233 3246 2300 3301 ab
2334 3247 2583 3303 hostibus
2614 3260 2983 3320 oppugnatur.
3040 3249 3243 3305 Verum
3279 3268 3415 3319 nos,

1831 3340 1985 3410 gnari
2035 3343 2179 3410 quod
2224 3344 2336 3395 sine
2373 3342 2756 3405 sanctimonia,
2800 3352 2858 3396 ut
2902 3342 2978 3396 ait
3016 3342 3310 3413 Apostolus
3346 3346 3369 3384 δ
3397 3384 3415 3410 ,

1833 3450 1981 3486 nemo
2022 3435 2216 3487 videbit
2256 3434 2542 3488 Dominum
2568 3474 2583 3497 ,
2626 3450 2693 3489 ne
2741 3435 3095 3501 fatiscamus,
3125 3436 3253 3489 dum
3294 3438 3418 3493 dili-

1831 3532 2022 3593 genter
2079 3538 2174 3577 cor
2248 3533 2492 3578 nostrum
2544 3540 2961 3588 conscrvamus.
3023 3529 3415 3584 continentiam

1831 3615 2084 3679 colimus,
2126 3616 2345 3670 crebras
2378 3632 2567 3686 preces
2590 3634 2713 3672 cum
2747 3619 2950 3689 gemitu
2982 3618 3289 3688 fundimus,
3311 3637 3419 3677 caa-

1831 3716 2060 3777 teraque
2120 3708 2390 3773 facimus,
2445 3724 2555 3777 quo
2607 3712 2791 3766 carnis
2846 3723 3045 3767 nostrae
3095 3712 3416 3781 fornacem,

1830 3816 1994 3871 quam
2029 3798 2358 3870 Babylonius
2397 3816 2489 3854 rex
2532 3816 2627 3871 per
2650 3803 2966 3873 cupiditatis
2996 3805 3283 3862 illecebras
3324 3822 3419 3862 ac-

1832 3893 2035 3957 cendit,
2060 3892 2295 3963 Spiritus
2322 3896 2493 3949 sancti
2520 3895 2824 3950 interventu
2849 3897 3287 3969 exstinguamus.
3308 3898 3416 3971 Ipsi

1832 3985 2003 4057 gloria
2037 3987 2090 4039 in
2130 3986 2350 4041 saecula.

1902 4077 2167 4133 Pudicitia
2200 4080 2550 4135 continentiae
2578 4080 2686 4135 tilia
2711 4089 2828 4147 est;
2870 4079 3169 4138 fornicatio
3192 4090 3376 4139 autem
3397 4124 3417 4151 ,

1832 4171 1971 4243 gulaa
2006 4172 2246 4228 soboles.

1904 4264 2191 4319 Fluctuum
2220 4265 2454 4334 impetus
2479 4281 2669 4321 navem
2696 4266 2903 4337 jactat;
2946 4278 3187 4325 mentem
3215 4269 3416 4327 intem-

1833 4364 2111 4429 perantem
2137 4398 2152 4423 ,
2195 4356 2573 4413 fornicationis
2607 4359 2887 4429 cogitatio.

1932 4449 2144 4505 Florida
2220 4448 2386 4504 facies
2419 4490 2433 4517 ,
2500 4450 2666 4505 telum
2716 4462 3044 4508 venenatum
3090 4462 3175 4510 est
3223 4473 3236 4510 :
3295 4455 3418 4510 ani-

1858 4560 2008 4600 mum
2043 4546 2275 4611 sauciat,
2298 4556 2353 4599 et
2385 4547 2435 4598 in
2495 4546 2614 4615 ipso
2654 4560 2922 4601 venenum
2956 4548 3161 4620 infigit;
3201 4563 3420 4619 quoque

1840 4635 2047 4691 diutius
2086 4637 2433 4700 immoratur,
2465 4652 2531 4689 eo
2561 4634 2825 4704 majorem
2850 4637 3059 4691 saniem
3093 4636 3275 4693 ellicit.

1909 4728 2140 4783 Praestat
2180 4730 2327 4784 domi
2379 4729 2626 4799 quietum
2681 4744 2925 4797 manere,
2961 4744 3124 4800 quam
3179 4730 3421 4800 putando

1842 4818 1979 4876 festa
2011 4822 2212 4887 colere,
2244 4822 2510 4878 daemonis
2537 4822 2775 4893 praedam
2808 4831 2862 4878 et
2885 4822 3253 4878 accessionem
3280 4824 3420 4880 ﬁeri.

1918 5020 2110 5062 meum
2144 5005 2421 5061 lucernam
2462 5004 2597 5071 alit,
2655 5004 2894 5075 itemque
2924 5002 3218 5075 voluptatis
3264 5001 3419 5057 flam-

1845 5115 2013 5167 mam,
2044 5098 2285 5154 mulieris
2307 5098 2664 5154 consuetudo.

1846 5246 1847 5251 η
1903 5190 2191 5246 Mulierum
2220 5190 2497 5247 consortia
2521 5188 2666 5261 fuge,
2687 5186 3102 5246 neclibertatem
3124 5186 3258 5260 ipsis
3287 5202 3422 5243 con-

1452 5553 1685 5612 VARUE
1714 5552 2008 5611 LECTION
2019 5551 2120 5610 ES.

155 5700 160 5707 '
238 5742 259 5777 ³
292 5742 377 5799 Al.
411 5742 741 5814 ἀναπτῆναι.
