3852 6052
471 240 605 308 1447
1915 228 1981 291 S.

2151 226 2175 287 l
3560 214 3672 282 ill!

470 357 621 413 cede.
656 350 843 407 Primo
873 361 1196 419 congressu,
1225 353 1277 402 et
1302 342 1538 400 demissa
1560 338 1714 397 bumi
1740 338 1878 395 facie
1906 339 1991 394 len

2157 337 2485 410 παρρησίαν.
2516 331 2719 409 Πρώτῃ
2751 330 3035 405 συντυχίᾳ,
3063 329 3159 386 καὶ
3194 330 3254 384 τὸ
3289 325 3507 401 βλέμμα
3529 331 3678 386 τείνα-

467 461 547 506 ter
574 448 896 517 loquuntur,
916 451 973 497 et
995 440 1367 513 lacrymantur
1393 438 1747 499 miseranter;
1773 432 1988 487 modesti

2159 446 2247 482 σαι
2270 428 2445 495 κάτω,
2473 426 2694 482 λαλοῦσι
2725 425 2936 501 πράως,
2966 423 3063 479 καὶ
3082 422 3376 493 δακρύουσι
3401 422 3680 491 συμπαθῶς,

467 556 574 612 que
619 553 741 595 sese
800 541 1155 607 componunt,
1197 532 1510 603 frequenter
1554 527 1988 599 ingemiscuntp

2158 521 2252 576 καὶ
2280 520 2701 592 σχηματίζονται
2730 519 2995 590 κοσμίως,
3017 518 3115 573 καὶ
3143 515 3323 571 πυκνά
3357 513 3679 577 στενάζουσιν·

468 635 721 691 castitate
740 605 1156 703 percontantur,
1182 636 1235 682 et
1256 626 1498 682 studiose
1520 623 1768 677 audiunt.
1796 618 1989 676 Secum

2156 614 2404 685 ἐρωτῶσι
2458 614 2586 684 περὶ
2642 612 2888 681 ἁγνείας,
2934 612 3029 665 καί¹
3083 608 3386 671 σπουδαίως
3442 605 3676 663 ἀκούουσα

466 728 586 782 vice
630 698 834 787 vidisti,
882 724 994 794 jam
1037 721 1310 792 paulisper
1354 716 1604 771 attollunt
1636 714 1855 781 oculos;
1888 719 1987 768 tert

2157 707 2417 778 Δεύτερον
2450 701 2609 769 εἶδες,
2654 706 2747 757 καὶ
2786 702 2978 775 μικρὸν
3023 702 3351 757 ἀνένευσανο
3382 698 3571 770 τρίτον,
3609 701 3678 755 καὶ

470 819 788 890 colloquio,
844 790 1119 870 tixius—te
1181 812 1491 869 intuentur,
1553 804 1867 869 subrident,
1935 801 1991 856 in

2161 800 2462 872 προσέσχον
2508 797 2876 869 ἀτενέστερον,
2917 796 3253 867 ἐμειδίασαν,
3283 790 3383 847 καὶ
3414 791 3680 862 κεχυμένως

470 912 631 967 etiam
673 908 958 979 profusum
1005 903 1173 958 risum
1214 899 1415 965 edunt;
1470 912 1534 951 ac
1572 894 1805 964 denique
1853 907 1990 947 cunc

2163 893 2455 961 ἐγέλασαν·
2516 892 2613 945 καὶ
2674 888 2859 943 λοιπὸν
2908 888 3227 961 ἐξαρτύουσι
3268 885 3446 941 πάντα
3480 883 3545 938 τὰ
3565 885 3681 938 πολι-

478 1018 598 1074 ηυςε
642 1001 880 1055 animam
919 995 1170 1049 obsident
1213 990 1532 1050 moliuntur,
1588 988 1778 1041 hamos
1832 984 1995 1039 morti

2161 986 2424 1053 ορκοῠντα
2452 983 2654 1054 ψυχὴν,
2698 982 2971 1055 ἄγκιστρα
3009 980 3266 1046 θανάτου,
3315 979 3414 1032 καὶ
3460 976 3682 1049 θέλγητρα

475 1072 877 1163 praestigiarum
910 1088 1295 1149 illectamenta,
1329 1092 1495 1151 atque
1524 1077 1895 1148 multipliciter
1916 1090 1996 1131 co:

1683 1077 1895 1148 pliciter
1916 1090 2052 1131 con-
2159 1077 2437 1149 γοητείας,
2464 1078 2562 1131 καὶ
2583 1074 2902 1129 πολύπλοκα
2927 1072 3199 1146 θήρατρα.

472 1196 646 1242 textas
686 1184 891 1255 plagas.

540 1276 621 1330 Ad
652 1276 832 1345 ignem
876 1270 922 1326 si
961 1268 1187 1339 prapius
1213 1264 1531 1327 accesseris,
1583 1262 1764 1319 statim
1806 1259 2051 1326 resilies;

2230 1251 2374 1325 Ilupl.
2432 1250 2529 1322 μὲν
2577 1247 2913 1320 προσελθὼν,
2959 1245 3170 1318 ταχέως
3207 1242 3684 1313 ἀποπηδήσειςοτυ-

472 1376 529 1421 at
555 1365 600 1421 si
631 1363 876 1419 mulieris
896 1361 1080 1417 verbis
1108 1368 1158 1415 te
1182 1358 1415 1414 emolliri
1460 1357 1631 1421 sinas,
1658 1370 1769 1409 non
1796 1353 1941 1408 illico
1965 1369 1993 1408 r

2163 1344 2349 1407 ναικὸς
2386 1342 2442 1397 δὲ
2480 1342 2689 1414 ῥήμασι
2723 1339 3039 1412 χαυνωθεὶς,
3072 1338 3173 1391 ούκ
3211 1335 3419 1399 εὐθέως
3448 1336 3684 1406 ἀναχωρή-

476 1458 658 1514 cedes.

2164 1455 2300 1500 σεις.

542 1546 692 1601 Viret
723 1546 913 1609 herba,
964 1559 1088 1613 quae
1122 1540 1279 1611 aquis
1307 1539 1610 1609 propinqua
1638 1547 1760 1602 est;
1795 1545 1850 1593 et
1868 1534 2054 1591 libidi-

2234 1528 2431 1583 Θάλλει
2479 1526 2679 1598 βοτάνη
2731 1524 2865 1596 παρ’
2893 1522 3066 1588 ὕδασι,
3093 1519 3192 1576 καὶ
3224 1520 3400 1585 πάθος
3428 1518 3683 1586 ἀκολασίας,

472 1640 559 1695 nis
583 1637 828 1700 affectus,
858 1636 911 1688 in
946 1632 1197 1688 muliebri
1226 1629 1525 1699 colloquio.

1226 1629 1525 1699 colloquio.
2165 1625 2223 1677 ἐν
2248 1621 2433 1693 ὁμιλίᾳ
2459 1618 2740 1689 γυναικός.

543 1729 741 1785 Forma
773 1726 977 1790 fucata,
1017 1722 1497 1794 intemperantium
1538 1720 1807 1792 pernicies
1833 1728 1887 1775 et
1922 1735 2061 1775 nau-

2232 1715 2431 1789 Μορφὴ
2470 1710 2985 1784 κεκαλλωπισμένη,
3024 1708 3134 1764 τῶν
3163 1704 3568 1780 ἀκρατεστέρων
3599 1705 3682 1759 θλι-

474 1820 706 1890 ft'agium
741 1827 843 1871 est.

2162 1804 2294 1877 θρος
2328 1804 2423 1858 καὶ
2452 1803 2732 1871 ναυάγιον.

542 1903 1018 1976 Quemadmodum
1078 1901 1222 1973 ignis
1270 1899 1536 1954 memoria
1563 1908 1796 1955 mentem
1832 1900 2060 1956 minime

2235 1895 2450 1963 Ὥσπερ
2505 1893 2696 1963 μνήμη
2749 1889 2923 1963 πυρὸς
2975 1886 3037 1941 ού
3082 1886 3230 1942 καίει
3270 1884 3531 1951 διάνοιαν,
3554 1883 3684 1948 οὕτως

472 2001 625 2066 urit;
666 1999 748 2055 sic
781 2012 882 2051 uec
924 1994 1172 2058 allectus,
1214 2000 1424 2046 remota
1461 1989 1718 2056 materia,
1754 2007 1862 2062 qua
1897 1991 1992 2047 alit

2163 1986 2285 2041 οὐδὲ
2317 1984 2508 2049 πάθος,
2533 1982 2781 2054 ἀπούσης
2810 1980 2943 2053 ὕλης
2973 1980 3074 2051 τῆς
3103 1978 3419 2051 τρεφούσης
3449 1976 3537 2032 καὶ
3557 1977 3684 2042 αὐξα-

470 2102 637 2162 atque
664 2099 913 2159 augetur.

2161 2077 2360 2149 νούσης
2387 2076 2540 2129 αύτό.

542 2159 646 2234 l’ar
668 2187 771 2239 est,
806 2173 1049 2245 serpenti
1077 2181 1131 2227 et
1159 2170 1381 2227 aﬂ‘ectui
1410 2186 1655 2242 parcere.
1690 2166 1828 2223 Nam
1876 2176 1937 2222 ut
1970 2182 2060 2224 oc-

2233 2169 2399 2222 Ὅσον
2430 2167 2451 2199 ⁸
2474 2167 2623 2221 ἐστὶν
2664 2163 2840 2236 δφεως
2881 2162 2978 2217 καὶ
3017 2162 3227 2227 πάθους
3254 2160 3559 2232 φείσασθαι.
3585 2159 3684 2213 Και-

470 2274 752 2328 casionem
785 2267 1115 2329 invenerint,
1142 2264 1457 2319 interimere
1488 2264 1773 2319 festinant.

2166 2262 2256 2334 ρὸν
2279 2260 2388 2332 γὰρ
2423 2259 2672 2330 εὑρόντα,
2710 2255 3033 2311 σπεύδουσιν
3064 2254 3298 2311 ἀνελεῖν.

547 2362 606 2417 lu
666 2375 968 2431 congressu
1017 2356 1451 2429 perniciosarum
1498 2367 1878 2426 personarum,
1927 2365 2058 2405 con-

2244 2353 2331 2406 ’Ev
2370 2351 2679 2422 συντυχίαις
2712 2346 3018 2421 προσώπων
3052 2346 3358 2418 βλαϐερῶν,
3392 2345 3682 2417 ἠρεμούντων

474 2454 883 2527 quiescentibus
912 2452 1023 2506 tuis
1057 2448 1428 2521 passionibus,
1465 2463 1534 2503 ne
1554 2454 1837 2517 propterea
1881 2448 1995 2499 coni

2165 2458 2248 2496 σοι
2276 2440 2488 2507 παθῶν,
2527 2440 2602 2511 μὴ
2630 2436 2952 2509 πιστεύσῃς.
2995 2437 3171 2509 Τέχνη
3248 2437 3363 2507 γὰρ
3420 2436 3508 2489 καὶ
3548 2434 3681 2501 τοῦτο,

474 2549 597 2606 das.
632 2546 749 2604 Hoc
777 2547 923 2602 enim
955 2557 1176 2615 quoque
1199 2558 1289 2597 ars
1318 2550 1420 2608 est,
1462 2549 1523 2595 ut
1556 2540 1844 2594 adversum
1886 2546 1938 2592 te
1969 2536 1995 2590 il

2162 2531 2632 2603 κατεξαναστῆσαί
2662 2532 2705 2563 ¹⁶
2749 2547 2844 2585 σου
2888 2529 2964 2603 μὴ
3002 2529 3432 2600 φυλαττομένου,
3478 2529 3561 2582 καὶ
3588 2531 3683 2599 ῥᾷον

477 2647 701 2695 cautum
738 2638 1050 2706 insurgant,
1080 2649 1257 2704 eoque
1296 2632 1459 2687 modo
1494 2630 1710 2686 facilius
1746 2639 1797 2683 te
1817 2630 1998 2697 capiau

1000 2642 1050 2701 ιι,
1080 2649 1257 2704 eoque
1296 2632 1459 2687 modo
1494 2630 1710 2686 facilius
1746 2639 1797 2683 te
1817 2630 2056 2697 capiant.
2160 2623 2333 2689 οὕτως
2360 2625 2521 2678 ἑλεῖν.

548 2728 606 2782 Si
653 2726 870 2797 quando
923 2723 1175 2779 affectum
1223 2719 1441 2785 viceris,
1484 2734 1554 2774 ne
1609 2718 1731 2772 ideo
1768 2730 1957 2772 curam
2004 2722 2060 2770 et

2230 2718 2298 2771 Εῐ
2326 2733 2459 2771 ποτε
2514 2714 2818 2787 κρατήσεις
2843 2713 2937 2768 τοῦ
2966 2711 3193 2776 πάθους,
3227 2710 3356 2783 μηδ’
3386 2708 3548 2774 οὕτως
3578 2710 3684 2779 ἀμε-

434 2816 441 2825 '
479 2820 896 2878 rollicitudinem
924 2815 1168 2885 abjicias.
1193 2812 1249 2867 Si
1283 2812 1502 2882 quidem
1525 2809 1749 2865 allectus
1776 2806 1917 2862 ultro
1936 2823 1955 2862 r

2165 2810 2434 2881 ριμνήσῃς
2450 2827 2465 2841 ·
2490 2806 2890 2879 φιλεπίστροφα
2916 2805 3028 2877 γάρ
3048 2803 3116 2858 τά
3140 2803 3313 2870 πάθη,
3343 2802 3438 2857 καὶ
3460 2800 3530 2873 τῷ
3550 2801 3686 2870 alw-

494 2914 573 2969 ire
599 2914 796 2977 solent,
850 2926 914 2965 ac
959 2909 1239 2978 repentino
1266 2907 1469 2975 impetu
1516 2903 1708 2974 ingens
1743 2899 2015 2955 hominibu

2163 2901 2257 2973 δίῳ
2322 2902 2435 2964 τοῖς
2492 2898 2827 2969 ἀφυλάκτοις
2892 2897 3021 2967 ὀξὺν
3081 2896 3175 2951 τὸν
3236 2896 3485 2950 κίνδυνον
3538 2893 3684 2962 ἐπιφέ-

480 3000 715 3055 incautis
747 2998 1049 3068 periculum
1085 2995 1352 3049 inferunt.

823 2998 1049 3053 riculum
1085 2995 1352 3049 inferunt.
2088 3057 2125 3069 _
2164 3011 2344 3069 ροντα.

555 3091 805 3146 Scintilla
862 3090 916 3143 in
964 3088 1133 3159 paleis
1186 3104 1396 3142 moram
1457 3086 1722 3149 trahens,
1776 3082 2056 3138 ﬂammam

2164 3057 2178 3069 ’
2231 3083 2476 3157 Σπινθὴρ
2508 3082 2827 3155 ἐγχρονίσας
2868 3079 3116 3153 ἀχύροις,
3170 3079 3383 3152 ἐγείρει
3420 3078 3594 3149 φλόγα,
3614 3076 3684 3130 καὶ

481 3182 716 3246 excitat;
754 3189 869 3234 tum
899 3177 1062 3233 noxia
1087 3177 1394 3233 recordatio
1425 3175 1635 3231 diutius
1660 3173 1927 3239 insidens,
1955 3171 2002 3228 l'o

2162 3180 2382 3251 pvﬁpq
2419 3176 2659 3249 βλαϐερά
2717 3173 3153 3248 παραμένουσα,
3212 3171 3475 3244 πορνείας
3532 3169 3682 3224 ἐπιθυ-

481 3275 782 3332 nicationis
809 3272 1183 3343 cupiditatem.

861 3272 1183 3343 tpiditalem.
2164 3249 2317 3340 μίαν.
2341 3249 2348 3251 ⁷
2368 3249 2382 3266 ’

550 3367 624 3424 Ut
655 3364 850 3420 mortis
883 3360 1147 3417 memoria
1184 3359 1429 3415 ciborum
1454 3356 1929 3429 intemperantiam
1953 3370 2056 3411 am-

2244 3359 2543 3433 Ἀκρασίαν
2598 3357 2902 3431 βρωμάτων
2952 3356 3277 3428 περικόπτει
3339 3354 3522 3427 μνήμη
3556 3352 3683 3406 θανά-

478 3468 676 3532 putat;
725 3458 805 3513 sic
833 3453 1075 3509 libidinis
1103 3453 1458 3523 petulantiam
1496 3448 1999 3506 resecatcontinent

2161 3471 2253 3510 του
2288 3455 2330 3486 ¹¹
2354 3466 2371 3483 ⁵
2401 3452 2698 3508 ἀκολασίαν
2731 3450 2791 3505 δὲ
2835 3448 3091 3521 πορνείας
3129 3450 3413 3521 περιαιρεῖ
3438 3447 3682 3518 ἐγκράτεια

477 3554 670 3624 juncta
706 3548 1002 3604 humilitati
1032 3554 1089 3601 et
1111 3544 1369 3600 orationi.
1939 3576 1949 3587 .

1939 3576 1949 3587 ο
2162 3547 2299 3619 μετά
2326 3543 2708 3606 ταπεινώσεως
2746 3542 2842 3596 καὶ
2878 3542 3213 3613 προσευχῆς.
3414 3561 3424 3567 -

557 3645 614 3698 Si
649 3641 897 3697 libidinis
924 3640 1179 3710 cogitatio
1210 3638 1452 3692 animum
1484 3644 1638 3690 tuum
1663 3633 1909 3696 subierit,
1929 3647 2063 3688 con-

2241 3639 2368 3695 Ἐάν
2400 3655 2482 3692 σοι
2514 3636 2771 3706 λογισμὸς
2821 3633 3118 3697 ἀκολασίας
3160 3632 3545 3705 προσγένηται,
3569 3647 3679 3700 παρ-

482 3733 665 3789 festim
712 3738 952 3785 mentem
985 3729 1109 3783 inde
1142 3728 1472 3783 abstractam
1522 3724 1591 3779 ad
1636 3722 1806 3778 Deum
1843 3737 2003 3778 sumn

2159 3729 2357 3784 αυτίκα
2378 3730 2469 3783 τὸν
2503 3727 2626 3782 νοῦν
2651 3726 3001 3792 ἀποσπάσας,
3035 3726 3296 3796 ἀνένεγκε
3328 3723 3467 3796 μετά
3491 3721 3678 3790 σπουδῆς

481 3828 663 3884 studio
695 3826 917 3893 attolle;
949 3839 1019 3880 ne
1062 3822 1268 3878 diutius
1300 3820 1642 3887 immoratus,
1674 3826 1933 3887 tanquam
1963 3832 2002 3871 vi

2159 3824 2295 3895 πρὸς
2340 3823 2431 3877 τὸν
2474 3822 2606 3876 Θεόν
2628 3838 2644 3853 ο
2682 3822 2894 3892 μήποτε
2947 3820 3225 3893 χρονίσας,
3261 3815 3586 3889 κατακριθῇς
3609 3814 3664 3877 ὡς

478 3921 702 3991 luptatis
734 3929 942 3973 amator
971 3914 1377 3973 condemneris.

936 3934 942 3948 '
971 3914 1377 3973 condemneris.
2158 3914 2457 3984 φιλήδονος.

551 4013 690 4067 Cum
729 4010 976 4067 libidinis
1023 4009 1219 4065 ardore
1266 4004 1597 4077 llagraveris,
1651 4012 1765 4057 tum
1831 3999 2058 4072 ingemi-

2231 4006 2399 4061 Ὅταν
2450 4003 2708 4077 πυρωθῇς
2756 4002 3047 4076 ἐμπαθῶς,
3077 4000 3201 4054 τότε
3241 3998 3369 4070 λέγε
3414 3996 3673 4060 στενάζων·

479 4120 639 4161 scens
674 4104 765 4160 hic
790 4102 971 4159 verbis
998 4109 1152 4156 utere
1180 4119 1194 4155 :
1226 4096 1337 4153 Heu
1365 4113 1453 4152 me
1484 4096 1765 4157 miserum,
1796 4094 1842 4150 si
1870 4092 2000 4147 diab

2154 4097 2281 4164 Φεῦ,
2322 4100 2371 4151 εί
2405 4097 2725 4169 προτιμήσω
2758 4094 2853 4149 τοῦ
2903 4092 3036 4148 Θεοῦ
3088 4092 3179 4146 τὸν
3212 4090 3477 4154 διάϐολον,
3503 4088 3582 4143 καὶ
3603 4086 3674 4154 τῆς

478 4199 592 4254 lum
629 4198 760 4262 Deo,
792 4205 846 4251 et
863 4193 1230 4266 impuritatem
1249 4189 1472 4261 puritati
1493 4198 1853 4259 anteposuero
1879 4188 1892 4240 l
1921 4185 1999 4238 Pri

2154 4191 2523 4263 καθαρότητος
2544 4189 2645 4260 τήν
2672 4186 3030 4259 ἀκαθαρσίαν.
3074 4183 3457 4249 Ἐκόαυῑόντες
3480 4198 3547 4252 με
3570 4178 3674 4233 ruri

470 4292 712 4361 jicienles
779 4300 859 4343 me
908 4304 1049 4342 nunc
1101 4283 1555 4339 circumdederunt
1602 4297 1681 4334 me
1727 4281 1770 4334 ί.
1800 4277 1991 4331 Exsul:

2155 4281 2647 4352 περιεκύκλωσάν
2673 4298 2750 4350 με
2772 4297 2787 4312 ο
2816 4280 2882 4334 τὸ
2911 4276 3252 4349 ἀγαλλίαμά
3284 4294 3403 4347 μου
3424 4269 3676 4342 λύτρωσοί

482 4386 555 4440 tio
603 4401 743 4447 mea,
801 4398 924 4437 erue
976 4396 1058 4435 me
1122 4396 1155 4433 a
1208 4373 1660 4430 circumdantibus
1711 4369 1863 4425 mei.
1916 4368 2003 4425 Stll

2154 4395 2226 4449 με
2257 4377 2377 4432 ἀπὸ
2405 4375 2526 4431 τῶν
2560 4372 3004 4430 κυκλωσάντων
3026 4388 3122 4441 με.
3163 4372 3323 4435 Τινές
3356 4370 3413 4424 δὲ
3444 4370 3531 4423 καὶ
3556 4363 3675 4431 EVM-

479 4479 645 4535 etiam
678 4475 951 4540 nonnulli,
987 4473 1083 4545 qui
1132 4472 1328 4528 fustem
1364 4467 1656 4537 accipiant,
1705 4477 1873 4534 seque
1897 4478 2000 4519 ace]

2159 4486 2270 4541 ριον
2300 4467 2688 4538 λαμϐάνοντες,
2722 4465 2820 4520 καὶ
2846 4463 3143 4526 τύπτοντες
3180 4463 3410 4525 ἑαυτοὺς
3446 4458 3672 4529 ἐμπὸνωςι

480 4570 620 4624 rimc
649 4567 864 4627 feriant.
905 4543 1071 4636 atque
1111 4564 1187 4620 ita
1235 4561 1485 4618 ardorem
1538 4557 1830 4628 expellant,
1866 4555 2001 4610 dolui

2153 4559 2297 4613 οὕτω
2334 4560 2434 4630 τήν
2482 4557 2732 4629 πύρωσιν
2760 4553 3171 4619 ἀπελαύνουσιν,
3201 4553 3277 4615 ὡς
3304 4550 3402 4606 τοῦ
3431 4549 3576 4604 πόνου
3598 4543 3674 4617 τήν

479 4662 742 4716 nimirum
775 4660 1105 4728 voluptatem
1143 4655 1333 4724 procul
1357 4652 1630 4722 abigente.

1389 4652 1630 4722 bigente.
2152 4652 2349 4724 ήδονὴν
2372 4652 2561 4723 πόρρω
2603 4649 2907 4720 βάλλοντος.

549 4752 777 4820 Quoties
803 4751 1047 4807 libidinis
1073 4748 1328 4805 illecebra
1362 4744 1591 4801 seorsim
1626 4741 1679 4796 in
1708 4750 1760 4795 te
1793 4740 2050 4811 impetum

2236 4744 2456 4806 Ὁσάκις
2487 4742 2552 4796 ἂν
2587 4739 2901 4810 καταμόνας
2940 4735 3143 4810 ἐπέλθῃ
3191 4751 3272 4787 σοι
3311 4732 3555 4806 πορνείας
3582 4728 3674 4799 ἐρε-

475 4846 689 4914 jecerit,
724 4859 907 4913 surge,
942 4857 1008 4897 ac
1042 4849 1094 4897 te
1136 4854 1322 4896 coram
1356 4835 1465 4891 Deo
1504 4833 1730 4905 projice,
1756 4831 1996 4887 clamans

2193 4837 2371 4908 ισμδς,
2414 4833 2655 4896 ἀναστὰς
2694 4833 2848 4904 ρίψον
2894 4830 3118 4884 σεαυτὸν
3158 4829 3387 4883 ἐνώπιον
3426 4824 3515 4878 τοῦ
3546 4820 3670 4883 Θεοῦ,
3704 4844 3708 4895 ;

478 4937 581 4992 Fili
611 4938 726 5005 Dei,
756 4906 955 5007 adiuva
983 4950 1069 4990 me
1098 4934 1147 4987 ιι.
1175 4932 1358 5005 Neque
1378 4929 1724 4985 vehementer
1760 4924 1999 4981 contristt

2192 4906 2324 4982 οῶψ
2358 4927 2455 4981 Υίέ
2484 4925 2580 4980 τοῦ
2609 4924 2765 4987 Θεοῦ,
2796 4922 2979 4994 βοήθει
3011 4938 3134 4993 μου.
3161 4920 3270 4974 Καὶ
3302 4918 3375 4989 μὴ
3408 4914 3588 4985 σφόδρα
3608 4913 3669 4964 λυ

478 5029 558 5087 ris
596 5048 610 5085 :
647 5046 756 5085 non
784 5030 928 5085 enim
951 5026 1243 5082 affectuum
1274 5023 1552 5079 evulsores
1580 5033 1799 5083 sumus,
1820 5017 1914 5075 sed
1945 5031 1999 5088 οι

2183 5016 2259 5071 τοῦ
2280 5033 2295 5046 ·
2328 5016 2392 5070 οὐ
2425 5015 2534 5088 γάρ
2563 4988 2859 5087 ἐκριζωταὶ
2879 4988 3217 5067 τῶν-παθῶν
3244 4988 3431 5080 ἐσμεν,
3452 5005 3556 5059 ἀλλ’
3571 5005 3671 5057 ἀντ-
3702 4988 3704 5005 ²

437 5113 442 5116 ’
477 5130 828 5191 pugnatores.

2154 5100 2472 5171 αγωνισταί.

556 5334 571 5361 ι
602 5318 745 5375 Psal.
780 5335 891 5384 xvu,
932 5317 1014 5371 ll.
1091 5314 1105 5363 i
1151 5314 1295 5368 Psal.
1329 5328 1483 5377 uxr,
1513 5311 1566 5364 7.
1646 5309 1672 5345 ι
1701 5307 1895 5362 Matth.
1925 5321 2014 5366 xv,
2044 5302 2136 5357 ‘25.

1767 5482 2003 5541 VARIIE
2038 5480 2441 5539 LECTIONES.

553 5676 576 5708 ’
612 5671 879 5730 1ηι.ίσον.
960 5674 1003 5706 ¹⁹
1028 5674 1106 5729 Al.
1169 5663 1656 5738 κατεξανασθῆναί.
1757 5664 1797 5695 ¹¹
1830 5661 1941 5716 Ini.
1981 5661 2136 5716 Θεοῦ.
