3852 6052
436 333 567 399 1451

1928 323 1986 381 S.
2042 317 2206 380 NILI

3575 293 3707 382 usi

431 449 616 511 detur,
649 442 966 500 diuturnam
996 445 1352 505 senectutem,
1385 433 1629 507 corporis
1657 431 2004 490 imbecillita-

2137 426 2434 497 ιατάλειψιν
2469 427 2748 497 συγγενῶν
2775 429 2869 482 καὶ
2903 429 3094 499 φῦλον,
3127 430 3222 483 καὶ
3247 427 3508 492 τοιαύτας
3543 429 3708 494 ἄλλας

431 548 563 601 tem,
604 541 965 603 cognatorum
997 537 1052 585 et
1082 528 1386 583 amicorum
1417 524 1809 588 desertionem,
1839 522 2010 576 alios-

430 643 539 700 que
567 627 621 681 id
664 639 839 697 genus
889 629 1200 693 praetextus.
1244 619 1323 674 Ac
1369 617 1624 687 deinceps
1666 615 1719 671 in
1767 615 2010 670 animum

431 719 688 783 subiens,
716 729 952 785 eumque
981 727 1204 785 prorsus
1233 723 1530 780 occupans,
1581 717 1752 763 totam
1802 706 2012 776 cupidi.

432 820 601 865 tatem
650 807 719 863 ad
763 821 887 863 sese
935 804 1192 869 traducit,
1247 799 1683 872 persuadetque,
1725 798 2012 869 pecuniam

433 903 607 958 solam
644 913 910 970 querere,
940 899 992 952 in
1027 910 1200 964 eaque
1233 893 1368 958 sola,
1423 901 1483 947 ut
1512 907 1635 962 quae
1684 891 1737 946 in
1770 901 2015 959 tempore

434 994 688 1062 adjutura
718 993 808 1057 sit,
832 988 1059 1044 firmiter
1084 985 1385 1051 confidere;
1416 999 1567 1054 spem
1591 998 1720 1038 vero
1753 983 1808 1036 in
1844 981 2012 1037 Deum

434 1083 610 1136 instar
637 1089 918 1134 ventorum
961 1084 1237 1145 reputare.
1271 1072 1396 1127 Tria
1430 1088 1593 1142 porro
1629 1071 1872 1127 avaritia:
1886 1080 2015 1126 sunt

435 1186 636 1242 genera
669 1168 986 1238 :primum,
1041 1163 1260 1234 quando
1299 1163 1423 1232 quis
1469 1177 1530 1217 ea
1581 1163 1781 1232 quibus
1843 1169 2010 1223 caret,

434 1261 666 1334 adipisci
699 1259 894 1331 gestit;
921 1264 980 1310 ut
1003 1255 1171 1320 Giczi,
1205 1255 1370 1324 cujus
1419 1268 1578 1324 pcena
1621 1253 1765 1323 lepra
1813 1251 2014 1320 sempi-

431 1367 587 1411 terna
617 1362 701 1409 est
730 1360 760 1389 ιι
796 1371 809 1406 :
851 1351 1106 1414 alterum,
1140 1363 1264 1403 cum
1299 1348 1424 1417 quis
1454 1355 1740 1416 postquam
1785 1343 2016 1398 fat-ulta-

435 1448 578 1501 tibus
612 1445 727 1499 suis
758 1439 1112 1505 renuntiavit,
1145 1453 1342 1493 rursus
1370 1437 1684 1491 divitiarum
1719 1435 2015 1504 cupiditate

435 1534 698 1600 adicitur;
735 1540 793 1586 ut
821 1530 1013 1593 Judas,
1067 1529 1226 1599 cujus
1275 1528 1610 1598 supplicium
1655 1527 1886 1582 acerbus
1931 1535 2015 1582 est

430 1627 660 1695 laqueus
685 1629 710 1656 ο
743 1640 756 1676 :
792 1619 1034 1682 tertium,
1067 1618 1160 1672 ubi
1189 1617 1313 1686 quis
1347 1617 1490 1670 bona
1527 1615 1711 1669 omnia
1770 1614 2015 1684 abjectu-

431 1732 555 1772 rum
592 1730 651 1770 se
673 1713 974 1784 pollicitus,
1009 1717 1212 1780 partem
1231 1709 1368 1764 clam
1393 1708 1628 1773 retinet;
1665 1712 1725 1760 ut
1773 1704 2015 1759 Ananias

2115 519 2446 591 προφάσεις·
2492 520 2588 572 καὶ
2618 519 2804 573 λοιπὸν
2843 519 3164 592 είσδυομένη
3206 520 3302 574 καὶ
3351 512 3740 592 περιλαμδὼξ

2115 629 2281 666 νουσα
2337 613 2439 684 τὴν
2491 612 2688 683 ψυχὴν,
2739 611 2868 683 ὃλην
2909 614 3011 683 τὴν
3052 612 3352 682 ἐπιθυμίαν
3390 613 3472 675 είς
3509 609 3697 679 ἑαυτῇ

2118 703 2372 776 magna,
2394 678 2518 758 -καὶ-
2543 678 2724 758 πείθει
2761 678 2922 776 μόνον
2955 678 3016 759 τὸ
3058 678 3324 776 ἀργύριον
3364 705 3580 773 ζητεῖν,
3616 678 3722 756 aut,

2117 797 2266 867 μόνῳ
2307 798 2486 868 τούτῳ
2531 797 2766 868 βεϐαίως
2806 798 3052 870 θαρρεῖν,
3079 798 3156 862 ὡς
3189 798 3247 852 ὲν
3280 797 3464 868 καιρῷ
3503 795 3704 868 3011013?-

2117 905 2292 944 σοντι·
2327 889 2426 954 τὰς
2455 889 2515 943 δὲ
2548 890 2689 961 πρὸς
2713 889 2847 944 Θεὸν
2872 890 3118 955 ἐλπίδας,
3143 889 3236 944 ἴσα
3269 891 3365 944 καὶ
3391 888 3598 958 αὔραις
3627 887 3708 939 lo-

2115 980 2384 1049 γίζεσθαι.
2423 982 2586 1052 Τρεῖς
2620 982 2679 1036 δὲ
2710 982 2906 1053 τρόποι
2941 983 3040 1053 τῆς
3077 981 3489 1053 φιλαργυρίας*
3522 982 3554 1033 6
3589 981 3706 1049 μὲν,

2114 1073 2246 1127 ὅταν
2289 1092 2371 1138 τις
2420 1075 2684 1145 ἐπιθυμεῖ
2709 1073 3017 1147 κτήσασθαι
3049 1075 3087 1129 ἀ
3126 1074 3203 1146 μὴ
3230 1075 3379 1144 ἔχει·
3413 1072 3492 1137 ὡς
3522 1072 3706 1142 Fuﬁ.

2115 1157 2177 1216 οὗ
2210 1164 2507 1234 ἐπιτίμιον,
2536 1167 2570 1236 ἡ
2593 1163 2814 1228 αἰώνιος
2833 1162 3011 1236 λέπρα
3036 1179 3050 1194 °
3085 1165 3114 1217 6
3136 1163 3213 1229 δὲ,
3242 1163 3372 1217 ὓταν
3391 1180 3476 1226 τις
3501 1163 3709 1215 ἀποτα-

2117 1255 2350 1326 ξάμενος
2377 1251 2460 1321 οἷς
2487 1257 2619 1328 ἔχει,
2639 1258 2805 1312 πάλιν
2827 1256 3088 1328 ἐπιθυμεῖ
3111 1255 3342 1310 πλούτου
3361 1274 3377 1287 ο
3408 1255 3488 1318 ὠς
3520 1257 3552 1308 6
3590 1253 3709 1306 Ἰοῦς

2115 1346 2232 1413 δας,
2277 1341 2340 1402 οὗ
2370 1349 2664 1420 ἐπιτίμιον,
2695 1352 2728 1421 ἡ
2763 1350 2937 1421 πικρὰ
2971 1350 3204 1422 ἀγχόνη·
3245 1351 3274 1404 6
3321 1349 3404 1413 δὲ,
3455 1349 3591 1402 ὅταν
3633 1364 3709 1409 τις

2116 1437 2488 1509 ὑποσχόμενος
2527 1440 2946 1510 ἀποκτήσασθαι
2984 1440 3165 1494 πάντα
3205 1440 3308 1494 ὅσα
3345 1440 3486 1509 ἔχει,
3539 1435 3710 1507 λάθρα

2118 1529 2540 1600 παρακατάσχει
2566 1530 2730 1603 μέρος
2749 1547 2764 1564 ·
2789 1531 2864 1594 ὡς
2904 1531 3153 1595 Ἀνανίας
3175 1532 3270 1585 καὶ
3297 1532 3622 1602 Σάπφειρα,
3644 1526 3710 1583 ὧν

2118 1619 2413 1690 ἐπιτίμιον,
2444 1623 2472 1673 6
2498 1622 2764 1690 αἰφνίδιος
2795 1623 2890 1676 καὶ
2929 1623 3155 1693 ἀφειδὴς
3188 1622 3450 1686 θάνατος.
3509 1623 3709 1675 Ἐκκο-

2120 1711 2282 1764 πτέον
2311 1713 2491 1769 τοίνυν
2517 1715 2618 1785 τὴν
2647 1713 2805 1784 ῥίζαν
2826 1715 2935 1769 τῶν
2966 1715 3153 1769 κακῶν
3175 1733 3190 1746 ·
3224 1715 3441 1785 ταύτης
3469 1713 3588 1785 γὰρ
3621 1732 3708 1785 με·

429 1817 485 1863 et
503 1804 754 1876 Saphira,
784 1816 1017 1873 quorum
1049 1813 1208 1871 poena
1232 1813 1380 1852 mors
1409 1797 1692 1866 repentina
1717 1802 1772 1850 et
1800 1809 1942 1850 saeva
1963 1805 2010 1850 ιδ.

2137 1801 2334 1874 νούσης,
2366 1804 2461 1858 καὶ
2500 1807 2548 1860 οἱ
2573 1769 2770 1860 ’κλάδοι
2819 1807 3120 1879 φυήσονται
3145 1822 3160 1837 ο
3193 1807 3269 1878 μή
3461 1769 3712 1861 exesa...

429 1898 702 1966 Quocirca
740 1895 1018 1952 evellenda
1043 1901 1130 1948 est
1175 1891 1441 1946 malorum
1491 1890 1668 1944 radix.
1706 1889 1836 1944 Haec
1871 1889 2016 1944 enim

432 1991 480 2047 si
518 1998 760 2054 maneat,
794 1987 932 2042 rami
972 2000 1195 2056 quoque
1217 1983 1583 2054 pullulabunt.
1628 1983 1709 2037 Ne
1735 1981 2018 2052 inopinato

431 2082 722 2138 audiamus
751 2096 766 2134 :
805 2078 1001 2144 Stulte,
1025 2077 1123 2130 hac
1147 2086 1295 2129 nocte
1324 2076 1560 2128 animam
1595 2083 1742 2127 tuam
1780 2081 2016 2141 repetunt

433 2194 467 2229 α
497 2186 588 2240 te;
617 2190 733 2245 qua:
763 2181 939 2226 autem
984 2167 1217 2239 parasti,
1269 2167 1423 2237 cujus
1473 2177 1626 2222 erunt
1653 2165 1718 2220 ‘1?
1745 2165 2017 2220 Caeterum

2121 1909 2222 1964 μεν
2252 1896 2679 1968 ἀπροσδοκήτως
2700 1913 2716 1930 ·
2752 1899 3000 1970 Ἃφρον,
3031 1899 3215 1968 ταύτῃ
3249 1898 3328 1966 τῇ
3369 1899 3562 1952 νυκτί
3603 1899 3709 1966 τὴν

2115 1983 2330 2054 ψυχήν
2351 2002 2469 2042 σου
2499 1988 2862 2045 ἀπαιτοῦσιν
2886 1990 3005 2044 ἀπὸ
3027 1990 3166 2054 σοῦ,
3191 1988 3228 2043 ἇ
3255 1989 3325 2042 δὲ
3346 1990 3710 2060 ἡτοίμασας,

2114 2075 2234 2128 τίνι
2267 2076 2473 2143 ἐσται;
2499 2081 2838 2153 Κατορθοῢσι
2866 2082 2925 2136 δὲ
2958 2082 3193 2154 μάλιστα
3215 2082 3278 2136 τὺ
3307 2083 3710 2153 ἀφιλάργυρον,

2114 2168 2165 2221 οἱ
2194 2167 2253 2222 ὲν
2282 2171 2536 2244 κοινοϐίῳ
2563 2173 2792 2246 μηδενὸς
2814 2175 3214 2248 φροντίζοντες.

431 2267 691 2322 virtutem
745 2271 1067 2333 contempta:
1129 2261 1372 2331 pecuniae
1421 2269 1476 2316 et
1515 2259 1758 2316 avaritia:
1810 2258 2035 2330 abiectae
2088 2261 2327 2319 maxime
2390 2265 2428 2320 ii
2477 2264 2761 2336 excolunt,
2804 2269 2898 2341 qui
2961 2269 3019 2324 in
3061 2269 3315 2326 coenobio
3364 2269 3591 2325 nullius
3642 2274 3710 2326 rei

433 2379 624 2420 curam
660 2361 988 2432 suscipiunt.

508 2457 722 2511 Avarus
768 2455 1093 2521 monachus,
1139 2455 1194 2510 in
1249 2467 1510 2508 manuum
1571 2451 1850 2507 laboribus
1896 2450 2023 2506 dili-

431 2549 806 2621 gentissimus,
848 2562 945 2604 eos
1009 2547 1230 2617 quidem
1295 2559 1394 2615 pro
1436 2542 1580 2599 seria
1609 2556 1774 2612 opera
1837 2541 2022 2610 habet,

435 2656 536 2710 pro
559 2639 902 2695 defunctoria
962 2647 1143 2693 autem
1177 2634 1547 2706 precationem
1583 2647 1648 2688 ac
1697 2631 2019 2699 lectionem,

441 2741 497 2785 ct
522 2731 568 2786 si
605 2731 734 2801 quid
765 2729 913 2784 aliud
949 2728 1234 2799 spirituale
1281 2735 1384 2781 est.
1420 2722 1562 2791 Quin
1609 2722 1676 2778 ad
1704 2722 2022 2793 huiusmodi

440 2823 669 2878 allectus
700 2820 1066 2892 patrocinium
1119 2817 1249 2873 illud
1280 2831 1499 2887 quoque
1522 2814 1770 2885 Apostoli
1811 2813 2014 2870 dictum

436 2913 722 2969 obtendit:
751 2912 856 2979 Qui
888 2911 1094 2967 otiosus
1127 2918 1230 2974 est,
1265 2925 1356 2962 nec
1387 2908 1668 2962 manducet
1697 2923 1740 2962 τ.
1767 2906 1905 2962 Cum
1933 2915 2017 2961 ta»

437 3021 562 3062 men
603 3013 816 3070 contra,
851 3019 914 3060 ea
948 3019 1069 3074 qua:
1107 3003 1302 3058 animae
1343 3001 1496 3057 utilia
1527 3007 1655 3076 sunt
1703 3014 1802 3070 pro
1848 3013 2013 3070 opere

437 3096 626 3152 haberi
649 3095 902 3160 debeant,
936 3109 1034 3164 pro
1059 3093 1354 3165 appendice
1392 3106 1523 3150 vero
1559 3089 1753 3162 operis
1791 3103 1855 3145 ea
1897 3104 2020 3160 quae

438 3188 696 3244 manibus
750 3171 1135 3242 coniiciuntur.

511 3279 727 3335 Avarus
749 3277 837 3333 ille
858 3287 962 3343 est,
995 3292 1104 3332 non
1129 3277 1222 3350 qui
1252 3277 1478 3332 omnino
1529 3276 1790 3346 pecunias
1835 3275 2020 3345 habet,

442 3373 540 3430 sed
571 3372 666 3442 qui
691 3385 786 3427 eas
811 3380 979 3436 amat,
1023 3379 1188 3441 atque
1207 3369 1435 3439 adipisci
1457 3369 1628 3438 cupit.

477 3462 813 3518 -Monachns
859 3461 1011 3516 dives
1057 3468 1114 3515 et
1170 3459 1427 3528 c0piosus
1467 3465 1666 3512 onusta
1713 3472 1869 3514 navis
1915 3465 2018 3522 est,

437 3569 562 3626 quae
585 3554 640 3608 in
659 3559 990 3624 tempestate
1027 3550 1184 3606 facile
1217 3549 1609 3620 submergitur.

509 3645 713 3700 Contra
756 3645 804 3700 is
831 3643 927 3714 qui
981 3641 1118 3697 nihil
1163 3638 1425 3711 possidet,
1459 3640 1593 3695 levis
1642 3653 1705 3694 ac
1738 3640 2021 3711 expeditus

439 3737 624 3792 viator
652 3744 756 3800 est,
788 3736 882 3806 qui
933 3735 990 3788 in
1040 3733 1190 3787 omni
1235 3733 1354 3786 loco
1399 3732 1760 3787 diversorium
1791 3733 2018 3800 invenit,

439 3830 662 3900 citoque
684 3825 932 3897 pervenit
960 3825 1028 3902 ad
1062 3823 1312 3878 bravium
1342 3837 1593 3892 supernae
1619 3825 1923 3882 vocationis
1949 3837 1971 3865 ³
2003 3842 2018 3894 ;

439 3921 625 3994 aquila
652 3917 1152 3989 deniquesublime
1195 3916 1406 3981 volans,
1457 3931 1522 3972 ac
1554 3924 1670 3971 tum
1701 3917 1924 3973 demum
1953 3917 2020 3974 ad

437 4014 623 4070 cibum
646 4009 938 4075 devolans,
976 4023 1100 4064 cum
1129 4009 1426 4065 necessitas
1465 4009 1629 4078 cogit.

509 4100 816 4158 Monachus
851 4099 1093 4154 avaritiae
1120 4099 1314 4154 morbo
1342 4099 1622 4164 laborans,
1675 4113 1957 4170 nunquam
1987 4114 2017 4155 a

439 4210 571 4252 cura
593 4202 648 4248 et
677 4191 1040 4247 sollicitudine
1061 4192 1199 4246 liber
1227 4201 1329 4248 est.

508 4283 766 4341 Avaritiae
787 4298 912 4336 cum
942 4282 1206 4338 charitate
1235 4283 1442 4338 nullum
1468 4283 1646 4340 foedus
1672 4299 1796 4340 esse
1819 4292 2013 4354 potest.

439 4375 566 4432 Haec
589 4375 734 4432 enim
769 4373 1245 4444 aequo-libentique
1291 4376 1476 4429 animo
1515 4390 1574 4431 se
1601 4374 1842 4430 fraudari
1875 4375 2016 4445 pati-

2195 2453 2535 2527 Φιλάργυρος
2587 2455 2821 2528 μοναχδς
2852 2457 2911 2510 ὲν
2955 2457 3292 2529 ἔργοχείροις
3342 2456 3715 2528 ἐπιμελέστα-

2121 2560 2212 2608 τος
2234 2561 2249 2574 ⁹
2285 2544 2446 2616 ἔργον
2485 2545 2584 2617 μὲν
2614 2546 2755 2617 ἔχων
2780 2545 2972 2612 ταῦτα,
3005 2549 3286 2620 πάρεργον
3311 2548 3370 2602 δὲ
3406 2549 3515 2620 τὴν
3548 2566 3715 2620 προσ-

2122 2635 2284 2706 ευχὴν
2316 2637 2410 2690 καὶ
2460 2636 2559 2708 τὴν
2595 2637 2927 2706 ἀνάγνωσιν,
2959 2639 3054 2692 καὶ
3104 2639 3158 2691 εί
3192 2655 3245 2692 τι
3293 2637 3676 2707 πνευματικόν
3698 2653 3713 2668 ⁸

2121 2727 2488 2798 προϐάλλεται
2533 2727 2588 2782 δὲ
2625 2730 2718 2784 καὶ
2759 2731 2840 2794 είς
2885 2729 3213 2801 συνηγορίαν
3242 2728 3340 2782 τοῦ
3389 2729 3630 2792 πάθους,
3659 2730 3716 2782 τὺ

2119 2818 2477 2875 ἀποστολικὸν
2510 2822 2687 2875 ἐκεῖνο
2717 2821 2882 2894 ῥητόν
2904 2837 2920 2853 ο
2963 2819 3024 2877 ’0
3060 2820 3233 2899 ἀργὸς
3254 2821 3417 2891 μηδέ
3442 2821 3713 2876 ἐσθιέτω.

2119 2909 2239 2964 δέον
2268 2909 2427 2983 ἔργον
2460 2912 2556 2975 μὲν
2579 2912 2742 2983 ἔχειν,
2774 2912 2844 2966 τά
2867 2913 3187 2985 ψυχωφελῆ,
3220 2914 3512 2984 πάρεργον
3534 2913 3617 2978 δὲ,
3648 2916 3715 2969 τὰ

2122 3001 2180 3056 ὲν
2213 3003 2571 3076 ὲργοχείροις.

2192 3276 2554 3349 Φιλάργυρος,
2586 3277 2686 3350 οὐχ
2726 3279 2754 3332 6
2787 3278 2926 3350 ἔχων
2963 3279 3222 3351 χρήματα
3253 3277 3507 3344 πάντως,
3540 3277 3656 3332 ἀλλ’
3685 3281 3713 3331 6

2124 3369 2293 3439 φιλῶν
2342 3370 2500 3438 αὐτὰ,
2533 3371 2629 3424 καὶ
2672 3371 2774 3440 τῆς
2816 3368 3023 3423 τούτων
3051 3369 3391 3440 ὀρεγόμενος
3421 3369 3674 3439 κτήσεως
3694 3383 3709 3398 ’

2193 3462 2442 3534 Μοναχὸς
2467 3463 2857 3534 πολυκτήμων,
2900 3461 3084 3516 πλοῖον
3118 3462 3598 3533 πεφορτισμένον,
3626 3463 3715 3514 £5-

2121 3550 2298 3623 χερῶς
2328 3553 2386 3606 ὲν
2416 3553 2552 3624 ζάλῃ
2588 3554 3008 3626 καταδυόμενον.

2203 3646 2263 3698 '0
2314 3644 2371 3698 δὲ
2424 3646 2710 3716 ἀκτήμων,
2769 3646 3037 3716 εὐσταλὴς
3081 3646 3390 3718 ὁδοιπόρος,
3452 3648 3513 3702 ἐν
3551 3650 3712 3702 παντὶ

2121 3736 2270 3808 τόπῳ
2311 3735 2654 3806 καταγώγιον
2705 3738 3018 3808 εὑρίσκωνσ
3069 3739 3277 3809 κοῦφος
3321 3738 3589 3811 δρομεὺς,
3619 3755 3712 3794 τα-

2121 3825 2260 3896 χέως
2289 3824 2508 3895 φθάνων
2558 3827 2653 3880 ἐπὶ
2698 3827 2760 3880 τὸ
2813 3827 3068 3908 βρασείον
3110 3830 3212 3900 τῆς
3259 3829 3375 3884 ἄνω
3420 3831 3707 3902 κλήσεως·

2120 3915 2278 3980 ἀετὸς
2334 3917 2626 3989 ὑψιπέτης,
2679 3921 2801 3971 τότε
2853 3919 3260 3991 καθιπτάμενος
3328 3922 3428 3975 ἐπὶ
3479 3921 3710 3994 τροφὴν,

2119 4009 2249 4062 ὅταν
2273 4010 2307 4080 ἡ
2343 4010 2500 4081 χρεία
2536 4010 2808 4082 βιάσηται.

2198 4101 2447 4172 Μοναχδς
2488 4101 2660 4156 νοσῶν
2709 4102 3095 4176 φιλαργυρίαν,
3137 4103 3398 4159 οὐδέποτε
3433 4105 3711 4178 μερίμνης

2122 4192 2487 4265 ἀπήλλακται.

2203 4283 2542 4354 ’Λσύμδατος
2584 4285 2664 4348 είς
2716 4284 2939 4356 ἀγάπην
2985 4287 3018 4356 ἡ
3071 4285 3426 4358 φιλαργυρία.
3487 4285 3557 4340 Ἦ
3607 4285 3707 4357 μιν

2119 4378 2229 4450 γάρ
2275 4379 2451 4449 ἡδέως
2505 4377 2754 4448 ἀνέχεται
2824 4375 3334 4447 πλεονεκτουμένη,
3391 4375 3488 4428 καὶ
3538 4375 3707 4428 ὄντων

439 4481 551 4533 tur,
590 4467 984 4536 facultatesque
1014 4480 1145 4521 snas
1181 4465 1300 4520 laete
1342 4465 1604 4535 impertit,
1648 4475 1812 4537 atque
1846 4465 2014 4520 inter-

2137 4471 2436 4544 τεριχαρῶς
2470 4470 2863 4542 μεταδίδωσιν⁹
2896 4469 3044 4524 ἐστιν
3089 4470 3177 4523 ὅτε
3220 4469 3278 4522 δὲ
3333 4469 3557 4523 ἅπαντα
3607 4485 3708 4538 με·

437 4563 570 4617 dum
605 4560 769 4614 etiam
801 4559 986 4613 omnia
1037 4573 1235 4628 magno
1277 4558 1462 4612 animo
1501 4557 1722 4627 abjicit;
1761 4557 1852 4613 illa
1887 4572 2017 4614 vero

435 4650 772 4710 contrarium
803 4648 1027 4703 omnino
1055 4648 1269 4704 eliicere
1301 4650 1605 4704 consuevit.

505 4743 800 4814 Nunquam
839 4742 1069 4798 deerunt
1096 4741 1291 4798 ﬂuctus
1326 4743 1486 4806 mari,
1522 4757 1699 4814 neque
1725 4757 1891 4798 avaro
1923 4743 2015 4798 ira:

437 4855 502 4897 ac
542 4851 828 4894 maerores.

509 4934 724 4987 Avarus
753 4929 807 4985 in
849 4927 1047 4984 cmlum
1087 4925 1444 4991 contendens,
1494 4924 1624 4980 huic
1665 4925 1862 4982 similis
1907 4935 2011 4991 cst,

435 5027 528 5097 qui
579 5024 807 5095 pedibus
858 5023 973 5078 suis
1013 5019 1231 5078 vinculo
1275 5020 1589 5076 constrictis
1644 5035 1865 5076 currere
1915 5035 2012 5075 co-

387 5123 390 5127 ’
433 5127 613 5175 natur.

1113 5225 1189 5281 De
1237 5228 1338 5280 ira.

503 5323 587 5378 Ira
614 5337 738 5379 cum
766 5319 934 5377 semel
965 5328 1152 5390 pectus
1177 5318 1472 5383 obsederit,
1505 5331 1742 5389 cumque
1789 5332 2010 5375 exarse-

432 5418 527 5480 rit,
555 5424 789 5472 mentem
816 5414 968 5468 l'umo
987 5413 1250 5476 obczecat,
1278 5411 1653 5482 iudiciumque
1682 5412 2011 5484 corrumpit;

433 5516 498 5556 ac
529 5501 761 5572 denique
782 5501 988 5556 lubrica
1005 5500 1188 5555 omnia
1221 5510 1274 5554 ct
1303 5497 1530 5555 confusa
1555 5499 1747 5558 reddit.
1789 5499 2012 5556 Contur-

2121 4562 2443 4634 γαλοψύχως
2497 4561 2786 4633 προΐεται·
2839 4563 2872 4632 ή
2929 4561 3017 4627 δὲ,
3081 4563 3190 4615 πᾶν
3237 4560 3556 4613 τούναντίον
3598 4554 3708 4612 οἶδε

2121 4657 2313 4708 ποιεῖν.

2193 4745 2308 4798 Οὐκ
2340 4743 2579 4815 ἐκλείψει
2633 4743 2856 4814 κύματα
2894 4743 3156 4815 θαλάσσῃ,
3207 4741 3327 4796 οὐδὲ
3379 4740 3708 4812 φιλαργύρῳ

2121 4840 2282 4910 ὀργαὶ
2319 4838 2412 4891 καὶ
2449 4837 2643 4892 λῦπαι.

2194 4929 2534 5002 Φιλάργυρος
2582 4930 2662 4992 είς
2705 4929 2934 4999 οὐρανὸν
2987 4927 3374 4998 ἐπειγόμενος,
3427 4928 3578 4981 ἔοικε
3615 4928 3706 4982 δε-

2123 5023 2400 5094 σμήσαντι
2445 5021 2570 5084 τοὺς
2619 5019 2783 5072 αὐτοῦ
2831 5019 3000 5083 πόδας
3056 5018 3151 5072 καὶ
3194 5020 3526 5091 πειρωμένῳ
3571 5019 3707 5091 δραι

2126 5131 2192 5184 με
2202 5131 2268 5169 ιν.

2717 5221 2859 5291 Περὶ
2892 5220 3093 5291 ὀργῆς.

2199 5316 2264 5371 'll
2293 5317 2434 5388 ὀργὴ
2460 5313 2874 5386 περικαθημένη
2908 5311 3007 5384 τὴν
3045 5310 3273 5384 καρδίαν
3313 5315 3408 5366 καὶ
3440 5315 3699 5367 ἀνακαιο-

2122 5408 2286 5481 μένη,
2323 5406 2518 5476 τυφλοί
2549 5405 2639 5459 τὸν
2669 5403 2792 5458 νοῦν
2825 5404 2902 5475 τῷ
2952 5404 3163 5475 καπνῷ,
3196 5403 3294 5458 καὶ
3342 5403 3557 5474 φθείρει
3602 5405 3700 5474 τὴν

2118 5500 2395 5570 διάκρισιν
2419 5516 2433 5530 ο
2471 5497 2566 5551 καὶ
2596 5496 2782 5550 λοιπὸν
2817 5494 3058 5566 σφαλερὰ
3107 5497 3287 5552 πάντα
3321 5497 3558 5567 πράττει
3605 5497 3701 5550 καὶ

415 5661 418 5668 ’
505 5679 630 5758 ’Π
666 5682 794 5754 Reg.
831 5700 881 5748 ν,
913 5685 1002 5736 27.
1077 5694 1096 5713 υ
1134 5685 1328 5738 Matth.
1360 5684 1604 5750 xxvn,5.
1681 5695 1709 5735 ιι
1757 5687 1879 5740 Act.
1921 5701 1976 5746 v,

2179 5696 2218 5736 ,ιι
2255 5683 2388 5741 Luc.
2436 5702 2532 5749 xu,
2577 5683 2668 5738 9.0.
2752 5692 2789 5758 τ.
2807 5682 2847 5739 ιι
2881 5684 3074 5740 Thess.
3113 5691 3198 5745 ιιι,
3228 5678 3313 5733 10.
3394 5689 3414 5716 ε
3458 5675 3695 5748 Philipp.

441 5761 526 5814 In,
575 5754 630 5807 1.
