3852 6052
422 323 560 393 1455

1918 331 1978 392 S.
2021 332 2071 394 Ν
2076 333 2185 395 ILI

3559 348 3692 415 ιιεσ

419 438 527 494 (lue
555 446 615 494 ut
637 436 781 493 tinea
818 447 1044 505 vestem,
1075 453 1140 497 ac
1170 439 1371 497 vermis
1419 440 1649 512 lignum,
1677 441 1984 512 depascitur

2112 445 2281 511 κτίζει
2310 446 2517 513 τέλεον,
2556 448 2651 503 καὶ
2699 448 2952 523 καθάπερ
2985 453 3084 525 σὴς
3117 454 3353 525 ἱμάτιον,
3391 457 3494 511 καὶ
3535 458 3688 522 ξύλον

418 537 474 585 et
504 528 780 599 praefocat,
823 544 924 586 nec
956 530 1122 586 ullam
1147 533 1375 588 omnino
1401 532 1533 588 sinit
1562 532 1996 590 consolationem

418 619 727 675 admittere.
781 618 915 675 Nam
950 621 1043 676 ubi
1078 637 1199 678 eam
1225 624 1373 678 omni
1406 620 1774 680 amaritudine
1818 625 1996 695 reple.

418 711 577 775 verit,
631 711 686 766 id
712 712 893 779 eliicit,
931 724 991 770 ut
1032 730 1196 771 omne
1223 724 1504 771 aversetur
1554 715 1833 782 solatium,
1884 732 2000 791 dcu-

420 817 534 859 ram
564 803 810 874 abjiciat,
854 807 1224 877 elanguescat,
1255 816 1310 864 et
1335 808 1400 864 de
1421 808 1678 865 omnibus
1727 809 1995 880 desperet.

361 881 367 896 ’
415 896 597 967 Atque
624 897 697 952 ita
738 897 997 969 deinceps
1063 900 1268 957 acedia:
1295 900 1509 957 daemon
1560 916 1684 957 eam
1741 901 1995 957 assumit.

418 987 493 1041 At
539 988 702 1044 nobis
734 989 1137 1059 quamprimum
1167 990 1435 1046 adversus
1462 989 1742 1046 tristitiam
1803 991 1997 1047 decer-

418 1078 647 1134 tandum
674 1088 781 1143 est,
812 1094 1007 1148 nempe
1046 1094 1143 1150 per
1171 1078 1497 1148 orationem,
1526 1095 1679 1150 spem
1711 1080 1764 1134 in
1797 1078 1993 1146 Deum,

415 1170 727 1225 divinarum
748 1169 1154 1241 Scripturarum
1180 1170 1490 1237 lectionem,
1513 1172 1999 1228 consuetudinem-

436 1275 524 1337 )ue
549 1271 603 1318 et
627 1261 958 1332 colloquium
991 1278 1116 1317 cum
1150 1262 1253 1333 piis
1280 1262 1435 1318 viris.
1476 1260 1623 1330 Quin
1648 1262 1820 1318 etiam
1846 1262 1899 1316 in
1931 1276 1996 1317 ea

418 1353 640 1408 tristitia
666 1367 924 1407 exercere
945 1367 1047 1408 nos
1082 1362 1316 1424 oportet,
1347 1368 1471 1424 quae
1496 1352 1799 1410 secundum
1825 1352 1995 1408 Deum

415 1454 503 1501 est
532 1446 583 1510 δ,
614 1457 776 1515 atque
798 1445 870 1500 ob
894 1460 959 1501 ea
990 1446 1043 1501 in
1103 1446 1309 1516 quibus
1360 1461 1674 1517 peccamus,
1752 1445 1998 1517 segniter

415 1537 651 1609 agimus,
685 1537 1050 1608 Deumquead
1083 1538 1425 1595 iracundiam
1452 1553 1839 1610 provocamus.
1870 1536 1998 1593 Haec

412 1631 559 1687 enim
592 1646 623 1685 e
653 1631 935 1686 contrario
970 1630 1038 1685 ad
1069 1632 1334 1687 virtutum
1392 1632 1605 1687 cultum
1661 1631 1886 1698 excitat,
1941 1639 1997 1685 et

412 1721 695 1778 studiosos
728 1721 1129 1792 diligentesque
1158 1721 1352 1777 reddit.

2094 537 2344 611 σκώληξ,
2370 539 2742 612 διαμασσάται
2774 542 2979 616 ταύτην
3006 546 3104 600 καὶ
3141 547 3465 619 ἀποπνίγει,
3503 552 3600 604 καὶ
3628 528 3715 623 οὔτ

2105 634 2383 704 συγχωρεῖ
2422 634 2525 705 τὴν
2555 635 2773 689 οίανοῦν
2806 637 3156 710 παράκλησιν
3189 640 3475 709 δέξασθαι.
3509 629 3705 715 Πάσῃξ

2101 720 2210 793 γὰρ
2237 722 2468 794 πικρίας
2503 724 2803 797 πληρῶσαν
2832 727 3024 800 αὐτὴν,
3056 732 3483 801 παρασκευάζει
3516 735 3691 789 πᾶσαν

2100 812 2461 885 ψυχαγωγίαν
2500 816 2964 888 ἀποστρέφεσθαι,
2995 821 3087 874 καὶ
3106 822 3349 893 ἀμελεῖν,
3370 825 3472 877 καὶ
3507 824 3692 878 ἐκλύε-

2101 907 2249 974 σθαι,
2284 907 2378 962 καὶ
2415 906 2638 963 πάντων
2670 904 3075 980 ἀπογινώσκειν
3095 930 3111 945 ο
3163 916 3260 969 καὶ
3289 916 3486 970 λοιπὸν
3516 917 3547 968 ὁ
3579 916 3688 970 δαί-

2105 1012 2224 1069 μων
2255 996 2427 1069 αὐτὴν
2469 998 2892 1071 παραλαμϐάνει
2939 1006 3041 1074 τῆς
3068 1005 3323 1077 ἀκηδίας.
3386 1006 3535 1060 Ἀλλ’
3565 1010 3688 1079 ἡμῖν

2101 1087 2263 1153 εὐθὺς
2293 1088 2435 1144 κατά
2463 1090 2560 1162 τῆς
2595 1088 2774 1163 λύπης
2801 1091 3154 1161 ἀγωνιστέον,
3191 1094 3281 1150 διά
3322 1097 3431 1168 τῆς
3457 1114 3688 1168 προσευο

2108 1182 2232 1253 lic,
2265 1182 2487 1255 καὶτῆς
2520 1185 2601 1247 είς
2644 1184 2777 1238 Θεὸν
2806 1185 3043 1251 ἐλπίδος,
3081 1189 3176 1241 καὶ
3196 1191 3296 1261 τῆς
3325 1189 3686 1259 ἀναγνώσεως

2100 1274 2208 1328 τῶν
2224 1273 2384 1329 θείων
2412 1274 2667 1346 Γραφῶν,
2696 1277 2790 1330 καὶ
2803 1277 2905 1347 τῆς
2934 1278 3073 1348 μετά
3104 1280 3351 1334 εύλαϐὦν
3380 1280 3687 1352 ἀνθρώπων

2106 1367 2477 1438 ἀναστροφῆς,
2510 1366 2604 1420 καὶ
2632 1369 2985 1439 κοινολογίας.
3017 1371 3130 1442 Τὴν
3160 1373 3344 1443 μέντοι
3380 1372 3531 1426 κατά
3562 1373 3686 1426 Θεὸν

2100 1456 2298 1528 λύπην,
2319 1458 2412 1512 καὶ
2443 1457 2643 1528 μᾶλλον
2659 1459 2949 1532 ἀσκητέον,
2960 1461 3059 1533 τὴν
3076 1464 3161 1532 ἐφ’
3177 1457 3257 1529 οἷς
3274 1462 3684 1535 ἁμαρτάνομεν,

2106 1548 2201 1603 καὶ
2242 1547 2615 1620 ῥᾳθυμοῦμεν,
2653 1551 2753 1606 καὶ
2781 1550 2873 1606 τὸν
2906 1551 3039 1607 Θεὸν
3074 1553 3517 1625 παροργίξομεν.
3545 1553 3684 1625 Αὕτη

2103 1640 2212 1712 γὰρ
2246 1640 2559 1695 τούναντίον
2582 1640 2840 1716 διεγείρει
2861 1644 2999 1716 πρὸς
3027 1644 3294 1718 ἐργασίαν
3323 1643 3570 1716 ἀρετῶν,
3600 1647 3684 1699 καὶ

2103 1732 2428 1798 σπουδαίους
2459 1733 2733 1788 ἀποτελεῖ.

482 1809 788 1866 'l'ristitiam
819 1826 941 1882 quae
969 1809 1270 1867 secundum
1320 1808 1493 1866 Deum
1527 1823 1632 1865 non
1669 1817 1770 1875 est,
1827 1822 1984 1879 prava

2164 1825 2277 1897 Τὴν
2304 1825 2365 1879 ού
2396 1824 2541 1879 κατά
2571 1825 2705 1881 Θεὸν
2740 1802 2941 1902 λύπην,
2959 1831 3170 1903 φαύλης
3205 1831 3450 1904 ὀρέξεως
3477 1834 3676 1888 ἀποτυ-

412 1901 967 1973 cupiditasl‘rustrata
1004 1902 1310 1958 constituit.

479 1992 587 2060 Qui
614 1993 1072 2063 febricorreptus
1125 2002 1230 2058 est,
1268 1990 1447 2048 mellis
1510 2000 1730 2063 gustum
1785 1992 1989 2059 nescit;

410 2095 512 2136 nec
570 2081 906 2152 spiritualem
960 2081 1204 2137 laetitiam
1259 2080 1565 2138 monachus
1608 2082 1700 2153 qui
1760 2082 1994 2139 tristitiae

410 2173 605 2230 morbo
646 2174 877 2230 laborat.

481 2264 726 2320 Tristitia
758 2264 959 2321 vermis
992 2265 1175 2321 cordis
1200 2275 1307 2332 est,
1346 2280 1473 2336 qua:
1499 2265 1567 2320 ad
1597 2279 1718 2323 sese
1751 2274 1991 2322 mentem

410 2356 591 2413 trahat
622 2363 677 2412 et
706 2356 945 2413 divellat.

478 2447 583 2514 Qui
658 2449 714 2503 in
777 2464 1011 2505 mmrore
1066 2459 1177 2517 est,
1238 2451 1284 2507 is
1340 2462 1576 2508 mentem
1634 2453 1703 2507 ad
1748 2461 1993 2507 contem-

405 2539 704 2611 plationem
735 2542 962 2599 minime
1000 2544 1281 2614 movebit;
1317 2561 1420 2602 nec
1453 2561 1645 2617 puram
1681 2545 1988 2600 orationem

406 2630 476 2685 ad
552 2628 724 2685 Deum
787 2632 1031 2688 emittit:
1111 2648 1317 2689 mmror
1373 2636 1520 2691 enim
1588 2634 1776 2689 virtuti
1839 2633 1989 2688 omni

406 2719 592 2777 (dﬁcit.

414 2836 422 2843 -
477 2811 668 2869 Nullas
697 2814 843 2870 vires
870 2814 1033 2870 habet
1063 2814 1308 2882 tristitia,
1339 2831 1466 2871 cum
1503 2816 1732 2875 allectus
1753 2818 1978 2875 absunt.

410 2902 509 2959 Est
541 2904 687 2959 enim
737 2919 941 2961 mmor
968 2904 1267 2962 affectuum
1294 2907 1642 2963 certissimus
1676 2908 1859 2964 index.
1885 2908 1990 2976 Qui

405 3008 539 3065 ergo
584 2992 871 3051 all'ectibus
929 2995 1269 3065 dominatur,
1321 2997 1557 3055 tristitiae
1616 3000 1823 3068 pariter
1884 2998 1991 3054 im-

407 3086 638 3158 perarit.

2095 1917 2188 1988 χία
2227 1918 2452 1991 συνίστη
2461 1937 2562 1973 σιν.

2169 2009 2284 2063 Οὐκ
2319 2005 2429 2064 οἶδε
2464 2010 2681 2082 μέλιτος
2712 2011 2898 2081 γεῦσιν
2942 2015 2972 2067 ὁ
3004 2015 3312 2085 πυρέσσων,
3354 2015 3485 2071 οὐδὲ
3523 2034 3683 2073 πνευ-

2103 2101 2343 2174 ματικὴν
2375 2102 2570 2175 ⁴ἡδονὴν
2610 2106 2639 2158 ὁ
2675 2104 3011 2177 λυπούμενος
3050 2108 3304 2179 μοναχός.

2160 2281 2348 2352 Δύπη,
2400 2281 2616 2352 σκώληξ
2656 2284 2908 2357 καρδίας,
2954 2286 3036 2350 είς
3072 2287 3274 2360 ἑαυτὴν
3308 2287 3557 2344 ἕλκουσα
3595 2291 3682 2345 καὶ

2093 2372 2423 2445 περισπῶσα
2453 2374 2544 2428 τὸν
2573 2375 2720 2431 νοῦν.

2176 2463 2233 2516 '0
2275 2464 2618 2535 λυπούμενος
2670 2467 2731 2521 οὺ
2766 2468 2981 2541 κινήσει
3020 2469 3114 2525 τὸν
3146 2469 3273 2525 νοῦν
3308 2473 3393 2537 είς
3424 2471 3679 2546 θεωρίαν,

2091 2555 2213 2609 οὐδὲ
2253 2558 2559 2628 προσευχὴν
2607 2558 2932 2630 ἀναπέμπει
2965 2560 3233 2633 καθαράν.
3275 2562 3338 2616 Ἦ
3376 2562 3535 2636 λύπη
3582 2566 3683 2637 γὰρ

2093 2649 2354 2720 ἐμπόδιον
2390 2652 2593 2714 παντὸς
2623 2650 3070 2721 κατορθώματος.

2160 2826 2274 2881 Οὐκ
2309 2826 2483 2898 ίσχύει
2508 2825 2679 2900 λύπη,
2716 2828 2790 2899 μὴ
2822 2830 3110 2902 παρόντων
3138 2829 3351 2887 παθῶν.
3382 2830 3555 2906 Λύπη
3582 2833 3684 2908 γάρ

2090 2917 2281 2973 παθῶν
2327 2918 2551 2991 ἔλεγχος
2602 2919 2860 2994 ἀψευδής.
2927 2923 2989 2977 '0
3033 2922 3255 2994 κρατῶν
3304 2920 3402 2979 οὖν
3466 2923 3684 2990 παθῶν,

2090 3010 2364 3084 ἐκράτησε
2396 3011 2595 3085 λύπης.

480 3178 553 3234 Ut
574 3176 767 3248 aurigo
790 3191 1014 3234 sensum
1039 3178 1285 3249 corporis
1311 3179 1501 3234 adimit
1529 3198 1545 3247 ;
1579 3179 1662 3236 sic
1679 3179 1845 3235 animi
1862 3195 1984 3236 sen-

2162 3188 2426 3261 Δῐσθησιν
2479 3189 2582 3261 μὲν
2631 3190 2887 3262 σώματος
2918 3193 3235 3266 ἀφαιρεῖται
3292 3199 3554 3267 ίκτερος·
3602 3199 3684 3252 ατ·

403 3283 529 3324 sum
562 3268 801 3323 tristitia.

475 3358 653 3428 Quem
692 3358 882 3415 mundi
949 3368 1199 3430 voluptas
1262 3375 1373 3417 non
1408 3361 1621 3429 vicerit,
1682 3364 1831 3421 hunc
1886 3380 1987 3423 nec

404 3464 611 3506 mmror
649 3450 853 3506 vincet.
885 3447 1023 3505 Nam
1051 3450 1147 3520 qui
1174 3450 1325 3507 illam
1358 3449 1581 3521 fugerit,
1600 3452 1731 3510 huic
1762 3455 1988 3513 minime

402 3543 579 3598 cedet.

478 3630 693 3702 Vipera:
754 3631 1253 3699 medicamentum,
1306 3633 1353 3688 si
1407 3648 1574 3704 parce
1626 3636 1982 3702 adhibeatur,

402 3723 636 3780 aliorum
666 3732 978 3794 serpentum
1016 3739 1223 3781 venena
1270 3727 1615 3797 corrumpit;
1665 3728 1751 3784 sin
1799 3740 1982 3785 autem

403 3816 547 3873 ultra
578 3815 801 3875 modum
840 3816 1145 3883 hanriatur,
1168 3817 1444 3877 bibentem
1499 3835 1719 3893 quoque
1757 3822 1983 3894 insuper

404 3917 585 3963 necat.
627 3906 1001 3965 Consimiliter
1040 3907 1276 3964 tristitiae
1327 3910 1564 3979 daemon,
1592 3912 1639 3968 si
1689 3913 1983 3972 mediocri-

403 4008 487 4054 ter
519 3998 785 4066 incurrat,
814 3998 1155 4068 voluptatum
1188 4015 1430 4067 amores,
1472 4004 1567 4075 qui
1596 4006 1665 4061 ab
1692 4005 1820 4062 aliis
1874 4006 1983 4061 dae-

402 4100 659 4157 monibus
688 4100 1081 4166 immittuntur,
1114 4098 1462 4171 exstinguit;
1492 4098 1579 4155 sin
1622 4113 1750 4154 vero
1811 4098 1983 4154 vehe-

401 4192 640 4250 mentius
675 4190 965 4262 irrumpat,
990 4192 1249 4249 miseram
1286 4192 1528 4247 animam
1560 4191 1847 4262 demergit.

466 4283 677 4338 Aurum
709 4281 1016 4355 improbum
1042 4284 1237 4340 fornax
1271 4294 1465 4356 purgat
1489 4301 1505 4351 ;
1527 4293 1581 4340 ct
1610 4284 1830 4339 tristitia
1858 4300 1981 4355 qua:

400 4375 699 4432 secundum
735 4373 907 4433 Deum
942 4385 1049 4442 est,
1082 4392 1178 4435 cor
1234 4377 1692 4434 contaminatum.

2091 3278 2284 3350 σθησιν
2307 3279 2366 3333 δὲ
2386 3280 2567 3351 ψυχῆς
2595 3282 2912 3354 ἀφαιρεῖται
2946 3283 3116 3356 λύπη.

2164 3372 2262 3425 Ὃν
2326 3370 2425 3441 οὐχ
2472 3372 2712 3443 ἥττησεν
2770 3372 2934 3447 ἡδονὴ
2990 3376 3267 3447 κοσμικὴ,
3315 3377 3521 3433 τοῦτον
3569 3380 3685 3436 ούᾶ

2085 3462 2254 3535 λύπη.
2292 3462 2516 3534 Φεύγων
2544 3464 2656 3537 γὰρ
2688 3466 2907 3538 ἐκείνην
2938 3467 3001 3521 ού
3038 3467 3082 3500 ⁸⁵
3116 3469 3325 3542 ταύτης
3355 3472 3418 3526 ού
3468 3490 3683 3547 κρατηο

2087 3553 2334 3625 θήσεται.

2158 3646 2233 3700 Τὸ
2257 3647 2554 3720 φάρμακον
2576 3648 2677 3721 τῆς
2704 3649 2943 3721 ἐχίδνης,
2970 3652 3211 3725 μετρίως
3239 3654 3341 3725 μὲν
3368 3657 3683 3727 προσφερό-

2089 3754 2272 3809 μενον,
2301 3738 2604 3810 διαφθείρει
2632 3740 2761 3804 τοὺς
2797 3742 2911 3807 ἰοὺς
2938 3741 3047 3796 τῶν
3074 3744 3251 3799 ἄλλων
3280 3746 3521 3817 θηρίων,
3557 3748 3683 3820 ἀμέ-

2085 3847 2230 3903 τρως
2257 3831 2316 3885 δὲ
2349 3827 2659 3903 πινόμενον,
2684 3833 2779 3887 καὶ
2806 3834 2899 3888 τὸν
2930 3835 3156 3891 πίνοντα
3185 3838 3678 3911 προσδιαφθείρει·

2086 3922 2237 3977 καὶὸ
2267 3924 2365 3995 τῆς
2394 3922 2575 3995 λύπης
2623 3925 2856 3996 δαίμων,
2917 3929 3157 3999 μετρίως
3212 3930 3313 4000 μὲν
3362 3932 3678 4000 ἐμπίπτων,

2084 4016 2302 4087 ἀναιρεῖ
2329 4015 2429 4079 τὰς
2456 4016 2572 4072 ἀπὸ
2602 4015 2711 4072 τῶν
2728 4018 2908 4073 ἄλλων
2948 4018 3216 4090 δαιμόνων
3243 4022 3540 4092 ὲνιεμένας
3565 4024 3681 4092 φιλ-

2083 4106 2326 4179 ηδονίας,
2368 4107 2727 4181 σφοδρότερον
2765 4108 2823 4163 δὲ
2892 4110 3240 4180 προσϐαλὼν,
3288 4116 3678 4180 καταποντίζει

2081 4198 2181 4271 τὴν
2213 4198 2401 4254 ἀθλίαν
2429 4199 2629 4272 ψυχήν.
3066 4236 3069 4241 -

2153 4290 2442 4361 ’Δδὸκιμον
2462 4292 2684 4363 χρυσὸν,
2706 4292 2947 4362 ἐκάθηρε
2980 4294 3375 4367 χωνευτήριον,
3399 4298 3504 4352 καὶ
3534 4300 3674 4374 λύπη

2082 4383 2223 4438 κατά
2255 4383 2408 4449 Θεὸν,
2452 4383 2684 4455 καρδίαν
2718 4385 3163 4458 μεμολυσμένην.

472 4468 645 4524 [\‘imia
684 4468 957 4540 lignorum
1012 4470 1293 4540 congeries
1321 4467 1595 4524 ﬂammam
1628 4466 1894 4533 suﬂ‘ocat;
1923 4476 1977 4522 et

2155 4475 2366 4548 Πλῆθος
2395 4474 2591 4543 ξύλων,
2629 4478 2923 4548 συμπνίγει
2968 4479 3163 4550 φλόγα,
3196 4481 3293 4534 καὶ
3318 4481 3508 4556 λύπης
3541 4487 3677 4555 ἀμε-

400 4558 618 4615 tristitia
657 4560 949 4617 immodica
986 4561 1257 4633 lacrymas
1274 4561 1466 4626 siccat,
1493 4560 1790 4618 fumantem
1828 4561 1974 4618 vide-

2112 4566 2229 4640 pta,
2261 4566 2509 4639 ξηραίνει
2548 4567 2807 4640 δάκρυον,
2841 4568 3101 4643 καπνώδὴ
3132 4571 3227 4627 καὶ
3254 4575 3551 4647 σκοτεινὴν
3580 4580 3674 4649 τὴν

396 4649 522 4705 licet
551 4662 616 4703 ac
644 4648 985 4707 tenebrosam
1016 4652 1254 4707 animant
1294 4652 1546 4708 reddens.

1065 4769 1138 4825 De
1170 4767 1375 4824 ncedia.

467 4876 706 4948 Spiritus
744 4878 946 4934 acedia:
1007 4877 1240 4933 tristitiae
1284 4878 1537 4948 spiritum
1602 4879 1899 4936 comitatur
1951 4895 1969 4935 :

395 4983 524 5024 acer
552 4978 733 5024 autem
765 4978 927 5041 atque
950 4969 1004 5024 in
1039 4970 1230 5040 primis
1261 4970 1442 5041 gravis
1491 4980 1574 5027 est
1605 4971 1694 5027 hic
1736 4971 1970 5037 damon,

364 5075 715 5131 semperque
750 5060 1037 5116 monachis
1073 5060 1344 5117 infestus:
1396 5061 1490 5132 qui
1538 5062 1846 5133 praesertim
1904 5063 1970 5116 ad

394 5159 604 5205 sextam
637 5150 829 5205 horam
854 5150 1138 5219 adoritur;
1176 5152 1319 5207 unde
1345 5152 1680 5208 meridianus
1732 5153 1972 5224 appella-

394 5250 485 5296 tur
514 5252 562 5297 ε.
592 5238 888 5298 Horrorem
913 5248 968 5297 et
988 5242 1306 5313 languorem
1337 5242 1515 5306 affert,
1537 5243 1831 5312 odiumque
1855 5250 1968 5296 tum

466 5414 494 5455 ιι
526 5415 567 5467 Il
595 5414 725 5469 Cor.
759 5432 853 5483 vn,
890 5415 975 5471 10,
1056 5430 1076 5455 ο
1116 5418 1255 5470 l’sal.
1296 5433 1384 5481 xc,
1409 5418 1463 5473 6.

2079 4660 2254 4732 ψυχὴν
2284 4659 2733 4735 ἀπεργαζομένη.

2641 4776 2781 4844 Περὶ
2817 4778 3093 4846 amem.

2149 4887 2222 4940 Τὸ
2242 4885 2464 4958 πνεῦμα
2506 4887 2607 4957 τῆς
2648 4888 2899 4959 ἀκηδίας,
2935 4888 3012 4961 τῷ
3059 4890 3331 4962 πνεύματι
3349 4893 3455 4964 τῆς
3491 4894 3669 4966 λύπης

2070 4975 2355 5032 ἀκολουθεί
2374 4993 2389 5008 ο
2418 4977 2594 5042 δεινὸς
2626 4978 2681 5032 δὲ
2708 4980 2800 5032 καὶ
2829 4977 3135 5051 βαρύτατος
3167 4975 3325 5045 οὗτος
3365 4982 3395 5035 ὀ
3423 4982 3668 5054 δαίμων,

2070 5070 2167 5123 καὶ
2194 5070 2309 5133 τοῖς
2345 5072 2603 5139 μοναχοῖς
2634 5071 2721 5124 ἀεὶ
2756 5070 3009 5141 πολεμῶν
3033 5087 3046 5100 ·
3077 5072 3135 5135 ὃς
3166 5073 3335 5144 ἕκτην
3359 5072 3522 5145 ὥραν
3552 5077 3671 5129 tm-

2069 5157 2279 5213 τίθεται
2301 5158 2542 5229 μάλιστα
2563 5176 2578 5193 ο
2598 5159 2681 5214 διδ
2701 5162 2794 5214 καὶ
2834 5162 3209 5235 μεσημϐρινὸς
3228 5164 3486 5220 καλεῖται
3508 5184 3525 5198 ·
3548 5168 3668 5239 φρί-

2071 5265 2175 5319 κην
2200 5248 2452 5313 ἐμποιῶν
2489 5252 2585 5306 καὶ
2627 5252 2866 5321 ἀτονίαν,
2900 5254 2999 5307 καὶ
3047 5255 3205 5323 μῖσος
3237 5254 3381 5330 πρὸς
3407 5256 3583 5312 αὐτόν
3611 5272 3665 5315 τε

1690 5596 1921 5658 νΑΒΙῶ
1956 5599 2364 5660 LECTIONES.

471 5739 511 5769 “
545 5739 631 5793 Al.
660 5740 782 5795 ὑπὸ.
