3852 6052
173 295 317 362 1457

1493 305 1588 363 ne
1614 304 1802 367 οεῪο
1821 260 2093 369 vmts.

3288 316 3423 376 1’458

160 408 261 461 τὸν
284 408 475 471 τόπον,
518 408 614 461 καὶ
655 408 779 470 τοὺς
822 404 1295 478 συνδιατρίϐοντας
1332 406 1618 477 ἀδελφοὺς,
1657 412 1751 463 καὶ

1885 408 1961 465 oci
2009 407 2205 479 ipsius,
2233 416 2346 464 tum
2377 422 2491 463 una
2526 412 2986 467 commorantium
3016 411 3272 487 fratrum,
3290 435 3427 474 nee-

165 497 451 570 ῥᾷθυμίαν
500 499 583 562 είς
625 499 789 571 εὐχὴν
829 499 925 553 καὶ
971 498 1315 568 ἀνάγνωσινο
1353 499 1648 555 ὑποϐάλλει
1693 502 1750 556 δὲ

160 589 466 659 λογισμοὺς
513 590 899 661 μεταϐάσεως,
936 590 1032 644 καὶ
1052 590 1236 644 τόπων
1269 589 1443 645 ἄλλων
1478 592 1574 646 καὶ
1605 589 1747 646 διαί-

159 693 265 747 της
294 678 463 749 ἄλλης
487 678 694 749 ένίησιν
731 679 933 750 ἔρωτα,
965 680 1061 733 καὶ
1093 679 1207 750 βίον
1225 679 1414 752 ἓτερον
1438 680 1751 752 ὑπογράφει

164 766 703 841 σωτηριωδέστερον,
734 768 830 821 καὶ
855 768 1034 822 πείθει
1057 768 1348 838 γινώσκειν
1369 769 1446 834 ὡς
1464 770 1748 824 ἀπολεῖται

164 855 247 925 μὴ
301 856 565 927 μεταϐάς.
616 859 727 912 Καὶ
785 859 922 930 πρὸς
970 858 1184 924 τούτοις
1239 863 1432 914 πεῖναν
1478 861 1751 932 ἐντίθησιν

163 950 419 1020 ἀσυνήθη
447 950 541 1004 καὶ
581 949 840 1021 διεγείρει
882 951 982 1022 τὴν
1028 951 1225 1023 ὄρεξιν.
1267 950 1502 1005 Ἔπειτα
1530 952 1625 1007 καὶ
1659 952 1751 1006 λο-

162 1041 410 1109 γισμοὺς
439 1025 672 1109 εἰσάγει,
713 1041 1084 1113 παραϐάλλειν
1118 1042 1390 1113 ἀδελφοῖς,
1421 1043 1583 1116 χάριν
1610 1044 1754 1114 ὠφε-

161 1126 323 1192 λείας
370 1128 552 1199 δῆθεν,
590 1132 623 1202 ἢ
672 1132 1048 1204 ἐπισκέψεως·
1100 1134 1193 1188 καί
1239 1135 1456 1201 πείσας,
1514 1137 1749 1192 ἄστατον

164 1220 522 1276 ἀποδεικνύει
575 1224 685 1295 και
714 1223 1014 1296 φιλήδονον,
1062 1228 1157 1281 καὶ
1209 1227 1445 1298 ρεμϐὀν·
1494 1227 1590 1281 καὶ
1631 1228 1752 1281 κατ’

162 1308 375 1378 ὀλίγον,
416 1317 709 1383 κοσμικαῖς
748 1315 999 1388 ὲνδεσμεῖ
1029 1309 1276 1389 φροντίσι
1309 1318 1404 1373 καὶ
1450 1318 1750 1390 ἀσχολίαις.

164 1401 231 1455 Εἰ
266 1401 328 1455 δὲ
359 1403 434 1475 μὴ
458 1405 678 1476 νικήσῃ,
710 1405 883 1479 βαρὺν
924 1407 1091 1462 ὕπνον
1126 1408 1431 1479 ὲφοπλίζει,
1461 1409 1556 1465 καὶ
1580 1426 1753 1463 κατα-

164 1490 475 1560 ϐαπτίζων,
509 1494 760 1549 ἐντεῦθεν
800 1501 1056 1570 πειρᾶται
1108 1500 1513 1571 περιγενέσθαι.
1572 1500 1752 1571 Προσ-

166 1582 301 1651 ήκει
328 1584 383 1637 δὲ
406 1584 492 1639 διά
523 1588 831 1664 προσευχῆς
850 1589 1011 1643 αὐτὸν
1027 1590 1377 1662 ἀνατρέπειν,
1393 1592 1486 1645 καὶ
1505 1590 1753 1660 ἀναγνώ-

168 1686 337 1737 σεως,
368 1675 463 1727 καὶ
491 1676 789 1749 ὑπομονῆς,
819 1680 914 1732 καὶ
948 1681 1263 1752 καρτερίας,
1295 1682 1391 1735 καὶ
1423 1683 1632 1753 ἀποχῆς
1651 1685 1754 1753 ἀρ-

167 1762 456 1833 γολογίας,
487 1766 582 1819 καὶ
609 1767 699 1821 διὰ
720 1767 815 1822 τοῦ
856 1768 1019 1840 ἔργου
1047 1771 1156 1824 τῶν
1180 1773 1400 1844 χειρῶν.

1854 513 1963 554 non
2017 498 2323 556 socordiam
2360 500 2413 555 in
2443 499 2697 570 precibus
2735 516 2801 557 ae
2855 502 3108 560 lectione.
3163 506 3245 561 Ad
3307 506 3420 566 haec

1859 592 2101 662 suggerit
2134 591 2489 664 cogitationes
2528 591 2890 662 migrationis,
2924 605 2977 651 et
3002 595 3232 652 aliorum
3266 598 3419 654 loco-

1852 695 1975 735 rum
2003 680 2335 752 alteriusque
2364 681 2597 737 instituti
2633 683 2879 738 immittit
2905 686 3253 756 cupiditatem
3284 691 3423 757 ;.iti-

1852 770 1976 826 dem
2008 771 2169 827 aliam
2195 774 2363 828 vitam
2402 780 2462 827 ut
2486 773 2650 829 saluti
2688 775 2954 845 aptiorem
2989 777 3281 847 describit,
3304 798 3433 838 mo-l

1853 871 2055 933 netque
2105 873 2166 918 ut
2198 864 2338 919 sciat
2367 863 2513 934 quod
2546 863 2651 919 nisi
2673 864 2855 921 locum
2896 871 3185 925 mutaverit
3209 874 3420 941 peritu-

1854 968 1949 1010 rus
1978 952 2068 1010 sit.
2106 952 2372 1009 Praeterea
2412 954 2650 1010 esuriem
2717 954 2895 1027 injicit
2925 956 3326 1029 incunsuetam,
3367 971 3424 1019 et

1853 1045 2052 1099 excitat
2075 1043 2183 1099 cibi
2238 1044 2621 1114 appetentiam.
2673 1044 2807 1103 Dein
2852 1049 3016 1104 etiam
3064 1052 3422 1121 cogitationes

1855 1135 2083 1199 inducit,
2113 1136 2369 1205 pergendi
2396 1136 2465 1191 ad
2500 1136 2715 1203 fratres,
2748 1138 2959 1194 scilicet
3011 1142 3262 1198 utilitatis
3293 1159 3425 1214 ergo

1855 1237 1921 1278 ac
1968 1221 2323 1277 vlsitationis.
2351 1222 2506 1289 Quod
2546 1238 2672 1279 cutn
2720 1224 2797 1280 illi
2839 1227 3195 1294 persuaserit,
3253 1226 3422 1283 levem

1852 1324 1909 1371 et
1938 1314 2363 1380 inconstantem,
2400 1316 2737 1385 voluptatum
2778 1314 3112 1382 studiosum,
3141 1318 3424 1387 vagabun-

1820 1404 2090 1473 ‘dumque
2117 1405 2313 1471 reddit,
2342 1420 2408 1461 ac
2446 1404 2650 1460 sensim
2684 1405 2871 1460 mundi
2902 1406 3052 1462 curis
3102 1415 3157 1463 et
3188 1422 3425 1478 occupa-

1855 1493 2094 1550 tionibus
2126 1494 2330 1566 alligat.
2367 1494 2463 1550 Sin
2494 1502 2674 1549 autem
2698 1494 2982 1549 victoriam
3016 1495 3258 1551 obtinere
3320 1513 3424 1552 rte-

1853 1583 2107 1654 quiverit,
2135 1599 2351 1655 gravem
2386 1599 2641 1639 somnum
2674 1584 2937 1640 adversus
2969 1599 3098 1640 eum
3144 1594 3338 1651 armat,
3370 1596 3433 1642 et;

1855 1677 2207 1749 immergens,
2239 1678 2367 1734 inde
2398 1692 2659 1750 superare
2704 1678 2917 1733 nititur.
2965 1678 3193 1750 Oportet
3244 1690 3425 1735 autem

1785 1761 1829 1817 Β
1854 1788 1950 1844 per
1978 1774 2302 1840 orationem,
2333 1783 2387 1830 et
2416 1775 2730 1839 lectionem,
2767 1782 2823 1829 et
2851 1774 3190 1845 patientiam,
3233 1791 3317 1831 ac-
3347 1785 3445 1832 to-t

167 1848 487 1916 lerantiam,
517 1863 679 1923 atque
710 1855 1104 1914 abstinentiam
1140 1848 1209 1915 ab
1246 1861 1396 1917 inani
1458 1873 1732 1926 sermone,
1771 1875 1836 1915 ac
1867 1861 2106 1934 denique
2132 1878 2229 1935 per
2253 1879 2516 1919 manuum
2543 1878 2683 1934 opus
2714 1872 2769 1920 et
2802 1863 3043 1920 laborem
3099 1880 3225 1922 eum
3278 1881 3437 1927 ever.

169 1948 293 1998 tare
328 1958 393 1997 ac
421 1943 727 2015 proﬂigare.

257 2036 486 2107 Ἀκηδία
519 2040 667 2092 ἐστὶν
704 2041 891 2095 ἀτονία
930 2043 1109 2115 ψυχῆς
1144 2046 1246 2100 οὐκ
1288 2046 1517 2118 ἐχούσης
1549 2064 1750 2119 καρτε-

171 2126 308 2198 ρίαν
334 2142 350 2158 °
386 2128 418 2199 ἢ
450 2130 713 2201 ὀλιγωρία
752 2132 930 2205 ψυχῆς
955 2137 1222 2208 νοσούσης
1249 2139 1578 2211 φιληδονίαν.

244 2243 501 2317 Νεφέλην
540 2246 768 2318 ἄνυδρον
820 2248 1019 2320 ἄνεμος
1063 2240 1302 2320 ἐλαύνει,
1342 2254 1437 2308 καὶ
1485 2253 1610 2310 νοῦν
1652 2255 1754 2311 οὐκ

173 2332 375 2406 ἔχοντα
398 2338 715 2410 καρτερίαν,
743 2340 973 2412 άκηδίας
1000 2344 1241 2414 πνεῦμα.

247 2448 479 2518 Δένδρον
526 2448 709 2516 καλῶς
756 2452 1027 2524 πεπηγὸς,
1055 2454 1116 2507 οὐ
1160 2457 1441 2511 κατέσεισε
1473 2458 1562 2528 βία
1596 2457 1756 2512 πνεύ-

176 2552 381 2609 ματος,
412 2539 506 2593 καὶ
528 2539 706 2614 ψυχὴν
742 2540 1148 2616 ἐρηρεισμένην
1171 2546 1233 2599 οὐ
1258 2545 1616 2618 κατέκαμψεν
1633 2546 1754 2601 ὲπί-

174 2625 333 2692 θεσις
361 2629 608 2701 άκηδίας.

252 2720 396 2775 Οὔτε
451 2724 616 2793 φυτὸν
666 2725 931 2791 πολλάκις
991 2729 1502 2800 μεταφυτευόμενον
1533 2729 1758 2786 δύναται

177 2816 580 2885 καρποφορεῖν,
620 2812 744 2869 οὔτε
803 2816 1039 2888 μοναχδς
1068 2818 1366 2873 κυκλεύων.

255 2904 511 2976 Μοναχὸς
552 2906 886 2980 ἀκηδιαστὴς
937 2908 1175 2979 ἐρημίας
1209 2909 1484 2980 φρύγανον
1511 2927 1524 2940 ·
1579 2910 1758 2981 ὀλίγον

178 2993 459 3067 ἠρέμησε,
484 2995 579 3051 καὶ
618 2997 781 3052 πάλιν
813 2998 1127 3069 μετάγεται.

255 3087 376 3142 Οὐκ
396 3089 555 3161 άρκεί
576 3088 842 3161 φιληδόνῳ
874 3090 1012 3162 γυνὴ
1036 3090 1151 3162 μία,
1173 3090 1293 3145 οὐδὲ
1314 3092 1608 3164 ἁκηδιῶντι
1632 3111 1763 3150 κατ-

183 3180 428 3251 αγώγιον
449 3183 531 3239 ἓν.

1926 2046 2123 2102 Acedia
2157 2055 2237 2102 est
2293 2045 2517 2117 languor
2567 2046 2761 2101 animat
2805 2045 3093 2101 tolerantia
3146 2047 3435 2114 carentis;

1855 2142 1949 2191 aut
1974 2136 2181 2191 desidia
2213 2136 2410 2190 animae
2435 2135 2769 2206 voluptatum
2793 2151 2980 2192 amore
3009 2137 3329 2193 laborantis.

1925 2248 2134 2306 Nnbem
2163 2264 2304 2321 aqua
2332 2264 2560 2306 vacuam
2574 2259 2770 2307 ventus
2790 2251 3082 2322 propellit;
3112 2259 3167 2306 et
3194 2258 3441 2306 mentem

1857 2342 2156 2397 tolerantiae
2185 2349 2485 2413 expertem,
2518 2342 2722 2399 acediaa
2755 2343 3003 2414 spiritus.

1930 2453 2086 2509 Sicut
2112 2452 2388 2521 arborem,
2420 2470 2542 2526 quae
2575 2456 2685 2512 alte
2719 2456 2933 2514 radices
2967 2456 3102 2527 egit,
3132 2454 3219 2510 vis
3277 2452 3438 2510 venti»

1858 2553 2149 2599 concutere
2188 2545 2411 2616 nequit;
2448 2545 2523 2600 ita
2552 2562 2653 2603 nec
2685 2546 2924 2603 animam
2959 2548 3121 2603 lixam
3148 2555 3206 2602 et
3253 2544 3446 2601 stabi—v

1858 2636 1961 2691 lem
1997 2634 2197 2692 acedite
2228 2634 2463 2708 impetus
2497 2635 2732 2693 ﬂectere.

1930 2723 2117 2795 Neque
2142 2724 2347 2797 planta,
2374 2742 2497 2797 quae
2528 2726 2720 2782 crebro
2748 2726 2932 2782 sedem
2964 2732 3162 2791 mutat,
3214 2724 3440 2780 fructus

1858 2815 2110 2887 proferre
2142 2826 2341 2888 potest,
2377 2833 2555 2889 neque
2583 2818 2891 2873 monachus
2923 2832 3113 2888 vagus.

1932 2906 2233 2966 Monachus
2256 2909 2461 2966 acedite
2487 2909 2784 2975 obnoxius,
2815 2909 3129 2966 solitudinis
3169 2906 3446 2965 cremium

1860 3008 1981 3067 est;
2013 3001 2235 3070 paulum
2264 3001 2601 3072 conquievit,
2632 3010 2687 3058 et
2719 3016 2912 3057 rursus
2936 3000 3045 3055 alio
3070 2999 3294 3071 migrat.

1932 3090 2053 3147 Non
2079 3092 2276 3149 sufﬁcit
2319 3092 2534 3147 libidini
2564 3092 2748 3149 dedito
2781 3108 2892 3149 una
2920 3090 3161 3161 mulier;
3186 3105 3289 3148 nec
3311 3104 3448 3148 aee-~

1862 3185 1948 3239 dia
1981 3181 2269 3251 laboranti,
2301 3198 2468 3239 unum
2500 3183 2856 3240 domicilium.

258 3269 433 3340 Οὗτος
475 3274 807 3345 φαντάζεται
841 3276 969 3340 τοὺς
1024 3277 1760 3353 ὲπισκεψομένουρέτρισεν

1940 3275 2037 3330 llic
2065 3274 2385 3332 visitaturos
2420 3276 2790 3346 imaginatur:
2822 3274 3006 3331 stridit
3030 3276 3225 3344 janua,
3251 3271 3438 3328 statim

184 3367 221 3438 η
259 3365 422 3447 θύρα,
464 3368 558 3421 καὶ
604 3367 818 3440 ταχέως
861 3368 1094 3441 ἐξήλατο
1120 3386 1134 3401 ·
1180 3372 1363 3443 φωνὴν
1408 3372 1632 3444 ἤκουσε,
1669 3373 1765 3428 καὶ

182 3457 277 3512 διὰ
310 3458 409 3529 τῆς
442 3459 657 3531 θυρίδος
687 3461 1025 3535 παρέκυψεν.
1054 3463 1149 3527 Είς
1177 3464 1485 3533 ἀνάγνωσιν
1509 3466 1761 3531 καθίσας,

184 3548 398 3620 ἤρξατο
435 3551 774 3621 χασμᾶσθαι,
814 3553 910 3606 καὶ
943 3553 1078 3624 πρὸς
1110 3552 1277 3607 ὕπνον
1318 3555 1761 3625 καταφέρεσθαι·

186 3641 367 3711 τρίϐει
409 3642 508 3703 τάς
558 3641 732 3711 ὄψεις,
762 3643 1015 3697 διατείνει
1056 3642 1156 3707 τὰς
1183 3646 1404 3714 χεῖρας·
1429 3644 1524 3698 τοῦ
1558 3645 1764 3716 βιϐλίου

184 3733 320 3795 τοὺς
368 3729 678 3801 ὀφθαλμοὺς
731 3732 1068 3802 ἀποστήσας,
1102 3734 1397 3799 ὲνατενίξει
1453 3734 1530 3806 τῷ
1577 3736 1763 3808 τοίχῳ.

190 3820 366 3876 Πάλιν
395 3819 728 3891 ἐπιστρέψας
755 3820 1117 3891 ἀναγινώσκει
1163 3823 1380 3894 μικρὸν,
1406 3823 1672 3894 ἀνέπτυξε
1700 3826 1768 3881 τά

192 3910 393 3982 φύλλα,
409 3890 834 3982 περιειργάσατο
854 3890 921 3967 τὰ
937 3911 1063 3984 τέλη
1084 3890 1193 3967 τῶν
1213 3890 1403 3983 λόγων·
1426 3890 1770 3985 εῐταδπτύξας

191 4002 257 4056 τὸ
282 4001 508 4073 βιϐλίον,
540 4003 813 4075 ὑπέθηκεν
836 4002 1046 4077 absoni
1074 4004 1283 4077 κεφαλῇ
1307 4007 1766 4078 προσκεφάλαιον.

281 4093 642 4165 Ἀκηδιαστὴς
683 4095 934 4165 μοναχδς,
966 4094 1092 4160 ὀξὺς
1134 4096 1233 4167 μὲν
1253 4098 1331 4163 είς
1358 4098 1652 4165 διακονίαν,
1674 4100 1769 4153 ὀκ-

194 4186 364 4256 νηρὸς
389 4184 447 4238 δὲ
481 4186 561 4249 είς
595 4188 926 4258 προσευχήν.

269 4274 375 4346 ¹Ἐν
430 4274 594 4329 παντὶ
647 4274 816 4347 ἔργῳ,
854 4277 1017 4343 τάξον
1050 4276 1262 4349 σεαυτῷ
1314 4278 1532 4350 μέτρον,
1567 4278 1663 4333 καὶ
1699 4278 1774 4351 μὴ

200 4365 467 4437 πρότερον
497 4367 742 4438 ἀποστῇς
772 4368 903 4439 πρὶν
932 4366 998 4423 ἂν
1019 4368 1246 4442 τελέσῃς
1276 4368 1428 4424 αὐτό.

276 4458 631 4530 Περιπίπτων
652 4459 870 4533 ἀκηδίᾳ,
894 4462 1276 4534 παρακάλεσον
1306 4461 1405 4534 τὴν
1433 4462 1610 4534 ψυχὴν
1636 4463 1774 4533 μετὰ

202 4549 477 4621 δακρύων,
509 4551 685 4616 οὕτως
713 4553 883 4623 αὐτῆς
912 4554 1230 4627 κατεπᾴδων
1254 4571 1268 4586 ⁸
1310 4556 1495 4610 Ἰνατι
1530 4556 1773 4624 περιλυ-

1866 3368 2086 3433 exsilit;
2116 3381 2305 3422 vocem
2336 3366 2571 3431 audivit,
2599 3381 2693 3435 per
2722 3366 3018 3422 fenestram
3060 3362 3350 3434 prospicit.
3377 3362 3445 3417 Si

1867 3456 2115 3512 lectionis
2152 3470 2320 3511 causa
2350 3456 2685 3522 consederit,
2734 3456 2971 3511 oscitare
3008 3466 3064 3510 et
3091 3454 3146 3509 in
3181 3468 3437 3527 somnum

1867 3562 2025 3601 ruere
2051 3546 2277 3617 incipit;
2304 3546 2495 3602 oculos
2522 3546 2703 3612 fricat,
2738 3561 2936 3602 manus
2964 3544 3241 3617 protendit
3267 3562 3284 3612 ;
3310 3558 3343 3599 a
3370 3544 3441 3598 li-

1868 3638 1964 3693 bro
1989 3639 2177 3694 oculos
2205 3653 2427 3694 aversos
2456 3638 2510 3693 in
2547 3637 2754 3709 pariete
2780 3636 2963 3709 defigit
3007 3655 3021 3692 :
3064 3652 3282 3694 rursum
3311 3651 3444 3692 con-

1869 3746 2061 3786 versus
2088 3731 2368 3803 paululum
2401 3730 2550 3802 legit,
2587 3730 2713 3787 folia
2736 3730 2922 3796 volvit,
2957 3732 3093 3786 lines
3122 3743 3442 3787 sermonum

1868 3824 2088 3880 curiose
2118 3825 2346 3896 inquirit
2376 3842 2388 3878 :
2422 3825 2640 3879 demum
2676 3824 2879 3879 librum
2933 3822 3161 3886 claudit,
3209 3835 3457 3891 eumque.

1870 3915 2031 3987 capiti
2070 3915 2353 3971 cervicalis
2380 3917 2498 3971 loco
2523 3914 2811 3971 submittit.

1948 4092 2243 4147 Monachus
2273 4089 2472 4145 accdiae
2502 4090 2692 4145 morbo
2727 4098 3033 4159 correptus,
3082 4086 3151 4142 ad
3199 4082 3456 4140 ministe~

1874 4184 2018 4240 rium
2052 4192 2334 4255 promptus
2370 4190 2472 4248 est,
2500 4181 2566 4237 ad
2596 4180 2965 4251 precationem
2995 4193 3126 4235 vero
3168 4176 3373 4249 segnis.

1946 4276 2003 4333 In
2057 4276 2205 4332 omni
2256 4289 2417 4346 opere
2466 4274 2684 4329 modum
2720 4272 2814 4328 tibi
2858 4273 2959 4343 ipsi
3008 4270 3318 4342 praescribe,
3351 4283 3451 4324 nec

1879 4370 2029 4441 prius
2055 4365 2309 4432 abscede,
2346 4365 2481 4447 quin
2513 4349 2641 4420 illud
2692 4361 3008 4435 perfeceris.

1949 4459 2085 4513 Cum
2120 4458 2175 4511 in
2216 4455 2462 4512 acediam
2512 4470 2608 4512 seu
2665 4454 2883 4509 taedium
2944 4452 3267 4524 prolaberis,
3325 4450 3460 4507 ani-m

1883 4566 2026 4606 mam
2055 4564 2179 4605 cum
2211 4547 2466 4618 lacrymis
2498 4546 2805 4610 cohortare,
2828 4544 2934 4599 hoc
2963 4541 3126 4599 modo
3155 4557 3274 4598 eam
3305 4541 3455 4598 velut

206 4657 321 4708 πος
363 4637 436 4705 εἴ,
495 4643 595 4697 καί
648 4644 805 4697 ὶνιιτί
861 4644 1292 4714 συνταράττεις
1325 4663 1442 4719 Its;
1475 4649 1760 4702 Ἕλπισοι

1885 4650 2179 4697 excantans
2204 4655 2218 4692 :
2253 4634 2435 4702 Quare
2458 4634 2627 4689 tristis
2660 4650 2735 4701 es,
2761 4643 2809 4689 et
2838 4650 3001 4705 quare
3026 4633 3305 4688 conturbas
3326 4647 3405 4686 me
3425 4633 3456 4687 2

205 4728 305 4782 ἐπὶ
332 4728 439 4783 τὸν
460 4732 627 4797 Θεὸν,
659 4732 755 4785 καὶ
788 4732 967 4799 αὐτὸς
1008 4735 1268 4799 ποιήσει.

281 4824 376 4874 Δεί
405 4822 919 4894 παρασκευάζεσθαι
952 4825 1045 4879 τδν
1083 4826 1336 4897 μοναχὸν,
1376 4826 1452 4889 ὡς
1483 4826 1673 4899 αῠριον
1698 4843 1780 4880 τε·

212 4911 561 4985 θνηξόμενον,
608 4916 701 4968 καὶ
737 4916 811 4987 μὴ
841 4916 907 4948 ’⁵⁸
936 4915 1080 4970 οὓτω
1118 4918 1279 4971 πάλιν
1318 4918 1379 4971 τὸ
1415 4916 1575 4989 σῶμα
1620 4917 1783 4989 θερα-

1880 4735 2044 4804 Spera
2073 4734 2128 4788 in
2162 4732 2291 4797 Deo,
2321 4742 2371 4785 et
2402 4734 2512 4801 ipse
2543 4730 2705 4799 faciet
2729 4728 2781 4783 ἀ.

1951 4825 2253 4880 Monachus
2286 4824 2361 4879 ita
2392 4829 2741 4891 comparatus
2769 4835 2892 4877 esse
2948 4820 3130 4884 debet,
3196 4828 3451 4887 tanquam

1881 4918 2121 4974 crastino
2152 4916 2241 4972 die
2267 4915 2591 4981 moriturus,
2623 4929 2689 4970 ac
2719 4913 2795 4969 ita
2815 4927 3004 4968 rursus
3028 4926 3232 4981 corpus
3260 4924 3457 4965 curare

213 5006 422 5071 πεύειν,
464 5007 540 5072 ὼς
577 5006 750 5061 πολλά
794 5006 1114 5080 ζησόμενον.
1147 5008 1221 5063 Τὸ
1260 5009 1358 5081 μὲν
1380 5010 1509 5081 γὰρ,
1536 5011 1663 5073 τοὺς
1696 5009 1760 5063 λο

1885 5020 2141 5079 tanquam
2171 5007 2263 5062 diu
2291 5006 2559 5063 victurus.
2602 5006 2737 5062 Illud
2770 5004 2917 5083 enim
2962 5002 3160 5060 acediaa
3217 5016 3313 5057 seu
3374 4998 3458 5069 pi-

215 5096 445 5166 γισμοὺς
472 5095 572 5166 τῆς
600 5096 829 5169 ἀκηδίας
871 5097 1189 5168 περικόπτει
1217 5113 1230 5131 ·
1263 5097 1323 5151 τδ
1352 5098 1429 5164 δὲ,
1462 5098 1539 5168 τῷ
1574 5097 1760 5168 σώματ

1892 5100 2064 5171 gritiae
2094 5096 2451 5167 c0gitationes
2508 5104 2789 5169 amputat;
2837 5094 2941 5150 hoc
2997 5101 3178 5148 autem
3240 5087 3459 5160 corpori

217 5188 472 5257 συντηρεῖ
493 5188 595 5256 τὴν
624 5188 747 5260 ῐσην
781 5189 1127 5260 ἐγκράτειαν.

296 5275 580 5349 Ἠρώτησέ
613 5297 695 5344 τις
721 5281 814 5334 τὸν
851 5281 1101 5353 γέροντα,
1128 5281 1303 5352 λέγων
1328 5298 1342 5314 ο
1392 5281 1645 5355 Ἀκηδιῶ,
1672 5282 1785 5337 Πά-

215 5383 333 5438 τερ.
357 5369 420 5423 '0
448 5368 505 5422 δέ
536 5388 702 5443 φησιν
724 5388 737 5403 ·
766 5370 955 5441 Οὔπω,
978 5374 1187 5439 τέκνον,
1213 5372 1385 5445 ἔγνως
1417 5373 1540 5428 οὔτε
1561 5374 1660 5444 τὴν
1688 5392 1786 5430 πε-

284 5504 311 5545 ἀ
339 5503 485 5561 Psal.
527 5507 763 5573 11.1.12;
803 5507 944 5565 Psal.
983 5525 1165 5571 xxxvi,
1190 5510 1244 5572 5.

1894 5202 2182 5250 conservat
2210 5190 2533 5261 aequabilem
2563 5188 2976 5246 continentiam.

1966 5283 2199 5350 Quidam
2241 5281 2307 5357 ad
2349 5295 2535 5337 senem
2569 5280 2642 5335 ita
2667 5280 2884 5337 locutus
2939 5284 3023 5333 est
3057 5294 3071 5330 :
3120 5272 3300 5339 Pater,
3335 5283 3459 5325 ace-

1896 5376 1985 5431 dia
2040 5384 2245 5432 teneor.
2283 5372 2377 5430 llle
2426 5380 2607 5430 autem
2641 5370 2968 5446 respondit:
3029 5363 3303 5430 Nondum,
3360 5360 3458 5431 ﬁli,

1492 5624 1721 5681 VAllle
1764 5620 2167 5681 LECTIONES.

294 5717 356 5751 “‘
382 5716 442 5773 ι’.
478 5720 601 5789 μήν.
