3852 6052
78 284 237 353 11-ὃό
1432 283 1527 343 DE
1569 281 1714 342 ΟΕΤ1

1840 281 2046 342 lTIIS.

162 395 240 451 Ἦ
293 394 688 468 ὑπερηφανία,
737 368 1042 466 φαντασίας
1069 391 1266 461 ἐπάγει
1298 394 1365 461 τῇ
1403 392 1550 461 ψυχῇ
1601 406 1694 457 φο-

1874 388 2138 455 Superbia
2170 388 2435 443 horrenda
2474 401 2685 459 spectra
2722 393 2927 449 inducit
2959 396 3177 452 animae.

69 488 295 560 σεράξς.

165 581 503 653 Ἐνεδρεύει
527 580 628 650 τὴν
651 579 1033 651 ὑπερηφανίαν
1056 582 1090 651 ὴ
1113 578 1343 645 πτῶσις,
1370 576 1700 645 καὶγίνεται

69 667 329 736 χαλινὸς
357 670 548 740 αὑτῆς.
1372 686 1377 689 ‘

154 757 293 829 Πρὸ
332 759 392 814 δὲ
421 759 521 829 τῆς
566 758 857 823 πτώσεως,
895 759 1044 832 πάσῃ
1087 758 1233 829 ίσχύῖ
1276 758 1558 829 φυλάσσου
1599 757 1702 822 τὰς

70 847 189 915 τῆς
231 849 634 921 ὑπερηφανίας
664 849 840 919 ἁρκυς
868 849 1175 919 διαφυγεῖν.

164 939 241 992 '0
287 941 398 1011 μὲν
432 941 852 1011 ταπεινόφρων,
889 940 983 995 τοῦ
1015 940 1253 1012 Χριστοῦ
1296 940 1547 1013 μαθητής
1587 940 1701 1012 (15)

73 1030 292 1095 ἔστιν,
344 1031 631 1103 εἰρηκότος
657 1048 672 1064 ο
704 1030 938 1087 Μὰθετε
982 1033 1085 1087 ἀπ’
1137 1031 1321 1102 ἐμοῦ,
1375 1032 1465 1087 ὅτι
1513 1030 1703 1099 πρᾶός

73 1127 236 1192 ειμι,
277 1124 389 1178 καὶ
418 1124 701 1191 ταπεινὸς
732 1122 808 1192 τῇ
850 1123 1085 1194 καρδίᾳ.
1128 1124 1186 1178 Ὁ
1216 1124 1273 1179 δὲ
1315 1122 1700 1195 ὑπερήφανος,

73 1214 185 1269 τοῦ
218 1216 493 1271 διαϐόλου
524 1218 770 1289 μιμητής
811 1216 964 1281 ἔστι,
1009 1217 1076 1271 δι’
1112 1216 1493 1288 ὑπερηφανίαν
1534 1232 1704 1269 κατα·

78 1309 433 1378 ϐληθέντος.
1752 1344 1755 1345 ν

159 1401 381 1470 Σᾶρκα
413 1402 513 1473 μὲν
538 1400 769 1454 λέπτυνε
797 1400 939 1454 κατὰ
969 1400 1068 1470 τῆς
1101 1396 1357 1469 πορνείας
1379 1412 1392 1427 ·
1429 1396 1604 1468 ψυχὴν
1647 1397 1705 1451 δὲ

79 1494 378 1547 ταπείνου
407 1493 549 1547 κατὰ
579 1494 679 1564 τῆς
712 1491 1117 1565 ὑπερηφανίας.

3240 285 3380 351 ιιςσ

1874 567 2084 636 Lapsus
2118 565 2347 622 insidias
2392 567 2554 622 struit
2602 570 2903 638 superbiae,
2943 570 3223 642 ipsiusque
3278 573 3386 628 fre-

1802 677 1933 715 num
1980 660 2228 715 elﬁcitur.

1875 752 1981 807 Sed
2028 761 2153 808 ante
2202 754 2416 822 lapsum
2477 753 2735 809 omnibus
2781 754 2994 809 viribus
3057 756 3289 820 excuba,
3327 767 3384 810 ut

1804 845 2076 913 superbia:
2114 845 2247 899 retia
2279 844 2530 913 eli‘ugias.

1873 935 1977 1002 Qui
2004 936 2284 990 humiliter
2305 939 2370 990 de
2406 950 2465 989 se
2490 936 2672 999 sentit,
2699 934 2899 990 Christi
2933 934 3237 1004 discipulus
3264 945 3345 988 est
3368 976 3382 997 ,

1803 1029 1960 1099 cujus
1992 1028 2107 1083 lucc
2148 1028 2309 1082 verba
2346 1027 2568 1087 fuerunt
2597 1046 2611 1083 :
2646 1027 2845 1082 Discite
2878 1047 2909 1081 (ι
2942 1046 3044 1094 me,
3085 1030 3211 1099 quia
3240 1030 3385 1082 mitis

1801 1137 1940 1183 sum,
1971 1131 2019 1175 et
2067 1121 2285 1174 Immitis
2331 1120 2486 1174 corde
2512 1122 2561 1175 Ιι.
2618 1120 2896 1190 Superbus
2931 1132 3113 1175 autem
3160 1120 3384 1178 diaboli.

1803 1214 1899 1283 qui
1956 1214 2027 1267 ob
2078 1213 2387 1283 superbiam
2447 1210 2693 1282 dejectus
2756 1220 2878 1277 est,
2942 1212 3276 1266 imitatorem
3329 1228 3389 1268 se

1803 1304 2024 1374 praebet.

1873 1394 2103 1449 Carnem
2130 1393 2347 1463 quidem
2373 1393 2638 1449 adversus
2664 1392 3081 1447 fornicationem
3116 1400 3385 1459 extenua;

1804 1485 2042 1543 animam
2070 1503 2199 1540 vero
2236 1485 2501 1541 adversus
2534 1486 2850 1554 superbiam
2893 1500 2988 1554 per
3017 1484 3386 1538 humilitatem

1804 1575 1997 1641 dejice.

162 1677 443 1748 Μοναχός
483 1678 635 1732 ἐστιν
683 1676 831 1749 (ﬂ),
879 1676 1115 1748 ἄληκτον
1168 1672 1285 1744 φῶς
1337 1673 1395 1725 ὲν
1438 1670 1703 1742 ὀφθαλμῷ

1876 1662 2176 1718 Monachus
2198 1672 2282 1718 est
2334 1671 2654 1732 perpetuum
2692 1661 2875 1715 lumen
2905 1659 2959 1714 in
2991 1659 3171 1715 cordis
3199 1659 3385 1722 oculo,

85 1769 370 1839 καρδίας.
1735 1755 1778 1809 Β

167 1860 442 1930 Μοναχός
489 1862 674 1924 ἐστιν,
723 1858 960 1922 ἄϐυσσος
1009 1855 1429 1920 ταπεινώσεως,
1464 1858 1525 1909 ὲν
1564 1856 1703 1925 αὑτῇ

90 1951 214 2003 πᾶν
250 1951 481 2020 πνεῦμα
509 1951 821 2021 κρημνίσας
854 1951 949 2003 καὶ
975 1949 1299 2014 ἀποπνίξας.

184 2042 478 2114 Ἀναιρεί,
526 2042 836 2109 κενοδοξίαν
883 2041 1020 2112 μὲν,
1074 2042 1109 2112 ἡ
1161 2039 1381 2112 κρύπτη
1431 2038 1702 2110 ἐργασία,

90 2129 509 2204 ὑπερηφανίαν
541 2132 599 2186 δὲ
623 2173 639 2199 ,
668 2132 732 2187 τὸ
763 2132 840 2202 τῷ
868 2131 990 2202 Θεῷ
1033 2132 1369 2203 ἐπιγράφειν
1396 2130 1467 2184 τὰ
1509 2146 1707 2201 κατορ-

1877 1838 2176 1893 Monachus
2209 1847 2292 1892 est
2337 1838 2572 1909 abyssus
2602 1837 2949 1903 humilitatis,
2994 1837 3046 1891 in
3074 1852 3137 1892 ea
3169 1852 3392 1891 omnem

1808 1930 2061 2000 spiritum
2094 1930 2294 1983 malum
2326 1930 2677 2000 pracipitans
2709 1937 2764 1984 et
2798 1928 3095 1984 suli‘ocans.

1882 2023 2100 2076 lnanem
2126 2022 2354 2092 gloriam
2388 2020 2708 2090 pessumdat
2733 2020 2945 2075 occulta
2979 2019 3261 2089 operatio;
3299 2034 3392 2074 su-

1808 2116 2049 2184 perbiam
2090 2128 2240 2178 vero,
2306 2113 2418 2168 Deo
2460 2112 2737 2168 ascribere
2796 2114 2935 2167 bona
2976 2127 3143 2181 opera
3188 2117 3242 2165 et
3291 2127 3399 2166 se-

94 2222 357 2295 θώματα
377 2266 392 2289 ,
424 2226 619 2280 ἑαυτὸν
648 2225 705 2278 δὲ
729 2225 1053 2291 ἑξουθενεῖν.

174 2319 463 2390 Μέμνησο
488 2318 586 2373 τοῦ
612 2319 883 2391 προτέρου
914 2334 1010 2372 σου
1035 2316 1177 2387 βίον,
1207 2316 1302 2370 καὶ
1326 2314 1439 2369 τῶν
1462 2314 1707 2388 ἀρχαίων

98 2410 630 2482 παραπτωμάτων,
696 2411 794 2464 καὶ
852 2409 1069 2478 λογίζου
1130 2409 1250 2473 πῶς
1314 2406 1577 2479 ¹Ιινέσχετό
1648 2422 1708 2460 σε

97 2501 367 2555 τοιοῦτον
396 2503 528 2556 ὄντα
571 2504 670 2575 ζῇν
698 2506 726 2557 ὁ
749 2503 883 2567 Θεός
902 2521 917 2536 ⁸
947 2503 1043 2557 καὶ
1073 2502 1134 2557 οὐ
1170 2501 1330 2555 τοῦτο
1365 2501 1545 2572 μόνον,
1573 2497 1711 2554 άλλὰ

98 2592 207 2646 καὶ
266 2592 500 2664 ἔτρεφε,
549 2594 645 2648 καὶ
689 2594 995 2664 ἐφύλαττεσ
1046 2593 1143 2647 καὶ
1184 2594 1406 2657 πάντως
1455 2609 1711 2646 ταπεινο-

100 2684 441 2754 φρονήσεις,
473 2684 523 2736 εί
550 2684 625 2754 μή
651 2700 736 2748 τις
768 2682 888 2753 εἴης
920 2682 1282 2755 δυσαίσθητος
1308 2683 1405 2737 καὶ
1435 2698 1709 2754 πεπωρω⁹

103 2774 314 2845 μένος.

179 2863 337 2933 Λέγε
363 2863 497 2936 πρὸς
527 2864 629 2935 τὴν
664 2862 986 2936 ἐνοχλοῦσαν
1017 2862 1196 2934 οίησιν
1215 2878 1232 2894 ο
1276 2861 1572 2934 ’Δπύστηθι
1615 2863 1711 2917 ἀπ’

104 2952 290 3023 ἐμοῦ.
321 2954 418 3017 Τίς
439 2955 549 3027 γὰρ
573 2954 714 3023 ὲγὼς
747 2955 801 3009 τί
823 2955 931 3027 γάρ
961 2972 1052 3026 μοι
1075 2952 1509 3026 κεκατὼρθωται
1533 2956 1725 3032 μέγας

107 3048 229 3100 Καὶ
253 3048 371 3120 γὰρ
393 3050 502 3103 τῶν
528 3048 721 3117 ἁγίων,
749 3050 802 3103 οι
835 3048 935 3120 μὲν
962 3046 1351 3119 ἐλιθάσθησαν,
1381 3050 1434 3102 οί
1461 3048 1519 3102 δὲ
1549 3047 1709 3121 ὲπρί-

108 3138 364 3211 σθησαν,
409 3142 463 3209 οί
492 3141 548 3195 δὲ
589 3140 819 3213 μυρίοις
873 3140 1042 3195 εἴδεσι
1077 3138 1312 3198 θανάτου
1350 3139 1439 3194 διὰ
1476 3138 1713 3213 Χριστὸν

110 3229 500 3301 ἀνῃρέθησαν.

201 3405 501 3465 ’Δδύνατον
531 3406 860 3478 διαπερᾶσαι
894 3407 1139 3476 πέλαγος
1158 3448 1174 3475 ,
1212 3407 1338 3478 δίχα
1364 3406 1554 3461 πλοίου
1574 3445 1590 3473 ,
1620 3407 1716 3462 καὶ

112 3498 372 3566 σωθῆναι
406 3499 574 3569 χωρὶς
602 3499 1132 3570 ταπεινοφροσύνης.

186 3588 399 3656 Ζεῦξον
436 3588 786 3659 δικαιοσύνην
826 3591 922 3642 καί⁸
965 3589 1374 3660 ὑπερηφανίαν,
1423 3589 1518 3643 καὶ
1559 3584 1717 3654 αὖθις

111 3680 402 3753 ἑτέρωθεν
452 3679 733 3751 ἁμαρτίαν
780 3679 873 3733 καὶ⁵
921 3680 1291 3745 ταπείνωσιν,
1344 3681 1439 3734 καὶ
1481 3679 1603 3751 ὕψει
1657 3680 1718 3733 τὸ

113 3774 328 3845 ζεῦγος
365 3774 462 3843 τῆς
493 3772 792 3844 ἁμαρτίας,
829 3772 936 3845 πρὸ
981 3772 1075 3826 τοῦ
1114 3770 1345 3840 ζεύγους
1379 3773 1481 3844 τῆς
1510 3773 1718 3827 δικαιο-

118 3865 303 3936 σύνης
337 3864 563 3919 ὲλαῠνον
611 3866 705 3918 καὶ
734 3864 931 3932 νικῶν,
988 3864 1050 3918 ού
1090 3864 1158 3919 δι’
1204 3864 1414 3919 οἰκείαν
1447 3865 1713 3938 δύναμιν,

116 3957 274 4012 ἀλλὰ
312 3957 406 4011 διὰ
432 3954 531 4027 τὴν
568 3957 722 4026 ίσχὺν
761 3956 865 4027 τῆς
907 3954 1145 4025 συζύγου
1175 3958 1715 4030 ταπεινοφροσύνης·

122 4050 362 4105 κάκεῖνο
391 4049 552 4103 πάλιν
607 4048 1041 4119 ἐλαττούμενον,
1088 4049 1149 4102 ού
1194 4050 1262 4103 δι’
1296 4049 1585 4123 ἀσθένειαν
1620 4050 1719 4118 τῆς

123 4136 511 4210 δικαιοσύνης,
545 4138 681 4194 ἀλλὰ
721 4138 813 4193 διὰ
850 4137 914 4191 τὸ
970 4137 1136 4211 βάρος
1181 4140 1282 4212 τῆς
1315 4140 1715 4211 ὑπερηφανίας.

130 4229 329 4300 Ἔχεις
358 4229 784 4300 παραδείγματα
821 4230 912 4285 τὸν
942 4232 1240 4302 Φαρισαῖον
1279 4231 1375 4286 καὶ
1413 4232 1505 4285 τὸν
1538 4229 1717 4285 Τελώ-

128 4339 255 4392 νην.
300 4321 495 4376 Καίτοι
535 4321 1005 4393 ταπεινοφροσύνη
1056 4323 1298 4395 κυρίως,
1351 4325 1416 4377 οὑ
1449 4324 1540 4390 τὸ,
1588 4325 1719 4377 ὄντα

131 4412 485 4505 ἁμαρτωλὸν,
516 4412 662 4483 ἔχειν
692 4414 884 4468 ἑαυτὸν
923 4414 1250 4485 ἁμαρτωλὸν
1272 4430 1286 4444 ·
1322 4416 1713 4488 εὐγνωμοσύνη
1752 4452 1793 4505 D

134 4506 247 4574 γὰρ
276 4504 434 4559 τοῦτο
453 4544 467 4569 ,
508 4506 602 4558 καὶ
629 4505 725 4576 τῆς
759 4506 893 4570 ἰδίας
915 4505 1196 4570 ἀσθενείας
1223 4506 1519 4575 ἐπίγνωσις
1540 4525 1554 4539 ο
1580 4507 1717 4562 ἀλλὰ

132 4598 228 4663 τὸ,
261 4597 391 4652 ὄντα
417 4596 650 4660 δίκαιον,
687 4597 831 4668 ἔχειν
869 4598 1062 4652 ἑαυτὸν
1097 4598 1444 4670 ἁμαρτωλὸν,
1481 4599 1575 4654 καὶ
1610 4617 1715 4669 μη-

123 4686 227 4739 “ὀέν
255 4703 309 4740 τι
339 4684 484 4756 μέγα
513 4684 645 4757 περὶ
677 4686 874 4741 δαυτοῦ
906 4687 1300 4756 φαντάζεσθαι.

221 4872 572 4943 ’Δμαρτωλδς
613 4872 834 4943 ἐνίκησε
864 4870 1072 4925 δίκαιον
1093 4911 1107 4935 ,
1137 4873 1167 4925 ὁ
1197 4870 1450 4942 Τελώνης
1483 4872 1572 4924 τὸν
1612 4872 1717 4924 Φα-

223 5049 247 5088 lt
281 5048 470 5107 Matth.
508 5065 587 5113 χι,
618 5048 708 5104 29.
792 5048 809 5087 ι
843 5048 1005 5103 Hebr.
1037 5064 1112 5113 χι,
1140 5048 1231 5102 '57.
1290 5056 1293 5059 '

1810 2208 1989 2277 ipsum
2035 2206 2191 2261 nihili
2238 2216 2450 2276 putare.

1884 2297 2191 2353 Recordare
2225 2295 2428 2366 prioris
2459 2304 2566 2350 tua:
2597 2294 2742 2360 vitae,
2791 2309 2855 2349 ac
2884 2304 3130 2348 veterum
3165 2292 3395 2347 delicto-

1810 2403 1957 2452 rum,
1997 2387 2245 2457 illudque
2283 2396 2461 2442 tecum
2516 2393 2740 2455 reputa,
2790 2399 2900 2454 quo
2943 2394 3101 2454 pacto
3145 2390 3217 2450 te,
3268 2398 3397 2438 cum

1812 2481 1936 2537 talis
1967 2495 2141 2546 esses,
2178 2481 2366 2535 vivere
2398 2478 2544 2533 Deus
2570 2476 2929 2542 sustinuerit;
2985 2490 3161 2545 neque
3204 2474 3257 2528 id
3303 2490 3400 2529 so-

1812 2577 1963 2643 lum;
2015 2578 2108 2631 sed
2167 2575 2331 2630 etiam
2386 2572 2583 2628 aluerit
2636 2581 2689 2627 et
2746 2568 3132 2625 conservarit:
3166 2582 3229 2622 ac
3276 2573 3396 2621 tum

1812 2667 2001 2740 procul
2024 2666 2193 2723 dubio
2224 2665 2586 2721 humilitatem
2606 2662 2905 2732 concipies,
2935 2660 3037 2715 nisi
3062 2674 3258 2716 sensus
3284 2656 3397 2713 fere

1813 2761 1993 2817 omnis
2027 2776 2223 2829 expers
2259 2769 2422 2829 atque
2455 2757 2761 2812 obtluratus
2790 2754 2887 2809 sis.

1891 2851 2192 2907 Elationem
2234 2848 2331 2902 tibi
2382 2846 2658 2916 negotium
2699 2844 3048 2899 exhibentem
3094 2839 3181 2895 bis
3214 2838 3400 2894 verbis

1817 2942 2092 3011 alloquere
2128 2957 2142 2993 :
2181 2939 2413 2993 Facesse
2468 2951 2498 2989 a
2550 2951 2658 2989 me.
2712 2932 2850 2999 Quis
2902 2931 3047 2985 enim
3103 2944 3205 2999 ego
3239 2927 3403 2981 sum?

1819 3034 1951 3106 quid
1976 3033 2123 3088 enim
2158 3047 2187 3087 a
2217 3047 2301 3085 me
2325 3028 2575 3100 praeclari
2601 3034 2813 3098 gestum
2834 3022 2959 3079 est?
2986 3020 3198 3076 Etenim
3225 3018 3404 3076 sancti

1818 3125 1920 3180 viri
1955 3124 2151 3194 partim
2200 3120 2447 3190 lapidati,
2485 3119 2681 3187 partim
2716 3113 2851 3171 secti
2887 3120 3037 3177 sunt,
3076 3109 3272 3180 partim
3306 3109 3404 3163 de-

1819 3215 1986 3285 nique
2021 3213 2296 3268 sexcentis
2329 3210 2523 3264 mortis
2573 3207 2871 3279 generibus
2900 3202 3105 3258 Christi
3145 3217 3310 3256 causa
3339 3200 3406 3255 de

1818 3307 1999 3363 medio
2027 3314 2155 3359 sunt
2184 3303 2387 3358 sublati
2420 3300 2463 3355 ι.

1890 3397 2229 3467 impossibile
2259 3404 2367 3458 est,
2399 3395 2515 3447 sine
2547 3389 2670 3445 navi
2704 3403 2852 3442 mare
2880 3387 3132 3456 trajicere
3154 3428 3170 3451 ,
3228 3397 3280 3440 et
3314 3400 3406 3440 sa-

1818 3490 1986 3546 lutem
2025 3485 2288 3555 consequi
2326 3484 2535 3553 absque
2566 3481 2892 3535 humilitate.

1890 3578 2067 3648 iunge
2102 3576 2373 3647 justitiam
2406 3589 2531 3628 cum
2560 3572 2840 3642 superbia,
2880 3578 3046 3640 atque
3079 3568 3186 3623 alia
3213 3581 3407 3622 rursus

1822 3688 1891 3730 ex
1944 3679 2098 3740 parte
2148 3675 2432 3738 peccatum
2466 3680 2590 3720 cum
2647 3662 2988 3729 humilitate;
3049 3677 3114 3715 ac
3165 3658 3407 3730 peccati,

1819 3780 1984 3835 quam
2017 3762 2276 3831 justitiae,
2322 3758 2513 3828 jugtnn
2546 3755 2781 3809 celerius
2814 3767 3040 3808 currere
3075 3759 3261 3820 atque'
3290 3751 3403 3802 rin-

1819 3870 1944 3914 cere
1973 3852 2279 3922 conspicies
2304 3890 2319 3915 ,
2376 3864 2483 3902 non
2520 3847 2739 3917 quidem
2772 3846 2845 3899 ob
2877 3853 3195 3915 potestatem
3227 3858 3406 3905 suam,

1821 3950 1914 4006 sed
1940 3949 2011 4004 ob
2045 3948 2355 4016 conjuncta
2395 3940 2721 3997 humilitatis
2749 3940 2927 4004 vires;
2976 3946 3139 4007 atque
3172 3936 3404 3989 alterum

1821 4059 2013 4098 rursus
2064 4038 2337 4110 superari,
2391 4052 2497 4089 non
2544 4042 2762 4103 prepter
2806 4030 3031 4101 iustitia:
3062 4027 3409 4083 imbecillita-

1822 4143 1952 4198 tetn,
1992 4133 2086 4188 sed
2118 4140 2342 4201 pt-Optcr
2374 4125 2647 4196 superbia:
2681 4139 2845 4195 grave
2878 4123 3111 4193 pondus.
3148 4119 3407 4189 Exempla

1822 4227 1917 4282 tibi
1958 4232 2158 4296 praesto
2187 4229 2317 4277 sunt
2356 4220 2411 4274 in
2446 4218 2722 4273 Pharist
2770 4231 2837 4272 ac
2868 4214 3191 4270 Publicano.
3218 4212 3419 4279 Quan:

1824 4333 1989 4389 quam
2044 4314 2323 4371 humilitas
2380 4310 2597 4381 proprie
2646 4310 2704 4363 in
2752 4323 2819 4363 eo
2858 4323 2965 4361 non
3012 4305 3286 4369 consistit,
3351 4311 3411 4358 ut

1822 4411 1917 4482 qui
1948 4418 2200 4480 peccator
2233 4416 2335 4467 est.
2370 4412 2712 4476 peccatorem
2741 4416 2802 4456 se
2831 4405 2982 4469 putet
3016 4396 3233 4467 (judicii
3258 4396 3405 4450 enim

1825 4504 2055 4574 aequitas
2090 4502 2191 4555 hoc
2222 4509 2328 4561 est,
2367 4513 2431 4553 ac
2464 4495 2702 4567 propriae
2750 4491 3088 4548 inﬁrmitatis
3127 4489 3408 4559 agnitio);

1830 4611 2017 4651 verum
2052 4594 2108 4649 in
2142 4592 2268 4655 hoc,
2300 4599 2359 4645 ut
2386 4589 2481 4659 qui
2514 4586 2727 4658 justitia
2763 4582 3024 4655 praeditus
3056 4591 3160 4644 est,
3217 4594 3409 4649 pecca-

1832 4695 2002 4742 torem
2037 4698 2158 4741 sese
2189 4684 2374 4749 ducat,
2407 4680 2655 4750 nihilque
2696 4676 2881 4746 magni
2921 4674 2987 4729 de
3022 4673 3202 4742 seipse
3233 4681 3415 4725 mente

1827 4775 2118 4834 concipiat.
2320 4806 2323 4811 ν
2738 4820 2743 4823 Α

1900 4794 1982 4833 net
2043 4792 2118 4831 at.
2320 4806 2323 4811 ν
2738 4820 2743 4823 Α

1900 4792 2162 4924 Pecpdator
2202 4863 2413 4935 justum
2459 4859 2624 4927 vicit,
2670 4856 2995 4928 publicanus
3048 4850 3409 4908 Pbarisaeutn.

1672 5205 1903 5262 ΝΟΤΑΞ.

222 5364 333 5435 (l5)
396 5366 505 5421 Τοῦ
540 5366 805 5435 Χριστοῦ
836 5367 1112 5436 μαθητής
1162 5368 1354 5431 ἐστιν,
1397 5378 1502 5423 etc.
1535 5366 1714 5423 Hinc:

1838 5366 1997 5436 dytm,
2016 5362 2174 5436 juxta
2200 5372 2421 5436 suavem
2445 5349 2886 5436 _adntodum_viri
2918 5341 3413 5436 docti-ltiriolatio-

151 5433 361 5507 Joanne
384 5433 768 5491 Cantac‘uzeno
793 5433 886 5491 lib.
912 5433 995 5501 nt,
1014 5433 1134 5507 cap.
1159 5439 1248 5501 56,
1279 5455 1332 5506 p.
1358 5437 1462 5493 469
1486 5438 1732 5507 Apocau-

153 5504 288 5577 chus
301 5521 397 5577 per
428 5507 660 5577 ironiam
685 5516 911 5562 vocatur
930 5504 1249 5571 διδάσκαλος
1278 5504 1378 5577 τῆς
1408 5504 1731 5577 οἰκουμένης

159 5575 644 5659 καὶμαθητὴςτοζι
678 5578 855 5659 πράου
897 5579 993 5659 καί
1036 5575 1447 5659 φιλανθρωπου,
1476 5575 1731 5659 magister

157 5642 292 5717 orbis
319 5654 369 5699 et
399 5642 694 5717 discipulus
726 5642 875 5700 initis
908 5642 1061 5701 illius
1078 5665 1139 5702 ac
1157 5642 1727 5717 Ιιοίήιὶιυιηιναυιᾱηιὶδε

161 5712 919 5785 hocestﬂcsu'tlbristi,non
977 5728 1157 5775 autem
1208 5716 1427 5789 Joseplti
1477 5717 1723 5774 libacen-

1834 5413 2223 5498 iisin,
2257 5430 2323 5482 de
2347 5421 2966 5498 Bibliotb._Vindobon.,
2994 5431 3048 5498 p_.
3077 5413 3199 5468 “2.
3224 5496 3238 5498 _
3270 5496 3308 5498 π
3360 5483 3371 5498 ι
3398 5480 3409 5493 .

1902 5483 2325 5571 ίῖλίῇῖιονάχρς
2361 5499 2553 5552 ἐστιν.
2599 5492 2812 5549 Pariter
2839 5490 2958 5571 ista:
2996 5483 3412 5571 'dntemmonachi

1829 5551 2549 5629 dei-iitela-tiones'Ciimacum
2580 5569 2887 5641 agnoscunt
2919 5551 3410 5641 auctorem‘eodeni

1832 5646 1882 5698 in
1910 5646 2047 5708 loco,
2073 5641 2383 5710 pariterque
2411 5653 2516 5691 non
2539 5630 2857 5710 comparent
2875 5630 2927 5682 in
2951 5630 3402 5710 insantemorato,

1830 5694 2094 5771 ὲίςῌῐήἱτὲ
2116 5694 2437 5781 θρηειτέιίριιε
2479 5694 2769 5768 sententia,
2798 5698 2978 5769 σάρκα
3014 5694 3139 5764 μὲν,
3164 5700 3269 5749 etc.
