3852 6052
463 253 600 318 M67

1967 266 2217 328 SuNILl

3604 278 3731 345 Ius

456 362 550 417 llle
576 351 794 432 quidem
833 363 1063 456 justitiae
1091 380 1257 437 opera
1287 371 1548 437 ostendit,
1584 373 1810 430 dicens:
1845 374 2029 445 Jejunc

2150 381 2374 448 ρισαῖον.
2417 379 2477 432 '0
2527 378 2628 450 μὲν
2679 381 2822 451 ἔργα
2857 383 3210 455 δικαιοσύνης
3249 388 3490 457 ἔδειξεν,
3523 393 3728 458 εἰπὼν,

455 451 535 504 bis
584 453 638 504 in
681 448 940 520 Sabbato,
988 462 1043 510 et
1094 472 1216 526 quae
1260 457 1514 530 deinceps
1551 473 1892 532 sequuntur;
1954 465 2043 520 hic

454 556 588 596 vero
619 542 824 598 dictum
884 544 1154 601 duntaxat
1202 551 1429 617 protulit
1473 552 1842 610 humilitatis:
1876 555 2038 622 Deus,

452 634 710 702 propitius
751 645 858 688 esto
901 636 1032 689 mihi
1094 641 1449 707 peccaturi“;
1517 649 1572 696 et
1638 658 1820 700 sermo
1875 661 2040 716 opera

454 726 757 793 superavit.
811 718 990 796 Atque
1031 735 1244 784 tantum
1301 731 1622 787 thesaurum
1675 735 1901 804 spiritus
1947 753 2042 792 su-

455 815 656 884 perbiae
680 816 1007 884 exsulilavit,
1029 835 1236 890 perque
1266 821 1441 892 ipsius
1462 824 1729 894 linguam,
1755 829 1914 897 quasi
1943 845 2041 899 per

457 903 749 958 fenestram
781 908 1092 964 reconditas
1123 925 1253 979 opes
1281 914 1628 980 exportavit;
1677 926 1870 971 contra
1905 933 2042 987 pau-

453 1003 638 1062 pertas
665 995 735 1050 ob
764 995 1126 1053 humilitatem
1161 1001 1217 1055 in
1259 1001 1478 1058 divitias
1519 1011 1728 1060 mutata
1760 1014 1869 1061 est.

523 1186 679 1246 Justo
706 1191 891 1261 potius
923 1195 1213 1250 metuenda
1245 1207 1328 1253 est
1360 1201 1640 1270 superbia.
1675 1200 1813 1257 Nam
1839 1219 2036 1274 pecca-

458 1288 629 1336 torem
666 1284 1004 1338 conscientia
1029 1287 1306 1356 deprimit,
1340 1307 1464 1361 qua
1490 1309 1705 1363 semper
1730 1310 1854 1349 eum
1879 1312 2041 1352 accu-

457 1376 582 1435 sat,
623 1384 724 1425 nec
757 1380 923 1440 caput
960 1374 1212 1432 attollere
1243 1380 1512 1448 permittit
1543 1400 1558 1435 :
1591 1383 1903 1453 atjustum,
1931 1385 2040 1440 nisi

456 1451 720 1525 attendat,
770 1463 1026 1531 praeclara
1071 1465 1317 1525 facinora
1365 1472 1641 1530 attollunt.
1669 1451 1751 1529 'Et
1778 1476 2040 1546 quemad-
2077 1533 2079 1535 ,

453 1550 677 1604 inodum
717 1553 905 1621 pirata:
953 1571 1145 1612 navem
1189 1561 1464 1618 mercibus
1499 1574 1759 1620 onustam
1809 1567 2035 1636 potissi’

459 1654 608 1694 mum
661 1641 1020 1710 adoriuntur;
1083 1648 1162 1702 sic
1211 1650 1376 1705 etiam
1426 1653 1676 1710 diabolus
1721 1666 2035 1725 peceatores

2142 469 2223 522 ὅτι
2247 469 2534 537 Νηστεύω
2558 470 2653 536 δίς
2674 471 2782 526 τοῦ
2809 473 3113 529 Σασϐἀτου
3133 516 3148 539 ,
3183 477 3277 530 καὶ
3303 479 3373 532 τὰ
3395 479 3531 551 ἑξῆς
3552 498 3569 512 ⁸
3592 483 3624 534 ὁ
3641 483 3726 546 δὲ,

2147 561 2299 631 ῥῆμα
2341 561 2505 631 μόνον
2536 558 2659 616 εἷπε
2701 568 3205 638 ταπεινοφροσύνης
3233 585 3248 600 ·
3285 571 3340 622 Ὀ
3389 572 3568 638 Θεὸς,
3613 575 3730 628 ἱλά-

2143 656 2324 721 σθητί
2367 671 2470 724 μοι
2533 655 2614 722 τῷ
2659 658 2990 728 ἁμαρτωλῷ
3012 678 3025 691 ·
3089 661 3187 714 καὶ
3237 663 3268 714 ὁ
3318 663 3480 732 λόγος
3556 665 3727 736 ἔργων

2141 745 2512 816 περιεγένετο.
2545 747 2654 800 Καὶ
2682 749 2774 801 τὸν
2811 749 2912 820 μὲν
2948 749 3201 805 τοσοῦτον
3230 751 3510 824 θησαυρὸν
3539 755 3728 824 Ege-$5-

2144 854 2276 908 σησε
2303 838 2366 892 τὸ
2388 840 2606 912 πνεῦμα
2631 841 2732 912 τῆς
2757 842 3156 914 ὑπερηφανίας,
3190 846 3286 897 καὶ
3315 845 3403 898 διὰ
3435 847 3540 914 τῆς
3561 847 3729 914 γλώσ-

2144 946 2244 1000 σης
2284 929 2484 996 αὐτοῦ,
2541 931 2792 1005 καθάπερ
2835 934 2925 988 διὰ
2977 935 3226 1006 θυρίδος,
3286 936 3597 1008 ἐξεφόρησε
3644 939 3729 991 τὸν

2143 1021 2570 1093 ἐναποκείμενον
2599 1023 2830 1079 πλοῦτον
2850 1040 2864 1054 ο
2899 1026 2932 1095 ἡ
2979 1025 3036 1078 δὲ
3079 1026 3272 1095 πενία,
3307 1028 3621 1098 μετέειιλεν
3655 1033 3727 1092 εἰς

2145 1109 2374 1164 πλοῦτον
2392 1151 2407 1176 ,
2435 1112 2523 1166 διὰ
2547 1113 2646 1184 τὴν
2675 1115 3202 1187 ταπεινοφροσύνην.

2211 1201 2430 1255 Μᾶλλον
2477 1202 2690 1266 δίκαιος
2735 1204 2944 1274 ὀφείλει
2976 1206 3262 1273 φοϐεῖσθαι
3304 1208 3408 1281 τὴν
3438 1210 3724 1281 ὑπερηφα-

2143 1288 2260 1340 νίαν
2281 1303 2294 1316 ·
2333 1288 2426 1343 τὸν
2459 1290 2558 1360 μὲν
2585 1290 2695 1362 γὰρ
2737 1293 3070 1364 ἁμαρτωλὸν
3112 1297 3359 1367 κάμπτει
3387 1299 3450 1352 τὸ
3486 1301 3725 1364 συνειδὸς

2140 1373 2230 1427 ἀεὶ
2269 1376 2632 1446 κατηγοροῦν,
2669 1379 2766 1432 καὶ
2796 1380 2872 1452 μὴ
2909 1384 3228 1455 συγχωροῦν
3261 1387 3595 1442 ἀνανεύειν
3640 1391 3723 1443 τὸν

2139 1463 2197 1517 δὲ
2225 1465 2463 1532 δίκαιον,
2491 1468 2710 1538 ἐπαίρει
2739 1471 2802 1524 τὸ
2844 1474 3220 1546 κατόρθωμα,
3251 1478 3328 1549 μὴ
3357 1481 3720 1551 προσέχοντα.

2141 1553 2252 1606 Καὶ
2279 1554 2532 1627 καθάπερ
2555 1557 2603 1611 οί
2633 1561 2891 1630 πειραταὶ
2925 1563 3005 1629 τῷ
3028 1568 3452 1640 πεφορτισμένῳ
3487 1572 3722 1640 μάλιστα

2141 1640 2308 1713 πλοίῳ
2339 1644 2797 1714 προσϐάλλουσιν,
2846 1648 2990 1704 οὕτω
3020 1653 3113 1705 καὶ
3140 1656 3170 1708 ὁ
3205 1654 3454 1720 διάϐολος
3484 1660 3552 1712 οὐ
3590 1661 3719 1714 πάνυ

454 1744 562 1783 non
593 1730 888 1787 admodum
927 1734 1229 1808 impugnat,
1263 1740 1744 1798 vehementissime
1771 1760 1901 1800 vero
1939 1760 2029 1801 eos

2150 1749 2188 1785 rt
2225 1733 2452 1806 πολεμεῖ
2476 1737 2587 1801 τοῖς
2619 1738 2967 1810 ἁμαρτωλοῖς
3000 1784 3016 1810 ,
3055 1743 3195 1798 ἀλλὰ
3234 1747 3584 1820 σφοδρότατα
3620 1759 3721 1817 τοῖς

452 1820 547 1891 qui
572 1820 712 1890 justi
748 1834 896 1882 sunt.

526 1912 735 1982 Scopus
762 1916 1040 1983 monachi,
1071 1932 1169 1974 cor
1193 1935 1352 1976 suum
1378 1922 1449 1977 ab
1466 1924 1613 1979 omni
1640 1939 1808 1994 pravo
1838 1925 2031 1981 aﬁ‘eetu

452 2017 651 2072 purum
687 2019 904 2061 servare
939 2025 954 2062 :
995 2011 1141 2079 quod
1173 2012 1220 2066 si
1253 2027 1360 2067 non
1391 2015 1725 2084 assequitur,
1755 2016 1995 2072 aberrat.

523 2095 714 2152 Omnis
745 2099 965 2156 virtutis
993 2099 1139 2168 fons,
1192 2113 1248 2157 et
1298 2105 1489 2171 radix,
1526 2113 1580 2161 et
1628 2116 1812 2178 caput,
1869 2117 2034 2178 atque

451 2186 732 2242 vinculum
761 2198 844 2244 est
871 2191 1164 2261 discretio;
1201 2210 1364 2265 quam
1391 2198 1492 2253 hac
1518 2200 1735 2255 ratione
1758 2201 2030 2271 quispiam

451 2272 554 2328 sibi
600 2277 974 2346 comparabit,
1025 2279 1073 2335 si
1112 2296 1237 2336 cum
1283 2283 1350 2340 iis
1382 2285 1476 2354 qui
1519 2287 1734 2344 virtutis
1777 2290 1880 2344 iter
1915 2291 2029 2360 jam

450 2363 727 2430 obierunt,
757 2369 1022 2440 quidquid
1049 2371 1309 2440 instituit,
1341 2379 1730 2435 communicet.
1767 2380 1859 2437 Sic
1883 2381 2030 2437 enim

450 2467 728 2525 nunquam
762 2457 1138 2529 imprudenter
1171 2463 1227 2520 in
1265 2466 1488 2536 malum,
1530 2477 1788 2542 tanquam
1836 2471 1892 2527 in
1933 2473 2030 2529 bo-

448 2560 601 2611 num,
633 2549 966 2616 prolabetur.

524 2637 851 2697 Solitudinis
885 2644 1059 2702 hostis
1085 2656 1189 2714 est,
1228 2650 1481 2722 quisquis
1525 2655 1818 2728 voluptatis
1845 2676 2031 2719 amore

447 2725 661 2799 ﬂagrat.

522 2819 752 2913 Quando
799 2825 1055 2887 inimicus
1111 2835 1378 2904 quosdam
1437 2839 1505 2894 ad
1563 2849 1776 2913 turpem
1824 2847 2032 2903 amoris

448 2909 700 2968 aﬂ'ectum
731 2929 1059 2978 connectere
1093 2925 1226 2991 vult,
1262 2936 1394 2984 tunc
1419 2939 1473 2985 et
1500 2909 1726 2989 liuncet
1759 2935 1914 2991 illum
1938 2953 2032 2992 ex-

2135 1823 2384 1891 δικαίοις.
2713 1879 2716 1882 .

2206 1919 2413 1984 Σκοπὸς
2459 1921 2552 1975 τοῦ
2595 1924 2869 1996 μοκδαχοῦ,
2918 1928 3170 2002 καθαρὰν
3201 1933 3404 1998 παντὸς
3447 1936 3723 2002 uiae-3;“

2135 2012 2320 2079 τηρεῖν
2352 2011 2450 2083 τὴν
2481 2013 2709 2085 καρδίαν
2728 2031 2743 2046 ·
2767 2010 2976 2083 οὗτινος
3010 2021 3322 2094 ἀποτυχὼν.
3353 2027 3656 2082 πλανᾶται.

2207 2101 2364 2173 Πηγὴ
2397 2103 2490 2157 καὶ
2518 2104 2648 2175 ῥίζα
2679 2108 2774 2161 καὶ
2804 2108 3018 2182 κεφαλὴ
3060 2113 3156 2165 καὶ
3205 2113 3511 2187 σύνδεσμος
3543 2119 3724 2190 πάσης

2133 2191 2336 2264 ἀρετῆς
2382 2193 2529 2248 ἐστὶν
2569 2197 2603 2268 ἡ
2645 2197 2953 2270 διάκρισις,
2998 2204 3064 2274 ἢν
3113 2207 3375 2278 κτήσεται
3435 2225 3567 2276 τις,
3618 2215 3725 2276 τοῖς

2135 2282 2504 2352 προωδευκὸσι
2555 2287 2655 2358 τὴν
2686 2287 2807 2342 ὁδὸν
2849 2292 2949 2361 τῆς
2999 2293 3238 2365 ἀρετῆς,
3281 2298 3465 2353 πάντα
3515 2301 3719 2354 σκοπὸν

2131 2374 2330 2428 οἰκεῖον
2373 2375 2848 2450 ἀνακοινούμενος.
2899 2382 3058 2437 Οὕτω
3089 2386 3199 2457 γὰρ
3226 2387 3293 2442 ἄν
3320 2390 3364 2422 ¹⁷
3401 2408 3542 2446 ποτε
3577 2393 3725 2449 λάθοι

2131 2465 2208 2537 τῷ
2235 2467 2424 2542 φαύλῳ
2461 2473 2810 2544 περιπίπτων
2838 2478 2914 2544 ὡς
2935 2480 3150 2554 ἀγαθῷ.

2216 2661 2438 2733 Ἐχθρὸς
2471 2665 2734 2736 ἡσυχίας,
2775 2666 2922 2733 ἄπας
2954 2669 3256 2742 φιλήδονος.

2145 2862 2149 2866 ·
2207 2843 2376 2899 Ὅταν
2425 2846 2683 2917 συνδῆσαί
2711 2867 2867 2914 τινας
2903 2852 2984 2914 εἰς
3024 2851 3258 2924 αἰσχρὰν
3293 2853 3556 2910 διάθεσιν
3589 2858 3725 2923 ἁγά-

2135 2949 2243 3004 πης
2269 2933 2521 3007 ό“ὲχθρὸς
2555 2936 2825 3009 βουληθῇ,
2858 2939 3143 3010 δοκιμάζει
3175 2943 3268 2996 καὶ
3305 2943 3513 3000 τοῦτον
3552 2948 3724 3001 xani-

448 3005 645 3074 plorat,
695 3020 754 3066 ut
781 3027 971 3070 eorum
1021 3027 1281 3090 uterque,
1331 3035 1427 3080 aut
1467 3037 1618 3083 certe
1665 3030 1819 3096 alter,
1871 3040 2029 3102 aptus

2150 3039 2245 3088 ιον,
2283 3023 2370 3078 ἵνα
2403 3025 2608 3080 τούτων
2647 3028 2926 3100 ἑκάτερος,
2962 3029 2996 3102 ἦ
3025 3031 3244 3096 πάντως
3276 3036 3308 3088 ὁ
3343 3035 3570 3106 ἔτερος,
3605 3040 3722 3091 ἐπι-

448 3095 778 3156 inveniatur.

521 3187 734 3246 Faciles
764 3202 818 3248 et
851 3195 1076 3254 humani
1123 3209 1182 3256 ut
1224 3203 1516 3272 plurimum
1581 3218 1746 3281 atque
1809 3213 2028 3270 miseri-

448 3280 643 3336 cordes
673 3293 822 3349 sunt,
857 3288 948 3357 qui
978 3289 1184 3348 libidini
1220 3296 1460 3352 student.

523 3371 845 3444 Egestiones
873 3394 994 3449 quae
1027 3381 1081 3436 in
1113 3387 1323 3442 somnis
1352 3389 1505 3457 nunt,
1541 3394 1708 3450 variis
1745 3398 1813 3454 de
1844 3401 2026 3457 causis

450 3463 724 3522 oriuntur.
752 3468 861 3524 Aut
891 3473 1036 3529 enim
1066 3491 1098 3530 a
1128 3486 1324 3535 natura
1350 3484 1610 3541 exsistere
1639 3490 1836 3560 solent,
1873 3502 1968 3549 aut
1994 3511 2024 3550 a

450 3571 642 3613 renum
678 3559 1072 3632 imbecillitate,
1113 3577 1208 3624 aut
1234 3587 1266 3626 a
1313 3575 1664 3646 relaxatione,
1709 3593 1801 3638 aut
1839 3586 1909 3641 ab
1943 3587 2025 3642 in-

448 3831 520 3887 ob
547 3833 892 3894 etiluxionem
926 3857 956 3896 a
996 3843 1158 3916 longo
1193 3857 1436 3920 tempore
1483 3870 1589 3909 non
1631 3857 1848 3927 factam,
1877 3874 1969 3918 aut
1993 3879 2023 3928 a

449 3924 684 3988 proximi
734 3931 1209 4001 condemnatione,
1239 3949 1336 3993 aut
1368 3958 1396 3994 a
1439 3944 1746 4002 daemonum
1795 3951 2018 4009 invidia.

445 4015 525 4069 Ac
555 4017 728 4086 prima
777 4024 997 4091 quidem
1039 4035 1094 4081 et
1127 4033 1364 4086 secunda
1401 4036 1551 4089 omni
1599 4042 2022 4109 reprehensione

446 4121 654 4178 carent,
680 4117 1120 4188 quandoquidem
1142 4132 1194 4178 ct
1211 4125 1506 4183 simulacro
1538 4149 1550 4183 :
1578 4133 1796 4204 reliquae
1813 4147 2015 4206 autem,

2057 3094 2102 3150 δ
2130 3115 2340 3183 τήδειος
2371 3115 2645 3188 εὑρεθείη.

2200 3209 2512 3280 Συμπαθεῖς
2555 3210 2629 3276 ὡς
2698 3212 2899 3268 ἐπίπαν
2967 3217 3062 3271 καὶ
3101 3218 3443 3292 ἐλεήμονες,
3493 3224 3550 3276 oi
3607 3225 3720 3294 φιλ-

2129 3297 2327 3369 ήδονοι.

2200 3390 2265 3443 Αί
2334 3391 2474 3445 κατὰ
2558 3392 2685 3452 τοὺς
2749 3395 2950 3460 ὕπνους
3006 3400 3286 3471 ἐκκρίσεις
3331 3445 3348 3466 ,
3422 3405 3718 3476 διαφόρους

2128 3481 2310 3552 ἔχουσι
2331 3481 2431 3547 τὰς
2461 3485 2662 3547 αἰτίας.
2697 3487 2768 3538 Ἢ
2791 3487 2902 3560 γὰρ
2924 3490 2990 3542 ἐκ
3013 3491 3229 3558 φύσεως
3253 3493 3520 3561 γίνεσθαι
3550 3497 3716 3566 πεφύ-

2127 3591 2306 3639 κασιν,
2347 3575 2488 3646 ἢ-ἐξ
2512 3576 2796 3642 ἀσθενείας
2833 3581 3066 3650 νεφρῶν,
3097 3583 3129 3654 ἢ
3157 3584 3216 3650 ἐξ
3247 3585 3527 3651 ἀνέσεως,
3572 3589 3607 3659 ἢ
3654 3591 3714 3642 ἐκ

1956 3679 2021 3744 ίθ,
2129 3668 2505 3738 μαλακότητος
2557 3670 2982 3742 περιελημάτων
3033 3679 3129 3728 καὶ
3185 3679 3488 3748 στρωμνῆς
3512 3722 3528 3745 ,
3582 3681 3616 3752 ἦ
3657 3683 3714 3745 ἐξ

2125 3759 2452 3830 ἀδηφαγίας,
2489 3760 2522 3831 ἢ
2558 3762 2621 3814 ὲκ
2653 3761 3007 3828 πολυποσίας,
3034 3765 3068 3836 ἢ
3094 3767 3159 3820 ὲκ
3188 3769 3548 3839 συμπαθείας
3572 3774 3638 3839 ’⁸,
3676 3776 3706 3845 ἦ

2125 3851 2189 3904 ἐκ
2235 3851 2552 3920 φυσιώσεως
2606 3853 2700 3907 ἐπὶ
2732 3855 2924 3926 χρονίᾳ
2964 3858 3319 3929 ἀρῤευσίᾳη,
3358 3861 3392 3931 ἦ
3443 3864 3514 3916 ἐκ
3546 3881 3712 3918 καταο

2124 3944 2356 4014 κρίσεως
2381 3945 2474 3999 τοῦ
2504 3947 2754 4016 πλησίον,
2788 3948 2819 4018 ἢ
2851 3949 2916 4001 ἐκ
2942 3948 3139 4018 φθόνου
3169 3950 3466 4021 δαιμόνων.
3515 3955 3582 4009 Ἦ
3612 3958 3710 4027 μὲν

2122 4034 2214 4088 οὖν
2267 4033 2455 4107 πρώτη
2506 4038 2600 4091 καὶ
2645 4038 2910 4109 δευτέρα,
2962 4042 3388 4113 ἀνεπιτίμητοι,
3438 4046 3571 4100 ἐπεὶ
3617 4050 3708 4100 καὶ

2119 4134 2394 4191 ἀνείδωλοι
2415 4153 2430 4168 θ
2461 4139 2518 4191 αἱ
2547 4139 2604 4192 δὲ
2630 4139 2838 4203 λοιπαὶ,
2869 4142 3006 4213 πλὴν
3038 4144 3139 4213 τῆς
3159 4143 3503 4211 τελευταίας,
3538 4168 3702 4204 κειται

445 4213 642 4272 praeter
672 4217 1027 4276 postremam,
1063 4215 1195 4270 vitio
1227 4226 1516 4274 vertuntur
1546 4237 1559 4276 :
1593 4239 1714 4292 quae
1745 4239 2016 4296 postrema

2152 4228 2462 4292 ικάζονταιο
2517 4231 2549 4300 ἡ
2603 4230 2659 4282 δὲ
2704 4231 3021 4298 τελευταία,
3062 4235 3122 4286 οὐ
3170 4236 3328 4305 μόνον
3370 4239 3704 4310 ἀνεπιτίμηο

446 4309 553 4348 non
618 4298 780 4352 modo
851 4303 1053 4357 nullam
1117 4309 1598 4375 reprehensionem
1667 4316 1862 4383 habet,
1922 4324 2014 4376 sed

2150 4336 2226 4382 ος,
2258 4321 2392 4375 ἀλλὰ
2427 4323 2518 4374 καὶ
2540 4298 2783 4393 θάρσους
2827 4325 2998 4383 αἰτία.
3029 4298 3307 4382 Φθονεῖται
3340 4329 3453 4400 γὰρ
3487 4333 3519 4385 ὁ

381 4383 394 4395 ⁸
445 4387 608 4442 etiam
659 4391 912 4446 ﬁduciam
954 4395 1228 4452 conciliat.
1262 4398 1400 4455 Huic
1439 4404 1583 4458 enim
1625 4406 1889 4462 invidetur
1919 4415 2010 4481 qui
2047 4424 2088 4478 ο
2117 4412 2314 4482 κιμῶν.

444 4478 775 4537 inclarescit.

512 4567 786 4628 Obsccnas
833 4578 1010 4632 noctis
1053 4583 1262 4650 species
1298 4586 1533 4642 interdiu
1584 4601 1763 4646 mente
1792 4593 2009 4650 volvere

2191 4590 2302 4654 Τὰς
2330 4592 2564 4663 αἰσχρὰς
2600 4593 2900 4660 φαντασίας
2940 4594 3002 4647 οὐ
3029 4594 3135 4666 χρὴ
3175 4596 3295 4666 μεθ’
3323 4597 3547 4669 ἡμέραν
3573 4599 3705 4654 ἀνα-

443 4677 550 4718 non
585 4675 814 4734 oportet.
859 4670 915 4724 Id
943 4671 1088 4726 enim
1130 4675 1232 4730 sibi
1268 4691 1582 4749 preponunt
1608 4683 1909 4750 dazmones,
1959 4699 2019 4744 ut

2151 4684 2447 4750 ογὶζεσθαι.
2494 4685 2702 4749 Σκοπὸς
2733 4685 2839 4755 γὰρ
2869 4689 2980 4750 τοῖς
3006 4687 3272 4758 δαίμοσι,⁹
3293 4690 3389 4743 καὶ
3425 4691 3702 4762 νήφοντας

440 4771 628 4810 earum
661 4761 1042 4827 recordatione
1073 4767 1357 4834 vigilantes
1381 4773 1544 4828 etiam
1577 4775 1836 4833 inficiunt.

512 4848 757 4907 Maxima:
801 4853 1046 4913 libidinis
1086 4859 1174 4913 ille
1220 4863 1339 4927 cst,
1390 4866 1483 4934 qui
1512 4870 1822 4936 spnrcitiem
1855 4888 2010 4928 suam

438 4955 680 5012 persaepe
713 4960 821 5000 non
853 4948 972 5004 sine
999 4950 1294 5022 voluptatis
1324 4971 1490 5012 sensu
1521 4959 1828 5017 conﬁtetur.

398 5123 403 5127 ’
511 5121 636 5180 llaec
667 5143 882 5198 quoque
917 5128 1224 5210 dmmonum
1255 5138 1494 5194 versutia
1525 5147 1632 5205 est,
1679 5151 1738 5197 ut
1780 5157 1874 5199 eos
1915 5145 2005 5214 qui

507 5289 549 5316 ³³
577 5277 711 5335 Luc.
738 5297 895 5346 xvm,
935 5283 1022 5349 12,
1061 5285 1145 5339 l5.

2125 4775 2371 4846 μολύνειν
2398 4780 2462 4848 τῇ
2497 4779 2687 4850 μνήμῃ
2715 4779 2944 4832 τούτων.

2204 4865 2646 4936 Ἐμπαθέστατος
2696 4868 2726 4920 ὁ
2765 4869 2860 4921 καὶ
2910 4869 3080 4939 αὐτὴν
3127 4870 3392 4934 πολλάκις
3438 4873 3545 4942 τὴν
3591 4873 3698 4926 τῶν

2121 4958 2414 5030 μολυσμῶν
2457 4959 2844 5032 ἐξομολόγησιν
2889 4961 3030 5031 μετὰ
3063 4961 3461 5031 ἡδυπαθείας²⁰
3511 4969 3694 5018 ποιού-

2043 5060 2058 5072 ⁶
2121 5069 2184 5122 με
2194 5068 2300 5115 νος.

2187 5145 2296 5198 Καὶ
2315 5143 2470 5199 τοῦτο
2492 5145 2789 5216 πανουργία
2811 5147 3102 5220 δαιμόνων,
3129 5148 3190 5202 τὸ
3209 5147 3496 5222 βλαϐεροῖς
3523 5167 3690 5220 προσ·

1718 5444 1946 5501 VAliIE
1987 5447 2392 5507 LECTlONES.

511 5584 675 5664 “‘
719 5587 875 5664 inser.
911 5593 1164 5664 πονηροῦ.

1270 5599 1307 5629 ¹⁷
1348 5598 1431 5652 Ai.
1470 5600 1565 5654 κᾶν
1602 5601 1638 5655 l.
1673 5603 1768 5657 οὐκ
1792 5605 1872 5660 ἄν.

449 5655 496 5684 ω
537 5654 618 5705 Al;
645 5656 959 5722 ὲμπαθείας.

1982 5605 2020 5635 ⁸⁸
2053 5605 2136 5659 ΑΙ.
2170 5606 2226 5670 ἐξ
2261 5609 2581 5678 ἐμπαθεὲας.

2696 5611 2737 5643 ¹’
2780 5611 2860 5665 ΑΙ.
2905 5611 3154 5685 apsumi}.
3204 5611 3316 5671 Iul.
3382 5615 3680 5690 ἀρρωστίᾳ.
