3852 6052
116 257 141 321 1
156 258 292 323 r269

102 372 315 438 ὠποις
351 373 674 444 ὁμιλοῦντας
690 415 703 439 ,

99 482 238 529 mc,
283 465 417 519 ἀλλὰ
466 467 607 537 μετὰ
637 469 849 540 καιρὸν,
878 470 1003 540 μηδ’
1032 472 1111 534 είς
1136 471 1276 524 αὐτὰ
1314 472 1384 524 τὰ
1407 472 1672 542 πρόσωπα
1700 490 1713 504 ·

103 559 210 612 ἵνα
266 560 552 624 δοκοῦντες
585 563 852 635 ἑτέρωθεν
902 564 1208 637 βλαϐῆναι,
1250 566 1392 631 τέως
1419 567 1593 620 ταῦτα
1643 569 1717 639 μὴ

105 650 558 721 φυλαττώμεθα.

196 935 290 989 Τὸ
334 935 466 1003 αὐτὸ
511 936 845 1007 ἁμάρτημα,
879 937 1153 1009 διαφόρως
1185 939 1243 990 ὲν
1282 937 1560 1008 διαφόροις
1598 938 1719 1009 xpl-

107 1027 331 1080 νεσθαι
380 1028 602 1081 εἴωθεν·
658 1028 717 1093 ὲξ
765 1029 980 1098 ἡλικίας
1004 1069 1019 1094 ,
1048 1030 1110 1082 ὲκ
1140 1028 1305 1082 τόπου
1330 1067 1345 1093 ,
1384 1031 1447 1081 ὲκ
1480 1029 1681 1099 τρόπου
1702 1071 1716 1096 ,

110 1118 226 1170 καὶ
262 1118 323 1184 ἐξ
351 1119 572 1188 ἐτέρων.

195 1209 275 1263 Et
324 1211 397 1281 μὴ
451 1210 827 1281 προνοητικῶς
856 1211 953 1282 τὴν
987 1210 1081 1264 τοῦ
1134 1211 1323 1283 θήλεος
1369 1212 1545 1283 ὁρμὴν
1583 1212 1722 1265 αἰδοῖ

108 1298 346 1370 Κύριος
381 1300 730 1371 ὲχαλίνωσεν,
768 1301 1057 1372 ηὐτομόλει
1082 1303 1138 1356 δὲ
1173 1303 1332 1357 τοῦτο
1370 1304 1505 1374 πρὸς
1531 1304 1590 1357 τὸ
1618 1304 1719 1374 ἄρ-

110 1407 222 1444 σεν
247 1434 264 1456 ,
295 1392 465 1455 ὅντως
490 1393 589 1446 οὐκ
626 1392 692 1446 ἂν
722 1392 901 1464 ἐσώθη
928 1395 1079 1448 πᾶσα
1110 1393 1264 1465 σάρξ.

192 1570 367 1634 Τινὲς
412 1572 659 1637 εὐλαϐεῖς
696 1574 952 1647 θεάμενοι
982 1576 1275 1649 προσώπου
1306 1578 1503 1641 κάλλος
1525 1620 1539 1643 ,
1581 1578 1717 1631 ὑπό-

108 1660 288 1712 θεσιν
318 1660 477 1713 τοῦτο
508 1662 785 1717 ποιοῦνται
809 1666 909 1733 τῆς
944 1667 1025 1729 εἰς
1054 1666 1185 1719 Θεὸν
1204 1664 1536 1735 δοξολογίας,
1567 1668 1717 1731 ὅπως

110 1752 179 1819 ἐξ
218 1752 370 1807 οὕτω
420 1755 762 1826 φαυλοτάτης
792 1756 923 1828 ῦλης
969 1757 1227 1830 τοιαύτην
1257 1759 1570 1830 ὡραιότητα
1604 1760 1714 1813 διε-

114 1843 431 1915 μόρφωσεο
481 1845 575 1899 καὶ
622 1846 960 1916 δακρύουσι,
1008 1847 1165 1902 τοῦτο
1213 1850 1312 1920 μὲν
1356 1849 1446 1918 ὑφ’
1490 1850 1713 1920 ἡδονῆς,

109 1935 294 1989 τοῦτο
322 1935 379 1988 δὲ
412 1937 505 1989 καὶ
538 1938 621 1991 ὅτι
650 1938 873 2009 τοιαύτη
903 1940 1200 2011 φαιδρότης
1232 1941 1337 1995 ὑπὸ
1368 1940 1579 2011 φαύλης
1606 1943 1719 2013 ἡδο-

108 2026 225 2099 νῆς
262 2029 704 2098 καταμιαίνεται.
767 2032 873 2084 Καὶ
907 2032 1078 2097 ὅντως
1131 2032 1481 2103 θαυμαστὸν,
1524 2034 1640 2098 πῶς
1690 2038 1717 2090 6

112 2122 339 2192 ἑτέρων
383 2122 594 2194 βόθρος,
644 2125 849 2196 ἑτέροις
888 2128 1113 2200 ἀφορμὴ
1146 2128 1430 2197 στεφάνων
1458 2128 1717 2181 καθίστα-

110 2232 243 2269 ται.
299 2215 373 2269 Τὸ
405 2216 538 2270 αὐτὸ
581 2218 637 2271 δὲ
674 2218 767 2272 καὶ
816 2219 943 2290 περὶ
977 2220 1077 2284 τὰς
1126 2220 1392 2293 μελῳδίας
1433 2224 1712 2287 ποιοῦσιν,

113 2308 207 2371 είς
249 2306 513 2379 ἔκπληξιν
538 2309 849 2380 κινούμενοι
873 2311 971 2381 τῆς
1001 2311 1404 2384 μεγαλουργίας
1428 2312 1522 2367 τοῦ
1555 2313 1712 2378 Θεοῦ,

115 2400 225 2454 καὶ
267 2400 479 2473 θερμὴν
512 2402 755 2472 ἀγάπην.

196 2491 509 2562 Πολεμοῦσι
565 2494 674 2564 (15)
704 2495 817 2557 τοῖς
850 2496 1188 2565 ἡσυχασταῖς
1235 2495 1286 2548 oi
1319 2495 1574 2565 δαίμονες
1618 2495 1717 2564 τῆς

116 2582 395 2652 πορνείας
415 2599 427 2615 ο
464 2583 532 2636 ἵν’
562 2584 637 2647 ὡς
673 2585 851 2655 μάτην
890 2584 1297 2656 ἡσυχάζοντας,
1328 2586 1717 2654 καταγάγωσιν

116 2674 211 2737 είς
247 2674 349 2738 τὰς
380 2675 585 2739 πόλεις.

197 2768 323 2823 Οὐκ
365 2768 641 2840 ἐνοχλοῦσι
689 2770 950 2835 πολλάκις
979 2772 1091 2837 τοῖς
1135 2774 1195 2825 ὲν
1234 2774 1355 2835 ταῖς
1389 2771 1578 2825 πόλεσι
1619 2788 1715 2840 μο-

119 2862 319 2930 ναχοϊς
348 2878 360 2890 ·
393 2860 460 2913 ἵν’
511 2860 587 2924 ὡς
620 2862 694 2933 μὴ
743 2861 1177 2933 πολεμούμενοι,
1221 2864 1456 2934 μένωσιν
1490 2865 1547 2916 ὲν
1582 2862 1715 2917 ταύ-

116 2968 277 3015 ταις.

1465 269 1561 327 DE
1594 266 1782 327 OCTO
1850 270 2099 329 l'lTllS.

769 377 843 449 μὴ
873 379 1188 447 παραυτίκα
1216 378 1477 449 βλάπτειν
1520 382 1711 433 πολλὰ·

1835 398 1951 437 cum
1992 382 2311 452 perniciosis
2366 384 2613 452 personis
2662 384 3117 440 consuetudinem
3183 385 3397 447 habent,

3272 271 3403 335 Ῑιίτθ

1826 491 1970 545 saepe
1998 488 2111 529 non
2152 475 2407 544 protinus
2458 478 2788 531 detrimento
2840 478 3097 539 alliciant,
3154 478 3246 530 sed
3304 478 3399 529 ali-

1822 575 2027 636 quanto
2065 577 2186 637 post
2231 567 2554 635 intervallo,
2606 584 2783 638 neque
2826 585 2953 638 erga
3001 567 3219 622 easdem
3280 583 3401 635 per—
3490 640 3493 641 ν

1823 675 2022 725 sonas;
2091 674 2201 729 quo
2263 660 2522 714 nimirum
2554 702 2569 725 ,
2626 660 2844 715 aliunde
2898 660 3057 724 nobis
3108 659 3401 713 detrimen-

1824 760 1935 804 tum
1988 749 2178 805 inferri
2230 752 2653 817 existimantes,
2724 752 2821 807 has
2891 752 3109 805 interim
3176 750 3403 804 minime

1822 859 2131 899 caveamus.

1897 934 2070 989 Unum
2105 935 2357 1005 idemque
2402 949 2686 1004 peccatum
2737 937 2887 990 varie
2923 936 2977 989 in
3031 935 3199 989 variis
3222 934 3401 989 homi-

1821 1027 2234 1096 nibusjudicari
2278 1029 2598 1095 eonsuevit';
2633 1044 2825 1097 nempe
2859 1044 2925 1082 ex
2953 1036 3131 1093 mtate,
3167 1043 3233 1081 ex
3257 1027 3399 1093 loco,

1820 1133 1885 1172 ex
1915 1118 2098 1183 modo,
2131 1118 2363 1188 aliisque
2392 1120 2577 1173 rebus.

1891 1208 2004 1265 Nisi
2038 1203 2321 1276 Dominus,
2342 1226 2438 1278 pro
2468 1226 2563 1264 sua
2596 1210 2954 1279 providentia,
2984 1207 3199 1263 femina:
3230 1209 3402 1278 impe-

1820 1309 1934 1356 tum
1957 1301 2181 1370 pudoris
2231 1300 2386 1355 freno
2432 1302 2868 1370 compressisset,
2922 1315 3110 1353 verum
3162 1299 3277 1367 ipsa
3334 1298 3401 1352 ad

1818 1392 2125 1447 masculum
2172 1392 2314 1446 ultro
2368 1392 2843 1461 proﬁcisceretur,
2900 1400 3065 1457 certe,
3091 1405 3197 1444 non
3248 1392 3400 1445 ﬁeret

1821 1483 1970 1537 salva
2002 1484 2185 1538 omnis
2213 1498 2341 1537 caro
2369 1493 2418 1538 ιι.

1888 1575 2121 1642 Quidam
2151 1576 2224 1645 pii
2260 1575 2381 1639 viri,
2412 1592 2534 1631 cum
2562 1577 2864 1646 elegantem
2898 1575 3131 1629 formam
3164 1589 3400 1643 conspe-

1821 1670 2022 1733 xerint,
2049 1668 2176 1723 hinc
2196 1669 2365 1723 Deum
2390 1669 2696 1724 celebrandi
2721 1669 3065 1723 occasionem
3092 1666 3357 1735 arripiunt
3382 1706 3398 1729 ,

1822 1760 1967 1830 quod
2000 1775 2064 1813 ex
2098 1762 2327 1814 materia
2358 1776 2531 1830 usque
2561 1761 2695 1814 adeo
2721 1760 2810 1813 vili
2849 1770 3052 1812 tantam
3090 1757 3396 1827 pulchritu-

1820 1851 1999 1905 dinem
2028 1848 2300 1903 effinxerit
2328 1868 2341 1904 :
2370 1858 2534 1919 atque
2563 1850 2723 1903 etiam
2787 1849 3147 1918 illacrymant,
3201 1846 3396 1913 partim

1819 1942 2029 2007 laetitia,
2060 1943 2255 2012 partim
2282 1943 2422 2012 quod
2451 1950 2636 1996 tantus
2667 1942 2922 2005 splendor
2954 1940 3093 2009 turpi
3129 1940 3406 2007 voluptate

1820 2039 2249 2095 contaminetur.
2278 2037 2344 2091 Et
2380 2054 2512 2093 sane
2543 2037 2741 2091 mirum
2766 2044 2869 2101 est,
2904 2051 3012 2105 quo
3060 2043 3217 2104 pacto
3250 2029 3397 2100 quod

1821 2132 1944 2187 aliis
1971 2131 2122 2186 fovea
2156 2140 2259 2194 est,
2316 2131 2439 2186 aliis
2468 2144 2793 2185 coronarum
2845 2128 3064 2183 occasio
3108 2128 3219 2180 tiat.
3256 2124 3399 2178 ldeIn

1819 2238 2037 2293 quoque
2073 2224 2126 2276 in
2162 2222 2457 2276 modulatis
2491 2221 2745 2276 cantibus
2776 2219 3017 2285 faciunt;
3044 2218 3171 2271 hinc
3193 2216 3396 2286 quippe

1821 2314 1872 2368 in
1899 2313 2315 2367 admirationem
2365 2312 2565 2365 divina:
2610 2308 3023 2380 magnificentia:
3048 2347 3063 2373 ,
3100 2307 3264 2376 inque
3311 2320 3404 2360 aro

1819 2406 2033 2461 dentem
2063 2404 2156 2458 Dei
2189 2420 2429 2458 amorem
2457 2403 2831 2472 impelluntur.

1895 2498 2174 2551 Dtemones
2199 2494 2583 2550 fornicationis
2609 2491 2871 2548 solitariis
2914 2490 3115 2543 bellum
3142 2486 3399 2549 inferunt,

1819 2604 1928 2659 quo
1962 2588 2213 2642 videlicet
2242 2603 2361 2652 eos,
2411 2596 2670 2654 tanquam
2729 2586 3003 2638 incassum
3053 2579 3402 2635 solitudinem

1819 2684 2082 2747 colentes,
2118 2680 2171 2733 in
2204 2680 2367 2734 urbes
2397 2679 2709 2732 detrahant.

1895 2771 2179 2827 Monachis
2216 2770 2283 2825 iis
2314 2770 2407 2839 qui
2439 2769 2492 2822 in
2529 2768 2759 2822 urbibus
2789 2771 3223 2827 commorantur,
3259 2772 3403 2829 saepe

1822 2864 2129 2919 molestiam
2189 2877 2296 2916 non
2334 2861 2624 2926 exhibent;
2680 2868 2739 2913 ut
2786 2857 2952 2913 veluti
3002 2855 3226 2910 minime
3258 2850 3403 2907 bello

1820 2953 2026 3019 vexati,
2056 2953 2109 3007 in
2141 2953 2207 3007 iis
2235 2958 2513 3005 maneant.

201 3043 380 3097 Ἔνθα
420 3045 813 3114 πολεμοῦνται,
846 3048 1066 3111 πάντως
1096 3048 1215 3101 ἐκεῖ
1256 3046 1349 3101 καὶ
1379 3047 1703 3119 πολεμοῦσι.

1891 3044 1994 3101 Ubi
2034 3044 2176 3099 bello
2211 3044 2577 3107 lacessuntur,
2628 3039 2737 3093 illic
2781 3050 3002 3107 quoque
3029 3029 3256 3089 omnino
3284 3029 3402 3086 bel-

118 3135 223 3208 Μὴ
258 3137 657 3207 πολεμούμενοι
686 3141 817 3211 γὰρ,
850 3140 969 3193 οὐδὲ
1001 3139 1348 3211 πολεμοῦσιν.

196 3311 439 3375 Πολλοὺς
469 3311 576 3365 τῶν
611 3314 879 3384 μοναχῶν,
903 3314 1071 3384 ἡνίκα
1098 3313 1315 3383 γυναιξί¹
1355 3313 1715 3381 διαλέγονται,

118 3400 393 3473 δακρύειν
432 3406 579 3456 ποιεῖ
615 3405 711 3458 καὶ
759 3405 966 3458 στένειν
1003 3408 1031 3459 6
1077 3406 1342 3476 πονηρὸς,
1383 3405 1480 3458 καὶ
1507 3405 1719 3473 θαυμα-

124 3489 270 3555 σίως
334 3492 655 3561 παραινεῖν,
712 3492 839 3561 περί
895 3510 954 3545 τε
1013 3494 1232 3563 μνήμης
1298 3492 1568 3553 θανάτου,
1622 3489 1718 3543 καὶ

123 3583 534 3653 σωφροσύνης’
585 3582 673 3634 ἴνα
718 3582 930 3645 τούτοις
983 3582 1356 3636 δελεασθεῖσαι
1398 3583 1454 3635 αἱ
1495 3581 1715 3646 ἄθλιαι,

123 3669 565 3742 προσδράμωσιν
593 3668 668 3732 ὡς
698 3669 917 3740 ποιμένι
958 3670 1037 3741 τῷ
1069 3670 1240 3741 λύκῳ,
1296 3670 1389 3724 καὶ
1430 3670 1719 3741 συνηθείας

123 3761 231 3818 καὶ
277 3761 593 3833 παρρησίας
642 3761 974 3833 γενομένης,
1038 3766 1117 3827 είς
1166 3763 1255 3815 τὸν
1305 3762 1497 3835 βόθρον
1547 3762 1719 3833 ἐμπέ-

129 3871 326 3909 σωσιν.
740 3876 743 3879 ’

203 3944 474 4015 Φύγωμεν
504 3945 734 4016 καρπὸν,
777 3939 838 4000 οὗ
889 3945 963 4017 μὴ
998 3946 1196 4001 ἐσθίειν
1237 3949 1715 4022 ἐπηγγειλάμεθαο

135 4038 218 4108 μή
253 4054 381 4090 ποτε
417 4037 707 4108 βλέποντες
733 4037 927 4100 αὑτὸν,
958 4038 1092 4108 πρὸς
1121 4039 1420 4107 ἐπιθυμίαν
1451 4040 1713 4112 ἔλθωμεν.

147 4127 250 4182 Ἐκ
286 4126 381 4180 τοῦ
408 4129 541 4198 ὁρᾷν
586 4127 697 4199 (l6)
728 4128 855 4200 γὰρ,
889 4129 950 4182 τὸ
977 4130 1109 4199 ὲρᾷν
1129 4169 1144 4195 ,
1181 4129 1258 4191 ὡς
1284 4130 1533 4200 λέγουσιν
1565 4133 1619 4200 οἱ
1650 4133 1718 4186 τὰ

134 4220 367 4277 τοιαῦτα
402 4222 575 4291 σοφοί.
1562 4198 1580 4219 ⁸

1824 3140 1933 3193 lum
1960 3144 2178 3206 gerunt.
2213 3134 2349 3189 Cum
2386 3132 2531 3188 enim
2563 3146 2670 3186 non
2727 3137 3134 3200 Oppugnantur,
3170 3139 3269 3179 nec
3299 3124 3401 3178 itn-

1860 3237 2087 3283 uanam.

1936 3246 2087 3281 nann

1820 3246 1949 3373 pulgn
2004 3318 2279 3388 plerisque
2334 3313 2658 3374 monachis,
2720 3310 2930 3380 quoties
2984 3306 3216 3362 feminas
3264 3305 3399 3358 allo-

1821 3420 2115 3479 quuntur..
2138 3407 2316 3461 malus
2377 3406 2466 3460 ille
2499 3404 2552 3456 id
2579 3400 2741 3456 ellicit
2772 3411 2827 3454 ut
2857 3400 3128 3470 lacrymas
3151 3396 3396 3451 emittant

1821 3512 1875 3557 et
1904 3500 2282 3569 ingemiscant,
2321 3512 2385 3551 ac
2412 3496 2477 3549 de
2504 3494 2696 3548 mortis
2733 3492 2991 3546 memoria
3037 3498 3089 3543 et
3132 3488 3397 3541 castitatis

1821 3593 1969 3648 cultu
2004 3590 2262 3645 miriticas
2305 3586 2718 3643 cohortationes
2754 3584 3028 3648 habeant;
3064 3595 3174 3651 quo
3195 3578 3397 3633 scilicet

1823 3685 1908 3741 his
1940 3684 2102 3738 rebus
2126 3683 2339 3737 miserm
2370 3682 2473 3736 illa:
2502 3680 2776 3742 inescatze,
2800 3676 2866 3730 ad
2899 3675 3082 3743 lupum
3110 3679 3397 3727 accurrant

1822 3789 2077 3847 tauquam
2100 3776 2166 3830 ad
2192 3782 2487 3844 pastorem,
2528 3781 2757 3840 ortaque
2782 3766 3151 3823 familiaritate
3173 3772 3231 3819 et
3271 3763 3395 3817 fidu-

1822 3870 1925 3935 cia,
1960 3870 2012 3922 in
2044 3869 2250 3922 foveam
2286 3866 2546 3920 incidant.

1898 3961 2200 4032 Fugiamus
2229 3975 2351 4014 eum
2380 3958 2642 4018 fructum,
2668 3970 2697 4009 a
2743 3952 2900 4022 cujus
2928 3965 3025 4005 esu
3057 3948 3400 4003 abstenturos

1830 4070 1929 4109 nos
1984 4052 2217 4122 professi
2251 4064 2483 4113 sumus;
2540 4062 2608 4100 ne
2644 4045 2780 4099 forte
2828 4049 3115 4097 cernentes
3152 4054 3300 4102 eum,
3346 4036 3397 4089 iu

1822 4147 2175 4215 cupiditatem
2218 4141 2523 4196 veniamus.
2566 4137 2775 4192 Etenim
2827 4151 2891 4190 ex
2923 4140 3145 4202 aspectu
3178 4130 3399 4184 affectus

1822 4252 1915 4290 seu
1951 4249 2106 4288 amor
2151 4232 2349 4293 oritur,
2379 4237 2440 4282 ut
2471 4229 2625 4281 aiunt
2650 4226 2743 4295 qui
2795 4224 2851 4278 in
2887 4218 3203 4290 huiusmodi
3244 4217 3401 4272 rebus

1823 4326 1943 4381 sciti
1978 4333 2139 4394 atque
2164 4322 2362 4377 eruditi
2390 4328 2539 4376 sunt.

212 4420 448 4475 Δυνατόν
500 4423 671 4487 ἐστιν,
717 4423 783 4476 ὲκ
827 4421 1086 4490 λαγνείας
1120 4421 1200 4485 είς
1242 4418 1465 4488 ἁγνείαν
1514 4417 1711 4487 ἐλθεῖν,

1892 4412 2161 4469 Possibile
2199 4420 2302 4474 est,
2358 4426 2424 4464 ex
2461 4406 2738 4463 salacitate
2772 4403 2838 4458 ad
2881 4400 3184 4457 castitatem
3231 4413 3288 4451 se
3320 4412 3408 4451 re-

140 4515 193 4567 εί
225 4513 317 4567 καί
343 4514 487 4577 τινές
515 4530 680 4582 φασιν
704 4514 967 4568 ἀδύνατον
996 4512 1253 4582 γενέσθαι
1289 4511 1426 4584 μετὰ
1460 4511 1558 4582 τὴν
1592 4510 1721 4580 γεῦ-

146 4621 234 4658 σιν
262 4605 357 4674 τῆς
387 4604 663 4675 ἁμαρτίας
693 4605 876 4673 ἁγνόν.
930 4605 1111 4673 ’Δγνοὶ
1153 4603 1263 4675 γὰρ
1308 4604 1507 4668 πάντες
1533 4602 1720 4666 ἁπλῶς

142 4694 200 4749 οἱ
230 4694 396 4765 ἅγιοι.

214 4878 240 4905 ιι
271 4867 458 4924 Matth.
487 4884 635 4934 xxiv,
665 4870 756 4923 ‘22.

1827 4506 1996 4569 ferre;
2029 4504 2131 4557 etsi
2167 4501 2388 4571 quidam
2418 4497 2685 4552 allirment
2723 4491 3059 4564 impossibile
3090 4504 3234 4554 esse,
3283 4498 3401 4557 post

1827 4607 2044 4670 gustum
2094 4593 2300 4664 peccati
2344 4590 2479 4647 eﬂici
2532 4597 2742 4643 castum
2790 4603 2807 4641 :
2854 4583 2991 4638 casti
3042 4580 3184 4637 enim
3214 4592 3402 4635 omnes

1834 4689 1991 4759 plane
2027 4695 2156 4743 sunt
2189 4684 2283 4755 qui
2314 4689 2443 4738 sunt
2472 4676 2672 4735 sancti.

1666 5036 1897 5094 ΝΟΤᾹΞ.

221 5213 689 5287 (15)Πολεμορῦσι
728 5213 852 5287 τοῖς
894 5213 1296 5287 ἡσυχασταῖς.
1336 5210 1392 5265 ln
1426 5209 1712 5287 llis._l77_0,

155 5280 619 5355 initio'Opusculi,
646 5285 788 5340 istud
831 5280 1088 5339 ischolion
1127 5284 1387 5355 cernitur,
1419 5280 1564 5355 ὀκτῴ
1594 5283 1715 5355 -είσι

155 5358 250 5427 τῆς
286 5352 484 5419 κακίας
505 5354 794 5427 λογισμοί·
820 5357 936 5427 τοῖς
976 5356 1072 5425 μὲν
1106 5352 1490 5427 ᾖσυχᾲζουαιν,
1521 5352 1550 5403 ὁ
1580 5353 1718 5427 ἀκη-

155 5421 287 5490 δίας,
312 5430 341 5480 6
370 5421 694 5494 κενοδοξίαςξ
733 5427 762 5478 6
809 5421 1285 5495 ὑπερηφανίαςήὸ
1332 5421 1718 5495 φιλαργυρίας,

156 5498 292 5551 καὶὸ
323 5496 499 5565 λύπης
521 5511 535 5526 ·
562 5491 757 5559 τοῖςδὲ
794 5498 850 5548 ὲν
878 5491 1146 5564 ὑποταγῇ,
1179 5495 1207 5545 6
1254 5491 1719 5565 γαστριμαργξας,

158 5566 249 5621 καὶ
269 5561 466 5687 δργῖγς,
497 5566 593 5618 καὶ
627 5566 903 5648 πορνείας.
936 5561 1209 5636 Οορίὶᾷιιθ
1228 5561 1412 5619 aeedia
1442 5561 1717 5630 superius,

158 5639 263 5688 τοῖς
296 5637 351 5688 ὲν
415 5633 608 5688 συνίει.
651 5637 882 5688 μαλιστα
922 5635 1149 5688 πολεμεῖ
1177 5634 1234 5687 τὸ
1264 5632 1431 5688 πάθος
1464 5633 1559 5688 τῆς
1584 5632 1717 5688 ἀκη-

158 5652 263 5707 m
296 5652 351 5689 εν
389 5652 420 5707 η

160 5639 263 5757 ἑοῖς
296 5614 360 5689 ἓν.
389 5614 608 5707 ἥσυχίᾳ,
650 5614 882 5706 μάλιστα
922 5614 1149 5705 πολεμεῖ
1177 5634 1234 5687 τὸ
1264 5632 1431 5693 πάθος
1464 5614 1559 5699 τῆς
1584 5614 1718 5699 ακηί

192 5722 289 5757 Lac.

192 5722 289 5769 ιας.

1895 5211 2007 5282 (16)
2037 5212 2141 5265 Ἐκ
2180 5208 2285 5282 τοῦ
2308 5203 2458 5275 όρᾷν
2482 5203 2577 5282 τὸ.
2599 5199 2763 5282 ἐρλᾷν.
2788 5196 3404 5282 Ροειεριοιοηεῳμοριιιι

1823 5266 2217 5336 ΤΙῖεοέΙοι-ἱιιιιη
2242 5266 2420 5333 Serm.
2444 5275 2542 5329 ult.
2564 5266 2879 5333 in'G'recos,
2902 5269 3156 5336 Clemens
3176 5266 3410 5336 Alexan-

1828 5334 2345 5425 drinus'Pwdagggi
2499 5360 2577 5407 ut,
2612 5343 2831 5425 cap.y5._
2845 5334 3403 5425 ἓίᾱρνξξξξςιιιξξιίξεξ

1829 5421 1923 5475 lib.
1952 5405 2033 5484 nt,
2060 5405 2375 5490 εμὶδιίὲἷὶίί,
2402 5416 2502 5490 lib_._
2525 5405 2577 5477 v,
2617 5405 2777 5490 epist.
2957 5415 3011 5490 et.
3037 5405 3406 5490 .Nilus‘trtoster

1829 5472 1922 5545 iii);
1951 5472 2201 5560 ἦξέῶξι,
2230 5472 2594 5560 518,'qui_bus
2643 5472 2779 5560 adde
2818 5475 3148 5549 llesychiutn
3189 5475 3251 5560 in
3293 5472 3403 5560 ξμς

1830 5551 2261 5635 μάτειος-’πόθος
2287 5598 2301 5617 ,
2344 5551 2426 5635 cf
2454 5551 2899 5635 Etymologicum
2969 5558 3227 5615 magnum
3273 5554 3398 5603 cum

1825 5624 2242 5699 proverbiorum
2275 5624 2681 5684 collecloribus.
