3852 6052
60 343 235 410 14.73
1163 340 1264 400 AD
1302 335 1714 400 MONACHOS
1769 333 2280 395 ADHORTATIO.
3214 327 3359 394 1474

155 452 336 523 Ἀρχὴ
376 428 675 524 ⁷ιίιποταγῆς
726 448 987 523 μοναχοῦ,
1036 447 1321 519 φοϐεῖσθαι
1363 446 1456 501 τὸν
1503 446 1668 499 Θεόνο

1849 443 1899 496 1.
1934 440 2117 496 Prima
2155 438 2409 495 monachi
2444 438 2873 504 ahrenuntiatio,
2910 436 3101 494 timere
3130 439 3298 494 Deum
3339 458 3355 493 :

61 546 286 615 ἄφοϐος
310 545 367 599 δὲ
389 546 650 616 μοναχδς,
673 542 780 608 ἔξω
810 542 919 597 τῶν
947 540 1131 595 πυλῶν
1155 539 1257 609 τῆς
1278 538 1557 610 βασιλείας
1578 563 1582 587 ‹

1839 545 1938 585 πο
1966 529 2274 584 monachus
2304 543 2415 582 non
2446 528 2646 583 timens
2684 526 2879 591 Deum,
2910 535 3062 581 extra
3095 528 3246 598 regni
3276 528 3360 582 fo-

62 638 425 707 λισθήσεται.

1772 637 1861 678 res
1893 621 2351 676 commorabitur.

154 730 337 801 Ἀρχὴ
368 729 515 800 ζωῆς
553 725 813 798 μουσικοῦ,
844 725 1027 797 ἀγαθὴ
1055 725 1257 792 γνῶσις
1282 737 1295 752 °
1328 721 1578 792 ἀγνωσία
1611 721 1669 775 δὲ

1845 722 1899 776 2.
1936 720 2117 777 Prima
2146 721 2258 775 vita
2287 719 2565 783 monachi,
2606 720 2746 774 bona
2796 720 3034 790 cognitio
3076 735 3141 775 ac
3182 721 3359 776 scien-

61 821 243 887 Θεοῦ,
279 821 517 887 σκοτίζει
541 821 642 892 τὴν
668 819 849 890 ψυχὴν
878 815 1150 889 μοειαχοῦ.
1184 880 1191 883 _

1839 830 1883 880 ις
1915 813 2008 869 Dei
2045 822 2230 868 autem
2261 812 2532 883 ignoratio
2571 813 2825 868 monachi
2858 822 3095 868 mentem
3140 814 3360 868 obtenc-

1772 906 1915 961 brat.

156 983 374 1055 Ἀγαθὴ
401 984 740 1056 κληρονομία
770 980 1005 1054 μοναχοῦ
1036 984 1363 1052 σωφροσύνη
1388 979 1483 1031 καὶ
1511 977 1669 1046 ἁγια-

1843 997 1903 1051 5.
1935 995 2082 1050 Bona
2115 994 2366 1051 monachi
2400 994 2696 1064 possessio,
2733 995 2959 1051 castitas
2988 1003 3043 1048 et
3066 993 3361 1049 sanctimo-

66 1076 221 1146 σμὸς
249 1092 263 1107 ο
296 1074 745 1147 άποκληρονόμος
778 1073 835 1127 δὲ
869 1070 1125 1143 πατέρων
1170 1071 1407 1139 γίνεται,
1440 1070 1469 1123 ὁ
1512 1068 1587 1121 ὲκ·

1842 1102 1897 1154 a;
1948 1088 2039 1158 qui
2074 1096 2256 1142 autem
2291 1098 2445 1142 extra
2487 1087 2601 1142 haec
2656 1086 2966 1141 monachus
3013 1094 3121 1151 est,
3150 1084 3363 1140 alienus

64 1168 293 1223 τούτων
325 1167 583 1239 μοναχός.
744 1172 747 1179 ’

1773 1189 1803 1229 a
1830 1183 2047 1246 patrum
2087 1175 2403 1233 inmeditate
2426 1174 2673 1231 eﬁicitnr.

149 1262 434 1332 Ἀσκησις
479 1258 738 1332 μοναχοῦ,
774 1256 978 1330 μελέτη
1008 1256 1267 1328 Γραφῶν,
1308 1256 1404 1309 καὶ
1452 1254 1670 1325 ποίησις

1845 1269 1898 1324 4.
1934 1266 2186 1323 Monachi
2228 1267 2550 1323 exercitatio
2584 1276 2669 1323 est
2739 1265 3148 1337 Scripturarum
3196 1266 3366 1321 medi-

69 1354 321 1409 ἐντολῶν
351 1351 447 1407 τοῦ
478 1350 615 1405 Θεοῦ
642 1368 658 1383 ο
688 1351 999 1423 ἀνάσκητος
1019 1349 1076 1403 δέ
1098 1351 1267 1415 ἐστιν,
1303 1349 1331 1401 ὁ
1367 1347 1444 1418 μὴ
1464 1348 1522 1401 ὲν
1547 1363 1590 1399 τ‹

1843 1358 1909 1413 Lio
1956 1358 2161 1428 Deique
2212 1359 2599 1415 mandatorum
2644 1374 2808 1428 opere
2833 1360 3071 1414 exercita
3110 1358 3364 1426 functio;

67 1464 197 1511 τοις
231 1445 716 1517 ἀναστρεφόμενος
748 1442 1005 1514 μοναχός.

1774 1456 1833 1503 at
1869 1448 2262 1504 exercitatione
2293 1458 2448 1504 caret
2484 1450 2578 1518 qui
2613 1449 2669 1504 in
2695 1449 2781 1504 his
2815 1465 2921 1504 non
2953 1461 3224 1503 vorsatur.

149 1536 374 1610 Βρῶσις
410 1534 675 1607 μοναχοῦ,
708 1533 770 1586 τὸ
804 1534 981 1586 ποιεῖν
1024 1530 1087 1584 τὸ
1118 1528 1330 1601 θέλημα
1372 1527 1467 1581 τοῦ
1501 1523 1670 1581 Θεοῦο

1850 1538 1900 1595 5.
1932 1537 2186 1595 Mouachi
2215 1539 2394 1604 cibus,
2426 1549 2486 1594 ut
2516 1539 2684 1596 faciat
2712 1539 2807 1595 Dei
2836 1539 3173 1595 voluntatem
3204 1559 3218 1594 :
3251 1540 3371 1610 ejus

72 1629 248 1692 πόσις
269 1627 326 1683 δὲ
353 1625 517 1681 αὑτοῦ
551 1626 690 1693 ἐστι,
726 1624 788 1678 τὸ
811 1622 1112 1695 κατορθοῦν
1140 1620 1208 1675 τὰ
1236 1620 1549 1691 ἐντάλματα
1578 1638 1593 1672 1

1850 1640 1955 1687 tem
1991 1640 2176 1702 potus,
2237 1640 2295 1685 ut
2343 1631 2545 1687 Christi
2600 1632 2855 1687 mandata
2906 1632 3147 1702 impleat.
3201 1632 3370 1687 Cibus

71 1721 327 1794 Χριστοῦ
351 1737 365 1751 ·
399 1720 595 1793 βρῶμα
617 1718 728 1791 γάρ
750 1717 1033 1790 αἰσθητὸν,
1054 1716 1118 1770 οὐ
1140 1716 1483 1788 παραστήσει
1509 1734 1592 1786 μοι

1851 1720 1923 1776 im
1973 1720 2027 1776 in
2060 1736 2283 1777 sensum
2320 1720 2523 1776 cadens
2556 1721 2717 1792 eique
2754 1721 3035 1791 subjectus
3079 1735 3186 1776 non
3220 1735 3372 1776 com-

74 1782 180 1885 χδν
207 1813 289 1885 τῷ
309 1782 450 1885 Θεῶ,
473 1782 588 1867 ἀλλ’
623 1782 709 1877 ὲιέ
736 1782 945 1864 κοιλίαν
978 1808 1169 1881 χωρεῖ,
1197 1782 1293 1862 καὶ
1324 1782 1406 1872 είς
1429 1782 1595 1880 ἀφεδρ

1850 1811 2003 1867 endat
2040 1810 2371 1867 monachum
2397 1810 2510 1867 Deo
2543 1813 2603 1880 ‘;
2645 1815 2739 1869 sed
2774 1805 2826 1868 in
2866 1824 3108 1868 ventrem
3143 1812 3288 1867 vadit
3316 1820 3371 1867 et

74 1924 149 1959 να
179 1905 571 1977 ἐκπορεύεται.

1780 1904 1835 1960 in
1870 1919 2149 1961 secessum
2186 1904 2454 1960 emittitur
2474 1907 2515 1959 '.

153 1999 325 2069 Βῆμα
362 1994 599 2069 μοναχοῢ
632 1995 848 2068 σεμνῶς
881 1994 1230 2065 κινουμένου,
1255 1993 1560 2067 ἐκτρισέτω
1591 1991 1674 2065 βα-

1852 1997 1907 2053 6.
1943 1998 2178 2054 Grcssus
2210 1998 2487 2063 monachi,
2528 1997 2679 2070 gravi
2719 1998 3079 2067 modestoque
3131 1997 3368 2060 incessu,

75 2089 264 2161 θμοῦς
316 2087 829 2162 ὲκκλησιαστικούς.
863 2086 1029 2157 Βῆμα
1065 2085 1302 2159 μοναχοῦ
1348 2086 1564 2158 σεμνὸν,

1854 2089 2159 2145 clesiastiea
2188 2098 2328 2144 terat
2358 2088 2552 2143 limina
2581 2102 2646 2144 ac
2672 2088 2951 2144 subsellia.
2978 2087 3214 2143 Gressus
3251 2100 3375 2143 mo-

79 2182 445 2254 ᾱκπορευὲτω
466 2178 527 2246 ἐξ
545 2178 728 2245 οίκίας
763 2182 844 2245 εἰς
876 2181 1076 2235 οὶκίαν.

1856 2184 1946 2239 chi
1991 2184 2171 2254 gravis
2223 2192 2277 2240 et
2333 2182 2617 2239 modestus
2678 2197 2786 2237 non
2816 2191 2976 2237 exeat
3012 2182 3078 2235 tle
3112 2181 3276 2235 domo
3315 2179 3372 2235 in

1782 2275 2027 2332 domum.

160 2362 297 2427 Βίος
327 2359 567 2434 μοναχοῦ
599 2359 939 2431 ἀκηλίδωτος
981 2357 1143 2422 ἔστω,
1183 2356 1259 2428 μὴ
1287 2354 1681 2427 χλευαζόμενος

1856 2368 1908 2422 7.
1936 2366 2057 2422 Vita
2093 2365 2348 2423 monachi
2388 2365 2525 2421 labis
2561 2379 2694 2436 pura
2728 2365 2821 2431 sit,
2848 2364 2986 2420 nihil
3024 2362 3376 2420 muliercula-

84 2454 203 2508 ὑπὸ
248 2451 623 2525 γυναικαρίων
673 2449 1106 2522 σεσωρευμένων
1153 2448 1473 2520 ἁμαρτίαις.
1523 2446 1605 2499 Βέί

1857 2475 1909 2514 m
1961 2461 2156 2515 sannis
2207 2459 2444 2513 obnoxia
2483 2466 2810 2514 onustarum
2852 2457 3090 2527 peccatis
3124 2457 3190 2507 ἐ
3230 2453 3378 2509 arcis

84 2546 206 2617 γὰρ
238 2543 607 2617 πειρατηρίου
650 2541 801 2595 ἐστὶν
832 2542 866 2612 ὴ
895 2540 1058 2609 γυνὴ,
1091 2540 1148 2593 ὲν
1174 2537 1376 2602 οίκίαις
1412 2533 1605 2609 ἑταιριὲ

1860 2550 1933 2603 im
1966 2550 2265 2619 piratarum
2296 2546 2493 2602 mulier
2529 2546 2699 2600 telum
2734 2554 2841 2610 est,
2876 2560 2999 2614 quae
3030 2545 3086 2598 in
3119 2543 3378 2599 domibus

167 2654 261 2695 νη.
1793 2642 2197 2695 meretricatur.

167 2656 199 2691 ν
246 2677 261 2692 .

89 2638 346 2800 μέΒτιξυλὴ
412 2727 652 2801 μοναχοῦ
710 2726 852 2799 μετὰ
903 2724 1129 2781 συνετοῦ
1182 2724 1418 2794 γινέσθω
1442 2740 1457 2756 ο
1524 2723 1610 2795 βου

1858 2642 2197 2695 eretricatur.

1861 2734 1917 2787 8.
1953 2730 2256 2786 Consilium
2301 2728 2555 2783 monachi
2610 2743 2734 2783 cum
2788 2727 2907 2782 viro
2955 2726 3222 2798 prudente
3263 2726 3379 2790 sit;

85 2823 148 2877 δὲ
188 2822 477 2890 ἀσύνετος,
506 2818 584 2891 μὴ
606 2818 933 2874 κατοικείτω
965 2820 1025 2872 ὲν
1051 2817 1250 2890 καρδίᾳ
1283 2815 1544 2888 μοναχοιλ

1860 2822 1938 2878 ιοιι
1970 2831 2154 2876 autem
2192 2820 2311 2875 sine
2337 2819 2626 2890 prudentia
2661 2818 2954 2875 consilium
2982 2827 3086 2883 est,
3122 2818 3177 2873 in
3215 2817 3381 2875 corde

1096 2968 1097 2971 η
1793 2912 2052 2969 monachi
2081 2928 2190 2967 non
2218 2921 2487 2967 moretur.

168 2994 473 3069 Γρηγορῶν
534 2993 769 3067 μοναχδς
823 2993 883 3047 ὲν
921 2992 1158 3064 ψαλμοῖς
1222 2991 1320 3047 καὶ⁵
1362 2989 1557 3063 ὕμνοις
1597 3007 1632 3045 κ

1865 3007 1920 3061 9.
1954 3004 2187 3076 Pervigil
2242 3004 2549 3058 monachus
2600 3003 2653 3056 in
2702 3002 2927 3071 psalmis
2971 3010 3026 3057 et
3070 3001 3289 3073 hymnis
3323 3010 3377 3057 et

95 3089 272 3161 ᾠδαῖς
312 3088 737 3159 πνευματικαῖς,
761 3085 1059 3141 άποδιώκει
1088 3083 1458 3156 φαντάσματα
1498 3100 1616 3139 νυκΊ

1866 3095 2028 3151 nticis
2065 3094 2405 3165 spiritalibus
2456 3093 2572 3146 visa
2606 3098 2872 3145 nocturna
2904 3090 3056 3161 fugat
3093 3109 3107 3146 :
3141 3092 3231 3162 qui
3255 3105 3387 3161 vero

98 3182 265 3256 ρινά·
329 3180 578 3252 γαυριῶν
628 3180 687 3234 δὲ
751 3179 987 3251 μοναχδς
1038 3180 1098 3233 ὲν
1148 3178 1542 3252 κατορθώμασι
1596 3195 1619 3230 a

1862 3189 2104 3245 nnachus
2163 3197 2311 3243 recte
2370 3184 2641 3241 factorum
2711 3193 2877 3252 atque
2935 3182 3159 3239 virtutis
3212 3182 3383 3254 gloria

95 3272 407 3341 καθεύδων,
446 3272 629 3336 ἱστοὺς
660 3270 907 3344 ἀράχνης
930 3270 1167 3341 ὑφαίνει.

1795 3283 2043 3355 superbit
2066 3281 2457 3349 dormitatque,
2484 3278 2617 3333 telas
2641 3292 2965 3331 aranearum
2991 3277 3144 3331 texit.

171 3366 432 3427 Γενναῖος
479 3360 737 3433 μοναχδς,
777 3359 858 3432 τῷ
892 3359 1108 3432 σημείῳ
1142 3359 1236 3413 τοῦ
1287 3356 1532 3431 σταυροῦ·
1566 3357 1692 3420 τοὺς

1869 3376 1955 3430 10.
1989 3372 2170 3427 Fortis
2206 3369 2513 3425 monachus
2557 3368 2714 3438 signo
2735 3365 2918 3421 crucis
2938 3366 3140 3421 diaboli
3161 3365 3390 3436 laqueo:

97 3454 340 3527 βρόχους
395 3451 657 3522 ἐκφεύγει
712 3451 811 3505 τοῦ
866 3451 1116 3507 διαϐόλου
1153 3465 1167 3480 ο
1224 3449 1411 3519 γήϊνος
1463 3465 1618 3519 μονα)

1867 3465 2017 3521 adit:
2048 3473 2296 3517 terrenus
2317 3468 2498 3514 autem
2521 3467 2577 3513 et
2609 3457 2661 3511 in
2688 3466 2890 3511 terram
2920 3469 3130 3525 pronus
3170 3452 3388 3509 Satana

97 3548 202 3603 καὶ
248 3546 331 3610 είς
362 3545 467 3616 γῆν
498 3542 795 3609 νενευκὼς,
826 3542 1213 3614 περιπείρεται
1250 3538 1447 3621 παγίσι
1477 3553 1618 3591 σατα

866 3542 1213 3614 εεριπείρεται
1250 3538 1447 3621 παγίσι
1477 3552 1700 3591 σατανιο
1798 3571 1859 3614 se
1888 3553 2102 3626 laqueis
2137 3551 2387 3607 “mecm.

98 3639 257 3700 καῖς.

177 3724 385 3794 Γνώμη
420 3721 661 3794 μοναχοῦ
696 3719 990 3783 διαπαντὸς
1026 3717 1169 3772 ἔστω
1200 3713 1483 3787 πρακτικὴ
1523 3711 1698 3784 ἔργων

1873 3738 1962 3793 Η.
2013 3732 2265 3791 Monachi
2327 3731 2548 3787 animus
2592 3730 2798 3802 iugiter
2842 3729 3113 3785 honorum
3160 3736 3392 3799 operum

100 3816 372 3890 ἀγαθῶνο
409 3813 638 3886 γνώμην
669 3811 728 3867 δὲ
761 3808 1000 3885 μοναχοῦ
1043 3808 1349 3882 ἄπρακτον,
1382 3805 1483 3859 οὐκ
1528 3805 1621 3875 ὲμιι

1873 3828 2082 3885 notione
2120 3825 2297 3882 solers
2334 3824 2433 3891 sit;
2476 3823 2635 3893 cujus
2690 3830 2872 3877 autem
2933 3819 3187 3875 monachi
3243 3820 3394 3877 iners

107 3916 319 3971 πλαται
348 3907 554 3979 ἀγαθά.

1823 3921 2049 3987 mimus,
2074 3917 2235 3974 bonis
2266 3933 2372 3972 non
2406 3916 2684 3985 impletur.
3342 3966 3344 3969 ,

184 4004 494 4074 Γυμνάσιον
514 3996 774 4073 μοναχοῦ,
794 3995 1048 4067 λογισμοὶ
1068 3991 1365 4064 ἐπάλληλοι
1380 4007 1397 4023 ο
1422 3989 1705 4064 γρηγόρη-

1882 4013 1969 4068 12.
2011 3984 2333 4067 Exercentis
2374 3984 2539 4063 ludus
2585 4004 2860 4070 monaeln,
2889 4003 3009 4059 aria:
3037 4003 3163 4058 aliis
3200 3984 3397 4073 super?-

112 4115 205 4164 σις
234 4097 292 4153 δὲ
317 4094 583 4169 μοναχοῦ,
616 4092 855 4167 πραΰνει
891 4088 1188 4160 λογισμοὺς
1218 4084 1527 4159 ῥυπαρούς.

1876 4104 2085 4160 nientes
2151 4100 2542 4173 cogitationes;
2608 4098 2781 4154 solers
2838 4104 3023 4150 autem
3089 4109 3155 4149 ac
3214 4093 3396 4165 pervi-

1808 4198 1881 4271 gil
1944 4195 2249 4252 monachus
2316 4191 2564 4248 sordidas
2626 4190 2990 4261 cogitationes
3052 4187 3261 4243 sicurat
3329 4199 3398 4243 ac

191 4378 472 4450 Γεώργιον
528 4372 791 4447 μοναχοῦ,
828 4370 977 4443 ψυχὴ
1039 4369 1222 4439 ἀγαθὴ
1280 4366 1712 4440 καρποφοροῦσα

1881 4292 1967 4346 Iit.

1884 4384 1972 4439 15.
2004 4383 2208 4437 Arvum
2232 4376 2513 4439 monachi,
2564 4376 2743 4430 bonus
2786 4374 3005 4428 animus
3048 4371 3287 4427 fructum
3318 4370 3402 4428 fe-

120 4470 531 4542 εὐαγγελικῶςο
561 4467 837 4539 γεώργιον
867 4466 925 4523 δὲ
960 4462 1137 4534 ἀὐτῆς
1175 4461 1411 4533 μοναχὸς
1451 4460 1641 4528 φάγετε

1878 4491 1943 4531 ns
1968 4489 2029 4529 ex
2057 4469 2387 4542 evangelicis
2413 4466 2755 4530 rationibus;
2779 4465 2898 4534 ejus
2931 4464 3191 4527 fructum,
3227 4463 3399 4520 animi

123 4568 219 4620 τὸν
261 4563 472 4636 καρπὸν
502 4562 706 4632 αὐτῆς·
739 4558 946 4629 γλυκὺς
975 4559 1085 4628 γὰρ
1126 4554 1340 4628 καρπὸς
1379 4554 1439 4607 ὲν
1481 4552 1644 4623 στόμα

1879 4577 2051 4624 Luctum
2088 4562 2327 4620 comedit
2348 4561 2674 4615 monachus.
2711 4556 2893 4611 Dulcis
2924 4557 3068 4611 cnim
3100 4554 3313 4612 fruetus
3343 4558 3400 4616 in

132 4656 391 4730 μοναχοῦ,
424 4655 533 4708 τῶν
563 4653 708 4708 ἰδίων
737 4652 914 4706 πόνων
938 4651 966 4704 ό
1003 4649 1216 4721 μισθός.

1816 4674 1912 4717 ore
1951 4655 2228 4719 monachi,
2257 4653 2506 4707 laborum
2542 4664 2769 4705 suorum
2801 4662 3033 4702 merces.

203 4750 443 4820 Δύναμις
495 4744 758 4820 μοναχοῦ,
808 4743 1164 4816 άκτημοσύνη
1214 4738 1561 4813 βαστάζουσα
1622 4737 1716 4790 τὸν

1892 4749 1978 4804 Μ.
2011 4736 2265 4802 Monac-hi
2302 4744 2493 4806 robur,
2517 4756 2637 4811 qua:
2665 4739 2944 4795 Christum
2980 4746 3181 4808 portet,
3217 4737 3404 4807 inopia

134 4844 386 4915 Σωτῆρα.
445 4841 631 4896 Δεινδν
683 4840 793 4911 γὰρ
840 4837 995 4908 παρὰ
1047 4836 1304 4907 μοναχοῖς
1355 4829 1655 4904 φιλαργυρί

1884 4856 1983 4912 que
2008 4846 2320 4910 paupertas.
2352 4833 2570 4890 Grande
2598 4832 2742 4887 enim
2774 4831 2916 4885 inter
2955 4828 3254 4884 monachos
3288 4845 3405 4882 uia-

135 4909 503 4991 ὰποκλείουσα
539 4909 817 5004 βασιλείαν
845 4927 1115 5001 οὐρανῶν.

1887 4909 1963 4999 in,
1997 4933 2267 4987 bonorum
2305 4926 2598 4998 cupiditas,
2630 4940 2753 4995 qua:
2787 4909 3006 4979 claudat
3035 4937 3262 4993 regnum
3298 4937 3408 4976 cm-

1826 5030 2028 5085 lorum.
3300 5065 3305 5071 .

211 5119 307 5183 Δδς
336 5116 568 5190 καρδίαν
603 5132 719 5179 σου,
750 5111 973 5185 μοναχὲ,
1005 5112 1088 5173 είς
1131 5107 1295 5179 σῶμά
1341 5123 1457 5173 σου,
1489 5107 1579 5160 ἶνα
1626 5106 1727 5160 καὶ

1899 5121 1990 5175 15.
2016 5118 2115 5181 Da,
2144 5114 2432 5178 monache,
2462 5127 2560 5167 cor
2591 5120 2743 5165 tuum
2798 5109 2851 5164 in
2906 5123 3108 5179 corpus
3148 5117 3301 5165 tuum
3338 5107 3408 5173 (ei

142 5213 234 5269 τὸν
261 5211 478 5283 νοητὸν,
528 5209 626 5265 καὶ
661 5207 752 5263 τὸν
787 5202 1094 5277 πρακτικὸν
1123 5197 1430 5271 άποδιώξης
1469 5198 1580 5253 ἀπὸ
1630 5214 1662 5250 σ

1892 5211 2038 5266 ilicet
2090 5206 2356 5276 invigila),
2406 5213 2464 5258 ut
2518 5217 2550 5256 a
2608 5208 2660 5256 te
2723 5208 2779 5254 et
2839 5198 3039 5253 mentis
3107 5196 3327 5266 spiritu,
3358 5203 3412 5249 et

143 5306 237 5363 τδν
264 5305 556 5370 ἀντίδικον,
585 5299 853 5355 διάϐολον.

1893 5304 2043 5359 tione
2077 5298 2348 5374 infensum
2382 5292 2756 5350 adversarium
2784 5290 3048 5360 expelles,
3088 5287 3140 5342 id
3171 5294 3257 5341 est
3294 5287 3414 5339 dia-

1831 5397 2043 5453 bolum.

216 5506 401 5577 Δῶρον
452 5502 657 5573 ἀγαθὸν
714 5498 951 5571 μοναχοῢ
1001 5495 1293 5567 παρθενία,
1333 5490 1731 5562 ἁρματηλάτην

1904 5488 1993 5543 16.
2020 5486 2233 5541 Donum
2278 5482 2481 5537 bonum
2530 5475 2808 5539 monachi,
2836 5472 3155 5545 virginitas,
3187 5483 3312 5541 quae
3355 5467 3413 5523 in

155 5557 390 5653 antenec
411 5557 785 5665 εἰςόὐρανόὺς
819 5557 917 5645 σίν
949 5587 1028 5659 τῷ
1059 5557 1202 5659 άγίῳ
1233 5557 1425 5655 Ἦλίᾴλ
1463 5557 1590 5636 δι’-ὃ
1630 5599 1676 5653 μς

1895 5578 2009 5634 elos
2053 5590 2176 5632 cum
2250 5580 2442 5629 sancto
2498 5567 2616 5624 Elia
2682 5564 2972 5622 sublimem
3033 5561 3282 5635 aurigam
3332 5557 3416 5615 fe-

224 5798 249 5859 ν¹
276 5795 445 5856 lCor.
478 5810 595 5865 vnt,
626 5793 682 5852 8.
758 5796 780 5828 ’
816 5793 1004 5851 Matth.
1035 5808 1123 5860 xv,
1169 5794 1254 5851 l7.
1332 5794 1373 5859 _'
1402 5790 1445 5847 ll
1468 5791 1611 5847 Tim.
1648 5788 1829 5856 "1,6.
