3852 6052
399 345 403 349 .
448 267 603 363 11475

1809 295 1898 358 B.'
1923 300 2394 360 HYPERECHII

3595 297 3732 361 ιιτδ

459 415 546 458 rat
567 403 610 458 δ.
641 401 1006 470 Quamobrem
1047 405 1167 474 ejus
1215 415 1268 460 tu
1300 418 1494 461 amore
1531 405 1810 474 incensus,
1853 424 2039 463 mona-

2172 410 2314 479 ναχὸς
2335 410 2542 482 ταύτης
2567 411 2803 483 ἐραστὴς
2834 412 3146 482 γενόμενος,
3181 410 3357 466 ἐπίϐα
3398 411 3489 482 τῷ
3527 413 3740 481 πυρίη»

461 494 583 556 che,
642 493 860 562 igneum
920 509 1186 562 currum,
1247 496 1449 564 duplici
1503 496 1866 567 lacrymarum
1923 500 2041 552 rivo

459 582 634 638 oculis
669 581 954 638 ﬂuentium
1007 584 1110 638 levi
1150 599 1271 639 rore
1295 599 1647 652 conspersus,
1669 586 2041 640 conscendito.

533 762 620 818 i7.
654 763 832 818 Arbor
860 764 984 819 vitae
1016 765 1068 819 in
1102 767 1274 820 altum
1308 780 1627 836 assurgens,
1658 764 1958 821 humilitas.

534 939 622 994 18.
677 939 978 994 Monachus
1033 948 1228 994 nactus
1271 939 1549 1004 virtutem,
1593 939 1765 994 bonos
1804 938 2046 1008 decerpit

462 1033 696 1086 fructus.

455 1114 462 1120 ”
533 1123 621 1175 19.
657 1119 995 1191 Virginitatis
1025 1119 1219 1182 virtus,
1261 1119 1593 1174 abstinentia
1626 1120 1694 1175 ab
1725 1121 1867 1176 escis
1899 1138 1913 1174 :
1950 1118 2044 1189 qui

458 1225 640 1282 autem
694 1214 995 1267 monachus
1053 1212 1294 1280 crapula:
1355 1212 1572 1266 deditus
1622 1220 1726 1278 est,
1780 1213 1886 1266 vita
1941 1213 2045 1266 erit

458 1305 866 1370 abominabilis,
901 1305 1192 1373 audietque
1224 1318 1291 1358 ex
1323 1302 1526 1356 Christi
1557 1318 1670 1367 ore,
1701 1303 1875 1357 Habes
1904 1318 2042 1356 mer-

459 1396 634 1449 cedem
675 1395 900 1460 tuam‘;
952 1409 1144 1462 nempe
1191 1408 1390 1447 cavens
1432 1393 1636 1456 dicere,
1689 1401 2042 1462 accepturum

458 1501 582 1541 cum
608 1487 913 1540 mercedem
945 1499 1099 1538 suam
1146 1498 1178 1537 a
1214 1483 1458 1548 Christo,
1493 1483 1586 1553 qui
1623 1483 1774 1536 novit
1807 1483 2044 1538 abscon‘

457 1577 592 1632 dita.

526 1667 616 1720 20.
661 1665 984 1733 Monachus,
1040 1681 1161 1734 qum
1205 1673 1334 1721 sunt
1363 1664 1480 1732 Dei,
1527 1665 1636 1722 Deo
1673 1667 1938 1733 tribuens,
1973 1683 2042 1724 ne

459 1759 784 1826 extollatur;
835 1759 928 1814 sed
980 1759 1229 1813 oratione
1271 1759 1339 1812 ail
1375 1757 1544 1812 Deum
1589 1758 1776 1814 dicat:
1815 1759 1928 1813 Tua
1977 1776 2040 1814 ea:
2073 1740 2114 1795 Β

461 1851 569 1904 tuis
605 1851 695 1904 tibi
727 1851 924 1918 offero;
952 1867 1114 1904 unam
1145 1867 1177 1902 a
1210 1859 1258 1903 te
1287 1865 1390 1902 uno
1413 1850 1607 1904 anima:
1634 1850 2041 1918 redemptionem

458 1943 707 2012 quwrito.

530 2031 622 2087 21.
656 2031 912 2088 Orantem
942 2033 1265 2088 monachum
1296 2032 1499 2087 mundo
1528 2031 1712 2087 animo
1736 2033 1790 2087 in
1820 2041 2043 2089 noctur-

459 2125 546 2180 nis
576 2125 826 2195 precibus
857 2125 1113 2179 exaudiet
1147 2125 1410 2179 Dominus
1440 2143 1453 2179 :
1488 2125 1541 2178 in
1575 2125 1664 2178 die
1693 2141 1822 2180 vero
1853 2127 2040 2181 Domi-

459 2231 566 2269 nus
602 2215 752 2268 illum
804 2213 1118 2281 illustrabit,
1165 2229 1230 2269 ac
1275 2215 1422 2269 velut
1477 2214 1687 2269 clarum
1730 2216 1872 2271 diem
1922 2233 2044 2273 esse

461 2305 762 2376 praestabit.

529 2396 619 2449 22.
655 2396 965 2469 Misericors
993 2402 1296 2457 monachus
1322 2401 1394 2457 sit
1438 2402 1671 2460 fratrum
1694 2419 1906 2468 amans,
1933 2415 2042 2459 ter-

462 2502 688 2557 ramque
723 2490 918 2544 bonam
951 2493 1249 2560 possidebit
1275 2494 1316 2547 ⁸.

532 2579 622 2632 25.
657 2577 712 2632 1η
746 2582 1001 2650 superbia
1043 2586 1298 2639 monachi
1335 2601 1441 2640 non
1486 2587 1794 2658 requiescet
1825 2587 1965 2644 Deus
1987 2589 2038 2655 ’ς

461 2670 515 2725 ἱη
543 2671 661 2740 ejus
690 2688 819 2728 vero
858 2674 1165 2731 humilitate
1190 2693 1254 2731 ac
1285 2694 1482 2736 sensus
1517 2681 1784 2736 modestia
1822 2681 2042 2751 requie-

459 2773 577 2819 seet
606 2763 842 2834 Spiritus
883 2776 1128 2825 sanctus.
1161 2768 1338 2842 Hujus
1368 2772 1625 2841 praesidio
1677 2773 1916 2838 virtutis,
1957 2788 2042 2827 re-

457 2872 625 2929 gnum
646 2860 908 2914 caelorum
932 2873 1275 2932 assequetur,
1303 2878 1367 2918 ac
1388 2865 1537 2919 brevi
1560 2865 1678 2933 ejus
1695 2865 2043 2934 possessione

459 2949 772 3007 donabitur.

530 3042 622 3096 24.
660 3043 716 3096 1η
749 3045 896 3099 omni
928 3055 1170 3114 tempore
1204 3047 1274 3101 sit
1308 3061 1338 3100 a
1369 3047 1530 3102 sorde
1557 3046 1758 3102 munda
1785 3045 2037 3102 monachi
2067 3086 2109 3143 ϐ

2148 498 2379 572 ἅρματι,
2409 501 2791 574 δροσιζόμενος
2818 504 2969 559 δυσὶν
3001 505 3210 576 ὀχετοῖς
3242 504 3509 576 δακρύων
3537 505 3606 556 ἐκ
3637 506 3738 558 σῶν

2148 591 2448 662 ὀφθαλμῶν
2479 594 2884 666 προχεομένων.

2216 768 2446 840 Δένδρον
2495 770 2641 842 ζωῆς
2695 772 2779 836 είς
2811 771 2970 843 ,ὕψος
3025 775 3401 846 ἐγειρόμενον,
3457 776 3734 829 ταπείνω-

2148 879 2257 925 σις.

2219 953 2458 1024 Δύναμιν
2516 957 2856 1028 κεκτημένος
2902 958 3166 1029 μοναχδς,
3192 961 3375 1032 τρυγᾷ
3414 961 3549 1023 τοὺς
3602 961 3736 1028 ἁγαο

2148 1045 2278 1109 θοὸς
2304 1047 2573 1119 καρπούς.

2219 1139 2461 1210 Δύναμις
2492 1141 2813 1212 παρθενίας,
2837 1143 3017 1214 ἀποχὴ
3042 1142 3350 1213 βρωμάτων
3377 1159 3392 1173 '
3427 1145 3460 1196 ὁ
3490 1143 3548 1196 δὲ
3582 1161 3733 1212 κραι-

2149 1231 2337 1285 παλῶν
2372 1234 2623 1303 μοναχὸς,
2646 1234 2758 1303 βίον
2789 1235 2952 1288 αὑτοῦ
2983 1235 3431 1305 βδελυχθήσεται,
3451 1237 3550 1288 καὶ
3572 1236 3734 1289 ακούο

2149 1339 2302 1375 σεται
2341 1324 2448 1377 ἀπὸ
2486 1324 2578 1378 τοῦ
2605 1325 2864 1396 Χριστοῦ,
2901 1327 3160 1395 ’Ἀπέχεις
3188 1328 3297 1380 τὸν
3322 1330 3559 1396 μισθόν
3587 1344 3731 1381 σον·

2144 1413 2567 1483 δυσωπούμενος
2599 1415 2656 1469 δὲ
2682 1418 2878 1481 εἰπεῖν,
2910 1417 3143 1487 λήψεται
3186 1420 3276 1470 τὸν
3331 1418 3534 1488 μισθὸν
3571 1418 3730 1472 αὑτοῦ

2149 1505 2304 1575 παρὰ
2333 1505 2428 1559 τοῦ
2455 1506 2524 1560 τὰ
2555 1507 2763 1578 κρύφια
2792 1508 3158 1576 γινώσκοντος
3187 1508 3462 1580 Χριστοῦ.

2215 1663 2406 1728 Διδοῦς
2434 1665 2670 1735 μοναχὸς
2701 1665 2771 1719 τά
2797 1665 2892 1720 τοῦ
2919 1666 3055 1720 Θεοῦ
3095 1666 3174 1738 τῷ
3207 1667 3350 1738 Θεῷ,
3391 1667 3476 1738 μὴ
3514 1668 3733 1736 ἐπαιρέ-

2144 1757 2256 1810 σθω
2275 1773 2290 1788 ο
2315 1757 2571 1825 δεόμενος
2601 1759 2659 1812 δὲ
2685 1759 2778 1812 τοῦ
2805 1760 2965 1822 Θεοῦ,
2995 1760 3221 1828 λεγέτω,
3259 1761 3339 1814 Τὰ
3377 1760 3469 1814 σὰ
3507 1759 3581 1811 ἐκ
3625 1758 3736 1811 τῶν

2143 1847 2274 1902 σῶν
2304 1865 2403 1903 σοι
2438 1851 2756 1920 προσφέρω
2779 1867 2793 1883 ο
2822 1855 3014 1922 μόνον
3044 1851 3203 1920 παρὰ
3232 1851 3353 1906 σοῦ
3383 1853 3594 1921 μόνον
3629 1853 3734 1903 ,1ιὲ-

2143 1955 2368 2010 τρωσιν
2395 1940 2606 2010 ψυχῆς
2642 1941 2808 2010 ζητῶ.
2914 1993 2922 2000 .

2215 2033 2524 2104 Εύχομένου
2578 2034 2817 2106 μοναχοῦ
2863 2035 3123 2107 καθαρῶς
3164 2037 3224 2088 ἐν
3251 2038 3616 2106 νυκτεριναίς
3651 2034 3736 2087 εὐ-

2143 2128 2286 2196 χαῖς,
2349 2125 2692 2180 εἰσακούεται
2758 2127 2999 2198 Κύριος·
3066 2130 3124 2182 ὲν
3185 2129 3373 2198 ἡμέρᾳ
3435 2128 3518 2192 δὲ,
3585 2125 3737 2178 τοῦτο

2143 2217 2453 2290 λαμπρύνει
2506 2217 2734 2289 Κύριος,
2765 2219 2861 2272 καὶ
2903 2219 2978 2283 ὡς
3026 2220 3240 2293 ἡμέραν
3288 2219 3552 2288 καθαρὰν
3609 2219 3734 2271 ἀνα-

2143 2311 2332 2376 δείξει.

2229 2404 2512 2475 Ἐλεήμων
2537 2404 2769 2475 μοναχδς
2794 2402 3117 2473 φιλάδελφος
3148 2401 3311 2468 ἔστω,
3338 2403 3441 2456 καὶ
3463 2403 3727 2472 κληρονο-

2147 2497 2311 2569 μήσει
2333 2498 2433 2567 τὴν
2463 2497 2676 2567 ἀγαθὴν
2705 2497 2832 2567 γῆν.

2227 2587 2318 2641 Ἐν
2349 2588 2704 2658 ὑπερηφανίᾳ
2741 2585 2977 2658 μοναχοῦ
3028 2586 3130 2640 ούκ
3175 2586 3577 2640 ἀναπαύσεται
3628 2585 3736 2636 Κύ-

2147 2695 2292 2750 ριος·
2331 2679 2388 2731 ὲν
2419 2675 2895 2750 ταπεινοφροσύνῃ
2933 2677 2991 2730 δὲ
3023 2676 3191 2731 αὐτοῦ
3230 2675 3630 2730 ἀναπαύσεται
3680 2677 3738 2727 τὸ

2145 2769 2373 2840 Πνεῦμα
2428 2770 2490 2824 τὸ
2539 2769 2716 2838 ἅγιον.
2784 2770 2872 2823 Ἐν
2924 2768 3402 2838 ταπεινοφροσύνῃ
3453 2767 3513 2820 δὲ
3573 2766 3737 2820 αὑτοῦ

2143 2862 2297 2916 ἔσται
2319 2863 2472 2932 ἐν,τῇ
2509 2861 2760 2933 βασιλεία
2781 2862 2890 2914 τῶν
2915 2860 3180 2932 οὐρανῶν,
3204 2860 3301 2913 καὶ
3329 2861 3389 2913 ὲν
3418 2860 3584 2928 τάχει
3612 2857 3739 2926 κλη-

2145 2952 2440 3023 ρονομήσει
2466 2952 2658 3022 αὐτήν.

2231 3045 2319 3098 Ἐν
2349 3043 2516 3097 παντὶ
2544 3043 2722 3114 καιρῷ
2741 3042 2882 3097 έστω
2913 3043 2942 3095 ὁ
2974 3042 3141 3113 χιτὼν
3167 3040 3264 3096 τοῦ
3299 3039 3553 3112 μοναχοῦ
3579 3043 3738 3096 ἄσπι-

461 3129 679 3200 ῑυηῒοιις
715 3151 822 3188 non
862 3153 983 3205 quae
1009 3138 1153 3202 lana,
1187 3153 1374 3206 qurere
1399 3138 1511 3191 lino
1544 3148 1796 3193 contexta
1827 3139 1920 3201 sit,
1946 3138 2039 3193 sed

2172 3151 2266 3197 ος·
2307 3135 2407 3204 οὐχ
2447 3136 2476 3188 ὁ
2509 3133 2764 3202 ῦφαντος,
2803 3132 2919 3186 ἀλλ’
2953 3134 2982 3186 ὁ
3015 3134 3409 3202 πνευματικός.
3459 3133 3555 3184 Ἐν
3600 3133 3735 3203 μέσῃ

461 3222 744 3291 spiritalis.
781 3223 884 3289 Qui
932 3225 1074 3279 enim
1124 3226 1392 3296 ejusmodi
1429 3235 1532 3287 est,
1576 3228 1628 3279 in
1659 3227 1835 3281 media
1880 3236 2039 3292 nocte

2172 3226 2252 3297 ’ὰρ
2297 3226 2456 3278 νυκτὶ
2509 3227 2538 3278 ὁ
2584 3224 2828 3288 τοιοῦτος
2879 3224 3352 3278 συνεισελεύσεται
3396 3223 3482 3294 τῷ
3513 3225 3734 3293 νυμφίῳ

459 3327 584 3369 cum
609 3314 825 3369 Christo
871 3331 1074 3385 sponso
1100 3318 1453 3388 ingredietur.
1477 3319 1664 3372 Oleum
1698 3318 1896 3372 inferat
1921 3335 2040 3375 mo-

462 3405 673 3460 nachus
700 3407 752 3460 in
788 3422 1076 3462 occursum
1113 3409 1296 3477 sponsi
1321 3408 1364 3462 ⁸.

529 3495 619 3550 25.
654 3494 906 3550 Monachi
934 3498 1065 3551 vita
1087 3498 1264 3567 angeli
1299 3498 1352 3551 in
1399 3513 1605 3553 morem
1634 3501 1725 3562 sit,
1755 3509 2038 3570 peccatum

461 3584 710 3642 incendio
732 3602 1062 3643 consumens
1096 3605 1109 3641 :
1147 3589 1257 3643 vita
1313 3589 1458 3643 enim
1487 3591 1740 3645 monachi
1771 3593 2041 3649 omniten-

462 3678 596 3732 tium
627 3679 932 3734 holocausti
966 3681 1169 3735 oblatio
1205 3691 1306 3736 est.

529 3768 618 3821 26.
650 3766 772 3822 Vita
823 3769 1078 3823 monachi
1143 3771 1385 3823 membra
1421 3771 1541 3839 ejus
1583 3770 1843 3842 insignia!
1881 3771 2039 3841 cupi-

458 3843 613 3912 ditati
647 3859 975 3928 libidinique
1007 3868 1295 3926 emortua;
1335 3862 1537 3932 quippe
1576 3863 1662 3916 cui
1699 3863 1842 3918 beati
1876 3861 2041 3918 Joan-

458 3947 546 4002 nis
570 3947 680 4002 vita
714 3963 779 4003 ac
810 3948 1102 4017 disciplina
1136 3951 1444 4020 exemplum
1477 3953 1766 4008 exstiterit.

523 4121 615 4177 27.
669 4121 984 4179 Dremonum
1043 4134 1208 4182 testus
1259 4143 1320 4183 ac
1369 4129 1608 4183 turbatio
1666 4143 1698 4184 a
1765 4131 2038 4186 monacho

455 4211 668 4285 fugiat;
709 4216 955 4285 angelica
1007 4233 1135 4274 vero
1200 4220 1564 4289 tranquillitas
1615 4221 1672 4276 in
1710 4220 1793 4277 eis
1841 4222 2038 4277 choros

456 4306 647 4361 ducat.

2140 3317 2362 3390 Χριστῷ
2420 3320 2502 3381 είς
2547 3317 2647 3388 τὴν
2692 3318 2965 3372 παστάδα.
3004 3316 3230 3371 Ἐλαιον
3274 3315 3666 3388 ὲπικομιζέτω
3706 3316 3732 3367 ὀ

2145 3412 2402 3482 μοναχὸς,
2428 3413 2508 3476 είς
2535 3411 2846 3481 ἀπάντησιν
2874 3409 2970 3463 τοῦ
3005 3408 3263 3480 νυμφίου.

2213 3505 2333 3574 Ζωὴ
2391 3503 2629 3574 μοναχοῦ
2694 3505 2838 3557 κατὰ
2900 3504 3134 3574 μίμησιν
3194 3502 3433 3571 ἀγγέλου
3497 3501 3732 3571 γινέσθω

2141 3595 2560 3665 καταφλέγουσα
2593 3597 2893 3668 ἁμαρτίαν.
2921 3596 3044 3666 Ζωὴ
3073 3596 3183 3668 γάρ
3217 3594 3461 3667 μοναχοῦ
3494 3596 3669 3658 ἐστιν,
3695 3598 3726 3666 ἡ

2141 3689 2249 3740 τῶν
2281 3689 2691 3758 μετανοούντων
2725 3689 3127 3758 ὁλοκάρπωσις.

2215 3779 2337 3849 Ζωὴ
2386 3780 2650 3850 μοναχοῦ,
2695 3779 3191 3852 χαρακτηριζέσθω
3240 3780 3311 3834 τὰ
3362 3780 3504 3850 μέλη
3563 3781 3725 3832 αὐτοῦ

2141 3871 2527 3940 νενεκρωμένα
2565 3870 2701 3940 πρὸς
2728 3869 3027 3940 ἐπιθυμίαν
3072 3871 3409 3940 ὑπάρχοντα.
3460 3871 3589 3942 Ζωὴ
3624 3870 3726 3939 γάρ

2141 3960 2234 4013 τοῦ
2268 3961 2425 4029 ἁγίου
2481 3962 2730 4016 Ἰωάννου
2784 3964 2879 4014 καὶ⁵
2925 3961 3042 4031 βίος
3085 3962 3456 4033 ὑπογραμμός
3498 3979 3586 4014 σοι
3639 3963 3724 4028 γέ-

2142 4066 2322 4118 γονεν.

2218 4141 2368 4210 Ζάλη
2416 4141 2689 4211 δαιμόνων
2721 4140 2830 4195 ἀπὸ
2868 4141 3102 4212 μοναχοῦ
3131 4141 3397 4211 φευγέτω⁶
3428 4141 3644 4213 γαλήνη
3671 4140 3725 4193 δὲ

2141 4232 2392 4301 ἀγγέλων
2443 4233 2597 4302 παρὰ
2629 4235 2884 4304 μοναχοίς
2905 4234 3197 4304 χορευέτω.

521 4395 613 4450 28.
650 4395 974 4452 Daemoniaci
1009 4410 1175 4456 aastus
1221 4401 1396 4456 excita
1428 4405 1690 4473 procella,
1733 4405 2031 4462 monachus

2205 4413 2388 4482 Ζάλης
2417 4412 2742 4482 δαιμονικῆς
2762 4411 3220 4484 ἐπεγειρομένης,
3246 4411 3530 4483 κρατείτω
3567 4427 3725 4480 μονα-

458 4487 595 4543 iram
623 4498 801 4542 teneat
834 4507 849 4543 :
881 4490 987 4544 vita
1023 4493 1165 4545 enim
1197 4494 1448 4548 monachi
1480 4495 1533 4549 in
1559 4496 1782 4553 lenitate
1816 4498 2030 4553 innote-

453 4588 569 4632 scat
606 4587 658 4632 et
687 4580 960 4645 patientia.

520 4667 611 4721 29.
642 4666 881 4723 Fervens
935 4670 1129 4740 spiritu
1179 4673 1486 4728 monachus
1510 4673 1786 4729 diabolum
1837 4676 2022 4748 fugat;

449 4766 506 4813 at
535 4760 626 4828 qui
660 4761 963 4817 monachus
999 4764 1202 4833 injuste
1243 4763 1464 4819 fratrem
1498 4767 1806 4836 aemulatur,
1833 4769 2026 4824 diabo-

451 4849 563 4905 lum
593 4853 659 4906 ad
692 4869 750 4907 se
774 4855 1019 4910 attrahit.
1056 4855 1214 4912 Foris
1242 4858 1387 4912 enim
1420 4859 1661 4914 manebit
1703 4875 1826 4916 cum
1863 4863 2024 4932 quin-

449 4955 556 5008 que
603 4940 768 4999 fatuis
814 4945 1117 5015 virginibus
1143 4947 1186 5014 ”,
1224 4947 1318 5017 qui
1358 4947 1660 5018 lampadem
1696 4967 1852 5007 suam
1904 4954 2024 5009 oleo

386 5102 389 5105 _
449 5030 782 5099 splendidam
825 5035 1112 5106 laetamque
1139 5053 1246 5091 non
1279 5041 1594 5095 reddiderit.

514 5121 602 5175 50.
657 5123 1007 5181 Fermcntum
1073 5128 1292 5183 malitiae
1366 5147 1465 5186 ncc
1526 5133 1839 5189 nominetur
1882 5137 2022 5192 inter

445 5213 763 5270 monachos.

512 5300 602 5356 3|.
641 5303 737 5358 Sol
788 5322 896 5360 non
945 5309 1154 5364 occidat
1208 5326 1372 5382 super
1425 5314 1764 5370 iracundiam
1812 5319 1851 5348 '°
1903 5335 2018 5374 mo-

443 5387 622 5442 nachi.

513 5584 537 5616 ’⁵
567 5585 793 5682 ιγοίὶςῇ.
817 5593 1045 5682 vain:
1076 5595 1260 5653 Matth.
1295 5617 1365 5667 τι,
1401 5603 1449 5658 8.
1546 5607 1567 5636 θ
1591 5607 1778 5664 Matth.
1845 5630 1894 5678 ν,
1951 5617 2001 5668 4.

2172 5634 2245 5672 sa.
2281 5633 2425 5682 an,
2485 5619 2538 5670 2.

445 5653 532 5707 ιο.
611 5659 652 5686 ιο
683 5653 817 5724 Eph.
861 5676 932 5724 ιν,
961 5661 1049 5714 '26.

2136 4507 2228 4577 χὸς
2261 4505 2436 4576 θυμοῦ
2459 4519 2472 4535 ·
2511 4503 2624 4574 ζωὴ
2656 4504 2766 4574 γὰρ
2801 4503 3038 4574 μοναχοῦ
3067 4505 3126 4556 ὲν
3157 4504 3440 4574 πραΰτητι
3472 4502 3572 4555 καὶ
3595 4502 3725 4555 ὑπο-

2137 4601 2275 4668 μονῇ
2307 4595 2686 4668 γνωριζέσθω.

2202 4693 2350 4746 Ζέων
2379 4691 2458 4762 τῷ
2495 4691 2765 4761 πνεύματι
2807 4691 3041 4761 μοναχὺς
3094 4689 3390 4744 άποδιὼκει
3413 4690 3510 4743 τὸν
3545 4688 3724 4746 διάϐο-

2129 4781 2219 4834 λον
2240 4799 2255 4814 ο
2310 4780 2491 4851 ζηλῶν
2523 4780 2582 4833 δὲ
2621 4780 2857 4852 μοναχὺς
2895 4780 3098 4845 ἀδίκως
3128 4781 3220 4834 τὸν
3253 4780 3488 4849 ἀδελφὸν
3537 4781 3720 4846 αὐτοῦ,

2133 4873 2436 4926 ἐπισπᾶται
2469 4872 2560 4924 τὸν
2599 4871 2882 4926 διάϐολον·
2936 4870 3042 4935 ἔξω
3088 4873 3197 4941 γὰρ
3244 4875 3398 4942 μενεί
3447 4875 3595 4943 μετὰ
3621 4875 3720 4927 τῶν

2132 4964 2297 5017 πέντε
2329 4963 2532 5034 μωρῶν
2560 4963 2871 5034 παρθένων,
2903 4966 2932 5018 ὁ
2972 4965 3049 5036 μὴ
3078 4964 3245 5035 ἐλαίῳ
3272 4963 3600 5036 φαιδρύνων
3628 4966 3717 5038 τὴν

2131 5055 2329 5110 ἑαυτοῦ
2355 5056 2637 5125 λαμπάδα.

2201 5144 2358 5217 Ζύμη
2392 5145 2593 5208 κακίας
2621 5145 2697 5217 μὴ
2720 5146 3075 5216 ὀνομαζέσθω
3100 5149 3253 5220 παρὰ
3279 5153 3572 5220 μοναχοίς.

2197 5327 2386 5391 Ἥλιος
2445 5326 2520 5397 μὴ
2579 5325 2855 5382 ἐπιδυέτω
2916 5327 3012 5380 ἐπὶ
3053 5325 3132 5397 τῷ
3178 5329 3567 5400 παροργισμῷ
3626 5347 3688 5399 με

2126 5435 2310 5488 ναχου.

2618 5621 2639 5652 ⁸
2673 5616 2860 5673 Matth.
2937 5636 3063 5686 xxv,
3126 5620 3212 5682 io.
3293 5621 3316 5652 ’
3349 5621 3554 5680 Matth.
3587 5641 3704 5681 xxv.
