3852 6052
68 357 244 422 ὶὰτῖ
1202 352 1303 409 ΑΙ)
1342 342 1701 407 MONACHO

1824 340 2279 400 DHORTATIO.
3232 334 3367 402 1478

157 472 421 539 Ἠσυχος
464 466 720 539 μοναχὶος,
752 466 818 520 οὐ
845 464 1112 534 ταράσσει
1147 459 1442 526 ἀδελφούς·
1470 453 1688 526 κραυγὴ

1867 447 1956 501 52.
2001 447 2196 502 Secum
2228 447 2459 523 quietus
2508 449 2812 504 monachus
2862 463 2971 502 non
3040 446 3220 501 turbat
3253 446 3368 500 fra-

72 562 140 615 Ξὶ
185 537 475 632 μοναχοῦ,
492 537 760 631 ταράσσει
791 557 979 628 μονήν.

1824 552 1905 589 res
1962 553 1975 587 :
2031 537 2238 591 clamor
2305 552 2433 591 vero
2487 539 2739 593 monachi
2800 539 3195 593 monasterium
3252 548 3369 592 tur-

1796 626 1905 681 bat.
3346 620 3355 633 ’

161 735 357 808 *Ηχον
383 735 705 806 ψαλμῳδίας
739 733 814 804 μὴ
841 730 1128 796 ἁνανεύου,
1163 725 1396 801 μοναχέ·
1423 724 1563 792 αὕτη
1584 724 1692 794 γὰρ

1863 718 1955 771 55.
1992 715 2335 772 Psalmorum
2388 717 2441 772 in
2497 718 2707 773 divinas
2760 719 2949 773 laudes
2999 721 3371 775 decantanda;

79 830 119 898 ἡ
156 828 284 882 τῶν
313 827 564 896 ἀγγέλων
599 823 914 894 ὑμνολογία.

1829 810 2011 863 onitus
2048 825 2112 863 ne
2140 810 2448 880 displiceat,
2486 812 2792 877 monacbe;
2823 811 2913 866 hic
2952 813 3097 867 enim
3146 814 3338 883 angelo

1794 916 1917 954 rum
1952 901 2193 955 laudatio
2216 912 2320 956 est.

164 1004 357 1077 Ἤχον
378 1006 622 1077 θεάτρων
641 1002 966 1058 διαϐολικῶν
990 998 1241 1073 φευγέτω
1266 997 1497 1070 μοναχός
1514 1012 1526 1026 ·
1553 994 1693 1065 αὕτη

1868 993 1960 1046 54.
2003 990 2254 1048 Sonitum
2292 992 2509 1047 diabolo
2531 1003 2751 1049 auctore
2779 993 3138 1049 conflatorum
3162 1004 3372 1063 specta-

77 1099 217 1167 γὰρ
253 1100 286 1168 ἡ
314 1098 422 1151 τῶν
450 1096 724 1167 δαιμόνων
753 1094 960 1165 ἀπάτη.

1824 1084 2051 1138 :ulorum
2080 1082 2255 1153 fugiat
2286 1084 2616 1152 monachus;
2653 1085 2742 1140 hic
2767 1086 2912 1140 enim
2943 1086 3252 1140 daemonum
3287 1102 3373 1141 sc-

1798 1176 1986 1232 ductio
2007 1185 2108 1230 est.

177 1274 345 1327 Ἤτω
371 1273 464 1325 ἐπὶ
493 1270 589 1325 τοῦ
614 1270 867 1342 μετώπου
899 1287 994 1324 σου
1019 1271 1047 1323 ὁ
1075 1269 1312 1341 σταυρὸς
1333 1267 1427 1322 τοῦ
1455 1263 1693 1338 Χριστοῦ

1870 1268 1960 1322 55.
1993 1266 2075 1321 Sit
2101 1267 2195 1322 tibi
2225 1267 2280 1321 in
2313 1267 2488 1323 fronte
2521 1269 2672 1323 omni
2704 1278 2944 1339 tempore
2971 1269 3172 1326 Christi
3203 1287 3371 1335 crux;

84 1364 425 1429 διαπαντὸς,
468 1364 669 1434 μοναχέ
689 1380 703 1392 ·
731 1364 848 1434 ἤτω
875 1363 970 1416 καὶ
1005 1364 1063 1415 ὲν
1091 1365 1157 1433 τῇ
1186 1360 1387 1433 καρδίᾳ
1418 1376 1513 1413 σου
1541 1361 1569 1413 ὁ
1603 1358 1695 1427 φό-

1824 1359 1871 1412 it
1904 1366 1957 1412 et
2004 1359 2056 1412 in
2094 1358 2261 1414 corde
2291 1367 2386 1414 tuo
2428 1359 2520 1415 Dei
2557 1361 2739 1426 timor,
2768 1362 2860 1430 qui
2892 1377 3115 1417 exerces
3156 1362 3374 1416 virtutis

82 1455 197 1519 60;
242 1454 339 1509 τοῦ
367 1454 529 1520 Θεοῦ,
554 1455 794 1524 ἀσκητὰ.

1824 1448 2071 1502 ialazstra.
2404 1476 2408 1480 -
2846 1470 2849 1473 λ

187 1547 429 1618 Ἡσυχία
460 1544 699 1617 μοναχοῦ
732 1542 872 1617 μετὰ
896 1545 1144 1616 καθαρᾶς
1175 1544 1426 1614 καρδίας,
1460 1544 1697 1597 δυσωπεῖ

1867 1538 1954 1593 56.
1983 1539 2272 1594 Silentium
2300 1543 2553 1597 monachi
2585 1559 2708 1598 cum
2734 1558 2870 1613 puro
2898 1542 3082 1609 corde,
3110 1540 3369 1613 Spiritum

82 1644 156 1696 τὸ
190 1641 428 1711 Πνεῦμα
462 1640 524 1692 τὸ
556 1640 729 1708 ἅγιον.

1828 1639 2046 1684 anetum
2110 1641 2169 1685 ut
2222 1633 2306 1687 sui
2367 1634 2578 1703 copiam
2642 1634 2804 1690 faciat
2847 1636 3139 1705 veniatque
3168 1635 3374 1704 majore

558 1784 563 1787 _
1798 1721 1957 1791 quasi
1984 1725 2033 1775 vi
2064 1721 2309 1777 inﬂectit.

167 1816 356 1884 'HOO;
398 1820 638 1891 χρηστὸν
679 1819 936 1891 μοναχοῦ,
975 1816 1332 1888 φιλαδελφίαν
1376 1814 1691 1886 ἐργάζεται,

1868 1813 1959 1867 57.
1993 1812 2194 1868 Lenior
2218 1816 2467 1870 monachi
2497 1816 2713 1873 animus
2748 1826 2913 1888 atque
2944 1817 3154 1873 indoles
3178 1816 3375 1872 frater-

89 1913 197 1967 καὶ
230 1912 414 1983 μάχην
444 1910 715 1965 ἀποδιώκε
727 1928 762 1963 ι.

1824 1920 1927 1958 ium
1964 1914 2186 1976 praestat
2218 1922 2484 1973 amorem,
2513 1909 2799 1979 rixamque
2828 1912 2998 1980 fugat.

186 2004 579 2076 Ἰῐρμοσμένος
633 2003 868 2075 μοναχὸς
895 2003 998 2073 ζτῷ
1043 2002 1258 2074 Κυρίῳ,
1310 2001 1387 2073 μὴ
1437 2000 1693 2055 ἐκδιδότω

1864 1992 1955 2046 58.
1990 1992 2224 2063 Aptatus
2258 1994 2491 2051 Domino
2526 1999 2829 2054 monachus
2899 2015 2966 2053 ne
3003 2015 3062 2055 se
3104 2000 3219 2070 ipse
3256 2001 3375 2056 dia-

90 2100 303 2154 ὲαυτὸν
329 2098 405 2169 τῷ
427 2096 680 2167 διαϐόλῳ,
711 2097 801 2151 ἵνα
829 2096 904 2167 μὴ
929 2096 1304 2168 καταισχυνθῇ
1331 2096 1425 2150 ἐπὶ
1447 2094 1542 2149 τοῦ
1561 2113 1696 2166 νυμ-

1824 2084 1920 2139 ›οιο
1955 2084 2136 2152 dedat,
2184 2103 2253 2143 ne
2292 2088 2343 2142 in
2374 2088 2674 2146 thalamum
2709 2091 3069 2157 inducendus,
3113 2093 3375 2147 confusus

90 2192 312 2262 φῶνος.

1824 2175 2106 2232 :rubcscat.

172 2282 391 2355 Θυρεδς
424 2279 661 2353 μοναχοῦ
692 2280 1141 2351 ἀκαταμάχητος,
1169 2280 1335 2351 ὕμνος
1365 2270 1613 2349 ἀγγέλων
1639 2281 1696 2334 ὲν

1865 2266 1953 2322 59.
2004 2267 2232 2323 Scutum
2288 2272 2547 2327 monachi
2590 2273 3030 2345 inexpugnabile,
3073 2276 3374 2346 angelicum

94 2376 348 2445 στόματι
394 2373 561 2427 αὑτοῦ
588 2389 601 2404 ·
659 2371 889 2434 θάνατος
936 2370 994 2424 δὲ
1038 2370 1298 2441 μοναχοῦ,
1332 2369 1500 2441 ὕμνος
1554 2369 1696 2440 ὑπὲρ

1824 2358 1969 2412 nelos
2000 2358 2053 2411 in
2080 2375 2175 2414 ore
2201 2362 2352 2431 ejus;
2384 2378 2530 2418 mors
2560 2380 2690 2419 vero
2718 2366 2991 2431 monachi,
3027 2369 3247 2421 modum
3275 2382 3377 2422 ex-

98 2468 318 2538 μέτρον
350 2463 737 2535 ἀγαπώμενος.

1824 2447 1995 2503 edens
2017 2452 2258 2505 carmina
2296 2453 2613 2508 modulandi
2640 2471 2819 2510 amor.

178 2556 472 2631 Θησαυρὺς
506 2556 741 2627 μοναχοῦ
773 2554 1125 2626 ἀκτημοσύνη
1168 2555 1201 2624 ἡ
1247 2553 1523 2617 ἑκούσιος·
1556 2551 1699 2606 Θειό-

1868 2543 1957 2598 40.
1993 2542 2310 2601 Tbesaurus
2344 2548 2599 2602 monachi
2636 2549 2818 2618 inepia
2850 2565 2915 2606 ac
2948 2559 3239 2621 paupertas
3278 2567 3374 2605 vo-

99 2667 278 2714 τοιτος
308 2648 486 2714 ἔσται,
514 2649 542 2701 ό
570 2646 777 2716 ταύτην
812 2644 1231 2717 ἐπανῃρημένος
1264 2644 1516 2714 μοναχός.

1824 2635 2032 2688 untaria
2057 2652 2072 2701 ;
2099 2636 2479 2692 divinissimus
2508 2638 2611 2692 erit
2643 2640 2737 2708 qui
2779 2640 2899 2709 ejus
2940 2641 3251 2696 institutum
3284 2656 3377 2696 ar-

1800 2726 2048 2796 ripuerit,
2075 2743 2307 2797 eamque
2336 2730 2618 2797 delegerit,
2644 2732 2962 2786 monachus.

175 2830 549 2903 Θησαύρισον,
587 2828 807 2901 μοναχὲ,
850 2828 909 2881 ὲν
954 2826 1205 2898 οὐρανῷο
1250 2826 1550 2894 ἀπέραντοι
1588 2825 1697 2898 γὰρ

1868 2818 1959 2872 41.
1994 2816 2337 2874 Thesaurum
2386 2821 2506 2886 tibi,
2537 2823 2825 2888 monache,
2871 2839 3073 2893 repone
3120 2840 3172 2879 in
3202 2826 3376 2892 coelo;

102 2923 211 2993 τῆς
237 2919 601 2984 ἀναπαύσεώς
631 2937 712 2974 σοι
740 2919 957 2983 αίῶνες.

1824 2912 1950 2967 nullo
2001 2912 2146 2967 enim
2177 2912 2325 2967 exitu
2367 2912 2616 2968 finiendae
2650 2914 2849 2984 quietis
2904 2915 3101 2971 secula
3156 2924 3209 2970 te
3264 2932 3382 2972 ma-

1799 3013 1949 3059 nent.

185 3099 410 3170 Θεωρία
451 3099 710 3170 μοναχοῦ,
755 3100 814 3153 ὲν
841 3098 1092 3170 Γραφαῖς
1117 3098 1300 3169 ἁγίαις
1325 3098 1578 3169 γινέσθω,
1602 3100 1697 3154 καὶ

1872 3096 1962 3150 42.
2020 3095 2274 3152 Monachi
2321 3097 2709 3167 contemplatio
2770 3098 2824 3152 in
2866 3098 3039 3152 sacris
3082 3098 3381 3170 Scripturis

102 3195 141 3263 ἡ
182 3191 407 3246 εὐδοκία
437 3188 602 3245 αὐτοῦ
633 3190 726 3244 ἐπὶ
753 3189 979 3262 Κύριον.

1824 3195 2093 3254 rersetur;
2124 3187 2305 3259 sitque
2349 3188 2469 3257 ejus
2510 3202 2781 3259 propensa
2818 3190 3071 3245 voluntas
3103 3190 3157 3246 in
3196 3190 3380 3246 Domi-

1804 3293 1959 3337 num.

188 3366 343 3438 Θῦρα
373 3365 607 3437 μοναχοῦ
641 3365 718 3438 μὴ
747 3365 963 3437 μοχλοῖς
1000 3365 1239 3438 σιδηροῖς
1271 3365 1556 3420 κλειέσθω.

1871 3369 1964 3426 43.
2004 3367 2257 3424 Monachi
2294 3352 2496 3423 ostium
2556 3367 2749 3423 ferreis
2795 3369 3059 3425 vectibus
3101 3386 3171 3425 ne
3226 3373 3378 3428 clau-

1803 3458 1982 3512 datur.

187 3545 407 3616 Θάρσος
441 3541 700 3613 μοναχοῦ,
730 3541 805 3612 μὴ
834 3542 893 3594 ὲν
920 3541 1193 3611 εὐσαρκίᾳ
1222 3540 1519 3609 φαινέσθω.

1872 3552 1962 3606 44.
1998 3551 2224 3606 Fiducia
2250 3552 2504 3607 monachi
2534 3567 2643 3608 non
2675 3567 2739 3608 eo
2764 3554 2991 3621 eluceat,
3022 3557 3165 3627 quod
3182 3554 3382 3616 ‘carno.

806 3704 810 3708 ,
1804 3658 1900 3698 sus
1924 3652 2222 3712 ventreque
2254 3642 2525 3698 distentus
2562 3652 2664 3699 est.

193 3721 522 3792 Θαυμαστὸν
562 3720 858 3793 πρόσωπον
904 3716 1175 3788 μοναχοῦ,
1226 3716 1332 3770 ὑπὸ
1377 3714 1700 3787 ἐγκρατείας

1870 3733 1963 3788 45.
2015 3732 2221 3802 Dignus
2267 3733 2359 3802 qui
2404 3734 2820 3790 admirationem
2868 3749 3083 3794 moveat
3125 3744 3375 3800 monachi

111 3815 605 3890 λαμπρυνόμενον.

1824 3826 2004 3890 'ultus,
2032 3825 2228 3896 jejunii
2260 3824 2712 3898 abstinentizeque
2746 3828 2869 3885 luce
2903 3830 3286 3900 splendescens
3314 3852 3379 3893 ac

1801 3915 2159 3972 exhilaratus.

207 3991 402 4053 Ίάσεις
433 3988 611 4059 ψυχῆς
644 3986 918 4058 μόναχῶν,
956 3984 1047 4039 διὰ
1080 3984 1402 4059 προσευχῶν
1430 3985 1697 4057 γίνονται,

1871 4010 1962 4065 46.
2004 4009 2393 4065 Monachorum
2442 4009 2609 4065 animi
2652 4011 2913 4069 sanitates
2954 4015 3206 4083 precibus
3236 4033 3377 4088 pra:—

118 4083 221 4139 καὶ
240 4081 305 4136 δι’
337 4077 719 4151 ἐλεημοσυνῶν
740 4077 1122 4149 γνωρίζονται.

1824 4109 2039 4169 ιιειιιιιιδ,
2094 4113 2259 4172 atque
2308 4100 2671 4171 eleemosynis
2721 4102 2777 4156 in
2827 4077 3075 4173 apertum
3134 4077 3378 4176 produn-

1804 4201 1913 4247 tur.

1873 4283 1963 4337 4⁵1.
2003 4281 2204 4336 Hilaris
2227 4281 2382 4337 vultu
2412 4282 2739 4352 monachus,
2770 4286 2889 4355 ejus
2922 4288 3015 4359 qui
3044 4288 3260 4343 virtutis
3284 4304 3378 4358 pa-

1803 4375 1981 4430 laestra
2005 4382 2244 4440 exercet,
2278 4373 2524 4439 refectio,
2566 4390 2967 4450 pravarumque
2989 4381 3375 4453 cogitationum

1803 4465 2117 4521 exstinctio.

166 4277 177 4287 ·
207 4259 414 4331 Ἰλαρδς
442 4260 508 4329 τῇ
538 4255 659 4326 δψει
693 4255 946 4326 μοναχδς,
979 4254 1220 4326 ἀσκητοῦ
1241 4255 1569 4325 ἀνάπαυσις,
1607 4257 1701 4312 καὶ

122 4352 401 4423 λογισμῶν
437 4349 695 4424 πονηρῶν
726 4349 1062 4420 καθαίρεσις.

127 4643 230 4697 χας
250 4624 496 4694 καμήλου
522 4621 819 4692 περιϐεϐλη
831 4623 1011 4690 μένος,
1048 4620 1137 4674 ἵνα
1169 4620 1354 4686 Ἠλίας
1375 4627 1441 4695 τῇ
1478 4624 1701 4697 μηλώτῃ

1824 4646 2075 4699 nelorum
2117 4662 2183 4701 ac
2224 4648 2406 4705 cilicio
2444 4651 2758 4719 indutus“,
2803 4662 2862 4706 ut
2905 4653 3050 4709 Elias
3096 4656 3139 4688 “
3184 4636 3383 4713 meIOte

131 4716 437 4782 σκεπάσας,
478 4718 556 4779 είς
585 4715 847 4784 οὐρανοὺς
880 4713 1152 4784 ἀναγάγῃ.

1824 4748 2059 4806 )pertum
2098 4738 2152 4791 in
2180 4741 2349 4797 caelos
2382 4743 2526 4798 celso
2558 4744 2739 4799 volatu
2771 4745 2955 4799 ducat.

213 4805 467 4868 Ἰάκωϐος
521 4804 679 4875 χερσὶ
718 4802 1131 4873 προτρεπέσθω,
1162 4804 1256 4857 ἐπὶ
1302 4809 1421 4869 ταῖς
1467 4823 1701 4878 προσπι-

1879 4829 1969 4885 49.
2001 4828 2238 4886 Jacobus
2281 4833 2535 4887 manibus
2586 4846 2637 4889 te
2679 4837 2889 4901 incitet,
2921 4837 3017 4907 qui
3048 4837 3104 4892 in
3139 4836 3383 4894 adversis

132 4896 393 4959 πτούσαις
432 4898 739 4967 συμφοραῖς
781 4895 1062 4966 ὑπομονήν
1103 4912 1163 4948 σε
1200 4896 1487 4953 διδάσκων.

1824 4933 1926 4988 [nte
1948 4918 2201 4974 accidunt
2225 4922 2541 4990 patientiam
2571 4934 2622 4980 te
2647 4925 2841 4983 doceat
2870 4928 2936 4982 ³³.

218 4986 469 5056 Ἰωάννης
504 5003 563 5038 σε
604 4986 739 5057 πρὸς
768 4985 860 5038 τὸν
889 4985 1123 5056 ἄναρχον
1167 4986 1341 5055 Λόγον
1379 4988 1701 5061 καθωδήγη-

1824 4985 1836 4988 -
1874 5010 1962 5064 50.
1998 4985 2242 5067 Joannes
2271 5014 2323 5067 in
2358 5012 2596 5072 Verbum
2652 5018 2797 5087 quod
2843 5018 3112 5090 principio
3144 5027 3294 5077 caret
3317 5018 3382 5086 “,
3432 5012 3441 5017 ’

138 5096 247 5135 σεν.
1805 5101 1899 5156 tibi
1934 5101 2133 5156 ductor
2160 5105 2387 5160 exstitit.

218 5171 405 5241 ’ἰκμὰς
433 5170 751 5241 ἱλαρότητος
775 5171 866 5223 ἐπὶ
889 5170 1130 5241 μετώπῳ
1158 5172 1416 5243 γινομένη
1446 5174 1701 5243 μοναχοῦ¹

1878 5192 1967 5249 51.
2008 5190 2211 5248 Hilaris
2268 5196 2409 5251 stilla
2468 5200 2661 5264 animi,
2702 5200 2865 5257 fronti
2902 5204 3150 5258 monachi
3176 5202 3378 5277 aﬂ‘usa,

138 5250 417 5333 ὣφραίνει
475 5262 679 5333 πλῆθος
729 5262 1010 5331 ἀδελφῶνο
1068 5262 1261 5333 ἰταμὸς
1326 5262 1382 5315 δὲ
1450 5264 1701 5335 μοναχδς,

1824 5281 2040 5338 'ratrum
2080 5294 2282 5341 emtum
2337 5300 2575 5359 recreat;
2610 5295 2700 5363 qui
2735 5304 2914 5349 autem
2956 5274 3255 5349 monachus
3286 5309 3377 5363 pe-

140 5354 420 5426 σκορπίζει
451 5353 707 5420 σύλλογον
730 5352 996 5422 ἀδελφῶν.

1824 5374 2073 5430 Lulantior
2110 5386 2194 5435 est
2232 5388 2287 5435 et
2325 5396 2547 5450 procax,
2580 5384 2808 5440 fratrum
2855 5393 3179 5440 conventum
3224 5383 3376 5439 dissi-

1849 5473 1919 5516 at.

222 5545 427 5615 Ἰσότης
455 5545 701 5615 ἀδελφῶν
734 5547 1115 5619 ὑπερηφανίαν
1147 5546 1453 5619 σκορπίζει,
1492 5550 1587 5602 καὶ
1615 5567 1701 5603 τα-

1849 5477 1919 5516 at.

1824 5477 1844 5531 ρ
1882 5553 1971 5607 52.
1993 5556 2295 5627 1Equalitas
2325 5559 2553 5613 fratrum
2581 5562 2893 5630 superbiam
2923 5561 3172 5633 dissipat,
3205 5560 3375 5617 firma

148 5635 573 5706 πεινοφροσύνην
597 5636 757 5706 ῥιζοῖ.

1824 5659 1918 5713 )uc
1953 5646 2134 5702 radice
2158 5648 2519 5703 humilitatem
2553 5649 2712 5707 locat.

215 5747 253 5778 ¹¹
286 5747 476 5827 Matth.
512 5761 593 5814 ιιι,
623 5747 687 5813 4;
726 5746 891 5839 Mare.
926 5765 964 5815 ι,
999 5750 1052 5802 6.
1134 5750 1176 5781 ¹²
1206 5748 1271 5802 IV
1301 5749 1433 5821 Reg.
1466 5768 1524 5818 ιι,
1564 5756 1613 5806 l.

1824 5754 1916 5812 lac.
1950 5774 1988 5825 ι,
2032 5758 2116 5813 ἓ..
2220 5763 2263 5793 ”
2301 5761 2455 5815 Joan.
2494 5779 2531 5829 ι,
2572 5763 2620 5817 1.
