3852 6052
525 283 661 346 1483

588 396 677 450 97.
713 393 815 460 Qui
841 393 1149 448 monachus
1177 393 1233 448 in
1272 394 1352 449 ira
1382 395 1606 468 minime
1639 409 1861 462 compos
1891 395 2086 461 lingua:
2115 399 2161 454 Α

515 498 622 549 est,
651 490 738 542 hic
768 486 888 542 talis
911 501 1010 540 nec
1041 485 1322 541 libidinum
1351 502 1416 542 ac
1441 488 1692 540 vitiorum
1753 501 1970 556 compos
2007 487 2089 540 lu-

519 590 680 634 turus
709 587 813 636 est.

593 669 684 726 98.
736 669 1024 740 Indulgens
1074 670 1167 725 ira:
1211 667 1528 730 monachus,
1578 667 1814 722 animam
1865 667 2088 732 occidit,

521 778 802 834 propeque
830 773 1070 819 astantes
1111 762 1445 817 acutissimis
1489 761 1707 830 gravius
1729 761 2086 814 convulnerat

519 853 741 922 jacuhs.

592 944 680 998 99.
721 942 812 998 Vae
838 943 1104 999 monacho
1130 944 1222 1014 qui
1268 941 1528 1011 justificat
1575 942 1810 1010 seipsqu
1861 941 1913 994 in
1956 955 2091 994 con-

523 1046 713 1102 spectu
745 1035 1061 1090 hominum!
1099 1035 1187 1091 hic
1213 1035 1356 1091 enim
1397 1034 1520 1089 talis
1553 1033 1906 1090 exsecrabilis
1946 1033 2091 1102 apud

525 1123 717 1180 Deum.

593 1217 716 1274 100.
754 1218 945 1289 Segnis
978 1219 1278 1274 monachus
1303 1233 1585 1274 sermones
1617 1232 1786 1271 vanos
1804 1214 2092 1272 meditabi-

523 1320 646 1377 tur;
685 1313 956 1382 fallaxque
985 1313 1396 1385 ejussfabulatio
1421 1329 1484 1368 ac
1508 1313 1856 1383 colloquium.

591 1403 714 1458 101.
755 1403 836 1459 Ira
869 1421 1110 1476 praeceps
1141 1406 1464 1469 monachus,
1499 1405 1551 1459 in
1599 1405 1926 1458 tentatioues
1959 1401 2093 1455 inci-

523 1493 614 1548 det
645 1514 656 1547 :
686 1496 776 1564 qui
809 1504 987 1549 autem
1021 1496 1158 1549 lenis
1191 1506 1293 1562 est,
1327 1495 1536 1550 sedabit
1562 1496 1720 1548 iram.

598 1584 722 1640 102.
789 1587 892 1653 Qui
940 1589 1157 1643 conlidit
1205 1589 1259 1642 in
1306 1589 1552 1658 corporis
1609 1589 1823 1652 robore,
1885 1589 2093 1642 ruinam

522 1677 708 1744 dabit;
741 1680 833 1749 qui
857 1689 1033 1734 autem
1067 1679 1288 1734 conﬁdit
1310 1681 1367 1734 in
1401 1680 1650 1744 Domino,
1689 1680 1871 1733 salvus
1896 1681 2018 1733 erit.

600 1769 718 1823 105.
757 1769 858 1835 Qui
888 1770 1192 1839 proximum
1240 1771 1448 1840 spernit
1487 1779 1547 1825 ut
1589 1779 1948 1840 peccatnrem,
1999 1771 2092 1823 de-
2120 1787 2163 1840 Β

513 1859 745 1928 plorata:
777 1861 939 1916 sortis
975 1862 1274 1916 monachus
1303 1870 1423 1916 est:
1455 1862 1547 1930 qui
1587 1871 1766 1916 autem
1803 1877 1926 1915 eum
1967 1862 2089 1930 plu-

524 1951 602 2006 ris
630 1966 692 2006 se
712 1951 858 2018 facit,
883 1953 1228 2008 exaltabitur.

589 2041 714 2094 104.
754 2033 934 2096 Lenis
968 2045 1266 2096 monachus
1296 2041 1646 2106 exaltabitur,
1679 2051 1733 2095 et
1767 2042 1818 2094 in
1853 2055 2090 2112 conspe-

523 2143 612 2187 ctu
649 2142 960 2202 magnatum
991 2133 1319 2189 laudabitur.

590 2224 714 2279 103.
744 2224 880 2278 Ante
911 2227 1289 2286 tentatioucm,
1331 2233 1382 2278 te
1431 2224 1569 2294 ipse,
1605 2224 1892 2292 monache,
1925 2221 2093 2277 armis

526 2313 754 2378 instrue,
793 2313 1026 2382 (eveniet
1071 2314 1239 2385 enim)
1274 2323 1332 2370 ut
1376 2315 1432 2370 in
1479 2317 1777 2372 tentatione
1835 2319 2093 2387 probatus

523 2421 813 2478 apparens.

575 2498 708 2557 .106.
740 2499 820 2552 Ne
851 2499 1059 2569 amplas
1088 2515 1218 2571 opes
1243 2502 1574 2572 obesamque
1598 2517 1816 2558 carnem
1868 2519 2094 2575 parave-

522 2593 620 2656 ris,
649 2592 941 2659 monache;
972 2609 1091 2662 qua:
1111 2594 1254 2648 enim
1284 2605 1430 2650 arcta
1467 2596 1538 2650 sit
1565 2605 1620 2652 et
1649 2607 1871 2669 angusta
1909 2600 1993 2653 via
2022 2600 2086 2665 ",

521 2685 683 2739 ambo
709 2685 822 2740 haec
848 2687 1074 2756 respuit.

588 2777 710 2833 107.
770 2777 872 2844 Qui
929 2777 1082 2834 Pauli
1123 2779 1428 2850 discipulus
1472 2780 1724 2846 exsistas,
1777 2781 2092 2838 dicito-cum

520 2868 612 2923 illo
641 2886 656 2922 :
691 2867 885 2924 Omnia
911 2869 1202 2924 arbitratus
1227 2887 1345 2925 sum
1366 2879 1424 2925 ut
1450 2883 1703 2937 stercora,
1735 2881 1792 2926 ut
1822 2869 2093 2926 Christum

523 2960 886 3026 lucrifacere":
907 2961 975 3015 ³⁷.

591 3049 713 3103 108.
743 3048 887 3121 Ignis
917 3049 1115 3105 ardens
1143 3051 1196 3105 in
1245 3051 1560 3122 praecordiis
1611 3052 1886 3117 monachi,
1923 3053 2092 3108 libido

522 3153 645 3208 quae
673 3138 726 3192 in
754 3139 976 3210 crapula
999 3154 1227 3195 accensa
1255 3141 1346 3196 sit.

589 3229 711 3284 109.
747 3228 901 3301 Jugis
934 3230 1055 3288 fons
1082 3231 1374 3288 Christus:
1405 3231 1530 3288 inde
1575 3233 1852 3301 hauriens,
1899 3233 2092 3290 olentis

511 3325 732 3382 'tmtoris
761 3326 1070 3381 incendium
1095 3327 1402 3396 exstingue.

594 3419 718 3474 110.
748 3417 896 3486 Quas
927 3419 982 3474 in
1011 3420 1265 3502 manibus
1285 3436 1414 3490 opes
1447 3429 1653 3484 teneas,
1681 3435 1954 3490 quamque
1975 3436 2094 3476 cra-

509 3511 654 3580 «pula
685 3511 906 3567 obesam
949 3527 1167 3568 carnem
1196 3513 1407 3578 reddas,
1443 3528 1550 3568 non
1576 3513 1925 3569 admitteutur
1952 3514 2089 3567 intra

505 3602 648 3658 .caali
675 3601 893 3672 januas.
925 3603 1046 3658 Noli
1075 3619 1222 3675 ergo,
1261 3606 1553 3668 monache,
1589 3605 1840 3661 ﬁduciam
1895 3605 2092 3672 habere

525 3693 577 3746 in
605 3693 809 3748 divitiis
825 3695 1108 3764 obesaque
1131 3695 1310 3750 carnis
1335 3695 1568 3759 luxurie,
1601 3703 1659 3750 ut
1684 3695 1843 3751 liceat
1861 3696 2040 3750 dicere
2075 3712 2087 3748 :

524 3785 744 3840 Dimitte
769 3787 916 3840 nobis
949 3787 1123 3840 debita
1139 3799 1349 3852 nostra,
1387 3789 1524 3842 sicut
1555 3797 1604 3844 et
1633 3805 1726 3843 nos
1771 3788 2090 3842 dimittimus

521 3878 843 3933 debitoribus
871 3881 1065 3934 nostris
1092 3879 1159 3935 ³⁸.

591 3969 714 4024 111.
753 3969 943 4038 Segnis
972 3971 1272 4024 monachus
1298 3983 1333 4022 a
1358 3969 1773 4040 cogitationibus
1801 3971 2089 4026 suﬂ'ocabi-
2171 4021 2174 4024 .

500 4071 635 4124 'tur,
663 4061 800 4116 haud
826 4076 989 4116 secus
1017 4077 1080 4116 ac
1114 4061 1348 4116 triticum
1385 4076 1414 4113 a
1453 4061 1624 4130 spinis
1657 4061 1953 4117 sutlocatur
1987 4066 2052 4117 ".
2080 4111 2088 4132 ,

588 4151 713 4207 112.
734 4151 1217 4222 Verbumpravum
1245 4151 1575 4222 neprol‘erat
1598 4154 1900 4209 monachus
1933 4172 1946 4208 :
1979 4171 2085 4209 non

521 4243 667 4298 enim
689 4243 814 4298 vitis
831 4243 1052 4313 .prolert
1081 4245 1287 4314 spinas.
1315 4242 1326 4254 ⁸

593 4333 708 4387 115.
729 4333 989 4389 Dulcibus
1007 4336 1183 4392 verbis
1207 4335 1732 4404 proximoloquatur
1753 4337 2082 4392 monachus:

501 4441 628 4480 .non
648 4426 793 4480 enim
831 4426 935 4480 mel
967 4427 1382 4482 amaritudinem
1411 4429 1589 4482 habet.

593 4517 714 4572 114.
766 4517 968 4574 Caveat
1035 4520 1339 4575 ninnachus
1393 4538 1460 4575 ne
1499 4523 1570 4578 sit
1593 4523 2074 4594 pigerpraastando

515 4610 740 4681 justitiae
764 4627 972 4681 opera;
1000 4612 1118 4680 apis
1164 4613 1309 4666 enim
1337 4630 1550 4683 semper
1590 4616 1741 4684 operi
1783 4615 1970 4670 sedula
2003 4615 2084 4668 iu-

517 4702 743 4758 cumbit.

591 4795 714 4850 115.
761 4781 1018 4852 Iordanis
1057 4795 1318 4852 ﬂuentum
1371 4799 1653 4868 expiandis
1695 4800 1953 4870 peccatis,
2005 4800 2084 4852 la-

1859 285 1924 344 B.
1964 240 2444 349 nvPERECHm

2112 4487 2160 4547 ο

3645 278 3779 338 1481

2274 392 2331 444 '0
2367 391 2442 464 μὴ
2475 389 2693 461 κρατῶν
2714 387 2978 459 ,γλώσσης
3019 386 3462 458 αὑτοῦ-μοναχὺς
3507 387 3569 440 ὲν
3611 390 3779 457 καιῴ

2191 482 2382 554 ὀργῆς,
2414 481 2532 534 οὐδὲ
2565 479 2751 533 παθῶν
2781 480 3040 550 κρατήσει
3065 481 3093 533 ὁ
3124 479 3395 542 τοιοῦτος.

2273 683 2333 737 '0
2364 683 2714 754 ὀργιζόμενος
2745 680 2976 752 μοναχὸς
3007 680 3224 750 ἀναιρεῖ
3249 678 3460 749 ψυχὴν,
3493 679 3588 730 καὶ
3619 694 3772 729 κατα-

2191 773 2480 843 τιτρώσκει
2510 773 2718 844 βέλεσιν
2741 773 3025 836 ὀξυτάτοις
3051 771 3179 834 τοὺς
3204 770 3438 838 ἔγγιστα
3473 768 3668 823 αὑτοῦ.

2251 953 2402 1006 ,Οὐαὶ
2442 951 2662 1023 μοναχῷ
2689 951 2986 1005 δικαιοῦντι
3025 952 3216 1006 ἑαυτὸν
3255 950 3500 1006 ἐνώπιον
3540 951 3652 1004 τῶν
3683 955 3766 1004 ἐν·

2196 1043 2460 1116 θρώπωνο
2497 1043 2778 1115 βδελυκτὸς
2803 1047 2832 1097 ὁ
2859 1043 3096 1106 τοιοῦτος
3126 1044 3277 1114 παρὰ
3303 1043 3453 1113 Θεῷ.

2279 1225 2538 1297 Ὀκνηρδς
2570 1225 2801 1295 μοναχδς
2832 1223 3117 1295 μελετήσει
3138 1221 3329 1290 λόγους
3357 1219 3660 1290 ματαίους,
3682 1225 3760 1274 καὶ

2196 1317 2230 1387 ἡ
2259 1316 2444 1388 ὁμιλία
2465 1315 2641 1369 αὑτοῦ
2668 1315 2943 1385 ἀπατηλή.

2279 1410 2433 1476 Ὀξὺς
2459 1408 2698 1480 μοναχὸς
2727 1407 3047 1477 ἐμπεσεῖται
3097 1406 3177 1468 εἰς
3227 1402 3582 1475 πειρασμούς
3608 1420 3624 1435 ο
3663 1405 3690 1456 ὁ
3716 1404 3763 1456 ae

2197 1501 2376 1574 πραῢς
2405 1501 2746 1555 καταπαύσει
2773 1500 2964 1571 ὀργήν.

2278 1594 2335 1646 '0
2365 1591 2640 1656 πεποιθὼς
2669 1593 2762 1644 ἐπὶ
2789 1591 3012 1660 δυνάμει
3043 1588 3314 1658 σώματος,
3348 1588 3606 1639 πεσεῖται
3624 1603 3638 1616 ·
3668 1589 3695 1639 ὁ
3716 1588 3762 1639 δὲ

2198 1683 2472 1748 πεποιθὼς
2495 1684 2591 1738 ἐπὶ
2621 1683 2846 1754 Κυρίου,
2875 1682 3201 1752 σωθήσεται.

2271 1779 2331 1832 '0
2359 1777 2646 1843 ὲξουδενῶν
2681 1777 2772 1829 τὸν
2801 1775 3027 1846 πλησίον
3065 1774 3141 1838 ὡς
3177 1771 3549 1843 ἁμαρτωλὸν,
3595 1770 3761 1822 ταλαί-

2194 1887 2376 1943 πωρος
2407 1868 2637 1940 μοναχός
2655 1884 2669 1898 ·
2705 1869 2734 1921 ὁ
2761 1867 2817 1922 δὲ
2846 1865 3125 1939 προτιμῶν
3149 1865 3243 1918 -τὺν
3271 1862 3537 1934 πλησίον,
3565 1861 3765 1932 ﬁniet}-

2195 1979 2368 2016 σεται.

2262 2053 2449 2124 ΙΙραῢς
2478 2051 2708 2124 μοναχὸς
2733 2048 3096 2119 ὑψωθήσεται,
3121 2046 3215 2100 καὶ
3234 2047 3290 2099 ὲν
3311 2044 3476 2110 ὂψεσι
3497 2043 3763 2096 δυναστῶν

2192 2145 2632 2215 ἐπαινεθήσεται.

2263 2240 2377 2312 Πρὸ
2405 2238 2712 2310 πειρασμοῦ
2747 2235 3040 2300 καθόπλιζε
3070 2233 3318 2297 σεαυτὸν,
3356 2232 3566 2302 μοναχέ
3587 2247 3603 2260 ·
3640 2248 3762 2298 συμ-

2193 2333 2419 2403 ϐήσεται
2463 2331 2598 2401 γὰρ,
2650 2331 2737 2383 ῐνα
2781 2331 2838 2382 ἐν
2885 2327 2964 2396 τῷ
3010 2326 3303 2398 πειρασμῷ
3361 2325 3596 2394 δόκιμος
3641 2325 3760 2375 ἀνα·

2193 2425 2386 2495 φανῇςο

2265 2514 2500 2570 Πλοῦτον
2543 2513 2638 2568 καὶ
2685 2511 3051 2582 πολυσαρκίαν
3083 2508 3158 2580 μὴ
3189 2509 3402 2579 κτήσῃ,
3438 2505 3684 2575 μοναχὲο
3724 2507 3752 2571 1;

2193 2610 2300 2680 γὰρ
2349 2608 2509 2677 στενὴ
2557 2605 2653 2661 καὶ
2699 2604 3031 2676 τεθλιμμένη
3081 2601 3199 2663 ὁδὸς
3254 2599 3322 2651 τὰ
3377 2599 3758 2667 συναμφότερα

2192 2700 2512 2757 ἀπωθεῖται.

2263 2791 2480 2847 Παύλου
2538 2788 2826 2860 γενόμενος
2884 2784 3126 2855 μαθητὴς
3151 2824 3167 2849 ,
3202 2781 3333 2850 λέγε
3403 2781 3508 2834 σὺν
3573 2779 3722 2848 αὖτῷ
3747 2795 3760 2808 ·

2195 2883 2459 2953 ’Ήγημαι
2494 2877 2692 2933 πάντα
2719 2877 2994 2931 σκύϐαλα
3017 2871 3189 2938 εἶναι,
3219 2873 3320 2924 ἵνα
3347 2871 3617 2940 Χριστὸν
3643 2887 3764 2937 περ·

2194 2973 2384 3047 δήσω.
2551 3003 2566 3014 κ
2639 2969 2642 2972 ’

2265 3065 2386 3138 Πύρ
2424 3065 2720 3136 ςκαιόμενον
2773 3063 2832 3114 ὲν
2885 3061 2999 3123 τοῖς
3052 3056 3305 3126 ἑγκάτοις
3357 3053 3456 3107 τοῦ
3510 3048 3764 3122 μοναχοῦ,

2119 3129 2161 3186 C
2194 3129 2440 3230 ﬁtiov'h'év
2469 3129 2746 3227 κραιπάλῃ
2775 3149 3138 3220 ὲναπτομένη.

2255 3249 2421 3320 Πηγὴ
2450 3247 2675 3310 ἀένναος
2704 3247 2733 3298 ὁ
2763 3245 2997 3316 Χριστός
3024 3261 3038 3275 ο
3093 3244 3158 3295 ὲκ
3205 3241 3412 3309 ταύτης
3445 3238 3766 3308 ἀρυόμενθςι

2192 3341 2292 3412 τὴν
2318 3339 2525 3409 δυσώδη
2557 3339 2834 3409 πυρκαϊὰν
2865 3333 3186 3388 ἀπόσϐεσον.

2263 3433 2497 3496 Πλοῦτος
2527 3433 2584 3485 ἐν
2612 3421 2771 3502 χερσὶ
2799 3428 3180 3499 κατεχόμενος,
3211 3426 3306 3479 καὶ
3337 3423 3691 3495 πολυσαρκὶα
3719 3424 3766 3472 ὲν

2193 3523 2468 3597 κραιπάλῃ
2500 3520 2884 3591 συνισταμένη,
2916 3519 3014 3571 οὐκ
3045 3515 3453 3586 είσδεχθήσεται
3487 3516 3571 3574 εἰς
3605 3513 3763 3574 πύλας

2191 3612 2454 3685 οὐρανῶν.
2484 3608 2764 3671 Πεποιθὼς
2789 3607 2881 3661 οὖν
2909 3607 3067 3670 ἔστω,
3103 3603 3321 3673 μοναχὲ.
3357 3601 3433 3671 μὴ
3464 3601 3527 3652 ὲν
3557 3598 3762 3664 πλσύτῳ

2179 3707 2286 3760 καὶ
2328 3700 2687 3773 πολυσαρκίᾳ,
2721 3699 2806 3752 ἵνα
2832 3697 3054 3760 δυνατὸς
3091 3691 3159 3767 ᾗς
3201 3692 3296 3746 τοῦ
3339 3693 3547 3760 λέγειν,
3598 3694 3761 3758 Ἄφες

2191 3799 2336 3869 ἡμῖν
2363 3797 2432 3851 τὰ
2454 3793 2823 3864 ὀφειλήματα
2850 3789 3038 3860 ἡμῶν,
3074 3789 3154 3854 ὠς
3185 3786 3284 3840 καί
3319 3784 3494 3854 ἡμεῖς
3518 3785 3759 3852 ἀφίεμεν

2194 3891 2314 3958 τοῖς
2340 3887 2670 3959 ὀφειλέταις
2695 3883 2882 3953 ἡμῶν.

2269 3982 2538 4052 Ῥᾲθυμος
2569 3977 2801 4048 μοναχὺς
2831 3974 3170 4044 πληγήσεται
3201 3969 3306 4025 ὑπὸ
3344 3969 3652 4041 λογισμῶν,
3689 3970 3758 4032 ὡς

2189 4073 2294 4128 ὑπὸ
2322 4071 2570 4126 ἀκανθῶν
2605 4073 2770 4132 σῖτος.

2270 4165 2449 4234 Ῥῆμα
2473 4162 2707 4232 πονηρὸν
2734 4161 2808 4230 μὴ
2852 4159 3175 4230 προφερὰω
3214 4159 3446 4229 μοναχός
3467 4174 3483 4187 ’
3516 4157 3756 4228 agtme

2185 4257 2294 4328 γὰρ
2324 4252 2705 4322 ἀκανθηφὸρος
2733 4250 2792 4302 οὐ
2824 4249 3055 4318 γίνεται.

2267 4347 2504 4416 Ῥήμασι
2549 4341 2906 4409 γλυκυτάτοις
2953 4339 3178 4394 λαλείτω
3228 4340 3458 4410 μοναχὺς
3501 4338 3583 4409 τῷ
3625 4338 3756 4407 πλη-

2189 4439 2300 4494 σίον
2320 4455 2332 4468 ·
2367 4437 2490 4506 μέλι
2520 4434 2626 4505 γὰρ
2657 4435 2880 4505 πικρῖαν
2908 4435 3007 4486 οὐκ
3038 4433 3169 4502 ἔχει.

2263 4529 2532 4600 Ῥᾴθυμος
2603 4524 2830 4596 μοναχὸς
2901 4523 2974 4593 μὴ
3039 4521 3272 4589 γινέσθω
3333 4519 3474 4589 πρὸς
3537 4520 3605 4572 τὰ
3662 4519 3754 4587 τῆς

2183 4619 2524 4690 δικαιοσύνης
2554 4619 2690 4688 ἔργα
2709 4633 2724 4648 ο
2769 4617 2803 4687 ἡ
2831 4614 2938 4686 γὰρ
2970 4613 3198 4685 μέλισσα
3225 4613 3311 4666 διὰ
3343 4613 3544 4674 παντὸς
3592 4613 3752 4680 ἐργά-

2187 4715 2354 4778 ζεται.

2269 4802 2510 4874 Ῥείθρον
2552 4800 2818 4873 Ἰορδάνου
2862 4797 3160 4867 καθάρσιον
3202 4795 3626 4865 ἁμαρτημάτων
3666 4793 3750 4844 δά-

518 4903 738 4956 crymaz.
770 4889 859 4943 Ait
884 4891 1029 4943 enim
1051 4889 1330 4946 Christus:
1353 4891 1504 4945 Beati
1521 4891 1820 4963 quilugent,
1837 4893 2084 4962 quoniam

2238 4913 2349 4966 ρυα.
2398 4895 2628 4965 Χριστὸς
2660 4893 2764 4962 γὰρ
2794 4888 2948 4945 εἷπε·
2991 4887 3280 4957 Μακάριοι
3318 4889 3374 4939 cl
3412 4888 3746 4948 κλαίοντες,

519 4977 930 5032 consolabuntur
958 4981 1024 5033 '°.

600 5067 721 5123 116.
747 5069 1013 5124 Perﬂatur
1036 5071 1336 5126 monachus
1384 5073 1778 5143 cogitationum
1818 5073 2081 5137 turbine;

519 5161 635 5229 ipse
672 5177 800 5232 vero
844 5162 1104 5234 angelicis
1150 5163 1330 5218 verbis
1377 5166 1617 5234 seipsum
1677 5165 1909 5219 tirmiter
1969 5174 2083 5218 sta-

520 5256 654 5300 tuat.

586 5341 709 5395 117.
746 5340 960 5406 Libera,
993 5344 1291 5409 monache,
1341 5355 1540 5416 quanta
1594 5345 1823 5401 facultas
1869 5345 2079 5414 absque

517 5433 715 5500 probro
746 5433 1054 5502 proximum
1087 5451 1116 5490 a
1150 5445 1411 5506 peccato:
1437 5437 1580 5493 Deus
1609 5438 1752 5494 enim
1782 5453 1887 5494 non
1905 5439 2075 5509 repel-

517 5521 579 5574 tit
611 5536 705 5577 eos
735 5523 828 5592 qui
855 5535 1263 5582 convertuntur.

2176 4987 2272 5040 -ὅτι
2306 4984 2683 5056 γελάσονται.

2263 5076 2561 5140 Ῥιπίζεται
2594 5073 2819 5144 μοναχὸς
2848 5072 2952 5125 ὑπὸ
2986 5070 3246 5132 λαίλαπος
3290 5068 3572 5137 λογισμῶν
3596 5085 3610 5096 ·
3659 5069 3746 5139 βῆ-

2177 5167 2398 5240 ’μασι-δὲ
2427 5169 2489 5234 ἀγ
2501 5165 2733 5233 γελικοίς
2767 5162 3066 5233 στηριζέτω
3091 5160 3284 5213 ἑαυτὸν
3312 5160 3624 5231 κραταιῶς.

2264 5345 2470 5404 Ῥῦσαι,
2502 5341 2721 5413 μοναχὲ,
2756 5339 2848 5393 τὸν
2885 5339 3108 5408 πλησίον
3137 5338 3246 5392 ἀπὸ
3274 5338 3554 5408 ἁμαρτίας
3587 5336 3744 5406 χωρὶς

2181 5435 2503 5507 ὀνειδισμοῦ,
2537 5435 2634 5502 ὅση
2670 5449 2750 5484 σοι
2780 5431 3028 5501 δύναμις·
3051 5430 3184 5494 Θεὸς
3208 5429 3317 5500 γὰρ
3339 5431 3469 5491 τοὺς
3499 5430 3743 5498 ἐπιστρέ-

2181 5545 2378 5600 φοντας
2406 5527 2504 5580 οὐκ
2533 5523 2856 5579 ἀπωθεῖται.

547 5723 603 5752 ³⁵
628 5721 815 5779 Matth.
841 5740 938 5793 vn,
964 5730 1048 5784 14.
1126 5731 1170 5770 ’τ
1198 5728 1439 5803 ‘Philipp.
1475 5747 1553 5800 ιιι,
1597 5733 1650 5789 8.
1728 5734 1773 5768 ³³
1807 5733 1976 5796 Matth
2007 5759 2010 5766 -
2048 5749 2092 5790 γι

2241 5699 2300 5785 .’
2333 5733 2377 5767 ιο
2410 5732 2574 5790 Marc.
2609 5749 2680 5800 ιγ,
2723 5733 2775 5790 7.
2858 5732 2902 5767 ιο
2931 5729 3118 5786 Matth.
3169 5714 3219 5799 ι’,
3251 5726 3307 5786 5.
