3852 6052
76 317 252 381 1485

1162 329 1261 388 ΑΙ)
1302 326 1704 387 MONACHOS
1745 322 2254 394 ADHORTATIO.

3211 329 3346 392 1486

166 433 362 502 Ῥῆμα
410 435 749 498 κακίας·καὶ
797 438 1062 509 πονηρίας
1113 439 1188 510 μὴ
1237 441 1569 513 ἀποκλείσῃς
1617 443 1674 493 ὲν

1849 443 1968 500 118.
2007 445 2242 500 Verbum
2276 446 2493 501 malitia:
2547 454 2602 499 et
2645 444 2901 516 nequitia:
2954 458 3021 499 ne
3080 445 3347 498 elauseris

65 525 300 596 καρδίᾳ
323 541 415 578 σου
447 527 588 580 κατὰ
615 529 710 581 τοῦ
738 529 968 599 ἀδελφοῦ
1001 548 1116 595 σου,
1142 532 1362 601 μοναχὲ,
1393 533 1481 586 ἴνα
1509 533 1670 585 δυνα-

67 616 181 679 τὸς
217 613 289 690 ᾖς
316 617 604 688 τοῦ-λέγειν
623 636 638 652 ο
683 623 866 691 Ἄφες
895 622 1040 690 ἡμῖν
1070 623 1141 678 τὰ
1160 623 1549 693 ὀφειλήματα,
1578 625 1672 677 καὶ

68 710 152 760 τὰ
191 709 348 779 ἑξῆς.

156 797 444 866 Στέφανος
477 802 730 872 μοναχοῦ,
759 805 948 876 είρήνη
974 804 1065 858 καὶ
1084 805 1354 876 ἁγιασμός
1372 821 1387 836 ⁸
1418 807 1447 858 ὁ
1476 821 1674 875 κεκτη·

76 891 266 960 μένος
299 894 460 958 αὐτὰ,
493 894 681 965 ὄψεται
710 897 801 949 τὸν
831 897 1059 969 Κύριον.

159 985 503 1059 Σωφροσύνη
532 989 765 1059 μοναχοῦ
789 989 1064 1058 ἀνυψώσει
1095 990 1340 1061 κεφαλὴν
1367 988 1554 1054 αὐτοῦ,
1581 989 1675 1042 καὶ

73 1074 144 1126 ὲν
181 1077 344 1147 μέσῳ
365 1078 546 1132 καλῶν
573 1080 986 1151 δοξασθήσεται.

158 1167 416 1242 Σώφρων
446 1172 680 1243 μοναχδς
707 1175 764 1228 ὲν
795 1173 1112 1246 ἐκκλησίαις
1137 1175 1520 1246 τιμηθήσεται.

165 1345 350 1414 Σοφία
395 1349 628 1419 μοναχοῦ
684 1350 759 1421 μὴ
813 1353 871 1405 ὲν
919 1351 1256 1424 κομπολογία
1303 1353 1672 1424 γνωριζέσθω,

81 1435 220 1488 ἀλλ’
253 1439 312 1490 ἐν
340 1439 593 1511 εύσεϋείᾳ
621 1443 716 1496 καὶ
749 1443 1019 1513 πραΰτητι
1047 1444 1299 1511 γινέσθω.
1332 1445 1501 1513 Σοφὸς
1527 1444 1676 1498 ἔσται

83 1533 116 1582 ὁ
149 1532 424 1597 τοιοῦτος,
468 1536 564 1588 καὶ
612 1537 894 1608 οἰκονόμος
924 1539 1161 1610 πλήθους
1201 1539 1465 1606 ἀδελφῶν.
1507 1538 1678 1605 Σοφὺς

83 1624 211 1696 γὰρ
244 1626 460 1697 άληθῶς
495 1629 664 1693 ἐστιν,
703 1631 800 1701 οὐχ
828 1633 856 1684 ὁ
883 1630 961 1702 τῷ
990 1631 1133 1702 λόγῳ
1175 1631 1460 1698 διδάσκων,
1507 1631 1620 1686 ἀλλ’
1649 1633 1679 1684 ὁ

84 1717 172 1788 τῷ
206 1718 358 1790 ἔργῳ
388 1718 676 1774 παιδεύων.

169 1913 408 1977 Συνετὸς
441 1917 668 1986 μοναχὸς
697 1915 981 1986 φάλαγγας
1023 1918 1295 1988 δαιμόνων
1348 1917 1678 1985 πυκτεύσας,

88 2005 352 2075 ἄτρωτος
377 2007 621 2076 διαμένει
647 2007 756 2060 τῶν
789 2009 998 2062 ἐκεῖθεν
1031 2009 1220 2080 βολῶν.

171 2189 578 2261 Στηριζὸμενος
626 2192 856 2262 μοναχὸς
905 2192 984 2262 τῷ
1029 2193 1248 2265 σταυρῷ
1287 2192 1381 2246 τοῦ
1422 2192 1676 2264 Χριστοῦ,

92 2282 204 2351 τὴν
234 2282 478 2352 κεφαλὴν
511 2285 792 2354 συντρίψει
821 2285 914 2338 τοῦ
945 2286 1257 2355 δράκοντος.

174 2373 363 2442 Στόμα
420 2375 654 2444 μοναχοῦ
712 2375 1009 2443 ἀνοιγὲσθω
1068 2375 1210 2446 λόγῳ
1265 2375 1397 2428 Θεοῦ
1422 2391 1436 2405 °
1498 2377 1593 2429 καὶ
1647 2378 1679 2446 ἡ

92 2466 304 2535 καρδία
337 2465 500 2520 αὐτοῦ
533 2468 821 2533 διαπαντὸς
851 2467 1128 2538 μελετάτω
1157 2469 1310 2536 λόγια
1338 2469 1472 2522 Θεοῦ
1503 2470 1680 2539 ἀμετ·

95 2558 409 2626 εωρίστως.

172 2652 244 2704 Τί
253 2643 372 2722 μιοῦ
399 2651 586 2723 κτῆμα
611 2653 843 2722 μοναχοῦ
873 2653 1137 2722 παρθενία
1163 2653 1300 2721 φωτὶ
1319 2653 1682 2722 ἐλεημοσύνης

96 2741 548 2811 καταλάμπουσα
569 2759 581 2773 ’
607 2741 765 2796 τοῦτο
786 2743 1024 2812 φυλάξας
1051 2744 1302 2814 μοναχὸς,
1324 2743 1684 2797 εἰσελεύσεται

99 2836 190 2897 εἰς
219 2834 314 2886 τὸν
343 2833 627 2903 νυμφῶνα.
725 2901 732 2914 1
887 2828 896 2837 ’

178 2926 436 2997 Τήρησον
466 2925 682 2984 ἐντολάς
724 2925 1004 2994 Ὑψίστου,
1043 2925 1266 2995 μοναχὲ,
1301 2924 1394 2977 καὶ
1427 2924 1684 2994 Πατέρων

100 3016 494 3088 παραγγελίας
539 3015 771 3086 φυλάξαι
836 3015 1158 3080 σπούδασον,
1190 3013 1408 3084 ἀσκητὰ
1434 3029 1448 3043 ·
1511 3012 1683 3067 ταῦτα

1708 1787 1757 1850 Β

1776 540 1830 593 in
1866 538 2030 594 corde
2079 545 2174 592 tuo
2214 539 2476 594 adversus
2522 535 2744 591 iratrem
2790 546 2964 600 tuum,
2997 551 3030 589 ο
3063 539 3346 602 nionache,

1777 639 1834 686 ut
1878 631 2036 686 liceat
2086 630 2306 686 dicere:
2371 629 2583 684 Dimitte
2617 629 2766 683 nobis
2800 629 2974 682 debita
2997 642 3202 692 nostra,
3231 640 3338 682 etc.

1848 820 1967 885 119.
1999 837 2211 886 corona
2241 826 2517 891 monachi,
2564 841 2666 896 pax
2693 833 2748 879 et
2793 823 3151 878 sanctimonia
3179 841 3192 888 ;
3227 840 3347 892 qua:

1774 921 1866 994 qui
1901 931 2096 976 nactus
2140 919 2322 984 fuerit,
2364 917 2568 974 videbit
2603 916 2894 972 Dominum
2926 917 2992 972 ³¹.

1847 1013 1970 1068 120.
1999 1012 2236 1068 Castitas
2261 1010 2514 1066 monachi
2560 1009 2792 1064 sublime
2821 1007 2969 1062 tollet
3000 1014 3164 1076 caput
3195 1005 3310 1074 ejus
3329 1045 3343 1071 ,

1774 1113 1829 1160 et
1857 1105 1910 1158 in
1945 1104 2122 1158 medio
2151 1103 2416 1157 bonorum
2446 1098 2862 1155 clarilicabilur.

1849 1195 1970 1249 121.
2008 1193 2205 1250 Castus
2257 1192 2559 1247 monachus
2603 1191 2658 1244 in
2699 1186 3070 1260 .conventibus
3113 1185 3351 1239 honora-

1775 1284 1940 1342 bitur.

1851 1377 1973 1431 122.
2024 1375 2300 1445 Sapientia
2342 1371 2594 1428 monachi
2641 1385 2750 1425 non
2798 1368 2852 1423 in
2897 1383 3091 1439 pompa
3155 1366 3350 1421 verho-

1778 1485 1900 1523 rum
1947 1471 2269 1532 innotescat,
2302 1466 2396 1522 sed
2425 1468 2476 1519 iu
2513 1468 2711 1534 pietate
2733 1477 2797 1516 ac
2835 1461 3054 1516 leuitate
3084 1457 3342 1513 exsistat.

1781 1560 1880 1616 llic
1919 1563 2041 1616 talis
2084 1561 2301 1629 sapiens
2349 1559 2470 1619 erit,
2511 1567 2565 1611 et
2591 1555 2680 1626 qui
2726 1555 2953 1609 fratrum
2983 1551 3149 1607 coetui
3179 1549 3346 1619 aedili-

1781 1652 2053 1706 cationetn
2112 1657 2350 1722 praestet.
2386 1646 2613 1717 Sapiens
2644 1646 2788 1701 enim
2839 1654 2941 1705 est,
2983 1657 3090 1696 non
3117 1640 3347 1710 quiser-

1789 1759 1947 1798 mone
1989 1743 2191 1807 docet,
2229 1741 2324 1796 sed
2369 1740 2460 1810 qui
2505 1752 2670 1808 opere
2722 1736 2904 1791 erudit
2949 1749 3014 1789 ac
3056 1731 3216 1788 ollicii
3254 1730 3351 1784 ad-

1786 1845 1988 1892 monet.

1854 1934 1979 1989 125.
2011 1929 2261 1986 Prudens
2299 1926 2599 1982 monachus
2637 1940 2701 1979 ac
2731 1923 3056 1990 intelligens,
3087 1934 3208 1974 cmn
3236 1927 3352 1971 tur-
3453 1992 3464 2002 ἦ

1780 2027 1865 2080 bis
1898 2025 2203 2079 datumuum
2250 2021 2599 2084 colluctatus,
2652 2032 2842 2072 eorum
2897 2016 3098 2068 illaesus
3149 2008 3349 2080 jaculis

1781 2127 2106 2188 perseverat.

1857 2211 1977 2266 121.
2006 2209 2303 2265 Monachus
2345 2208 2439 2278 qui
2483 2207 2685 2261 nitatur
2722 2201 2928 2259 Christi
2973 2215 3156 2262 cruce,
3189 2207 3350 2267 caput

1783 2313 2029 2362 conteret
2058 2304 2331 2358 draconis.
3201 2288 3204 2290 ’

1855 2397 1974 2451 125.
2011 2395 2085 2450 Os
2113 2392 2364 2448 monachi
2399 2391 2676 2461 aperiatur
2704 2388 2948 2444 sermoni
2973 2383 3098 2446 Dei;
3123 2383 3350 2450 ejusque

1785 2501 1998 2555 semper
2059 2485 2274 2539 animus
2336 2482 2473 2537 nihil
2523 2495 2654 2552 vaga
2702 2488 2884 2534 mente
2933 2473 3226 2529 meditetur
3256 2469 3347 2525 Dci

1783 2579 2020 2647 eloquia.

1856 2670 1977 2725 126.
2004 2669 2245 2724 Pretiosa
2277 2665 2556 2736 possessio
2596 2661 2849 2718 monachi
2899 2659 3180 2730 virginitas
3209 2658 3353 2712 elee-

1785 2763 2170 2834 mosynaaluce
2223 2761 2580 2814 collustrata:
2619 2757 2720 2810 hac
2757 2753 3063 2808 monachus
3132 2761 3349 2804 servata

1786 2856 1841 2910 in
1869 2855 2161 2924 nuptialem
2195 2851 2494 2906 thalamum
2525 2849 2876 2921 ingredietur.

1858 2947 1979 3001 127.
2032 2945 2198 3000 Serva
2229 2943 2493 2998 Altissimi
2522 2941 2796 3005 mandata,
2830 2938 3131 3002 monache;
3165 2950 3228 2989 ac
3258 2934 3350 3004 qui

1791 3038 2006 3092 virtutis
2055 3037 2303 3106 palaestra
2349 3047 2595 3098 exerces,
2637 3046 2769 3085 cura
2799 3039 2859 3084 ut
2908 3043 3093 3084 serves
3122 3024 3347 3079 Patrum

101 3110 224 3182 γὰρ
257 3109 450 3174 ποιῶν,
494 3109 825 3180 κληρονόμος
873 3107 1148 3178 βασιλείας
1184 3105 1427 3178 οὐρανῶν
1470 3106 1682 3158 ἀναδει-

1821 3137 2134 3185 Ocumcnta.
2160 3126 2288 3181 Hzec
2323 3125 2467 3181 enim
2513 3123 2559 3178 si
2608 3121 2822 3182 feceris.
2855 3121 3027 3175 hatres
3059 3117 3210 3188 regni
3240 3129 3353 3171 cce-

105 3201 318 3272 χθήσῃ-

183 3291 474 3363 Τολμηρδς
510 3292 743 3362 μοναχδς
776 3293 1099 3362 ἐμπεσεῖται
1138 3292 1217 3355 είς
1257 3289 1562 3359 πειρασμὸν
1590 3289 1684 3342 καὶ

105 3387 323 3454 παγίδα
353 3385 448 3440 τοῦ
479 3385 724 3440 διαῦόλου
749 3402 763 3415 ·
794 3386 885 3439 τὸν
915 3385 972 3439 δὲ
999 3383 1180 3456 πραῢν
1210 3382 1580 3454 καταλήψεται
1611 3383 1686 3435 elo

109 3482 282 3552 ρήνη,
311 3481 406 3533 καὶ
438 3479 699 3548 στέφανος
731 3479 1124 3548 ἀγαλλιάσεως.

185 3569 485 3639 Τρυφητὴς
518 3569 748 3640 μοναχδς
776 3572 833 3621 ὲν
866 3569 1105 3630 ἀπάταις
1148 3567 1298 3620 ἔσται
1331 3568 1424 3620 καὶ
1459 3570 1518 3620 ὲν
1547 3583 1684 3634 φαν-

107 3662 336 3721 τασίαις
367 3663 706 3725 νυκτεριναῖς
729 3675 743 3690 ’
788 3659 882 3710 τοῦ
910 3658 967 3711 δὲ
994 3658 1366 3728 νηστεύοντος,
1398 3657 1626 3719 άσπιλος
1654 3659 1687 3727 ἡ

110 3754 278 3821 κοίτη
307 3752 401 3804 καὶ
429 3750 769 3819 ἀφάνταστος
799 3748 984 3813 ὕπνος.

187 3930 279 4002 Τῷ
317 3929 639 4001 φοϐουμένῳ
678 3929 768 3983 τὸν
811 3927 1014 3999 Κύριον
1045 3928 1261 4002 μοναχῷ
1301 3931 1359 3983 ού
1424 3932 1688 4001 συναντή-

119 4042 278 4079 σεται
321 4023 552 4092 πρᾶγμα
600 4021 869 4090 πονηρόν·
917 4021 1008 4074 τὸν
1036 4023 1144 4094 γὰρ
1189 4021 1426 4076 τοιοῦτον
1469 4024 1690 4091 φυλάξει

117 4121 148 4171 ὁ
180 4116 415 4188 Κύριος·
464 4113 560 4167 καὶ
613 4115 671 4168 ὲν
719 4113 902 4188 ἡμέρᾳ
949 4114 1206 4186 τελευτῆς
1255 4113 1365 4180 ἔξει
1393 4117 1421 4169 ὁ
1449 4115 1690 4180 τοιοῦτος

123 4213 374 4282 ίλασμόν.
591 4205 593 4207 ’

206 4304 484 4375 Ὑποταγὴ
515 4302 747 4374 μοναχοῢ
781 4301 878 4354 οὐκ
905 4303 960 4353 ὲν
999 4298 1077 4370 τῷ
1109 4297 1314 4369 μείζονι
1342 4295 1687 4368 γνωρίζεται,

121 4396 238 4451 ἀλλ’
271 4397 329 4449 ἐν
358 4393 436 4464 τῷ
464 4393 727 4463 ἐλαχίστῳ
757 4391 1057 4455 δοξάζεται.

1784 3223 1963 3276 lorum
1985 3219 2256 3274 eﬂicieris.

1858 3311 1982 3365 128.
2019 3311 2210 3364 Audax
2254 3307 2560 3363 monachus
2587 3322 2650 3361 ac
2686 3303 2834 3359 ferox
2865 3301 3068 3356 incidet
3093 3299 3346 3354 intenta-

1786 3403 1988 3458 tionem
2019 3401 2154 3456 etin
2186 3401 2438 3469 laqueum
2485 3396 2723 3460 diaboli;
2774 3402 3115 3448 mansuetum
3168 3402 3351 3446 autem

1787 3491 2060 3559 excipient
2087 3505 2191 3558 pax
2228 3497 2282 3542 et
2311 3502 2513 3542 corona
2559 3485 2958 3540 exsultatiouis.

1860 3584 1985 3638 129.
2044 3581 2262 3638 Deliciis
2316 3580 2506 3635 vivens
2557 3578 2860 3633 monachus
2913 3577 2967 3632 in
3005 3574 3354 3630 illusionibm

1789 3676 1892 3729 erit
1925 3685 1978 3729 et
2007 3675 2061 3727 in
2106 3672 2239 3727 visis
2269 3670 2592 3733 nocturnis;
2630 3669 2750 3740 ejus
2787 3684 2913 3723 vero
2959 3667 3052 3738 qui
3080 3667 3348 3736 jejunium

1787 3767 1952 3830 colat,
2000 3780 2029 3819 a
2060 3763 2220 3819 sorde
2265 3761 2526 3817 mundum
2577 3761 2775 3825 cubile,
2833 3775 3171 3829 somnusque
3205 3757 3352 3812 nulla

1790 3861 1904 3913 visa
1935 3858 2160 3911 habens.

1863 3951 1986 4005 150.
2007 3951 2271 4005 Monacno
2297 3949 2394 4020 qui
2422 3948 2608 4002 timeat
2638 3945 2946 4008 Dominum,
2972 3957 3080 3997 non
3104 3950 3352 3996 occurret

1791 4046 1992 4101 malum
2007 4041 2223 4112 aliquod
2249 4041 2426 4107 ;hunc
2453 4040 2598 4093 enim
2620 4040 2782 4092 talem
2809 4035 3068 4090 Dominus
3094 4032 3352 4093 custodit,

1791 4147 1844 4192 et
1877 4137 1928 4190 in
1960 4137 2047 4190 die
2081 4133 2268 4189 mortis
2309 4131 2528 4186 habebit
2550 4129 3008 4200 propitiationem.

1863 4299 1985 4354 151.
2024 4295 2274 4352 Monachi
2301 4295 2569 4364 subjectio
2628 4293 2819 4348 nonin
2854 4306 2912 4345 re
2959 4286 3140 4360 magni
3173 4285 3354 4342 nosci-

1790 4404 1897 4457 tur,
1922 4393 2014 4446 sed
2040 4392 2092 4445 in
2126 4389 2350 4444 minimo
2381 4385 2649 4442 laudatur.

203 4486 479 4558 ’Υπομονὴ
527 4482 761 4554 μοναχοῦ
809 4486 909 4535 οὐκ
943 4484 1000 4535 ὲν
1061 4480 1312 4552 ἀσθενείᾳ
1355 4481 1514 4550 μόνον
1541 4496 1682 4549 γνω-

1858 4485 1980 4539 152.
2012 4482 2277 4538 Patientia
2313 4481 2565 4536 monachi
2617 4495 2722 4533 non
2754 4477 2929 4533 solum
2959 4475 3012 4529 in
3041 4471 3352 4528 infirmitate

127 4581 354 4652 ρίζεται,
382 4579 494 4633 ἀλλ’
526 4580 582 4630 ὲν
614 4578 726 4639 τοῖς
761 4577 1086 4645 πειρασμοῖς
1114 4571 1490 4643 δοκιμάζεται.

209 4756 484 4828 ’Υπομονὴ
519 4752 751 4826 μοναχοῦ
780 4752 939 4822 ἔργον
961 4751 1162 4804 τέλειον
1190 4751 1407 4820 ἔχουσα,
1438 4750 1498 4802 τὸ
1528 4750 1691 4803 καλὸν

128 4853 226 4924 τῆς
258 4849 439 4921 ψυχῆς
466 4846 719 4911 διασώζει
750 4844 960 4912 κτῆμα.

211 4939 486 5011 ’Υπομονὴ
540 4940 598 4990 ἐν
653 4939 772 4998 ταῖς
825 4934 1033 5001 θλίψεσι
1100 4932 1247 5001 παρᾶ
1308 4929 1543 5002 μοναχοῦ
1600 4947 1693 4985 πι-

136 5033 273 5096 στῶς
319 5029 654 5100 τελουμένη,
712 5026 904 5080 ἐλπίδα
956 5027 1187 5077 ποιεῖται
1251 5023 1325 5094 μὴ
1391 5024 1688 5093 καταισχύ-

135 5142 346 5180 νουσαν.

217 5218 487 5290 ’Υπομονὴ
531 5216 759 5288 μοναχοῦ
805 5217 911 5279 ἓως
970 5215 1198 5285 ἐσχάτου
1244 5211 1407 5267 αὐτοῦ
1443 5211 1695 5275 διασώζει

137 5311 295 5366 αὐτόν
313 5327 329 5343 ⁸
376 5310 440 5365 '0
467 5310 575 5381 γὰρ
608 5311 931 5379 ὑπομείνας
955 5310 1042 5375 είς
1068 5306 1261 5370 τέλος,
1299 5301 1476 5370 οὗτος
1499 5303 1693 5371 σωθή-

139 5419 325 5457 σεται.

217 5493 538 5563 ’Υμνολογία
575 5493 806 5565 μοναχοῢ
846 5491 1262 5553 άκατάπαυστος
1292 5487 1429 5540 ἔστω
1448 5502 1462 5517 ·
1494 5487 1562 5541 τὰ
1585 5487 1692 5560 γὰρ

144 5583 388 5656 Σεραφὶμ
417 5585 850 5646 ἁκαταπαύστως
879 5582 1167 5651 δοξολογεῖ.

217 5741 256 5772 ⁸¹
287 5741 450 5798 Hebr.
491 5759 588 5808 xu,
639 5744 722 5797 11.
805 5743 846 5774 ³¹
890 5739 1007 5797 Jac.
1053 5739 1172 5808 1,.1.
1254 5739 1296 5773 ³³
1317 5737 1506 5794 Matth.
1565 5756 1617 5805 x,
1665 5740 1756 5794 22.

1793 4571 2102 4628 ostenditur
2134 4611 2149 4637 ,
2190 4584 2382 4624 verum
2445 4569 2610 4622 etiam
2669 4569 2721 4622 in
2761 4564 3148 4621 tentationibus
3209 4575 3353 4632 pro-

1796 4666 1975 4720 batur.

1868 4758 1990 4812 155.
2011 4755 2273 4810 Patientia
2289 4751 2541 4808 monachi
2577 4766 2714 4820 opus
2749 4745 3044 4818 perfectum
3064 4743 3268 4799 habens
3287 4741 3352 4805 ",

1798 4850 2114 4920 praeclaram
2166 4845 2334 4901 animi
2372 4845 2552 4900 dotem
2579 4841 2906 4896 incolumem
2941 4847 3141 4892 servat.

1869 4938 1991 4994 154.
2033 4935 2301 4992 Patientia
2348 4933 2402 4987 in
2434 4926 2848 4986 adversitatibus
2877 4940 2905 4978 a
2941 4922 3205 4978 monacho
3227 4919 3354 4975 fide-

1801 5033 1924 5087 liter
1955 5031 2256 5088 observata;
2299 5039 2449 5095 spem
2489 5023 2564 5077 illi
2609 5019 2797 5076 tribuit
2823 5031 2941 5086 quae
2984 5030 3092 5068 non
3121 5009 3352 5066 confun-

1801 5125 1979 5178 detur.

1872 5215 1993 5269 155.
2030 5210 2294 5267 Patientia
2327 5208 2600 5270 monachi,
2621 5207 2672 5260 in
2691 5205 2809 5275 ejus
2835 5204 3204 5274 usque'tinem,
3229 5217 3351 5256 eum

1801 5316 2015 5363 servat:
2057 5305 2161 5369 Qui
2206 5302 2343 5357 enim
2391 5301 2651 5370 patienter
2690 5300 2743 5352 in
2781 5299 2938 5368 ﬁnem
2976 5310 3134 5363 usque
3189 5293 3351 5352 susti-

1802 5399 1995 5464 nuerit,
2025 5397 2106 5451 hic
2135 5396 2308 5450 salvus
2341 5393 2438 5448 erit
2470 5393 2534 5446 ³³.
3074 5370 3099 5403 ‘

1871 5491 1992 5546 156.
2029 5488 2274 5544 Monachi
2332 5485 2570 5542 laudatio
2625 5479 2964 5538 incessabilis
3011 5477 3121 5544 sit;
3156 5489 3277 5529 nam
3307 5484 3359 5528 et

1800 5581 2084 5653 Scraphim
2109 5579 2503 5640 incessabiliter
2529 5575 2767 5633 laudant.
