3852 6052
478 295 502 352 l
514 291 614 354 ιιιτ

546 400 671 458 157.
714 397 1008 457 Canticum
1035 399 1280 472 spiritale
1313 399 1367 456 in
1396 414 1493 457 ore
1518 409 1614 457 tuo
1640 410 1912 465 versetur,
1938 414 2059 455 mo-
2086 406 2133 461 Α

474 494 667 557 nache,
707 504 764 548 ut
794 508 861 549 eo
900 494 1270 563 ingruentium
1318 508 1460 549 onus
1488 494 1854 549 tentationum
1888 493 2058 548 leves.

474 587 649 656 llujus
702 587 1016 657 exemplum
1068 586 1279 642 clarum
1312 586 1503 650 habes,
1539 586 1666 641 dum
1705 586 1883 668 viator
1904 583 2055 656 gravi

473 694 697 748 pressus
736 694 923 745 onere,
961 680 1295 736 cantillando
1342 678 1556 733 itineris
1584 679 1830 734 laborem
1863 695 1927 733 ac
1959 687 2057 733 ta:-

472 770 622 823 tlium
661 768 824 824 fallit.

542 862 667 918 158.
704 862 979 920 Patienter
1034 865 1265 925 sustine.
1313 866 1615 930 monacho;
1674 864 1857 918 brevis
1909 862 2054 917 enim

472 964 557 1010 est
582 956 855 1024 patientiae
889 956 1068 1023 labor,
1101 958 1299 1026 quietis
1350 972 1531 1011 autem
1576 957 1784 1010 nullum
1816 970 2055 1025 unquam

352 1094 360 1101 .
472 1048 635 1102 tinem
664 1047 920 1102 habitura
951 1050 1174 1103 saecula.

546 1138 669 1193 159.
723 1137 995 1193 Obediens
1046 1143 1351 1195 monachus
1385 1154 1578 1209 magna
1624 1137 1826 1194 fiducia
1866 1137 2057 1192 Cruci-

477 1230 585 1283 lixo
631 1230 832 1284 astabit
857 1231 1094 1300 ;quippe
1120 1230 1526 1287 cumDomiuus
1549 1232 1605 1285 in
1628 1246 1797 1286 cruce
1822 1231 1887 1285 ad
1911 1246 2056 1284 mor-

466 1332 581 1375 tem
622 1338 796 1392 usque
818 1323 1077 1378 obcdiens
1116 1322 1280 1379 fuerit
1309 1324 1375 1379 “.

544 1415 670 1469 140.
706 1414 823 1470 Vox
881 1416 1134 1470 monachi
1184 1431 1253 1471 ne
1291 1416 1536 1471 elevetur
1574 1418 1838 1471 adversus
1872 1414 2057 1483 proxi-

474 1519 621 1559 mum
678 1503 733 1558 in
800 1505 1174 1559 amaritudine
1224 1504 1424 1560 animae
1474 1505 1630 1572 ejus:
1682 1506 2055 1559 exercentium

471 1609 603 1648 vero
638 1597 706 1650 ad
745 1597 996 1666 pietatem
1025 1612 1131 1651 vox
1160 1597 1214 1650 in
1244 1598 1665 1652 mansuetudine
1710 1596 1925 1652 sincere
1955 1597 2057 1651 im-

474 1686 639 1740 motis
660 1687 821 1741 labiis
848 1687 915 1741 ad
956 1686 1126 1741 Deum
1159 1687 1448 1756 dirigatur.

1801 289 1871 349 'B.
1911 286 2382 348 HYPERECHII

3616 278 3739 342 1483

2229 399 2438 467 ’Υμνος
2486 394 2857 468 πνευματικὸς
2905 395 3020 465 ἦτω
3079 396 3140 449 ἐν
3196 395 3276 465 τῷ
3341 392 3579 464 στόματί
3630 412 3736 456 σου,

2162 490 2386 560 μοναχὲ,
2417 488 2787 558 ἐπικουφίζων
2812 505 2907 542 σου
2934 488 2999 542 τὸ
3030 487 3196 559 βάρος
3217 486 3328 542 τῶν
3353 486 3741 558 ἐπερχομένων

2158 580 2520 651 πειρασμῶν·
2562 580 2864 651 ὑπόδειγμα
2910 580 2970 637 δὲ
3015 581 3175 635 τοῦτο
3223 580 3421 649 σαφὲς,
3468 576 3741 649 ὁδοιπόροις

2159 670 2569 744 βαρυαχθήσας,
2604 672 2809 745 ᾄσματι
2853 673 3100 727 κλέπτων
3140 673 3242 743 τῆς
3284 673 3610 745 ὁδοιπορίας
3656 672 3739 725 τόν

2156 766 2347 820 κόπον.

2236 858 2580 929 ’Υπόμεινον,
2615 857 2848 929 μοναχέ·
2888 856 3093 928 βραχὺς
3122 858 3230 929 γὰρ
3258 856 3364 927 τῆς
3402 856 3689 926 ὑπομονῆς
3714 859 3738 909 ὁ

2157 949 2350 1015 κόπος,
2381 949 2683 1021 ἀπέραντοι
2714 949 2773 1002 δὲ
2814 949 2914 1019 τῆς
2944 948 3308 1013 ἀναπαύσεως
3335 949 3385 1002 οί
3416 948 3643 1012 αίῶνες.

2242 1132 2518 1203 ’Υπήκοος
2574 1130 2812 1202 μοναχὸς
2850 1131 3352 1203 εὑπαρρησιάστως
3386 1128 3472 1199 τῷ
3505 1146 3735 1199 σταυρω-

2159 1224 2305 1279 θέντι
2339 1227 2752 1296 παραστήσεται
2773 1242 2787 1256 ο
2820 1225 2849 1278 ὁ
2876 1224 2983 1295 γάρ
3008 1224 3103 1276 ἐπὶ
3128 1223 3225 1277 τοῦ
3271 1220 3520 1293 σταυροῦ
3548 1221 3736 1290 Κύριος

2157 1317 2400 1387 ὑπήκοος
2428 1318 2652 1386 γέγονεν
2685 1316 2850 1387 μέχρι
2880 1315 3133 1371 θανάτου.

2229 1409 2385 1479 Φωνὴ
2421 1407 2659 1480 μοναχοῦ
2713 1410 2789 1480 μὴ
2839 1407 3161 1478 ἀνυψούσθω
3194 1406 3337 1477 πρὸς
3373 1406 3473 1459 τὸν
3522 1407 3737 1476 πλησίον

2156 1502 2323 1556 αὑτοῦ
2359 1503 2418 1555 ὲν
2447 1502 2646 1573 πικρίᾳ
2675 1500 2859 1572 ψυχῆς
2885 1499 3052 1555 αὑτοῦ
3073 1516 3085 1530 ·
3121 1500 3271 1569 φωνὴ
3302 1498 3367 1550 δὲ
3401 1498 3665 1565 ἀσκητῶν
3686 1504 3737 1552 ιν

2159 1593 2436 1663 πραΰτητι
2464 1591 2641 1663 ψυχῆς
2685 1590 2994 1663 εἰλικρινῶς
3038 1590 3460 1661 ἀναπεμπέσϐω
3494 1592 3628 1660 πρὸς
3654 1593 3737 1647 τὸν

2157 1686 2293 1742 Θεὸν
2326 1687 2603 1758 ἀκινήτοις
2627 1687 2852 1758 χείλεσι.

544 1777 669 1831 141.
725 1777 923 1832 Verum
979 1778 1032 1832 in
1075 1788 1219 1832 terra
1259 1792 1549 1833 accensum
1586 1774 1762 1845 sidus,
1803 1777 1898 1849 qui
1943 1791 2053 1833 non

2223 1754 2754 1850 Machp’atnaiva;
2799 1779 2890 1832 ιπι
2920 1778 3041 1849 γῆς,
3091 1777 3153 1843 ὃς
3191 1779 3291 1832 οὑκ
3336 1779 3649 1851 ὠλισοησεν
3686 1783 3736 1835 ἐν

470 1868 663 1937 lapsus
692 1877 776 1925 est
804 1869 989 1939 lingua
1027 1885 1150 1924 sua.

546 1960 670 2015 142.
721 1960 910 2015 Timor
960 1959 1177 2017 Domini
1230 1976 1563 2016 conservans
1616 1960 1945 2016 monachum
1994 1968 2058 2015 ut

477 2053 646 2108 turris
704 2053 1300 2123 inexpugnabilis:qui
1351 2062 1531 2107 autem
1585 2052 1707 2123 ejus
1762 2067 1955 2122 expers
1986 2052 2057 2107 ti-

472 2146 649 2199 umoris
689 2146 991 2201 monachus
1039 2146 1277 2213 exsistit,
1304 2144 1464 2201 facile
1493 2146 1739 2202 vincetur
1762 2145 1832 2200 ab
1860 2144 2057 2199 adver-

478 2236 657 2293 sariis.

550 2329 675 2383 145.
704 2327 874 2384 Jubar
908 2329 1117 2386 clarum
1146 2330 1200 2386 in
1238 2339 1406 2396 terra,
1450 2328 1757 2385 monachus
1792 2328 2060 2399 tranquil-

478 2422 651 2477 litatis
688 2437 813 2477 arce
844 2433 1082 2494 arrepta,
1112 2424 1256 2494 apud
1278 2438 1439 2493 quem
1480 2439 1590 2477 non
1619 2424 1690 2478 sit
1717 2422 1937 2477 inventa
1961 2437 2060 2476 cu-

480 2515 719 2583 piditas:
759 2512 1007 2568 Omnium
1041 2514 1187 2569 enim
1236 2515 1499 2567 malorum
1539 2514 1697 2567 rudia:
1732 2524 1807 2568 est
1855 2514 2059 2582 cupidi-

480 2618 563 2660 ωε
595 2606 639 2638 ³³
678 2592 1196 2677 (ανατὶιίιιέεἱιίοθι)
1239 2622 1271 2661 a
1313 2621 1421 2676 qua
1464 2606 1600 2661 nihil
1640 2620 1878 2677 unquam
1920 2604 2061 2676 frugi

479 2698 753 2769 originem
789 2699 999 2755 habuit.
1696 2736 1721 2768 ι

552 2796 674 2851 144.
708 2796 939 2850 Praestat
993 2795 1326 2852 manducare
1374 2810 1568 2851 carnes
1616 2805 1670 2851 et
1717 2796 1903 2850 bibere
1959 2796 2052 2848 vi-

474 2904 610 2941 num
646 2931 662 2953 ,
698 2904 861 2959 quam
912 2898 972 2943 ut
1020 2889 1357 2946 detrahendo
1405 2889 1663 2946 comedas
1713 2904 1908 2944 carnes
1954 2888 2064 2943 fra-

474 2988 649 3030 trum.

555 3068 678 3123 145.
715 3068 967 3135 Vescere,
1012 3072 1302 3136 monache,
1344 3086 1482 3140 pane
1514 3081 1607 3127 tuo
1627 3087 1751 3127 cum
1786 3072 1964 3138 melle,
1994 3073 2063 3128 ab

486 3158 850 3215 amaritudine
905 3171 1012 3216 tete
1058 3163 1361 3229 abstinens,
1397 3174 1445 3217 et
1476 3165 1598 3217 bibe
1642 3165 1829 3219 vinum
1862 3165 1905 3196 "
1933 3182 2057 3221 eum

475 3254 624 3308 lacte
672 3264 788 3319 tuo,
837 3256 1099 3310 infantem
1149 3270 1317 3326 agens
1363 3257 1560 3326 spiritu
1608 3266 1722 3312 tuo.
1772 3258 1873 3312 Mel
1910 3260 2055 3315 enim

481 3347 903 3402 amaritudinem
958 3364 1068 3402 non
1121 3347 1307 3415 habet,
1357 3361 1410 3404 et
1463 3350 1549 3404 lac
1581 3366 1687 3405 non
1732 3352 1881 3406 novit
1906 3354 2063 3408 mali-

488 3438 640 3493 tiam.

558 3530 680 3586 146.
712 3533 919 3587 Aurum
957 3534 1222 3603 probatur
1252 3533 1305 3590 in
1358 3534 1579 3590 fornace
1604 3536 1743 3606 ignis
1775 3536 1842 3603 ³⁷,
1871 3546 2063 3592 etmo-

483 3625 695 3678 nachus
738 3624 793 3679 in
828 3626 1178 3681 multitudine
1218 3629 1617 3683 monachorum
1652 3642 2056 3698 cognoscetur:

488 3723 744 3768 ueterum
775 3716 868 3785 qui
902 3716 1155 3773 sincerus
1177 3716 1360 3783 fuerit,
1397 3718 1582 3775 salvus
1621 3720 1744 3773 erit.

560 3807 681 3861 147.
713 3806 904 3862 Manus
932 3810 1186 3864 monachi
1217 3820 1404 3866 sancte
1432 3828 1648 3881 semper
1675 3813 1728 3865 in
1755 3812 1923 3868 Deum
1951 3815 2063 3870 sint

480 3907 719 3953 extentae
752 3900 835 3953 ἐς
884 3900 1064 3957 Moses
1111 3902 1256 3957 enim
1299 3902 1478 3958 crucis
1530 3905 1756 3973 figuram
1799 3923 2059 3963 manuum

480 3992 809 4047 extensione
860 3994 1147 4050 delineans
1182 3996 1512 4065 expugnavit
1538 3997 1842 4053 Amalec”.

564 4082 688 4136 148.
717 4082 863 4137 Bona
899 4088 1072 4154 gratia
1112 4088 1377 4140 crucitixo
1417 4089 1708 4155 monacho,
1746 4091 1837 4161 qui
1875 4091 2057 4161 quoti-

482 4174 578 4229 die
628 4174 912 4228 moriatur.
968 4175 1221 4231 Gaudent
1261 4179 1405 4231 enim
1452 4195 1621 4250 super
1650 4196 1717 4235 eo
1741 4182 1939 4253 angeli,
1965 4184 2056 4253 qui

490 4267 801 4337 suscipiant
824 4267 880 4321 in
904 4282 1129 4338 regnum
1172 4270 1457 4325 cmlorum.

564 4362 687 4417 149.
725 4363 1035 4417 Libidinum
1088 4363 1327 4427 frenum,
1358 4364 1658 4433 jejunium;
1714 4382 1902 4423 earum
1931 4385 2058 4426 vero

491 4456 808 4522 exstinctio,
840 4456 1182 4529 eleemosyna
1217 4466 1272 4512 et
1297 4456 1494 4511 oratio.

566 4547 687 4603 150.
719 4546 852 4603 Nive
906 4550 1189 4604 candidior
1257 4549 1563 4604 invenietur
1619 4552 1944 4619 monachus,
1970 4560 2063 4624 qui

494 4639 806 4694 carnalibus
833 4639 1121 4695 desideriis
1164 4640 1394 4693 exsistat
1429 4644 1681 4710 superior
1707 4661 1722 4709 ;
1748 4646 1839 4713 qui
1872 4662 2067 4717 nempe

490 4730 773 4787 Christum
796 4746 896 4800 pro
924 4747 1061 4785 auro
1079 4742 1243 4798 amet,
1270 4731 1447 4801 ipsum
1477 4732 1678 4788 videbit
1699 4736 1753 4788 in
1784 4735 1873 4791 die
1895 4736 2061 4804 bona,

497 4822 591 4891 qui
621 4836 881 4876 coronam
918 4823 1211 4892 impartiat.

570 4909 696 4963 151.
727 4909 966 4965 Susurro
1000 4912 1301 4967 monachus
1336 4911 1565 4967 fratrum
1613 4914 1829 4969 turbam
1865 4916 2065 4972 distur-

503 5000 614 5063 bat,
642 4998 706 5055 ac
734 5003 939 5057 amicos
968 5002 1218 5072 dissipat.
1392 5019 1396 5024 '
1512 4990 1515 4991 ν

574 5092 697 5146 15νέ.
728 5094 858 5147 Cale
890 5093 1127 5163 psallens
1174 5094 1493 5161 monachus,
1530 5098 1831 5167 spiritalem
1877 5098 2061 5152 amici-

502 5185 635 5239 tiam
663 5185 919 5239 conflabit

558 5281 682 5335 155.
731 5280 1036 5335 Susurrans
1077 5295 1322 5349 serpens,
1354 5280 1521 5335 Evam
1548 5298 1577 5336 e
1601 5282 1861 5351 paradiso
1893 5293 2067 5337 extor-

505 5388 621 5426 rem
660 5372 786 5428 fecit
815 5373 900 5438 ⁸ος
944 5388 1171 5427 susurro
1210 5374 1514 5429 monachus
1560 5375 1679 5443 ejus
1725 5376 1917 5430 similis
1942 5386 2063 5441 est;

507 5464 739 5533 proximi
783 5465 928 5518 enim
969 5464 1147 5533 perdit
1201 5465 1463 5531 animam,
1495 5481 1595 5521 nec
1651 5482 1804 5521 suam
1859 5470 2060 5522 salvam

512 5551 662 5604 lat-it.

589 5695 632 5764 ’f
657 5693 888 5764 Philipp.
921 5712 981 5764 ιι,
1009 5698 1064 5761 8.

522 5760 568 5790 δ’
599 5761 730 5815 Gen.
760 5760 909 5828 tti,‘2.

2155 1870 2374 1942 γλώσσῃ
2408 1869 2595 1925 αὑτοῦ.

2225 1964 2393 2026 Φόϐος
2422 1964 2629 2035 Κυρίου
2654 1963 2896 2034 συνέχων
2923 1963 3172 2034 μοναχὸν.
3198 1964 3275 2028 ὡς
3301 1963 3524 2033 πύργος
3544 1965 3738 2017 ἀκατα-

2161 2058 2401 2129 μάχητος
2421 2071 2436 2086 ·
2482 2056 2645 2127 φόϐον
2673 2057 2731 2110 δὲ
2759 2052 2894 2109 Θεοῦ
2923 2059 2950 2110 ό
2984 2058 3059 2127 μὴ
3099 2058 3445 2128 κεκτημένος
3489 2060 3734 2129 μονακδιςο

2156 2150 2428 2213 εὐάλωτος
2448 2148 2599 2203 ἐσται
2628 2151 2739 2211 τοῖς
2770 2148 3130 2211 ὑπεναντίοις.

2228 2330 2367 2392 Φάος
2406 2327 2644 2400 καθαρὸν
2675 2329 2769 2383 ἐπὶ
2796 2329 2923 2400 γῆς,
2970 2330 3202 2399 μοναχδς
3245 2330 3495 2400 ἀπαθὴς,
3538 2333 3669 2403 παρ’
3697 2326 3736 2398 ᾧ

2158 2423 2257 2492 οὑχ
2292 2420 2489 2490 εὑρέθη
2527 2422 2888 2493 φιλαργυρία’
2940 2425 3306 2492 Φιλαργυριά
3351 2427 3465 2495 γαρ
3501 2425 3739 2478 πάντων

2161 2511 2365 2567 κακῶν
2388 2512 2540 2582 ῥίζα,
2568 2515 2603 2583 ἢ
2631 2514 2694 2567 οὑ
2725 2515 2900 2568 τίκτει
2929 2516 3140 2586 καρπὸν
3171 2516 3377 2584 ἀγαθόν
3405 2533 3566 2571 ποτε.

2233 2780 2412 2834 Καλὸν
2444 2782 2635 2848 φαγεῖν
2664 2780 2799 2850 κρέα
2829 2780 2925 2833 καὶ
2956 2782 3097 2834 πιεῖν
3125 2775 3287 2847 οἶνον,
3320 2781 3415 2835 καὶ
3446 2782 3527 2853 μὴ
3552 2784 3743 2851 φαγεῖν

2164 2872 2222 2924 ὲν
2253 2870 2549 2942 καταλαλιᾲ
2585 2870 2795 2941 σάρκας
2825 2870 3089 2942 ἀδελφῶν.

2234 3057 2399 3124 Φάγε,
2430 3057 2652 3127 μοναχὲ,
2693 3055 2787 3110 τδν
2834 3057 2994 3128 ἀρτον
3030 3073 3123 3110 σου
3177 3058 3316 3128 μετὰ
3362 3056 3608 3127 μέλιτος,
3655 3076 3743 3112 πι-

2165 3151 2322 3221 κρίας
2346 3150 2677 3220 ἀπεχόμενος
2696 3166 2710 3181 °
2747 3150 2843 3203 καὶ
2875 3150 2965 3202 πίε
2992 3144 3133 3202 οἶνον
3163 3150 3300 3219 μετά
3325 3150 3607 3219 γάλακτός
3632 3168 3741 3213 σου,

2165 3240 2443 3312 νηπιάζων
2473 3240 2551 3308 τῷ
2574 3239 2844 3311 πνεύματί
2883 3256 2999 3296 σου.
3046 3239 3186 3295 Μὲλι
3226 3240 3334 3310 γὰρ
3370 3241 3606 3312 πικρίαν
3649 3244 3743 3295 οὐκ

2163 3330 2297 3402 ἔχει,
2327 3332 2419 3384 καὶ
2445 3329 2585 3400 γάλα
2614 3329 2819 3387 κακίαν
2850 3330 2951 3383 οὑκ
2981 3325 3143 3385 οἶδεν.

2238 3531 2449 3603 Χρυσὺς
2471 3530 2823 3602 δοκιμάζεται
2844 3533 2901 3586 ὲν
2924 3532 3136 3603 καμίνῳ
3166 3533 3357 3604 πυρὸς,
3386 3535 3484 3588 καὶ
3510 3535 3740 3604 μοναχδς

2162 3626 2219 3677 ὲν
2250 3626 2440 3696 πλήθει
2477 3627 2724 3696 μοναχῶν
2767 3624 3173 3696 γνωσθήσεταιο
3229 3626 3346 3680 ἀλλ’
3381 3628 3412 3680 ὁ
3451 3628 3743 3699 ἀκίδδηλος

2164 3716 2486 3787 σωθήσεται.
2884 3772 2887 3775 .

2228 3810 2420 3880 Χείρες
2449 3808 2681 3880 μοναχοῦ
2710 3808 2950 3865 ἔστωσαν
2976 3810 3265 3874 διαπαντὸς
3292 3810 3458 3875 ὁσίως
3478 3814 3740 3866 ἀνατετα-

2164 3901 2320 3971 μέναι
2348 3901 2481 3971 πρὸς
2509 3901 2600 3955 τὸν
2632 3901 2765 3955 Θεόν
2784 3917 2800 3935 ⁸
2844 3903 3002 3974 χερσὶ
3028 3904 3135 3974 γὰρ
3165 3904 3534 3974 προτυπῶσας
3580 3905 3642 3957 ὲν
3667 3904 3739 3973 τῷ

2162 3992 2376 4063 σταυρῷ
2406 3993 2665 4063 Μωὺσῆς,
2697 3995 3106 4065 κατηγωνίσατο
3138 3996 3230 4049 τὸν
3272 3995 3539 4066 Ἀμαλήχ.

2221 4087 2396 4156 Χάρις
2433 4086 2611 4158 ἀγαθή
2682 4088 2799 4141 ἐστι
2854 4088 3072 4159 μοναχῷ
3111 4089 3553 4159 ὲσταυρωμένῳ,
3602 4089 3737 4141 καθ-

2160 4179 2372 4248 ημέραν
2397 4179 2820 4248 ἀποθνήσκοντι*
2848 4179 3094 4251 χαίρουσι
3123 4179 3231 4251 γὰρ
3272 4181 3359 4233 ἐπ’
3382 4181 3530 4249 αὑτῷ
3567 4181 3737 4248 inae

2159 4269 2260 4329 λοι.
2289 4270 2647 4340 εἰσδεχόμενοι
2679 4271 2843 4324 αὑτὸν
2869 4273 2946 4334 είς
2980 4270 3255 4341 βασιλείαν
3286 4272 3550 4343 οὐρανῶν.

2228 4363 2457 4425 Χαλινὸς
2479 4363 2665 4417 παθῶν
2687 4366 2911 4436 νηστεία
2933 4382 2946 4394 ·
2982 4365 3259 4435 ἀναίρεσις
3278 4366 3334 4419 δὲ
3355 4366 3559 4430 αὐτῶν,
3583 4367 3737 4437 £151;-

2096 4444 2137 4499 ί)
2165 4453 2371 4525 μοσὺνη
2403 4455 2494 4507 καὶ
2526 4457 2819 4526 προσευχὴ.

2236 4548 2427 4609 Χιόνος
2473 4546 2854 4618 λαμπρότερος
2886 4548 3242 4618 εὑρεθήσεται
3291 4550 3548 4619 μοναχὸς,
3594 4551 3737 4604 ἀνῶ-

2164 4656 2320 4708 τερος
2356 4638 2466 4692 τῶν
2498 4639 2777 4710 σαρκικῶν
2809 4640 3114 4709 ἐπιθυμιῶν
3160 4641 3415 4710 ὑπάρχων
3436 4657 3452 4670 ·
3502 4643 3737 4711 Χριστὸν

2165 4732 2291 4785 ἀντί
2321 4730 2523 4802 χρυσοῦ
2570 4722 2770 4797 ποθῶν,
2802 4731 2995 4801 ὄψεται
3035 4730 3195 4784 αὑτὸν
3224 4734 3282 4785 ὲν
3324 4732 3509 4803 ἡμέρα
3535 4732 3737 4800 ἀγαθοο

2168 4821 2333 4890 σύνης
2361 4821 2725 4888 στεφανοῦντα
2756 4822 2940 4876 αὑτόν.

2233 4912 2476 4983 Ψιθυρδς
2513 4915 2747 4984 μοναχὸς
2792 4915 3168 4987 διασκορπίζει
3214 4916 3418 4987 πλῆθος
3462 4917 3736 4988 μοναχῶν,

2168 5003 2261 5056 καὶ
2284 5002 2622 5068 διασκεδάζει
2658 5005 2865 5073 φίλους.

2238 5095 2470 5150 Ψάλλων
2529 5096 2760 5167 μοναχός
2822 5096 3082 5163 συνετῶς,
3137 5100 3499 5171 συγκροτήσει
3554 5101 3742 5171 φιλίαν

2174 5190 2569 5259 πνευματικήν.

2240 5279 2545 5349 Ψιθυρίσας
2581 5281 2609 5334 ὑ
2652 5281 2793 5350 ὄφις,
2836 5284 2933 5355 τὴν
2966 5282 3109 5337 Εὕαν
3139 5282 3234 5338 τοῦ
3273 5286 3611 5356 παραδείσου
3657 5287 3712 5352 ἐξ

2174 5368 2339 5439 ὠρισε
2378 5386 2389 5398 ·
2444 5370 2743 5442 ψιθυρίζων
2793 5376 3057 5444 μοναχὸςῖ
3087 5376 3291 5429 ἐκείνου
3341 5378 3533 5446 ὅμοιός
3585 5382 3739 5433 ἐστι·

2174 5464 2272 5533 τὴν
2299 5462 2408 5533 γὰρ
2438 5463 2616 5533 ψυχὴν
2643 5462 2736 5516 τοῦ
2766 5466 2991 5535 πλησίον
3019 5467 3259 5534 ἁπόλλει,
3291 5470 3385 5523 καί⁸
3412 5471 3518 5542 τὴν
3548 5472 3742 5525 ἑαυτοῦ

2174 5557 2233 5607 οὑ
2266 5552 2539 5617 διασώζει.

1162 5699 1204 5731 ιι
1230 5698 1249 5751 ι
1276 5698 1417 5755 Tim.
1453 5716 1525 5767 \‘l,
1573 5702 1659 5759 ιο.
1739 5705 1781 5736 ιι
1807 5682 1964 5759 Cant.
1998 5721 2049 5761 v.

2195 5706 2227 5737 "
2258 5703 2641 5772 Prov.xvn,3.
2720 5703 2763 5735 ³⁸
2796 5702 2814 5757 l
2841 5700 2982 5756 Tim.
3006 5716 3067 5767 ιι,
3092 5701 3143 5756 8.
3198 5704 3267 5736 ’³⁸
3292 5702 3633 5770 Ειοά.ινιι,
3663 5709 3741 5764 18.
