3852 6052
148 280 330 349 1489

1264 287 1365 347 ΑΙ)
1389 284 1795 347 MONACHOS
1831 285 2343 348 ADHORTATIO.

3298 286 3437 354 1490

247 394 496 450 Ψάλλων
550 395 785 460 συνετῶς
840 395 1099 467 μοναχδς,
1151 396 1470 465 ἐπισυνάγει
1521 395 1749 467 πλῆθος,

1934 394 2057 450 154.
2097 396 2386 466 Sapienter
2419 397 2657 468 psallens
2695 398 3000 454 monachus
3029 400 3437 456 multitudinem

149 489 279 540 καὶ
332 488 392 540 ἐν
433 486 728 558 Ἐκκλησία
770 487 1182 559 ἐπαινεθήσεται
1202 504 1218 519 ο
1272 487 1489 558 ψάλλων
1529 487 1762 558 μοναχδς

151 576 451 649 καθαρῶς
494 576 554 630 ἑν
602 578 800 649 καρδίᾳ
852 578 1057 645 αὑτοῦ,
1116 578 1603 651 είσακουσθήσιται
1656 579 1761 633 ὑπὸ

148 666 343 721 Θεοῦ.

248 758 420 831 Ψυχὴ
488 759 725 832 μοναχοῦ
789 761 1179 834 ἀποταξαμένη
1249 761 1328 834 τῷ
1383 762 1608 834 κόσμῳ,
1667 762 1761 817 καὶ

151 852 613 925 νυμφευσαμένη
665 853 745 925 τῷ
793 854 1043 926 Χριστῷ,
1104 855 1215 909 τῶν
1273 856 1535 925 ἐπιγείων
1588 872 1761 911 κατα-

156 961 205 1014 φ
216 947 395 1014 pavet.

248 1038 643 1110 Ψελιοτρύπης
691 1040 785 1093 ἐπὶ
836 1042 960 1112 ῥῖνα
1004 1040 1099 1095 τοῦ
1143 1041 1470 1114 δράκοντος,
1526 1043 1759 1115 μοναχδς

160 1130 372 1202 ἔργοις
398 1131 622 1201 ἀγαθοῖς
654 1132 1118 1205 περισεὸλημένος
1139 1149 1154 1165 ·
1199 1134 1344 1207 ψυχὴ
1380 1136 1490 1208 γὰρ
1523 1137 1758 1208 μοναχοῦ

159 1224 408 1296 καθαρά
448 1224 816 1290 εὐωδιάξουσα
857 1226 1263 1297 πνευματικῶς,
1322 1229 1613 1299 σφραγίζει
1659 1229 1758 1299 τὴν

162 1316 453 1387 ὄσφρησιν
478 1314 572 1370 τοῦ
600 1318 913 1390 δράκοντος,
942 1319 1088 1385 ὅπως
1118 1319 1193 1392 μὴ
1218 1320 1495 1394 όσφρανθῇ
1526 1325 1584 1376 ὲν
1611 1322 1759 1393 αὐτῷ

166 1408 467 1479 μολυσμὸς
495 1409 709 1481 ἡδονῆς.

256 1503 355 1566 Ὠς
403 1501 567 1556 καλὸν
617 1503 864 1575 ἀδελφοῖς
916 1509 1138 1578 κρατεῖν
1192 1507 1423 1579 ἡδονῶν,
1469 1509 1759 1581 ἀνωτέρων

158 1612 241 1664 γε
265 1596 441 1650 ὄντων
467 1595 748 1668 σαρκικῶν
774 1598 1078 1670 ἐπιθυμιῶν
1095 1616 1111 1631 ο
1136 1595 1181 1669 ᾧ
1208 1601 1318 1673 γὰρ
1341 1602 1570 1672 πάρεστι
1596 1604 1758 1671 φόϐος

160 1688 316 1741 Θεοῦ
347 1688 405 1741 ὲν
433 1688 631 1762 καρδίᾳ
667 1689 856 1757 αὐτοῦ,
900 1690 1094 1747 τούτου
1132 1692 1409 1764 μολυσμὸς
1445 1695 1622 1764 ψυχῆς
1660 1695 1757 1767 οὐχ

163 1782 437 1837 ἅπτεται.
1008 1784 1011 1787 ’

165 1969 641 2041 ἀναπεμπόμενος
673 1969 752 2041 τῷ
780 1970 924 2042 Θεῷσ
969 1972 1047 2036 ὡς
1097 1972 1351 2043 θυμίαμα
1392 1972 1621 2037 εὐωδίας
1657 1973 1756 2045 τὴν

167 2062 376 2117 τούτου
410 2061 593 2134 δέησιν
626 2062 977 2134 προσδέξεται
1008 2063 1234 2135 Κύριος.

252 2154 322 2207 Ὢ
351 2155 569 2224 ποταπὴ
609 2153 756 2225 λύπη
790 2155 848 2207 ὲν
875 2156 1147 2225 ἀγγέλοις,
1183 2156 1421 2229 μοναχοῦ
1449 2158 1516 2212 δι⁹
1546 2159 1756 2228 ἀπροσ-

169 2244 334 2310 εξίαν
382 2242 486 2311 ἔξω
543 2243 873 2317 βαλλομένου
915 2247 1017 2318 τῆς
1067 2248 1388 2319 βασιλείαςί
1447 2249 1493 2305 ὣ
1539 2252 1755 2324 ποταπὴ

169 2344 343 2415 ὀδύνη
373 2345 430 2397 ὲν
472 2344 667 2413 ἀγίοις,
711 2342 953 2415 ἀσκητοῦ
1001 2342 1066 2397 δι’
1104 2343 1480 2415 ὑπερηφανίαν
1520 2345 1594 2415 μὴ
1632 2364 1755 2399 συν-

171 2452 200 2488 ε
209 2435 478 2506 ρχομένου
506 2434 584 2507 τῷ
606 2435 821 2507 νυμφίῳ
850 2437 929 2499 είς
946 2434 1045 2505 τὴν
1066 2435 1311 2488 παστάδα
1330 2436 1343 2487 ί
1365 2436 1428 2488 Ὢ
1447 2439 1588 2509 πόση
1609 2439 1755 2510 χαρά

174 2529 241 2579 ὲν
270 2527 546 2596 ἀγγέλοις,
574 2527 899 2600 ἀμαρτωλοῦ
937 2528 1027 2582 διά
1057 2529 1346 2599 μετανοίας
1370 2532 1753 2602 είσερχομένου

173 2622 262 2683 είς
286 2619 386 2693 τὴν
415 2619 695 2689 βασιλείαν
722 2621 831 2673 τῶν
857 2620 1137 2693 ούρανῶνί
1188 2622 1235 2675 ῶ
1268 2623 1407 2692 πόση
1452 2624 1753 2698 εὐφροσύνη

173 2710 212 2779 ὴ
264 2710 325 2762 ιν
374 2708 570 2778 ἁγίοις,
608 2709 931 2782 ἀμαρτωλοῦ
983 2711 1400 2783 ἐπιστρέφοντος
1444 2713 1507 2768 ἐκ
1552 2715 1757 2786 πλάνης

174 2799 332 2856 ὁδοῦ·
365 2820 441 2857 ων
475 2803 802 2875 μιμούμενοι
824 2802 923 2876 τὴν
949 2804 1152 2872 πίστιν,
1181 2805 1459 2877 ζηλώσατε
1492 2808 1588 2881 τὴν
1619 2814 1758 2881 μετά

172 2894 357 2948 ταῦτα
389 2894 748 2968 εὐφροσύνην.

253 2985 328 3040 ’Ὢ
351 2988 599 3059 μάκαρες
626 2989 761 3043 Θεοῦ
791 2990 979 3053 παῖδες
1010 2990 1254 3061 μοναχοὶ,
1283 2985 1359 3045 ὧν
1378 2991 1439 3044 ού
1463 2995 1759 3063 κατηγωνί-

1787 1749 1832 1806 Β

259 1876 477 1941 Ὠραῐος
521 1871 669 1941 αἶνος
716 1877 776 1932 ἐν
827 1877 1055 1949 στόματι
1107 1878 1364 1950 μοναχοῢ,
1417 1880 1481 1933 ὲκ
1530 1879 1795 1951 καρδίας

1862 498 2181 560 congregat,
2226 500 2282 545 et
2327 490 2385 545 iu
2430 488 2695 547 Ecclesiis
2756 491 3089 548 laudabitur.
3136 492 3441 549 Monachus

1859 595 1997 651 pure
2018 581 2258 664 psallens
2292 582 2351 638 in
2373 584 2539 639 corde
2564 599 2695 648 suo,
2725 599 2755 638 a
2785 583 2896 641 Deo
2920 584 3263 641 exaudietur.

1934 760 2058 817 155.
2090 761 2286 818 Anima
2326 764 2604 830 monachi,
2636 780 2759 834 qua:
2805 764 3009 820 mundo
3049 762 3301 819 nuntium
3343 778 3432 818 re-

1862 855 2032 920 misit.
2076 872 2143 913 ac
2185 857 2405 914 Christo
2452 859 2726 929 desponsa
2760 868 2866 924 est,
2898 872 3022 928 qua:
3060 865 3276 911 terrena
3308 865 3435 911 sunt

1859 948 2179 1002 contemnit.
2684 1010 2687 1015 λ

1936 1039 2061 1096 156.
2093 1042 2319 1097 Armilla
2354 1043 2638 1113 perforatis
2678 1060 2839 1100 nares
2863 1043 3123 1105 draconis
3145 1042 3215 1108 “,
3247 1056 3435 1096 mona-

1860 1132 2000 1189 chus
2020 1134 2211 1201 I,bonis
2242 1136 2499 1205 operibus
2530 1137 2787 1193 amictus.
2826 1134 3025 1191 Munda
3064 1135 3212 1189 enim
3238 1148 3433 1188 mona-

1858 1226 1948 1280 chi
1972 1226 2175 1294 anima,
2210 1243 2431 1283 suavem
2457 1228 2772 1298 spiritaliter
2797 1227 3015 1296 spirans
3042 1225 3288 1290 odorem,
3306 1223 3431 1277 dra-

1859 1320 2016 1375 conis
2048 1321 2305 1377 ollactum
2337 1324 2612 1395 obsignat,
2647 1331 2706 1377 ut
2730 1339 2838 1377 non
2870 1323 3057 1378 olliant
3081 1320 3139 1374 in
3166 1320 3285 1389 ipso
3309 1334 3432 1373 sor»

1856 1412 1956 1469 des
1984 1416 2297 1485 voluptatis.

1856 1544 1859 1547 λ
1932 1503 2056 1558 157.
2095 1505 2271 1571 Quam
2308 1506 2513 1562 bonum
2574 1507 2840 1563 fratribus
2880 1513 2941 1560 ut
2968 1504 3320 1560 dominentur
3340 1516 3435 1552 vu-

1857 1594 2181 1664 luptatihus,
2217 1598 2438 1669 sintque
2460 1600 2776 1669 superiores
2795 1597 3108 1653 carnalibus
3123 1592 3429 1650 desideriis.

1860 1685 1918 1741 In
1972 1689 2132 1758 cujus
2183 1693 2329 1745 enim
2387 1693 2552 1747 corde
2582 1706 2825 1762 prazsens
2854 1701 2938 1753 est
2973 1689 3071 1746 Dei
3100 1689 3287 1750 timor,
3311 1684 3433 1756 ejus

1863 1781 2104 1836 animum
2140 1783 2333 1839 sordes
2363 1800 2472 1839 non
2499 1784 2759 1838 alﬁciunt.

1932 1873 2056 1930 158.
2083 1874 2341 1944 Speciosa
2358 1878 2476 1933 laus
2502 1877 2559 1931 in
2589 1892 2686 1932 ore
2716 1874 2994 1943 monachi,
3025 1889 3190 1946 quam
3212 1887 3279 1927 ex
3296 1884 3432 1938 puro

1859 1967 2023 2021 corde
2057 1966 2165 2023 Deo
2198 1970 2487 2039 depangit;
2519 1978 2579 2024 ut
2602 1971 2885 2026 incensum
2910 1965 3218 2025 suavissimi
3248 1963 3432 2019 odoris

1859 2055 1980 2125 ejus
2013 2056 2154 2112 Deus
2183 2060 2488 2115 orationem
2520 2062 2778 2115 admittit.

1932 2149 2054 2204 159.
2085 2149 2131 2204 0
2175 2161 2415 2220 quantus
2454 2156 2771 2223 angelorum
2811 2157 3034 2217 mcerbr,
3086 2164 3211 2206 cum
3242 2160 3433 2201 mona-

1858 2242 2021 2297 chum
2086 2261 2201 2315 pra:
2239 2248 2470 2318 segnitie
2515 2248 2638 2318 ejici
2697 2263 2728 2303 a
2781 2259 2953 2317 regno
3024 2241 3350 2313 contigerit!
3387 2240 3431 2292 υ

1858 2347 2097 2405 quantus
2124 2351 2438 2395 sanctorum
2477 2341 2655 2402 dolor,
2691 2351 2873 2395 asceta
2902 2354 3012 2409 pra:
3043 2335 3295 2407 superbia
3321 2347 3428 2387 non

1862 2446 1967 2485 una
2021 2448 2146 2487 cum
2205 2434 2420 2503 Sponso
2462 2433 2706 2490 admisso
2734 2435 2788 2489 in
2821 2432 3157 2488 thalamum!
3188 2428 3233 2485 Ο
3261 2443 3433 2498 quan-

1857 2536 1973 2582 tum
2028 2528 2285 2600 gaudium
2333 2531 2674 2601 angelorum,
2708 2538 2997 2601 peccatore
3037 2541 3135 2596 per
3165 2521 3432 2593 poeniten-

1858 2621 1990 2675 tiam
2029 2623 2339 2677 introeunte
2374 2622 2429 2677 in
2455 2638 2683 2693 regnum
2733 2622 3000 2677 caelorum
3031 2620 3076 2652 δ’
3107 2620 3120 2672 !
3153 2619 3195 2671 Ο
3225 2621 3429 2685 quanta

1858 2723 2171 2769 sanctorum
2202 2715 2409 2780 laetitia,
2436 2716 2567 2770 dum
2600 2723 2854 2785 peccator
2886 2713 2956 2767 ab
2974 2725 3164 2767 errore
3186 2710 3289 2762 viae
3318 2720 3429 2760 sua:

1859 2808 2231 2864 convertitur!
2267 2824 2500 2878 quorum
2555 2807 2791 2863 aemulati
2852 2806 3032 2869 ﬁdem,
3096 2794 3429 2856 :emulamini

1858 2913 1979 2969 quae
2007 2899 2351 2966 postmodum
2375 2899 2559 2953 futura
2590 2909 2694 2962 est,
2725 2896 2988 2952 laetitiam.

1932 2991 2054 3046 160.
2087 2988 2132 3046 0
2160 2992 2301 3047 beati
2336 2992 2427 3047 Dei
2478 2992 2573 3046 lilii
2616 2989 2894 3055 monachi,
2940 3001 3082 3057 quos
3133 2978 3429 3039 certamine

178 3095 339 3132 σαιτο
371 3078 573 3150 σαρκὸς
618 3079 902 3150 ἐπιθυμία.
947 3082 1125 3151 ’Υμᾶς
1155 3084 1217 3137 ού
1259 3082 1331 3153 γῆ
1365 3081 1599 3156 καλύψῃ,
1640 3083 1749 3138 axx

1864 3102 1972 3141 non
2006 3086 2138 3142 vicit
2162 3089 2346 3143 carnis
2393 3088 2699 3155 cupiditas!
2739 3101 2849 3140 non
2883 3098 2982 3139 vos
3024 3091 3169 3137 terra
3195 3076 3427 3148 operial,

174 3169 408 3241 οὐρανὸς
443 3169 542 3222 σὺν
567 3171 819 3241 ἀγγέλοις
846 3170 1191 3244 ἀποδέξηται.

266 3353 311 3386 ⁸⁸
342 3350 444 3407 Joh
486 3368 572 3411 χι..
597 3352 688 3409 22.
758 3352 803 3385 δ’
832 3354 969 3411 Luc.
1002 3371 1097 3422 xv,
1129 3354 1181 3412 7.

1861 3176 1959 3232 sed
1995 3178 2193 3233 caelum
2221 3193 2344 3233 cum
2377 3179 2582 3249 angelis
2606 3177 2886 3247 suscipiat.

212 3592 3406 3637 W

1307 3842 1826 3957 SANCTI
1981 3843 2289 3957 NILI

731 4110 1183 4174 ORATIONUM
1223 4109 1343 4187 ΕΤ,
1369 4110 1866 4173 HOMILIARUM
1907 4112 2369 4173 FRAGMENTA
2410 4112 2511 4172 EX
2550 4114 2851 4176 PHOTIO.

1098 4322 1372 4394 (Biblioth.
1414 4322 1539 4379 cod.
1577 4322 1705 4391 276,
1745 4338 1802 4395 p.
1844 4321 1983 4380 1527
2021 4322 2111 4379 ed.
2154 4321 2495 4396 Iloeschelii.)

190 4681 292 4739 τοῦ
345 4681 640 4752 μακαρίου
689 4678 944 4763 Νείλου⁸
980 4681 1069 4746 είς
1139 4677 1207 4733 τὸ
1272 4676 1486 4748 Πάσχα
1554 4678 1736 4749 λόγος

826 4765 1075 4817 πρωτος.

2072 4680 2258 4737 Sancti
2298 4680 2416 4737 Nili
2451 4658 2636 4740 Oratio
2665 4685 2837 4754 prima
2860 4685 2915 4737 in
2944 4685 3176 4740 Pascha.

258 4841 624 4904 Ἀναστάσεως
643 4839 820 4908 λόγοις
841 4878 856 4901 ,
888 4838 987 4909 τὴν
1015 4839 1114 4908 τῆς
1142 4838 1491 4902 ἀναστάσεως
1520 4838 1737 4910 ἡμέραν

1910 4835 2349 4893 Resnrrectionis
2376 4838 2556 4894 verbis
2582 4838 3003 4894 resurrectionis
3028 4839 3171 4896 diem
3223 4842 3400 4899 hono-

183 4934 508 5006 τιμήσωμεν.
556 4930 719 5003 Ψυχὴ
761 4929 960 5001 ιψυχῆς
1025 4928 1161 5001 lego]
1207 4929 1293 4993 τίς
1337 4933 1451 4985 ἐστι
1502 4929 1741 5002 δευτέρα-

182 5029 284 5091 τοῖς
311 5023 614 5097 ἀνθρώποις
658 5024 692 5094 ή
726 5022 1050 5087 ἀνάστασις,
1091 5020 1229 5092 πρὸς
1256 5020 1357 5085 τάς
1392 5019 1493 5091 τῆς
1530 5021 1733 5092 ἀρετῆς

183 5119 505 5191 διεγείρουσα
544 5116 794 5188 πράξεις.
848 5115 971 5170 Κᾶν
1020 5114 1223 5185 ταύτην
1270 5113 1379 5167 τῶν
1425 5113 1732 5185 ἀνθρώπων

184 5209 392 5282 ἀνέλῃς,
424 5208 619 5280 νεκρὸν
657 5208 793 5280 πρὸς
832 5207 1061 5279 πράξεις
1090 5208 1292 5278 ἀρετῆς
1320 5207 1642 5277 ἀπειργάσω
1670 5207 1732 5259 τὸ

188 5301 345 5372 σῶμα.
385 5302 477 5364 Ὠς
514 5296 610 5355 οὖν
651 5301 794 5374 ὑπὲρ
835 5300 1040 5372 βλάϐης
1070 5300 1259 5371 κοινῆς
1294 5299 1434 5372 πρὸς
1460 5299 1549 5353 τὸν
1587 5298 1743 5371 ὑπὲρ-

184 5393 270 5464 τῆς
291 5393 636 5457 ἀναστάσεως
662 5390 1013 5464 ὁπλισώμεθα
1038 5392 1293 5463 πόλεμον,
1323 5392 1450 5462 ὃλην
1473 5391 1729 5455 λαϐόντες

186 5489 296 5557 ἡμῖν
325 5484 780 5556 συνοπλιξομένην
805 5485 904 5557 τὴν
932 5485 1130 5541 κτίσιν.
1175 5484 1588 5557 Ἐπιστρατεύει
1621 5484 1728 5553 γὰρ

185 5579 386 5649 οὐρανὸς
411 5576 529 5650 μεθ’
550 5576 708 5649 ἡμῶν
734 5580 846 5641 τοῖς
873 5577 1139 5641 ἀπίστοις.
1169 5578 1266 5630 Ὃν
1281 5578 1389 5646 γάρ
1417 5575 1475 5639 ἐξ
1497 5575 1730 5630 ἀναστάς

188 5688 304 5735 σεως
347 5670 626 5742 Δεσπότην
660 5668 909 5738 ἐδέξατο,
965 5670 1032 5741 τῇ
1073 5670 1170 5739 τῆς
1207 5669 1556 5733 ἀναστάσεως
1606 5667 1727 5739 βλέ-

1840 4928 2111 4981 rabimus.
2156 4926 2369 4982 Animae
2391 4936 2476 4983 est
2500 4929 2770 4998 quaedam,
2801 4930 2972 4985 altera
3002 4930 3289 4986 hominum
3314 4950 3402 4989 re-

1840 5018 2132 5085 surrectio,
2170 5018 2237 5073 ad
2280 5018 2537 5075 virtutem
2565 5020 2834 5086 excitans,
2866 5034 2920 5076 et
2945 5022 2992 5077 si
3022 5022 3169 5077 illam
3200 5024 3269 5079 ab
3297 5025 3402 5079 ho-

1838 5112 2082 5167 minibus
2118 5110 2427 5177 sustuleris,
2456 5120 2734 5167 mortuum
2762 5114 2828 5167 ad
2859 5113 3100 5170 actiones
3139 5115 3399 5171 virtutum

1839 5218 2038 5274 corpus
2073 5203 2400 5261 reddideris.
2428 5204 2595 5275 Igitur
2625 5206 2785 5275 quasi
2824 5221 2922 5274 pro
2943 5208 3222 5261 communi
3251 5207 3399 5262 cala-

1835 5297 2024 5352 mitate
2057 5298 2124 5352 ad
2150 5297 2353 5352 bellum
2417 5312 2517 5367 pro
2568 5298 2971 5353 resurrectione
3026 5297 3397 5368 accingamur,

1831 5404 2048 5444 omnem
2100 5399 2408 5445 creaturam
2470 5388 2628 5444 nobis
2697 5397 2961 5443 armatam
3019 5390 3395 5460 adjungentes.

1830 5481 2044 5552 Pugnat
2065 5484 2209 5537 enim
2236 5482 2528 5536 nobiscum
2563 5480 2761 5535 coelum
2813 5488 3006 5534 contra
3064 5478 3398 5537 incredulos.

1830 5573 2001 5638 Quem
2028 5574 2175 5637 enim
2200 5590 2231 5628 e
2261 5572 2665 5628 resurrectione
2693 5570 2986 5625 Dominum
3019 5571 3281 5641 suscepit,
3316 5571 3400 5624 vi-

1832 5666 1935 5723 det.
1953 5666 2379 5723 resurrectionis
2412 5665 2583 5736 gloria
2611 5664 2833 5735 privari.
2871 5662 3037 5719 Terra
3065 5678 3282 5735 quoque
3330 5663 3400 5717 ad
