3852 6052
470 301 601 369 1491

1943 307 2006 368 S-
2041 305 2229 368 NILI.

3605 307 3734 372 1492

468 424 667 478 bellum
703 417 992 477 nabiscum
1030 429 1240 491 parata.
1279 419 1427 476 Vidit
1484 421 1630 476 enim
1679 418 2038 474 resurrectio-

2145 439 2231 475 πει
2290 421 2756 493 συναθετούμενον
2816 422 2964 495 δόξῃ.
3027 424 3369 492 Κοινωνήσει
3429 424 3735 495 προθύμως

465 532 592 569 nem
631 514 1020 584 olaspbemari,
1060 523 1162 582 per
1197 530 1363 585 quam
1422 514 1622 584 saepius
1675 513 1776 584 ipsi
1835 511 2039 568 mortui

466 619 596 664 sunt
635 609 913 680 praerepti.
971 607 1098 664 ideo
1152 616 1206 665 et
1241 607 1446 663 Paulus
1478 615 1745 664 creaturae
1797 620 2040 662 amorem

469 701 662 756 tribuit
723 699 1198 756 resurrectionis:
1257 699 1401 754 Nam
1439 699 1782 769 exspectatio,
1836 699 2038 768 inquit,

466 807 751 859 creaturae,
799 794 1169 849 reuelationem
1225 794 1464 862 ﬁliorum
1512 793 1612 848 Dei
1663 801 1935 861 exspectat
1998 792 2038 843 ⁸.

466 888 943 957 Quemadmodum
979 887 1125 942 enim
1165 886 1362 941 civitas
1395 885 1532 956 regii
1574 885 1842 939 adventus
1898 883 2038 938 reci-

469 983 625 1052 piens
654 993 1044 1051 praecursores,
1067 977 1133 1032 ad
1162 977 1282 1048 ejus
1317 977 1661 1047 praesentiam
1683 984 1797 1031 tota
1826 991 1887 1029 se
1906 990 2044 1044 pra:-

469 1081 668 1142 parat:
710 1071 791 1126 sic
849 1069 1255 1125 resurrectione
1301 1077 1566 1138 tanquam
1602 1068 1793 1138 regina
1835 1066 2040 1133 aliqua,

472 1173 736 1219 creaturae
767 1159 1153 1231 praenuntiata,
1191 1168 1302 1214 tota
1337 1159 1406 1214 ad
1429 1159 1577 1215 illius
1604 1159 1949 1230 praesentiam
1984 1175 2044 1215 se

474 1255 833 1324 comparavit.
875 1251 941 1306 Et
967 1268 1036 1306 ne
1077 1253 1293 1308 mireris
1331 1263 1619 1307 creaturas
1649 1253 1821 1322 ipsam
1852 1267 2042 1306 resur-

476 1348 775 1402 rectionem
805 1345 1139 1400 desiderare.
1181 1344 1276 1399 Est
1307 1345 1452 1398 enim
1503 1343 1814 1398 hominibus
1871 1343 2044 1398 instar

474 1437 725 1503 nutricis,
762 1452 884 1507 quae
913 1435 1138 1491 festinat
1200 1436 1530 1505 promissum
1565 1449 1791 1505 regnum
1837 1435 2040 1502 videre,

472 1539 528 1584 ct
558 1528 867 1583 futurorum
902 1527 1128 1582 tarditas
1157 1541 1265 1580 non
1299 1526 1548 1582 dissolvit
1579 1541 1731 1594 spem
1784 1525 2039 1581 nutricis.

474 1620 650 1675 liabet
673 1620 820 1675 enim
853 1620 909 1673 in
975 1633 1037 1674 se
1082 1633 1297 1688 semper
1349 1617 1558 1672 semina
1601 1613 2042 1684 resurrectionis,

474 1727 708 1784 quorum
742 1727 911 1782 grana
942 1711 1182 1766 ostendit
1246 1711 1514 1772 viventes,
1553 1719 1896 1765 mortuorum
1952 1725 2043 1765 re-

476 1807 833 1862 surrectionis
858 1807 912 1860 in
945 1807 1128 1875 parvis
1161 1820 1311 1875 spem
1330 1805 1490 1861 nobis
1520 1806 1923 1862 confirmantia.
1945 1805 2044 1861 Se-

475 1899 751 1968 peliuntur
777 1900 832 1952 in
881 1899 998 1964 illa,
1035 1905 1096 1952 ut
1123 1898 1372 1952 videmus
1405 1897 1677 1952 seminum
1708 1914 1896 1969 grana,
1917 1913 2043 1952 cum

476 1989 614 2045 sulci
646 1990 756 2044 sint
782 1988 916 2044 satis
939 2002 1038 2057 pro
1068 1988 1356 2057 sepulcris.
1388 1988 1507 2058 Ipsa
1535 2003 1685 2050 vero,
1743 1989 2044 2045 seminibus

477 2081 737 2151 acceptis,
790 2080 1037 2135 imitatur
1071 2090 1442 2143 monumenta,
1475 2091 1530 2135 et
1574 2082 1865 2150 putrefacit
1917 2097 2043 2152 gra-

482 2188 632 2237 num,
659 2181 720 2226 ut
748 2171 926 2241 ipsum
953 2171 1266 2240 sepulcrum
1293 2186 1515 2242 corpus,
1548 2183 1602 2226 et
1635 2173 1910 2242 accipiens
1961 2172 2044 2226 vi-

476 2279 631 2326 vum,
665 2271 944 2316 mortuum
977 2262 1178 2328 reddit,
1208 2270 1262 2316 et
1297 2263 1536 2317 medium
1562 2265 1718 2335 grani
1753 2266 1911 2333 plane
1942 2280 2044 2334 pu~

477 2355 770 2410 trefaciens
800 2352 1105 2419 corculum,
1137 2354 1301 2410 etiam
1338 2354 1473 2423 ipsis
1529 2353 1778 2410 formicis
1822 2357 2045 2412 inutiles

478 2446 545 2501 ad
582 2445 981 2502 comedendum
1014 2443 1168 2500 facit.
1196 2445 1620 2515 Corruptionem
1678 2455 1859 2500 autem
1921 2455 2046 2500 tan-

476 2557 642 2612 quam
669 2538 1086 2609 conceptionem
1122 2537 1412 2608 quamdam
1438 2537 1748 2608 possidens,
1773 2546 2043 2592 inortuam

477 2635 752 2690 seminum
792 2630 1030 2686 feturam
1071 2629 1467 2700 putrefactione
1487 2639 1684 2699 gestat,
1711 2639 1766 2684 et
1787 2630 1845 2684 fit
1875 2639 2047 2684 mater

476 2723 620 2786 vitae,
658 2718 846 2788 granis
873 2719 1180 2787 corruptio,
1220 2728 1275 2772 et
1299 2734 1445 2772 mors
1479 2726 1668 2787 partus
1718 2727 1870 2787 pater
1902 2719 2046 2774 desi-

476 2820 694 2882 gnatur.
725 2807 877 2866 Nova
900 2810 992 2864 illa
1023 2809 1232 2864 doloris
1266 2819 1425 2864 terrae
1451 2809 1802 2878 parturientis
1832 2809 1914 2864 lex
1940 2819 2043 2875 est,

479 2906 585 2959 nisi
616 2904 712 2958 fiat
761 2911 1016 2958 mortuus
1067 2900 1234 2965 fetus,
1287 2917 1395 2955 non
1448 2901 1706 2971 tingitur:
1737 2901 1782 2956 si
1825 2901 2043 2966 vixerit,

479 3013 587 3051 non
642 2996 934 3052 formatur.
998 2995 1139 3051 Hinc
1194 2996 1360 3064 igitur
1419 3004 1474 3049 ct
1523 2995 1770 3050 formicae
1811 2995 2047 3050 dissecta

2142 517 2273 586 ύμῖν
2305 515 2401 568 τοῦ
2437 514 2680 586 πολέμου
2711 516 2806 570 καὶ
2841 518 2874 585 ἡ
2909 517 3011 586 γῆ.
3039 518 3386 584 Συκοφαντου
3397 516 3583 586 μένην
3632 517 3733 586 γὰρ

2139 604 2244 676 τὴν
2285 607 2586 661 ἀνάστασιν
2613 602 2753 660 οἶδεν
2773 648 2788 672 ,
2813 607 2906 677 ἀφ’
2931 601 3007 660 ὧν
3036 608 3295 670 πολλάκις
3319 609 3562 677 νεκροὺς
3592 609 3732 678 ἀφῃ-

2143 701 2277 772 ρέθη
2330 700 2422 754 ὑπ’
2469 701 2640 771 αὐτῆς
2692 699 2809 772 [ὑπ’
2849 701 3021 772 αὐτῆς
3063 702 3315 773 ἀφῃρέθη
3360 701 3439 759 Η.
3477 700 3598 773 $1.]
3638 703 3733 755 Aut

2142 791 2300 846 τοῦτο
2331 793 2428 846 καὶ
2478 791 2692 856 Παῦλος
2733 792 2828 846 τὸν
2864 793 2966 863 τῆς
3013 793 3372 857 ἀναστάσεως
3422 798 3494 865 τῇ
3554 795 3730 847 κτίσει

2141 882 2488 955 περιτίθησιν
2540 883 2742 955 ἔρωτα.
2805 883 2877 938 Ἠ
2940 882 3050 954 γὰρ
3100 883 3570 953 ἀποκαραδοκία
3623 884 3730 952 τῆς

2141 975 2415 1042 κτίσεως,
2464 976 2600 1046 φησὶ
2622 1016 2638 1041 ,
2689 975 2806 1045 τὴν
2841 977 3238 1046 ἀποκάλυψιν
3273 977 3399 1030 τῶν
3443 976 3598 1030 υἱῶν
3629 977 3729 1033 τοῦ

2146 1067 2296 1122 Θεοῦ
2329 1068 2744 1139 ἀπεκδέχεται.
2774 1068 3044 1140 Καθάπερ
3086 1069 3195 1141 γὰρ
3239 1070 3402 1133 πόλις
3441 1068 3728 1140 βασιλής

2144 1162 2439 1233 ἐπιδημίας
2470 1162 2737 1235 δεξαμένη
2775 1163 3120 1234 προδρόμους
3137 1193 3159 1229 ,·
3185 1164 3323 1235 πρὸς
3367 1163 3476 1232 τὴν
3515 1163 3726 1230 ἑκεξνης

2143 1255 2238 1326 ὅλη
2279 1256 2582 1325 παρουσίαν
2625 1255 2972 1326 ἐπτέρωταιο
3018 1255 3162 1310 οὕτω
3194 1258 3290 1310 καὶ
3331 1257 3441 1326 τῆς
3495 1257 3728 1309 ἀναπεί-

2146 1363 2282 1410 σεως
2307 1346 2497 1418 ὥσπερ
2524 1365 2670 1410 τινος
2699 1346 2971 1417 βασιλίδος
3003 1350 3068 1419 τῇ
3099 1348 3279 1401 κτίσει
3315 1346 3724 1416 προκηρυχθεί-

2147 1457 2247 1510 σης
2269 1479 2286 1506 ,
2316 1440 2411 1510 ὅλη
2442 1439 2580 1510 πρὸς
2618 1440 2718 1512 τὴν
2747 1439 2964 1509 ἐκείνης
2995 1443 3298 1509 παρουσίαν
3338 1438 3723 1494 συντέτακται.

2145 1531 2258 1584 Καὶ
2297 1531 2370 1602 μὴ
2425 1530 2712 1602 θαυμάσῃς
2757 1531 2846 1584 τὸν
2875 1531 2976 1601 τῆς
3016 1531 3373 1595 ἀναστάσεως
3406 1532 3725 1601 ἐγκείμενον

2143 1625 2210 1694 τῇ
2255 1623 2431 1676 κτίσει
2463 1623 2850 1692 διδασκόμενον
2885 1624 3066 1677 πόθον.
3109 1625 3325 1694 Τροφός
3354 1625 3473 1694 γάρ
3513 1642 3602 1688 τις
3627 1626 3724 1677 τῶν

2145 1715 2448 1786 ἀνθρώπων
2478 1715 2800 1786 ὑπάρχουσα
2823 1754 2840 1780 ,
2885 1717 3105 1770 σπεύδει
3145 1717 3245 1787 τὴν
3290 1716 3724 1785 ἑπαγγελθεῖσαν

2148 1808 2276 1860 ίδεῖν
2311 1807 2588 1878 βασιλείαν
2613 1824 2628 1840 ο
2667 1809 2764 1862 καὶ
2809 1808 2870 1862 τὸ
2912 1809 3077 1880 βραδὺ
3113 1809 3225 1862 τῶν
3263 1809 3581 1880 μελλόντων
3634 1811 3726 1862 οὒκ

2144 1897 2325 1951 ἐκλύει
2347 1900 2413 1969 τῇ
2443 1896 2632 1969 τροφῷ
2653 1898 2754 1962 τὰς
2779 1899 3023 1963 ἐλπίδας.
3054 1900 3209 1970 Ἔχει
3230 1899 3342 1971 γὰρ
3370 1900 3466 1953 ἀεὶ
3501 1902 3725 1954 συνόντα

2143 1987 2282 2058 αὐτῇ
2321 1985 2390 2040 τά
2431 1987 2532 2058 τῆς
2560 1988 2912 2051 ἀναστάσεως
2953 1988 3275 2059 σπέρματα,
3323 1983 3404 2044 ὧν
3433 1990 3570 2053 τοὺς
3602 1991 3724 2044 κόκ-

2143 2095 2277 2143 κους
2304 2079 2650 2134 ἀναδείκνυσι
2685 2079 2918 2144 ζῶντας,
2943 2081 3042 2150 τῆς
3070 2081 3181 2134 τῶν
3211 2081 3428 2154 νεκρῶν
3457 2084 3725 2153 σωμάτων

2143 2170 2417 2242 ὲγέρσεως
2451 2173 2509 2224 ἐν
2557 2174 2773 2243 μικροῖς
2801 2175 2937 2243 ἡμῖν
2968 2173 3323 2243 βεϐαιοῦντας
3347 2174 3452 2238 τὰς
3481 2176 3722 2238 ἐλπίδας.

2143 2260 2452 2316 Θάπτονται
2489 2262 2589 2333 μὲν
2623 2265 2732 2335 γὰρ
2756 2266 2812 2318 ὲν
2841 2265 2976 2337 αὐτῇ
2995 2305 3010 2329 ,
3039 2267 3114 2328 ὡς
3140 2266 3357 2338 ὁρῶμεν
3381 2307 3399 2330 ,
3421 2267 3536 2320 τῶν
3565 2285 3726 2336 στι-ερ-

2147 2354 2336 2424 μάτων
2373 2357 2421 2408 οί
2457 2356 2668 2421 κόκκοι,
2693 2357 2804 2410 τῶν
2837 2358 3091 2412 αὐλάκων
3125 2359 3246 2412 ἀντὶ
3281 2359 3474 2428 τάφων
3505 2362 3727 2429 γινομέ-

2145 2462 2254 2497 νων
2290 2449 2405 2508 τοῖς
2451 2452 2770 2517 σπαρεῖσιν·
2814 2450 2846 2522 ἡ
2890 2450 2947 2503 δὲ
2986 2450 3225 2504 λαϐοῦσα
3267 2451 3339 2504 τά
3392 2454 3726 2523 σπέρματα,

2149 2540 2396 2608 μιμεῖται
2435 2539 2506 2592 τὰ
2548 2541 2842 2612 μνήματα·
2878 2543 2970 2596 καὶ
3016 2545 3179 2615 σήπει
3208 2545 3302 2597 τὸν
3343 2546 3554 2598 κόκκον
3585 2546 3663 2608 ὡς
3701 2549 3728 2599 ὀ

2145 2630 2316 2700 τάφος
2363 2631 2424 2684 τὸ
2454 2631 2645 2703 σῶμα⁸
2683 2635 2776 2687 καὶ
2804 2634 3074 2707 δεξαμένη
3115 2637 3332 2702 ζῶντα,
3365 2638 3729 2709 καταφθείρει

2146 2723 2434 2794 νεκρότητι
2459 2743 2472 2756 ·
2522 2727 2698 2798 μέσην
2731 2744 2792 2780 τε
2823 2729 3012 2798 σαφῶς
3040 2729 3139 2801 τὴν
3179 2730 3275 2784 τοῦ
3306 2732 3515 2786 κόκκου
3546 2734 3732 2802 διασή-

2145 2815 2300 2884 ιξιασα
2328 2818 2593 2890 καρδίαν,
2631 2820 2906 2890 ἄχρηστον
2940 2821 3359 2894 καὶ⁶μύρμηξιν
3397 2826 3482 2889 εἰς
3521 2830 3732 2898 τροφὴν

2147 2910 2542 2982 ἀπεργάζεται.
2582 2913 2794 2983 Ὥσπερ
2840 2914 2897 2967 δέ
2933 2933 3052 2969 τινα
3089 2915 3354 2988 σύλληψιν
3386 2918 3490 2988 τὴν
3523 2919 3729 2988 φθορὰν

2094 3073 2098 3077 η
2149 3004 2500 3075 κτησαμένη,
2563 3008 2825 3074 κυοφορεῖ
2885 3005 3226 3078 νεκρωθέντα
3273 3010 3341 3078 τῇ
3398 3009 3570 3079 σήψει
3625 3010 3732 3061 τῶν

477 3105 646 3162 grana
675 3090 730 3144 in
764 3100 963 3143 terram
995 3089 1299 3155 defodiunt,
1337 3091 1578 3143 sectione
1605 3104 1825 3158 germen
1858 3104 1888 3143 e
1919 3105 2043 3144 cor-

2149 3096 2478 3166 σπερμάτων
2499 3097 2568 3150 τὰ
2589 3097 2804 3168 ἔμϐρυα
2827 3115 2841 3129 ο
2876 3099 2968 3150 καὶ
2993 3098 3203 3168 γίνεται
3229 3101 3418 3171 μήτηρ
3440 3101 3596 3170 ζωῆς
3625 3105 3731 3165 mi;

480 3185 733 3254 ruptione
763 3181 1140 3252 impedientes.
1177 3181 1430 3250 Oportuit
1490 3180 1639 3235 enim
1671 3189 1728 3235 et
1789 3181 2048 3237 formica-

481 3295 601 3334 rum
633 3287 886 3332 naturam
916 3272 1220 3339 tesﬁﬁcari,
1255 3281 1453 3328 terram
1489 3282 1612 3341 post
1639 3274 2046 3342 corruptionem

478 3368 784 3440 prodiicere
815 3364 1023 3420 semina
1051 3382 1063 3417 :
1099 3371 1154 3418 et
1181 3363 1305 3417 vide
1329 3361 1575 3432 pariendi
1607 3363 1702 3417 tali
1729 3364 1894 3417 modo
1944 3365 2048 3418 mi-

480 3477 597 3514 ram
622 3468 898 3514 naturam.
927 3456 1215 3525 Accipiens
1246 3455 1424 3508 solum
1481 3470 1736 3525 granum,
1796 3469 2047 3510 corrum-

476 3554 579 3623 pit,
609 3558 929 3620 corruptum
960 3563 1090 3602 vero
1131 3547 1513 3615 multipliciter
1573 3547 1843 3616 pullulare
1891 3547 2043 3611 facit,

478 3659 709 3713 granum
739 3643 794 3696 in
828 3641 1008 3695 varias
1057 3647 1243 3709 partes
1269 3638 1535 3693 formans.
1567 3640 1848 3693 Calamum
1882 3640 2048 3709 spicis

477 3737 572 3790 dat
617 3750 718 3804 pro
758 3733 1002 3800 ossibus,
1034 3741 1089 3787 et
1133 3741 1352 3786 tenuem
1377 3747 1477 3802 pro
1502 3733 1655 3802 ipelle
1681 3733 1922 3788 exterius
1951 3733 2047 3788 ad-

479 3837 629 3898 aptat
659 3827 984 3890 tuniculam,
1017 3825 1260 3881 radicem
1292 3824 1523 3880 inferius
1552 3825 1784 3880 vinculis
1817 3826 2048 3896 quibus-

477 3924 603 3976 dam
666 3930 926 3990 tanquam
957 3917 1164 3982 nervis,
1193 3927 1248 3972 et
1279 3918 1436 3972 venis
1463 3917 1656 3988 cingit,
1695 3933 1796 3988 pro
1852 3919 2049 3990 ungui-

479 4015 583 4069 bus
613 4014 800 4084 granis
827 4011 977 4066 addit
1002 4010 1207 4066 aristas
1240 4011 1539 4080 spicarum,
1580 4026 1703 4081 qua
1734 4021 1925 4066 contra
1949 4026 2047 4066 vo-

480 4105 660 4158 lucres
690 4108 919 4157 certent.
946 4099 1236 4166 Quomodo
1264 4101 1381 4154 haec
1409 4101 1594 4154 omnia
1627 4117 1694 4155 ex
1727 4115 1836 4155 uno
1874 4115 2044 4169 grano

479 4203 737 4264 corrupto
776 4192 1077 4248 oriuntur?
1105 4191 1222 4248 Hoc
1252 4209 1382 4248 vero
1405 4202 1488 4248 est
1524 4193 1698 4247 multo
1741 4192 2047 4246 mirabilius

479 4286 906 4342 resurrectione.
937 4281 1076 4338 Nam
1100 4293 1232 4341 tunc
1259 4284 1480 4356 quidem
1510 4297 1755 4340 mortuos
1783 4299 1921 4354 quos
1950 4300 2047 4339 na-

479 4387 600 4434 tura
641 4376 865 4445 accepit,
907 4374 1126 4430 reddit:
1159 4390 1308 4430 nunc
1369 4390 1500 4430 vero
1554 4376 1728 4430 multa
1787 4391 1885 4446 pro
1932 4391 2045 4430 uno

2149 3185 2371 3249 κόκκοις
2399 3187 2720 3259 ἡνέκρωσις
2743 3229 2758 3253 ,
2791 3189 2885 3242 καὶ
2915 3188 3142 3253 θάνατος
3172 3191 3336 3243 τόκου
3379 3192 3576 3262 πατὴρ
3605 3194 3734 3246 άναο

2148 3276 2443 3333 δείκνυται.
2477 3279 2681 3344 Καινὸς
2705 3275 2859 3342 οὗτος
2887 3284 2954 3352 τῇ
2992 3284 3064 3353 γῇ
3094 3281 3203 3335 τῶν
3233 3281 3447 3337 ὠδίνων
3472 3287 3502 3337 ό
3525 3286 3695 3355 νόμος
3714 3305 3729 3316 ο

2151 3370 2217 3424 ἂν
2247 3371 2324 3443 μὴ
2355 3371 2581 3443 γένηται
2607 3373 2799 3442 νεκρὸν
2831 3372 2893 3427 τὸ
2923 3373 3124 3444 βρέφος
3143 3415 3159 3439 ,
3199 3377 3258 3429 ού
3292 3375 3602 3430 πλάττεται
3622 3395 3637 3406 ο
3668 3377 3730 3430 ἂν

2149 3461 2248 3534 ζῇ,
2294 3462 2355 3516 οὐ
2409 3462 2732 3534 μορφοῦται.
2776 3464 2960 3537 Ταύτῃ
3013 3467 3123 3538 ἄρα
3159 3467 3252 3520 καὶ
3294 3467 3599 3538 μύρμηκες
3648 3486 3730 3522 τε-

2147 3556 2463 3626 τμημένους
2511 3558 2638 3621 τοὺς
2673 3558 2907 3623 κόκκους
2950 3561 3032 3623 είς
3076 3560 3182 3631 γῆν
3215 3561 3578 3615 ἀποτίθενται
3603 3602 3621 3625 ,
3665 3567 3726 3633 τῇ

2147 3652 2290 3720 τομῇ
2318 3649 2417 3719 τὴν
2448 3651 2555 3704 ἀπὸ
2578 3651 2679 3721 τῆς
2708 3651 3031 3722 νεκρὼσεως
3063 3652 3358 3723 βλάστησιν
3387 3655 3726 3716 κωλύοντες.

2151 3741 2297 3795 Ἔδει
2329 3741 2440 3812 γὰρ
2489 3743 2582 3796 καὶ
2627 3746 2934 3815 μυρμήκων
2977 3745 3140 3814 φύσιν
3173 3746 3536 3816 μαρτυρῆσαι
3563 3750 3634 3817 τῇ
3662 3751 3727 3816 γῇ

2150 3833 2289 3905 μετά
2319 3835 2524 3908 φθορὰν
2547 3835 2796 3908 γεννώσῃ
2823 3837 2891 3890 τὰ
2919 3838 3230 3908 σπέρματα.
3261 3839 3376 3892 Καὶ
3402 3840 3608 3892 σκόπει
3643 3857 3728 3910 μοι

2145 3927 2247 3998 τῆς
2290 3927 2478 3992 ὠδῖνος
2522 3927 2581 3980 τὸ
2612 3927 2814 3999 θαῦμα.
2866 3929 3124 3983 Λαϐοῦσα
3161 3930 3325 4000 μόνον
3354 3930 3457 3984 τὸν
3484 3933 3728 3998 κόκκον,

2147 4019 2324 4092 φθορᾷ
2361 4021 2714 4092 παραδίδωσι,
2756 4021 3035 4090 φθαρέντα
3074 4021 3130 4074 δὲ
3158 4021 3460 4076 πολλοστὸν
3488 4025 3730 4078 ἀναθάλο

2145 4112 2226 4166 λει
2278 4113 2416 4184 πρὸς
2459 4113 2679 4168 ποικίλα
2717 4113 2808 4167 τὸν
2853 4113 3054 4166 κόκκον
3095 4113 3524 4184 σχηματίζουσα
3571 4117 3727 4187 μέλη.

2145 4204 2257 4275 Τὴν
2308 4205 2562 4277 καλάμην
2601 4207 2714 4269 τοῖς
2755 4206 3013 4275 στάχυσιν
3043 4207 3161 4260 ἀντ’
3191 4206 3399 4260 ὀστέων
3441 4209 3727 4280 ἐντίθησι,

2145 4299 2241 4351 καὶ
2285 4296 2481 4351 λεπτὸν
2528 4297 2727 4362 ἔξωθεν
2769 4292 2883 4351 οἷον
2921 4299 3043 4352 ἀντὶ
3079 4298 3355 4368 δέρματος
3395 4302 3730 4369 καθυφαίνει

2145 4393 2377 4462 χιτῶναο
2408 4392 2625 4463 δεσμοῖς
2653 4392 2802 4447 κάτω
2825 4393 2924 4464 τὴν
2957 4393 3114 4464 ῥίζαν
3140 4393 3217 4458 ὡς
3234 4395 3458 4466 νεύροις
3484 4399 3608 4449 τισὶ
3639 4397 3730 4450 καὶ

477 4477 696 4523 mortuo
738 4467 805 4522 ad
837 4466 1300 4538 regenerationem
1357 4483 1526 4538 grana
1590 4467 1820 4538 profert.
1873 4469 1918 4523 0
1946 4471 2042 4524 de-

2148 4482 2312 4553 φλεψὶ
2343 4483 2695 4554 περισφίγγει
2714 4523 2729 4547 ,
2760 4481 2878 4536 ἀντ’
2897 4482 3107 4552 ὀνύχων
3140 4486 3254 4547 τοῖς
3280 4484 3510 4547 κόκκοις
3545 4488 3728 4555 ἐμκηο

427 4635 430 4637 Α
481 4561 738 4615 mentiam
769 4561 1012 4630 gentium
1051 4559 1440 4615 incurabilem!
1474 4559 1670 4616 Vident
1701 4572 1902 4617 terram
1932 4572 2045 4617 tra-

479 4655 693 4708 dentem
724 4652 996 4723 agricolae,
1028 4667 1154 4722 quae
1191 4669 1299 4707 non
1329 4653 1576 4724 accepit:
1626 4654 1865 4710 Creatori
1912 4671 2044 4712 vero

480 4745 834 4811 reddituram,
883 4761 1024 4814 quos
1054 4743 1135 4799 illi
1159 4745 1312 4816 prius
1341 4755 1590 4802 mortuos
1626 4748 1883 4814 credidit,
1914 4763 2042 4820 spe-

479 4853 604 4893 rare
631 4837 840 4892 nolunt.
871 4837 1000 4893 ldeo
1029 4847 1082 4892 et
1109 4837 1313 4893 Paulus
1345 4840 1611 4895 seminum
1650 4843 1905 4913 exemplo
1931 4843 2046 4899 uti-

481 4941 572 4985 tur
599 4930 640 4984 ’.
677 4927 1002 4999 Quanquam
1039 4930 1246 4985 clarius
1282 4932 1480 4987 habeat
1507 4935 1817 5005 exemplum
1857 4935 1926 4991 de
1956 4935 2044 4990 in-

478 5021 721 5076 fantibus
753 5036 784 5076 e
811 5021 968 5075 vulva
1014 5021 1208 5076 matris
1276 5024 1695 5092 prodeuntibus.
1752 5025 2046 5082 Forniatur

373 5123 378 5127 ‘
475 5112 626 5169 enim
671 5120 928 5181 tanquam
957 5112 1011 5166 in
1060 5113 1345 5182 sepulcro,
1394 5115 1449 5169 in
1482 5128 1635 5174 utero
1671 5119 1914 5175 nondum
1951 5136 2047 5176 ex-

479 5207 682 5263 sistens
714 5203 914 5271 infans,
950 5214 1160 5259 natura:
1181 5204 1369 5262 fasciis
1398 5208 1693 5276 involutus,
1747 5222 1802 5266 et
1853 5213 2047 5270 similis

477 5308 563 5354 est
625 5304 864 5361 mortuo,
927 5294 1116 5352 fasciis
1161 5298 1557 5368 sepulcralibus
1614 5303 2036 5361 circumstricto.

474 5387 616 5446 Nam
647 5399 986 5443 mortuorum
1017 5389 1237 5458 quidem
1281 5377 1464 5448 vultus
1492 5395 1698 5449 arctius
1747 5397 2042 5454 conclusus

475 5487 580 5545 est,
619 5493 682 5534 os
727 5478 783 5532 in
807 5487 962 5533 utero
992 5487 1225 5544 mutum,
1262 5495 1460 5537 manus
1485 5493 1540 5538 et
1564 5484 1725 5553 pedes
1779 5486 1834 5541 in
1856 5497 2042 5544 ventre

478 5577 740 5639 tanquam
767 5571 824 5625 iu
848 5571 1057 5626 tumulo
1080 5571 1466 5629 extenduntur.
1510 5574 1694 5634 Matris
1763 5581 2038 5653 egregium

561 5725 763 5816 ‘fiom.
791 5747 909 5800 vin,
940 5731 1023 5790 l9.
1103 5734 1120 5764 ’
1151 5732 1320 5791 lCor.
1352 5753 1445 5805 xv,
1476 5741 1563 5797 36.

2145 4573 2319 4641 γνῦσα
2360 4575 2456 4636 τὰς
2504 4573 2822 4644 μαχομένας
2852 4573 2966 4635 τοῖς
3015 4575 3240 4644 πτηνοῖς
3274 4574 3388 4626 τῶν
3431 4575 3728 4644 ἀσταχύων

2145 4662 2356 4725 ἀκίδας.
2389 4661 2513 4725 Πῶς
2549 4661 2722 4715 ἅπασι
2754 4661 2968 4727 τούτοις
3002 4662 3062 4730 ἐξ
3090 4661 3206 4726 ἑνὸς
3237 4661 3446 4714 κόκκου
3487 4663 3727 4733 φθαρένο

2145 4772 2238 4820 τος
2271 4757 2303 4825 ἠ
2325 4755 2610 4823 γέννησις;
2637 4753 2809 4807 Τοῦτο
2835 4753 2935 4825 τῆς
2961 4754 3314 4817 ἀναστάσεως
3342 4753 3727 4823 Gaurano-:5-

2151 4865 2264 4921 ρον.
2310 4849 2442 4900 Τότε
2479 4847 2576 4918 μὲν
2619 4846 2729 4919 γὰρ
2775 4845 2870 4910 οὒς
2914 4846 3105 4900 ἐλαϐεν
3141 4848 3176 4918 ἠ
3224 4847 3404 4910 κτίσις
3453 4849 3724 4919 νεκροὺς,

2146 4939 2464 4995 ἀναδίδωσιο
2509 4938 2606 4992 νῦν
2643 4939 2700 4993 δὲ
2747 4939 2980 5004 πολλοὺς
3037 4938 3156 4993 ἀνθ’
3190 4939 3310 5002 ἐνὸς
3346 4938 3723 5009 νεκρωθέντος

2145 5034 2224 5096 είς
2255 5031 2613 5102 ἀναγέννησιν
2650 5032 2886 5096 κόκκους
2925 5030 3294 5102 προϐάλλεται
3323 5029 3428 5103 [αι.
3458 5031 3725 5100 περιϐάλ-

2145 5122 2344 5196 λεται].
2395 5125 2458 5176 Ὢ
2496 5123 2598 5195 τῆς
2654 5124 2922 5194 Ἑλλήνων
2976 5123 3199 5177 ἀνιάτου
3249 5123 3692 5193 φρενοϐλαϐείας

2148 5217 2404 5288 βλέπουσι
2433 5217 2534 5287 τὴν
2563 5217 2668 5286 γῆν
2694 5214 2923 5286 γεωργῷ
2951 5213 3197 5270 διδοῦσαν
3223 5213 3260 5268 ἃ
3289 5216 3363 5285 μὴ
3397 5217 3689 5286 παρέλαϐε
3707 5233 3719 5246 ·

2119 5365 2121 5367 ,
2145 5311 2223 5383 τῷ
2254 5312 2448 5385 κτίστῃ
2467 5311 2523 5365 δὲ
2547 5309 2752 5381 ταύτην
2776 5308 3076 5363 ἀποδώσειν
3107 5307 3202 5371 οὓς
3223 5308 3359 5378 αὐτῇ
3401 5310 3721 5376 παρακατέ-

2148 5404 2299 5471 θετο,
2332 5406 2435 5459 οὐκ
2477 5403 2780 5468 ἐλπίζουσι.
2816 5401 2916 5456 Διά
2945 5400 3106 5456 τοῦτο
3137 5401 3231 5456 καὶ
3259 5399 3476 5464 Παῦλος
3506 5401 3592 5469 τῷ
3621 5401 3720 5454 τῶν

2149 5495 2481 5568 σπερμάτων
2513 5494 2914 5566 παραδείγματι
2940 5493 3160 5564 χρῆται,
3187 5490 3435 5560 καίτοιγε
3470 5491 3720 5563 λαμπρό-

2147 5605 2303 5658 τερον
2333 5586 2472 5658 ἔχων
2503 5587 2875 5659 παράδειγμα,
2909 5583 3006 5655 τὴν
3031 5586 3095 5639 ἐκ
3122 5584 3333 5654 μήτρας
3361 5581 3472 5636 τῶν
3505 5581 3719 5652 ἀνθρὼ-
