3852 6052
83 306 267 372 1³493

930 308 1380 369 ΟΗΑΤΙΟΝΠΜ
1420 310 1514 369 ΕΤ
1553 301 2055 368 ΗΟΜΙΕΙᾹΒῸΜ
2096 298 2557 359 FRAGMENTA

3247 291 3384 359 1194

77 438 244 473 πων
273 418 518 492 πρόοδον.
576 417 876 472 Πλάττεται
912 419 1012 489 μὲν
1050 416 1157 490 γάρ
1200 419 1275 483 ὡς
1320 421 1378 473 ὲν
1425 420 1583 490 τάφῳ
1628 422 1727 490 τῇη

1827 416 2002 472 etibns
2034 412 2343 482 sepulcrum
2379 420 2483 474 est,
2532 420 2585 464 et
2619 410 2929 481 sepulcrum
2966 410 3183 480 quidem
3242 411 3383 465 feto--

83 515 315 585 μήτρα
349 512 446 581 οὐχ
491 512 738 585 ὑπάρχον
769 511 830 565 τὸ
869 511 1068 581 βρέφος
1092 527 1107 540 '
1136 514 1249 575 τοῖς
1282 511 1438 584 παρὰ
1458 511 1547 564 τὸν
1593 509 1694 580 φύ-

84 618 261 666 σεως
293 602 350 655 δὲ
378 602 729 673 ἐνειλημένον
770 602 1135 672 σπαργάνοις,
1186 602 1483 672 προσέοικεν
1513 599 1693 672 νεκρῷ

81 698 392 767 δεδεμένῳ
428 697 685 765 κειρίαις.
722 695 1053 751 Κέκλεισται
1086 696 1187 767 μὲν
1223 696 1334 765 γὰρ
1379 696 1440 748 τὸ
1480 694 1699 766 βλέμμα

88 789 338 861 νεκρῶν
390 789 810 861 ἀκριϐέστερον,
870 789 1151 859 ἄπρακτον
1204 790 1261 843 ἐν
1312 791 1379 860 τῇ
1437 788 1590 859 νηδύῖ
1638 788 1700 841 τὸ

91 880 325 949 στόμα,
363 881 542 950 χεῖρες
575 881 667 933 καὶ
704 880 883 945 πόδες,
923 881 997 942 ὡς
1034 878 1175 951 σορῷ
1210 882 1276 950 τῇ
1310 878 1512 947 γαστρὶ
1543 896 1699 933 συνε-

94 974 450 1026 κτέτανται·
483 973 651 1041 τάφος
695 972 931 1043 ἀκριϐὴς
957 975 1071 1035 τοῖς
1112 971 1373 1043 ἐμϐρύοις
1409 973 1442 1043 ἡ
1482 973 1698 1042 μήτρα,

92 1065 299 1133 τάφος
339 1063 459 1116 οὐδὲ
488 1064 585 1135 τῆς
614 1062 722 1116 τῶν
756 1063 1054 1133 μνημάτων
1090 1062 1349 1126 δυσωδίας
1395 1060 1700 1135 ἐλεύθερος.

99 1160 450 1231 Τηλικούτῳ
481 1160 539 1213 δὲ
584 1160 645 1213 τὸ
683 1160 884 1231 βρέῳος
920 1159 1375 1230 ὲμμορφούμενον
1424 1161 1703 1232 μνήματι,

98 1246 196 1317 τῷ
231 1246 327 1300 τοῦ
363 1246 699 1318 μορφοῦντος
744 1248 937 1301 ἕπεται
980 1248 1313 1318 καλούμενον
1348 1248 1598 1319 νεύματι.
1641 1248 1708 1302 Τί

101 1335 181 1405 δὴ
224 1336 483 1390 τοσοῦτον
520 1339 549 1391 ό
596 1338 869 1409 μακάριος
906 1338 1118 1401 Παῦλος
1145 1338 1482 1409 κεκτημένος
1527 1339 1709 1409 παρά-

103 1428 331 1498 δειγμα
352 1468 367 1493 ,
417 1432 561 1502 σιγᾷ
588 1432 688 1500 μὲν
727 1431 829 1504 τὴν
862 1433 921 1488 ὲν
950 1432 1028 1504 τῷ
1061 1433 1217 1503 τάφῳ
1239 1434 1339 1503 τῆς
1377 1434 1594 1505 μήτρας
1631 1435 1711 1497 εἰς

1802 511 1955 566 ribus
1990 522 2099 563 non
2123 520 2338 560 carens.
2369 502 2486 557 Tali
2519 502 2661 558 fetus
2693 504 2961 560 formatus
2984 505 3039 559 in
3097 504 3381 576 sepulcro,

1802 602 2092 659 iormantis
2144 611 2335 657 nutum
2404 612 2635 655 vocatus
2696 599 2959 669 sequitur.
3020 597 3163 665 Quid
3215 598 3384 668 igitur

1807 696 1899 751 tali
1931 695 1991 750 B.
2017 695 2221 750 Paulus
2241 694 2490 764 exemplo
2514 694 2592 747 uti
2627 707 2751 747 cum
2782 694 3071 761 potuisset,
3091 700 3235 747 tacet
3266 691 3379 743 for-

1808 790 2101 844 mationem
2138 788 2204 842 ad
2234 787 2399 841 vitam
2460 787 2516 840 in
2547 785 2800 854 sepulcro
2856 784 3065 849 vulvae,
3107 783 3377 838 seminum

1807 897 1939 936 vero
1964 880 2321 936 similitudine
2349 878 2810 933 resurrectionem
2847 876 3133 931 conﬁrmat
3156 877 3184 929 ἓ
3210 874 3381 930 Scivit

1810 974 1993 1027 vivum
2038 972 2092 1025 in
2146 979 2303 1025 utero
2336 985 2521 1025 semen
2584 971 2823 1023 iormare
2883 968 3053 1023 fetum
3080 1007 3096 1029 ,
3134 968 3381 1037 quaesivit

1811 1081 1942 1121 vero
1972 1074 2315 1120 mortuorum
2340 1062 2706 1134 quorumdam
2744 1061 3188 1116 reviviscentium
3222 1078 3383 1134 aspe—

1813 1158 2065 1249 ctabil‘gm
2099 1155 2539 1221 similitudinem,
2573 1163 2627 1209 et
2647 1155 2770 1208 ideo
2800 1154 2865 1208 ad
2880 1153 3090 1209 semina
3123 1154 3382 1224 respexit.

1814 1247 2005 1307 Grana
2025 1250 2167 1304 enim
2186 1257 2312 1319 post
2334 1255 2573 1302 mortem
2591 1256 2645 1302 et
2676 1247 3082 1317 corruptionem
3114 1262 3176 1301 ex
3205 1255 3390 1315 putre-

1815 1340 2055 1396 factione
2094 1339 2449 1405 reviviscunt,
2482 1348 2534 1394 et
2562 1347 2745 1407 aperte
2775 1346 3117 1391 mortuorum
3149 1350 3391 1390 resurre-

1815 1434 2053 1488 ctionem
2089 1432 2389 1489 declarant.

108 1523 283 1595 ζωὴν
333 1525 739 1599 πλαστουργίαν
763 1572 779 1597 ,
817 1530 1149 1601 σπερμάτων
1180 1531 1237 1584 δὲ
1271 1531 1461 1595 τύποις
1500 1531 1710 1602 βεϐαιοῖ
1745 1532 1845 1603 τὴν
1884 1532 2215 1603 ἁνάστησιν;
2282 1532 2435 1605 ’ῌδει
2465 1530 2647 1596 ζῶσαν
2680 1534 2746 1603 τῇ
2804 1529 2961 1603 νηδύϊ
2988 1531 3086 1602 τὴν
3119 1529 3188 1584 τὰ
3216 1530 3390 1601 βρέφη

110 1615 347 1686 σπορὰν
394 1617 867 1685 διαπλάττουσαν,
924 1620 1109 1691 ἐζήτει
1168 1620 1226 1674 δὲ
1278 1622 1489 1694 νεκρῶν
1542 1622 1705 1676 τινῶν
1739 1623 1954 1693 ὁρατῶς
1993 1621 2320 1687 ἁναζώντων
2350 1622 2571 1675 εἰκόνα·
2636 1622 2730 1676 καὶ
2771 1623 2861 1675 διὰ
2921 1622 3080 1677 τοῦτο
3114 1623 3391 1692 ἀπέϐλεψε

112 1710 277 1782 πρὸς
325 1710 395 1764 τά
442 1710 753 1781 σπέρματα.
808 1712 871 1764 Οἱ
920 1712 1030 1783 γὰρ
1079 1714 1266 1767 κόκκοι
1313 1714 1454 1784 μετὰ
1498 1714 1594 1784 τὴν
1640 1716 1703 1766 ὲκ
1745 1714 1961 1783 σήψεως
2024 1712 2293 1785 νέκρωσιν
2318 1714 2413 1767 καὶ
2450 1712 2657 1784 φθοράν
2684 1713 2949 1780 ὰναζῶσι,
2986 1715 3082 1767 καὶ
3151 1715 3392 1784 γίνονται

114 1805 238 1873 τῆς
303 1803 411 1857 τῶν
465 1803 699 1874 νεκρῶνΙ
728 1806 1081 1873 άναϐιώσεως
1133 1811 1533 1881 ἐναργέστατον
1564 1809 1854 1879 σύμϐολον.

220 1900 458 1967 Ἀδικεῖς
483 1902 580 1975 τὴν
618 1904 798 1977 ψυχὴν
831 1905 1157 1977 συνηγορίας
1188 1907 1578 1978 προσχήματι,
1620 1908 1715 1960 καὶ

1890 1903 2153 1974 lnjuriam
2187 1902 2325 1960 facis
2365 1904 2561 1959 animae
2591 1913 2855 1975 praetextu
2892 1907 3206 1977 patrocinii,
3248 1917 3305 1964 et
3338 1910 3392 1964 in

114 1996 196 2063 τῇ
252 1995 391 2065 πρὸς
435 1996 496 2051 τὸ
540 1998 700 2068 σῶμα
748 2000 896 2071 μάχῃ
926 2002 1047 2053 κατ’
1088 2000 1306 2071 ἐκείνης
1343 2000 1560 2073 ὁπλίζῃ.
1602 2002 1713 2065 Τὰς

116 2090 253 2158 γὰρ
300 2089 410 2145 τῶν
469 2092 860 2163 πραττομένων
920 2093 1157 2165 ἀμοιϐὰς
1215 2094 1291 2166 μὴ
1356 2094 1595 2165 μερίζων
1645 2097 1712 2165 τῇ

118 2181 320 2253 ψυχῇ,
374 2182 468 2236 καὶ
510 2183 607 2255 τὴν
633 2185 733 2255 τῆς
766 2186 966 2257 σαρκὸς
1012 2186 1087 2249 ὡς
1136 2187 1273 2259 μόνῃ
1317 2185 1714 2258 πλημμελούσῃ

118 2276 415 2348 τιμωρίαν
447 2278 688 2346 εἰσάγεις
721 2276 820 2349 [αι.
874 2277 1263 2350 συνεισάγεις].
1304 2279 1369 2333 Εἰ
1402 2280 1511 2349 γὰρ
1537 2279 1717 2349 ψυχῆς

128 2369 317 2439 μόνης
346 2371 400 2423 αἱ
435 2370 541 2423 τῶν
567 2371 744 2425 πόνων
783 2372 879 2426 καὶ
917 2372 1430 2445 ἀνδραγαθημάτων
1467 2373 1715 2442 ἀμοιϐαὶ,

124 2462 306 2532 δῆλον
334 2464 414 2517 ὅτι
452 2464 548 2516 καὶ
588 2459 663 2517 ὧν
699 2465 948 2535 ἥμαρτεν
972 2469 1000 2519 ό
1029 2466 1315 2538 ἄνθρωπος
1350 2468 1405 2520 αἰ
1435 2468 1716 2538 τιμωρίαι.

144 2556 300 2611 Ἀλλ’
336 2557 457 2627 δρα,
494 2557 568 2627 μὴ
599 2556 811 2628 σώματι
850 2558 942 2610 καὶ
970 2557 1115 2629 ψυχῇ
1143 2557 1377 2631 καθίζῃς
1407 2560 1528 2613 κατ’
1558 2559 1721 2631 ἀλλή-

126 2649 253 2703 λων
292 2651 598 2722 κριτήριον.
651 2644 817 2721 Σῶμα
856 2651 955 2721 μὲν
984 2650 1090 2723 γὰρ
1125 2651 1352 2715 εἰκότως
1384 2652 1723 2723 καταϐοήσε-

130 2761 238 2797 ται
280 2742 383 2815 [αι.
434 2741 808 2816 διαϐοήσεται]
851 2743 1061 2814 ψυχῆς,
1117 2743 1226 2796 τῶν
1274 2742 1723 2814 κατορθωμάτων

132 2834 315 2889 αὑτοῦ
342 2835 442 2899 τὰς
470 2835 636 2905 τιμὰς
655 2835 1010 2905 ἁρπαζούσης
1031 2852 1043 2865 ·
1075 2835 1221 2906 ψυχὴ
1252 2836 1296 2889 δ’
1329 2832 1396 2890 αὖ
1431 2836 1685 2906 σώματος
1706 2878 1723 2902 ,

134 2930 248 2992 τὰς
293 2927 653 2999 ὀφειλομένας
701 2927 922 2999 πληγὰς
965 2929 1158 2997 ἐκείνῳ
1214 2929 1350 2999 μόνη
1393 2930 1721 3001 εἰσπραττοι-

138 3023 310 3093 μένη.
361 3021 581 3076 Μᾶλλον
621 3020 666 3074 δ’
707 3022 969 3094 ἑκάτερον
998 3020 1178 3076 αὐτῶν
1207 3021 1535 3094 παροξύνεις
1566 3014 1727 3076 ’κατά

135 3112 246 3166 τοῦ
282 3113 470 3185 κριτοῦ
489 3130 502 3145 ο
530 3113 593 3167 τὸ
629 3114 750 3184 μὲν,
783 3108 864 3177 οἷς
891 3113 1009 3166 δέον
1039 3113 1181 3182 ἔχειν
1211 3114 1446 3184 ἀμοιϐὰς
1470 3108 1546 3167 ὧν
1572 3114 1725 3167 ἐστέ-

143 3224 319 3276 ρηται
339 3224 352 3238 ο
393 3206 492 3278 τὴν
526 3207 582 3260 δὲ
602 3248 617 3272 ,
656 3200 731 3260 ὧν
759 3207 857 3277 οὐχ
885 3206 1133 3268 ὑπαίτιος
1153 3249 1169 3274 ,
1199 3206 1316 3260 δέον
1346 3207 1471 3278 μήδ’
1504 3206 1726 3259 εὐθυνέ-

142 3294 283 3349 σθαι
341 3290 423 3359 οἷς
473 3296 895 3366 εἰσπράττεται.
948 3296 1170 3367 Σώματί
1231 3315 1297 3368 με
1355 3299 1627 3369 συνῆψας,
1681 3293 1726 3352 ὦ

140 3386 401 3439 Δεσπότα
421 3425 437 3450 ,
466 3387 567 3456 τὴν
590 3388 901 3459 ἀσώματον,
942 3389 1037 3443 καὶ
1070 3389 1209 3460 μόνῃ
1237 3390 1337 3450 τὰς
1377 3392 1468 3442 ἐπὶ
1494 3391 1594 3459 τῆς
1623 3390 1727 3459 γῆς

144 3480 256 3531 οὐκ
290 3477 623 3542 ἐπίστευσας
652 3479 913 3551 πράξεις,
945 3480 1040 3532 καὶ⁸
1084 3480 1235 3549 παρὰ
1277 3480 1443 3549 μόνης
1479 3481 1729 3541 ἀπαιτεῖς

142 3570 254 3633 τὰς
293 3569 555 3633 εὐθύνας·
592 3572 685 3623 καὶ
723 3570 916 3639 δίδωμι
958 3570 1114 3633 δίκας
1156 3565 1231 3623 ὧν
1266 3571 1320 3621 αἱ
1368 3568 1596 3638 πράξεις
1632 3564 1727 3619 τοῦ

147 3662 444 3731 σώματος,
503 3662 703 3731 μέθης,
755 3662 1047 3731 πορνείας,
1096 3662 1564 3732 γαστριμαργίας.
1618 3659 1726 3712 Ποῦ

146 3756 266 3827 γὰρ
292 3754 466 3808 ταῦτα
509 3754 685 3824 ψυχῆς
707 3793 724 3818 ,
772 3752 959 3824 ὥσπερ
1004 3754 1226 3822 φθόνος,
1276 3755 1470 3824 τυχὸν,
1571 3754 1731 3823 δόξης

150 3847 401 3903 ἀσέϐεια.
454 3848 662 3918 ’Ὠσπερ
711 3848 821 3918 γὰρ
865 3847 926 3899 οὐ
981 3846 1234 3917 σῶματος
1291 3847 1500 3910 ταῦτα,
1557 3846 1729 3911 οὕτως

151 3941 269 3995 οὐδ’
314 3941 499 3995 ἐκεῖνα
538 3939 717 4009 ψυχῆς
740 3956 756 3971 ·
791 3939 840 3990 εἰ
890 3939 985 3991 καὶ
1018 3939 1187 4010 χωρὶς
1235 3937 1468 4009 θατέρου
1503 3938 1729 4009 θάτερον

154 4032 329 4103 ἀργὸν
360 4032 496 4104 πρὸς
535 4032 793 4101 ἑκάτερα.
843 4030 915 4083 Τὸ
956 4030 1114 4098 σῶμα
1146 4030 1189 4082 δ’
1225 4030 1290 4084 ἂν
1323 4030 1459 4084 ἄλλα
1499 4048 1558 4083 τε
1596 4030 1727 4101 φαίη

154 4128 365 4187 δίκαια,
399 4126 493 4178 καὶ
545 4124 619 4186 ὡς
671 4122 812 4192 Ἐγὼ
842 4123 943 4192 τὴν
993 4123 1133 4194 ὑπὲρ
1176 4120 1269 4174 σοῦ
1295 4122 1571 4194 τελευτὴν,
1612 4122 1728 4175 ἀλλ’

154 4221 259 4289 οὐχ
280 4220 313 4290 ἠ
334 4216 483 4287 ψυχὴ
514 4216 751 4285 δέχεται.
777 4214 910 4267 Οὐδὲ
944 4213 1055 4284 γὰρ
1084 4213 1330 4282 πέφυκεν
1360 4214 1514 4282 ἐμὸν,
1539 4213 1600 4265 τὸ
1630 4229 1732 4265 πο-

157 4316 271 4365 νεῖν
299 4312 386 4365 διᾶ
429 4310 554 4372 τοὺς
588 4308 715 4370 σοὺς
756 4307 956 4375 νόμους
1001 4305 1314 4376 νηστείαις,
1358 4305 1727 4374 ἀγρυπνίαις·

157 4404 247 4459 διὰ
278 4404 385 4457 τῶν
413 4400 561 4472 ἐμῶν
606 4399 783 4470 μελῶν
814 4400 848 4468 η
878 4397 1166 4469 παρθενία.
1204 4394 1327 4459 Πῶς
1361 4394 1453 4449 οὖν
1488 4396 1587 4449 οὐκ
1614 4396 1730 4449 ἄδι-

159 4513 277 4556 κον,
310 4494 457 4564 ἐμῶν
484 4493 595 4545 τῶν
628 4491 804 4546 ἄθλων
838 4490 1027 4552 ὄντων,
1060 4487 1159 4558 τὴν
1180 4486 1359 4557 ψυχὴν
1391 4487 1560 4557 χωρὶς
1594 4485 1730 4555 ἐμοῦ

1685 3256 1798 3313 με

1816 2014 1995 2068 pugna
2024 2000 2289 2054 adversus
2322 2014 2525 2069 corpus
2551 2010 2742 2055 contra
2784 2001 2961 2071 ipsam
3014 2002 3257 2057 animam
3306 2020 3396 2058 aro

1816 2090 2009 2147 maris.
2039 2091 2331 2147 Factorum
2363 2094 2515 2148 enim
2540 2095 3016 2151 remunerationes
3062 2112 3186 2152 cum
3212 2097 3393 2152 anima

1820 2198 1928 2237 non
1964 2186 2398 2249 communieans,
2433 2196 2487 2242 et
2514 2188 2926 2245 carnidebitam
2956 2207 3176 2262 pmnam
3200 2193 3395 2249 animae

1821 2284 2083 2344 tanquam
2115 2276 2230 2331 sola
2254 2287 2554 2347 peccasset,
2611 2279 2848 2351 irrogas.
2884 2279 2943 2337 Si
3002 2284 3151 2338 enim
3211 2285 3397 2340 anima

1822 2367 1937 2421 sola
1970 2371 2469 2425 remunerationem
2517 2372 2787 2428 bonorum
2830 2389 3057 2445 operum
3118 2377 3397 2433 laborum-

1822 2472 1928 2527 que
1964 2458 2180 2526 habeat,
2216 2469 2363 2533 patet
2388 2463 2553 2516 etiam
2578 2478 2771 2518 eorum
2805 2466 3009 2535 quibus
3050 2470 3216 2521 homo
3267 2485 3399 2540 pec-

1823 2553 1988 2619 cavit,
2029 2569 2242 2623 paanam
2276 2556 2450 2609 solam
2482 2572 2605 2612 esse
2655 2557 2927 2615 daturam.
2994 2558 3100 2616 Sed
3155 2563 3279 2618 vide
3332 2580 3398 2618 ne

1824 2662 2025 2717 corpus
2057 2659 2108 2703 et
2131 2649 2373 2703 animam
2402 2650 2666 2706 adversus
2697 2668 2818 2708 sese
2872 2652 3107 2709 invicem
3149 2654 3203 2709 in
3247 2656 3399 2726 judi-

1825 2734 1971 2788 cium
2018 2750 2201 2790 voces.
2250 2735 2442 2791 Merito
2477 2740 2624 2793 enim
2658 2756 2859 2811 corpus
2882 2758 3009 2798 cum
3060 2745 3245 2799 anima
3305 2762 3401 2801 ex-

1826 2824 2131 2893 postularit,
2161 2826 2204 2881 si
2235 2826 2473 2885 honores
2504 2838 2653 2886 recte
2677 2830 2946 2888 factorum
2980 2834 3082 2889 sibi
3114 2836 3400 2904 adimeret,

1828 2919 2125 2989 animaque
2157 2922 2396 2978 vicissim
2451 2940 2577 2981 cum
2641 2942 2893 2997 corpore,
2926 2931 2973 2986 si
3040 2932 3254 2989 debitas
3325 2936 3399 2989 illi

1828 3028 2019 3082 poenas
2046 3030 2103 3071 se
2133 3018 2311 3071 solum
2351 3018 2561 3075 videret
2614 3023 2892 3079 sustinere
2914 3032 3196 3095 'oportere.
3255 3027 3400 3095 Quin

1828 3107 2011 3174 potius
2042 3118 2340 3180 utrumque
2371 3121 2561 3166 contra
2603 3112 2846 3182 judicem
2905 3116 3149 3175 incitas:
3201 3134 3403 3191 corpus

1830 3201 2077 3268 quidem,
2099 3202 2230 3272 quia
2259 3205 2640 3274 retributione,
2658 3222 2823 3278 quam
2848 3221 3113 3275 meretur,
3132 3215 3401 3282 privatur;

1830 3291 2067 3346 animam
2112 3311 2258 3359 vero,
2303 3296 2447 3365 quod
2478 3312 2669 3352 eorum
2719 3316 2954 3369 quorum
2989 3319 3097 3357 non
3129 3313 3214 3359 est
3273 3321 3406 3361 con-

1831 3386 1966 3448 scia,
1998 3401 2170 3454 pecua:
2200 3387 2269 3439 ab
2295 3403 2356 3440 ea
2390 3388 2706 3457 exigantur.
2725 3388 3003 3460 Copulasti
3031 3408 3137 3460 me,
3163 3411 3197 3449 ο
3222 3394 3404 3451 Domi-

1830 3489 1920 3539 ne,
1957 3476 2175 3544 corpori
2203 3477 2605 3546 incorpoream,
2637 3488 2692 3534 et
2713 3481 2815 3535 soli
2853 3482 2985 3536 mibi
3019 3499 3105 3539 res
3158 3494 3404 3542 terrenas

1828 3583 1936 3621 non
1974 3570 2323 3635 commisisti,
2366 3582 2420 3624 et
2450 3588 2479 3625 a
2512 3588 2599 3627 me
2640 3574 2753 3627 sola
2784 3590 3001 3644 poenam
3031 3578 3232 3649 exigis,
3263 3591 3313 3635 et
3336 3585 3404 3636 du

1829 3672 2022 3728 poenas
2049 3674 2242 3713 eorum
2287 3660 2493 3727 quibus
2533 3678 2737 3734 corpus
2770 3668 3039 3736 peccavit,
3096 3670 3401 3739 ebrietatis,

1828 3749 2238 3817 fornicationis,
2271 3754 2430 3823 gulae.
2468 3754 2565 3810 Ubi
2597 3758 2743 3811 enim
2778 3769 2905 3813 sunt
2929 3760 3045 3816 Ι]ωο
3067 3762 3265 3818 animae
3287 3781 3403 3835 pro-

1829 3843 1968 3911 pria.
2012 3852 2073 3897 ut
2102 3843 2303 3901 invidia
2355 3846 2515 3917 forte,
2572 3850 2655 3905 vel
2707 3850 2976 3908 haeresis?
3030 3854 3402 3921 Quemadmo-

1830 3935 1959 3988 dum
1995 3936 2141 3989 enim
2174 3936 2290 3993 haec
2324 3955 2433 3994 non
2461 3950 2590 3995 sunt
2640 3944 2908 4013 corporis,
2943 3944 3025 4001 sic
3076 3962 3255 4017 neque
3310 3950 3403 4005 illa

1829 4026 2047 4095 animae,
2080 4028 2184 4084 etsi
2210 4030 2444 4086 alterum
2483 4033 2601 4088 sine
2629 4034 2802 4090 altero
2861 4036 2928 4090 ad
2997 4048 3226 4109 utraque
3289 4041 3407 4097 ine-

1832 4131 2004 4191 ptum.
2043 4122 2255 4194 Corpus
2306 4143 2438 4181 vero
2483 4145 2607 4184 cum
2654 4130 2757 4185 alia
2804 4146 2905 4201 pro
2937 4147 2996 4189 se
3041 4134 3189 4189 dicat
3231 4135 3402 4206 justa,

1836 4227 1949 4271 tum
1989 4233 2090 4287 ego
2139 4234 2239 4288 pro
2274 4228 2326 4275 te
2357 4230 2589 4275 mortem
2616 4224 2845 4293 oppetii,
2880 4240 2992 4280 non
3028 4227 3231 4282 anima.
3283 4228 3403 4283 Non

1831 4310 1979 4364 enim
2019 4326 2202 4366 meum
2252 4322 2337 4369 est
2369 4314 2619 4370 laborare
2659 4318 2730 4371 ob
2761 4318 2905 4388 leges
2937 4330 3057 4375 tuas
3102 4320 3327 4391 jejuniis
3353 4332 3408 4378 et

1832 4404 2054 4474 vigiliis.
2085 4404 2190 4460 Per
2220 4408 2466 4463 membra
2500 4425 2617 4464 mea
2642 4411 2948 4482 virginitas.
2988 4413 3279 4479 Quomodo
3303 4417 3407 4488 igi-

1837 4507 1923 4551 tur
1954 4512 2060 4551 non
2101 4498 2373 4570 iniquum,
2414 4516 2538 4555 cum
2572 4518 2690 4557 mea
2740 4504 2849 4558 sint
2908 4509 3226 4573 certamina,
3284 4511 3408 4564 ani-

159 4588 461 4659 λαμϐάνειν
502 4584 573 4638 τὰ
599 4583 848 4649 ἑπαθλα;
880 4580 975 4645 Τίς
1016 4579 1169 4643 λύσις
1208 4580 1384 4633 αὐτῶν
1410 4580 1508 4650 τῆς
1530 4578 1727 4648 δίκης;

1836 4606 1981 4643 mam
2009 4592 2127 4645 sine
2170 4607 2259 4647 me
2284 4607 2545 4648 coronam
2578 4595 2869 4664 accipere?
2899 4596 3030 4663 Quae
3058 4607 3141 4653 est
3190 4610 3408 4657 senten-

163 4681 375 4745 Κοινὸς
415 4682 447 4732 ὀ
491 4675 726 4747 μισθός,
773 4672 968 4727 κοιναί
1014 4675 1089 4726 at
1120 4670 1361 4734 ποιναί,
1405 4671 1494 4724 ὅτι
1533 4672 1732 4724 κοιναὶ

163 4772 364 4829 αὐτῶν
406 4773 466 4825 αἱ
524 4768 785 4838 πράξεις.
820 4766 938 4820 Κᾶν
986 4764 1075 4817 ἐπ’
1108 4766 1267 4819 ὲνίων
1301 4763 1364 4817 τδ
1405 4764 1592 4834 ἕτερον
1636 4762 1733 4815 τοῦ

168 4867 539 4937 συγκρίματος
567 4861 880 4915 πλεονεκτεῖ
911 4856 1021 4911 τοῦ
1045 4856 1255 4928 ἑτέρου,
1288 4855 1384 4910 καὶ
1416 4854 1513 4925 τὴν
1545 4853 1735 4917 συζευ-

167 4961 388 5031 χθεῖσαν
409 4957 503 5011 ἀπ’
527 4955 702 5026 ἀρχῆς
730 4956 810 5016 εἰς
838 4952 1053 5013 κοινοὺς
1081 4950 1279 5011 πόνους
1305 4947 1474 5001 δυάδα
1501 4945 1581 4999 δεῖ
1609 4948 1737 5014 όμο⁶

166 5054 372 5121 λογεῖν,
411 5050 504 5103 καὶ
532 5047 730 5101 εἰδέναι
752 5085 766 5110 ,
798 5042 993 5098 κοινῶν
1024 5041 1119 5097 καὶ
1152 5041 1261 5094 τῶν
1292 5039 1572 5108 στεφάνων
1599 5038 1735 5090 ἀπο.

167 5118 349 5197 λαύειν
388 5118 473 5209 ἐφ’
511 5134 592 5201 οἷς
632 5136 916 5203 νενίκηκε,
949 5133 1045 5185 καὶ
1095 5132 1175 5195 είς
1203 5127 1389 5191 κοινὰς
1418 5124 1730 5193 ἀπάγεσθαι

168 5256 217 5290 τι
227 5234 434 5307 μωρίας
463 5226 538 5287 ὧν
567 5227 1011 5301 ἐπλημμέλησεν.

177 5438 282 5493 Τοῦ
336 5436 557 5503 αὑτοῦ,
616 5436 685 5489 ἐκ
740 5434 998 5557 τοῦλόείς
1048 5430 1127 5484 τό
1170 5429 1386 5498 Πάσχα
1452 5426 1733 5494 δευτέρου

920 5520 1049 5557 γου.

920 5520 1049 5572 γου.

253 5603 601 5664 Ἀνάστασις,
651 5598 748 5667 τῆς
778 5594 869 5650 τοῦ
917 5594 1124 5666 Κυρίου
1165 5591 1423 5663 προνοίας
1464 5590 1525 5643 τὸ
1566 5588 1738 5657 κεφὰ-

176 5696 317 5747 λαιον
342 5712 354 5724 ’
401 5693 494 5746 τοῦ
531 5690 825 5760 κεφαλαίου
873 5688 929 5740 δὲ
958 5685 1106 5755 ψυχὴ
1145 5682 1587 5755 μνημονεύουσα,
1644 5681 1737 5733 καὶ

177 5792 238 5861 τῇ
271 5789 393 5858 περὶ
427 5788 516 5842 τὸν
548 5784 840 5856 εὐεργέτην
866 5781 1185 5852 εὐχαριστίᾳ
1218 5777 1433 5843 συζῶσα
1457 5818 1468 5840 ,
1502 5778 1618 5839 ταῖς
1646 5776 1736 5828 τοῦ

1835 4685 1909 4738 tia
1943 4698 2133 4738 eorum
2166 4685 2359 4755 judicii
2403 4703 2417 4739 :
2453 4686 2759 4743 Communis
2788 4706 3004 4755 merces,
3039 4702 3089 4746 et
3113 4697 3405 4749 communis

1831 4793 2003 4845 paena,
2030 4780 2155 4849 quia
2185 4781 2347 4833 etiam
2376 4782 2614 4850 utrisque
2644 4784 2945 4837 communia
2967 4801 3123 4854 opera
3146 4786 3361 4855 fuerunt
3385 4790 3412 4840 ἶ)
3482 4819 3487 4827 -

1833 4867 2160 4939 Quanquam
2196 4872 2250 4925 in
2287 4872 2565 4942 aliquibus
2596 4875 2948 4930 contentione
2981 4892 3148 4931 unum
3181 4890 3410 4947 superat

1833 4961 2066 5015 alterum
2096 4980 2109 5015 :
2143 4969 2198 5017 et
2228 4962 2330 5018 sibi
2362 4964 2596 5020 invicem
2631 4966 2922 5034 conjuncta
2968 4965 3139 5023 fuisse
3193 4968 3262 5023 ab
3300 4968 3409 5023 ini-

1840 5052 1919 5107 tio
1949 5053 2017 5107 ad
2049 5068 2371 5110 communes
2405 5056 2623 5112 labores
2668 5058 2968 5125 obeundos,
3018 5060 3406 5127 conﬁtendum,

1842 5156 1897 5201 et
1927 5148 2235 5212 sciendum,
2285 5157 2340 5203 et
2383 5149 2497 5203 fore
2524 5158 2584 5205 ut
2615 5166 2935 5209 communes
2977 5169 3208 5210 coronas
3253 5166 3409 5225 parta

1842 5242 2075 5297 victoria
2111 5242 2401 5312 accipiant,
2435 5252 2489 5299 et
2518 5244 2570 5299 in
2589 5245 2791 5316 quibus
2810 5254 3130 5316 peccarunt,
3165 5264 3408 5304 commu-

1842 5350 1938 5391 nes
1975 5353 2168 5408 pmnas
2201 5337 2374 5391 luant.

2122 5451 2374 5522 Ejusdem
2404 5454 2575 5509 altera
2603 5456 2777 5509 oratio
2811 5458 2866 5509 in
2892 5455 3127 5513 Pascha.

1919 5588 2264 5644 Resurrectio
2294 5596 2380 5644 est
2407 5598 2571 5658 caput
2599 5588 2953 5659 providentia:
3016 5590 3231 5644 Domini
3265 5608 3279 5646 :
3320 5610 3384 5648 ca

1846 5681 1978 5752 pilis
2030 5697 2157 5737 vero
2202 5682 2382 5736 anima
2423 5698 2668 5745 memor,
2720 5692 2776 5738 et
2809 5683 3011 5753 gratias
3047 5698 3211 5754 agens
3250 5684 3413 5739 bene-

1848 5774 2063 5839 lactori,
2100 5774 2304 5832 inimici
2339 5775 2547 5845 laqueis
2590 5776 2707 5847 capi
2750 5790 2856 5831 non
2906 5768 3101 5837 potest.
3168 5777 3411 5833 Ascemic
