3852 6052
462 248 598 320 1495

1945 259 2009 320 S.
2040 257 2205 320 NILI

457 366 526 420 ad
556 364 913 438 antiquorum
949 367 1228 433 historias,
1284 378 1339 424 et
1369 369 1580 428 videbis
1612 370 2017 426 resurrectionis

2134 369 2335 440 ἐχθροῦ
2368 370 2676 438 δυσάλωτος
2723 374 2934 444 γίνεται
2986 376 3215 448 πάγαις.
3268 380 3544 454 Ἀνάεηθι
3590 387 3730 456 πρὸς

456 459 956 518 adumbrationem.
1017 461 1310 518 Brutorum
1355 463 1501 519 enim
1551 473 1745 520 natura
1789 463 2031 519 animata

455 558 640 606 creata
669 559 774 613 est.
793 552 974 608 anima
1001 568 1128 609 cum
1145 569 1376 625 corpore
1403 555 1569 610 simul
1592 555 1832 610 condita.
1855 554 2030 610 Adam

455 649 638 700 Jutem
664 642 785 698 sine
799 642 984 701 anima
1000 660 1032 700 e
1058 645 1175 700 luto
1195 646 1347 700 ﬁctili
1369 644 1641 701 formatus
1669 646 1810 712 est’,
1829 645 2033 701 deinde

453 733 638 792 anima
683 735 1044 808 inspiratione
1075 736 1311 794 formata
1356 746 1462 804 est,
1516 739 1672 810 quin,
1730 745 1792 794 ut
1847 739 2032 796 verius

457 824 676 896 loquar,
713 828 1120 898 superinducta
1149 837 1255 886 est.
1291 828 1358 884 Et
1388 842 1729 886 mortuorum
1787 845 2033 887 resurre—

456 918 662 974 ctionis
689 919 923 976 Creator
949 921 1312 994 primordium
1342 924 1525 978 statim
1555 923 1704 980 fecit.
1738 922 1857 979 Non
1881 924 2031 980 enim

454 1023 487 1066 e
523 1010 698 1065 solida
727 1014 1122 1083 protoplastum
1164 1014 1290 1070 fecit
1315 1018 1568 1082 materia,
1605 1018 1700 1074 sed
1725 1025 1885 1073 terra:
1911 1019 2033 1089 pul-

453 1113 636 1156 verem
689 1101 745 1157 in
790 1102 1022 1168 formam
1055 1106 1300 1174 adduxit,
1353 1109 1550 1164 tollens
1602 1110 1672 1165 ab
1711 1110 1870 1166 initio
1926 1112 2031 1166 bo-

454 1190 666 1248 minum
696 1192 1095 1262 infidelitatem,
1128 1197 1282 1270 quia,
1311 1199 1413 1255 etsi
1435 1201 1617 1271 pulvis
1657 1205 1731 1257 sit
1773 1199 2030 1260 mortuus

455 1292 510 1340 et
540 1284 858 1352 immobilis,
892 1289 1054 1345 facile
1081 1291 1266 1346 anima
1303 1309 1594 1364 resurgere
1623 1293 1778 1358 facit,
1810 1304 1866 1351 et
1905 1295 2030 1350 nul~

453 1378 566 1434 lum
599 1380 784 1438 ferens
811 1383 1101 1454 vestigium
1131 1385 1536 1456 vivificationis,
1569 1403 1672 1445 nec
1727 1390 2029 1462 accipiens,

453 1473 772 1545 participem
805 1477 986 1533 reddit
1030 1479 1214 1539 vitalis
1243 1483 1673 1552 conjunctionis.
1712 1482 1833 1541 Non
1879 1487 2029 1543 enim

451 1567 811 1637 corruptibile
847 1584 1054 1641 corpus
1124 1570 1276 1638 fecit,
1338 1575 1435 1631 sed
1479 1585 1726 1648 tempore
1783 1581 2028 1650 quodam

449 1657 711 1716 solutioni
748 1662 942 1726 tradit,
973 1665 1326 1722 vitiositatem
1351 1668 1500 1724 vasis
1531 1685 1597 1724 ex
1641 1682 1866 1740 peccato
1899 1689 2028 1744 pur-

449 1766 587 1820 gans
617 1768 682 1809 ac
714 1769 941 1821 sanans,
973 1764 1027 1812 et
1061 1759 1431 1828 putrefactum
1465 1767 1673 1831 peccati
1698 1765 2028 1822 mortalitate

451 1844 759 1913 inveniens,
795 1849 990 1905 mortis
1012 1849 1237 1906 fornace
1284 1852 1560 1921 dissolvit,
1596 1864 1652 1912 et
1696 1857 1790 1912 ubi
1838 1857 2024 1926 solvit,

448 1951 545 1993 vas
583 1938 955 2008 putrefactum
987 1943 1056 1997 de
1110 1959 1253 1998 novo
1310 1945 1532 2014 format,
1593 1963 1663 2002 ne
1709 1949 2024 2018 admireris,

447 2031 605 2099 quasi
655 2031 906 2090 altiorem
955 2044 1117 2106 captn
1164 2047 1508 2094 mortuorum
1548 2039 2024 2100 reformationem.

446 2119 622 2178 Tanta
653 2124 799 2180 enim
837 2141 928 2182 ars
957 2138 1036 2182 cst
1067 2128 1275 2184 lictoris
1317 2128 1370 2184 in
1398 2130 1672 2201 fingendo,
1733 2140 1794 2186 ut
1855 2133 2023 2190 etiam

445 2231 603 2286 aqua:
633 2227 886 2272 naturam
919 2219 974 2273 in
1009 2220 1308 2278 simulacra
1341 2221 1394 2276 in
1429 2231 1619 2278 ventre
1663 2222 1888 2292 formet,
1916 2226 2023 2282 hoc

446 2307 582 2362 mihi
617 2309 790 2378 magis
837 2309 1153 2365 mirandum
1204 2311 1439 2376 videtur,
1480 2328 1646 2382 quam
1682 2314 1800 2385 ipsa
1837 2330 2025 2371 resur-

445 2401 648 2468 rectio;
680 2401 756 2456 ibi
786 2401 931 2459 enim
962 2417 994 2456 e
1031 2403 1254 2473 pulvere
1287 2413 1540 2461 mortuus
1569 2407 1862 2472 formatur,
1885 2415 1942 2462 et
1956 2409 2022 2464 li-

443 2495 605 2563 gulus
653 2510 751 2548 vas
779 2509 810 2549 e
843 2504 988 2550 terra
1019 2493 1244 2564 format,
1300 2497 1508 2554 nostris
1562 2498 1776 2556 artibus
1813 2500 2020 2556 similia

442 2595 839 2656 reprazsentans
871 2601 888 2644 :
921 2585 1024 2659 bicl
1039 2603 1172 2643 vero
1194 2589 1338 2647 nuda
1359 2589 1608 2662 quaedam
1634 2601 1785 2662 gutta
1813 2591 2020 2650 factum

439 2686 526 2734 est
564 2677 776 2746 lutum,
821 2681 887 2752 et]
921 2694 953 2735 e
1009 2689 1167 2752 gutta
1228 2682 1290 2737 ﬁt
1345 2684 1553 2739 animal
1600 2685 1817 2741 ratione
1878 2701 2020 2757 prae-

438 2769 640 2826 ditum.
672 2773 714 2824 0
742 2780 915 2826 artem
945 2787 1013 2826 ex
1037 2789 1178 2844 aqua
1220 2775 1519 2836 simulacra
1547 2775 1924 2843 [formantemi
1953 2776 2020 2834 Et

440 2876 548 2916 non
580 2861 684 2917 hoc
733 2862 912 2918 solum
939 2864 1138 2919 mirum
1169 2873 1274 2928 cst,
1309 2881 1510 2936 aquam
1565 2867 1744 2938 sculpi
1792 2869 1847 2923 in
1897 2868 2018 2923 ani-

439 2969 654 3010 marum
699 2955 1082 3021 simulacrum,
1124 2957 1220 3012 sed
1256 2957 1407 3014 intus
1458 2956 1684 3015 formari
1747 2958 2017 3017 ﬂuctuans

438 3059 646 3101 semen.
681 3044 919 3115 Sanguis
947 3047 1092 3100 enim
1127 3048 1370 3118 undique
1405 3048 1659 3116 bnllicns,
1692 3066 1879 3108 semen
1905 3055 2012 3108 huc

437 3147 602 3208 atque
629 3136 759 3192 illuc
788 3146 989 3195 nutans
1011 3146 1066 3192 et
1097 3153 1240 3210 aegre
1269 3140 1466 3194 stabile
1492 3139 1644 3206 facit,
1678 3152 1733 3196 et
1775 3143 1887 3199 illis
1919 3144 2014 3199 de-

436 3227 689 3282 cumanis
711 3227 972 3297 agitatum
1009 3229 1289 3296 ﬂuctibus,
1322 3231 1562 3286 animata
1618 3240 1800 3288 tamen
1831 3243 2012 3293 statua

436 3317 734 3388 perficitur.
772 3315 817 3373 0
849 3319 1114 3389 pictorem
1148 3321 1204 3376 in
1257 3321 1542 3378 ﬂuctuanti
1592 3323 1761 3380 linteo
1818 3341 2012 3383 secure

436 3413 787 3484 pingentcml
823 3413 1060 3484 Sanguis
1089 3414 1236 3468 enim
1273 3424 1532 3486 tanquam
1562 3416 1792 3473 linteum
1825 3420 2014 3490 subia-

435 3513 522 3558 cet
573 3503 813 3560 formato
842 3504 1000 3562 fetui.
1035 3503 1148 3562 Hoc
1181 3505 1439 3563 Salomon
1479 3512 1646 3567 etiam
1709 3527 1835 3567 cum
1895 3524 2013 3570 stu-

436 3611 565 3666 pore
590 3596 895 3661 admirans,
932 3595 998 3651 In
1033 3608 1228 3665 ventre,
1259 3599 1461 3672 inquit,
1497 3605 1686 3660 matris
1746 3607 2010 3674 ﬁguratus

435 3699 555 3741 sum
587 3701 734 3751 caro,
757 3687 946 3740 “decem
981 3690 1240 3745 mensium
1266 3701 1498 3761 tempore
1527 3679 1846 3766 coagulatus
1891 3714 2010 3752 sum

436 3778 492 3831 in
521 3779 775 3847 sanguine
801 3778 846 3834 ‘.
880 3778 1108 3836 Femina
1157 3785 1303 3841 enim
1347 3795 1605 3857 tanquam
1647 3788 1875 3858 pictoris
1926 3790 2011 3847 0f-

439 3871 602 3929 licina
627 3873 909 3948 proposita
958 3883 1064 3939 est,
1113 3875 1357 3931 colorum
1396 3895 1526 3934 vero
1575 3882 1861 3936 materiam
1925 3883 2010 3938 vir

435 3965 610 4023 addit.
642 3965 736 4020 Est
764 3981 894 4021 vero
922 3967 1048 4036 quis
1076 3969 1253 4039 pictor
1283 3970 1340 4024 in
1370 3980 1549 4038 utero,
1583 3988 1648 4028 ex
1681 3990 1792 4028 uno
1822 3976 2009 4034 colore

433 4072 467 4114 ο
511 4057 700 4118 multis
727 4060 1087 4130 compositam
1121 4062 1348 4134 pingens
1390 4064 1704 4134 imaginem.
1740 4067 1844 4123 Sed
1870 4083 2010 4139 quo-

437 4152 601 4208 modo
637 4166 668 4207 e
696 4151 971 4208 l‘eculento
1000 4154 1210 4211 semine
1241 4155 1414 4210 oculis
1465 4157 1674 4212 addidit
1731 4159 2008 4230 eleganter

434 4243 732 4318 pupillam?
778 4245 1056 4314 quomodo
1103 4260 1134 4300 e
1185 4245 1492 4302 substantia
1527 4247 1672 4304 fluxa
1712 4263 1839 4304 ossa
1871 4265 2006 4306 con-

433 4334 911 4406 didit?quomodo
939 4351 1006 4390 ex
1034 4337 1214 4392 soluto
1243 4339 1452 4394 semine
1477 4355 1674 4396 nervos
1704 4343 2008 4414 compegit?

2131 464 2230 536 τὴν
2267 465 2377 519 τῶν
2406 466 2712 540 ἀνθρώπων
2741 469 3126 540 ἀρχαιολογίαν
3147 511 3164 538 ,
3193 473 3287 526 καὶ
3317 476 3424 546 τὴν
3457 477 3564 546 τῆς
3589 479 3726 532 ἀνα-

2133 554 2378 618 στάσεως
2425 558 2800 628 σκιαγραφίαν
2851 560 3128 632 εύρήσεις.
3185 563 3252 616 Ἡ
3311 567 3415 636 μὲν
3467 567 3583 637 γὰρ
3619 569 3727 622 τῶν

2131 645 2343 714 ἀλόγων
2373 646 2535 716 φύσις
2583 648 2826 721 ἔμψυχος
2847 651 3328 727 ’δεδημιούργηται
3347 698 3363 723 ,
3395 657 3477 728 τῷ
3508 661 3726 729 σώματι

2129 739 2231 810 τῆς
2287 739 2468 813 ψυχῆς
2523 746 3192 820 συγκατασκευασθείσης.
3266 751 3521 824 Ἀψυχος
3574 755 3638 807 δὲ
3697 759 3728 809 ὁ

2142 831 2318 903 Ἀδάμ
2365 833 2539 905 πηλοῦ
2586 834 3012 905 διαπλασθέντος
3062 843 3467 916 μεμόρφωταιο
3516 842 3642 900 εἶτα
3693 851 3724 920 ἡ

2129 923 2278 1009 ψυχὴ
2308 926 2387 998 τῷ
2421 930 2786 1001 ἐμφυσήματι
2823 933 3216 1006 μεμόρφωται,
3252 939 3459 1008 μᾶλλον
3488 940 3549 993 δὲ
3589 943 3725 1012 diu;-

2134 1016 2243 1080 θῶς
2271 1018 2470 1086 εἰπεῖν,
2525 1021 2899 1088 ὲπεισάγεται.
2925 1025 3035 1078 Καὶ
3055 1027 3154 1098 τὴν
3177 1030 3240 1083 ὲκ
3267 1032 3492 1102 νεκρῶν
3521 1033 3722 1098 εὐθέως

2129 1108 2160 1161 ὁ
2195 1107 2450 1179 Πλάστης
2484 1113 2904 1186 προοιμιάζεται
2944 1115 3181 1188 ἔγερσιν.
3223 1122 3352 1176 Οὐδ’
3386 1124 3458 1181 ἐκ
3493 1129 3722 1195 στερεᾶς

2131 1199 2222 1254 τὸν
2252 1203 2680 1274 πρωτόπλαστον
2712 1208 3027 1280 συντίθησιν
3059 1211 3214 1284 ὕλης.
3235 1214 3376 1270 ἀλλά
3404 1216 3513 1286 τῆς
3537 1219 3646 1286 γῆς
3665 1219 3722 1271 τὸ

2129 1293 2361 1365 χνοῶδες
2387 1296 2649 1368 χαλκεύει
2683 1300 2821 1372 πρὸς
2857 1303 3164 1374 μόρφωσιν,
3194 1307 3402 1361 πείθων
3435 1309 3512 1362 ὲκ
3544 1326 3721 1379 προοι-

2133 1387 2276 1458 μίων
2312 1389 2405 1442 τὸν
2437 1391 2701 1460 ἄπιστον,
2734 1395 2852 1460 ὅτι,
2881 1395 2987 1451 κᾶν
3023 1398 3152 1468 χοῦς
3176 1395 3442 1472 ᾖννεκρδς
3470 1403 3572 1456 καὶ
3603 1403 3718 1456 ἀκέο

2128 1496 2325 1551 νητος,
2359 1483 2491 1555 ῥᾷον
2526 1486 2561 1557 ἡ
2607 1485 2756 1558 ψυχὴ
2800 1487 2940 1561 πρὸς
2978 1489 3280 1545 ἀνάστασιν
3327 1494 3497 1563 ἀγει-
3531 1495 3628 1548 καὶ
3661 1497 3717 1550 τὸ

2132 1573 2255 1648 μηδ’
2282 1576 2406 1646 ἴχνη
2445 1577 2584 1648 μήτε
2613 1577 2778 1651 λαϐὸν
2810 1582 2948 1653 μήτε
2972 1583 3136 1655 φέρον
3169 1583 3446 1652 ζωώσεως
3466 1629 3484 1649 ,
3527 1606 3716 1642 κοινω-

2127 1665 2217 1720 νὸν
2246 1671 2486 1722 ποιεῖται
2517 1668 2806 1745 ζωηφόρου
2837 1674 3219 1746 συμϐιώσεως.
3255 1679 3331 1732 Οὐ
3364 1680 3484 1749 γὰρ
3515 1682 3717 1750 φθορᾶς

2127 1757 2188 1815 τὸ
2238 1759 2400 1830 σῶμα
2446 1761 2707 1817 διέπλασε
2751 1768 3165 1840 παρανάλωμα,
3197 1771 3338 1826 ἀλλὰ
3379 1775 3570 1845 χρόνῳ
3616 1778 3718 1829 τινὶ

2127 1846 2281 1904 λύσει
2321 1851 2681 1923 παραδίδωσι.
2707 1855 2804 1926 τὴν
2829 1859 2896 1914 ἐκ
2925 1858 3024 1928 τῆς
3049 1861 3324 1933 ἁμαρτίας
3347 1863 3446 1917 τοῦ
3487 1866 3716 1930 σκεύους

2125 1942 2412 2012 καθαίρων
2438 1961 2500 1999 τε
2525 1947 2620 2000 καὶ
2668 1947 2968 2020 ἐξιώμενος
3000 1953 3266 2019 κάκωσιν.
3305 1958 3406 2014 καὶ
3446 1961 3520 2029 τῇ
3567 1962 3716 2030 παρὰ

2126 2036 2228 2106 τῆς
2265 2037 2550 2110 ἁμαρτίας
2593 2039 2770 2113 εὑρὼν
2811 2043 3228 2117 σεσαθρωμένον
3258 2048 3596 2122 θνητὸτητι.
3627 2052 3710 2124 πᾷ

2122 2125 2218 2184 τοῦ
2259 2127 2493 2185 Θανάτου
2531 2129 2740 2188 διαλύει
2773 2137 3144 2210 χωνευτηρίῳ,
3193 2141 3290 2195 καὶ
3337 2142 3540 2210 λύσας,
3578 2146 3715 2217 προς

2123 2216 2456 2274 νεόπλαστον
2481 2219 2678 2286 σκεῦος
2707 2224 2770 2278 τὸ
2800 2225 3081 2300 σαθρωθὲν
3103 2231 3464 2288 ἀναπλάττει.
3491 2237 3607 2290 Καὶ
3629 2216 3710 2309 μή

2124 2308 2438 2385 θαυμάσῃς,
2489 2314 2565 2378 ὡς
2595 2314 2872 2388 λογισμῶν
2898 2320 3195 2393 ἀνωτέραν,
3225 2323 3324 2396 τὴν
3355 2325 3470 2379 τῶν
3501 2330 3710 2398 νεκρῶν

2121 2400 2542 2474 ἀναχάλκευσιν.
2583 2409 2834 2481 Τοσαύτη
2886 2412 2996 2486 γάρ
3049 2415 3187 2485 πρὸς
3228 2417 3708 2488 ἀγαλματοποιίαν

2121 2494 2155 2564 ὴ
2189 2495 2352 2570 τέχνη
2385 2499 2480 2552 τοῦ
2509 2501 2775 2567 πλάστου,
2806 2504 2882 2568 ὡς
2924 2506 3016 2564 καὶ
3066 2507 3229 2576 φύσιν
3260 2509 3463 2576 ὓδατος
3497 2515 3582 2577 είς
3619 2515 3708 2567 ἀν.

2120 2589 2378 2662 δριάντας
2421 2595 2479 2647 ὲν
2517 2597 2718 2668 γαστρὶ
2759 2597 3130 2653 διαπλάττειν.
3165 2601 3340 2656 Τοῦτό
3379 2620 3478 2674 μοι
3524 2622 3707 2679 παρα-

2119 2682 2401 2757 δοξότερον
2433 2687 2530 2742 τοῦ
2575 2690 2705 2761 περὶ
2734 2690 2834 2762 τὴν
2860 2693 3159 2749 ἀνάστασιν
3196 2694 3508 2768 θαύματος.
3560 2700 3708 2756 'Exs.’

2123 2776 2224 2846 μὲν
2254 2779 2363 2851 γὰρ
2390 2781 2454 2833 ἐκ
2479 2780 2601 2852 χοὸς
2622 2783 2815 2854 νεκρὸς
2843 2785 3260 2858 πηλουργείται,
3291 2791 3479 2846 καὶτὸ
3512 2795 3708 2860 miro;

2117 2866 2148 2925 ὁ
2185 2872 2463 2942 κεραμεὺς
2495 2874 2560 2928 ἐκ
2599 2876 2697 2946 τῆς
2723 2875 2827 2946 γῆς
2869 2879 3233 2946 ἀναπλάττει,
3282 2881 3560 2954 σύμφωνά
3590 2905 3707 2951 πως

2117 2969 2240 3032 ταῖς
2271 2970 2402 3040 παρ’
2445 2972 2576 3042 ἡμῖν
2611 2973 3026 3046 ἐνδεικνύμενος
3064 2979 3285 3048 τέχναις
3309 2997 3326 3012 ’
3369 2984 3616 3039 ἐνταῦθα
3651 2988 3707 3045 δὲ

2037 3083 2082 3143 c
2119 3062 2303 3132 γυμνή
2337 3079 2420 3126 τις
2454 3064 2670 3132 σταγὼν
2697 3066 2807 3120 τῶν
2841 3070 3230 3140 πλαττομένων
3265 3073 3483 3141 γῖνεται
3511 3078 3704 3149 πηλὸς,

2119 3153 2216 3206 καὶ
2249 3152 2468 3222 λογικὸν
2499 3157 2566 3209 ἐκ
2598 3158 2870 3226 σταγόνος.
2899 3161 3206 3219 συντίθεται
3239 3166 3453 3230 ζὼδιον,
3493 3171 3561 3224 Ὠ
3587 3171 3709 3242 «ex.

2118 3261 2218 3316 νης
2252 3244 2312 3312 ἐξ
2340 3246 2537 3309 ὓδατος
2583 3250 2897 3324 γλυφούσης
2928 3253 3258 3326 ἀγάλματαο
3304 3263 3399 3313 καὶ
3435 3262 3503 3314 οὐ
3545 3262 3706 3317 τοῦτο

2122 3339 2284 3408 μόνον
2323 3341 2622 3412 παρέχεται
2651 3343 2712 3397 τὸ
2739 3346 3043 3416 παράδοξον
3063 3389 3080 3414 ,
3111 3348 3196 3402 ὅτι
3224 3348 3424 3420 γλύφει
3453 3353 3519 3406 τὸ
3560 3353 3705 3426 ὕδωρ

2118 3433 2198 3494 εἰς
2232 3430 2473 3503 ἔμψυχον
2504 3434 2694 3500 ξόανον
2713 3453 2728 3467 ο
2766 3436 2882 3490 ἀλλ’
2913 3439 2994 3491 ὅτι
3028 3439 3127 3492 καὶ
3147 3444 3580 3514 κυματουμένην
3605 3447 3705 3517 τὴν

2117 3522 2284 3592 γονὴν
2320 3522 2469 3576 ἔνδον
2504 3525 2836 3581 τεκτονεύει.
2871 3528 3131 3594 Αἱμάτων
3160 3530 3272 3601 γὰρ
3295 3531 3573 3587 πάντοθεν
3603 3551 3702 3587 πε-

2118 3611 2514 3686 ριϐράσσοντες
2571 3614 2898 3688 χείμαρροι,
2959 3620 3299 3691 περιρῤεπὲς
3356 3623 3581 3676 ποιοῦσι
3641 3625 3703 3679 τὸ

2117 3705 2329 3778 σπαρὲν
2355 3708 2450 3760 καὶ
2479 3707 2838 3780 δυστήρικτον
2859 3726 2875 3740 ο
2901 3711 2997 3764 καὶ
3023 3709 3136 3786 [τῇ]
3167 3713 3406 3788 τοσαύτῃ
3431 3717 3704 3786 ναυαγού-

2119 3813 2280 3866 μενον
2309 3800 2576 3871 τρικυμία
2603 3802 2698 3854 καὶ
2724 3800 2884 3874 ζάλῃ,
2908 3802 3045 3874 πρὸς
3075 3804 3320 3876 ἔμψυχον
3338 3808 3493 3877 ὅμως
3521 3811 3702 3881 dmp-

2113 3889 2322 3955 τίζεται
2371 3891 2684 3964 ἀνδριάντα.
2741 3894 2807 3951 Ὢ
2861 3895 3122 3966 γραφέως
3170 3899 3268 3951 ἐπὶ
3325 3899 3702 3974 σαλευομένης

2115 3982 2353 4046 σινδόνος
2385 3985 2646 4054 ἀσφαλῶς
2669 3987 3107 4059 ζωγραφοῦντας.
3142 3990 3216 4044 Τὸ
3243 3991 3360 4061 γὰρ
3393 3991 3560 4066 αἷμα,
3589 3993 3699 4052 οἷον

2114 4074 2305 4128 σινδών
2353 4093 2439 4140 τις
2471 4078 2760 4133 ὑπόκειται
2798 4083 2864 4150 τῇ
2898 4081 3274 4156 τμορφούμενῃ
3306 4090 3469 4160 γονῇ.
3525 4090 3697 4145 Τοῦτο

2111 4168 2210 4222 καὶ⁹
2255 4168 2510 4240 Σολομὼν
2551 4171 3030 4244 ἐκπληττόμενος,
3076 4175 3300 4246 ἔλεγεν·
3344 4179 3452 4234 Ἕν
3497 4186 3698 4252 κοιλίᾳ

2106 4263 2336 4330 μητρὸς
2367 4263 2642 4334 ἐγλύερην
2671 4267 2864 4334 σὰρξ,
2901 4268 3304 4339 δεκαμηνιαίῳ
3345 4276 3547 4344 χρόνῳ
3586 4295 3697 4332 πα-

2110 4354 2237 4422 γεὶς
2262 4355 2334 4408 ἐν
2369 4356 2590 4425 αἵματι.
2631 4358 2931 4428 Πρόκειται
2977 4361 3077 4431 μὲν
3115 4361 3304 4434 ὥσπερ
3345 4364 3696 4437 ζωγραφείόν

433 4431 711 4500 quomodo
741 4429 1026 4502 sanguinis
1048 4431 1270 4486 canales
1295 4448 1459 4488 venas
1489 4433 1825 4505 desculpsit?
1861 4451 2003 4506 quo-

2119 4463 2160 4500 τι
2190 4447 2254 4501 τὸ
2286 4445 2422 4518 θῆλυ
2444 4465 2459 4484 ο
2491 4449 2600 4502 τῶν
2631 4451 2944 4523 χρωμάτων
2979 4429 3048 4508 ἠδὲ
3085 4455 3188 4525 τὴν
3230 4429 3384 4528 ὓλην,
3525 4429 3695 4532 ipse»

434 4521 601 4579 modo
638 4521 853 4578 cerebri
889 4522 943 4577 in
962 4524 1139 4594 capite
1176 4525 1482 4580 custodiam
1521 4527 1738 4582 ossibus
1770 4528 2010 4598 aptavit?

433 4613 712 4686 quomodo
744 4613 888 4670 fetus
926 4614 982 4669 in
1009 4616 1244 4673 obscura
1275 4617 1524 4688 depictus
1557 4618 1795 4684 oilicina,
1822 4630 2007 4690 aptum

435 4707 805 4763 membrorum
836 4707 1004 4763 situm
1034 4710 1281 4780 accepit?
1315 4710 1421 4765 Sed
1440 4721 1699 4782 tanquam
1721 4712 1874 4766 radio
1898 4724 2011 4769 ute-

357 4800 359 4802 ’
434 4815 558 4854 rum
602 4799 932 4867 illustrante,
975 4802 1175 4872 cuique
1237 4803 1374 4872 parti
1407 4805 1688 4874 proprium
1733 4808 2009 4864 membro.

435 4908 558 4949 rum
578 4893 762 4950 locum
791 4895 968 4966 pictor
995 4896 1280 4954 distribuit
1306 4915 1320 4952 :
1356 4899 1596 4954 Amictus
1630 4901 1775 4957 enim
1806 4903 2006 4960 lumina

435 4987 574 5049 sicut
594 4990 899 5046 vestimento
933 4991 977 5056 ⁸,
1008 4999 1091 5046 est
1116 4991 1362 5047 occultus
1381 4990 1587 5048 fetuum
1614 4993 1812 5065 pictor.
1830 4994 2006 5065 Quem

399 5121 404 5125 ρ
435 5085 609 5141 David
646 5086 886 5142 celebrat
915 5087 1147 5143 dicendo
1177 5107 1190 5142 :
1232 5087 1355 5142 Non
1377 5089 1702 5146 abscondisti
1737 5107 1794 5145 os
1834 5108 2008 5147 meum

437 5197 472 5238 α
512 5191 582 5246 te,
631 5181 770 5251 quod
798 5180 972 5251 fecisti
999 5182 1052 5234 in
1091 5182 1296 5236 occulto
1331 5184 1373 5236 ⁸.
1412 5182 1566 5239 Hanc
1590 5200 1620 5239 e
1650 5194 1802 5256 gutta
1856 5185 2006 5257 cogi-

436 5282 560 5330 tans
589 5271 810 5332 fictilem
841 5281 1037 5338 artem,
1078 5283 1327 5343 respectu
1363 5274 1606 5344 figmenti
1635 5289 1667 5328 e
1704 5285 1848 5330 terra
1894 5292 2003 5331 non

435 5365 673 5436 ambigo.
728 5363 954 5431 Quoties
1010 5365 1154 5418 enim
1215 5365 1372 5421 video
1435 5366 1698 5422 artificem
1759 5383 1826 5423 ex
1857 5383 2000 5440 aqua

437 5454 759 5512 condentem
807 5461 1064 5519 statuam,
1124 5453 1320 5512 melius
1375 5453 1526 5510 illum
1586 5465 1796 5513 statuas
1824 5473 1857 5514 e
1891 5469 2003 5516 ter-

439 5563 497 5607 ra
555 5545 719 5600 credo
769 5536 969 5603 facere.
1025 5546 1498 5614 Quemadmodum
1528 5550 1675 5607 enim
1701 5551 1746 5612 si
1775 5553 1902 5625 quis
1948 5553 2006 5610 in

2107 4543 2415 4603 ἐπιϐάλλει.
2454 4545 2723 4617 Ἦνθηται
2758 4546 3039 4622 [κάθηται]
3080 4549 3139 4604 δέ
3180 4566 3265 4613 τις
3293 4551 3355 4604 ὲν
3383 4555 3454 4623 τῇ
3507 4556 3694 4624 μήτρᾳ.

2107 4635 2398 4706 ζωγράφος
2419 4677 2434 4700 ,
2486 4637 2546 4705 ἐξ
2585 4638 2703 4703 ἑνὸς
2749 4640 3042 4711 χρώματος
3080 4641 3484 4698 πολυσύνθετον
3523 4661 3696 4698 κατα-

2105 4729 2402 4784 ποικίλλων
2430 4731 2636 4786 εἰκόνα.
2669 4731 2796 4796 Πῶς
2826 4733 2886 4800 ἐξ
2919 4731 3173 4799 ἰλυώδους
3199 4735 3364 4805 γονῆς
3385 4735 3694 4806 ὀφθαλμοῖς

2105 4822 2401 4893 ὲνηγλάῖσε
2458 4823 2658 4895 κόρην;
2708 4824 2834 4890 Πῶς
2879 4827 2944 4879 ὲκ
2999 4824 3234 4896 ροὠδους
3275 4825 3472 4891 οὐσίας
3516 4828 3694 4881 ὀστῶν

2109 4912 2452 4983 συνεπήξατο
2476 4913 2675 4982 φύσιν;
2710 4915 2828 4979 πῶς
2860 4915 2926 4970 ἐκ
2957 4915 3258 4988 λελυμένης
3300 4919 3534 4988 σπορᾶς,
3565 4919 3692 4972 νεύ-

2109 5019 2221 5073 ρων
2264 5003 2562 5075 ὲστερέωσε
2607 5004 2762 5059 τόνον
2784 4999 2829 5072 ;¹
2852 5005 2971 5070 πῶς
3011 5007 3262 5079 αἱμάτων
3314 5007 3571 5081 σωλῆνας
3610 5010 3690 5063 δι-

2108 5095 2312 5165 έγλυψε
2340 5095 2440 5160 τὰς
2465 5095 2702 5164 φλέϐαςς
2738 5098 2856 5164 πῶς
2889 5100 2989 5164 τὰς
3014 5101 3126 5154 τῶν
3159 5101 3362 5156 ὀστέων
3395 5105 3690 5178 ἐγκεφάλῳ

2106 5189 2449 5260 περιήρμοσε
2482 5189 2685 5259 θήκας;
2725 5190 2844 5256 πῶς
2868 5193 2928 5246 ὲν
2955 5193 3190 5264 ἀφεγγεί
3222 5194 3282 5248 τδ
3313 5194 3518 5264 βρέφος
3552 5214 3691 5269 γρι-

2108 5279 2345 5350 φόμενον
2405 5280 2736 5354 ζωγραφείῳ
2791 5285 3136 5356 ἀσυγχύτους
3189 5289 3290 5352 τὰς
3342 5289 3453 5342 τῶν
3511 5292 3688 5361 μελῶν

2108 5371 2385 5444 ἀπείληφε
2408 5373 2752 5441 τοποθεσίας.
2791 5377 2936 5432 Ἀλλ’
2962 5379 3152 5453 ὥσπερ
3177 5381 3394 5445 ἀκτῖνός
3415 5399 3572 5446 τινος
3598 5384 3691 5454 τὴν

2109 5463 2276 5536 νηδὺν
2306 5466 2716 5539 ὲναυγαζούσης
2735 5510 2751 5535 ,
2777 5471 2877 5542 τὴν
2898 5472 3105 5527 οἰκείαν
3129 5474 3345 5537 ἑκάστῳ
3369 5474 3485 5528 τῶν
3517 5476 3692 5546 μελῶν

2114 5554 2146 5607 ὁ
2174 5555 2424 5626 γραφεὺς
2457 5558 2751 5616 ἀποδίδωσι
2785 5561 3001 5636 χώραν·
3045 5565 3107 5619 '0
3133 5565 3242 5638 γὰρ
3271 5567 3691 5639 ἀιοαὸαῴῑόμε-

517 5705 535 5738 ³
558 5703 694 5762 Gen.
727 5720 787 5775 tt,
812 5705 863 5764 7.
941 5706 959 5739 ⁸
993 5706 1119 5780 Sap.
1155 5723 1249 5776 vn,
1287 5711 1336 5766 l.
1411 5710 1433 5744 '
1463 5708 1610 5768 Psal.
1639 5729 1758 5779 cm,
1791 5713 1846 5767 ἓ.
1934 5714 1953 5745 ⁸
1981 5712 2128 5771 Psal.
2156 5730 2382 5784 enim,
2429 5715 2511 5774 η.
