3852 6052
160 271 305 335 1497

929 272 1383 334 ORATIONUM
1419 273 1516 334 ΕΤ
1553 272 2054 338 HOMILIARUM
2088 276 2569 340 FRAGMENTA.

3270 274 3407 338 1498

156 405 275 455 νος
294 386 419 458 φῶς
438 385 521 453 ὡς
546 386 802 457 ιμάτιον,
821 389 1087 458 κρυφαῖος
1109 387 1323 455 γίνεται
1342 387 1450 441 τῶν
1478 387 1737 460 ἐμϐρύων
1764 439 1768 448 ,

1873 404 1981 459 qua
2013 390 2184 461 pingit
2214 390 2448 454 litteras,
2486 398 2541 445 et
2571 389 2744 446 lineas
2777 387 2953 453 ducit,
3012 387 3156 446 idem
3209 390 3408 444 melius

160 479 482 552 ζωγράφος.
517 484 616 536 Ὃν
654 483 751 536 καὶ
798 480 960 535 Δαυῖδ
997 480 1339 553 δημοσιεύων
1363 520 1379 546 ,
1420 482 1574 536 ὲδόαο
1617 484 1740 538 Οὐκ

160 574 389 643 ἐκρύϐη
434 573 500 629 τὸ
554 574 779 629 ὀστοῦν
812 591 931 643 μου
959 572 1078 628 ἀπὸ
1103 574 1241 639 σοῦ,
1285 573 1316 627 ὃ
1345 572 1640 642 ἐποίησας
1673 575 1743 629 ἐν

162 665 374 736 κρυφῇ
410 664 507 738 [αι.
546 665 776 738 μορφῇ].
809 666 1027 735 Ταύτην
1060 667 1158 737 τὴν
1202 668 1265 720 ὲκ
1301 658 1745 735 σταγόνοξλογι-

164 756 399 829 ζόμενος
422 758 728 830 πλαστικὴν
750 758 887 829 πρὸς
920 759 1018 829 τὴν
1044 760 1109 813 ὲκ
1141 758 1245 828 γῆς
1270 760 1744 829 ἀγαλματοποιίαν

163 850 235 903 οὐ
280 849 625 920 διαφέρομαι.
663 850 832 903 Ὀταν
874 850 984 921 γὰρ
1020 850 1113 903 ίδω
1154 849 1405 919 τεχνίτην
1447 847 1508 915 ἐξ
1554 848 1747 915 ὕδατος

166 939 526 1011 πηγνύμενον
580 940 776 1007 ξόανα,
814 941 1069 1012 ὀξύτερον
1127 942 1289 995 αὑτὸν
1357 942 1483 1003 τοὺς
1530 944 1594 995 ὲκ
1644 943 1748 1011 γῆς

167 1031 541 1088 ἀναπλάττειν
592 1034 920 1104 ἀνδριάντας
973 1033 1237 1088 πιστεύω.
1293 1034 1507 1103 Ὠσπερ
1547 1037 1657 1105 γὰρ
1699 1036 1753 1089 εί

168 1142 262 1189 τις
285 1125 369 1193 ἐφ’
393 1124 585 1189 ὓδατος
606 1125 805 1195 γράφει
836 1125 1165 1198 γράμματα,
1187 1126 1283 1178 καὶ
1308 1126 1574 1195 γραμμὰς
1600 1129 1754 1195 ὲγκο-

171 1217 407 1278 λάπτει,
449 1210 603 1281 οὗτος
653 1219 751 1282 τὰς
797 1218 878 1280 είς
929 1218 1099 1289 κηρὸν
1158 1218 1547 1288 εὐχερέστερον
1584 1221 1750 1290 ἐγχαο

1840 481 1894 537 in
1930 496 2054 537 cera
2098 498 2191 538 eas
2220 482 2550 547 ell'ormabit,
2579 482 2661 538 sic
2686 481 2834 537 ﬂuxo
2858 481 3066 537 semine
3094 481 3326 551 pingens
3354 493 3410 535 et

1842 577 2097 646 sculpens
2125 576 2388 642 membra,
2420 576 2638 631 facilius
2683 575 2738 631 in
2802 585 3003 631 terram
3037 576 3408 631 membrorum

1842 671 2043 738 ﬁguras
2065 672 2269 742 pinget,
2305 683 2358 724 et
2386 668 2685 734 formabit;
2721 676 2778 724 et
2812 668 2905 739 qui
2936 679 3061 724 ante
3087 667 3258 722 ullum
3288 665 3412 719 .vir-

1847 762 1977 816 tutis
2026 763 2277 815 meritum
2309 762 2391 817 sic
2422 761 2669 831 corporis
2695 761 2750 816 in
2788 769 2943 815 utero
2987 775 3172 815 curam
3222 760 3411 826 gessit,

1847 863 1969 923 post
1999 869 2137 923 opus
2165 854 2382 907 virtutis
2413 852 2689 922 quomodo
2711 862 2909 908 terram
2952 850 3271 906 dissolutam
3294 849 3414 903 sine

1849 946 2056 1000 honore
2096 945 2406 1015 relinquet?
2432 943 2684 999 lnterime
2724 959 2944 1013 corpus,
3001 950 3058 998 et
3107 953 3414 997 creaturam

1848 1038 2111 1093 occideris
2144 1057 2158 1093 :
2187 1054 2294 1091 non
2325 1038 2433 1093 erit
2468 1038 2623 1092 navis
2650 1036 2771 1092 sine
2805 1035 3082 1097 manibus.
3113 1049 3289 1104 neque
3316 1049 3417 1088 na-

1851 1130 2084 1199 vigabile
2112 1131 2212 1185 erit
2248 1145 2417 1195 mare,
2449 1144 2677 1198 corpore
2732 1138 2972 1183 mortuo.
3016 1126 3161 1182 Mille
3206 1127 3419 1179 anima—

1854 1223 1984 1276 lium
2018 1238 2212 1290 genera
2238 1220 2438 1277 frustra
2470 1232 2650 1287 erunt,
2689 1236 2863 1291 neque
2906 1220 3299 1274 nutrimentum
3355 1232 3422 1272 ex

177 1309 409 1380 ράττειο
442 1309 617 1373 οὕτως
661 1311 690 1363 ό
722 1313 789 1381 τῇ
837 1310 1025 1381 ῥοώδει
1062 1313 1191 1380 γονῇ
1242 1312 1616 1382 καταγράφων
1660 1314 1753 1367 καὶ

1877 1316 1961 1368 llis
1986 1323 2149 1379 esset,
2186 1329 2360 1384 neque
2385 1314 2529 1368 aliud
2565 1314 2808 1369 alimenti
2854 1311 3239 1367 ministerium.
3270 1312 3426 1362 Artes

172 1401 493 1471 διαγλύφων
522 1402 591 1454 τά
626 1402 787 1473 μέλη,
829 1403 958 1473 ῥᾷον
989 1402 1068 1465 είς
1107 1404 1236 1472 χοῦν
1270 1404 1396 1464 τοὺς
1432 1403 1539 1456 τῶν
1577 1404 1755 1473 μελῶν

1871 1422 1986 1459 vero
2018 1407 2107 1460 ubi
2140 1415 2323 1468 erunt,
2361 1421 2590 1475 corpore
2619 1421 2724 1459 non
2757 1402 3099 1458 exsistente?
3127 1398 3284 1452 Hora:
3328 1413 3427 1451 ve-

173 1494 593 1565 ὲγκαταγράψει
628 1511 688 1547 τε
726 1495 819 1547 καὶ
850 1494 1221 1564 διαμορφώσει
1250 1498 1629 1567 χαρακτῆρας·
1666 1498 1758 1551 καὶ⁹

1871 1513 1920 1551 ro
1954 1508 2003 1552 et
2034 1506 2336 1567 temporum
2362 1498 2628 1551 ordinatae
2663 1497 3014 1554 mutationes,
3047 1503 3102 1546 et
3130 1489 3428 1546 ineli‘abilis

177 1589 211 1639 ό
247 1587 355 1659 πρὸ
408 1587 506 1657 τῆς
533 1587 734 1658 ἀρετῆς
766 1584 909 1640 οὕτω
952 1586 1047 1638 τοῦ
1080 1586 1330 1657 σώματος
1370 1590 1663 1657 φροντίσας
1700 1591 1759 1643 tv

1871 1592 2094 1647 :mlestis
2119 1600 2299 1646 motus
2346 1590 2633 1660 sapientia,
2662 1604 2825 1658 quam
2878 1586 3168 1641 utilitatem
3222 1582 3430 1654 praebe-

174 1677 368 1750 νηδυῒ,
404 1681 542 1750 μετὰ
581 1678 683 1749 τὴν
733 1678 996 1750 ἐργασίαν
1047 1679 1148 1747 τῆς
1180 1680 1383 1750 ἀρετῆς
1422 1680 1539 1743 πῶς
1569 1681 1635 1735 ἂν
1679 1683 1760 1746 είς

1871 1692 2004 1748 rent,
2038 1684 2083 1738 si
2117 1698 2348 1751 corpora
2398 1698 2504 1735 non
2551 1680 2792 1737 essent?
2849 1678 2914 1735 Et
2948 1687 3080 1749 quot
3135 1676 3241 1731 alia
3305 1675 3430 1745 quis

174 1748 285 1842 γῆν
301 1748 556 1841 διαρῥυὲν
582 1748 778 1843 ἄτιμον
803 1770 1107 1844 καταλείψη
1134 1748 1477 1843 [καταλείψει
1512 1773 1582 1827 Η.
1614 1771 1757 1845 81.];

1871 1748 2265 1831 εοηεὶἀοιοοιιίιῗ
2294 1775 2447 1831 L'nde
2475 1776 2641 1845 igitur
2668 1774 2939 1828 inveniam
2970 1748 3174 1841 corpus
3229 1768 3432 1823 futuris

178 1862 375 1916 ’Λνελε
397 1863 458 1916 τδ
476 1863 657 1933 σῶμα,
681 1865 776 1917 καὶ
805 1864 905 1933 τὴν
926 1864 1106 1917 κτίσιν
1122 1866 1455 1936 ἐνέκρωσας·
1483 1866 1583 1919 οὑκ
1605 1866 1761 1921 ἔσται

176 1956 391 2014 πλοῖον,
412 1956 612 2026 χειρῶν
624 1956 725 2009 οὑκ
738 1954 1142 2029 δντων[ούσῶν]
1160 1970 1175 1985 ·
1193 1957 1255 2009 οὑ
1275 1958 1484 2011 πλωτὸν
1502 1958 1758 2028 πέλαγος,

178 2043 434 2115 σώματος
470 2045 774 2117 οἰχομένου.
819 2046 901 2099 Τὰ
936 2045 1107 2115 μυρία
1140 2046 1273 2118 γένη
1311 2045 1421 2100 τῶν
1450 2044 1606 2111 ζώων
1653 2048 1760 2117 μά-

175 2137 303 2209 τὴν,
332 2137 457 2191 οὔτε
486 2138 694 2210 τροφῆς
721 2136 782 2203 ἐξ
805 2138 986 2192 αὐτῶν
1009 2137 1135 2192 οὔτε
1166 2139 1465 2211 θεραπείας
1487 2139 1651 2211 ἄλλης
1680 2140 1763 2213 τῷ

179 2228 397 2299 σώματι
432 2230 871 2301 χορηγουμένης.
902 2231 1101 2302 Τέχναι
1132 2231 1187 2284 δὲ
1220 2230 1345 2296 ποῦ,
1381 2230 1635 2302 σώματος
1663 2233 1764 2287 ούκ

177 2320 364 2387 δντος;
416 2316 585 2393 Ὧραι
626 2322 684 2375 δὲ
734 2323 831 2375 καὶ
877 2322 1084 2392 καιρῶν
1128 2322 1384 2377 εὔτακτοι
1424 2323 1761 2394 μεταϐολαὶ,

179 2411 281 2465 καὶ
326 2410 587 2481 οὐρανίας
614 2412 885 2481 κινήσεως
910 2413 1149 2484 άρῥητος
1177 2414 1340 2482 σοφία
1359 2454 1373 2477 ,
1401 2415 1524 2469 τίνα
1556 2414 1622 2468 ἂν
1656 2432 1765 2470 πα-

186 2507 379 2577 ράσχοι
424 2507 618 2578 χρείαν
642 2548 657 2573 ,
690 2509 792 2578 τῆς
831 2509 1154 2580 σωματικῆς
1200 2509 1413 2578 φύσεως
1447 2512 1511 2564 οὑ
1562 2510 1767 2582 παρού-

183 2598 326 2668 σης;
364 2599 474 2653 Καὶ
506 2599 649 2653 πόσα
680 2601 745 2654 ἄν
784 2617 868 2663 τις
909 2600 1074 2671 ἕτερα
1108 2600 1416 2673 θεωρήσοις
1460 2603 1629 2656 Πόθεν
1673 2599 1767 2657 οὖν

182 2692 337 2763 εὕρω
364 2694 426 2746 τὸ
474 2694 633 2764 σῶμα
678 2694 789 2747 τῶν
831 2695 1139 2765 μελλόντων
1180 2695 1402 2764 δωρεῶν
1432 2696 1677 2761 ἀνάξιον,
1724 2689 1770 2766 ᾧ

180 2785 461 2857 *τοσαύτην
509 2786 622 2857 ὁρῶ
684 2786 772 2841 διὰ
831 2789 1052 2842 πάντων
1111 2787 1498 2860 δεδωρημένην
1564 2791 1767 2860 τιμήνς

197 2877 343 2930 Ἀλλ’
378 2878 486 2947 ἄρα
520 2879 679 2947 ὑμεῖς
720 2878 1086 2949 ίχθυόϐρωτον
1119 2879 1458 2934 ὑποπτεύετε
1488 2880 1649 2951 σῶμα
1678 2880 1774 2935 τδν

182 2968 326 3021 θεὸν
355 2968 628 3040 ζητοῦντα
671 2971 747 3041 μὴ
778 2970 1065 3042 εὑρήσεινς
1102 2971 1199 3024 καὶ
1233 2971 1351 3034 πῶς
1383 2974 1412 3025 ό
1451 2972 1681 3043 μυρίους
1714 2972 1774 3026 tv

1858 1870 2023 1925 donis
2058 1870 2359 1937 indignum,
2393 1868 2480 1923 cui
2512 1876 2725 1921 tantum
2761 1866 2829 1920 ab
2889 1863 3146 1919 omnibus
3206 1876 3434 1916 conces-

1861 1979 1981 2019 sum
2014 1963 2277 2017 honorem
2312 1961 2506 2015 video?
2534 1959 2721 2015 Utrum
2754 1956 3082 2014 existimatis
3112 1955 3281 2009 Deum
3310 1968 3435 2006 cor-

1872 2070 1979 2125 pus
2003 2056 2146 2125 quod
2181 2055 2358 2123 pisces
2387 2053 2745 2107 comederunt
2774 2049 3019 2105 invenire
3069 2062 3179 2101 non
3237 2042 3435 2117 posse?

1863 2156 1916 2202 et
1940 2146 2217 2215 quomodo
2239 2147 2329 2216 qui
2359 2146 2599 2200 inﬁnitas
2616 2143 2973 2214 cogitationes
2992 2140 3159 2194 animi
3179 2139 3432 2208 agitatas,

1863 2238 2135 2294 immistas
2166 2248 2218 2294 et
2252 2240 2601 2299 iucontusas,
2631 2236 2792 2290 habet
2850 2233 3121 2304 cognitas,
3182 2239 3434 2285 naturam

1864 2346 2155 2400 corporum
2210 2331 2425 2387 mistam
2469 2346 2573 2384 non
2604 2328 2801 2399 poterit
2829 2322 3201 2381 discernere?-
3234 2319 3439 2375 Facitis

1866 2424 2123 2478 nimirum
2149 2424 2488 2477 divinitatem
2550 2420 2865 2475 inferiorem
2935 2415 3139 2472 nostris
3200 2412 3436 2467 artibus.

1864 2515 1978 2572 Nos
2022 2518 2165 2570 enim
2196 2532 2226 2571 e
2261 2528 2419 2569 terra:
2452 2529 2617 2568 arena
2648 2513 2873 2576 vitrum,
2912 2524 3109 2563 aurum
3175 2501 3439 2576 (exempli

1869 2609 2088 2681 gratia),
2117 2625 2213 2671 aes.
2244 2618 2555 2678 argentum,
2591 2606 2702 2677 igni
2730 2606 2945 2666 dantes,
2972 2600 3263 2670 scrupulos
3283 2610 3443 2665 sepa-

1870 2719 2077 2769 ramus,
2108 2712 2162 2757 et
2190 2704 2511 2766 deterimus,
2543 2699 2754 2755 tametsi
2786 2697 2920 2753 nihil
2943 2697 3138 2749 horum
3163 2694 3217 2747 in
3247 2688 3444 2761 lapidis

1869 2802 2064 2849 natura
2102 2794 2435 2864 apparuerit,
2469 2802 2524 2848 et
2553 2793 2741 2846 vinum
2794 2805 2947 2860 aqua:
2981 2787 3288 2842 immismm
3339 2783 3443 2837 ite-

1872 2901 1994 2940 rum
2037 2886 2089 2939 in
2128 2886 2403 2955 propriam
2438 2893 2688 2938 naturam
2719 2882 3119 2939 discernentes.
3150 2885 3447 2943 utrumque

1874 2978 2240 3033 restituimus.
2275 2976 2380 3031 Sed
2414 2974 2505 3030 Dei
2537 2984 2777 3046 potestas
2813 2981 2867 3028 et
2916 2968 3184 3040 sapientia
3220 2964 3448 3020 inﬁnitis

183 3060 339 3131 ψυχῇ
364 3059 664 3132 λογισμοὺς
688 3062 1094 3133 στρεφομένους
1121 3062 1201 3131 τῷ
1223 3065 1322 3133 τῆς
1348 3064 1605 3132 γνώσεως
1631 3064 1768 3134 ἔχων

1874 3072 2055 3126 modis
2106 3071 2398 3125 humanam
2431 3078 2603 3123 artem
2636 3077 2689 3121 et
2721 3066 3055 3121 intellectum
3080 3060 3451 3122 excedens,et

187 3155 413 3225 ἀμιγεῖς
445 3154 540 3209 καὶ
556 3155 897 3225 ἀσυγχύτους
930 3155 1186 3226 ταμιείῳ,
1215 3155 1315 3226 τὴν
1358 3155 1469 3207 τῶν
1499 3156 1771 3226 σωμάτων

191 3251 453 3320 μιγεῖσαν
488 3249 589 3303 οὐκ
630 3248 969 3319 ἀναλήψεται
1008 3248 1295 3318 διακρίνας
1327 3249 1525 3319 φύσιν;
1586 3251 1774 3304 Ἀσθε-

187 3341 453 3413 νέστερον
476 3342 538 3396 τὸ
566 3342 725 3397 Θεῖον
755 3344 857 3413 τῆς
896 3344 1027 3414 παρ’
1071 3343 1205 3413 ἡμῖν
1238 3342 1607 3397 ἁναπλάττετε
1651 3342 1775 3413 τέχ-

190 3451 312 3505 νης.
345 3438 458 3491 Καὶ
498 3437 609 3509 γὰρ
646 3440 811 3508 ἡμεῖς
848 3438 912 3491 ὲκ
943 3435 1179 3506 γεώδους
1211 3435 1445 3506 ψάμμου
1491 3435 1586 3488 καὶ
1622 3434 1775 3489 ὕελον

190 3530 293 3581 καὶ
348 3530 551 3599 χρυσον
612 3532 702 3599 (εί
739 3529 931 3598 τύχοι)
983 3530 1079 3581 καὶ
1128 3528 1331 3597 χαλκὸν
1382 3527 1478 3579 καὶ
1532 3526 1775 3595 ἄργυρον

192 3622 335 3690 map!
362 3622 565 3685 δόντες,
610 3622 682 3675 τά
707 3622 907 3674 λιθίδια
934 3618 1285 3691 διακρίνομέν
1328 3635 1389 3671 τε
1421 3619 1516 3671 καὶ
1547 3618 1773 3671 ἀποθλι-

1874 3163 2253 3218 universorum
2290 3172 2538 3215 naturam
2575 3159 2629 3213 in
2655 3173 2714 3214 se
2739 3153 3206 3226 comprehendens
3236 3158 3290 3206 et
3317 3163 3452 3204 con-

1873 3254 2078 3315 tinens.
2116 3262 2170 3308 et
2204 3253 2406 3307 variam
2438 3251 2687 3321 corporis
2721 3246 3204 3317 compositionem,
3260 3248 3315 3296 et
3348 3240 3453 3293 mi-

1875 3348 2110 3402 stionem
2148 3345 2201 3398 in
2233 3353 2445 3398 natura:
2498 3339 2880 3413 promptuario
2911 3350 3103 3407 puram
3136 3338 3450 3389 conservat.

1875 3436 1996 3493 Non
2046 3435 2191 3489 enim
2222 3443 2378 3488 extra
2407 3444 2659 3487 naturam
2692 3431 2744 3484 in
2772 3438 3044 3492 creatura,
3078 3424 3329 3495 corporis
3352 3437 3453 3476 na-

1880 3539 2005 3584 tura
2040 3536 2143 3591 est,
2179 3528 2282 3582 etsi
2311 3542 2408 3596 per
2440 3526 2585 3580 mille
2612 3536 2815 3579 mortes
2842 3522 2974 3576 lluat
3015 3521 3213 3577 soluta.
3247 3518 3375 3573 Ideo
3396 3515 3453 3569 in

1880 3622 2157 3691 propriam
2197 3618 2358 3674 facile
2389 3617 2622 3672 formam
2658 3615 2973 3678 revertitur,
3021 3621 3077 3666 et
3112 3610 3181 3665 de
3244 3608 3455 3662 honore

194 3710 368 3781 δομεν
390 3751 407 3776 ,
442 3712 610 3783 μηδὲν
641 3712 822 3765 αὑτῶν
856 3712 1244 3783 καθορώμενον
1282 3712 1341 3763 tv
1370 3714 1438 3782 τῇ
1485 3711 1579 3765 τοῦ
1624 3711 1768 3765 λίθου

1879 3712 2193 3781 participat,
2226 3709 2385 3779 cujus
2417 3710 2566 3765 illam
2624 3706 2944 3779 participem
3006 3703 3125 3759 ﬁeri
3185 3699 3454 3773 oportuit,

194 3801 393 3873 φύσει·
428 3805 523 3856 καὶ
553 3798 695 3903 ἦνον
724 3804 876 3857 ὕδατι
901 3803 1179 3874 κραθέντα
1211 3802 1375 3856 πάλιν
1408 3801 1768 3873 διακρίνοντες

1881 3817 2005 3857 cum
2039 3804 2205 3858 etiam
2234 3819 2341 3857 una
2367 3801 2675 3859 certaverit.
3053 3817 3064 3823 ·

194 3901 279 3963 είς
298 3899 399 3969 τὴν
425 3885 1256 3972 ίόίαν’φύσιν,άποκαθιστῶμεν
1283 3896 1566 3967 ἑκάτερον.
1611 3893 1772 3948 Ἀλλά
1812 3893 1921 3966 γάρ
1969 3896 2004 3967 ἡ
2048 3894 2144 3948 τοῦ
2198 3894 2333 3949 Θεοῦ
2414 3895 2645 3964 δύναμις
2694 3892 2791 3947 καὶ
2836 3890 3001 3960 σοφία
3076 3885 3457 3955 ἀνεπινοήτοις

200 3995 423 4064 μέτροις
455 3995 558 4065 τῆς
630 3994 979 4065 ἀνθρωπίνης
1027 3994 1123 4048 καὶ
1166 3992 1365 4063 τέχνης
1403 3993 1499 4045 καὶ
1572 3990 1845 4055 συνέσεως
1878 3992 2247 4063 ὑπερέχουσα,
2277 3991 2372 4045 καὶ
2403 3991 2502 4061 τὴν
2530 3989 2638 4043 τῶν
2663 3988 2801 4043 ὅλων
2828 3987 3018 4041 οὑσίαν
3050 3986 3108 4039 tv
3133 3983 3298 4051 ἑαυτῇ
3325 3978 3455 4032 συλ-

195 4086 439 4140 λαϐοῦσα
474 4087 570 4141 καὶ
622 4087 986 4156 περιέχουσα,
1033 4087 1130 4141 καὶ
1161 4085 1262 4157 την
1293 4085 1633 4159 πολύτροπον
1662 4084 1772 4138 τῶν
1813 4087 2082 4157 σωμάτων
2130 4086 2438 4159 σύγκρασιν
2500 4086 2599 4140 καὶ
2671 4082 2819 4157 μίξιν
2862 4085 2922 4137 tv
2950 4084 3065 4145 τοῖς
3093 4080 3193 4150 τῆς
3238 4076 3458 4145 φύσεως

200 4180 428 4252 εὐκρινῆ
463 4183 722 4252 συντηρεῐ
753 4180 1041 4264 ταμιείοις.
1081 4181 1158 4235 UO
1188 4180 1296 4253 γάρ
1346 4180 1450 4247 ἐξω
1519 4180 1616 4249 τῆς
1674 4180 1734 4232 tv
1765 4182 1831 4251 τῇ
1872 4180 2049 4235 κτίσει
2086 4180 2303 4250 φύσεως
2351 4181 2386 4251 ἡ
2422 4177 2520 4233 τοῦ
2567 4177 2821 4249 σώματος
2848 4176 3038 4245 φύσις,
3076 4171 3182 4226 κᾶν
3212 4169 3302 4223 διὰ
3350 4183 3458 4239 μυ-

203 4274 334 4345 ρίων
388 4275 486 4347 ῥέῃ
516 4275 752 4346 λυομένη
799 4263 1067 4329 θανάτων.
1113 4275 1203 4331 Διὸ
1235 4275 1373 4347 πρὸς
1417 4274 1518 4344 τὴν
1562 4274 1771 4328 οἰκείαν
1807 4276 2047 4340 εὐκόλως
2090 4276 2425 4344 ἐπανάγεται
2500 4274 2749 4345 μορφὴν,
2784 4272 2879 4326 καὶΙ
2942 4268 3196 4324 κοινωνεῖ
3222 4263 3335 4318 τῶν
3375 4278 3461 4316 τι-

206 4368 345 4439 μῶν,
392 4362 469 4422 ὧν
520 4368 656 4438 αὑτῇ
694 4366 795 4439 [αι.
825 4367 959 4420 αὑτὸ
994 4368 1089 4421 καὶ
1119 4366 1294 4439 αύτῷ]
1350 4369 1644 4438 μετασχεῖν
1668 4366 1778 4421 ἔδει
1819 4369 2272 4442 συνδιενεγκούσῃ
2300 4368 2544 4432 καὶτοὺς
2570 4367 2787 4430 ἄθλους.

208 4479 321 4534 Τοῦ
360 4477 581 4544 αὑτοῦ,
627 4478 698 4531 ἐκ
739 4477 847 4532 τοῦ
892 4480 980 4553 είς
1022 4477 1139 4545 τὴν
1183 4478 1496 4548 ἀνάληψιν
1543 4476 1768 4546 πρώτου

1989 4480 2245 4553 Ejusdem
2277 4482 2498 4537 homilia
2522 4483 2695 4553 prima
2718 4479 2783 4534 de
2811 4477 3011 4534 Christi
3031 4473 3353 4530 ascensione.

888 4551 1098 4617 λόγου.

776 4638 847 4692 Τὸ
881 4639 1211 4707 προοίμιον.

274 4730 371 4795 Et;
400 4729 632 4801 ούρανδν
668 4728 769 4800 μὲν
798 4730 893 4783 καὶ
926 4731 1029 4801 γῆν
1066 4733 1099 4801 ἡ
1130 4731 1232 4801 τῆς
1266 4732 1496 4797 κτίσεως
1523 4732 1783 4804 διαμεμέ-

207 4838 389 4893 ρισται
442 4822 632 4891 φύσιςο
676 4821 777 4875 οὑκ
809 4822 876 4892 ἐᾷ
904 4821 960 4874 δέ
997 4838 1065 4891 με
1110 4822 1213 4894 τὴν
1246 4822 1514 4893 διαίρεσιν
1562 4826 1784 4895 βλέπειν

204 4918 239 4985 ἡ
269 4915 554 4985 συνάψασα
590 4916 835 4985 σήμερον
865 4914 963 4981 τὴν
1000 4915 1179 4969 κτίσιν
1220 4916 1402 4986 χάρις.
1434 4917 1531 4981 Τίς
1561 4919 1669 4986 γὰρ
1715 4920 1783 4974 ἂν

204 5006 352 5061 είποι
379 5006 588 5071 λοιπὸν,
620 5003 851 5077 οὐρανὸν
880 5005 977 5059 καὶ
1008 5006 1114 5075 γῆν
1148 5005 1475 5079 διῃρῆσθαι,
1506 5010 1601 5063 καὶ
1632 5010 1782 5065 κάτω

204 5094 309 5163 τῆς
355 5093 571 5163 φύσεως
602 5094 703 5164 τῆς
741 5093 921 5164 ἐμῆς,
975 5096 1069 5147 καὶ
1120 5095 1231 5149 ἄνω
1285 5095 1387 5165 τῆς
1436 5098 1576 5167 ἐμῆς
1625 5098 1781 5169 βασι.

202 5186 505 5257 λευούσηςς
552 5186 715 5240 Ἀλλά
742 5186 893 5239 κάτω
920 5185 1038 5255 μὲν,
1072 5185 1152 5239 ἔτι
1182 5188 1247 5257 τῇ
1281 5186 1459 5259 φθορᾷ
1482 5191 1783 5254 τυραννού-

208 5280 382 5351 μεθα·
420 5281 549 5334 ὅταν
594 5279 653 5333 δὲ
688 5280 767 5341 είς
799 5278 1031 5350 οὐρανὸν
1066 5276 1495 5347 ἀναϐλέψωμεν,
1526 5282 1625 5350 τὴν
1656 5281 1785 5349 φθο-

208 5374 310 5443 ρὰν
348 5374 385 5443 ἡ
440 5372 603 5441 φύσις
634 5371 955 5426 ἀποτίθεται
1003 5368 1388 5441 [ὑποτίθεται].
1433 5371 1628 5425 Βλέπει
1676 5371 1785 5443 γάρ

208 5466 323 5519 ἄνω
349 5465 452 5536 τὴν
477 5465 587 5519 τῶν
634 5466 787 5520 κάτω
841 5463 1053 5535 νεκρῶν
1090 5463 1463 5533 ἀναστάσιμον
1503 5463 1680 5533 ῥίζαν.
1726 5466 1791 5517 Ὢ

212 5557 439 5629 κέρδους
471 5557 678 5629 ζημίας
717 5557 1097 5629 προελθόντος.
1135 5554 1592 5625 Κατενεχθέντες,
1617 5558 1789 5629 ἤρθη-

219 5666 316 5719 μεν
345 5651 425 5714 είς
455 5649 622 5720 ὑψος’
650 5649 952 5716 ὠσθέντες,
978 5650 1061 5711 είς
1102 5645 1325 5717 οὐρανὸν
1356 5645 1456 5718 [αι.
1502 5648 1788 5720 οὐρανοὺς]

218 5741 617 5818 ἁνηνὲχθημεν.
639 5744 789 5801 "Eam
819 5742 911 5798 τοῦ
943 5738 1276 5811 παραδείσου
1323 5738 1645 5812 πληγέντες,
1678 5741 1783 5809 ἔξω

2502 4634 2845 4689 Praemium.

1956 4728 2015 4785 ln
2046 4729 2245 4786 calum
2270 4738 2323 4783 et
2352 4736 2554 4783 terram
2585 4734 2857 4781 creatura;
2889 4729 3088 4779 natura
3115 4721 3292 4777 divisa
3334 4726 3419 4778 est
3443 4740 3465 4781 ξ

1884 4836 1996 4877 non
2028 4820 2296 4891 permittit
2318 4835 2407 4874 me
2439 4818 2759 4873 divisionem
2793 4815 2977 4871 videre
3016 4813 3469 4885 gratia,qua2ho-

1886 4914 1976 4968 die
2000 4922 2308 4968 creaturam
2341 4911 2635 4968 connectit.
2698 4908 2963 4976 Quisnam
3016 4908 3273 4977 deinceps
3307 4906 3465 4961 dixe-

1889 5006 1961 5060 rit
1987 5005 2183 5060 caelum
2215 5013 2271 5058 et
2304 5012 2505 5058 terram
2540 5002 2714 5056 divisa
2735 5016 2876 5065 esse,
2913 5015 3037 5056 cum
3063 5014 3227 5069 supra
3261 5007 3317 5053 et
3372 4998 3461 5053 in-

1888 5098 1974 5153 lra
2006 5106 2200 5151 natura
2231 5110 2350 5151 mea
2382 5096 2607 5166 regnet?
2644 5094 2750 5149 Sed
2786 5094 2925 5148 infra
2988 5093 3213 5164 quidem
3265 5105 3462 5146 corru-

1888 5191 2071 5261 ptione
2120 5190 2301 5245 adhuc
2330 5188 2654 5259 premimur.
2685 5185 2917 5253 Quando
2968 5200 3102 5240 vero
3158 5184 3212 5237 in
3260 5182 3463 5237 cmlum

1889 5283 2085 5338 oculos
2114 5283 2508 5345 convertimus,
2544 5280 2957 5350 corruptionem
2990 5286 3189 5331 natura
3216 5273 3459 5344 deponit.

1890 5373 2051 5429 Videt
2082 5374 2229 5428 enim
2258 5388 2423 5443 supra
2458 5388 2648 5427 eorum
2706 5371 2801 5442 qui
2850 5370 2993 5426 infra
3028 5366 3228 5422 mortui
3279 5380 3462 5419 resur-

1890 5466 2151 5521 rectionis
2183 5466 2419 5520 radicem
2467 5464 2816 5535 (Christum).
2847 5461 2894 5517 0
2927 5463 3142 5515 lucrum
3175 5472 3208 5514 e
3259 5456 3465 5512 damno

1890 5559 2220 5629 proveniens
2247 5560 2260 5612 !
2297 5558 2558 5614 Deorsum
2587 5558 2745 5613 missi
2778 5555 3021 5612 tollimur
3053 5554 3108 5608 in
3140 5550 3333 5615 altum,
3362 5563 3463 5603 ex-

1888 5650 2033 5721 pulsi
2064 5652 2118 5706 in
2152 5651 2352 5706 coelum
2386 5650 2722 5706 reducimur.
2760 5646 2903 5703 Intra
2928 5646 3243 5716 paradisum
3266 5640 3460 5695 vulne-

1890 5741 2016 5808 rati,
2051 5752 2204 5799 extra
2233 5741 2384 5799 illum
2421 5740 2720 5799 remedium
2744 5738 3075 5797 invenimus.
3102 5734 3205 5793 Ubi
3230 5733 3349 5802 tibi,
3376 5731 3458 5805 pl—
