3852 6052
422 246 558 312 1499
1909 264 1970 324 δ’.

2102 262 2184 324 Lt
3541 211 3704 310 1500

414 375 556 431 rata,
598 367 926 427 maleﬁcium
957 375 1087 428 est?
1111 373 1258 431 Crux
1294 393 1459 448 quam
1523 371 1875 451 gubernatori
1923 381 1987 435 ti-

2096 382 2187 453 τὴν
2222 365 2522 451 θεραπείαν
2559 377 2895 446 εὑρήκαμεν.
2932 369 3044 425 Ποῦ
3073 387 3184 435 σοι,
3215 366 3691 422 καταποντιστά,

414 459 564 524 sisti,
599 463 822 518 vertitur
851 475 1063 524 natura:
1096 469 1373 542 naufraga:
1410 473 1461 527 in
1489 473 1700 528 clavum
1731 474 1904 541 navis,
1931 483 1986 530 et

2096 476 2145 530 τὸ
2185 472 2593 543 κακούργημα;
2653 469 2752 522 Ὃν
2781 463 2990 535 ἔπηξας
3019 460 3099 532 τῷ
3139 459 3463 528 κυϐερνήτῃ
3512 470 3692 507 σταυ-

415 553 480 606 ad
508 554 783 611 caalestem
808 573 904 615 nos
929 570 1147 631 portum
1172 565 1500 620 fiuctuantes
1532 565 1704 629 ducit,
1725 582 1788 621 ac
1816 567 1982 622 sistit.

2096 565 2201 638 ρὸν,
2234 564 2425 633 γέγονε
2449 564 2516 633 τῇ
2546 556 2855 626 ναυαγούσῃ
2887 555 3048 624 φύσει
3079 550 3346 620 πηδάλιον
3370 563 3384 576 ’
3411 546 3513 638 καὶ
3541 543 3690 638 πώς

415 644 882 710 Quemadmodum
913 653 1282 724 apostolorum
1316 657 1458 712 oculi
1493 673 1522 712 e
1550 667 1693 712 terra
1744 658 1809 711 ad
1872 673 1986 713 caa-

2096 633 2373 727 5ύρανίους
2410 647 2645 714 οίακίζει
2674 648 2904 718 λιμένας
2950 641 3397 713 κυμαινομένους
3443 633 3692 708 [κυϐερ-

415 733 527 788 lum
560 739 949 809 sublatierant,
975 761 1140 801 carne
1160 747 1419 816 pautatim
1448 749 1981 818 sursumltrauslata,

2096 748 2364 818 νωμένους
2424 745 2494 799 Η.
2543 740 2650 813 SL]
2695 741 2844 812 ἡμᾶς
2887 737 2982 791 καὶ
3029 732 3497 798 ἀποκαθίστησιν.
3545 727 3688 778 Ὠσ-

417 827 498 881 sic
520 835 575 881 et
603 831 857 888 cmlestes
887 837 1114 905 spiritus
1147 838 1458 909 incorporei
1490 842 1557 895 de
1585 841 1725 894 coelo
1766 841 1819 895 in
1872 857 1987 897 coe-

2096 855 2192 908 περ
2225 837 2280 890 αἱ
2310 835 2418 889 τῶν
2448 832 2705 903 μαθητῶν
2732 833 2798 884 ὲκ
2821 829 2922 899 τῆς
2945 829 3048 898 γῆς
3077 825 3215 894 πρὸς
3243 821 3481 892 οὐρανὸν
3513 819 3688 909 ἀνήρ-

418 919 500 975 los
533 922 869 992 aspiciebant
903 942 997 982 ore
1027 930 1233 997 hiante,
1267 933 1518 1003 corporis
1569 943 1764 988 natura
1821 947 1981 1003 supra

418 1012 566 1081 ipsos
597 1019 948 1083 ascendente,
1005 1023 1178 1079 donec
1211 1025 1264 1079 in
1299 1026 1478 1080 sinum
1516 1025 1692 1082 Patris
1732 1035 1986 1096 suscepta

416 1118 522 1160 est.
554 1106 599 1164 Ο
633 1125 827 1166 secura
854 1113 1136 1170 hominum
1169 1133 1318 1187 spes,
1346 1120 1400 1174 in
1433 1121 1558 1176 cmli
1591 1136 1770 1192 regem
1832 1119 1986 1190 ejus-

417 1196 539 1251 dem
575 1209 784 1257 natura:
809 1205 1114 1271 possidens,
1148 1209 1242 1279 qui
1262 1209 1463 1266 iterum
1490 1213 1685 1268 eadem
1717 1227 1843 1268 cum
1867 1225 1991 1265 car-

417 1304 487 1342 ne
511 1292 766 1350 omnibus
796 1298 1108 1365 apparebit!

2086 929 2260 999 θησαν
2303 926 2475 997 ϐψεις,
2508 927 2608 994 τῆς
2653 921 2857 993 σαρκὸς
2888 918 3032 974 κατά
3067 915 3266 988 μικρὸν
3311 907 3644 979 ὑψουμένης
3667 924 3682 936 ⁸

2085 1021 2226 1074 οὕτω
2255 1021 2350 1074 καὶ
2387 1018 2498 1073 τῶν
2525 1019 2582 1070 ὲν
2610 1016 2860 1087 οὐρανοῖς
2889 1011 3196 1080 ἀσωμάτων
3225 1009 3253 1060 ὁ
3285 1006 3470 1076 δῆμκ
3499 1001 3562 1066 ἐξ
3589 1001 3681 1053 οὔ.

2092 1112 2254 1186 ρανοῦ
2284 1111 2420 1183 πρὸς
2449 1109 2678 1180 οὐρανὸν
2707 1107 2976 1177 ἐκεχήνει,
3011 1102 3113 1171 τῆς
3146 1097 3238 1154 τοῦ
3276 1097 3547 1166 σώματος
3582 1093 3682 1160 φύε

2090 1223 2229 1270 σεως
2272 1207 2530 1258 ἐπέκεινα
2561 1203 2655 1256 καὶ
2689 1199 2870 1254 αὐτῶν
2907 1194 3184 1265 ἀνιούσης,
3212 1192 3322 1254 ἓως
3359 1191 3425 1242 ἐν
3452 1187 3682 1246 κόλποις

2097 1297 2198 1371 [αι.
2241 1294 2450 1367 κόλπῳ]
2493 1293 2590 1348 τοῦ
2641 1291 2858 1362 Πατρὸς
2920 1287 3215 1357 ὑπεδέχθη.
3267 1279 3573 1350 Ἀσφαλεῖς
3622 1277 3681 1329 αἱ

418 1383 513 1436 τοῦ
568 1386 763 1455 γένους
832 1389 1085 1463 ἐλπίδες,
1157 1396 1216 1450 ἐν
1257 1398 1476 1471 ούρανῷ
1529 1399 1753 1470 βασιλέα
1802 1397 2039 1468 συγγενῆ
2078 1397 2438 1467 κεκτημέναι,
2471 1391 2530 1455 ὃς
2575 1389 2672 1444 καὶ
2715 1387 2879 1442 πάλιν
2927 1384 3068 1456 μετά
3111 1383 3212 1452 τῆς
3241 1379 3422 1449 αὐτῆς
3475 1373 3679 1437 σαρκὸς

419 1478 586 1532 πᾶσιν
619 1480 936 1551 ὀφθήσεται.

557 1615 812 1687 Ejusdem
848 1623 1070 1677 homilia
1100 1627 1328 1680 secunda
1356 1628 1419 1682 de
1447 1629 1622 1682 eodem
1654 1629 1810 1698 festo.

489 1795 536 1854 Ο
563 1799 878 1871 religionem
900 1809 1156 1865 omnibus
1173 1812 1393 1881 regibus
1407 1815 1578 1882 magis
1601 1816 1801 1885 regiam
1826 1814 1992 1882 lQum

419 1890 564 1944 enim
582 1894 752 1949 armis
765 1912 916 1967 reges
931 1901 1360 1970 acquisiverunt,
1377 1906 1467 1960 illa
1481 1907 1601 1962 sine
1623 1908 1787 1962 armis
1803 1917 1992 1964 osten-

418 1979 498 2034 dit
517 1996 576 2036 se
600 1993 860 2041 evertere.
883 1986 1015 2054 Quae
1039 2000 1340 2048 mactantes
1357 1995 1634 2058 vetabant,
1658 1998 1771 2052 haec
1793 2006 1992 2052 macta-

417 2081 469 2126 ta
489 2075 749 2145 applausu
775 2080 1002 2149 excepit,
1017 2088 1070 2135 et
1086 2084 1322 2140 caedibus
1351 2096 1538 2142 contra
1559 2097 1856 2142 mactantes
1880 2097 1992 2142 tro-

418 2179 531 2234 p:ea
562 2171 770 2224 statuit.
796 2169 1053 2228 Ecclesiaa
1085 2175 1338 2244 palmites
1371 2178 1569 2232 succisi
1597 2187 1772 2241 erant,
1805 2187 1860 2232 et
1876 2178 1990 2232 fru-

418 2264 540 2312 ctus
554 2257 674 2314 tidei
695 2262 868 2331 magis
897 2270 1330 2335 progressus'est.
1347 2277 1402 2322 et
1426 2267 1608 2322 norem
1622 2268 1991 2324 immarcesci-

417 2347 578 2403 bilem
595 2349 918 2420 proferebat.
943 2353 984 2407 E
1013 2357 1196 2411 radice
1239 2359 1383 2413 enim
1403 2361 1652 2428 palmites
1672 2362 1815 2414 enati
1837 2367 1984 2426 sunt,

416 2453 537 2508 qua:
551 2456 674 2496 vere
694 2442 833 2498 dixit
857 2463 870 2498 :
889 2445 1001 2516 Ego
1023 2449 1121 2501 vici
1146 2451 1399 2505 mundum
1415 2454 1458 2520 7;
1489 2468 1580 2522 ego
1601 2469 1715 2505 sum
1737 2452 1883 2519 vitis,
1901 2468 1989 2506 vos

416 2545 537 2583 vero
572 2531 819 2598 palmites
852 2536 891 2589 ⁸.
925 2538 1233 2608 Stephanus
1265 2549 1520 2611 tanquam
1563 2557 1748 2597 ramus
1781 2543 1849 2596 ab
1885 2543 1991 2597 Ec-

330 2667 335 2704 ,
415 2621 580 2677 clesia
613 2625 832 2682 excisus
856 2637 959 2692 est,
993 2638 1046 2683 et
1073 2631 1216 2686 alius
1239 2633 1448 2700 palmes
1479 2643 1778 2704 martyrum
1806 2634 1989 2704 pullu-

415 2711 564 2767 lavit.
620 2711 856 2772 Jacobus
879 2727 934 2772 et
967 2720 1159 2776 Petrus
1188 2725 1452 2792 amputati
1484 2701 1660 2780 suntiz
1691 2701 1832 2780 alius
1861 2742 1986 2780 rur-

417 2821 538 2859 sum
568 2817 776 2879 martyr
803 2813 1123 2868 enascitur:
1157 2830 1266 2885 quo
1323 2817 1527 2883 exciso,
1596 2819 1765 2873 alium
1797 2835 1988 2876 rursus

418 2900 639 2954 uberem
673 2902 949 2971 palmitem
984 2907 1139 2960 radix
1168 2909 1414 2977 protulit.
1457 2907 1746 2965 Vindemia
1795 2911 1983 2966 decer-

418 3001 544 3059 ptus
565 3001 648 3047 est
679 2993 900 3061 Paulus,
930 3008 985 3051 et
1007 2998 1147 3052 alius
1183 3015 1432 3056 racemus
1481 3004 1743 3074 martyrio
1804 3013 1985 3058 matu-

417 3095 637 3136 rescens
664 3082 902 3139 Thomas
931 3087 1202 3154 apparuit,
1255 3097 1308 3141 et
1337 3089 1578 3159 undique
1611 3092 1762 3146 radix
1797 3091 1987 3147 vinde-

421 3172 585 3227 miata
625 3173 862 3230 fructum
891 3177 1015 3231 tulit
1051 3178 1382 3241 uberiorem.
1419 3191 1472 3234 et
1497 3196 1716 3248 germen
1755 3183 1987 3237 durabi-

419 3263 545 3331 lius,
576 3281 740 3336 quam
767 3268 859 3338 qui
890 3269 1317 3325 vindemiarunt.
1369 3271 1579 3326 Etenim
1631 3273 1725 3342 qui
1773 3273 1990 3328 exscin-

418 3358 618 3414 debant
645 3361 904 3428 paulatim
934 3373 1242 3420 arescentes
1271 3366 1525 3420 exstincti
1565 3374 1714 3422 sunt.
1741 3365 1987 3420 Ecclesia

419 3465 548 3505 vero
598 3450 870 3510 fructibus
899 3456 1049 3510 omni
1095 3466 1341 3527 tempore
1376 3467 1597 3523 onusta,
1650 3459 1788 3513 lines
1830 3466 1990 3514 terrae

418 3543 536 3601 suis
565 3545 764 3614 plantis
798 3549 1232 3618 comprehendit.

2011 1620 2056 1677 Β
2085 1618 2196 1675 Τοῦ
2230 1615 2438 1682 αὑτοῦ,
2487 1614 2559 1669 ἐκ
2595 1611 2704 1667 τοῦ
2739 1611 2828 1676 είς
2871 1606 2988 1682 τὴν
3014 1604 3213 1674 αὐτὴν
3245 1600 3479 1672 ἑορτὴν
3527 1597 3668 1652 δευ-

2665 1682 2840 1750 τέρου
2879 1681 3089 1749 λόγου.

2162 1805 2226 1858 Ὢ
2265 1801 2530 1874 βασιλέων
2582 1800 2802 1854 πάντων
2839 1791 3270 1867 βασιλικωτέρας
3318 1784 3672 1859 Θρησκείαςῖ

2094 1897 2166 1951 Ἃ
2199 1895 2312 1967 γὰρ
2339 1895 2528 1958 ὅπλοις
2573 1890 2818 1962 βασιλεῖς
2867 1885 3260 1955 συνεκρότουν,
3298 1881 3446 1951 αὑτὴ
3501 1879 3677 1949 χωρὶς

2088 1991 2269 2046 ὃπλων
2297 1987 2574 2043 ἐδείκνυτο
2604 1982 2972 2040 καταλύουσα.
3009 1978 3078 2033 Ἀ
3110 1977 3448 2047 σφάττοντες
3476 1970 3675 2025 διεκώ-

2089 2081 2237 2147 λυον,
2268 2081 2410 2152 αὑτὴ
2459 2076 2805 2149 σφαττομένη
2837 2071 3187 2144 συνεκρότει·
3215 2068 3314 2122 καὶ
3357 2067 3490 2128 ταῖς
3535 2079 3675 2130 σφεα-

2087 2175 2214 2240 γαϊς
2244 2171 2386 2226 κατά
2415 2171 2527 2224 τῶν
2561 2167 2913 2239 σφαττόντων
2941 2165 3133 2235 ἀνίστη
3167 2161 3236 2216 τὰ
3270 2159 3541 2232 τρόπαια.
3594 2155 3674 2207 τά

2087 2264 2186 2334 τῆς
2223 2262 2552 2334 Ἐκκλησίας
2580 2259 2949 2316 κατεκόπτετο
2976 2258 3251 2327 κλήματα,
3279 2253 3376 2306 καὶ
3397 2253 3430 2304 ό
3451 2249 3555 2318 τῆς
3577 2247 3672 2298 πί-

2089 2370 2260 2417 στεως
2308 2354 2517 2425 μᾶλλον
2563 2351 2816 2406 ἀπεδίδου
2867 2349 3138 2423 [ἐπεδίδου
3189 2345 3392 2417 μᾶλλον
3446 2340 3522 2395 Η.
3559 2334 3672 2412 St.]

2087 2447 2336 2518 καρπὸς,
2390 2445 2584 2500 καὶτὸ
2631 2444 2792 2508 ἄνθος
2841 2443 3161 2512 ἀμάραντον
3221 2436 3405 2504 ἔφερε.
3481 2429 3673 2498 Ῥίζης

2090 2540 2189 2612 [αι.
2219 2537 2370 2611 ῥίζα]
2413 2537 2522 2608 γὰρ
2555 2535 2858 2606 ἐκπεφύκει
2881 2533 2950 2588 τὰ
2977 2533 3254 2603 κλήματα,
3280 2527 3384 2597 τῆς
3417 2521 3674 2593 άφευδῶς

2088 2632 2372 2700 είπούσης·
2421 2629 2572 2699 Ἐγὼ
2598 2629 2708 2682 τὸν
2753 2627 2988 2695 κόσμον
3018 2622 3345 2688 νενίκηκα·
3384 2615 3505 2686 ἐγώ
3553 2615 3673 2682 ειμι

2087 2727 2130 2794 ἡ
2174 2724 2480 2795 ἄμπελος,
2518 2721 2689 2793 ὑμεῖς
2718 2721 2792 2775 τὰ
2832 2717 3129 2788 κλήματα.
3181 2711 3464 2781 Στέφανος
3509 2705 3674 2760 ἐκλα-

2088 2819 2300 2883 δεύετο,
2358 2819 2454 2873 καὶ
2512 2817 2641 2873 ἄλλο
2694 2815 2885 2887 κλῆμα
2946 2809 3247 2884 μαρτύρων
3303 2804 3668 2861 ὲϐλάστανεν.

2103 2912 2356 2975 Ἰάκωϐος
2411 2910 2781 2981 ἀπετέμνετο,
2839 2907 2936 2961 κα)⁵
2989 2905 3233 2975 Πέτρος·
3285 2898 3452 2958 ἄλλος
3510 2893 3676 2947 πάλιν

2093 3003 2303 3076 μάρτυς
2357 2999 2642 3070 ἀνεφύετο.
2699 2991 2868 3062 Οὗτος
2909 2995 3279 3062 lentim-51:0,
3322 2988 3421 3041 καὶ
3456 2984 3674 3039 Παῦλον

2091 3094 2193 3168 [αι.
2247 3092 2430 3164 πάλιν]
2469 3092 2597 3148 ἄλλο
2636 3092 2824 3162 κλῆμα
2852 3087 3208 3157 πολύκαρπον
3241 3084 3276 3152 ἡ
3320 3077 3451 3151 ῥίζα
3497 3076 3668 3168 πηροῦν

2089 3187 2336 3245 ϐάλλετο.
2403 3185 2765 3256 Ἐτετρύγητο
2819 3181 3064 3245 Παῦλος·
3108 3176 3207 3232 καὶ⁸
3271 3173 3474 3244 βότρυς
3517 3167 3674 3228 ἄλλος

2093 3280 2393 3352 μαρτυρίου
2453 3276 2781 3348 περκάζων,
2829 3277 2858 3329 ό
2904 3273 3129 3344 Θωμᾶς,
3177 3265 3541 3335 ἀνεφαίνετο,
3582 3258 3675 3312 καὶ

2092 3371 2431 3443 πανταχόθεν
2499 3372 2534 3442 ὴ
2591 3369 2716 3442 ῥίζα
2778 3364 3110 3438 τρυγωμένη
3173 3360 3283 3416 τῶν
3340 3352 3675 3427 τρυγώντων

2096 3462 2260 3534 ἔφερε
2307 3465 2405 3533 τὴν
2459 3461 2633 3532 φορὰν
2684 3457 3104 3529 ἀπληστοτέρανν
3128 3454 3226 3509 καὶ
3283 3445 3672 3526 μονιμωτέραν

2092 3556 2193 3626 τὴν
2224 3554 2540 3626 βλάστησιν,
2581 3554 2689 3606 Καὶ
2726 3553 2775 3604 oi
2813 3551 2912 3622 μὲν
2941 3550 3265 3611 κόπτοντες,
3303 3543 3454 3599 κατά
3482 3535 3672 3611 μικρὸν

419 3634 798 3706 ἠφανίσθησαν
873 3638 1299 3710 μαραινόμενοι·
1354 3641 1388 3710 ἡ
1438 3640 1496 3692 δὲ
1552 3657 1629 3712 τῳ
1671 3638 1873 3712 καρπῷ
1912 3639 2002 3696 διὰ
2063 3644 2262 3708 παντὸς
2314 3644 2610 3714 βρίθουσα,
2663 3642 2733 3695 τά
2811 3641 3030 3712 πέρατα
3075 3638 3175 3708 τῆς
3223 3635 3328 3705 γῆς
3381 3626 3670 3701 περιέλασε

419 3726 532 3788 τοῖς
565 3725 961 3798 βλαστήμασιν.

613 3834 868 3906 Ejusdem
891 3838 1113 3895 homilia
1137 3839 1296 3895 tertia
1320 3839 1372 3893 in
1399 3838 1536 3894 idem
1567 3839 1781 3909 festum.

1031 4018 1374 4075 Praemium.

488 4129 702 4185 Divina:
725 4129 988 4186 bonitatis
1014 4131 1188 4188 imber
1226 4133 1494 4202 incipiens
1539 4131 1858 4188 hominibus
1906 4134 1989 4190 ef-
2019 4142 2067 4198 D

422 4223 599 4290 fundi,
650 4224 814 4280 hodie
843 4239 1008 4294 supra
1037 4225 1258 4279 modum
1298 4237 1492 4281 auctus
1540 4235 1642 4290 est,
1699 4236 1753 4281 et
1793 4242 1991 4295 magna

421 4319 553 4373 olim
594 4315 882 4390 [exhibita]
905 4316 1166 4372 beneﬁcia
1199 4317 1502 4386 majoribus
1539 4317 1698 4372 hodie
1723 4318 1990 4374 obscura-

422 4411 520 4463 vit.
548 4408 682 4463 Nam
713 4417 870 4462 erant
914 4407 1131 4480 quidem
1197 4415 1322 4462 ante
1354 4408 1459 4464 hoc
1505 4407 1829 4464 beneficium
1865 4409 1990 4464 illu-

423 4498 580 4563 stria,
617 4506 670 4552 ct
699 4497 899 4552 summi
949 4496 1155 4552 amoris
1185 4496 1383 4568 signa:
1435 4497 1608 4552 Adam
1658 4514 1689 4553 e
1744 4499 1990 4568 virgineo

425 4589 690 4660 sanguine
716 4604 892 4644 novus
917 4587 1114 4656 factus,
1147 4604 1438 4659 corporum
1477 4589 1653 4645 morbi
1691 4588 1884 4658 fugati,
1937 4599 1994 4645 et

425 4697 493 4737 ex
517 4682 808 4738 animabus
835 4681 1106 4738 damonis
1130 4682 1322 4754 ejecta.
1375 4681 1639 4740 Latrones
1688 4684 1994 4755 principem

425 4775 698 4830 latronum
734 4777 986 4840 vincunt,
1009 4783 1064 4831 et
1086 4775 1153 4830 de
1194 4789 1261 4830 eo
1318 4775 1692 4845 triumphant:
1750 4792 1996 4832 resurre-

427 4865 536 4922 ctio
563 4865 730 4922 morti
766 4865 1033 4922 succedit.
1065 4864 1171 4921 Sed
1201 4865 1472 4922 hactenus
1502 4865 1619 4921 haec
1669 4867 1829 4937 plena
1865 4875 1996 4923 sunt

426 4959 654 5015 honoris
681 4967 737 5015 et
765 4959 1093 5030 splendoris,
1123 4958 1218 5014 sed
1251 4958 1456 5014 donum
1508 4959 1656 5029 quod
1696 4975 1842 5016 nunc
1897 4975 1992 5016 ce-

417 5053 723 5125 lebramus,
758 5069 868 5107 non
925 5051 1162 5107 admittit
1192 5051 1678 5122 comparationem.
1714 5052 1784 5109 Et
1840 5069 1994 5109 amor

426 5144 707 5202 Creatoris
737 5160 867 5216 erga
902 5159 1006 5200 nos
1039 5145 1207 5199 vincit
1245 5144 1508 5213 seipsum,
1538 5151 1592 5199 et
1623 5159 1730 5199 una
1760 5159 1884 5198 cum
1910 5147 1992 5200 vi-

429 5239 601 5294 ctoria
653 5248 932 5294 ornatur:
988 5248 1042 5293 et
1069 5252 1189 5306 quae
1245 5237 1390 5291 illam
1425 5236 1578 5303 vicit,
1634 5237 1994 5296 nihilominus

427 5345 594 5400 quam
621 5329 668 5385 si
694 5330 890 5384 horum
930 5329 1145 5398 singula
1176 5328 1420 5383 victoriae
1443 5343 1703 5383 coronam
1750 5339 1994 5399 reporta-

431 5416 878 5488 rent._Terrigena
908 5425 1318 5485 naturaterram
1355 5419 1698 5487 relinquens,
1732 5421 1863 5489 quin
1897 5437 1995 5493 po-

433 5510 541 5563 tius
572 5506 775 5573 ferens,
803 5510 857 5564 in
885 5509 1088 5565 caelum
1123 5508 1467 5564 transfertur.
1497 5509 1565 5564 Et
1593 5509 1695 5566 hoc
1727 5514 1875 5582 quod
1908 5516 1994 5572 di-

561 5698 720 5755 .loan.
763 5707 987 5772 “1,53.
1065 5708 1085 5739 ⁸
1112 5705 1266 5764 Ioan.
1305 5725 1394 5773 xv,
1438 5710 1491 5764 5.

2097 3842 2210 3901 Τοῦ
2257 3841 2484 3908 αὐτοῦ,
2530 3841 2600 3896 ἐκ
2655 3840 2761 3922 tofi
2780 3843 2903 3966 λῗς
2956 3838 3074 3907 τὴν
3117 3797 3318 3903 αὐτὴῖ
3362 3829 3586 3899 ἑορτὴν
3623 3823 3671 3896 τί

2862 3927 2990 3966 που,

2862 3927 2990 3980 γυυ.

2671 4028 2742 4082 Τὸ
2779 4027 3110 4095 προοίμιον.

2171 4143 2233 4198 '0
2262 4144 2405 4206 θεῖος
2448 4141 2549 4210 τῆς
2573 4138 2913 4208 ἀγαθότητος
2955 4133 3163 4206 ὄμϐρος
3210 4130 3523 4201 ἀρξάμενος
3563 4128 3669 4188 τοῖς

2097 4233 2406 4305 ἀνθρώποις
2435 4231 2719 4303 ἐκχείσθαι
2739 4269 2756 4296 ,
2789 4228 2926 4300 πρὸς
2969 4226 3253 4296 ἀμήχανον
3288 4223 3539 4290 σήμερον
3570 4218 3668 4270 δω-

2098 4325 2236 4399 ρεῶν
2281 4323 2565 4397 ὑπερήρθη
2613 4320 2988 4393 πλημμύραν,
3019 4319 3117 4372 καὶ
3143 4316 3211 4370 τά
3257 4313 3476 4385 μεγάλα
3509 4309 3667 4364 κατέ-

2097 4422 2275 4490 κρυψε
2303 4417 2568 4489 μείζοσιν.
2593 4411 2700 4468 Ἦν
2727 4415 2825 4485 μὲν
2851 4413 2961 4483 γὰρ
2991 4411 3086 4466 καὶ
3113 4409 3186 4463 τά
3217 4408 3324 4479 πρὸ
3348 4406 3449 4476 τῆς
3471 4401 3669 4474 παρούο

2100 4528 2200 4580 σης
2243 4509 2567 4579 εὐεργεσίας
2600 4505 2851 4577 λαμπρὰ,
2885 4504 2980 4558 καὶ
3017 4502 3115 4573 τῆς
3144 4502 3321 4572 ἄκρας
3357 4497 3668 4568 φιλοτιμίας

2097 4603 2400 4669 ἀπόδειξις·
2444 4598 2618 4668 Ἀδάμ
2656 4600 2722 4652 ἐκ
2749 4595 3098 4668 παρθενικῶν
3132 4593 3384 4663 αἱμάτων
3417 4605 3666 4657 καινουρ-

2095 4693 2393 4764 γούμενος,
2454 4691 2725 4761 σωμάτων
2764 4690 2821 4744 αί
2852 4689 3002 4741 ’νόσοι
3045 4682 3527 4756 φυγαδευόμεναι,
3582 4679 3668 4731 καὶ

2094 4783 2284 4856 ψυχῶν
2310 4781 2644 4851 ἐλαυνόμενα
2675 4777 2746 4832 τά
2792 4777 3050 4849 δαιμόνια
3073 4792 3088 4808 ·
3117 4773 3319 4846 λῃσταὶ
3361 4772 3454 4826 τὸν
3505 4772 3667 4841 ἀρχι-

2094 4877 2298 4947 λῃστὴν
2324 4873 2614 4935 νικῶντες,
2644 4871 2742 4926 καὶ
2782 4869 3238 4943 θριαμϐεύοντες·
3271 4863 3508 4928 θάνατος
3538 4865 3668 4932 λαμ-

2095 4965 2274 5020 ϐάνων
2319 4965 2566 5035 διάδοχον
2606 4965 2705 5031 τὴν
2745 4962 3067 5016 ἀνάστασιν.
3111 4959 3254 5014 Ἀλλ’
3299 4958 3406 5020 ἕως
3439 4957 3542 5027 μὲν
3581 4955 3666 5007 νῦν

2098 5057 2275 5112 ταῦτα
2305 5057 2467 5128 γέμει
2497 5056 2593 5109 καὶ
2613 5054 2928 5126 φιλοτιμίας
2953 5053 3045 5106 καὶ
3076 5051 3466 5121 λαμπρότητος
3487 5065 3500 5076 ·
3529 5049 3592 5100 τὸ
3617 5048 3667 5100 δὲ

2095 5149 2190 5204 νῦν
2233 5148 2627 5219 ἐορταζόμενον
2672 5147 2845 5218 δῶρον
2883 5145 2984 5198 οὐκ
3015 5143 3272 5213 ἀνέχεται
3325 5139 3666 5211 συγκρίσεως

2095 5239 2342 5306 ἐξέτασιν
2384 5235 2760 5302 ἐπιδέξασθαι.
2809 5237 2919 5289 Καὶ
2952 5236 3082 5306 νικᾷ
3110 5233 3207 5304 μὲν
3241 5233 3444 5300 ἑαυτὴν
3475 5232 3511 5300 ἡ
3551 5232 3666 5299 περὶ

2094 5335 2243 5403 ἡμᾶς
2277 5330 2374 5386 τοῦ
2404 5330 2654 5386 Πλάστου
2702 5329 3015 5400 φιλοτιμία,
3053 5323 3575 5396 συγκαλλωπίζεται
3617 5324 3667 5376 δὲ

2093 5427 2160 5495 τῇ
2191 5425 2348 5495 νίκῃ·
2399 5424 2494 5476 καὶ
2538 5423 2574 5477 ἃ
2615 5421 2716 5493 τὴν
2768 5421 2907 5492 πρὸς
2942 5419 3162 5489 ἐκείνην
3193 5414 3365 5489 ἦτταν
3403 5417 3665 5486 ἡνεγκεν,

2095 5517 2248 5572 οὐδὲν
2293 5517 2514 5570 ἔλαττον
2533 5557 2547 5580 ,
2575 5515 2608 5586 ἢ
2640 5515 2800 5586 εἴπερ
2829 5514 3032 5568 τούτων
3062 5513 3298 5567 ἕκαστον
3327 5510 3422 5565 τὸν
3451 5509 3555 5579 τῆς
3597 5509 3665 5561 νί-
