3852 6052
195 242 369 311 1501

1027 254 1478 316 ORATIONUM
1514 257 1609 316 ET
1646 257 2145 318 HOMILIARUM
2188 258 2671 321 FRAGMENTA.

3328 248 3469 316 1502

189 378 335 431 κης
362 361 663 432 ἀνεδήσατο
688 364 969 435 στέφανον.
1010 366 1076 420 Ἦ
1106 368 1345 441 γηγενὴς
1371 370 1531 439 φύσις
1565 370 1663 442 τὴν
1695 373 1798 443 γῆν

1901 380 2044 426 ctum
2071 384 2194 427 est:
2236 371 2527 427 Faciamus
2565 372 2827 429 hominem
2860 374 2930 429 ad
2986 373 3269 444 imaginem
3314 385 3363 425 et
3392 373 3459 425 si-

187 451 461 522 ἀφεῖσα,
496 455 697 525 μᾶλλον
736 457 794 510 δὲ
829 458 1100 531 φέρουσα,
1136 463 1218 526 εἱς
1250 464 1512 535 οὐρανοὺς
1554 468 1795 535 μετοικί·

190 542 405 606 ζεται.
439 548 549 600 Καὶ
578 548 659 612 τό,
689 549 1039 620 Ποιήσωμεν
1078 551 1390 622 ἄνθρωπον
1428 556 1556 609 κατ’
1589 558 1795 611 εἰκόνα

189 635 525 705 ἡμετέραν
584 640 685 707 καὶ
728 643 857 697 καθ’
914 646 1231 714 ὁμοίωσιν,
1284 648 1386 719 τῆς
1436 649 1794 716 ἀναπλάσεως

198 728 433 796 μᾶλλον
464 730 651 802 ἔργον,
699 734 732 805 ἢ
778 734 879 806 τῆς
925 736 1179 803 πλάσεως
1220 739 1610 795 ἐπιδείκνυται.
1670 744 1796 813 Ἀρ-

193 821 465 890 χέτυπον
514 824 615 895 τῆς
675 826 976 894 ἀθανασίας
1022 833 1056 902 ἡ
1126 833 1367 904 σήμερον
1422 834 1795 904 ἀναληφθεῖσα

199 918 413 989 μορφή
440 932 455 948 ·
512 922 855 991 σκιαγραφία
894 923 951 975 δὲ
980 924 1077 977 καὶ
1106 926 1459 995 προτύπωσις
1490 927 1683 981 τούτου
1706 968 1720 992 ,
1760 931 1792 1000 η

197 1008 366 1079 πρὸς
392 1011 489 1079 τὴν
526 1009 675 1065 θείαν
710 1012 895 1067 εἰκόνα
927 1014 1028 1083 τῆς
1064 1016 1203 1085 ὲμῆς
1233 1016 1590 1089 δημιουργίας
1628 1036 1795 1073 κατα-

199 1100 382 1172 ϐολή.
434 1102 699 1173 Ἐμελλεν
743 1103 862 1167 ὄνος
906 1105 1089 1159 λαλεῖν
1116 1126 1129 1140 ο
1185 1110 1271 1162 ῖνα
1322 1110 1511 1181 μηδεὶς
1553 1111 1791 1182 ἀπιστῇ,

199 1192 600 1264 προελάλησεν
629 1195 772 1263 ὄφις.
808 1197 1084 1270 Παρθένος
1111 1200 1285 1255 τίκτει
1310 1218 1325 1233 ο
1370 1204 1457 1256 ἵνα
1489 1205 1562 1274 μή
1598 1222 1679 1257 σοι
1710 1205 1795 1270 ξέ-

199 1302 317 1339 νον
356 1287 570 1359 δειχθῇ,
621 1289 798 1344 τίκτει
854 1293 1217 1364 προφθάσασα
1274 1299 1483 1367 στεῖρα.
1528 1298 1793 1367 Ἐμελλεν

215 1379 409 1451 Ἀδὰμ
455 1380 689 1436 θανάτου
736 1383 1017 1439 τίκτεσθαι
1068 1388 1368 1458 κρείττων’
1419 1390 1505 1444 ἵνα
1558 1390 1634 1461 μὴ
1695 1390 1795 1444 κά-

208 1487 343 1545 μῃς
372 1473 644 1545 ἐπιζητῶν
673 1477 985 1543 πιστεῦσαι,
1016 1480 1044 1531 ό
1074 1479 1295 1551 πρῶτος
1342 1481 1516 1552 Ἀδάμ
1548 1483 1649 1546 τάς
1703 1483 1792 1536 ἐπ’

1894 464 2250 519 militudiuem
2283 475 2522 518 nostram
2555 466 2612 532 ⁸,
2655 465 2829 536 magis
2861 464 3275 522 reformationis
3301 480 3466 534 quam

1894 556 2242 612 formationis
2266 572 2390 613 esse
2420 558 2657 614 videtur.
2686 557 2979 629 Exemplar
3033 556 3466 614 immortalitatis

1894 658 1976 703 est
2003 648 2178 702 forma
2206 649 2366 703 hodie
2399 657 2701 719 assumpta,
2736 650 3082 715 adumbratio
3100 649 3264 719 hujus
3296 657 3350 703 et
3382 658 3464 719 ty-

1894 754 1996 808 pus
2027 749 2109 795 est
2136 740 2349 793 initium
2382 740 2677 794 creationis
2702 751 2904 796 nostra:
2935 742 3001 795 ad
3025 741 3313 812 imaginem
3349 738 3464 793 Dei.

1896 826 2063 896 Loqui
2092 828 2252 882 debet
2279 831 2487 896 asinus,
2520 845 2587 885 ne
2620 831 2746 901 quis
2780 832 2851 887 sit
2892 833 3206 887 incredulus
3236 834 3302 896 ιο,
3342 840 3466 887 ante

1895 918 2111 973 locutus
2143 930 2226 974 est
2251 935 2475 989 serpens
2516 922 2582 987 “,
2610 920 2779 992 Virgo
2802 924 2944 992 parit
2974 924 3040 976 ".
3082 921 3161 978 Ne
3212 923 3309 976 tibi
3368 920 3466 978 no-

1893 1026 2021 1063 vum
2052 1010 2317 1078 videatur,
2344 1013 2625 1084 paritqua:
2654 1023 2814 1069 antea
2854 1015 3059 1070 sterilis
3094 1016 3214 1081 fuit,
3249 1015 3466 1085 parien-

1895 1101 1997 1156 dus
2029 1113 2145 1157 erat
2174 1103 2417 1161 Adamus
2456 1115 2630 1161 morte
2661 1107 2932 1177 superior,
2964 1125 3028 1164 ne
3066 1110 3360 1178 quaerendo
3408 1118 3468 1163 ut

1894 1198 2083 1250 credas
2121 1197 2452 1266 defatigeris.
2514 1198 2728 1255 Primus
2782 1202 2954 1255 Adam
3006 1202 3203 1271 accipit
3249 1211 3469 1255 senten-

1895 1289 2023 1342 tiam
2059 1290 2125 1344 de
2155 1290 2562 1348 immortalitate
2588 1311 2601 1359 ;
2628 1304 2683 1348 et
2712 1294 2896 1349 Enoch
2925 1294 3090 1350 habes
3119 1296 3163 1327 ¹³
3206 1303 3260 1349 et
3292 1294 3465 1348 Eliam

1894 1385 1987 1454 qui
2030 1386 2462 1442 immortalitatis
2493 1390 2812 1459 mysterium
2845 1390 3175 1443 adumbrant
3206 1389 3269 1442 ¹δ.
3299 1388 3466 1443 Crea-

1894 1487 1980 1532 tor
2008 1479 2154 1533 enim
2201 1482 2301 1535 hos
2334 1480 2513 1536 adhuc
2542 1489 2687 1537 tenet
2722 1482 2775 1536 in
2806 1497 3054 1552 corpore,
3085 1492 3335 1536 naturam
3374 1496 3469 1535 ex-

199 1565 497 1637 ἁθανασία
528 1567 743 1638 δέχεται
766 1569 1007 1641 ψήφουςο
1043 1574 1138 1625 καὶ
1166 1575 1258 1628 τὸν
1303 1573 1473 1645 Ἐνὼχ
1505 1575 1669 1645 ἔχεις,
1706 1577 1794 1631 ναὶ

1901 1572 2162 1625 solantem
2191 1575 2504 1637 consolans,
2528 1575 2620 1644 qui
2645 1575 2810 1628 etiam
2838 1587 2957 1645 post
2979 1577 3233 1630 exsilium
3263 1575 3462 1629 iterum

194 1661 279 1732 δὴ
308 1662 405 1716 καὶ
442 1662 533 1716 τὸν
575 1664 783 1730 Ἠλίαν,
813 1665 876 1718 τὸ
914 1666 1012 1736 τῆς
1041 1667 1343 1733 ἀθανασίας
1389 1672 1795 1741 σκιαγραφοῦν-

1901 1664 2291 1719 immortalitati
2324 1667 2394 1721 sit
2439 1667 2587 1720 illam
2611 1669 2988 1722 restituturus.
3019 1667 3181 1738 Lapsi
3212 1672 3459 1738 parentis

194 1769 320 1816 τας
358 1756 679 1826 μυστήριον.
716 1757 953 1829 Κατέχει
999 1758 1108 1831 γὰρ
1137 1759 1359 1824 τούτους
1384 1763 1412 1814 ό
1448 1761 1701 1829 Πλάστης
1736 1765 1792 1816 ὲν

1901 1772 2016 1826 quae
2055 1759 2277 1827 irrepsit
2319 1759 2644 1824 mortalitas,
2677 1775 2785 1813 non
2817 1760 3096 1829 peccantis
3131 1760 3223 1815 lilii
3272 1761 3324 1814 in
3375 1776 3466 1815 so-

201 1843 472 1916 σώμάτι,
523 1847 868 1918 ψυχαγωγῶν
908 1851 1008 1920 τὴν
1049 1854 1327 1924 ἐξόριστον
1379 1854 1539 1924 φύσιν
1577 1855 1650 1918 ὡς
1696 1857 1791 1909 καὶ

1901 1850 2158 1906 Iutionem
2188 1853 2393 1924 indiget
2423 1854 2710 1923 supplicio,
2731 1871 2892 1925 quem
2927 1866 3241 1925 exspectare
3270 1864 3463 1909 natura

203 1940 362 2009 μετά
393 1941 493 2013 τὴν
543 1941 832 2015 ὑπερόριον
882 1946 1060 2016 φυγὴν
1092 1947 1252 2001 πάλιν
1283 1950 1362 2012 είς
1396 1950 1495 2020 τὴν
1521 1948 1789 2003 ἀθάνατον

1901 1957 1996 2012 per
2027 1942 2211 1998 Enoch
2252 1954 2305 1999 et
2354 1944 2525 1998 Eliam
2562 1954 2718 2000 antea
2760 1947 3065 2001 consuevit.
3123 1944 3199 2001 Te
3248 1947 3464 2000 volente

198 2032 561 2101 ὲπαναγάγοι
619 2035 917 2092 πολιτείαν.
992 2037 1053 2091 Ἦ
1114 2040 1531 2107 διαπταίσαντος
1584 2046 1788 2115 πατρὸς

199 2122 617 2179 ἐπεισελθοῦσα
670 2126 965 2198 θνητότης,
1029 2130 1417 2204 ἀναμαρτήτου
1479 2136 1667 2199 παιδὸς
1710 2139 1791 2200 εἰς

196 2215 461 2271 διάλυσιν
494 2218 668 2273 ἐδεῖτο
702 2222 803 2293 τῆς
831 2223 1126 2295 τιμωρίας,
1159 2224 1218 2278 ὃν
1245 2227 1538 2297 ἀναμένειν
1566 2231 1599 2299 ἡ
1632 2230 1793 2298 φύσις

198 2309 309 2363 διά
336 2328 398 2364 τε
443 2311 613 2385 Ἑνὼχ
651 2315 746 2367 καὶ
801 2315 981 2369 Ἠλίου
1015 2317 1379 2391 διδασκομένη
1428 2322 1791 2390 προειθίξετο.

204 2409 345 2464 Ὅτι
395 2408 490 2462 σοῦ
551 2409 939 2482 βουληθέντος,
1000 2414 1102 2467 οὐκ
1162 2414 1500 2486 ἀποθνήσκει
1558 2417 1790 2489 θνητὸς,

219 2500 402 2569 Ἑνὼχ
431 2500 500 2568 μὲ
530 2500 622 2553 καὶ
674 2500 858 2564 Ἠλίας
887 2501 1199 2557 διδάσκουσι
1218 2519 1235 2535 ο
1266 2505 1359 2558 καὶ
1387 2506 1584 2574 γένοιτ’
1612 2506 1678 2560 ἂν
1722 2508 1790 2560 δι’

204 2591 399 2645 αὐτῶν
434 2591 736 2657 ἀθανασίας
771 2594 950 2659 ἐλπὶς,
982 2598 1097 2659 τοῖς
1145 2595 1298 2651 οὔπω
1326 2598 1540 2671 θανάτῳ
1588 2617 1789 2670 προσο-

209 2684 535 2757 μιλήσασιν.
574 2688 810 2759 Νεκροῖς
838 2689 895 2743 δὲ
932 2690 1055 2744 τίνα
1089 2691 1155 2745 ἂν
1193 2693 1527 2766 παράσχοιεν
1551 2695 1599 2747 οἱ
1625 2697 1791 2765 μήπω

1902 2050 2008 2089 non
2057 2035 2290 2090 moritur
2320 2037 2567 2091 mortalis
2591 2077 2606 2101 ,
2639 2046 2699 2092 ut
2740 2036 2923 2093 Enoch
2954 2049 3007 2092 et
3040 2039 3187 2093 Elias
3235 2054 3320 2093 me
3362 2039 3461 2092 do-

1899 2131 2044 2187 cent,
2079 2135 2132 2178 et
2171 2141 2265 2195 per
2295 2126 2418 2181 illos
2467 2127 2918 2182 resurrectionem
2973 2142 3278 2198 speramus,
3335 2128 3463 2197 quia

1895 2217 2138 2271 nondum
2170 2220 2371 2272 mortui
2421 2230 2569 2275 sunt.
2600 2217 2797 2274 Mortui
2849 2234 2999 2284 vero,
3032 2236 3217 2289 quam,
3253 2236 3460 2289 quasso,

1894 2311 2171 2381 praebeant
2204 2315 2663 2382 exspectationem
2706 2315 3125 2370 resurrectionis
3152 2315 3186 2368 ii
3209 2314 3300 2384 qui
3322 2330 3462 2367 non-

1896 2405 2024 2457 dum
2062 2407 2264 2458 mortui
2311 2407 2481 2461 sunt?
2514 2405 2617 2461 Sed
2642 2407 2690 2462 ei
2726 2407 2851 2476 quis
2907 2423 2936 2461 a
2982 2408 3214 2461 mortuis
3258 2406 3451 2460 excita-

1898 2505 1987 2553 tus
2018 2500 2068 2552 in
2114 2499 2255 2554 ccelo
2306 2508 2514 2570 regnat,
2552 2499 2640 2553 ille
2673 2500 2929 2554 omnibus
2966 2499 3280 2554 hominibus
3339 2513 3461 2553 cer-

1899 2598 2012 2644 tum
2044 2592 2470 2647 immortalitatis
2519 2593 2843 2647 beneﬁcium
2891 2594 3002 2647 dat.
3066 2592 3191 2647 Ideo
3250 2601 3461 2647 naturae

1899 2682 2096 2737 format
2132 2683 2274 2740 Deus
2310 2686 2743 2745 immortalitatis
2792 2701 2821 2740 e
2876 2698 3074 2741 natura
3132 2686 3347 2751 faciem,
3408 2694 3462 2740 et

206 2777 475 2843 θανόντες
528 2781 858 2852 προσδοκίαν
919 2784 1307 2854 ἀναϐιώσεως;
1371 2787 1511 2841 Ἀλλ’
1571 2789 1666 2842 ὲάν
1711 2806 1796 2850 τις

1901 2778 2134 2831 ostendit
2188 2793 2353 2847 supra
2394 2789 2649 2834 naturam
2697 2795 2727 2835 e
2757 2790 2947 2834 natura
3000 2789 3207 2834 naturae
3238 2778 3459 2835 ducem.

206 2871 284 2923 ὲκ
323 2869 535 2941 νεκρῶν
576 2874 817 2936 ἀναστὰς
847 2873 905 2927 ἐν
951 2875 1169 2947 ούρανῷ
1198 2876 1495 2951 βασιλεύῃ,
1536 2873 1692 2943 οὗτος
1719 2880 1794 2950 τῷ

1901 2868 1997 2935 Qui
2025 2882 2255 2925 mortem
2276 2873 2533 2940 gustavit,
2564 2872 2615 2925 in
2639 2872 2778 2927 cmlo
2810 2888 2838 2926 a
2869 2873 3103 2928 mortuis
3136 2874 3455 2940 collocatur,

206 2963 337 3034 ἐμῷ
373 2965 537 3019 παντὶ
574 2966 720 3033 γένει
754 2966 816 3020 τὸ
836 2969 935 3039 τῆς
964 2969 1267 3037 ἀθανασίας
1300 2972 1671 3041 ἀναμφίόολον
1696 2972 1797 3025 δῶ-

1901 2973 1957 3016 υι
1988 2978 2016 3016 e
2043 2963 2203 3017 terris
2232 2971 2423 3016 natura
2471 2963 2537 3018 ad
2583 2979 2707 3018 eum
2739 2965 2831 3034 qui
2874 2965 2925 3017 in
2970 2965 3121 3019 coelis
3153 2974 3237 3020 est
3287 2967 3462 3035 respi-

211 3074 315 3126 ρον
365 3058 685 3129 παρέχεται.
740 3060 839 3115 Διά
879 3060 1039 3115 τοῦτο
1082 3063 1309 3117 πλάττει
1357 3066 1423 3135 τῇ
1458 3064 1618 3133 φύσει
1659 3064 1791 3128 Θεὸς

1901 3057 2072 3119 ciens,
2109 3053 2245 3108 nihil
2277 3055 2341 3108 de
2374 3055 2786 3110 immortalitate
2831 3056 3131 3121 addubitet,
3161 3056 3349 3113 videns
3376 3073 3461 3111 re-

208 3149 524 3215 ἀθανασίας
558 3153 622 3205 ἐκ
654 3153 754 3224 τῆς
787 3153 1003 3222 φύσεως
1045 3155 1357 3227 πρόσωπον,
1385 3158 1484 3210 καὶ
1521 3158 1792 3211 δείκνυσιν

1901 3161 2013 3217 gem
2058 3147 2109 3199 in
2137 3157 2395 3201 aeternum
2431 3147 2484 3201 in
2512 3148 2666 3202 caelis
2694 3163 2723 3201 e
2754 3164 2812 3202 se
2833 3158 3018 3203 natum
3047 3164 3295 3218 regnare.
3325 3149 3460 3215 Quis

211 3242 360 3313 ὑπὲρ
394 3243 556 3312 φύσιν
586 3247 650 3299 ὲκ
685 3246 785 3315 τῆς
825 3246 1039 3316 φύσεως
1072 3251 1386 3322 προστάτην
1418 3250 1519 3322 τῆς
1553 3252 1789 3320 φύσεως.

1901 3238 2166 3307 potentias
2200 3235 2413 3292 Domini
2440 3239 2756 3292 enarrabit?
2780 3239 2986 3309 Regnat
3021 3255 3146 3293 cum
3180 3240 3461 3294 divinitate

225 3335 293 3390 ’0
321 3335 552 3390 θανάτου
594 3340 934 3410 γευσάμενος
971 3343 1029 3393 ὲν
1057 3342 1305 3413 οὐρανοῖς
1354 3344 1418 3397 ἐκ
1457 3344 1668 3414 νεκρῶν
1704 3346 1793 3396 ὲν-

1901 3340 2111 3387 natura,
2145 3342 2267 3395 qua:
2293 3328 2443 3395 prius
2488 3329 2539 3381 in
2566 3328 2823 3397 paradiso
2851 3345 2950 3382 nec
2977 3330 3215 3384 divinam
3267 3345 3455 3385 vocem

214 3430 565 3500 θρονίζεταιο
614 3432 690 3495 ὡς
729 3432 795 3486 ἂν
838 3436 1086 3488 κάτωθεν
1128 3439 1160 3506 ή
1214 3437 1376 3503 φύσις
1418 3437 1556 3506 πρὸς
1598 3436 1685 3488 τὸν
1736 3437 1794 3487 ὲν

1901 3422 2086 3474 audire
2116 3422 2398 3485 sustinuit,
2442 3421 2535 3475 sed
2560 3437 2667 3490 prae
2696 3422 2892 3476 timore
2932 3421 3087 3492 fugit,
3112 3436 3166 3478 et
3202 3439 3322 3479 sese
3360 3440 3458 3479 oc-

213 3521 472 3591 ούρανοῖς
538 3522 898 3589 ἀτενίζουσα,
965 3526 1132 3595 μηδὲν
1202 3526 1522 3597 ὲπιδιστάξῃ
1601 3525 1796 3597 ίὲπιδι·

1901 3512 2139 3568 cultavit.
2170 3510 2214 3567 Ο
2263 3511 2356 3567 Dei
2387 3528 2515 3583 erga
2565 3529 2652 3568 me
2685 3515 2981 3568 bonitatem
3011 3517 3023 3569 !
3053 3514 3169 3570 Non
3212 3516 3461 3571 meminit

221 3612 432 3682 στάζη,
464 3615 538 3669 Μ.
572 3614 675 3686 Μ.]
706 3618 770 3687 τῇ
818 3616 1119 3688 ἀθανασίᾳ,
1154 3618 1247 3671 τὸν
1289 3618 1350 3683 ἐξ
1391 3618 1562 3688 αὐτῆς
1609 3618 1795 3683 ἀῖδῐως

1901 3605 2383 3673 transgressionis,
2434 3620 2541 3659 non
2576 3607 2898 3661 recordatur
2946 3607 3090 3676 pacti
3136 3608 3279 3678 quod
3333 3623 3459 3663 cum

217 3705 283 3755 ὲν
314 3703 563 3774 οὐρανοῖς
602 3703 873 3775 βλέπουσα
908 3705 1284 3775 βασιλεύοντα.
1316 3709 1411 3771 Τίς
1443 3709 1668 3780 λαλήσει
1697 3708 1796 3772 τὰς

1901 3706 2150 3768 serpente
2177 3698 2377 3753 malum
2414 3699 2739 3770 pepigimus,
2772 3700 3221 3771 ingratitudinem
3282 3689 3461 3754 homi—

219 3795 547 3860 δυναστείας
578 3797 831 3867 Κυρίου;
864 3799 1257 3869 Συμόασιλεύει
1291 3801 1519 3871 Θεότητι
1549 3801 1729 3871 φύσις,
1762 3802 1793 3872 ἡ

1901 3807 2023 3846 num
2051 3806 2158 3845 non
2192 3800 2426 3861 reputat,
2453 3793 2668 3862 lapsum
2729 3801 2939 3847 natura:
2999 3807 3109 3847 non
3166 3792 3457 3859 erubescit,

224 3887 357 3957 πρὶν
380 3887 437 3938 ὲν
469 3887 784 3959 παραδείσῳ
817 3890 954 3960 μηδὲ
981 3892 1081 3960 τῆς
1111 3892 1261 3955 θείας
1286 3892 1471 3963 φωνῆς
1498 3893 1596 3964 τὴν
1623 3893 1795 3962 ἀκοὴν

1901 3884 1990 3940 sed
2033 3883 2087 3938 in
2116 3883 2375 3939 barathro
2402 3885 2592 3939 mortis
2619 3886 2915 3954 iacentem,
2952 3885 3005 3939 in
3040 3885 3173 3955 ipsis
3210 3886 3461 3954 impieta-

226 3978 515 4046 στέγουσα,
547 3978 682 4031 ἀλλά
709 3978 789 4048 τῷ
819 3979 972 4051 φόϐῳ
1004 3980 1412 4051 δραπετεύουσα
1441 3983 1536 4036 καὶ
1562 3998 1798 4053 κρυπτο-

1901 3976 1968 4031 tis
1998 3975 2175 4047 adytis
2204 3976 2591 4046 complectitur
2638 3976 3094 4031 inenarrabilibus
3144 3976 3349 4031 amoris
3379 3977 3462 4031 di-

228 4071 389 4143 μένη.
422 4072 486 4124 Ὢ
510 4072 611 4141 τῆς
644 4072 775 4143 περὶ
801 4072 901 4142 ἐμὲ
933 4074 1318 4145 χρηστότητος.
1354 4075 1428 4127 Οὐ
1469 4074 1797 4146 μνημονεύει

1901 4069 2065 4136 vitiis,
2113 4080 2168 4125 et
2205 4068 2355 4123 illam
2405 4084 2473 4124 ex
2530 4067 2829 4125 inferorum
2875 4069 3243 4136 penetralibus
3297 4077 3463 4122 retra-

224 4164 325 4233 τῆς
353 4164 751 4235 παραϐάσεως,
796 4166 857 4217 ού
894 4169 1226 4235 μνησικακεῖ
1253 4166 1349 4219 τοῦ
1390 4167 1527 4237 πρὸς
1554 4168 1645 4220 τὸν
1676 4167 1798 4236 ὅφιν

1901 4162 2055 4225 hens,
2105 4176 2213 4215 una
2265 4176 2387 4215 cum
2415 4161 2699 4216 divinitate
2732 4176 2831 4216 sua
2868 4161 3095 4217 Creator
3148 4172 3458 4216 creaturam

230 4253 595 4324 συνθήματος,
651 4253 745 4307 τοῦ
776 4256 971 4324 γένους
1006 4254 1104 4325 τὴν
1131 4256 1524 4326 ἀγνωμοσύνην
1564 4257 1623 4309 ού
1652 4256 1798 4325 λογί-

1901 4255 2137 4317 elevans,
2161 4262 2387 4323 paterno
2415 4253 2557 4307 sinui
2589 4253 2871 4322 imposuit.
2906 4254 3030 4308 Ideo
3088 4253 3302 4308 Paulus
3346 4254 3462 4308 cla-

229 4345 406 4408 ζεται,
431 4345 528 4415 τὴν
560 4344 769 4398 πτῶσιν
801 4345 903 4399 οὐκ
926 4344 1243 4418 ὲπῃσχύνθη
1272 4347 1372 4415 τῆς
1402 4346 1647 4415 φύσεωςο
1682 4347 1797 4401 ἀλλ’

1901 4357 2012 4401 mat
2039 4366 2052 4401 :
2087 4345 2558 4413 Conresuscitavit,
2591 4356 2640 4400 et
2668 4348 2943 4401 consedere
2965 4362 3057 4400 nos
3087 4346 3205 4415 fecit
3237 4336 3461 4398 in'caele-

232 4438 289 4489 ἐν
317 4437 499 4499 αὐτοῖς
533 4440 645 4499 τοῖς
686 4436 779 4490 τοῦ
811 4438 1040 4491 θανάτου
1076 4439 1350 4508 κειμένοις
1378 4437 1693 4509 βαράθροις,
1738 4440 1795 4491 ὲν
1901 4440 2067 4493 stibua
2105 4441 2169 4494 ".

232 4529 412 4592 αὐτοῖς
435 4531 547 4592 τοῖς
574 4529 676 4598 τῆς
704 4530 964 4594 ἀσεϐείας
1022 4530 1235 4594 ἀδύτοις
1286 4529 1706 4603 περιδράττεται
1760 4532 1966 4603 ταύτης
2009 4534 2231 4604 ἀρρήτῳ
2264 4532 2673 4603 φιλανθρωπίας
2733 4531 2969 4603 πλούτῳ,
3003 4530 3231 4586 καὶτῶν
3277 4547 3463 4602 μυχων

232 4625 434 4693 ταύτην
455 4625 779 4690 ἀνασπάσας
806 4625 897 4679 τοῦ
960 4626 1110 4697 ᾅδου,
1151 4626 1537 4696 συνανυψώσας
1604 4627 1768 4681 αὐτοῦ
1801 4631 1865 4699 τῇ
1907 4627 2122 4700 θεότητι
2174 4629 2202 4681 ό
2260 4628 2643 4699 Πλαστουργὸς
2703 4628 2765 4682 τὸ
2829 4627 3298 4699 πλαστούργημα,
3349 4627 3464 4690 τοῖς

234 4720 517 4786 πατρικοῖς
562 4717 787 4783 κόλποις
831 4719 1097 4790 ἐνίδρυσε.
1133 4718 1233 4773 Διά
1278 4718 1436 4773 τοῦτο
1476 4720 1572 4774 καὶ
1627 4719 1841 4785 Παῦλος
1877 4720 2004 4774 ὲόόα
2034 4736 2051 4754 ⁸
2094 4721 2413 4793 Συνήγειρε
2464 4722 2563 4778 καὶ
2609 4721 3010 4778 συνεκάθισεν
3042 4720 3200 4793 ἡμᾶς
3246 4721 3464 4789 ἐντοῖς

236 4808 625 4877 ἐπουρανίοις.

306 4964 327 4995 ⁸
360 4963 493 5017 Gen.
542 4981 577 5026 ι,
617 4964 707 5019 ‘20.
806 4967 849 4997 ¹⁰
883 4966 1043 5022 Num.
1089 4982 1223 5032 χχιι,
1259 4966 1347 5022 9.8.
1429 4968 1465 5000 “
1509 4966 1643 5033 Gen,
1720 4983 1799 5034 Ill,
1852 4967 1901 5023 ἰ.

244 5032 324 5088 Η.
404 5036 447 5065 ⁸⁵
478 5034 675 5104 Epltes.
718 5053 775 5099 ll,
813 5039 864 5092 ti.

2012 4967 2053 4997 "
2089 4964 2220 5021 Luc.
2264 4982 2304 5031 ι,
2339 4967 2427 5021 50.
2539 4967 2581 4999 ¹³
2616 4965 2751 5021 Gen.
2783 4983 2835 5031 ν,
2858 4966 2948 5021 ΞΜ.
3029 4965 3069 4996 ”
3111 4963 3171 5017 ιν
3202 4964 3333 5035 Reg.
3397 4978 3459 5029 tt,
