4024 6218
354 388 431 458 :5
1570 400 1877 465 NOTITIA
1912 405 1991 463 IN
2030 405 2093 465 s.
2129 406 2396 469 NILUM.
3530 413 3603 486 26

380 546 3603 583 mw

1421 708 1926 797 NOTITIA

2061 713 2557 801 ALTERA.
2660 748 2665 751 ί

1051 899 1173 961 (Leo
1204 899 1458 961 Anu-nus,
1491 897 1711 950 Diatriba
1733 901 1791 952 tle
1817 897 1966 959 Nilis,
1986 903 2044 949 ad
2068 903 2252 951 calcem
2276 901 2601 964 Epistolarum
2625 902 2743 966 Nili,
2766 920 2813 967 p.
2837 907 2910 969 7.)

672 1190 829 1247 Nilus
851 1194 1109 1261 eparchus
1138 1195 1772 1265 Constantinopolitanus,
1796 1213 1860 1252 ea:
1889 1197 2112 1265 eparcho
2135 1195 2421 1249 monachus
2454 1206 2500 1249 et
2525 1204 2701 1249 asceta
2724 1212 2840 1250 cum
2878 1195 3140 1254 Theodulo
3166 1201 3298 1268 filio.

432 1328 538 1384 Sed
567 1328 727 1384 adest
772 1329 884 1399 jam
917 1329 1077 1386 Nilus
1126 1340 1317 1388 noster
1356 1335 1551 1388 Aucela
1575 1374 1590 1399 ,
1630 1335 1792 1404 cujus
1824 1350 1940 1389 me-

358 1422 525 1475 minit
586 1417 933 1490 Nicephorus
997 1421 1267 1478 Callistus
1331 1422 1475 1477 Hist.
1547 1425 1916 1479 ecclesiastica:

362 1512 403 1565 Ι.
431 1527 556 1577 xiv,
594 1526 645 1567 c.
685 1511 774 1575 54,
810 1512 1047 1579 virtute,
1096 1512 1392 1577 doctrina,
1429 1525 1592 1585 atque
1629 1515 1939 1585 eloquentia

368 1603 836 1671 prastantissimi,
875 1619 1036 1674 quem
1073 1603 1305 1661 Michael
1347 1605 1600 1661 Neander
1630 1608 1787 1676 quasi
1818 1607 1941 1661 nul—

371 1694 478 1749 lius
506 1695 661 1763 pretii
699 1695 979 1749 hominem
1019 1697 1301 1766 quemdam
1339 1706 1519 1752 vocat.
1572 1696 1937 1767 blenologium

364 1782 699 1839 Basilianum
765 1784 1115 1841 bibliotheca
1176 1784 1456 1842 Vaticana:
1521 1787 1589 1841 14
1647 1786 1935 1841 Januarii:

368 1876 629 1945 ’Δθλησις
678 1876 787 1930 τῶν
839 1877 1005 1931 ὁσίων
1044 1877 1304 1949 Πατέρων
1338 1878 1496 1950 ἡμῶν
1538 1878 1649 1933 τῶν
1702 1879 1761 1931 ὲν
1809 1878 1940 1948 Σινᾷ

360 1966 926 2037 δρειτελειωθὲντων.
975 1968 1110 2022 Ἀπὸ
1155 1969 1432 2041 διαφόρων
1470 1970 1651 2023 τόπων
1697 1970 1791 2023 καὶ
1833 1988 1940 2039 χω-

366 2057 501 2127 ρίων
536 2059 587 2111 οἱ
614 2060 761 2127 ᾰγιοι
784 2052 930 2112 οὗτοι
956 2059 1297 2129 ὑπάρχοντες
1335 2062 1555 2131 ἀφῆκαν
1586 2061 1677 2114 τὸν
1713 2061 1937 2130 κόσμον,

366 2148 464 2202 καὶ
492 2152 795 2217 συγγενεῖς,
825 2150 921 2202 καὶ
949 2149 1200 2214 πλοῦτον,
1225 2151 1323 2205 καὶ
1345 2152 1589 2218 ἀπῆλθον
1630 2154 1689 2205 ὲν
1717 2150 1794 2221 τῷ
1822 2152 1940 2222 ὄρει

365 2238 447 2307 τῷ
488 2239 617 2309 Σινᾷ
639 2279 653 2300 ,
689 2241 783 2292 καὶ
827 2239 1075 2307 ἐγένοντο
1108 2242 1367 2310 μοναχοὶ,
1416 2242 1758 2305 δουλεύοντες
1792 2242 1940 2313 μόνῳ

372 2329 456 2399 τῷ
480 2330 620 2398 Θεῷ,
651 2331 746 2383 καὶ
762 2332 1081 2400 τρεφόμενοι
1112 2331 1216 2384 ὑπὸ
1246 2331 1485 2402 βοτανῶν
1511 2335 1738 2405 ἀγρίων.
1786 2334 1940 2388 Μετὰ

372 2417 588 2472 τούτων
613 2419 671 2472 δὲ
701 2419 871 2487 ἁγίων
895 2417 959 2491 ἦν
980 2422 1076 2475 καὶ
1107 2424 1135 2475 ὀ
1170 2423 1324 2489 ἅγιος
1354 2423 1563 2486 Νεῖλος,
1591 2426 1619 2477 ὁ
1651 2425 1941 2495 γενόμενος

371 2507 616 2579 ἔπαρχος
666 2511 1291 2575 Κωνσταντινουπόλεως
1317 2552 1333 2577 ,
1389 2514 1526 2585 ἀνὴρ
1594 2516 1789 2585 σοφὸς,
1846 2516 1942 2569 καὶ

371 2600 644 2671 εὐλαϐήςθ
689 2602 826 2655 ἀλλὰ
869 2603 966 2657 καὶ
1009 2603 1172 2667 αὐτὸς
1218 2604 1306 2658 διὰ
1346 2606 1435 2657 τὸν
1483 2606 1718 2676 Χριστὸν
1765 2608 1944 2677 ἀφῆκε

373 2691 467 2744 καὶ
495 2692 596 2762 τὴν
638 2692 829 2756 δόξαν,
868 2694 963 2747 καὶ
1007 2694 1102 2747 τὸν
1140 2694 1403 2756 πλοῦτον.
1456 2697 1547 2749 καὶ
1593 2698 1811 2765 ἐγένετο
1865 2692 1947 2761 εἷς

374 2781 481 2833 τῶν
514 2782 750 2852 πτωχῶν
798 2783 1068 2854 μοπχῶν.
1127 2783 1268 2837 Ἀλλ’
1309 2787 1337 2837 ὁ
1381 2785 1628 2849 διάϐολος
1675 2786 1945 2857 φθονήσας

373 2870 615 2942 διήγειρε
657 2873 718 2924 τὸ
762 2873 956 2942 ἄγριον
989 2872 1140 2935 ἔθνος
1180 2873 1289 2928 τῶν
1329 2874 1634 2945 Βλεμμύων
1669 2876 1809 2930 κατὰ
1838 2878 1947 2932 τῶν

377 2962 545 3029 ἁγίων
596 2963 857 3034 Πατέρων
885 2979 899 2994 ο
948 2958 1094 3019 οὗτοι
1143 2964 1199 3018 δέ
1246 2966 1384 3019 εἰσιν
1442 2967 1492 3018 οἱ
1540 2967 1647 3020 ἀπὸ
1691 2968 1948 3039 Ἀραϐίας

374 3053 480 3116 ἕως
500 3053 779 3121 Αἰγύπτου
807 3055 1191 3118 κατοικοῦντες
1212 3056 1312 3126 τὴν
1347 3056 1622 3111 θάλασσαν
1656 3058 1946 3129 Ἐρυθρὰν,

375 3146 474 3198 καὶ
517 3145 826 3210 ἐλπίζοντες
868 3146 1052 3218 εὑρεῖν
1110 3146 1335 3200 πλοῦτον
1388 3144 1552 3217 ἦλθον
1617 3150 1947 3219 κουρσεῦσαι

374 3232 504 3294 τοὺς
547 3233 845 3302 Μοναχούς.
894 3233 983 3295 Ὦς
1030 3234 1086 3287 δὲ
1139 3234 1290 3289 οὐδὲν
1326 3229 1518 3307 εὗρον,
1569 3239 1616 3291 εί
1650 3240 1726 3309 μὴ
1754 3239 1948 3308 ψιάθια

380 3322 542 3391 μόνα,
574 3323 666 3374 καὶ
697 3324 823 3385 τοὺς
850 3324 1040 3392 ἁγίους
1068 3325 1283 3396 τρίχινα
1310 3327 1628 3397 φοροῦντας,
1660 3329 1752 3382 καὶ
1777 3330 1949 3394 οὕτως

373 3413 787 3484 ἐτελειώθησαν.
807 3412 1085 3470 Certamen
1136 3428 1443 3472 sanctorum
1476 3420 1701 3473 Patrum
1740 3432 1950 3475 nostro-

374 3522 515 3569 rum,
552 3506 644 3573 qui
673 3505 727 3557 in
761 3514 934 3560 monte
958 3506 1089 3561 Sina
1121 3508 1277 3577 finem
1313 3526 1423 3563 sua?
1451 3512 1566 3563 vita:
1596 3512 1773 3564 sortiti
1805 3521 1947 3565 sunt.

374 3601 461 3652 Ea:
482 3598 710 3651 diuersis
738 3598 957 3651 urbibus
986 3608 1037 3651 et
1063 3600 1270 3667 oppidis
1297 3617 1414 3653 cum
1438 3613 1606 3655 essent
1632 3603 1709 3667 hi,
1732 3602 1948 3668 mundo,

376 3688 712 3755 parentibus,
766 3697 816 3741 et
844 3688 1046 3743 divitiis
1078 3691 1419 3757 renuntiatis,
1451 3708 1570 3745 cum
1597 3694 1952 3759 pervenissent

379 3780 447 3832 ad
477 3791 709 3833 montem
754 3777 931 3845 Sinai,
964 3781 1208 3834 monachi
1243 3781 1416 3850 effecti
1437 3792 1584 3848 sunt,
1621 3793 1668 3838 et
1709 3784 1811 3837 soli
1842 3785 1949 3839 Deo

378 3872 775 3935 inserviebam,
828 3871 1001 3925 herbis
1032 3873 1363 3927 silvestribus
1410 3876 1573 3928 vitam
1608 3878 1947 3929 sustinentes.

382 3962 517 4015 Cum
548 3964 630 4016 his
661 3965 862 4017 sanctis
889 3964 1052 4018 vitam
1084 3965 1304 4019 ducebat
1332 3964 1514 4019 beatus
1549 3964 1712 4019 Nilus
1742 3968 1794 4019 in
1827 3966 1952 4019 urbe

392 4049 976 4121 Constantinopolitano
1002 4054 1270 4125 quondam
1315 4054 1594 4122 eparchus,
1632 4055 1710 4108 vir
1739 4056 1949 4120 doctus,

395 4152 445 4195 et
469 4143 525 4195 in
558 4142 710 4197 Deum
737 4145 1033 4212 piissimus.
1066 4143 1201 4211 Quin
1224 4156 1272 4200 et
1296 4146 1405 4215 ipse
1426 4155 1635 4215 propter
1656 4146 1950 4213 Christum,

401 4243 451 4286 et
483 4235 671 4303 gloria,
703 4248 747 4290 et
780 4237 988 4291 diuitiis
1022 4237 1262 4293 dimissis
1290 4242 1736 4308 pauperculorum
1767 4258 1953 4296 mona-

390 4326 604 4380 chorum
622 4328 860 4382 habitum
891 4329 1087 4384 induit.
1131 4318 1501 4386 Verumtamen
1546 4334 1793 4388 diabolus
1821 4335 1955 4388 invi-

382 4415 566 4471 dentia
614 4428 784 4473 tortus
811 4421 1098 4473 immanem
1139 4419 1505 4492 Blemmgdum
1536 4434 1740 4493 gentem
1769 4426 1952 4479 conci-

379 4510 512 4562 tas-it
559 4520 744 4562 contra
797 4519 1010 4566 sanctos
1056 4510 1267 4565 Patres.
1328 4512 1662 4584 Blemmydes
1713 4524 1836 4569 sunt
1888 4517 1953 4569 ab

378 4602 591 4654 Arabia
626 4617 785 4670 usque
818 4602 1111 4673 Ai'gyptum
1142 4605 1312 4658 maris
1358 4604 1525 4659 Rubri
1580 4606 1774 4660 accola»
1802 4647 1818 4672 ,
1866 4608 1957 4676 qui

377 4693 702 4746 diuitiarum
753 4698 1136 4763 exspectatione
1179 4697 1337 4751 erecti
1390 4702 1459 4749 ad
1488 4696 1814 4767 diripiendos
1844 4715 1956 4754 mo-

379 4784 585 4837 nachos
612 4787 1037 4855 progressisunt.
1076 4786 1209 4842 Cum
1245 4803 1363 4843 vero
1392 4787 1524 4841 uiltil
1547 4790 1775 4859 amplius
1808 4806 1956 4845 com-

378 4876 839 4943 perissent,qnam
868 4878 1147 4946 tegeticula
1175 4893 1238 4931 ex
1258 4878 1444 4945 junco,
1476 4892 1790 4950 sanctosque
1815 4882 1955 4951 ipsos

379 4979 452 5018 ex
503 4965 626 5030 pilis
676 4965 937 5033 confectis
998 4966 1320 5020 indumentis
1396 4968 1846 5037 circumvestitos,
1902 4972 1957 5024 in

382 5055 590 5110 rabiem
634 5058 769 5110 versi
802 5073 891 5112 eos
921 5058 1091 5127 culpte
1136 5068 1371 5113 exsortes
1397 5062 1857 5118 contrucidarunt.
1888 5061 1954 5116 Et

380 5152 466 5205 sic
513 5151 631 5205 vitae
671 5151 831 5219 ﬁnem
875 5167 1115 5220 posuere.
1165 5150 1344 5223 Supra
1393 5153 1648 5210 laudatus
1686 5155 1954 5211 Callixtus

381 5246 511 5299 loco
549 5244 732 5300 dicto:
773 5242 866 5314 Τῷ
896 5242 954 5295 δὲ
994 5242 1268 5315 θεσπεσίῳ
1320 5245 1498 5316 Νείλῳ
1533 5248 1729 5318 πατρὶς
1778 5249 1811 5319 ἡ
1855 5250 1955 5318 τῆς

377 5333 797 5388 Κωνσταντίνου
832 5332 1095 5403 ἐτύγχανε
1124 5334 1279 5397 πόλις
1306 5373 1319 5398 ,
1364 5330 1436 5407 ἧς
1471 5335 1550 5406 τῷ
1587 5338 1827 5407 περιόντι
1857 5341 1956 5410 τῆς

377 5424 709 5493 εὐγενείας,
771 5426 866 5477 καὶ
926 5423 1164 5495 ἔπαρχος
1230 5426 1586 5497 ἐχρημάτισε.
1629 5428 1850 5499 Πλούτῳ
1900 5430 1954 5482 δὲ

378 5517 579 5588 βαθεῖ,
612 5516 710 5569 καὶ
740 5514 1024 5587 δυναστείᾳ
1054 5518 1471 5588 περιρρεόμενος
1491 5518 1799 5589 ἀσκητικὴν
1825 5522 1951 5571 ἀντ-

382 5610 681 5681 ηλλάττετο
734 5607 972 5676 ἀγωγήν.
1026 5607 1356 5664 Admiranda
1414 5609 1539 5663 Nilo
1578 5614 1756 5677 patria
1809 5608 1953 5665 Con-

384 5697 769 5765 stantinopolis
815 5695 953 5764 fuit,
1013 5698 1163 5766 cujus
1215 5700 1374 5753 etiam
1420 5710 1630 5769 propter
1684 5702 1949 5770 egregiam

385 5793 590 5854 ueneris
629 5787 953 5845 nobilitatem
978 5788 1255 5857 praefectus
1288 5791 1407 5859 fuit.
1447 5791 1715 5858 Potentia,
1746 5801 1796 5847 et
1831 5793 1944 5861 cpio

2041 1332 2136 1386 bus
2166 1334 2402 1403 affluens,
2432 1334 2716 1387 asceticam
2740 1334 2850 1388 illis
2871 1337 3107 1404 prtctulit
3136 1338 3323 1390 vitam.
3356 1337 3420 1391 Et
3458 1335 3608 1391 Grae-

2039 1440 2229 1479 corum
2274 1424 2671 1495 Menologium:
2720 1418 2888 1488 Οὗτος
2923 1426 3089 1487 πολὺς
3117 1422 3186 1497 ἦν
3217 1428 3274 1479 ὲν
3306 1426 3481 1495 λόγοις
3514 1426 3608 1479 ἐπὶ

2047 1517 2147 1586 τῆς
2194 1516 2470 1584 βασιλείας
2521 1515 2832 1571 Μαυοικίου
2901 1516 3140 1588 ἔπαρχος
3194 1518 3607 1570 Κωνσταντίνου

2040 1608 2249 1669 πόλεως
2280 1608 2703 1679 γνωριζομενος,
2733 1610 2904 1679 σεμνῇ
2929 1607 2984 1660 δὲ
3022 1608 3240 1673 γυναικὶ
3272 1607 3608 1677 συζευχθεὶς,

2041 1698 2254 1752 καὶδύο
2287 1700 2473 1764 τέκνα,
2523 1699 2690 1770 ἆρρεν
2734 1715 2793 1752 τε
2842 1698 2936 1752 καὶ
2982 1698 3135 1768 θῆλυ,
3170 1698 3473 1763 ἀποτεκὼν,
3506 1699 3607 1769 τὴν

2041 1790 2234 1843 ἑαυτοῦ
2284 1791 2515 1843 πέπεικε
2566 1789 2798 1858 σύζυγον
2843 1788 2942 1860 τὴν
2996 1790 3403 1844 Κωνσταντίνου
3452 1793 3607 1846 πόλιν

2042 1878 2389 1942 καταλιπεῖν,
2444 1879 2539 1932 καὶ
2585 1882 2699 1943 τοῖς
2750 1880 2851 1947 τῆς
2903 1878 3180 1947 Αἰγύπτου
3223 1881 3607 1952 μοναστηρίοις

2041 1968 2502 2039 καταηηνῶσαι,
2547 1967 2873 2040 μερίσασθαι
2918 1986 2978 2022 τε
3024 1968 3094 2021 τὰ
3135 1969 3337 2032 τέκνα,
3380 1969 3475 2021 καὶ
3513 1986 3606 2023 τον

2046 2059 2145 2129 μὲν
2175 2059 2508 2131 παραλαὸεἷν
2532 2059 2625 2112 τὸν
2657 2060 2773 2112 υἱὸν
2802 2058 3111 2121 Θεόδουλον,
3135 2058 3235 2130 τὴν
3264 2059 3318 2111 δὲ
3352 2058 3448 2129 τὴν
3477 2060 3604 2111 ἑαυ-

2041 2151 2140 2220 τῆς
2178 2149 2457 2221 θυγατέρα
2479 2188 2494 2214 ,
2528 2150 2621 2203 nul
2668 2149 2810 2205 οὕτω
2848 2149 3150 2220 ποήσαντες
3192 2148 3481 2217 διέστησαν
3515 2150 3609 2202 ἀπ’

2044 2240 2310 2312 ἀλλήλων,
2355 2242 2448 2294 καὶ
2479 2241 2603 2295 ἐπεὶ
2629 2241 2658 2294 ὁ
2690 2239 2961 2311 μακαρίος
2998 2240 3189 2303 Νεῖλος
3217 2238 3278 2292 τὸ
3307 2239 3434 2310 ὅρος
3473 2240 3610 2309 μετὰ

2040 2332 2138 2385 τοῦ
2188 2331 2306 2384 υίοῦ
2347 2331 2689 2403 κατειληφὼς
2716 2332 2879 2403 συνῆν
2930 2333 3042 2395 τοῖς
3087 2331 3385 2401 Πατράσιν,
3417 2332 3512 2384 καὶ
3544 2330 3613 2383 τὰ

2043 2423 2189 2494 ἑξῆς.
2218 2423 2433 2478 Celeber
2462 2423 2549 2477 hic
2578 2424 2682 2493 fuit
2712 2424 2982 2477 hominum
3025 2423 3351 2476 sermonibus
3380 2460 3395 2485 ,
3447 2423 3612 2490 impe-

2043 2526 2196 2570 rante
2252 2515 2531 2579 Mauritio,
2585 2516 2730 2569 urbis
2778 2514 3384 2580 Constantinopolitante
3430 2512 3613 2580 prwfe-

2045 2616 2200 2662 ctura
2234 2608 2435 2661 clarus.
2499 2607 2606 2673 Qui
2652 2605 3037 2660 honestissima:
3085 2613 3346 2657 matrona:
3394 2602 3612 2672 junctus

2045 2700 2411 2764 matrimonio,
2440 2697 2645 2751 duobus
2684 2711 2749 2751 ex
2802 2696 2899 2749 illa
2939 2696 3197 2764 susceptis
3239 2693 3419 2747 liberis
3469 2710 3614 2746 mare

2044 2801 2093 2845 et
2121 2790 2355 2859 femina,
2406 2790 2563 2843 uxori
2595 2789 2896 2857 persuasit,
2936 2795 2995 2840 ut
3037 2785 3501 2853 Constantinopoli
3534 2799 3615 2837 re-

2048 2880 2174 2933 licta
2208 2880 2264 2932 in
2294 2877 2516 2949 A'Igypti
2562 2876 2886 2931 monasteria
2919 2875 3247 2945 immigraret
3281 2890 3299 2928 :
3330 2875 3615 2945 partitique

2047 2970 2183 3023 inter
2210 2986 2264 3024 se
2316 2969 2544 3035 liberos,
2604 2969 2716 3037 ipse
2768 2966 2976 3038 quidem
3028 2964 3356 3019 Theodulum
3418 2964 3612 3032 filium,

2046 3064 2143 3117 illa
2188 3063 2356 3131 ﬁliam
2397 3077 2548 3115 suam
2577 3059 2918 3114 abducerent.
2953 3057 3073 3124 Quo
3117 3056 3257 3125 facto
3294 3055 3359 3109 ab
3394 3056 3614 3108 invicem

2047 3170 2159 3208 sese
2202 3153 2597 3219 disiunxerunt.
2631 3148 2772 3203 Hinc
2807 3165 2925 3203 cum
2955 3148 3138 3201 beatus
3169 3146 3325 3201 Nilus
3358 3152 3612 3210 occupato

2046 3252 2221 3298 monte
2258 3258 2376 3295 cum
2426 3241 2540 3310 filio
2596 3249 2901 3294 sanctorum
2966 3238 3188 3291 Patrum
3241 3236 3615 3289 consuetudine

2049 3337 2355 3406 frueretur,
2404 3332 2623 3404 quidam
2674 3332 2906 3402 ferarum
2960 3332 3133 3383 instar
3185 3336 3416 3398 repentes
3462 3336 3615 3395 atque

2047 3429 2302 3481 irruentes
2335 3423 2585 3487 Barbari,
2616 3423 2727 3492 ejus
2751 3422 2919 3491 filium
2944 3419 3269 3475 Theodulum
3300 3434 3415 3471 cum
3437 3418 3615 3470 multis

2050 3520 2172 3571 aliis
2201 3517 2464 3585 captivum
2515 3516 2868 3567 abduxerunt.
2910 3510 2975 3565 Et
3024 3510 3470 3581 Martyrologium
3509 3508 3614 3560 Ro-

2050 3624 2315 3663 manum:
2366 3606 2551 3660 Pridie
2602 3604 2729 3658 Idus
2786 3603 3119 3669 Novembris,
3155 3599 3616 3668 Constantinopoli

2052 3699 2109 3753 S.
2151 3698 2266 3752 Nili
2295 3698 2524 3761 abbatis,
2564 3697 2654 3767 qui
2681 3710 2748 3749 ex
2773 3696 3018 3764 prtefecto
3056 3693 3201 3746 urbis
3224 3693 3398 3763 factus
3436 3708 3607 3745 mona-

2054 3793 2180 3845 chus
2228 3791 2325 3844 sub
2366 3788 2658 3842 Theodosio
2683 3783 2907 3839 Juniore
2936 3786 3203 3846 doctrina,
3250 3793 3298 3837 et
3339 3784 3617 3837 sanctitate

2052 3883 2253 3950 floruit.
2297 3878 2361 3932 Et
2388 3878 2606 3933 tandem
2653 3875 3017 3945 Mcnologium
3066 3873 3249 3927 Sirleti
3280 3873 3369 3927 die
3408 3888 3479 3925 xu
3510 3870 3616 3926 No-

2051 3970 2497 4027 vemb.:Natalis
2546 3967 2605 4021 S.
2653 3967 2832 4020 Patris
2869 3965 3034 4017 nostri
3078 3963 3210 4018 Nili.
3248 3963 3350 4017 llic
3393 3964 3494 4031 fuit
3523 3962 3617 4014 sub

2053 4065 2369 4131 imperatore
2411 4061 2669 4115 Mauritio
2712 4066 3018 4113 sanctarum
3063 4056 3387 4111 Litterarum
3445 4054 3615 4108 erudi-

2055 4158 2194 4209 tione
2222 4164 2271 4209 et
2321 4154 2609 4207 sanctitate
2644 4166 2849 4205 morum
2880 4150 3125 4220 insignis,
3157 4150 3245 4220 qui
3270 4164 3385 4200 cum
3414 4148 3615 4201 oratio-

2056 4248 2137 4301 nis
2200 4245 2459 4316 facultate
2488 4253 2536 4298 et
2577 4253 2733 4298 recte:
2784 4243 2905 4296 vita:
2956 4240 3189 4308 exemplo
3246 4238 3500 4308 plurimos
3554 4241 3620 4291 ad

2054 4339 2268 4394 uirtutis
2304 4336 2539 4391 studium
2568 4336 2879 4397 excitasset,
2914 4333 2968 4386 in
2997 4347 3124 4401 pace
3156 4331 3372 4402 quievit.

2124 4428 2223 4483 Hic
2253 4436 2329 4481 -ιιι
2377 4428 2528 4481 virus
2577 4440 2761 4495 pravae
2807 4423 3120 4495 religionis,
3172 4430 3228 4476 et
3260 4419 3622 4491 petulantium

2055 4523 2417 4579 scutariorum
2449 4517 2503 4572 in
2546 4531 2683 4587 pura
2718 4518 2974 4587 claraque
3004 4511 3370 4571 exulceranda
3395 4512 3619 4565 veritate

2059 4617 2326 4671 catholica
2376 4613 2618 4666 animum
2651 4609 2920 4667 infrenem
2950 4607 3279 4680 prospicias,
3329 4612 3382 4660 et
3415 4604 3470 4658 in
3498 4601 3619 4657 Cal-

2057 4706 2296 4760 lixtianse
2343 4701 2593 4757 Historiae
2642 4701 2824 4757 verbis
2855 4698 3111 4770 superius
3158 4695 3416 4752 adductis
3453 4694 3605 4745 inter

2056 4796 2337 4868 pretandis
2376 4794 2659 4859 malitiam,
2694 4807 2817 4848 cum
2854 4792 2921 4847 de
2947 4799 3136 4848 nostro
3160 4789 3282 4843 Nilo
3310 4794 3621 4841 sermonem

2058 4887 2244 4948 habet,
2292 4892 2479 4954 repeto
2518 4884 2616 4939 tibi
2649 4885 2814 4940 verba
2850 4881 3141 4952 Nicephorl
3184 4894 3198 4930 :
3232 4874 3321 4945 Τῷ
3342 4873 3398 4926 δὲ
3427 4871 3614 4925 θεσπε-

2057 4978 2156 5047 σίῳ
2189 4972 2368 5044 Νείλῳ
2395 4974 2594 5047 πατρὶς
2623 4975 2656 5047 ἡ
2689 4971 3099 5029 Κωνσταντίνου
3127 4966 3423 5036 ἐτύγχανεν
3448 4963 3621 5028 πόλις,

2055 5062 2124 5139 ἦς
2157 5065 2235 5136 τῷ
2259 5065 2502 5136 περιόντι
2540 5067 2638 5136 τῆς
2677 5062 2953 5131 εὐγενείας
2978 5058 3072 5113 καὶ
3095 5057 3338 5130 ἔπαρχος
3372 5054 3609 5127 ἐχρημά-

2055 5177 2197 5223 τισε,
2228 5159 2443 5229 πλούτῳ
2469 5159 2525 5211 δὲ
2557 5155 2732 5226 βαθεῖ,
2764 5152 2861 5206 καὶ
2884 5151 3174 5223 δυναστείᾳ
3199 5167 3265 5202 πε
3276 5146 3621 5219 ριῤῥεόμενος

2056 5251 2155 5320 τὴν
2199 5249 2503 5317 ἁσκητικὴν
2552 5244 2940 5315 ἀπηλλάττετο
2998 5244 3241 5312 ἀγωγήν.
3288 5235 3621 5292 Admiranda

2072 5344 2201 5397 Nilo
2254 5340 2432 5408 patria
2495 5334 2985 5405 Constantinopolis
3044 5334 3189 5404 fuit,
3247 5331 3399 5401 cujus
3460 5330 3621 5383 etiam

2062 5441 2275 5501 propter
2308 5430 2568 5501 egregiam
2601 5429 2770 5499 gentis
2812 5427 3140 5483 nobilitatem
3185 5423 3468 5493 praefectus
3500 5420 3620 5488 fuit.

2066 5523 2312 5577 Potentia
2352 5534 2399 5577 et
2443 5522 2624 5591 opibus
2658 5522 2906 5591 affluens,
2940 5520 3218 5573 asceticam
3250 5516 3359 5569 illis
3392 5511 3626 5582 praetulit

2066 5614 2242 5666 vitam.
2275 5612 2517 5678 Quorum
2551 5613 2640 5665 illa
2680 5609 2948 5665 sententia
2992 5617 3107 5671 est;
3153 5606 3279 5659 licet
3311 5603 3620 5659 nobilitate.

2062 5703 2341 5773 dignitate;
2386 5703 2586 5771 opibus
2616 5709 2669 5754 et
2702 5700 2867 5754 rebus
2918 5697 3038 5751 aliis
3072 5695 3446 5753 clarissimus,
3480 5699 3533 5744 et
3566 5690 3619 5741 in

2081 5794 2210 5849 urbe
2228 5794 2464 5847 omnium
2481 5791 2770 5860 praecipua,
2794 5790 2993 5845 viribus
3019 5786 3410 5857 pra-emineret,
3436 5783 3630 5837 nihilo-
