4024 6218
193 402 261 465 29
1405 404 1712 466 NOTlTIA
1754 408 1833 467 IN
1873 410 1933 468 S.
1972 410 2239 472 NILUM.
3360 414 3433 479 30

196 512 553 567 hallucinatus
599 518 699 563 est.
765 508 829 560 Et
883 508 1030 562 addit
1082 509 1135 561 in
1197 514 1484 581 margine:
1527 510 1763 565 Joannes

196 600 482 654 Ilatthtzus
513 597 863 666 Caryophilus
907 594 1228 664 Prwfatione
1272 600 1326 650 in
1379 598 1549 651 Vitam
1593 601 1767 652 sancti

197 690 307 744 Nili
333 688 591 742 Junioris.
628 685 801 739 Verba
855 687 1160 756 Caryopliili
1188 689 1298 742 hinc
1328 696 1478 741 sunt:
1498 685 1563 740 Ut
1592 700 1765 742 autem

198 781 357 834 Nilus
391 783 474 833 hic
494 789 672 831 noster
694 777 1085 831 Italo-Gra'cus
1120 778 1488 841 Rossanensis,
1519 776 1764 832 Junioris

198 872 405 926 titulum
438 869 703 930 habuerit,
739 868 985 935 paralleli
1023 869 1263 936 quaedam
1298 870 1400 937 fuit
1426 867 1762 921 admirabilis

193 959 549 1016 conuenientia
608 974 727 1011 cum
784 958 1070 1026 antiquiori
1135 957 1284 1022 Nilo,
1341 974 1489 1025 quem
1550 958 1762 1023 pietatis

200 1053 506 1106 monastica’
532 1049 802 1120 splendor,
829 1058 878 1102 et
901 1049 1163 1117 pra'clara
1188 1050 1383 1118 ingenii
1426 1057 1762 1102 monumenta

196 1146 253 1199 de
273 1146 399 1198 vita:
427 1146 687 1198 solitaria:
716 1144 964 1196 instituto
992 1142 1339 1194 immortalem
1396 1142 1756 1194 reddiderunt.

209 1232 344 1287 Vixit
377 1234 421 1287 is
455 1234 741 1300 imperante
788 1229 1064 1293 Mauritio,
1097 1242 1145 1284 et
1176 1240 1454 1299 prwtorem
1478 1232 1749 1285 Constan-

199 1324 413 1392 tinopoli
440 1325 566 1393 egit,
594 1322 784 1376 deinde
806 1321 1023 1388 paribus
1059 1338 1177 1375 cum
1205 1337 1371 1375 uxore
1423 1323 1578 1385 votis,
1608 1337 1759 1391 regu-

199 1415 298 1467 lam
326 1413 657 1482 ipsequidem
679 1412 1024 1465 monasticam
1048 1412 1317 1479 professus
1344 1421 1420 1465 est
1450 1413 1505 1465 in
1531 1410 1760 1481 ZEgypw

199 1520 295 1557 una
327 1520 445 1557 cum
469 1504 580 1567 ﬁlio
620 1499 901 1564 Theodulo,
922 1510 971 1553 et
1010 1500 1255 1554 sacerdos
1298 1501 1420 1569 fuit,
1454 1517 1587 1553 uxor
1640 1516 1759 1553 vero

197 1611 308 1648 cum
335 1593 453 1662 ﬁlia
499 1594 712 1648 recessit
777 1594 827 1646 in
874 1592 1195 1661 feminarum
1263 1593 1658 1655 monasterium,
1709 1598 1759 1643 et

195 1696 408 1755 uterque
473 1685 777 1738 sanctitatis
828 1684 1067 1737 lauream
1117 1683 1334 1749 adeptus
1390 1692 1486 1736 est.
1526 1684 1588 1733 At
1640 1698 1758 1735 itero

201 1772 357 1828 Nilus
378 1772 573 1826 Iunior
602 1773 721 1827 licet
751 1772 996 1826 sacerdos
1027 1787 1294 1840 nunquam
1348 1770 1531 1838 fuerit,
1587 1779 1756 1822 tamen

196 1866 375 1917 relicta
464 1878 628 1917 uxore
685 1871 861 1916 tantos
941 1862 997 1914 in
1080 1860 1377 1913 monastica
1433 1859 1758 1924 professione

190 1953 308 2021 fecit
355 1969 685 2022 progressus,
737 1962 793 2005 ut
817 1952 976 2020 plane
1005 1950 1378 2004 monachorum
1420 1950 1757 2002 eremitarum

192 2047 461 2098 institutor
510 2045 754 2106 evaserit,
820 2053 866 2097 et
926 2042 1117 2095 Basilii
1176 2040 1357 2111 Magni
1411 2041 1645 2095 ordinem
1701 2042 1753 2093 in

192 2134 359 2189 Italia
380 2137 599 2205 miriﬁce
613 2135 921 2189 illustrarit.
942 2132 1151 2200 Scripta
1177 2148 1296 2185 vero
1322 2131 1456 2198 ejus.
1490 2132 1587 2184 etsi
1606 2130 1756 2182 nulla

190 2235 419 2289 exstant,
447 2226 641 2278 multas
672 2240 842 2279 tamen
879 2233 930 2277 et
951 2224 1182 2293 egregius
1212 2222 1275 2274 ab
1300 2238 1359 2275 eo
1384 2222 1546 2285 fuisse
1576 2220 1751 2274 elucu-

193 2314 374 2367 bratas
414 2316 687 2381 epistolas,
726 2321 942 2367 testatur
983 2313 1074 2378 qui
1133 2310 1445 2380 prarclaram
1467 2310 1599 2362 hanc
1622 2306 1756 2362 Vita:

192 2404 306 2475 ejus
335 2404 616 2457 historiam
640 2403 928 2471 posteritati
958 2402 1247 2455 mandavit.

258 2496 325 2549 Et
355 2495 729 2565 Cb'rysostomi
767 2495 934 2550 fuisse
951 2493 1280 2563 discipulum
1315 2492 1486 2545 habeo
1515 2506 1579 2544 ex
1630 2489 1757 2543 Cal-

192 2586 303 2639 lixli
332 2584 591 2646 llistoria,
619 2584 710 2637 lib.
742 2600 857 2646 xw,
913 2598 1034 2651 cap.
1066 2582 1133 2636 '50
1162 2581 1389 2643 εΝεῖλός
1422 2597 1479 2632 τε
1503 2581 1529 2631 ὁ
1559 2576 1756 2631 θεσπέ-

198 2682 299 2738 σιος
325 2676 590 2745 ἀσκητὴς,
620 2677 649 2728 ὃ
676 2691 735 2727 τε
767 2674 861 2727 τοῦ
900 2673 1198 2743 Πηλουσίου
1234 2671 1522 2741 Ἰσίδωρος,
1578 2670 1672 2722 καὶ
1726 2670 1754 2721 ὁ

200 2768 616 2837 πολυθρύλλητος
646 2766 893 2838 ἀσκητὴς
946 2766 1193 2833 Μάρκος,
1236 2764 1457 2835 Ἰωάννῃ
1507 2762 1583 2833 τῷ
1613 2763 1754 2815 πάνυ

204 2856 635 2926 μσθητευθέντες.
663 2854 889 2923 Insuper
932 2852 1092 2908 Nilus
1144 2863 1339 2907 ascetes
1407 2851 1753 2915 venerandus,

201 2945 438 3001 Isidorus
467 2947 761 3009 Pelusiota,
793 2956 842 2999 et
872 2947 1182 2999 decantatus
1209 2943 1493 2997 monachus
1516 2941 1752 3005 Marcus,

195 3036 412 3092 Joannis
450 3038 632 3107 Magni
663 3037 931 3104 discipuli.
960 3037 1324 3091 Bellarminus
1358 3037 1427 3089 de
1458 3034 1755 3103 Scriptori-

199 3127 292 3182 bus
324 3127 423 3182 τε.
456 3127 614 3181 Nilus
637 3127 863 3180 Joannis
907 3126 1273 3197 Cltrysostomi
1305 3127 1593 3193 discipulus
1626 3125 1753 3177 vixit

197 3228 421 3286 tempore
449 3219 727 3273 Theodosii
767 3218 1033 3272 Junioris.
1080 3218 1391 3280 Gretserus,
1454 3217 1527 3269 De
1583 3233 1753 3280 cruce,

197 3311 289 3363 lib.
329 3310 371 3372 Ι,
409 3326 529 3378 cap.
590 3312 676 3365 55.
737 3311 1004 3365 Labbatus
1041 3310 1095 3363 in
1154 3325 1252 3364 sua
1310 3308 1657 3374 Bibliotheca,
1702 3314 1755 3361 et

194 3400 427 3456 Joannes
457 3402 705 3474 Andreas
736 3402 1023 3467 Questadt.

264 3488 367 3542 Sed
413 3489 541 3557 quid
573 3489 628 3541 in
684 3488 986 3558 indaganda
1032 3484 1137 3540 Nili
1201 3494 1360 3540 mtatc
1400 3494 1753 3539 externorum

197 3579 499 3633 testimonia
532 3578 978 3648 conquiro?|pse
1008 3579 1108 3632 sibi
1142 3577 1297 3631 Nilus
1338 3576 1755 3645 testislocuples

197 3680 299 3733 est,
332 3678 384 3723 et
409 3679 622 3724 aetatem
663 3685 818 3724 suam
851 3669 1160 3724 ﬁrmissime
1219 3678 1517 3724 asseverat.
1552 3676 1607 3721 et
1654 3665 1756 3721 sub

198 3776 304 3828 quo
325 3762 572 3830 spirituum
590 3760 824 3815 ducebat
850 3759 1178 3829 imperatore
1202 3759 1421 3811 indicat.
1460 3757 1755 3825 Legantur,

199 3854 243 3907 si
276 3855 460 3924 volupe
493 3860 601 3917 est,
657 3853 830 3922 ipsius
883 3852 950 3904 ad
1023 3850 1312 3904 Arcadium
1376 3849 1753 3918 imperatorem

201 3944 410 4008 littera,
432 3960 568 4012 quas
587 3944 675 3998 hic
695 3958 819 3997 cum
852 3942 975 3997 aliis
1003 3942 1236 4005 edimus,
1263 3939 1545 4007 ediditque
1576 3937 1758 3992 Possi-

210 4049 334 4099 nus,
359 4038 508 4106 Cujus
533 4036 599 4089 de
650 4034 844 4089 exsilio
876 4031 1102 4086 Joannis
1147 4032 1201 4085 in
1257 4032 1372 4098 ipsa
1433 4028 1756 4083 sententiam

207 4124 361 4190 ponit
390 4125 440 4177 in
468 4124 691 4178 crimine
715 4137 730 4176 :
757 4122 1011 4191 Ἰωάννην
1041 4120 1141 4173 οὐκ
1174 4120 1409 4187 εὐλόγως
1442 4119 1521 4180 εις
1546 4116 1759 4187 ἐξορίαν

212 4213 516 4284 ἐξέπεμψας
557 4218 618 4268 ἐκ
668 4213 868 4283 πολλῆς
903 4212 1162 4281 ἐλαφρῖας
1197 4214 1308 4274 τοῖς
1339 4211 1413 4280 μὴ
1460 4209 1758 4277 ὑγιαίνουσι

203 4306 265 4359 τὸ
294 4310 499 4376 φρονεῖν
544 4307 862 4368 ἐπισκόποις
906 4303 1330 4374 παραπεισθείς·
1359 4300 1616 4354 Joannem
1654 4315 1759 4353 non

190 4410 325 4454 recte
383 4400 432 4454 in
484 4400 732 4454 exsilium
788 4397 1090 4451 amandasti
1144 4410 1254 4463 pra:
1326 4393 1493 4446 multa
1552 4393 1758 4446 levitate

186 4499 250 4547 ab
314 4493 522 4546 insanis
577 4489 895 4559 quibusdam
958 4488 1213 4558 episcopis
1263 4488 1400 4539 male
1454 4500 1755 4553 persuasus.

185 4584 249 4637 Et
293 4604 309 4640 :
361 4585 490 4646 Πῶς
536 4582 822 4651 ἐπιθυμεῖς
881 4581 980 4651 τὴν
1028 4576 1594 4632 Κωνσταντινούπολιν
1649 4575 1759 4628 τῶν

183 4677 537 4747 συχνοτάτων
573 4672 827 4741 σεισμῶν,
863 4673 958 4723 καὶ
987 4671 1086 4740 τῆς
1124 4669 1455 4731 ἐπελεύσεως
1487 4666 1581 4719 τοῦ
1613 4666 1761 4720 albe-

182 4767 297 4837 ρίου
329 4763 509 4834 πυρὸς
535 4760 955 4830 ἀπηλλαγμένην
991 4758 1137 4821 ἰδεῖν,
1158 4757 1364 4827 μυρίων
1396 4756 1761 4825 ἀτοπημάτων

178 4856 368 4909 αὑτὸοι
428 4852 736 4922 γενομένων
765 4893 779 4915 ,
805 4851 899 4903 καὶ
952 4849 1375 4919 νομιτευομένης
1415 4848 1515 4915 τῆς
1565 4848 1761 4911 κακίας

179 4948 276 4999 σὺν
325 4942 621 5015 παρρησίᾳ
674 4941 866 5010 πολλῇ,
898 4938 1263 5010 ἐξορισοέντος
1306 4937 1400 4990 τοῦ
1446 4937 1634 4991 στόλου
1663 4939 1762 5007 τῆς

177 5033 540 5104 Ἐκκλησίας,
564 5030 661 5084 τοῦ
694 5030 871 5098 φωτὸς
900 5030 997 5099 τῆς
1028 5028 1305 5099 ἀληθείας,
1330 5029 1429 5097 τῆς
1464 5028 1761 5097 σάλπιγγος

176 5124 267 5178 τοῦ
288 5120 561 5195 Χριστοῦ,
579 5120 843 5173 Ἰωάννου.
865 5117 1135 5185 Quomodo
1153 5118 1296 5185 cupis
1324 5115 1762 5182 Constantinopo-

176 5214 265 5267 lim
311 5213 656 5267 creberrimis
720 5222 877 5265 terra:
916 5209 1161 5272 motibus,
1203 5218 1252 5263 et
1286 5209 1611 5261 immissione
1652 5208 1761 5277 fre-

178 5305 355 5372 quenti
385 5307 734 5358 (ethereorum
770 5303 968 5370 ignium
1026 5301 1303 5355 liberatam
1350 5315 1579 5362 cernere,
1641 5316 1760 5351 cum

180 5395 597 5449 innumerabilia
626 5395 743 5447 istic
769 5393 981 5461 piacula
1014 5395 1429 5456 committantur,
1502 5402 1549 5443 et
1580 5399 1761 5443 aucto-

184 5488 397 5541 ritatem
423 5486 531 5538 sibi
553 5484 762 5552 plenam
791 5484 988 5553 ﬁducia
1013 5484 1279 5537 liberrima
1326 5482 1543 5547 invidia,
1581 5491 1629 5533 et
1663 5482 1763 5549 fu-

186 5594 269 5631 ror
308 5584 621 5637 exerceant,
652 5577 998 5629 exterminata
1032 5574 1282 5629 Ecclesia:
1332 5576 1595 5638 columna,
1651 5574 1764 5626 luce

186 5670 452 5732 veritatis,
478 5676 528 5720 et
556 5664 685 5718 tuba
714 5664 910 5719 Christi
940 5666 1167 5729 Joanne,
1189 5674 1297 5721 etc.
1330 5664 1466 5718 Hinc
1493 5667 1537 5718 si
1571 5664 1766 5716 Mauri-

185 5757 313 5812 tium
341 5757 782 5823 intruderemus,
817 5772 921 5812 nun
947 5758 1063 5814 sine
1085 5773 1280 5829 magno
1304 5765 1501 5813 conatu
1535 5772 1758 5828 magnas

1866 529 2043 584 nugas
2072 516 2395 581 diceremus,
2426 526 2480 570 et
2508 517 2686 572 Nilum
2716 519 2862 573 hunc
2894 528 3169 586 nostrum,
3208 528 3428 580 centum

1867 610 1921 655 et
1976 604 2255 672 octoginta
2309 604 2469 659 anuis
2535 605 2793 674 majorem
2846 609 3129 677 pinguiora
3185 609 3427 667 minerva

1864 690 2288 757 afﬁrmaremus,
2350 709 2523 764 eoque
2587 698 2873 766 principum,
2905 698 2948 752 si
3003 706 3114 751 tum
3175 710 3424 754 sanctum

1863 779 2137 834 hominem
2168 789 2223 835 et
2251 782 2491 836 adultum
2514 785 2740 850 artibus,
2760 796 2813 839 et
2836 803 2939 840 non
2971 788 3023 840 in
3050 789 3167 857 ipso
3189 789 3271 844 sui
3300 798 3426 844 ortu

1861 870 1960 926 bas
1990 872 2223 927 Arcadio
2255 873 2470 930 dedisse
2489 876 2747 945 epistolas
2774 892 2871 947 pro
2933 888 3210 947 comperte
3261 897 3425 951 pone-

1861 978 1973 1016 rem
1982 978 2064 1017 US.

1930 1052 2239 1123 Caryophili
2295 1054 2644 1109 oscitanliam
2701 1056 2916 1110 videtur
2948 1070 3240 1113 extenuare
3295 1061 3426 1114 Gul-

1858 1142 2071 1198 liebnus
2098 1142 2330 1199 Sirletus
2378 1145 2430 1197 in
2462 1145 2763 1216 Menologio
2796 1147 3107 1201 Graecorum
3166 1147 3355 1203 Latine
3393 1166 3424 1203 a

1859 1247 1918 1287 se
1952 1234 2183 1295 reddito,
2215 1234 2359 1304 quod
2378 1236 2786 1305 oculisquoque
2826 1239 2980 1304 sequi
3040 1240 3241 1306 poteris
3282 1258 3294 1292 :
3331 1239 3427 1294 Die

1859 1322 1928 1376 12
1949 1322 2257 1379 Novembris
2287 1341 2308 1381 :
2335 1326 2552 1380 Natalis
2575 1330 2751 1381 sancti
2815 1328 2996 1383 Patris
3057 1332 3227 1384 nostri
3284 1330 3421 1386 Nili.

1865 1416 1965 1468 Hic
1988 1416 2092 1484 fuit
2124 1418 2218 1469 sub
2244 1418 2557 1485 imperatore
2578 1418 2855 1484 Mauritio,
2888 1429 2995 1475 cte.
3026 1421 3281 1486 Quinimo
3309 1422 3426 1490 ipse

1856 1506 2220 1577 Caryopbilus
2243 1517 2395 1561 extra
2420 1524 2634 1562 omnem
2661 1511 2873 1579 culpam
2902 1526 2960 1565 se
2987 1520 3170 1581 ponet,
3200 1512 3243 1565 si
3269 1513 3425 1565 testi-

1858 1598 2098 1650 monium
2134 1598 2309 1667 ipsius
2359 1599 2464 1653 Nili
2515 1615 2639 1655 cera
2676 1601 2898 1655 miniata
2954 1619 3061 1656 non
3124 1605 3421 1658 notabitur.

1858 1687 1917 1740 Et
1947 1690 2071 1759 quis
2094 1690 2146 1743 in
2177 1706 2342 1746 causa
2376 1689 2482 1745 Nili
2514 1694 2717 1762 scripta
2752 1694 2925 1761 ipsius
2948 1692 3051 1747 Nili
3081 1695 3424 1765 improbave-

1854 1779 1946 1840 rit,
1976 1779 2055 1832 vel
2094 1780 2421 1833 sententiam
2453 1782 2748 1849 exploserit
2776 1782 2799 1835 ?
2855 1782 2935 1837 Sit
2965 1799 3093 1853 ergo
3127 1786 3178 1838 in
3224 1786 3421 1848 medio,

1853 1870 1997 1923 etde
2045 1885 2144 1923 sua
2198 1878 2359 1925 aetate
2412 1871 2561 1925 litem
2614 1872 2903 1940 prailiniat,
2953 1889 3018 1927 ex
3074 1874 3300 1943 epistola
3354 1874 3423 1930 ad

1854 1958 2136 2014 Zosarium
2187 1960 2501 2024 tribunum,
2528 1960 2620 2015 lib.
2661 1959 2702 2023 1,
2735 1963 2895 2030 epist.
2937 1962 3008 2017 55
3042 1980 3057 2015 :
3095 1963 3243 2032 Μηδὲ
3280 1965 3424 2018 ἁπαν

1849 2051 1998 2104 τάτω
2059 2051 2309 2113 Ἰουδαῖος
2355 2050 2528 2123 λέγων
2563 2090 2578 2114 ,
2649 2051 2718 2103 δι’
2769 2051 2958 2121 ἐτέρας
3002 2053 3271 2123 ἁμαρτίας
3314 2055 3422 2107 ἀπ-

1849 2140 2257 2211 ηλλωτριῶσοαι
2303 2142 2400 2210 τῆς
2442 2118 2947 2211 Παλαιστίνης·ρῦ
2985 2118 3096 2212 γάρ
3123 2118 3214 2195 ’δι’
3257 2142 3423 2208 ἄλλας

1851 2228 2147 2298 ἁμαρτίας,
2181 2227 2270 2281 διὰ
2324 2227 2381 2279 δέ
2427 2227 2525 2297 τὴν
2573 2230 2947 2298 κυριοκτονίαν
3002 2230 3301 2284 πεπόνθασι
3353 2228 3423 2283 τὰ

1851 2319 2142 2389 ἀνήκεστα.
2205 2319 2397 2388 Πρώην
2446 2319 2542 2389 μὲν
2590 2319 2698 2391 γὰρ
2750 2319 3296 2392 εἰδωλολατροῦντες,
3326 2318 3425 2374 καὶ

1850 2411 1975 2473 τοὺς
2041 2412 2325 2481 προφήτας
2373 2410 2708 2479 φονεύοντες,
2754 2412 2849 2463 καὶ
2899 2415 3011 2475 τοῖς
3060 2411 3279 2480 δαίμοσι
3323 2408 3424 2471 τὰς

1852 2497 2175 2567 Θυγατὲρας,
2208 2498 2300 2549 καὶ
2342 2499 2466 2561 τοὺς
2501 2500 2651 2561 υἱοὺς
2702 2498 2918 2561 Θύοντες
2960 2503 3071 2561 τοῖς
3106 2497 3424 2567 ἀλλοφύλοις

1851 2588 1930 2648 εἰς
1982 2587 2358 2656 αἰχμαλωσίαν
2391 2588 2495 2640 ὑπο
2541 2586 2677 2640 Θεοῦ
2730 2587 3120 2658 παρεδίδοντο,
3150 2588 3243 2640 καὶ
3303 2588 3421 2657 μετ’

1851 2677 2008 2745 ὀλίγα
2038 2678 2131 2748 ἔτη
2167 2679 2242 2748 τῷ
2293 2678 2421 2749 θείῳ
2451 2677 2751 2749 βουλήματι
2793 2679 2955 2733 πάλιν
2979 2682 3312 2750 ἐπανήγοντο
3341 2682 3422 2743 εἰς

1850 2767 1950 2837 τὴν
1987 2768 2091 2836 γῆν
2116 2766 2215 2836 τῆς
2241 2767 2591 2834 ἐπαγγελίας.
2639 2768 2757 2836 Ἀφ’
2792 2762 2851 2821 οῦ
2883 2767 2938 2820 δὲ
2970 2768 3029 2821 τὸ
3071 2769 3289 2822 ἀνίατον
3329 2784 3421 2821 τε·

1850 2857 2151 2928 τολμήκασι
2195 2860 2425 2928 πρᾶγμα
2450 2860 2528 2920 εἰς
2551 2858 2641 2909 τὸν
2665 2858 2779 2911 υἱὸν
2802 2858 2894 2911 τοῦ
2933 2859 3067 2912 Θεοῦ
3102 2859 3202 2919 τὰς
3228 2860 3422 2929 χεῖρας

1852 2950 2125 3003 ἐπιϐαλεῖν
2169 2949 2423 3001 παντελεῖ
2466 2949 2727 3020 πορθήσει
2776 2950 3097 3006 ὲκδὲδονται.
3142 2949 3273 3002 Ἰδοὺ
3316 2948 3426 3002 λοι-

1853 3038 1952 3091 πὸν
1994 3038 2444 3090 πεντακοσιοστὺν
2468 3038 2605 3103 ἔτος,
2634 3041 2728 3092 καὶ
2767 3039 3001 3110 οὐδαμοῦ
3038 3039 3158 3092 θεία
3187 3057 3271 3104 τις
3304 3041 3425 3092 ἐπι-

1853 3128 2050 3197 σκοπὴ,
2091 3126 2190 3179 οὐκ
2241 3127 2543 3197 ἀντίληψις,
2570 3129 2630 3180 οὐ
2667 3131 3000 3200 παρηγορία,
3027 3130 3087 3183 οὕ
3132 3131 3423 3202 προφήτης

1851 3216 2139 3281 νουθετῶν,
2165 3217 2260 3268 καὶ
2298 3216 2589 3285 στηρίζων,
2620 3217 2808 3289 ὥσπερ
2848 3222 2903 3271 ἐν
2942 3219 3223 3273 Βαϐυλῶνι
3252 3220 3423 3283 Ἰεζε-

1851 3306 1977 3376 κιήλ
2005 3323 2062 3358 τε
2104 3308 2196 3360 καὶ
2219 3308 2546 3376 Δανιὴλ,καὶ
2574 3310 2622 3361 oi
2652 3310 2797 3362 ἄλλοι
2818 3327 2832 3341 ·
2868 3310 3050 3363 οὐκέτι
3090 3310 3199 3381 γὰρ
3237 3311 3424 3373 αὐτοῖς

1854 3395 1998 3447 θέλει
2046 3397 2399 3466 προσομιλεῖν
2444 3400 2471 3451 ὁ
2503 3398 2637 3461 Θεὸς
2693 3400 3107 3471 βδελυττόμενος
3164 3401 3422 3465 τούτους·

1854 3482 1937 3537 Ne
1961 3494 2007 3538 te
2045 3486 2258 3539 seducat
2289 3485 2508 3539 Judwus
2540 3500 3024 3557 asserens,propter
3050 3490 3160 3543 alia
3208 3499 3425 3559 peccata

1851 3576 2131 3641 spoliatum
2162 3592 2217 3628 se
2229 3592 2339 3629 esse
2368 3576 2657 3630 l‘ala’stina
2680 3594 2698 3642 ;
2722 3595 2882 3648 neque
2906 3580 3042 3632 enim
3064 3581 3125 3631 ob
3164 3578 3273 3632 alia
3302 3595 3423 3647 pec-

1851 3674 1993 3724 cata,
2029 3668 2117 3717 sed
2139 3676 2349 3733 propter
2386 3664 2595 3719 Domini
2622 3684 2817 3731 necem,
2843 3670 3011 3720 multa
3062 3670 3267 3738 gravia,
3308 3671 3426 3737 qui-

1853 3754 1947 3807 bus
1983 3755 2129 3807 nulla
2194 3756 2451 3809 medicina
2482 3767 2579 3819 est,
2613 3760 2843 3824 perpessi
2874 3769 3015 3812 sunt.
3059 3760 3267 3813 Etenim
3301 3769 3426 3814 ante

1853 3840 1948 3891 illa
1977 3850 2207 3907 tempora
2255 3842 2399 3895 idola
2447 3843 2696 3904 colentes.
2741 3846 3029 3913 prophetas
3081 3848 3421 3912 trucidantes,

1853 3929 2174 3983 daemonibus
2199 3932 2342 3999 ﬁlias
2383 3933 2623 4002 ﬁliosque
2676 3938 3065 4003 sacriﬁcantes,
3115 3938 3422 4007 alienigenis

1854 4022 1907 4074 in
1941 4022 2356 4087 captivitatema
2388 4023 2494 4076 Deo
2547 4024 2913 4089 tradebantur,
2962 4036 3008 4080 et
3059 4044 3254 4096 paucos
3307 4038 3424 4096 post

1857 4125 2045 4175 annos,
2097 4110 2176 4163 ita
2218 4109 2322 4163 Deo
2371 4120 2651 4178 annuente,
2702 4113 2752 4165 in
2815 4121 3009 4166 terram
3062 4115 3422 4182 promissionis

1856 4201 2253 4254 reducebantur.
2292 4199 2375 4254 Ea:
2394 4218 2493 4271 quo
2515 4218 2631 4257 vero
2661 4203 3042 4259 immedicabile
3080 4207 3311 4275 facinus,
3366 4210 3423 4261 in

1855 4289 2059 4344 Filium
2092 4290 2188 4345 Dei
2220 4308 2407 4346 manus
2438 4302 2768 4360 opponentes,
2798 4304 3187 4363 perpetrarunt.
3243 4313 3422 4367 perpe—

1858 4394 1946 4437 tuo
1976 4383 2177 4437 excidio
2212 4385 2396 4437 traditi
2416 4394 2558 4439 sunt.
2604 4384 2685 4437 Eu
2736 4386 2913 4453 itaque
2969 4387 3417 4455 qningentesimus

1858 4492 2048 4540 annus,
2080 4484 2398 4543 etnusquam
2418 4475 2648 4528 divinum
2672 4475 2985 4537 subsidium,
3014 4494 3116 4530 non
3140 4477 3421 4541 auxilium,

1857 4584 1960 4621 non
1989 4566 2298 4629 consolatio,
2320 4583 2420 4619 non
2441 4567 2689 4635 propheta
2715 4569 2999 4632 instruens,
3019 4578 3068 4622 et
3085 4570 3423 4637 conﬁrmans,

1857 4654 2293 4725 quemadmodum
2326 4655 2380 4707 in
2400 4655 2526 4708 urbe
2557 4654 2822 4724 Babylone
2848 4654 3091 4709 Ezechiel
3123 4666 3169 4708 et
3207 4653 3420 4717 Daniel,

1858 4756 1908 4801 et
1941 4746 2078 4805 alii;
2108 4762 2209 4799 non
2233 4747 2371 4799 enim
2397 4762 2514 4799 cum
2540 4746 2668 4807 illis.
2709 4746 2773 4798 ab
2811 4748 2886 4800 eis
2923 4747 3224 4805 abhorrens.
3290 4745 3425 4796 Deus

1859 4836 2085 4908 colloqui
2115 4837 2243 4891 vult.
2276 4835 2549 4906 [ntegrum
2574 4851 2774 4906 corpus
2800 4836 3041 4905 epistolre
3066 4842 3427 4887 sacrosancta:

1862 4929 2167 4998 appositum
2194 4936 2299 4981 est.
2337 4927 2419 4982 Ab
2447 4943 2512 4983 eo
2543 4937 2804 4996 tempore,
2828 4943 2938 4996 quo
2961 4926 3133 4979 Judaei
3172 4926 3425 4995 przcseuti

1862 5020 2044 5073 animo
2079 5021 2131 5073 in
2162 5019 2255 5073 Dei
2281 5017 2476 5072 Filium
2522 5034 2716 5074 manus
2748 5026 3196 5087 superponentes,
3250 5018 3316 5071 de
3362 5033 3427 5071 co

1860 5112 2145 5182 capitalem
2183 5111 2380 5165 caedem
2417 5111 2682 5177 fecerunt,
2727 5110 2953 5177 ideoque
2994 5117 3255 5178 perpetuo
3281 5109 3424 5162 esci-

1861 5205 1951 5259 dio
1984 5203 2169 5257 traditi
2192 5212 2338 5268 sunt,
2361 5214 2443 5257 est
2474 5218 2650 5256 anuus
2674 5202 3137 5271 quingentesimus,
3167 5217 3272 5254 nun
3294 5216 3424 5252 cnu-

1864 5295 2055 5347 tractis
2087 5293 2309 5357 litteris,
2365 5299 2456 5345 aut
2519 5290 2775 5345 brevibus
2841 5303 3197 5342 numerorum
3253 5287 3424 5348 notis.

1865 5385 1959 5438 sed
2016 5383 2256 5437 extensis
2287 5390 2340 5437 et
2399 5383 2580 5438 illaesis
2630 5379 3044 5434 character-ibus
3089 5378 3425 5448 designatus,

1865 5491 1933 5529 ne
1982 5474 2269 5543 scriptoris
2318 5473 2621 5528 oscitantiaz
2688 5471 2942 5525 mendum
2996 5472 3288 5525 tribuatur.
3348 5471 3432 5524 Ab

1866 5581 2010 5619 anno
2035 5564 2341 5618 Nativitatis
2370 5562 2579 5617 Domini
2612 5564 3103 5632 quingentesimus,
3144 5568 3227 5616 est
3259 5562 3429 5614 Allia-

1867 5657 2005 5710 nasii
2040 5655 2384 5724 imperatoris
2417 5654 2687 5718 decimus,
2724 5653 3033 5725 Symmachi
3064 5668 3212 5723 papre
3234 5668 3430 5707 secunv

1871 5750 1994 5805 dus.
2028 5750 2217 5803 Annus
2249 5763 2358 5819 quo
2399 5745 2666 5804 exsulavit
2715 5742 2952 5800 Joannes
3005 5744 3431 5812 Cbrysownnus

3932 5345 3969 5373 "7

3906 5406 3969 5428 ις
