4024 6218
493 377 560 445 3|
1677 374 1987 434 ΝΟΤΙΤΙΑ
2039 372 2091 432 Il

2196 373 2227 431 ἱ.
2266 372 2512 432 NILUM
3669 370 3733 437 32

497 493 585 542 est
638 482 850 538 Domini
905 479 1477 552 quadringentesimus
1534 486 1785 548 quartus.
1840 475 2062 531 Arcadii

498 574 846 647 imperatoris
904 570 1193 636 decimus,
1262 568 1557 624 Innocentii
1634 583 1788 638 papa:
1848 568 2064 623 tertius.

498 668 642 737 Ergo
676 666 720 722 si
749 663 1025 720 scribebat
1067 662 1155 717 hic
1206 660 1363 715 Nilus
1413 659 1623 714 Joanne
1680 660 2069 729 Chrysostomo

498 756 740 812 nondum
773 762 1008 817 mortuo,
1048 764 1105 806 ut
1131 752 1385 823 superius
1424 750 1679 812 vidimus,
1739 756 1879 814 erat,
1943 763 2066 803 cum

500 846 616 901 haec
648 845 952 914 posteriora
980 844 1530 897 scriberetannorum
1559 840 1855 910 nonaginta
1878 839 2068 901 trium,

502 937 703 1005 quibus
726 938 772 989 si
802 935 1064 1005 appingas
1094 949 1269 989 annos
1295 933 1580 987 minimum
1603 933 1844 1003 triginta,
1875 931 2073 1000 quibus

505 1028 609 1083 sub
650 1027 911 1097 magistro
976 1025 1390 1096 Chrysostomo,
1445 1039 1624 1080 mores
1679 1022 1746 1077 ad
1796 1022 2075 1076 mollitiem

464 1110 474 1183 ξ
506 1115 733 1169 idoneos
756 1114 923 1178 exuit,
956 1123 1010 1168 et
1038 1113 1245 1169 artibus
1275 1112 1527 1183 ingenuis
1556 1112 1859 1168 instructus
1887 1121 2077 1165 aucto-

508 1205 749 1268 ritatem,
776 1212 828 1258 et
855 1203 1070 1259 dicendi
1104 1203 1408 1258 libertatem
1439 1210 1793 1267 consecutus,
1838 1202 2076 1271 impera—

509 1304 687 1349 torum
730 1294 876 1348 labes
924 1302 977 1348 et
1032 1295 1275 1349 maculas
1310 1309 1416 1348 non
1473 1295 1750 1349 communi
1804 1292 2079 1363 vitupera-

511 1385 687 1449 tione,
719 1385 815 1439 sed
863 1384 1195 1454 ingenuitate
1246 1384 1415 1439 libera
1451 1385 1846 1456 reprehendere
1872 1390 2077 1454 posset,

511 1490 685 1530 annos
716 1486 827 1529 tum
850 1484 1066 1530 centum
1098 1475 1285 1546 viginti
1343 1484 1457 1531 tres
1492 1476 1848 1531 numerabat:
1894 1475 2076 1530 forsan

512 1566 617 1621 hoc
647 1582 757 1619 non
781 1565 1053 1619 videbitur
1078 1566 1402 1620 absurdum.
1450 1564 1611 1620 Forte
1642 1565 1786 1620 enim
1835 1563 1908 1617 ita
1956 1564 2083 1617 tulit

513 1664 710 1711 natura
742 1657 1012 1723 locorum,
1047 1656 1404 1723 continentia,
1431 1665 1485 1712 et
1506 1654 1721 1712 allec-tio
1749 1654 1936 1721 animi,
1967 1669 2085 1724 qua:

514 1741 734 1802 sanitati
760 1745 1006 1816 corporis
1037 1759 1384 1815 nequaquam
1424 1751 1643 1798 nocent.

588 1835 697 1905 Ego
723 1849 845 1888 cum
878 1835 929 1887 in
958 1833 1099 1887 Bene
1130 1841 1263 1887 nata-
1294 1832 1442 1903 regni
1484 1831 1824 1902 Neapolitani
1864 1830 2086 1901 provin-

514 1922 621 1990 cia,
668 1923 955 1978 Basilicata
997 1924 1236 1993 sequiori
1285 1924 1505 1978 nomine
1547 1923 1714 1986 dicta,
1746 1922 2085 1982 immorarer,

513 2015 741 2083 cognovi
771 2015 835 2069 de
868 2014 1072 2083 plebeia
1099 2014 1246 2077 faece,
1268 2020 1455 2067 auctos
1486 2022 1663 2066 tamen
1691 2011 1896 2065 divitiis
1925 2008 2084 2072 duos,

510 2112 567 2157 et
603 2119 725 2157 cum
760 2105 825 2159 iis
870 2104 1075 2174 pariter
1116 2102 1379 2157 habitavi.
1431 2102 1598 2156 Erant
1643 2101 1717 2155 illi
1766 2101 2089 2154 duramento

511 2191 759 2260 corporis
810 2190 1120 2260 praevalidi,
1174 2189 1476 2258 compactis
1535 2188 1718 2243 nervis
1768 2185 2085 2246 ﬁrmissimi,

511 2278 773 2334 dentibus
815 2278 925 2332 fere
953 2278 1207 2332 omnibus
1242 2275 1556 2346 constipati,
1591 2283 1665 2338 et,
1706 2281 1764 2327 ut
1793 2276 1957 2328 verbo
1992 2288 2088 2326 ex-

514 2368 752 2438 pediam,
789 2369 1005 2424 athletis
1042 2368 1178 2437 ipsis
1212 2368 1571 2421 robustiores.
1600 2365 1665 2420 Hi
1700 2373 1826 2419 ante
1858 2363 2089 2435 primani

514 2457 693 2512 lucem
735 2465 846 2512 tres
877 2457 961 2512 vel
1006 2465 1242 2527 quatuor
1286 2457 1470 2522 horas,
1509 2455 1739 2509 hiberno
1771 2453 1933 2507 etiam
1967 2461 2094 2505 tem-

513 2560 670 2619 pore,
710 2562 833 2602 cum
870 2554 1149 2601 ventorum
1197 2547 1493 2616 algoribus,
1525 2553 1578 2600 et
1618 2545 1820 2598 nivium
1867 2542 2092 2595 tumulis

515 2639 699 2691 omnia
740 2637 1153 2705 congelascunt,
1188 2636 1514 2705 experrecti,
1564 2635 1748 2688 subito
1792 2634 1959 2687 cubili
1993 2649 2091 2686 ex-

517 2728 787 2782 sultantes
817 2742 929 2797 prze
958 2727 1145 2781 lmtitia
1185 2726 1608 2795 egrediebantur
1642 2743 1655 2779 :
1688 2732 1741 2777 et
1767 2732 1888 2791 post
1920 2723 2093 2792 agita-

518 2825 700 2871 torum
745 2818 1100 2871 brachiorum
1137 2818 1378 2871 motibus
1427 2826 1619 2883 pectus
1674 2824 1727 2869 et
1761 2816 1927 2868 latera
1979 2824 2097 2867 tun-

520 2906 723 2960 debant
772 2907 823 2959 in
866 2906 1050 2960 orbem
1099 2916 1368 2969 contusa;
1420 2914 1472 2959 et
1505 2904 1713 2958 ductim
1760 2904 1811 2957 in
1857 2918 1917 2957 se
1959 2904 2092 2966 vini,

519 2994 666 3065 quod
715 2996 769 3048 in
805 2994 893 3048 illa
942 2996 1162 3064 regione
1209 3002 1263 3050 et
1299 2996 1586 3061 suavitate,
1641 3003 1695 3048 et
1747 2994 2011 3057 lubentia,
2042 3002 2095 3049 et

521 3086 696 3156 gratia
726 3085 956 3140 aliorum
989 3087 1234 3141 omnium
1271 3090 1426 3157 longe
1454 3086 1963 3156 praestantissimum
1989 3096 2092 3152 est,

521 3177 734 3247 liquore
770 3177 1009 3239 inverso,
1034 3186 1251 3246 arrepta
1295 3179 1484 3247 perula
1526 3193 1586 3232 ea
1622 3193 1815 3247 panem
1854 3178 2092 3241 niveum,

522 3268 849 3337 quandoque
881 3269 1045 3322 etiam
1089 3268 1389 3332 sordidum,
1427 3270 1509 3323 vel
1550 3269 1829 3332 rubidum,
1876 3278 1935 3323 ut
1973 3284 2096 3324 sors

524 3358 744 3420 tulerat,
773 3372 948 3427 neque
974 3358 1117 3412 enim
1168 3358 1433 3411 lenocinia
1467 3359 1785 3428 quaerebant
1822 3358 2097 3426 cupidita-

524 3455 667 3512 tum,
702 3448 1030 3503 inferebant.
1083 3449 1325 3504 Tandem
1377 3449 1518 3505 lalce
1562 3450 1969 3517 stramentaria,
2011 3451 2097 3503 vel

526 3539 705 3608 ligone
732 3540 974 3594 humeris
1001 3541 1370 3610 superposita,
1404 3540 1612 3595 adibus
1642 3540 2000 3606 (acescentes,
2041 3541 2095 3594 in

526 3641 714 3697 agrum
743 3630 1069 3684 devolabant
1107 3648 1121 3684 :
1166 3639 1328 3700 atque
1366 3647 1461 3700 per
1506 3637 1679 3684 totum
1707 3632 1818 3686 diei
1852 3633 2089 3701 spatium

526 3717 980 3770 consummabant
1010 3719 1238 3771 multum
1271 3733 1467 3787 operae,
1498 3733 1919 3789 exercentesque
1949 3721 2100 3775 fran-

526 3808 725 3876 gebant
766 3822 825 3862 se
878 3808 1188 3873 laboribus,
1244 3809 1461 3879 dempta
1511 3812 1888 3866 tantummodo
1937 3812 2095 3875 hora,

524 3911 633 3966 qua
672 3897 846 3965 epulis
878 3898 1041 3952 dumo
1085 3897 1336 3954 abductis
1373 3900 1451 3954 uti
1496 3900 1662 3955 lautis
1719 3902 1990 3956 conviviis
2046 3910 2100 3956 et

525 3989 866 4056 sumptuosis
900 3988 1206 4051 vacabant,
1266 3989 1441 4044 donec
1496 3991 1765 4045 inclinato
1820 3993 1936 4047 sole
1996 3993 2099 4049 sub

525 4088 740 4132 noctem
782 4079 1002 4132 domum
1032 4081 1289 4151 regressi.
1327 4090 1382 4135 et
1412 4082 1636 4145 cceuati,
1664 4093 1716 4137 et
1750 4082 1862 4150 jam
1893 4083 2069 4138 dormi

527 4176 709 4224 tantes
737 4185 902 4239 super
930 4172 1130 4225 lectum
1163 4175 1617 4241 procumbebant,
1659 4175 1727 4229 de
1759 4178 1917 4230 novis
1947 4177 2072 4229 labo

529 4259 683 4314 ribus
713 4261 955 4315 solliciti.
991 4260 1056 4314 Et
1101 4262 1295 4318 horum
1331 4265 1470 4319 alter
1495 4274 1715 4320 centum
1750 4268 2096 4335 quindecim;

531 4349 672 4405 alter
700 4358 919 4405 centum
949 4361 1001 4406 et
1032 4354 1222 4424 viginti
1253 4355 1379 4410 vitae
1421 4371 1532 4411 suae
1572 4371 1747 4411 annos
1795 4358 2104 4426 compleve-

531 4450 676 4496 rant.
728 4442 872 4507 Quot
915 4451 1096 4498 autem
1145 4449 1271 4501 anni
1328 4457 1451 4516 post
1509 4464 1686 4502 meum
1737 4464 1767 4503 e
1807 4449 2102 4504 Basilicam

530 4533 852 4590 abscessum
888 4536 1011 4591 vita:
1043 4538 1152 4592 illis
1201 4539 1419 4593 adaucti
1470 4542 1613 4605 sint,
1662 4540 1903 4596 nondum
1953 4556 2104 4595 com-

531 4625 650 4695 peri
681 4644 694 4680 :
724 4627 875 4679 nulla
904 4627 1154 4697 equidem
1204 4644 1290 4684 me
1319 4630 1483 4699 hujus
1511 4632 1785 4702 cupiditas
1820 4632 2010 4687 tenuit.
2043 4632 2100 4685 ιιι

532 4730 685 4779 vero,
712 4716 860 4785 quod
888 4731 1216 4775 narraturus
1244 4735 1388 4786 sum,
1418 4736 1504 4777 me
1538 4724 1667 4776 mihi
1711 4739 1847 4793 pene
1879 4723 2103 4792 eripuit.

531 4805 803 4864 Pnerulus
832 4824 895 4865 ex
921 4811 1100 4866 insula
1129 4813 1266 4867 Chio
1290 4812 1516 4869 Romam
1555 4829 1682 4868 cum
1724 4822 1970 4869 materno
2004 4829 2105 4868 avo

533 4896 796 4955 Michaele
826 4900 1065 4956 Neurida
1094 4903 1455 4971 contendens,
1489 4920 1613 4960 cum
1646 4905 1718 4960 ob
1743 4905 1939 4959 exilem
1973 4914 2106 4959 aeta-

534 4995 643 5044 tem
672 4988 859 5046 Roma:
894 4992 950 5046 in
980 4992 1274 5065 collegium
1301 4994 1614 5049 Graecorum
1641 4993 1828 5050 aditus
1859 5008 2105 5049 remora-

534 5090 703 5149 retur,
727 5085 1105 5141 sanctionibus
1130 5086 1183 5141 id
1214 5086 1428 5157 collegii
1453 5086 1900 5157 pernegantibus,
1926 5084 2108 5138 Paulae

496 5171 804 5251 ,Calabrie
839 5175 984 5243 apud
1032 5176 1463 5233 illustrissimum
1517 5178 1753 5232 Marium
1808 5175 2108 5245 Spinellum

492 5279 509 5338 ς
535 5265 783 5329 constiti,
813 5266 907 5334 qui
939 5282 1026 5323 me
1067 5268 1268 5323 eximia
1306 5268 1574 5323 charitate
1606 5271 1945 5338 complexus,
1976 5282 2109 5322 ocu-

538 5354 670 5408 litus
697 5356 923 5422 amavit,
952 5366 1007 5414 et
1037 5360 1464 5428 praeceptoribus
1511 5360 1927 5415 humanioribus
1973 5358 2109 5413 arti-

540 5444 644 5499 bus
677 5447 883 5513 tinctis,
918 5458 978 5504 ut
1027 5449 1235 5506 ferebat
1268 5451 1359 5505 illa
1400 5458 1554 5514 aetas,
1592 5450 1971 5506 instruendum
1998 5458 2110 5503 tra-

544 5536 702 5591 didit.
729 5537 865 5594 Dum
896 5541 1041 5594 circa
1071 5542 1231 5595 trivia
1266 5543 1431 5596 animi
1460 5541 1739 5596 relaxandi
1779 5542 1950 5608 gratia
1985 5556 2108 5594 cum

548 5628 717 5684 sociis
734 5630 960 5685 annexis
987 5646 1233 5700 pererro,
1257 5633 1498 5688 occurrit
1522 5631 1836 5701 properanti
1869 5630 2112 5683 :militate

543 5732 684 5775 cana
707 5719 983 5793 desipiens
1011 5736 1201 5784 senex,
1242 5723 1570 5780 cadaverosa
1622 5722 1820 5789 facies,
1866 5730 1916 5776 et
1953 5722 2108 5790 plane

2176 476 2564 530 morticiuium.
2609 475 2759 530 Illius
2782 475 2846 529 ad
2874 475 3016 530 latus
3051 475 3226 545 pueri,
3261 490 3421 531 senes
3441 517 3458 543 ,
3487 476 3729 547 juvenes:

2171 573 2225 619 et
2256 580 2319 618 ex
2352 565 2442 617 vili
2493 564 2623 619 faece
2667 564 2950 619 hominum
2999 566 3204 634 plures,
3256 568 3350 635 qui
3392 570 3734 637 perridiculis

2173 656 2319 710 illius
2345 655 2533 724 gestis,
2580 655 2851 725 dictisque
2899 656 3151 711 oblectati
3201 658 3730 716 concomitabantur.

2172 744 2393 815 Inquiro
2426 746 2555 816 quid
2583 747 2688 801 hoc
2732 747 2807 801 rei
2837 756 3003 803 esset.
3045 750 3246 803 Omnes
3272 756 3327 802 et
3351 750 3585 805 maxime
3613 768 3737 821 pru-

2173 838 2448 894 dentiores
2500 836 2830 907 respondent
2882 838 3031 892 illum
3113 839 3534 895 Acberonticum
3615 857 3735 898 esse

2176 940 2382 990 senem,
2412 927 2642 995 ideoque
2669 936 2943 988 truncum,
2969 934 3024 982 et
3045 928 3228 982 album
3252 930 3491 985 colorem
3523 932 3591 984 ab
3620 944 3735 985 atro

2175 1031 2285 1071 non
2329 1018 2467 1070 ultra
2506 1015 2839 1071 discernere.
2870 1015 3278 1087 Proptereaque
3309 1035 3376 1072 ex
3415 1020 3570 1075 malis
3593 1022 3737 1076 illius

2178 1114 2419 1162 astantes
2452 1106 2612 1160 ludos
2641 1107 2746 1162 sibi
2788 1105 2968 1162 facere
3006 1128 3017 1162 :
3050 1108 3163 1177 jam
3198 1110 3341 1163 enim
3370 1113 3738 1179 compleverat

2178 1212 2352 1253 annos
2380 1207 2597 1255 centum
2639 1206 2694 1253 et
2723 1198 2966 1267 triginta.
3016 1198 3128 1269 Ego
3165 1204 3424 1269 puerulus
3452 1204 3588 1257 nihil
3616 1220 3737 1259 cum

2180 1289 2364 1344 animo
2395 1300 2505 1343 tum
2538 1290 2759 1359 agitavi.
2789 1291 2859 1343 At
2898 1290 3238 1360 subgrandes
3271 1303 3326 1348 et
3364 1301 3544 1349 mente
3581 1310 3741 1349 senes

2181 1380 2427 1442 aderant,
2456 1380 2510 1434 in
2539 1379 2694 1448 jocos
2726 1379 2992 1437 transfusi
3032 1398 3045 1433 :
3085 1380 3229 1437 Bene
3272 1398 3394 1438 sese
3424 1399 3511 1438 res
3555 1384 3739 1449 habet,

2182 1470 2481 1525 clamitant.
2514 1470 2581 1525 Et
2625 1473 2749 1541 quis
2794 1479 2933 1527 teste
2967 1474 3186 1527 oculato
3231 1473 3335 1527 hoc
3371 1475 3444 1528 ita
3482 1491 3607 1531 esse
3636 1493 3742 1531 non

2182 1557 2518 1612 convicerit?
2547 1560 2671 1623 Alii,
2707 1559 2826 1613 Non
2861 1560 2925 1614 ad
2966 1569 3155 1623 testes,
3180 1561 3271 1630 qni
3306 1563 3439 1615 nulli
3467 1571 3617 1624 sunt,
3648 1566 3741 1619 sed

2187 1647 2255 1702 ad
2306 1656 2660 1703 monumenta
2696 1650 3069 1705 ecclesiastica
3115 1666 3496 1720 provocamus.
3550 1654 3747 1709 Arrisit

2195 1737 2394 1793 .lictum
2429 1740 2707 1803 omnibus,
2763 1742 3136 1812 continuoque
3183 1741 3249 1797 ad
3290 1744 3575 1798 ecclesiam
3623 1759 3748 1813 pro-

2187 1830 2378 1900 gressi,
2410 1830 2675 1886 advocato
2704 1833 2965 1901 parocho,
2998 1833 3215 1895 librum.
3251 1834 3303 1887 in
3342 1849 3450 1903 quo
3483 1850 3642 1890 sacro
3667 1837 3747 1889 ln-

2187 1934 2351 1976 vacro
2396 1921 2751 1977 intinctorum
2802 1924 3022 1977 nomina
3068 1925 3480 1994 consignantur.
3533 1926 3750 1979 curiose

2188 2014 2518 2077 exatninant,
2548 2020 2605 2067 et
2640 2028 2784 2067 anno
2820 2014 2959 2068 H62
2998 2029 3193 2068 nomen
3233 2030 3611 2084 agnumenque
3653 2015 3752 2068 ho-

2190 2100 2374 2167 minis,
2405 2103 2473 2157 de
2510 2103 2667 2172 cujus
2701 2111 2862 2159 aetate
2907 2103 3289 2174 ambigebatur
3314 2144 3328 2168 ,
3363 2104 3600 2158 dilucide
3655 2119 3756 2158 ex-

2192 2205 2493 2261 presseque
2552 2193 2854 2264 reperiunt,
2907 2193 3144 2264 indeque
3189 2195 3551 2265 colligebatur
3605 2209 3755 2249 anno

2198 2279 2367 2346 1520,
2433 2281 2520 2335 vel
2572 2282 2758 2346 circa,
2810 2290 3007 2338 sancto
3067 2280 3363 2337 Francisco
3435 2282 3750 2338 familiaris-

2194 2373 2329 2427 sime
2364 2388 2546 2438 usum,
2593 2374 2906 2444 multasque
2951 2391 3043 2431 res
3091 2376 3437 2431 sermonibus
3472 2390 3578 2429 una
3615 2376 3754 2430 inter

2194 2478 2254 2518 se
2304 2463 2562 2533 agitasse.
2621 2462 2686 2517 Et
2738 2464 2785 2519 is
2839 2465 3056 2520 tandem
3109 2479 3274 2520 senex
3339 2466 3545 2519 delirus
3591 2464 3749 2519 celeri

2195 2550 2364 2621 gradu
2398 2568 2494 2621 per
2522 2554 2700 2609 scalas
2728 2553 2928 2609 mdium
2957 2570 3277 2624 properans,
3327 2564 3615 2625 antequam
3654 2570 3753 2625 ego

2195 2637 2361 2693 Paula
2385 2640 2757 2705 abscederem,
2798 2658 3037 2713 praeceps
3068 2646 3121 2698 in
3159 2652 3322 2713 caput
3350 2644 3592 2714 dejectus
3631 2645 3756 2698 ani-

2194 2742 2337 2781 mam
2367 2728 2580 2783 ell'udit.
2609 2730 2674 2784 Et
2706 2730 2820 2786 hac
2848 2731 2916 2786 de
2948 2731 3247 2786 macrobiis
3275 2748 3375 2785 usu
3406 2747 3527 2787 meo
3567 2732 3758 2801 explo-

2195 2819 2329 2873 ratis
2352 2818 2572 2883 adduxi,
2600 2827 2661 2874 ut
2686 2821 3154 2891 quingentesimum
3181 2830 3538 2876 memoratum
3572 2834 3602 2872 a
3635 2818 3760 2873 Nilo

2196 2909 2251 2964 in
2283 2909 2384 2964 hac
2408 2910 2640 2978 epistola
2671 2911 2990 2981 conjectura
3031 2912 3169 2968 satis
3200 2912 3493 2983 probabili,
3525 2920 3580 2966 et
3605 2910 3759 2965 dein-

2196 3012 2324 3067 ceps
2346 2998 2511 3052 vitam
2534 2999 2775 3068 ejusdem
2807 2998 3231 3061 diuturniorem,
3263 2998 3331 3053 de
3357 2997 3514 3066 cujus
3545 2995 3762 3064 longin-

2196 3091 2405 3158 quitate
2435 3088 2571 3142 nihil
2609 3098 2817 3144 certum
2867 3088 3125 3151 refertur,
3179 3088 3425 3157 proxime
3455 3086 3523 3141 ad
3571 3099 3761 3139 verum

2197 3181 2456 3236 accedere
2505 3181 2906 3251 colligeremus.
2960 3180 3115 3247 Quod
3165 3183 3210 3235 si
3264 3179 3609 3235 commodum
3649 3191 3760 3230 non

2195 3273 2487 3340 videbitur,
2516 3274 2759 3330 dicemus
2800 3275 2856 3328 in
2896 3288 2961 3328 ea
2990 3272 3222 3343 epistola
3253 3271 3434 3327 Nilum
3469 3285 3760 3325 numerum

2199 3362 2469 3432 integrum
2522 3374 2577 3417 et
2632 3363 2961 3433 completum
3020 3376 3121 3431 pro
3190 3361 3519 3441 incompleto
3587 3366 3756 3427 atque

2198 3462 2451 3508 truncato
2481 3468 2798 3523 usurpasse.
2843 3462 2903 3508 ut
2950 3452 3303 3522 adjunetione
3353 3450 3517 3505 simili
3579 3448 3764 3503 incre-

2199 3552 2441 3598 mentum
2468 3558 2582 3596 sua:
2610 3542 3064 3597 demonstrationi
3094 3547 3286 3595 contra
3316 3537 3535 3594 Iudaeos
3567 3539 3760 3591 conci-

2198 3636 2389 3700 liaret;
2420 3634 2577 3704 cujus
2602 3634 2846 3702 exempla
2871 3634 2925 3686 in
2949 3634 3124 3688 sacris
3155 3646 3372 3702 quoque
3400 3629 3622 3684 Litteris
3656 3628 3768 3684 l‘re-

2199 3728 2424 3796 quentia
2464 3735 2594 3780 sunt
2636 3744 2649 3779 :
2695 3725 2785 3779 sed
2836 3741 3043 3778 summa
3077 3739 3265 3792 sequor
3305 3722 3522 3790 fastigia
3565 3736 3763 3773 rerum.

2202 3817 2306 3872 Sed
2336 3817 2571 3871 Mauritii
2601 3817 2728 3870 anni
2759 3832 3018 3886 perquam
3040 3816 3357 3885 longissime
3392 3815 3581 3867 remoti
3608 3821 3762 3866 sunt.

2201 3908 2336 3964 Tum
2387 3910 2531 3964 enim
2594 3908 2747 3963 Nilus
2804 3914 3147 3977 prorogassct
3208 3907 3472 3961 terminos
3527 3906 3649 3957 vitae
3686 3903 3761 3956 ad

2200 4018 2403 4057 annum
2438 4002 2559 4055 176.
2607 4000 2713 4070 Ego
2747 3999 2967 4069 quidem
3002 4000 3106 4054 hoc
3159 3997 3392 4052 formido
3434 3995 3679 4058 credere,
3714 4004 3772 4048 et

2200 4092 2360 4161 cujus
2412 4089 2516 4143 ﬁde
2565 4089 2821 4143 credam?
2867 4087 3043 4142 Credo
3074 4087 3241 4141 Deum
3300 4087 3402 4140 hoc
3457 4100 3623 4154 posse
3652 4101 3666 4136 :
3694 4098 3769 4135 an

2204 4183 2418 4246 fecerit,
2463 4197 2529 4237 ex
2562 4181 2780 4253 ingenio
2823 4180 3055 4249 quisque
3105 4194 3206 4233 suo
3252 4176 3416 4231 addat
3473 4178 3557 4229 vel
3587 4175 3776 4230 demat

2206 4271 2388 4325 ﬁdem.

2275 4359 2380 4415 Sed
2410 4358 2776 4414 hallucinatus
2805 4366 2887 4413 est
2907 4356 3289 4429 Caryophilus.
3324 4357 3473 4411 Esto.
3510 4350 3611 4406 Sed
3636 4364 3769 4403 cum

2204 4453 2409 4508 Graecis
2436 4452 2491 4506 in
2541 4451 2840 4520 Menologio
2861 4448 3193 4508 Graecorum,
3220 4463 3366 4503 nunc
3392 4459 3599 4517 quoque
3629 4442 3781 4497 adde

2208 4544 2678 4600 accuratissimum
2702 4540 2981 4605 Sirletum,
3007 4541 3122 4611 qui,
3140 4536 3523 4593 utverosimile
3539 4542 3642 4599 est,
3661 4549 3783 4587 non

2205 4649 2269 4689 ex
2301 4633 2557 4704 pr0priis,
2595 4631 2690 4686 sed
2720 4647 2784 4685 ex
2812 4629 3091 4686 codicibus
3122 4628 3346 4687 Graecis.
3385 4628 3605 4695 illisque
3635 4624 3786 4678 forte

2207 4724 2627 4794 antiquissimis,
2661 4737 2786 4777 cum
2830 4721 3030 4792 quibus
3081 4717 3409 4773 hallucinari
3475 4715 3669 4769 maluit
3724 4714 3784 4765 in

2209 4828 2307 4869 sua
2335 4811 2803 4881 lnterpretatione,
2839 4825 3002 4880 quam
3059 4807 3330 4863 demendo
3372 4821 3574 4859 nomen
3627 4802 3787 4855 Mau-

2209 4904 2342 4967 ritii,
2374 4902 2441 4957 de
2472 4902 2611 4956 mala
2646 4901 2750 4955 ﬁde
2782 4916 2894 4954 sua:
2941 4898 3413 4969 lnterpretationis
3466 4898 3522 4950 in
3566 4894 3781 4949 crimen

2208 4995 2416 5058 vocari,
2435 5002 2491 5047 et
2520 4994 2817 5049 accersitus
2839 4992 3047 5061 judicio
3071 4990 3138 5046 de
3165 4990 3251 5045 sui
3283 4989 3610 5060 purgatione
3627 5000 3791 5041 com-

2211 5085 2483 5140 mentaria
2510 5084 2769 5139 scribere.
2804 5082 2947 5148 Quid
2981 5083 3027 5137 si
3055 5081 3263 5137 diceret
3289 5081 3456 5133 alium
3481 5093 3605 5134 esse
3628 5076 3795 5129 hunc

2208 5176 2410 5243 Nilum,
2436 5184 2490 5233 et
2515 5192 2623 5232 non
2651 5174 3361 5246 Constantinopolitanum?
3402 5171 3458 5226 ld
3502 5184 3686 5240 neque
3718 5183 3795 5224 ex

2211 5267 2528 5324 Graecorum
2570 5267 2896 5338 Menologio.
2944 5283 3121 5337 neque
3149 5281 3215 5321 ex
3247 5264 3448 5319 Sirleto
3481 5260 3800 5324 evincitur,

2212 5375 2336 5415 cum
2364 5359 2953 5427 Constantinopolitani
2998 5358 3201 5427 scripta
3235 5364 3291 5412 et
3324 5370 3414 5411 res
3466 5363 3626 5425 gesta!
3662 5366 3807 5405 ma-

2209 5453 2316 5521 jori
2342 5465 2441 5505 sua
2467 5459 2621 5520 parte
2649 5450 2925 5519 descripta
2954 5448 3146 5506 eodem
3170 5448 3260 5505 die
3288 5448 3506 5515 utrique
3525 5444 3811 5498 tribuan-

2216 5551 2323 5595 ιιιιδ,

2291 5630 2533 5685 Fuerunt
2560 5630 2652 5684 alii
2692 5644 2910 5700 quoque
2949 5630 3004 5684 in
3033 5628 3198 5696 hujus
3228 5626 3331 5681 Nili
3364 5624 3616 5681 laudibus
3649 5620 3809 5676 etfu-

2227 5723 2422 5778 siores.
2470 5720 2798 5779 Franciscus
2831 5719 3001 5776 Zinus
3045 5719 3276 5791 epistola
3313 5719 3378 5772 ad
3417 5712 3823 5777 Augustinum
