4024 6218
235 271 307 336 33
1424 266 1734 329 NOTITIA
1788 267 1871 328 IN
1924 268 1984 327 S.
2018 267 2285 328 NILUM.
3409 276 3484 342 3L

238 383 522 441 Valeriam
569 382 892 453 episcopum
920 379 1291 438 Veronensem
1331 381 1399 439 de
1440 382 1501 438 S.
1535 384 1808 455 Eplmem,

236 479 383 544 Nilo,
416 476 605 530 Marco
638 481 693 529 et
731 474 876 529 isaia
914 490 928 529 ε
967 471 1145 544 Neque
1204 477 1310 544 ipsi
1364 478 1691 545 episcopatui
1722 486 1812 530 tuo

237 578 409 627 essent
455 568 747 621 indecores.
782 564 921 619 Sunt
966 566 1106 619 enim
1150 566 1384 621 homines
1429 568 1593 639 frugi,
1635 569 1814 637 exigui

237 670 504 729 sumptus,
544 665 594 711 et
638 672 845 726 magna:
872 655 1149 708 utilitatis.
1179 654 1372 711 Tacere
1395 658 1567 711 sciunt
1593 660 1646 711 in
1674 659 1811 721 loco,

236 765 311 816 et,
351 767 471 805 cum
505 764 634 816 opus
663 755 764 810 est,
800 746 964 816 loqui.
1004 746 1188 800 Valent
1222 748 1445 818 ingenio.
1477 748 1672 818 Magno
1690 756 1813 803 sunt

240 856 417 895 rerum
453 854 574 899 usu,
609 836 858 889 doctrina
887 843 936 888 et
970 834 1253 903 prudentia
1286 838 1501 904 praditi
1530 838 1812 907 singulari,

241 932 377 989 Cum
406 927 711 984 domesticis
738 927 843 979 tuis
869 936 1079 996 propter
1105 934 1315 982 sanctos
1345 943 1812 999 suavesquemores

235 1020 471 1092 jucunde
501 1017 870 1072 versabantur.
909 1016 968 1071 Si
999 1017 1288 1073 invisendte
1317 1020 1411 1072 tibi
1447 1028 1602 1074 erunt
1638 1018 1817 1073 Eccle-

240 1115 337 1167 sia
385 1122 510 1171 tuae.
564 1110 641 1163 vel
694 1110 750 1162 in
787 1109 1019 1172 civitate,
1066 1109 1144 1162 vel
1189 1109 1244 1162 in
1286 1119 1396 1163 tota
1448 1110 1679 1175 dites-esi,
1713 1124 1814 1179 quo

241 1204 455 1277 quidem
483 1202 805 1256 uisitationis
858 1215 1070 1255 munere
1119 1202 1352 1254 omnium
1398 1202 1730 1271 gravissimo,
1764 1210 1814 1256 et

245 1296 666 1351 laboriosissimo
711 1293 1110 1362 diligentissime
1154 1292 1387 1363 fungaris
1418 1310 1435 1347 :
1471 1295 1517 1346 si
1549 1303 1815 1346 monaste-

245 1390 330 1441 ria
355 1387 617 1457 virginum
648 1394 738 1437 ant
771 1385 1165 1446 monachorum,
1204 1386 1249 1439 si
1280 1386 1565 1440 seminaria
1605 1384 1814 1447 tua,vel

248 1481 525 1547 antiquum
558 1475 918 1543 acolythorum
940 1474 1006 1527 ab
1042 1474 1274 1544 Eugenio
1305 1476 1331 1530 1
1346 1476 1407 1539 γ,
1441 1493 1644 1530 summa
1674 1476 1815 1530 Pon-

252 1567 396 1635 tiﬁce
440 1565 752 1625 institutum,
782 1572 831 1615 et
865 1578 898 1615 a
938 1563 1293 1631 superioribus
1327 1566 1603 1633 episcopis,
1642 1575 1692 1619 et
1726 1582 1816 1619 ca—

252 1657 558 1709 nonicorum
586 1652 818 1721 capitulo
845 1653 966 1705 bene
992 1668 1196 1723 semper
1228 1655 1687 1719 administratum,
1708 1673 1737 1708 η
1767 1664 1816 1709 te

257 1759 376 1796 vero
411 1742 622 1809 miriﬁce
660 1751 898 1806 auctum,
935 1751 1093 1809 atque
1128 1752 1462 1806 exornatum,
1506 1744 1586 1797 vel
1625 1759 1816 1797 novam

255 1830 545 1885 incredibili
601 1830 799 1894 studio,
826 1844 978 1893 cura,
1005 1840 1054 1885 et
1085 1831 1360 1903 diligentia
1389 1842 1479 1886 tua
1517 1848 1580 1887 ex
1610 1833 1817 1888 decreto

247 1933 300 1977 st
335 1923 591 1975 institutis
620 1923 791 1974 sancti
824 1920 1121 1975 Tridentini
1148 1926 1359 1977 concilii
1390 1933 1618 1979 erectum
1654 1935 1703 1978 et
1735 1926 1816 1979 lo-

245 2013 574 2081 cupletatum
614 2026 635 2062 .·
671 2013 719 2066 si
753 2011 1147 2077 derelictorum,
1180 2024 1231 2069 et
1266 2016 1640 2071 derelictarum
1676 2017 1816 2084 loca,

247 2108 307 2160 in
334 2121 451 2174 qua:
483 2118 685 2158 summa
722 2120 841 2157 cum
877 2104 973 2159 Dei
1020 2105 1239 2169 honore.
1276 2118 1324 2161 et
1375 2109 1540 2163 totius
1586 2110 1818 2163 civitatis

246 2194 551 2257 commodo,
573 2206 619 2247 et
653 2195 841 2248 latitia
866 2210 1044 2249 omnes
1073 2199 1345 2267 utriusque
1364 2214 1519 2253 sexus
1541 2212 1819 2267 pauperes,

246 2284 463 2354 passim
515 2293 672 2336 antea
729 2295 978 2354 vagantes
1030 2286 1107 2338 ita
1157 2288 1484 2358 congessisti,
1540 2297 1594 2340 ut
1640 2288 1819 2342 nullus

255 2374 497 2443 amplius
531 2374 677 2442 inops
707 2382 757 2428 et
789 2378 1047 2432 mendicus
1082 2378 1133 2431 in
1159 2378 1286 2433 urbe
1315 2381 1497 2450 vagari
1530 2382 1822 2448 comperio.

252 2476 369 2529 tur;
390 2465 445 2519 si
458 2465 771 2533 hospitalia,
793 2482 1009 2535 quorum
1037 2470 1357 2538 principatum
1385 2480 1439 2524 tu
1458 2487 1639 2525 curam
1659 2473 1823 2542 geris;

249 2558 304 2612 si
347 2556 487 2620 lites,
528 2555 830 2622 discordia,
884 2560 1183 2614 inimicitia:
1222 2561 1566 2629 dirimendis;
1622 2564 1669 2616 si
1714 2577 1822 2630 pas:

256 2649 395 2702 inter
423 2647 554 2701 cives
582 2649 921 2703 concilianda
950 2652 1160 2720 ubique,
1194 2668 1396 2721 semper
1424 2653 1569 2706 dulci
1592 2654 1822 2722 quadam

260 2739 519 2792 suavitate
559 2749 608 2791 et
642 2741 943 2807 eloquentia
990 2742 1093 2796 illa
1126 2742 1453 2808 Christiana,
1484 2761 1646 2813 quam
1680 2754 1734 2797 tu
1768 2745 1823 2801 in

262 2831 517 2896 prteclara
534 2830 632 2883 illa
659 2841 751 2883 tua
770 2831 1031 2885 rhetorica
1053 2833 1411 2888 ecclesiastica
1432 2844 1539 2887 tam
1560 2836 1825 2905 eleganter

257 2921 503 2990 docteque
538 2921 729 2985 tradis,
759 2931 866 2976 etc.
898 2922 961 2976 Et
992 2925 1220 2993 epistola
1254 2926 1321 2978 ad
1351 2925 1630 2996 Aloysium
1661 2926 1825 2996 Lipo-

256 3024 480 3063 manum
515 3008 812 3081 Opusculis
840 3010 945 3064 Nili
978 3020 1031 3067 et
1061 3012 1224 3067 Marci
1249 3012 1467 3084 praeﬁxa
1501 3034 1513 3068 :
1546 3014 1677 3069 Sunt
1703 3030 1826 3085 pro-

254 3097 393 3167 fecto
420 3098 631 3153 abbates
661 3100 752 3153 isti
776 3102 1099 3156 auctoritate
1140 3120 1345 3174 graves,
1374 3105 1606 3174 plurimo
1647 3121 1823 3159 rerum

253 3202 397 3253 usu,
450 3199 499 3242 et
544 3190 799 3246 doctrinis
848 3194 1140 3249 caelestibus
1193 3196 1405 3251 eruditi.
1462 3196 1825 3251 Admiraberis

253 3295 436 3332 acrem
456 3283 701 3335 eorumin
718 3285 1039 3354 corrigendis
1060 3287 1197 3341 vitiis
1223 3289 1553 3357 gravitatem,
1573 3290 1825 3342 eximiam

253 3372 309 3425 in
338 3372 591 3428 docendis
612 3374 923 3439 virtutibus,
956 3385 1005 3429 et
1036 3378 1180 3431 bonis
1223 3379 1454 3433 moribus
1476 3379 1821 3450 diligentiam,

254 3463 580 3534 singularem
632 3464 686 3519 in
733 3467 1054 3535 exponendis
1110 3469 1399 3537 Scripturis
1455 3470 1822 3525 eruditionem.

262 3554 541 3609 Pervcrsas
567 3557 725 3626 hujus
753 3560 925 3611 (etatis
957 3556 1008 3612 in
1038 3561 1285 3629 religione
1307 3560 1370 3614 de
1403 3561 1526 3630 ﬁde,
1550 3571 1598 3615 et
1628 3563 1823 3632 gratia,

254 3658 302 3701 et
333 3647 578 3715 operibus
600 3649 891 3717 opiniones,
916 3660 1068 3721 atque
1090 3651 1224 3705 alios
1246 3669 1466 3715 errores,
1485 3664 1534 3708 et
1559 3653 1825 3708 hominum

255 3736 465 3805 ﬂagitia
500 3737 577 3789 ita
605 3745 818 3802 norunt,
851 3740 927 3791 sic
955 3740 1298 3806 insectantur,
1333 3752 1488 3812 atque
1534 3752 1826 3812 coarguunt

256 3834 313 3878 ut
340 3843 446 3879 non
480 3826 662 3879 multis
694 3828 903 3881 swculis
926 3831 1112 3897 procul
1143 3832 1209 3884 ab
1251 3833 1519 3886 hominum
1546 3842 1823 3887 consuetu-

259 3915 377 3968 dine
403 3918 457 3968 in
485 3915 710 3969 tenebris
739 3932 898 3985 prope
924 3917 1115 3983 sepulti
1146 3919 1407 3988 jacuisse,
1438 3922 1528 3975 sed
1556 3920 1827 3974 nobiscum

266 4006 476 4059 assidue
508 4009 838 4062 versaticsse
879 4010 1179 4063 videantur.
1235 4010 1461 4066 Photius
1509 4012 1563 4065 in
1624 4012 1827 4066 Biblio-

267 4097 443 4160 theca,
466 4096 585 4151 cod.
605 4098 726 4166 201,
756 4109 810 4154 et
844 4100 959 4161 alii,
980 4117 1118 4171 quos
1151 4102 1293 4157 inira
1322 4104 1647 4159 videbimus.
1674 4100 1829 4159 Nunc

269 4202 404 4241 vero
428 4202 535 4242 non
571 4190 664 4244 abs
697 4206 754 4247 re
780 4192 947 4248 fuerit
976 4195 1088 4248 duo
1123 4194 1175 4247 in
1206 4192 1353 4249 hunc
1381 4204 1633 4250 sanctum
1665 4196 1829 4252 Disti-

270 4276 377 4329 cha
417 4291 483 4330 ex
516 4277 665 4332 codd.
704 4296 809 4336 ms.
847 4283 1199 4352 praemittere.

257 4383 613 4461 δίεμαι-’μὲν
636 4387 802 4461 ἄρδει
830 4388 941 4461 τῆς
966 4390 1228 4458 ἀνύδρου
1269 4392 1370 4459 τὰς
1398 4393 1615 4461 νάπας,

255 4454 473 4529 ﬂuido;
508 4456 577 4529 δέ
601 4454 830 4511 morior
852 4454 1142 4529 ἐκπιαίνέι
1175 4454 1444 4529 καρδίας.

255 4525 481 4597 ᾼῘειξσζου
507 4526 654 4597 ab;
675 4527 955 4595 ποταμοῖο
977 4532 1125 4596 ῥόος
1162 4525 1349 4597 χθόνα
1380 4525 1503 4586 εἶδε
1550 4533 1826 4594 ποτίζειν.

254 4594 481 4645 Νείλου
504 4590 557 4645 δ’
580 4590 657 4649 αὖ
678 4590 964 4665 μονᾰχοῖο
978 4590 1397 4667 ζιόγοςξρρένας
1416 4599 1575 4656 εἶδεν
1597 4590 1828 4657 latrent.

256 4702 488 4757 Necnon
520 4712 575 4759 et
608 4705 699 4760 illa
734 4721 798 4761 ex
836 4708 1138 4781 Menologio
1176 4710 1487 4768 Graecorum
1522 4731 1537 4767 :

326 4816 642 4887 Αιγυπτον
676 4817 837 4887 ἇρὸει
867 4821 1103 4887 Νεῖλος,
1133 4823 1293 4878 ἀλλὰ
1330 4825 1427 4878 καί
1452 4826 1656 4879 κτίσιν

333 4885 507 4952 Λόγῳ
538 4886 812 4954 κατάρδει
837 4890 934 4943 καὶ
966 4885 1162 4944 θαι-ὼν
1204 4892 1418 4959 Νεῖλος
1444 4894 1651 4965 μέγας.

259 4994 665 5064 interpretatus
694 5008 779 5055 est
820 4999 1173 5058 doctissimus
1210 5002 1518 5060 Possinus:

336 5085 505 5163 IAVilus
540 5087 828 5163 Canopum,
854 5092 1027 5157 maior
1046 5093 1129 5146 hic
1158 5094 1300 5163 [ante
1333 5096 1511 5163 ingens

329 5155 531 5211 Orbem
564 5155 858 5214 universum
892 5155 949 5213 et
974 5155 1211 5217 mortuus
1241 5155 1408 5217 Nilus
1430 5168 1588 5236 rigat.
1639 5225 1643 5230 ,

259 5268 677 5327 Iinncstissima:
729 5285 993 5329 matronae
1046 5276 1393 5333 matrimonio
1431 5291 1658 5348 Junctus
1689 5281 1827 5337 duos

256 5375 323 5412 ex
390 5359 478 5413 illa
519 5364 761 5431 suscepit
810 5365 987 5428 ﬁlios,
1046 5381 1251 5421 marem
1283 5377 1335 5422 et
1368 5368 1644 5425 feminam.
1676 5370 1828 5426 Uxor

258 5446 328 5492 ab
358 5446 548 5499 eodem
591 5446 809 5502 inducta
848 5465 953 5503 una
987 5467 1106 5504 cum
1139 5453 1247 5505 lilia
1292 5455 1345 5508 in
1373 5455 1590 5527 Αῖκγρῐί
1633 5475 1823 5513 mona-

259 5534 432 5585 steria
480 5536 780 5605 immigrat.
822 5539 942 5609 Ipse
964 5556 1087 5597 cum
1124 5541 1407 5598 Theodqu
1445 5548 1555 5600 ﬁlio
1588 5547 1822 5603 Sinteum

260 5635 503 5681 montem
532 5636 800 5696 occupat,
838 5639 894 5684 ut
923 5642 1237 5689 sanctorum
1279 5636 1497 5691 Patrum
1525 5650 1822 5695 consuetu-

1910 384 2042 439 dine
2098 382 2394 438 lrueretur.
2453 380 2770 439 Tbeodulus
2834 400 2865 438 a
2920 384 3176 444 Barbaris
3229 391 3483 460 captivus

1912 468 2090 523 iactus
2118 478 2240 538 post
2267 469 2435 522 multa
2468 471 2589 525 vita:
2619 472 2859 540 pericula
2885 487 2950 526 ac
2970 474 3229 540 laniatus,
3260 478 3482 534 tandem

1917 559 1985 613 ab
2019 560 2279 629 episcopo
2309 559 2615 630 redimitur,
2651 571 2707 617 et
2751 570 2942 618 sancta
2982 573 3037 618 et
3075 567 3329 637 religiosa
3372 571 3484 626 vita

1910 649 2231 719 perfunctus
2262 651 2499 705 animam
2535 650 2647 706 Deo
2678 653 2932 709 reddidit.
2973 655 3132 711 Hunc
3185 657 3354 713 Graeci
3406 662 3484 715 uti

1912 741 2151 810 reliquos
2192 741 2486 797 sanctitate
2538 743 2769 797 eximios
2806 743 2998 809 viros,
3048 756 3385 802 venerantur
3428 757 3487 804 et

1916 831 2104 886 colunt
2134 832 2224 888 die
2280 833 2488 888 decima
2537 842 2733 903 quarta
2776 832 3049 890 Januarii.
3114 837 3483 908 Mcnologium

1915 920 2287 977 Basilianutn:
2322 923 2400 993 Τῇ
2431 922 2568 994 αὐτῇ
2603 924 2784 994 ἡμέρα
2821 927 3008 994 μνήμη
3049 926 3144 979 τοῦ
3173 928 3323 980 ὁσίου
3362 929 3481 981 Πα-

1913 1011 2041 1080 apo;
2084 1012 2243 1081 ήμῶν
2289 1010 2598 1067 Θεοδούὶου.
2632 1006 2805 1074 Οὗτος
2847 1013 3092 1084 ὑπῆρχεν
3130 1015 3247 1077 υίὸς
3286 1018 3481 1071 Νείλου

1915 1100 2007 1155 τοῦ
2051 1103 2214 1170 σοφοῦ
2251 1102 2344 1155 τοῦ
2382 1104 2669 1171 γεγονότος
2706 1105 2804 1173 μὲν
2842 1106 3085 1175 ἐπάρχου
3133 1108 3482 1161 Κωνσταντι-

1914 1193 2216 1255 νουπόλεως
2248 1211 2261 1225 ·
2298 1194 2686 1258 καταλιπόντος
2722 1196 2779 1249 δὲ
2804 1195 2903 1266 τὴν
2934 1196 3092 1260 δόξαν
3123 1196 3218 1249 τοῦ
3250 1198 3481 1268 κόσμου,

1914 1283 2009 1336 καὶ
2060 1282 2383 1346 ἀπελθόντος
2426 1286 2485 1336 ὲν
2522 1284 2597 1354 τῷ
2634 1284 2750 1356 ὅρει
2793 1286 2921 1357 Σινᾷ
2946 1327 2961 1351 ,
3004 1287 3097 1339 καὶ
3147 1288 3485 1357 μονάσαντος

1920 1372 2057 1441 μετά
2103 1372 2196 1425 τοῦ
2233 1373 2352 1426 υίοῦ
2374 1391 2388 1405 ο
2422 1376 2532 1427 τῶν
2572 1375 2668 1428 δύο
2698 1376 2755 1428 δὲ
2794 1377 3149 1447 ὑπαρχόντων
3186 1380 3341 1446 ἐκεῖ,
3389 1382 3487 1437 καὶ

1912 1464 2011 1534 τὴν
2051 1465 2356 1536 ἀσκητικὴν
2394 1465 2670 1519 πολιτείαν
2697 1467 3041 1533 διανυόντων,
3083 1469 3346 1540 ἐξαίφνης
3369 1474 3487 1526 ἑπι-

1914 1554 2187 1609 πεσόντων
2242 1556 2350 1609 τῶν
2388 1556 2688 1627 Βαρϐάρων
2708 1598 2723 1622 ,
2787 1559 2883 1611 καὶ
2936 1560 3263 1630 ἀρξαμένων
3319 1580 3486 1618 κατα-

1916 1643 2140 1712 σφάξειν
2161 1645 2289 1708 τοὺς
2309 1645 2495 1713 ἁγίους
2522 1647 2793 1716 Πατέρας.
2829 1648 2888 1700 '0
2914 1651 3010 1719 μὲν
3030 1650 3219 1714 Νεῖλος
3246 1652 3483 1727 ἠδυνήθη

1916 1738 2130 1803 φυγεῖν,
2155 1737 2184 1788 ό
2216 1736 2272 1789 δὲ
2311 1736 2425 1799 υίὸς
2453 1736 2617 1789 αὑτοῦ
2651 1737 2939 1802 Θεόδουλος
2978 1742 3256 1813 ἐκρατήθη
3283 1745 3484 1815 αἰχμά-

1914 1824 2083 1887 λωτος
2119 1824 2257 1895 μετά
2294 1825 2454 1879 άλλου
2493 1826 2610 1889 ἑνὸς
2639 1828 2783 1890 νέου,
2818 1830 2912 1882 καὶ
2935 1830 3178 1895 δεθέντες
3203 1834 3483 1905 ἐσύροντο.

1928 1917 2308 1987 Ἦπλήκευσαν
2336 1917 2392 1970 δὲ
2431 1917 2480 1969 οἱ
2511 1917 2803 1989 Βάρϐαροι,
2842 1921 2935 1973 καὶ
2965 1920 3244 1978 ἐϐούλοντο
3286 1926 3486 1994 σφάξαι

1915 2007 2039 2070 τοὺς
2082 2008 2275 2072 νέους,
2328 2007 2423 2060 καὶ
2468 2007 2627 2061 θῦσαι
2665 2008 2740 2078 τῷ
2779 2009 2887 2080 πρὸ
2926 2010 3018 2063 τοῦ
3068 2012 3219 2083 ἡλίου
3259 2016 3484 2069 ἀνατέλ-

1915 2097 2057 2151 λοντι
2092 2096 2276 2169 ἄστρῳ
2295 2111 2311 2127 ·
2347 2097 2439 2151 καὶ
2477 2100 2505 2151 ὁ
2534 2099 2631 2167 μὲν
2658 2094 2740 2162 εἷς
2768 2100 2965 2168 ἔφυγεν
2985 2120 2999 2134 ·
3040 2103 3089 2155 οί
3117 2104 3173 2156 δὲ
3202 2105 3480 2178 Βάρϐαροι

1916 2189 2291 2260 κοιμηθέντες,
2318 2188 2411 2242 τοῦ
2437 2190 2589 2259 ἡλίου
2618 2190 3017 2256 ἀνατείλαντος,
3046 2195 3139 2246 καὶ
3162 2195 3258 2249 τοῦ
3284 2196 3485 2267 ἄστρου

1917 2279 2239 2350 κρυϐἐντος,
2292 2279 2392 2331 οὐκ
2434 2279 2672 2348 ἔσφαξαν
2698 2281 2789 2333 τὸν
2822 2280 3129 2338 Θεόδουλον.
3164 2285 3486 2357 Βουλόμενοι

1915 2368 1972 2422 δὲ
2006 2368 2287 2440 πωλῆσαι..
2338 2368 2431 2421 δύο
2474 2370 2668 2439 μόνους
2700 2370 2988 2441 χρυσίνους
3018 2372 3356 2443 ἐλάμϐανον,
3391 2376 3487 2429 καὶ

1917 2459 2215 2529 γυμνώσας
2249 2462 2278 2512 ὁ
2305 2455 2387 2523 εἷς
2425 2460 2485 2512 τὸ
2531 2459 2701 2528 ξίφος,
2734 2461 2895 2531 ἤθελε
2925 2463 3126 2529 σφάξαι
3147 2477 3167 2497 ο
3196 2465 3316 2519 τότε
3357 2466 3488 2534 ὴγό-

1924 2567 2087 2622 ρασεν
2120 2551 2282 2604 αὑτὸν
2314 2554 2343 2604 ὁ
2374 2552 2693 2617 ἐπίσκοπος,
2733 2553 2829 2605 καὶ
2860 2553 3123 2621 ἀπέλυσε,
3172 2556 3268 2608 καὶ
3305 2556 3487 2618 καλῶς

1922 2639 2124 2710 βιώσας
2169 2641 2463 2713 ἐκοιμήθη.
2522 2640 2640 2696 Hoc
2684 2642 2864 2697 eodem
2918 2645 3005 2699 die
3058 2649 3485 2703 commemoratio

1921 2730 1981 2787 S.
2020 2729 2201 2785 Patris
2228 2734 2394 2786 nostri
2437 2731 2712 2786 Theoduli.
2739 2733 2838 2788 Hic
2880 2746 2995 2788 erat
3044 2737 3187 2805 ﬁlius
3235 2739 3486 2805 sapientis

1922 2821 2042 2876 Nili
2068 2823 2284 2891 eparchi
2313 2822 2909 2894 Constantinopolitani,
2936 2829 3046 2897 qui,
3074 2829 3344 2885 mundana
3369 2830 3489 2900 glo-

1921 2914 2061 2968 riola
2110 2917 2457 2981 renuntiata,
2504 2919 2558 2970 in
2611 2926 2838 2971 montem
2886 2917 3121 2975 Sinteum
3157 2937 3486 2991 progressus,

1921 3021 2028 3059 una
2059 3022 2178 3060 cum
2217 3008 2333 3076 ﬁlio
2366 3009 2682 3062 monachum
2727 3009 2921 3064 induit.
2964 3011 3101 3064 Dum
3130 3014 3198 3067 ibi
3232 3014 3491 3069 immora-

1922 3104 2106 3150 rentur
2134 3098 2187 3150 in
2216 3098 2446 3151 ascetica
2487 3098 2772 3167 disciplina
2806 3100 3161 3165 elaborantes,
3216 3101 3491 3171 derepente

1923 3188 2179 3242 Barbaris
2203 3190 2546 3253 irruentibus,
2580 3198 2632 3243 et
2668 3200 2881 3244 sanctos
2904 3191 3028 3245 illos
3058 3191 3247 3246 Patres
3270 3202 3489 3247 contru-

1922 3281 2246 3343 cidantibus,
2282 3280 2441 3335 Nilus
2485 3283 2538 3335 in
2572 3282 2752 3352 fugam
2787 3299 2843 3337 se
2880 3284 3047 3345 dedit,
3075 3285 3222 3353 ﬁlius
3252 3284 3491 3339 Theodu-

1924 3375 2026 3438 lus,
2057 3383 2105 3427 et
2135 3375 2276 3427 alius
2294 3372 2529 3442 ejusdem
2547 3390 2665 3427 cum
2684 3374 2781 3427 illo
2804 3376 2979 3428 celatis
3006 3375 3176 3438 ducti,
3202 3376 3491 3445 evinctiqus

1921 3466 2286 3530 ducebantur;
2334 3465 2424 3519 sed
2453 3482 2571 3519 cum
2612 3475 2810 3518 certum
2864 3465 2917 3518 in
2968 3465 3140 3518 locum
3189 3482 3254 3519 ex
3303 3467 3493 3521 itinere

1923 3558 2153 3612 Barbari
2210 3557 2579 3621 divertissent,
2627 3567 2924 3611 statuerunt
2983 3558 3198 3627 jurenes
3234 3570 3488 3624 mactare,

1923 3665 2110 3719 eosque
2164 3648 2337 3702 stellte
2383 3660 2506 3702 ante
2540 3649 2703 3703 solem
2747 3650 3002 3703 esurienti
3048 3651 3251 3704 hostias
3303 3654 3493 3705 immo.

1924 3743 2077 3797 lare:
2109 3743 2200 3795 sed
2228 3757 2365 3795 unus
2396 3741 2609 3810 quidem
2653 3757 2718 3796 ex
2748 3744 2829 3797 Itis
2876 3743 3002 3811 fuga
3043 3744 3270 3797 salutem
3318 3746 3487 3811 petiit.

1925 3834 2157 3888 Barbari
2196 3848 2314 3886 vero
2343 3834 2489 3901 gravi
2540 3849 2725 3901 sopore
2771 3837 2983 3902 sepulti,
3018 3849 3134 3889 cum
3165 3846 3347 3887 exorto
3381 3835 3491 3888 sole

1927 3923 2083 3977 stella
2118 3922 2437 3987 evanuisset,
2467 3924 2531 3973 ab
2560 3923 2840 3977 occidendo
2875 3923 3135 3977 Theodulo
3162 3939 3346 3976 manus
3365 3924 3491 3976 abs-

1930 4017 2234 4076 tinuerant;
2274 4027 2394 4067 cum
2457 4012 2791 4079 postmodum
2824 4012 2888 4065 de
2915 4030 2974 4066 eo
3008 4014 3227 4080 pecunia
3258 4028 3494 4065 commu-

1931 4107 2090 4160 tando
2119 4104 2486 4164 decrevissent.
2508 4120 2598 4157 nec
2632 4102 2776 4156 ultra
2802 4101 2908 4156 duo
2937 4103 3138 4172 solique
3154 4104 3302 4157 aurei
3330 4105 3492 4172 σπεν-

1929 4205 2134 4257 rentur,
2177 4210 2313 4247 unus
2352 4209 2419 4248 ex
2458 4194 2568 4247 illis
2612 4192 2812 4247 nudato
2854 4192 3031 4263 gladio
3066 4202 3185 4247 eum
3235 4196 3494 4264 conficere

1931 4286 2166 4341 tentabat
2190 4302 2209 4340 :
2252 4293 2359 4337 tum
2394 4286 2668 4354 episcopus
2711 4301 2829 4339 eum
2867 4298 2900 4337 a
2937 4284 3182 4339 Barbara
3204 4296 3491 4353 mercatus,

1930 4380 1987 4432 in
2016 4377 2306 4429 libertatem
2335 4376 2547 4437 exemit,
2576 4376 2666 4445 qui
2696 4391 2814 4428 cum
2834 4392 3083 4445 perquam
3117 4377 3310 4446 optime
3333 4380 3496 4433 vitam

1928 4468 2202 4530 duxisset,
2244 4464 2557 4519 obdormivit
2617 4466 2675 4518 in
2720 4466 2963 4520 Domino.
3030 4467 3096 4520 Et
3150 4468 3388 4523 Sirietus
3437 4472 3492 4524 in

1928 4559 2233 4624 Menulogio
2307 4557 2620 4611 Graecorum
2684 4573 2698 4607 :
2751 4556 2948 4611 Eodem
2993 4559 3079 4612 die
3128 4559 3194 4612 14
3242 4559 3494 4614 Januarii

1932 4649 1989 4704 S.
2030 4649 2305 4703 Theoduli.
2338 4648 2439 4701 ilic
2483 4648 2584 4716 fuit
2633 4649 2779 4717 ﬁlius
2820 4647 2937 4702 Nili
2970 4652 3067 4704 viri
3100 4652 3370 4718 sapientis,
3406 4653 3497 4720 qui
3542 4694 3569 4717 ρ

1931 4740 2113 4793 relicto
2165 4738 2380 4800 sa'culo,
2432 4739 2486 4791 in
2516 4747 2748 4790 montem
2788 4735 2973 4791 Sinam
3011 4754 3066 4790 se
3113 4737 3357 4798 contulit,
3406 4739 3496 4791 ubi

1931 4848 2052 4886 cum
2112 4831 2225 4899 ﬁlio
2264 4830 2426 4883 vitam
2486 4828 2731 4882 monachi
2776 4830 3031 4881 exercuit.
3068 4826 3232 4881 Multa
3294 4829 3495 4897 ingenii

1931 4923 2017 4979 sui
2062 4927 2415 4975 monumenta
2465 4920 2702 4989 posteris
2742 4918 3029 4987 reliquisse
3074 4926 3284 4972 certum
3335 4929 3498 4988 atque

1930 5010 2293 5067 indubitatum
2318 5019 2421 5074 est,
2453 5023 2689 5079 quorum
2722 5022 2851 5077 pars
2882 5022 2992 5062 non
3020 5008 3214 5078 exigua
3243 5016 3494 5077 typorum

1930 5102 2187 5172 praeeidio
2216 5102 2391 5155 lucem
2426 5101 2616 5164 videt,
2665 5113 2794 5169 pars
2834 5098 2887 5153 in
2920 5100 3308 5168 manuscriptis
3354 5101 3497 5169 apud

1930 5192 2403 5248 decantatissimas
2474 5191 2832 5246 bibliothecas
2907 5191 3285 5260 manuscripta
3342 5192 3493 5255 latet,

1930 5297 2059 5352 pars
2086 5282 2250 5336 etiam
2279 5290 2591 5350 temporum
2617 5280 2838 5350 injuriis
2865 5280 3141 5350 deperdita
3172 5288 3276 5336 est.
3307 5279 3497 5349 Neque

1929 5374 2073 5429 enim
2110 5373 2188 5426 illi
2222 5371 2445 5441 copiose
2487 5372 2716 5441 loquens
2747 5372 3050 5443 sapientia,
3092 5387 3270 5443 neque
3310 5387 3493 5427 rerum

1931 5464 1987 5519 in
2021 5462 2322 5530 Scripturis
2352 5463 2708 5519 obscurarum
2750 5465 3084 5533 explanatio,
3119 5479 3296 5533 neque
3324 5469 3495 5518 bonas

1927 5565 2073 5607 artes
2101 5566 2394 5622 moresque
2431 5552 2755 5607 subserendi
2804 5554 3083 5617 studium.
3120 5554 3363 5623 illudque
3396 5570 3492 5606 su-

1925 5658 2171 5715 premum
2194 5642 2387 5701 deluit.
2412 5642 2752 5713 Nicephorus
2774 5644 3033 5700 Callistus
3057 5647 3154 5698 lib.
3177 5659 3263 5698 xiv
3288 5645 3487 5711 εΛόγου
