4024 6218
489 252 559 316 35
1696 249 2005 309 NOTITIA
2046 250 2126 309 IN
2164 250 2222 309 S.
2255 250 2522 310 NILUM.
3670 245 3740 309 36

492 367 548 421 δὲ
587 364 813 434 δυνάμει
840 365 1079 435 κρατῶν,
1109 364 1203 416 καὶ
1228 366 1293 435 τῇ
1337 364 1457 436 θείᾳ
1488 365 1845 437 νευρούμενος
1876 366 2057 436 χάριτι

492 456 901 526 συγγράμματα
959 454 1191 523 διάφορα
1267 453 1582 506 καταλείπει
1641 455 1777 525 πρὸς
1831 457 2062 524 ἄσκησιν

491 549 890 617 ὑπαλείφοντα,
943 544 1087 598 οὓτω
1136 545 1389 617 φράσεως
1436 545 1528 597 καὶ
1595 547 1881 615 νοημάτων
1932 564 2060 615 μετ·

490 643 680 711 έχοντα
705 678 720 704 ,
785 639 858 701 ὡς
907 638 998 691 τὸν
1059 635 1501 704 ἀναγινώσκοντα
1531 636 1747 707 χάριτος
1779 639 2058 707 ἁφρὰστου

486 732 707 801 ἐμπλεω
739 730 1078 782 καθιπὰναι.
1114 727 1181 780 Et
1224 744 1341 780 cunt
1385 728 1695 797 eloquentia:
1726 729 1774 782 vi
1817 729 2055 798 polleret,

486 823 779 893 divinaque
809 823 1001 891 gratia?
1034 821 1205 874 nervis
1239 820 1444 873 validus
1472 830 1626 883 esset,
1658 822 1855 889 scripta
1884 824 2054 886 naria,

483 932 600 983 qua!
639 918 759 968 rita:
805 914 1113 967 monastij
1147 913 1459 966 exercitium
1490 913 1781 975 instruunt,
1823 914 2054 984 reliquit,

482 1006 650 1058 verbis
674 1015 722 1058 et
752 1004 1023 1057 sententiis
1046 1004 1123 1055 ita
1152 1002 1467 1070 composita,
1492 1012 1547 1054 ut
1577 1002 1789 1057 lectoris
1820 1004 2055 1056 animum

482 1100 659 1167 gratia
719 1095 1021 1149 incredibili
1077 1105 1331 1149 recreent.
1384 1096 1442 1149 In
1482 1097 1627 1149 omni
1670 1103 1818 1150 recto
1866 1096 2055 1150 studio

482 1203 535 1243 ct
558 1189 896 1242 humanitate
930 1196 1180 1242 versatus
1212 1186 1499 1257 Philippus
1525 1187 1793 1243 Labbeeus
1820 1189 1873 1241 in
1901 1187 2054 1241 Nova

482 1280 810 1334 Bibliotheca
857 1297 874 1333 :
931 1278 1050 1332 Nili
1099 1279 1681 1347 Constantinopolitani
1728 1279 1787 1335 S.
1821 1279 2052 1334 Joannis

482 1371 848 1438 Chrysostomi
903 1370 1153 1439 discipuli
1207 1371 1377 1424 multa
1433 1372 1620 1439 jacent
1682 1373 1939 1440 opuscula
1997 1373 2053 1425 in

482 1459 876 1514 Parisiensibus
933 1460 1157 1528 aliisque
1212 1460 1572 1526 bibliothecis,
1636 1478 1752 1531 qure
1788 1471 1845 1515 ut
1888 1462 2048 1515 audio

478 1560 738 1617 parantur
767 1550 992 1619 publicis
1031 1551 1256 1603 utilitati
1303 1550 1367 1604 ab
1406 1551 1615 1606 erudito
1645 1554 1948 1621 interprete.
1986 1551 2051 1607 Et

482 1658 607 1712 pag.
640 1642 706 1696 95
732 1663 745 1697 :
786 1641 901 1695 Nili
922 1642 1247 1712 patriarcha:
1279 1641 1862 1712 Constantinopolitani
1890 1662 2049 1714 opera

481 1735 630 1786 uaria
659 1735 711 1786 in
745 1734 897 1787 codd.
931 1734 1107 1803 regiis,
1133 1734 1260 1798 578,
1293 1735 1422 1797 498,
1457 1736 1579 1799 615,
1610 1737 1736 1802 932,
1762 1737 1890 1801 9H,
1919 1737 2045 1800 722,

488 1825 645 1879 1067.
673 1824 831 1890 1662,
864 1825 1023 1887 1587,
1062 1824 1217 1887 1588,
1247 1824 1411 1889 2005,
1448 1825 1607 1881 2218.
1642 1826 1817 1881 Multa
1849 1844 2049 1898 quoque

477 1918 710 1985 ejusdem
743 1917 803 1971 S.
844 1916 957 1969 Nili
987 1917 1243 1986 opuscula
1290 1927 1443 1971 erant
1488 1919 1540 1971 in
1582 1918 1893 1973 bibliotheca
1925 1922 2047 1975 Sir-

476 2007 697 2068 letiana,
726 2022 840 2075 qua:
866 2006 988 2058 aliis
1021 2006 1360 2059 memoranda
1392 2007 1647 2077 relinquo.
1684 2009 1759 2061 Ita
1783 2007 2046 2066 Labbteus

478 2098 564 2151 hic.
598 2109 652 2152 ct
693 2097 819 2152 alibi
858 2114 872 2150 :
908 2094 1088 2150 Josias
1143 2094 1410 2151 Simlerus
1445 2098 1497 2151 in
1549 2096 1797 2168 Epitomc
1832 2098 2044 2156 Gesne-

476 2190 642 2243 rianir
664 2186 1030 2252 Bibliotheca,
1048 2185 1316 2256 Georgius
1335 2185 1606 2243 Draudius
1629 2187 1681 2241 in
1712 2188 2046 2245 Bibliotheca

474 2280 729 2335 classica.

544 2368 701 2422 Hunc
729 2375 980 2424 sanctum
1010 2366 1191 2422 Nilum
1228 2374 1476 2422 nostrum
1498 2374 1734 2422 ascetam
1764 2367 1856 2422 alii
1884 2375 2046 2437 atque

472 2461 563 2515 alii
600 2466 921 2530 nuncupant
975 2459 1424 2527 archiepiscopum
1470 2467 1529 2513 et
1573 2460 1869 2528 episcopum
1899 2459 2042 2514 Con-

469 2552 1028 2620 stantinopolitanum,
1060 2550 1364 2620 perinsigni
1414 2551 1913 2620 manuscriptorum
1944 2565 2041 2604 co-

468 2644 653 2697 dicum
691 2641 959 2713 pravitate
994 2640 1228 2710 decepti.
1278 2638 1523 2696 Joannes
1556 2641 1804 2696 Andreas
1854 2641 2041 2707 Quen-

469 2736 657 2790 stadt:
703 2733 1166 2800 Constantinopoli
1215 2740 1372 2786 natus
1412 2744 1489 2786 est
1536 2731 1695 2786 Nilus
1731 2733 2037 2799 monachus,

465 2822 692 2877 Joannis
724 2821 1094 2891 Chrysostomi
1144 2821 1458 2889 discipulus,
1507 2821 1597 2891 qui
1625 2822 1796 2875 multa
1827 2824 2039 2889 scripsit

466 2918 530 2967 de
564 2914 898 2968 institutione
928 2912 1330 2974 monachorum,
1357 2920 1486 2965 teste
1510 2910 1808 2981 Nicephoro
1832 2912 2034 2968 Histor.

466 3008 559 3061 lib.
584 3023 691 3066 xw.
722 3021 841 3072 cap.
988 3004 1247 3071 Quadam
1267 3004 1381 3072 ejus
1405 3014 1613 3058 exstant
1635 3005 1687 3057 in
1711 3002 2037 3059 Bibliotheca

465 3098 727 3158 Patrum,
762 3106 902 3149 tomo
944 3096 1004 3160 V,
1057 3095 1185 3151 edit.
1242 3095 1296 3150 2.
1339 3094 1639 3163 Separatim
1690 3112 1807 3150 vero
1860 3106 2035 3151 exstat

465 3188 596 3241 liber
624 3185 684 3243 S.
715 3186 832 3239 Nili
863 3185 933 3240 De
962 3186 1274 3241 Christiana
1304 3186 1671 3255 philosophia,
1702 3203 1805 3255 quo
1828 3188 2035 3242 nomine

463 3280 814 3332 monasticam
846 3280 1130 3349 signiﬁcat.
1175 3278 1403 3333 Photius
1433 3279 1486 3332 in
1518 3278 1873 3342 Bibliotheca,
1907 3278 2029 3333 cod.

460 3369 559 3423 201
606 3369 844 3422 :Lectus
902 3378 977 3423 est
1037 3368 1149 3423 Nili
1215 3370 1457 3423 monachi
1512 3369 1669 3436 liber,
1733 3370 1881 3441 τρισὶ
1939 3371 2032 3424 καὶ

463 3460 798 3528 πεντήκοντα
855 3461 949 3513 καὶ
1002 3460 1196 3513 ἑκατὸν
1242 3460 1561 3529 κεφαλαίοις
1626 3460 2023 3531 διαιρούμενος,

460 3550 551 3601 τὸν
579 3549 675 3618 τῆς
701 3550 1008 3619 προσευχῆς
1062 3550 1119 3602 δὲ
1150 3551 1207 3601 ὲν
1244 3547 1455 3611 τούτοις
1487 3552 1516 3603 ὁ
1545 3548 1687 3613 θεῖος
1723 3550 1864 3621 ἀνὴρ
1895 3551 2029 3604 ἁνα-

460 3639 687 3691 πτύσσει
721 3640 910 3692 τύπον.
947 3639 1121 3693 Πολλὰ
1152 3640 1210 3694 δὲ
1256 3641 1350 3695 καὶ
1378 3640 1515 3693 ἄλλα
1557 3640 1722 3694 αὑτοῦ
1751 3640 2024 3711 ἀξιόλογα,

458 3729 711 3791 ποικίλας
754 3730 1037 3793 ὑποθέσεις
1066 3730 1483 3801 ὑποδαλλόμενα
1505 3769 1521 3795 ,
1567 3730 1647 3796 εἷς
1684 3748 1744 3784 τε
1772 3733 1864 3786 τὸν
1910 3734 2028 3786 ἑπι-

459 3817 765 3887 στολιμαίον
794 3820 1013 3889 τρόπον,
1040 3824 1134 3875 καὶ
1157 3822 1236 3884 είς
1258 3821 1319 3874 τὸ
1343 3821 1717 3892 συγγραφικὸν
1745 3822 2025 3894 ἀνηγμένα

457 3910 865 3981 συγγράμματα
892 3912 1140 3983 φέρεται,
1172 3914 1271 3984 τήν
1295 3930 1353 3966 τε
1386 3913 1528 3967 κατὰ
1559 3914 1628 3968 τὰ
1655 3913 1793 3985 ἔργα
1823 3914 2025 3969 τελειό-

451 4019 620 4072 τητα,
672 4005 764 4056 καὶ
805 4005 905 4076 τὴν
957 4006 1014 4057 ὲν
1052 4005 1234 4073 λόγοις
1273 4005 1694 4078 μαρτυρούμενα
1745 4006 1973 4079 δύναμιν
2004 4024 2020 4038 ο

451 4093 506 4143 in
530 4102 737 4145 centum
769 4103 816 4146 et
853 4094 1243 4165 quinquaginta
1288 4097 1394 4149 tria
1425 4098 1606 4164 capita
1648 4097 1871 4162 divisus,
1901 4099 2020 4169 qui-

454 4182 547 4233 bus
605 4182 855 4249 precandi
913 4184 1143 4251 formam
1203 4186 1285 4238 vir
1332 4186 1426 4239 ille
1493 4187 1706 4241 divinus
1757 4190 2017 4256 exposuit.

454 4268 722 4325 Feruntur
749 4272 985 4341 ejusdem
1033 4284 1084 4328 et
1120 4275 1231 4328 alia
1260 4280 1417 4345 plura
1453 4276 1589 4331 lectu
1636 4279 1798 4348 digna
1827 4279 2022 4333 diversi

451 4364 749 4430 argumenti
782 4362 1035 4431 opuscula
1059 4399 1076 4427 ,
1128 4364 1326 4430 partim
1359 4363 1650 4431 Epistolas,
1682 4368 1877 4434 partim
1915 4368 2022 4421 Hi-

448 4455 634 4507 storia:
665 4454 839 4523 forma
876 4456 1213 4523 conscripta,
1247 4471 1363 4524 quae
1409 4471 1513 4509 non
1552 4473 1766 4526 operum
1815 4468 2020 4513 tantum

447 4546 826 4615 perfectionem
849 4546 1128 4615 insignem,
1161 4546 1253 4599 sed
1283 4547 1338 4599 in
1359 4546 1580 4601 dicendo
1606 4564 1806 4619 quoque
1842 4549 2018 4618 facul-

448 4645 609 4690 tatem
641 4635 757 4705 ejus
792 4643 1084 4689 testantur.
1114 4635 1320 4690 lbidem
1358 4636 1463 4690 alia
1490 4638 1732 4708 ejusdem
1765 4639 1866 4694 Nili
1901 4641 2017 4695 An-

446 4728 608 4784 dreas
651 4716 875 4783 Scottus
912 4733 1163 4781 recenset
1206 4728 1471 4797 opuscula
1499 4769 1517 4796 ,
1567 4745 1684 4799 qua:
1732 4732 1787 4785 in
1826 4730 2013 4798 Italia,

446 4821 761 4875 bibliotheca
796 4818 976 4889 Regia,
1028 4830 1076 4872 et
1126 4821 1440 4889 Augustam:
1488 4820 1738 4876 dicuntur
1781 4835 2011 4881 exstare.

448 4912 668 4968 Dubitat
713 4911 1116 4974 nihilominus,
1176 4926 1246 4965 an
1294 4911 1462 4967 unius
1513 4910 1620 4965 Nili
1660 4914 1770 4967 sint
1807 4916 2011 4971 omnia.

447 5003 711 5074 Excerpta
743 5020 810 5059 ex
836 5004 1084 5073 ejusdem
1109 5001 1469 5060 Orationibus
1492 5004 1545 5058 in
1571 5004 1783 5059 Pascha
1814 5007 2012 5076 prima.

445 5106 498 5147 et
525 5097 858 5158 secunda,in
874 5096 1247 5150 Ascensionem
1273 5093 1485 5149 Domini
1519 5097 1716 5166 prima,
1770 5100 2011 5154 secunda

447 5193 502 5238 et
531 5187 690 5239 tertia
722 5188 856 5241 satis
887 5188 1095 5256 prolixa
1123 5187 1349 5241 totidem
1372 5190 1557 5245 verbis
1581 5192 1845 5247 exscrihit
1868 5194 2009 5248 idem

443 5278 669 5333 Photius
721 5279 774 5333 in
829 5279 1016 5334 eadem
1068 5279 1419 5334 Bibliotheca.
1475 5281 1575 5336 llic
1627 5298 1737 5336 non
1798 5285 2007 5355 absque

441 5369 746 5422 oscitantiae
813 5381 942 5422 nata
1005 5370 1377 5439 designandos
1438 5380 1523 5426 est
1553 5376 1783 5443 supinus
1851 5392 2007 5432 error

440 5461 668 5515 Gesneri
717 5468 769 5514 et
812 5459 1060 5525 Simleri,
1094 5462 1146 5514 in
1188 5461 1555 5530 Bibliotheca,
1597 5467 1691 5534 qui
1740 5470 2005 5536 opuscula

441 5552 773 5623 Thcolngica
822 5550 928 5605 Nili
980 5566 1105 5606 cum
1147 5555 1420 5622 capitibus
1462 5555 1720 5611 Diadochi
1774 5562 2006 5617 confun—

438 5647 619 5701 dunt:
658 5647 843 5700 Sancti
884 5644 999 5699 Nili
1048 5644 1329 5700 Orationes
1383 5651 1692 5704 monasticae
1751 5654 1801 5706 in
1846 5653 1999 5709 Vati-

2169 383 2326 430 cona,
2358 364 2629 434 Opuscula
2657 362 2896 433 quwdam
2928 362 3262 433 Theologica,
3284 370 3332 416 et
3358 360 3548 431 Capita
3578 380 3735 433 φωτι-

2168 458 2289 527 κῆς.
2328 458 2393 510 Et
2436 458 2581 526 quod
2619 458 2792 526 magis
2838 463 2944 520 est,
2989 453 3480 525 Magdeburgenses
3513 465 3654 509 cent.
3681 454 3737 519 5,

2166 562 2287 618 cap.
2334 550 2399 603 10
2436 566 2449 601 :
2485 547 2605 601 Nili
2639 550 2965 603 monasticas
3004 545 3289 601 Orationes
3353 556 3565 601 exstare
3596 546 3735 603 Gree-

2164 654 2254 691 eas
2299 638 2562 693 Romaein
2613 639 2893 694 Vaticana.
2945 637 3082 693 Item
3128 638 3399 707 Opuscula
3438 640 3735 707 quindecim

2168 727 2508 799 Theologica,
2557 739 2606 783 et
2658 746 2775 799 cap.
2812 733 3077 801 φωτικῆς.
3114 728 3249 782 Item
3292 728 3488 782 librum
3529 730 3598 783 ad
3634 725 3734 784 Ba-

2166 819 2352 873 riclem
2392 822 2716 889 episcopum.
2764 821 2827 876 Et
2860 821 3002 876 infra
3040 840 3052 875 :
3089 820 3298 875 Praebet
3340 829 3512 875 tamen
3548 837 3734 890 prope-

2163 911 2375 965 modum
2403 913 2784 981 conjecturam,
2814 912 2954 984 quod
2979 915 3233 981 scriptum
3262 912 3528 983 quoddam
3555 917 3731 982 capita

2162 1002 2406 1070 φωτικῆς
2459 1013 2924 1057 commemoratur.
2984 1003 3051 1056 Et
3101 1002 3465 1070 Nicephorus,
3516 1012 3623 1058 etc.
3674 1003 3730 1058 Si

2164 1092 2309 1147 ullus
2338 1094 2501 1157 alius,
2537 1094 2700 1163 plane
2731 1094 2960 1149 Phatius
3009 1094 3147 1163 ipse,
3197 1109 3263 1149 ne
3304 1094 3394 1149 hic
3434 1096 3729 1150 multorum

2162 1181 2495 1237 testimoniis
2540 1198 2653 1238 rem
2688 1183 2922 1247 traham,
2964 1184 3199 1239 similem
3233 1199 3498 1251 errorem,
3541 1197 3730 1257 aperle

2161 1271 2434 1342 proﬂigat.
2467 1273 2715 1345 Namque
2755 1276 2832 1329 ait
2865 1294 2877 1329 :
2916 1275 3133 1347 Πατέρα
3163 1276 3221 1329 δὲ
3267 1276 3360 1330 τοῦ
3411 1276 3570 1345 λόγου
3604 1279 3730 1332 Διάο

2158 1364 2313 1434 δοχον
2353 1368 2385 1436 ή
2414 1366 2697 1438 ἐπιγραφὴ
2732 1368 2899 1435 λέγει,
2938 1368 3186 1439 Φωτικῆς
3211 1369 3311 1439 τῆς
3339 1370 3397 1421 ὲν
3427 1372 3490 1439 τῇ
3524 1371 3729 1442 παλαιᾷ

2171 1456 2410 1528 Ἠπείρῳ
2454 1458 2750 1512 ἐπίσκοπον
2775 1475 2788 1489 ·
2834 1459 3116 1515 Auctorem
3147 1461 3260 1529 ejus
3295 1462 3567 1528 inscriptio
3612 1464 3727 1530 ipsa

2158 1545 2291 1614 facit
2318 1545 2654 1601 Diadochum
2701 1547 2943 1603 Photices
2990 1549 3172 1615 illius,
3223 1566 3338 1620 qua
3364 1562 3443 1605 est
3478 1552 3534 1605 in
3562 1562 3727 1606 vetere

2157 1635 2343 1706 Epiro,
2374 1640 2691 1707 episcopum.
2735 1639 2803 1693 Et
2833 1639 2975 1694 inira
3014 1640 3144 1695 dum
3190 1643 3299 1714 agit
3328 1643 3397 1698 de
3424 1642 3723 1713 Sophronii

2158 1727 2641 1803 llierosolymitani
2665 1731 2992 1801 patriarcha:
3006 1732 3248 1801 Epistola
3283 1735 3545 1804 synodica
3574 1750 3586 1786 :
3617 1736 3727 1788 Καὶ

2154 1820 2183 1871 ὁ
2211 1821 2308 1890 τῆς
2338 1820 2587 1891 Φωτικῆς
2620 1823 2915 1884 ὲπισκοπος
2944 1822 3116 1893 ὄνομα
3148 1823 3404 1894 Διάδοχος
3432 1845 3449 1858 ~
3492 1824 3726 1879 ELPho-

2157 1910 2276 1965 tica:
2296 1912 2566 1980 episcopus
2607 1912 2819 1967 nomine
2847 1912 3173 1969 Diadochus.

2223 2023 2418 2079 Omnia
2445 2025 2611 2082 istius
2645 2025 2934 2097 apuscula,
2960 2041 3084 2098 quae
3107 2026 3368 2099 pleraque
3394 2038 3545 2094 sunt,
3588 2046 3725 2085 non-

2154 2112 2282 2168 dum
2332 2116 2622 2186 quisquam
2661 2116 2874 2186 justum
2926 2117 2981 2171 in
3021 2117 3276 2173 volumen
3322 2118 3549 2188 redegit.
3583 2120 3726 2174 Sunt

2152 2205 2506 2261 nihilominus
2534 2207 2725 2276 partim
2750 2206 2941 2263 Latine
2966 2208 3201 2273 reddita,
3227 2208 3497 2278 editaque.
3530 2208 3726 2264 Oratio

2152 2296 2219 2350 ad
2260 2296 2427 2352 Deum
2472 2307 2663 2354 contra
2684 2298 3045 2355 Barbarorum
3073 2302 3438 2367 incursiones,
3458 2295 3596 2358 bella
3632 2306 3721 2357 in-

2150 2388 2370 2453 testina,
2400 2400 2629 2459 pestem,
2663 2389 2887 2456 famem,
2930 2400 2987 2446 et
3017 2391 3215 2446 mortis
3242 2391 3349 2446 vim
3394 2402 3719 2463 praesentem

2149 2478 2358 2535 Joanne
2384 2479 2659 2537 Sambuco
2691 2481 2977 2537 Pannonio
3005 2482 3307 2555 interprete
3332 2502 3346 2540 :
3375 2482 3438 2540 P.
3464 2484 3713 2555 Omnipo-

2150 2579 2259 2625 tens
2282 2569 2504 2626 Domine
2530 2571 2692 2638 Deus,
2724 2571 2892 2627 Pater
2919 2575 3136 2645 ingeniti
3164 2572 3321 2630 Filii.
3339 2575 3497 2630 Edita
3528 2577 3717 2635 Latine

2148 2669 2362 2715 tantum
2416 2659 2646 2722 Batavii.
2677 2678 2823 2717 anno
2864 2664 3030 2731 I555;
3062 2672 3349 2737 exstatque
3390 2682 3494 2723 ms.
3530 2668 3588 2723 in
3633 2669 3718 2723 bi-

2146 2752 2339 2806 blioth.
2367 2753 2735 2821 Imperatoris,
2763 2752 3006 2812 Viennae.

2215 2862 2409 2919 Petrus
2437 2862 2769 2921 Franciscus
2811 2863 2980 2920 Zinus
3008 2863 3343 2923 Veronensis
3376 2866 3429 2922 in
3459 2866 3715 2923 Latinum

2144 2956 2435 3019 convertit,
2469 2963 2521 3010 et
2554 2955 2853 3026 publicavit
2884 2954 3150 3023 Venetiis,
3186 2971 3330 3011 anno
3368 2957 3527 3021 1557,
3569 2959 3711 3012 iii-8.

2211 3066 2436 3122 Librum
2480 3065 2597 3120 Nili
2627 3065 2959 3132 Asceticum,
2990 3068 3096 3121 sive
3138 3067 3202 3121 de
3236 3069 3343 3123 vita
3382 3079 3431 3124 et
3476 3068 3711 3123 moribus

2141 3159 2538 3213 monachorum.
2574 3157 2635 3212 P.
2678 3157 2839 3213 Multi
2880 3174 2945 3213 ex
2991 3158 3217 3229 ercis,
3266 3169 3315 3214 et
3359 3158 3567 3216 luditis
3605 3177 3709 3214 non

2137 3251 2311 3318 pauch

2208 3341 2291 3394 Ad
2313 3342 2590 3397 monachos
2623 3342 3025 3398 institutionem.
3049 3341 3111 3397 Ρ.
3138 3336 3187 3396 γ
3193 3344 3327 3398 ictus
3350 3344 3703 3417 intemperan-

2138 3433 2270 3487 tiant
2300 3434 2553 3502 iejuninm
2591 3434 2753 3488 tollit.

2207 3520 2470 3574 Adversus
2505 3522 2634 3574 uitia
2671 3519 2957 3576 Orationes
2987 3530 3200 3590 septem.

2206 3611 2283 3665 De
2324 3613 2474 3682 gula,
2514 3622 2654 3669 orat.
2700 3614 2749 3667 1.
2792 3612 2854 3667 Ρ.
2898 3612 3235 3683 Principium
3279 3617 3380 3686 ﬂos
3417 3629 3497 3673 est
3535 3622 3702 3691 profi-

2132 3703 2321 3758 ciendi.

2203 3795 2281 3850 De
2317 3797 2558 3862 luxuria,
2596 3803 2739 3851 orat.
2770 3795 2825 3851 2.
2858 3795 2919 3849 Ρ.
2957 3795 3286 3853 Pudicitiam
3326 3804 3472 3871 parit
3511 3814 3707 3875 tcmpg.

2131 3888 2331 3943 rantia.

2198 3979 2277 4036 De
2316 3984 2581 4048 avaritia,
2628 3993 2769 4041 orat.
2811 3987 2864 4043 3.
2909 3987 2970 4046 Ρ.
3017 3991 3265 4048 Avaritia
3311 3996 3576 4050 malorum
3620 4004 3702 4049 est

2129 4075 2363 4129 omnium
2386 4075 2562 4130 radix.

2199 4165 2275 4220 De
2313 4167 2419 4233 ira,
2457 4175 2598 4223 orat.
2632 4168 2688 4223 4.
2738 4168 2836 4224 Ira
2870 4171 3044 4242 furori
3084 4185 3241 4247 atque
3273 4178 3499 4233 insania:
3532 4178 3698 4247 aﬂinis

2124 4266 2224 4311 est.

2196 4346 2275 4401 De
2304 4350 2548 4418 tristitia,
2582 4361 2722 4408 orat.
2755 4354 2809 4409 5.
2834 4352 2893 4408 P.
2936 4354 3170 4423 Spiritus
3204 4359 3513 4429 voluptatein
3543 4360 3693 4428 igneo

2125 4448 2211 4492 rat
2235 4441 2545 4497 monachus.

2196 4529 2275 4585 De
2292 4534 2501 4598 acedia,
2537 4544 2679 4590 orat.
2716 4535 2769 4589 6.
2800 4534 2861 4589 Ρ.
2893 4536 3070 4593 Animi
3104 4539 3352 4595 debilitas
3384 4551 3457 4596 est
3488 4540 3691 4595 acedia.

2194 4622 2273 4677 De
2297 4626 2442 4678 inani
2469 4626 2662 4696 gloria,
2695 4639 2836 4684 orat.
2877 4630 2932 4687 7.
2963 4630 3022 4686 Ρ.
3056 4630 3241 4688 Inanis
3265 4634 3441 4704 gloria
3470 4644 3542 4689 est
3573 4636 3693 4688 ani-

2122 4716 2197 4768 mi
2230 4718 2560 4783 perturbatio
2600 4720 2800 4773 rationi
2831 4724 3123 4777 contraria.

2191 4826 2270 4880 De
2298 4827 2564 4895 superbia,
2589 4839 2730 4885 orat.
2758 4832 2816 4885 8.
2842 4830 2903 4885 P.
2924 4830 3184 4902 Superbia
3205 4844 3280 4888 est
3305 4835 3470 4888 animi
3490 4843 3691 4903 tumor,

2120 4920 2267 4973 sanie
2291 4920 2465 4987 plena.

2188 5009 2412 5066 Diversa
2481 5014 2678 5081 capita.
2742 5014 2804 5069 P.
2846 5015 2946 5071 Dei
3008 5018 3248 5072 timorem
3316 5035 3379 5071 ac
3450 5020 3695 5073 studium

2119 5104 2305 5158 retine.

2188 5195 2265 5249 De
2298 5198 2556 5263 oratione,
2583 5213 2705 5269 cap.
2739 5200 2864 5257 155.
2894 5201 3000 5267 Qui
3033 5201 3359 5271 odoriferam
3387 5205 3528 5270 cupit
3564 5202 3701 5272 thy-

2117 5290 2334 5346 miama.

2183 5380 2267 5434 Ad
2300 5382 2540 5450 juniores
2578 5389 2863 5438 monachos
2915 5385 3323 5439 institutionem.
3373 5384 3434 5437 P.
3465 5384 3699 5439 Juvenis

2114 5471 2256 5525 colat
2281 5474 2503 5540 quietem
2530 5475 2583 5527 in
2615 5491 2850 5543 corpore.

2183 5563 2264 5616 Ad
2296 5567 2639 5620 Anastasium
2672 5569 2971 5637 episcopum
3004 5568 3307 5636 epistolam.
3346 5566 3409 5622 P.
3443 5564 3701 5621 Joannes

2113 5657 2358 5711 sacerdos
2403 5657 2748 5714 admirandus
2781 5660 3030 5715 Ecclesiie
3053 5656 3668 5729 Constantinopolitanc
3690 5706 3701 5714 .
