3970 6220
220 208 279 271 37
1426 206 1734 268 norma

1897 208 1956 268 S.
1997 212 2243 276 NILUM

280 317 355 370 De
384 314 551 369 nimis
572 313 834 366 diuturna
859 311 1221 381 profectura.
1248 313 1308 367 Ρ.
1346 316 1589 371 Tradunt
1612 335 1787 372 rerum

219 408 541 465 naturalium
574 405 963 459 observatores.

280 501 335 556 In
374 498 724 552 Bibliotheca
761 495 985 548 Patrum
1008 494 1288 563 Veterum,
1333 499 1574 555 Coloniae
1602 502 1784 556 edita:

283 591 355 643 Ex
409 585 660 657 quodam
720 585 1053 639 Para'netico
1099 587 1235 640 libro
1281 587 1669 659 fragmentum.
1723 590 1784 645 Ρ.

224 678 462 749 Nunquid
492 677 742 746 angelos,
778 676 854 729 vel
880 686 1184 742 potestates,
1209 687 1316 734 etc.

287 771 360 825 De
376 780 487 823 octo
513 769 729 822 vitiosis
762 768 1190 837 cogitationibus.

286 863 359 916 De
388 862 529 931 gula.
567 858 638 915 P.
681 858 764 913 De
801 868 919 912 octo
956 858 1157 911 vitiosis
1200 861 1634 930 cogitationibus,
1692 881 1783 919 seu

229 953 497 1024 slectibus.

291 1045 359 1099 De
377 1041 743 1112 fornicatione.
761 1037 1227 1094 P.Fornicationis
1242 1043 1462 1111 spiritus
1481 1061 1572 1113 per
1585 1062 1782 1100 carnis.

294 1136 363 1189 De
392 1135 651 1188 Avaritia.
686 1131 746 1183 P.
792 1130 1081 1184 Externum
1111 1142 1191 1185 est
1223 1136 1462 1188 auaritia:
1498 1136 1710 1192 bellum.

297 1227 365 1279 De
390 1227 484 1278 ira.
512 1223 569 1277 P.
619 1221 716 1275 Ira
751 1238 875 1273 cum
906 1224 1065 1275 semel
1093 1232 1270 1290 pectus
1303 1223 1582 1279 obsederit.

299 1317 368 1370 De
397 1316 627 1369 tristitia.
666 1312 725 1366 P.
761 1312 895 1366 Cum
922 1313 1184 1379 improbus
1214 1315 1445 1369 tristitia:
1470 1319 1708 1385 spiritus.

300 1410 371 1464 De
400 1409 604 1462 acedia.
640 1405 698 1459 Ρ.
738 1404 951 1458 Acedia:
975 1405 1194 1472 spiritus
1236 1410 1473 1460 niceroris
1511 1411 1777 1476 spiritum.

306 1502 378 1554 De
416 1500 559 1552 inani
583 1498 769 1568 gloria.
796 1495 859 1549 P.
898 1495 1085 1550 Inanis
1117 1498 1304 1567 gloria
1338 1499 1559 1567 aﬂ'ectus
1595 1502 1781 1555 multi-

280 1592 357 1645 lea:
380 1598 470 1644 est.

280 1608 357 1645 te:
380 1608 470 1644 est.

247 1608 277 1658 Ρ
316 1682 383 1735 De
405 1679 649 1743 superbia.
684 1676 745 1730 P.
777 1675 1158 1743 Gravissimus,
1206 1686 1362 1746 atque
1395 1679 1628 1732 omnium
1665 1688 1776 1733 tru-

252 1772 626 1826 csleutissimus.

309 1863 375 1915 De
398 1862 620 1914 oratione
649 1860 827 1926 capita
862 1858 982 1924 150,
1017 1868 1151 1914 sect.
1190 1859 1312 1914 147.
1341 1858 1531 1915 Latine
1563 1870 1774 1916 tantum

246 1954 510 2023 interprete
542 1952 840 2007 Francisro
871 1950 1163 2012 Turriano,
1204 1952 1295 2021 qui
1341 1967 1465 2005 cum
1515 1953 1772 2009 Diadochi

247 2045 478 2099 Photices
503 2044 739 2114 episcopi
777 2042 1049 2112 capitibus
1075 2041 1148 2095 De
1171 2042 1487 2110 perfectione
1508 2046 1776 2112 spirituali

248 2140 433 2192 edenda
467 2139 665 2191 curavit
708 2134 1026 2204 Antuerpite
1063 2134 1210 2203 typis
1256 2132 1639 2211 Plantinianis,
1675 2152 1775 2191 an-

255 2246 317 2283 no
351 2231 489 2291 I575,
521 2229 687 2282 iii-t2.
718 2228 874 2283 Unde
915 2229 969 2280 in
1003 2223 1355 2279 Bibliothecis
1382 2224 1632 2281 Veterum
1669 2226 1773 2283 Pa-

270 2329 398 2374 trum
416 2338 445 2373 a
468 2322 750 2391 Iargarino
777 2320 996 2390 Bignzeo
1028 2315 1283 2371 deducta.

329 2413 473 2466 Liber
494 2416 752 2468 asceticus.

314 2503 569 2558 Institutio
602 2506 674 2557 ad
706 2509 1009 2563 monachos.

310 2596 566 2649 Orationes
600 2606 715 2650 octo
751 2598 1003 2653 adversus
1029 2600 1290 2668 primaria
1316 2599 1465 2654 vitia.

304 2683 461 2736 Brevis
487 2686 749 2738 institutio
782 2686 852 2739 ad
869 2688 1111 2757 juniores
1145 2687 1445 2741 monachos.

301 2773 515 2841 Epistola
544 2777 614 2829 ad
647 2777 999 2833 Anastasium
1028 2781 1388 2849 presbyterum
1418 2794 1535 2831 cum
1571 2776 1771 2830 duobus

237 2868 532 2936 fragmentis.

296 2958 554 3015 Tractatus
605 2962 672 3016 de
712 2971 829 3017 octo
866 2964 1074 3018 uitiosis
1111 2961 1538 3034 cogitationibus,
1579 2960 1771 3017 Latine

231 3059 498 3120 interprete
548 3052 757 3109 Jacobo
802 3054 961 3109 Billio
993 3053 1227 3109 Prunazo
1278 3052 1335 3107 S.
1388 3053 1671 3109 Michaelis
1714 3054 1770 3107 in

228 3155 397 3195 eremo
426 3144 833 3209 coenobiarcha,
857 3145 953 3214 qui
980 3145 1129 3199 illum
1167 3160 1291 3199 cum
1320 3144 1546 3199 Joannis
1575 3142 1769 3196 Dama-

228 3233 363 3285 sccni
385 3235 637 3301 operibus
661 3235 832 3289 edidit
860 3233 1107 3298 Parisiis,
1136 3248 1280 3287 anno
1310 3233 1464 3287 1577.
1497 3231 1770 3302 Subjecit-

226 3336 320 3391 que
349 3322 569 3394 Eugenii
595 3326 884 3393 opuscula,
921 3325 985 3378 de
1010 3325 1187 3378 eodem
1214 3332 1523 3393 argumento
1553 3340 1571 3377 :

283 3416 451 3471 Graece
490 3434 622 3472 vero
650 3427 704 3472 et
735 3418 925 3472 Latine
971 3417 1117 3473 edita
1163 3426 1313 3472 sunt.
1362 3408 1616 3486 Ejusdem
1659 3418 1771 3470 Κε-

227 3505 496 3577 φὰὶαια,’ἧ
548 3509 918 3578 παραινέσεις,
972 3507 1194 3576 Capita,
1247 3524 1342 3563 seu
1388 3508 1769 3576 Pra'ceptiones

226 3599 560 3662 seutentiosa',
632 3596 929 3653 Francisco
984 3596 1263 3652 Turriano
1325 3600 1655 3669 interprete,
1715 3608 1771 3654 et

229 3691 405 3755 prioris
445 3692 924 3760 interpretationis
965 3701 1295 3755 correctore,
1344 3692 1556 3747 collatis
1593 3693 1769 3747 tribus

229 3783 542 3847 pervetustis
598 3782 1025 3851 exemplaribus,
1076 3789 1131 3836 et
1185 3782 1413 3838 scholiis
1478 3785 1765 3853 appositis.

230 3865 489 3926 Florentia:
561 3871 703 3941 apud
780 3871 1236 3927 Bartholontaaum
1301 3870 1766 3929 Sermaretcllium

242 3962 386 4023 1578,
409 3964 551 4016 iri-8.
574 3962 689 4018 \Ina
713 3979 844 4017 cum
873 3962 1135 4019 Diadochi
1158 3964 1403 4034 episcopi
1436 3966 1677 4019 Photices
1709 3968 1763 4019 in

240 4064 389 4108 retere
416 4054 576 4124 Epiro
597 4056 797 4126 Illyrici
822 4055 1083 4123 capitibus
1109 4066 1317 4109 centum
1358 4055 1423 4110 de
1448 4058 1769 4125 perfectione

236 4149 491 4211 spirituali.
522 4146 586 4202 Et
616 4150 732 4202 haec
762 4148 971 4202 Graece.
1005 4146 1199 4203 Latine
1230 4164 1357 4203 vero
1384 4147 1630 4219 Lugduni
1660 4149 1763 4203 Ba-

244 4246 453 4294 tavorum
483 4257 548 4296 ex
579 4240 794 4295 oliicina
820 4238 1189 4304 Plantiniana,
1222 4240 1376 4303 1590.
1404 4242 1553 4306 in-8;
1582 4249 1636 4296 et
1664 4242 1766 4295 Ba-

223 4330 356 4386 sz'lez
379 4332 519 4403 apud
564 4331 863 4387 Robertum
913 4331 1164 4396 Winter;
1218 4342 1273 4387 et
1316 4333 1557 4387 Coloniae
1622 4333 1766 4403 apud

212 4420 547 4491 Cymuicum.
588 4425 721 4479 Item
756 4423 942 4479 ϐηεςθ
979 4431 1033 4477 et
1070 4424 1264 4478 Latine
1310 4423 1364 4477 in
1393 4423 1634 4493 linguam
1667 4424 1763 4478 La-

205 4514 352 4570 tinam
407 4517 725 4581 traductas,
764 4526 817 4571 ct
864 4516 1194 4571 testimoniis
1249 4526 1362 4569 tum
1422 4518 1594 4571 sacris
1649 4525 1764 4570 tum

205 4607 430 4672 profanis
468 4607 790 4671 illustrem,
820 4622 982 4676 opera
1004 4614 1057 4660 et
1081 4606 1269 4660 labore
1298 4605 1558 4675 Stephani
1591 4608 1767 4661 Scho-

202 4698 407 4765 singii:
470 4694 806 4751 Francherte
863 4697 1171 4752 excudi-bat
1227 4694 1475 4766 Egidius
1531 4698 1764 4754 Budaeus

196 4788 444 4842 crdinum
509 4783 703 4840 Frisia!
756 4787 1129 4858 typographus
1185 4787 1321 4842 l608
1379 4787 1518 4843 in-li.
1568 4789 1763 4843 Addita

192 4888 305 4933 sunt
334 4877 582 4950 Λεπρειί
606 4876 794 4946 Capita
815 4881 1153 4946 paranetica,
1192 4889 1247 4934 et
1281 4879 1592 4935 Aristotelis
1624 4880 1765 4935 liber

188 4966 255 5021 De
282 4968 582 5023 virtutibus
618 4976 669 5020 et
704 4969 867 5029 uitiis,
918 4968 1109 5023 eodem
1148 4969 1424 5039 Stephano
1465 4971 1766 5040 interprete

185 5068 230 5110 et
260 5061 613 5129 expositore.
657 5056 872 5112 Easdem
905 5072 935 5110 a
964 5057 1227 5115 Michaele
1278 5058 1472 5113 Toxita
1520 5063 1765 5117 carmine

183 5150 416 5203 redditae
443 5163 660 5203 excusa:
700 5157 831 5204 sunt
869 5149 1217 5218 Argentorati
1249 5167 1275 5203 ει
1302 5150 1539 5205 Cratone
1580 5152 1758 5223 Mylio.

180 5239 537 5307 Epitomator
583 5238 954 5295 Gesncrianus
995 5257 1007 5293 :
1056 5242 1150 5309 qui
1197 5250 1376 5295 tamen
1421 5243 1475 5296 in
1529 5244 1763 5312 epilome

182 5332 393 5383 nullam
441 5328 604 5396 hujus
635 5330 911 5382 versionis
934 5330 1265 5384 mentionem
1296 5329 1443 5397 facit,
1471 5332 1634 5386 sicuti
1662 5348 1762 5387 nec

184 5419 469 5473 llesnerus
500 5419 556 5471 in
588 5418 811 5472 Toxita.

244 5510 455 5578 Χρυσᾶ
485 5509 685 5561 Νεξλου
727 5509 1019 5564 ἐπισκόπου
1056 5511 1148 5565 καὶ
1191 5512 1496 5583 μάρτυρος·
1547 5515 1737 5583 Capita

185 5616 268 5655 seu
304 5602 700 5671 Prwceptiones
735 5606 1073 5659 sententiose.
1114 5606 1455 5678 κεφάλαια,ἢ
1497 5610 1725 5679 παραινέ

284 5740 319 5763 \

3389 221 3466 289 38

1896 338 2012 386 σεις
2047 325 2295 395 Lugduni
2345 328 2674 384 Batavorum
2725 346 2789 384 cx
2845 330 3060 387 oliicina
3108 334 3461 395 Plantlnians

1891 420 2034 484 apud
2069 417 2423 473 Frunciscum
2447 420 2878 493 Rapheleugium
2912 425 3071 490 l590,
3098 428 3233 482 in-R.
3258 429 3460 486 Eadem

1890 506 1994 559 sub
2022 507 2184 561 titulo
2214 527 2227 561 :
2264 510 2438 563 Aurea
2476 511 2591 563 Nili
2627 514 2855 580 episcopi
2907 525 2955 567 et
2993 519 3241 587 martyris
3274 518 3462 572 Parc~

1890 599 2081 663 netica,
2108 600 2408 669 interprete
2446 600 2669 655 Nicolao
2698 602 2976 668 Glassero,
3027 605 3322 677 Hatnburgi
3361 625 3459 664 ex-

1888 687 2121 741 cutiebat
2170 690 2367 743 Paulus
2410 690 2670 761 Langius.
2718 694 2876 746 Auno
2917 694 3081 758 16H,
3124 697 3263 749 in-8.
3290 696 3459 768 Ἀρχὴ

1889 779 2156 847 σωτηρίαι,
2178 780 2209 849 ἡ
2235 780 2398 832 αὐτοῦ
2419 780 2777 848 κατάγνωσις.
2810 782 2880 836 lle
2908 783 2974 837 iis
2997 785 3266 854 interpres
3290 805 3304 840 :
3334 786 3460 841 Cla-

1887 884 2002 920 rum
2029 878 2105 921 est
2138 870 2272 921 illud
2306 871 2639 940 l’hocylidis,
2693 874 2841 925 παῖδ’
2871 874 2952 926 ἔτι
2988 875 3145 927 ὲὸντα
3178 881 3353 946 χρεὼν
3391 879 3456 948 δὴ

1886 958 2025 1011 καλὰ
2051 960 2373 1029 διδασκέμεν
2398 963 2553 1032 ἔργα.
2582 962 2719 1016 Ilinc
2743 974 2791 1016 et
2816 964 3096 1033 Agesilaus
3122 981 3183 1019 ea
3207 966 3458 1021 discenda

1883 1068 1996 1104 esse
2032 1053 2207 1119 pueris
2249 1054 2406 1118 dixit,
2456 1056 2641 1124 quibus
2680 1057 2992 1124 grandiores
3033 1058 3164 1125 facti
3214 1061 3292 1111 uti
3332 1075 3457 1126 pos-

1884 1148 2009 1195 sint.
2042 1144 2174 1196 Sunt
2235 1145 2395 1212 igitur
2431 1145 2526 1198 illa
2561 1147 2892 1214 potissimum
2953 1147 3214 1217 eligenda,
3267 1150 3454 1219 quibus

1879 1233 2123 1300 juventus
2149 1234 2272 1286 etin
2316 1234 2504 1287 litteris
2541 1237 2771 1303 proﬁcit,
2812 1246 2860 1289 et
2902 1255 3069 1292 mores
3095 1241 3287 1306 pietate
3332 1257 3455 1294 con-

1881 1321 2122 1375 diuntur.
2162 1323 2237 1375 De
2283 1322 2401 1377 Nili
2455 1325 2630 1378 libello
2687 1336 2895 1379 nonest
2934 1328 3075 1397 quod
3114 1330 3450 1395 dubitemus,

1882 1431 2036 1483 quam
2059 1414 2129 1467 ad
2167 1416 2344 1467 omnia
2375 1416 2484 1469 ha'c
2505 1418 2670 1482 possit
2705 1418 3017 1484 plurimum.
3052 1416 3146 1472 Est
3174 1423 3311 1473 enim
3341 1421 3452 1473 elev

1878 1507 2091 1574 gantius
2127 1506 2349 1571 politus,
2378 1509 2639 1561 virtutum
2683 1512 2956 1578 pra'ceptis
2989 1513 3185 1580 gravis,
3219 1513 3455 1582 antiquis

1882 1596 2006 1647 tatis
2046 1597 2362 1650 auctoritate
2406 1599 2524 1666 pius
2552 1639 2565 1664 ,
2612 1616 2933 1671 prorsusque
2969 1619 3182 1656 aureus.
3229 1602 3453 1657 Constat

1880 1704 1998 1741 vero
2059 1704 2175 1741 eum
2234 1689 2287 1741 in
2337 1692 2693 1743 vetustissima
2739 1694 2970 1761 quadam
3026 1694 3336 1749 bibliotheca
3395 1696 3451 1749 in

1878 1776 2158 1831 Walachia
2193 1778 2593 1849 Transylt'ania:
2637 1782 2867 1850 ﬁnitima
2912 1800 2944 1835 a
2978 1785 3283 1838 doctissimo
3339 1788 3450 1839 uiro

1876 1867 2084 1922 Joanne
2112 1868 2344 1923 IIontero
2371 1871 2660 1925 Coronensi
2690 1873 2974 1938 inventum,
3000 1886 3048 1927 et
3098 1875 3165 1926 ad
3200 1874 3447 1928 clarissi-

1878 1976 2019 2012 mum
2073 1959 2361 2013 Nicolaum
2415 1960 2728 2015 Ncandrum
2773 1962 2836 2016 de
2874 1965 3208 2033 antiquitatis
3255 1963 3447 2018 studiis

1878 2052 2070 2118 optime
2092 2051 2355 2116 meritum,
2386 2063 2441 2104 ut
2462 2054 2514 2105 in
2538 2054 2703 2105 lucem
2732 2053 2988 2122 prodiret,
3018 2055 3235 2107 missum
3259 2055 3446 2123 fuisse,

1877 2160 1907 2195 a
1941 2160 2042 2213 quo
2088 2144 2394 2198 emendatus
2434 2146 2725 2215 integritati
2756 2156 2804 2199 et
2830 2147 2990 2200 nitori
3014 2148 3308 2211 restitutus,
3337 2148 3449 2217 pri-

1878 2250 2120 2302 mumque
2152 2250 2271 2287 cum
2310 2235 2434 2289 aliis
2473 2241 2645 2289 editus
2677 2237 2781 2304 fuit
2813 2236 3115 2305 Opusculis.
3154 2238 3284 2303 Quis
3328 2255 3446 2293 rere

1874 2322 2032 2389 hujus
2059 2324 2225 2378 libelli
2243 2327 2311 2379 sit
2346 2338 2555 2391 auctor,
2598 2344 2715 2381 cum
2744 2328 2979 2397 plurium
3010 2328 3244 2398 ejusdem
3275 2331 3418 2385 nomi
3444 2368 3445 2371 η

1874 2416 1954 2469 nis
1992 2419 2377 2485 episcoporum,
2414 2430 2732 2489 martyrum,
2776 2420 3124 2489 doctrinaque
3173 2431 3443 2488 pra'stan-

1875 2507 2007 2558 tium
2027 2509 2259 2561 uirorum
2286 2510 2339 2561 in
2376 2509 2600 2563 historia
2620 2512 2810 2564 mentio
2822 2511 2919 2578 ﬁat
2938 2510 3318 2573 ecclesiastica,
3342 2528 3441 2564 non

1873 2599 2075 2669 liquido
2107 2611 2345 2669 apparet.
2391 2602 2503 2654 Duo
2533 2603 2668 2655 enim
2719 2599 2836 2653 Nili
2882 2611 3102 2655 auctore
3145 2600 3444 2669 Nicephoro

1872 2692 2086 2758 fuerunt
2130 2692 2390 2761 rEgyptii.
2440 2692 2592 2745 Alius
2634 2690 3150 2755 Thessalonicensis,
3196 2694 3285 2761 qui
3327 2704 3446 2761 post

1873 2781 2056 2837 Caroli
2091 2782 2275 2852 Magni
2310 2784 2438 2835 uixit
2472 2793 2729 2851 tempora.
2760 2781 2890 2834 Fuit
2928 2794 2978 2835 et
3020 2781 3182 2837 Nilus
3227 2784 3443 2852 quidam

1872 2872 2239 2925 scholasticus.
2268 2868 2433 2924 Istius
2455 2886 2593 2932 vero.
2615 2870 2703 2923 cui
2730 2870 3043 2939 opusculum
3071 2872 3167 2923 hoc
3195 2868 3445 2924 Neandcr

1872 2961 2237 3016 ascribentlum
2300 2970 2503 3027 putat,
2574 2961 2885 3015 mentionem
2937 2961 3066 3028 facit
3113 2960 3442 3030 Nicephorus

1871 3056 1963 3109 lib.
2004 3071 2076 3117 tv,
2113 3071 2229 3123 cap.
2264 3053 2446 3109 54.1%:
2476 3069 2576 3123 quo
2611 3064 2818 3107 constat
2842 3055 3160 3107 admirando
3180 3055 3270 3107 isti
3310 3053 3439 3107 Nilo

1870 3148 2096 3215 patriam
2120 3146 2285 3214 fuisse
2307 3144 2847 3212 Constantinopolim,
2876 3143 3029 3212 cujus
3047 3145 3208 3197 etiam
3232 3155 3442 3212 propter

1870 3240 2131 3307 egregiam
2183 3236 2411 3290 nominis
2465 3235 2794 3288 nobilitatem
2834 3236 3117 3304 pra-fectus
3160 3236 3279 3303 fuit.
3335 3234 3442 3289 bed

1872 3332 2054 3384 relicto
2086 3330 2184 3382 tali
2212 3338 2357 3381 statu
2385 3326 2454 3379 ad
2491 3330 2652 3381 vitam
2698 3344 2753 3381 se
2801 3329 3025 3381 contulit
3065 3330 3437 3383 monasticam.

1872 3423 2094 3477 Dicendi
2154 3436 2356 3490 quoque
2402 3419 2692 3489 facultate,
2746 3419 3121 3487 prwclarisque
3188 3419 3443 3471 doctrina:

1870 3513 2080 3566 dotibus
2158 3515 2447 3565 instructus
2538 3525 2655 3561 cum
2731 3509 2928 3578 fuerit,
3008 3510 3170 3563 variis
3248 3509 3443 3577 ingenii

1871 3604 2224 3658 monumentis
2267 3601 2494 3656 nominis
2555 3601 2640 3653 sui
2685 3600 2992 3653 memoriam
3052 3599 3119 3651 ad
3156 3600 3442 3667 posterita-

1871 3707 1973 3750 tem
1999 3696 2329 3765 propagavit.
2364 3692 2461 3746 llic
2498 3690 2732 3745 observa
2779 3691 2967 3752 verba,
3017 3689 3132 3743 Duo
3183 3688 3297 3743 Nili
3343 3708 3441 3742 au-

1872 3801 2014 3843 ctore
2075 3787 2373 3856 Nicephoro
2434 3785 2646 3853 fuerunt
2692 3779 2957 3851 ngyptii.
3022 3779 3175 3835 Unus
3224 3789 3436 3834 tantum

1870 3880 2181 3950 Nicephoro
2212 3877 2505 3948 Egyptius
2536 3882 2642 3929 est.

1940 3970 2051 4025 llas
2089 3969 2308 4025 easdem
2360 3967 2676 4019 Parteneses
2723 3963 2899 4016 edidit
2939 3961 3127 4015 Gra'ce
3159 3971 3209 4016 et
3246 3961 3440 4022 Latine

1870 4060 2080 4115 Paulus
2106 4056 2349 4111 Minerva
2370 4053 2626 4107 Barensis
2652 4050 3067 4110 Dominicanus,
3104 4066 3228 4103 cum
3264 4052 3438 4107 Scho-

1871 4154 1958 4208 liis
1984 4166 2079 4206 seu
2117 4144 2567 4209 Commentariis;
2594 4141 2821 4212 Neapoli
2847 4139 2991 4211 apud
3019 4141 3438 4199 Constantinum

1870 4239 2102 4295 Vitalem
2140 4237 2300 4302 1604,
2336 4236 2479 4289 ἰη-ι.
2511 4233 2655 4301 Quid
2693 4233 2749 4287 in
2795 4232 2906 4287 illis
2939 4232 3286 4288 illustrandis
3314 4251 3439 4305 ege-

1870 4337 1963 4396 rit,
1998 4335 2115 4403 ipse
2158 4336 2381 4387 enarrat
2419 4328 2485 4382 atl
2527 4328 2827 4382 lectorem:
2871 4324 3140 4395 Quidquid
3193 4327 3353 4397 igitur
3382 4329 3436 4381 in

1870 4426 1979 4479 illis
2003 4422 2248 4491 reperies,
2279 4435 2344 4473 ea:
2374 4427 2680 4473 sanctorum
2721 4416 2947 4471 Patrum
2968 4418 3213 4473 doctrina
3240 4421 3437 4473 exhau-

1869 4528 2009 4572 stum
2053 4530 2164 4569 esse
2202 4512 2447 4581 judises;
2474 4510 2589 4562 ideo
2619 4518 2668 4561 et
2698 4518 2911 4563 cunctos
2935 4510 3211 4564 citavimus
3242 4527 3261 4564 :
3291 4528 3435 4564 cunt-

1867 4624 1965 4678 que
1987 4606 2055 4659 ad
2082 4605 2353 4675 politicam
2385 4611 2432 4654 et
2460 4600 2714 4654 moralem
2749 4601 2910 4653 vitam
2934 4617 3185 4671 perquam
3210 4603 3436 4654 maxime
3475 4650 3483 4677 ς

1868 4701 2282 4760 ordinarentur;
2339 4695 2406 4749 ad
2448 4695 2571 4749 illas
2608 4692 2969 4759 roborandus,
3015 4694 3430 4762 ﬁrmandasquc,

1866 4794 2197 4848 ethnicorum
2256 4805 2458 4861 quoque
2509 4786 2937 4855 philosophorum
2997 4787 3267 4839 axiomata
3318 4799 3435 4849 per-

1866 4879 2205 4942 strinximus,
2243 4886 2300 4930 ut
2334 4877 2527 4940 sciant,
2552 4875 2640 4944 qui
2675 4874 2869 4927 laxatis
2897 4875 3015 4926 vita:
3045 4873 3258 4925 habenis
3283 4872 3432 4923 illam

1866 4972 2194 5041 provinciam
2227 4971 2446 5031 ducunt,
2498 4969 2658 5038 legem
2692 4965 3051 5021 Christianam
3076 5002 3091 5025 ,
3123 4963 3284 5032 legem
3323 4980 3435 5017 csse.

1866 5066 2137 5122 virtutum,
2188 5076 2346 5128 quam
2376 5074 2439 5112 ex
2484 5058 2702 5112 ethnicis
2742 5057 2975 5126 plerique
3014 5054 3253 5108 naturali
3308 5056 3434 5108 illu-

1866 5155 2025 5208 strati
2063 5152 2256 5203 lumine
2298 5151 2582 5217 prosecuti,
2612 5150 2763 5200 miris
2806 5147 3102 5201 extulerunt
3157 5150 3428 5201 encomiis.

1870 5243 2011 5311 Quid
2044 5244 2089 5296 si
2120 5240 2411 5295 Christiani
2437 5240 2550 5292 nati
2588 5239 2851 5306 fuissent?
2890 5236 3182 5291 Sanctitate
3221 5235 3430 5307 quidem

1867 5337 2031 5389 nimia
2077 5330 2350 5402 pollerent.
2405 5330 2501 5383 llic
2548 5339 2727 5382 tamen
2758 5328 2884 5381 talis
2917 5336 3213 5396 tantusque
3251 5329 3332 5380 vir
3363 5326 3431 5382 tle

1868 5423 2059 5479 harqu
2093 5422 2450 5475 Par-.eneseon
2485 5429 2712 5474 auctore
2748 5419 3056 5488 disputans,
3104 5419 3213 5473 illis
3247 5418 3427 5472 Nilum

1868 5524 2109 5569 ascetam
2136 5556 2149 5577 ,
2184 5522 2236 5567 et
2262 5511 2928 5580 Constantinoltolitanum
2965 5512 3136 5573 exuit,
3179 5520 3431 5578 acceptas

1870 5606 2043 5661 defert
2068 5605 2188 5661 Nilo
2221 5604 2477 5675 episcopo
2507 5612 2561 5659 et
2586 5604 2829 5673 martyri.
2863 5604 3130 5658 Incertum
3162 5601 3429 5671 siquincm
