4024 6218
520 232 592 297 39
1701 220 2009 284 NOTITIA
2056 216 2138 279 IN
2182 216 2245 275 S.
2289 214 2557 276 NILUM.
3696 205 3759 269 ιε

522 352 626 403 est,
662 348 719 394 ut
751 347 975 396 notatur
1042 340 1097 394 in
1131 336 1469 393 Bibliotheca
1518 343 1825 391 sanctorum
1868 331 2091 385 Patrum

526 441 672 486 tonio
702 431 793 493 lll,
818 431 1045 486 Basileae
1070 430 1368 498 impresso,
1405 441 1473 481 an
1504 427 1595 480 hic
1620 424 1772 479 Nilus
1798 424 2094 492 episcopus

525 516 811 587 :Egyptius
844 516 1025 580 fuerit,
1064 517 1228 585 cujus
1254 515 1506 571 meminit
1536 513 1811 568 Eusebius
1844 511 1939 564 lib.
1971 523 2092 573 VIII,

526 620 650 675 cap.
682 608 767 659 14.
803 606 870 659 Et
934 621 1057 663 esse
1105 607 1257 661 illum
1311 605 1625 675 Egyptium
1670 610 1817 675 patet
1861 617 1925 657 ex
1977 602 2096 671 ipsa

525 697 882 766 inscriptione
910 715 924 751 :
959 698 1157 751 Νείλου
1191 698 1511 762 ἐπισκόπου,
1548 696 1644 749 καὶ
1689 696 1965 767 μάρτυρος
2002 710 2097 746 κε-

527 789 749 855 φάλαια,
771 787 804 855 ἦ
837 789 1206 858 παραινέσεις*
1244 787 1361 842 Nili
1386 789 1618 856 episcopi
1644 794 1695 842 et
1723 786 1980 857 martyris
2012 800 2097 838 ca-

526 878 674 946 pita,
707 878 812 931 sive
852 877 1186 932 Parteneses.
1230 875 1385 931 Licet
1422 876 1762 946 Margarinus
1819 874 1887 929 de
1919 876 1969 927 la
2005 873 2095 927 Bi-

525 984 630 1037 gne
677 966 860 1022 Nilum
917 968 1235 1038 episcopum
1301 967 1602 1031 abraserit,
1650 966 1832 1020 Nilum
1899 978 2095 1019 mona-

526 1055 757 1110 chorum
814 1063 1023 1124 patrem
1073 1054 1421 1124 inscripserit
1445 1094 1460 1119 ,
1497 1069 1662 1124 quem
1700 1054 2094 1109 sententiarum

527 1147 720 1199 harum
756 1156 1033 1201 auctorem
1064 1146 1216 1211 facit,
1244 1146 1361 1202 solo
1388 1145 1679 1215 Nicephori
1708 1145 1917 1201 Callisti
1941 1146 2096 1200 testi-

527 1234 713 1287 monio
743 1233 934 1290 fultus.
975 1235 1079 1289 hoc
1111 1235 1195 1289 vel
1227 1235 1345 1289 solo
1380 1241 1721 1303 argumento.
1758 1235 1961 1288 Scribit
1999 1233 2096 1288 Ni—

527 1325 822 1395 cephorus,
883 1323 1071 1378 Nilum
1098 1322 1415 1378 monachum
1453 1321 1647 1388 Capita
1677 1322 1968 1392 collegisse,
1995 1324 2098 1376 ali-

526 1432 628 1485 qua
694 1416 901 1485 quidem
959 1415 1156 1483 fusius,
1218 1414 1388 1467 multa
1444 1422 1623 1466 autem
1681 1414 2097 1483 compendiosius

526 1513 777 1557 tractata.
836 1505 979 1575 Ergo
1023 1505 1117 1573 qui
1166 1504 1281 1558 haec
1330 1502 1523 1572 Capita
1564 1503 1806 1571 scripsit,
1859 1502 2099 1556 nonfuit

525 1594 681 1650 Nilus
713 1595 1004 1667 [Egyptius
1030 1595 1347 1666 episcopus.
1379 1595 1491 1649 Non
1521 1602 1703 1650 tamen
1728 1595 1855 1650 inde
1885 1594 2100 1663 pervin-

525 1687 622 1748 cit,
657 1682 848 1755 Capita
910 1687 1026 1741 haec
1082 1702 1194 1742 non
1247 1702 1372 1743 esse
1421 1688 1668 1759 episcopi
1718 1695 1773 1742 et
1820 1685 2097 1755 martyris.

526 1774 673 1830 Fieri
709 1775 855 1831 enim
878 1784 1067 1847 potest
1122 1784 1182 1830 ut
1212 1785 1449 1847 uterq'te
1489 1778 1683 1848 Capita
1731 1775 2099 1838 concinnarit,

525 1882 702 1937 eaque
733 1866 981 1932 diverse;
1019 1867 1162 1935 quod
1201 1874 1255 1921 et
1294 1867 1419 1922 aliis
1449 1868 1584 1922 viris
1630 1865 2019 1928 sanctissimis,
2047 1872 2104 1918 et

526 1957 733 2014 Graecis
765 1958 1128 2027 scriptoribus
1159 1956 1263 2012 luit
1295 1959 1565 2015 solemne.
1602 1959 1666 2013 Et
1689 1957 1962 2013 Antonius
1988 1969 2103 2010 mo-

526 2049 736 2103 nachus
769 2048 825 2102 in
846 2049 1063 2103 Melissa
1083 2050 1269 2119 plures
1291 2065 1357 2105 ex
1380 2048 1506 2105 Nilo
1527 2052 1736 2120 absque
1763 2048 1871 2103 alio
1904 2062 2103 2118 cogno-

526 2140 671 2195 mine
699 2143 1021 2204 sententias,
1040 2141 1178 2194 alias
1208 2156 1275 2196 ex
1301 2139 1424 2194 Nilo
1456 2140 1715 2210 episcopo
1748 2135 2104 2207 signat.Ergo

526 2239 691 2285 erunt
725 2230 845 2287 ista:
874 2229 983 2284 Nili
1017 2230 1260 2299 episcopi
1298 2238 1352 2284 et
1392 2229 1671 2299 martyris,
1707 2243 1817 2283 non
1840 2226 2101 2281 alterius:

529 2320 967 2391 quandoquidem
1033 2318 1142 2374 Nili
1213 2319 1456 2389 episcopi
1498 2320 1782 2374 sententia:
1845 2317 2108 2372 ordinatae

530 2418 850 2474 cernuntur,
871 2418 931 2464 ut
963 2410 1019 2463 in
1035 2410 1349 2464 earumdem
1379 2410 1789 2479 paraphrastica
1812 2408 2015 2463 Catena
2039 2406 2107 2461 ab

528 2499 716 2553 eodem
741 2497 908 2551 Paulo
926 2497 1137 2567 digesta
1164 2498 1490 2555 ostenditur.
1509 2496 1667 2563 Quod
1690 2503 1871 2551 autem
1903 2495 2110 2565 absque

528 2590 688 2644 titulo
704 2587 821 2644 Nilo
839 2587 1115 2643 attributa:
1133 2598 1283 2655 sunt,
1305 2588 1357 2643 id
1379 2602 1570 2644 errore
1590 2595 1878 2643 auctorum
1903 2585 2109 2641 factum

529 2694 671 2743 esse,
698 2678 792 2748 qui
822 2677 926 2731 Nili
953 2692 1061 2731 non
1088 2679 1329 2749 episcopi
1352 2694 1445 2734 eas
1471 2694 1593 2734 esse
1617 2677 1986 2733 crediderunt.
2020 2675 2111 2731 Sic

530 2786 660 2840 ergo
694 2779 747 2824 et
770 2770 929 2823 titulo
953 2771 1195 2839 episcopi
1225 2778 1278 2824 et
1300 2769 1555 2840 martyris
1605 2786 1669 2824 ex
1696 2768 1885 2823 Graeca
1917 2767 2114 2832 inscri-

531 2858 931 2929 ptione,Nilum
971 2859 1225 2930 Capitum
1251 2861 1572 2930 scriptorem
1598 2873 1719 2915 esse
1746 2857 2113 2923 Nilum,eum-

532 2967 641 3022 que
666 2951 985 3021 episcopum
1033 2959 1089 3005 et
1124 2958 1441 3021 martyrem.
1479 2950 1667 3020 Neque
1699 2948 1989 3004 dicendum
2027 2955 2114 3004 est

534 3040 950 3111 inscriptionem
982 3054 1103 3095 esse
1142 3040 1434 3095 conﬁctam
1461 3047 1613 3093 :tum
1641 3038 1788 3094 enim
1817 3038 1953 3093 nulli
1986 3036 2111 3092 libri

535 3130 695 3187 titulo
740 3129 1071 3185 credendum
1124 3139 1288 3186 esset.
1346 3130 1499 3186 Adde
1539 3129 1754 3184 Sixtum
1792 3127 2111 3193 Senenscm,

536 3223 627 3293 qui
657 3223 866 3277 nullum
898 3222 964 3278 de
989 3223 1302 3292 huiusmodi
1332 3221 1622 3278 sententiis
1651 3221 1875 3276 verbum
1906 3219 1962 3273 in
1991 3218 2114 3273 Nilo

536 3311 747 3377 iecerit,
783 3328 907 3367 cum
948 3314 1094 3367 illius
1123 3315 1177 3369 in
1205 3311 1307 3368 Job
1335 3313 1878 3367 Commentariorum
1922 3310 2114 3365 memi-

538 3406 701 3472 nerit;
732 3406 859 3461 licet
883 3406 996 3461 haec
1024 3406 1162 3460 ratio
1178 3421 1287 3461 non
1312 3407 1560 3461 videatur
1595 3407 1734 3461 tanti
1764 3404 2043 3470 momenti,
2066 3402 2115 3459 si

540 3498 663 3567 quis
695 3498 1037 3567 responderit
1077 3498 1291 3552 Sixtum
1330 3498 1628 3553 Senensem
1686 3512 1797 3552 non
1846 3510 1967 3551 eam
2002 3494 2109 3551 sibi

541 3588 845 3656 sumpsisse
882 3587 1221 3657 provinciam
1263 3587 1447 3644 omnia
1478 3588 1685 3658 scripta
1713 3583 1824 3640 Nili
1870 3598 2113 3639 comme-

541 3680 814 3744 rnorandi,
834 3678 930 3734 sed
949 3694 1013 3734 ea
1037 3678 1437 3742 tantummodo,
1462 3694 1583 3750 quae
1610 3693 1889 3735 sacrorum
1920 3676 2114 3731 Libro-

543 3785 665 3823 rum
698 3769 1123 3838 explicationem
1149 3768 1516 3823 continerent.
1550 3767 1747 3822 Petrus
1784 3768 1951 3822 etiam
1982 3763 2113 3820 Ric-

543 3858 801 3912 cordatus
830 3857 885 3910 in
916 3872 1014 3911 sua
1045 3856 1291 3911 Historia
1317 3858 1636 3910 scholastica
1684 3856 1751 3911 de
1777 3854 1902 3910 Nilo
1930 3864 2115 3911 asceta

544 3956 597 4003 et
614 3950 735 4019 ejus
766 3948 993 4018 scriptis
1014 3962 1325 4003 sermonem
1356 3947 1587 4009 habens,
1612 3945 1683 4001 de
1716 3946 1837 4001 istis
1863 3945 2117 4002 Paraene-

545 4040 699 4094 sibus
721 4054 787 4093 ne
813 4039 1041 4093 verbum
1069 4036 1312 4105 quidem.
1335 4035 1576 4091 Tandem
1600 4037 1680 4091 uti
1720 4034 2113 4091 validissimam

546 4130 813 4183 rationem
848 4143 916 4182 ex
946 4126 1097 4180 Mutii
1122 4126 1573 4196 Justinopolitaui
1604 4126 1846 4197 episc0pi
1876 4126 2118 4181 Historia

548 4220 924 4274 testimonium
956 4218 1195 4285 adducit,
1222 4221 1313 4288 qui
1339 4216 1518 4271 Nilum
1545 4217 1868 4287 episcopum
1897 4224 1953 4271 et
1978 4232 2117 4271 mar-

550 4316 721 4379 tyrem
754 4308 944 4361 harum
973 4307 1329 4365 Parteneseon
1361 4307 1491 4362 facit
1534 4315 1835 4373 auctorem,
1861 4322 1984 4362 cum
2014 4306 2117 4361 sub

550 4399 772 4453 nomine
802 4397 905 4451 Nili
941 4400 1013 4452 uti
1048 4400 1275 4469 legitimi
1320 4399 1565 4454 auctoris
1613 4398 1907 4453 nonnullas
1949 4398 2119 4467 parti-

551 4491 702 4544 culas
729 4506 795 4543 cx
822 4489 926 4543 hoc
949 4504 1113 4560 opere
1140 4490 1492 4559 depromptas
1516 4488 1729 4542 recitat.
1764 4486 1899 4540 Hinc
1915 4485 2118 4541 Paulus

552 4596 724 4636 ovans
749 4579 997 4635 ascendit
1030 4579 1082 4634 in
1113 4579 1486 4651 Capitolium:
1524 4577 1655 4644 Quis
1686 4585 1863 4631 autem
1896 4577 2117 4631 alterius

556 4672 697 4739 Nili,
736 4690 838 4727 non
898 4681 1073 4727 autent
1122 4672 1353 4741 episcopi
1400 4679 1449 4725 et
1500 4670 1754 4740 martyris
1802 4670 2116 4740 aﬂirmabit,

553 4782 673 4819 cum
700 4766 1055 4820 testimonium
1090 4764 1188 4817 hoc
1233 4765 1304 4819 sit
1342 4762 1883 4834 prwstantissimum?
1912 4772 2005 4815 aut
2033 4761 2118 4814 di-

556 4875 637 4911 σεδ
660 4856 887 4910 Matium
925 4857 1221 4911 inconsulto
1257 4858 1567 4926 scripsisse?
1597 4865 1689 4909 aut
1723 4852 1850 4907 Nilo
1878 4855 2118 4922 episcopo

558 4946 880 5010 attribuisse,
912 4943 1040 4997 Nilo
1059 4953 1233 4997 autem
1257 4959 1359 4997 non
1390 4946 1631 5013 episcopo
1660 4942 1967 4996 abstulisse?
1998 4941 2121 4994 Nisi

558 5037 693 5089 enim
734 5036 828 5090 sub
896 5036 1013 5088 Nili
1064 5035 1293 5105 episcopi
1324 5043 1372 5087 et
1417 5035 1665 5103 martyris
1706 5033 1858 5087 titulo
1889 5033 2118 5103 legisset,

560 5128 737 5198 utique
777 5143 878 5180 non
915 5127 1198 5195 afﬁrmaret
1234 5142 1346 5179 esse
1389 5125 1504 5179 Nili
1534 5114 1785 5193 episcopi.
1816 5122 1954 5189 Quid
1983 5124 2121 5177 enim

558 5230 671 5270 erat
698 5218 753 5270 in
781 5232 966 5280 causa,
1009 5224 1065 5268 ut
1106 5214 1307 5270 Matius
1356 5212 1484 5268 Nilo
1520 5216 1755 5283 episcopo
1788 5213 2118 5275 attribueret,

563 5297 689 5361 Nilo
720 5317 896 5360 autem
926 5322 1027 5359 non
1048 5307 1284 5375 episcopo
1317 5304 1592 5374 auferret?
1617 5303 1720 5360 Sed
1744 5303 2120 5375 postmodum,

562 5397 849 5451 remissius
889 5396 1172 5461 enuntiat,
1215 5396 1380 5466 objici
1420 5410 1602 5466 posse,
1656 5394 1963 5448 sententias
2011 5408 2122 5446 non

559 5501 681 5541 esse
708 5482 815 5537 Nili
843 5484 1084 5555 episcopi
1115 5495 1168 5540 et
1195 5487 1476 5558 martyris,
1508 5486 1668 5540 sicuti
1701 5484 1806 5539 sibi
1834 5499 1863 5536 a
1890 5484 2125 5537 nonnul-

560 5574 629 5629 lis
686 5573 962 5643 objectum
1016 5574 1189 5633 fuisse
1238 5584 1521 5634 testatur:
1561 5576 1663 5631 sub
1732 5575 2121 5645 persecutione

2204 326 2383 396 posito
2409 338 2670 396 episcopo
2697 329 2913 394 tempus
2947 335 3055 377 non
3096 318 3341 377 adfuisse
3368 318 3565 376 edendi
3601 318 3756 373 libri:

2201 417 2253 470 in
2279 417 2399 487 ejus
2422 416 2559 472 actis
2588 416 2791 471 nullam
2818 415 3012 469 barum
3041 413 3400 470 Panem-seen
3430 412 3760 467 mentionem

2198 507 2423 564 factam.
2485 506 2799 579 Respondet
2860 506 3183 577 martyrium
3228 512 3283 559 et
3326 503 3759 574 persecutionem

2198 614 2311 655 non
2336 600 2701 670 interpolasse
2750 598 3103 668 scriptionetn
3134 596 3401 651 librorum
3423 635 3441 660 ,
3474 595 3761 663 exemplis-

2198 706 2307 762 que
2346 692 2598 762 pluribus
2620 689 2880 744 ostendit.
2905 688 3042 744 Hinc
3063 688 3346 743 concludit
3393 686 3761 758 Margarinum

2200 782 2268 837 de
2301 783 2350 835 la
2397 782 2564 851 Bigne
2602 797 2712 836 non
2753 790 2905 836 recte
2952 781 3077 836 Nilo
3122 782 3383 851 episcopo
3431 789 3488 837 et
3534 781 3765 851 martyri

2199 867 2344 937 quod
2371 882 2529 922 suum
2569 878 2687 923 erat
2715 868 3032 931 abstulisse,
3060 867 3182 923 Nilo
3212 882 3341 923 vero
3365 882 3478 922 non
3505 870 3766 940 episcopo

2202 957 2483 1012 tribuisse.
2521 956 2676 1023 Quod
2697 958 2744 1011 si
2775 957 3012 1010 attulerit
3042 965 3384 1025 postremum,
3419 974 3599 1027 nempe
3622 959 3764 1028 quod

2199 1047 2429 1117 plerique
2455 1048 2552 1101 viri
2583 1048 2682 1101 hac
2712 1056 3019 1116 tempestate
3044 1047 3345 1101 doctissimi
3376 1056 3550 1102 tenent
3606 1066 3767 1119 oppo-

2200 1138 2381 1202 situm,
2404 1138 2604 1192 scilicet
2619 1138 2753 1206 quod
2776 1154 2880 1192 non
2904 1139 3008 1192 sint
3036 1136 3152 1190 Nili
3173 1139 3403 1207 episcopi
3418 1148 3467 1192 et
3491 1142 3765 1211 martyris,

2201 1229 2290 1282 sed
2328 1228 2548 1283 alterius
2597 1227 2738 1294 Nili,
2777 1229 3152 1297 respondemus
3206 1229 3345 1297 quod
3382 1245 3448 1284 ex
3480 1231 3592 1285 alia
3614 1241 3771 1299 parte

2203 1318 2399 1372 adsunt
2436 1329 2644 1374 centum
2687 1319 2784 1373 alii
2814 1321 2913 1373 uiri
2943 1319 3376 1388 prwstantissimi
3402 1330 3771 1390 autumantes,

2206 1410 2391 1465 Nilum
2431 1413 2729 1480 episcopum
2754 1420 2804 1465 et
2832 1421 3121 1482 martyrem
3148 1412 3341 1465 harum
3383 1415 3772 1469 sententiarum

2204 1500 2656 1556 Parwneticarum
2687 1511 2978 1556 auctorem.

2276 1593 2379 1648 Sed
2408 1602 2467 1647 ut
2500 1594 2643 1648 unde
2670 1592 2874 1649 Paulus
2908 1593 3087 1665 exegit
3125 1594 3465 1666 Apologiam,
3515 1596 3642 1652 inde
3666 1614 3774 1670 ego

2204 1684 2479 1749 exordiar,
2520 1701 2628 1740 non
2659 1700 2782 1740 esse
2819 1684 2928 1739 Nili
2972 1686 3241 1756 episcopi,
3265 1687 3359 1742 sed
3389 1687 3644 1752 alterius,
3686 1698 3777 1746 te-

2204 1788 2333 1828 nere
2367 1772 2718 1827 doctissimos
2760 1773 2931 1838 viros,
2970 1772 3294 1842 respondet,
3336 1790 3405 1830 ex
3453 1776 3561 1829 alia
3614 1787 3782 1846 parte

2205 1872 2426 1918 centum
2472 1863 2612 1919 alios
2662 1864 3153 1932 praestantissimos
3196 1865 3346 1921 viros
3375 1873 3562 1925 tenere
3586 1868 3779 1925 Nilum

2204 1951 2525 2023 episcopum
2582 1967 2723 2007 esse.
2762 1954 2829 2007 Et
2869 1961 3056 2007 tamen
3108 1969 3219 2009 non
3257 1956 3430 2011 multo
3479 1968 3604 2014 ante
3643 1974 3779 2015 cum

2205 2042 2502 2097 illustrium
2543 2040 2887 2113 Scriptorum
2912 2044 3229 2101 testimonio
3255 2046 3309 2101 id
3348 2048 3514 2103 tutari
3539 2064 3778 2107 conare-

2206 2140 2317 2197 tur,
2356 2148 2464 2188 non
2489 2133 2632 2187 ultra
2668 2142 2779 2189 tres
2805 2134 3086 2205 produxit,
3116 2137 3411 2193 Antonium
3445 2142 3772 2196 monachum

2208 2224 2263 2276 in
2302 2217 2548 2287 Melissa,
2573 2220 2796 2277 Petrum
2831 2223 3247 2295 Riccordatum,
3283 2236 3338 2282 et
3384 2227 3605 2285 Mutium
3665 2230 3771 2286 Ju-

2213 2311 2708 2383 stinopolitanum,
2745 2316 2838 2384 qui
2904 2316 2973 2372 de
3032 2318 3354 2389 episcOpatu
3414 2319 3519 2377 Nili
3572 2323 3781 2377 harum

2209 2398 2570 2457 Pamneseon
2623 2402 2910 2473 scriptoris
2959 2419 3028 2459 ne
3063 2409 3290 2460 verbum
3338 2408 3561 2478 quidem
3602 2409 3784 2464 obdu-

2212 2499 2362 2547 cunt.
2396 2492 2463 2546 Et
2487 2492 2601 2561 jam
2661 2492 2952 2563 derepente
2992 2495 3048 2550 in
3088 2500 3425 2554 contrarium
3461 2501 3784 2571 perducun-

2211 2594 2326 2645 tur.
2359 2585 2465 2642 Sed
2506 2593 2645 2651 esto,
2692 2600 2788 2641 eas
2818 2584 2943 2641 Nilo
2974 2590 3231 2659 episcopo
3261 2594 3663 2648 concesserint.
3693 2594 3785 2650 An

2211 2686 2504 2750 propterea
2533 2675 2660 2733 Nilo
2708 2685 2911 2733 ascetze
2950 2679 3039 2734 vel
3094 2682 3363 2737 monacho
3395 2684 3787 2755 denegarunt?

2212 2768 2359 2824 Nihil
2418 2767 2623 2823 minus.
2668 2768 2865 2825 Ascela
2910 2770 3015 2828 sub
3056 2772 3181 2829 aliis
3222 2782 3390 2845 atque
3424 2776 3547 2831 aliis
3600 2777 3785 2833 titulis

2215 2861 2472 2925 innotuit,
2528 2860 2727 2930 quibus
2768 2862 2836 2916 ab
2882 2863 3317 2934 exscriptoribus
3370 2868 3576 2938 scripta
3627 2870 3787 2925 illius

2215 2955 2570 3008 cohonestata
2595 2963 2745 3009 sunt.
2796 2951 2937 3009 Hinc
2965 2954 3020 3008 in
3059 2956 3248 3013 multis
3279 2958 3383 3014 sub
3420 2961 3643 3015 nomine
3670 2960 3787 3017 Nili

2214 3042 2437 3114 praeﬁxo
2461 3044 2784 3115 designatur
2819 3045 3007 3102 nullus
3054 3047 3219 3112 alius,
3250 3064 3416 3119 quam
3463 3050 3791 3108 Constanti-

2215 3128 2571 3205 nopolitanus
2622 3137 2746 3202 iste,
2798 3137 2878 3192 uti
2928 3137 3033 3193 hoc
3071 3140 3294 3195 nomine
3328 3142 3619 3213 insngnior.
3645 3144 3788 3201 Aliis

2214 3225 2523 3281 monachus
2571 3235 2676 3291 est,
2719 3226 2844 3282 aliis
2886 3238 3093 3292 asceta,
3120 3230 3243 3286 aliis
3277 3231 3473 3296 abbas,
3498 3234 3621 3288 aliis
3664 3235 3790 3305 epi-

2217 3328 2438 3385 scopus,
2464 3315 2589 3372 aliis
2622 3316 3099 3387 archiepiscopus,
3132 3327 3190 3374 et
3221 3320 3368 3389 quod
3402 3322 3788 3381 admirabilius

2216 3413 2321 3470 est,
2361 3405 3027 3478 Constantinopolitanus,
3066 3409 3190 3466 aliis
3243 3420 3471 3483 martyr.
3512 3412 3697 3480 Quare
3737 3416 3789 3471 si

2217 3509 2285 3551 ex
2320 3494 2742 3566 inscriptionum
2769 3499 2951 3553 titulis
2992 3498 3076 3554 ias
3109 3508 3194 3555 est
3222 3501 3384 3558 nobis
3414 3503 3594 3559 varios
3643 3521 3789 3575 quo-

2218 3601 2326 3656 que
2371 3595 2625 3643 auctores
2674 3587 2900 3660 lingere,
2942 3601 3077 3661 quot
3102 3592 3262 3649 nobis
3296 3592 3405 3648 Nili
3452 3598 3789 3666 assurgentl

2219 3677 2317 3733 Vel
2356 3677 2412 3733 in
2463 3687 2602 3749 quot
2646 3679 2795 3737 Nilos
2846 3698 2992 3740 unus
3037 3693 3226 3740 noster
3270 3683 3428 3742 Nilus
3465 3688 3667 3744 misere
3697 3690 3790 3744 di-

2222 3776 2473 3837 scerptus
2520 3772 2933 3840 congemiscet!
2976 3772 3054 3828 Ex
3103 3774 3275 3830 variis
3305 3776 3519 3843 oliieiis,
3547 3777 3795 3848 dignita—

2223 3859 2393 3927 tibus,
2439 3860 2900 3930 professionibus,
2945 3864 3117 3929 curis,
3171 3866 3417 3923 sortibus
3443 3868 3610 3922 varia:
3639 3884 3794 3937 quo-

2220 3966 2328 4021 que
2353 3967 2602 4021 personae
2632 3953 2727 4008 uni
2754 3952 3043 4025 eidemque
3076 3956 3284 4012 homini
3319 3958 3702 4029 imponuntur,
3735 3968 3796 4015 et

2221 4043 2390 4097 variis
2436 4042 2683 4099 inductis
2738 4045 3073 4112 rationibus,
3105 4048 3258 4103 varie
3290 4064 3512 4118 quoque
3551 4054 3792 4120 perscri-

2222 4132 2426 4187 buntur
2465 4133 2520 4186 in
2549 4136 2946 4201 monumentis,
2972 4152 3151 4207 neque
3181 4147 3467 4207 propterea
3495 4156 3526 4194 a
3560 4158 3623 4197 se
3656 4142 3790 4210 ipsis

2222 4221 2451 4287 distant,
2480 4227 2563 4279 vel
2595 4226 2880 4279 minimum
2915 4234 3211 4282 mutantur.
3236 4227 3301 4281 Et
3326 4227 3505 4285 Nilum
3537 4240 3796 4288 nostrum

2224 4308 2395 4365 fuisse
2449 4320 2692 4367 ascetam
2748 4328 2840 4369 res
2886 4315 3006 4384 ipsa
3051 4316 3250 4382 docet;
3281 4320 3621 4374 sacerdotem
3656 4336 3792 4375 cum

2224 4395 2504 4452 Theodulo
2535 4397 2666 4465 lilio,
2718 4399 2772 4453 in
2804 4399 2907 4455 1100
2942 4401 3012 4457 (10
3058 4401 3198 4457 Nilis
3249 4405 3531 4459 tractatulo
3582 4405 3790 4473 proba-

2223 4506 2385 4557 mus;
2430 4497 2485 4546 et
2520 4499 2814 4562 martyrem
2862 4509 3100 4564 quoque,
3143 4504 3199 4550 et
3240 4497 3552 4567 episcOpum
3584 4495 3794 4564 fuisse,

2222 4591 2276 4638 et
2320 4584 2366 4638 si
2400 4583 2482 4637 vis
2524 4582 2689 4635 etiam
2717 4583 3214 4653 archiepiscopum,
3265 4587 3398 4656 quid
3447 4587 3631 4642 vetat?
3679 4586 3803 4642 Sed

2225 4673 2329 4729 hoc
2370 4688 2479 4726 non
2515 4681 2599 4727 est
2632 4673 2855 4743 scriptis
2880 4675 3137 4730 relatum.
3171 4674 3311 4743 Quid
3342 4678 3501 4732 tum?
3536 4677 3669 4743 Qua:
3703 4678 3807 4732 lit-

2227 4763 2359 4819 teris
2414 4761 2671 4816 mandata
2713 4778 2823 4818 non
2878 4773 3028 4832 sunt,
3074 4776 3128 4821 et
3179 4773 3359 4822 tamen
3401 4768 3706 4832 credimus,
3744 4776 3810 4823 et

2225 4854 2348 4909 sine
2398 4852 2508 4907 ullo
2561 4851 2731 4908 dubio
2780 4865 3031 4911 tenemus
3056 4856 3131 4910 ita
3159 4856 3371 4912 fuisse?
3397 4856 3463 4910 Et
3498 4856 3641 4913 forte
3675 4858 3809 4913 haec

2226 4944 2411 4997 omnia
2460 4945 2512 4997 in
2549 4942 2672 4998 Nilo
2711 4956 2903 5002 nostro
2952 4949 3348 5017 reperiremus,
3389 4949 3436 5005 si
3480 4965 3569 5006 res
3608 4959 3806 5020 gestas

2226 5034 2374 5089 illius
2397 5042 2612 5104 tempus
2643 5035 2781 5089 edax
2812 5037 2975 5091 nobis
3006 5039 3250 5109 reliquas
3287 5039 3529 5095 fecisset.
3564 5039 3628 5093 Et
3655 5040 3809 5097 forte

2226 5127 2389 5183 etiam
2425 5125 2517 5194 qui
2568 5125 2738 5179 futuri
2791 5136 2922 5182 sunt
2956 5129 3305 5193 obtinebunt,
3348 5146 3478 5185 cum
3509 5132 3810 5187 videamus

2228 5218 2284 5271 in
2313 5217 2430 5272 dies
2454 5216 2700 5287 singulos
2733 5217 2933 5272 similia
2961 5236 2991 5275 e
3012 5220 3238 5276 latebris
3265 5221 3319 5274 in
3345 5222 3525 5277 lucem
3559 5224 3810 5294 suscipi,

2228 5316 2281 5364 et
2302 5308 2533 5378 publica:
2566 5310 2938 5365 commoditati
2970 5312 3479 5382 procrescere.Non
3514 5330 3576 5368 ex
3597 5315 3813 5371 alienis

2230 5399 2509 5454 advocabo
2552 5410 2886 5469 argumenta.
2930 5401 3007 5455 Ex
3044 5401 3165 5457 Vita
3205 5401 3264 5458 S.
3306 5402 3411 5457 Nili
3452 5404 3700 5475 episcOpi
3751 5415 3810 5459 et

2230 5491 2526 5563 martyris,
2566 5507 2731 5561 quam
2775 5509 2842 5548 ex
2880 5491 3109 5551 Joannis
3152 5495 3585 5552 Christol‘orsoni
3618 5496 3805 5550 inter-

2230 5580 2536 5651 pretatione
2581 5582 2801 5650 recitas,
2835 5584 2901 5640 de
2934 5585 3155 5655 scriptis
3190 5584 3324 5663 dicti
3364 5587 3560 5651 sancti,
3610 5585 3804 5641 minus
