4024 6218
256 362 319 426 ιι
1468 362 1779 424 ΝΟΤΙΤΙΛ
1827 363 1850 420 1

1952 362 2012 423 ὃ.
2050 362 2318 422 NILUM.
2498 358 2501 359 ⁷
3445 353 3518 416 42

259 492 427 547 quant
462 474 600 529 nihil
634 482 736 533 est.
775 480 828 523 et
869 480 1053 526 tamen
1095 484 1187 527 tua
1236 474 1492 544 largitate
1525 483 1725 527 auctor
1758 481 1844 528 est

261 569 650 622 Paraziieseon.
702 563 855 617 Unde
892 564 943 616 id
986 564 1293 632 expiscaris
1336 580 1461 619 eum
1518 566 1641 617 illas
1694 566 1838 619 scri-

266 657 486 726 psisse?
525 654 706 708 Potuit
761 652 1028 706 scribere.
1093 650 1377 723 Scripsere
1435 654 1525 707 alii
1596 653 1843 721 ejusdem

262 749 444 803 atatis
479 756 532 800 et
573 745 863 814 dignitatis
906 744 1033 797 viri.
1066 743 1323 799 Concedo
1368 762 1468 800 nec
1518 748 1742 800 invitus.
1776 749 1845 798 At

261 835 577 901 scripsisse.
629 832 736 884 nisi
784 832 1010 885 meliora
1056 831 1262 887 indicia
1310 834 1680 903 proferantur,
1732 851 1842 889 non

261 924 462 977 dicant.
490 922 558 975 Et
585 923 748 976 etiam
793 923 838 975 si
882 921 1040 977 Nilus
1068 924 1361 993 episcopus
1402 926 1690 994 scripserit
1724 942 1740 979 :
1774 943 1844 980 an

262 1012 557 1084 episcopus
587 1024 641 1068 et
670 1024 879 1083 martyr
905 1016 992 1069 hic
1019 1023 1147 1070 tuus
1171 1016 1261 1071 ille
1287 1018 1428 1071 ident
1454 1019 1579 1073 est?
1602 1015 1754 1073 Nilos
1779 1032 1845 1072 eo

266 1113 516 1171 tempore
557 1105 744 1172 plures
792 1105 985 1168 fuisse,
1033 1114 1087 1159 et
1136 1106 1278 1160 inter
1326 1123 1422 1162 eos
1470 1109 1760 1178 episcopos
1790 1117 1847 1163 et

270 1207 558 1266 martyres,
598 1204 653 1248 et
684 1195 981 1265 scripsisse
1001 1196 1166 1250 etiam
1194 1198 1258 1251 ad
1290 1201 1666 1267 posteritatem
1690 1215 1843 1254 corn-

268 1288 591 1351 mcntarios,
641 1302 802 1340 nemo
874 1288 1120 1356 prudens
1170 1291 1473 1359 negaverit.
1520 1294 1717 1345 Annon
1760 1292 1845 1345 in-

267 1378 420 1433 sulse
477 1381 606 1449 quis
668 1381 1022 1434 concluderet
1076 1382 1170 1452 (sit
1233 1398 1333 1451 pro
1382 1385 1635 1453 exeiuplo
1688 1383 1844 1441 Nilus

268 1469 565 1523 Patrarum
609 1473 902 1541 episcopus
930 1482 986 1527 et
1025 1475 1276 1545 martyr).
1308 1473 1448 1529 Huic
1482 1476 1643 1545 Operi
1671 1480 1846 1547 praeli-

266 1565 416 1631 gitur
448 1564 634 1617 titulus
669 1584 682 1618 :
718 1564 1027 1619 Pararneses
1063 1565 1180 1619 Nili
1206 1569 1437 1636 episcopi
1477 1578 1528 1622 et
1570 1572 1842 1639 martyris.

270 1654 418 1725 Ergo
465 1654 616 1709 Nilus
662 1656 751 1710 hic
784 1658 970 1711 nullus
1007 1658 1149 1713 alius
1186 1670 1292 1724 est,
1346 1675 1508 1729 quam
1551 1662 1842 1716 Patraruiu

268 1749 582 1815 episcopus.
617 1746 758 1799 Nam
786 1748 832 1799 si
858 1745 974 1800 Nili
1002 1758 1193 1802 asceta:
1225 1758 1419 1813 essent,
1446 1767 1549 1803 non
1586 1759 1723 1804 esset
1749 1750 1844 1803 ad-

269 1838 423 1899 ditio,
444 1837 810 1903 expressioque
831 1838 1160 1903 episcopatus
1196 1847 1249 1892 et
1276 1842 1546 1909 martyrii.
1575 1838 1634 1893 Si
1662 1839 1848 1893 (ἔνατα

274 1927 633 1994 interpretatio
675 1926 874 1994 absque
916 1927 1072 1980 titulo
1125 1936 1175 1980 et
1205 1929 1849 1999 agnominationelegere-

275 2018 382 2070 tur,
420 2008 536 2061 Nili
567 2009 744 2077 utique
774 2026 880 2062 non
920 2010 1147 2078 episcopi
1190 2020 1360 2064 essent
1388 2013 1678 2065 sementim.
1722 2011 1848 2066 Non

277 2102 411 2155 enim
438 2111 512 2153 est
544 2100 901 2169 intelligibile,
938 2112 995 2152 ut
1032 2099 1145 2152 Nili
1182 2118 1285 2155 non
1328 2102 1560 2171 episcopi
1622 2102 1842 2171 fuerint,

284 2191 474 2260 Ecquis
529 2188 653 2244 Nilo
678 2194 920 2261 episcopo
943 2203 989 2245 et
1017 2193 1241 2261 martyri
1263 2193 1559 2249 attribuat?
1581 2191 1646 2247 Et
1666 2201 1846 2248 tamen

290 2284 491 2336 similia
516 2284 572 2334 in
595 2283 699 2336 hoc
720 2284 906 2337 codem
932 2282 1057 2337 Nilo
1076 2294 1259 2338 asccta
1285 2294 1412 2339 ante
1434 2286 1625 2340 oculos
1649 2286 1844 2341 obver-

291 2383 506 2427 santur.
550 2374 608 2427 In
655 2376 923 2430 nonnullis
956 2373 1203 2444 ejusdem
1251 2378 1577 2431 tractatibus
1620 2376 1851 2446 praeﬁgi-

286 2476 396 2530 tur,
445 2464 569 2517 Nili
605 2466 978 2533 archiepiscopi
1027 2467 1623 2534 Cunstantinopolitani.
1662 2468 1847 2539 Repu-

280 2554 513 2611 diandus
547 2558 732 2627 itaque
772 2567 854 2613 cst
901 2558 1052 2612 Nilus
1100 2569 1305 2625 asceta,
1352 2568 1406 2614 et
1454 2561 1608 2614 Nilus
1666 2559 1848 2614 archi-
1898 2560 1908 2570 ’

281 2649 567 2717 episcopus
617 2646 1261 2719 Constantiimpolitanus
1310 2652 1743 2721 investigandas.
1789 2650 1847 2705 In

282 2737 578 2797 nonnullis,
597 2737 706 2791 Nili
730 2739 971 2803 abbatis;
994 2741 1321 2808 rejiciendus
1342 2742 1525 2811 itaque
1543 2751 1625 2797 cst
1644 2753 1845 2807 asceta,

277 2836 336 2883 et
359 2828 509 2883 Nilus
536 2829 706 2882 abbas
738 2831 1186 2897 perscrutaudus.
1224 2832 1327 2885 Sed
1360 2831 1514 2886 Nilus
1536 2843 1715 2886 asceta
1740 2846 1847 2884 non

280 2923 384 2977 fuit
441 2938 617 2992 neque
668 2922 999 2991 epiScopus,
1061 2936 1239 2990 neque
1294 2930 1522 2993 martyr.
1585 2921 1743 2976 Unde
1794 2920 1845 2974 id

277 3016 484 3070 habes?
534 3014 646 3068 Nec
676 3015 843 3069 etiam
877 3015 979 3069 sub
1011 3016 1234 3069 nomine
1282 3014 1582 3069 sacerdotis
1634 3014 1847 3066 innote-

278 3106 408 3164 scit.
436 3114 489 3158 et
508 3115 683 3159 tamen
714 3106 1023 3160 sacerdotio
1055 3106 1338 3175 praeditum
1364 3106 1535 3159 fuisse
1561 3120 1625 3159 ex
1656 3103 1843 3158 eodem

280 3198 557 3269 perdisco.
588 3197 689 3251 Sed
718 3197 905 3252 Sixtus
941 3196 1187 3252 Senensis
1216 3198 1421 3252 nullam
1452 3198 1514 3249 de
1540 3194 1847 3264 ltujusmodi

279 3291 553 3345 sententiis
592 3290 903 3344 mentionem
948 3289 1089 3357 fecit.
1141 3290 1293 3352 Esto,
1340 3304 1530 3347 verum
1574 3298 1678 3350 ρει,
1727 3301 1848 3339 cum

278 3397 371 3434 nec
411 3380 473 3432 tle
502 3380 628 3432 aliis
662 3380 977 3433 tractatibus
1018 3380 1222 3448 fecerit,
1274 3378 1365 3433 sed
1414 3377 1479 3430 de
1513 3378 1580 3431 iis
1615 3387 1846 3439 tantum,

282 3486 398 3538 qua:
437 3471 492 3523 in
531 3486 802 3523 sacrorum
843 3468 1117 3523 Librorum
1157 3470 1508 3538 explicatione
1549 3477 1847 3522 rersantur.

282 3558 464 3625 Quare
497 3560 684 3627 itaque
834 3559 1010 3628 ipsius
1047 3559 1101 3611 in
1134 3558 1358 3612 Cantica
1389 3558 1755 3617 canticorum,
1794 3554 1847 3605 in

283 3650 641 3718 Evangelium
685 3648 865 3714 Luem,
901 3653 955 3704 in
999 3649 1266 3712 Psalmos,
1297 3657 1350 3703 et
1394 3649 1446 3701 in
1493 3648 1629 3702 alios
1677 3660 1850 3701 sacrae

288 3740 586 3809 Scriptum
625 3741 791 3795 libros
825 3742 1220 3809 explicationes
1246 3756 1350 3793 non
1380 3738 1850 3799 commemoravit,

287 3846 422 3897 quas
445 3831 511 3883 ad
540 3832 653 3885 haac
679 3842 924 3901 tempora
951 3832 1307 3899 manuscripti
1333 3830 1553 3883 codices
1584 3828 1854 3882 retinent?

288 3920 411 3975 Non
441 3923 545 3976 dici
571 3931 750 3992 potest
808 3922 915 3976 Nili
960 3923 1012 3976 in
1051 3921 1154 3976 Job
1192 3921 1598 3977 Commentaria
1641 3920 1853 3989 prolixa

293 4012 483 4075 fuisse,
519 4014 570 4067 in
601 4015 721 4068 aliis
754 4014 881 4067 hinc
910 4016 1035 4068 inde
1066 4029 1130 4068 ex
1164 4015 1339 4083 ipsius
1376 4013 1639 4082 Oper-ilius
1680 4010 1855 4064 recol-

296 4102 465 4158 lectas
490 4104 861 4174 expositiones
909 4122 922 4157 :
960 4119 1082 4156 cum
1128 4105 1179 4157 in
1218 4103 1322 4158 Joh
1366 4105 1554 4158 eodem
1594 4102 1753 4155 modo
1796 4115 1855 4154 se

305 4191 514 4258 habeat,
545 4204 592 4248 et
634 4197 688 4249 in
726 4195 1015 4249 Galaticum
1056 4198 1399 4250 canticorum
1453 4195 1523 4249 sit
1572 4208 1855 4247 commen-

302 4284 471 4337 tarius
492 4285 717 4355 integer.

358 4374 462 4429 Nili
496 4379 749 4432 monachi
774 4379 1016 4433 eremita:
1059 4379 1376 4443 Historiam,
1411 4379 1526 4433 sive
1569 4377 1856 4432 Narratio-

280 4481 394 4527 nes.
445 4469 636 4537 quibus
690 4469 854 4523 ctrdes
912 4471 1289 4523 monac/torum
1344 4472 1535 4524 montis
1587 4470 1750 4536 Sinw,
1807 4481 1856 4525 et

274 4560 569 4627 captivitas
614 4560 859 4613 Theoduli
912 4560 1023 4628 ejus
1075 4562 1177 4629 ﬁlii
1224 4561 1583 4615 describitur:
1619 4562 1712 4624 Εἰς
1760 4562 1857 4633 τὴν

271 4651 572 4721 ἀναίρεσιν
609 4649 717 4702 τῶν
759 4652 815 4703 ὲν
866 4652 945 4721 τῷ
1002 4652 1117 4721 ὄρει
1154 4653 1284 4721 Σινᾷ
1317 4651 1601 4721 Μοναχῶν,
1645 4655 1738 4705 καὶ
1780 4653 1858 4715 εἰς

269 4745 380 4815 τὴν
472 4742 844 4813 αἰχμαλωσίαν
915 4744 1009 4796 τοῦ
1084 4744 1201 4796 υἱοῦ
1271 4742 1433 4796 αὑτοῦ
1517 4744 1805 4796 Θεοδούλου
1840 4784 1855 4807 ,

269 4845 591 4889 extractam
645 4849 710 4888 ex
754 4836 946 4889 codice
980 4836 1046 4887 74
1096 4850 1197 4890 nis.
1251 4832 1433 4887 Caroli
1488 4834 1555 4888 de
1606 4834 1858 4889 Monchal

271 4927 691 4996 archiepisc0pi
719 4926 1001 4989 Tolosani,
1037 4935 1091 4980 et
1128 4927 1303 4981 eidem
1337 4937 1707 4995 nuncupatam
1734 4942 1857 4980 cum

269 5031 430 5070 nova
467 5033 563 5071 sua
591 5018 1045 5087 interpretatione
1078 5028 1133 5072 et
1168 5018 1333 5078 notis.
1370 5018 1475 5072 sub
1502 5018 1665 5071 titulo
1702 5017 1861 5074 :Nili

266 5123 443 5176 opera
488 5107 728 5175 quaedam
778 5108 1011 5161 nondum
1068 5109 1232 5171 edita,
1286 5107 1513 5162 Parisiis
1562 5108 1860 5177 publicavit

264 5199 642 5255 doctissimus
701 5201 899 5254 Petrus
957 5201 1219 5255 Pessinus
1278 5200 1419 5270 apud
1476 5201 1859 5255 Sebastianum

263 5292 567 5361 Cremoysi
597 5293 995 5363 typographum
1022 5294 1251 5363 regium,
1287 5294 1427 5347 in-l.
1462 5293 1687 5347 Addidit
1716 5295 1862 5363 ejus-

266 5386 407 5439 dern
440 5383 547 5437 Nili
603 5385 973 5439 laudationem
1014 5386 1065 5438 in
1107 5387 1401 5439 Albianum
1443 5385 1629 5441 Graece
1666 5396 1719 5442 et
1760 5387 1861 5441 La-

271 5481 420 5534 tine.
446 5478 527 5531 De
561 5477 667 5531 hac
689 5479 913 5532 historia
943 5481 1303 5550 Menologium
1334 5479 1649 5534 Grarcorum
1676 5480 1741 5533 l2
1765 5480 1862 5535 No-

272 5569 570 5624 vembris:
601 5569 713 5621 Καὶ
750 5570 872 5623 ἐπεὶ
903 5574 930 5625 ὁ
954 5573 1219 5643 μακάριος
1258 5572 1447 5635 Νεῖλος
1476 5574 1534 5626 τὸ
1572 5575 1697 5643 ὅρος
1722 5574 1860 5643 μετὰ

270 5659 378 5711 τοῦ
408 5657 528 5712 υἱοῦ
581 5661 922 5730 κατειληφὼς
957 5664 1116 5732 συνῆν
1146 5666 1257 5725 τοῖς
1306 5663 1603 5734 Πατράσιν,
1648 5663 1856 5736 βάρϐα·

274 5750 369 5820 poi
408 5766 554 5815 τινες
612 5751 874 5821 ἐξαίφνης
908 5755 1247 5816 ἐπελθόντες,
1273 5755 1347 5818 ὡς
1389 5755 1553 5841 θῆρες
1602 5755 1693 5810 τὸν
1744 5757 1857 5811 υἱὸν

608 5845 879 5908 ΡΑτιιοι.
922 5849 1037 5909 Gn.
1084 5849 1339 5913 LXXIXt

1944 472 2231 526 Θεόδουλον
2271 473 2367 524 σὺν
2404 471 2582 535 ἄλλοις
2621 471 2892 533 πλείστοις
2921 469 3265 540 αἰχμάλωτον
3293 468 3512 524 ελαϐον’

1944 558 2003 611 ὃν
2037 560 2114 622 ὡς
2164 559 2509 629 αἰχμάλωτον
2560 561 2748 629 θρηνεῖ
2809 560 2971 613 πλέον
3011 558 3106 611 τοῦ
3156 558 3508 631 καθήκοντος,

1945 649 2127 712 καθὼς
2155 653 2213 702 ἐν
2248 651 2325 721 τῷ
2365 652 2496 720 παρ’
2535 651 2700 703 αὑτοῦ
2750 652 3058 706 συντεθέντι
3126 651 3519 722 συγγράμματι

1945 742 2262 812 ἐμφέρεται·
2309 741 2448 794 llinc
2499 758 2613 794 cum
2646 742 2826 794 beatus
2860 739 3021 795 Nilus
3062 752 3318 809 occupato
3348 753 3522 796 monte

1944 850 2062 887 cunt
2086 835 2200 900 [ilio
2222 847 2529 887 sanctorum
2566 833 2788 886 Patrum
2809 834 3191 887 consuetudine
3233 834 3520 902 frueretur,

1944 923 2159 993 quidam
2219 923 2457 992 ferarum
2508 926 2681 976 instar
2734 935 2941 991 repente
2994 926 3252 978 irruentes
3308 925 3522 979 barbari

1944 1012 2058 1080 ejus
2099 1013 2271 1082 ﬁlium
2326 1013 2652 1067 Tlteodnlunt
2694 1030 2814 1067 cum
2864 1015 3045 1066 multis
3095 1015 3217 1085 aliis
3261 1018 3523 1083 captivum

1944 1105 2311 1169 abduxerunt;
2337 1106 2488 1173 cujus
2508 1123 2686 1159 casum
2713 1106 3038 1159 lamentatur
3058 1116 3230 1174 pater,
3247 1106 3523 1176 plusquam

1944 1196 2148 1250 deceret
2178 1196 2337 1250 talem
2362 1199 2550 1261 virum,
2574 1197 3017 1262 quemadmodum
3050 1199 3105 1250 in
3131 1196 3525 1252 Commentario

1945 1290 2044 1341 hac
2077 1289 2139 1341 de
2171 1305 2224 1342 re
2262 1292 2460 1357 scripto
2501 1306 2711 1343 cernere
2756 1299 2852 1341 est.
2892 1288 3235 1358 Nicephorus
3261 1290 3526 1342 (Iallislus

1944 1378 2094 1433 dicto
2122 1382 2241 1433 loco
2281 1399 2293 1433 :
2328 1382 2462 1433 Μεθ’
2500 1374 2574 1434 ὧν
2605 1381 2698 1433 καὶ
2735 1382 2794 1433 τὸ
2825 1384 2881 1433 ἐν
2919 1381 2996 1450 τῷ
3029 1382 3224 1451 Σιναίῳ
3251 1381 3369 1450 ὄρει
3412 1380 3522 1433 τῶν

1946 1471 2104 1525 θείων
2149 1472 2405 1543 Πατέρων
2448 1472 2747 1543 μαρτύριον
2783 1474 3156 1543 ἀναγράφεται
3208 1473 3353 1526 οὕτω
3384 1474 3525 1543 λαμ-

1946 1574 2100 1642 πρῶς
2126 1592 2183 1627 τε
2218 1575 2333 1644 ἅμα
2356 1576 2448 1629 καὶ
2470 1574 2811 1646 περιπαθῶς,
2841 1574 2917 1637 ὡς
2952 1574 3136 1627 ἱκανὸν
3164 1570 3302 1626 εἶναι
3339 1572 3510 1627 ὲντεῦ·

1959 1665 2051 1718 θεν
2081 1665 2337 1734 θηρᾶσαι,
2374 1660 2484 1728 οἷος
2513 1668 2606 1720 καὶ
2644 1665 2761 1718 κατ’
2792 1666 2959 1734 ἄμφω
2988 1664 3210 1732 γέγονεν
3237 1666 3267 1716 ὁ
3291 1665 3428 1734 ἀνὴρ
3467 1664 3523 1716 εν

1950 1774 2011 1809 τε
2042 1756 2215 1823 λόγων
2254 1758 2347 1810 καὶ
2379 1758 2583 1827 ἀρετῆς
2616 1758 2903 1828 περιουσίᾳ
2924 1774 2936 1785 ·
2961 1759 3076 1809 ἐκεῖ
3099 1757 3154 1809 δὲ
3182 1756 3278 1809 καὶ
3300 1756 3369 1809 τὰ
3402 1758 3524 1809 κατ’

1951 1850 2111 1902 αὑτὸν
2146 1848 2239 1901 καὶ
2279 1849 2405 1910 τοὺς
2440 1850 2633 1911 παῖδας
2681 1849 2914 1919 μετρέως
2955 1847 3204 1911 διέξεισιν
3249 1849 3526 1918 ἐκτραγῳ-

1948 1939 2054 1992 δῶν
2096 1938 2215 1991 λίαν
2246 1939 2565 2008 περιπαθῶς
2597 1940 2693 2009 τὴν
2727 1939 3102 2007 αἰχμαλωσίαν
3145 1938 3321 1991 αὐτῶν
3344 1976 3358 1999 .
3394 1938 3526 2009 βαρ-

1949 2029 2131 2100 ϐάρων
2160 2030 2639 2099 καταδραμόντων,
2675 2029 2724 2082 οἳ
2757 2028 3041 2098 Βλέμμυες
3074 2029 3362 2082 ἐκαλοῦντο
3382 2069 3397 2092 ,
3432 2030 3525 2082 καὶ

1950 2119 2111 2187 φόνον
2153 2120 2252 2173 οὐκ
2283 2119 2562 2190 ἐλάχιστον
2599 2119 2966 2190 δεδρακότων
2999 2118 3028 2171 ὃ
3069 2121 3164 2173 καὶ
3206 2120 3427 2191 ἥδυσμά
3473 2137 3526 2172 τι

1950 2212 2313 2285 πνευματικὸν
2344 2215 2455 2274 τοῖς
2493 2211 2812 2281 φιλομαθέσι
2858 2211 3263 2265 καταλέλοιπεν.
3299 2210 3526 2280 Scripsit

1948 2317 2152 2370 quoque
2198 2302 2498 2355 divinorum
2538 2296 2763 2355 Pttt‘rnnt
2791 2303 2843 2355 in
2878 2313 3051 2356 monte
3078 2302 3210 2356 Sina
3240 2301 3442 2355 obitum
3475 2313 3526 2355 et

1950 2395 2265 2464 martyrium
2306 2393 2557 2455 facundia
2592 2402 2639 2446 et
2688 2394 2850 2462 effatu
2904 2403 3073 2456 tanta,
3119 2401 3177 2444 ut
3227 2392 3361 2444 satis
3407 2390 3528 2443 inde

1951 2487 2196 2555 colligere
2230 2488 2406 2551 liceat,
2438 2504 2597 2556 quam
2621 2487 2817 2539 eximia
2856 2486 3103 2538 doctrina
3131 2484 3295 2551 juxta
3332 2491 3382 2536 et
3419 2485 3528 2537 vir-

1952 2589 2062 2634 tute
2105 2582 2184 2634 vir
2243 2582 2286 2635 is
2326 2582 2510 2649 fuerit,
2563 2581 2653 2633 ubi
2697 2580 2860 2634 etiam
2896 2595 3023 2632 suas
3066 2587 3116 2633 et
3162 2578 3397 2646 filiorum
3445 2594 3526 2632 res

1950 2673 2132 2742 paucis
2166 2681 2541 2727 commemorat
2588 2669 2985 2733 miserabiliter,
3040 2670 3199 2723 veluti
3242 2670 3299 2723 in
3336 2680 3530 2739 tragtev

1951 2765 2065 2830 dia,
2083 2766 2439 2833 captivitatem
2461 2765 2622 2818 etiam
2640 2763 2951 2833 deplorans,
2975 2779 3094 2815 cum
3118 2761 3335 2815 barbari
3356 2761 3530 2816 Blem~

1954 2874 2093 2927 myes
2150 2857 2461 2909 excursione
2490 2872 2587 2908 sua
2618 2854 2814 2909 caedem
2850 2857 3107 2924 ingentem
3147 2854 3315 2923 fecere
3348 2853 3527 2923 :quod

1952 2946 2257 3012 apusculum
2290 2955 2538 3015 tanquam
2577 2946 2857 3013 spirituale
2885 2944 3152 3015 quoddam
3173 2945 3527 2999 oblectamen-

1948 3048 2061 3090 tum
2089 3036 2339 3090 studiosis
2373 3036 2603 3105 reliquit.
2632 3035 2768 3090 Cum
2815 3035 3001 3090 Graece
3043 3036 3317 3104 legeretur
3341 3034 3529 3105 διηγή-

1951 3146 2118 3199 ματα.
2152 3129 2503 3183 occasionem
2536 3128 2769 3199 arripuit
2800 3128 3215 3182 eruditissimus
3258 3127 3525 3181 Pessinus

1949 3220 2323 3288 distinguendi
2377 3220 2574 3273 librum
2619 3220 2672 3274 in
2727 3228 2933 3289 septem
2979 3218 3353 3283 Narrationes,
3399 3233 3524 3272 cum

1949 3305 2053 3360 hoc
2098 3304 2466 3360 arbitraretur
2510 3307 2698 3376 aliquo
2738 3308 2965 3365 lectoris
3008 3308 3322 3369 commodo,
3366 3308 3522 3362 nullo

1950 3397 2196 3452 auctoris
2230 3404 2325 3449 aut
2354 3397 2537 3467 operis
2557 3397 2886 3454 detrimento
2917 3399 3034 3455 ﬁeri
3060 3415 3243 3469 posse.

2020 3487 2096 3544 De
2126 3506 2211 3554 ea,
2233 3503 2356 3558 quae
2385 3490 2526 3558 apud
2556 3489 2920 3560 Lipomanum
2952 3492 3099 3545 edita
3120 3500 3226 3555 est,
3256 3492 3528 3562 interpre-

1952 3580 2179 3647 tatione,
2223 3582 2353 3636 illud
2386 3589 2469 3636 est
2498 3583 2943 3651 pmstantissimi
2986 3582 3138 3637 Petri
3174 3582 3389 3638 l’ossini
3442 3583 3529 3638 in-

1952 3672 2366 3740 terpretationis
2423 3687 2537 3728 suae
2591 3672 2883 3727 arbitrium
2928 3691 2941 3727 :
2994 3673 3111 3728 Hoc
3159 3690 3320 3727 unum
3373 3674 3527 3726 modo

1952 3763 2101 3816 initio
2133 3779 2424 3831 receperam
2455 3780 2474 3817 :
2503 3765 2699 3832 hocque
2728 3763 2832 3828 illi,
2867 3780 2969 3833 quo
3000 3781 3188 3835 magno
3217 3766 3404 3819 merito
3440 3764 3528 3818 ni-

1953 3854 2030 3906 hil
2050 3870 2153 3907 non
2181 3854 2319 3923 apud
2363 3872 2442 3908 me
2469 3864 2713 3922 possunt,
2755 3872 2953 3908 mecum
2983 3856 3248 3909 duntaxat
3274 3867 3526 3925 egerant:

1955 3955 2010 3997 ut
2032 3954 2270 4009 veterem,
2295 3962 2411 4014 qua:
2438 3946 2638 4014 pridem
2665 3963 2697 3999 a
2727 3945 3017 4014 Lipomano
3045 3956 3123 3999 est
3163 3948 3329 4012 edita,
3370 3948 3527 4015 hujus

1956 4035 2193 4102 opusculi
2228 4036 2707 4104 interpretationem
2738 4052 3081 4101 recenserem,
3106 4046 3156 4089 et
3192 4054 3309 4091 cum
3338 4036 3525 4093 Grazca

1955 4144 2336 4195 compararem.
2370 4126 2473 4181 Sed
2507 4142 2627 4180 cum
2676 4127 2881 4195 aliquot
2917 4128 3033 4196 jam
3074 4128 3282 4197 paginis
3329 4131 3529 4198 passim

1957 4219 2355 4287 interpolatum,
2391 4237 2452 4274 ac
2486 4229 2817 4273 recantatant
2854 4237 2885 4272 a
2916 4237 2996 4273 me
3031 4220 3181 4273 illaut
3215 4222 3532 4290 interpreta—

1959 4312 2148 4364 tionem
2185 4311 2370 4363 amicis
2399 4312 2455 4364 in
2483 4312 2741 4379 specimen
2761 4311 3093 4378 obtulissem,
3120 4312 3258 4382 quod
3282 4312 3534 4368 scribenti

1957 4404 2101 4472 prius
2132 4404 2280 4467 mihi,
2307 4403 2403 4455 hoc
2432 4402 2721 4472 legentibus
2755 4402 2892 4457 idem
2925 4405 3056 4472 ipsis
3090 4405 3261 4457 visunt
3299 4404 3531 4470 fuisset:

1958 4511 2057 4557 me,
2078 4496 2125 4548 si
2146 4511 2404 4563 pergerem
2436 4504 2491 4547 ut
2514 4510 2788 4562 caperent,
2810 4495 3183 4549 exhauriendis
3205 4496 3313 4548 illis
3337 4496 3534 4550 laboris

1959 4586 2362 4639 illiberalissimi
2408 4586 2671 4655 fastidiis,
2721 4604 2911 4655 magno
2953 4604 3065 4640 meo
3120 4586 3277 4640 taedio
3328 4587 3530 4639 nullam

1961 4677 2380 4729 tamenalienam
2411 4677 2637 4746 gratiam
2669 4677 2983 4730 relaturum.
3022 4676 3086 4729 Et
3110 4684 3348 4740 certe,rut
3375 4692 3531 4744 quam

1960 4768 2198 4821 omittere
2233 4785 2334 4821 non
2363 4784 2601 4836 possunt,
2654 4769 2924 4822 celerrime
2968 4767 3181 4832 saltem,
3212 4768 3352 4836 quod
3393 4784 3532 4822 vere.

1961 4856 2167 4910 cundia:
2208 4874 2369 4909 unum
2412 4867 2667 4925 superest,
2723 4859 3017 4927 transigant
3083 4858 3533 4925 reprehensionem

1963 4947 2160 5001 laboris
2192 4949 2375 5011 alieni,
2409 4949 2459 4999 id
2485 4964 2641 5017 quant
2685 4947 2925 5010 breviter,
2965 4956 3073 4998 tant
3099 4964 3212 5001 vere
3252 4947 3368 5000 licet
3396 4950 3531 5017 afﬁr-

1963 5055 2106 5091 mare
2137 5040 2335 5090 nullum
2365 5040 2572 5092 omnino
2607 5039 2741 5091 labis
2793 5040 3048 5108 flagitiive
3087 5056 3269 5109 genus,
3297 5043 3438 5109 quod
3476 5044 3529 5093 in

1960 5147 2019 5183 eo
2048 5146 2229 5199 genere
2262 5131 2431 5182 caveri
2470 5130 2673 5189 debeat.
2705 5131 2757 5183 in
2804 5136 2909 5184 ista
2962 5148 3076 5185 esse
3122 5134 3375 5186 versionis
3408 5146 3535 5200 'per-

1962 5220 2273 5273 rersissima:
2308 5219 2371 5271 de
2414 5222 2773 5288 properatione
2829 5224 3263 5288 prietermissum.
3315 5223 3453 5275 Nam
3486 5231 3535 5275 et

1962 5309 2240 5362 obscurata
2272 5311 2469 5374 passim
2500 5320 2575 5363 est
2611 5312 2844 5364 auctoris
2878 5314 3160 5378 sententia,
3188 5323 3236 5367 et
3270 5330 3371 5366 non
3412 5329 3536 5367 raro

1965 5400 2033 5452 ad
2086 5400 2352 5452 libidinem
2408 5402 2709 5471 interpretis
2739 5404 2863 5472 ﬁcta
2899 5415 2946 5458 et
2979 5404 3206 5459 detorta.
3244 5403 3369 5457 lant
3420 5422 3535 5457 o'n-

1965 5487 2114 5539 nibus
2155 5488 2261 5555 fere
2288 5489 2490 5556 paginis
2526 5491 2875 5542 miserrimum
2916 5492 2965 5543 in
3014 5493 3223 5544 modum
3265 5507 3357 5557 per
3385 5508 3534 5542 sunt-

1964 5594 2105 5631 ntant
2180 5578 2440 5631 licentiam
2494 5579 2729 5634 lacerata
2803 5582 3118 5652 foedissime,
3188 5584 3536 5648 mutilmaque

1961 5670 2133 5723 oratio
2164 5670 2434 5738 scriptoris
2469 5685 2485 5722 :
2523 5682 2633 5723 tum
2657 5689 2687 5724 a
2724 5675 2893 5743 capite
2919 5674 2988 5726 ad
3020 5674 3216 5727 calcent
3248 5672 3395 5725 nullo
3431 5688 3537 5724 non

1961 5763 2074 5817 loco
2116 5762 2192 5815 ita
2242 5771 2511 5831 comperta
2555 5767 3016 5836 contaminataque
3046 5766 3266 5820 maculis
3297 5763 3540 5819 barbaric

3163 5857 3202 5915 2
