4024 6218
399 399 468 464 43
1621 399 1932 463 ΝΟἸἹΤΙΑ
1970 399 1983 457 ]

2093 398 2153 459 S.
2177 397 2446 461 NILUM.
3600 397 3672 462 44

400 510 680 582 cujusdam
715 507 984 577 infantia,
1022 517 1080 561 ut
1142 524 1272 578 opus
1327 519 1560 565 ueterum
1597 511 1825 581 judiciis
1856 526 1978 564 arce

400 607 640 674 dignum,
668 617 759 653 rus
790 600 944 654 Itodie
979 616 1202 666 nterunt,
1235 617 1457 673 rareque
1490 603 1756 672 inﬁcetius
1803 601 1980 656 videa-

400 711 504 751 tur.
541 695 672 762 Qua!
700 695 744 747 si
771 695 889 765 quis
933 711 966 748 a
994 711 1074 749 nte
1110 696 1256 749 dicta
1304 697 1647 750 criminosius
1683 695 1976 759 existimet,

400 805 500 840 non
523 802 615 856 ego
647 796 820 840 tamen
848 787 989 856 apud
1018 804 1138 842 eum
1165 787 1386 857 perdam
1413 805 1607 858 aquam
1636 787 1849 858 prolixa
1881 803 1980 856 ap-

397 879 703 945 probatione
732 895 911 933 causte
945 895 1073 934 mete
1098 881 1254 935 certis
1289 897 1604 952 unaquaque
1638 881 1702 934 de
1741 896 1798 935 re
1832 878 1984 934 testi-

399 966 589 1020 moniis
635 965 986 1035 proferendis.
1047 966 1152 1023 Sed
1185 969 1232 1022 si
1280 971 1417 1024 tanti
1479 980 1626 1040 putet
1668 987 1779 1025 rem
1816 977 1982 1024 totam

400 1073 768 1128 cognoscere,.
797 1067 848 1113 et
901 1058 1100 1115 Latina
1145 1061 1244 1115 illa
1285 1063 1473 1118 ueteris
1513 1063 1824 1132 interpretis
1861 1077 1983 1120 cum

401 1147 588 1202 Grteca
617 1150 854 1203 auctoris
880 1148 1139 1219 conferre,
1165 1160 1222 1204 ut
1247 1151 1318 1206 ad
1343 1153 1457 1206 alia
1493 1153 1790 1216 conniveat,
1815 1166 1898 1205 na:
1937 1151 1982 1204 is

401 1253 596 1306 tamen,
637 1242 683 1293 si
711 1257 868 1311 quant
896 1241 1051 1297 habet
1097 1245 1421 1313 a-quitatem,
1463 1260 1585 1297 cum
1629 1259 1734 1296 non
1771 1250 1982 1296 tantum

399 1342 684 1397 commata,
733 1343 825 1387 aut
861 1336 1346 1403 comprehensiones
1375 1347 1538 1401 totas,
1593 1337 1684 1392 sed
1732 1336 1980 1416 paginas,

400 1433 554 1494 atque
582 1424 715 1478 adeo
740 1428 1087 1483 tractationes
1109 1429 1343 1501 integras
1369 1431 1580 1484 conscio
1605 1429 1817 1484 silentio
1843 1443 1986 1498 pra:-

399 1515 584 1567 teritas
633 1523 744 1569 toto
790 1519 997 1585 passim
1029 1519 1083 1573 in
1141 1537 1294 1589 opere
1341 1521 1650 1589 perspiciet,
1709 1530 1758 1575 ει
1806 1519 1981 1585 illum.

396 1611 633 1681 quisquis
656 1621 755 1672 est,
787 1611 1123 1680 interpretem
1149 1614 1424 1682 scripsisse
1459 1616 1798 1686 festinanter,
1822 1620 1872 1666 et
1904 1627 1986 1665 me

399 1716 502 1754 non
534 1703 862 1758 calumniose
890 1721 1172 1760 accusasse
1197 1707 1488 1776 iudicabit.
1516 1711 1684 1778 Atque
1703 1707 1825 1760 hinc
1851 1706 1983 1760 satis

401 1792 673 1864 intelligis,
711 1796 872 1850 lector
920 1799 1140 1867 optime,
1194 1815 1355 1868 quam
1387 1816 1491 1854 non
1523 1799 1725 1863 leviter,
1768 1806 1860 1851 attt
1893 1787 1985 1850 cu-

398 1887 516 1952 pide
553 1890 836 1942 consilium
876 1891 1338 1960 interpretationis
1391 1891 1662 1947 ordienda:
1693 1907 1863 1953 nocte,
1893 1889 1984 1944 sed

400 1978 693 2029 necessario
749 1981 1088 2047 susceperim.
1132 1981 1259 2035 Haec
1311 1997 1437 2035 cum
1499 1979 1986 2036 animadvertisset

401 2067 587 2120 nescio
614 2069 739 2137 quis
775 2070 828 2122 in
867 2070 1020 2126 calce
1050 2071 1261 2127 codicis
1290 2071 1427 2126 editi
1470 2071 1760 2127 Barlierini
1793 2070 1987 2141 appin-

401 2159 521 2211 xit:
563 2159 694 2214 Tres
743 2163 833 2214 isti
881 2164 1233 2231 manuscripti
1285 2164 1488 2218 codices
1523 2165 1599 2217 ita
1628 2162 1977 2224 concordant,

400 2260 458 2302 ut
491 2265 556 2304 ea:
583 2269 688 2307 uno
721 2255 1012 2322 exemplari
1059 2255 1214 2323 quasi
1266 2254 1518 2324 descripti
1565 2270 1680 2309 esse
1711 2253 1988 2308 videantur

400 2359 602 2407 omnes,
634 2345 871 2416 alioquin
903 2346 968 2398 ab
997 2346 1140 2400 edito
1185 2348 1334 2418 longe
1367 2346 1731 2416 discrepantes
1757 2363 1776 2400 .'
1815 2345 1983 2399 multa

399 2438 538 2491 enim
571 2446 802 2500 mutant,
831 2439 1087 2492 nonnulla
1127 2439 1353 2500 addunt,
1386 2440 1618 2508 plurima
1644 2439 1903 2502 recidunt,
1931 2439 1985 2491 in

399 2530 587 2597 qtti’tus
622 2525 890 2582 Simeonis
913 2527 1294 2598 'Metapltrastte
1315 2547 1530 2584 manum
1554 2529 1714 2600 facile
1736 2544 1986 2599 agnosces

397 2620 490 2688 qui
527 2621 727 2689 scripta
769 2621 1034 2690 ejusmodi
1087 2621 1152 2676 de
1203 2623 1438 2677 virorum
1491 2633 1800 2677 sanctorum
1833 2622 1984 2676 rebus

400 2713 558 2776 gestis
589 2713 808 2782 antiqua
843 2722 892 2765 et
924 2714 1057 2766 satis
1100 2714 1262 2784 longa
1295 2715 1641 2783 interpolare,
1678 2727 1832 2784 atque
1867 2731 1982 2767 mu-

405 2811 516 2854 tare
551 2803 771 2855 amauit.
817 2802 989 2858 Porro
1023 2805 1181 2857 istam
1209 2805 1326 2873 ejus
1363 2807 1670 2871 editionem,
1695 2823 1854 2875 quam
1894 2822 1985 2859 co-

399 2894 542 2948 dices
571 2895 650 2947 illi
675 2904 1076 2962 rep'rtcsentant,
1105 2908 1290 2952 secuta
1314 2911 1392 2953 est
1443 2911 1588 2955 vetus
1619 2902 1986 2969 interpretatio

401 2986 591 3040 Latine
626 3005 657 3040 a
699 2985 993 3055 Lipomano
1041 2990 1274 3057 primum
1320 2992 1586 3061 evulgato,
1629 3010 1785 3064 quant
1827 2993 1988 3047 Pater

405 3077 660 3131 Pessinus
684 3079 738 3132 in
777 3078 1104 3148 Praefatione
1131 3081 1207 3135 ita
1241 3085 1501 3153 exagitat,
1535 3086 1722 3139 utilius
1754 3085 1988 3153 fortasse

400 3169 663 3236 facturus,
694 3170 740 3223 si
783 3169 1197 3240 discrepuntias,
1245 3183 1403 3242 atque
1427 3176 1588 3228 etiam
1639 3192 1845 3230 errares
1883 3191 1986 3229 non

399 3259 465 3307 ab
494 3257 795 3324 interprete,
827 3259 916 3312 sed
943 3276 976 3312 a
1005 3257 1247 3314 Simeone
1290 3261 1650 3326 Metaphraste
1687 3265 1984 3334 interpola-

401 3357 513 3399 tore
537 3347 932 3416 proﬁciscintti
971 3348 1175 3418 factum
1205 3353 1458 3418 oportuit,
1499 3354 1982 3430 animadvertisset.

402 3439 527 3494 llzcc
559 3440 610 3492 iu
648 3438 1270 3512 Possinutn;Lipomani
1293 3443 1654 3510 additionem,
1686 3455 1740 3500 et
1773 3431 1985 3501 Simeo-

401 3531 486 3584 uis
529 3531 1148 3601 Metaphras'ttenomen
1185 3550 1280 3604 per
1315 3550 1409 3589 ora
1441 3537 1728 3590 hominum
1775 3539 1988 3608 magni-

399 3623 501 3678 llce
553 3625 814 3680 incedens
870 3628 1185 3684 traduntur.
1251 3629 1357 3685 Sed
1415 3633 1848 3686 condonandum
1901 3643 1988 3689 cst

400 3717 541 3782 viro,
571 3718 664 3786 qui
688 3726 960 3787 quantum
975 3720 1164 3774 valeat
1190 3719 1421 3776 Possini
1455 3723 1752 3792 judicium,
1786 3733 1841 3778 et
1873 3723 1986 3780 Me-

400 3812 699 3880 Iaphrastze
735 3811 980 3882 dignitas
1013 3813 1066 3866 in
1107 3813 1274 3869 rebus
1309 3815 1714 3871 ecclesiasticis
1761 3833 1985 3887 promo-

400 3904 591 3958 vendis
623 3921 687 3960 ex
760 3906 1110 3975 publicarum
1155 3907 1613 3978 privatarumque
1653 3926 1838 3964 rerum
1885 3912 1986 3966 ad-

398 3996 846 4061 ministratione,
896 3999 1208 4068 peritiaque
1257 3999 1440 4071 plena,
1489 4010 1545 4056 et
1584 4017 1654 4056 an
1714 4003 1881 4058 albus
1903 4005 1986 4060 vel

397 4095 515 4139 ater
545 4087 733 4151 fuerit,
769 4089 1009 4155 ignorat.
1040 4090 1179 4156 Quis
1235 4091 1407 4155 enim,
1469 4093 1579 4148 nisi
1630 4098 1804 4166 nugas
1834 4111 1986 4150 som-

399 4176 551 4230 niare
584 4179 842 4243 voluerit,
884 4181 1120 4250 aliisque
1159 4185 1372 4251 garrire
1404 4187 1725 4249 tcutaverit,
1757 4186 1986 4243 Simeo-

399 4279 523 4318 nem
539 4265 960 4336 lletaphrastem
981 4272 1149 4325 nobili
1173 4275 1534 4344 equestrique
1552 4292 1754 4346 genere
1775 4287 1982 4345 natum,

397 4356 712 4412 ministrum
747 4359 893 4412 inter
930 4361 1225 4428 primarius
1257 4365 1469 4420 militia:
1501 4366 1984 4440 Constantinopo-

383 4448 599 4507 'litante.
631 4449 698 4504 ab
731 4449 986 4520 epistolis
1009 4457 1063 4506 et
1085 4454 1320 4508 secretis
1343 4455 1717 4525 imperatoris,
1738 4459 1986 4515 oratione

397 4542 574 4596 soluta
606 4551 658 4598 et
695 4544 877 4598 vincta
909 4559 1014 4598 non
1043 4547 1251 4616 absque
1282 4547 1622 4618 eloquentia,
1655 4559 1710 4604 et
1742 4551 1984 4605 dexteri-

395 4642 507 4689 tate
530 4636 866 4704 przccipuum
894 4635 1127 4704 jactahit
1162 4657 1174 4692 :
1227 4654 1448 4694 errores
1482 4651 1537 4694 ct
1573 4642 1985 4712 discrepantias

395 4744 425 4781 a
470 4728 561 4780 tali
604 4734 870 4797 tantoque
903 4728 1022 4783 viro
1049 4729 1329 4798 profectas
1360 4731 1553 4798 fuisse,
1580 4741 1636 4787 et
1671 4734 1817 4789 vitas
1839 4736 1984 4789 anti-

391 4833 626 4886 quorum
671 4824 992 4872 sanctorum
1058 4819 1444 4900 interpolassel
1478 4823 1877 4889 contendenti,
1930 4834 1984 4879 ct

393 4918 610 4966 tantum
643 4926 844 4966 nomen
887 4912 1128 4978 laedenti,
1170 4913 1387 4968 veniam
1425 4914 1712 4978 concedet,
1745 4916 1837 4971 sed
1873 4933 1982 4969 non

398 5003 880 5070 prosperandam?
909 5002 1013 5057 Sed
1041 5020 1230 5073 parum
1261 5006 1455 5076 peritis
1495 5021 1618 5070 usu,
1657 5015 1711 5061 et
1743 5007 1809 5060 de
1835 5008 1979 5062 facili

400 5093 888 5161 pronuntiantibus
916 5096 1100 5149 omnia
1139 5111 1249 5150 non
1292 5096 1480 5150 invitis
1515 5097 1769 5152 manibus
1803 5100 1982 5152 danda

399 5195 544 5238 sunt.

467 5275 712 5332 Dicimus
753 5293 906 5349 ergo,
961 5287 1015 5334 et
1065 5280 1300 5334 firmiter
1335 5295 1748 5342 asseveramus,
1811 5279 1981 5335 Meta-

400 5369 657 5439 phrasten
693 5371 842 5425 nullo
866 5371 1028 5425 modo
1062 5372 1204 5427 vitas
1232 5380 1556 5427 sanctorum
1590 5373 1976 5442 interpolasse.

397 5464 494 5525 sic,
529 5473 583 5515 ut
611 5464 779 5516 multa
815 5463 1214 5525 immutaverit,
1251 5464 1484 5532 plurima
1547 5462 1844 5528 addiderit,
1875 5466 1980 5518 alia

397 5554 678 5608 reciderit.
710 5553 815 5607 Sed
851 5553 1162 5608 immutavit
1191 5556 1411 5608 cautior
1453 5555 1658 5620 factus,
1686 5570 1807 5625 qua:
1847 5557 1983 5610 alio-

397 5662 514 5698 rum
554 5646 890 5714 sumpturum
925 5645 1295 5700 monumentis
1329 5647 1437 5699 alio
1462 5661 1695 5715 prorsus
1736 5648 1897 5702 modo
1923 5665 1982 5704 se

395 5736 678 5797 habuisse,
730 5746 783 5793 et
827 5746 1023 5791 contra
1077 5737 1170 5805 jus
1223 5736 1417 5808 fasque
1479 5737 1650 5793 fuisse
1707 5735 1975 5809 dignovit.

394 5823 620 5879 Addidit
655 5827 723 5882 ab
755 5829 879 5884 aliis
918 5828 1149 5884 edoctus
1177 5829 1343 5900 digna
1373 5831 1537 5895 scitu,
1583 5833 1861 5900 praeterita
1897 5841 1978 5887 ta-

2087 495 2210 564 men
2242 509 2312 565 ab
2342 507 2589 579 antiquis
2609 507 2855 563 Vitarum
2881 507 3274 578 scriptoribus.
3302 507 3516 564 Recidit
3535 510 3672 564 alio-

2090 616 2210 656 rum
2239 601 2466 671 scriptis
2492 600 2688 665 relata,
2735 600 2830 655 sed
2870 599 3060 662 nimia.
3105 601 3200 655 sed
3238 616 3668 670 supervacanea,

2087 693 2185 750 sed
2206 694 2480 757 fabulosa,
2500 691 2598 748 sed
2618 691 2874 756 ridicula,
2894 699 2950 746 et
2973 707 3360 760 perversorum
3382 692 3669 748 hominum

2089 786 2296 840 malitia
2343 785 2761 856 superinducta.
2796 783 2866 839 Et
2899 783 3026 849 hoc,
3069 783 3143 838 mi
3193 785 3301 850 vir,
3335 785 3672 854 interpolare

2094 877 2246 934 Vitas
2287 887 2610 936 sanctorum
2654 877 2779 934 est?
2825 876 2893 930 Et
2924 877 3102 932 hocne
3183 877 3309 940 erit,
3344 875 3500 933 Vitas
3534 878 3672 933 locis

2089 968 2422 1041 quibusdam
2459 969 2813 1032 immutasse,
2846 965 3224 1029 intercidisse,
3250 965 3470 1037 illisque
3502 966 3672 1022 addi-

2085 1061 2276 1117 disse?
2298 1059 2700 1130 Metaphrastes
2723 1057 2880 1114 Vitas
2914 1066 3066 1113 recte
3090 1055 3482 1128 sapienterque
3500 1059 3674 1113 dicta-

2090 1159 2197 1219 tas,
2225 1153 2463 1208 intactas
2485 1152 2732 1224 reliquit,
2751 1167 2818 1208 ex
2841 1151 3074 1206 aliorum
3092 1149 3294 1205 studiis
3309 1164 3375 1205 ac
3389 1150 3673 1206 laboribus

2083 1244 2296 1299 nullam
2339 1245 2446 1300 sibi
2495 1243 2698 1299 famam
2755 1243 3135 1310 emendicans,
3185 1243 3281 1300 sed
3322 1257 3351 1295 a
3389 1244 3572 1314 capite
3602 1242 3671 1298 ad

2089 1336 2297 1392 calcem
2323 1351 2508 1390 rerum
2529 1345 2832 1406 gestarum,
2863 1335 2945 1390 uti
2978 1342 3147 1407 gestat
3177 1342 3330 1400 sunt,
3369 1334 3672 1404 expositio-

2086 1444 2238 1495 nem,
2263 1429 2492 1500 proprio
2529 1428 2672 1500 stylo
2704 1442 3015 1500 seuereque
3043 1426 3266 1481 dicendi
3301 1427 3378 1480 ita
3401 1425 3666 1496 expediit,

2091 1527 2154 1576 ut
2192 1521 2359 1577 nullis
2386 1519 2622 1576 aliorum
2661 1519 2996 1590 scriptorum
3041 1517 3313 1588 periodis,
3365 1516 3507 1572 addo
3552 1515 3670 1572 for-

2084 1613 2259 1669 mulis
2287 1622 2342 1668 et
2381 1613 2550 1678 notis,
2581 1627 2745 1668 usum
2773 1611 2946 1667 fuisse
2967 1610 3040 1665 ab
3069 1620 3186 1664 arte
3209 1610 3672 1665 oratoriainstru-

2089 1711 2216 1758 ctus
2243 1703 2776 1774 dignoscere-possit.
2811 1700 2889 1756 Ita
2919 1709 3026 1758 est.
3056 1700 3315 1755 Prostant
3345 1709 3670 1756 sanctorum

2093 1795 2451 1866 antiquorum
2473 1795 2603 1850 vita:
2625 1795 2698 1850 ab
2731 1795 2858 1850 aliis
2891 1803 3018 1849 ante
3053 1793 3460 1863 liletaphrasten
3491 1793 3674 1864 publi-

2083 1896 2250 1954 catae,
2288 1903 2410 1958 quae
2440 1887 2788 1959 postmodum
2823 1886 2894 1941 ab
2927 1886 3122 1942 eodem
3153 1885 3420 1942 facultate
3451 1885 3669 1942 dicendi

2093 1981 2358 2052 singulari
2391 1981 2447 2034 in
2487 1979 2771 2035 meliorem
2811 1987 2978 2049 atque
2997 1980 3400 2034 accuratiorem
3421 1985 3669 2034 tenorem

2079 2074 2254 2129 edita:
2293 2082 2448 2140 sunt,
2484 2070 2675 2143 quales
2707 2072 2911 2127 multas
2959 2071 3014 2124 in
3049 2085 3172 2126 mea
3203 2071 3272 2126 de
3319 2071 3668 2128 Simeonibus

2081 2165 2337 2220 'Diatriba
2398 2163 2712 2219 luculenter
2761 2162 3068 2232 designavi.
3113 2160 3284 2216 Sume
3336 2163 3389 2216 in
3446 2177 3662 2226 manus,

2079 2256 2358 2312 attentius
2377 2256 2595 2320 lectita,
2617 2269 2776 2326 aeque
2823 2253 3071 2324 beneque
3110 2254 3413 2325 iudicatum
3447 2254 3661 2308 demum

2094 2348 2423 2404 sententiam
2461 2345 2668 2416 profer.
2702 2343 2910 2401 Planus
2946 2343 3142 2410 lueris,
3185 2345 3231 2400 si
3262 2343 3667 2414 Metapbrasten

2093 2442 2336 2496 virorum
2371 2448 2692 2494 sanctorum
2725 2453 2816 2494 res
2865 2446 3052 2509 gestas
3098 2437 3386 2507 antiquas,
3446 2445 3502 2491 et
3539 2437 3674 2491 satis

2079 2535 2287 2604 "longas
2318 2531 2702 2602 iuterpolasse,
2731 2539 2896 2600 atque
2920 2531 3242 2586 immutasse
3263 2529 3674 2590 enuntiaveris.

2093 2637 2147 2684 ct
2185 2625 2492 2682 doctissimi
2527 2623 2750 2678 Possini
2781 2622 2850 2678 de
2893 2624 2996 2677 hac
3037 2621 3271 2678 historia
3321 2619 3428 2677 Nili
3477 2621 3674 2678 Latine

2094 2719 2234 2788 apud
2268 2717 2632 2788 Lipomanum
2660 2724 2870 2769 rectum
2898 2729 3010 2769 non
3036 2730 3160 2771 esse
3184 2714 3513 2786 intelligens,
3538 2727 3672 2784 pru-

2093 2810 2340 2878 densque
2379 2807 2675 2878 judicium,
2719 2813 2816 2861 aut
2861 2805 3066 2875 injuria
3103 2807 3252 2861 illam
3287 2821 3534 2861 vexasse.
3567 2805 3670 2860 Cui

2095 2900 2368 2972 siquidem
2407 2913 2518 2952 non
2543 2905 2650 2960 est,
2681 2897 2736 2951 in
2764 2897 3150 2952 cxscribendis
3182 2897 3531 2966 antiquorum
3580 2911 3675 2951 vo-

2095 2992 2396 3048 luminibus
2413 2989 2815 3058 exscriptorum
2854 2987 3146 3052 incuriam,
3182 3003 3359 3058 neque
3387 2989 3439 3042 in
3462 2989 3672 3042 doctri-

2095 3100 2186 3147 na,
2219 3097 2397 3152 neque
2422 3082 2473 3134 in
2503 3079 2820 3135 eruditione
2839 3079 3245 3143 excellentiam,
3273 3087 3331 3134 et
3350 3080 3396 3135 si
3428 3080 3672 3147 codices,

2094 3175 2296 3245 quibus
2341 3172 2701 3238 innitebatur,
2796 3171 3079 3241 depravati
3131 3171 3382 3226 distortis
3443 3173 3669 3238 litteris,

2096 3267 2212 3323 sive
2238 3263 2512 3335 ambiguis
2548 3262 2791 3328 confusi,
2828 3263 2990 3318 verba
3023 3262 3392 3318 similitudine
3431 3263 3670 3334 syllaba-

2097 3375 2216 3413 rum
2250 3358 2468 3418 vitiosa,
2517 3357 2686 3410 multa
2721 3356 2888 3410 etiam
2930 3355 3014 3410 vel
3069 3354 3406 3424 malignitate
3462 3356 3672 3420 addita,

2093 3447 2179 3503 vel
2208 3446 2390 3517 spatio
2433 3445 2704 3514 temporis
2737 3445 3024 3514 fugientia,
3062 3444 3394 3499 intrusisse?
3422 3443 3674 3513 Iniquum

2093 3547 2177 3595 est
2227 3538 2426 3593 similia
2472 3535 2855 3606 Memphi-astte
2893 3535 3215 3590 attribuere.
3259 3534 3322 3588 Et
3343 3551 3426 3590 -ne
3459 3537 3670 3588 nimius

2095 3632 2220 3691 situ,
2259 3629 2383 3683 vide
2416 3643 2538 3697 qua:
2565 3624 2632 3682 de
2674 3625 3049 3697 Metaphraste
3103 3627 3156 3680 in
3196 3626 3476 3690 dictando,
3506 3634 3678 3696 atque

2093 3723 2276 3777 verbis
2317 3721 2600 3776 struendis
2640 3718 2826 3773 studio
2875 3719 3124 3788 apposite
3170 3718 3224 3772 in
3273 3717 3466 3788 Elogio
3500 3719 3678 3787 ipsius

2093 3816 2369 3871 construit
2415 3813 2647 3876 Pacilus,
2683 3811 2926 3865 Dialriba
2947 3820 3141 3865 nostra
3187 3810 3254 3864 de
3301 3809 3677 3873 Simcuuibus,

2093 3917 2147 3962 et
2186 3922 2376 3960 eorum
2411 3905 2659 3974 scriptis,
2711 3905 2764 3956 in
2798 3919 2907 3974 qua
2939 3903 3108 3955 multa
3147 3902 3213 3957 de
3255 3903 3356 3956 hac
3395 3901 3582 3957 eadem
3615 3918 3678 3956 re

2095 4011 2161 4050 ex
2201 3996 2322 4050 aliis
2392 4003 2559 4063 atque
2605 3991 2729 4047 aliis
2780 3991 3100 4046 auctoribus
3131 3991 3471 4059 collegimus.
3509 3991 3573 4044 Et
3611 4008 3684 4046 ne

2097 4105 2195 4144 nos
2231 4088 2432 4143 similia
2462 4096 2650 4140 nostra
2685 4084 3081 4154 imaginatione
3113 4085 3324 4153 agitare
3367 4083 3556 4137 belluli
3613 4098 3678 4136 ac

2097 4179 2275 4234 festivi
2324 4177 2568 4248 saperda:
2636 4175 3012 4244 suspicentur,
3067 4174 3264 4227 habeto
3317 4174 3442 4240 tibi,
3483 4175 3679 4234 lector,

2095 4285 2218 4338 quae
2268 4283 2369 4337 pro
2419 4266 2608 4320 eodem
2659 4263 3028 4333 Metaphraste
3063 4261 3405 4332 Lipomanus
3455 4263 3687 4332 scriptis

2097 4359 2370 4414 memoria:
2398 4356 2660 4428 prodidit.
2685 4355 2764 4408 De
2787 4354 3150 4425 Mclapltraste
3180 4363 3357 4408 autem
3383 4356 3678 4406 communis

2092 4451 2390 4521 priscorum
2444 4450 2678 4502 virorum
2734 4445 2990 4500 Ecclesia:
3049 4445 3338 4502 Orientalis
3386 4445 3670 4508 sententia,

2093 4543 2253 4598 'Vitns
2284 4551 2592 4596 sanctorum
2620 4555 2686 4594 ea:
2716 4540 2940 4594 diversis
2975 4548 3253 4594 auctorum
3297 4537 3440 4592 libris
3467 4552 3584 4590 eum
3615 4537 3681 4590 itt

2093 4651 2258 4689 unum
2282 4633 2524 4687 volumen
2555 4631 2835 4699 redegisse,
2875 4640 2924 4684 et
2959 4646 3076 4698 qute
3121 4631 3350 4699 alicujus
3391 4629 3488 4682 viri
3520 4637 3688 4681 erant
3716 4663 3748 4708 i-

2096 4727 2385 4793 inscriptcc,
2408 4723 2504 4778 sub
2538 4722 2634 4776 ltoc
2659 4721 2815 4774 titttlo
2847 4722 3155 4791 reliquisse;
3184 4738 3300 4791 qua:
3322 4738 3440 4774 uero
3465 4720 3528 4772 ab
3557 4720 3692 4774 aliis
3716 4703 3746 4728 r'

2093 4819 2372 4884 descriptis
2419 4824 2594 4878 erant,
2627 4813 2750 4866 rudi
2791 4825 2986 4876 tamen,
3024 4823 3074 4866 et
3127 4815 3332 4866 insulso
3381 4813 3541 4882 style,
3588 4829 3694 4867 eas

2093 4910 2264 4974 ipsum
2301 4906 2484 4959 ntultis
2526 4904 2823 4966 laboribus,
2862 4913 2913 4958 et
2958 4905 3246 4957 sudoribus
3285 4919 3592 4964 exat-nasse,
3632 4915 3696 4958 et

2092 4999 2388 5053 eruditione
2405 5013 2504 5050 sua
2519 4997 2846 5064 exposuisse,
2864 5007 3019 5063 prout
3035 4995 3344 5049 Theodorus
3365 4996 3693 5060 Balsanton,

2091 5102 2140 5145 et
2170 5089 2396 5153 I’sellus,
2415 5089 2634 5159 ideoque
2648 5085 3103 5156 el‘MctapItrastu'
3137 5105 3326 5142 nomen
3349 5090 3526 5158 fuisse
3551 5089 3696 5142 ade-

2092 5194 2272 5253 ptum,
2307 5182 2680 5256 μεταφράζειν
2709 5183 2847 5235 enim
2885 5181 3084 5238 Gra’ce.
3112 5180 3298 5237 Latine
3321 5193 3422 5244 est,
3455 5183 3700 5249 scriptu-

2096 5295 2210 5330 ram
2244 5277 2480 5346 aliquant
2523 5273 2935 5328 dilucidioribus
2979 5275 3153 5329 verbis
3178 5317 3191 5340 ,
3228 5291 3385 5329 sensu
3414 5284 3588 5328 tamen
3637 5286 3702 5329 et

2095 5373 2318 5425 materia
2369 5368 2586 5423 retentis
2632 5366 3000 5436 interpretari.
3049 5366 3180 5432 Qnte
3215 5376 3392 5419 autem
3419 5365 3707 5421 anemine

2093 5468 2266 5522 adhuc
2321 5465 2533 5532 scripta:
2589 5461 2800 5528 fuerant
2827 5503 2839 5521 .
2901 5460 2992 5514 sed
3029 5461 3184 5530 quasi
3235 5474 3328 5528 per
3361 5474 3598 5522 manum,
3637 5469 3708 5512 es

2093 5559 2434 5614 traditionem
2469 5573 2502 5609 a
2531 5553 2785 5608 l’atribus
2816 5561 3066 5620 acceptis,
3099 5561 3149 5605 et
3173 5567 3269 5618 pro
3298 5551 3433 5604 ueris
3459 5549 3705 5616 habiles,

2093 5654 2187 5706 ltus
2218 5653 2323 5720 ipse
2343 5649 2570 5719 eleganti
2603 5655 2652 5701 et
2686 5645 2896 5700 condito
2936 5645 3075 5714 style
3101 5645 3470 5712 descripsit,“
3502 5642 3708 5710 legen-

2092 5745 2188 5797 dus
2231 5741 2481 5796 Ecclesia:
2522 5739 2820 5807 proposuit,
2881 5747 3134 5804 tantaque
3185 5736 3504 5789 auctoritate
3545 5731 3714 5788 liber

2093 5835 2174 5887 hic
2199 5835 2252 5887 in
2292 5836 2454 5886 lucem
2479 5829 2702 5906 prodiit,
2739 5837 2796 5882 ut
2832 5828 2973 5897 apud
3007 5826 3333 5883 Orientalem
3361 5823 3708 5894 Ecclesium,
