3970 6220
304 357 363 422 l5
1514 348 1824 408 NOTITIA
1862 346 1944 407 IN
1982 346 2042 405 S.
2076 347 2345 406 NILUM.
3486 338 3555 403 46

310 467 381 536 qui
406 472 705 517 sanctorum
749 459 899 513 Vitas
932 468 1125 527 printer
1157 473 1321 511 unum
1353 458 1647 512 Simeonem
1686 455 1859 511 Meta—

311 559 548 627 plmzstem
601 554 896 619 scripserit,
934 567 1024 605 nec
1058 563 1351 620 quazratur,
1404 567 1495 603 nec
1549 551 1861 617 ripcriatur.

316 649 529 715 Quinimo
560 649 615 699 in
643 646 753 698 suis
784 642 1030 706 Mena'is,
1065 654 1113 698 et
1138 642 1318 697 Sacris
1344 653 1676 704 sanctorum,
1722 641 1865 694 Vitas

324 742 498 799 recitat,
520 752 622 789 non
648 736 789 787 alias
812 750 970 803 quam
1000 748 1065 786 ex
1093 733 1210 786 istis
1230 732 1535 798 desumptas
1562 729 1704 797 legit,
1736 728 1867 783 adeo

325 848 399 900 pro
441 830 613 891 certis,
648 827 785 879 reris
820 835 869 879 et
905 824 1245 887 autltenticis,
1280 824 1344 877 ab
1379 822 1643 883 omnibus,
1680 830 1728 874 et
1756 836 1869 871 om-

330 926 445 977 nium
469 922 775 975 auctoritate
794 918 1144 986 conﬁrmatis.
1183 915 1300 969 Imo
1321 932 1412 969 nec
1433 915 1667 968 Ecclesia
1684 913 1869 966 Crazca

332 1032 495 1083 preces,
540 1012 904 1076 orationesque
946 1007 1344 1075 Metapltrastw,
1404 1017 1522 1076 post
1582 1004 1777 1059 Basilii
1820 1011 1869 1055 et

335 1105 655 1174 Citrgsostomi
683 1102 1095 1169 supplicationes
1128 1102 1310 1155 statim
1338 1101 1584 1160 locasset,
1610 1101 1655 1152 si
1690 1114 1871 1151 recena

338 1199 390 1249 tis
422 1195 641 1261 temporis
674 1194 912 1245 auctoris
942 1204 1095 1245 esset.
1134 1190 1247 1244 Nec
1292 1208 1323 1243 a
1372 1190 1692 1243 Balsamone
1737 1188 1872 1240 alle-

337 1305 537 1359 θητείαν,
565 1287 650 1355 qui
695 1287 841 1339 ultra
877 1285 983 1338 400
1024 1301 1195 1337 annos
1249 1284 1455 1351 ﬂoruit,
1489 1292 1537 1335 et
1572 1280 1750 1335 Psello
1784 1280 1874 1349 qui

342 1381 461 1432 ultra
489 1379 795 1447 quingentos.
829 1375 1063 1444 Denique
1100 1393 1189 1428 nec
1217 1378 1270 1427 in
1302 1376 1526 1429 concilio
1564 1372 1874 1427 Florentino

344 1470 403 1520 ad
423 1467 806 1536 conﬁrmandum
832 1466 1021 1535 dogma
1041 1467 1167 1535 ﬁdei
1195 1468 1332 1519 inter
1354 1466 1596 1519 doctores
1623 1464 1877 1518 Ecclesia:

348 1561 577 1613 citaretur.
608 1556 727 1611 lla’c
764 1558 975 1624 fuerant
1008 1558 1232 1627 reliqua,
1268 1575 1384 1628 qua!
1416 1559 1479 1611 de
1519 1559 1615 1611 hoc
1644 1558 1755 1610 uiro
1784 1572 1878 1609 no-

352 1653 487 1705 tanda
505 1662 656 1705 erant.
686 1651 753 1705 Et
779 1652 834 1705 in
870 1651 1192 1707 Prefatione
1223 1660 1355 1705 tom.
1380 1652 1425 1707 V
1457 1670 1471 1707 :
1502 1650 1647 1705 Illud
1666 1650 1877 1720 quidem

343 1743 534 1810 primum
550 1752 641 1805 est,
659 1758 836 1796 omnes
860 1743 954 1794 has
981 1740 1128 1794 Vitas
1142 1742 1206 1794 de
1227 1739 1411 1795 erco
1431 1743 1482 1793 in
1511 1740 1759 1795 Latinum
1778 1757 1874 1793 no-

341 1844 440 1887 stro
462 1834 675 1897 hortatu,
700 1834 999 1902 nostrisque
1024 1834 1276 1900 suppetiis
1301 1851 1333 1887 a
1361 1832 1630 1901 Gentiano;
1651 1834 1883 1887 llerveto‘

341 1926 476 1980 Callo
522 1928 625 1980 riro
675 1926 831 1979 docto
885 1942 1062 1980 recens
1098 1926 1266 1995 fuisse
1315 1927 1637 1984 translatas.
1685 1940 1879 1994 eosque

343 2035 462 2070 nunc
479 2019 681 2085 primum
708 2018 1101 2073 Occidentalem
1131 2019 1426 2075 Ecclesium
1448 2020 1729 2086 suscipere,
1764 2034 1881 2088 qua:

346 2110 473 2177 quali
503 2120 777 2178 quantoque
817 2110 1065 2164 thesauro
1106 2110 1371 2181 hucusque
1406 2110 1469 2163 ob
1507 2127 1690 2164 earum
1733 2110 1878 2179 igno-

354 2202 579 2252 rationem
623 2201 821 2267 privata
865 2200 1066 2269 fuerit,
1108 2210 1390 2271 postquam
1444 2210 1609 2256 totum
1636 2201 1882 2256 volumen

363 2293 659 2356 percurreris,
694 2304 743 2344 tu
776 2294 884 2361 ipse
916 2293 1087 2362 judea:
1120 2296 1347 2362 optimus
1379 2310 1492 2348 esse
1518 2295 1738 2364 poteris.

435 2378 493 2432 Et
518 2381 605 2433 hoc
629 2382 816 2450 quidem
841 2382 1205 2453 Lipomanus,
1237 2384 1284 2438 si
1320 2386 1503 2453 priora
1526 2385 1721 2439 atteris
1751 2398 1885 2438 ocu-

356 2468 485 2524 latus
512 2472 723 2529 at’route
764 2477 962 2540 simul,
1012 2485 1066 2530 et
1110 2477 1410 2546 occipitio,
1466 2478 1511 2532 si
1574 2477 1884 2548 posteriora

349 2565 503 2631 quinti
536 2567 674 2631 torni,
714 2567 838 2638 plus
861 2568 1112 2622 cimicem
1147 2567 1455 2639 sanguinis,
1489 2578 1550 2621 ut
1582 2568 1656 2620 ita
1675 2566 1882 2632 dicam,

346 2671 487 2724 quam
517 2659 655 2713 illum
676 2661 907 2716 rationis
941 2659 1204 2715 habuisse
1245 2661 1418 2715 dices.
1446 2660 1589 2726 Quid
1612 2660 1759 2715 enim
1798 2662 1885 2714 in-

345 2749 731 2815 consideratius,
757 2759 853 2806 aut
899 2750 1274 2807 inconsultius
1318 2751 1431 2805 ﬁeri
1465 2752 1664 2820 potuit,
1720 2767 1885 2821 quam

343 2841 478 2896 Vitas
497 2852 802 2898 sanctorum
833 2845 1149 2909 universas,
1188 2858 1313 2914 quae
1336 2844 1544 2897 nullum
1599 2855 1885 2900 auelorem

341 2934 483 2988 titulo
522 2936 912 3005 praeferebant,
940 2936 1112 2990 'nulla
1164 2935 1232 2990 ad
1289 2936 1555 3006 liquidum
1601 2937 1886 3006 explorata

339 3022 566 3087 veritate,
618 3023 861 3078 Simeoni
913 3023 1298 3092 Metaphrasta:
1342 3024 1678 3094 appingere?
1726 3023 1886 3079 Unde

340 3117 655 3184 postmodum
705 3125 787 3172 tot
843 3116 1002 3172 fama:
1052 3116 1305 3180 vulnera,
1359 3125 1413 3170 et
1456 3124 1618 3171 notas
1659 3117 1886 3171 innoxio

341 3206 543 3272 homini,
564 3219 615 3263 et
646 3210 714 3264 ab
747 3210 900 3264 omni
933 3210 1093 3279 culpa
1127 3209 1517 3273 rcmotissimo,
1550 3209 1886 3280 pravissimi,

340 3308 387 3349 et
412 3301 621 3367 pessime
649 3300 918 3375 diﬂ'amati
950 3302 1217 3365 haeretici,
1250 3312 1304 3356 et
1337 3301 1552 3357 fabulas
1605 3301 1890 3356 fabuloso-

339 3405 449 3442 rum
476 3408 764 3463 mangones
795 3394 1185 3449 concriminati
1218 3395 1393 3449 sunt?
1445 3394 1518 3449 De
1553 3395 1755 3464 quibus
1787 3411 1889 3451 nos

342 3480 455 3535 alibi
495 3483 683 3539 fusius.
738 3483 898 3538 Nunc
950 3466 1329 3540 tantum-“illis
1376 3484 1572 3538 addam
1620 3486 1687 3539 dc
1740 3485 1891 3543 illius

342 3580 504 3636 relate,
529 3574 665 3643 quod
697 3573 929 3643 Niceph.
955 3573 1229 3643 Gregoras
1252 3575 1305 3629 in
1331 3573 1451 3629 Vita
1485 3584 1689 3629 sancta:
1714 3573 1891 3630 Theo-

345 3661 585 3729 phanonis
618 3664 820 3719 Leonis
855 3667 948 3720 lilii
971 3665 1157 3721 Basilii
1189 3665 1506 3721 Macedonis
1540 3667 1893 3737 imperatoris

346 3751 907 3827 Couuantitmpoiitani
956 3757 1165 3820 uxoris,
1228 3757 1297 3812 de
1362 3756 1563 3813 studiis
1622 3757 1893 3813 restitutis

352 3846 414 3898 ab
467 3848 645 3902 eodem
718 3848 902 3904 Leone
966 3850 1020 3903 in
1087 3850 1223 3903 urbe
1297 3850 1603 3921 Byzantina
1670 3865 1889 3920 agens:

346 3938 410 3990 Τό
433 3957 487 4009 γε
509 3942 609 4013 μὴν
642 3943 752 3996 τῶν
783 3944 957 4011 λόγων
987 3942 1208 4014 κράτος,
1234 3944 1391 4014 εἴπερ
1418 3943 1480 4013 δή
1502 3960 1552 3995 τι
1579 3941 1688 3995 τῶν
1722 3942 1895 3995 ἁπάν-

345 4044 437 4081 των
468 4032 654 4095 ἄλλων,
704 4035 800 4087 καὶ
851 4034 972 4086 τότε
1028 4033 1250 4103 μᾶλλον,
1294 4034 1452 4103 εἴπερ
1495 4031 1683 4086 ἄλλοτέ
1737 4048 1891 4095 ποτε.

348 4123 698 4194 μγάληνὲσχε
734 4124 833 4193 τὴν
854 4123 1057 4194 ἀκμὴν,
1094 4125 1297 4193 ἀμφοῖν
1313 4126 1424 4177 τοῖν
1454 4121 1724 4193 βασιλέοιν
1751 4121 1895 4192 μάλα

340 4229 412 4264 τοι
435 4216 679 4286 πλείστην
714 4216 1025 4269 δεδωκότων
1044 4216 1225 4278 αὐτοῖς
1251 4215 1349 4285 τὴν
1373 4215 1545 4287 ῥοπὴν
1597 4214 1690 4269 καὶ
1706 4217 1890 4287 τιμήν.

342 4306 435 4359 Καὶ
458 4304 519 4380 ἦν
550 4312 682 4380 ὁρᾷν
707 4310 891 4361 ὁσίων
928 4307 1136 4378 ἀνδρῶν
1171 4307 1534 4376 συναλλαγὰς,
1567 4309 1662 4362 καὶ
1717 4310 1897 4377 σοφῶν

338 4403 561 4473 ρητόρων
584 4404 811 4473 θέατρα,
846 4403 940 4456 καὶ
975 4404 1156 4456 πᾶσαν
1176 4401 1351 4469 λόγων
1384 4402 1585 4472 ἀρετῆς
1614 4402 1894 4466 ἐπίδειξιν,

332 4492 717 4564 ἀθροιζομένων
750 4495 1123 4564 ἁπανταχόθεν
1165 4492 1397 4556 πολλῶν,
1453 4493 1548 4546 καὶ
1598 4493 1897 4546 ποιούντων

324 4587 491 4656 ἀλλην
528 4588 884 4658 Σωκρατικήν
920 4604 981 4639 τε
1043 4587 1137 4639 καὶ
1188 4584 1543 4653 Πλατωνικὴν
1594 4584 1763 4637 Στοὰν
1805 4586 1899 4637 καὶ

337 4681 665 4752 Ἀκαδημίαν
704 4684 797 4735 καὶ
830 4681 1060 4735 Λύκειον
1089 4682 1158 4734 τὰ
1194 4681 1459 4751 βασίλεια.
1496 4680 1595 4733 Διὰ
1628 4681 1691 4748 δὴ
1728 4678 1900 4731 ταῦτα

322 4774 415 4825 καὶ
436 4774 633 4844 πολλὴν
662 4774 760 4844 τὴν
822 4776 1062 4827 ἐπίδοσιν
1098 4775 1285 4845 εῦηφε
1335 4774 1457 4827 τότε
1494 4774 1588 4826 καὶ
1614 4775 1645 4843 ἡ
1677 4773 1774 4842 τῆς
1805 4772 1898 4825 τοῦ

320 4866 455 4917 Θεοῦ
494 4866 822 4936 Ἐκκλησίας
851 4868 1171 4936 εὐπρέπεια.
1209 4867 1282 4919 Οὐ
1342 4866 1451 4937 γὰρ
1498 4864 1657 4935 μόνον
1688 4866 1715 4917 6
1750 4863 1901 4934 βασι-

318 4957 445 5017 λεὺς
485 4958 686 5020 πολλὰς
724 4958 834 5008 τῶν
875 4959 1106 5026 ἐτησίων
1160 4956 1363 5026 ἑορτῶν
1399 4958 1491 5009 καὶ
1535 4953 1900 5024 πανηγύρεων

313 5049 539 5109 οἰκείοις
574 5050 849 5118 ἐκόσμησε
883 5051 1061 5116 λόγοις
1112 5050 1204 5102 καὶ
1246 5049 1432 5118 ᾠδαῖς,
1466 5047 1601 5100 ἀλλὰ
1633 5048 1725 5100 καὶ
1774 5048 1901 5100 πολ-

314 5143 443 5204 λοὺς
479 5143 587 5193 τῶν
626 5143 746 5194 τότε
795 5142 1098 5212 ἐλλογίμων
1152 5141 1219 5194 τὰ
1272 5142 1433 5209 ὃμοια
1484 5141 1743 5212 πράττειν
1774 5139 1899 5193 ὲκέ-

311 5235 530 5287 “mm-
564 5228 661 5286 Ὧν
696 5230 775 5295 εἷς
830 5229 897 5304 ἦν
948 5236 1043 5287 καὶ
1100 5234 1155 5295 ὃς
1202 5234 1319 5285 τότε
1387 5232 1522 5286 ἄλλα
1591 5234 1902 5305 μετέφρασε

313 5330 453 5400 x96;
482 5329 543 5379 τὸ
567 5327 998 5398 εὐφραδέστερον
1017 5369 1029 5391 ,
1063 5328 1155 5378 καὶ
1191 5328 1317 5389 τοὺς
1352 5326 1566 5389 πλείους
1592 5326 1699 5378 τῶν
1722 5344 1780 5378 τε
1806 5327 1903 5396 τῆς

310 5421 519 5490 ἀρετῆς
561 5418 817 5487 ἀσκητῶν
866 5419 959 5470 καὶ
1008 5416 1258 5486 ἀθλητῶν
1309 5416 1687 5487 συνεγράψαντο
1731 5414 1899 5484 βίους.

317 5514 382 5566 Et
416 5513 669 5567 dictionis
696 5511 905 5578 quidem
959 5510 1207 5563 oratoria:
1265 5508 1445 5570 robur,
1477 5517 1523 5560 et
1554 5507 1733 5560 eodem
1774 5517 1903 5560 tem—

312 5623 457 5669 pore,
491 5606 539 5657 si
566 5604 855 5672 quidquam
904 5603 1065 5665 alias,
1094 5613 1200 5654 tum
1240 5601 1407 5669 magis
1437 5616 1498 5652 ac
1526 5601 1690 5669 magis
1722 5600 1902 5668 ingen-

314 5710 417 5750 tem
479 5698 832 5749 accessionem
901 5696 1117 5765 fecerat,
1168 5710 1285 5747 cum
1338 5690 1493 5746 ambo
1564 5692 1905 5760 imperatores

314 5792 613 5844 maximum
663 5791 742 5844 illi
798 5792 1023 5861 rigorem
1090 5788 1440 5849 honoremque
1513 5784 1902 5840 attribuisscnt.

1974 453 2153 519 Quare
2174 453 2291 522 jam
2315 453 2450 506 obvii
2472 453 2760 522 cuicunque
2774 461 2926 504 erant
2952 461 3258 505 sanctorum
3290 453 3557 507 hominum

1971 561 2315 611 congressus,
2370 544 2841 597 scientissimorum
2896 553 3169 596 oraturum
3221 543 3449 610 theatra,
3509 557 3560 600 ct

1971 638 2139 688 omnis
2170 637 2403 705 facultas
2452 635 2662 688 dicendi
2701 636 3010 705 singularis,
3054 647 3100 689 et
3135 638 3306 705 copia,
3343 655 3460 691 cum
3495 657 3560 691 ea:

1975 728 2102 781 locis
2126 730 2365 782 omnibus
2400 728 2635 798 plerique
2663 740 3019 793 accurrerent,
3051 740 3099 783 et
3134 747 3319 784 novant
3363 731 3561 795 Socra—

1973 820 2151 884 ticam,
2178 831 2333 890 atque
2373 821 2703 873 l’latonicam
2734 820 2915 874 Stoam
2942 838 2997 871 ea
3012 821 3262 886 biberent,
3296 825 3562 893 etregiam

1972 914 2144 981 ipsam
2172 930 2358 968 novam
2390 914 2755 977 Academiam,
2798 924 2845 967 et
2876 913 3146 984 Lyca'um,
3199 914 3562 970 l’ritana’um-

1973 1022 2090 1074 que.
2134 1004 2268 1059 Inde
2294 1022 2411 1060 vero
2477 1008 2645 1059 multo
2696 1018 2805 1059 tum
2845 1017 3123 1074 augmento
3180 1009 3565 1067 tuncinraluit

1974 1100 2170 1154 divinm
2204 1098 2459 1154 Ecclesice
2497 1100 2716 1168 species,
2753 1109 2801 1151 et
2855 1100 3017 1150 nitor.
3063 1096 3243 1166 Neque
3282 1101 3420 1150 enim
3448 1109 3566 1153 tan~

1977 1190 2246 1245 tummodo
2268 1192 2571 1261 imperator
2599 1192 2873 1259 plerosque
2922 1191 2973 1242 in
3005 1207 3171 1243 annos
3194 1190 3430 1260 singulos
3455 1191 3566 1244 dies

1977 1284 2139 1352 festos
2190 1301 2254 1338 ac
2306 1284 2668 1339 solemnitates
2710 1285 2941 1352 propriis
2980 1284 3308 1336 orationibus
3340 1284 3567 1338 cohone-

1976 1376 2156 1441 stavit,
2182 1385 2230 1430 et
2260 1377 2505 1439 canticis,
2555 1377 2644 1429 sed
2705 1384 2754 1427 et
2799 1375 3139 1433 multosalios
3157 1379 3374 1443 quitum
3406 1377 3568 1428 vitam

1979 1470 2200 1538 agebant
2233 1478 2547 1538 prmstantes
2601 1469 2738 1521 viros
2765 1467 2964 1519 similia
2988 1483 3235 1536 peragere
3254 1468 3567 1535 imperarit,

1978 1574 2200 1627 quorum
2228 1575 2363 1611 unus
2428 1567 2564 1622 erat,
2615 1558 2705 1626 qui
2736 1568 2786 1610 et
2828 1558 2939 1611 alia
2977 1558 3261 1623 facundius
3302 1560 3356 1612 in
3403 1559 3570 1614 aliam

1980 1650 2191 1703 dicendi
2225 1651 2782 1720 copianztonacripsit,
2810 1661 2858 1703 et
2885 1666 3045 1719 quam
3071 1650 3330 1718 plurimas
3360 1652 3570 1705 virtutis

1982 1752 2280 1796 ascetarum
2331 1752 2379 1795 et
2414 1742 2735 1796 athletarum
2764 1745 2897 1796 vitas
2931 1744 3281 1797 monumentis
3310 1760 3573 1801 commen—

1985 1836 2156 1899 davit,
2180 1836 2318 1890 unde
2352 1845 2399 1890 et
2432 1834 2811 1903 Metapltrastte
2847 1851 3031 1889 nomen
3068 1836 3316 1889 obtinuit.
3362 1835 3571 1893 Eadem

1984 1926 2051 1979 ad
2088 1927 2318 1981 verbum
2361 1927 2636 1994 expressit
2678 1927 2819 1981 idem
2877 1925 3152 1995 Gregoras
3205 1927 3259 1981 in
3304 1926 3423 1980 Vita
3467 1925 3576 1981 Mi-

1984 2019 2193 2073 chaelis
2260 2018 2485 2073 Sincelli
2541 2019 2816 2086 exposita,
2856 2032 2979 2087 quae
3045 2016 3192 2071 facili
3255 2018 3477 2089 negotio
3518 2019 3573 2073 in

1984 2122 2149 2162 manu
2181 2105 2385 2163 fuerint
2408 2107 2654 2162 eamdem
2688 2107 2853 2162 vitam
2888 2109 3257 2178 percurrenti,
3289 2124 3357 2164 ne
3404 2114 3573 2166 semel

1983 2214 2048 2254 ea
2072 2215 2262 2270 parum
2286 2209 2502 2265 cautus,
2538 2208 2592 2254 et
2619 2200 2726 2255 alia
2758 2202 2943 2256 animo
2971 2201 3579 2259 obscrvansexcidisse

1985 2293 2261 2362 malignus
2320 2292 2708 2363 Metaphrastae
2792 2294 3014 2349 laudum
3078 2295 3461 2362 obtrectator,
3518 2296 3575 2351 in

1986 2383 2362 2451 suspicionem
2401 2384 2605 2438 veniat.
2665 2385 2728 2438 Et
2782 2382 3180 2439 Constantinus
3240 2386 3578 2442 Meliteniota

1986 2483 2128 2527 orat.
2156 2472 2213 2537 2,
2240 2474 2325 2529 De
2348 2474 2702 2543 proccssioue
2749 2472 2989 2542 Spiritus
3048 2476 3221 2529 sancti
3254 2491 3268 2527 :
3316 2476 3577 2547 Ἐπειπερ

1986 2563 2107 2618 κατ’
2150 2565 2303 2618 οὐδὲν
2357 2564 2635 2618 λείπονται
2691 2564 2801 2617 τῶν
2860 2563 3059 2633 λογίων
3112 2566 3358 2635 ἀνδρῶν.
3413 2570 3467 2622 sl
3513 2587 3577 2637 γε

1989 2654 2223 2709 συνιδεῖν
2248 2653 2541 2725 ἠϐούλοντο
2574 2654 2766 2708 τούτου
2795 2656 2894 2725 τὴν
2919 2654 3146 2709 ἔννοιαν.
3174 2656 3296 2715 Καὶ
3317 2657 3494 2721 ἄλλως
3521 2660 3579 2712 δὲ

1988 2747 2093 2801 κᾶν
2128 2742 2346 2810 ὤκλαξέ
2375 2764 2426 2799 τι
2456 2746 2595 2817 πρὸς
2648 2746 2781 2800 αὐτὸ
2828 2745 3041 2810 τούτοις
3062 2748 3091 2800 6
3119 2746 3400 2820 λογισμὸς.
3433 2747 3578 2821 εἶχον

1990 2839 2294 2910 σκέψασθαι
2358 2839 2577 2902 πάντως
2622 2839 2747 2893 καθ’
2776 2840 3005 2903 ἑαυτοὺς
3041 2840 3244 2895 καὶτὸν
3261 2844 3580 2913 συγγραψὼ

1978 2950 2176 3003 μενον,
2212 2932 2294 2985 ὅτι
2327 2931 2468 2985 κατά
2523 2931 2615 2984 τὸν
2652 2930 2844 3001 καιρὸν
2892 2930 2986 2984 τοῦ
3024 2932 3244 3003 πρώτου
3277 2935 3578 3005 σχίσματος

1991 3024 2089 3088 ὢν,
2128 3026 2222 3078 καὶ
2243 3024 2343 3095 τὴν
2381 3022 2690 3092 ἀντιλογίαν
2720 3022 3008 3091 γινώσκων
3042 3023 3137 3076 τοῦ
3175 3025 3581 3094 δόγματος,οὐκ

1982 3118 2057 3179 ἂν
2086 3116 2230 3169 οὕτω
2267 3115 2531 3169 συνετίθει
2576 3116 2670 3169 καὶ
2701 3116 2993 3168 συνέταττε
3022 3116 3084 3169 τὸ
3112 3117 3351 3170 τοιοῦτον
3383 3118 3568 3188 ῥητὸν,

1991 3211 2039 3263 εἰ
2071 3209 2208 3280 πρὸς
2228 3210 2355 3271 τοὺς
2387 3208 2651 3270 Λατίνους
2677 3210 2772 3260 καὶ
2799 3208 3198 3280 αὐτδς-ὲπίσης
3232 3210 3342 3272 τοῖς
3367 3209 3582 3274 πολλοῖς

1986 3301 2273 3373 διεφέρετο
2295 3316 2307 3328 ⁸
2351 3300 2485 3355 Cum
2512 3318 2616 3355 non
2647 3301 2871 3354 multum
2915 3301 3062 3372 longe
3086 3302 3149 3355 ab
3182 3303 3411 3358 eruditis
3452 3306 3579 3359 viris

1993 3395 2221 3459 abirent,
2255 3396 2302 3448 si
2333 3395 2490 3448 modo
2522 3394 2670 3447 illius
2701 3395 3011 3448 sententiam
3050 3412 3237 3465 capere
3264 3396 3476 3451 vellent.
3513 3398 3581 3449 Et

1994 3488 2104 3542 alia
2133 3503 2334 3557 quoque
2365 3488 2568 3540 ratione
2591 3488 2711 3540 licet
2767 3488 3014 3556 cogitatio
3054 3488 3292 3554 ipsorum
3315 3490 3457 3543 circa
3486 3491 3582 3543 hoc

1994 3582 2072 3635 uel
2100 3581 2379 3634 minimum
2419 3579 2770 3641 claudicaret,
2818 3590 3062 3647 poterunt
3095 3585 3147 3636 in
3182 3600 3235 3638 se
3266 3586 3581 3653 scriptorem

1994 3672 2350 3730 considerare.
2380 3672 2469 3739 qui
2501 3688 2620 3725 cum
2645 3672 2699 3725 in
2730 3673 2843 3739 ipso
2870 3674 3043 3740 primo
3071 3673 3373 3729 schismatis
3392 3686 3581 3729 exortu

1995 3764 2205 3828 uiueret,
2252 3771 2302 3815 et
2342 3761 2608 3830 dogmatis
2654 3764 3124 3819 contradictionem
3177 3767 3414 3832 calleret,
3448 3784 3584 3820 nun-

1994 3871 2152 3924 quam
2174 3854 2269 3907 ltoc
2292 3853 2445 3905 modo
2462 3855 2824 3907 concinnasset
2866 3858 2945 3911 vel
2966 3856 3166 3909 dictum
3182 3860 3581 3925 composuisset,

1996 3948 2043 4001 si
2076 3962 2194 3999 cum
2215 3944 2421 3998 Latinis
2442 3954 2491 3999 et
2519 3946 2627 4012 ipse
2652 3962 2796 4015 orque
2818 3956 2973 4016 atque
2993 3948 3087 4000 alii
3110 3949 3408 4004 simultates
3434 3967 3586 4006 exer-

1997 4039 2168 4093 cebat.
2210 4037 2277 4091 Et
2318 4037 2551 4095 hicvitte
2579 4036 3457 4111 DionysiiAreOpagittcscriptor
3490 4060 3584 4115 per

1998 4132 2255 4189 eumdem
2296 4141 2582 4189 auctorem
2607 4131 2999 4188 Meliteniotam
3029 4142 3113 4187 est
3148 4133 3369 4190 Simeon
3418 4136 3587 4192 Meta-

1998 4225 2278 4294 phrastes.
2310 4223 2448 4276 Audi
2483 4240 2494 4273 :
2526 4222 2638 4277 Καὶ
2668 4224 2696 4275 6
2734 4222 2834 4286 τὰς
2859 4222 2967 4277 τῶν
3012 4222 3183 4291 ἁγίων
3218 4225 3273 4278 δὲ
3313 4212 3587 4291 στολιτείας

1999 4314 2212 4376 καὶτὰς
2237 4314 2415 4369 αὐτῶν
2444 4310 2701 4383 ἁθλήσεις
2733 4314 3162 4384 ἀφηγησάμενος
3216 4334 3587 4387 μεταφραστι-

2002 4402 2133 4466 κῶς,
2166 4406 2247 4465 είς
2293 4403 2354 4456 τὸ
2395 4403 2488 4456 τοῦ
2527 4404 2918 4472 Ἀρεοπαγίτου
2951 4404 3251 4476 μαρτύριον
3286 4408 3585 4471 Διονυσίου,

2003 4493 2146 4564 φημὶ
2173 4493 2267 4545 τοῦ
2301 4493 2410 4545 τῶν
2435 4493 2769 4563 ἀπορῤήτων
2802 4494 3170 4562 ὲκεράντοροςο
3199 4496 3268 4549 Et
3316 4497 3408 4565 qui
3453 4498 3587 4550 vitas

2001 4594 2051 4638 et
2082 4600 2163 4638 res
2195 4593 2369 4655 gestas
2430 4595 2760 4647 sanctorum,
2820 4600 3103 4654 eorumque
3153 4587 3448 4640 certamina
3500 4603 3591 4639 va-

2002 4678 2143 4730 riato
2179 4676 2316 4745 ston
2333 4676 2666 4729 enarravitin
2686 4674 2932 4746 Dionysii
2951 4677 2988 4728 A
3005 4679 3285 4747 reopagita:
3304 4680 3586 4747 martyrio,

2002 4769 2121 4823 dico
2148 4778 2467 4823 secretorum
2505 4770 2832 4824 revelatoris.
2870 4771 3076 4840 Collige
3102 4774 3257 4839 longe
3295 4771 3485 4838 procul
3523 4772 3592 4824 ab

2004 4861 2154 4914 omni
2185 4859 2374 4915 dubio.
2407 4859 2805 4930 Melaphrastes
2831 4878 2895 4917 eo
2919 4870 3165 4931 tempore
3190 4862 3427 4930 vigebat,
3465 4878 3589 4916 cum

2004 4954 2242 5022 primum
2276 4953 2512 5008 schisma
2550 4955 2692 5009 inter
2759 4952 2976 5008 Graecos
3008 4961 3063 5006 et
3110 4951 3334 5007 Latinos
3369 4952 3436 5008 de
3464 4970 3593 5024 pro-

2007 5050 2261 5100 cessionc
2323 5045 2564 5115 Spiritus
2610 5047 2783 5101 sancti
2832 5062 2896 5099 ex
2957 5046 3076 5099 solo
3119 5043 3279 5099 Patre
3309 5061 3595 5117 emergens

2005 5138 2319 5193 Graecorum
2355 5152 2478 5190 cum
2508 5136 2719 5191 Latinis
2736 5136 3101 5192 arctissimam
3132 5139 3593 5195 necessitudinem

2006 5230 2346 5301 perturbavit
2378 5249 2390 5284 :
2425 5230 2562 5284 adeo
2593 5238 2652 5283 ut
2684 5230 2751 5286 de
2779 5229 2969 5286 eadem
3002 5232 3353 5299 processione
3382 5248 3447 5287 ex
3476 5233 3596 5287 solo

2007 5323 2167 5377 Patre
2198 5321 2309 5376 Leo
2342 5322 2457 5392 ipse
2492 5322 2812 5392 imperator.
2851 5323 2917 5377 de
2952 5323 3140 5379 schola
3174 5323 3348 5377 Pbotii
3407 5325 3594 5389 homo,

2008 5416 2061 5470 in
2098 5418 2329 5484 gratiam
2372 5415 2455 5468 sui
2483 5414 2663 5469 Photii
2696 5415 2895 5485 slylnm
2926 5417 3254 5472 exercuerit.
3289 5417 3350 5469 Et
3376 5424 3594 5472 aetatem

2010 5508 2392 5578 Mclaphrastre
2427 5508 2610 5570 anxie.
2647 5520 2701 5561 et
2746 5510 2984 5579 amplius
3030 5511 3351 5580 querimus,
3382 5519 3437 5564 et
3468 5526 3594 5564 enim

2012 5601 2474 5664 recentissimum,
2508 5607 2561 5653 ct
2601 5601 2713 5655 ludi
2776 5604 3122 5672 magistrum,
3177 5612 3231 5656 et
3288 5602 3594 5657 fabularum

2012 5696 2240 5749 anilium
2291 5695 2741 5753 conciunalorcm
2790 5698 2975 5753 verbis
3035 5694 3363 5753 clarissimis
3421 5692 3600 5763 perhi-

2014 5786 2291 5845 bcbimus.
