4024 6218
379 454 444 518 4Ἷ
1579 432 1884 493 ΝΟΤΙΤΙΑ
1943 429 1995 486 I‘L‘

2100 429 2112 484 ;
2177 420 2443 484 NILUM.
3563 375 3632 471 t8

454 564 600 627 Nos,
655 562 729 609 ait
788 551 1124 612 Salmasius,
1173 548 1424 616 διήγησιν
1496 545 1643 598 illaut
1719 547 1949 612 (nempe

378 660 448 713 de
481 655 625 711 crede
657 649 936 703 seniorum
987 638 1246 700 Patrum)
1293 638 1346 691 in
1403 635 1733 690 Prtel'atione
1774 631 1839 685 ad
1884 633 1958 684 Ie-

380 759 588 803 ctorem
628 743 694 795 ad
724 737 1004 808 Opusrula
1056 733 1160 786 Nili
1199 731 1265 785 de
1305 729 1538 798 primatu
1591 739 1774 794 papte,
1809 720 1957 774 Lati-

381 857 498 895 nam
533 837 730 906 {actam
768 831 928 892 brevi,
966 829 1011 881 si
1046 826 1181 879 Deus
1211 821 1438 884 dederit,
1479 819 1672 873 edituri
1701 831 1904 870 sumus.

453 905 540 984 De,
576 925 900 988 Albiniano,
942 933 1104 990 quem
1146 915 1406 969 laudibus
1460 909 1818 982 prosequitur
1869 905 1964 958 Ni-

384 1027 491 1088 lus,
535 1019 908 1089 suspicionem
953 1010 1201 1074 Possiui,
1249 1008 1366 1076 lege
1392 1004 1531 1074 apud
1579 1002 1799 1072 ipsum:
1849 999 1965 1054 sive

383 1115 528 1169 enim
581 1112 733 1180 legas
786 1105 1095 1166 Albiauum,
1151 1099 1268 1153 sive
1305 1095 1575 1158 Albinum,
1625 1093 1742 1146 sive
1801 1089 1967 1143 Alba-

385 1223 510 1260 num
531 1247 544 1266 ,
577 1217 767 1273 parum
799 1198 987 1254 refert.

463 1293 706 1348 llisturia
737 1291 802 1344 de
848 1287 1174 1355 interemptis
1208 1285 1262 1337 in
1299 1281 1432 1336 Sina
1477 1289 1652 1333 monte
1698 1275 1969 1331 monachis

386 1386 674 1456 legebatur
736 1379 1116 1448 manuscripta
1181 1379 1237 1430 in
1300 1372 1641 1429 bibliotheca
1690 1368 1969 1422 Sirletana

387 1475 514 1530 cod.
545 1475 614 1529 59
662 1490 788 1533 ms..
845 1480 899 1526 et
955 1484 1104 1523 nunc
1137 1467 1334 1538 legitur
1365 1466 1418 1518 in
1469 1461 1750 1516 Vaticanis
1805 1459 1969 1514 codd.

394 1571 516 1632 H7,
555 1567 677 1631 HS,
713 1564 871 1627 1790,
927 1563 1092 1625 1806,
1129 1567 1184 1615 et
1218 1559 1467 1613 Palatino
1497 1557 1626 1610 55l.
1669 1551 1974 1607 Bollandus

392 1667 458 1720 ad
526 1665 670 1720 diem
734 1661 800 1715 14
849 1659 1096 1714 Januarii
1167 1664 1489 1712 sanctorum
1561 1658 1863 1721 martyrum
1918 1647 1974 1702 in

393 1765 578 1813 monte
612 1755 745 1810 Sina
777 1769 804 1806 a
845 1753 1097 1808 barbaris
1125 1749 1440 1804 occisorqu
1483 1754 1764 1800 certamen
1804 1740 1976 1796 refert

392 1867 421 1903 a
469 1850 528 1905 S.
565 1850 692 1904 Nilo
745 1847 1118 1916 conscriptum
1178 1841 1400 1902 Graece,
1460 1846 1511 1892 et
1550 1852 1578 1890 a
1617 1851 1696 1903 se,
1751 1834 1835 1887 vel
1868 1832 1978 1886 alio

392 1938 651 2008 quopiam
691 1935 1036 1990 innominato
1066 1931 1259 1984 Latine
1289 1926 1589 1989 redditum,
1627 1935 1680 1978 et
1715 1921 1978 1977 brevibus

393 2045 492 2101 pro
527 2044 681 2083 more
713 2027 859 2081 notis
907 2026 1267 2079 illustratum.

469 2121 723 2192 Ejusdem
755 2119 930 2173 sancti
971 2115 1089 2170 Nili
1127 2113 1380 2184 epistolas
1413 2106 1634 2164 CCCLV
1673 2122 1740 2162 ex
1787 2104 1983 2159 biblio-

399 2217 558 2270 theca
587 2212 842 2268 Mcdicaaa
877 2210 1021 2263 idem
1066 2207 1265 2261 Petrus
1295 2203 1565 2259 Pessinus
1597 2201 1763 2264 eruit,
1797 2207 1851 2251 et
1879 2196 1986 2250 La-

400 2307 513 2358 tine
543 2317 735 2357 versas
770 2300 961 2355 Graece
1007 2307 1061 2352 et
1088 2296 1282 2350 Latine
1311 2291 1616 2364 publicavit
1648 2305 1776 2343 cum
1813 2287 1982 2352 notis,

400 2395 850 2464 nuncupavittpie
915 2389 1354 2445 eminentissimo
1408 2384 1646 2457 principi
1691 2380 1989 2436 Francisco

401 2488 724 2550 Barberino;
755 2494 807 2539 et
841 2484 1056 2552 Didymi
1107 2479 1491 2550 Fragmentum
1537 2473 1748 2529 addidit
1801 2483 1989 2525 contra

403 2580 768 2641 Manicha'os,
815 2583 864 2628 et
896 2573 1161 2629 Simeonis
1212 2569 1420 2623 abbatis
1465 2565 1654 2621 Sancti
1693 2561 1989 2616 Mantantis

402 2675 452 2722 in
529 2666 819 2720 Xerocerco
891 2662 1335 2716 Dissertationem
1413 2656 1476 2711 de
1554 2650 1990 2709 altercationibus

405 2759 571 2812 anin‘ti
607 2766 657 2812 et
709 2757 946 2821 corporis
1004 2752 1190 2808 Grmce
1245 2758 1301 2806 et
1348 2748 1548 2802 Latine
1591 2749 1632 2799 'a
1688 2761 1748 2800 se
1796 2758 1990 2806 versa,

409 2851 636 2906 Parisiis
669 2864 733 2904 ex
784 2845 1150 2919 typographia
1204 2842 1371 2912 Regia
1425 2838 1585 2901 1657,
1623 2837 1766 2890 iit-4.
1796 2834 1871 2890 De
1903 2827 1993 2889 his

405 2943 679 3014 epistolis,
723 2941 899 3010 deque
943 2953 1133 2992 eorum
1173 2935 1474 3003 interprete
1524 2929 1758 2986 Possiuo
1806 2926 1993 2996 suspi-

408 3054 506 3092 cor
542 3033 960 3104 intelligendum
1014 3044 1140 3084 esse
1197 3025 1516 3088 Labbaeum,
1565 3037 1690 3078 cum
1748 3019 1992 3074 scribit:

414 3130 530 3182 Nili
561 3124 940 3194 archiepiscopi
969 3116 1551 3187 Constantinopolitani
1583 3114 1765 3168 multa:
1793 3112 1994 3167 haben-

413 3235 498 3275 tur
537 3221 588 3273 in
631 3219 785 3272 codd.
823 3235 948 3280 ms.,
1002 3230 1132 3284 quas
1177 3211 1340 3266 audio
1383 3210 1516 3280 typis
1550 3208 1737 3276 parari
1783 3205 1844 3260 ab
1879 3221 1999 3258 eru-
2037 3213 2044 3221 '

415 3308 528 3360 alito
561 3307 866 3375 interprete.
920 3301 1042 3380 Ipse
1075 3315 1207 3354 vero
1262 3313 1377 3352 rem
1435 3294 1875 3364 indignissimam
1916 3291 1999 3344 fa-

413 3399 678 3465 cerem,si
721 3406 918 3452 conatu
945 3394 1082 3448 tanti
1111 3389 1381 3463 principis
1430 3387 1720 3442 fecundam
1751 3395 1998 3453 quastu-

418 3511 532 3548 ram
575 3495 954 3553 subsecutam,
1011 3485 1189 3540 ventis
1249 3481 1632 3552 abripiendam
1697 3495 1808 3534 non
1852 3478 1999 3531 invi-

418 3590 490 3642 tis
526 3585 782 3640 manihus
830 3578 1230 3636 concesserim.
1285 3575 1554 3644 Princeps
1600 3574 1648 3627 is
1681 3585 2001 3642 magnarum

417 3680 615 3734 artium
669 3674 987 3744 disciplinis
1042 3667 1534 3729 instructissimus,
1587 3672 1864 3718 tantorum
1898 3661 2004 3716 Pa-

418 3784 560 3826 trum
591 3771 939 3836 aliorumque
975 3760 1494 3831 antiquissimorum
1532 3754 2002 3817 Commentarios.

419 3865 537 3916 sive
563 3861 638 3914 illi
673 3857 865 3912 Graeca
893 3855 1010 3910 sive
1034 3849 1228 3905 Latina
1259 3848 1420 3918 copia
1452 3845 1669 3901 dicendi
1701 3845 2005 3910 emineant,

421 3971 527 4007 non
561 3951 731 4008 semel
762 3957 928 4017 atque
953 3947 1178 4009 iterum,
1231 3938 1327 3996 sed
1357 3939 1578 4008 smpins,
1614 3939 1740 3989 dum
1782 3950 1878 4004 per
1906 3950 2007 4004 pu-

422 4047 564 4100 blica
593 4053 649 4098 et
671 4037 1050 4097 ecclesiastica
1081 4033 1299 4105 negotia
1345 4031 1497 4092 licet,
1530 4039 1748 4082 maturo
1768 4027 2004 4096 judicio,

421 4156 483 4192 ac
514 4135 867 4190 considerate
908 4145 1020 4201 pra:
1061 4127 1321 4182 manibus
1372 4132 1575 4187 terere,
1627 4136 1692 4175 ac
1750 4121 2008 4175 lectitare

423 4228 626 4296 gaudet
658 4245 670 4278 :
701 4223 945 4289 indeque
978 4219 1161 4273 factus
1189 4215 1542 4277 instructior,
1574 4227 1756 4265 mores
1783 4219 1838 4265 et
1871 4227 2008 4264 con-
2049 4223 2054 4225 ·

425 4318 752 4373 suetudines
779 4312 1120 4373 moderatur,
1162 4306 1550 4377 antiquitatem
1578 4304 2006 4358 ecclesiasticam

425 4420 666 4480 reparat,
702 4406 770 4460 de
809 4401 911 4456 title
957 4399 1250 4472 opiniones
1299 4396 1602 4459 examinat,
1651 4404 1705 4450 et
1731 4412 1854 4464 quae
1887 4396 2008 4448 novi

427 4503 816 4557 reformatores
853 4495 996 4550 inter
1036 4493 1296 4547 incautos
1331 4487 1724 4552 dissetuinant,
1755 4487 2010 4540 oculatus

423 4598 488 4650 ad
525 4594 712 4650 omnia
750 4588 998 4645 discidit.
1051 4583 1197 4640 inter
1241 4591 1322 4638 tot
1357 4581 1496 4636 alios
1537 4579 1750 4640 Patres,
1802 4595 2010 4648 eosque

425 4684 818 4743 sanctissimos
873 4694 1018 4733 unus
1067 4677 1115 4730 is
1169 4674 1346 4736 Nilus,
1406 4687 1570 4742 quem
1629 4685 2010 4739 saepenumero

428 4796 523 4848 per
553 4785 793 4833 mentem
822 4775 1166 4831 versaverat,
1205 4765 1406 4835 dignus
1461 4763 1618 4816 visus
1675 4769 1782 4824 est,
1819 4762 1910 4829 qui
1944 4761 2008 4814 ad

424 4864 830 4938 compescenda
863 4859 1253 4915 luercticorum
1292 4870 1411 4920 ora,
1461 4853 1710 4920 maleque
1749 4867 2010 4906 sanorum

431 4964 710 5016 hominum
753 4959 921 5009 vitam
959 4953 1198 5024 pessime
1233 4957 1508 5004 tornatam
1549 4945 1736 4999 incudi
1775 4945 2012 4998 redden-

429 5055 551 5106 dam
589 5067 696 5104 non
734 5050 854 5103 sine
887 5057 1058 5098 succo
1109 5041 1310 5102 Attico,
1365 5046 1419 5093 et
1469 5037 1785 5105 eloquentia
1817 5035 2012 5105 singu-

433 5146 531 5198 lari
563 5144 708 5215 typis
753 5140 942 5195 Grtece
992 5145 1046 5191 et
1080 5133 1274 5188 Latine
1318 5130 1699 5184 mandaretur.
1745 5126 1914 5196 quue
1957 5135 2014 5179 ιιι

430 5235 778 5292 couttuodius
825 5232 995 5292 fieret,
1053 5227 1218 5296 elegit
1255 5226 1430 5278 virum
1477 5222 1850 5276 clarissimum
1906 5219 2014 5273 Lu-

368 5311 372 5314 .
428 5346 549 5382 cam
586 5325 954 5386 llolsteniunt,
994 5329 1109 5373 tum
1158 5317 1510 5372 bibliotheca:
1562 5313 1843 5367 Vaticana:
1877 5327 2016 5381 pra:-

430 5423 659 5485 fectnm,
694 5427 748 5472 ct
782 5433 868 5470 mc
916 5414 1042 5465 licet
1085 5410 1460 5464 i-Iolsteuianae
1509 5405 1694 5458 virtuti
1729 5405 2014 5474 imparem,

429 5514 566 5567 tanti
596 5510 803 5566 laboris
834 5506 1117 5563 comitem,
1155 5509 1212 5553 ut
1244 5499 1411 5554 simili
1448 5498 1623 5566 opella
1657 5498 1722 5550 ad
1754 5496 2013 5566 templum

430 5607 658 5662 honoris
698 5601 1004 5662 induceret,
1060 5595 1398 5666 intpcrtitur.
1453 5593 1737 5646 Sententia
1772 5607 2017 5660 pronun-

431 5701 586 5758 tiata,
647 5694 844 5748 sortito
895 5689 1068 5745 l-iolstt
1090 5688 1220 5742 nius
1283 5687 1404 5755 ejus
1453 5684 1717 5754 Opuscula
1781 5683 2015 5752 reliqua,

431 5802 535 5856 ego
591 5786 855 5856 epistolas
903 5784 1064 5853 capio
1136 5779 1332 5836 Studia
1391 5777 1658 5833 Holslenii
1695 5790 1959 5830 excessus
1989 5790 2020 5830 e

433 5879 544 5930 vita
573 5875 750 5932 fatalis
779 5874 1096 5945 disrumpit,
1149 5888 1237 5928 icc
1271 5873 1380 5928 vita
1403 5878 1706 5940 superstes
1736 5882 2007 5939 propaga-

2065 537 2162 590 vit.
2195 535 2331 589 Cum
2383 547 2490 586 non
2534 542 2724 582 omnes
2768 525 2818 580 in
2858 538 2965 578 uno
3012 520 3202 575 codice
3239 516 3504 587 cpistolaa,
3543 517 3642 574 sed

2067 628 2120 680 in
2182 624 2436 694 pluribus
2485 636 2618 691 vage
2662 619 2924 688 dispersa)
2981 615 3338 675 haberentur,
3391 607 3646 672 cotlatis,

2069 725 2191 772 tttut
2257 715 2444 784 potui,
2501 711 2767 764 Romanis
2853 705 3266 766 voluminibus,
3331 701 3533 754 fascem
3593 704 3649 752 in

2071 823 2239 864 unum
2262 847 2277 872 ,
2322 806 2540 860 obviam
2594 802 2769 856 laetas
2797 801 2949 870 coegi
2973 838 2988 862 ,
3022 796 3298 852 aduotatis
3332 807 3521 848 earum
3555 805 3651 843 va-
3739 823 3748 840 .

2069 901 2168 956 riis
2198 897 2526 955 lectionibus
2558 895 2612 948 in
2641 893 3020 950 studiosorum
3064 889 3323 960 gratiam,
3355 899 3493 954 quas
3520 881 3652 936 mihi

2069 992 2158 1046 alii
2215 999 2379 1061 atque
2429 987 2524 1041 alii
2584 986 2804 1041 codices
2864 982 3207 1039 obtulerunt.
3259 979 3400 1032 Tum
3453 991 3540 1031 me
3595 975 3654 1028 in

2071 1100 2262 1140 earum
2297 1083 2420 1139 dedi
2465 1080 2774 1136 versionem
2797 1085 2840 1152 ,ξ
2866 1075 3028 1145 cujus
3057 1089 3209 1128 nunc
3261 1080 3544 1139 utcunque
3579 1066 3660 1120 fa-

2073 1186 2177 1232 ctae
2206 1218 2220 1242 ,
2252 1177 2392 1231 idem
2421 1173 2714 1228 munificus
2737 1172 2791 1224 in
2833 1167 3048 1237 publica
3079 1163 3365 1220 commoda
3399 1161 3660 1232 princeps

2073 1270 2371 1325 editionem
2413 1263 2732 1321 dcmandat.
2795 1261 2859 1315 Et
2917 1275 3009 1315 res
3071 1259 3184 1312 haec
3242 1272 3342 1326 per
3392 1253 3660 1308 indicium

2047 1359 2360 1416 ‘t‘nttatiata
2390 1359 2610 1413 videtur
2655 1356 2724 1409 ab
2758 1352 3137 1409 eruditissimo
3167 1347 3466 1403 Francisco
3497 1345 3661 1399 Com-

2075 1455 2231 1521 belis,
2256 1454 2311 1506 in
2342 1449 2638 1506 recensitis
2685 1445 3009 1501 auctoribus
3040 1441 3400 1496 Bibliotheca:
3437 1437 3662 1491 Patrum

2077 1543 2506 1598 coneionatorite
2560 1540 2614 1592 in
2645 1537 2771 1592 Nilo
2807 1556 2819 1592 :
2875 1533 3132 1603 Epistolas
3183 1531 3300 1586 Nili
3333 1530 3456 1584 dari
3486 1539 3668 1598 potue-

2078 1645 2198 1689 rant
2239 1653 2268 1688 a
2310 1633 2616 1688 doctissimo
2672 1629 2847 1684 Leone
2891 1628 3129 1692 Allatio,
3181 1626 3229 1679 si
3282 1624 3486 1692 factum
3531 1621 3668 1674 satis

2077 1737 2211 1782 esset
2233 1727 2369 1781 votis
2394 1723 2802 1779 eminentissimi
2831 1718 3127 1774 cardinalis
3153 1715 3434 1770 Francisci
3471 1713 3671 1768 Barbe—

2081 1819 2208 1882 rini,
2246 1817 2373 1872 mihi
2417 1818 2526 1885 ipse
2571 1814 2640 1869 ad
2682 1814 2887 1884 prelum
2960 1811 3251 1880 offerentis,
3288 1825 3407 1862 cum
3437 1824 3556 1862 eum
3584 1822 3670 1859 re-

2081 1912 2170 1983 gia
2199 1911 2411 1964 Lutetia
2450 1910 2710 1977 hospitem
2749 1905 2962 1960 haberet
3011 1919 3028 1958 :
3075 1904 3261 1972 qui1.pe
3293 1902 3442 1971 longe
3470 1898 3670 1968 plures,

2083 2014 2302 2074 excepta
2353 2005 2453 2058 viri
2492 2018 2669 2071 opera,
2724 2000 3030 2055 Grrecarum
3078 2013 3253 2052 rerum
3310 1995 3576 2066 indagine,
3623 2001 3674 2048 et

2085 2097 2278 2166 peritia
2319 2107 2502 2150 nostro
2535 2111 2642 2149 α’υο
2673 2093 2832 2162 facile
2865 2092 3142 2162 principis.

2159 2188 2462 2257 Antequam
2513 2189 2580 2242 ad
2637 2187 2741 2239 alia
2788 2182 3147 2254 progrediar,
3209 2178 3341 2233 illud
3408 2175 3672 2231 oblivioni

2091 2282 2222 2336 dare
2249 2287 2676 2334 consentaneum
2709 2276 2858 2331 nullo
2892 2275 3052 2328 modo
3087 2273 3220 2326 mihi
3254 2271 3486 2329 videtur.
3523 2267 3671 2338 quod

2095 2373 2589 2443 praestantissimus
2649 2369 2772 2434 vir,
2826 2377 2879 2423 et
2935 2370 2989 2420 in
3041 2364 3264 2434 scriptis
3319 2363 3672 2431 antiquorum

2092 2465 2412 2522 evolvendis
2453 2465 2851 2534 sagacissimus
2902 2461 3187 2515 Emericus
3229 2459 3474 2530 Bigotius
3532 2471 3676 2525 sazpe

2093 2559 2409 2622 admonuit,
2446 2557 2734 2626 epiStolam
2773 2553 2830 2609 S.
2875 2553 2983 2607 Nili
3023 2553 3088 2606 ad
3131 2551 3413 2606 Xenonem
3471 2547 3679 2602 Memo-

2095 2652 2311 2706 rialium
2345 2666 2374 2704 a
2396 2649 2627 2703 Possino
2656 2647 2882 2708 editam,
2908 2646 3150 2701 editione
3171 2641 3494 2704 Parisiensi,
3522 2655 3677 2693 nttm.

2092 2743 2220 2807 260,
2259 2750 2556 2797 extractam
2602 2739 2772 2794 fuisse
2802 2755 2868 2793 ex
2907 2738 2963 2792 S.
3014 2736 3200 2791 Basilii
3233 2733 3576 2803 expositione
3623 2731 3678 2784 in

2096 2835 2295 2906 psaltn.
2346 2849 2521 2887 χχχιι.
2571 2832 2647 2886 Ea
2693 2833 2747 2886 in
2785 2831 2919 2885 meis
2973 2837 3055 2883 est
3109 2828 3143 2881 Ι.
3192 2843 3227 2890 l,
3282 2825 3442 2896 epist.
3493 2821 3683 2886 56,et

2098 2930 2341 3000 incipit:
2407 2927 2467 2981 '0
2521 2926 2654 2989 Θεὸς
2711 2925 2866 2996 ἡμῶν
2924 2923 3112 2994 ἀγαπᾷ
3163 2919 3530 2992 ἐλεημοσύνην
3588 2917 3686 2971 καὶ

2099 3022 2302 3094 κρίσιν.
2348 3019 2670 3074 Exatninavi
2719 3019 3013 3087 diligenter
3035 3055 3050 3081 ,
3083 3024 3134 3070 et
3168 3031 3280 3069 rem
3318 3027 3522 3068 meram
3555 3024 3687 3066 esse

2099 3113 2364 3184 comperi.
2401 3111 2684 3166 Sententia
2720 3111 2910 3164 eadem
2954 3119 3039 3164 est
3068 3149 3082 3174 ,
3135 3109 3300 3163 verba
3354 3119 3573 3177 quoque
3624 3113 3686 3156 ut

2099 3207 2394 3278 plurimum
2449 3203 2664 3260 eadem.
2707 3203 2866 3256 Nilus
2918 3211 3101 3256 tamen
3164 3209 3351 3254 noster
3407 3197 3685 3267 plerisque

2102 3296 2403 3351 immutatis
2443 3305 2496 3350 et
2527 3293 2732 3348 additis
2770 3293 2901 3346 fecit
2934 3307 3111 3346 suam.
3149 3289 3303 3356 Quod
3343 3289 3395 3342 in
3430 3285 3688 3342 Patribus

2102 3403 2304 3441 novum
2359 3401 2466 3439 non
2523 3393 2626 3440 est.
2678 3383 2907 3454 Semper
2958 3382 3162 3436 ctenim
3223 3381 3276 3434 in
3327 3394 3390 3434 ea
3440 3376 3685 3432 Ecclesia

2104 3479 2440 3534 recentiores
2472 3477 2662 3532 Patres
2684 3517 2698 3540 ,
2747 3476 3092 3545 antiquiores
3121 3475 3200 3528 uti
3233 3470 3686 3533 venerabundos,

2105 3578 2159 3624 et
2181 3569 2504 3640 augustiora
2535 3569 2716 3638 capita
2756 3566 2986 3622 assiduo
3026 3566 3116 3620 dic
3151 3573 3424 3634 noctuque
3458 3577 3688 3633 percur-

2105 3673 2322 3726 rentes,
2372 3661 2643 3732 quidquid
2680 3660 2746 3715 ad
2789 3676 2972 3715 mores
3001 3658 3407 3722 instituendos,
3440 3664 3494 3710 et
3530 3671 3691 3711 sacra

2107 3757 2282 3826 elogia
2314 3753 2691 3826 patefacienda
2731 3761 3134 3822 Opportunum,
3178 3759 3232 3806 et
3274 3751 3489 3804 obviam
3529 3748 3690 3819 cupi-

2107 3849 2263 3904 ditati
2327 3849 2682 3918 irrcpsisset,
2755 3846 3090 3901 adnotabant
3147 3845 3201 3898 in
3256 3843 3512 3905 schedis,
3573 3849 3689 3895 tum

2107 3941 2328 3996 demum
2381 3938 2602 3994 fortuna
2641 3939 2824 3992 ablata
2868 3937 3051 3992 studia
3093 3953 3213 3992 sese
3261 3935 3689 3990 exercitantium

2110 4039 2500 4101 promoventcs
2549 4030 2672 4084 aliis
2722 4045 2944 4100 quoque
2999 4027 3501 4082 communicabant.
3532 4025 3692 4091 Quod

2111 4121 2292 4176 Nilum
2346 4121 2546 4178 fecisse
2590 4138 2697 4177 non
2733 4124 2786 4176 in
2821 4122 2924 4175 hac
2955 4120 3188 4190 epistola
3223 4129 3435 4174 tantum
3461 4162 3478 4186 ,
3510 4120 3605 4174 sed
3637 4119 3692 4172 in

2112 4215 2238 4270 aliis
2303 4213 2632 4283 permultis,
2690 4229 2813 4283 qua:
2874 4213 3282 4267 curiosiorihus
3347 4211 3693 4274 constabant,

2113 4307 2413 4362 verisimile
2445 4315 2547 4360 est.
2594 4304 2663 4360 Ut
2706 4321 2836 4362 vero
2879 4305 3100 4360 modum
3155 4305 3374 4369 discas,
3413 4314 3466 4359 et
3511 4303 3693 4373 possis

2114 4399 2382 4454 imitamlo
2440 4397 2750 4452 consectari
2807 4405 2930 4466 post
2987 4398 3188 4451 lectam
3240 4397 3348 4451 Nili
3404 4396 3685 4465 epistolam

2115 4491 2316 4546 habeto
2371 4491 2468 4545 tibi
2517 4489 2699 4545 Basilii
2758 4491 2938 4560 ipsius
2975 4492 3180 4552 verba,
3227 4499 3282 4544 et
3324 4506 3444 4545 cum
3478 4487 3690 4544 Nilanis

2114 4597 2372 4652 compara
2413 4599 2426 4635 :
2466 4582 2682 4652 ’Λγαπᾷ
2718 4582 2745 4634 ὁ
2775 4581 2908 4645 Θεὸς
2940 4582 3311 4653 ἐλεημοσύνην
3364 4583 3458 4636 καὶ
3489 4581 3693 4652 κρίσιν,

2113 4675 2277 4727 οἱονεὶ
2330 4673 2606 4744 πάρεδρον
2661 4673 2839 4743 ἑαυτῷ
2892 4673 2989 4742 τὴν
3046 4673 3418 4744 ἐλεημοσύνην
3469 4673 3703 4743 ποιησά-

2119 4782 2312 4834 μενος,
2341 4766 2436 4819 καὶ
2469 4764 2867 4835 προϐληοεῖσαν
2896 4765 2973 4836 τῷ
3005 4765 3272 4835 βασιλικῷ
3313 4765 3416 4835 τῆς
3460 4767 3701 4836 κρίσεως

2116 4857 2330 4928 θρόνω,
2381 4855 2522 4927 οὖτῳ
2569 4856 2808 4926 παράγει
2855 4857 2934 4918 εἰς
2985 4856 3166 4926 κρίσιν
3220 4857 3472 4909 ἕκαστον.
3515 4876 3533 4907 ι
3574 4856 3705 4908 Ἐὰν

2117 4949 2346 5018 ἀνομίας
2383 4949 2806 5016 παρατηρήσῃς,
2852 4945 3047 5017 Κύριε,
3084 4946 3279 5017 Κύριε,
3327 4947 3412 5009 τίς
3460 4947 3710 5016 ὑποστή-

2119 5057 2308 5105 astat;
2337 5058 2354 5088 ›
2401 5037 2540 5090 υῦτε
2572 5040 2604 5108 ἡ
2639 5036 2978 5108 ἐλεημοσύνη
3018 5037 3260 5109 ἄκριτος,
3297 5036 3421 5090 οὔτε
3456 5039 3488 5108 ἡ
3523 5037 3711 5108 κρίσις

2117 5131 2309 5201 ἁνελεή
2321 5149 2457 5201 μων.
2495 5130 2606 5202 Πρὸ
2636 5131 2733 5201 τῆς
2765 5130 3000 5201 κρίσεως
3027 5125 3120 5183 οὖν
3168 5131 3243 5197 ἀγ
3257 5131 3371 5200 απᾷ
3397 5128 3710 5201 ἐλεημοσύ-

2119 5244 2240 5295 νην,
2300 5226 2393 5279 καὶ
2447 5225 2586 5295 μετὰ
2631 5225 2729 5296 τὴν
2762 5225 3136 5296 ἐλεημοσύνην
3189 5225 3411 5294 ἔρχεται
3463 5225 3556 5278 ἐπὶ
3601 5223 3715 5294 τὴν

2121 5317 2325 5388 κρίσιν.
2368 5315 2556 5369 Ταῦτα
2611 5315 2669 5367 δὲ
2728 5315 2979 5386 ἀλλήλοις
3034 5315 3433 5382 συνέζευκται,
3482 5317 3510 5368 ὁ
3555 5315 3719 5380 ἕλεος

2121 5408 2260 5479 μετὰ
2306 5406 2406 5477 τῆς
2438 5407 2670 5476 κρίσεως
2696 5425 2709 5438 ·
2759 5407 2844 5460 ἵνα
2889 5409 3023 5477 μήτε
3052 5407 3080 5458 ὁ
3120 5407 3266 5469 ἕλεος
3305 5406 3467 5476 μόνος
3514 5406 3725 5474 χαυνό-

2120 5517 2259 5571 τητα
2309 5499 2586 5569 ἐμποιήσῃ
2616 5539 2628 5562 ,
2695 5500 2836 5569 μήτε
2899 5499 3035 5569 μόνη
3087 5501 3120 5569 ἡ
3156 5499 3338 5570 κρίσις
3391 5497 3723 5566 ἀπόγνωσιν

2138 5589 2523 5661 ἐνεργάσηται.
2563 5589 2822 5643 Βούλεταί
2854 5608 2913 5642 σε
2943 5589 3196 5660 ἐλεῆσαι,
3237 5591 3332 5642 καὶ
3368 5589 3477 5642 τῶν
3508 5589 3720 5642 ἑαυτοῦ

2136 5681 2438 5750 οἰκτιρμῶν
2488 5681 2810 5751 μεταδοῦναι
2857 5683 2884 5734 ὁ
2914 5683 3108 5752 κριτής
3133 5701 3146 5714 ο
3193 5681 3308 5734 ἀλλ’
3347 5684 3442 5736 ἐὰν
3480 5682 3618 5754 εὕρῃ
3649 5699 3724 5736 σε

2129 5773 2269 5844 μετὰ
2296 5774 2393 5844 τὴν
2422 5774 2699 5844 ἁμαρτίαν
2722 5776 3001 5837 ταπεινὸν,
3028 5777 3512 5846 συντετριμμένον,
3536 5775 3727 5832 πολλὰ

2129 5867 2578 5938 μετακλαύσαντα
2622 5869 2713 5922 ἐπὶ
2756 5871 2867 5932 τοῖς
2915 5871 3173 5941 πονηροῖς
3204 5867 3405 5940 ἔργοις,
3449 5868 3515 5922 τὰ
3551 5869 3726 5937 γενό-
