  <div class='ocr_page' id='page_1' title='image "/cluster/home/n/w/nwhite01/storage/ocr_20150623/79/hvd.32044073502056/030.png"; bbox 0 0 4024 6218; ppageno 0'>
   <div class='ocr_carea' id='block_1_1' title="bbox 439 143 3688 266">
    <p class='ocr_par' dir='ltr' id='par_1_1' title="bbox 439 143 3688 266">
     <span class='ocr_line' id='line_1_1' title="bbox 439 143 3688 266; baseline 0.003 -11"><span class='ocrx_word' id='word_1_1' title='bbox 439 198 513 264; x_wconf 76' lang='grc' dir='ltr'><strong>ιο</strong></span> <span class='ocrx_word' id='word_1_2' title='bbox 1628 143 1937 260; x_wconf 68' lang='lat' dir='ltr'><strong>NoTiTu</strong></span> <span class='ocrx_word' id='word_1_3' title='bbox 1983 196 2062 254; x_wconf 80' lang='lat' dir='ltr'><strong>IN</strong></span> <span class='ocrx_word' id='word_1_4' title='bbox 2107 199 2166 258; x_wconf 90' lang='lat' dir='ltr'><strong>s.</strong></span> <span class='ocrx_word' id='word_1_5' title='bbox 2209 199 2474 259; x_wconf 72' lang='lat' dir='ltr'><strong>NILUM.</strong></span> <span class='ocrx_word' id='word_1_6' title='bbox 2805 185 2812 188; x_wconf 78' lang='grc'><em>’</em></span> <span class='ocrx_word' id='word_1_7' title='bbox 3620 202 3688 266; x_wconf 80' lang='lat'><strong>50</strong></span> 
     </span>
    </p>
   </div>
   <div class='ocr_carea' id='block_1_2' title="bbox 441 307 2003 382">
    <p class='ocr_par' dir='ltr' id='par_1_2' title="bbox 441 307 2003 382">
     <span class='ocr_line' id='line_1_2' title="bbox 441 307 2003 382; baseline -0.004 -18"><span class='ocrx_word' id='word_1_8' title='bbox 441 329 581 380; x_wconf 85' lang='grc' dir='ltr'>μενα</span> <span class='ocrx_word' id='word_1_9' title='bbox 597 311 800 382; x_wconf 74' lang='grc' dir='ltr'>κρυφῆ,</span> <span class='ocrx_word' id='word_1_10' title='bbox 819 312 911 364; x_wconf 88' lang='grc' dir='ltr'><strong>ἀνε</strong></span> <span class='ocrx_word' id='word_1_11' title='bbox 921 308 1258 379; x_wconf 78' lang='grc' dir='ltr'>παισχύντως</span> <span class='ocrx_word' id='word_1_12' title='bbox 1274 307 1338 377; x_wconf 88' lang='grc' dir='ltr'><strong>δη</strong></span> <span class='ocrx_word' id='word_1_13' title='bbox 1348 323 1498 377; x_wconf 83' lang='grc' dir='ltr'>μοσιε</span> <span class='ocrx_word' id='word_1_14' title='bbox 1510 309 1730 371; x_wconf 88' lang='grc' dir='ltr'>ύσαντα,</span> <span class='ocrx_word' id='word_1_15' title='bbox 1750 309 2003 379; x_wconf 75' lang='grc' dir='ltr'>δεηθέντα</span> 
     </span>
    </p>
   </div>
   <div class='ocr_carea' id='block_1_3' title="bbox 2111 307 3685 382">
    <p class='ocr_par' dir='ltr' id='par_1_3' title="bbox 2127 307 3685 380">
     <span class='ocr_line' id='line_1_3' title="bbox 2127 307 3685 380; baseline 0.006 -23"><span class='ocrx_word' id='word_1_16' title='bbox 2127 307 2360 360; x_wconf 78' lang='lat' dir='ltr'><strong>clariora</strong></span> <span class='ocrx_word' id='word_1_17' title='bbox 2399 316 2696 378; x_wconf 71' lang='lat' dir='ltr'><strong>supersunt</strong></span> <span class='ocrx_word' id='word_1_18' title='bbox 2733 308 2937 361; x_wconf 76' lang='lat' dir='ltr'><strong>edenda</strong></span> <span class='ocrx_word' id='word_1_19' title='bbox 2992 309 3154 380; x_wconf 83' lang='lat' dir='ltr'><strong>hujus</strong></span> <span class='ocrx_word' id='word_1_20' title='bbox 3204 311 3546 367; x_wconf 82' lang='lat' dir='ltr'><strong>sanctissimi</strong></span> <span class='ocrx_word' id='word_1_21' title='bbox 3585 313 3685 366; x_wconf 80' lang='lat' dir='ltr'><strong>viri</strong></span> 
     </span>
    </p>
   </div>
   <div class='ocr_carea' id='block_1_4' title="bbox 439 399 2003 474">
    <p class='ocr_par' dir='ltr' id='par_1_4' title="bbox 439 399 2000 470">
     <span class='ocr_line' id='line_1_4' title="bbox 439 399 2000 470; baseline -0.002 -17"><span class='ocrx_word' id='word_1_22' title='bbox 439 402 686 468; x_wconf 77' lang='grc' dir='ltr'>ἀδελφῶν</span> <span class='ocrx_word' id='word_1_23' title='bbox 717 402 1019 468; x_wconf 77' lang='grc' dir='ltr'>συγκαμεῖν</span> <span class='ocrx_word' id='word_1_24' title='bbox 1052 417 1133 452; x_wconf 89' lang='grc' dir='ltr'><strong>σοι</strong></span> <span class='ocrx_word' id='word_1_25' title='bbox 1176 399 1312 470; x_wconf 74' lang='grc' dir='ltr'>πρὸς</span> <span class='ocrx_word' id='word_1_26' title='bbox 1359 399 1459 469; x_wconf 80' lang='grc' dir='ltr'><strong>τὴν</strong></span> <span class='ocrx_word' id='word_1_27' title='bbox 1495 400 1663 463; x_wconf 85' lang='grc' dir='ltr'>ἴασιν,</span> <span class='ocrx_word' id='word_1_28' title='bbox 1699 401 1819 454; x_wconf 77' lang='grc' dir='ltr'>ὅλον</span> <span class='ocrx_word' id='word_1_29' title='bbox 1854 401 2000 452; x_wconf 87' lang='grc' dir='ltr'>ἐλεει</span> 
     </span>
    </p>
   </div>
   <div class='ocr_carea' id='block_1_5' title="bbox 2111 399 3686 474">
    <p class='ocr_par' dir='ltr' id='par_1_5' title="bbox 2124 399 3686 474">
     <span class='ocr_line' id='line_1_5' title="bbox 2124 399 3686 474; baseline 0.004 -24"><span class='ocrx_word' id='word_1_30' title='bbox 2124 401 2430 466; x_wconf 85' lang='lat' dir='ltr'><strong>opuscula,</strong></span> <span class='ocrx_word' id='word_1_31' title='bbox 2490 416 2609 468; x_wconf 75' lang='lat' dir='ltr'><strong>qua:</strong></span> <span class='ocrx_word' id='word_1_32' title='bbox 2664 400 2793 451; x_wconf 75' lang='lat' dir='ltr'><strong>l&#39;axit</strong></span> <span class='ocrx_word' id='word_1_33' title='bbox 2865 399 3041 464; x_wconf 84' lang='lat' dir='ltr'><strong>Deus,</strong></span> <span class='ocrx_word' id='word_1_34' title='bbox 3099 411 3156 456; x_wconf 89' lang='lat' dir='ltr'><strong>ut</strong></span> <span class='ocrx_word' id='word_1_35' title='bbox 3209 402 3426 458; x_wconf 78' lang='lat' dir='ltr'><strong>tandem</strong></span> <span class='ocrx_word' id='word_1_36' title='bbox 3485 403 3686 474; x_wconf 84' lang='lat' dir='ltr'><strong>aliquo-</strong></span> 
     </span>
    </p>
   </div>
   <div class='ocr_carea' id='block_1_6' title="bbox 439 486 2003 562">
    <p class='ocr_par' dir='ltr' id='par_1_6' title="bbox 439 486 2003 562">
     <span class='ocr_line' id='line_1_6' title="bbox 439 486 2003 562; baseline -0.002 -15"><span class='ocrx_word' id='word_1_37' title='bbox 439 495 531 547; x_wconf 78' lang='grc' dir='ltr'><strong>νόν</strong></span> <span class='ocrx_word' id='word_1_38' title='bbox 567 511 628 546; x_wconf 89' lang='grc' dir='ltr'><strong>σε</strong></span> <span class='ocrx_word' id='word_1_39' title='bbox 675 495 978 562; x_wconf 68' lang='grc' dir='ltr'>γενόμενονῑ</span> <span class='ocrx_word' id='word_1_40' title='bbox 1017 493 1110 544; x_wconf 79' lang='grc' dir='ltr'>ἐὰν</span> <span class='ocrx_word' id='word_1_41' title='bbox 1152 491 1268 562; x_wconf 80' lang='grc' dir='ltr'><strong>ἴδῃ,</strong></span> <span class='ocrx_word' id='word_1_42' title='bbox 1299 491 1528 558; x_wconf 75' lang='grc' dir='ltr'>ἄφθονόν</span> <span class='ocrx_word' id='word_1_43' title='bbox 1559 507 1640 544; x_wconf 89' lang='grc' dir='ltr'><strong>σοι</strong></span> <span class='ocrx_word' id='word_1_44' title='bbox 1675 490 1773 561; x_wconf 81' lang='grc' dir='ltr'><strong>τὴν</strong></span> <span class='ocrx_word' id='word_1_45' title='bbox 1817 486 2003 544; x_wconf 71' lang='grc' dir='ltr'>ἐαυτοί</span> 
     </span>
    </p>
   </div>
   <div class='ocr_carea' id='block_1_7' title="bbox 2111 486 3688 562">
    <p class='ocr_par' dir='ltr' id='par_1_7' title="bbox 2127 488 3688 562">
     <span class='ocr_line' id='line_1_7' title="bbox 2127 488 3688 562; baseline 0.006 -24"><span class='ocrx_word' id='word_1_46' title='bbox 2127 503 2244 540; x_wconf 83' lang='grc' dir='ltr'>ι·υιιι</span> <span class='ocrx_word' id='word_1_47' title='bbox 2279 488 2462 541; x_wconf 88' lang='lat' dir='ltr'><strong>studio</strong></span> <span class='ocrx_word' id='word_1_48' title='bbox 2506 497 2559 541; x_wconf 90' lang='lat' dir='ltr'><strong>et</strong></span> <span class='ocrx_word' id='word_1_49' title='bbox 2607 489 2887 558; x_wconf 78' lang='lat' dir='ltr'><strong>diligentia</strong></span> <span class='ocrx_word' id='word_1_50' title='bbox 2937 489 2990 542; x_wconf 91' lang='lat' dir='ltr'><strong>iu</strong></span> <span class='ocrx_word' id='word_1_51' title='bbox 3041 489 3215 544; x_wconf 89' lang='lat' dir='ltr'><strong>lucem</strong></span> <span class='ocrx_word' id='word_1_52' title='bbox 3271 491 3521 558; x_wconf 83' lang='lat' dir='ltr'><strong>veniam,</strong></span> <span class='ocrx_word' id='word_1_53' title='bbox 3567 508 3688 562; x_wconf 76' lang='lat' dir='ltr'><strong>qua:</strong></span> 
     </span>
    </p>
   </div>
   <div class='ocr_carea' id='block_1_8' title="bbox 441 577 2003 655">
    <p class='ocr_par' dir='ltr' id='par_1_8' title="bbox 441 582 2003 655">
     <span class='ocr_line' id='line_1_8' title="bbox 441 582 2003 655; baseline 0 -19"><span class='ocrx_word' id='word_1_54' title='bbox 441 584 814 655; x_wconf 76' lang='grc' dir='ltr'><strong>ἐλεημοσύνην</strong></span> <span class='ocrx_word' id='word_1_55' title='bbox 865 585 1203 653; x_wconf 73' lang='grc' dir='ltr'>ἐπιχορηγεῖ.</span> <span class='ocrx_word' id='word_1_56' title='bbox 1257 583 1382 635; x_wconf 75' lang='grc' dir='ltr'><strong>Ἐὰν</strong></span> <span class='ocrx_word' id='word_1_57' title='bbox 1435 583 1491 635; x_wconf 84' lang='grc' dir='ltr'>δὲ</span> <span class='ocrx_word' id='word_1_58' title='bbox 1535 582 1758 652; x_wconf 80' lang='grc' dir='ltr'><strong>καρδίαν</strong></span> <span class='ocrx_word' id='word_1_59' title='bbox 1807 584 2003 652; x_wconf 76' lang='grc' dir='ltr'>ἀμετα-</span> 
     </span>
    </p>
   </div>
   <div class='ocr_carea' id='block_1_9' title="bbox 2111 577 3685 655">
    <p class='ocr_par' dir='ltr' id='par_1_9' title="bbox 2126 577 3685 652">
     <span class='ocr_line' id='line_1_9' title="bbox 2126 577 3685 652; baseline 0.003 -22"><span class='ocrx_word' id='word_1_60' title='bbox 2126 578 2226 630; x_wconf 78' lang='lat' dir='ltr'><strong>liac</strong></span> <span class='ocrx_word' id='word_1_61' title='bbox 2291 577 2538 646; x_wconf 79' lang='lat' dir='ltr'><strong>subjecta</strong></span> <span class='ocrx_word' id='word_1_62' title='bbox 2605 580 2827 632; x_wconf 89' lang='lat' dir='ltr'><strong>notione</strong></span> <span class='ocrx_word' id='word_1_63' title='bbox 2882 587 3078 634; x_wconf 86' lang='lat' dir='ltr'><strong>testata</strong></span> <span class='ocrx_word' id='word_1_64' title='bbox 3142 579 3197 633; x_wconf 92' lang='lat' dir='ltr'><strong>in</strong></span> <span class='ocrx_word' id='word_1_65' title='bbox 3262 594 3427 636; x_wconf 91' lang='lat' dir='ltr'><strong>omne</strong></span> <span class='ocrx_word' id='word_1_66' title='bbox 3472 589 3685 652; x_wconf 80' lang='lat' dir='ltr'><strong>tempus</strong></span> 
     </span>
    </p>
   </div>
   <div class='ocr_carea' id='block_1_10' title="bbox 445 669 2365 746">
    <p class='ocr_par' dir='ltr' id='par_1_10' title="bbox 445 669 2365 746">
     <span class='ocr_line' id='line_1_10' title="bbox 445 669 2365 746; baseline -0.003 -18"><span class='ocrx_word' id='word_1_67' title='bbox 445 677 656 746; x_wconf 70' lang='grc' dir='ltr'>νόητον,</span> <span class='ocrx_word' id='word_1_68' title='bbox 690 676 947 745; x_wconf 83' lang='grc' dir='ltr'>φρόνημα</span> <span class='ocrx_word' id='word_1_69' title='bbox 985 675 1354 745; x_wconf 71' lang='grc' dir='ltr'><strong>ὑπερήφανον,</strong></span> <span class='ocrx_word' id='word_1_70' title='bbox 1386 675 1644 728; x_wconf 82' lang='grc' dir='ltr'><strong>ἀπιστίαν</strong></span> <span class='ocrx_word' id='word_1_71' title='bbox 1682 674 1775 726; x_wconf 80' lang='grc' dir='ltr'>τοῦ</span> <span class='ocrx_word' id='word_1_72' title='bbox 1817 674 2014 736; x_wconf 77' lang='grc' dir='ltr'>αἰῶνος</span> <span class='ocrx_word' id='word_1_73' title='bbox 2127 669 2365 722; x_wconf 82' lang='lat' dir='ltr'><strong>venient.</strong></span> 
     </span>
    </p>
   </div>
   <div class='ocr_carea' id='block_1_11' title="bbox 443 758 2003 836">
    <p class='ocr_par' dir='ltr' id='par_1_11' title="bbox 443 765 2003 836">
     <span class='ocr_line' id='line_1_11' title="bbox 443 765 2003 836; baseline -0.001 -17"><span class='ocrx_word' id='word_1_74' title='bbox 443 767 540 820; x_wconf 81' lang='grc' dir='ltr'>τοῦ</span> <span class='ocrx_word' id='word_1_75' title='bbox 576 767 867 836; x_wconf 80' lang='grc' dir='ltr'>μέλλοντος</span> <span class='ocrx_word' id='word_1_76' title='bbox 893 808 908 830; x_wconf 86' lang='grc'><strong><em>,</em></strong></span> <span class='ocrx_word' id='word_1_77' title='bbox 937 765 1170 832; x_wconf 80' lang='grc' dir='ltr'>ἀφοὸίαν</span> <span class='ocrx_word' id='word_1_78' title='bbox 1215 765 1315 834; x_wconf 76' lang='grc' dir='ltr'>τῆς</span> <span class='ocrx_word' id='word_1_79' title='bbox 1363 765 1598 835; x_wconf 88' lang='grc' dir='ltr'>κρίσεως</span> <span class='ocrx_word' id='word_1_80' title='bbox 1623 805 1637 828; x_wconf 85' lang='grc'><em>,</em></span> <span class='ocrx_word' id='word_1_81' title='bbox 1669 765 1793 817; x_wconf 88' lang='grc' dir='ltr'>τότε</span> <span class='ocrx_word' id='word_1_82' title='bbox 1822 765 2003 835; x_wconf 79' lang='grc' dir='ltr'>ἀγαπᾷ</span> 
     </span>
    </p>
   </div>
   <div class='ocr_carea' id='block_1_12' title="bbox 2111 758 3682 836">
    <p class='ocr_par' dir='ltr' id='par_1_12' title="bbox 2198 758 3682 834">
     <span class='ocr_line' id='line_1_12' title="bbox 2198 758 3682 834; baseline 0.005 -23"><span class='ocrx_word' id='word_1_83' title='bbox 2198 758 2381 824; x_wconf 86' lang='lat' dir='ltr'><strong>Duas,</strong></span> <span class='ocrx_word' id='word_1_84' title='bbox 2437 777 2573 831; x_wconf 90' lang='lat' dir='ltr'><strong>quas</strong></span> <span class='ocrx_word' id='word_1_85' title='bbox 2639 773 2968 830; x_wconf 80' lang='lat' dir='ltr'><strong>postremas.</strong></span> <span class='ocrx_word' id='word_1_86' title='bbox 3015 765 3251 820; x_wconf 80' lang='lat' dir='ltr'><strong>vidimus</strong></span> <span class='ocrx_word' id='word_1_87' title='bbox 3299 765 3562 834; x_wconf 79' lang='lat' dir='ltr'><strong>epistulas</strong></span> <span class='ocrx_word' id='word_1_88' title='bbox 3619 770 3682 820; x_wconf 76' lang='lat' dir='ltr'><strong>ad</strong></span> 
     </span>
    </p>
   </div>
   <div class='ocr_carea' id='block_1_13' title="bbox 442 851 2003 928">
    <p class='ocr_par' dir='ltr' id='par_1_13' title="bbox 442 852 2003 924">
     <span class='ocr_line' id='line_1_13' title="bbox 442 852 2003 924; baseline -0.001 -18"><span class='ocrx_word' id='word_1_89' title='bbox 442 857 536 906; x_wconf 65' lang='grc' dir='ltr'><strong>ἐπὶ¹</strong></span> <span class='ocrx_word' id='word_1_90' title='bbox 568 855 651 906; x_wconf 76' lang='grc' dir='ltr'><strong>σοὶ</strong></span> <span class='ocrx_word' id='word_1_91' title='bbox 699 853 798 924; x_wconf 84' lang='grc' dir='ltr'>τὴν</span> <span class='ocrx_word' id='word_1_92' title='bbox 843 853 1046 922; x_wconf 91' lang='grc' dir='ltr'>κρίσιν.</span> <span class='ocrx_word' id='word_1_93' title='bbox 1093 852 1181 914; x_wconf 80' lang='grc' dir='ltr'>Ὠς</span> <span class='ocrx_word' id='word_1_94' title='bbox 1225 853 1334 923; x_wconf 74' lang='grc' dir='ltr'>γὰρ</span> <span class='ocrx_word' id='word_1_95' title='bbox 1387 853 1569 923; x_wconf 77' lang='grc' dir='ltr'>ἰατρὸς</span> <span class='ocrx_word' id='word_1_96' title='bbox 1619 852 1861 923; x_wconf 79' lang='grc' dir='ltr'><strong>ἐμμελὴς</strong></span> <span class='ocrx_word' id='word_1_97' title='bbox 1916 852 2003 906; x_wconf 69' lang='grc' dir='ltr'>καὶ</span> 
     </span>
    </p>
   </div>
   <div class='ocr_carea' id='block_1_14' title="bbox 2111 851 3685 928">
    <p class='ocr_par' dir='ltr' id='par_1_14' title="bbox 2123 851 3685 928">
     <span class='ocr_line' id='line_1_14' title="bbox 2123 851 3685 928; baseline 0.002 -24"><span class='ocrx_word' id='word_1_98' title='bbox 2123 851 2503 916; x_wconf 83' lang='lat' dir='ltr'><strong>Heliodorum,</strong></span> <span class='ocrx_word' id='word_1_99' title='bbox 2538 861 2591 906; x_wconf 87' lang='lat' dir='ltr'><strong>et</strong></span> <span class='ocrx_word' id='word_1_100' title='bbox 2617 854 3091 924; x_wconf 80' lang='lat' dir='ltr'><strong>Olyinpiudoruni,</strong></span> <span class='ocrx_word' id='word_1_101' title='bbox 3124 856 3176 907; x_wconf 93' lang='lat' dir='ltr'><strong>in</strong></span> <span class='ocrx_word' id='word_1_102' title='bbox 3213 857 3438 925; x_wconf 83' lang='lat' dir='ltr'><strong>septima</strong></span> <span class='ocrx_word' id='word_1_103' title='bbox 3475 860 3685 928; x_wconf 74' lang='lat' dir='ltr'><strong>synodo</strong></span> 
     </span>
    </p>
   </div>
   <div class='ocr_carea' id='block_1_15' title="bbox 448 943 2010 1014">
    <p class='ocr_par' dir='ltr' id='par_1_15' title="bbox 448 943 2010 1014">
     <span class='ocr_line' id='line_1_15' title="bbox 448 943 2010 1014; baseline 0 -18"><span class='ocrx_word' id='word_1_104' title='bbox 448 944 850 1014; x_wconf 78' lang='grc' dir='ltr'>φιλάνθρωπος,</span> <span class='ocrx_word' id='word_1_105' title='bbox 883 945 1155 1012; x_wconf 87' lang='grc' dir='ltr'>καταντλή</span> <span class='ocrx_word' id='word_1_106' title='bbox 1166 959 1296 1012; x_wconf 88' lang='grc' dir='ltr'>μασι</span> <span class='ocrx_word' id='word_1_107' title='bbox 1328 943 1590 1013; x_wconf 84' lang='grc' dir='ltr'>πρότερον</span> <span class='ocrx_word' id='word_1_108' title='bbox 1615 944 1710 998; x_wconf 75' lang='grc' dir='ltr'><strong>καὶ</strong></span> <span class='ocrx_word' id='word_1_109' title='bbox 1736 943 2010 1014; x_wconf 81' lang='grc' dir='ltr'>περιπλά-</span> 
     </span>
    </p>
   </div>
   <div class='ocr_carea' id='block_1_16' title="bbox 443 1030 1999 1103">
    <p class='ocr_par' dir='ltr' id='par_1_16' title="bbox 443 1030 1999 1103">
     <span class='ocr_line' id='line_1_16' title="bbox 443 1030 1999 1103; baseline 0.003 -21"><span class='ocrx_word' id='word_1_110' title='bbox 443 1048 645 1100; x_wconf 87' lang='grc' dir='ltr'>σμασιν</span> <span class='ocrx_word' id='word_1_111' title='bbox 692 1030 918 1092; x_wconf 79' lang='grc' dir='ltr'><strong>ἁπαλοῖς</strong></span> <span class='ocrx_word' id='word_1_112' title='bbox 963 1033 1217 1100; x_wconf 76' lang='grc' dir='ltr'>πειρᾶται</span> <span class='ocrx_word' id='word_1_113' title='bbox 1266 1032 1614 1085; x_wconf 78' lang='grc' dir='ltr'><strong>καταστεῖλαι</strong></span> <span class='ocrx_word' id='word_1_114' title='bbox 1658 1033 1720 1086; x_wconf 86' lang='grc' dir='ltr'>τὸ</span> <span class='ocrx_word' id='word_1_115' title='bbox 1766 1034 1999 1103; x_wconf 85' lang='grc' dir='ltr'>οῖδημα’</span> 
     </span>
    </p>
   </div>
   <div class='ocr_carea' id='block_1_17' title="bbox 441 1121 2012 1192">
    <p class='ocr_par' dir='ltr' id='par_1_17' title="bbox 441 1121 2012 1192">
     <span class='ocr_line' id='line_1_17' title="bbox 441 1121 2012 1192; baseline 0.003 -18"><span class='ocrx_word' id='word_1_116' title='bbox 441 1122 580 1174; x_wconf 79' lang='grc' dir='ltr'>ἐπὰν</span> <span class='ocrx_word' id='word_1_117' title='bbox 613 1121 671 1174; x_wconf 77' lang='grc' dir='ltr'><strong>δὲ</strong></span> <span class='ocrx_word' id='word_1_118' title='bbox 721 1121 803 1192; x_wconf 78' lang='grc' dir='ltr'><strong>ἴδῃ</strong></span> <span class='ocrx_word' id='word_1_119' title='bbox 851 1122 1146 1184; x_wconf 82' lang='grc' dir='ltr'>ἀνενδότως</span> <span class='ocrx_word' id='word_1_120' title='bbox 1199 1123 1292 1175; x_wconf 70' lang='grc' dir='ltr'>καὶ</span> <span class='ocrx_word' id='word_1_121' title='bbox 1325 1122 1574 1192; x_wconf 80' lang='grc' dir='ltr'>σκληρῶς</span> <span class='ocrx_word' id='word_1_122' title='bbox 1617 1125 2012 1178; x_wconf 79' lang='grc' dir='ltr'>ἀντιτυποῦντα</span> 
     </span>
    </p>
   </div>
   <div class='ocr_carea' id='block_1_18' title="bbox 417 1201 2008 1285">
    <p class='ocr_par' dir='ltr' id='par_1_18' title="bbox 417 1201 2008 1285">
     <span class='ocr_line' id='line_1_18' title="bbox 417 1201 2008 1285; baseline 0.001 -18"><span class='ocrx_word' id='word_1_123' title='bbox 417 1201 420 1208; x_wconf 58' lang='grc'><em>’</em></span> <span class='ocrx_word' id='word_1_124' title='bbox 442 1213 532 1267; x_wconf 82' lang='grc' dir='ltr'><strong>τὸν</strong></span> <span class='ocrx_word' id='word_1_125' title='bbox 551 1213 738 1281; x_wconf 75' lang='grc' dir='ltr'>ὄγκον,</span> <span class='ocrx_word' id='word_1_126' title='bbox 771 1213 932 1283; x_wconf 75' lang='grc' dir='ltr'>ῥίψας</span> <span class='ocrx_word' id='word_1_127' title='bbox 951 1213 1041 1264; x_wconf 81' lang='grc' dir='ltr'><strong>τὸν</strong></span> <span class='ocrx_word' id='word_1_128' title='bbox 1065 1213 1231 1276; x_wconf 76' lang='grc' dir='ltr'>ἔλεον,</span> <span class='ocrx_word' id='word_1_129' title='bbox 1257 1213 1350 1265; x_wconf 73' lang='grc' dir='ltr'>καὶ</span> <span class='ocrx_word' id='word_1_130' title='bbox 1371 1214 1466 1283; x_wconf 86' lang='grc' dir='ltr'>τὴν</span> <span class='ocrx_word' id='word_1_131' title='bbox 1493 1214 1741 1285; x_wconf 76' lang='grc' dir='ltr'>μαλακὴν</span> <span class='ocrx_word' id='word_1_132' title='bbox 1766 1216 2008 1285; x_wconf 83' lang='grc' dir='ltr'>ἀγωγὴν,</span> 
     </span>
    </p>
   </div>
   <div class='ocr_carea' id='block_1_19' title="bbox 444 1301 2013 1374">
    <p class='ocr_par' dir='ltr' id='par_1_19' title="bbox 444 1301 2013 1374">
     <span class='ocr_line' id='line_1_19' title="bbox 444 1301 2013 1374; baseline 0.001 -20"><span class='ocrx_word' id='word_1_133' title='bbox 444 1304 683 1373; x_wconf 82' lang='grc' dir='ltr'>αίρεῖται</span> <span class='ocrx_word' id='word_1_134' title='bbox 733 1302 920 1354; x_wconf 70' lang='grc' dir='ltr'>λοιπὸν</span> <span class='ocrx_word' id='word_1_135' title='bbox 971 1301 1070 1370; x_wconf 76' lang='grc' dir='ltr'>τὴν</span> <span class='ocrx_word' id='word_1_136' title='bbox 1119 1301 1213 1353; x_wconf 83' lang='grc' dir='ltr'>τοῦ</span> <span class='ocrx_word' id='word_1_137' title='bbox 1266 1301 1485 1371; x_wconf 80' lang='grc' dir='ltr'>σιδήρου</span> <span class='ocrx_word' id='word_1_138' title='bbox 1536 1303 1752 1372; x_wconf 79' lang='grc' dir='ltr'>χρῆσιν.</span> <span class='ocrx_word' id='word_1_139' title='bbox 1798 1304 2013 1374; x_wconf 84' lang='grc' dir='ltr'>Ἀγαπᾷ</span> 
     </span>
    </p>
   </div>
   <div class='ocr_carea' id='block_1_20' title="bbox 440 1389 2010 1466">
    <p class='ocr_par' dir='ltr' id='par_1_20' title="bbox 440 1389 2010 1466">
     <span class='ocr_line' id='line_1_20' title="bbox 440 1389 2010 1466; baseline 0.002 -21"><span class='ocrx_word' id='word_1_140' title='bbox 440 1389 536 1445; x_wconf 76' lang='grc' dir='ltr'><strong>οὖν</strong></span> <span class='ocrx_word' id='word_1_141' title='bbox 574 1391 948 1462; x_wconf 76' lang='grc' dir='ltr'>ἐλεημοσύνην</span> <span class='ocrx_word' id='word_1_142' title='bbox 995 1394 1088 1445; x_wconf 78' lang='grc' dir='ltr'><strong>ἐπὶ</strong></span> <span class='ocrx_word' id='word_1_143' title='bbox 1118 1392 1225 1445; x_wconf 86' lang='grc' dir='ltr'><strong>τῶν</strong></span> <span class='ocrx_word' id='word_1_144' title='bbox 1270 1393 1696 1462; x_wconf 81' lang='grc' dir='ltr'>μετανοούντων,</span> <span class='ocrx_word' id='word_1_145' title='bbox 1730 1395 1921 1466; x_wconf 80' lang='grc' dir='ltr'>ἀγαπᾷ</span> <span class='ocrx_word' id='word_1_146' title='bbox 1953 1396 2010 1448; x_wconf 78' lang='grc' dir='ltr'>δὲ</span> 
     </span>
    </p>
   </div>
   <div class='ocr_carea' id='block_1_21' title="bbox 453 1483 2007 1558">
    <p class='ocr_par' dir='ltr' id='par_1_21' title="bbox 453 1483 2007 1558">
     <span class='ocr_line' id='line_1_21' title="bbox 453 1483 2007 1558; baseline 0.003 -22"><span class='ocrx_word' id='word_1_147' title='bbox 453 1485 548 1536; x_wconf 82' lang='grc' dir='ltr'>καὶ</span> <span class='ocrx_word' id='word_1_148' title='bbox 582 1484 761 1555; x_wconf 90' lang='grc' dir='ltr'>κρίσιν</span> <span class='ocrx_word' id='word_1_149' title='bbox 798 1485 890 1536; x_wconf 66' lang='grc' dir='ltr'><strong>ἐπὶ</strong></span> <span class='ocrx_word' id='word_1_150' title='bbox 935 1484 1044 1536; x_wconf 84' lang='grc' dir='ltr'><strong>τῶν</strong></span> <span class='ocrx_word' id='word_1_151' title='bbox 1081 1483 1396 1558; x_wconf 83' lang='grc' dir='ltr'>ἀνενδότων.</span> <span class='ocrx_word' id='word_1_152' title='bbox 1432 1485 1684 1538; x_wconf 76' lang='grc' dir='ltr'>Τοιοῦτόν</span> <span class='ocrx_word' id='word_1_153' title='bbox 1734 1505 1787 1538; x_wconf 89' lang='grc' dir='ltr'><strong>τι</strong></span> <span class='ocrx_word' id='word_1_154' title='bbox 1840 1489 1935 1541; x_wconf 70' lang='grc' dir='ltr'>καὶ</span> <span class='ocrx_word' id='word_1_155' title='bbox 1979 1490 2007 1540; x_wconf 99' lang='lat'><strong>6</strong></span> 
     </span>
    </p>
   </div>
   <div class='ocr_carea' id='block_1_22' title="bbox 459 1571 2006 1647">
    <p class='ocr_par' dir='ltr' id='par_1_22' title="bbox 459 1571 2006 1647">
     <span class='ocr_line' id='line_1_22' title="bbox 459 1571 2006 1647; baseline 0.003 -21"><span class='ocrx_word' id='word_1_156' title='bbox 459 1574 685 1636; x_wconf 73' lang='grc' dir='ltr'>Ἡσαΐας</span> <span class='ocrx_word' id='word_1_157' title='bbox 734 1571 884 1641; x_wconf 82' lang='grc' dir='ltr'>λέγει</span> <span class='ocrx_word' id='word_1_158' title='bbox 913 1574 988 1644; x_wconf 85' lang='grc' dir='ltr'>τῷ</span> <span class='ocrx_word' id='word_1_159' title='bbox 1019 1573 1177 1644; x_wconf 77' lang='grc' dir='ltr'>Θεῷ,</span> <span class='ocrx_word' id='word_1_160' title='bbox 1227 1575 1308 1627; x_wconf 83' lang='grc' dir='ltr'><strong>ὅτι</strong></span> <span class='ocrx_word' id='word_1_161' title='bbox 1342 1593 1360 1624; x_wconf 74' lang='grc' dir='ltr'><strong>ι</strong></span> <span class='ocrx_word' id='word_1_162' title='bbox 1410 1575 1474 1627; x_wconf 87' lang='grc' dir='ltr'><strong>Ἦ</strong></span> <span class='ocrx_word' id='word_1_163' title='bbox 1517 1576 1856 1647; x_wconf 74' lang='grc' dir='ltr'>ἐλεημοσύνη</span> <span class='ocrx_word' id='word_1_164' title='bbox 1913 1595 2006 1631; x_wconf 90' lang='grc' dir='ltr'><strong>σου</strong></span> 
     </span>
    </p>
   </div>
   <div class='ocr_carea' id='block_1_23' title="bbox 448 1665 2007 1738">
    <p class='ocr_par' dir='ltr' id='par_1_23' title="bbox 448 1665 2007 1738">
     <span class='ocr_line' id='line_1_23' title="bbox 448 1665 2007 1738; baseline 0.004 -22"><span class='ocrx_word' id='word_1_165' title='bbox 448 1666 526 1727; x_wconf 82' lang='grc' dir='ltr'><strong>είς</strong></span> <span class='ocrx_word' id='word_1_166' title='bbox 555 1665 812 1734; x_wconf 80' lang='grc' dir='ltr'>σταθμόν.</span> <span class='ocrx_word' id='word_1_167' title='bbox 857 1685 878 1718; x_wconf 72' lang='grc' dir='ltr'><strong><em>υ</em></strong></span> <span class='ocrx_word' id='word_1_168' title='bbox 911 1667 1020 1718; x_wconf 73' lang='grc' dir='ltr'><strong>Καὶ</strong></span> <span class='ocrx_word' id='word_1_169' title='bbox 1061 1665 1170 1734; x_wconf 81' lang='grc' dir='ltr'><strong>γὰρ</strong></span> <span class='ocrx_word' id='word_1_170' title='bbox 1201 1666 1450 1731; x_wconf 84' lang='grc' dir='ltr'>κάκεῖνος</span> <span class='ocrx_word' id='word_1_171' title='bbox 1480 1668 1579 1738; x_wconf 78' lang='grc' dir='ltr'>τὴν</span> <span class='ocrx_word' id='word_1_172' title='bbox 1611 1668 1746 1737; x_wconf 84' lang='grc' dir='ltr'><strong>μετά</strong></span> <span class='ocrx_word' id='word_1_173' title='bbox 1774 1669 2007 1738; x_wconf 87' lang='grc' dir='ltr'>κρίσεως</span> 
     </span>
    </p>
   </div>
   <div class='ocr_carea' id='block_1_24' title="bbox 448 1756 2008 1830">
    <p class='ocr_par' dir='ltr' id='par_1_24' title="bbox 448 1756 2008 1830">
     <span class='ocr_line' id='line_1_24' title="bbox 448 1756 2008 1830; baseline 0.004 -22"><span class='ocrx_word' id='word_1_174' title='bbox 448 1757 822 1826; x_wconf 76' lang='grc' dir='ltr'>ἐλεημοσύνην</span> <span class='ocrx_word' id='word_1_175' title='bbox 883 1757 1213 1826; x_wconf 81' lang='grc' dir='ltr'>παρίστησι,</span> <span class='ocrx_word' id='word_1_176' title='bbox 1262 1756 1432 1827; x_wconf 75' lang='grc' dir='ltr'>ζυγῷ,</span> <span class='ocrx_word' id='word_1_177' title='bbox 1467 1761 1561 1812; x_wconf 72' lang='grc' dir='ltr'><strong>καὶ</strong></span> <span class='ocrx_word' id='word_1_178' title='bbox 1598 1760 1818 1830; x_wconf 87' lang='grc' dir='ltr'>ἀριθμῷ</span> <span class='ocrx_word' id='word_1_179' title='bbox 1847 1800 1860 1820; x_wconf 84' lang='grc'>,</span> <span class='ocrx_word' id='word_1_180' title='bbox 1912 1763 2008 1814; x_wconf 77' lang='grc' dir='ltr'><strong>καὶ</strong></span> 
     </span>
    </p>
   </div>
   <div class='ocr_carea' id='block_1_25' title="bbox 453 1845 2004 1923">
    <p class='ocr_par' dir='ltr' id='par_1_25' title="bbox 453 1845 2004 1923">
     <span class='ocr_line' id='line_1_25' title="bbox 453 1845 2004 1923; baseline 0.006 -25"><span class='ocrx_word' id='word_1_181' title='bbox 453 1845 676 1916; x_wconf 69' lang='grc' dir='ltr'>τταθμῷ</span> <span class='ocrx_word' id='word_1_182' title='bbox 719 1847 863 1900; x_wconf 85' lang='grc' dir='ltr'><strong>κατά</strong></span> <span class='ocrx_word' id='word_1_183' title='bbox 908 1847 1007 1916; x_wconf 81' lang='grc' dir='ltr'>τὴν</span> <span class='ocrx_word' id='word_1_184' title='bbox 1060 1847 1290 1900; x_wconf 77' lang='grc' dir='ltr'>ἑκάστου</span> <span class='ocrx_word' id='word_1_185' title='bbox 1344 1849 1499 1914; x_wconf 79' lang='grc' dir='ltr'>ἀξίαν</span> <span class='ocrx_word' id='word_1_186' title='bbox 1531 1852 2004 1923; x_wconf 85' lang='grc' dir='ltr'>ἀντιμετροῦντος.</span> 
     </span>
    </p>
   </div>
   <div class='ocr_carea' id='block_1_26' title="bbox 448 1929 2008 2010">
    <p class='ocr_par' dir='ltr' id='par_1_26' title="bbox 448 1929 2008 2010">
     <span class='ocr_line' id='line_1_26' title="bbox 448 1929 2008 2010; baseline 0.004 -21"><span class='ocrx_word' id='word_1_187' title='bbox 448 1935 561 1989; x_wconf 87' lang='lat' dir='ltr'><strong>Iloc</strong></span> <span class='ocrx_word' id='word_1_188' title='bbox 631 1929 798 1990; x_wconf 79' lang='lat' dir='ltr'><strong>etiam</strong></span> <span class='ocrx_word' id='word_1_189' title='bbox 851 1937 1250 2006; x_wconf 72' lang='lat' dir='ltr'><strong>antiquissimis</strong></span> <span class='ocrx_word' id='word_1_190' title='bbox 1305 1942 1716 2010; x_wconf 71' lang='lat' dir='ltr'><strong>scriptoribus,</strong></span> <span class='ocrx_word' id='word_1_191' title='bbox 1779 1953 1832 1996; x_wconf 88' lang='lat' dir='ltr'><strong>et</strong></span> <span class='ocrx_word' id='word_1_192' title='bbox 1883 1952 2008 1996; x_wconf 89' lang='lat' dir='ltr'><strong>ante</strong></span> 
     </span>
    </p>
   </div>
   <div class='ocr_carea' id='block_1_27' title="bbox 444 2025 2009 2102">
    <p class='ocr_par' dir='ltr' id='par_1_27' title="bbox 444 2025 2009 2102">
     <span class='ocr_line' id='line_1_27' title="bbox 444 2025 2009 2102; baseline 0.005 -22"><span class='ocrx_word' id='word_1_193' title='bbox 444 2025 724 2080; x_wconf 72' lang='lat' dir='ltr'><strong>Christun</strong></span> <span class='ocrx_word' id='word_1_194' title='bbox 779 2029 928 2082; x_wconf 87' lang='lat' dir='ltr'><strong>natis</strong></span> <span class='ocrx_word' id='word_1_195' title='bbox 961 2030 1013 2082; x_wconf 90' lang='lat' dir='ltr'><strong>in</strong></span> <span class='ocrx_word' id='word_1_196' title='bbox 1061 2044 1212 2084; x_wconf 87' lang='lat' dir='ltr'><strong>more</strong></span> <span class='ocrx_word' id='word_1_197' title='bbox 1243 2030 1413 2088; x_wconf 81' lang='lat' dir='ltr'><strong>fuisse</strong></span> <span class='ocrx_word' id='word_1_198' title='bbox 1450 2035 1688 2102; x_wconf 91' lang='lat' dir='ltr'><strong>positum</strong></span> <span class='ocrx_word' id='word_1_199' title='bbox 1716 2073 1730 2094; x_wconf 82' lang='lat'>.</span> <span class='ocrx_word' id='word_1_200' title='bbox 1788 2049 1851 2088; x_wconf 82' lang='lat' dir='ltr'><strong>ex</strong></span> <span class='ocrx_word' id='word_1_201' title='bbox 1887 2033 2009 2088; x_wconf 85' lang='lat' dir='ltr'><strong>Cle-</strong></span> 
     </span>
    </p>
   </div>
   <div class='ocr_carea' id='block_1_28' title="bbox 448 2118 2007 2195">
    <p class='ocr_par' dir='ltr' id='par_1_28' title="bbox 448 2118 2007 2195">
     <span class='ocr_line' id='line_1_28' title="bbox 448 2118 2007 2195; baseline 0.008 -27"><span class='ocrx_word' id='word_1_202' title='bbox 448 2127 628 2172; x_wconf 85' lang='lat' dir='ltr'><strong>mente</strong></span> <span class='ocrx_word' id='word_1_203' title='bbox 658 2118 1050 2182; x_wconf 72' lang='lat' dir='ltr'><strong>Alexandrino,</strong></span> <span class='ocrx_word' id='word_1_204' title='bbox 1081 2130 1135 2176; x_wconf 90' lang='lat' dir='ltr'><strong>et</strong></span> <span class='ocrx_word' id='word_1_205' title='bbox 1171 2124 1296 2178; x_wconf 90' lang='lat' dir='ltr'><strong>aliis</strong></span> <span class='ocrx_word' id='word_1_206' title='bbox 1338 2125 1474 2179; x_wconf 88' lang='lat' dir='ltr'><strong>satis</strong></span> <span class='ocrx_word' id='word_1_207' title='bbox 1510 2125 1632 2180; x_wconf 81' lang='lat' dir='ltr'><strong>fuse</strong></span> <span class='ocrx_word' id='word_1_208' title='bbox 1679 2127 1907 2195; x_wconf 79' lang='lat' dir='ltr'><strong>probavi</strong></span> <span class='ocrx_word' id='word_1_209' title='bbox 1953 2128 2007 2181; x_wconf 91' lang='lat' dir='ltr'><strong>in</strong></span> 
     </span>
    </p>
   </div>
   <div class='ocr_carea' id='block_1_29' title="bbox 447 2210 2009 2285">
    <p class='ocr_par' dir='ltr' id='par_1_29' title="bbox 447 2210 2009 2285">
     <span class='ocr_line' id='line_1_29' title="bbox 447 2210 2009 2285; baseline 0.01 -25"><span class='ocrx_word' id='word_1_210' title='bbox 447 2216 686 2262; x_wconf 83' lang='lat' dir='ltr'><strong>tractatu</strong></span> <span class='ocrx_word' id='word_1_211' title='bbox 721 2225 838 2264; x_wconf 88' lang='lat' dir='ltr'><strong>meo</strong></span> <span class='ocrx_word' id='word_1_212' title='bbox 871 2210 945 2264; x_wconf 88' lang='lat' dir='ltr'><strong>De</strong></span> <span class='ocrx_word' id='word_1_213' title='bbox 985 2213 1376 2268; x_wconf 75' lang='lat' dir='ltr'><strong>conscribendis</strong></span> <span class='ocrx_word' id='word_1_214' title='bbox 1410 2218 1670 2285; x_wconf 73' lang='lat' dir='ltr'><strong>epistolis.</strong></span> <span class='ocrx_word' id='word_1_215' title='bbox 1703 2217 1884 2283; x_wconf 79' lang='lat' dir='ltr'><strong>Quare</strong></span> <span class='ocrx_word' id='word_1_216' title='bbox 1919 2219 2009 2276; x_wconf 84' lang='lat' dir='ltr'><strong>hic</strong></span> 
     </span>
    </p>
   </div>
   <div class='ocr_carea' id='block_1_30' title="bbox 455 2299 1202 2371">
    <p class='ocr_par' dir='ltr' id='par_1_30' title="bbox 455 2299 1202 2371">
     <span class='ocr_line' id='line_1_30' title="bbox 455 2299 1202 2371; baseline 0.012 -21"><span class='ocrx_word' id='word_1_217' title='bbox 455 2301 612 2366; x_wconf 86' lang='lat' dir='ltr'><strong>plura</strong></span> <span class='ocrx_word' id='word_1_218' title='bbox 649 2299 825 2355; x_wconf 84' lang='lat' dir='ltr'><strong>dicere</strong></span> <span class='ocrx_word' id='word_1_219' title='bbox 858 2304 1202 2371; x_wconf 84' lang='lat' dir='ltr'><strong>supersedeo.</strong></span> 
     </span>
    </p>
   </div>
   <div class='ocr_carea' id='block_1_31' title="bbox 526 2387 2007 2460">
    <p class='ocr_par' dir='ltr' id='par_1_31' title="bbox 526 2387 2007 2460">
     <span class='ocr_line' id='line_1_31' title="bbox 526 2387 2007 2460; baseline 0.011 -22"><span class='ocrx_word' id='word_1_220' title='bbox 526 2387 780 2454; x_wconf 79' lang='lat' dir='ltr'><strong>Ejusdem</strong></span> <span class='ocrx_word' id='word_1_221' title='bbox 807 2398 1018 2444; x_wconf 78' lang='lat' dir='ltr'><strong>exstant</strong></span> <span class='ocrx_word' id='word_1_222' title='bbox 1057 2394 1406 2460; x_wconf 75' lang='lat' dir='ltr'><strong>expositiones</strong></span> <span class='ocrx_word' id='word_1_223' title='bbox 1436 2394 1491 2448; x_wconf 88' lang='lat' dir='ltr'><strong>in</strong></span> <span class='ocrx_word' id='word_1_224' title='bbox 1521 2394 1804 2452; x_wconf 72' lang='lat' dir='ltr'><strong>Canticum</strong></span> <span class='ocrx_word' id='word_1_225' title='bbox 1834 2402 2007 2454; x_wconf 87' lang='lat' dir='ltr'><strong>canti-</strong></span> 
     </span>
    </p>
   </div>
   <div class='ocr_carea' id='block_1_32' title="bbox 442 2480 2006 2553">
    <p class='ocr_par' dir='ltr' id='par_1_32' title="bbox 442 2480 2006 2553">
     <span class='ocr_line' id='line_1_32' title="bbox 442 2480 2006 2553; baseline 0.01 -24"><span class='ocrx_word' id='word_1_226' title='bbox 442 2493 648 2538; x_wconf 79' lang='lat' dir='ltr'><strong>corum,</strong></span> <span class='ocrx_word' id='word_1_227' title='bbox 687 2494 790 2531; x_wconf 89' lang='lat' dir='ltr'><strong>una</strong></span> <span class='ocrx_word' id='word_1_228' title='bbox 835 2497 956 2532; x_wconf 88' lang='lat' dir='ltr'><strong>cum</strong></span> <span class='ocrx_word' id='word_1_229' title='bbox 991 2480 1231 2551; x_wconf 78' lang='lat' dir='ltr'><strong>Nysseni</strong></span> <span class='ocrx_word' id='word_1_230' title='bbox 1282 2483 1550 2553; x_wconf 74' lang='lat' dir='ltr'><strong>Gregorii,</strong></span> <span class='ocrx_word' id='word_1_231' title='bbox 1603 2486 1822 2543; x_wconf 80' lang='lat' dir='ltr'><strong>Maximi</strong></span> <span class='ocrx_word' id='word_1_232' title='bbox 1857 2507 2006 2546; x_wconf 87' lang='lat' dir='ltr'><strong>com-</strong></span> 
     </span>
    </p>
   </div>
   <div class='ocr_carea' id='block_1_33' title="bbox 441 2569 2004 2643">
    <p class='ocr_par' dir='ltr' id='par_1_33' title="bbox 441 2569 2004 2643">
     <span class='ocr_line' id='line_1_33' title="bbox 441 2569 2004 2643; baseline 0.012 -25"><span class='ocrx_word' id='word_1_233' title='bbox 441 2569 765 2635; x_wconf 84' lang='lat' dir='ltr'><strong>mentariis,</strong></span> <span class='ocrx_word' id='word_1_234' title='bbox 817 2573 1152 2628; x_wconf 88' lang='lat' dir='ltr'><strong>carminibus</strong></span> <span class='ocrx_word' id='word_1_235' title='bbox 1222 2575 1461 2643; x_wconf 89' lang='lat' dir='ltr'><strong>politicis</strong></span> <span class='ocrx_word' id='word_1_236' title='bbox 1515 2575 1794 2636; x_wconf 84' lang='lat' dir='ltr'><strong>Michaelis</strong></span> <span class='ocrx_word' id='word_1_237' title='bbox 1844 2580 2004 2636; x_wconf 83' lang='lat' dir='ltr'><strong>Pselli</strong></span> 
     </span>
    </p>
   </div>
   <div class='ocr_carea' id='block_1_34' title="bbox 437 2654 2004 2735">
    <p class='ocr_par' dir='ltr' id='par_1_34' title="bbox 437 2654 2004 2735">
     <span class='ocr_line' id='line_1_34' title="bbox 437 2654 2004 2735; baseline 0.009 -25"><span class='ocrx_word' id='word_1_238' title='bbox 437 2654 625 2712; x_wconf 71' lang='lat' dir='ltr'><strong>Gnece</strong></span> <span class='ocrx_word' id='word_1_239' title='bbox 673 2667 726 2711; x_wconf 90' lang='lat' dir='ltr'><strong>et</strong></span> <span class='ocrx_word' id='word_1_240' title='bbox 759 2658 951 2714; x_wconf 87' lang='lat' dir='ltr'><strong>Latine</strong></span> <span class='ocrx_word' id='word_1_241' title='bbox 989 2663 1178 2716; x_wconf 80' lang='lat' dir='ltr'><strong>eodem</strong></span> <span class='ocrx_word' id='word_1_242' title='bbox 1224 2661 1362 2716; x_wconf 90' lang='lat' dir='ltr'><strong>Zino</strong></span> <span class='ocrx_word' id='word_1_243' title='bbox 1409 2664 1723 2735; x_wconf 81' lang='lat' dir='ltr'><strong>interprete,</strong></span> <span class='ocrx_word' id='word_1_244' title='bbox 1773 2677 1922 2724; x_wconf 90' lang='lat' dir='ltr'><strong>tomo</strong></span> <span class='ocrx_word' id='word_1_245' title='bbox 1961 2669 2004 2724; x_wconf 89' lang='lat' dir='ltr'><strong>II</strong></span> 
     </span>
    </p>
   </div>
   <div class='ocr_carea' id='block_1_35' title="bbox 441 2747 2004 2812">
    <p class='ocr_par' dir='ltr' id='par_1_35' title="bbox 441 2747 2004 2812">
     <span class='ocr_line' id='line_1_35' title="bbox 441 2747 2004 2812; baseline 0.01 -15"><span class='ocrx_word' id='word_1_246' title='bbox 441 2747 688 2800; x_wconf 82' lang='lat' dir='ltr'><strong>Actuarii</strong></span> <span class='ocrx_word' id='word_1_247' title='bbox 731 2747 1084 2804; x_wconf 70' lang='lat' dir='ltr'><strong>Bibliothecm</strong></span> <span class='ocrx_word' id='word_1_248' title='bbox 1121 2751 1375 2807; x_wconf 80' lang='lat' dir='ltr'><strong>Veterum</strong></span> <span class='ocrx_word' id='word_1_249' title='bbox 1416 2753 1636 2809; x_wconf 82' lang='lat' dir='ltr'><strong>Patrum</strong></span> <span class='ocrx_word' id='word_1_250' title='bbox 1679 2756 2004 2812; x_wconf 67' lang='lat' dir='ltr'><strong>Graeco-La-</strong></span> 
     </span>
    </p>
   </div>
   <div class='ocr_carea' id='block_1_36' title="bbox 435 2835 2004 2905">
    <p class='ocr_par' dir='ltr' id='par_1_36' title="bbox 435 2835 2004 2905">
     <span class='ocr_line' id='line_1_36' title="bbox 435 2835 2004 2905; baseline 0.011 -18"><span class='ocrx_word' id='word_1_251' title='bbox 435 2835 573 2898; x_wconf 89' lang='lat' dir='ltr'><strong>tini,</strong></span> <span class='ocrx_word' id='word_1_252' title='bbox 614 2851 762 2891; x_wconf 89' lang='lat' dir='ltr'><strong>anno</strong></span> <span class='ocrx_word' id='word_1_253' title='bbox 794 2837 934 2892; x_wconf 73' lang='grc'><strong>1624</strong></span> <span class='ocrx_word' id='word_1_254' title='bbox 993 2855 1006 2890; x_wconf 92' lang='lat'>:</span> <span class='ocrx_word' id='word_1_255' title='bbox 1059 2851 1111 2895; x_wconf 89' lang='lat' dir='ltr'><strong>et</strong></span> <span class='ocrx_word' id='word_1_256' title='bbox 1165 2850 1298 2897; x_wconf 90' lang='lat' dir='ltr'><strong>tom.</strong></span> <span class='ocrx_word' id='word_1_257' title='bbox 1345 2841 1461 2898; x_wconf 81' lang='lat' dir='ltr'><strong>XIII</strong></span> <span class='ocrx_word' id='word_1_258' title='bbox 1513 2845 1841 2903; x_wconf 71' lang='lat' dir='ltr'><strong>Morelliante</strong></span> <span class='ocrx_word' id='word_1_259' title='bbox 1890 2851 2004 2905; x_wconf 87' lang='lat' dir='ltr'><strong>edi-</strong></span> 
     </span>
    </p>
   </div>
   <div class='ocr_carea' id='block_1_37' title="bbox 433 2926 668 2984">
    <p class='ocr_par' dir='ltr' id='par_1_37' title="bbox 433 2926 668 2984">
     <span class='ocr_line' id='line_1_37' title="bbox 433 2926 668 2984; baseline 0.021 -5"><span class='ocrx_word' id='word_1_260' title='bbox 433 2926 620 2980; x_wconf 87' lang='lat' dir='ltr'><strong>tionis.</strong></span> <span class='ocrx_word' id='word_1_261' title='bbox 659 2979 668 2984; x_wconf 79' lang='grc'><strong>,</strong></span> 
     </span>
    </p>
   </div>
   <div class='ocr_carea' id='block_1_38' title="bbox 504 3014 2003 3096">
    <p class='ocr_par' dir='ltr' id='par_1_38' title="bbox 504 3014 2003 3096">
     <span class='ocr_line' id='line_1_38' title="bbox 504 3014 2003 3096; baseline 0.011 -29"><span class='ocrx_word' id='word_1_262' title='bbox 504 3014 562 3068; x_wconf 85' lang='grc' dir='ltr'><strong>1η</strong></span> <span class='ocrx_word' id='word_1_263' title='bbox 610 3015 956 3071; x_wconf 70' lang='lat' dir='ltr'><strong>bibliothecae</strong></span> <span class='ocrx_word' id='word_1_264' title='bbox 1010 3016 1395 3086; x_wconf 83' lang='lat' dir='ltr'><strong>Scoriaeensis</strong></span> <span class='ocrx_word' id='word_1_265' title='bbox 1455 3021 1674 3087; x_wconf 84' lang='lat' dir='ltr'><strong>Indice,</strong></span> <span class='ocrx_word' id='word_1_266' title='bbox 1733 3041 1899 3096; x_wconf 83' lang='lat' dir='ltr'><strong>opera</strong></span> <span class='ocrx_word' id='word_1_267' title='bbox 1950 3040 2003 3084; x_wconf 90' lang='lat' dir='ltr'><strong>et</strong></span> 
     </span>
    </p>
   </div>
   <div class='ocr_carea' id='block_1_39' title="bbox 436 3105 2002 3174">
    <p class='ocr_par' dir='ltr' id='par_1_39' title="bbox 436 3105 2002 3174">
     <span class='ocr_line' id='line_1_39' title="bbox 436 3105 2002 3174; baseline 0.009 -14"><span class='ocrx_word' id='word_1_268' title='bbox 436 3105 624 3161; x_wconf 88' lang='lat' dir='ltr'><strong>studio</strong></span> <span class='ocrx_word' id='word_1_269' title='bbox 665 3107 961 3162; x_wconf 83' lang='lat' dir='ltr'><strong>Alexandri</strong></span> <span class='ocrx_word' id='word_1_270' title='bbox 993 3109 1242 3164; x_wconf 86' lang='lat' dir='ltr'><strong>Baruarii</strong></span> <span class='ocrx_word' id='word_1_271' title='bbox 1276 3111 1424 3166; x_wconf 86' lang='lat' dir='ltr'><strong>facto</strong></span> <span class='ocrx_word' id='word_1_272' title='bbox 1473 3123 1656 3169; x_wconf 75' lang='lat' dir='ltr'><strong>exstat</strong></span> <span class='ocrx_word' id='word_1_273' title='bbox 1710 3116 1912 3172; x_wconf 84' lang='lat' dir='ltr'><strong>Catena</strong></span> <span class='ocrx_word' id='word_1_274' title='bbox 1946 3122 2002 3174; x_wconf 86' lang='lat' dir='ltr'><strong>iu</strong></span> 
     </span>
    </p>
   </div>
   <div class='ocr_carea' id='block_1_40' title="bbox 437 3195 2000 3266">
    <p class='ocr_par' dir='ltr' id='par_1_40' title="bbox 437 3195 2000 3266">
     <span class='ocr_line' id='line_1_40' title="bbox 437 3195 2000 3266; baseline 0.01 -16"><span class='ocrx_word' id='word_1_275' title='bbox 437 3195 663 3250; x_wconf 84' lang='lat' dir='ltr'><strong>Cantica</strong></span> <span class='ocrx_word' id='word_1_276' title='bbox 700 3199 1055 3266; x_wconf 84' lang='lat' dir='ltr'><strong>canticorum,</strong></span> <span class='ocrx_word' id='word_1_277' title='bbox 1087 3209 1136 3254; x_wconf 88' lang='lat' dir='ltr'><strong>et</strong></span> <span class='ocrx_word' id='word_1_278' title='bbox 1174 3201 1228 3254; x_wconf 87' lang='lat' dir='ltr'><strong>in</strong></span> <span class='ocrx_word' id='word_1_279' title='bbox 1265 3217 1382 3257; x_wconf 89' lang='lat' dir='ltr'><strong>eam</strong></span> <span class='ocrx_word' id='word_1_280' title='bbox 1413 3203 1794 3264; x_wconf 83' lang='lat' dir='ltr'><strong>Enarrtuiones</strong></span> <span class='ocrx_word' id='word_1_281' title='bbox 1830 3210 2000 3265; x_wconf 86' lang='lat' dir='ltr'><strong>Theo-</strong></span> 
     </span>
    </p>
   </div>
   <div class='ocr_carea' id='block_1_41' title="bbox 436 3286 1999 3369">
    <p class='ocr_par' dir='ltr' id='par_1_41' title="bbox 436 3286 1999 3369">
     <span class='ocr_line' id='line_1_41' title="bbox 436 3286 1999 3369; baseline 0.013 -32"><span class='ocrx_word' id='word_1_282' title='bbox 436 3286 608 3340; x_wconf 85' lang='lat' dir='ltr'><strong>doreti</strong></span> <span class='ocrx_word' id='word_1_283' title='bbox 652 3291 971 3355; x_wconf 78' lang='lat' dir='ltr'><strong>prcesertim,</strong></span> <span class='ocrx_word' id='word_1_284' title='bbox 1014 3289 1256 3358; x_wconf 82' lang='lat' dir='ltr'><strong>Gregorii</strong></span> <span class='ocrx_word' id='word_1_285' title='bbox 1296 3292 1534 3363; x_wconf 84' lang='lat' dir='ltr'><strong>Nisseni,</strong></span> <span class='ocrx_word' id='word_1_286' title='bbox 1579 3296 1718 3366; x_wconf 85' lang='lat' dir='ltr'><strong>Nili,</strong></span> <span class='ocrx_word' id='word_1_287' title='bbox 1765 3299 1999 3369; x_wconf 78' lang='lat' dir='ltr'><strong>Eusebii,</strong></span> 
     </span>
    </p>
   </div>
   <div class='ocr_carea' id='block_1_42' title="bbox 438 3376 1998 3462">
    <p class='ocr_par' dir='ltr' id='par_1_42' title="bbox 438 3376 1998 3462">
     <span class='ocr_line' id='line_1_42' title="bbox 438 3376 1998 3462; baseline 0.011 -33"><span class='ocrx_word' id='word_1_288' title='bbox 438 3376 691 3443; x_wconf 67' lang='lat' dir='ltr'><strong>Maximi,</strong></span> <span class='ocrx_word' id='word_1_289' title='bbox 733 3390 781 3433; x_wconf 87' lang='lat' dir='ltr'><strong>et</strong></span> <span class='ocrx_word' id='word_1_290' title='bbox 819 3379 982 3435; x_wconf 82' lang='lat' dir='ltr'><strong>Pselli</strong></span> <span class='ocrx_word' id='word_1_291' title='bbox 1015 3383 1250 3442; x_wconf 66' lang='lat' dir='ltr'><strong>versibus</strong></span> <span class='ocrx_word' id='word_1_292' title='bbox 1279 3385 1530 3453; x_wconf 86' lang='lat' dir='ltr'><strong>politicis,</strong></span> <span class='ocrx_word' id='word_1_293' title='bbox 1561 3387 1826 3448; x_wconf 71' lang='lat' dir='ltr'><strong>Labbaeus</strong></span> <span class='ocrx_word' id='word_1_294' title='bbox 1857 3393 1958 3446; x_wconf 83' lang='grc'><strong>177</strong></span> <span class='ocrx_word' id='word_1_295' title='bbox 1984 3412 1998 3462; x_wconf 90' lang='grc'><strong>;</strong></span> 
     </span>
    </p>
   </div>
   <div class='ocr_carea' id='block_1_43' title="bbox 437 3466 923 3539">
    <p class='ocr_par' dir='ltr' id='par_1_43' title="bbox 437 3466 923 3539">
     <span class='ocr_line' id='line_1_43' title="bbox 437 3466 923 3539; baseline 0.016 -21"><span class='ocrx_word' id='word_1_296' title='bbox 437 3466 606 3530; x_wconf 73' lang='lat' dir='ltr'><strong>Idem,</strong></span> <span class='ocrx_word' id='word_1_297' title='bbox 645 3484 768 3539; x_wconf 74' lang='lat' dir='ltr'><strong>pag.</strong></span> <span class='ocrx_word' id='word_1_298' title='bbox 796 3471 923 3526; x_wconf 72' lang='grc'><strong>274.</strong></span> 
     </span>
    </p>
   </div>
   <div class='ocr_carea' id='block_1_44' title="bbox 507 3558 2004 3635">
    <p class='ocr_par' dir='ltr' id='par_1_44' title="bbox 507 3558 2004 3635">
     <span class='ocr_line' id='line_1_44' title="bbox 507 3558 2004 3635; baseline 0.017 -25"><span class='ocrx_word' id='word_1_299' title='bbox 507 3558 968 3622; x_wconf 62' lang='lat' dir='ltr'><strong>Enarrationcsin</strong></span> <span class='ocrx_word' id='word_1_300' title='bbox 987 3565 1209 3622; x_wconf 80' lang='lat' dir='ltr'><strong>Cantica</strong></span> <span class='ocrx_word' id='word_1_301' title='bbox 1229 3572 1563 3632; x_wconf 82' lang='lat' dir='ltr'><strong>canticorum</strong></span> <span class='ocrx_word' id='word_1_302' title='bbox 1587 3573 1705 3629; x_wconf 83' lang='lat' dir='ltr'><strong>Nili</strong></span> <span class='ocrx_word' id='word_1_303' title='bbox 1736 3575 1790 3630; x_wconf 93' lang='lat' dir='ltr'><strong>in</strong></span> <span class='ocrx_word' id='word_1_304' title='bbox 1814 3578 2004 3635; x_wconf 83' lang='lat' dir='ltr'><strong>biblio-</strong></span> 
     </span>
    </p>
   </div>
   <div class='ocr_carea' id='block_1_45' title="bbox 436 3650 2002 3734">
    <p class='ocr_par' dir='ltr' id='par_1_45' title="bbox 436 3650 2002 3734">
     <span class='ocr_line' id='line_1_45' title="bbox 436 3650 2002 3734; baseline 0.017 -34"><span class='ocrx_word' id='word_1_305' title='bbox 436 3650 598 3702; x_wconf 83' lang='lat' dir='ltr'><strong>theca</strong></span> <span class='ocrx_word' id='word_1_306' title='bbox 633 3650 824 3720; x_wconf 84' lang='lat' dir='ltr'><strong>Regia,</strong></span> <span class='ocrx_word' id='word_1_307' title='bbox 857 3655 979 3710; x_wconf 89' lang='lat' dir='ltr'><strong>cod.</strong></span> <span class='ocrx_word' id='word_1_308' title='bbox 1012 3657 1138 3711; x_wconf 79' lang='lat'><strong>278.</strong></span> <span class='ocrx_word' id='word_1_309' title='bbox 1174 3659 1321 3715; x_wconf 86' lang='lat' dir='ltr'><strong>Idem</strong></span> <span class='ocrx_word' id='word_1_310' title='bbox 1362 3678 1486 3734; x_wconf 76' lang='lat' dir='ltr'><strong>pag.</strong></span> <span class='ocrx_word' id='word_1_311' title='bbox 1519 3665 1625 3720; x_wconf 79' lang='grc'><strong>506</strong></span> <span class='ocrx_word' id='word_1_312' title='bbox 1658 3683 1672 3719; x_wconf 93' lang='lat'><strong>:</strong></span> <span class='ocrx_word' id='word_1_313' title='bbox 1705 3666 1823 3722; x_wconf 86' lang='lat' dir='ltr'><strong>Nili</strong></span> <span class='ocrx_word' id='word_1_314' title='bbox 1879 3688 2002 3726; x_wconf 85' lang='lat' dir='ltr'><strong>non-</strong></span> 
     </span>
    </p>
   </div>
   <div class='ocr_carea' id='block_1_46' title="bbox 435 3741 2003 3816">
    <p class='ocr_par' dir='ltr' id='par_1_46' title="bbox 435 3741 2003 3816">
     <span class='ocr_line' id='line_1_46' title="bbox 435 3741 2003 3816; baseline 0.015 -23"><span class='ocrx_word' id='word_1_315' title='bbox 435 3741 592 3796; x_wconf 84' lang='lat' dir='ltr'><strong>nulla</strong></span> <span class='ocrx_word' id='word_1_316' title='bbox 639 3745 893 3811; x_wconf 79' lang='lat' dir='ltr'><strong>opuscula</strong></span> <span class='ocrx_word' id='word_1_317' title='bbox 918 3748 1262 3804; x_wconf 73' lang='lat' dir='ltr'><strong>Encltiridion</strong></span> <span class='ocrx_word' id='word_1_318' title='bbox 1305 3751 1666 3812; x_wconf 80' lang='lat' dir='ltr'><strong>Christianum</strong></span> <span class='ocrx_word' id='word_1_319' title='bbox 1693 3775 1812 3813; x_wconf 87' lang='lat' dir='ltr'><strong>cum</strong></span> <span class='ocrx_word' id='word_1_320' title='bbox 1840 3763 2003 3816; x_wconf 85' lang='lat' dir='ltr'><strong>inter-</strong></span> 
     </span>
    </p>
   </div>
   <div class='ocr_carea' id='block_1_47' title="bbox 433 3835 1427 3911">
    <p class='ocr_par' dir='ltr' id='par_1_47' title="bbox 433 3835 1427 3911">
     <span class='ocr_line' id='line_1_47' title="bbox 433 3835 1427 3911; baseline 0.016 -28"><span class='ocrx_word' id='word_1_321' title='bbox 433 3835 732 3900; x_wconf 83' lang='lat' dir='ltr'><strong>pretatione</strong></span> <span class='ocrx_word' id='word_1_322' title='bbox 761 3837 814 3890; x_wconf 90' lang='lat' dir='ltr'><strong>in</strong></span> <span class='ocrx_word' id='word_1_323' title='bbox 846 3837 1036 3894; x_wconf 86' lang='lat' dir='ltr'><strong>codice</strong></span> <span class='ocrx_word' id='word_1_324' title='bbox 1066 3839 1234 3911; x_wconf 73' lang='lat' dir='ltr'><strong>Regio</strong></span> <span class='ocrx_word' id='word_1_325' title='bbox 1265 3843 1427 3899; x_wconf 71' lang='lat'><strong>2218.</strong></span> 
     </span>
    </p>
   </div>
   <div class='ocr_carea' id='block_1_48' title="bbox 509 3921 2002 4003">
    <p class='ocr_par' dir='ltr' id='par_1_48' title="bbox 509 3921 2002 4003">
     <span class='ocr_line' id='line_1_48' title="bbox 509 3921 2002 4003; baseline 0.017 -28"><span class='ocrx_word' id='word_1_326' title='bbox 509 3921 689 3980; x_wconf 83' lang='lat' dir='ltr'><strong>Josias</strong></span> <span class='ocrx_word' id='word_1_327' title='bbox 725 3925 992 3984; x_wconf 88' lang='lat' dir='ltr'><strong>Simlerus</strong></span> <span class='ocrx_word' id='word_1_328' title='bbox 1032 3931 1084 3985; x_wconf 93' lang='lat' dir='ltr'><strong>in</strong></span> <span class='ocrx_word' id='word_1_329' title='bbox 1121 3932 1369 4003; x_wconf 85' lang='lat' dir='ltr'><strong>Epitome</strong></span> <span class='ocrx_word' id='word_1_330' title='bbox 1407 3936 1747 3996; x_wconf 83' lang='lat' dir='ltr'><strong>Gesneriana</strong></span> <span class='ocrx_word' id='word_1_331' title='bbox 1811 3946 2002 4000; x_wconf 89' lang='lat' dir='ltr'><strong>scribit</strong></span> 
     </span>
    </p>
   </div>
   <div class='ocr_carea' id='block_1_49' title="bbox 439 4011 1999 4098">
    <p class='ocr_par' dir='ltr' id='par_1_49' title="bbox 439 4011 1999 4098">
     <span class='ocr_line' id='line_1_49' title="bbox 439 4011 1999 4098; baseline 0.015 -34"><span class='ocrx_word' id='word_1_332' title='bbox 439 4011 621 4067; x_wconf 80' lang='lat' dir='ltr'><strong>Nilum</strong></span> <span class='ocrx_word' id='word_1_333' title='bbox 689 4019 1011 4088; x_wconf 88' lang='lat' dir='ltr'><strong>episcopum</strong></span> <span class='ocrx_word' id='word_1_334' title='bbox 1065 4022 1735 4098; x_wconf 73' lang='lat' dir='ltr'><strong>Constantinopolitanum</strong></span> <span class='ocrx_word' id='word_1_335' title='bbox 1796 4033 1999 4090; x_wconf 90' lang='lat' dir='ltr'><strong>librum</strong></span> 
     </span>
    </p>
   </div>
   <div class='ocr_carea' id='block_1_50' title="bbox 442 4105 2002 4188">
    <p class='ocr_par' dir='ltr' id='par_1_50' title="bbox 442 4105 2002 4188">
     <span class='ocr_line' id='line_1_50' title="bbox 442 4105 2002 4188; baseline 0.017 -30"><span class='ocrx_word' id='word_1_336' title='bbox 442 4107 732 4176; x_wconf 75' lang='lat' dir='ltr'><strong>scripsisse</strong></span> <span class='ocrx_word' id='word_1_337' title='bbox 795 4111 1062 4166; x_wconf 81' lang='lat' dir='ltr'><strong>Adversus</strong></span> <span class='ocrx_word' id='word_1_338' title='bbox 1114 4105 1314 4170; x_wconf 66' lang='lat' dir='ltr'><strong>Graeca:</strong></span> <span class='ocrx_word' id='word_1_339' title='bbox 1375 4123 1770 4188; x_wconf 81' lang='lat' dir='ltr'><strong>superstitionis</strong></span> <span class='ocrx_word' id='word_1_340' title='bbox 1831 4137 2002 4183; x_wconf 87' lang='lat' dir='ltr'><strong>secta-</strong></span> 
     </span>
    </p>
   </div>
   <div class='ocr_carea' id='block_1_51' title="bbox 450 4206 601 4250">
    <p class='ocr_par' dir='ltr' id='par_1_51' title="bbox 450 4206 601 4250">
     <span class='ocr_line' id='line_1_51' title="bbox 450 4206 601 4250; baseline 0.026 -4"><span class='ocrx_word' id='word_1_341' title='bbox 450 4206 601 4250; x_wconf 65' lang='grc' dir='ltr'>ενγινε.</span> 
     </span>
    </p>
   </div>
   <div class='ocr_carea' id='block_1_52' title="bbox 515 4284 2002 4366">
    <p class='ocr_par' dir='ltr' id='par_1_52' title="bbox 515 4284 2002 4366">
     <span class='ocr_line' id='line_1_52' title="bbox 515 4284 2002 4366; baseline 0.017 -27"><span class='ocrx_word' id='word_1_342' title='bbox 515 4284 886 4362; x_wconf 82' lang='lat' dir='ltr'><strong>Notantnrque</strong></span> <span class='ocrx_word' id='word_1_343' title='bbox 937 4293 1065 4350; x_wconf 87' lang='lat' dir='ltr'><strong>alibi</strong></span> <span class='ocrx_word' id='word_1_344' title='bbox 1111 4295 1396 4354; x_wconf 70' lang='lat' dir='ltr'><strong>Seutentiw</strong></span> <span class='ocrx_word' id='word_1_345' title='bbox 1443 4299 1678 4358; x_wconf 78' lang='lat' dir='ltr'><strong>Morales</strong></span> <span class='ocrx_word' id='word_1_346' title='bbox 1725 4322 1790 4360; x_wconf 81' lang='lat' dir='ltr'><strong>ea:</strong></span> <span class='ocrx_word' id='word_1_347' title='bbox 1821 4307 2002 4366; x_wconf 74' lang='lat' dir='ltr'><strong>Grmco</strong></span> 
     </span>
    </p>
   </div>
   <div class='ocr_carea' id='block_1_53' title="bbox 439 4377 2005 4471">
    <p class='ocr_par' dir='ltr' id='par_1_53' title="bbox 439 4377 2005 4471">
     <span class='ocr_line' id='line_1_53' title="bbox 439 4377 2005 4471; baseline 0.018 -42"><span class='ocrx_word' id='word_1_348' title='bbox 439 4379 494 4471; x_wconf 76' lang='lat' dir='ltr'><strong>in</strong></span> <span class='ocrx_word' id='word_1_349' title='bbox 516 4377 772 4436; x_wconf 86' lang='lat' dir='ltr'><strong>Latinum</strong></span> <span class='ocrx_word' id='word_1_350' title='bbox 804 4400 968 4438; x_wconf 66' lang='lat' dir='ltr'><strong>versae</strong></span> <span class='ocrx_word' id='word_1_351' title='bbox 998 4402 1032 4438; x_wconf 90' lang='lat' dir='ltr'><strong>a</strong></span> <span class='ocrx_word' id='word_1_352' title='bbox 1069 4385 1339 4444; x_wconf 82' lang='lat' dir='ltr'><strong>Bilibaldo</strong></span> <span class='ocrx_word' id='word_1_353' title='bbox 1379 4389 1758 4462; x_wconf 77' lang='lat' dir='ltr'><strong>Pircheimero,</strong></span> <span class='ocrx_word' id='word_1_354' title='bbox 1795 4399 2005 4471; x_wconf 80' lang='lat' dir='ltr'><strong>Argen-</strong></span> 
     </span>
    </p>
   </div>
   <div class='ocr_carea' id='block_1_54' title="bbox 437 4468 782 4535">
    <p class='ocr_par' dir='ltr' id='par_1_54' title="bbox 437 4468 782 4535">
     <span class='ocr_line' id='line_1_54' title="bbox 437 4468 782 4535; baseline 0.017 -15"><span class='ocrx_word' id='word_1_355' title='bbox 437 4468 588 4535; x_wconf 70' lang='lat' dir='ltr'><strong>tinte,</strong></span> <span class='ocrx_word' id='word_1_356' title='bbox 622 4472 782 4526; x_wconf 69' lang='lat' dir='ltr'><strong>I416.</strong></span> 
     </span>
    </p>
   </div>
   <div class='ocr_carea' id='block_1_55' title="bbox 508 4558 2004 4646">
    <p class='ocr_par' dir='ltr' id='par_1_55' title="bbox 508 4558 2004 4646">
     <span class='ocr_line' id='line_1_55' title="bbox 508 4558 2004 4646; baseline 0.017 -35"><span class='ocrx_word' id='word_1_357' title='bbox 508 4558 576 4612; x_wconf 88' lang='lat' dir='ltr'><strong>Et</strong></span> <span class='ocrx_word' id='word_1_358' title='bbox 605 4562 826 4620; x_wconf 83' lang='lat' dir='ltr'><strong>tandem</strong></span> <span class='ocrx_word' id='word_1_359' title='bbox 857 4564 1146 4633; x_wconf 68' lang='lat' dir='ltr'><strong>Labbaaus,</strong></span> <span class='ocrx_word' id='word_1_360' title='bbox 1176 4585 1298 4639; x_wconf 76' lang='lat' dir='ltr'><strong>pag.</strong></span> <span class='ocrx_word' id='word_1_361' title='bbox 1334 4571 1460 4636; x_wconf 77' lang='lat'><strong>382,</strong></span> <span class='ocrx_word' id='word_1_362' title='bbox 1499 4574 1591 4629; x_wconf 92' lang='lat' dir='ltr'><strong>ubi</strong></span> <span class='ocrx_word' id='word_1_363' title='bbox 1625 4578 1737 4646; x_wconf 80' lang='lat' dir='ltr'><strong>agit</strong></span> <span class='ocrx_word' id='word_1_364' title='bbox 1766 4579 1832 4634; x_wconf 87' lang='lat' dir='ltr'><strong>de</strong></span> <span class='ocrx_word' id='word_1_365' title='bbox 1874 4585 2004 4636; x_wconf 83' lang='lat' dir='ltr'><strong>scri-</strong></span> 
     </span>
    </p>
   </div>
   <div class='ocr_carea' id='block_1_56' title="bbox 435 4647 2003 4731">
    <p class='ocr_par' dir='ltr' id='par_1_56' title="bbox 435 4647 2003 4731">
     <span class='ocr_line' id='line_1_56' title="bbox 435 4647 2003 4731; baseline 0.017 -31"><span class='ocrx_word' id='word_1_366' title='bbox 435 4649 548 4716; x_wconf 87' lang='lat' dir='ltr'><strong>ptis</strong></span> <span class='ocrx_word' id='word_1_367' title='bbox 588 4647 798 4706; x_wconf 87' lang='lat' dir='ltr'><strong>Nicolai</strong></span> <span class='ocrx_word' id='word_1_368' title='bbox 831 4654 1129 4724; x_wconf 67' lang='lat' dir='ltr'><strong>Cabasilar,</strong></span> <span class='ocrx_word' id='word_1_369' title='bbox 1167 4659 1272 4713; x_wconf 85' lang='lat' dir='ltr'><strong>Nili</strong></span> <span class='ocrx_word' id='word_1_370' title='bbox 1308 4677 1371 4715; x_wconf 80' lang='lat' dir='ltr'><strong>ex</strong></span> <span class='ocrx_word' id='word_1_371' title='bbox 1425 4665 1683 4731; x_wconf 63' lang='lat' dir='ltr'><strong>praefecto</strong></span> <span class='ocrx_word' id='word_1_372' title='bbox 1740 4669 2003 4727; x_wconf 82' lang='lat' dir='ltr'><strong>Constan-</strong></span> 
     </span>
    </p>
   </div>
   <div class='ocr_carea' id='block_1_57' title="bbox 438 4737 1998 4825">
    <p class='ocr_par' dir='ltr' id='par_1_57' title="bbox 438 4737 1998 4825">
     <span class='ocr_line' id='line_1_57' title="bbox 438 4737 1998 4825; baseline 0.02 -36"><span class='ocrx_word' id='word_1_373' title='bbox 438 4737 806 4806; x_wconf 88' lang='lat' dir='ltr'><strong>tinopolitano</strong></span> <span class='ocrx_word' id='word_1_374' title='bbox 867 4749 1138 4802; x_wconf 85' lang='lat' dir='ltr'><strong>monacho</strong></span> <span class='ocrx_word' id='word_1_375' title='bbox 1200 4749 1545 4807; x_wconf 82' lang='lat' dir='ltr'><strong>Enchiridion</strong></span> <span class='ocrx_word' id='word_1_376' title='bbox 1601 4761 1998 4825; x_wconf 78' lang='lat' dir='ltr'><strong>ptenitentiale.</strong></span> 
     </span>
    </p>
   </div>
   <div class='ocr_carea' id='block_1_58' title="bbox 437 4827 1997 4924">
    <p class='ocr_par' dir='ltr' id='par_1_58' title="bbox 437 4827 1997 4924">
     <span class='ocr_line' id='line_1_58' title="bbox 437 4827 1997 4924; baseline 0.02 -45"><span class='ocrx_word' id='word_1_377' title='bbox 437 4827 632 4897; x_wconf 82' lang='lat' dir='ltr'><strong>Incipit</strong></span> <span class='ocrx_word' id='word_1_378' title='bbox 687 4849 702 4885; x_wconf 92' lang='lat'><strong>:</strong></span> <span class='ocrx_word' id='word_1_379' title='bbox 765 4834 823 4886; x_wconf 81' lang='grc' dir='ltr'>Ὀ</span> <span class='ocrx_word' id='word_1_380' title='bbox 889 4837 1154 4902; x_wconf 80' lang='grc' dir='ltr'>ἑκουσίως</span> <span class='ocrx_word' id='word_1_381' title='bbox 1213 4843 1479 4910; x_wconf 82' lang='grc' dir='ltr'>φονεύσας</span> <span class='ocrx_word' id='word_1_382' title='bbox 1533 4847 1643 4917; x_wconf 81' lang='grc' dir='ltr'>ἔχει</span> <span class='ocrx_word' id='word_1_383' title='bbox 1703 4852 1997 4924; x_wconf 79' lang='grc' dir='ltr'>ἐπιτίμιον.</span> 
     </span>
    </p>
   </div>
   <div class='ocr_carea' id='block_1_59' title="bbox 439 4918 2001 5016">
    <p class='ocr_par' dir='ltr' id='par_1_59' title="bbox 439 4918 2001 5016">
     <span class='ocr_line' id='line_1_59' title="bbox 439 4918 2001 5016; baseline 0.02 -45"><span class='ocrx_word' id='word_1_384' title='bbox 439 4918 649 4974; x_wconf 85' lang='lat' dir='ltr'><strong>Desinit</strong></span> <span class='ocrx_word' id='word_1_385' title='bbox 681 4940 694 4975; x_wconf 93' lang='lat'>:</span> <span class='ocrx_word' id='word_1_386' title='bbox 737 4924 1133 4996; x_wconf 85' lang='grc' dir='ltr'>Περιπίπτουσι</span> <span class='ocrx_word' id='word_1_387' title='bbox 1160 4931 1624 5006; x_wconf 85' lang='grc' dir='ltr'>πλημμελήματα.</span> <span class='ocrx_word' id='word_1_388' title='bbox 1653 4918 2001 5016; x_wconf 53' lang='grc' dir='ltr'>Ιιονοίορίιιηι</span> 
     </span>
    </p>
   </div>
   <div class='ocr_carea' id='block_1_60' title="bbox 441 5015 2004 5105">
    <p class='ocr_par' dir='ltr' id='par_1_60' title="bbox 441 5015 2004 5105">
     <span class='ocr_line' id='line_1_60' title="bbox 441 5015 2004 5105; baseline 0.02 -45"><span class='ocrx_word' id='word_1_389' title='bbox 441 5015 812 5068; x_wconf 78' lang='lat' dir='ltr'><strong>monasticam.</strong></span> <span class='ocrx_word' id='word_1_390' title='bbox 842 5019 1035 5090; x_wconf 89' lang='lat' dir='ltr'><strong>Incipit</strong></span> <span class='ocrx_word' id='word_1_391' title='bbox 1065 5041 1076 5075; x_wconf 94' lang='lat'>:</span> <span class='ocrx_word' id='word_1_392' title='bbox 1121 5023 1290 5076; x_wconf 81' lang='grc' dir='ltr'>Ἐπάν</span> <span class='ocrx_word' id='word_1_393' title='bbox 1317 5027 1566 5090; x_wconf 84' lang='grc' dir='ltr'>παιδείας</span> <span class='ocrx_word' id='word_1_394' title='bbox 1593 5031 1642 5082; x_wconf 79' lang='lat' dir='ltr'><strong>oi</strong></span> <span class='ocrx_word' id='word_1_395' title='bbox 1679 5033 1824 5102; x_wconf 76' lang='grc' dir='ltr'>ἅγιοι</span> <span class='ocrx_word' id='word_1_396' title='bbox 1852 5015 2004 5105; x_wconf 75' lang='grc' dir='ltr'>γεγόι</span> 
     </span>
    </p>
   </div>
   <div class='ocr_carea' id='block_1_61' title="bbox 439 5105 2002 5188">
    <p class='ocr_par' dir='ltr' id='par_1_61' title="bbox 439 5105 2002 5188">
     <span class='ocr_line' id='line_1_61' title="bbox 439 5105 2002 5188; baseline 0.019 -34"><span class='ocrx_word' id='word_1_397' title='bbox 439 5121 584 5158; x_wconf 83' lang='grc' dir='ltr'>νασι.</span> <span class='ocrx_word' id='word_1_398' title='bbox 621 5105 835 5161; x_wconf 89' lang='lat' dir='ltr'><strong>Desinit</strong></span> <span class='ocrx_word' id='word_1_399' title='bbox 865 5125 879 5161; x_wconf 91' lang='lat'><strong>:</strong></span> <span class='ocrx_word' id='word_1_400' title='bbox 925 5111 1086 5164; x_wconf 84' lang='grc' dir='ltr'>Ἀλλά</span> <span class='ocrx_word' id='word_1_401' title='bbox 1126 5117 1218 5168; x_wconf 72' lang='grc' dir='ltr'><strong>καὶ</strong></span> <span class='ocrx_word' id='word_1_402' title='bbox 1249 5105 1368 5169; x_wconf 72' lang='grc' dir='ltr'>λίαν</span> <span class='ocrx_word' id='word_1_403' title='bbox 1405 5119 1764 5188; x_wconf 87' lang='grc' dir='ltr'>ἐνοχλεῖσθαι.</span> <span class='ocrx_word' id='word_1_404' title='bbox 1800 5125 2002 5183; x_wconf 76' lang='lat' dir='ltr'><strong>Instru-</strong></span> 
     </span>
    </p>
   </div>
   <div class='ocr_carea' id='block_1_62' title="bbox 436 5193 1998 5292">
    <p class='ocr_par' dir='ltr' id='par_1_62' title="bbox 436 5193 1998 5292">
     <span class='ocr_line' id='line_1_62' title="bbox 436 5193 1998 5292; baseline 0.02 -49"><span class='ocrx_word' id='word_1_405' title='bbox 580 5199 878 5253; x_wconf 86' lang='lat' dir='ltr'><strong>monastica</strong></span> <span class='ocrx_word' id='word_1_406' title='bbox 905 5200 1008 5256; x_wconf 86' lang='lat' dir='ltr'><strong>hoc</strong></span> <span class='ocrx_word' id='word_1_407' title='bbox 1046 5205 1318 5276; x_wconf 90' lang='lat' dir='ltr'><strong>principio</strong></span> <span class='ocrx_word' id='word_1_408' title='bbox 1345 5218 1536 5263; x_wconf 78' lang='lat' dir='ltr'><strong>exorta</strong></span> <span class='ocrx_word' id='word_1_409' title='bbox 1573 5228 1586 5264; x_wconf 91' lang='lat'>:</span> <span class='ocrx_word' id='word_1_410' title='bbox 1624 5215 1734 5268; x_wconf 83' lang='grc' dir='ltr'><strong>Ποῦ</strong></span> <span class='ocrx_word' id='word_1_411' title='bbox 1767 5221 1893 5282; x_wconf 82' lang='grc' dir='ltr'>τοὺς</span> <span class='ocrx_word' id='word_1_412' title='bbox 1925 5223 1998 5292; x_wconf 81' lang='grc' dir='ltr'><strong>μὴ</strong></span> 
     </span>
    </p>
   </div>
   <div class='ocr_carea' id='block_1_63' title="bbox 435 5285 2000 5377">
    <p class='ocr_par' dir='ltr' id='par_1_63' title="bbox 435 5285 2000 5377">
     <span class='ocr_line' id='line_1_63' title="bbox 435 5285 2000 5377; baseline 0.019 -41"><span class='ocrx_word' id='word_1_413' title='bbox 435 5285 666 5350; x_wconf 73' lang='grc' dir='ltr'>εἰδότας.</span> <span class='ocrx_word' id='word_1_414' title='bbox 703 5288 954 5345; x_wconf 83' lang='lat' dir='ltr'><strong>Desinit:</strong></span> <span class='ocrx_word' id='word_1_415' title='bbox 989 5293 1106 5347; x_wconf 82' lang='grc' dir='ltr'><strong>Κᾶν</strong></span> <span class='ocrx_word' id='word_1_416' title='bbox 1148 5294 1337 5364; x_wconf 81' lang='grc' dir='ltr'>ὕμνοις</span> <span class='ocrx_word' id='word_1_417' title='bbox 1375 5300 1468 5353; x_wconf 81' lang='grc' dir='ltr'><strong>καὶ</strong></span> <span class='ocrx_word' id='word_1_418' title='bbox 1507 5302 1690 5368; x_wconf 78' lang='grc' dir='ltr'>αὐτοῖς</span> <span class='ocrx_word' id='word_1_419' title='bbox 1715 5285 2000 5377; x_wconf 78' lang='grc' dir='ltr'>ἀναγκαῖοί</span> 
     </span>
    </p>
   </div>
   <div class='ocr_carea' id='block_1_64' title="bbox 434 5381 1998 5472">
    <p class='ocr_par' dir='ltr' id='par_1_64' title="bbox 434 5381 1998 5472">
     <span class='ocr_line' id='line_1_64' title="bbox 434 5381 1998 5472; baseline 0.019 -40"><span class='ocrx_word' id='word_1_420' title='bbox 434 5384 563 5436; x_wconf 82' lang='grc' dir='ltr'>εἰσι.</span> <span class='ocrx_word' id='word_1_421' title='bbox 595 5381 657 5436; x_wconf 88' lang='grc' dir='ltr'>Ει</span> <span class='ocrx_word' id='word_1_422' title='bbox 689 5399 812 5454; x_wconf 77' lang='lat' dir='ltr'><strong>pag.</strong></span> <span class='ocrx_word' id='word_1_423' title='bbox 852 5386 973 5452; x_wconf 88' lang='lat' dir='ltr'><strong>IOI,</strong></span> <span class='ocrx_word' id='word_1_424' title='bbox 1007 5405 1128 5454; x_wconf 85' lang='lat' dir='ltr'><strong>cap.</strong></span> <span class='ocrx_word' id='word_1_425' title='bbox 1171 5392 1238 5446; x_wconf 80' lang='grc'><strong>55</strong></span> <span class='ocrx_word' id='word_1_426' title='bbox 1265 5434 1278 5461; x_wconf 88' lang='grc'><em>,</em></span> <span class='ocrx_word' id='word_1_427' title='bbox 1342 5395 1397 5449; x_wconf 92' lang='lat' dir='ltr'><strong>in</strong></span> <span class='ocrx_word' id='word_1_428' title='bbox 1446 5397 1568 5451; x_wconf 91' lang='lat' dir='ltr'><strong>cod.</strong></span> <span class='ocrx_word' id='word_1_429' title='bbox 1622 5397 1790 5472; x_wconf 78' lang='lat' dir='ltr'><strong>Regio</strong></span> <span class='ocrx_word' id='word_1_430' title='bbox 1841 5405 1998 5463; x_wconf 83' lang='lat' dir='ltr'><strong>I788.</strong></span> 
     </span>
    </p>
   </div>
   <div class='ocr_carea' id='block_1_65' title="bbox 435 5472 1214 5550">
    <p class='ocr_par' dir='ltr' id='par_1_65' title="bbox 435 5472 1214 5550">
     <span class='ocr_line' id='line_1_65' title="bbox 435 5472 1214 5550; baseline 0.018 -25"><span class='ocrx_word' id='word_1_431' title='bbox 435 5472 534 5528; x_wconf 78' lang='lat' dir='ltr'><strong>Est</strong></span> <span class='ocrx_word' id='word_1_432' title='bbox 566 5474 713 5528; x_wconf 87' lang='lat' dir='ltr'><strong>edita</strong></span> <span class='ocrx_word' id='word_1_433' title='bbox 752 5479 895 5531; x_wconf 88' lang='lat' dir='ltr'><strong>inter</strong></span> <span class='ocrx_word' id='word_1_434' title='bbox 922 5478 1214 5550; x_wconf 85' lang='lat' dir='ltr'><strong>Epistolas.</strong></span> 
     </span>
    </p>
   </div>
   <div class='ocr_carea' id='block_1_66' title="bbox 505 5563 1993 5652">
    <p class='ocr_par' dir='ltr' id='par_1_66' title="bbox 505 5563 1993 5652">
     <span class='ocr_line' id='line_1_66' title="bbox 505 5563 1993 5652; baseline 0.015 -35"><span class='ocrx_word' id='word_1_435' title='bbox 505 5563 615 5620; x_wconf 88' lang='lat' dir='ltr'><strong>Sed</strong></span> <span class='ocrx_word' id='word_1_436' title='bbox 652 5567 813 5631; x_wconf 78' lang='lat' dir='ltr'><strong>longe</strong></span> <span class='ocrx_word' id='word_1_437' title='bbox 854 5570 1122 5634; x_wconf 69' lang='lat' dir='ltr'><strong>longeque</strong></span> <span class='ocrx_word' id='word_1_438' title='bbox 1163 5577 1419 5640; x_wconf 80' lang='lat' dir='ltr'><strong>plurima,</strong></span> <span class='ocrx_word' id='word_1_439' title='bbox 1451 5586 1503 5634; x_wconf 89' lang='lat' dir='ltr'><strong>et</strong></span> <span class='ocrx_word' id='word_1_440' title='bbox 1527 5585 1802 5652; x_wconf 86' lang='lat' dir='ltr'><strong>pernmlto</strong></span> <span class='ocrx_word' id='word_1_441' title='bbox 1835 5589 1993 5642; x_wconf 78' lang='lat' dir='ltr'><strong>etiam</strong></span> 
     </span>
    </p>
   </div>
   <div class='ocr_carea' id='block_1_67' title="bbox 2121 943 3682 1016">
    <p class='ocr_par' dir='ltr' id='par_1_67' title="bbox 2121 943 3682 1016">
     <span class='ocr_line' id='line_1_67' title="bbox 2121 943 3682 1016; baseline 0.001 -21"><span class='ocrx_word' id='word_1_442' title='bbox 2121 943 2383 1011; x_wconf 78' lang='lat' dir='ltr'><strong>generali,</strong></span> <span class='ocrx_word' id='word_1_443' title='bbox 2433 951 2537 997; x_wconf 84' lang='lat' dir='ltr'><strong>act.</strong></span> <span class='ocrx_word' id='word_1_444' title='bbox 2571 944 2624 1008; x_wconf 72' lang='grc'><strong>4,</strong></span> <span class='ocrx_word' id='word_1_445' title='bbox 2658 947 2732 997; x_wconf 93' lang='lat' dir='ltr'><strong>uti</strong></span> <span class='ocrx_word' id='word_1_446' title='bbox 2764 944 2870 998; x_wconf 86' lang='lat' dir='ltr'><strong>Nili</strong></span> <span class='ocrx_word' id='word_1_447' title='bbox 2901 959 3195 1012; x_wconf 76' lang='lat' dir='ltr'><strong>germanus</strong></span> <span class='ocrx_word' id='word_1_448' title='bbox 3243 953 3432 1014; x_wconf 85' lang='lat' dir='ltr'><strong>partus</strong></span> <span class='ocrx_word' id='word_1_449' title='bbox 3478 948 3682 1016; x_wconf 79' lang='lat' dir='ltr'><strong>scriptu</strong></span> 
     </span>
    </p>
   </div>
   <div class='ocr_carea' id='block_1_68' title="bbox 2116 1033 3678 1104">
    <p class='ocr_par' dir='ltr' id='par_1_68' title="bbox 2116 1033 3678 1104">
     <span class='ocr_line' id='line_1_68' title="bbox 2116 1033 3678 1104; baseline 0.002 -16"><span class='ocrx_word' id='word_1_450' title='bbox 2116 1033 2345 1090; x_wconf 66' lang='lat' dir='ltr'><strong>redditae</strong></span> <span class='ocrx_word' id='word_1_451' title='bbox 2377 1043 2543 1098; x_wconf 89' lang='lat' dir='ltr'><strong>sunt,</strong></span> <span class='ocrx_word' id='word_1_452' title='bbox 2599 1035 2665 1088; x_wconf 89' lang='lat' dir='ltr'><strong>ad</strong></span> <span class='ocrx_word' id='word_1_453' title='bbox 2710 1050 2900 1088; x_wconf 87' lang='lat' dir='ltr'><strong>eorum</strong></span> <span class='ocrx_word' id='word_1_454' title='bbox 2951 1050 3194 1088; x_wconf 81' lang='lat' dir='ltr'><strong>errorem</strong></span> <span class='ocrx_word' id='word_1_455' title='bbox 3249 1037 3678 1104; x_wconf 85' lang='lat' dir='ltr'><strong>reprimendum,</strong></span> 
     </span>
    </p>
   </div>
   <div class='ocr_carea' id='block_1_69' title="bbox 2115 1125 3678 1197">
    <p class='ocr_par' dir='ltr' id='par_1_69' title="bbox 2115 1125 3678 1197">
     <span class='ocr_line' id='line_1_69' title="bbox 2115 1125 3678 1197; baseline 0.001 -17"><span class='ocrx_word' id='word_1_456' title='bbox 2115 1126 2214 1196; x_wconf 86' lang='lat' dir='ltr'><strong>qui</strong></span> <span class='ocrx_word' id='word_1_457' title='bbox 2256 1126 2578 1180; x_wconf 84' lang='lat' dir='ltr'><strong>asserebant</strong></span> <span class='ocrx_word' id='word_1_458' title='bbox 2608 1125 2787 1179; x_wconf 82' lang='lat' dir='ltr'><strong>Nilum</strong></span> <span class='ocrx_word' id='word_1_459' title='bbox 2819 1135 3013 1180; x_wconf 87' lang='lat' dir='ltr'><strong>contra</strong></span> <span class='ocrx_word' id='word_1_460' title='bbox 3063 1127 3326 1196; x_wconf 85' lang='lat' dir='ltr'><strong>imagines</strong></span> <span class='ocrx_word' id='word_1_461' title='bbox 3371 1127 3678 1197; x_wconf 79' lang='lat' dir='ltr'><strong>scripsiSSe.</strong></span> 
     </span>
    </p>
   </div>
   <div class='ocr_carea' id='block_1_70' title="bbox 2112 1216 3680 1287">
    <p class='ocr_par' dir='ltr' id='par_1_70' title="bbox 2112 1216 3680 1287">
     <span class='ocr_line' id='line_1_70' title="bbox 2112 1216 3680 1287; baseline 0.002 -16"><span class='ocrx_word' id='word_1_462' title='bbox 2112 1218 2184 1271; x_wconf 87' lang='lat' dir='ltr'><strong>Et</strong></span> <span class='ocrx_word' id='word_1_463' title='bbox 2217 1226 2542 1284; x_wconf 88' lang='lat' dir='ltr'><strong>postremam</strong></span> <span class='ocrx_word' id='word_1_464' title='bbox 2584 1218 2649 1271; x_wconf 88' lang='lat' dir='ltr'><strong>ad</strong></span> <span class='ocrx_word' id='word_1_465' title='bbox 2697 1216 3148 1287; x_wconf 83' lang='lat' dir='ltr'><strong>Olympiodorum</strong></span> <span class='ocrx_word' id='word_1_466' title='bbox 3177 1258 3190 1281; x_wconf 88' lang='lat'><strong>,</strong></span> <span class='ocrx_word' id='word_1_467' title='bbox 3229 1219 3296 1272; x_wconf 89' lang='lat' dir='ltr'><strong>ab</strong></span> <span class='ocrx_word' id='word_1_468' title='bbox 3345 1218 3553 1274; x_wconf 86' lang='lat' dir='ltr'><strong>eisdem</strong></span> <span class='ocrx_word' id='word_1_469' title='bbox 3592 1221 3680 1274; x_wconf 80' lang='lat' dir='ltr'><strong>de</strong></span> 
     </span>
    </p>
   </div>
   <div class='ocr_carea' id='block_1_71' title="bbox 2113 1307 3683 1379">
    <p class='ocr_par' dir='ltr' id='par_1_71' title="bbox 2113 1307 3683 1379">
     <span class='ocr_line' id='line_1_71' title="bbox 2113 1307 3683 1379; baseline 0.001 -20"><span class='ocrx_word' id='word_1_470' title='bbox 2113 1314 2404 1377; x_wconf 87' lang='lat' dir='ltr'><strong>pravatum</strong></span> <span class='ocrx_word' id='word_1_471' title='bbox 2463 1307 2635 1362; x_wconf 75' lang='lat' dir='ltr'><strong>fuisse</strong></span> <span class='ocrx_word' id='word_1_472' title='bbox 2683 1307 3099 1361; x_wconf 88' lang='lat' dir='ltr'><strong>corroboratur.</strong></span> <span class='ocrx_word' id='word_1_473' title='bbox 3149 1307 3257 1378; x_wconf 91' lang='lat' dir='ltr'><strong>Ipsi</strong></span> <span class='ocrx_word' id='word_1_474' title='bbox 3305 1309 3450 1363; x_wconf 90' lang='lat' dir='ltr'><strong>enim</strong></span> <span class='ocrx_word' id='word_1_475' title='bbox 3486 1325 3586 1379; x_wconf 87' lang='lat' dir='ltr'><strong>pro</strong></span> <span class='ocrx_word' id='word_1_476' title='bbox 3617 1327 3683 1364; x_wconf 74' lang='lat' dir='ltr'><strong>eo</strong></span> 
     </span>
    </p>
   </div>
   <div class='ocr_carea' id='block_1_72' title="bbox 2111 1387 3682 1471">
    <p class='ocr_par' dir='ltr' id='par_1_72' title="bbox 2111 1387 3682 1471">
     <span class='ocr_line' id='line_1_72' title="bbox 2111 1387 3682 1471; baseline 0.001 -20"><span class='ocrx_word' id='word_1_477' title='bbox 2111 1397 2262 1468; x_wconf 73' lang='lat' dir='ltr'><strong>quod</strong></span> <span class='ocrx_word' id='word_1_478' title='bbox 2303 1398 2439 1451; x_wconf 81' lang='lat' dir='ltr'><strong>dixit</strong></span> <span class='ocrx_word' id='word_1_479' title='bbox 2466 1397 2622 1452; x_wconf 89' lang='lat' dir='ltr'><strong>Nilus</strong></span> <span class='ocrx_word' id='word_1_480' title='bbox 2652 1415 2665 1450; x_wconf 89' lang='lat'>:</span> <span class='ocrx_word' id='word_1_481' title='bbox 2702 1398 2844 1452; x_wconf 81' lang='lat' dir='ltr'><strong>Hinc</strong></span> <span class='ocrx_word' id='word_1_482' title='bbox 2893 1409 2940 1453; x_wconf 87' lang='lat' dir='ltr'><strong>et</strong></span> <span class='ocrx_word' id='word_1_483' title='bbox 2993 1399 3115 1452; x_wconf 88' lang='lat' dir='ltr'><strong>inde</strong></span> <span class='ocrx_word' id='word_1_484' title='bbox 3147 1402 3320 1469; x_wconf 81' lang='lat' dir='ltr'><strong>pinge,</strong></span> <span class='ocrx_word' id='word_1_485' title='bbox 3364 1387 3565 1454; x_wconf 77' lang='lat' dir='ltr'><strong>Dealba</strong></span> <span class='ocrx_word' id='word_1_486' title='bbox 3594 1417 3682 1471; x_wconf 88' lang='lat' dir='ltr'><strong>po-</strong></span> 
     </span>
    </p>
   </div>
   <div class='ocr_carea' id='block_1_73' title="bbox 2112 1487 3677 1546">
    <p class='ocr_par' dir='ltr' id='par_1_73' title="bbox 2112 1487 3677 1546">
     <span class='ocr_line' id='line_1_73' title="bbox 2112 1487 3677 1546; baseline -0.001 -3"><span class='ocrx_word' id='word_1_487' title='bbox 2112 1497 2364 1543; x_wconf 83' lang='lat' dir='ltr'><strong>suerunt.</strong></span> <span class='ocrx_word' id='word_1_488' title='bbox 2401 1487 2465 1541; x_wconf 90' lang='lat' dir='ltr'><strong>Et</strong></span> <span class='ocrx_word' id='word_1_489' title='bbox 2490 1505 2556 1544; x_wconf 80' lang='lat' dir='ltr'><strong>ex</strong></span> <span class='ocrx_word' id='word_1_490' title='bbox 2586 1489 2802 1544; x_wconf 88' lang='lat' dir='ltr'><strong>duabus</strong></span> <span class='ocrx_word' id='word_1_491' title='bbox 2825 1491 3194 1544; x_wconf 72' lang='lat' dir='ltr'><strong>cmavineitnr.</strong></span> <span class='ocrx_word' id='word_1_492' title='bbox 3232 1490 3368 1545; x_wconf 77' lang='lat' dir='ltr'><strong>Ecce</strong></span> <span class='ocrx_word' id='word_1_493' title='bbox 3399 1503 3677 1546; x_wconf 80' lang='lat' dir='ltr'><strong>ostensum</strong></span> 
     </span>
    </p>
   </div>
   <div class='ocr_carea' id='block_1_74' title="bbox 2111 1579 3680 1652">
    <p class='ocr_par' dir='ltr' id='par_1_74' title="bbox 2111 1579 3680 1652">
     <span class='ocr_line' id='line_1_74' title="bbox 2111 1579 3680 1652; baseline 0.001 -18"><span class='ocrx_word' id='word_1_494' title='bbox 2111 1587 2195 1634; x_wconf 77' lang='lat' dir='ltr'><strong>est</strong></span> <span class='ocrx_word' id='word_1_495' title='bbox 2256 1579 2498 1648; x_wconf 90' lang='lat' dir='ltr'><strong>liquido,</strong></span> <span class='ocrx_word' id='word_1_496' title='bbox 2538 1581 2666 1649; x_wconf 87' lang='lat' dir='ltr'><strong>quia</strong></span> <span class='ocrx_word' id='word_1_497' title='bbox 2700 1582 2817 1650; x_wconf 88' lang='lat' dir='ltr'><strong>ipse</strong></span> <span class='ocrx_word' id='word_1_498' title='bbox 2857 1591 3084 1635; x_wconf 83' lang='lat' dir='ltr'><strong>sanctus</strong></span> <span class='ocrx_word' id='word_1_499' title='bbox 3109 1623 3124 1643; x_wconf 91' lang='lat'><strong>,</strong></span> <span class='ocrx_word' id='word_1_500' title='bbox 3159 1592 3214 1634; x_wconf 86' lang='lat' dir='ltr'><strong>et</strong></span> <span class='ocrx_word' id='word_1_501' title='bbox 3249 1583 3499 1652; x_wconf 76' lang='lat' dir='ltr'><strong>egregius</strong></span> <span class='ocrx_word' id='word_1_502' title='bbox 3527 1591 3680 1652; x_wconf 80' lang='lat' dir='ltr'><strong>pater</strong></span> 
     </span>
    </p>
   </div>
   <div class='ocr_carea' id='block_1_75' title="bbox 2111 1673 3678 1744">
    <p class='ocr_par' dir='ltr' id='par_1_75' title="bbox 2111 1673 3678 1744">
     <span class='ocr_line' id='line_1_75' title="bbox 2111 1673 3678 1744; baseline -0.002 -17"><span class='ocrx_word' id='word_1_503' title='bbox 2111 1673 2272 1728; x_wconf 83' lang='lat' dir='ltr'><strong>Nilus</strong></span> <span class='ocrx_word' id='word_1_504' title='bbox 2325 1681 2550 1728; x_wconf 87' lang='lat' dir='ltr'><strong>sanctas</strong></span> <span class='ocrx_word' id='word_1_505' title='bbox 2607 1674 2797 1728; x_wconf 90' lang='lat' dir='ltr'><strong>iconcs</strong></span> <span class='ocrx_word' id='word_1_506' title='bbox 2855 1674 3189 1744; x_wconf 89' lang='lat' dir='ltr'><strong>suscipiebat</strong></span> <span class='ocrx_word' id='word_1_507' title='bbox 3224 1691 3242 1726; x_wconf 87' lang='lat'><strong><em>:</em></strong></span> <span class='ocrx_word' id='word_1_508' title='bbox 3273 1681 3562 1728; x_wconf 85' lang='lat' dir='ltr'><strong>accusatus</strong></span> <span class='ocrx_word' id='word_1_509' title='bbox 3595 1684 3678 1727; x_wconf 79' lang='lat' dir='ltr'><strong>est</strong></span> 
     </span>
    </p>
   </div>
   <div class='ocr_carea' id='block_1_76' title="bbox 2113 1763 3677 1834">
    <p class='ocr_par' dir='ltr' id='par_1_76' title="bbox 2113 1763 3677 1834">
     <span class='ocr_line' id='line_1_76' title="bbox 2113 1763 3677 1834; baseline 0.003 -20"><span class='ocrx_word' id='word_1_510' title='bbox 2113 1773 2296 1818; x_wconf 86' lang='lat' dir='ltr'><strong>autem</strong></span> <span class='ocrx_word' id='word_1_511' title='bbox 2343 1779 2372 1815; x_wconf 86' lang='lat' dir='ltr'><strong>a</strong></span> <span class='ocrx_word' id='word_1_512' title='bbox 2402 1763 2826 1834; x_wconf 77' lang='lat' dir='ltr'><strong>pseudosyllogo</strong></span> <span class='ocrx_word' id='word_1_513' title='bbox 2877 1764 3007 1827; x_wconf 87' lang='lat' dir='ltr'><strong>illo,</strong></span> <span class='ocrx_word' id='word_1_514' title='bbox 3065 1765 3208 1834; x_wconf 83' lang='lat' dir='ltr'><strong>quod</strong></span> <span class='ocrx_word' id='word_1_515' title='bbox 3264 1775 3451 1818; x_wconf 88' lang='lat' dir='ltr'><strong>contra</strong></span> <span class='ocrx_word' id='word_1_516' title='bbox 3491 1764 3677 1818; x_wconf 89' lang='lat' dir='ltr'><strong>iconcs</strong></span> 
     </span>
    </p>
   </div>
   <div class='ocr_carea' id='block_1_77' title="bbox 2111 1850 2547 1908">
    <p class='ocr_par' dir='ltr' id='par_1_77' title="bbox 2111 1850 2547 1908">
     <span class='ocr_line' id='line_1_77' title="bbox 2111 1850 2547 1908; baseline -0.005 -2"><span class='ocrx_word' id='word_1_517' title='bbox 2111 1853 2332 1908; x_wconf 89' lang='lat' dir='ltr'><strong>locutus</strong></span> <span class='ocrx_word' id='word_1_518' title='bbox 2364 1850 2547 1907; x_wconf 80' lang='lat' dir='ltr'><strong>fuerit.</strong></span> 
     </span>
    </p>
   </div>
   <div class='ocr_carea' id='block_1_78' title="bbox 2181 1943 3675 2014">
    <p class='ocr_par' dir='ltr' id='par_1_78' title="bbox 2181 1943 3675 2014">
     <span class='ocr_line' id='line_1_78' title="bbox 2181 1943 3675 2014; baseline 0.002 -18"><span class='ocrx_word' id='word_1_519' title='bbox 2181 1943 2370 1998; x_wconf 84' lang='lat' dir='ltr'><strong>Tract.</strong></span> <span class='ocrx_word' id='word_1_520' title='bbox 2414 1943 2536 1995; x_wconf 89' lang='grc' dir='ltr'>Ὅτι</span> <span class='ocrx_word' id='word_1_521' title='bbox 2581 1943 2896 2014; x_wconf 80' lang='grc' dir='ltr'>διαφέρουσι</span> <span class='ocrx_word' id='word_1_522' title='bbox 2953 1945 3061 1997; x_wconf 84' lang='grc' dir='ltr'>τῶν</span> <span class='ocrx_word' id='word_1_523' title='bbox 3113 1946 3173 1997; x_wconf 73' lang='grc' dir='ltr'><strong>ἐν</strong></span> <span class='ocrx_word' id='word_1_524' title='bbox 3219 1946 3440 1998; x_wconf 86' lang='grc' dir='ltr'>πόλεσιν</span> <span class='ocrx_word' id='word_1_525' title='bbox 3479 1947 3675 1999; x_wconf 71' lang='grc' dir='ltr'>ἀσκουα</span> 
     </span>
    </p>
   </div>
   <div class='ocr_carea' id='block_1_79' title="bbox 2113 2032 3671 2112">
    <p class='ocr_par' dir='ltr' id='par_1_79' title="bbox 2113 2032 3671 2112">
     <span class='ocr_line' id='line_1_79' title="bbox 2113 2032 3671 2112; baseline -0.001 -26"><span class='ocrx_word' id='word_1_526' title='bbox 2113 2034 2286 2104; x_wconf 79' lang='grc' dir='ltr'>μένων</span> <span class='ocrx_word' id='word_1_527' title='bbox 2325 2033 2377 2085; x_wconf 80' lang='lat' dir='ltr'><strong>oi</strong></span> <span class='ocrx_word' id='word_1_528' title='bbox 2415 2034 2474 2085; x_wconf 84' lang='grc' dir='ltr'><strong>ἐν</strong></span> <span class='ocrx_word' id='word_1_529' title='bbox 2504 2032 2695 2104; x_wconf 75' lang='grc' dir='ltr'>ἐρήμῳ</span> <span class='ocrx_word' id='word_1_530' title='bbox 2725 2035 3092 2104; x_wconf 80' lang='grc' dir='ltr'>ἡσυχάζοντες</span> <span class='ocrx_word' id='word_1_531' title='bbox 3115 2074 3130 2099; x_wconf 88' lang='grc'><em>,</em></span> <span class='ocrx_word' id='word_1_532' title='bbox 3181 2035 3285 2088; x_wconf 83' lang='grc' dir='ltr'><strong>κᾶν</strong></span> <span class='ocrx_word' id='word_1_533' title='bbox 3316 2034 3531 2096; x_wconf 80' lang='grc' dir='ltr'>πολλοῖς</span> <span class='ocrx_word' id='word_1_534' title='bbox 3559 2035 3671 2112; x_wconf 82' lang='grc' dir='ltr'><strong>τῶν</strong></span> 
     </span>
    </p>
   </div>
   <div class='ocr_carea' id='block_1_80' title="bbox 2109 2124 3672 2196">
    <p class='ocr_par' dir='ltr' id='par_1_80' title="bbox 2109 2124 3672 2196">
     <span class='ocr_line' id='line_1_80' title="bbox 2109 2124 3672 2196; baseline 0 -18"><span class='ocrx_word' id='word_1_535' title='bbox 2109 2125 2353 2194; x_wconf 82' lang='grc' dir='ltr'>ἀπείρων</span> <span class='ocrx_word' id='word_1_536' title='bbox 2399 2124 2458 2176; x_wconf 80' lang='grc' dir='ltr'><strong>τὸ</strong></span> <span class='ocrx_word' id='word_1_537' title='bbox 2499 2124 2740 2178; x_wconf 84' lang='grc' dir='ltr'>ἐναντίον</span> <span class='ocrx_word' id='word_1_538' title='bbox 2781 2124 2910 2194; x_wconf 83' lang='grc' dir='ltr'>δοκῇ</span> <span class='ocrx_word' id='word_1_539' title='bbox 2943 2140 2956 2155; x_wconf 85' lang='grc'><strong>·</strong></span> <span class='ocrx_word' id='word_1_540' title='bbox 2999 2124 3103 2190; x_wconf 83' lang='lat' dir='ltr'><strong>Qui</strong></span> <span class='ocrx_word' id='word_1_541' title='bbox 3140 2125 3193 2178; x_wconf 89' lang='lat' dir='ltr'><strong>in</strong></span> <span class='ocrx_word' id='word_1_542' title='bbox 3241 2126 3426 2180; x_wconf 86' lang='lat' dir='ltr'><strong>eremis</strong></span> <span class='ocrx_word' id='word_1_543' title='bbox 3461 2127 3672 2196; x_wconf 82' lang='lat' dir='ltr'><strong>acquie-</strong></span> 
     </span>
    </p>
   </div>
   <div class='ocr_carea' id='block_1_81' title="bbox 2109 2216 3674 2288">
    <p class='ocr_par' dir='ltr' id='par_1_81' title="bbox 2109 2216 3674 2288">
     <span class='ocr_line' id='line_1_81' title="bbox 2109 2216 3674 2288; baseline 0 -19"><span class='ocrx_word' id='word_1_544' title='bbox 2109 2226 2300 2283; x_wconf 81' lang='lat' dir='ltr'><strong>scant,</strong></span> <span class='ocrx_word' id='word_1_545' title='bbox 2341 2217 2507 2270; x_wconf 85' lang='lat' dir='ltr'><strong>multo</strong></span> <span class='ocrx_word' id='word_1_546' title='bbox 2549 2216 2664 2271; x_wconf 89' lang='lat' dir='ltr'><strong>illis</strong></span> <span class='ocrx_word' id='word_1_547' title='bbox 2713 2233 2824 2270; x_wconf 85' lang='lat' dir='ltr'><strong>esse</strong></span> <span class='ocrx_word' id='word_1_548' title='bbox 2863 2219 3262 2281; x_wconf 78' lang='lat' dir='ltr'><strong>pra&#39;stantiores</strong></span> <span class='ocrx_word' id='word_1_549' title='bbox 3286 2219 3432 2288; x_wconf 82' lang='lat' dir='ltr'><strong>,_qui</strong></span> <span class='ocrx_word' id='word_1_550' title='bbox 3464 2218 3516 2270; x_wconf 85' lang='lat' dir='ltr'><strong>in</strong></span> <span class='ocrx_word' id='word_1_551' title='bbox 3547 2218 3674 2270; x_wconf 80' lang='lat' dir='ltr'><strong>ciri-</strong></span> 
     </span>
    </p>
   </div>
   <div class='ocr_carea' id='block_1_82' title="bbox 2111 2309 3673 2381">
    <p class='ocr_par' dir='ltr' id='par_1_82' title="bbox 2111 2309 3673 2381">
     <span class='ocr_line' id='line_1_82' title="bbox 2111 2309 3673 2381; baseline -0.001 -20"><span class='ocrx_word' id='word_1_552' title='bbox 2111 2309 2307 2363; x_wconf 77' lang='lat' dir='ltr'><strong>tatibus</strong></span> <span class='ocrx_word' id='word_1_553' title='bbox 2340 2310 2660 2374; x_wconf 86' lang='lat' dir='ltr'><strong>recoluntur,</strong></span> <span class='ocrx_word' id='word_1_554' title='bbox 2697 2310 2817 2365; x_wconf 79' lang='lat' dir='ltr'><strong>licet</strong></span> <span class='ocrx_word' id='word_1_555' title='bbox 2849 2309 3008 2368; x_wconf 81' lang='lat' dir='ltr'><strong>multi</strong></span> <span class='ocrx_word' id='word_1_556' title='bbox 3051 2311 3319 2381; x_wconf 66' lang='lat' dir='ltr'><strong>inexperti</strong></span> <span class='ocrx_word' id='word_1_557' title='bbox 3346 2311 3673 2364; x_wconf 83' lang='lat' dir='ltr'><strong>contrarium</strong></span> 
     </span>
    </p>
   </div>
   <div class='ocr_carea' id='block_1_83' title="bbox 2111 2399 3673 2474">
    <p class='ocr_par' dir='ltr' id='par_1_83' title="bbox 2111 2399 3673 2474">
     <span class='ocr_line' id='line_1_83' title="bbox 2111 2399 3673 2474; baseline 0.001 -21"><span class='ocrx_word' id='word_1_558' title='bbox 2111 2410 2356 2464; x_wconf 87' lang='lat' dir='ltr'><strong>teneant,</strong></span> <span class='ocrx_word' id='word_1_559' title='bbox 2390 2400 2451 2454; x_wconf 86' lang='lat' dir='ltr'><strong>P.</strong></span> <span class='ocrx_word' id='word_1_560' title='bbox 2489 2400 2696 2472; x_wconf 80' lang='grc' dir='ltr'>Τέχνης</span> <span class='ocrx_word' id='word_1_561' title='bbox 2733 2403 2832 2472; x_wconf 82' lang='grc' dir='ltr'><strong>μὲν</strong></span> <span class='ocrx_word' id='word_1_562' title='bbox 2879 2403 3112 2474; x_wconf 80' lang='grc' dir='ltr'>ἁπάσης,</span> <span class='ocrx_word' id='word_1_563' title='bbox 3149 2403 3216 2456; x_wconf 85' lang='grc' dir='ltr'><strong>τά</strong></span> <span class='ocrx_word' id='word_1_564' title='bbox 3266 2403 3501 2472; x_wconf 75' lang='grc' dir='ltr'>τεχνητὰ</span> <span class='ocrx_word' id='word_1_565' title='bbox 3553 2399 3673 2473; x_wconf 87' lang='grc' dir='ltr'>κρί-</span> 
     </span>
    </p>
   </div>
   <div class='ocr_carea' id='block_1_84' title="bbox 2107 2492 2576 2563">
    <p class='ocr_par' dir='ltr' id='par_1_84' title="bbox 2107 2492 2576 2563">
     <span class='ocr_line' id='line_1_84' title="bbox 2107 2492 2576 2563; baseline 0.004 -20"><span class='ocrx_word' id='word_1_566' title='bbox 2107 2507 2308 2554; x_wconf 86' lang='grc' dir='ltr'>νοντες,</span> <span class='ocrx_word' id='word_1_567' title='bbox 2342 2492 2576 2563; x_wconf 83' lang='grc' dir='ltr'>ἄπειροι.</span> 
     </span>
    </p>
   </div>
   <div class='ocr_carea' id='block_1_85' title="bbox 2179 2571 3670 2653">
    <p class='ocr_par' dir='ltr' id='par_1_85' title="bbox 2179 2571 3670 2653">
     <span class='ocr_line' id='line_1_85' title="bbox 2179 2571 3670 2653; baseline 0.001 -19"><span class='ocrx_word' id='word_1_568' title='bbox 2179 2582 2315 2652; x_wconf 74' lang='grc' dir='ltr'>Περὶ</span> <span class='ocrx_word' id='word_1_569' title='bbox 2367 2581 2751 2652; x_wconf 84' lang='grc' dir='ltr'>ἀκτημοσύνης</span> <span class='ocrx_word' id='word_1_570' title='bbox 2800 2582 2947 2653; x_wconf 81' lang='grc' dir='ltr'>πρὸς</span> <span class='ocrx_word' id='word_1_571' title='bbox 2979 2571 3202 2651; x_wconf 66' lang='lat' dir='ltr'><strong>Mava</strong></span> <span class='ocrx_word' id='word_1_572' title='bbox 3253 2582 3498 2636; x_wconf 83' lang='grc' dir='ltr'>διάκονον</span> <span class='ocrx_word' id='word_1_573' title='bbox 3545 2584 3670 2651; x_wconf 86' lang='grc' dir='ltr'>’Λγ-</span> 
     </span>
    </p>
   </div>
   <div class='ocr_carea' id='block_1_86' title="bbox 2109 2671 3672 2744">
    <p class='ocr_par' dir='ltr' id='par_1_86' title="bbox 2109 2671 3672 2744">
     <span class='ocr_line' id='line_1_86' title="bbox 2109 2671 3672 2744; baseline 0.001 -19"><span class='ocrx_word' id='word_1_574' title='bbox 2109 2672 2302 2743; x_wconf 83' lang='grc' dir='ltr'>κύρας.</span> <span class='ocrx_word' id='word_1_575' title='bbox 2366 2671 2446 2725; x_wconf 90' lang='lat' dir='ltr'><strong>Ita</strong></span> <span class='ocrx_word' id='word_1_576' title='bbox 2506 2673 2693 2743; x_wconf 78' lang='lat' dir='ltr'><strong>legunt</strong></span> <span class='ocrx_word' id='word_1_577' title='bbox 2746 2674 2996 2728; x_wconf 91' lang='lat' dir='ltr'><strong>nonnulli</strong></span> <span class='ocrx_word' id='word_1_578' title='bbox 3033 2673 3268 2728; x_wconf 85' lang='lat' dir='ltr'><strong>codices.</strong></span> <span class='ocrx_word' id='word_1_579' title='bbox 3326 2674 3436 2727; x_wconf 89' lang='lat' dir='ltr'><strong>Alii</strong></span> <span class='ocrx_word' id='word_1_580' title='bbox 3487 2674 3672 2744; x_wconf 75' lang='lat' dir='ltr'><strong>legunt</strong></span> 
     </span>
    </p>
   </div>
   <div class='ocr_carea' id='block_1_87' title="bbox 2106 2763 3660 2834">
    <p class='ocr_par' dir='ltr' id='par_1_87' title="bbox 2106 2763 3660 2834">
     <span class='ocr_line' id='line_1_87' title="bbox 2106 2763 3660 2834; baseline 0.002 -20"><span class='ocrx_word' id='word_1_581' title='bbox 2106 2763 2249 2832; x_wconf 76' lang='grc' dir='ltr'>Πρὸς</span> <span class='ocrx_word' id='word_1_582' title='bbox 2279 2764 2506 2830; x_wconf 82' lang='grc' dir='ltr'>Μάγναν</span> <span class='ocrx_word' id='word_1_583' title='bbox 2531 2779 2546 2792; x_wconf 81' lang='grc'><em>’</em></span> <span class='ocrx_word' id='word_1_584' title='bbox 2584 2763 2676 2817; x_wconf 86' lang='lat' dir='ltr'><strong>alii</strong></span> <span class='ocrx_word' id='word_1_585' title='bbox 2708 2765 2845 2834; x_wconf 82' lang='grc' dir='ltr'>πρὸς</span> <span class='ocrx_word' id='word_1_586' title='bbox 2893 2764 3246 2833; x_wconf 83' lang='grc' dir='ltr'>Μαγνησί).αν</span> <span class='ocrx_word' id='word_1_587' title='bbox 3285 2765 3377 2818; x_wconf 69' lang='grc' dir='ltr'>τὸν</span> <span class='ocrx_word' id='word_1_588' title='bbox 3420 2765 3660 2819; x_wconf 81' lang='grc' dir='ltr'>διάκονον</span> 
     </span>
    </p>
   </div>
   <div class='ocr_carea' id='block_1_88' title="bbox 2121 2851 3673 2926">
    <p class='ocr_par' dir='ltr' id='par_1_88' title="bbox 2121 2851 3673 2926">
     <span class='ocr_line' id='line_1_88' title="bbox 2121 2851 3673 2926; baseline -0.003 -16"><span class='ocrx_word' id='word_1_589' title='bbox 2121 2851 2414 2925; x_wconf 65' lang='grc' dir='ltr'>Ἀγκύρας.</span> <span class='ocrx_word' id='word_1_590' title='bbox 2447 2853 2592 2916; x_wconf 84' lang='lat' dir='ltr'><strong>Alii,</strong></span> <span class='ocrx_word' id='word_1_591' title='bbox 2626 2852 2824 2923; x_wconf 86' lang='grc' dir='ltr'>Πρώην</span> <span class='ocrx_word' id='word_1_592' title='bbox 2857 2854 2956 2923; x_wconf 85' lang='grc' dir='ltr'><strong>μὲν</strong></span> <span class='ocrx_word' id='word_1_593' title='bbox 2985 2856 3119 2924; x_wconf 81' lang='grc' dir='ltr'>πρὸς</span> <span class='ocrx_word' id='word_1_594' title='bbox 3161 2856 3285 2918; x_wconf 86' lang='grc' dir='ltr'>τοὺς</span> <span class='ocrx_word' id='word_1_595' title='bbox 3314 2856 3673 2926; x_wconf 82' lang='grc' dir='ltr'>ἀμελέστερον</span> 
     </span>
    </p>
   </div>
   <div class='ocr_carea' id='block_1_89' title="bbox 2113 2941 3675 3016">
    <p class='ocr_par' dir='ltr' id='par_1_89' title="bbox 2113 2941 3675 3016">
     <span class='ocr_line' id='line_1_89' title="bbox 2113 2941 3675 3016; baseline 0.003 -22"><span class='ocrx_word' id='word_1_596' title='bbox 2113 2943 2394 3012; x_wconf 78' lang='grc' dir='ltr'>μετιόντας</span> <span class='ocrx_word' id='word_1_597' title='bbox 2443 2941 2540 2999; x_wconf 73' lang='grc' dir='ltr'>τὸν,</span> <span class='ocrx_word' id='word_1_598' title='bbox 2566 2942 2862 3010; x_wconf 77' lang='grc' dir='ltr'>-μοναδικὸν</span> <span class='ocrx_word' id='word_1_599' title='bbox 2918 2943 3052 3012; x_wconf 82' lang='grc' dir='ltr'>βίον.</span> <span class='ocrx_word' id='word_1_600' title='bbox 3089 2943 3162 2999; x_wconf 90' lang='lat' dir='ltr'><strong>De</strong></span> <span class='ocrx_word' id='word_1_601' title='bbox 3197 2946 3300 3000; x_wconf 89' lang='lat' dir='ltr'><strong>hoc</strong></span> <span class='ocrx_word' id='word_1_602' title='bbox 3329 2945 3518 3016; x_wconf 77' lang='lat' dir='ltr'><strong>Magna</strong></span> <span class='ocrx_word' id='word_1_603' title='bbox 3565 2947 3675 2999; x_wconf 87' lang='lat' dir='ltr'><strong>dia-</strong></span> 
     </span>
    </p>
   </div>
   <div class='ocr_carea' id='block_1_90' title="bbox 2107 3031 3671 3107">
    <p class='ocr_par' dir='ltr' id='par_1_90' title="bbox 2107 3031 3671 3107">
     <span class='ocr_line' id='line_1_90' title="bbox 2107 3031 3671 3107; baseline 0.002 -20"><span class='ocrx_word' id='word_1_604' title='bbox 2107 3049 2246 3087; x_wconf 89' lang='lat' dir='ltr'><strong>cono</strong></span> <span class='ocrx_word' id='word_1_605' title='bbox 2280 3031 2400 3086; x_wconf 86' lang='lat' dir='ltr'><strong>vide</strong></span> <span class='ocrx_word' id='word_1_606' title='bbox 2439 3031 2741 3090; x_wconf 76' lang='lat' dir='ltr'><strong>I&quot;alladium</strong></span> <span class='ocrx_word' id='word_1_607' title='bbox 2778 3033 2830 3086; x_wconf 91' lang='lat' dir='ltr'><strong>in</strong></span> <span class='ocrx_word' id='word_1_608' title='bbox 2866 3033 3149 3092; x_wconf 82' lang='lat' dir='ltr'><strong>Lausiacis</strong></span> <span class='ocrx_word' id='word_1_609' title='bbox 3181 3054 3195 3090; x_wconf 90' lang='lat'><strong>:</strong></span> <span class='ocrx_word' id='word_1_610' title='bbox 3232 3037 3496 3104; x_wconf 80' lang='grc' dir='ltr'>Ἀσκητοῦ</span> <span class='ocrx_word' id='word_1_611' title='bbox 3530 3055 3671 3107; x_wconf 49' lang='grc' dir='ltr'>παρέ</span> 
     </span>
    </p>
   </div>
   <div class='ocr_carea' id='block_1_91' title="bbox 2108 3121 3668 3199">
    <p class='ocr_par' dir='ltr' id='par_1_91' title="bbox 2108 3121 3668 3199">
     <span class='ocr_line' id='line_1_91' title="bbox 2108 3121 3668 3199; baseline 0.004 -25"><span class='ocrx_word' id='word_1_612' title='bbox 2108 3123 2331 3186; x_wconf 87' lang='grc' dir='ltr'>αίνεσις.</span> <span class='ocrx_word' id='word_1_613' title='bbox 2373 3121 2436 3179; x_wconf 90' lang='grc' dir='ltr'><strong>Ρ.</strong></span> <span class='ocrx_word' id='word_1_614' title='bbox 2467 3122 2622 3177; x_wconf 59' lang='lat' dir='ltr'><strong>meo:</strong></span> <span class='ocrx_word' id='word_1_615' title='bbox 2647 3122 2712 3176; x_wconf 84' lang='grc' dir='ltr'><strong>σὺ</strong></span> <span class='ocrx_word' id='word_1_616' title='bbox 2741 3124 2769 3176; x_wconf 88' lang='lat'><strong>6</strong></span> <span class='ocrx_word' id='word_1_617' title='bbox 2803 3123 3051 3194; x_wconf 80' lang='grc' dir='ltr'>μονάζων</span> <span class='ocrx_word' id='word_1_618' title='bbox 3099 3125 3194 3180; x_wconf 79' lang='grc' dir='ltr'>καὶ</span> <span class='ocrx_word' id='word_1_619' title='bbox 3236 3127 3428 3190; x_wconf 82' lang='grc' dir='ltr'>πιστὸς</span> <span class='ocrx_word' id='word_1_620' title='bbox 3459 3127 3668 3199; x_wconf 83' lang='grc' dir='ltr'>ἄνθρω-</span> 
     </span>
    </p>
   </div>
   <div class='ocr_carea' id='block_1_92' title="bbox 2105 3231 2222 3278">
    <p class='ocr_par' dir='ltr' id='par_1_92' title="bbox 2105 3231 2222 3278">
     <span class='ocr_line' id='line_1_92' title="bbox 2105 3231 2222 3278; baseline -0.043 -6"><span class='ocrx_word' id='word_1_621' title='bbox 2105 3231 2222 3278; x_wconf 81' lang='grc' dir='ltr'>πος.</span> 
     </span>
    </p>
   </div>
   <div class='ocr_carea' id='block_1_93' title="bbox 2175 3304 3670 3380">
    <p class='ocr_par' dir='ltr' id='par_1_93' title="bbox 2175 3304 3670 3380">
     <span class='ocr_line' id='line_1_93' title="bbox 2175 3304 3670 3380; baseline 0.003 -22"><span class='ocrx_word' id='word_1_622' title='bbox 2175 3304 2349 3372; x_wconf 79' lang='grc' dir='ltr'>Λόγος</span> <span class='ocrx_word' id='word_1_623' title='bbox 2417 3305 2716 3374; x_wconf 80' lang='grc' dir='ltr'>ἀσκητικὸς</span> <span class='ocrx_word' id='word_1_624' title='bbox 2760 3305 2889 3376; x_wconf 72' lang='grc' dir='ltr'>περὶ</span> <span class='ocrx_word' id='word_1_625' title='bbox 2931 3307 3031 3374; x_wconf 81' lang='grc' dir='ltr'>τῆς</span> <span class='ocrx_word' id='word_1_626' title='bbox 3084 3308 3141 3360; x_wconf 85' lang='grc' dir='ltr'><strong>ἐν</strong></span> <span class='ocrx_word' id='word_1_627' title='bbox 3192 3310 3408 3380; x_wconf 84' lang='grc' dir='ltr'>Χριστῷ</span> <span class='ocrx_word' id='word_1_628' title='bbox 3459 3309 3670 3377; x_wconf 83' lang='grc' dir='ltr'>φιλοσο-</span> 
     </span>
    </p>
   </div>
   <div class='ocr_carea' id='block_1_94' title="bbox 2105 3393 3669 3467">
    <p class='ocr_par' dir='ltr' id='par_1_94' title="bbox 2105 3393 3669 3467">
     <span class='ocr_line' id='line_1_94' title="bbox 2105 3393 3669 3467; baseline 0.001 -21"><span class='ocrx_word' id='word_1_629' title='bbox 2105 3394 2253 3462; x_wconf 83' lang='grc' dir='ltr'>φίας.</span> <span class='ocrx_word' id='word_1_630' title='bbox 2285 3393 2344 3446; x_wconf 89' lang='grc' dir='ltr'><strong>Ρ.</strong></span> <span class='ocrx_word' id='word_1_631' title='bbox 2385 3393 2696 3464; x_wconf 83' lang='grc' dir='ltr'>Φιλοσοφεῖν</span> <span class='ocrx_word' id='word_1_632' title='bbox 2727 3394 3096 3466; x_wconf 74' lang='grc' dir='ltr'>ἐπετήδευσαν</span> <span class='ocrx_word' id='word_1_633' title='bbox 3143 3395 3240 3466; x_wconf 79' lang='grc' dir='ltr'>μὲν</span> <span class='ocrx_word' id='word_1_634' title='bbox 3271 3398 3364 3450; x_wconf 78' lang='grc' dir='ltr'>καὶ</span> <span class='ocrx_word' id='word_1_635' title='bbox 3404 3397 3669 3467; x_wconf 85' lang='grc' dir='ltr'>Ἐλλήνων</span> 
     </span>
    </p>
   </div>
   <div class='ocr_carea' id='block_1_95' title="bbox 2105 3485 2310 3539">
    <p class='ocr_par' dir='ltr' id='par_1_95' title="bbox 2105 3485 2310 3539">
     <span class='ocr_line' id='line_1_95' title="bbox 2105 3485 2310 3539; baseline 0.015 -3"><span class='ocrx_word' id='word_1_636' title='bbox 2105 3485 2310 3539; x_wconf 88' lang='grc' dir='ltr'>πολλοί.</span> 
     </span>
    </p>
   </div>
   <div class='ocr_carea' id='block_1_96' title="bbox 2175 3577 3669 3650">
    <p class='ocr_par' dir='ltr' id='par_1_96' title="bbox 2175 3577 3669 3650">
     <span class='ocr_line' id='line_1_96' title="bbox 2175 3577 3669 3650; baseline -0.001 -19"><span class='ocrx_word' id='word_1_637' title='bbox 2175 3578 2316 3648; x_wconf 78' lang='grc' dir='ltr'>Πρὸς</span> <span class='ocrx_word' id='word_1_638' title='bbox 2353 3577 2647 3647; x_wconf 74' lang='grc' dir='ltr'>νεωτέρους</span> <span class='ocrx_word' id='word_1_639' title='bbox 2696 3579 2961 3650; x_wconf 81' lang='grc' dir='ltr'>μοναχοὺς</span> <span class='ocrx_word' id='word_1_640' title='bbox 2991 3578 3327 3634; x_wconf 83' lang='grc' dir='ltr'>διδασκαλία.</span> <span class='ocrx_word' id='word_1_641' title='bbox 3367 3579 3425 3634; x_wconf 92' lang='grc' dir='ltr'><strong>Ρ.</strong></span> <span class='ocrx_word' id='word_1_642' title='bbox 3457 3581 3546 3632; x_wconf 88' lang='grc' dir='ltr'>Δεῖ</span> <span class='ocrx_word' id='word_1_643' title='bbox 3582 3579 3669 3631; x_wconf 71' lang='grc' dir='ltr'>τὸν</span> 
     </span>
    </p>
   </div>
   <div class='ocr_carea' id='block_1_97' title="bbox 2105 3668 3002 3742">
    <p class='ocr_par' dir='ltr' id='par_1_97' title="bbox 2105 3668 3002 3742">
     <span class='ocr_line' id='line_1_97' title="bbox 2105 3668 3002 3742; baseline 0.003 -21"><span class='ocrx_word' id='word_1_644' title='bbox 2105 3669 2224 3721; x_wconf 84' lang='grc' dir='ltr'>νέον</span> <span class='ocrx_word' id='word_1_645' title='bbox 2252 3671 2440 3722; x_wconf 81' lang='grc' dir='ltr'>ἀσκεῖν</span> <span class='ocrx_word' id='word_1_646' title='bbox 2473 3668 2725 3739; x_wconf 87' lang='grc' dir='ltr'>σώματος</span> <span class='ocrx_word' id='word_1_647' title='bbox 2751 3672 3002 3742; x_wconf 80' lang='grc' dir='ltr'>ἡσυχίαν.</span> 
     </span>
    </p>
   </div>
   <div class='ocr_carea' id='block_1_98' title="bbox 2176 3759 3669 3834">
    <p class='ocr_par' dir='ltr' id='par_1_98' title="bbox 2176 3759 3669 3834">
     <span class='ocr_line' id='line_1_98' title="bbox 2176 3759 3669 3834; baseline 0 -21"><span class='ocrx_word' id='word_1_648' title='bbox 2176 3761 2461 3830; x_wconf 76' lang='grc' dir='ltr'>Κεφάλαια</span> <span class='ocrx_word' id='word_1_649' title='bbox 2496 3762 2751 3831; x_wconf 85' lang='grc' dir='ltr'>διάφορα.</span> <span class='ocrx_word' id='word_1_650' title='bbox 2799 3762 2858 3815; x_wconf 92' lang='grc' dir='ltr'><strong>Ρ.</strong></span> <span class='ocrx_word' id='word_1_651' title='bbox 2906 3763 3044 3816; x_wconf 68' lang='lat' dir='ltr'><strong>‘AD.’</strong></span> <span class='ocrx_word' id='word_1_652' title='bbox 3087 3765 3262 3834; x_wconf 86' lang='grc' dir='ltr'>ὑμᾶς,</span> <span class='ocrx_word' id='word_1_653' title='bbox 3300 3759 3346 3820; x_wconf 79' lang='grc' dir='ltr'><strong>ὦ</strong></span> <span class='ocrx_word' id='word_1_654' title='bbox 3390 3763 3669 3834; x_wconf 77' lang='grc' dir='ltr'>μακαριώ-</span> 
     </span>
    </p>
   </div>
   <div class='ocr_carea' id='block_1_99' title="bbox 2103 3853 2829 3921">
    <p class='ocr_par' dir='ltr' id='par_1_99' title="bbox 2103 3853 2829 3921">
     <span class='ocr_line' id='line_1_99' title="bbox 2103 3853 2829 3921; baseline 0.001 -16"><span class='ocrx_word' id='word_1_655' title='bbox 2103 3871 2276 3915; x_wconf 83' lang='grc' dir='ltr'>τατοι,</span> <span class='ocrx_word' id='word_1_656' title='bbox 2311 3853 2452 3921; x_wconf 82' lang='grc' dir='ltr'><strong>μετά</strong></span> <span class='ocrx_word' id='word_1_657' title='bbox 2491 3853 2600 3904; x_wconf 82' lang='grc' dir='ltr'><strong>τῶν</strong></span> <span class='ocrx_word' id='word_1_658' title='bbox 2633 3853 2829 3906; x_wconf 85' lang='grc' dir='ltr'>ἄλλων.</span> 
     </span>
    </p>
   </div>
   <div class='ocr_carea' id='block_1_100' title="bbox 2177 3944 3667 4020">
    <p class='ocr_par' dir='ltr' id='par_1_100' title="bbox 2177 3944 3667 4020">
     <span class='ocr_line' id='line_1_100' title="bbox 2177 3944 3667 4020; baseline 0.003 -25"><span class='ocrx_word' id='word_1_659' title='bbox 2177 3946 2321 4015; x_wconf 84' lang='grc' dir='ltr'>Πρὸς</span> <span class='ocrx_word' id='word_1_660' title='bbox 2371 3944 2652 4011; x_wconf 83' lang='grc' dir='ltr'>Εύλόγιον.</span> <span class='ocrx_word' id='word_1_661' title='bbox 2704 3944 2762 3997; x_wconf 90' lang='grc' dir='ltr'><strong>Ρ.</strong></span> <span class='ocrx_word' id='word_1_662' title='bbox 2813 3946 2875 3998; x_wconf 78' lang='lat' dir='ltr'><strong>Ol</strong></span> <span class='ocrx_word' id='word_1_663' title='bbox 2919 3945 3010 3997; x_wconf 76' lang='grc' dir='ltr'>τὸν</span> <span class='ocrx_word' id='word_1_664' title='bbox 3058 3947 3305 4016; x_wconf 81' lang='grc' dir='ltr'>οὐράνιον</span> <span class='ocrx_word' id='word_1_665' title='bbox 3339 3947 3512 4020; x_wconf 81' lang='grc' dir='ltr'>χῶρον</span> <span class='ocrx_word' id='word_1_666' title='bbox 3559 3952 3667 4012; x_wconf 80' lang='grc' dir='ltr'>τοῖς</span> 
     </span>
    </p>
   </div>
   <div class='ocr_carea' id='block_1_101' title="bbox 2105 4035 2628 4106">
    <p class='ocr_par' dir='ltr' id='par_1_101' title="bbox 2105 4035 2628 4106">
     <span class='ocr_line' id='line_1_101' title="bbox 2105 4035 2628 4106; baseline 0.008 -20"><span class='ocrx_word' id='word_1_667' title='bbox 2105 4035 2286 4097; x_wconf 84' lang='grc' dir='ltr'>πόνοις</span> <span class='ocrx_word' id='word_1_668' title='bbox 2318 4035 2628 4106; x_wconf 81' lang='grc' dir='ltr'>νεμόμενοι.</span> 
     </span>
    </p>
   </div>
   <div class='ocr_carea' id='block_1_102' title="bbox 2174 4125 3664 4204">
    <p class='ocr_par' dir='ltr' id='par_1_102' title="bbox 2174 4125 3664 4204">
     <span class='ocr_line' id='line_1_102' title="bbox 2174 4125 3664 4204; baseline 0.003 -22"><span class='ocrx_word' id='word_1_669' title='bbox 2174 4125 2320 4199; x_wconf 78' lang='grc' dir='ltr'>Πρὸς</span> <span class='ocrx_word' id='word_1_670' title='bbox 2363 4128 2614 4195; x_wconf 82' lang='grc' dir='ltr'>Ἀγάθιον</span> <span class='ocrx_word' id='word_1_671' title='bbox 2669 4128 2992 4198; x_wconf 78' lang='grc' dir='ltr'>μονάζοντα.</span> <span class='ocrx_word' id='word_1_672' title='bbox 3033 4128 3095 4186; x_wconf 82' lang='lat' dir='ltr'><strong>P.</strong></span> <span class='ocrx_word' id='word_1_673' title='bbox 3135 4132 3298 4195; x_wconf 82' lang='grc' dir='ltr'>Ἕθος</span> <span class='ocrx_word' id='word_1_674' title='bbox 3349 4133 3524 4204; x_wconf 83' lang='grc' dir='ltr'>ἔχοντί</span> <span class='ocrx_word' id='word_1_675' title='bbox 3575 4153 3664 4202; x_wconf 74' lang='grc' dir='ltr'><strong>μοι</strong></span> 
     </span>
    </p>
   </div>
   <div class='ocr_carea' id='block_1_103' title="bbox 2103 4219 3266 4292">
    <p class='ocr_par' dir='ltr' id='par_1_103' title="bbox 2103 4219 3266 4292">
     <span class='ocr_line' id='line_1_103' title="bbox 2103 4219 3266 4292; baseline 0.007 -21"><span class='ocrx_word' id='word_1_676' title='bbox 2103 4219 2173 4272; x_wconf 84' lang='grc' dir='ltr'>τὰ</span> <span class='ocrx_word' id='word_1_677' title='bbox 2209 4220 2379 4272; x_wconf 85' lang='grc' dir='ltr'>πολλά</span> <span class='ocrx_word' id='word_1_678' title='bbox 2411 4221 2510 4283; x_wconf 85' lang='grc' dir='ltr'>τὰς</span> <span class='ocrx_word' id='word_1_679' title='bbox 2542 4220 2802 4290; x_wconf 86' lang='grc' dir='ltr'>ἀκαίρους</span> <span class='ocrx_word' id='word_1_680' title='bbox 2829 4221 2934 4274; x_wconf 83' lang='grc' dir='ltr'><strong>τῶν</strong></span> <span class='ocrx_word' id='word_1_681' title='bbox 2978 4223 3266 4292; x_wconf 85' lang='grc' dir='ltr'>Ἑλλήνων.</span> 
     </span>
    </p>
   </div>
   <div class='ocr_carea' id='block_1_104' title="bbox 2189 4315 3668 4389">
    <p class='ocr_par' dir='ltr' id='par_1_104' title="bbox 2189 4315 3668 4389">
     <span class='ocr_line' id='line_1_104' title="bbox 2189 4315 3668 4389; baseline 0.004 -21"><span class='ocrx_word' id='word_1_682' title='bbox 2189 4316 2476 4383; x_wconf 84' lang='grc' dir='ltr'>Ἐπιστολὴ</span> <span class='ocrx_word' id='word_1_683' title='bbox 2505 4315 2702 4385; x_wconf 78' lang='grc' dir='ltr'>ἔχουσα</span> <span class='ocrx_word' id='word_1_684' title='bbox 2735 4317 3028 4385; x_wconf 74' lang='grc' dir='ltr'>κεφάλαια.</span> <span class='ocrx_word' id='word_1_685' title='bbox 3055 4315 3116 4372; x_wconf 88' lang='grc' dir='ltr'><strong>Ρ.</strong></span> <span class='ocrx_word' id='word_1_686' title='bbox 3162 4318 3289 4370; x_wconf 65' lang='grc' dir='ltr'>Ἐὰν</span> <span class='ocrx_word' id='word_1_687' title='bbox 3326 4319 3512 4389; x_wconf 76' lang='grc' dir='ltr'>μηδεὶς</span> <span class='ocrx_word' id='word_1_688' title='bbox 3546 4321 3668 4374; x_wconf 42' lang='grc' dir='ltr'>διώ.</span> 
     </span>
    </p>
   </div>
   <div class='ocr_carea' id='block_1_105' title="bbox 2105 4407 3667 4482">
    <p class='ocr_par' dir='ltr' id='par_1_105' title="bbox 2105 4407 3667 4482">
     <span class='ocr_line' id='line_1_105' title="bbox 2105 4407 3667 4482; baseline 0.003 -22"><span class='ocrx_word' id='word_1_689' title='bbox 2105 4425 2191 4460; x_wconf 86' lang='grc' dir='ltr'><strong>κει</strong></span> <span class='ocrx_word' id='word_1_690' title='bbox 2232 4425 2292 4461; x_wconf 87' lang='grc' dir='ltr'><strong>σε</strong></span> <span class='ocrx_word' id='word_1_691' title='bbox 2316 4407 2577 4478; x_wconf 83' lang='grc' dir='ltr'>τύραννος</span> <span class='ocrx_word' id='word_1_692' title='bbox 2611 4407 2831 4478; x_wconf 85' lang='grc' dir='ltr'>Ἕλλην.</span> <span class='ocrx_word' id='word_1_693' title='bbox 2871 4409 3012 4464; x_wconf 86' lang='lat' dir='ltr'><strong>Sunt</strong></span> <span class='ocrx_word' id='word_1_694' title='bbox 3041 4417 3257 4464; x_wconf 73' lang='lat' dir='ltr'><strong>attextte</strong></span> <span class='ocrx_word' id='word_1_695' title='bbox 3292 4412 3356 4465; x_wconf 86' lang='lat' dir='ltr'><strong>ad</strong></span> <span class='ocrx_word' id='word_1_696' title='bbox 3395 4412 3533 4468; x_wconf 86' lang='lat' dir='ltr'><strong>alias</strong></span> <span class='ocrx_word' id='word_1_697' title='bbox 3555 4418 3667 4482; x_wconf 89' lang='lat' dir='ltr'><strong>cpi-</strong></span> 
     </span>
    </p>
   </div>
   <div class='ocr_carea' id='block_1_106' title="bbox 2106 4498 2801 4567">
    <p class='ocr_par' dir='ltr' id='par_1_106' title="bbox 2106 4498 2801 4567">
     <span class='ocr_line' id='line_1_106' title="bbox 2106 4498 2801 4567; baseline -0.001 -15"><span class='ocrx_word' id='word_1_698' title='bbox 2106 4499 2297 4560; x_wconf 87' lang='lat' dir='ltr'><strong>stolas,</strong></span> <span class='ocrx_word' id='word_1_699' title='bbox 2329 4514 2467 4567; x_wconf 89' lang='lat' dir='ltr'><strong>quas</strong></span> <span class='ocrx_word' id='word_1_700' title='bbox 2493 4499 2605 4566; x_wconf 89' lang='lat' dir='ltr'><strong>jam</strong></span> <span class='ocrx_word' id='word_1_701' title='bbox 2635 4498 2801 4553; x_wconf 90' lang='lat' dir='ltr'><strong>edidi.</strong></span> 
     </span>
    </p>
   </div>
   <div class='ocr_carea' id='block_1_107' title="bbox 2179 4587 3670 4660">
    <p class='ocr_par' dir='ltr' id='par_1_107' title="bbox 2179 4587 3670 4660">
     <span class='ocr_line' id='line_1_107' title="bbox 2179 4587 3670 4660; baseline 0.001 -18"><span class='ocrx_word' id='word_1_702' title='bbox 2179 4590 2314 4660; x_wconf 80' lang='grc' dir='ltr'>Περὶ</span> <span class='ocrx_word' id='word_1_703' title='bbox 2348 4589 2677 4660; x_wconf 81' lang='grc' dir='ltr'>προσευχῆς.</span> <span class='ocrx_word' id='word_1_704' title='bbox 2716 4587 2778 4642; x_wconf 88' lang='grc' dir='ltr'><strong>Ρ.</strong></span> <span class='ocrx_word' id='word_1_705' title='bbox 2813 4589 2978 4652; x_wconf 84' lang='grc' dir='ltr'>Τέλος</span> <span class='ocrx_word' id='word_1_706' title='bbox 3013 4589 3202 4643; x_wconf 83' lang='grc' dir='ltr'>πασῶν</span> <span class='ocrx_word' id='word_1_707' title='bbox 3242 4589 3468 4643; x_wconf 78' lang='grc' dir='ltr'>ἐντολῶν</span> <span class='ocrx_word' id='word_1_708' title='bbox 3513 4608 3670 4660; x_wconf 81' lang='grc' dir='ltr'>προσ-</span> 
     </span>
    </p>
   </div>
   <div class='ocr_carea' id='block_1_108' title="bbox 2106 4683 2260 4752">
    <p class='ocr_par' dir='ltr' id='par_1_108' title="bbox 2106 4683 2260 4752">
     <span class='ocr_line' id='line_1_108' title="bbox 2106 4683 2260 4752; baseline -0.013 -16"><span class='ocrx_word' id='word_1_709' title='bbox 2106 4683 2260 4752; x_wconf 80' lang='grc' dir='ltr'>ευχή.</span> 
     </span>
    </p>
   </div>
   <div class='ocr_carea' id='block_1_109' title="bbox 2178 4770 3669 4842">
    <p class='ocr_par' dir='ltr' id='par_1_109' title="bbox 2178 4770 3669 4842">
     <span class='ocr_line' id='line_1_109' title="bbox 2178 4770 3669 4842; baseline -0.003 -17"><span class='ocrx_word' id='word_1_710' title='bbox 2178 4771 2399 4842; x_wconf 84' lang='grc' dir='ltr'>Γνῶμαι</span> <span class='ocrx_word' id='word_1_711' title='bbox 2447 4770 2756 4837; x_wconf 79' lang='grc' dir='ltr'>ἀπάγουσαι</span> <span class='ocrx_word' id='word_1_712' title='bbox 2793 4771 2900 4822; x_wconf 74' lang='grc' dir='ltr'><strong>τῶν</strong></span> <span class='ocrx_word' id='word_1_713' title='bbox 2953 4770 3208 4841; x_wconf 80' lang='grc' dir='ltr'>φθαρτῶν</span> <span class='ocrx_word' id='word_1_714' title='bbox 3260 4772 3350 4822; x_wconf 73' lang='grc' dir='ltr'><strong>καὶ</strong></span> <span class='ocrx_word' id='word_1_715' title='bbox 3403 4773 3669 4838; x_wconf 83' lang='grc' dir='ltr'>προσκολ-</span> 
     </span>
    </p>
   </div>
   <div class='ocr_carea' id='block_1_110' title="bbox 2105 4860 3643 4931">
    <p class='ocr_par' dir='ltr' id='par_1_110' title="bbox 2105 4860 3643 4931">
     <span class='ocr_line' id='line_1_110' title="bbox 2105 4860 3643 4931; baseline 0.001 -17"><span class='ocrx_word' id='word_1_716' title='bbox 2105 4863 2277 4916; x_wconf 85' lang='grc' dir='ltr'>λῶσαι</span> <span class='ocrx_word' id='word_1_717' title='bbox 2311 4863 2424 4922; x_wconf 84' lang='grc' dir='ltr'>τοῖς</span> <span class='ocrx_word' id='word_1_718' title='bbox 2453 4860 2751 4931; x_wconf 78' lang='grc' dir='ltr'>ἀφθάρτοις</span> <span class='ocrx_word' id='word_1_719' title='bbox 2785 4861 2874 4913; x_wconf 68' lang='grc' dir='ltr'>τὸν</span> <span class='ocrx_word' id='word_1_720' title='bbox 2903 4863 3202 4931; x_wconf 80' lang='grc' dir='ltr'>ἄνθρωπον.</span> <span class='ocrx_word' id='word_1_721' title='bbox 3239 4860 3526 4929; x_wconf 63' lang='grc' dir='ltr'>Κεφάλαια,</span> <span class='ocrx_word' id='word_1_722' title='bbox 3551 4870 3643 4917; x_wconf 72' lang='grc' dir='ltr'>σιε⁹</span> 
     </span>
    </p>
   </div>
   <div class='ocr_carea' id='block_1_111' title="bbox 2106 4951 3245 5023">
    <p class='ocr_par' dir='ltr' id='par_1_111' title="bbox 2106 4951 3245 5023">
     <span class='ocr_line' id='line_1_111' title="bbox 2106 4951 3245 5023; baseline 0 -17"><span class='ocrx_word' id='word_1_723' title='bbox 2106 4954 2164 5006; x_wconf 90' lang='grc' dir='ltr'><strong>Ρ.</strong></span> <span class='ocrx_word' id='word_1_724' title='bbox 2218 4953 2368 5016; x_wconf 82' lang='grc' dir='ltr'>Ὀδὸς</span> <span class='ocrx_word' id='word_1_725' title='bbox 2399 4953 2478 5015; x_wconf 89' lang='grc' dir='ltr'><strong>είς</strong></span> <span class='ocrx_word' id='word_1_726' title='bbox 2511 4953 2714 5023; x_wconf 82' lang='grc' dir='ltr'>ἀρετὴν</span> <span class='ocrx_word' id='word_1_727' title='bbox 2744 4954 2777 5023; x_wconf 80' lang='grc' dir='ltr'><strong>ἡ</strong></span> <span class='ocrx_word' id='word_1_728' title='bbox 2809 4951 2902 5005; x_wconf 79' lang='grc' dir='ltr'>τοῦ</span> <span class='ocrx_word' id='word_1_729' title='bbox 2933 4953 3050 5020; x_wconf 79' lang='grc' dir='ltr'>βίου</span> <span class='ocrx_word' id='word_1_730' title='bbox 3079 4957 3245 5023; x_wconf 75' lang='grc' dir='ltr'>φυγή.</span> 
     </span>
    </p>
   </div>
   <div class='ocr_carea' id='block_1_112' title="bbox 2178 5042 3314 5112">
    <p class='ocr_par' dir='ltr' id='par_1_112' title="bbox 2178 5042 3314 5112">
     <span class='ocr_line' id='line_1_112' title="bbox 2178 5042 3314 5112; baseline 0 -16"><span class='ocrx_word' id='word_1_731' title='bbox 2178 5045 2390 5098; x_wconf 81' lang='grc' dir='ltr'>Ἀλλαι.</span> <span class='ocrx_word' id='word_1_732' title='bbox 2424 5043 2486 5098; x_wconf 85' lang='grc' dir='ltr'><strong>Ρ.</strong></span> <span class='ocrx_word' id='word_1_733' title='bbox 2513 5043 2681 5095; x_wconf 77' lang='grc' dir='ltr'>Φόϐον</span> <span class='ocrx_word' id='word_1_734' title='bbox 2708 5043 2798 5112; x_wconf 78' lang='grc' dir='ltr'>ἔχε</span> <span class='ocrx_word' id='word_1_735' title='bbox 2835 5042 2970 5094; x_wconf 76' lang='grc' dir='ltr'>Θεοῦ</span> <span class='ocrx_word' id='word_1_736' title='bbox 3011 5043 3104 5094; x_wconf 70' lang='grc' dir='ltr'>καὶ</span> <span class='ocrx_word' id='word_1_737' title='bbox 3135 5043 3314 5098; x_wconf 78' lang='grc' dir='ltr'>πόθον.</span> 
     </span>
    </p>
   </div>
   <div class='ocr_carea' id='block_1_113' title="bbox 2173 5134 3287 5205">
    <p class='ocr_par' dir='ltr' id='par_1_113' title="bbox 2173 5134 3287 5205">
     <span class='ocr_line' id='line_1_113' title="bbox 2173 5134 3287 5205; baseline -0.002 -14"><span class='ocrx_word' id='word_1_738' title='bbox 2173 5136 2482 5203; x_wconf 72' lang='grc' dir='ltr'>Κεφάλαια.</span> <span class='ocrx_word' id='word_1_739' title='bbox 2515 5135 2574 5188; x_wconf 94' lang='grc' dir='ltr'><strong>Ρ.</strong></span> <span class='ocrx_word' id='word_1_740' title='bbox 2629 5134 2752 5186; x_wconf 83' lang='grc' dir='ltr'>Ἐὰν</span> <span class='ocrx_word' id='word_1_741' title='bbox 2791 5134 3080 5205; x_wconf 75' lang='grc' dir='ltr'>ὡφελήσῃς</span> <span class='ocrx_word' id='word_1_742' title='bbox 3107 5135 3246 5189; x_wconf 80' lang='grc' dir='ltr'>τινὰ.</span> <span class='ocrx_word' id='word_1_743' title='bbox 3281 5197 3287 5203; x_wconf 86' lang='lat'><strong>_</strong></span> 
     </span>
    </p>
   </div>
   <div class='ocr_carea' id='block_1_114' title="bbox 2185 5217 3669 5300">
    <p class='ocr_par' dir='ltr' id='par_1_114' title="bbox 2185 5217 3669 5300">
     <span class='ocr_line' id='line_1_114' title="bbox 2185 5217 3669 5300; baseline -0.006 -21"><span class='ocrx_word' id='word_1_744' title='bbox 2185 5225 2508 5296; x_wconf 78' lang='grc' dir='ltr'>Ἀσκητικά.</span> <span class='ocrx_word' id='word_1_745' title='bbox 2541 5224 2600 5279; x_wconf 85' lang='grc' dir='ltr'><strong>Ρ.</strong></span> <span class='ocrx_word' id='word_1_746' title='bbox 2630 5226 2692 5276; x_wconf 82' lang='lat' dir='ltr'><strong>Ol</strong></span> <span class='ocrx_word' id='word_1_747' title='bbox 2721 5224 2830 5296; x_wconf 75' lang='grc' dir='ltr'><strong>γὰρ</strong></span> <span class='ocrx_word' id='word_1_748' title='bbox 2865 5223 3230 5298; x_wconf 76' lang='grc' dir='ltr'>μετριώτερον</span> <span class='ocrx_word' id='word_1_749' title='bbox 3260 5228 3350 5280; x_wconf 76' lang='grc' dir='ltr'><strong>ἐπὶ</strong></span> <span class='ocrx_word' id='word_1_750' title='bbox 3383 5230 3502 5292; x_wconf 87' lang='grc' dir='ltr'>ταῖς</span> <span class='ocrx_word' id='word_1_751' title='bbox 3531 5217 3669 5300; x_wconf 50' lang='lat' dir='ltr'><strong>qui),</strong></span> 
     </span>
    </p>
   </div>
   <div class='ocr_carea' id='block_1_115' title="bbox 2103 5315 2666 5388">
    <p class='ocr_par' dir='ltr' id='par_1_115' title="bbox 2103 5315 2666 5388">
     <span class='ocr_line' id='line_1_115' title="bbox 2103 5315 2666 5388; baseline -0.004 -16"><span class='ocrx_word' id='word_1_752' title='bbox 2103 5321 2297 5388; x_wconf 86' lang='grc' dir='ltr'>φοραῖς</span> <span class='ocrx_word' id='word_1_753' title='bbox 2327 5315 2666 5386; x_wconf 81' lang='grc' dir='ltr'>ἀτυχοῦντες.</span> 
     </span>
    </p>
   </div>
   <div class='ocr_carea' id='block_1_116' title="bbox 2173 5408 3537 5484">
    <p class='ocr_par' dir='ltr' id='par_1_116' title="bbox 2173 5408 3537 5484">
     <span class='ocr_line' id='line_1_116' title="bbox 2173 5408 3537 5484; baseline 0.003 -20"><span class='ocrx_word' id='word_1_754' title='bbox 2173 5411 2462 5479; x_wconf 81' lang='grc' dir='ltr'>Κεφάλαια</span> <span class='ocrx_word' id='word_1_755' title='bbox 2488 5409 2757 5478; x_wconf 78' lang='grc' dir='ltr'>νηπτικά.,</span> <span class='ocrx_word' id='word_1_756' title='bbox 2775 5408 2834 5463; x_wconf 90' lang='grc' dir='ltr'><strong>Ρ.</strong></span> <span class='ocrx_word' id='word_1_757' title='bbox 2870 5410 3051 5463; x_wconf 83' lang='grc' dir='ltr'>Πάντα</span> <span class='ocrx_word' id='word_1_758' title='bbox 3085 5411 3184 5481; x_wconf 82' lang='grc' dir='ltr'><strong>μὲν</strong></span> <span class='ocrx_word' id='word_1_759' title='bbox 3208 5414 3309 5484; x_wconf 77' lang='grc' dir='ltr'><strong>ὁρᾷ</strong></span> <span class='ocrx_word' id='word_1_760' title='bbox 3335 5413 3364 5469; x_wconf 84' lang='lat'><strong>.6</strong></span> <span class='ocrx_word' id='word_1_761' title='bbox 3387 5414 3537 5477; x_wconf 75' lang='grc' dir='ltr'>Θεός.</span> 
     </span>
    </p>
   </div>
   <div class='ocr_carea' id='block_1_117' title="bbox 2175 5499 3666 5576">
    <p class='ocr_par' dir='ltr' id='par_1_117' title="bbox 2175 5499 3666 5576">
     <span class='ocr_line' id='line_1_117' title="bbox 2175 5499 3666 5576; baseline 0.005 -23"><span class='ocrx_word' id='word_1_762' title='bbox 2175 5499 2313 5571; x_wconf 73' lang='grc' dir='ltr'>Περὶ</span> <span class='ocrx_word' id='word_1_763' title='bbox 2345 5499 2607 5569; x_wconf 80' lang='grc' dir='ltr'>ἐργασίας</span> <span class='ocrx_word' id='word_1_764' title='bbox 2630 5499 2766 5562; x_wconf 79' lang='grc' dir='ltr'>νοός.</span> <span class='ocrx_word' id='word_1_765' title='bbox 2794 5499 2853 5558; x_wconf 73' lang='grc' dir='ltr'><strong>Ρ.</strong></span> <span class='ocrx_word' id='word_1_766' title='bbox 2887 5500 2996 5570; x_wconf 84' lang='grc' dir='ltr'><strong>Τὴν</strong></span> <span class='ocrx_word' id='word_1_767' title='bbox 3030 5502 3324 5576; x_wconf 66' lang='grc' dir='ltr'>ἀρχὴντῆς</span> <span class='ocrx_word' id='word_1_768' title='bbox 3356 5506 3495 5560; x_wconf 71' lang='grc' dir='ltr'>κατὰ</span> <span class='ocrx_word' id='word_1_769' title='bbox 3535 5509 3666 5560; x_wconf 63' lang='grc' dir='ltr'><strong>Θεέεν</strong></span> 
     </span>
    </p>
   </div>
   <div class='ocr_carea' id='block_1_118' title="bbox 2107 5590 2908 5662">
    <p class='ocr_par' dir='ltr' id='par_1_118' title="bbox 2107 5590 2908 5662">
     <span class='ocr_line' id='line_1_118' title="bbox 2107 5590 2908 5662; baseline 0.01 -24"><span class='ocrx_word' id='word_1_770' title='bbox 2107 5591 2370 5658; x_wconf 69' lang='grc' dir='ltr'>εἶιφελείαε</span> <span class='ocrx_word' id='word_1_771' title='bbox 2405 5590 2669 5642; x_wconf 77' lang='grc' dir='ltr'>ποιεῖσθαι</span> <span class='ocrx_word' id='word_1_772' title='bbox 2697 5591 2908 5662; x_wconf 80' lang='grc' dir='ltr'>ἔχομεν.</span> 
     </span>
    </p>
   </div>
  </div>
