4024 6218
312 238 377 305 δι
1556 241 1861 303 NOTI'I‘IA
1896 242 1979 301 IN
2011 242 2072 302 s.
2114 224 2382 309 NILUM.
3486 237 3554 302 52

383 346 447 413 Et
496 358 604 413 alia
654 359 986 425 minutiora,
1046 359 1272 428 ῥήσεις,
1326 356 1420 410 καὶ
1466 357 1689 427 χρήσεις
1729 356 1874 424 apud

315 452 494 507 varios
551 460 843 514 auctores,
877 462 1013 518 quias
1046 449 1302 516 colligere
1361 448 1568 517 poteris
1615 462 1680 501 ex
1726 447 1877 500 rebus

315 545 482 597 sacris
516 534 763 605 Leontii,
801 548 853 595 ct
887 539 1117 593 Joannis
1152 540 1594 610 presbyterorum
1636 554 1701 592 ex
1729 538 1878 591 Ana-

314 635 485 688 stasio
513 633 739 693 Sinaita,
773 646 837 684 ex
871 630 1036 683 variis
1078 627 1493 697 «paestionibus,
1525 643 1591 681 ex
1638 625 1876 679 Melissa;

385 725 649 778 Locorum
675 737 847 786 sacrae
874 720 1175 790 Scripturze
1200 719 1673 789 interpretationes
1700 716 1881 770 varias

314 831 375 868 ex
408 814 623 868 Catenis
659 813 711 866 in
756 810 1093 867 Exaemeron
1119 850 1132 873 ,
1176 811 1229 865 in
1263 809 1738 864 Deuteronomium
1761 846 1776 871 ,
1828 806 1880 859 in

314 905 531 969 Jobum,
567 904 621 957 in
664 902 934 967 Psalmos,
988 901 1040 955 in
1073 902 1298 957 Cantica
1347 903 1687 956 canticorum
1737 899 1881 969 apud

317 997 666 1063 Procopium,
710 995 761 1048 in
805 990 1177 1063 Evangelinm,
1218 1001 1272 1047 et
1308 992 1535 1056 Lucam,
1577 999 1630 1046 et
1659 989 1883 1060 potissi-

316 1100 461 1137 mum
500 1086 553 1137 in
587 1100 649 1138 ea
675 1124 689 1147 ,
734 1092 855 1152 quia
893 1092 977 1137 est
1015 1090 1268 1136 contexta
1306 1097 1334 1134 a
1369 1080 1606 1135 Macario
1647 1080 1885 1150 Chryso-

318 1177 546 1246 repbalo
598 1175 856 1244 episcopo
895 1171 1301 1242 Philadelphia,
1333 1180 1387 1228 et
1424 1170 1612 1226 Niceta
1651 1171 1885 1225 diacono

318 1264 521 1337 Magum
555 1262 833 1320 Ecclesiae.

392 1348 662 1411 Praeterea
696 1357 851 1427 plura
878 1355 1119 1423 ejusdem
1152 1355 1307 1425 legas
1326 1355 1378 1409 in
1404 1353 1633 1410 Joannis
1657 1353 1886 1409 Climaci

322 1446 504 1511 Scala,
555 1448 607 1501 in
649 1447 848 1517 lieloga
896 1446 1118 1501 Patrum
1161 1447 1291 1517 napi.
1327 1446 1539 1518 νήψεως
1572 1446 1669 1500 καὶ
1717 1462 1884 1517 προσ-

320 1537 626 1606 οχῆςΊηῑει·
662 1537 797 1591 alios
854 1544 1191 1589 memoratur
1234 1536 1396 1589 etiam
1444 1536 1597 1590 Nilus
1644 1544 1707 1589 ex
1756 1534 1889 1603 Epi-

323 1623 500 1689 stolis,
542 1623 594 1676 in
641 1616 822 1678 dubiis
852 1631 905 1677 et
949 1624 1317 1677 solutionibus
1347 1624 1415 1678 de
1453 1625 1620 1678 variis
1653 1622 1887 1679 Theolo-

321 1710 458 1779 gicis
487 1710 881 1779 quaestionibus
914 1726 977 1765 ex
1020 1713 1226 1766 sanctis
1262 1710 1538 1767 Pat‘ribus.
1575 1710 1635 1767 in
1670 1712 1887 1782 Eclogis

322 1802 600 1870 parallelis
623 1801 852 1857 Joannis
888 1802 1235 1865 Damasceni,
1269 1802 1418 1856 addit
1465 1798 1732 1857 Labbaaus
1764 1817 1885 1871 pag.

323 1892 462 1947 283:
488 1888 621 1946 Cum
649 1893 792 1945 dicta
822 1889 1047 1945 Patrum
1088 1893 1399 1955 laudantur,
1430 1893 1591 1945 etiam
1622 1891 1892 1945 sententia!

327 1981 446 2037 Nili
468 1999 621 2036 suum
645 1970 816 2037 locum
850 1982 1060 2037 habent.
1095 1980 1157 2035 Et
1191 1983 1571 2037 Bonaventura
1595 1982 1893 2037 Vulcanius

328 2074 393 2127 ad
434 2076 689 2129 lectorem
750 2075 805 2128 in
865 2074 969 2128 Nili
1026 2072 1538 2131 Thessalonicensis
1600 2083 1893 2130 tractatum

329 2164 405 2220 De
434 2167 667 2234 primatu
715 2179 884 2235 papte.
915 2195 982 2206 —
1019 2156 1086 2219 In
1118 2162 1377 2236 Catalogo
1430 2158 1753 2224 bibliothecae
1790 2166 1898 2223 Pa-

333 2255 583 2311 triarciue
610 2255 1209 2326 Constantinopolitani,
1240 2257 1477 2313 citantur
1508 2258 1629 2314 Nili
1655 2260 1899 2315 monachi

333 2347 603 2401 orationes
632 2347 809 2403 decem
835 2360 1027 2404 contra
1058 2349 1358 2404 Mahomed.

400 2437 461 2492 In
496 2436 731 2509 Philippi
762 2438 1005 2495 Solitarii
1041 2440 1260 2511 Dioptra
1306 2440 1598 2497 Latinitate
1640 2442 1841 2496 donata
1869 2458 1898 2496 a

330 2525 533 2585 Jacobo
556 2528 829 2594 Pontano,
854 2539 908 2585 et
926 2530 1237 2604 ingolstadii
1266 2532 1553 2602 impressa,
1571 2547 1714 2587 anno
1737 2530 1897 2599 1604',

333 2619 474 2685 in-t,
501 2621 641 2674 inter
662 2621 801 2677 alios
821 2618 1013 2679 Patres
1036 2622 1302 2678 adductos
1323 2624 1501 2678 locum
1524 2638 1691 2680 suum
1710 2624 1899 2693 habet,

330 2720 387 2767 et
423 2709 598 2767 Nilus.

404 2799 648 2856 Tandem
675 2798 836 2858 Nilus
874 2803 991 2872 ipse
1022 2802 1117 2857 lib.
1149 2819 1273 2869 xui,
1312 2804 1469 2873 epist.
1504 2806 1590 2871 Η,
1621 2804 1702 2858 Ad
1733 2805 1901 2876 Poly-

337 2894 615 2949 chronium
637 2892 922 2948 diaconum
967 2891 1136 2948 refert
1162 2910 1241 2958 se.
1277 2894 1672 2965 coeﬂlagitante
1702 2895 1901 2949 librum

337 2986 475 3041 satis
506 2985 743 3056 amplum
776 2984 909 3052 περὶ
946 2984 1347 3048 κατανύξεως.
1401 2983 1476 3038 De
1506 2987 1905 3053 compunctione

338 3076 721 3129 concinnasse.
752 3072 874 3128 Non
902 3073 1106 3129 dolebit
1131 3074 1281 3128 cordi
1307 3088 1427 3127 meo
1455 3074 1697 3143 epistolae
1724 3075 1902 3139 lectio,

339 3165 388 3222 si
423 3167 559 3221 bene
596 3167 749 3237 prius
781 3170 1140 3236 expurgatus,
1169 3165 1445 3234 rebusque
1475 3166 1770 3220 mundanis
1812 3180 1907 3223 su-

342 3259 526 3328 perior
559 3257 736 3313 factus
765 3273 847 3313 es.
885 3258 1065 3324 Quare
1094 3257 1183 3310 hic
1212 3271 1335 3311 eam
1364 3255 1463 3309 tibi
1494 3255 1635 3310 dabo
1664 3273 1677 3309 :
1709 3258 1907 3312 Μακα-

344 3349 477 3421 ρίζω
518 3368 577 3404 σε
609 3352 709 3421 τῆς
742 3350 878 3421 πρὸς
902 3349 1035 3402 Θεὸν
1066 3347 1271 3418 φιλίας,
1325 3350 1420 3401 καὶ
1450 3346 1544 3401 τοῦ
1582 3348 1782 3418 ἔρωτος
1812 3347 1907 3401 τοῦ

342 3440 621 3512 ἀφθάρτου
663 3442 759 3494 καὶ
796 3440 1087 3511 οὐρανίου,
1118 3439 1307 3493 καθότι
1338 3438 1466 3502 τοὺς
1505 3441 1633 3508 περὶ
1670 3439 1907 3492 κατανύ-

345 3531 478 3595 ξεως
503 3530 682 3602 ψυχῆς
719 3532 966 3593 ἀπαιτεῖς
997 3532 1144 3601 ἡμᾶς
1176 3530 1388 3598 λόγους.
1433 3530 1666 3598 Σημεῖον
1704 3529 1762 3581 δέ
1798 3529 1911 3583 ἐστί

344 3639 397 3674 τι
437 3623 677 3677 τοιοῦτον
711 3624 917 3693 αἴτημα
954 3622 1055 3692 τῆς
1100 3623 1158 3674 ἐν
1206 3622 1353 3692 ψυχῇ
1397 3620 1767 3691 καθαρότητος
1795 3636 1810 3651 ·
1849 3621 1910 3673 οὐ

355 3715 464 3786 γάρ
481 3716 596 3768 ἐστι
612 3715 855 3778 δυνατὸν,
878 3715 951 3785 μὴ
977 3712 1242 3784 πρότερον
1274 3710 1683 3781 ἐκκαθαρθέντα
1710 3710 1910 3773 καλῶς,

345 3808 439 3861 καὶ⁵
475 3806 582 3860 τῶν
612 3806 876 3876 βιωτικῶν
912 3806 1165 3859 ἁπάντων
1191 3802 1461 3874 ἀνώτερον
1485 3803 1799 3871 γενόμενον,
1828 3804 1909 3864 εἰς

344 3898 550 3969 ταύτην
584 3899 691 3952 τῶν
724 3899 897 3965 λόγων
930 3898 1028 3967 τὴν
1065 3895 1360 3965 ἐπιθυμίαν
1389 3893 1583 3947 ἐλθεῖν.
1621 3895 1730 3947 Καὶ
1759 3893 1914 3946 τοῦτο

350 3989 530 4061 ῥᾴδιον
566 3988 797 4042 συνιδεῖν
827 3990 890 4039 ἐκ
927 3987 1035 4040 τῶν
1062 3985 1158 4039 καὶ
1189 3983 1325 4057 πρὸς
1360 3983 1538 4052 ὀλίγον
1580 3984 1753 4054 τούτῳ
1792 4000 1917 4035 κατ-

354 4080 626 4150 εχομένων
664 4079 743 4150 τῷ
794 4078 957 4149 ἔρωτι
983 4091 998 4105 ’
1037 4078 1088 4130 οἳ
1138 4076 1409 4145 τοσαύτην
1438 4075 1635 4145 ἀθρόον
1672 4074 1917 4144 δέχονται

350 4170 447 4237 τὴν
479 4167 802 4237 μεταϐολὴν,
832 4166 905 4229 ὡς
922 4166 1119 4228 εὐθέως
1154 4165 1291 4234 πρὸς
1311 4164 1538 4236 οὐρανὸν
1564 4165 1918 4233 μεταστῆναι,

353 4260 447 4312 καὶ
492 4259 861 4329 αἰθεροϐατεῖν
910 4259 977 4326 τῇ
1023 4256 1275 4325 μακαρία⁴
1311 4254 1525 4326 γνώμῃ.
1568 4255 1730 4306 Ὅθεν
1784 4271 1918 4324 προ-

354 4351 541 4419 θύμως
581 4348 690 4418 ἐγὼ
718 4349 1008 4418 δεξάμενος
1033 4348 1095 4401 τὸ
1128 4348 1408 4417 ἐπίταγμα
1434 4348 1534 4417 τῆς
1560 4347 1659 4416 σῆς
1695 4347 1922 4417 εἱλικρι-

356 4439 478 4505 νοῦς
522 4442 781 4511 ἀγάπης,
839 4439 1042 4510 βιϐλίον
1077 4439 1373 4509 ὁλόκληρον
1405 4438 1533 4508 περὶ
1573 4434 1917 4501 κατανύξεως

366 4532 631 4598 συντάξας
680 4531 998 4587 ἀπέσταλκα
1054 4532 1182 4602 ὑμῖν
1232 4549 1289 4586 τε
1345 4529 1440 4583 καὶ
1490 4531 1601 4592 τοῖς
1647 4529 1743 4581 σὺν
1795 4530 1923 4599 ὑμῖν

355 4626 692 4698 διατρίϐουσι
723 4624 898 4693 φίλοις
927 4624 1225 4687 Θεοσεόἑσι,
1250 4621 1513 4677 δυσωπῶν
1547 4620 1641 4675 καὶ
1673 4638 1925 4692 παρακα⁴

357 4722 463 4773 λῶν
496 4722 659 4789 ὑμᾶς,
691 4717 1005 4790 παρρησίαν
1044 4717 1179 4787 πρὸς
1216 4716 1305 4769 τὸν
1340 4714 1472 4768 Θεὸν
1518 4713 1764 4784 ἔχοντας,
1802 4716 1921 4776 ταῖς

357 4811 532 4873 ὁσίαις
562 4810 716 4879 ὑμῶν
756 4808 1096 4877 ἀμείψασθαι
1132 4809 1476 4876 προσευχαῖς.
1514 4805 1752 4857 Δύνασοε
1792 4804 1923 4875 γὰρ,

359 4900 417 4954 εὖ
457 4898 595 4965 οἶδα,
624 4902 762 4970 ὑπὲρ
791 4899 948 4970 ήμῶν
980 4898 1317 4964 ἐξιλεοῦσθαι
1355 4897 1415 4949 τὸ
1448 4898 1601 4950 Θεῖον
1630 4911 1647 4929 ο
1679 4896 1756 4951 0b
1789 4898 1927 4950 ami-

361 4998 541 5047 citiam
598 5011 718 5063 erga
772 4992 977 5054 Deum,
1038 4989 1551 5059 amoremquelnulli
1600 4989 1927 5057 corruptioni

362 5088 670 5143 obnoxium.
704 5103 766 5138 ac
789 5085 1068 5148 ctelestem,
1104 5082 1438 5151 fortunatum
1463 5090 1511 5134 te
1530 5079 1715 5149 judico
1747 5096 1765 5133 :
1791 5080 1928 5149 quod

362 5196 393 5231 α
429 5176 576 5229 nobis
608 5174 674 5228 de
710 5174 1109 5243 compunctione
1154 5171 1320 5224 animi
1364 5170 1619 5224 sermonis
1663 5171 1927 5238 exposcis.

362 5272 491 5323 ch
520 5280 694 5321 autem
718 5266 1024 5338 efﬂagitatio
1051 5265 1358 5334 puritatem,
1396 5277 1512 5331 qua:
1543 5263 1594 5315 in
1620 5264 1798 5314 animo
1829 5270 1927 5327 est,

366 5362 588 5414 indicat.
642 5358 822 5429 Neque
867 5358 1005 5411 enim
1061 5356 1178 5425 ﬁeri
1212 5362 1415 5424 potest,
1456 5363 1515 5406 ut
1569 5353 1650 5418 is,
1699 5352 1790 5422 qui
1828 5370 1929 5407 non

364 5455 509 5519 prius
538 5459 861 5522 expurgatus
896 5447 1047 5513 bene,
1100 5446 1350 5515 rebusque
1380 5443 1620 5497 omnibus
1648 5443 1931 5496 mundanis

365 5547 605 5614 superior
636 5543 809 5611 factus
839 5548 917 5594 est
939 5580 952 5604 ,
985 5540 1040 5591 in
1089 5553 1388 5593 sermonum
1441 5533 1696 5588 similium
1729 5532 1933 5588 deside-

367 5640 500 5690 rium
537 5637 755 5687 inridat.
800 5631 960 5699 quue
993 5647 1054 5684 ex
1084 5631 1168 5698 iis,
1203 5631 1289 5696 qui
1322 5626 1395 5682 vel
1432 5626 1646 5679 minimo
1686 5628 1930 5692 temporis

1980 355 2264 410 intervallo
2289 356 2555 426 ejusmodi
2596 372 2773 410 antore
2800 356 3182 425 corripiuntur,
3220 354 3377 423 facile
3408 372 3568 411 comm

1979 447 2226 514 pre/tendi
2259 457 2469 516 potest,
2521 464 2641 501 cum
2691 447 2835 501 illico
2884 456 3087 500 tantam
3135 448 3554 503 immutationem

1983 532 2308 593 admittant,
2350 547 2407 587 ut
2438 536 2619 587 statim
2677 535 2730 587 in
2780 534 2965 589 ctelum
3010 535 3454 603 transrehantur,
3507 548 3556 590 et

1983 621 2137 675 beata
2164 634 2335 678 mente
2378 626 2698 694 gradiantur
2741 626 2793 678 in
2839 626 3045 679 artltere.
3079 627 3214 679 Hinc
3254 626 3359 692 ipsi
3406 628 3552 682 avide

1983 715 2205 769 sincera:
2236 727 2344 768 tua:
2399 716 2653 769 dictionis
2688 716 2963 783 imperium
3016 716 3309 783 arripiens,
3356 715 3551 769 librum

1984 802 2246 873 integrum
2279 805 2341 859 de
2384 806 2780 871 compunctione
2809 804 3180 858 concinnatum
3219 804 3385 868 vobis,
3419 807 3559 861 illis-

1985 908 2102 963 que,
2153 895 2245 964 qui
2293 910 2400 948 una
2453 910 2571 947 cum
2624 894 2765 948 vobis
2804 905 3222 960 commorantur,
3275 896 3556 950 iis‘a'micis

1987 988 2283 1053 transmisi,
2319 988 2577 1040 instanter
2606 998 2808 1050 petens,
2842 1002 3132 1058 rogansque
3161 1004 3269 1050 vos,
3299 989 3391 1057 qui
3418 990 3559 1056 apud

1985 1078 2153 1132 Deum
2199 1080 2255 1132 in
2302 1079 2484 1150 aliqua
2532 1081 2654 1133 estis
2701 1080 3055 1143 auctoritate,
3105 1080 3275 1133 sacris
3318 1080 3557 1147 precibus

1986 1168 2275 1223 mercedem
2315 1173 2613 1237 rependere.
2649 1168 2875 1223 Potestis
2905 1170 3079 1234 enim,
3110 1170 3249 1238 quod
3280 1168 3406 1223 bene
3437 1170 3582 1232 novi,

1984 1258 2189 1315 Numen
2218 1261 2368 1314 nobis
2409 1261 2694 1329 propitium
2724 1259 2958 1313 reddere.

2058 1349 2123 1402 Et
2155 1350 2224 1403 de
2258 1350 2485 1419 scriptis
2513 1350 2741 1419 hujusce
2770 1350 2872 1403 viri
2905 1358 3167 1416 praeterea
3191 1346 3405 1409 addam,
3437 1360 3561 1415 qua:

1986 1439 2329 1509 Nicephorus
2378 1430 2679 1494 Ηίθεοι-ἴαν.
2728 1440 2822 1495 lib.
2858 1452 2970 1502 xw,
3010 1454 3135 1508 cap.
3191 1439 3282 1507 54,
3313 1437 3507 1493 scribit
3543 1455 3556 1491 :

1992 1528 2237 1601 Ἀριστοι
2259 1529 2315 1583 δέ
2337 1530 2500 1583 αὐτοῦ
2524 1532 2617 1584 καί
2641 1530 2820 1601 ἕτεροι
2838 1530 2987 1599 λόγοι
3018 1529 3365 1601 πεποίηνται,
3397 1545 3560 1581 πνευσ-

1992 1622 2228 1693 ματικῆς
2262 1624 2361 1675 οὐκ
2394 1624 2611 1693 ἄμοιροι
2645 1622 2866 1693 χάριτος
2886 1639 2899 1652 ·
2948 1617 3023 1677 ὧν
3055 1618 3207 1693 οἶμαι
3247 1622 3466 1675 πάντων
3494 1620 3563 1673 τὰ

1990 1712 2183 1783 πρῶτα
2224 1713 2480 1783 φέρεσθαι
2518 1714 2577 1766 ὃν
2624 1713 2760 1785 πρὸς
2787 1713 3056 1783 ’Έλληνας
3094 1712 3425 1783 ἐπιγράφει,
3467 1713 3562 1767 καὶ

1995 1802 2064 1855 τὰ
2099 1803 2236 1873 πρὸς
2276 1803 2554 1871 Εὐλόγιον.
2610 1803 2892 1872 Κεφάλαια
2942 1804 3000 1856 δὲ
3054 1803 3374 1869 συντάττει,
3425 1801 3561 1855 ἄλλα

1994 1894 2092 1965 μὲν
2115 1896 2193 1958 εἰς
2216 1895 2415 1957 πλάτος
2439 1896 2757 1965 ἠπλωμὲνα,
2778 1895 2947 1950 πολλὰ
2967 1897 3023 1950 δὲ
3043 1893 3345 1964 συντεμὼν,
3369 1894 3563 1948 εὐσύν-

1990 2000 2153 2037 οπτον
2203 1979 2314 2038 οἷον
2366 1985 2460 2037 καὶ
2499 1986 2788 2057 πρόχειρον
2846 1987 2940 2039 τὸν
2992 1986 3366 2056 πνευματικὸν
3421 2002 3556 2055 καρ-

1991 2076 2093 2130 πὸν
2126 2116 2141 2141 ,
2202 2071 2312 2131 οἷόν
2365 2095 2418 2131 τι
2467 2078 2666 2149 νέκταρ
2710 2077 2743 2149 ἢ
2794 2077 3099 2149 ἀμϐροσίαν
3153 2077 3560 2150 προϐάλλεται·

1993 2167 2146 2224 Alios
2189 2168 2316 2225 item
2351 2168 2515 2225 libras
2546 2170 2792 2240 optimos,
2838 2168 3003 2225 edidit
3044 2169 3342 2239 spiritualis
3376 2168 3563 2239 gratia:

1996 2276 2103 2315 non
2151 2271 2405 2329 expertes.
2443 2259 2596 2315 Inter
2652 2278 2781 2331 quos
2832 2263 3033 2329 primas
3078 2278 3198 2316 eum
3243 2260 3379 2329 ferre
3411 2270 3558 2328 puto,

1995 2365 2149 2418 quem
2185 2350 2439 2404 adversus
2483 2352 2700 2421 gentiles
2740 2351 2993 2419 scripsit,
3043 2360 3090 2405 et
3126 2368 3341 2405 rursum
3370 2351 3457 2421 qui
3498 2350 3562 2403 ab

1994 2456 2053 2493 eo
2084 2440 2159 2494 ad
2184 2440 2469 2510 Eulogium
2511 2443 2790 2511 compositi
2833 2450 2973 2497 sunt.
3012 2441 3207 2509 Capita
3248 2451 3422 2495 autem
3456 2443 3567 2495 col-

1997 2531 2152 2603 legit,
2199 2533 2382 2605 aliqua
2428 2533 2635 2605 quidem
2691 2532 2897 2603 fusius,
2939 2532 3109 2586 multa
3148 2531 3568 2601 compendiosius

1999 2634 2234 2678 tractata
2268 2640 2287 2677 :
2321 2626 2376 2677 in
2423 2624 2610 2694 quibus
2665 2625 2999 2692 spiritualem
3052 2624 3283 2693 [ructu'm
3308 2664 3323 2687 ,
3356 2622 3571 2692 perinde

2000 2724 2154 2783 atque
2209 2724 2409 2776 nectar,
2458 2724 2549 2767 aut
2580 2715 2902 2768 ambrosiam
2947 2716 3208 2785 aliquam,
3241 2717 3410 2769 oculis
3442 2714 3568 2768 sub-

1992 2807 2211 2876 jectum,
2254 2809 2328 2860 ita
2360 2815 2419 2859 ut
2448 2806 2608 2875 facile
2638 2809 2837 2875 percipi
2878 2810 3077 2877 possit,
3112 2809 3408 2876 proposuit.

2069 2897 2217 2953 Inter
2249 2899 2453 2969 scripta
2530 2902 2703 2954 nostri
2737 2898 2867 2961 Nili,
2916 2901 3137 2969 quidam
3182 2901 3311 2954 illud
3353 2914 3573 2969 quoque

2001 2992 2259 3045 videntur
2316 3005 2620 3052 recensere,
2655 2990 2799 3058 quod
2847 2991 2949 3045 sub
2980 2990 3211 3059 Epicteti
3264 2990 3570 3060 philosophi

2004 3082 2224 3138 nomine
2250 3082 2448 3151 sa’pius
2480 3080 2686 3134 editum
2713 3088 2831 3142 est,
2880 3082 3420 3151 przenominaturque
3462 3080 3574 3134 Eu-

2005 3173 2286 3238 cltiridion,
2316 3181 2370 3226 et
2405 3187 2436 3225 a
2474 3171 2730 3241 plurimis
2782 3170 3123 3227 doctissimis
3168 3173 3324 3234 viris,
3372 3173 3577 3243 Angela

2006 3265 2301 3325 Politiano,
2349 3260 2557 3316 Thema
2611 3258 2943 3333 Nogiorgio,
2976 3256 3335 3334 Hieronymo
3378 3262 3578 3317 Wollio

2006 3357 2252 3414 eGrazco
2282 3356 2334 3409 in
2398 3352 2654 3408 Latinum
2710 3370 3033 3409 conversum
3091 3363 3145 3409 et
3200 3355 3402 3425 smpius
3448 3371 3577 3423 pro-

2009 3450 2333 3519 mulgatum,
2370 3456 2425 3502 et
2456 3442 2675 3500 tandem
2709 3461 2834 3500 cum
2879 3444 3080 3500 Cebetis
3114 3445 3342 3510 Tabula,
3377 3456 3427 3499 et
3455 3447 3577 3500 aliis

2008 3554 2116 3591 una
2143 3554 2263 3589 cum
2305 3535 2427 3590 Vita
2472 3536 2812 3606 Pythagorae,
2862 3535 3136 3589 sententiis
3174 3535 3242 3588 ad
3272 3536 3584 3605 intelligibi-

2012 3630 2083 3682 lia
2108 3628 2438 3701 ducentibus,
2475 3637 2524 3682 et
2556 3637 2713 3681 antro
2744 3625 3135 3698 Nympharum,
3159 3625 3297 3696 quod
3327 3628 3380 3680 in
3412 3626 3581 3696 Odys-

2011 3736 2100 3772 sea
2149 3717 2486 3783 describitur,
2535 3719 2751 3779 studio,
2803 3726 2857 3771 et
2920 3712 3203 3787 diligentia
3252 3717 3582 3783 clarissimi,

2012 3811 2484 3878 ertttiitissimique
2544 3810 2701 3866 Lucae
2747 3808 3053 3874 liolstenii,
3098 3806 3463 3880 (Iantabrigia:
3497 3818 3585 3880 ty-

2012 3902 2100 3971 pis
2156 3900 2449 3954 academiae
2511 3900 2775 3968 impensis
2840 3898 3070 3953 Joannis
3136 3897 3391 3962 Morden,
3439 3914 3589 3953 anno

2016 3986 2175 4051 16.35,
2216 3989 2355 4042 iii-8.
2388 3986 2452 4040 Et
2479 3989 2605 4053 quia
2634 3985 2887 4040 Politiani
2926 3986 3164 4052 codices,
3204 3984 3409 4056 quibus
3440 3985 3584 4037 idem

2017 4080 2291 4149 interpres
2341 4094 2473 4132 usus
2524 4078 2733 4138 fuerat.
2786 4076 3109 4131 videbantur
3146 4092 3267 4131 esse
3307 4076 3586 4144 corrupti,

2019 4178 2079 4225 ut
2114 4184 2253 4225 verte
2295 4170 2583 4225 sententia:
2631 4170 2719 4221 vir
2765 4170 2899 4222 alias
2964 4168 3016 4221 in
3071 4168 3333 4221 vertendo
3376 4166 3500 4219 felix
3537 4176 3591 4218 et

2020 4262 2402 4322 doctissimus,
2446 4259 2535 4312 vix
2589 4259 2843 4311 umbram
2892 4258 2964 4312 sit
3015 4264 3328 4316 assecutus,
3358 4272 3421 4310 ex
3455 4256 3591 4307 alte-

2019 4353 2137 4407 rius
2186 4350 2642 4421 interpretatione
2696 4362 2868 4417 pauca
2914 4348 3003 4402 illa
3037 4346 3292 4401 Politiani
3342 4346 3585 4415 suppleta

2023 4442 2421 4495 suntﬁenevm
2484 4439 2625 4509 apud
2688 4438 2932 4493 hmrcdes
2997 4436 3281 4491 Eustachii
3348 4434 3585 4504 Vignon,

2024 4533 2181 4593 1594,
2218 4531 2357 4585 iii-8.

2097 4622 2213 4677 Hoc
2280 4621 2651 4688 Enchiridion,
2723 4620 2961 4690 demptis
3026 4628 3209 4674 tamen
3277 4616 3592 4679 nonnullis,
3686 4614 3691 4617 “

2026 4730 2147 4787 quae
2199 4714 2572 4784 gentilisnium
2630 4721 2921 4783 saperent,
2974 4712 3199 4766 deorum
3249 4725 3444 4779 nempe
3492 4722 3598 4762 no-

2028 4808 2303 4866 minibus,
2355 4805 2541 4869 lovis,
2576 4805 2735 4868 Fati,
2771 4803 3059 4869 Fortunae,
3108 4811 3163 4857 et
3198 4802 3431 4856 aliorum
3474 4800 3599 4869 phi-

2028 4898 2380 4967 l050phorum
2430 4895 2737 4966 gentilium,
2778 4902 2917 4954 etc.,
2970 4902 3024 4945 et
3072 4890 3355 4944 nonnullis
3400 4888 3599 4939 inunu-

2031 4991 2161 5043 tatis
2220 4989 2284 5043 ad
2334 4987 2660 5042 sententiam
2713 4985 3110 5046 honestiorem,
3148 4990 3201 5035 ct
3248 4981 3559 5050 probiorem
3582 4966 3616 5041 ,ἶ

2031 5089 2083 5133 et
2122 5079 2460 5132 Christianis
2498 5075 2770 5129 institutis
2822 5072 3327 5128 convenientiorem
3381 5058 3659 5139 legiturf,

2032 5172 2133 5225 Sed
2167 5171 2209 5223 si
2243 5170 2440 5223 molem
2494 5167 2617 5222 libri
2670 5167 2924 5220 conferas
2973 5181 3095 5218 cuin
3128 5164 3413 5223 alteratis,
3469 5142 3691 5243 patri:

2033 5263 2157 5315 cula
2208 5262 2544 5322 indicantur,
2601 5259 2711 5311 imo
2755 5258 2998 5311 colorem
3055 5258 3221 5308 etiam
3266 5262 3320 5306 et
3362 5252 3600 5320 speciem
3640 5237 3657 5247 ’

2035 5355 2356 5426 pristinam,
2395 5368 2557 5423 quam
2600 5354 2711 5405 illis
2739 5352 2889 5406 dedit
2937 5351 3147 5419 primus
3173 5358 3373 5400 auctor
3406 5384 3420 5407 ,
3466 5343 3599 5394 reti-

2036 5454 2199 5509 nent,
2235 5452 2296 5497 ut
2334 5454 2441 5498 non
2477 5442 2624 5498 aliud
2659 5460 2782 5499 esse
2825 5443 3192 5497 existimetur.
3235 5435 3391 5504 Quod
3433 5444 3461 5486 a'
3494 5432 3603 5485 Nili

2037 5537 2209 5592 nostri
2272 5535 2526 5604 genuinis
2603 5536 2803 5590 fetibus
2872 5535 3110 5586 alienum
3172 5542 3290 5593 est,
3371 5526 3607 5591 ideoque

2040 5627 2353 5699 ambiguum
2405 5626 2658 5681 habetur.
2714 5626 2783 5681 Ut
2836 5625 3104 5695 siquidem
3139 5638 3253 5675 rem
3307 5620 3498 5681 l'utcar,
3548 5614 3603 5669 in
