4024 6218
364 181 438 241 53
1390 200 1405 209 '
1587 190 1895 252 ΝΟΤΙΤΙΑ
1927 194 1929 251 ξ

2049 193 2106 253 s.
2140 194 2411 256 NILUM.
3024 184 3027 185 ί
3552 206 3619 269 si

369 290 678 344 immutatis
711 304 888 359 neque
917 305 1167 357 succum,
1200 310 1374 364 neque
1399 297 1642 353 colorem
1678 300 1946 354 dictionis

368 380 615 443 Nilauae,
654 396 831 451 neque
880 386 1120 452 speciem
1175 386 1480 443 intuemur.
1521 390 1585 445 Et
1626 389 1784 445 Nilus
1812 394 1947 449 alias

367 470 904 538 eloquentissimus,
947 482 1000 528 ct
1048 474 1377 532 Christianae
1415 481 1779 552 philosophiae
1818 500 1947 554 pro—

370 576 496 616 nius
526 562 747 616 condus
772 603 788 629 ,
826 572 888 617 ut
912 579 978 618 ex
1010 566 1135 620 aliis
1167 569 1283 624 suis
1328 572 1553 641 scriptis
1581 572 1946 641 deprehendi-

371 664 483 716 tur,
512 668 620 707 non
677 654 897 707 videtur
955 658 1266 714 verosimile
1296 674 1325 713 a
1373 662 1558 717 Stoica
1596 665 1946 735 philosophia

370 744 629 812 praesidia
664 746 787 799 vitae
813 745 1147 803 Christiana:
1183 752 1529 808 emendasse.
1571 755 1637 808 Et
1668 759 1947 824 quomodo

369 835 423 887 id
484 850 649 903 agere
703 835 1066 892 sustinuisset
1132 840 1219 893 vir
1278 841 1603 900 Christiana:
1664 847 1945 916 religionis

367 925 652 994 exemplar
715 926 1075 995 ipsissimum.
1137 928 1337 986 Annon
1406 934 1463 988 in
1524 935 1706 991 alieno
1772 938 1944 993 choro

370 1016 567 1084 pedem
621 1016 939 1084 posuisset,
998 1019 1043 1072 si
1079 1034 1142 1072 ex
1215 1023 1501 1091 gentilium
1556 1026 1835 1092 moribus,
1889 1038 1944 1085 et

372 1106 556 1159 Stoica
588 1106 945 1176 philosophia
974 1112 1194 1166 Ascetis
1238 1114 1461 1169 modum
1496 1118 1777 1187 imponere
1805 1136 1942 1178 con-

369 1196 686 1251 stituisset?
724 1196 792 1250 Et
833 1200 1109 1265 quomodo
1142 1202 1236 1270 qui
1291 1204 1346 1258 in
1402 1206 1507 1262 hoc
1553 1217 1793 1264 tractatu
1844 1227 1941 1267 no-

368 1284 521 1336 mina
561 1286 919 1354 antiquorum
980 1289 1430 1359 philosophorum
1486 1296 1563 1351 ita
1612 1308 1939 1369 aspernatus

367 1383 492 1439 est,
542 1385 708 1446 atque
758 1378 1078 1446 abhorruit,
1132 1392 1191 1436 ut
1243 1398 1308 1440 ea
1352 1386 1483 1443 data
1516 1404 1685 1458 opera
1727 1406 1795 1446 ex
1836 1393 1940 1447 hoc

370 1474 617 1521 tractatu
659 1469 962 1537 deleverit,
1014 1472 1084 1525 ab
1147 1472 1343 1530 iisdem
1393 1492 1666 1551 praecepta
1723 1484 1937 1539 vivendi

370 1559 624 1615 omnibus
654 1560 882 1615 virtutis
912 1563 1154 1620 numeris
1184 1566 1626 1635 absolutissima,
1658 1583 1714 1628 et
1738 1576 1938 1643 quibus

374 1645 515 1701 nihil
559 1657 811 1717 poterat,
862 1651 944 1705 vel
981 1652 1150 1718 addi,
1186 1656 1269 1710 vel
1299 1657 1466 1723 demi,
1497 1664 1746 1729 petiisset
1772 1665 1795 1716 ?
1824 1667 1936 1719 An.-

370 1752 476 1791 non
528 1739 580 1793 id
636 1740 829 1795 inisset
867 1743 1165 1813 callidum,
1218 1758 1272 1803 et
1314 1749 1575 1820 frigidum
1627 1768 1693 1808 ex
1744 1754 1935 1811 eodem

366 1843 460 1882 ore
481 1828 706 1884 eﬂlare?
734 1829 858 1885 Vidi
889 1831 1009 1902 ipse
1035 1837 1470 1908 manuscriptum
1504 1840 1749 1897 codicem
1785 1843 1937 1899 Grae-

363 1932 520 1985 cum,
552 1920 820 1991 illumque
867 1924 1305 1982 vetustissimum
1366 1928 1471 1983 Nili
1515 1933 1723 2002 scripta
1770 1950 1934 2003 opera

365 2011 787 2068 continentem:
826 2013 881 2068 in
910 2030 999 2069 eo,
1027 2016 1233 2089 singuli
1280 2027 1551 2076 tractatus
1577 2060 1592 2085 ,
1634 2025 1799 2079 etiam
1831 2027 1936 2080 mi-

366 2100 864 2157 nutioresintixum
916 2104 1119 2161 habent
1173 2124 1371 2164 nomen
1421 2109 1564 2177 Nili,
1613 2115 1718 2167 alia
1767 2117 1930 2171 etiam

368 2196 422 2245 et
447 2191 503 2244 in
538 2191 649 2246 line
699 2195 1089 2265 postpositum.
1139 2198 1199 2253 In
1234 2199 1564 2267 Enchiridia,
1614 2208 1759 2276 quod
1789 2208 1935 2264 inter

373 2277 501 2334 illos
532 2280 832 2363 legebatur,
876 2300 1055 2354 neque
1108 2287 1161 2343 in
1194 2286 1398 2355 fronte,
1450 2309 1627 2364 neque
1677 2297 1732 2350 in
1780 2299 1933 2354 calce

377 2382 448 2421 eo
472 2371 695 2425 nomine
725 2373 1064 2444 obsignatum
1082 2420 1106 2448 λ
1134 2385 1515 2437 tantummodo
1560 2386 1693 2442 illud
1731 2389 1933 2445 refero,

368 2458 499 2525 hat,
550 2460 864 2535 Ἐπικτήτου
901 2468 1283 2539 Ἐγχειρίδιον,
1310 2472 1537 2542 Epicteti
1562 2476 1927 2536 Enchiridion.

362 2546 481 2603 Non
511 2565 636 2606 esse
672 2552 782 2609 Nili
828 2557 1123 2623 videlicet,
1178 2564 1275 2618 sed
1322 2565 1588 2633 Epicteti,
1618 2584 1647 2621 a
1680 2586 1931 2639 quocun-

359 2657 470 2710 que
526 2646 603 2700 sit
641 2646 917 2705 vitiatum.
975 2650 1128 2705 Adde
1180 2652 1289 2706 his.
1332 2653 1408 2711 lta
1444 2656 1547 2712 hoc
1581 2657 1930 2717 Encln‘ridion

357 2733 607 2802 Epicteti,
646 2752 774 2792 cum
810 2755 898 2806 eo,
950 2743 1095 2812 quod
1152 2743 1277 2800 Nilo
1326 2747 1515 2802 nescio
1559 2765 1675 2819 qua
1716 2752 1931 2807 ratione

354 2826 739 2895 adjudicatur,
787 2833 1038 2889 eamdem
1085 2834 1260 2889 labem
1296 2852 1529 2906 passum.
1568 2841 1763 2897 fuisse.
1793 2844 1927 2899 Cum

354 2917 426 2970 de
456 2918 553 2972 illo
597 2936 708 2974 non
751 2922 1070 2979 inconsulto
1123 2935 1395 2983 statutum
1456 2930 1775 3004 dictumque
1823 2936 1929 3000 sit,

352 3005 593 3074 Epicteti
627 3027 737 3067 non
790 3030 934 3070 esse.
982 3016 1119 3071 Mihi
1167 3019 1241 3073 sit
1296 3036 1417 3091 prae
1454 3026 1712 3082 omnibus
1764 3031 1930 3083 unius

354 3096 632 3168 Simplicii
695 3107 1022 3171 auctoritas,
1076 3110 1175 3180 qui
1219 3110 1552 3171 Praefatione
1599 3116 1665 3171 in-
1707 3119 1926 3175 dictum

355 3188 706 3247 Euchiridion
745 3197 827 3250 sic
893 3199 1086 3254 scribit
1119 3219 1133 3255 :
1170 3202 1406 3259 Arianus
1446 3207 1607 3261 vitam
1648 3219 1700 3263 et
1729 3211 1928 3266 obitum

347 3281 589 3349 Epicteti
623 3287 846 3351 prolixis
885 3292 1050 3344 verbis
1087 3301 1165 3347 est
1206 3306 1527 3362 persecutus.
1564 3297 1711 3355 Unde
1738 3318 1930 3370 sagmi-

354 3375 439 3427 sci
460 3385 665 3441 potest,
696 3381 787 3448 qui
814 3381 893 3435 vir
934 3383 1027 3436 ille
1057 3385 1238 3451 fuerit.
1276 3384 1425 3441 Idem
1453 3388 1689 3445 Ariauus
1714 3405 1767 3447 et
1792 3394 1927 3448 hunc

345 3464 624 3533 libellum,
654 3471 793 3539 quod
851 3472 1199 3531 Eucltiridion
1238 3479 1563 3545 inscribitur,
1601 3488 1927 3554 composuit:

343 3557 544 3610 deinde
598 3559 756 3615 lectis
805 3579 870 3615 ex
924 3563 1147 3633 Epicteti
1193 3572 1522 3627 sermonibus
1580 3575 1929 3645 philosophice

344 3645 485 3698 locis
533 3651 761 3703 maxime
800 3657 1144 3722 necessariis,
1199 3668 1250 3712 et
1285 3663 1490 3717 animos
1519 3680 1551 3717 (ι
1576 3669 1926 3733 permanenti-

345 3734 482 3795 bus,
519 3746 575 3788 ut
620 3739 727 3805 ipse
771 3751 995 3796 testatur
1032 3748 1087 3799 in
1129 3750 1352 3816 epistola
1400 3753 1470 3806 ad
1520 3755 1923 3826 Masgalenum,

339 3826 443 3877 cui
499 3844 629 3892 opus
682 3832 853 3899 ipsum
892 3834 1154 3892 dedicavit
1192 3851 1251 3895 ut
1300 3845 1624 3900 amicissimo
1674 3865 1808 3911 suo,
1876 3861 1924 3903 et

338 3916 588 3970 maximo
643 3923 813 3985 operis
869 3924 1208 3985 admiratori.
1274 3931 1406 3996 Qua:
1461 3934 1624 4001 ferme
1667 3938 1847 3991 eadem
1875 3950 1925 3993 et

336 4004 538 4057 iisdem
575 4009 842 4064 vocabulis
880 4018 1109 4082 sparsim
1156 4020 1210 4072 in
1240 4020 1433 4075 Ariani
1469 4026 1681 4092 scriptis
1704 4027 1767 4080 de
1800 4027 1927 4093 Epi-

333 4094 477 4145 ειειί
489 4097 959 4154 exercitationibus
990 4104 1321 4160 inveniuntur
1342 4126 1360 4162 :
1388 4111 1523 4182 Περὶ
1555 4112 1652 4181 μὲν
1679 4115 1773 4167 τοῦ
1806 4115 1922 4186 βίου

331 4182 445 4235 τοῦ
486 4185 817 4259 Ἐπικτήτου
851 4194 946 4247 καὶ
980 4196 1078 4265 τῆς
1112 4198 1275 4251 αὑτοῦ
1333 4200 1587 4273 τελευτῆς
1641 4206 1922 4277 Ἀρριανὸς

330 4277 613 4347 ἔγραψεν,
635 4282 663 4333 ὁ
687 4282 783 4347 τὰς
826 4285 1150 4358 Ἐπικτήτου
1174 4289 1455 4361 διατριϐὰς
1481 4296 1538 4346 ὲν
1577 4297 1919 4369 πολυστίχοις

328 4370 751 4440 συνταξάμενος
771 4374 1013 4443 βιϐλίοις.
1034 4380 1141 4431 Καὶ
1170 4381 1264 4432 ἀπ’
1294 4382 1502 4437 ἐκείνου
1535 4386 1725 4455 μαθεῖν
1750 4389 1916 4456 ἔστιν,

324 4462 531 4523 ὁποῖος
559 4462 746 4530 γέγονε
773 4467 862 4518 τὸν
894 4468 1006 4537 βίον
1038 4471 1066 4522 ὁ
1099 4471 1198 4541 ἀνή
1211 4488 1259 4541 ρ.
1309 4473 1381 4525 Τὸ
1414 4475 1469 4527 δὲ
1520 4476 1721 4546 βιϐλίον
1761 4482 1921 4537 τοῦτο

320 4551 400 4603 τὸ
464 4550 816 4618 Ἐπικτήτου
860 4558 1237 4628 Ἐγχειρίδιον
1283 4564 1779 4638 ἐπιγεγραμμένον,
1825 4575 1920 4628 καί

322 4641 511 4695 τοῦτο
554 4644 711 4707 αὐτὸς
739 4649 1021 4714 συνέταξεν
1045 4655 1073 4704 ὁ
1114 4653 1415 4724 Ἀρριανὸς.
1456 4660 1536 4712 Τὰ
1561 4662 1915 4731 καιριώτατα,

322 4734 440 4786 καὶ
495 4734 894 4801 ἀναγκαιότατα
943 4743 1000 4792 ἐν
1032 4742 1338 4816 φιλοσοφίᾳ,
1373 4748 1469 4800 καὶ
1510 4752 1920 4820 κινητικώτατα

318 4824 453 4876 τῶν
492 4822 682 4892 ψυχῶν
700 4828 1082 4899 ἐπιλεξάμενος
1119 4834 1183 4886 ἐκ
1215 4835 1325 4888 τῶν
1376 4837 1696 4909 Ἐπικτήτου
1720 4844 1917 4912 λόγων,

316 4917 412 4979 ὡς
444 4916 618 4979 αὐτὸς
644 4920 699 4969 ἐν
729 4922 793 5006 τῇ
823 4921 958 4989 πρὸς
993 4924 1353 4996 Μασγαληνὸν
1383 4930 1640 5003 ἐπιστολῇ
1679 4934 1916 5006 ἔγραψεν

315 5009 355 5061 ὁ
406 5009 721 5078 Ἀρριανὸς,
758 5005 804 5079 ᾧ
844 5013 904 5066 τὸ
957 5016 1293 5088 σύγγραμμα
1344 5023 1801 5095 προσεφώνησεν,
1833 5005 1915 5092 ὡς

315 5100 527 5169 ἐαυτῷ
563 5100 658 5169 μὲν
688 5104 948 5174 φιλτάτῳ,
984 5107 1217 5175 μάλιστα
1249 5109 1305 5163 δὲ
1348 5111 1440 5165 τὸν
1474 5114 1797 5187 Ἐπίκτητον
1828 5138 1915 5173 τε·

314 5192 685 5261 Θαυμακότι·
726 5196 793 5249 τὰ
832 5196 889 5249 δὲ
920 5199 1060 5253 αὐτὰ
1099 5201 1287 5270 σχεδὸν
1326 5205 1416 5257 καὶ
1459 5208 1549 5259 ἐπ’
1585 5210 1765 5264 αὐτῶν
1806 5214 1914 5267 τῶν

311 5284 627 5354 ὀνομάτων
673 5288 949 5359 σποράδην
1004 5292 1062 5343 ὲν
1115 5295 1227 5357 τοῖς
1274 5293 1557 5366 Ἀρριανοῦ
1617 5303 1745 5372 περὶ⁵
1806 5306 1913 5359 τῶν

311 5373 671 5443 Ἐπικτήτου
702 5378 991 5449 διατριϐῶν
1032 5384 1090 5435 ἐν
1134 5387 1241 5447 τοῖς
1270 5389 1631 5458 γραφομένοις
1662 5394 1913 5463 εὑρίσκε-

314 5484 444 5519 ται.
492 5466 638 5520 Hinc
662 5467 964 5526 Salmasius
993 5472 1147 5528 Notis
1179 5475 1233 5528 in
1271 5474 1612 5544 Simpliciqu
1653 5483 1860 5553 colligit
1895 5505 1907 5540 :

322 5557 481 5628 Ergo
510 5558 666 5627 hujus
695 5560 988 5618 Enchiridii
1019 5575 1220 5631 auctor,
1252 5569 1339 5634 qui
1365 5578 1411 5623 et
1435 5571 1907 5647 Dissertationum,

2055 316 2231 367 nempe
2268 305 2520 359 Arianus.
2569 305 2673 359 Sed
2729 308 2917 361 mirum
2948 319 3002 361 ut
3032 312 3083 362 in
3114 310 3379 365 laodiernis
3410 311 3616 368 Disser-

2052 393 2341 448 tationibus
2382 412 2442 447 ea
2468 413 2569 449 non
2606 400 2957 466 reperiantur,
3000 418 3116 470 qua:
3141 401 3205 455 de
3239 404 3344 456 vita
3374 414 3421 457 et
3451 417 3616 458 morte

2051 479 2276 547 Epicteti
2328 489 2591 539 memoria:
2638 491 2919 543 mandasse
2963 491 3221 545 Arianum
3269 494 3351 547 hic
3400 493 3614 565 Simpli-

2048 572 2159 627 cius
2183 584 2425 629 testatur.
2450 576 2538 630 Ita
2562 579 2728 632 multa
2745 582 2905 634 etiam
2929 598 2992 634 ea:
3024 582 3332 640 Eucliiridio
3357 604 3387 639 a
3411 585 3616 641 Stoba‘o
3647 644 3651 649 ,

2047 665 2226 731 citari,
2257 683 2373 734 qua:
2400 679 2491 721 aut
2516 670 2725 723 omnino
2743 673 2792 724 in
2819 672 2914 725 hoc
2938 676 3174 729 manuali
3204 692 3305 729 non
3334 676 3613 737 habentur,

2048 764 2139 807 aut
2170 757 2325 810 aliter
2350 760 2548 826 scripta
2586 760 2859 831 habentur.
2895 763 2958 817 Et
2995 764 3182 820 Daniel
3211 769 3470 824 Heinsius
3494 784 3621 825 cou-

2046 844 2179 898 cinit
2206 847 2436 921 epistola
2463 850 2529 903 ad
2554 850 2897 906 Theodorum
2916 852 3419 913 Gresuvinckelium
3447 878 3459 913 :
3483 844 3613 913 Cum

2045 936 2243 1005 ingenti
2284 939 2567 1006 voluptate,
2621 944 2825 1009 pariter
2870 955 2919 999 et
2950 962 3079 999 cura
3114 945 3217 1017 legi
3268 947 3558 1017 Epictetum
3598 968 3615 1003 :

2047 1024 2386 1082 Enchiridion
2420 1031 2473 1083 in
2509 1035 2719 1100 primis,
2747 1034 2885 1105 quod
2920 1036 2984 1088 ab
3019 1035 3218 1092 Ariano
3266 1055 3331 1093 ea:
3386 1043 3615 1094 oraculis

2042 1116 2207 1171 divini
2232 1121 2332 1173 viri
2375 1124 2747 1177 concinnatum
2797 1126 2879 1179 hic
2918 1143 3053 1180 nunc
3077 1127 3255 1183 habes.
3288 1129 3351 1183 Et
3371 1146 3617 1201 comper-

2043 1207 2179 1259 tiora
2212 1209 2278 1263 de
2302 1211 2530 1278 Epicteti
2556 1214 2863 1270 Enchiridio
2890 1218 3353 1285 qumrimus?Hoc
3381 1223 3520 1277 idem
3551 1225 3616 1278 dc

2041 1298 2239 1354 Nilano
2271 1302 2656 1360 aflirmandum
2689 1324 2794 1362 non
2820 1318 2924 1365 est.
2956 1311 3253 1367 Considera
3285 1330 3396 1369 rem
3440 1322 3616 1370 atten-

2042 1392 2185 1444 tius:
2212 1399 2325 1445 tttm
2374 1394 2591 1448 demum
2628 1396 2899 1464 judicium
2948 1400 3047 1465 da;
3082 1401 3150 1455 ad
3188 1403 3301 1457 haec
3350 1413 3544 1470 testes,
3566 1406 3613 1459 si

2040 1490 2211 1550 potes.
2256 1482 2359 1537 Sed
2390 1485 2530 1539 inter
2546 1486 2669 1555 ejus
2702 1490 2902 1558 scripta
2936 1490 3113 1545 locum
3142 1492 3323 1547 habet.
3346 1495 3414 1547 At
3455 1495 3615 1565 cujus

2038 1585 2234 1624 nomen
2258 1572 2527 1641 praeferat,
2561 1576 2786 1631 edicito.
2813 1580 2893 1632 An
2924 1579 3015 1634 hic
3047 1581 3261 1638 libellus
3291 1592 3503 1639 tantum
3525 1601 3615 1641 ex-

2039 1669 2232 1717 traneo
2261 1667 2471 1719 auctori
2506 1668 2824 1736 suppositus
2850 1672 3245 1742 supposititius
3277 1674 3460 1730 fuerit.

2104 1750 2241 1807 lilud
2273 1770 2493 1825 quoque
2523 1758 3074 1817 animadvertendum
3111 1773 3217 1829 est,
3248 1764 3427 1820 Nilum
3464 1767 3609 1821 hunc

2036 1853 2288 1900 nostrum
2332 1847 2587 1902 Ascetam
2640 1865 2671 1903 a
2722 1851 3005 1922 plerisque
3054 1858 3330 1926 martyris,
3380 1858 3450 1912 ab
3487 1858 3610 1911 aliis

2033 1934 2261 2003 episcopi
2292 1935 2459 1990 titulo
2483 1936 2761 2007 insigniri.
2798 1937 2966 1993 Notat
2990 1938 3254 1997 Nicolaus
3274 1942 3564 1998 Classerus
3593 1963 3605 1996 :

2037 2022 2106 2076 Et
2128 2025 2176 2078 si
2206 2026 2271 2079 de
2298 2024 2415 2079 Nili
2437 2027 2700 2097 martyrio
2730 2044 2832 2081 non
2865 2038 3096 2095 constat,
3126 2047 3191 2084 ea:
3227 2032 3407 2087 eodem
3437 2042 3609 2087 tamen

2036 2123 2272 2183 auctore,
2300 2125 2358 2169 ut
2387 2117 2549 2170 etiam
2577 2133 2643 2171 eas
2669 2119 2925 2173 Osiandri
2952 2120 3247 2175 Annalibus
3272 2124 3608 2192 manifestum

2033 2212 2134 2269 est,
2166 2204 2321 2257 illum
2345 2221 2461 2258 cum
2496 2208 2626 2275 ﬁliis
2656 2207 2797 2277 (lege
2829 2224 2952 2262 cum
2987 2209 3121 2277 lilio)
3152 2226 3193 2263 at
3224 2210 3469 2265 barbaris
3494 2227 3609 2279 per-

2033 2308 2247 2361 pessum
2282 2310 2415 2348 esse.
2448 2294 2599 2351 Inter:
2636 2307 2903 2367 ruantyres
2934 2300 3099 2369 igitur
3133 2299 3229 2353 hoc
3261 2302 3468 2355 nomine
3496 2301 3609 2370 for-

2035 2386 2202 2438 tassis
2248 2386 2495 2453 refertur.
2540 2386 2693 2442 Circa
2733 2406 2936 2443 annum
2976 2390 3183 2445 Christi
3218 2392 3323 2447 509
3362 2392 3608 2459 ﬂoruisse

2031 2474 2391 2526 existimatur.
2445 2475 2946 2544 lntenpretationcm
2986 2496 3104 2535 vero
3141 2480 3393 2533 Latinam
3434 2483 3606 2550 adjeci

2032 2564 2169 2615 hanc
2201 2565 2639 2633 qualemcunque,
2684 2579 2741 2621 ut
2798 2584 2921 2620 eam.
2959 2586 3081 2622 cum
3116 2571 3212 2623 illa
3256 2569 3515 2634 Neaudri,
3556 2577 3603 2625 si

2032 2654 2168 2722 forte
2189 2656 2251 2707 in
2274 2656 2519 2708 manibus
2542 2658 2779 2726 conferve
2814 2660 2991 2722 liceat.
3017 2679 3119 2730 quo
3148 2665 3423 2732 utriusque
3443 2664 3607 2716 colla-

2034 2751 2173 2806 tione
2197 2753 2315 2818 plus
2361 2754 2576 2808 luminis
2615 2756 2852 2810 accedat.
2878 2754 2953 2810 In
2966 2757 3217 2812 decurias.
3252 2776 3455 2829 quoque
3482 2775 3607 2827 pne-

2029 2844 2207 2897 riliit‘er
2247 2844 2530 2899 distinctas
2572 2845 2785 2901 habebis
2829 2850 3142 2910 sententias,
3174 2867 3297 2903 omn
3333 2851 3385 2903 in
3418 2851 3594 2909 liuent,

2030 2950 2095 2993 ut
2118 2941 2291 2994 venio
2317 2939 2514 2994 Latina
2547 2942 2729 2996 Greece
2761 2944 2933 2997 textui
2960 2945 3252 3012 postposita
3280 2946 3603 2999 commodius

2030 3031 2364 3099 respondeat.
2405 3033 2471 3086 Et
2503 3033 2664 3101 plane
2693 3034 2760 3088 de
2793 3036 3078 3105 martyrio,
3125 3037 3253 3090 licet
3287 3052 3452 3107 opere
3484 3038 3603 3104 ipso

2029 3124 2354 3193 martyrium
2387 3138 2503 3177 non
2525 3124 2779 3188 subierit,
2806 3140 2985 3193 neque
3007 3140 3113 3195 pro
3126 3141 3237 3180 una
3274 3127 3375 3181 ﬁde
3399 3126 3602 3181 Clu-isti

2030 3214 2354 3279 sanguinem
2384 3215 2658 3280 elluderit,
2695 3232 2873 3285 neque
2903 3218 3083 3273 vitam
3104 3219 3451 3288 exposuerit;
3482 3233 3601 3273 cer-

2030 3311 2146 3357 tum
2183 3312 2270 3357 est
2311 3312 2517 3369 tamen,
2556 3311 2612 3358 et
2645 3319 2710 3359 ex
2746 3305 2869 3373 ejus
2912 3306 3124 3375 scripto
3159 3307 3301 3361 satis
3328 3316 3599 3376 apertum,

2029 3408 2153 3447 eum
2196 3393 2247 3447 id
2298 3395 2495 3463 agendi
2546 3409 2765 3463 semper
2814 3395 3237 3465 cupidissimum
3285 3397 3475 3452 fuisse.
3530 3396 3605 3449 De

2027 3486 2356 3557 episcopatu
2402 3487 2519 3557 ipse
2552 3488 2834 3553 existimo,
2875 3489 3031 3542 illum
3083 3497 3206 3555 post
3252 3497 3333 3543 tot
3377 3490 3600 3543 calami-

2029 3584 2193 3642 tates,
2237 3580 2537 3634 nonnullos
2588 3580 2883 3648 episcopos
2921 3580 3270 3636 considerata
3311 3581 3453 3636 tanti
3497 3581 3600 3634 viri

2027 3671 2230 3725 virtute
2257 3679 2313 3724 et
2344 3670 2595 3723 doctrina
2630 3672 2823 3724 saltem
2872 3670 2926 3723 in
2970 3669 3187 3741 Egypti
3230 3671 3499 3740 partibus,
3547 3671 3599 3721 in

2027 3760 2233 3828 quibus
2282 3761 2547 3814 similium
2597 3761 2879 3813 hominum
2927 3777 3141 3813 summa
3194 3761 3421 3829 peruiria
3460 3772 3594 3819 erat,

2026 3851 2261 3903 consilio
2310 3852 2453 3903 inter
2502 3866 2563 3904 se
2610 3851 2749 3903 inito
2800 3852 2851 3903 in
2901 3860 3102 3903 tantam
3153 3852 3495 3918 dignitatem,
3544 3861 3598 3901 et

2026 3940 2242 4006 merito,
2276 3942 2562 3994 extulisse.
2593 3940 2699 3993 Sed
2725 3941 2840 3992 haec
2864 3957 3013 3993 mera
3044 3942 3291 4007 SllSpiClo
3314 3951 3418 3993 est.
3444 3939 3591 3996 Esto.

2024 4031 2187 4084 Certe
2237 4031 2288 4085 id
2324 4031 2511 4100 negari
2544 4044 2649 4083 nou
2702 4038 2904 4099 potest,
2948 4031 3167 4099 aliquod
3206 4037 3415 4084 certum
3447 4029 3596 4084 indi-

2025 4122 2170 4175 cium
2215 4121 2479 4176 habuisse
2512 4138 2631 4183 eos,
2672 4122 2768 4191 qui
2812 4122 2972 4191 primi
3009 4130 3161 4176 tanto
3192 4124 3312 4177 viro
3350 4122 3593 4191 episcOpi

2025 4215 2247 4269 titulum
2281 4214 2678 4269 attribuerunt.
2707 4214 2824 4268 Non
2856 4215 3143 4271 dissimilis
3172 4225 3322 4270 esset
3352 4216 3598 4284 suspicio

2022 4307 2087 4360 de
2113 4305 2397 4360 Theodulo
2428 4305 2578 4360 illius
2610 4305 2743 4369 lilio,
2771 4306 2865 4375 qui
2900 4306 3065 4361 nullis
3099 4306 3273 4361 sacris
3307 4305 3596 4360 ordinibus

2022 4404 2149 4451 ante
2202 4395 2575 4466 captivitatem
2636 4396 2971 4464 conspicuus
3019 4405 3173 4460 erat,
3239 4396 3284 4450 si
3343 4410 3594 4450 vocarent

2022 4487 2172 4541 illum
2212 4487 2531 4548 diaconum,
2556 4496 2611 4540 ct
2646 4494 2825 4541 tamen
2854 4488 2944 4541 ille
2969 4486 3039 4540 de
3069 4501 3129 4540 se
3173 4486 3326 4548 dicit,
3372 4487 3441 4540 ah
3477 4487 3594 4554 epi-

2021 4594 2188 4648 scOpo
2208 4586 2458 4633 coactum
2479 4577 2714 4632 similem
2734 4577 2985 4631 ordinem
3016 4576 3321 4630 obtinuisse
3350 4595 3362 4628 :
3393 4583 3447 4628 et
3468 4591 3593 4628 vere

2020 4678 2305 4739 promotus
2340 4677 2428 4723 est
2458 4686 2470 4721 :
2524 4667 2613 4730 Ὠς
2654 4667 2712 4720 δὲ
2739 4668 2807 4720 ἂν
2842 4666 2916 4737 μὴ
2965 4667 3110 4732 δόξαι
3147 4667 3265 4736 βίαν
3298 4664 3593 4734 προσάγειν

2021 4760 2247 4831 ὑπονοίᾳ
2290 4759 2391 4829 τῆς
2442 4759 2585 4829 ὑπὲρ
2644 4757 2739 4810 τοῦ
2797 4759 2989 4820 παιδὸς
3046 4757 3337 4826 δεδομένης
3388 4754 3589 4825 τιμῆς,

2024 4851 2157 4919 μηδὲ
2179 4848 2637 4919 δεσποτικώτερον
2654 4850 2901 4901 ἀπαιτεῖν
2919 4848 3016 4916 τὴν
3036 4845 3382 4916 παραμονὴν,
3412 4846 3559 4914 πράτ
3574 4877 3586 4885 -

2018 4956 2131 4992 τειν
2164 4939 2430 5009 ἐπέτρεπε
2453 4940 2562 4992 πᾶν
2594 4939 2655 4990 τὸ
2676 4938 2866 4991 δοκοῦν
2908 4936 3047 4990 κατὰ
3075 4936 3321 5008 γνώμην,
3353 4935 3411 4988 ἓν
3431 4936 3592 4990 τοῦτο

2022 5029 2180 5098 μόνον
2209 5031 2547 5101 τυραννήσας
2567 5030 2736 5099 ἡμᾶς,
2765 5028 2826 5080 τὸ
2857 5028 2946 5080 τὸν
2983 5026 3146 5095 ζυγὸν
3208 5026 3474 5081 ἐπιθεῖναι
3500 5026 3590 5080 τὸν

2022 5121 2291 5190 ἱερατικὸν
2328 5121 2401 5191 μὴ
2438 5120 2798 5189 βουλομένοις.
2843 5118 3033 5187 Ἡμεῖς
3065 5116 3163 5186 μὲν
3192 5117 3303 5187 γὰρ
3335 5116 3398 5170 τὸ
3426 5117 3592 5188 βάρος

2015 5218 2194 5287 λογιζό
2201 5232 2350 5286 μενοι
2366 5214 2466 5283 τῆς
2478 5213 2837 5282 λειτουργίας,
2865 5210 3220 5280 ἀσχάλλοντες
3235 5212 3551 5282 ώδυρόμεθα
3563 5252 3575 5269 .

2016 5308 2112 5362 καὶ
2149 5306 2248 5358 οὐκ
2284 5302 2502 5372 εἴχομεν
2553 5300 2689 5370 πρὸς
2720 5299 2782 5353 τὸ
2815 5299 3081 5352 ὲπιτεθὲν.
3112 5300 3276 5370 ἄχθος
3334 5300 3574 5361 ἀνεκτῶς

2017 5396 2158 5467 ὑπὲρ
2190 5394 2400 5466 ὴμᾶς,ὂ
2430 5392 2523 5445 καὶ
2550 5391 2702 5461 μόλις
2742 5393 2853 5454 τοῖς
2886 5390 3060 5459 ἁγίοις
3085 5392 3337 5463 ἁρμόζει,
3357 5392 3481 5444 ὅσον
3511 5392 3589 5453 εἰς

2017 5488 2289 5550 πολιτείας
2315 5487 2486 5554 λόγον.
2504 5484 2791 5546 Κάκείνοις
2819 5482 2925 5553 γὰρ
2948 5483 3121 5553 ἐφάνη
3145 5484 3307 5554 βαρὺ,
3334 5483 3427 5536 καὶ
3446 5483 3589 5553 ὦμος

2017 5582 2253 5652 λόγησαν
2285 5577 2623 5648 καλούμενοι,
2655 5576 3004 5649 ὑπερϐαίνειν
3039 5577 3234 5640 αὐτοὺς
3258 5576 3319 5629 τὸ
3349 5575 3583 5646 ἀξίωμα,
