4024 6218
452 171 519 234 55
1636 168 1945 230 NOTlTIA
1976 166 2008 224 ¹Ι

2110 132 2181 224 δέ
2212 165 2477 229 NILUM.
3616 144 3686 211 56

448 290 543 345 καὶ
564 290 683 362 Θεῷ
706 291 990 361 ἀντέλεγον
1021 292 1111 345 ἐπὶ
1141 292 1274 345 πολῦ
1316 291 1743 363 προϐαλλόμενοι
1771 290 1833 343 τὸ
1885 288 2015 343 ἀνά-

450 383 581 447 ξιον,
599 384 693 437 καὶ
706 383 1039 455 παρῃτοῦντο
1061 382 1160 452 τὴν
1184 385 1513 455 χειροτονίαν
1533 383 2011 454 προφασιζόμενοι,

450 476 545 530 καὶ⁸
570 476 629 529 τὸ
653 475 813 527 πλέον
839 473 947 527 τῶν
977 472 1074 528 νῦν
1103 474 1356 529 ἁπάντων
1376 474 1526 537 ὅντες
1549 475 1843 545 ἐπιτήδειοι
1878 474 2015 544 πρὸς

448 565 509 619 τὸ
536 564 717 636 ἔργον.
748 563 841 616 καὶ
869 562 928 626 ἐξ
964 563 1250 634 ἀσκήσεως
1302 564 1411 619 τῶν
1458 564 1639 619 καλῶν
1696 567 2014 636 παρρησίαν

447 658 589 726 ἔχειν
607 658 663 709 ὲν
683 657 745 726 τῇ
774 654 996 726 λατρεία
1025 655 1161 725 “apii;
1192 656 1282 709 τὸν
1312 658 1587 728 Δεσπότην
1620 659 1823 728 μᾶλλον
1846 659 2010 714 δυνά-

448 766 615 819 μενοι.
660 749 896 813 Ἐκεῖνος
914 748 971 803 δὲ
1000 750 1229 819 πρέπειν
1276 750 1427 819 ἔλεγε
1476 754 1589 815 τοῖς
1626 754 1807 816 πόνοις
1828 753 1889 807 τὸ
1918 756 2015 822 γέ-

448 857 567 910 ρας,
602 837 696 891 καὶ
743 837 856 902 τοῖς
888 838 1155 909 καμάτοις
1208 840 1300 893 τοῦ
1347 840 1575 909 ἀγῶνος,
1610 843 1686 906 ὡς
1737 844 2007 915 ἐνόμιζεν,

442 933 616 987 ἐδίδου
653 932 841 1002 μισθὸν
883 932 944 985 τὸ
986 932 1220 1002 ἀξίωμα.
1261 933 1339 986 Ex
1379 936 1637 992 versione
1684 936 1830 993 Petri
1878 939 2015 996 Pos-

446 1025 551 1080 sini
589 1044 600 1078 :
639 1023 789 1079 Idem
818 1034 1013 1087 tamen,
1048 1033 1106 1077 ut
1136 1026 1271 1079 nolle
1302 1042 1394 1082 nos
1422 1027 1569 1092 vidit,
1596 1028 1808 1084 modum
1835 1034 2014 1100 posuit

446 1119 611 1189 officio
633 1136 652 1185 ;
675 1134 737 1173 ne
767 1117 1037 1171 recordari
1058 1119 1216 1185 pretii
1250 1119 1554 1173 redimendo
1576 1137 1737 1188 puero
1768 1124 2009 1192 impensi,

444 1222 494 1267 et
519 1212 675 1266 herili
696 1212 821 1279 jure
850 1218 1098 1279 tanquam
1130 1212 1444 1281 mancipium
1473 1216 1697 1271 retinere
1720 1218 1846 1272 velle
1869 1220 2013 1275 vide-

444 1314 608 1360 retur.
654 1303 737 1357 Ea
775 1306 953 1373 gratia
993 1303 1216 1358 arbitrio
1271 1314 1469 1368 nostro,
1516 1317 1694 1361 utrum
1742 1310 2010 1379 vellemus,

440 1396 699 1465 permisit,
719 1412 879 1451 unum
905 1395 1002 1450 hoc
1032 1405 1234 1454 tantum
1266 1398 1431 1452 amice
1458 1415 1790 1466 perseverans
1815 1402 2012 1459 blanda

443 1491 722 1561 tyrannide
765 1491 1012 1553 obtinuit,
1048 1500 1108 1545 ut
1152 1491 1299 1546 nobis
1345 1492 1713 1549 recusantibus
1760 1496 2009 1551 sacerdo-

443 1586 568 1638 talis
612 1584 765 1653 ofﬁcii
787 1584 980 1653 jugum
1018 1586 1329 1653 imponeret.
1366 1582 1479 1640 Nos
1515 1589 1654 1639 enim
1691 1603 1823 1642 onus
1857 1604 2013 1656 repu-

446 1682 618 1728 tantes
659 1677 796 1728 tanti
836 1680 1123 1735 ministerii
1166 1683 1263 1735 hoc
1294 1681 1408 1749 ejus
1439 1680 1663 1733 consilio
1707 1680 2011 1734 contristati

440 1764 782 1833 deﬂebamus,
839 1782 930 1819 nec
984 1767 1280 1835 ferebamus
1335 1767 1496 1835 facile
1545 1776 1750 1820 tantam
1812 1768 2011 1834 imponi

440 1855 588 1908 nobis
612 1857 799 1910 molem
834 1858 985 1926 oﬂicii
1008 1900 1025 1927 ,
1065 1859 1198 1929 quod
1234 1869 1341 1912 tam
1376 1865 1732 1923 emendatam,
1764 1867 1812 1910 et
1854 1858 2014 1912 subli-

440 1961 575 1999 mem
606 1948 827 2005 cwlestis
856 1951 976 2004 vine
1004 1952 1259 2005 rationem
1292 1952 1476 2021 exigit,
1496 1950 1704 2021 qualem
1729 1952 1813 2003 vix
1842 1949 2013 2001 sancti

438 2038 540 2102 ipsi
565 2048 827 2106 prwstare
848 2041 911 2095 de
931 2058 985 2096 se
1009 2042 1264 2098 audeant.
1289 2041 1316 2097 Ι
1324 2042 1411 2095 llis
1443 2043 1631 2111 quippe
1663 2041 1792 2109 ipsis
1812 2054 2011 2108 quoque

437 2144 593 2196 grave
624 2130 720 2185 hoc
751 2148 938 2187 munus
968 2135 1135 2189 visum
1162 2145 1263 2189 est.
1298 2133 1476 2202 Neque
1507 2134 1561 2186 id
1595 2132 2011 2185 dissimularunt

437 2235 557 2273 cum
587 2239 646 2277 eo
678 2235 803 2278 sunt
835 2229 1027 2291 vocati.
1062 2229 1319 2298 majorem
1348 2244 1461 2283 esse
1490 2227 1802 2299 dignitatem
1833 2223 2008 2289 illam,

437 2326 596 2379 quam
630 2325 685 2367 nt
720 2316 824 2370 sibi
853 2320 1185 2384 conveniret;
1221 2320 1277 2373 id
1318 2322 1493 2389 ipsum
1527 2320 1689 2373 etiam
1725 2316 1819 2371 diu
1844 2331 2008 2371 excu-

436 2421 556 2459 sare
600 2408 723 2461 ausi
780 2408 919 2476 apud
968 2409 1271 2478 o/fercntem
1324 2410 1463 2462 hunc
1508 2410 1760 2463 honorem
1820 2405 2006 2470 Deum,

436 2497 771 2566 deprecantes
818 2501 1208 2568 impositionem
1257 2517 1534 2563 manuum,
1588 2499 1919 2569 indignitatis
1958 2506 2008 2552 et

436 2590 816 2645 imbecillitatis
848 2594 1077 2660 propritr
1100 2594 1425 2649 conscientia
1458 2610 1476 2648 :
1511 2594 1721 2648 tametsi
1743 2591 2005 2653 omnibus,

436 2681 527 2748 qui
581 2697 719 2735 nunc
776 2691 923 2747 sunt,
983 2685 1128 2737 haud
1178 2686 1336 2753 paulo
1396 2694 1565 2739 essent
1614 2684 1775 2737 iidem
1825 2684 1894 2735 ad
1948 2680 2006 2734 id

436 2787 626 2825 munus
657 2774 909 2841 aptiores,
940 2784 989 2826 et
1027 2786 1239 2843 propter
1276 2776 1585 2829 diuturnam
1624 2773 2001 2841 professionem

435 2860 719 2917 sanctioris
752 2858 891 2928 vitae,
925 2863 1280 2935 virtutumque
1309 2880 1463 2918 usum
1496 2862 1690 2932 majori
1716 2862 1911 2931 ﬁducia
1930 2860 2000 2915 ad

438 2952 806 3008 tractationem
844 2955 1248 3024 mysteriorum,
1287 2961 1338 3008 et
1391 2954 1712 3020 (unctionem
1750 2951 2005 3021 sacriﬁcii

437 3053 644 3110 possent
694 3044 957 3101 accedere.
1003 3046 1205 3112 Quibus
1239 3045 1328 3100 ille
1366 3054 1553 3099 contra
1595 3042 2005 3101 remunerandos

439 3135 538 3189 sibi
573 3137 738 3191 videri
784 3138 959 3193 aiebat
988 3138 1145 3207 hujus
1187 3139 1465 3208 dignitatis
1505 3137 1662 3193 titulo
1706 3137 1913 3194 labores
1949 3136 2007 3193 in

442 3236 550 3279 tam
580 3226 782 3296 diﬂicili
812 3232 1114 3295 certamine,
1151 3231 1303 3300 cujus
1351 3231 1639 3285 victoribus
1669 3230 1765 3286 hoc
1809 3231 2007 3286 addere

438 3318 647 3382 praemii
688 3318 803 3373 loco
846 3320 951 3374 sibi
994 3320 1218 3389 placere.
1254 3320 1527 3376 Postremo
1577 3339 1694 3377 cum
1740 3322 2009 3377 discedere

440 3408 611 3472 illinc,
640 3417 690 3462 et
718 3408 934 3465 domum
968 3412 1154 3465 reverti
1177 3410 1581 3465 decrevissemus
1605 3411 1739 3465 idem
1776 3413 1867 3465 ille
1895 3413 2009 3465 via-

442 3500 544 3552 tico
563 3509 818 3569 quantum
846 3501 902 3554 in
933 3501 1145 3571 longam
1177 3501 1328 3555 illam
1362 3501 1496 3558 viam
1525 3516 1654 3567 opus
1692 3512 1826 3565 erat,
1873 3504 2006 3555 libe-

440 3588 629 3643 raliter
658 3590 964 3655 instructos,
1010 3591 1143 3647 votis
1194 3592 1408 3659 insuper
1450 3600 1714 3655 oneratos,
1759 3608 1874 3645 cum
1914 3592 2008 3647 Uei

2116 283 2349 350 gratiam
2399 283 2548 334 nobis
2604 279 2806 332 itineris
2856 275 3117 338 comitem,
3173 287 3221 329 et
3274 277 3483 347 longum
3515 279 3681 345 domi,

2114 382 2390 441 postquam
2433 388 2492 425 eo
2536 371 2969 439 peruenissemus,
3004 370 3151 435 pacis
3182 370 3413 436 fructum
3446 385 3682 435 compre-

2116 474 2348 526 caretur,
2384 463 2459 516 sic
2490 461 2697 514 demum
2728 460 3104 529 officiosissime
3148 459 3376 513 dimisit.
3413 458 3563 511 Nihil
3586 460 3682 526 jus

2116 562 2386 607 ostentans
2428 568 2604 614 suum,
2650 562 2697 604 et
2738 551 3041 619 beneﬁcium
3089 549 3481 617 redemptionis,
3522 567 3683 618 neque

2114 655 2427 715 potestatem
2461 645 2516 696 in
2552 653 2708 712 caput
2751 644 2915 709 pretio
2946 649 3175 702 emptum
3222 642 3322 696 sibi
3365 644 3681 710 acquisitam

2113 731 2410 801 gloriatus;
2464 730 2605 800 quod
2665 731 2839 783 minus
2900 730 3160 782 humanus
3219 729 3355 796 forte
3414 730 3681 797 quispiam

2116 823 2256 876 alius
2289 823 2528 891 faceret:
2560 822 2665 877 imo
2702 821 2850 873 illam
2894 821 3062 886 ipsam
3092 819 3368 873 videbatur
3398 821 3685 873 calamita—

2116 920 2219 963 tem
2262 911 2597 974 venditionis,
2644 909 3006 963 consolatione
3039 908 3207 961 multa
3251 908 3446 961 levans.
3482 910 3557 961 En
3594 908 3684 961 hic

2115 999 2450 1065 Theodulus,
2494 1010 2569 1065 ct,
2611 999 2755 1069 quod
2785 999 2961 1067 magis
2989 1006 3093 1061 est,
3124 999 3282 1051 Nilus
3327 1000 3443 1067 ipse
3487 997 3541 1051 in
3594 1013 3685 1051 sa-

2114 1091 2393 1147 cerdotem
2429 1099 2552 1161 post
2585 1100 2665 1144 tot
2691 1090 2903 1144 labores
2930 1104 3193 1159 operosos
3227 1096 3392 1157 atque
3422 1089 3683 1143 molestos

2113 1183 2300 1237 laurea
2320 1183 2625 1238 sacerdotis
2657 1183 2725 1237 ab
2750 1183 3031 1252 episcopo,
3062 1190 3115 1236 et
3139 1182 3263 1249 ejus
3288 1190 3405 1236 arte
3431 1188 3484 1235 et
3511 1189 3685 1236 marte

2112 1273 2483 1337 evinciuntur,
2511 1288 2635 1328 cum
2660 1281 2820 1329 antea
2847 1273 2997 1326 nulla
3024 1271 3291 1342 dignitate
3312 1272 3682 1326 ecclesiastica

2115 1363 2455 1435 eti‘ulgerent.
2507 1363 2689 1430 Quare
2740 1378 2848 1418 non
2899 1371 2954 1419 et
2988 1363 3142 1418 Nilus
3190 1362 3261 1417 ob
3312 1363 3412 1416 has
3462 1363 3684 1416 easdem

2113 1455 2403 1525 speciosae
2440 1454 2607 1508 animi
2658 1454 2839 1520 dotes,
2894 1465 2949 1510 et
2989 1454 3363 1509 doctrinarum
3418 1462 3685 1522 praestan-

2115 1544 2271 1608 tiam,
2296 1552 2351 1599 et
2369 1551 2655 1599 enavatam
2685 1559 2907 1614 operam
2942 1560 3039 1615 pro
3062 1544 3375 1598 Christiana
3405 1544 3687 1614 republica

2120 1636 2385 1705 consequi
2418 1637 2597 1706 potuit
2643 1637 2925 1705 praemium
2982 1637 3049 1690 ab
3106 1635 3345 1704 antiquae
3390 1635 3680 1705 religionis

2113 1726 2411 1796 exemplari
2448 1727 2753 1798 episcopo?
2786 1727 2896 1799 Ego
2934 1734 3081 1781 certe
3104 1742 3212 1781 non
3242 1727 3455 1789 dubito,
3479 1727 3602 1781 licet
3632 1725 3686 1779 id

2113 1818 2169 1871 in
2202 1817 2425 1885 scriptis
2466 1817 2699 1873 relatum
2750 1831 2857 1871 non
2900 1816 2991 1881 sit,
3036 1824 3349 1872 assecutum
3392 1816 3582 1871 fuisse.
3614 1814 3689 1871 Ut

2113 1906 2240 1961 hinc
2266 1907 2464 1961 merito
2488 1905 2557 1962 ab
2587 1908 2735 1962 illius
2774 1908 2876 1961 arvi
2902 1907 3290 1976 scriptoribus,
3325 1906 3529 1975 quibus
3555 1921 3683 1976 per-

2114 2001 2453 2070 vulgatiores
2499 2014 2556 2057 ot
2604 2004 3099 2073 percelebratiores
3148 2010 3304 2057 erant
3350 2002 3524 2055 titulis
3575 2017 3687 2055 non

2113 2092 2373 2161 martyris
2403 2100 2640 2159 tantum,
2674 2093 2771 2150 sed
2802 2101 2855 2149 et
2893 2095 3139 2165 episcopi
3171 2093 3466 2164 insignitus
3500 2100 3687 2161 poste-

2113 2179 2259 2233 ritati
2312 2187 2612 2241 accesserit
2662 2183 2824 2251 :[etsi
2869 2197 2989 2256 qua;
3041 2182 3109 2237 de
3160 2197 3225 2237 eo
3279 2181 3685 2235 Commentaria

2111 2276 2551 2342 pertractabant,
2583 2275 2955 2340 extabuerint,
2987 2281 3039 2328 et
3074 2272 3141 2327 ad
3171 2272 3401 2328 nihilum
3438 2269 3685 2327 funditus

2112 2359 2399 2419 redierint.
2434 2362 2549 2420 Nisi
2601 2363 2876 2435 quispiam
2915 2362 3293 2433 perhorridus,
3328 2371 3382 2418 et
3438 2363 3686 2420 incultus

2111 2449 2167 2505 id
2200 2467 2428 2523 quoque
2476 2456 2660 2511 dicere
2707 2455 2925 2520 audeat,
2975 2456 3378 2525 exscriptornm
3414 2455 3686 2509 incuriam

2109 2540 2294 2600 Nilum
2346 2547 2499 2601 illum
2548 2545 2867 2617 Egyptium
2906 2546 3225 2616 episcopum
3274 2552 3329 2599 et
3387 2551 3682 2615 martyrem

2111 2646 2242 2689 cum
2296 2636 2405 2690 hoc
2451 2645 2645 2692 nostro
2690 2636 3307 2705 ConstantinOpolitano
3339 2634 3680 2689 coniudisse.

2110 2719 2437 2793 Defunctum
2479 2726 2689 2779 tandem
2727 2726 2866 2779 hunc
2899 2723 3085 2778 Nilum
3119 2723 3365 2779 Justinus
3411 2723 3686 2778 Posterior
3775 2754 3797 2767 ο

2108 2809 2234 2866 inde
2282 2811 2603 2866 translatum
2635 2813 2691 2867 in
2736 2813 3079 2882 fundamento
3126 2814 3434 2867 sacratioris
3460 2812 3680 2875 Mensae.

2113 2910 2306 2955 narrat
2336 2899 2677 2981 Nicepbprns
2707 2901 2804 2957 lib.
2843 2916 2956 2967 xw,
2988 2916 3109 2971 cap.
3135 2902 3224 2967 54,
3255 2902 3311 2955 in
3339 2917 3420 2962 eo,
3452 2902 3589 2970 quod
3614 2901 3681 2954 ab

2112 2991 2227 3060 ipso
2267 2991 2425 3045 Petro
2482 2999 2533 3045 et
2591 2992 2763 3046 Paulo
2817 2992 3176 3059 apostolorum
3225 2991 3547 3060 principibus
3609 2991 3680 3043 ad

2111 3081 2617 3151 orphanotrophium
2668 3092 3031 3137 constructum
3077 3092 3179 3151 est,
3216 3084 3404 3151 templo
3450 3085 3677 3152 reponit.

2118 3173 2215 3225 Ὃν
2248 3173 2392 3227 τέλει
2419 3173 2514 3227 τοῦ
2563 3174 2680 3243 βίου
2712 3176 3057 3245 χρησαμένον
3098 3176 3377 3237 Ἰουστῖνος
3397 3175 3430 3226 ὁ
3452 3173 3676 3243 ὕστερος

2114 3262 2321 3316 ἐκεῖθεν
2338 3263 2693 3334 ἀνακομίσας,
2711 3264 2804 3317 ἐπὶ
2818 3264 2895 3335 τῷ
2918 3264 3015 3334 βάθ
3025 3282 3100 3335 ρῳ
3114 3265 3212 3335 τῆς
3230 3265 3383 3335 ἱερᾶς
3400 3266 3678 3334 τραπέζης

2024 3398 2028 3402 .
2112 3353 2206 3407 τοῦ
2243 3355 2370 3427 παρ’
2411 3355 2574 3409 αὑτοῦ
2606 3356 2931 3427 δομηθέντος
2958 3359 3107 3412 οἴκου
3144 3356 3335 3428 Πέτρῳ
3369 3358 3458 3410 καὶ
3484 3357 3679 3426 Παύλῳ

2110 3448 2224 3508 τοῖς
2280 3447 2597 3517 κορυφαίοις
2635 3447 2744 3503 τῶν
2806 3449 3117 3505 ἀποστόλων
3150 3450 3207 3502 ἐν
3236 3448 3313 3520 τῷ
3349 3448 3679 3521 ὀρφανοτροσ

2111 3537 2248 3607 φείῳ
2285 3537 2565 3593 κατέθετο.
