  <div class='ocr_page' id='page_1' title='image "/cluster/home/n/w/nwhite01/storage/ocr_20150623/79/hvd.32044073502056/034.png"; bbox 0 0 4024 6218; ppageno 0'>
   <div class='ocr_carea' id='block_1_1' title="bbox 1055 471 2818 620">
    <p class='ocr_par' dir='ltr' id='par_1_1' title="bbox 1055 471 2818 620">
     <span class='ocr_line' id='line_1_1' title="bbox 1055 471 2818 620; baseline 0.004 -40"><span class='ocrx_word' id='word_1_1' title='bbox 1055 495 1281 620; x_wconf 80' lang='grc' dir='ltr'><strong><em>ΤΟΥ</em></strong></span> <span class='ocrx_word' id='word_1_2' title='bbox 1355 498 1490 583; x_wconf 82' lang='lat' dir='ltr'><strong><em>EN</em></strong></span> <span class='ocrx_word' id='word_1_3' title='bbox 1535 498 1902 584; x_wconf 76' lang='grc' dir='ltr'><strong><em>ΑΓΙΟΙΣ</em></strong></span> <span class='ocrx_word' id='word_1_4' title='bbox 1978 471 2420 586; x_wconf 83' lang='grc' dir='ltr'><strong><em>ΠΑΤΡΟΣ</em></strong></span> <span class='ocrx_word' id='word_1_5' title='bbox 2488 500 2818 586; x_wconf 79' lang='grc' dir='ltr'><strong><em>ΗΜΩΝ</em></strong></span> 
     </span>
    </p>
   </div>
   <div class='ocr_carea' id='block_1_2' title="bbox 1499 687 2370 861">
    <p class='ocr_par' dir='ltr' id='par_1_2' title="bbox 1499 687 2370 861">
     <span class='ocr_line' id='line_1_2' title="bbox 1499 687 2370 861; baseline 0.003 -2"><span class='ocrx_word' id='word_1_6' title='bbox 1499 687 2370 861; x_wconf 84' lang='grc' dir='ltr'><strong><em>ΝΕΙΛΟΥ</em></strong></span> 
     </span>
    </p>
   </div>
   <div class='ocr_carea' id='block_1_3' title="bbox 867 951 3018 1018">
    <p class='ocr_par' dir='ltr' id='par_1_3' title="bbox 867 951 3018 1018">
     <span class='ocr_line' id='line_1_3' title="bbox 867 951 3018 1018; baseline 0.003 -11"><span class='ocrx_word' id='word_1_7' title='bbox 867 951 1008 1008; x_wconf 85' lang='grc' dir='ltr'>ΤΟΥ</span> <span class='ocrx_word' id='word_1_8' title='bbox 1081 952 1414 1008; x_wconf 78' lang='grc' dir='ltr'><strong><em>ΑΣΚΗΤΟΥ</em></strong></span> <span class='ocrx_word' id='word_1_9' title='bbox 1440 994 1455 1018; x_wconf 92' lang='grc'><strong>,</strong></span> <span class='ocrx_word' id='word_1_10' title='bbox 1518 955 1858 1010; x_wconf 79' lang='grc' dir='ltr'><strong><em>ΜΑΘΗΤΟΥ</em></strong></span> <span class='ocrx_word' id='word_1_11' title='bbox 1927 956 2235 1010; x_wconf 84' lang='grc' dir='ltr'><strong><em>ΙΩΔΝΝΟΥ</em></strong></span> <span class='ocrx_word' id='word_1_12' title='bbox 2294 957 2434 1012; x_wconf 86' lang='grc' dir='ltr'><strong><em>ΤΟΥ</em></strong></span> <span class='ocrx_word' id='word_1_13' title='bbox 2501 959 3018 1017; x_wconf 84' lang='grc' dir='ltr'><strong><em>ΧΡΥΣΟΣΤΟΜΟΥ</em></strong></span> 
     </span>
    </p>
   </div>
   <div class='ocr_carea' id='block_1_4' title="bbox 1001 1124 2868 1276">
    <p class='ocr_par' dir='ltr' id='par_1_4' title="bbox 1001 1124 2868 1276">
     <span class='ocr_line' id='line_1_4' title="bbox 1001 1124 2868 1276; baseline -0.003 -19"><span class='ocrx_word' id='word_1_14' title='bbox 1001 1124 2000 1276; x_wconf 83' lang='grc' dir='ltr'><strong><em>ΕΠΙΣΤΟΛΩΝ</em></strong></span> <span class='ocrx_word' id='word_1_15' title='bbox 2105 1126 2638 1261; x_wconf 86' lang='grc' dir='ltr'><strong><em>ΒΙΒΛΙΑ</em></strong></span> <span class='ocrx_word' id='word_1_16' title='bbox 2717 1129 2868 1262; x_wconf 94' lang='grc' dir='ltr'><strong>Δ.</strong></span> 
     </span>
    </p>
   </div>
   <div class='ocr_carea' id='block_1_5' title="bbox 1301 1474 2602 1684">
    <p class='ocr_par' dir='ltr' id='par_1_5' title="bbox 1301 1474 2602 1684">
     <span class='ocr_line' id='line_1_5' title="bbox 1301 1474 2602 1684; baseline 0.002 -2"><span class='ocrx_word' id='word_1_17' title='bbox 1301 1474 1780 1682; x_wconf 77' lang='grc' dir='ltr'><strong><em>8.Ῥ.</em></strong></span> <span class='ocrx_word' id='word_1_18' title='bbox 1875 1510 2077 1684; x_wconf 85' lang='grc' dir='ltr'><strong>Ν.</strong></span> <span class='ocrx_word' id='word_1_19' title='bbox 2153 1513 2602 1683; x_wconf 86' lang='lat' dir='ltr'><strong><em>NILI</em></strong></span> 
     </span>
    </p>
   </div>
   <div class='ocr_carea' id='block_1_6' title="bbox 513 1819 3354 1942">
    <p class='ocr_par' dir='ltr' id='par_1_6' title="bbox 513 1819 3354 1942">
     <span class='ocr_line' id='line_1_6' title="bbox 513 1819 3354 1942; baseline 0.003 -36"><span class='ocrx_word' id='word_1_20' title='bbox 513 1819 1028 1942; x_wconf 67' lang='lat' dir='ltr'><strong><em>ASCETIE,</em></strong></span> <span class='ocrx_word' id='word_1_21' title='bbox 1108 1819 1711 1908; x_wconf 76' lang='lat' dir='ltr'><strong><em>DISCIPULI</em></strong></span> <span class='ocrx_word' id='word_1_22' title='bbox 1771 1821 1866 1908; x_wconf 86' lang='lat' dir='ltr'><strong><em>S.</em></strong></span> <span class='ocrx_word' id='word_1_23' title='bbox 1910 1819 2426 1912; x_wconf 78' lang='lat' dir='ltr'><strong><em>JOANNIS</em></strong></span> <span class='ocrx_word' id='word_1_24' title='bbox 2499 1823 3354 1918; x_wconf 78' lang='lat' dir='ltr'><strong><em>CHRYSOSTOMI</em></strong></span> 
     </span>
    </p>
   </div>
   <div class='ocr_carea' id='block_1_7' title="bbox 377 2019 3521 2223">
    <p class='ocr_par' dir='ltr' id='par_1_7' title="bbox 377 2019 3521 2223">
     <span class='ocr_line' id='line_1_7' title="bbox 377 2019 3521 2223; baseline 0.001 -32"><span class='ocrx_word' id='word_1_25' title='bbox 377 2037 1730 2196; x_wconf 80' lang='lat' dir='ltr'><strong><em>EPISTOLARUM</em></strong></span> <span class='ocrx_word' id='word_1_26' title='bbox 1876 2019 2393 2193; x_wconf 77' lang='lat' dir='ltr'><strong><em>LIBRI</em></strong></span> <span class='ocrx_word' id='word_1_27' title='bbox 2551 2040 3521 2223; x_wconf 78' lang='lat' dir='ltr'><strong><em>QUATUOR.</em></strong></span> 
     </span>
    </p>
   </div>
   <div class='ocr_carea' id='block_1_8' title="bbox 1509 2305 2410 2386">
    <p class='ocr_par' dir='ltr' id='par_1_8' title="bbox 1509 2305 2410 2386">
     <span class='ocr_line' id='line_1_8' title="bbox 1509 2305 2410 2386; baseline 0.003 -19"><span class='ocrx_word' id='word_1_28' title='bbox 1509 2307 1868 2386; x_wconf 81' lang='lat' dir='ltr'><strong><em>lnterprete</em></strong></span> <span class='ocrx_word' id='word_1_29' title='bbox 1905 2308 2119 2370; x_wconf 88' lang='lat' dir='ltr'><strong><em>Leone</em></strong></span> <span class='ocrx_word' id='word_1_30' title='bbox 2155 2305 2410 2370; x_wconf 77' lang='lat' dir='ltr'><strong><em>Allatio.</em></strong></span> 
     </span>
    </p>
   </div>
   <div class='ocr_carea' id='block_1_9' title="bbox 876 2591 3039 2646">
    <p class='ocr_par' dir='ltr' id='par_1_9' title="bbox 876 2591 3039 2646">
     <span class='ocr_line' id='line_1_9' title="bbox 876 2591 3039 2646; baseline 0 -3"><span class='ocrx_word' id='word_1_31' title='bbox 876 2591 1341 2644; x_wconf 76' lang='lat' dir='ltr'><strong><em>SERENISSIHO</em></strong></span> <span class='ocrx_word' id='word_1_32' title='bbox 1397 2591 1724 2643; x_wconf 81' lang='lat' dir='ltr'><strong><em>PRINCIPI</em></strong></span> <span class='ocrx_word' id='word_1_33' title='bbox 1766 2592 2129 2643; x_wconf 74' lang='lat' dir='ltr'><strong><em>RAYNALDO</em></strong></span> <span class='ocrx_word' id='word_1_34' title='bbox 2178 2594 2472 2645; x_wconf 75' lang='lat' dir='ltr'><strong><em>ESTENSI</em></strong></span> <span class='ocrx_word' id='word_1_35' title='bbox 2522 2594 2642 2644; x_wconf 88' lang='lat' dir='ltr'><strong><em>LEO</em></strong></span> <span class='ocrx_word' id='word_1_36' title='bbox 2687 2595 3039 2646; x_wconf 79' lang='lat' dir='ltr'><strong><em>ALLATIUS.</em></strong></span> 
     </span>
    </p>
   </div>
   <div class='ocr_carea' id='block_1_10' title="bbox 406 2722 3600 2808">
    <p class='ocr_par' dir='ltr' id='par_1_10' title="bbox 406 2722 3600 2808">
     <span class='ocr_line' id='line_1_10' title="bbox 406 2722 3600 2808; baseline 0 -24"><span class='ocrx_word' id='word_1_37' title='bbox 406 2722 719 2784; x_wconf 69' lang='lat' dir='ltr'><strong><em>Prwclara</em></strong></span> <span class='ocrx_word' id='word_1_38' title='bbox 751 2724 925 2802; x_wconf 89' lang='lat' dir='ltr'><strong><em>genii</em></strong></span> <span class='ocrx_word' id='word_1_39' title='bbox 954 2725 1052 2786; x_wconf 90' lang='lat' dir='ltr'><strong><em>tui</em></strong></span> <span class='ocrx_word' id='word_1_40' title='bbox 1097 2723 1361 2799; x_wconf 80' lang='lat' dir='ltr'><strong><em>indoles,</em></strong></span> <span class='ocrx_word' id='word_1_41' title='bbox 1394 2725 1699 2803; x_wconf 79' lang='lat' dir='ltr'><strong><em>Princeps</em></strong></span> <span class='ocrx_word' id='word_1_42' title='bbox 1727 2725 2152 2801; x_wconf 89' lang='lat' dir='ltr'><strong><em>Serenissime,</em></strong></span> <span class='ocrx_word' id='word_1_43' title='bbox 2183 2727 2250 2788; x_wconf 89' lang='lat' dir='ltr'><strong><em>in</em></strong></span> <span class='ocrx_word' id='word_1_44' title='bbox 2285 2747 2408 2808; x_wconf 90' lang='lat' dir='ltr'><strong><em>qua</em></strong></span> <span class='ocrx_word' id='word_1_45' title='bbox 2434 2728 2768 2807; x_wconf 85' lang='lat' dir='ltr'><strong><em>utriusque</em></strong></span> <span class='ocrx_word' id='word_1_46' title='bbox 2793 2727 3022 2804; x_wconf 87' lang='lat' dir='ltr'><strong><em>gentis,</em></strong></span> <span class='ocrx_word' id='word_1_47' title='bbox 3053 2724 3216 2786; x_wconf 84' lang='lat' dir='ltr'><strong><em>unde</em></strong></span> <span class='ocrx_word' id='word_1_48' title='bbox 3259 2726 3439 2803; x_wconf 86' lang='lat' dir='ltr'><strong><em>origo</em></strong></span> <span class='ocrx_word' id='word_1_49' title='bbox 3479 2725 3600 2786; x_wconf 79' lang='lat' dir='ltr'><strong><em>tibi</em></strong></span> 
     </span>
    </p>
   </div>
   <div class='ocr_carea' id='block_1_11' title="bbox 241 2819 3606 2902">
    <p class='ocr_par' dir='ltr' id='par_1_11' title="bbox 241 2819 3606 2902">
     <span class='ocr_line' id='line_1_11' title="bbox 241 2819 3606 2902; baseline -0.001 -18"><span class='ocrx_word' id='word_1_50' title='bbox 241 2819 244 2822; x_wconf 69' lang='grc'><em>’</em></span> <span class='ocrx_word' id='word_1_51' title='bbox 324 2833 437 2896; x_wconf 86' lang='lat' dir='ltr'><strong><em>est,</em></strong></span> <span class='ocrx_word' id='word_1_52' title='bbox 465 2822 700 2883; x_wconf 82' lang='lat' dir='ltr'><strong><em>lumina</em></strong></span> <span class='ocrx_word' id='word_1_53' title='bbox 716 2823 987 2884; x_wconf 77' lang='lat' dir='ltr'><strong><em>ubertim</em></strong></span> <span class='ocrx_word' id='word_1_54' title='bbox 1019 2822 1436 2902; x_wconf 84' lang='lat' dir='ltr'><strong><em>efﬂorescunt,</em></strong></span> <span class='ocrx_word' id='word_1_55' title='bbox 1478 2824 1594 2884; x_wconf 77' lang='lat' dir='ltr'><strong><em>etsi</em></strong></span> <span class='ocrx_word' id='word_1_56' title='bbox 1626 2822 1881 2884; x_wconf 88' lang='lat' dir='ltr'><strong><em>Italiam</em></strong></span> <span class='ocrx_word' id='word_1_57' title='bbox 1909 2824 2268 2884; x_wconf 80' lang='lat' dir='ltr'><strong><em>universam</em></strong></span> <span class='ocrx_word' id='word_1_58' title='bbox 2303 2823 2645 2895; x_wconf 71' lang='lat' dir='ltr'><strong><em>exhilarat,</em></strong></span> <span class='ocrx_word' id='word_1_59' title='bbox 2695 2825 2746 2884; x_wconf 88' lang='lat' dir='ltr'><strong><em>ii</em></strong></span> <span class='ocrx_word' id='word_1_60' title='bbox 2768 2833 2969 2884; x_wconf 87' lang='lat' dir='ltr'><strong><em>tamen</em></strong></span> <span class='ocrx_word' id='word_1_61' title='bbox 3002 2824 3236 2900; x_wconf 87' lang='lat' dir='ltr'><strong><em>gaudio</em></strong></span> <span class='ocrx_word' id='word_1_62' title='bbox 3263 2840 3398 2900; x_wconf 71' lang='lat' dir='ltr'><strong><em>pra:</em></strong></span> <span class='ocrx_word' id='word_1_63' title='bbox 3430 2833 3606 2883; x_wconf 65' lang='lat' dir='ltr'><strong><em>ciete-</em></strong></span> 
     </span>
    </p>
   </div>
   <div class='ocr_carea' id='block_1_12' title="bbox 324 2917 3602 3000">
    <p class='ocr_par' dir='ltr' id='par_1_12' title="bbox 324 2917 3602 3000">
     <span class='ocr_line' id='line_1_12' title="bbox 324 2917 3602 3000; baseline -0.001 -19"><span class='ocrx_word' id='word_1_64' title='bbox 324 2923 421 2981; x_wconf 86' lang='lat' dir='ltr'><strong><em>ris</em></strong></span> <span class='ocrx_word' id='word_1_65' title='bbox 464 2919 836 2999; x_wconf 75' lang='lat' dir='ltr'><strong><em>eﬂ‘eruntur,</em></strong></span> <span class='ocrx_word' id='word_1_66' title='bbox 873 2919 982 2998; x_wconf 90' lang='lat' dir='ltr'><strong><em>qui</em></strong></span> <span class='ocrx_word' id='word_1_67' title='bbox 1014 2919 1487 2979; x_wconf 77' lang='lat' dir='ltr'><strong><em>eminentissimi</em></strong></span> <span class='ocrx_word' id='word_1_68' title='bbox 1515 2917 1861 2982; x_wconf 87' lang='lat' dir='ltr'><strong><em>cardinalis</em></strong></span> <span class='ocrx_word' id='word_1_69' title='bbox 1884 2920 2224 2982; x_wconf 86' lang='lat' dir='ltr'><strong><em>Barberini</em></strong></span> <span class='ocrx_word' id='word_1_70' title='bbox 2257 2919 2558 2981; x_wconf 80' lang='lat' dir='ltr'><strong><em>avunculi</em></strong></span> <span class='ocrx_word' id='word_1_71' title='bbox 2581 2922 2679 2981; x_wconf 80' lang='lat' dir='ltr'><strong><em>tui</em></strong></span> <span class='ocrx_word' id='word_1_72' title='bbox 2710 2921 2775 2980; x_wconf 90' lang='lat' dir='ltr'><strong><em>in</em></strong></span> <span class='ocrx_word' id='word_1_73' title='bbox 2803 2919 3191 3000; x_wconf 89' lang='lat' dir='ltr'><strong><em>famulitium</em></strong></span> <span class='ocrx_word' id='word_1_74' title='bbox 3220 2918 3462 2979; x_wconf 86' lang='lat' dir='ltr'><strong><em>ascribi</em></strong></span> <span class='ocrx_word' id='word_1_75' title='bbox 3493 2920 3602 2979; x_wconf 92' lang='lat' dir='ltr'><strong><em>dc-</em></strong></span> 
     </span>
    </p>
   </div>
   <div class='ocr_carea' id='block_1_13' title="bbox 324 3015 3608 3098">
    <p class='ocr_par' dir='ltr' id='par_1_13' title="bbox 324 3015 3608 3098">
     <span class='ocr_line' id='line_1_13' title="bbox 324 3015 3608 3098; baseline -0.001 -21"><span class='ocrx_word' id='word_1_76' title='bbox 324 3025 712 3077; x_wconf 84' lang='lat' dir='ltr'><strong><em>meruerunt.</em></strong></span> <span class='ocrx_word' id='word_1_77' title='bbox 737 3015 826 3076; x_wconf 87' lang='lat' dir='ltr'><strong><em>Et</em></strong></span> <span class='ocrx_word' id='word_1_78' title='bbox 845 3035 993 3075; x_wconf 83' lang='lat' dir='ltr'><strong><em>sane</em></strong></span> <span class='ocrx_word' id='word_1_79' title='bbox 1021 3015 1208 3077; x_wconf 89' lang='lat' dir='ltr'><strong><em>nimis</em></strong></span> <span class='ocrx_word' id='word_1_80' title='bbox 1239 3016 1465 3096; x_wconf 86' lang='lat' dir='ltr'><strong><em>injusti</em></strong></span> <span class='ocrx_word' id='word_1_81' title='bbox 1489 3025 1709 3088; x_wconf 84' lang='lat' dir='ltr'><strong><em>essent,</em></strong></span> <span class='ocrx_word' id='word_1_82' title='bbox 1755 3016 1812 3077; x_wconf 89' lang='lat' dir='ltr'><strong><em>si</em></strong></span> <span class='ocrx_word' id='word_1_83' title='bbox 1846 3035 2024 3096; x_wconf 90' lang='lat' dir='ltr'><strong><em>quem</em></strong></span> <span class='ocrx_word' id='word_1_84' title='bbox 2059 3018 2165 3080; x_wconf 90' lang='lat' dir='ltr'><strong><em>ille</em></strong></span> <span class='ocrx_word' id='word_1_85' title='bbox 2195 3021 2562 3082; x_wconf 67' lang='lat' dir='ltr'><strong><em>enixissime</em></strong></span> <span class='ocrx_word' id='word_1_86' title='bbox 2597 3020 2836 3098; x_wconf 80' lang='lat' dir='ltr'><strong><em>diligit,</em></strong></span> <span class='ocrx_word' id='word_1_87' title='bbox 2881 3029 2935 3080; x_wconf 92' lang='lat' dir='ltr'><strong><em>et</em></strong></span> <span class='ocrx_word' id='word_1_88' title='bbox 2966 3019 3039 3079; x_wconf 89' lang='lat' dir='ltr'><strong><em>de</em></strong></span> <span class='ocrx_word' id='word_1_89' title='bbox 3069 3037 3189 3098; x_wconf 91' lang='lat' dir='ltr'><strong><em>quo</em></strong></span> <span class='ocrx_word' id='word_1_90' title='bbox 3229 3027 3353 3078; x_wconf 91' lang='lat' dir='ltr'><strong><em>tam</em></strong></span> <span class='ocrx_word' id='word_1_91' title='bbox 3382 3036 3608 3096; x_wconf 82' lang='lat' dir='ltr'><strong><em>magna</em></strong></span> 
     </span>
    </p>
   </div>
   <div class='ocr_carea' id='block_1_14' title="bbox 321 3111 3608 3196">
    <p class='ocr_par' dir='ltr' id='par_1_14' title="bbox 321 3111 3608 3196">
     <span class='ocr_line' id='line_1_14' title="bbox 321 3111 3608 3196; baseline -0.002 -20"><span class='ocrx_word' id='word_1_92' title='bbox 321 3114 706 3176; x_wconf 71' lang='lat' dir='ltr'><strong><em>Christianae</em></strong></span> <span class='ocrx_word' id='word_1_93' title='bbox 734 3111 1100 3191; x_wconf 80' lang='lat' dir='ltr'><strong><em>reipublica:</em></strong></span> <span class='ocrx_word' id='word_1_94' title='bbox 1138 3113 1362 3173; x_wconf 88' lang='lat' dir='ltr'><strong><em>decora</em></strong></span> <span class='ocrx_word' id='word_1_95' title='bbox 1380 3115 1531 3192; x_wconf 82' lang='lat' dir='ltr'><strong><em>jure</em></strong></span> <span class='ocrx_word' id='word_1_96' title='bbox 1563 3113 1796 3190; x_wconf 89' lang='lat' dir='ltr'><strong><em>optimo</em></strong></span> <span class='ocrx_word' id='word_1_97' title='bbox 1825 3127 2204 3194; x_wconf 87' lang='lat' dir='ltr'><strong><em>auguratur,</em></strong></span> <span class='ocrx_word' id='word_1_98' title='bbox 2227 3137 2356 3178; x_wconf 88' lang='lat' dir='ltr'><strong><em>non</em></strong></span> <span class='ocrx_word' id='word_1_99' title='bbox 2377 3117 2672 3190; x_wconf 86' lang='lat' dir='ltr'><strong><em>colerent,</em></strong></span> <span class='ocrx_word' id='word_1_100' title='bbox 2707 3117 3240 3196; x_wconf 86' lang='lat' dir='ltr'><strong><em>suspicerentque.</em></strong></span> <span class='ocrx_word' id='word_1_101' title='bbox 3271 3117 3438 3176; x_wconf 81' lang='lat' dir='ltr'><strong><em>Hinc</em></strong></span> <span class='ocrx_word' id='word_1_102' title='bbox 3469 3135 3608 3175; x_wconf 86' lang='lat' dir='ltr'><strong><em>cum</em></strong></span> 
     </span>
    </p>
   </div>
   <div class='ocr_carea' id='block_1_15' title="bbox 325 3209 3609 3294">
    <p class='ocr_par' dir='ltr' id='par_1_15' title="bbox 325 3209 3609 3294">
     <span class='ocr_line' id='line_1_15' title="bbox 325 3209 3609 3294; baseline -0 -23"><span class='ocrx_word' id='word_1_103' title='bbox 325 3209 548 3271; x_wconf 81' lang='lat' dir='ltr'><strong><em>nullus</em></strong></span> <span class='ocrx_word' id='word_1_104' title='bbox 579 3212 688 3282; x_wconf 88' lang='lat' dir='ltr'><strong><em>sit,</em></strong></span> <span class='ocrx_word' id='word_1_105' title='bbox 712 3211 824 3290; x_wconf 87' lang='lat' dir='ltr'><strong><em>qui</em></strong></span> <span class='ocrx_word' id='word_1_106' title='bbox 843 3209 1187 3290; x_wconf 75' lang='lat' dir='ltr'><strong><em>majoribus</em></strong></span> <span class='ocrx_word' id='word_1_107' title='bbox 1219 3211 1350 3290; x_wconf 84' lang='lat' dir='ltr'><strong><em>ejus</em></strong></span> <span class='ocrx_word' id='word_1_108' title='bbox 1378 3209 1753 3270; x_wconf 72' lang='lat' dir='ltr'><strong><em>Eminentia:</em></strong></span> <span class='ocrx_word' id='word_1_109' title='bbox 1782 3211 2116 3291; x_wconf 82' lang='lat' dir='ltr'><strong><em>beneficiis,</em></strong></span> <span class='ocrx_word' id='word_1_110' title='bbox 2133 3233 2315 3294; x_wconf 90' lang='lat' dir='ltr'><strong><em>quam</em></strong></span> <span class='ocrx_word' id='word_1_111' title='bbox 2333 3233 2464 3292; x_wconf 89' lang='lat' dir='ltr'><strong><em>ego,</em></strong></span> <span class='ocrx_word' id='word_1_112' title='bbox 2487 3233 2552 3274; x_wconf 87' lang='lat' dir='ltr'><strong><em>se</em></strong></span> <span class='ocrx_word' id='word_1_113' title='bbox 2569 3214 2940 3275; x_wconf 81' lang='lat' dir='ltr'><strong><em>obstrictum</em></strong></span> <span class='ocrx_word' id='word_1_114' title='bbox 2959 3214 3358 3291; x_wconf 81' lang='lat' dir='ltr'><strong><em>proﬁteatur,</em></strong></span> <span class='ocrx_word' id='word_1_115' title='bbox 3381 3212 3609 3292; x_wconf 85' lang='lat' dir='ltr'><strong><em>majori</em></strong></span> 
     </span>
    </p>
   </div>
   <div class='ocr_carea' id='block_1_16' title="bbox 328 3303 3610 3388">
    <p class='ocr_par' dir='ltr' id='par_1_16' title="bbox 328 3303 3610 3388">
     <span class='ocr_line' id='line_1_16' title="bbox 328 3303 3610 3388; baseline -0.001 -21"><span class='ocrx_word' id='word_1_116' title='bbox 328 3325 596 3388; x_wconf 90' lang='lat' dir='ltr'><strong><em>quoque,</em></strong></span> <span class='ocrx_word' id='word_1_117' title='bbox 628 3325 810 3387; x_wconf 88' lang='lat' dir='ltr'><strong><em>quam</em></strong></span> <span class='ocrx_word' id='word_1_118' title='bbox 832 3305 969 3379; x_wconf 89' lang='lat' dir='ltr'><strong><em>alii,</em></strong></span> <span class='ocrx_word' id='word_1_119' title='bbox 1001 3303 1307 3383; x_wconf 82' lang='lat' dir='ltr'><strong><em>religione</em></strong></span> <span class='ocrx_word' id='word_1_120' title='bbox 1335 3305 1533 3366; x_wconf 87' lang='lat' dir='ltr'><strong><em>teneri</em></strong></span> <span class='ocrx_word' id='word_1_121' title='bbox 1561 3305 1778 3366; x_wconf 87' lang='lat' dir='ltr'><strong><em>videor</em></strong></span> <span class='ocrx_word' id='word_1_122' title='bbox 1803 3305 2190 3371; x_wconf 88' lang='lat' dir='ltr'><strong><em>observantis</em></strong></span> <span class='ocrx_word' id='word_1_123' title='bbox 2212 3311 2409 3370; x_wconf 88' lang='lat' dir='ltr'><strong><em>animi</em></strong></span> <span class='ocrx_word' id='word_1_124' title='bbox 2431 3309 2713 3371; x_wconf 74' lang='lat' dir='ltr'><strong><em>laetitiam</em></strong></span> <span class='ocrx_word' id='word_1_125' title='bbox 2741 3317 3134 3368; x_wconf 88' lang='lat' dir='ltr'><strong><em>monumento</em></strong></span> <span class='ocrx_word' id='word_1_126' title='bbox 3167 3307 3380 3387; x_wconf 86' lang='lat' dir='ltr'><strong><em>aliquo</em></strong></span> <span class='ocrx_word' id='word_1_127' title='bbox 3403 3309 3466 3367; x_wconf 91' lang='lat' dir='ltr'><strong><em>in</em></strong></span> <span class='ocrx_word' id='word_1_128' title='bbox 3493 3324 3610 3384; x_wconf 89' lang='lat' dir='ltr'><strong><em>po-</em></strong></span> 
     </span>
    </p>
   </div>
   <div class='ocr_carea' id='block_1_17' title="bbox 328 3391 3608 3479">
    <p class='ocr_par' dir='ltr' id='par_1_17' title="bbox 328 3391 3608 3479">
     <span class='ocr_line' id='line_1_17' title="bbox 328 3391 3608 3479; baseline -0.002 -16"><span class='ocrx_word' id='word_1_129' title='bbox 328 3411 532 3463; x_wconf 86' lang='lat' dir='ltr'><strong><em>steros</em></strong></span> <span class='ocrx_word' id='word_1_130' title='bbox 549 3403 856 3464; x_wconf 87' lang='lat' dir='ltr'><strong><em>duratura</em></strong></span> <span class='ocrx_word' id='word_1_131' title='bbox 882 3402 1244 3464; x_wconf 89' lang='lat' dir='ltr'><strong><em>attestandi.</em></strong></span> <span class='ocrx_word' id='word_1_132' title='bbox 1273 3391 1503 3478; x_wconf 74' lang='lat' dir='ltr'><strong><em>Accipe</em></strong></span> <span class='ocrx_word' id='word_1_133' title='bbox 1521 3401 1746 3479; x_wconf 88' lang='lat' dir='ltr'><strong><em>igitur,</em></strong></span> <span class='ocrx_word' id='word_1_134' title='bbox 1774 3401 2148 3462; x_wconf 81' lang='lat' dir='ltr'><strong><em>Adolescens</em></strong></span> <span class='ocrx_word' id='word_1_135' title='bbox 2177 3403 2604 3474; x_wconf 88' lang='lat' dir='ltr'><strong><em>Serenissime,</em></strong></span> <span class='ocrx_word' id='word_1_136' title='bbox 2627 3401 2868 3473; x_wconf 88' lang='lat' dir='ltr'><strong><em>Nilum,</em></strong></span> <span class='ocrx_word' id='word_1_137' title='bbox 2891 3420 3073 3478; x_wconf 87' lang='lat' dir='ltr'><strong><em>quem</em></strong></span> <span class='ocrx_word' id='word_1_138' title='bbox 3107 3410 3214 3461; x_wconf 92' lang='lat' dir='ltr'><strong><em>tuo</em></strong></span> <span class='ocrx_word' id='word_1_139' title='bbox 3242 3402 3484 3461; x_wconf 88' lang='lat' dir='ltr'><strong><em>nomini</em></strong></span> <span class='ocrx_word' id='word_1_140' title='bbox 3513 3397 3580 3458; x_wconf 90' lang='lat' dir='ltr'><strong><em>di</em></strong></span> <span class='ocrx_word' id='word_1_141' title='bbox 3596 3431 3608 3440; x_wconf 92' lang='lat'><strong><em>-</em></strong></span> 
     </span>
    </p>
   </div>
   <div class='ocr_carea' id='block_1_18' title="bbox 332 3495 3606 3579">
    <p class='ocr_par' dir='ltr' id='par_1_18' title="bbox 332 3495 3606 3579">
     <span class='ocr_line' id='line_1_18' title="bbox 332 3495 3606 3579; baseline 0.001 -20"><span class='ocrx_word' id='word_1_142' title='bbox 332 3516 571 3572; x_wconf 89' lang='lat' dir='ltr'><strong><em>camus,</em></strong></span> <span class='ocrx_word' id='word_1_143' title='bbox 595 3498 922 3576; x_wconf 86' lang='lat' dir='ltr'><strong><em>egregium</em></strong></span> <span class='ocrx_word' id='word_1_144' title='bbox 939 3495 1180 3557; x_wconf 85' lang='lat' dir='ltr'><strong><em>scilicet</em></strong></span> <span class='ocrx_word' id='word_1_145' title='bbox 1206 3495 1840 3569; x_wconf 75' lang='lat' dir='ltr'><strong><em>Ecclesiwdoctorem,</em></strong></span> <span class='ocrx_word' id='word_1_146' title='bbox 1859 3499 1967 3576; x_wconf 87' lang='lat' dir='ltr'><strong><em>qui</em></strong></span> <span class='ocrx_word' id='word_1_147' title='bbox 1986 3516 2115 3560; x_wconf 90' lang='lat' dir='ltr'><strong><em>non</em></strong></span> <span class='ocrx_word' id='word_1_148' title='bbox 2129 3501 2308 3562; x_wconf 90' lang='lat' dir='ltr'><strong><em>modo</em></strong></span> <span class='ocrx_word' id='word_1_149' title='bbox 2328 3501 2782 3579; x_wconf 82' lang='lat' dir='ltr'><strong><em>Chrysostomi,</em></strong></span> <span class='ocrx_word' id='word_1_150' title='bbox 2808 3519 2886 3558; x_wconf 74' lang='lat' dir='ltr'><strong><em>ex</em></strong></span> <span class='ocrx_word' id='word_1_151' title='bbox 2907 3501 3084 3578; x_wconf 86' lang='lat' dir='ltr'><strong><em>cujus</em></strong></span> <span class='ocrx_word' id='word_1_152' title='bbox 3110 3496 3322 3559; x_wconf 86' lang='lat' dir='ltr'><strong><em>schola</em></strong></span> <span class='ocrx_word' id='word_1_153' title='bbox 3338 3497 3606 3576; x_wconf 75' lang='lat' dir='ltr'><strong><em>prodiit.</em></strong></span> 
     </span>
    </p>
   </div>
   <div class='ocr_carea' id='block_1_19' title="bbox 333 3591 3606 3678">
    <p class='ocr_par' dir='ltr' id='par_1_19' title="bbox 333 3591 3606 3678">
     <span class='ocr_line' id='line_1_19' title="bbox 333 3591 3606 3678; baseline -0.002 -23"><span class='ocrx_word' id='word_1_154' title='bbox 333 3594 689 3655; x_wconf 86' lang='lat' dir='ltr'><strong><em>doctrinam</em></strong></span> <span class='ocrx_word' id='word_1_155' title='bbox 718 3592 977 3666; x_wconf 84' lang='lat' dir='ltr'><strong><em>redolet,</em></strong></span> <span class='ocrx_word' id='word_1_156' title='bbox 1004 3593 1112 3654; x_wconf 89' lang='lat' dir='ltr'><strong><em>sed</em></strong></span> <span class='ocrx_word' id='word_1_157' title='bbox 1137 3595 1431 3671; x_wconf 85' lang='lat' dir='ltr'><strong><em>pietatem</em></strong></span> <span class='ocrx_word' id='word_1_158' title='bbox 1444 3592 2103 3672; x_wconf 87' lang='lat' dir='ltr'><strong><em>etiamubiquespirat,</em></strong></span> <span class='ocrx_word' id='word_1_159' title='bbox 2124 3591 2430 3660; x_wconf 69' lang='lat' dir='ltr'><strong><em>htereticis</em></strong></span> <span class='ocrx_word' id='word_1_160' title='bbox 2447 3596 2950 3678; x_wconf 83' lang='lat' dir='ltr'><strong><em>formidandam:</em></strong></span> <span class='ocrx_word' id='word_1_161' title='bbox 2973 3593 3210 3667; x_wconf 87' lang='lat' dir='ltr'><strong><em>Nilum,</em></strong></span> <span class='ocrx_word' id='word_1_162' title='bbox 3243 3595 3523 3673; x_wconf 88' lang='lat' dir='ltr'><strong><em>inquam,</em></strong></span> <span class='ocrx_word' id='word_1_163' title='bbox 3543 3601 3606 3651; x_wconf 88' lang='lat' dir='ltr'><strong><em>at</em></strong></span> 
     </span>
    </p>
   </div>
   <div class='ocr_carea' id='block_1_20' title="bbox 332 3687 3606 3770">
    <p class='ocr_par' dir='ltr' id='par_1_20' title="bbox 332 3687 3606 3770">
     <span class='ocr_line' id='line_1_20' title="bbox 332 3687 3606 3770; baseline -0.002 -20"><span class='ocrx_word' id='word_1_164' title='bbox 332 3708 467 3750; x_wconf 87' lang='lat' dir='ltr'><strong><em>non</em></strong></span> <span class='ocrx_word' id='word_1_165' title='bbox 489 3687 730 3770; x_wconf 91' lang='lat' dir='ltr'><strong><em>qualem</em></strong></span> <span class='ocrx_word' id='word_1_166' title='bbox 759 3690 945 3750; x_wconf 90' lang='lat' dir='ltr'><strong><em>annis</em></strong></span> <span class='ocrx_word' id='word_1_167' title='bbox 950 3690 1249 3768; x_wconf 75' lang='lat' dir='ltr'><strong><em>proxime</em></strong></span> <span class='ocrx_word' id='word_1_168' title='bbox 1262 3690 1490 3767; x_wconf 89' lang='lat' dir='ltr'><strong><em>elapsis</em></strong></span> <span class='ocrx_word' id='word_1_169' title='bbox 1523 3708 1551 3749; x_wconf 88' lang='lat' dir='ltr'><strong><em>e</em></strong></span> <span class='ocrx_word' id='word_1_170' title='bbox 1577 3689 1867 3763; x_wconf 87' lang='lat' dir='ltr'><strong><em>tenebris,</em></strong></span> <span class='ocrx_word' id='word_1_171' title='bbox 1895 3691 2196 3770; x_wconf 89' lang='lat' dir='ltr'><strong><em>inquibus</em></strong></span> <span class='ocrx_word' id='word_1_172' title='bbox 2219 3693 2329 3754; x_wconf 88' lang='lat' dir='ltr'><strong><em>diu</em></strong></span> <span class='ocrx_word' id='word_1_173' title='bbox 2345 3711 2408 3752; x_wconf 90' lang='lat' dir='ltr'><strong><em>se</em></strong></span> <span class='ocrx_word' id='word_1_174' title='bbox 2439 3690 2779 3760; x_wconf 86' lang='lat' dir='ltr'><strong><em>occulerat.</em></strong></span> <span class='ocrx_word' id='word_1_175' title='bbox 2803 3692 2871 3752; x_wconf 90' lang='lat' dir='ltr'><strong><em>in</em></strong></span> <span class='ocrx_word' id='word_1_176' title='bbox 2901 3690 3095 3750; x_wconf 85' lang='lat' dir='ltr'><strong><em>lucem</em></strong></span> <span class='ocrx_word' id='word_1_177' title='bbox 3121 3691 3294 3750; x_wconf 74' lang='lat' dir='ltr'><strong><em>exire</em></strong></span> <span class='ocrx_word' id='word_1_178' title='bbox 3320 3688 3606 3752; x_wconf 73' lang='lat' dir='ltr'><strong><em>vidimus,</em></strong></span> 
     </span>
    </p>
   </div>
   <div class='ocr_carea' id='block_1_21' title="bbox 332 3781 3611 3869">
    <p class='ocr_par' dir='ltr' id='par_1_21' title="bbox 332 3781 3611 3869">
     <span class='ocr_line' id='line_1_21' title="bbox 332 3781 3611 3869; baseline -0.001 -25"><span class='ocrx_word' id='word_1_179' title='bbox 332 3786 446 3847; x_wconf 86' lang='lat' dir='ltr'><strong><em>sed</em></strong></span> <span class='ocrx_word' id='word_1_180' title='bbox 471 3786 894 3865; x_wconf 81' lang='lat' dir='ltr'><strong><em>grandiorem,</em></strong></span> <span class='ocrx_word' id='word_1_181' title='bbox 935 3797 988 3846; x_wconf 91' lang='lat' dir='ltr'><strong><em>et</em></strong></span> <span class='ocrx_word' id='word_1_182' title='bbox 1011 3783 1158 3848; x_wconf 89' lang='lat' dir='ltr'><strong><em>Nilo</em></strong></span> <span class='ocrx_word' id='word_1_183' title='bbox 1190 3785 1388 3863; x_wconf 85' lang='lat' dir='ltr'><strong><em>fluvio</em></strong></span> <span class='ocrx_word' id='word_1_184' title='bbox 1423 3804 1553 3845; x_wconf 90' lang='lat' dir='ltr'><strong><em>non</em></strong></span> <span class='ocrx_word' id='word_1_185' title='bbox 1583 3805 1612 3844; x_wconf 89' lang='lat' dir='ltr'><strong><em>e</em></strong></span> <span class='ocrx_word' id='word_1_186' title='bbox 1639 3786 1772 3845; x_wconf 87' lang='lat' dir='ltr'><strong><em>suis</em></strong></span> <span class='ocrx_word' id='word_1_187' title='bbox 1799 3786 2086 3866; x_wconf 87' lang='lat' dir='ltr'><strong><em>fontibus</em></strong></span> <span class='ocrx_word' id='word_1_188' title='bbox 2116 3792 2491 3869; x_wconf 87' lang='lat' dir='ltr'><strong><em>erumpenti,</em></strong></span> <span class='ocrx_word' id='word_1_189' title='bbox 2533 3791 2710 3852; x_wconf 89' lang='lat' dir='ltr'><strong><em>tenui</em></strong></span> <span class='ocrx_word' id='word_1_190' title='bbox 2736 3789 2999 3861; x_wconf 87' lang='lat' dir='ltr'><strong><em>scilicet,</em></strong></span> <span class='ocrx_word' id='word_1_191' title='bbox 3063 3797 3120 3848; x_wconf 91' lang='lat' dir='ltr'><strong><em>et</em></strong></span> <span class='ocrx_word' id='word_1_192' title='bbox 3177 3789 3407 3864; x_wconf 72' lang='lat' dir='ltr'><strong><em>exiguo</em></strong></span> <span class='ocrx_word' id='word_1_193' title='bbox 3443 3781 3611 3862; x_wconf 79' lang='lat' dir='ltr'><strong><em>(talis</em></strong></span> 
     </span>
    </p>
   </div>
   <div class='ocr_carea' id='block_1_22' title="bbox 336 3873 3614 3964">
    <p class='ocr_par' dir='ltr' id='par_1_22' title="bbox 336 3873 3614 3964">
     <span class='ocr_line' id='line_1_22' title="bbox 336 3873 3614 3964; baseline -0.004 -19"><span class='ocrx_word' id='word_1_194' title='bbox 336 3882 492 3945; x_wconf 86' lang='lat' dir='ltr'><strong><em>olim</em></strong></span> <span class='ocrx_word' id='word_1_195' title='bbox 522 3892 676 3953; x_wconf 90' lang='lat' dir='ltr'><strong><em>erat,</em></strong></span> <span class='ocrx_word' id='word_1_196' title='bbox 707 3880 927 3944; x_wconf 88' lang='lat' dir='ltr'><strong><em>illimis</em></strong></span> <span class='ocrx_word' id='word_1_197' title='bbox 966 3900 1112 3942; x_wconf 89' lang='lat' dir='ltr'><strong><em>vero</em></strong></span> <span class='ocrx_word' id='word_1_198' title='bbox 1160 3881 1717 3964; x_wconf 34' lang='lat' dir='ltr'><strong><em>.etnitidissimus),</em></strong></span> <span class='ocrx_word' id='word_1_199' title='bbox 1748 3881 1855 3941; x_wconf 85' lang='lat' dir='ltr'><strong><em>sed</em></strong></span> <span class='ocrx_word' id='word_1_200' title='bbox 1881 3881 2414 3942; x_wconf 86' lang='lat' dir='ltr'><strong><em>Mediterraneum</em></strong></span> <span class='ocrx_word' id='word_1_201' title='bbox 2461 3880 2725 3960; x_wconf 88' lang='lat' dir='ltr'><strong><em>pelagus</em></strong></span> <span class='ocrx_word' id='word_1_202' title='bbox 2758 3873 2937 3940; x_wconf 86' lang='lat' dir='ltr'><strong><em>ostiis</em></strong></span> <span class='ocrx_word' id='word_1_203' title='bbox 2968 3876 3462 3956; x_wconf 87' lang='lat' dir='ltr'><strong><em>septemgeminis</em></strong></span> <span class='ocrx_word' id='word_1_204' title='bbox 3497 3874 3614 3933; x_wconf 83' lang='lat' dir='ltr'><strong><em>im-</em></strong></span> 
     </span>
    </p>
   </div>
   <div class='ocr_carea' id='block_1_23' title="bbox 335 3970 3614 4058">
    <p class='ocr_par' dir='ltr' id='par_1_23' title="bbox 335 3970 3614 4058">
     <span class='ocr_line' id='line_1_23' title="bbox 335 3970 3614 4058; baseline -0.003 -19"><span class='ocrx_word' id='word_1_205' title='bbox 335 3977 596 4058; x_wconf 86' lang='lat' dir='ltr'><strong><em>pellenti</em></strong></span> <span class='ocrx_word' id='word_1_206' title='bbox 625 3996 753 4040; x_wconf 85' lang='lat' dir='ltr'><strong><em>non</em></strong></span> <span class='ocrx_word' id='word_1_207' title='bbox 781 3977 1143 4040; x_wconf 88' lang='lat' dir='ltr'><strong><em>absimilem.</em></strong></span> <span class='ocrx_word' id='word_1_208' title='bbox 1173 3978 1294 4039; x_wconf 90' lang='lat' dir='ltr'><strong><em>Sed</em></strong></span> <span class='ocrx_word' id='word_1_209' title='bbox 1325 3979 1553 4058; x_wconf 69' lang='lat' dir='ltr'><strong><em>quieris</em></strong></span> <span class='ocrx_word' id='word_1_210' title='bbox 1579 3978 1878 4058; x_wconf 81' lang='lat' dir='ltr'><strong><em>forsitan,</em></strong></span> <span class='ocrx_word' id='word_1_211' title='bbox 1911 3976 2077 4038; x_wconf 88' lang='lat' dir='ltr'><strong><em>unde</em></strong></span> <span class='ocrx_word' id='word_1_212' title='bbox 2105 3977 2553 4037; x_wconf 87' lang='lat' dir='ltr'><strong><em>incrementum</em></strong></span> <span class='ocrx_word' id='word_1_213' title='bbox 2582 3975 2912 4035; x_wconf 88' lang='lat' dir='ltr'><strong><em>accesserit</em></strong></span> <span class='ocrx_word' id='word_1_214' title='bbox 2937 3995 2956 4041; x_wconf 87' lang='lat'><em>;</em></span> <span class='ocrx_word' id='word_1_215' title='bbox 2992 3984 3046 4034; x_wconf 90' lang='lat' dir='ltr'><strong><em>et</em></strong></span> <span class='ocrx_word' id='word_1_216' title='bbox 3077 3974 3144 4034; x_wconf 91' lang='lat' dir='ltr'><strong><em>id</em></strong></span> <span class='ocrx_word' id='word_1_217' title='bbox 3173 3971 3402 4051; x_wconf 73' lang='lat' dir='ltr'><strong><em>quaeris</em></strong></span> <span class='ocrx_word' id='word_1_218' title='bbox 3446 3970 3614 4049; x_wconf 86' lang='lat' dir='ltr'><strong><em>quod</em></strong></span> 
     </span>
    </p>
   </div>
   <div class='ocr_carea' id='block_1_24' title="bbox 341 4066 3614 4154">
    <p class='ocr_par' dir='ltr' id='par_1_24' title="bbox 341 4066 3614 4154">
     <span class='ocr_line' id='line_1_24' title="bbox 341 4066 3614 4154; baseline -0.004 -19"><span class='ocrx_word' id='word_1_219' title='bbox 341 4077 514 4153; x_wconf 88' lang='lat' dir='ltr'><strong><em>ipse:</em></strong></span> <span class='ocrx_word' id='word_1_220' title='bbox 545 4084 598 4135; x_wconf 91' lang='lat' dir='ltr'><strong><em>et</em></strong></span> <span class='ocrx_word' id='word_1_221' title='bbox 633 4075 689 4136; x_wconf 91' lang='lat' dir='ltr'><strong><em>si</em></strong></span> <span class='ocrx_word' id='word_1_222' title='bbox 719 4085 792 4136; x_wconf 91' lang='lat' dir='ltr'><strong><em>tu</em></strong></span> <span class='ocrx_word' id='word_1_223' title='bbox 821 4092 950 4134; x_wconf 88' lang='lat' dir='ltr'><strong><em>non</em></strong></span> <span class='ocrx_word' id='word_1_224' title='bbox 967 4091 1294 4153; x_wconf 62' lang='lat' dir='ltr'><strong><em>quareres,</em></strong></span> <span class='ocrx_word' id='word_1_225' title='bbox 1316 4074 1550 4154; x_wconf 85' lang='lat' dir='ltr'><strong><em>quippe</em></strong></span> <span class='ocrx_word' id='word_1_226' title='bbox 1587 4073 1805 4150; x_wconf 88' lang='lat' dir='ltr'><strong><em>ingens</em></strong></span> <span class='ocrx_word' id='word_1_227' title='bbox 1841 4091 1969 4133; x_wconf 91' lang='lat' dir='ltr'><strong><em>meo</em></strong></span> <span class='ocrx_word' id='word_1_228' title='bbox 1990 4073 2238 4134; x_wconf 90' lang='lat' dir='ltr'><strong><em>muneri</em></strong></span> <span class='ocrx_word' id='word_1_229' title='bbox 2260 4073 2542 4150; x_wconf 84' lang='lat' dir='ltr'><strong><em>pretium</em></strong></span> <span class='ocrx_word' id='word_1_230' title='bbox 2570 4071 2773 4143; x_wconf 91' lang='lat' dir='ltr'><strong><em>addit,</em></strong></span> <span class='ocrx_word' id='word_1_231' title='bbox 2799 4069 2972 4130; x_wconf 89' lang='lat' dir='ltr'><strong><em>ultro</em></strong></span> <span class='ocrx_word' id='word_1_232' title='bbox 3000 4070 3436 4148; x_wconf 85' lang='lat' dir='ltr'><strong><em>patefacerem.</em></strong></span> <span class='ocrx_word' id='word_1_233' title='bbox 3469 4066 3614 4124; x_wconf 89' lang='lat' dir='ltr'><strong><em>Jam</em></strong></span> 
     </span>
    </p>
   </div>
   <div class='ocr_carea' id='block_1_25' title="bbox 339 4160 3610 4250">
    <p class='ocr_par' dir='ltr' id='par_1_25' title="bbox 339 4160 3610 4250">
     <span class='ocr_line' id='line_1_25' title="bbox 339 4160 3610 4250; baseline -0.003 -21"><span class='ocrx_word' id='word_1_234' title='bbox 339 4171 513 4232; x_wconf 75' lang='lat' dir='ltr'><strong><em>vides</em></strong></span> <span class='ocrx_word' id='word_1_235' title='bbox 539 4188 714 4250; x_wconf 85' lang='lat' dir='ltr'><strong><em>quem</em></strong></span> <span class='ocrx_word' id='word_1_236' title='bbox 740 4169 1022 4248; x_wconf 88' lang='lat' dir='ltr'><strong><em>designat</em></strong></span> <span class='ocrx_word' id='word_1_237' title='bbox 1059 4173 1291 4243; x_wconf 86' lang='lat' dir='ltr'><strong><em>oratio,</em></strong></span> <span class='ocrx_word' id='word_1_238' title='bbox 1335 4170 1607 4231; x_wconf 89' lang='lat' dir='ltr'><strong><em>eumdem</em></strong></span> <span class='ocrx_word' id='word_1_239' title='bbox 1628 4187 1843 4248; x_wconf 89' lang='lat' dir='ltr'><strong><em>nempe</em></strong></span> <span class='ocrx_word' id='word_1_240' title='bbox 1869 4169 2468 4234; x_wconf 88' lang='lat' dir='ltr'><strong><em>Eminentissimum.</em></strong></span> <span class='ocrx_word' id='word_1_241' title='bbox 2509 4169 2574 4228; x_wconf 87' lang='lat' dir='ltr'><strong><em>1s</em></strong></span> <span class='ocrx_word' id='word_1_242' title='bbox 2607 4169 2767 4228; x_wconf 89' lang='lat' dir='ltr'><strong><em>enim</em></strong></span> <span class='ocrx_word' id='word_1_243' title='bbox 2801 4167 2948 4227; x_wconf 88' lang='lat' dir='ltr'><strong><em>dum</em></strong></span> <span class='ocrx_word' id='word_1_244' title='bbox 2966 4167 3153 4246; x_wconf 84' lang='lat' dir='ltr'><strong><em>hujus</em></strong></span> <span class='ocrx_word' id='word_1_245' title='bbox 3184 4163 3392 4224; x_wconf 87' lang='lat' dir='ltr'><strong><em>sancti</em></strong></span> <span class='ocrx_word' id='word_1_246' title='bbox 3441 4160 3610 4221; x_wconf 86' lang='lat' dir='ltr'><strong><em>scri-</em></strong></span> 
     </span>
    </p>
   </div>
   <div class='ocr_carea' id='block_1_26' title="bbox 343 4258 3610 4344">
    <p class='ocr_par' dir='ltr' id='par_1_26' title="bbox 343 4258 3610 4344">
     <span class='ocr_line' id='line_1_26' title="bbox 343 4258 3610 4344; baseline -0.003 -18"><span class='ocrx_word' id='word_1_247' title='bbox 343 4268 557 4344; x_wconf 88' lang='lat' dir='ltr'><strong><em>ptoris</em></strong></span> <span class='ocrx_word' id='word_1_248' title='bbox 581 4285 660 4327; x_wconf 82' lang='lat' dir='ltr'><strong><em>ea:</em></strong></span> <span class='ocrx_word' id='word_1_249' title='bbox 691 4265 1008 4338; x_wconf 81' lang='lat' dir='ltr'><strong><em>Vaticana,</em></strong></span> <span class='ocrx_word' id='word_1_250' title='bbox 1032 4265 1488 4344; x_wconf 77' lang='lat' dir='ltr'><strong><em>Altempsiana,</em></strong></span> <span class='ocrx_word' id='word_1_251' title='bbox 1529 4274 1584 4326; x_wconf 90' lang='lat' dir='ltr'><strong><em>et</em></strong></span> <span class='ocrx_word' id='word_1_252' title='bbox 1614 4285 1731 4326; x_wconf 92' lang='lat' dir='ltr'><strong><em>sua</em></strong></span> <span class='ocrx_word' id='word_1_253' title='bbox 1753 4265 2150 4344; x_wconf 87' lang='lat' dir='ltr'><strong><em>potissimum</em></strong></span> <span class='ocrx_word' id='word_1_254' title='bbox 2178 4263 2575 4338; x_wconf 84' lang='lat' dir='ltr'><strong><em>bibliotheca,</em></strong></span> <span class='ocrx_word' id='word_1_255' title='bbox 2600 4271 2994 4324; x_wconf 89' lang='lat' dir='ltr'><strong><em>monumenta</em></strong></span> <span class='ocrx_word' id='word_1_256' title='bbox 3016 4260 3285 4338; x_wconf 89' lang='lat' dir='ltr'><strong><em>colligit,</em></strong></span> <span class='ocrx_word' id='word_1_257' title='bbox 3319 4278 3390 4318; x_wconf 89' lang='lat' dir='ltr'><strong><em>ac</em></strong></span> <span class='ocrx_word' id='word_1_258' title='bbox 3420 4258 3478 4318; x_wconf 91' lang='lat' dir='ltr'><strong><em>si</em></strong></span> <span class='ocrx_word' id='word_1_259' title='bbox 3514 4265 3610 4318; x_wconf 88' lang='lat' dir='ltr'><strong><em>tot</em></strong></span> 
     </span>
    </p>
   </div>
   <div class='ocr_carea' id='block_1_27' title="bbox 346 4354 3614 4440">
    <p class='ocr_par' dir='ltr' id='par_1_27' title="bbox 346 4354 3614 4440">
     <span class='ocr_line' id='line_1_27' title="bbox 346 4354 3614 4440; baseline -0.002 -18"><span class='ocrx_word' id='word_1_260' title='bbox 346 4379 659 4440; x_wconf 88' lang='lat' dir='ltr'><strong><em>aquarum</em></strong></span> <span class='ocrx_word' id='word_1_261' title='bbox 712 4359 982 4435; x_wconf 79' lang='lat' dir='ltr'><strong><em>rivulos,</em></strong></span> <span class='ocrx_word' id='word_1_262' title='bbox 1049 4363 1231 4440; x_wconf 92' lang='lat' dir='ltr'><strong><em>longe</em></strong></span> <span class='ocrx_word' id='word_1_263' title='bbox 1261 4361 1337 4422; x_wconf 93' lang='lat' dir='ltr'><strong><em>ab</em></strong></span> <span class='ocrx_word' id='word_1_264' title='bbox 1383 4359 1558 4422; x_wconf 90' lang='lat' dir='ltr'><strong><em>alveo</em></strong></span> <span class='ocrx_word' id='word_1_265' title='bbox 1593 4371 1919 4440; x_wconf 81' lang='lat' dir='ltr'><strong><em>evagantes</em></strong></span> <span class='ocrx_word' id='word_1_266' title='bbox 1957 4361 2025 4422; x_wconf 89' lang='lat' dir='ltr'><strong><em>in</em></strong></span> <span class='ocrx_word' id='word_1_267' title='bbox 2068 4361 2310 4423; x_wconf 82' lang='lat' dir='ltr'><strong><em>alveum</em></strong></span> <span class='ocrx_word' id='word_1_268' title='bbox 2347 4363 2728 4435; x_wconf 73' lang='lat' dir='ltr'><strong><em>reduxisset,</em></strong></span> <span class='ocrx_word' id='word_1_269' title='bbox 2769 4360 2985 4424; x_wconf 87' lang='lat' dir='ltr'><strong><em>Nilum</em></strong></span> <span class='ocrx_word' id='word_1_270' title='bbox 3021 4361 3186 4421; x_wconf 90' lang='lat' dir='ltr'><strong><em>hunc</em></strong></span> <span class='ocrx_word' id='word_1_271' title='bbox 3228 4378 3257 4417; x_wconf 91' lang='lat' dir='ltr'><strong><em>e</em></strong></span> <span class='ocrx_word' id='word_1_272' title='bbox 3312 4354 3614 4436; x_wconf 89' lang='lat' dir='ltr'><strong><em>populari</em></strong></span> 
     </span>
    </p>
   </div>
   <div class='ocr_carea' id='block_1_28' title="bbox 339 4453 3618 4540">
    <p class='ocr_par' dir='ltr' id='par_1_28' title="bbox 339 4453 3618 4540">
     <span class='ocr_line' id='line_1_28' title="bbox 339 4453 3618 4540; baseline -0.002 -22"><span class='ocrx_word' id='word_1_273' title='bbox 339 4460 590 4536; x_wconf 80' lang='lat' dir='ltr'><strong><em>regium</em></strong></span> <span class='ocrx_word' id='word_1_274' title='bbox 612 4457 834 4538; x_wconf 79' lang='lat' dir='ltr'><strong><em>effecit.</em></strong></span> <span class='ocrx_word' id='word_1_275' title='bbox 869 4459 1036 4520; x_wconf 86' lang='lat' dir='ltr'><strong><em>Hinc</em></strong></span> <span class='ocrx_word' id='word_1_276' title='bbox 1068 4477 1198 4520; x_wconf 88' lang='lat' dir='ltr'><strong><em>non</em></strong></span> <span class='ocrx_word' id='word_1_277' title='bbox 1219 4476 1423 4538; x_wconf 84' lang='lat' dir='ltr'><strong><em>parva</em></strong></span> <span class='ocrx_word' id='word_1_278' title='bbox 1443 4477 1580 4538; x_wconf 89' lang='lat' dir='ltr'><strong><em>spes</em></strong></span> <span class='ocrx_word' id='word_1_279' title='bbox 1617 4461 1852 4532; x_wconf 89' lang='lat' dir='ltr'><strong><em>oritur,</em></strong></span> <span class='ocrx_word' id='word_1_280' title='bbox 1893 4457 1967 4519; x_wconf 90' lang='lat' dir='ltr'><strong><em>ab</em></strong></span> <span class='ocrx_word' id='word_1_281' title='bbox 2011 4459 2218 4521; x_wconf 89' lang='lat' dir='ltr'><strong><em>eodem</em></strong></span> <span class='ocrx_word' id='word_1_282' title='bbox 2250 4461 2429 4540; x_wconf 88' lang='lat' dir='ltr'><strong><em>longe</em></strong></span> <span class='ocrx_word' id='word_1_283' title='bbox 2453 4458 2694 4540; x_wconf 86' lang='lat' dir='ltr'><strong><em>lateque</em></strong></span> <span class='ocrx_word' id='word_1_284' title='bbox 2733 4457 2966 4537; x_wconf 77' lang='lat' dir='ltr'><strong><em>diffuso</em></strong></span> <span class='ocrx_word' id='word_1_285' title='bbox 3005 4457 3095 4518; x_wconf 91' lang='lat' dir='ltr'><strong><em>ita</em></strong></span> <span class='ocrx_word' id='word_1_286' title='bbox 3125 4453 3418 4515; x_wconf 78' lang='lat' dir='ltr'><strong><em>Ecclesia:</em></strong></span> <span class='ocrx_word' id='word_1_287' title='bbox 3447 4471 3618 4511; x_wconf 89' lang='lat' dir='ltr'><strong><em>cam-</em></strong></span> 
     </span>
    </p>
   </div>
   <div class='ocr_carea' id='block_1_29' title="bbox 342 4550 3616 4636">
    <p class='ocr_par' dir='ltr' id='par_1_29' title="bbox 342 4550 3616 4636">
     <span class='ocr_line' id='line_1_29' title="bbox 342 4550 3616 4636; baseline -0.004 -22"><span class='ocrx_word' id='word_1_288' title='bbox 342 4573 466 4632; x_wconf 85' lang='lat' dir='ltr'><strong><em>pos</em></strong></span> <span class='ocrx_word' id='word_1_289' title='bbox 499 4555 836 4634; x_wconf 85' lang='lat' dir='ltr'><strong><em>irrigatum</em></strong></span> <span class='ocrx_word' id='word_1_290' title='bbox 871 4556 979 4626; x_wconf 89' lang='lat' dir='ltr'><strong><em>iri,</em></strong></span> <span class='ocrx_word' id='word_1_291' title='bbox 1012 4566 1084 4618; x_wconf 88' lang='lat' dir='ltr'><strong><em>ut</em></strong></span> <span class='ocrx_word' id='word_1_292' title='bbox 1114 4556 1181 4617; x_wconf 90' lang='lat' dir='ltr'><strong><em>hi</em></strong></span> <span class='ocrx_word' id='word_1_293' title='bbox 1206 4555 1555 4636; x_wconf 88' lang='lat' dir='ltr'><strong><em>fertiliores</em></strong></span> <span class='ocrx_word' id='word_1_294' title='bbox 1585 4555 1823 4616; x_wconf 85' lang='lat' dir='ltr'><strong><em>redditi</em></strong></span> <span class='ocrx_word' id='word_1_295' title='bbox 1857 4552 2380 4618; x_wconf 87' lang='lat' dir='ltr'><strong><em>abundantiorem</em></strong></span> <span class='ocrx_word' id='word_1_296' title='bbox 2416 4574 2600 4636; x_wconf 91' lang='lat' dir='ltr'><strong><em>quam</em></strong></span> <span class='ocrx_word' id='word_1_297' title='bbox 2628 4563 2814 4614; x_wconf 89' lang='lat' dir='ltr'><strong><em>antea</em></strong></span> <span class='ocrx_word' id='word_1_298' title='bbox 2849 4554 3102 4616; x_wconf 88' lang='lat' dir='ltr'><strong><em>Christo</em></strong></span> <span class='ocrx_word' id='word_1_299' title='bbox 3159 4550 3424 4610; x_wconf 88' lang='lat' dir='ltr'><strong><em>Domino</em></strong></span> <span class='ocrx_word' id='word_1_300' title='bbox 3462 4564 3616 4604; x_wconf 87' lang='lat' dir='ltr'><strong><em>mes-</em></strong></span> 
     </span>
    </p>
   </div>
   <div class='ocr_carea' id='block_1_30' title="bbox 343 4642 3615 4736">
    <p class='ocr_par' dir='ltr' id='par_1_30' title="bbox 343 4642 3615 4736">
     <span class='ocr_line' id='line_1_30' title="bbox 343 4642 3615 4736; baseline -0.005 -22"><span class='ocrx_word' id='word_1_301' title='bbox 343 4673 476 4714; x_wconf 89' lang='lat' dir='ltr'><strong><em>sem</em></strong></span> <span class='ocrx_word' id='word_1_302' title='bbox 505 4655 850 4733; x_wconf 78' lang='lat' dir='ltr'><strong><em>sufﬁciant,</em></strong></span> <span class='ocrx_word' id='word_1_303' title='bbox 886 4654 1168 4736; x_wconf 88' lang='lat' dir='ltr'><strong><em>illudque</em></strong></span> <span class='ocrx_word' id='word_1_304' title='bbox 1186 4657 1479 4718; x_wconf 85' lang='lat' dir='ltr'><strong><em>Davidici</em></strong></span> <span class='ocrx_word' id='word_1_305' title='bbox 1507 4656 1806 4718; x_wconf 87' lang='lat' dir='ltr'><strong><em>carminis</em></strong></span> <span class='ocrx_word' id='word_1_306' title='bbox 1829 4652 2155 4716; x_wconf 89' lang='lat' dir='ltr'><strong><em>oraculum</em></strong></span> <span class='ocrx_word' id='word_1_307' title='bbox 2176 4651 2513 4731; x_wconf 88' lang='lat' dir='ltr'><strong><em>impleatur</em></strong></span> <span class='ocrx_word' id='word_1_308' title='bbox 2545 4673 2565 4711; x_wconf 92' lang='lat'><em>:</em></span> <span class='ocrx_word' id='word_1_309' title='bbox 2599 4673 2627 4706; x_wconf 75' lang='lat' dir='ltr'><strong><em>a</em></strong></span> <span class='ocrx_word' id='word_1_310' title='bbox 2675 4648 2989 4710; x_wconf 87' lang='lat' dir='ltr'><strong><em>Fluminis</em></strong></span> <span class='ocrx_word' id='word_1_311' title='bbox 3033 4649 3296 4725; x_wconf 86' lang='lat' dir='ltr'><strong><em>impetus</em></strong></span> <span class='ocrx_word' id='word_1_312' title='bbox 3343 4642 3615 4719; x_wconf 69' lang='lat' dir='ltr'><strong><em>laetiﬁcat</em></strong></span> 
     </span>
    </p>
   </div>
   <div class='ocr_carea' id='block_1_31' title="bbox 349 4739 3616 4838">
    <p class='ocr_par' dir='ltr' id='par_1_31' title="bbox 349 4739 3616 4838">
     <span class='ocr_line' id='line_1_31' title="bbox 349 4739 3616 4838; baseline -0.007 -22"><span class='ocrx_word' id='word_1_313' title='bbox 349 4757 671 4817; x_wconf 84' lang='lat' dir='ltr'><strong><em>civitatem</em></strong></span> <span class='ocrx_word' id='word_1_314' title='bbox 705 4757 817 4818; x_wconf 89' lang='lat' dir='ltr'><strong><em>Dei</em></strong></span> <span class='ocrx_word' id='word_1_315' title='bbox 847 4755 950 4838; x_wconf 87' lang='lat' dir='ltr'><strong><em>(a).</em></strong></span> <span class='ocrx_word' id='word_1_316' title='bbox 984 4780 1013 4815; x_wconf 75' lang='grc' dir='ltr'><strong>ιι</strong></span> <span class='ocrx_word' id='word_1_317' title='bbox 1040 4743 1352 4836; x_wconf 71' lang='lat' dir='ltr'><strong><em>Impetum</em></strong></span> <span class='ocrx_word' id='word_1_318' title='bbox 1372 4759 1440 4819; x_wconf 89' lang='lat' dir='ltr'><strong><em>in</em></strong></span> <span class='ocrx_word' id='word_1_319' title='bbox 1473 4758 1587 4819; x_wconf 91' lang='lat' dir='ltr'><strong><em>hoc</em></strong></span> <span class='ocrx_word' id='word_1_320' title='bbox 1616 4756 1874 4837; x_wconf 79' lang='lat' dir='ltr'><strong><em>flumine</em></strong></span> <span class='ocrx_word' id='word_1_321' title='bbox 1901 4751 2110 4830; x_wconf 87' lang='lat' dir='ltr'><strong><em>regius</em></strong></span> <span class='ocrx_word' id='word_1_322' title='bbox 2131 4761 2298 4812; x_wconf 91' lang='lat' dir='ltr'><strong><em>vates</em></strong></span> <span class='ocrx_word' id='word_1_323' title='bbox 2335 4748 2642 4810; x_wconf 88' lang='lat' dir='ltr'><strong><em>desiderat</em></strong></span> <span class='ocrx_word' id='word_1_324' title='bbox 2673 4765 2691 4804; x_wconf 91' lang='lat'><strong><em>:</em></strong></span> <span class='ocrx_word' id='word_1_325' title='bbox 2722 4752 2800 4806; x_wconf 88' lang='lat' dir='ltr'><strong><em>at‘</em></strong></span> <span class='ocrx_word' id='word_1_326' title='bbox 2817 4761 3116 4826; x_wconf 87' lang='lat' dir='ltr'><strong><em>quorsum</em></strong></span> <span class='ocrx_word' id='word_1_327' title='bbox 3142 4746 3171 4802; x_wconf 81' lang='lat'><strong><em>?</em></strong></span> <span class='ocrx_word' id='word_1_328' title='bbox 3205 4739 3616 4838; x_wconf 67' lang='lat' dir='ltr'><strong><em>Hilaritatem</em></strong></span> 
     </span>
    </p>
   </div>
   <div class='ocr_carea' id='block_1_32' title="bbox 343 4832 3618 4933">
    <p class='ocr_par' dir='ltr' id='par_1_32' title="bbox 343 4832 3618 4933">
     <span class='ocr_line' id='line_1_32' title="bbox 343 4832 3618 4933; baseline -0.006 -23"><span class='ocrx_word' id='word_1_329' title='bbox 343 4853 570 4930; x_wconf 82' lang='lat' dir='ltr'><strong><em>potius</em></strong></span> <span class='ocrx_word' id='word_1_330' title='bbox 587 4871 758 4933; x_wconf 68' lang='lat' dir='ltr'><strong><em>aqua:</em></strong></span> <span class='ocrx_word' id='word_1_331' title='bbox 794 4832 1026 4914; x_wconf 77' lang='lat' dir='ltr'><strong><em>leniter</em></strong></span> <span class='ocrx_word' id='word_1_332' title='bbox 1056 4832 1317 4932; x_wconf 46' lang='lat' dir='ltr'><strong><em>[lu—entes</em></strong></span> <span class='ocrx_word' id='word_1_333' title='bbox 1348 4832 1724 4926; x_wconf 81' lang='lat' dir='ltr'><strong><em>conciliant,</em></strong></span> <span class='ocrx_word' id='word_1_334' title='bbox 1757 4870 1941 4932; x_wconf 90' lang='lat' dir='ltr'><strong><em>quam</em></strong></span> <span class='ocrx_word' id='word_1_335' title='bbox 1987 4867 2121 4928; x_wconf 72' lang='lat' dir='ltr'><strong><em>quce</em></strong></span> <span class='ocrx_word' id='word_1_336' title='bbox 2153 4845 2554 4924; x_wconf 88' lang='lat' dir='ltr'><strong><em>rapidissime</em></strong></span> <span class='ocrx_word' id='word_1_337' title='bbox 2600 4841 2998 4902; x_wconf 84' lang='lat' dir='ltr'><strong><em>evolvuntur.</em></strong></span> <span class='ocrx_word' id='word_1_338' title='bbox 3069 4841 3282 4933; x_wconf 79' lang='lat' dir='ltr'><strong><em>Verum</em></strong></span> <span class='ocrx_word' id='word_1_339' title='bbox 3332 4852 3399 4893; x_wconf 90' lang='lat' dir='ltr'><strong><em>ea</em></strong></span> <span class='ocrx_word' id='word_1_340' title='bbox 3450 4832 3618 4893; x_wconf 87' lang='lat' dir='ltr'><strong><em>Pro—</em></strong></span> 
     </span>
    </p>
   </div>
   <div class='ocr_carea' id='block_1_33' title="bbox 338 4932 3614 5030">
    <p class='ocr_par' dir='ltr' id='par_1_33' title="bbox 338 4932 3614 5030">
     <span class='ocr_line' id='line_1_33' title="bbox 338 4932 3614 5030; baseline -0.001 -18"><span class='ocrx_word' id='word_1_341' title='bbox 338 4951 550 5030; x_wconf 76' lang='lat' dir='ltr'><strong><em>pheta:</em></strong></span> <span class='ocrx_word' id='word_1_342' title='bbox 575 4932 742 5013; x_wconf 82' lang='lat' dir='ltr'><strong><em>mens</em></strong></span> <span class='ocrx_word' id='word_1_343' title='bbox 768 4963 876 5025; x_wconf 90' lang='lat' dir='ltr'><strong><em>est,</em></strong></span> <span class='ocrx_word' id='word_1_344' title='bbox 909 4964 978 5015; x_wconf 91' lang='lat' dir='ltr'><strong><em>ut</em></strong></span> <span class='ocrx_word' id='word_1_345' title='bbox 1008 4973 1270 5030; x_wconf 89' lang='lat' dir='ltr'><strong><em>amnem,</em></strong></span> <span class='ocrx_word' id='word_1_346' title='bbox 1303 4956 1408 5015; x_wconf 92' lang='lat' dir='ltr'><strong><em>cui</em></strong></span> <span class='ocrx_word' id='word_1_347' title='bbox 1434 4965 1677 5016; x_wconf 91' lang='lat' dir='ltr'><strong><em>tantum</em></strong></span> <span class='ocrx_word' id='word_1_348' title='bbox 1711 4951 2034 5023; x_wconf 89' lang='lat' dir='ltr'><strong><em>attribuit,</em></strong></span> <span class='ocrx_word' id='word_1_349' title='bbox 2057 4963 2186 5006; x_wconf 89' lang='lat' dir='ltr'><strong><em>non</em></strong></span> <span class='ocrx_word' id='word_1_350' title='bbox 2219 4962 2296 5002; x_wconf 77' lang='lat' dir='ltr'><strong><em>ea:</em></strong></span> <span class='ocrx_word' id='word_1_351' title='bbox 2319 4944 2432 5004; x_wconf 92' lang='lat' dir='ltr'><strong><em>hac</em></strong></span> <span class='ocrx_word' id='word_1_352' title='bbox 2467 4940 2884 5018; x_wconf 58' lang='lat' dir='ltr'><strong><em>[acri/marum</em></strong></span> <span class='ocrx_word' id='word_1_353' title='bbox 2921 4933 3081 4994; x_wconf 69' lang='grc' dir='ltr'><strong><em>υαίίθ</em></strong></span> <span class='ocrx_word' id='word_1_354' title='bbox 3114 4932 3445 5030; x_wconf 48' lang='grc' dir='ltr'><strong><em>ονίθίηεηδ-</em></strong></span> <span class='ocrx_word' id='word_1_355' title='bbox 3477 4937 3614 4987; x_wconf 67' lang='grc' dir='ltr'><em>ινα·</em></span> 
     </span>
    </p>
   </div>
   <div class='ocr_carea' id='block_1_34' title="bbox 350 5026 3619 5128">
    <p class='ocr_par' dir='ltr' id='par_1_34' title="bbox 350 5026 3619 5128">
     <span class='ocr_line' id='line_1_34' title="bbox 350 5026 3619 5128; baseline -0.008 -20"><span class='ocrx_word' id='word_1_356' title='bbox 350 5026 520 5121; x_wconf 68' lang='lat' dir='ltr'><strong><em>here,</em></strong></span> <span class='ocrx_word' id='word_1_357' title='bbox 553 5050 658 5111; x_wconf 89' lang='lat' dir='ltr'><strong><em>sed</em></strong></span> <span class='ocrx_word' id='word_1_358' title='bbox 684 5069 724 5109; x_wconf 91' lang='lat' dir='ltr'><strong><em>a</em></strong></span> <span class='ocrx_word' id='word_1_359' title='bbox 754 5048 902 5110; x_wconf 78' lang='lat' dir='ltr'><strong><em>ccelo</em></strong></span> <span class='ocrx_word' id='word_1_360' title='bbox 942 5051 1145 5113; x_wconf 89' lang='lat' dir='ltr'><strong><em>delabi</em></strong></span> <span class='ocrx_word' id='word_1_361' title='bbox 1178 5026 1623 5128; x_wconf 86' lang='lat' dir='ltr'><strong><em>intelligamus.</em></strong></span> <span class='ocrx_word' id='word_1_362' title='bbox 1648 5050 1832 5126; x_wconf 85' lang='lat' dir='ltr'><strong><em>Quod</em></strong></span> <span class='ocrx_word' id='word_1_363' title='bbox 1856 5050 1914 5110; x_wconf 90' lang='lat' dir='ltr'><strong><em>si</em></strong></span> <span class='ocrx_word' id='word_1_364' title='bbox 1937 5049 2026 5108; x_wconf 92' lang='lat' dir='ltr'><strong><em>ita</em></strong></span> <span class='ocrx_word' id='word_1_365' title='bbox 2049 5041 2399 5118; x_wconf 90' lang='lat' dir='ltr'><strong><em>est,Nilum</em></strong></span> <span class='ocrx_word' id='word_1_366' title='bbox 2431 5039 2596 5099; x_wconf 91' lang='lat' dir='ltr'><strong><em>hunc</em></strong></span> <span class='ocrx_word' id='word_1_367' title='bbox 2626 5045 2913 5096; x_wconf 89' lang='lat' dir='ltr'><strong><em>nostrum</em></strong></span> <span class='ocrx_word' id='word_1_368' title='bbox 2943 5026 3619 5128; x_wconf 65' lang='lat' dir='ltr'><strong><em>designasseaudacter</em></strong></span> 
     </span>
    </p>
   </div>
   <div class='ocr_carea' id='block_1_35' title="bbox 347 5124 3618 5232">
    <p class='ocr_par' dir='ltr' id='par_1_35' title="bbox 347 5124 3618 5232">
     <span class='ocr_line' id='line_1_35' title="bbox 347 5124 3618 5232; baseline -0.001 -27"><span class='ocrx_word' id='word_1_369' title='bbox 347 5147 710 5220; x_wconf 85' lang='lat' dir='ltr'><strong><em>asserimus,</em></strong></span> <span class='ocrx_word' id='word_1_370' title='bbox 745 5150 976 5228; x_wconf 87' lang='lat' dir='ltr'><strong><em>quippe</em></strong></span> <span class='ocrx_word' id='word_1_371' title='bbox 1002 5150 1113 5229; x_wconf 90' lang='lat' dir='ltr'><strong><em>qui</em></strong></span> <span class='ocrx_word' id='word_1_372' title='bbox 1133 5124 1644 5218; x_wconf 42' lang='lat' dir='ltr'><strong><em>nonate‘rrestri,</em></strong></span> <span class='ocrx_word' id='word_1_373' title='bbox 1671 5124 1739 5208; x_wconf 78' lang='lat' dir='ltr'><strong><em>ut</em></strong></span> <span class='ocrx_word' id='word_1_374' title='bbox 1773 5145 2134 5225; x_wconf 58' lang='lat' dir='ltr'><strong><em>Egi/ptius,</em></strong></span> <span class='ocrx_word' id='word_1_375' title='bbox 2152 5135 2456 5217; x_wconf 87' lang='lat' dir='ltr'><strong><em>paradiso</em></strong></span> <span class='ocrx_word' id='word_1_376' title='bbox 2490 5131 2764 5232; x_wconf 89' lang='lat' dir='ltr'><strong><em>desilire,</em></strong></span> <span class='ocrx_word' id='word_1_377' title='bbox 2798 5129 2910 5232; x_wconf 78' lang='lat' dir='ltr'><strong><em>sed</em></strong></span> <span class='ocrx_word' id='word_1_378' title='bbox 2936 5127 3150 5232; x_wconf 68' lang='lat' dir='ltr'><strong><em>divino</em></strong></span> <span class='ocrx_word' id='word_1_379' title='bbox 3189 5124 3618 5232; x_wconf 30' lang='lat' dir='ltr'><strong><em>rspirllufm.‘</em></strong></span> 
     </span>
    </p>
   </div>
   <div class='ocr_carea' id='block_1_36' title="bbox 347 5223 3619 5324">
    <p class='ocr_par' dir='ltr' id='par_1_36' title="bbox 347 5223 3619 5324">
     <span class='ocr_line' id='line_1_36' title="bbox 347 5223 3619 5324; baseline -0.007 -21"><span class='ocrx_word' id='word_1_380' title='bbox 347 5241 542 5320; x_wconf 88' lang='lat' dir='ltr'><strong><em>gidus</em></strong></span> <span class='ocrx_word' id='word_1_381' title='bbox 567 5261 606 5300; x_wconf 92' lang='lat' dir='ltr'><strong><em>a</em></strong></span> <span class='ocrx_word' id='word_1_382' title='bbox 633 5223 1063 5320; x_wconf 46' lang='lat' dir='ltr'><strong><em>supraco—tlesti</em></strong></span> <span class='ocrx_word' id='word_1_383' title='bbox 1083 5245 1444 5307; x_wconf 81' lang='lat' dir='ltr'><strong><em>descendere</em></strong></span> <span class='ocrx_word' id='word_1_384' title='bbox 1468 5245 1618 5324; x_wconf 86' lang='lat' dir='ltr'><strong><em>jure</em></strong></span> <span class='ocrx_word' id='word_1_385' title='bbox 1646 5243 1867 5322; x_wconf 79' lang='lat' dir='ltr'><strong><em>merito</em></strong></span> <span class='ocrx_word' id='word_1_386' title='bbox 1901 5223 2218 5302; x_wconf 76' lang='lat' dir='ltr'><strong><em>videatur.</em></strong></span> <span class='ocrx_word' id='word_1_387' title='bbox 2253 5235 2443 5298; x_wconf 88' lang='lat' dir='ltr'><strong><em>Nemo</em></strong></span> <span class='ocrx_word' id='word_1_388' title='bbox 2477 5233 2678 5309; x_wconf 88' lang='lat' dir='ltr'><strong><em>igitur</em></strong></span> <span class='ocrx_word' id='word_1_389' title='bbox 2715 5227 3096 5324; x_wconf 68' lang='lat' dir='ltr'><strong><em>insipientia:</em></strong></span> <span class='ocrx_word' id='word_1_390' title='bbox 3138 5223 3409 5303; x_wconf 88' lang='lat' dir='ltr'><strong><em>aliquem</em></strong></span> <span class='ocrx_word' id='word_1_391' title='bbox 3451 5223 3619 5280; x_wconf 84' lang='lat' dir='ltr'><strong><em>insi-</em></strong></span> 
     </span>
    </p>
   </div>
   <div class='ocr_carea' id='block_1_37' title="bbox 347 5321 3618 5421">
    <p class='ocr_par' dir='ltr' id='par_1_37' title="bbox 347 5321 3618 5421">
     <span class='ocr_line' id='line_1_37' title="bbox 347 5321 3618 5421; baseline -0.009 -21"><span class='ocrx_word' id='word_1_392' title='bbox 347 5341 641 5414; x_wconf 85' lang='lat' dir='ltr'><strong><em>mularet,</em></strong></span> <span class='ocrx_word' id='word_1_393' title='bbox 676 5343 786 5421; x_wconf 90' lang='lat' dir='ltr'><strong><em>qui</em></strong></span> <span class='ocrx_word' id='word_1_394' title='bbox 815 5343 1260 5404; x_wconf 86' lang='lat' dir='ltr'><strong><em>beatitudinem</em></strong></span> <span class='ocrx_word' id='word_1_395' title='bbox 1291 5321 1586 5414; x_wconf 76' lang='lat' dir='ltr'><strong><em>crederet,</em></strong></span> <span class='ocrx_word' id='word_1_396' title='bbox 1621 5340 1678 5400; x_wconf 90' lang='lat' dir='ltr'><strong><em>si</em></strong></span> <span class='ocrx_word' id='word_1_397' title='bbox 1704 5321 1840 5401; x_wconf 89' lang='lat' dir='ltr'><strong><em>Nili</em></strong></span> <span class='ocrx_word' id='word_1_398' title='bbox 1865 5334 2259 5416; x_wconf 86' lang='lat' dir='ltr'><strong><em>principium</em></strong></span> <span class='ocrx_word' id='word_1_399' title='bbox 2319 5330 2531 5400; x_wconf 88' lang='lat' dir='ltr'><strong><em>sciret,</em></strong></span> <span class='ocrx_word' id='word_1_400' title='bbox 2557 5323 2886 5387; x_wconf 90' lang='lat' dir='ltr'><strong><em>dummodo</em></strong></span> <span class='ocrx_word' id='word_1_401' title='bbox 2943 5321 3131 5402; x_wconf 81' lang='lat' dir='ltr'><strong><em>hujus</em></strong></span> <span class='ocrx_word' id='word_1_402' title='bbox 3184 5323 3452 5401; x_wconf 88' lang='lat' dir='ltr'><strong><em>fontem,</em></strong></span> <span class='ocrx_word' id='word_1_403' title='bbox 3489 5334 3618 5374; x_wconf 87' lang='lat' dir='ltr'><strong><em>non</em></strong></span> 
     </span>
    </p>
   </div>
   <div class='ocr_carea' id='block_1_38' title="bbox 354 5421 3619 5520">
    <p class='ocr_par' dir='ltr' id='par_1_38' title="bbox 354 5421 3619 5520">
     <span class='ocr_line' id='line_1_38' title="bbox 354 5421 3619 5520; baseline -0.008 -25"><span class='ocrx_word' id='word_1_404' title='bbox 354 5438 634 5514; x_wconf 86' lang='lat' dir='ltr'><strong><em>Coptici,</em></strong></span> <span class='ocrx_word' id='word_1_405' title='bbox 672 5438 1002 5516; x_wconf 87' lang='lat' dir='ltr'><strong><em>indagaret</em></strong></span> <span class='ocrx_word' id='word_1_406' title='bbox 1029 5462 1046 5500; x_wconf 91' lang='lat'><em>:</em></span> <span class='ocrx_word' id='word_1_407' title='bbox 1075 5439 1380 5520; x_wconf 85' lang='lat' dir='ltr'><strong><em>siquidem</em></strong></span> <span class='ocrx_word' id='word_1_408' title='bbox 1421 5456 1547 5498; x_wconf 89' lang='lat' dir='ltr'><strong><em>non</em></strong></span> <span class='ocrx_word' id='word_1_409' title='bbox 1593 5453 1800 5496; x_wconf 85' lang='lat' dir='ltr'><strong><em>rerum</em></strong></span> <span class='ocrx_word' id='word_1_410' title='bbox 1829 5430 2221 5494; x_wconf 87' lang='lat' dir='ltr'><strong><em>naturalium</em></strong></span> <span class='ocrx_word' id='word_1_411' title='bbox 2262 5444 2505 5520; x_wconf 85' lang='lat' dir='ltr'><strong><em>causas,</em></strong></span> <span class='ocrx_word' id='word_1_412' title='bbox 2526 5423 2647 5496; x_wconf 71' lang='lat' dir='ltr'><strong><em>sed</em></strong></span> <span class='ocrx_word' id='word_1_413' title='bbox 2665 5421 3022 5520; x_wconf 79' lang='lat' dir='ltr'><strong><em>divinarum</em></strong></span> <span class='ocrx_word' id='word_1_414' title='bbox 3068 5423 3619 5520; x_wconf 56' lang='lat' dir='ltr'><strong><em>perscrutaretur.</em></strong></span> 
     </span>
    </p>
   </div>
   <div class='ocr_carea' id='block_1_39' title="bbox 357 5511 3613 5620">
    <p class='ocr_par' dir='ltr' id='par_1_39' title="bbox 357 5511 3613 5620">
     <span class='ocr_line' id='line_1_39' title="bbox 357 5511 3613 5620; baseline -0.009 -23"><span class='ocrx_word' id='word_1_415' title='bbox 357 5511 660 5597; x_wconf 82' lang='lat' dir='ltr'><strong><em>Adderem</em></strong></span> <span class='ocrx_word' id='word_1_416' title='bbox 705 5511 894 5613; x_wconf 74' lang='lat' dir='ltr'><strong><em>plura</em></strong></span> <span class='ocrx_word' id='word_1_417' title='bbox 930 5537 1010 5597; x_wconf 85' lang='lat' dir='ltr'><strong><em>ad</em></strong></span> <span class='ocrx_word' id='word_1_418' title='bbox 1044 5511 1227 5615; x_wconf 72' lang='lat' dir='ltr'><strong><em>hujus</em></strong></span> <span class='ocrx_word' id='word_1_419' title='bbox 1259 5534 1593 5612; x_wconf 82' lang='lat' dir='ltr'><strong><em>scriptoris</em></strong></span> <span class='ocrx_word' id='word_1_420' title='bbox 1647 5530 1909 5604; x_wconf 81' lang='lat' dir='ltr'><strong><em>laudem,</em></strong></span> <span class='ocrx_word' id='word_1_421' title='bbox 1948 5529 2274 5605; x_wconf 78' lang='lat' dir='ltr'><strong><em>iucwptam</em></strong></span> <span class='ocrx_word' id='word_1_422' title='bbox 2321 5519 2503 5584; x_wconf 83' lang='lat' dir='ltr'><strong><em>semel</em></strong></span> <span class='ocrx_word' id='word_1_423' title='bbox 2555 5511 3508 5620; x_wconf 67' lang='lat' dir='ltr'><strong><em>simili!uilinemprosequendo3</em></strong></span> <span class='ocrx_word' id='word_1_424' title='bbox 3563 5511 3613 5565; x_wconf 67' lang='lat' dir='ltr'><strong><em>si</em></strong></span> 
     </span>
    </p>
   </div>
   <div class='ocr_carea' id='block_1_40' title="bbox 429 5655 931 5724">
    <p class='ocr_par' dir='ltr' id='par_1_40' title="bbox 429 5655 931 5724">
     <span class='ocr_line' id='line_1_40' title="bbox 429 5655 931 5724; baseline 0.006 -16"><span class='ocrx_word' id='word_1_425' title='bbox 429 5657 506 5722; x_wconf 67' lang='grc' dir='ltr'><strong><em>(η)</em></strong></span> <span class='ocrx_word' id='word_1_426' title='bbox 539 5655 682 5716; x_wconf 74' lang='lat' dir='ltr'><strong><em>Psal.</em></strong></span> <span class='ocrx_word' id='word_1_427' title='bbox 722 5674 843 5724; x_wconf 76' lang='lat' dir='ltr'><strong><em>xu,</em></strong></span> <span class='ocrx_word' id='word_1_428' title='bbox 878 5658 931 5712; x_wconf 83' lang='lat'><strong><em>5.</em></strong></span> 
     </span>
    </p>
   </div>
  </div>
