4024 6218
397 268 466 330 83
1898 286 1961 348 s.

2078 286 2163 345 iLl
3585 281 3660 346 8L

399 385 643 439 maximo
677 366 1328 460 cillagitans,extorques
1366 411 1380 446 :
1423 408 1621 465 neque,
1676 395 1824 451 enim
1863 397 1970 468 ipse

2079 403 2179 470 τὴν
2208 400 2348 470 ἐμὴν
2374 399 2717 462 ταπείνωσιν,
2746 399 2808 452 οὗ
2847 398 2955 469 γὰρ
3004 397 3069 470 δὴ
3089 397 3200 468 ἐγὼ
3232 396 3368 469 πρὸς
3396 393 3557 448 τοῦτό
3588 410 3655 463 γε

397 476 466 530 ad
497 478 850 535 scribendum
892 479 1101 550 segnis,
1134 497 1313 553 neque
1348 485 1630 557 negligens
1664 503 1809 543 sunt.
1832 487 1976 544 Dixit

394 570 583 639 itaque
658 571 849 626 nescio
900 572 1027 641 quis
1086 584 1213 630 ante
1257 590 1361 633 nos
1392 578 1445 632 in
1488 581 1750 639 memoria
1795 581 1975 636 homi-

400 676 553 725 num,
598 675 719 728 quae
746 661 957 732 scripto
996 663 1200 719 tradita
1238 681 1348 722 non
1371 677 1478 733 est,
1507 661 1708 724 famam
1740 669 1973 726 similem

393 751 536 821 apud
587 752 887 808 Ecclesiam
922 758 1244 812 conservari
1280 778 1294 815 :
1332 758 1576 817 Judmam
1621 778 1817 834 nempe
1867 766 1976 833 pri-

390 859 535 898 mam
583 855 711 901 ante
765 847 905 903 alias
951 848 1020 903 ab
1056 849 1278 906 homine
1325 853 1654 919 habitatam,
1686 855 1738 925 2
1767 855 1976 910 Adamo

390 935 632 1004 primum
666 937 915 991 omnium
950 936 1197 1005 condito,
1240 942 1335 1014 qui
1379 959 1411 999 e
1451 944 1708 1015 paradiso
1740 945 1972 1015 ejectus,

393 1041 551 1081 suam
597 1026 651 1082 in
683 1043 745 1083 ea
779 1031 964 1086 sedem
1015 1032 1249 1099 locavit,
1290 1043 1350 1091 ut
1396 1052 1602 1107 rerum,
1631 1039 1834 1110 quibus
1860 1041 1976 1110 ipse

392 1120 663 1189 Spoliatus
703 1121 906 1187 fuerat,
958 1126 1242 1183 vicinitate
1283 1131 1692 1188 consolaretur.
1728 1130 1972 1187 Primum

392 1211 581 1282 itaque
630 1211 921 1270 Palaestina
981 1217 1336 1276 demortuum
1396 1222 1672 1280 hominem
1719 1225 1970 1295 excepit,

392 1319 521 1357 cum
573 1306 625 1359 in
683 1323 746 1361 ea
796 1307 1048 1366 Adamus
1097 1314 1328 1371 sceleris
1374 1330 1569 1387 ptenas
1627 1319 1972 1389 persolverit.

392 1397 526 1451 Cum
557 1414 689 1466 ergo
734 1400 803 1457 iis
834 1417 931 1472 per
967 1404 1112 1461 idem
1143 1409 1409 1478 temporis
1441 1411 1611 1466 vitam
1658 1414 1970 1483 agentibus,

393 1504 594 1545 novum
635 1506 701 1547 ac
770 1494 1021 1553 insolens
1048 1498 1361 1568 videretur,
1400 1503 1601 1573 capitis
1641 1520 1805 1561 carne
1838 1522 1971 1577 spo-

394 1583 589 1638 liatam
646 1585 850 1642 intueri
899 1590 1223 1653 calvariam,
1271 1594 1326 1648 in
1385 1594 1566 1661 locum
1611 1596 1970 1668 deponentes,

392 1672 657 1730 Calvarize
696 1692 893 1734 nomen
929 1680 1051 1735 loco
1074 1682 1423 1748 indiderunt,
1457 1694 1512 1741 et
1539 1684 1853 1745 ver'osimile
1887 1697 1972 1744 est

2082 492 2333 563 ὀκνηρός.
2381 491 2584 563 Είρηκε
2635 491 2815 545 τοίνυν
2869 509 2954 555 τις
3001 491 3107 563 πρὸ
3155 476 3334 562 ἡμῶν,
3385 489 3467 541 ὅτι
3499 488 3657 556 λόγος

2082 584 2290 639 τοιόσδε
2317 584 2459 638 κατά
2486 584 2585 657 τὴν
2618 583 2867 655 ἄγραφον
2909 583 3127 655 μνήμην
3153 584 3212 636 ὲν
3237 584 3305 654 τῇ
3360 580 3659 652 Ἐκκλησία

2081 674 2422 740 διασώζεται,
2460 674 2536 740 ὡς
2576 675 2687 747 ἄρα
2737 674 2931 747 πρώτη
2974 674 3200 730 Ἰουδαία
3232 675 3309 746 (1)
3370 673 3658 745 ἄνθρωπον

2082 767 2238 839 ἔσχεν
2264 769 2545 841 οίκήτορα,
2592 768 2684 821 τὸν
2722 768 3150 840 πρωτόπλαστον
3204 767 3377 838 Ἀδὰμ
3407 770 3547 838 μετὰ
3596 765 3660 818 τὸ

2082 860 2412 931 ἐκϐληθῆναι
2438 859 2535 913 τοῦ
2569 860 2900 932 παραδείσου
2947 861 3006 913 ἐν
3034 859 3207 931 ταύτῃ
3234 856 3657 930 καθιδρυνθέντα

2083 953 2221 1026 πρὸς
2247 951 2599 1025 παραμυθίαν
2637 946 2713 1006 ὧν
2746 952 3039 1024 ἐστερήθη.
3075 953 3299 1023 Πρῶτον
3328 947 3421 1005 οὖν
3455 950 3659 1004 Παλαι-

2084 1047 2238 1117 στίνη
2279 1048 2373 1099 καὶ
2393 1044 2588 1116 νεκρὸν
2613 1044 2832 1111 ἐδέξατο
2867 1044 3174 1116 ἄνθρωπον,
3207 1044 3325 1096 ἐκεῖ
3348 1041 3444 1096 τοῦ
3484 1040 3659 1112 Ἀδὰμ

2079 1140 2179 1212 τὴν
2204 1139 2503 1210 καταδίκην
2550 1137 2961 1211 πληρώσαντος.
3012 1136 3216 1191 Καινδν
3260 1133 3441 1189 τοίνυν
3481 1133 3659 1187 ἐδόκει

2080 1228 2220 1287 εἶναι
2255 1234 2367 1296 τοῖς
2397 1232 2518 1285 τότε
2559 1230 2787 1301 θεωρεῖν
2818 1229 3007 1282 ὀστέον
3043 1226 3283 1297 κεφαλῆς
3310 1226 3411 1296 τῆς
3453 1224 3659 1295 σαρκὸς

2079 1322 2397 1395 περιούσης,
2424 1322 2518 1377 καὶ
2535 1321 2862 1394 ἀποθέμενοι
2880 1321 2942 1375 τὸ
2979 1321 3204 1393 κρανίον
3232 1321 3290 1373 ὲν
3314 1320 3484 1390 τόπῳ,
3512 1321 3657 1391 Κραο

2079 1418 2193 1472 νίου
2227 1417 2392 1471 τόπον
2435 1416 2746 1488 ὠνόμασαν·
2778 1415 2924 1478 εἰκὸς
2956 1414 3014 1467 δὲ
3078 1413 3213 1485 μηδὲ
3250 1413 3341 1466 τὸν
3369 1413 3516 1480 Νῶε,
3555 1412 3653 1466 τοῦ

2079 1509 2325 1582 ἀρχηγοῦ
2350 1510 2568 1564 πάντων
2598 1506 2901 1581 ἀνθρώπων
2930 1507 3197 1577 ἀγνοῆσαι
3218 1507 3310 1561 τὸν
3338 1506 3529 1575 τάφον,
3578 1504 3657 1568 ὡς

2083 1601 2223 1672 μετὰ
2256 1602 2351 1679 τὸν
2397 1601 2787 1673 κατακλυσμὸν
2839 1601 2935 1654 ἀπ’
2973 1598 3137 1653 αὐτοῦ
3175 1598 3503 1668 διασωθῆναι
3553 1598 3658 1669 τὴν

2079 1693 2335 1764 ποίμνην.
2383 1694 2582 1765 Διόπερ
2632 1694 2661 1747 ὁ
2694 1694 2775 1756 είς
2803 1692 2904 1756 τὰς
2952 1690 3129 1763 ἀρχὰς
3170 1689 3265 1743 τοῦ
3314 1689 3655 1761 ἀνθρωπείου

393 1767 509 1825 Noe
554 1773 943 1827 universorum
995 1774 1279 1832 hominum
1332 1780 1574 1849 parentis
1621 1780 1765 1849 haud
1813 1783 1970 1852 igno-

2078 1786 2304 1841 θανάτου
2335 1788 2651 1858 ἐρευνήσας,
2682 1786 2761 1849 είς
2782 1783 2872 1839 τὸν
2902 1783 3193 1854 λεγόμενον
3223 1781 3463 1853 Κρανίου
3490 1780 3657 1834 τόπον

396 1874 556 1917 rasse
606 1864 947 1933 sepulcrum,
1003 1877 1060 1922 et
1109 1878 1233 1938 post
1263 1870 1594 1927 alluvionem
1629 1873 1777 1928 illam
1808 1874 1878 1930 ab
1909 1890 1975 1930 eo

393 1966 614 2021 gregem
645 1966 1032 2011 conservatum
1070 1957 1260 2015 fuisse.
1294 1959 1647 2034 Quapropter
1691 1964 1783 2034 qui
1825 1966 1978 2035 prin-

392 2045 537 2112 cipia
584 2048 839 2104 humanae
895 2052 1091 2107 mortis
1137 2053 1379 2123 penitius
1437 2058 1865 2129 pervestigavit,
1917 2058 1973 2113 in

393 2133 658 2194 Calvaria:
712 2141 832 2195 loco
882 2143 1170 2199 cruciatus
1222 2146 1421 2216 subiit,
1477 2155 1538 2204 ut
1583 2165 1694 2219 quo
1753 2150 1807 2205 in
1850 2150 1974 2207 loco

392 2228 623 2284 exitium
655 2230 938 2289 hominum
975 2236 1310 2309 principium
1343 2240 1554 2307 habuit,
1596 2242 1651 2296 in
1681 2243 1875 2299 eodem
1918 2251 1975 2298 et

390 2322 546 2392 regni
598 2327 709 2379 vita
748 2327 974 2383 exordia
1011 2329 1093 2384 sui
1131 2338 1379 2401 penei-et,
1427 2341 1484 2389 et
1506 2335 1970 2404 quemadmodum

389 2417 447 2471 in
498 2414 712 2471 Adamo
756 2434 909 2476 mors
962 2421 1220 2486 invaluit,
1265 2427 1347 2480 sic
1370 2432 1424 2481 et
1454 2426 1509 2481 in
1554 2436 1733 2483 morte
1764 2428 1970 2484 Christi

388 2506 792 2578 languesceret.
826 2510 937 2567 Nec
972 2511 1136 2567 aliam
1162 2514 1233 2570 ob
1258 2530 1482 2572 causam
1512 2515 1684 2574 Isaias
1710 2519 1973 2590 propheta

387 2600 600 2656 dixerat
642 2620 656 2655 :
727 2622 747 2655 ι
802 2602 858 2659 1η
913 2620 1110 2670 cornu,
1161 2606 1215 2661 in
1257 2608 1381 2664 loco
1423 2609 1613 2681 pingui
1644 2621 1699 2679 ις
1744 2631 1763 2665 ι
1797 2627 1971 2667 cornu

2070 1877 2132 1931 τὸ
2158 1875 2327 1943 πάθος
2350 1877 2592 1945 ἐδέξατο,
2638 1877 2725 1931 ἵνα
2763 1877 2822 1929 ἐν
2869 1870 2913 1945 ᾧ
2954 1874 3165 1947 τόπῳῆ
3197 1872 3373 1945 φθορὰ
3415 1871 3524 1926 τῶν
3554 1873 3657 1927 ἀν·-

2072 1968 2307 2042 θρώπων
2345 1968 2445 2040 τὴν
2473 1968 2650 2040 ἀρχὴν
2694 1967 2908 2030 ἔλαϐεν,
2950 1966 3220 2038 ἐκεῖθενή
3255 1964 3367 2035 ζωὴ
3415 1964 3515 2034 τῆς
3554 1963 3655 2034 βα-

2072 2059 2276 2124 σιλείας
2305 2060 2559 2133 ἄρξηται.
2591 2060 2703 2113 Καὶ
2754 2057 2943 2127 ὥσπερ
2975 2057 3195 2128 ἴσχυσεν
3224 2058 3281 2109 ἐν
3305 2053 3383 2126 τῷ
3417 2053 3587 2121 Ἀδὰμ
3624 2053 3658 2105 ὁ

2072 2152 2321 2218 θάνατος,
2379 2151 2553 2215 οὕτως
2585 2151 2860 2223 ἀσθενήσῃ
2905 2151 2963 2203 ἐν
2995 2149 3074 2221 τῷ
3113 2149 3328 2217 θανάτῳ
3380 2145 3475 2199 τοῦ
3519 2146 3659 2215 Χρι-

2074 2245 2223 2300 στοῦ.
2245 2244 2345 2298 Διὰ
2358 2242 2515 2297 τοῦτο
2534 2244 2753 2314 εἴρηκεν
2767 2242 2996 2305 Ἡσαΐας
3017 2244 3045 2294 ὁ
3071 2241 3374 2312 προφήτηςο
3392 2258 3422 2290 -ι
3445 2238 3537 2293 Ἐν
3559 2236 3658 2291 κέ-

2076 2355 2219 2409 ρατι,
2246 2340 2304 2391 ὲν
2334 2336 2488 2408 τόπῳ
2514 2339 2680 2390 πίονιο
2710 2355 2728 2388 ι
2756 2335 2950 2405 κέρατι
2978 2335 3075 2405 μὲν
3100 2335 3175 2398 ὡς
3196 2333 3337 2388 κατά
3362 2331 3457 2386 τοῦ
3486 2331 3657 2386 θανά-

2073 2447 2168 2483 του
2212 2430 2549 2501 άμυντήριος
2592 2427 2772 2498 ἔχοντι
2817 2428 2909 2481 τὸν
2954 2425 3188 2497 σταυρὸν
3222 2425 3317 2479 τοῦ
3350 2425 3648 2479 Δεσπότου·

2076 2519 2220 2575 πίονι
2234 2519 2400 2586 δὲ,ὠς
2431 2517 2571 2590 μετά
2599 2518 2693 2572 τὸν
2711 2517 3037 2589 παράδεισον
3051 2516 3160 2571 τῶν
3192 2514 3526 2587 καταστάσης
3548 2516 3655 2585 τῆς

2076 2612 2165 2681 ὑφ’
2195 2610 2331 2682 ἡλίῳ
2359 2608 2641 2681 πρωτείων
2670 2607 2976 2679 ὴξιωμένῳ.

389 2706 651 2768 tauquam
703 2701 848 2769 quod
894 2701 1163 2761 adversus
1191 2713 1422 2760 mortem
1465 2709 1961 2779 propugnaculum,
2001 2722 2222 2764 crucem
2266 2705 2480 2762 Domini
2528 2705 2805 2773 habebat;
2894 2703 3087 2779 pingui
3136 2717 3303 2769 vero,
3386 2710 3653 2773 tanquam

388 2791 481 2861 qui
544 2798 667 2861 post
708 2792 1028 2862 paradisum
1082 2795 1137 2850 in
1188 2803 1469 2852 terrarum
1510 2799 1648 2854 orbe
1709 2800 1971 2855 universo
2011 2802 2252 2871 primatu
2282 2799 2540 2870 dignatus
2570 2798 2664 2856 sit.
2896 2796 2905 2807 “

948 2909 1039 2965 lll.
1073 2940 1145 2953 -—
1186 2911 1398 2968 Eidem.

462 3001 795 3058 Delictorum
838 3002 1061 3074 quidem
1109 3004 1236 3069 alia,
1267 3015 1321 3061 et
1348 3015 1480 3062 sunt
1516 3005 1725 3078 gravia,
1760 3014 1816 3064 et
1847 3006 1966 3063 exi-

387 3091 689 3147 stimantur
714 3108 855 3149 esse.
895 3090 1099 3147 Gravia
1131 3102 1263 3149 sunt
1309 3095 1693 3167 homicidium,
1728 3106 1783 3154 et
1810 3098 1969 3153 adul-

388 3184 591 3239 terium
623 3202 638 3239 :
663 3178 903 3255 namque
932 3194 1061 3241 sunt
1090 3188 1299 3257 gravia,
1323 3198 1377 3244 et
1396 3189 1661 3261 opinione
1684 3191 1967 3246 hominum

389 3277 578 3347 gravia
642 3278 999 3349 deputantur.
1076 3277 1467 3339 Verumtamen
1540 3282 1967 3354 jusjurandum,

389 3387 556 3441 grave
600 3372 854 3442 equidem
910 3380 1019 3439 est,
1062 3374 1426 3432 nihilominus
1490 3390 1658 3446 grave
1686 3391 1809 3433 esse
1853 3392 1966 3431 non

387 3463 693 3532 judicatur.
725 3463 853 3521 Ideo
882 3466 1188 3522 cavendum
1244 3467 1408 3525 nobis
1452 3468 1773 3541 diligentius
1803 3470 1873 3526 ab
1902 3485 1969 3526 eo

389 3565 512 3621 est;
545 3558 659 3615 sive
691 3558 824 3614 illud
851 3559 1023 3630 juste,
1071 3561 1187 3617 sive
1232 3561 1439 3630 injuste
1485 3563 1854 3633 concipiatur,
1900 3580 1970 3619 ne

392 3648 448 3700 in
504 3647 637 3702 illud
684 3649 993 3721 praecipites
1050 3652 1155 3706 acti
1211 3661 1461 3708 extorres
1490 3654 1826 3724 sempiterna
1857 3656 1968 3709 vita

392 3737 682 3807 pellantur.

604 3850 656 3921 3
687 3848 779 3904 ιν.
802 3881 877 3913 γ-
907 3851 1353 3910 MARCELLINO
1395 3853 1751 3914 MONACHO.

458 3959 760 4026 Oratione,
817 3974 874 4019 et
932 3980 1193 4022 manuum
1247 3969 1575 4027 extensione
1634 3972 1969 4030 Amalecitas

390 4049 605 4123 Moyses
635 4055 801 4109 vertit
850 4056 907 4111 in
946 4057 1129 4129 fugam
1161 4060 1203 4113 ⁸.
1236 4057 1296 4115 Si
1335 4061 1501 4132 igitur
1528 4062 1688 4118 fratri
1718 4064 1969 4123 infensus

389 4153 584 4197 eontra
619 4144 846 4199 fratrem
874 4153 1029 4200 tuum
1060 4164 1171 4202 non
1200 4165 1282 4215 es,
1311 4166 1613 4223 precesque
1646 4168 1746 4224 pro
1778 4156 1967 4224 proxi-

2611 2914 2685 2971 I".
2706 2942 2781 2956 —
2810 2911 2894 2980 Τῷ
2929 2910 3109 2979 αὐτῷ.

2145 3007 2228 3063 ra.
2258 3009 2356 3080 μὲν
2384 3006 2521 3063 ἄλλα
2542 3007 2652 3060 τῶν
2686 3007 3121 3080 ἁμαρτημάτων,
3147 3004 3243 3061 καὶ
3266 3003 3381 3058 ἔστι
3411 3001 3650 3075 χαλεπά.

2074 3097 2171 3155 καὶ
2205 3100 2486 3171 νομίζεται
2517 3094 2675 3155 εῖναι.
2702 3099 2932 3154 Χαλεπὰ
2967 3103 2995 3154 ὁ
3024 3099 3202 3169 φόνος,
3234 3096 3381 3169 καὶὴ
3412 3094 3650 3168 μοιχείασ

2074 3192 2171 3247 xai.
2202 3192 2311 3264 γάρ
2346 3194 2463 3245 ἐστι
2493 3191 2750 3263 χαλεπὸν,
2783 3191 2879 3245 καὶ
2908 3190 3191 3263 νομίζεται
3217 3184 3358 3243 εῖναι
3387 3187 3651 3260 χαλεπόν.

2086 3283 2146 3337 Ὀ
2174 3283 2230 3337 δὲ
2255 3283 2413 3355 ὅρκος
2442 3283 2558 3337 ἐστὶ
2606 3283 2707 3354 μὲν
2744 3281 3000 3353 χαλεπὸς,
3024 3281 3086 3334 οὐ
3117 3280 3397 3349 νομίζεται
3431 3279 3488 3333 δὲ
3513 3274 3655 3333 εἶναι

2074 3375 2327 3446 χαλεπός.
2358 3376 2556 3447 Διόπερ
2592 3376 2791 3447 μᾶλλον
2830 3373 2990 3428 αὑτὸν
3025 3371 3408 3444 φυλαξώμεθα⁸
3458 3372 3560 3425 κάν
3586 3386 3653 3424 τε

2074 3468 2316 3531 δικαίως,
2334 3468 2437 3522 κᾶν
2454 3484 2513 3521 τε
2535 3467 2597 3521 οὐ
2615 3465 2840 3530 δικαίως
2861 3464 3146 3537 ὀμνύηται,
3171 3464 3257 3517 ἴνα
3283 3463 3358 3535 μὴ
3379 3465 3458 3527 είς
3486 3461 3656 3518 αὐτὸν

2075 3559 2530 3632 κρημνισθέντες,
2568 3560 2669 3626 τῆς
2702 3560 2925 3614 αἰωνίου
2952 3558 3098 3630 ζωῆς
3122 3557 3509 3630 ὲξορισθῶμεν.

2359 3847 2433 3903 Δο.
2464 3878 2534 3889 --
2553 3845 3017 3918 ΜΑΡΚΕΔΛΙΝῼ
3056 3844 3367 3917 ΜΟΝΑΧῼ.

2144 3962 2223 4033 Τῇ
2273 3961 2405 4033 εὐχῇ
2446 3961 2539 4015 καὶ
2584 3963 2650 4033 τῇ
2706 3958 2816 4014 τῶν
2862 3957 3061 4030 χειρῶν
3108 3957 3327 4012 ἐκτάσει
3388 3955 3655 4027 ἐτρέψατο

2074 4054 2318 4125 Μωῦσῆς
2354 4053 2446 4107 τὸν
2482 4052 2751 4124 Ἀμαλήκ.
2798 4051 2923 4105 Ἐὰν
2951 4051 3130 4105 τοίνυν
3168 4049 3242 4121 μὴ
3286 4048 3430 4120 ἔχεις
3459 4065 3655 4119 μνησιο

2075 4147 2275 4202 κακίαν
2321 4145 2459 4217 πρὸς
2497 4145 2746 4217 ἀδελφὺν,
2793 4145 2889 4199 καὶ
2945 4142 3084 4215 εὖχῃ
3125 4142 3266 4213 ὑπὲρ
3327 4140 3420 4195 τοῦ
3479 4140 3657 4207 πέλας

390 4246 481 4285 mo
516 4241 567 4288 te
620 4233 914 4290 amictante
951 4250 1015 4289 ac
1065 4235 1367 4293 suﬂocante
1415 4237 1527 4293 Deo
1562 4239 1819 4308 ell‘undis,
1856 4256 1970 4295 ma-

2078 4238 2369 4303 θλίσοντος,
2419 4239 2515 4291 καὶ
2559 4236 2854 4300 λυποῦντός
2883 4252 2968 4301 σε,
3000 4235 3263 4306 πρόδηλον
3292 4234 3373 4287 ὅτι
3408 4232 3520 4287 ἄνω
3568 4233 3657 4297 είς

390 4322 650 4379 nil'estnm
683 4336 787 4394 est,
826 4335 951 4383 tuas
994 4327 1108 4397 jam
1147 4346 1342 4386 manus
1366 4332 1432 4385 ad
1469 4332 1669 4387 ccelum
1711 4344 1969 4389 extensas

2078 4330 2164 4384 τὸν
2183 4330 2409 4402 οὐρανὸν
2439 4330 2496 4383 ai
2529 4328 2709 4400 χεῖρές
2754 4345 2846 4381 σου
2885 4327 3263 4389 άνατέτανται,
3309 4325 3403 4379 καὶ
3433 4325 3654 4388 πάντως

390 4431 535 4480 esse,
581 4416 789 4488 tibique
814 4418 1084 4472 auxilium
1128 4435 1233 4475 non
1269 4420 1612 4487 defuturum,
1640 4436 1765 4476 cum
1795 4422 1972 4477 tribu-

391 4508 548 4573 laris,
579 4515 634 4564 et
671 4524 702 4564 a
736 4507 957 4563 diabolo
978 4511 1309 4581 opprimeris
1346 4527 1361 4565 :
1391 4512 1437 4567 si
1474 4528 1604 4568 vero
1620 4528 1747 4585 erga
1781 4516 1970 4584 proxi-

390 4617 540 4657 mum
577 4601 926 4658 iracundiam
963 4602 1135 4665 foves,
1178 4620 1417 4675 eumque
1456 4620 1709 4669 accusas,
1741 4614 1795 4662 et
1822 4607 1972 4662 vitu-

386 4711 587 4767 peras,
630 4695 1015 4767 infamasque,
1080 4697 1310 4752 omnino
1374 4698 1656 4755 interioris
1728 4698 1971 4757 hominis

387 4802 590 4843 manus
640 4789 693 4843 in
737 4788 967 4843 humum
1022 4789 1393 4859 propendent,
1446 4788 1554 4846 etsi
1602 4790 1841 4847 videaris
1898 4795 1967 4847 ad

391 4878 564 4936 Deum
595 4895 814 4946 manus,
848 4888 904 4937 et
933 4890 1218 4951 aspectum
1255 4883 1601 4952 protendere,
1634 4899 1813 4955 neque
1843 4894 1969 4939 vota

390 4973 757 5027 exaudientur
779 4980 912 5029 tua:
949 4973 1174 5030 «Manus
1194 4976 1398 5030 etenim
1435 4986 1562 5042 tuae,
1595 4977 1774 5048 inquit
1800 4977 1965 5042 Deus.

393 5065 663 5134 sanguine
692 5064 939 5122 fraterno
970 5067 1145 5137 plenae
1185 5076 1313 5123 sunt
1340 5068 1380 5123 ’.
1421 5086 1439 5118 ι
1474 5067 1617 5135 Quid
1650 5070 1795 5125 enim
1828 5070 1969 5139 iniu-

394 5153 605 5209 riarum
653 5158 915 5213 memoria
970 5153 1305 5213 exitiosius?
1334 5157 1639 5216 Credamus
1679 5169 1965 5231 prepterea

393 5247 625 5322 dicenti,
657 5247 940 5305 Lavamini
982 5266 1080 5321 per
1114 5251 1521 5321 paenitentiam,
1549 5261 1605 5308 et
1630 5254 1753 5323 puri
1786 5254 1908 5309 silis
1938 5269 1969 5307 a

393 5341 621 5398 malitiis
655 5344 856 5398 vestris
886 5358 983 5412 per
1006 5358 1201 5413 puram
1232 5342 1698 5413 deprecationem.

463 5543 481 5575 ⁸
510 5542 593 5600 lsa
623 5560 694 5598 .v.
723 5544 775 5599 l.
854 5548 876 5578 λ
915 5544 1087 5601 Exod.
1125 5561 1256 5612 xvu,
1289 5546 1315 5600 l
1350 5561 1504 5618 scpp.
1576 5547 1598 5578 ³
1627 5546 1732 5603 lsa.
1768 5562 1807 5612 I,
1842 5548 1932 5612 16,

2076 4422 2328 4493 βοηθείας
2370 4420 2756 4491 ὲπιτυγχάνεις
2799 4422 2859 4474 ὲν
2911 4419 2988 4490 τῷ
3027 4417 3387 4490 πειράζεσθαί
3431 4433 3510 4478 σε,
3551 4414 3651 4468 καὶ

2075 4514 2501 4569 καταπονεῖσθαι
2540 4514 2647 4567 ὑπὸ
2687 4513 2782 4567 τοῦ
2835 4512 3101 4566 διαϐόλου*
3141 4512 3235 4564 ἐὰν
3284 4510 3339 4564 δὲ
3364 4509 3463 4581 τὴν
3489 4507 3651 4579 μῆνιν

2076 4606 2352 4679 φυλάττῃς
2390 4606 2528 4678 πρὸς
2561 4605 2654 4660 τὸν
2697 4604 2946 4676 πλησίον,
2991 4604 3085 4657 καὶ
3137 4602 3493 4664 καταϐάλλεις
3548 4600 3656 4654 αὑ-

2074 4699 2190 4766 τοῦ,
2221 4699 2315 4753 καὶ
2338 4698 2547 4769 ψέγεις,
2578 4697 2674 4751 καὶ
2710 4695 3014 4758 διαϐάλλεις
3039 4694 3132 4748 τὸν
3177 4687 3484 4766 ἄνθρωπον,
3515 4691 3657 4744 πάν-

2072 4809 2179 4856 τως
2208 4791 2288 4845 ἔτι
2319 4793 2468 4844 κάτω
2505 4788 2648 4860 ἔχεις
2677 4788 2778 4852 τὰς
2839 4790 3028 4858 χεῖρας
3054 4785 3149 4839 τοῦ
3202 4785 3311 4838 ἔσω
3339 4782 3653 4854 ἀνθρώπου,

2072 4884 2179 4938 κᾶν
2227 4884 2310 4946 είς
2342 4884 2403 4937 τὸ
2436 4881 2763 4952 φαινόμενον
2811 4880 2975 4950 δοκῇς
3010 4879 3146 4950 πρὸς
3200 4877 3334 4931 Θεὸν
3377 4875 3657 4930 ἀναπετά-

2076 4976 2189 5041 ζειν
2214 4976 2312 5039 τὰς
2353 4977 2561 5046 χεῖρας,
2596 4975 2686 5028 καὶ
2717 4973 2779 5027 τὸ
2832 4974 3012 5044 ὄμμα,
3067 4972 3164 5026 καὶ
3184 4971 3245 5025 οὐ
3305 4970 3379 5040 μὴ
3405 4970 3659 5021 εἰσακου-

2075 5068 2210 5139 σθῇς
2242 5067 2515 5139 δεόμενος*
2545 5086 2562 5119 ι
2608 5067 2673 5119 Αἱ
2699 5067 2809 5136 γὰρ
2849 5064 3027 5136 χεῖρές
3068 5080 3184 5125 σου,
3218 5062 3381 5131 φησὶν
3425 5063 3455 5113 ό
3490 5059 3651 5124 θεὸς,

2074 5161 2307 5231 αἵματος
2338 5158 2626 5228 ἀδελφικοῦ
2671 5157 2900 5233 πλήρεις
2942 5154 3095 5208 είσίν.
3140 5174 3159 5206 ι
3200 5153 3264 5206 Τί
3313 5151 3422 5221 γάρ
3458 5165 3630 5220 μνησ.

2074 5254 2271 5316 κακίας
2332 5250 2725 5321 φονικώτερον;
2773 5248 3092 5318 Πεισθῶμεν
3140 5243 3234 5299 οὖν
3283 5244 3364 5313 τῷ
3413 5242 3658 5310 λέγοντιί

2080 5343 2387 5398 Λούσασθαι
2424 5343 2512 5397 διὰ
2564 5340 2959 5412 μεταμελείας,
3001 5340 3095 5392 καὶ
3139 5336 3371 5406 καθαροὶ
3431 5334 3653 5403 γίνεσθε

2061 5435 2171 5489 ἀπὸ
2218 5435 2328 5489 τῶν
2359 5435 2637 5507 πονηριῶν
2674 5434 2829 5503 ὑμῶν
2868 5433 2955 5487 διὰ
2981 5432 3080 5503 τῆς
3109 5430 3358 5502 καθαρᾶς
3410 5426 3646 5490 ἱκεσίας.

464 5661 541 5739 (_l)
566 5663 706 5739 Quae
743 5672 1057 5739 sequuntur
1085 5666 1252 5733 huius
1290 5666 1734 5739 cpistolarlegere
1760 5669 1926 5722 estin
1955 5667 2353 5739 commentario
2389 5666 2579 5725 Basilii
2616 5664 2796 5739 Magni
2822 5665 2889 5721 ad
2912 5662 3132 5731 Isaiam,
3194 5674 3320 5735 cap.
3392 5675 3443 5724 v,
3490 5675 3645 5715 num.

397 5733 521 5788 Nl.
566 5733 699 5791 Vide
731 5734 1058 5805 Patrologiw
1086 5733 1472 5805 nostraa'toru.
1508 5733 1679 5805 XXX,
1718 5739 1825 5794 col.
1859 5739 1962 5795 547
1992 5737 2053 5794 Ι).
2088 5738 2238 5795 Eon.
