4024 6218
333 309 408 373 85
1553 304 1909 368 EPISTULA

2012 301 2084 361 [Μ
2147 305 2326 368 LIBJ
3512 304 3584 366 86

903 420 1051 476 E'.—
1072 420 1157 486 Τῷ
1178 420 1355 487 αὐτῷ.

417 511 535 581 Ἐφ’
565 509 747 581 ὕϐρει,
796 512 890 564 καὶ
945 512 1160 582 ἀτιμίᾳ,
1216 513 1314 565 καὶ
1360 510 1621 581 ἐπιϐουλῇ
1657 512 1726 578 τῇ
1785 507 1906 561 καθ’

339 607 496 676 ἡμῶν
543 606 632 658 διά
665 606 868 668 παντὸς
927 605 1175 676 ἱδρῦσθαι
1214 605 1492 676 βούλονται
1540 605 1591 656 οἱ
1634 603 1908 671 δαίμονες,

341 700 494 764 ἀλλὰ,
546 696 731 760 καθὼς
773 696 919 764 λέγει
969 699 996 750 ὁ
1018 697 1330 768 Προφήτης,
1373 695 1822 766 αίσχυνθήσονται
1861 692 1911 745 οἱ

313 761 673 860 ικαθ’-ἡμῶν
702 791 786 858 ἐφ’
832 761 1010 859 ύϐρει,
1061 761 1158 842 καί
1194 761 1378 859 senm
1419 761 1638 859 καρδίᾳ,
1670 787 1764 842 καὶ
1817 804 1914 839 τα-

337 883 792 954 πεινωθήσονται.
861 881 1026 951 Ἡμῖν
1087 881 1146 934 δὲ
1207 881 1358 934 ἐσται
1412 882 1441 934 ὁ
1497 879 1760 947 στέφανος
1812 880 1913 948 τῆς

336 979 503 1046 ζωῆς,
540 978 638 1030 καὶ
669 975 850 1044 δόξης,
894 976 988 1028 καὶ
1009 973 1342 1044 ἀφθαρσίας,
1364 974 1394 1027 ό
1424 972 1650 1036 πλακεὶς
1681 975 1793 1036 τοῖς
1819 971 1912 1025 τὸν

338 1070 544 1142 Κύριον
579 1069 968 1138 ὑπομένουσιν.

641 1163 806 1230 ςκ-
835 1160 1124 1232 ΗΦΑΙΣΤῼ
1151 1161 1609 1231 ΣΧΟΛΑΣΤΙΚῼ.

407 1256 500 1325 Μὴ
523 1253 924 1325 παρρησιάζου,
974 1246 1020 1306 ὦ
1067 1253 1344 1323 ἄνθρωπε.
1400 1250 1758 1323 Αίσχύνεσθαι
1804 1249 1914 1320 γάρ

336 1349 572 1418 ὀφείλεις
603 1347 747 1402 κατά
773 1348 992 1416 κράτος,
1026 1347 1147 1400 καθ’
1170 1349 1252 1400 ὅτι
1283 1347 1383 1411 τὰς
1416 1346 1658 1417 μοιχείας
1675 1345 1912 1408 ἐπαινεῖς

335 1441 447 1492 τῶν
480 1440 617 1493 θεῶν
648 1457 762 1501 σου,
791 1439 888 1492 καὶ
915 1439 1014 1502 τὰς
1036 1439 1446 1508 παιδοφθορίας,
1480 1439 1572 1491 καλ⁸
1593 1437 1913 1508 προσκυνεῖς

338 1534 410 1586 τὰ
458 1532 672 1602 ὀλέθρια
713 1531 861 1602 πάθη
892 1532 992 1601 τῆς
1022 1531 1436 1602 αίσχρουργίας,
1478 1533 1573 1584 καὶ
1606 1528 1757 1582 οὐδὲν
1779 1542 1914 1579 παν-

342 1625 513 1689 τελῶς
535 1624 662 1694 δύνῃ
704 1624 847 1694 ὑπὲρ
871 1623 934 1675 τὸ
961 1623 1122 1693 σῶμα
1151 1621 1498 1676 διανοεῖσθαι.

609 1795 685 1849 Z'.
729 1824 796 1839 ——-
839 1797 1299 1868 ΜΔΡΚΕΛΛΙΝῼ
1331 1800 1641 1868 ΜΟΝΑΧῼ.

406 1889 536 1942 Ὅτε
565 1889 795 1942 ἐπέλιπε
832 1888 902 1942 τὰ
937 1889 1213 1958 ἀναγκαῖα
1254 1892 1314 1944 ὲν
1350 1896 1416 1964 τῇ
1450 1895 1723 1967 Σαμαρίᾳ,
1761 1896 1912 1966 βασι-

332 1983 587 2046 λεύοντος
631 1983 832 2054 Ἰωρὰμ
872 1981 963 2036 τοῦ
995 1981 1113 2037 υἱοῦ
1179 1985 1404 2053 Ἀχαά6,
1435 1986 1525 2040 διά
1551 1988 1613 2040 τὸ
1654 1988 1911 2060 ἐπιστρα-

326 2076 527 2146 τεῦσαι
552 2075 896 2144 τὸνβασιλέα
932 2075 1043 2128 τῶν
1083 2074 1403 2147 Ἀσσυρίων,
1435 2079 1529 2132 καὶ
1570 2080 1781 2151 ἐπράθη
1821 2099 1912 2134 κε-

332 2167 482 2237 φαλὴ
520 2166 644 2219 ὄνου
666 2167 1006 2236 πεντήκοντα
1035 2166 1256 2229 σίκλων,
1285 2168 1380 2222 καὶ
1427 2170 1686 2241 τέταρτον
1741 2171 1908 2226 κάϐου

339 2257 551 2324 κόπρου
588 2255 922 2326 περιστερῶν
952 2256 1115 2310 πέντε
1145 2256 1343 2312 σίκλων
1369 2260 1654 2330 ἀργυρίου,
1685 2263 1910 2332 προσδο-

349 2345 614 2412 κηθέντος
656 2347 877 2400 θανάτου
916 2348 1212 2412 οίκτίστου,
1249 2349 1481 2420 τοσαύτη
1527 2353 1659 2422 παρ’
1691 2353 1910 2418 ἐλπίδας

346 2439 577 2505 γέγονεν
603 2439 832 2502 εύθυνία,
881 2441 959 2504 ὡς
1005 2441 1203 2512 μέτρον
1253 2442 1584 2511 σεμιδάλεως
1633 2445 1910 2517 πραθῆναι

340 2529 556 2593 σίκλου,
591 2531 683 2583 καὶ
709 2531 998 2602 διάμετρον
1029 2531 1226 2603 κριθῆς
1254 2533 1453 2601 ὁμοίως
1493 2535 1698 2600 σίκλους
1741 2556 1759 2587 ι
1797 2537 1910 2590 Κύ-

335 2639 457 2692 ριος
484 2622 590 2690 γὰρ
645 2623 990 2687 διασηδάζει
1034 2624 1232 2693 βουλὰς
1263 2623 1451 2688 ὲθνῶν,
1486 2626 1580 2679 καὶ
1609 2627 1907 2697 ἀρχόντων*

331 2713 369 2781 ἡ
401 2713 456 2764 δὲ
487 2712 650 2782 βουλὴ
699 2713 796 2766 τοῦ
842 2715 1045 2785 Κυρίου
1104 2715 1184 2778 είς
1218 2715 1308 2768 τὸν
1339 2716 1510 2770 αἰῶνα
1555 2717 1723 2788 μένει.
1764 2738 1782 2770 ι
1817 2719 1909 2791 Μὴ

330 2807 518 2858 τοίνυν
549 2807 940 2878 ἀθυμήσωμεν,
961 2803 1097 2862 ἀλλά
1128 2809 1589 2881 προσδοκήσωμεν
1614 2810 1673 2876 ἐξ
1705 2811 1910 2877 ἐνδείας

335 2898 623 2969 εὐπορίαν,
646 2900 744 2953 καὶ
785 2899 852 2954 ὲκ
877 2899 1111 2970 θλίψεως
1144 2901 1347 2957 ἄνεσιν.

556 3173 637 3226 H’.
666 3201 737 3212 -—
777 3171 1182 3248 ῌΤΟΛΕΜΑΙῼ
1231 3170 1696 3240 ΣΥΓΚΛΗΤῙΚῼ.

413 3263 523 3318 Καὶ
553 3264 615 3317 τὸ
645 3265 807 3334 μόνον
843 3263 1132 3318 πιστεῦσαι
1158 3265 1239 3327 είς
1273 3262 1365 3316 τὸν
1399 3263 1627 3332 Σωτῆρα
1655 3262 1910 3334 Χριστὸν,

329 3356 651 3426 δικαιοσύνη
695 3357 837 3421 ἐστὶ,
877 3355 937 3409 τὸ
981 3355 1039 3408 δὲ
1093 3354 1426 3426 ὁμολογῆσαι
1475 3354 1635 3408 αὑτὸν
1685 3353 1763 3425 τῷ
1795 3354 1914 3408 στό-

335 3466 495 3520 ματι,
529 3448 796 3520 παντελὴς
833 3447 1094 3518 σωτηρία.

877 3540 1027 3595 Θ¹.--
1070 3537 1153 3604 Τῷ
1179 3538 1359 3604 αὐτῷ.

409 3633 579 3703 Φησὶν
608 3634 636 3686 ὁ
668 3630 952 3694 θεσπέσιος
995 3631 1243 3691 Ἡσαΐας·
1297 3649 1315 3682 ι
1351 3631 1467 3684 Ἵνα
1512 3629 1760 3684 εἴπωσινο
1797 3631 1912 3685 Οὐκ

335 3725 488 3777 ἐστιν
538 3723 614 3787 ὡς
649 3723 712 3777 τὺ
759 3724 910 3793 ῥῆμα
952 3721 1128 3786 τοῦτο,
1182 3722 1313 3792 περὶ
1345 3716 1407 3774 οὗ
1445 3722 1545 3774 ούκ
1577 3720 1692 3775 ἐστι
1729 3721 1912 3775 δοῦναι

333 3816 505 3886 δῶρα.
545 3836 564 3867 ι
599 3815 764 3869 Οὐδὲν
814 3813 922 3885 γὰρ
976 3812 1228 3878 ἀντάξιον
1281 3813 1634 3885 εὑρεθήσεται
1661 3816 1760 3884 τῆς
1814 3812 1910 3866 τοῦ

335 3907 670 3960 Δεσποτικοῦ
701 3907 961 3978 ὀνόματος
1012 3907 1324 3978 ὁμολογίας,
1374 3907 1469 3961 καὶ
1501 3907 1601 3976 τῆς
1634 3923 1913 3976 παρασχε-

340 3999 528 4067 θείσης
559 4000 692 4068 ἡμῖν
733 3999 1030 4068 μακαρίας,
1073 3999 1168 4052 καὶ
1215 3998 1376 4068 ἁγίας
1397 3998 1672 4066 γνώσεως.
1713 3999 1910 4068 Διόπερ

339 4093 432 4143 ἐπὶ
457 4091 631 4158 τούτῳ
659 4090 865 4143 δίκαιον
901 4091 1082 4158 λέγειν
1116 4091 1179 4144 τὸ
1224 4091 1508 4145 Δαυῖτικὸν
1551 4090 1751 4158 λόγιον·
1792 4109 1811 4140 ι
1845 4090 1910 4142 Τί

341 4182 700 4236 ἀνταποδώσω
758 4181 835 4252 τῷ
870 4183 1062 4253 Κυρίῳ
1106 4183 1236 4254 περὶ
1283 4184 1500 4237 πάντων
1551 4175 1626 4236 ὧν
1686 4181 1912 4236 ἀνταπέ-

344 4273 484 4326 δωκέ
519 4293 637 4344 μοις
677 4293 698 4327 ι
741 4275 924 4328 πίστιν
964 4273 1163 4339 λαϐὼν,
1218 4275 1313 4327 καὶ
1343 4273 1672 4336 ἀνταποδοὺς
1711 4272 1910 4340 γνῶσιν

340 4367 681 4437 ἐπουράνιον.
727 4368 793 4420 Ἦ
840 4367 948 4439 γὰρ
1012 4367 1143 4432 ἁγία
1191 4366 1392 4436 γνῶσις
1442 4365 1651 4439 μυρίων
1689 4364 1912 4435 ἀγαθῶν

333 4463 453 4514 ἐστι
495 4461 837 4532 περιεκτική.

887 4552 930 4607 1.
965 4583 1033 4594 —
1067 4551 1150 4617 Τῷ
1181 4549 1362 4616 αὐτῷ.

403 4645 565 4708 τινὲς
592 4645 671 4715 τῷ
702 4645 851 4716 θέρει
895 4647 958 4699 ἐκ
999 4645 1236 4714 λιμένων
1281 4643 1606 4714 ἀναχθέντες
1639 4645 1907 4715 ἐναυάγη-

335 4755 459 4797 σαν,
512 4737 655 4800 τινὲς
709 4736 767 4790 δὲ
832 4737 891 4789 ὲν
930 4736 1161 4806 χειμῶνι
1227 4733 1558 4794 πλεύσαντες
1609 4733 1906 4796 ἀκινδύνως

334 4829 636 4899 ἐσώθησαν.
696 4827 858 4881 Πόσοι
921 4828 966 4880 δ’
1022 4827 1253 4897 ἀθληταὶ
1306 4825 1678 4880 ἀνενδοίαστον
1750 4826 1908 4896 νίκην

334 4921 805 4990 προσδοκήσαντες
861 4919 1205 4990 ἡττήθησανς
1241 4919 1292 4971 οί
1343 4918 1399 4972 δὲ
1445 4920 1540 4973 καὶ
1588 4918 1907 4990 δευτερείων

334 5012 721 5080 ἀπεγνωκότες
758 5011 827 5066 τά
877 5013 1119 5083 πρωτεῖα
1151 5011 1697 5080 ὲστεφανηφόρησαν;
1753 5012 1908 5080 Μήτε

332 5100 427 5156 οὖν
483 5101 936 5172 καταφρονῶμεν,
993 5102 1134 5170 μήτε
1181 5099 1594 5171 ἀπελπίζωμεν,
1652 5100 1768 5154 ἀλλ’
1820 5101 1908 5170 ἐφ’

330 5197 509 5250 ἇπασι
535 5195 826 5269 πράγμασι
860 5197 927 5266 τῇ
979 5195 1114 5266 εὐχῇ
1150 5193 1519 5264 κολληθῶμεν.

859 5377 1038 5429 lA'.--
1082 5373 1166 5439 Τῷ
1193 5372 1374 5438 αὐτῷ.

401 5472 538 5526 Εἰπὲ
593 5469 729 5541 πρὸς
765 5470 855 5522 τὸν
892 5470 982 5522 σὺν
1033 5470 1266 5538 ἑταῖρον,
1299 5467 1380 5520 ὅτι
1415 5465 1687 5536 θερμότης
1714 5465 1907 5536 ἀχαλί-

331 5580 500 5624 νωτος
535 5562 808 5632 μεγίστων
836 5561 1021 5615 κακῶν
1050 5559 1310 5630 πρόξενος
1348 5559 1459 5622 τοῖς
1484 5557 1791 5627 ἀνθρώποις
1817 5557 1903 5626 γί-

331 5673 500 5709 νεται.

2591 419 2655 474 V.
2690 452 2758 460 —
2787 419 2996 475 Eidem.

2078 510 2138 564 In
2171 507 2488 578 approbrio,
2519 519 2573 564 et
2594 510 2838 572 infamia,
2870 519 2924 564 et
2954 507 3217 563 adversus
3239 522 3339 562 nos
3365 503 3582 560 insidiis

2009 603 2156 657 omni
2196 612 2438 672 tempore
2469 603 2788 656 confirmari
2826 609 3091 671 appetunt
3134 599 3450 663 daemones;
3487 614 3582 650 ve-

2011 703 2345 755 rumtamen,
2398 700 2458 746 ut
2509 693 2778 762 Propheta
2828 693 2904 745 ait
2953 693 2995 757 δ,
3045 691 3444 746 reverebuutur
3486 687 3580 756 qui

2010 793 2201 840 contra
2242 801 2344 840 nos
2372 795 2523 848 sunt,
2567 787 2622 840 in
2674 785 2994 856 opprobrio,
3024 795 3077 838 et
3101 783 3286 837 animo
3319 782 3487 844 elato,
3527 790 3582 834 et

2012 879 2476 934 humiliabuntur.
2505 879 2573 932 At
2604 895 2706 934 nos
2733 885 2787 933 et
2817 879 2964 941 vitm,
3002 886 3055 930 et
3088 876 3294 945 glorire,
3326 876 3580 929 etincor-

2012 971 2398 1040 ruptibilitatis
2471 986 2707 1036 corona,
2777 969 3228 1033 exsoectantibus
3288 966 3576 1021 Dominum

2012 1070 2294 1126 contexta,
2328 1070 2636 1132 exspectat.

2222 1151 2312 1206 VI.
2352 1183 2417 1194 -—
2443 1152 2839 1208 HEl'l-IESTO
2872 1148 3364 1206 SCI‘IOLASTICO.

2082 1241 2306 1298 Frustra
2345 1252 2553 1314 turges,
2599 1259 2661 1298 ac
2694 1254 2895 1307 tumes,
2940 1245 3012 1296 mi
3047 1245 3246 1297 homo:
3271 1239 3578 1310 pudendum

2013 1339 2197 1409 potius
2248 1340 2396 1394 omni
2443 1339 2499 1411 ἥ,
2543 1349 2741 1394 conatu
2791 1339 2887 1392 tibi
2936 1338 3118 1400 fuerit,
3161 1351 3289 1390 cum
3351 1335 3578 1399 deorum

2014 1440 2235 1486 tuorum
2271 1432 2567 1495 adulteria,
2597 1440 2652 1486 et
2690 1446 2981 1501 puerorum
3028 1439 3217 1498 stupra
3247 1427 3485 1486 extollis.
3529 1435 3583 1480 et

2014 1523 2339 1580 affectiones
2386 1523 2636 1579 libidinis
2687 1525 2823 1577 satis
2867 1522 3210 1592 perniciosas
3257 1517 3536 1574 veneraris
3565 1558 3581 1582 ,

2015 1631 2194 1685 neque
2230 1615 2514 1685 quidpiam
2559 1614 2657 1668 tibi
2709 1613 2953 1668 occurrit
2999 1612 3247 1675 omnino,
3279 1608 3424 1680 quod
3455 1623 3581 1664 cor-

1995 1721 2145 1776 pore
2169 1706 2421 1776 superius
2446 1706 2537 1761 sit.

2259 1795 2374 1852 νη.
2407 1827 2475 1836 -
2507 1793 2948 1850 MARCELLINO
2983 1794 3333 1850 MONACHO.

2083 1885 2221 1941 Cum
2253 1886 2565 1942 necessaria
2600 1887 2652 1940 in
2685 1885 2934 1940 Samaria
2975 1886 3079 1940 sub
3105 1884 3312 1939 Jorami
3339 1882 3579 1938 Aeliaabi

2014 1976 2112 2032 lilii
2173 1977 2402 2048 imperio
2433 1977 2476 2043 ',
2508 1993 2636 2047 rege
2676 1976 3023 2047 Assyriorum
3056 1975 3256 2028 bellum
3292 1973 3580 2037 inferente,

2013 2069 2338 2134 defuissent,
2380 2077 2435 2123 et
2471 2075 2636 2137 caput
2685 2068 2828 2122 asini
2873 2066 3268 2136 quinquaginta
3299 2065 3448 2119 siclis
3487 2080 3581 2118 ve-

2014 2159 2210 2221 nisset,
2265 2168 2320 2214 et
2367 2167 2566 2228 quarta
2623 2172 2750 2228 pars
2792 2157 2913 2213 cabi
2974 2155 3274 2226 palumbini
3323 2154 3583 2210 stercoris

2011 2253 2257 2323 quinque
2301 2252 2455 2306 sielis
2506 2253 2800 2323 argenteis,
2849 2252 2985 2307 adbo
3025 2261 3084 2306 ut
3133 2267 3283 2305 mors
3305 2250 3584 2304 teterrima

2011 2343 2269 2413 opinione
2319 2343 2564 2399 omnium
2613 2343 2950 2413 impenderet
2999 2361 3013 2397 :
3067 2354 3214 2398 tanta
3249 2358 3431 2398 rerum
3466 2358 3584 2396 om-

2017 2435 2169 2490 nium
2220 2435 2583 2499 abundantia,
2635 2451 2798 2504 atque
2832 2437 3055 2491 ubertas
3089 2451 3346 2506 agrorum
3390 2443 3586 2504 praeter

2013 2528 2261 2584 omnium
2297 2529 2766 2598 exspectationem
2824 2529 3072 2593 invaluit,
3116 2537 3175 2582 ut
3213 2528 3404 2584 simila:
3431 2542 3584 2580 men-

2012 2634 2142 2674 sura
2176 2619 2313 2673 siclo
2348 2618 2624 2674 divendita
2659 2620 2750 2685 sit,
2788 2635 3001 2674 necnon
3037 2627 3091 2674 et
3113 2618 3302 2674 hordei
3333 2618 3585 2673 similiter

2013 2711 2149 2766 siclo
2212 2726 2482 2765 mensum
2535 2712 2707 2767 duae:
2762 2732 2780 2764 ι
2818 2711 3083 2766 Dominus
3118 2713 3262 2764 enim
3319 2709 3586 2778 disperdit

2013 2803 2243 2858 consilia
2292 2805 2572 2870 gentium,
2639 2812 2695 2859 et
2743 2804 3097 2874 principum;
3151 2804 3403 2857 voluntas
3455 2817 3584 2856 vero

2015 2891 2232 2946 Domini
2257 2893 2310 2946 in
2337 2902 2603 2947 aeternum
2637 2901 2822 2949 manet
2853 2895 2896 2947 ⁸.
2929 2913 2948 2944 ι
3006 2893 3084 2948 Ne
3129 2893 3313 2964 itaque
3345 2893 3583 2962 despon-

2013 2982 2242 3038 deamus
2267 2982 2539 3044 animum,
2571 2984 2666 3039 sed
2695 2994 3080 3054 exspectemus
3111 3001 3179 3040 ex
3204 2985 3386 3056 inopia
3421 2985 3585 3039 uber-

1937 3092 1985 3154 ο
2016 3085 2202 3138 tatem,
2233 3083 2288 3128 et
2317 3090 2383 3129 ex
2421 3075 2777 3131 tribulatione
2811 3077 3088 3132 solatium.

2123 3223 2126 3226 ,
2230 3163 2367 3218 Vlll.
2395 3197 2465 3208 —
2497 3165 2891 3224 PTOLEMIEO
2915 3166 3361 3224 SYNCLETICO.

2085 3258 2152 3312 Et
2201 3258 2581 3314 tantummodo
2636 3259 2772 3315 ﬁdes
2809 3259 2863 3313 in
2907 3259 3188 3314 Christum
3231 3261 3579 3316 Servatorem

2009 3350 2331 3420 justiﬁeatio
2371 3360 2456 3407 est
2508 3371 2522 3407 :
2565 3363 2618 3406 at
2672 3368 2796 3408 eum
2829 3353 3075 3407 conliteri
3106 3368 3202 3410 ore
3245 3354 3394 3409 salus
3422 3355 3583 3409 abso-

2011 3445 2125 3500 luta
2148 3445 2191 3499 '.

2568 3543 2654 3597 IX.
2698 3571 2767 3585 --
2812 3545 3020 3601 Eidem.

2085 3634 2309 3690 Divinus
2365 3635 2541 3706 inquit
2584 3636 2748 3692 Isaias
2797 3655 2811 3692 :
2865 3658 2884 3690 ι
2934 3639 3003 3694 Ut
3049 3638 3281 3693 dicant:
3327 3635 3448 3692 Non
3499 3642 3584 3690 est

2012 3729 2156 3783 sicut
2198 3731 2422 3783 verbum
2465 3729 2588 3792 hoc,
2625 3746 2724 3799 pro
2764 3747 2874 3801 quo
2914 3732 3056 3786 dona
3105 3730 3290 3784 offerri
3320 3745 3427 3784 non
3457 3744 3582 3798 pos-

2013 3831 2140 3876 sunt
2164 3821 2206 3875 ⁸.
2249 3839 2266 3871 ι
2303 3820 2445 3874 Nihil
2491 3823 2636 3875 enim
2682 3821 2948 3876 Dominici
2992 3822 3229 3877 nominis
3281 3821 3580 3892 professio-

2012 3913 2121 3977 nis,
2177 3922 2232 3966 et
2276 3913 2488 3967 tradita!
2519 3912 2568 3982 5
2603 3913 2762 3968 nobis
2807 3914 2978 3967 beata:
3001 3953 3014 3975 ,
3054 3922 3365 3981 sanctaque
3395 3913 3582 3981 cogni-

2011 3999 2180 4052 tionis
2213 3998 2386 4052 instar
2423 4013 2546 4054 esse
2590 4007 2790 4068 potest.
2823 3999 3002 4066 Quare
3035 4016 3144 4055 non
3203 4001 3300 4055 abs
3333 4017 3390 4055 re
3417 4002 3581 4054 Davi—

2011 4089 2194 4143 dicum
2237 4087 2368 4142 illud
2422 4087 2814 4142 enuntiandmn
2861 4099 2984 4143 est:
3019 4106 3038 4138 ι
3081 4088 3219 4154 Quid
3278 4088 3579 4142 retribuam

2013 4179 2246 4236 Domino
2277 4195 2378 4249 pro
2411 4180 2692 4243 omnibus,
2723 4197 2844 4251 quae
2874 4181 3124 4236 retribuit
3155 4181 3286 4236 mihi
3319 4181 3365 4234 ’?
3401 4201 3419 4232 ι
3451 4195 3575 4235 eum

2014 4273 2174 4328 ﬁdem
2224 4274 2520 4344 acceperit,
2569 4281 2626 4328 et
2669 4273 2983 4329 retribuerit
3012 4275 3380 4345 cognitionem
3415 4273 3580 4327 cccle-

2013 4362 2394 4421 stem.Sancta
2423 4365 2624 4436 quippe
2653 4367 2895 4436 cognitio
2931 4368 3221 4422 innumera
3259 4368 3404 4422 bona
3432 4367 3486 4420 in
3521 4384 3578 4423 se

1937 4437 1985 4498 D
2011 4457 2282 4512 continet.

2589 4549 2655 4603 X.
2693 4580 2763 4591 -—
2799 4550 3006 4604 Eidem.

2081 4639 2343 4696 Nonnulli
2399 4649 2590 4697 aestate
2641 4642 2918 4697 solventes
2960 4657 2990 4696 e
3041 4650 3198 4712 portu
3235 4643 3578 4712 naufragium

2012 4732 2293 4799 fecerunt;
2327 4733 2420 4787 alii
2459 4733 2639 4789 hieme
2678 4734 2886 4804 absque
2933 4734 3046 4788 ullo
3075 4735 3393 4789 discrimine
3417 4742 3581 4788 vento

2010 4825 2418 4880 secundissimo
2468 4841 2591 4880 sese
2643 4823 2903 4881 fluetibus
2961 4827 3376 4880 commiserunt.
3434 4826 3580 4891 Quot

2013 4917 2143 4970 item
2173 4917 2391 4971 athleta
2412 4917 2780 4972 indubitatam
2811 4917 3098 4971 victoriam
3124 4917 3225 4971 sibi
3254 4918 3579 4985 promitten-

2010 5015 2097 5062 tes
2136 5009 2383 5079 superati
2435 5011 2603 5064 sunt?
2645 5017 2780 5078 quot
2824 5020 2878 5061 et
2926 5008 2994 5060 de
3040 5007 3301 5061 secundis
3342 5010 3579 5077 praamiis

2010 5101 2372 5169 desperantes
2398 5103 2632 5171 primam
2656 5101 2900 5156 victoria
2925 5101 3161 5170 palmam
3193 5100 3579 5158 obtinuerunt?

2007 5192 2125 5247 Non
2157 5193 2342 5262 itaque
2371 5196 2732 5265 negligamus,
2770 5209 2947 5262 neque
2973 5201 3155 5246 mente
3199 5195 3577 5258 concidamus,

2009 5285 2104 5340 sed
2135 5284 2303 5340 rebus
2336 5285 2390 5339 in
2421 5287 2680 5342 omnibus
2720 5285 2956 5339 orationi
3000 5283 3383 5341 inlitereamus.

2583 5375 2675 5431 XI.
2706 5407 2776 5416 —
2798 5375 3006 5431 Eidem.

2078 5467 2260 5523 Effare
2299 5469 2480 5524 amico
2529 5479 2648 5535 tuo,
2687 5471 2900 5539 absque
2929 5470 3160 5526 habenis
3199 5471 3461 5541 impetum
3497 5485 3581 5525 ar-

2013 5564 2316 5631 doremque
2396 5563 2634 5618 maxima
2697 5563 3028 5619 mortalibus
3098 5563 3294 5618 afferre
3367 5566 3579 5616 incom—

2014 5653 2192 5708 moda.

406 5771 430 5800 ⁸
457 5767 600 5826 Psal.
633 5785 821 5837 nux,
860 5769 1088 5835 15,3”,
1125 5766 1332 5838 Βρεμι,
1375 5767 1423 5821 1.
1503 5766 1520 5797 ⁸
1555 5765 1695 5819 l’sal.
1723 5780 1910 5831 xum,

2021 5809 2032 5824 .
2110 5771 2128 5802 '
2164 5767 2320 5826 Rom.
2364 5787 2418 5837 ι,
2459 5771 2538 5824 l0.
2617 5771 2636 5801 ⁸
2672 5770 2776 5828 lsa.
2812 5789 2929 5836 Vill,
2970 5771 3060 5826 20.
3136 5773 3156 5803 ’
3197 5769 3341 5826 Psal.
3375 5783 3497 5834 σιν,
3523 5769 3577 5824 5.
