3970 6220
408 260 479 327 εἴ
1904 259 1970 319 S.

2088 259 2176 319 .Ll
3556 256 3638 320 88

950 367 1075 423 XII.
1115 396 1184 407 --
1219 366 1429 423 Eidem.

476 460 583 530 Qui
610 464 819 528 omnia,
857 465 1032 534 inquit
1072 462 1139 527 ¹⁰,
1181 461 1422 528 ἠθικοὶ
1457 460 1638 516 omnia
1677 461 1973 517 immutans

415 556 686 613 convertit
741 554 1192 625 primamJucem
1240 554 1295 608 in
1354 552 1598 607 umbram
1650 553 1864 618 mortis,
1919 559 1975 608 et

413 658 627 705 noctem
680 647 736 701 in
786 646 931 701 diem
984 646 1355 721 obtenebrat;
1387 632 1503 714 ipse
1544 643 1689 698 enim
1736 652 1842 705 est,
1876 643 1971 713 qui

411 739 778 802 conditiones,
807 747 864 793 et
894 749 1160 808 tempora,
1211 748 1266 793 et
1312 753 1399 793 res
1448 745 1797 792 transmutat.
1830 736 1976 792 Con-

408 832 573 886 vertit
631 845 765 901 ergo
810 828 958 885 Deus
1016 831 1265 885 umbram
1323 831 1543 891 mortis,
1606 831 1661 883 in
1716 830 1973 885 virtutem

408 939 626 993 nempe.
655 931 712 977 et
735 922 1199 985 consolationem,
1239 930 1293 999 et
1323 922 1672 993 splendorem
1704 932 1981 992 permutat-

408 1016 794 1087 peccatrieem,
834 1022 888 1069 et
944 1015 1305 1084 caliginosam
1345 1014 1738 1070 conditionem.
1779 1014 1975 1069 Facul-

409 1117 578 1162 tatem
614 1121 835 1177 quoque
876 1106 982 1161 sibi
1018 1102 1449 1161 vindicat'diem
1495 1108 1552 1177 6
1596 1091 1774 1160 noc'tis
1804 1107 1976 1160 instar

407 1201 829 1264 obtenebrandi,
864 1201 983 1256 laeta
1001 1200 1219 1256 scilicet
1246 1210 1303 1256 et
1324 1201 1610 1270 splendida
1642 1200 1710 1263 in.
1729 1201 1974 1255 tristiora

408 1301 572 1362 atque
612 1292 975 1349 inamaniora
1008 1292 1425 1348 transvehendi.

945 1399 1067 1453 XIII
1101 1430 1192 1456 .—
1224 1399 1433 1454 Eidem.

490 1512 509 1545 ι
549 1494 834 1562 Quisquis,
860 1494 956 1553 ait.
993 1503 1189 1548 octavo
1236 1493 1325 1549 die
1369 1509 1483 1548 non
1516 1493 1972 1558 circumciditur,

406 1589 863 1644 erterminabitnr
903 1589 966 1642 ’,⁸.
1010 1607 1028 1638 ι
1083 1586 1269 1641 Infans
1320 1587 1455 1641 nulli
1498 1587 1634 1641 vitio
1680 1587 1972 1651 obnoxius,

1996 374 2050 435 Δ

2585 370 2682 425 IB'.
2717 401 2786 414 --
2824 371 2907 437 Τῷ
2933 370 3113 436 αὐτῷ.

2156 461 2213 515 '0
2240 461 2429 527 ποιῶν,
2467 464 2622 534 φησι,
2674 462 2875 528 πάντα,
2922 463 3017 516 καὶ
3057 462 3498 531 μετασκιυάζων,
3537 464 3640 516 καὶ

2072 555 2353 626 ἐκτρέπων
2384 554 2463 618 είς
2491 556 2552 609 τὸ
2588 554 2732 627 τιρωῖ
2754 557 2911 608 σκιὰν
2943 554 3193 615 θανάτου.
3230 555 3325 609 καὶ
3352 554 3522 609 νύκτα
3536 558 3639 621 κίεις

2073 647 2285 718 ἡμέραν
2334 647 2700 712 συσκοτάζων*
2763 646 2925 709 αὐτὸς
2970 646 3078 718 γάρ
3129 648 3279 701 ἔστιν
3325 648 3355 699 ὁ
3405 646 3641 701 ἀλλοιῶν

2073 739 2455 805 καταστάσεις,
2504 740 2599 792 καὶ
2645 739 2892 809 χρόνους,
2935 739 3029 793 καὶ
3072 739 3390 810 πράγματα·
3440 739 3642 809 ἐκτρέ-

2070 848 2163 885 πει
2188 827 2280 885 οὖν
2299 834 2330 887 ὁ
2356 831 2490 896 Θεὸς
2527 831 2626 902 τὴν
2662 835 2818 886 σκιὰν
2851 833 2945 887 τοῦ
2973 833 3224 895 θανάτου,
3254 833 3530 886 τουτέστιν
3553 834 3645 895 είς

2071 924 2293 997 ἀρετὴν,
2352 927 2447 980 καὶ
2489 925 2773 995 εὐθυμίαν,
2820 927 2917 981 καὶ
2968 925 3266 997 φαινότητα
3309 925 3644 996 μεταϐάλλει

2072 1017 2171 1088 τὴν
2204 1019 2604 1091 ἁμαρτητικὴν,
2648 1021 2740 1073 καὶ
2794 1018 3072 1089 σκοτεινὴν
3121 1019 3471 1073 κατάστασιν.
3519 1020 3645 1085 Ἐξ-

2073 1107 2259 1160 ουσίαν
2310 1108 2366 1161 δὲ
2393 1108 2632 1179 ἔχεικαὶ
2681 1110 2894 1180 ἡμέραν
2937 1110 3017 1172 είς
3070 1107 3241 1161 νύκτα
3283 1108 3636 1161 σνσκοτάσαιο

2072 1200 2346 1253 τουτέστιν
2377 1199 2445 1253 τὰ
2474 1201 2770 1271 περιχαρῆ,
2793 1202 2887 1253 καὶ
2911 1198 3159 1270 λαμπρὰ,
3183 1199 3275 1252 ἐπὶ
3294 1197 3358 1251 τὸ
3385 1198 3642 1268 σκυθρω-

2072 1291 2298 1361 πότερον
2319 1292 2642 1361 μεταθεῖναι.

2457 1404 2480 1473 \
2586 1399 2775 1452 II".-—
2812 1398 2896 1464 Τῷ
2940 1398 3120 1466 αὐτῷ.

2151 1508 2171 1541 ι
2200 1489 2267 1542 Εἴ
2291 1506 2374 1552 τις
2397 1489 2473 1561 μὴ
2497 1489 2826 1561 περιτμηθῇν
2855 1490 3011 1560 φησὶ,
3041 1492 3107 1559 τῇ
3128 1489 3287 1560 ὀγδόη
3322 1488 3525 1560 ἡμέρᾳν
3555 1487 3643 1553 ὲξο

2077 1580 2553 1653 ολοθρευθήσεται.
2591 1601 2610 1632 ι
2639 1582 2775 1651 Οὐχὶ
2798 1580 2859 1635 τὸ
2886 1582 3091 1636 ἄκακον
3147 1581 3239 1633 καὶ
3278 1580 3503 1650 ἀνόητον
3539 1582 3643 1649 νήο

409 1690 464 1734 et
504 1680 838 1747 intelligendi
881 1681 1146 1734 facultate
1198 1679 1351 1732 nullo
1398 1680 1561 1733 modo
1610 1679 1892 1748 praeditus,
1926 1678 1972 1734 si

2088 1690 2197 1727 [τιον
2229 1664 2534 1737 κολάζεται,
2589 1674 2663 1744 μὴ
2692 1673 3047 1745 περιτμηθένο
3084 1672 3284 1743 μᾶλλον
3332 1671 3439 1741 γὰρ
3471 1670 3645 1773 ἔχρῆῖ

411 1772 772 1825 circumcisus
804 1786 912 1824 non
960 1770 1150 1834 fuerit,
1180 1786 1291 1823 non
1328 1770 1575 1839 punitur,
1602 1770 1697 1825 sed
1723 1778 1975 1839 parentes

411 1866 596 1933 potius
652 1864 801 1917 illius
842 1864 1173 1933 castigandi.
1220 1864 1290 1917 At
1330 1864 1441 1929 ille,
1474 1863 1547 1916 mi
1579 1864 1763 1926 homo,
1799 1862 1974 1932 punit,

411 1956 459 2010 si
486 1970 583 2024 per
615 1956 775 2011 fidem
800 1965 853 2009 et
884 1957 1193 2010 orationem
1223 1956 1649 2019 circumcidens,
1675 1971 1739 2009 ex
1764 1965 1817 2011 te
1846 1956 1977 2009 vitia

413 2061 522 2100 non
567 2047 890 2116 depuleris:
936 2046 1173 2102 infantes
1208 2048 1354 2102 enim
1410 2063 1535 2103 esse
1577 2048 1787 2103 malitia
1825 2049 1978 2117 jubet

411 2139 708 2208 Apostolus
755 2141 819 2193 ι’.
870 2140 1348 2195 Circumcidamus
1386 2142 1571 2210 itaque
1607 2142 1977 2212 nosmetipsos

412 2231 597 2300 gladio
639 2230 906 2301 Spiritus,
954 2231 1100 2287 diem
1131 2241 1414 2296 octavam,
1461 2233 1566 2287 hoc
1609 2244 1693 2288 est
1737 2233 1977 2288 futurum

411 2321 671 2375 sarculum
704 2320 1081 2390 respicientes.
1118 2320 1592 2377 Circumcidamus
1613 2336 1741 2377 vero
1760 2335 1976 2376 omnem

413 2411 601 2464 carnis
650 2409 1067 2477 cogitationem,
1111 2420 1163 2463 et
1202 2425 1532 2478 sermonem,
1577 2420 1632 2466 et
1688 2426 1829 2481 opus
1874 2412 1979 2466 ini-

410 2516 605 2569 quum,
656 2516 725 2555 ne
759 2501 1168 2570 disperdamur,
1221 2510 1275 2556 et
1305 2504 1610 2557 alienemur
1641 2519 1673 2558 e
1701 2502 1881 2559 medio
1913 2503 1980 2556 il-

413 2594 522 2646 lius
551 2592 763 2662 populi,
792 2594 886 2663 qui
918 2593 1164 2647 Salvatur
1191 2608 1290 2663 per
1317 2593 1624 2651 Christum.

936 2680 1076 2735 XIV.
1105 2710 1173 2731 -—
1204 2682 1410 2737 Eidem.

485 2789 507 2823 ι
546 2770 689 2827 Ecce
719 2772 862 2826 oculi
901 2772 1114 2827 Domini
1141 2770 1310 2842 super
1333 2774 1659 2828 timentibus
1687 2790 1835 2836 eum.
1857 2789 1980 2844 spe-

413 2863 669 2918 rantibus
701 2879 896 2930 nempe
949 2866 1002 2918 in
1055 2864 1492 2919 misericordiam
1524 2865 1672 2919 illius
1698 2867 1764 2920 ¹³.
1811 2884 1828 2917 ι
1872 2865 1979 2930 Qui

409 2953 680 3022 justitiam
741 2955 1007 3023 consequi
1056 2971 1125 3009 ex
1182 2954 1444 3024 operibus
1499 2971 1609 3009 non
1670 2965 1975 3025 exspectat.

2074 1762 2201 1826 τοὺς
2242 1766 2416 1831 γονεῖς
2462 1763 2841 1834 τιμωρεῖσθαι.
2910 1761 3048 1815 Ἀλλ’
3088 1762 3250 1824 αὐτὸς
3302 1760 3537 1823 κολάζει,
3597 1753 3646 1812 ὦ

2075 1858 2349 1929 ἄνθρωπε,
2383 1854 2477 1908 ἐὰν
2500 1855 2575 1925 μὴ
2606 1855 2696 1909 διὰ
2716 1855 2951 1918 πίστεως
2985 1856 3080 1908 καὶ
3109 1854 3271 1924 εὐχῆς
3301 1851 3646 1923 πριτμηθῇς

2075 1952 2174 2023 τὴν
2188 1951 2405 2005 κακίανο
2448 1947 2731 2020 νηπιάξειν
2765 1948 2875 2019 γὰρ
2906 1950 2972 2018 τῇ
3002 1948 3170 2017 κακίᾳ
3189 1946 3398 1999 κελεύει
3433 1946 3647 1999 ὀἈπὸ-

2077 2044 2280 2107 στολος.
2317 2043 2573 2103 Ἑαυτοὺς
2614 2040 2795 2095 τοίνυν
2847 2040 3263 2111 περιτέμνωμεν
3306 2041 3371 2108 τῇ
3400 2038 3650 2110 μαχαίρᾳ

2074 2135 2170 2191 τοῦ
2186 2134 2326 2190 Πνεύ
2336 2152 2525 2206 ματος,
2547 2133 2951 2194 ἀποϐλέποντες
2972 2135 3051 2196 εἰς
3072 2132 3170 2202 τὴν
3189 2131 3379 2201 ὀγδόην
3407 2131 3647 2201 ἡμέραν,

2076 2228 2351 2283 τουτέστιν
2377 2229 2459 2289 είς
2483 2225 2575 2280 τὸν
2612 2224 2868 2295 μέλλοντα
2892 2222 3083 2277 αίῶνα.
3111 2224 3300 2291 Περιτε
3310 2220 3565 2290 μνώμεθα
3586 2220 3648 2273 δὲ

2079 2321 2186 2373 πᾶν
2213 2318 2470 2388 σαρκικὸν
2519 2317 2793 2387 φρόνημα,
2824 2315 2918 2367 καὶ
2946 2312 3104 2381 λόγον
3144 2311 3238 2364 καὶ
3276 2311 3437 2381 ἔργον
3473 2311 3652 2381 παρά-

2078 2423 2258 2478 νομον,
2295 2405 2383 2461 ἵνα
2417 2407 2493 2478 μὴ
2524 2404 3015 2474 έξολοθρευθῶμεν,
3050 2404 3149 2456 καὶ
3194 2402 3649 2473 ἀλλοτριωθῶμεν

2078 2500 2143 2552 ὲκ
2180 2499 2345 2569 μέσου
2381 2497 2476 2551 τοῦ
2505 2497 2638 2553 λαοῦ
2667 2497 2775 2550 τῶν
2803 2496 3125 2566 σωζομένων
3158 2496 3245 2549 διὰ
3279 2494 3536 2565 Χριστοῦ.

2601 2680 2698 2733 IA’.
2732 2710 2797 2720 --
2837 2676 2925 2742 Τῷ.
2941 2677 3119 2743 αὐτῷ.

2154 2793 2172 2825 ι
2215 2774 2342 2827 Ἰδοὺ
2384 2773 2435 2825 οἱ
2461 2770 2726 2840 ὀφθαλμοὶ
2749 2769 2955 2839 Κυρίου
2996 2771 3087 2821 ἐπὶ
3121 2769 3247 2831 τοὺς
3282 2767 3650 2838 φοϐουμένους

2080 2866 2260 2923 αὐτὸν,
2292 2864 2418 2927 τοὺς
2449 2861 2767 2925 ἐλπίζοντας
2803 2862 2895 2913 ἐπὶ
2924 2861 2985 2914 τὸ
3018 2861 3163 2925 ἔλεος
3185 2860 3368 2914 αὐτοῦ.
3406 2877 3425 2911 ι
3468 2861 3532 2913 30
3569 2861 3648 2929 μὴ

2080 2955 2393 3026 προσδοκῶν
2424 2953 2484 3018 ἐξ
2508 2953 2684 3022 ἔργων
2703 2952 3079 3021 δικαιωθῆναι,
3117 2954 3283 3023 μόνην
3310 2952 3421 3021 ἔχει
3456 2951 3648 3005 ἐλπίδα

415 3052 623 3098 tantum
664 3060 815 3114 spem
855 3060 966 3099 suae
1006 3045 1203 3099 salutis
1234 3046 1287 3098 in
1313 3045 1726 3100 misericordias
1754 3046 1968 3102 Domini

2088 3047 2349 3119 σωτηρίας
2372 3047 2498 3109 τοὺς
2525 3046 2876 3115 οίκτειρμοὺς
2903 3043 2994 3097 τοῦ
3023 3044 3178 3097 Θεοῦ·
3204 3042 3451 3112 ὅτανγὰρ
3480 3040 3648 3095 ἀκού-

413 3137 746 3193 collocavit:
788 3153 916 3193 cum
949 3139 1095 3193 enim
1134 3138 1391 3202 audierit,
1428 3138 1592 3194 Deum
1623 3155 1982 3209 unumquem-

416 3244 522 3297 que
564 3229 869 3283 secundum
917 3244 1080 3299 opera
1128 3242 1635 3299 remuneraturum,
1689 3232 1983 3300 animoque

394 3332 605 3381 ,secum
638 3318 755 3385 ipse
792 3333 925 3372 suas
949 3319 1181 3373 volverit
1207 3319 1359 3374 labes
1391 3327 1446 3372 et
1472 3319 1827 3374 conscientia:
1859 3319 1983 3373 vul-

419 3422 571 3469 nera,
605 3423 795 3477 punias
822 3411 997 3471 timet.
1031 3418 1084 3465 et
1119 3410 1287 3465 minis
1322 3411 1653 3466 absterritus
1694 3412 1982 3479 formidat;

419 3512 487 3553 ne
528 3514 660 3553 vero
698 3515 727 3553 a
768 3515 1003 3555 maerore
1060 3500 1396 3571 sull‘ocetur,
1459 3500 1516 3555 in
1571 3502 1984 3557 misericordias

417 3589 534 3656 Dei,
587 3592 847 3662 illiusque
876 3592 1272 3647 humanitatem
1323 3609 1475 3664 spem
1505 3609 1660 3649 suam
1691 3595 1981 3650 convertit.

968 3682 1086 3738 XV.
1118 3713 1187 3722 -—-
1221 3682 1431 3738 Eidem.

482 3770 619 3827 Illud
653 3774 902 3843 Apostoli
940 3790 954 3826 :
1002 3792 1021 3824 ι
1053 3772 1113 3827 1η
1148 3784 1330 3827 atomo
1355 3774 1420 3837 ¹⁸,
1469 3794 1488 3827 ι
1524 3774 1665 3830 idem
1697 3787 1801 3838 est,
1843 3791 1908 3831 ac
1940 3778 1984 3832 si

413 3864 538 3933 quis
563 3864 726 3930 alius,
747 3865 1084 3937 indivisibile
1114 3875 1449 3922 momentum
1484 3868 1746 3937 temporis
1762 3867 1986 3924 diceret.

936 4043 985 4111 7
1008 4040 1146 4098 XVI.
1173 4073 1244 4083 —-
1261 4043 1465 4098 Eidem.

494 4132 757 4203 Spiritum
777 4136 1070 4203 accepisti,
1086 4137 1183 4204 qui
1206 4146 1490 4191 scrutatur
1511 4137 1604 4192 Dei
1624 4137 1895 4207 profunda
1926 4141 1987 4203 ",

2084 3156 2153 3213 σῃ
2171 3140 2251 3192 ὅτι
2277 3140 2305 3190 ὁ
2344 3136 2476 3201 Θεὸς
2506 3135 2773 3190 ἀποδώσει
2794 3137 3008 3205 ἑκάστῳ
3038 3135 3175 3188 κατὰ
3205 3136 3274 3188 τὰ
3303 3135 3439 3205 ἔργα
3460 3133 3649 3198 αὐτοῦ,

2082 3231 2177 3284 καὶ
2202 3230 2483 3300 λογίσηται
2510 3227 2704 3282 ἑαυτοῦ
2735 3227 2802 3281 τὰ
2830 3228 2965 3298 ἔργα
3006 3228 3106 3296 τῆς
3140 3226 3435 3298 ἁμαρτίας,
3467 3223 3652 3293 φοϐεῖ-

2081 3339 2170 3374 ται
2203 3320 2301 3391 μὲν
2325 3300 2423 3388 τὴν
2452 3318 2693 3380 κόλασιν,
2736 3318 2830 3370 καὶ
2865 3318 3206 3387 ὑποπτήσσει
3246 3318 3359 3378 τοῖς
3390 3314 3653 3367 ἀπειλου-

2088 3412 2288 3481 μένοις.
2320 3410 2462 3481 Πρὸς
2488 3410 2545 3463 δὲ
2572 3408 2635 3461 τὸ
2686 3407 2760 3478 μὴ
2789 3408 3160 3476 καταποθῆναι
3201 3407 3305 3459 ὑπὸ
3324 3408 3423 3476 τῆς
3450 3404 3648 3479 λῷπης.

2087 3502 2307 3564 εὕελπίς
2336 3503 2452 3554 ἐστι
2499 3501 2632 3572 πρὸς
2659 3500 2784 3563 τοὺς
2827 3500 3172 3570 οίκτειρμοὺς
3222 3497 3316 3551 τοῦ
3357 3497 3515 3559 Θεοῦ,
3554 3496 3653 3549 καὶ

2085 3595 2147 3649 τὸ
2168 3594 2544 3665 φιλάνθρωπον
2572 3591 2911 3647 ἀποϐλέπων.

2570 3684 2669 3738 IE’.
2712 3712 2782 3723 —
2803 3682 2889 3748 Τῷ
2908 3680 3088 3747 αὐτῷ.

2157 3778 2231 3831 Tb
2258 3776 2543 3849 εἰρημένον
2566 3774 2670 3827 ὑπὸ
2695 3774 2788 3827 τοῦ
2828 3774 3182 3827 Ἀποστόλου·
3214 3791 3233 3824 ι
3266 3772 3355 3825 Ἐν
3384 3771 3591 3840 ἀτόμῳ,
3621 3787 3647 3820 ι

2086 3872 2150 3926 τὸ
2185 3873 2447 3941 ἄτμητον,
2506 3868 2581 3933 ὡς
2618 3868 2682 3922 ἄν
2736 3885 2820 3932 τις
2884 3869 3049 3932 εῐποι,
3088 3867 3185 3919 καὶ
3234 3866 3519 3934 ἀκαριαῖον
3553 3860 3650 3915 τοῦ

2090 3964 2285 4037 χρόνου
2317 3962 2487 4033 δηλοῖ.

2583 4053 2699 4121 Ιίῗ.
2726 4071 2797 4100 -‘-
2836 4052 2922 4118 Τῷ
2939 4049 3117 4116 αὐτῷ.

2163 4152 2238 4205 'I‘b
2269 4149 2501 4219 Πνεῦμα
2539 4147 2749 4213 ἔλαϐες,
2776 4146 2838 4199 τὸ
2866 4143 3117 4216 ὲρευνοῦν
3150 4143 3248 4196 καὶ
3275 4140 3343 4194 τὰ
3383 4138 3519 4208 βάθη
3555 4136 3648 4191 τοῦ

418 4240 524 4278 non
581 4232 642 4276 ut
695 4222 789 4277 Dei
835 4234 1085 4278 naturam
1147 4228 1608 4295 comprehendas,
1670 4231 1749 4282 uti
1809 4238 1979 4285 mente

2094 4238 2255 4301 Θεοῦ,
2288 4238 2386 4307 οὺχ
2412 4237 2501 4289 ἵνα
2523 4233 2834 4303 καταλάϐῃς
2860 4232 3020 4301 φύσιν
3047 4230 3205 4287 Θεοῦ,
3236 4229 3311 4292 ὡς
3346 4227 3494 4294 λέγει
3542 4225 3649 4277 Εὑ-

416 4323 610 4383 captus
644 4314 942 4370 Eunomius
971 4319 1340 4384 asseverabat,
1374 4320 1469 4373 sed
1510 4332 1567 4375 ut
1611 4321 1883 4390 profunde
1937 4334 1979 4377 el

2094 4332 2278 4402 νόμιος
2301 4333 2329 4383 ὁ
2355 4325 2669 4400 παραπλὴξ,
2691 4324 2802 4378 ἀλλ’
2819 4325 2907 4377 ἵνα
2928 4323 3136 4393 βαθέως
3164 4322 3259 4374 καὶ
3290 4319 3466 4388 σοφῶς
3492 4318 3651 4383 δοξά-

419 4408 700 4475 sapienter
750 4407 982 4476 gloriam
1029 4407 1261 4463 Domino
1300 4412 1562 4465 exhibeas
1595 4432 1608 4466 :
1644 4429 1879 4483 namque
1911 4416 1988 4470 ait

418 4497 753 4566 Apostolus:
781 4516 799 4548 ι
824 4498 1050 4568 Egomet
1075 4513 1184 4553 non
1206 4500 1447 4554 arbitror
1478 4503 1983 4572 comprehendisse,

419 4604 620 4659 sequor
661 4597 865 4656 autem,
904 4589 950 4643 si
990 4606 1100 4658 quo
1160 4589 1321 4645 modo
1365 4593 1828 4663 comprehendam
1851 4597 1919 4648 ιδ.
1960 4614 1978 4646 ›

629 4742 633 4746 μ
936 4681 1100 4736 XVII.
1146 4711 1222 4724 -—-
1252 4683 1461 4740 Eidem.

491 4774 630 4840 Quid
652 4774 787 4829 illud
817 4785 941 4831 est:
984 4795 1002 4827 ι
1045 4777 1159 4835 Nos
1191 4778 1535 4833 intellectum
1576 4780 1782 4836 Christi
1822 4781 1989 4836 habe-

423 4881 547 4922 mus
595 4867 680 4921 "?
717 4886 737 4920 ι
798 4866 1088 4939 Purgatam
1154 4872 1367 4926 scilicet
1394 4871 1602 4929 habens
1658 4874 1986 4942 praecipuam

2093 4424 2189 4494 ζῃς
2225 4422 2315 4475 τὸν
2345 4420 2575 4490 Κύριον·
2604 4416 2737 4487 φησὶ
2760 4415 2866 4484 γὰρ
2895 4414 2923 4465 ὁ
2960 4413 3304 4477 Ἀπόστολος,
3348 4413 3429 4465 ὅτι
3454 4430 3474 4462 ι
3507 4405 3657 4476 Ἐγὼν

2093 4513 2247 4567 οὖπω
2281 4510 2567 4580 λογίζομαι
2624 4507 3031 4578 κατειληφέναι,
3068 4504 3249 4558 διώκω
3276 4504 3354 4569 δὲ,
3386 4502 3498 4571 είγε
3556 4498 3651 4553 καὶ

2093 4603 2404 4659 καταλάϐω.
2452 4621 2472 4654 ι
3596 4602 3599 4605 ‘

2662 4694 2759 4745 IZ'.
2790 4690 2873 4757 Τῷ
2920 4691 3100 4755 αὐτῷ.

2166 4788 2231 4839 Τί
2254 4790 2402 4840 ἐστιν
2431 4802 2446 4815 ο
2489 4804 2507 4836 ι
2540 4786 2726 4854 Ἡμεῖς
2760 4785 2883 4838 νοῦν
2921 4782 3157 4854 Χριστοῦ
3213 4782 3440 4852 ἔχομενς
3471 4799 3490 4831 ι
3522 4781 3656 4831 Tou-

2090 4880 2262 4941 τέστι,
2299 4877 2722 4949 Κεκαθαρμένον
2747 4877 2885 4947 ἔχων
2923 4877 2983 4929 τὺ
3006 4874 3351 4946 ἡγεμονικὸν,
3401 4870 3656 4938 καθαρῶς

424 4959 592 5013 animi
638 4969 847 5028 partem
908 4977 1077 5031 pure,
1130 4972 1186 5020 et
1240 4964 1549 5020 sublimiter
1595 4964 1892 5031 tIISCIIl'l‘O,
1935 4973 1979 5021 el

2093 4988 2175 5035 τε,
2210 4969 2306 5023 καὶ
2366 4967 2585 5040 ὑψηλῶς
2641 4965 2975 5034 διανοοῦμαι,
3041 4965 3135 5016 καὶ
3184 4960 3453 5032 λαμπρῶς
3504 4959 3656 5012 πολιο

425 5048 708 5118 splentlide
737 5053 901 5106 vitam
935 5053 1098 5108 duco.

938 5144 1126 5200 XVIII.
1159 5176 1228 5186 —
1265 5143 1471 5200 Eidem.

503 5230 767 5300 Spiritum
822 5240 1172 5309 accepimus,
1203 5239 1406 5294 fatetur
1443 5240 1743 5309 Apostolus
1773 5241 1838 5302 ιτ,
1878 5257 1987 5297 non

434 5333 494 5378 nt
550 5324 918 5395 addiscamus,
980 5347 1228 5400 quaenam
1281 5332 1353 5387 sit
1413 5333 1741 5388 adamussim
1808 5334 1989 5388 divina

430 5426 644 5482 natura,
674 5418 771 5473 sed
826 5428 884 5473 ut
924 5421 1287 5493 intelligamus
1336 5425 1544 5479 infinita
1580 5426 1715 5479 bona
1762 5442 1987 5481 munera

2091 5060 2340 5131 τεύομαι.

2627 5148 2733 5203 ιη’.
2754 5179 2826 5189 -
2848 5147 2931 5213 Τῷ
2955 5146 3133 5211 αὐτῷ.

2166 5245 2240 5298 Τὸ
2279 5243 2500 5314 Πνεῦμα
2537 5242 2854 5310 εἰλήφαμεν,
2911 5237 3090 5300 καθὼς
3113 5240 3141 5291 ὁ
3188 5237 3523 5298 Ἀπόστολος.
3556 5234 3653 5303 οὐχ

2094 5339 2181 5392 ἵνα
2209 5335 2548 5405 ἐπιστάμεθα
2568 5334 2651 5395 τίς
2683 5333 2798 5384 ἐστι
2823 5332 2963 5385 κατὰ
2991 5331 3089 5400 τὴν
3133 5330 3417 5401 ἀκρίϐειαν
3443 5330 3476 5392 ἡ
3494 5326 3653 5395 φύσις

2092 5428 2186 5481 τοῦ
2217 5426 2376 5492 Θεοῦ,
2406 5425 2518 5479 ἀλλ’
2552 5425 2639 5477 ἵνα
2666 5422 2944 5492 νοήσωμεν
2973 5420 3041 5475 τὰ
3079 5422 3183 5474 ὑπὸ
3211 5405 3315 5475 ’τοῦ
3340 5418 3475 5472 Θεοῦ
3499 5432 3656 5487 χαρι-

539 5614 582 5646 ¹⁹
621 5616 785 5669 Amos
814 5632 866 5677 ν,
913 5615 964 5669 8.
1072 5619 1298 5670 ω’(ἶοιι.
1343 5636 1475 5681 xvn,
1542 5621 1628 5675 Η.
1745 5622 1783 5651 ’ί
1840 5622 1979 5674 1(ἰοι

2088 5637 2188 5683 ιιιι,
2218 5621 2307 5675 ‘20-
2424 5620 2463 5650 "
2489 5617 2636 5674 Psal.
2668 5632 2860 5684 sum,
2890 5616 2976 5677 I8.
3088 5618 3131 5649 ’³
3172 5616 3190 5671 I
3228 5616 3355 5674 Cor.
3419 5633 3507 5681 ιν,
3557 5617 3647 5671 52.

438 5685 536 5741 "I
577 5685 699 5751 Bor,
733 5702 791 5752 ιι,
818 5686 900 5741 10.
979 5687 1020 5718 ’⁸
1046 5684 1276 5756 Philipp.
1311 5705 1391 5755 ιιι,
1425 5690 1505 5744 ιέὶ.
1586 5690 1812 5747 ιθιυοτ.
1843 5708 1904 5756 ιι,
1954 5693 1970 5745 l

2088 5693 2123 5723 "’
2156 5691 2288 5749 Ibid.
2326 5693 2408 5749 12.
