4024 6218
297 263 370 324 89
1470 336 1475 341 ,
1525 274 1866 339 EPISTOLA

1976 281 2061 342 1M
2086 284 2233 345 LIB.
2274 285 2327 347 Ι.
3480 281 3550 348 ιο

299 398 502 452 σθέντα
530 399 667 468 ή⁹μϊν
696 400 865 471 μυρία
891 401 1073 471 ἀταθά
1097 403 1416 478 δωρήματα,
1453 407 1600 480 amp
1630 412 1726 466 καὶ
1750 412 1866 467 δια-

1976 400 2134 455 nobls
2190 416 2221 455 a
2271 402 2385 457 Deo
2436 401 2657 469 tradita,
2698 416 2821 473 qua
2860 401 3272 458 addiscentibus
3324 402 3555 474 exponi-

295 492 568 564 λιγόμσθα
620 495 734 556 τοῖς
765 494 1239 566 μαθητευομένοις.

758 652 779 667 Ι
831 584 933 639 ΙΘ’.
964 615 1033 627 --
1063 586 1148 652 Τῷ
1169 587 1350 654 αὐτῷ.
1816 590 1841 620 ⁸

365 672 494 736 Πῶς
527 674 597 728 ἂν
635 672 729 728 καὶ
764 673 974 747 ὑπέστη
1023 676 1144 730 τόδε
1185 678 1250 731 τὸ
1292 679 1462 750 πᾶνὴ
1500 680 1753 750 συνέστη,
1793 683 1871 755 μὴ

295 764 434 819 Θεοῦ
463 766 537 818 τὰ
576 767 759 822 πάντα
803 767 902 821 καὶ
954 767 1339 835 οὐσιώσαντος,
1387 771 1485 826 καὶ
1520 773 1868 843 συνέχοντοςς

296 858 431 915 Οὐδὲ
449 858 559 928 γάρ
583 858 814 930 κιθάραν
842 878 926 924 τις
952 861 1096 933 ὀρῶν
1122 862 1383 917 κάλλιστα
1407 865 1747 935 ἠσκημένην,
1774 867 1872 919 καὶ

296 952 395 1023 τὴν
429 951 640 1025 ταύτης
674 953 1064 1025 εὐαρμοστίαν,
1094 957 1190 1009 καὶ
1208 956 1483 1024 εὐταξίαν,
1513 958 1546 1028 ἢ
1571 960 1671 1029 τῆς
1709 957 1871 1012 κιθα-

300 1042 502 1113 ρῳδίας
554 1044 727 1114 αὐτῆς
779 1045 994 1099 ἀκούων
1022 1046 1155 1101 ἄλλο
1190 1065 1264 1111 τι,
1293 1047 1328 1119 ἢ
1357 1048 1449 1102 τὸν
1490 1050 1591 1121 τῆς
1637 1049 1871 1117 κιθάρας

294 1132 630 1204 δημιουργὸν
680 1136 778 1188 καὶ
818 1135 910 1189 τὸν
938 1135 1238 1208 κιθαρῳδὸν
1291 1138 1539 1210 ἐννοήσῃ,
1587 1139 1683 1193 καὶ
1732 1138 1872 1211 πρὸς

298 1225 462 1278 αὐτὸν
512 1226 903 1298 ἀναδραμεῖται
935 1230 1002 1298 τῇ
1033 1228 1264 1301 διανοίᾳ,
1312 1229 1421 1284 κάν
1471 1230 1682 1298 ἀγνοῶν
1731 1229 1870 1302 τύχῃ

296 1317 416 1378 ταῖς
436 1314 648 1384 ὄψεσιν.
685 1315 843 1369 Οὕτω
872 1318 967 1371 καὶ
992 1319 1123 1387 ἡμῖν
1147 1318 1210 1371 τὸ
1240 1319 1523 1390 ποιητικὸν
1550 1320 1730 1391 δῆλον,
1776 1321 1870 1374 καὶ

295 1407 359 1460 τὸ
381 1406 586 1471 κινοῦν,
615 1408 713 1462 καὶ
766 1408 971 1479 τηροῦν
1014 1410 1085 1464 τά
1131 1412 1502 1483 πεποιημένα,
1557 1411 1663 1489 κᾶν
1705 1411 1781 1484 μὴ
1800 1415 1868 1485 τῇ

297 1500 508 1572 διανοίᾳ
540 1502 1032 1573 περιλαμόἀνηται.

824 1768 910 1824 ις’.
947 1797 1019 1811 -—
1039 1768 1129 1835 Τῷ
1143 1768 1323 1836 αὐτῷ.

371 1860 518 1931 Τάχα
543 1861 609 1914 οὐ
642 1861 805 1931 μόνον
835 1862 944 1917 ἀπὸ
971 1861 1066 1916 τοῦ
1095 1863 1417 1933 νικήσαντος
1448 1861 1738 1936 ἀνθρώπου
1756 1863 1866 1933 ἀφ-

296 1950 544 2005 ίστανται
593 1953 734 2025 πρὸς
778 1953 970 2024 καιρὸν
999 1953 1366 2024 οιπειρασταὶ
1420 1954 1691 2026 δαίμονες,
1729 1953 1869 2009 ἀλλὰ

293 2041 389 2096 καὶ
417 2043 527 2095 ἀπὸ
553 2042 650 2096 τοῦ
691 2043 1040 2114 ἡττηθέντος,
1087 2043 1222 2097 διότι
1246 2040 1286 2097 δ’
1308 2043 1442 2108 Θεὸς
1468 2044 1867 2116 προνοούμενος

293 2134 387 2188 τοῦ
417 2134 549 2188 ἰδίου
593 2136 933 2207 πλάσματος,
982 2134 1197 2190 δίδωσιν
1224 2136 1448 2209 ἀνοχὴν,
1474 2138 1569 2192 καὶ
1598 2137 1866 2207 ἀνάψυξιν

299 2226 484 2295 ὀλίγην
517 2226 594 2298 τῷ
614 2228 975 2299 νενικημένῳ,
1009 2228 1098 2283 ἵνα
1135 2227 1338 2301 δυνηθῇ
1378 2229 1736 2295 ἀναπνεῦσαι,
1769 2230 1867 2286 καὶ

312 2320 557 2385 συλλέξαι
596 2319 691 2384 τὰς
728 2322 931 2385 οίκιίας
957 2320 1237 2392 δυνάμεις,
1280 2323 1379 2376 καὶ
1421 2324 1582 2379 πάλιν
1633 2326 1866 2397 ἀντᾶραι

305 2415 495 2485 χεῖρας
514 2413 652 2468 κατά
674 2414 779 2469 τῶν
795 2415 1124 2469 ἀντιπάλων.

823 2509 956 2561 KA'.
983 2532 1028 2548 -
1049 2507 1134 2575 Τῷ
1153 2506 1335 2574 αὐτῷ.

379 2620 399 2652 ι
440 2600 506 2653 Ἥ
536 2600 685 2671 ψυχὴ
728 2601 884 2672 ἡμῶν
940 2603 1204 2673 ὑπομενεῖ
1237 2600 1315 2672 τῷ
1352 2599 1563 2671 Κυρίῳ,
1612 2600 1697 2655 ὅτι
1740 2598 1867 2669 βοηο

289 2692 417 2756 θὸς,
477 2692 572 2744 καὶ
618 2692 1035 2764 ὑπερασπιστὴς
1071 2693 1231 2765 ἡμῶν
1253 2695 1391 2747 ἐστι.
1421 2711 1441 2745 ι
1502 2692 1863 2764 Παράκλησιν

286 2782 405 2853 ἔχει
430 2784 568 2853 πρὸς
607 2785 935 2854 ὑπομονὴνό
962 2786 1141 2854 λόγος,
1175 2785 1339 2847 ὥστε,
1372 2785 1475 2839 κάν
1510 2801 1640 2838 ποτε
1688 2800 1862 2837 κατα-

285 2872 598 2945 λειφθῶμεν
632 2876 741 2929 ὐπὸ
757 2894 905 2936 τινος
934 2878 1043 2931 τῶν
1071 2876 1445 2939 ὲκθλιὸόντων,
1478 2876 1553 2947 μὴ
1578 2875 1857 2947 χωρισθῆ-

283 2985 374 3021 ναι
396 2969 509 3021 ἀπὸ
538 2968 639 3039 τῆς
660 2969 882 3039 ἀγάπης
915 2968 1005 3022 τοῦ
1050 2969 1208 3034 Θεοῦ,
1237 2969 1337 3039 τῆς
1358 2970 1417 3022 ὲν
1436 2968 1656 3037 Χριστῷ
1687 2967 1864 3039 Ἰησοῦ

282 3059 363 3129 τῷ
384 3059 583 3130 Κυρίῳ
639 3063 672 3130 ἡ
682 3060 822 3130 μῶν,
849 3060 963 3113 ἀλλ’
990 3061 1086 3133 ὅλη
1135 3061 1279 3133 ψυχῇ
1333 3059 1627 3129 ὑπομένειν
1647 3058 1715 3113 τά
1745 3062 1865 3113 ἐπί-

282 3170 449 3212 πονα.
506 3152 606 3222 τὴν
635 3154 789 3223 παρά
832 3152 969 3206 Θεοῦ
1000 3153 1254 3223 βοήθειαν
1285 3153 1676 3222 ἀναμένοντας.

746 3245 876 3305 KB'.
902 3277 971 3289 -
1002 3246 1388 3316 ΜΑΡΚΙΛΝῼ.

364 3338 624 3402 Ἀνάξιος
660 3336 758 3401 ὢν,
786 3339 1078 3392 πίστευσον
1106 3338 1368 3406 σωθῆναιο
1406 3338 1730 3408 ἀναίσθητος
1767 3338 1863 3405 ὢν,

284 3430 360 3499 μὴ
380 3430 771 3501 προσδοκήσῃς
786 3430 1045 3499 σωθῆναι.
1072 3427 1345 3493 Ἀναξίους
1360 3428 1863 3499 εὐτνωμονοῦντας,

280 3525 378 3578 καὶ
419 3525 523 3577 ἐπὶ
552 3523 701 3593 πάσῃ
733 3521 910 3588 θλίψει
953 3522 1412 3593 εὐχαριστοῦντας
1444 3523 1605 3590 ὲλεεῖ,
1634 3524 1729 3578 καὶ
1759 3526 1866 3578 σώ-

282 3616 365 3679 ζει
394 3617 426 3668 ὀ
475 3615 859 3687 φιλάνθρωπος
905 3614 1059 3681 Θεὸς,
1109 3615 1216 3670 κᾶν
1272 3616 1436 3687 μέχρι
1474 3615 1697 3687 βαθείας
1749 3616 1860 3670 τῶν

283 3709 473 3764 καλῶν
508 3709 789 3777 φθάσωσιν
836 3707 1219 3777 ἀπογνώσεως
1270 3710 1397 3773 τοὺς
1425 3709 1469 3762 δ’
1509 3708 1867 3779 ἀναισθήτους

280 3802 385 3855 οὐκ
417 3802 585 3856 ἑλεεί⁸
617 3801 711 3864 τίς
727 3800 785 3854 δέ
818 3802 964 3854 ἔστιν
991 3801 1020 3853 6
1040 3801 1385 3871 ἀναίσθητος,
1419 3804 1467 3855 εί
1507 3803 1583 3873 μὴ
1603 3805 1632 3855 ὁ
1657 3802 1734 3873 μὴ
1773 3802 1865 3855 θέο

283 3893 395 3949 λων
431 3892 771 3963 ὁμολογῆσαι
813 3892 1172 3963 εὐγνωμόνως
1215 3893 1384 3963 μυρία
1430 3892 1864 3963 εὐεργετεῖσθαι,

291 3988 385 4039 καὶ
436 3984 774 4055 ὠφελεῖσθαι
802 3983 894 4037 τὸν
942 3986 1145 4055 κόσμον
1202 3984 1292 4038 διὰ
1322 3986 1422 4056 τῆς
1459 3984 1552 4039 τοῦ
1588 3985 1864 4038 Δεσπότου

290 4078 531 4150 Χριστοῦ
562 4078 885 4149 ὁμολογίας;

859 4256 966 4310 Kl"
982 4295 998 4312 .
1026 4255 1110 4323 Τῷ
1138 4256 1321 4322 αὐτῷ.
1472 4314 1475 4317 .

368 4348 467 4412 Τὸ,
499 4366 519 4399 ι
550 4347 746 4400 Ἔθετο
775 4346 967 4411 σκότος
1011 4348 1336 4419 ἀποκρυφὴν
1375 4350 1567 4414 αὐτοῦ,
1611 4369 1632 4405 ι
1692 4354 1752 4407 ὲν
1789 4351 1867 4423 τῷ

2520 583 2664 638 XIX.
2686 614 2761 627 —
2785 583 2996 640 Eidem.

2048 676 2299 743 Quanam
2330 676 2546 732 ratione
2574 677 2891 731 universum
2917 677 3023 730 hoc
3044 684 3139 731 aut
3162 675 3431 741 substitit,
3457 685 3553 731 aut

1972 768 2273 825 conﬂatum
2302 779 2387 826 est
2405 808 2423 834 ,
2453 769 2499 825 si
2524 784 2635 825 non
2661 768 2922 823 omnibus
2946 767 3113 831 Deus,
3145 777 3205 822 ut
3230 767 3362 827 sint.
3392 768 3553 822 exhi-

1975 862 2209 928 buisset,
2271 870 2330 918 et
2393 861 2743 932 postmodum
2823 862 3091 915 continuo
3151 861 3558 916 conservaret!

1973 953 2162 1024 Neque
2204 956 2348 1017 enim
2404 953 2675 1023 quispiam
2731 952 3003 1007 citharam
3050 955 3256 1022 optime
3302 953 3556 1006 substru-

1975 1055 2121 1101 etam
2152 1045 2522 1116 conspiciens,
2550 1054 2606 1101 et
2628 1046 2778 1101 illius
2800 1052 3125 1100 concentum
3149 1052 3199 1097 et
3224 1046 3557 1098 concinnum

1974 1137 2245 1205 ordinem,
2294 1146 2351 1194 et
2384 1138 2623 1192 musicas
2656 1145 2816 1191 notas
2858 1137 3085 1191 auribus
3126 1136 3186 1205 8
3244 1150 3558 1203 usurpans,

1975 1231 2143 1284 alium
2190 1230 2498 1300 quempiam
2524 1266 2542 1292 ,
2585 1243 2750 1297 quam
2792 1227 3021 1282 cithara:
3064 1229 3337 1296 opillcem,
3369 1233 3424 1280 et
3476 1226 3561 1280 ci-

1974 1322 2260 1377 tharist
2292 1321 2470 1390 ipsum
2506 1319 2614 1374 sibi
2654 1320 3087 1390 repraesentabit,
3119 1328 3176 1372 et
3224 1317 3559 1388 cogitatione

1975 1412 2041 1466 ad
2094 1427 2241 1476 eum,
2297 1411 2426 1466 licet
2467 1410 2644 1466 oculis
2684 1409 2944 1475 invisum,
2995 1408 3239 1463 accedet.
3281 1407 3398 1461 Non
3450 1406 3560 1461 alia

1974 1504 2188 1558 ratione
2229 1502 2393 1559 nobis
2434 1501 2696 1567 creatrix,
2729 1514 2976 1565 movens,
3000 1507 3056 1554 et
3084 1514 3265 1552 rerum
3296 1497 3555 1552 condita-

1974 1609 2097 1649 rum
2128 1594 2503 1661 conservatrix
2531 1607 2698 1648 causa
2730 1590 3048 1655 innotescit,
3096 1590 3225 1645 licet
3250 1604 3369 1644 eam
3397 1587 3559 1644 intel-

1976 1688 2195 1758 ligentia
2221 1701 2332 1741 non
2363 1684 2915 1756 comprehendamus.

2531 1778 2652 1833 XX.
2686 1807 2757 1819 —-
2790 1777 3000 1831 Eidem.

2049 1873 2211 1929 Forte
2241 1887 2352 1927 non
2387 1879 2601 1926 tantum
2637 1870 2708 1925 ab
2751 1870 2996 1927 homine.
3043 1868 3135 1937 qui
3172 1882 3272 1937 pro
3314 1873 3558 1934 tempore

1972 1966 2266 2021 victoriam
2293 1973 2629 2020 consecutus
2654 1971 2741 2018 est
2762 2002 2778 2027 ,
2815 1962 3095 2016 daemones
3129 1965 3406 2013 tentantes
3431 1971 3558 2025 pro-

1971 2059 2288 2129 ripiuntur,
2350 2056 2448 2112 sed
2501 2057 2667 2109 etiam
2713 2069 2745 2107 a
2800 2055 2944 2108 victo
2991 2058 3048 2105 et
3101 2050 3354 2105 subacto.
3410 2045 3558 2102 Deus

1972 2151 2145 2218 enim,
2175 2150 2261 2204 sui
2300 2148 2487 2220 operis
2515 2162 2704 2203 curam
2735 2160 2955 2216 gerens,
2983 2141 3236 2198 concedit
3281 2140 3557 2202 inducias.
3624 2170 3627 2171 ν

1971 2243 2357 2313 modicumque
2388 2242 2531 2295 victo
2558 2238 3086 2308 interspirationem,
3118 2243 3197 2296 ut,
3225 2233 3427 2287 animis
3456 2247 3549 2287 re-

1972 2337 2232 2408 sumptis,
2269 2344 2324 2391 et
2374 2333 2616 2405 propriis
2663 2330 2878 2385 viribus
2927 2328 3237 2385 recollectis
3288 2326 3555 2381 adversus

1973 2432 2163 2487 hostes
2192 2442 2431 2501 pugnam
2470 2440 2737 2481 renovare
2773 2423 2968 2493 possit.

2520 2518 2663 2575 XXI.
2693 2548 2764 2560 —-
2794 2515 3001 2571 Eidem.

2046 2634 2069 2670 ι
2111 2615 2307 2671 Anima
2366 2622 2555 2670 nostra
2618 2610 2961 2681 exspectabit
3018 2606 3345 2665 Dominum.
3410 2617 3554 2671 quo-
3606 2660 3610 2665 ,

1970 2710 2117 2765 niam
2160 2709 2380 2779 adiutor
2403 2715 2458 2761 et
2484 2713 2758 2776 protector
2797 2710 2986 2757 noster
3013 2709 3098 2755 est
3125 2698 3188 2749 ι’.
3226 2714 3247 2753 ι
3294 2693 3555 2750 Hortatur

1971 2817 2075 2858 nos
2103 2800 2172 2856 ad
2200 2798 2551 2855 tolerantiam
2586 2809 2803 2858 sermo,
2836 2794 2910 2846 ita
2962 2799 3042 2855 ut,
3095 2789 3141 2843 si
3204 2784 3430 2856 quando
3483 2783 3554 2836 ab

1972 2893 2158 2963 aliquo
2212 2907 2281 2947 ex
2328 2887 2702 2960 afﬂigentibus
2749 2899 2852 2939 nos
2900 2877 3289 2943 destituamur,
3355 2891 3426 2930 ne
3472 2874 3550 2929 ab

1972 2999 2165 3040 amore
2192 2982 2307 3048 Dei,
2340 2982 2436 3051 qui
2461 2987 2548 3036 est
2570 2980 2626 3033 in
2657 2977 2880 3031 Christo
2904 2972 3033 3028 Jesu
3069 2971 3300 3025 Domino
3334 2976 3549 3027 nostro.

1972 3086 2325 3144 separemur;
2355 3068 2454 3125 sed
2496 3075 2611 3121 toto
2638 3065 2811 3119 corde
2844 3061 3118 3117 laboriosa
3172 3056 3504 3113 suﬂ‘eramus
3528 3092 3546 3117 ,

1913 3126 1937 3185 Σ
1967 3165 2213 3221 divinum
2246 3160 2511 3217 auxilium
2542 3163 2947 3228 exspectantes.

2406 3246 2571 3303 XXII.
2597 3275 2668 3286 ——
2694 3237 3074 3298 MARCIANO.

2036 3344 2294 3414 Indignus
2320 3342 2417 3398 es?
2468 3339 2632 3395 crede
2669 3346 2726 3393 te
2756 3345 3033 3391 servatum
3064 3332 3153 3417 iri:
3187 3326 3349 3381 Nullo
3378 3339 3545 3380 sensu

1965 3434 2070 3490 es?
2106 3448 2255 3503 spem
2305 3445 2522 3485 onmem
2555 3427 2752 3483 salutis
2784 3425 2979 3492 abjice.
3008 3421 3288 3492 Indignos,
3319 3419 3365 3471 si
3397 3424 3546 3471 recta

1967 3537 2147 3584 mente
2173 3529 2301 3590 sint,
2326 3534 2381 3581 et
2413 3527 2469 3580 in
2505 3516 2663 3579 omni
2690 3519 2991 3576 afﬂictione
3033 3516 3242 3587 gratias
3292 3510 3544 3573 reddant,

1967 3621 2285 3682 miseretur,
2318 3632 2526 3688 eosque
2559 3623 2744 3671 servat
2791 3612 3165 3683 perhumauus
3192 3606 3373 3670 Deus,
3417 3603 3547 3658 licet

1969 3713 2118 3767 nulla
2147 3727 2330 3767 rerum
2376 3709 2788 3780 exspectatione
2839 3705 3126 3760 meliorum
3178 3705 3538 3767 occupentur.

1965 3804 2024 3875 9
2073 3805 2276 3859 Eorum
2332 3817 2465 3857 vero
2512 3800 2607 3870 qui
2642 3800 2848 3867 absque
2877 3810 3044 3851 sensu
3072 3801 3201 3847 sunt
3229 3789 3545 3842 miseretur.

1968 3896 2143 3961 Quem
2187 3903 2372 3949 autem
2405 3905 2603 3947 sensus
2642 3886 2902 3956 sutl‘ugit?
2948 3898 3072 3939 eum
3123 3880 3388 3941 omnino,
3448 3875 3546 3945 qui

1966 3996 2156 4057 gratus
2199 3999 2263 4038 ac
2288 3996 2497 4038 memor
2530 3981 2945 4033 innumerorum
2990 3971 3383 4028 beneﬁciorum
3434 3981 3545 4020 non

1965 4086 2072 4143 est,
2123 4090 2226 4131 nec
2262 4073 2574 4129 ‘conlitetur
2635 4083 2851 4124 summa
2916 4064 3207 4121 commoda
3274 4058 3545 4141 mundum

1967 4170 2250 4241 accepisse
2279 4181 2379 4238 per
2403 4163 2608 4220 Christi
2640 4160 2854 4214 Domini
2888 4154 3329 4214 concessionem.

2483 4254 2676 4310 XXIII.
2702 4284 2774 4293 ——
2806 4250 3016 4306 Eidem.

2042 4371 2063 4406 ι
2109 4351 2302 4408 Posuit
2328 4348 2587 4406 tenebras
2612 4346 2905 4401 latibulum
2942 4357 3103 4399 suum
3137 4340 3204 4405 ",
3248 4358 3267 4391 ι
3315 4335 3462 4409 quod
3488 4334 3545 4390 in

289 4440 742 4510 ἑπτακαιδεκάτῳ
791 4439 993 4511 ψαλμῷ
1045 4442 1337 4512 είρημὲνον
1360 4482 1375 4506 ,
1416 4443 1478 4497 τὸ
1520 4443 1865 4516 δυσκατάλη-

1976 4447 2184 4504 decimo
2207 4445 2445 4517 septimo
2469 4443 2683 4513 psalmo
2718 4440 2939 4511 legitur,
2989 4438 3220 4508 abyssos
3264 4432 3361 4487 Dei
3394 4428 3546 4525 judi-

286 4550 445 4597 πτον,
480 4533 577 4586 καὶ
604 4531 835 4598 ἀσαφὲς,
873 4533 966 4585 καὶ
1000 4532 1416 4605 ἀνεξερεύνητον
1462 4535 1572 4590 τῶν
1615 4536 1865 4591 ἀϐύσσων

1976 4546 2184 4599 ciorum
2243 4537 2558 4595 reconditas
2591 4549 2769 4603 neque
2801 4527 3197 4601 comprehendi
3242 4537 3422 4593 neque
3455 4522 3545 4576 in-

286 4623 532 4678 τοῦΘεοῦ
557 4623 843 4694 χριμάτων
879 4624 1229 4695 ὐπεμφαίνει.

813 4716 938 4769 KA’.
972 4746 1046 4757 —
1073 4715 1157 4779 Τῷ
1175 4715 1361 4781 αὐτῷ.

371 4803 696 4873 Ἡρὼτησάς
755 4821 823 4874 με
851 4843 867 4867 ,
902 4803 1048 4857 διατί
1107 4804 1323 4875 πρῶτον
1368 4803 1473 4871 ἔξω
1519 4805 1619 4869 τὰς
1678 4810 1866 4879 χεῖρας

283 4898 626 4965 νιπτόμενοι,
677 4894 848 4959 οὕτως
894 4897 1267 4969 ,εἰσερχόμεθα
1336 4899 1416 4961 είς
1462 4891 1612 4952 οἷκον
1658 4900 1864 4971 Κυρίου

284 4988 721 5059 προσεύξασθαι.
762 4988 877 5059 Πρὸ
926 4988 1021 5041 τοῦ
1077 4989 1337 5062 αίσθητοῦ
1381 4990 1442 5043 τὸ
1488 4990 1674 5061 νοητὸν
1720 4991 1866 5045 διδά-

284 5097 450 5133 σκου.
470 5080 682 5151 Ὥσπερ
710 5079 817 5151 γάρ
842 5081 921 5150 τῷ
940 5080 1091 5135 ὐδατι
1123 5080 1336 5135 άποπλύ
1347 5098 1427 5136 νει
1450 5084 1578 5147 τοὺς
1628 5100 1866 5152 σωματι-

282 5173 423 5235 assii;
451 5170 674 5241 ῥύπους.
711 5171 855 5225 οὕτω
878 5172 967 5226 διὰ
988 5175 1087 5244 τῆς
1106 5174 1275 5244 εὐχῆς
1299 5175 1397 5246 τὴν
1421 5174 1600 5248 ψυχὴν
1652 5178 1866 5250 ἐκλαμ-

282 5264 512 5337 πρύνει.
567 5264 755 5328 Οὐδεὶς
817 5264 926 5336 γὰρ
992 5266 1275 5338 ἄνθρωπος
1338 5267 1578 5340 καθαρὸς
1632 5271 1868 5342 ὑπάρχει

283 5355 700 5427 πλημμελείας,
744 5356 845 5409 κᾶν
883 5358 1087 5428 Μωῦσῇ
1135 5358 1327 5429 ἐκείνῳ
1352 5360 1427 5430 τῷ
1452 5362 1671 5432 μεγάλῳ
1715 5380 1868 5433 νομο-

285 5449 429 5519 θέτῃ
450 5447 721 5519 άμιλληθῇ
742 5466 827 5511 τις
844 5448 922 5518 τῷ
942 5448 1063 5519 βίῳ.
1095 5451 1298 5513 Πάντες
1321 5446 1415 5504 οὖν
1442 5451 1718 5522 ἅνθρωποι
1744 5454 1865 5511 καθ’

286 5540 536 5610 ἑκάστην
570 5540 844 5611 χρῄζομεν
870 5542 980 5594 τῶν
1014 5541 1079 5594 δι’
1112 5543 1277 5613 εὐχῆς
1306 5543 1619 5615 καθαρσίων
1642 5562 1659 5580 ο
1694 5548 1728 5617 ή
1758 5546 1865 5620 γὰρ

374 5717 576 5774 “Psal.
620 5736 790 5785 xxxu,
831 5720 918 5775 20.
996 5722 1039 5753 "
1076 5721 1217 5781 Psal.
1249 5737 1380 5794 xvn,
1416 5725 1500 5781 I2.

1971 4632 2228 4705 vestigari
2256 4645 2424 4702 posse
2445 4626 2735 4698 signiﬁcat.

2487 4714 2679 4770 XXIV.
2710 4744 2780 4756 —
2808 4711 3019 4768 Eidem.

2040 4810 2254 4867 Petiisti
2285 4824 2318 4864 a
2359 4824 2484 4871 me,
2533 4819 2832 4878 quamnam
2865 4803 2937 4857 ob
2990 4790 3215 4856 causam
3247 4796 3397 4850 foras
3429 4807 3547 4847 ma-

1969 4919 2078 4960 nus
2105 4903 2384 4959 abluimus
2403 4940 2419 4963 .
2449 4898 2799 4969 postmodum
2849 4896 2903 4951 in
2932 4894 3154 4950 domum
3185 4889 3280 4943 Dei
3304 4887 3544 4941 adoran-

1969 4997 2102 5053 dum
2141 4995 2463 5049 introimus.
2500 4991 2706 5048 Discito
2734 5006 2834 5060 per
2868 4988 2920 5043 id
2956 4983 3101 5057 quod
3144 4995 3311 5038 sensu
3367 4976 3546 5049 perci-

1970 5091 2139 5160 pitur.
2172 5089 2227 5142 id
2256 5087 2404 5157 quod
2428 5088 2483 5140 in
2514 5085 2854 5141 intellectum
2880 5079 3028 5135 cadit
3057 5075 3311 5131 indicari.
3348 5072 3548 5138 Quem-

1971 5180 2263 5236 admodum
2318 5179 2466 5234 enim
2520 5194 2664 5245 aqua
2691 5188 2971 5245 corporeae
3013 5170 3205 5245 sordes
3231 5179 3548 5238 expurgan-

1974 5281 2087 5334 tur,
2118 5272 2190 5325 ita
2222 5285 2319 5341 per
2340 5271 2646 5325 orationem
2666 5268 2885 5321 animus
2909 5240 3246 5334 splendidior
3274 5259 3541 5314 redditur.

1972 5362 2146 5419 Nemo
2193 5362 2339 5418 enim
2396 5362 2679 5417 hominum
2734 5373 2906 5429 purus
2949 5366 3036 5413 est
3084 5370 3116 5410 a
3178 5369 3361 5417 noxa,
3415 5352 3548 5406 licet

1972 5471 2232 5527 magnum
2258 5455 2408 5508 illum
2440 5454 2618 5523 legum
2647 5452 2874 5508 latorem
2907 5450 3143 5522 Moysem
3176 5450 3303 5526 vitae
3331 5445 3545 5500 ratione

1969 5550 2277 5604 aatituletur.
2306 5546 2511 5604 Omnes
2540 5547 2728 5618 itaque
2771 5544 3024 5601 homines
3069 5541 3267 5598 diebus
3305 5535 3543 5609 singulis
