4024 6218
458 273 522 336 91
1846 348 1862 358 η
1957 281 2019 340 s.
2061 280 2221 341 NlLl
3637 276 3708 341 92

457 390 733 452 oratione.
785 407 906 461 qua:
961 391 1111 444 labes
1155 391 1364 460 cvpiet,
1428 391 1739 463 indigemus

460 482 662 553 quippe
709 482 1235 550 superadvenientes
1299 482 1461 538 nobis
1520 485 1712 539 sordes
1759 485 2046 540 universas

462 577 695 645 (-xtergit
733 595 745 630 :
776 583 830 628 et
871 576 1116 645 primum
1148 576 1368 645 quidem
1402 577 1456 632 in
1479 579 1705 635 exordio
1731 577 1852 633 ﬁdei
1877 578 2046 634 semel

462 665 645 718 divino
664 664 989 733 baptismate
1004 666 1174 721 abluti
1192 682 1404 734 sumus;
1423 683 1597 740 neque
1620 668 1702 724 fas
1721 678 1804 725 est
1823 667 1948 723 ﬁdei
1982 682 2046 722 ac

463 763 621 808 recta:
655 754 906 823 religioni
949 756 1225 811 addictum
1246 773 1439 813 rursus
1462 740 1791 828 baptismum
1820 757 2046 828 ingemi-

459 845 1001 904 nare.Verumtamen
1022 865 1145 905 cum
1163 867 1398 922 seraper,
1419 867 1540 921 qua:
1561 855 1614 907 in
1639 853 1798 909 nobis
1813 867 1879 907 ex
1901 853 2047 906 incu-

462 941 542 994 ria
572 949 627 994 et
657 942 982 1012 negligentia
1032 945 1223 1000 sordes
1251 946 1633 1009 innascuntur,
1662 945 2039 1014 abstergendae

462 1033 574 1086 sint
609 1041 663 1088 et
695 1035 1027 1091 abradendte
1049 1077 1062 1097 .
1095 1047 1150 1092 et
1182 1037 1331 1093 foras
1359 1054 1544 1108 quam.
1566 1039 1894 1110 longissime
1921 1039 2040 1094 sin-

474 1121 621 1190 gulis
679 1124 795 1177 lere
829 1125 979 1181 horis
1021 1127 1396 1196 projiciendaa.
1427 1129 1530 1184 hoc
1560 1129 1868 1199 indigemus
1899 1131 2047 1183 lava-

476 1228 596 1278 cro,
635 1214 1008 1285 intelligibilia
1052 1234 1115 1273 ac
1145 1221 1431 1274 sensibilia
1473 1231 1678 1285 errata,
1736 1221 2048 1275 voluntaria

467 1314 635 1373 atque
676 1306 1050 1363 involantaria
1078 1327 1186 1365 una
1227 1313 1514 1368 nobiscum
1546 1313 1728 1367 animo
1761 1313 2049 1382 supervol-

462 1398 672 1452 vetites.
714 1399 818 1468 lo
847 1399 1116 1455 Existimo
1150 1403 1297 1456 enim
1333 1403 1453 1458 vice
1485 1415 1672 1459 nostra
1701 1403 1900 1458 Jobum
1953 1419 2043 1458 ex.

464 1488 680 1552 tulisse,
720 1508 737 1541 ι
783 1489 839 1542 Si
875 1491 1101 1546 abluero
1132 1507 1220 1547 me
1243 1493 1389 1556 nive,
1421 1501 1477 1547 et
1524 1508 1905 1564 expurgavero
1934 1508 2049 1547 ma-

466 1581 632 1636 nibus
700 1583 895 1652 puris,
943 1585 1080 1638 satis
1135 1584 1189 1638 in
1251 1585 1368 1640 luto
1440 1600 1525 1640 me
1574 1585 1851 1642 intinxisti
1902 1587 1968 1640 ’°.
2023 1603 2042 1637 ι

464 1673 934 1738 Quemadmodum
977 1674 1140 1744 igitur
1170 1683 1285 1729 toto
1320 1676 1444 1729 vitae
1494 1677 1772 1732 curriculo
1820 1677 2039 1732 edimus

466 1775 520 1820 et
572 1767 843 1829 bibimus,
889 1769 971 1822 sic
1015 1776 1072 1822 et
1106 1768 1312 1838 detergi
1354 1769 1698 1825 incessanter
1743 1770 2028 1835 debemus,
2071 1745 2113 1800 Β

465 1858 686 1927 quando
710 1859 825 1914 fieri
853 1875 960 1914 non
1003 1868 1208 1929 potest.
1262 1869 1324 1914 ut
1348 1860 1514 1918 homo
1548 1863 1751 1933 aliquis
1781 1863 2046 1918 continuo

469 1950 906 2019 irreprehensus,
931 1959 984 2005 et
1021 1952 1490 2010 incontaminatus
1529 1956 1867 2012 inveniatur.
1901 1955 2037 2010 Pro-

465 2051 649 2111 pterea
684 2042 842 2096 ﬁdem
867 2042 1063 2098 adhibe
1093 2043 1375 2114 Propheta
1400 2046 1625 2113 dicenti,
1659 2045 1918 2103 iuvabis
1940 2063 2046 2109 me.

467 2142 524 2186 et
553 2148 718 2201 super
754 2133 934 2188 nivem
964 2134 1262 2191 dealbabor
1285 2137 1331 2170 ’ί
1364 2155 1379 2202 ;
1423 2157 1441 2191 ι
1479 2147 1533 2193 et
1560 2139 1732 2194 Paulo
1761 2139 2047 2205 scribenti,

481 2244 500 2276 ε
541 2226 882 2280 Accedamus
912 2227 979 2280 ad
1031 2227 1198 2283 Deum
1249 2246 1376 2285 cum
1409 2247 1539 2286 vero
1579 2232 1784 2297 corde,
1836 2235 2049 2304 aspersi

467 2324 652 2372 mente
679 2332 708 2370 a
744 2320 1080 2374 conscientia
1113 2336 1272 2389 prava
1313 2324 1355 2352 "
1400 2341 1418 2372 ι
1456 2333 1564 2377 etc.

680 2407 847 2464 XXV.
889 2443 957 2452 —
986 2411 1301 2468 ABRAMIO
1344 2411 1821 2468 PBESBYTEHO.

534 2499 811 2566 Quosdam
847 2502 1096 2559 homines
1126 2504 1190 2558 ad
1231 2505 1397 2560 breve
1431 2515 1648 2574 tempus
1678 2505 1920 2576 aggredi,
1957 2505 2046 2559 in-

464 2592 644 2662 deque
669 2594 894 2662 jamjam
928 2594 1182 2663 volitare,
1214 2597 1556 2656 daunonibus
1581 2597 1911 2667 permissum
1927 2605 2044 2662 est;

1796 412 1809 447 :
1862 394 2038 448 oratio
2069 395 2116 453 Α
2143 391 2276 464 εύχὴ
2310 394 2492 448 πᾶσαν
2523 393 2624 465 τὴν
2655 392 3041 464 ἑπιγινομένην
3069 394 3202 464 ἡμῖν
3246 389 3586 462 ἀκαθαρσίαν
3615 392 3706 444 ἑκ-

2147 483 2354 538 πλύνει.
2385 485 2541 540 Κατά
2569 485 2671 556 μὲν
2702 486 2813 555 γὰρ
2835 486 2896 539 τὺ
2919 487 3089 539 δεῖνον
3139 485 3422 556 βάπτισμα
3473 484 3620 551 ἃπαξ
3649 487 3709 540 ἑν

2147 576 2287 646 ἀ¹ρχῇ
2317 575 2416 642 τῆς
2443 576 2678 640 πίστεως
2699 575 3060 646 ἑλουσάμεθα,
3093 575 3188 630 καὶ
3211 577 3311 629 οὑκ
3345 557 3578 648 ἐγχωρεῖ
3620 577 3713 630 τὸν

2147 667 2337 721 πιστὸν
2372 669 2468 722 καὶ
2496 667 2772 738 ὀρθόδοξον
2809 668 3063 739 δεύτερον
3112 667 3474 738 βαπτισθῆναι
3504 685 3517 698 ·
3574 670 3720 723 κατά

2146 761 2203 814 δὲ
2235 759 2295 812 τὸ
2324 759 2413 812 ἀεὶ
2429 760 2652 831 χρῄζειν
2669 762 2818 832 ἡμᾶς
2847 761 3188 830 ἀποσμήχειν
3215 761 3314 822 τὰς
3342 760 3720 832 πλαττομένας

2148 854 2280 923 ἡμῖν
2326 852 2550 922 κηλῖδας
2575 853 2640 906 ἑκ
2675 855 2777 923 τῆς
2811 853 3144 923 άπροσεξίας
3172 854 3266 904 καὶ
3297 852 3576 921 ἀμελείας,
3621 854 3722 907 καὶ

2147 944 2436 1012 ἁποξέειν,
2472 945 2568 998 καὶ
2611 945 2821 1016 ῥίπτειν
2871 945 2974 1009 ἔξω
3026 943 3243 1015 μακρὰν
3285 944 3377 1013 ἀφ’
3425 942 3583 1014 ἡμῶν
3630 944 3718 1012 ἐφ’

2148 1035 2382 1104 ἑκάστης
2405 1033 2589 1104 σχεδὸν
2625 1033 2798 1104 ὥρας,
2835 1033 3024 1087 τούτου
3052 1033 3426 1103 προσδεόμεθα
3453 1032 3549 1086 τοῦ
3591 1033 3720 1086 λου-

2146 1125 2302 1198 τροῦ,
2345 1127 2558 1196 νοητοῖς
2606 1127 2700 1180 καὶ
2761 1124 3037 1196 αίσθητοῖς
3083 1125 3420 1195 πταίσμασιν
3450 1141 3718 1196 προσομι-

2147 1219 2384 1282 λοῦντες,
2438 1217 2706 1282 ἑκουσίοις
2763 1217 2859 1271 καὶ
2912 1218 3204 1280 ἀκουσίοις.
3244 1213 3412 1288 Οἶμαι
3443 1218 3554 1288 γάρ
3595 1217 3716 1270 ἀνθ’

2148 1311 2305 1383 ἡμῶν
2353 1310 2635 1382 εἰρηκέναι
2679 1310 2770 1364 τὸν
2819 1308 2958 1370 Ἰὼϐ,
2984 1309 3067 1362 ὃτι
3099 1327 3117 1361 ι
3160 1309 3286 1362 Ἐὰν
3328 1307 3721 1379 ἀπολούσωμαι

2148 1405 2308 1475 χιόνι,
2336 1405 2431 1458 καὶ
2453 1403 2894 1474 άποκαθάρωμαι
2925 1406 3083 1475 χερσὶ
3115 1402 3403 1472 καθαραῖς,
3441 1400 3638 1465 ἱκανῶς
3657 1402 3720 1454 ἑν

2155 1494 2312 1566 ῥύπῳ
2344 1512 2409 1565 με
2438 1495 2662 1564 ἔδαψας.
2689 1513 2708 1544 ι
2742 1495 2956 1566 Ὠσπερ
2988 1493 3166 1547 τοίνυν
3198 1493 3287 1547 διὰ
3317 1495 3498 1564 πάσης
3538 1493 3718 1546 ἑσθίο-

2151 1603 2251 1658 μεν
2288 1587 2384 1656 τῆς
2430 1585 2597 1656 ζωῆς,
2640 1586 2738 1638 καὶ
2778 1585 3027 1655 πίνομεν,
3069 1583 3212 1637 οὑτω
3267 1583 3363 1638 καὶ
3393 1584 3454 1635 τὸ
3483 1582 3720 1652 διασμή-

2149 1677 2340 1748 χεσθαι
2391 1676 2753 1740 ἀδιαλείπτως
2795 1676 2947 1746 ἡμῖν,
2983 1677 3107 1728 ἐπεὶ
3143 1674 3217 1746 μὴ
3249 1674 3475 1728 δυνατὸν
3538 1673 3722 1742 ἄμεμ-

2149 1769 2281 1823 πτόν
2344 1786 2466 1823 τινα
2517 1768 2611 1821 καὶ
2657 1767 2956 1838 ἀμόλυντον
3017 1766 3079 1819 τὸ
3144 1765 3374 1820 καθόλου
3435 1764 3724 1836 ἄνθρωπον

2147 1861 2453 1933 εὑρεθῆναι.
2480 1861 2676 1934 Διόπερ
2725 1861 3016 1914 πίστευσον
3037 1859 3115 1930 τῷ
3148 1860 3409 1932 Προφήτῃ
3435 1857 3715 1929 κράζοντι’

2151 1975 2172 2008 ι
2201 1955 2426 2018 Πλυνεῖς
2452 1971 2541 2025 με,
2573 1955 2667 2008 καὶ
2707 1954 2847 2025 ὑπὲρ
2880 1953 3034 2024 χιόνα
3063 1950 3524 2022 λευκανθήσομαι,
3547 1968 3565 2001 ι
3618 1950 3722 2003 καὶ

2145 2047 2222 2118 τῷ
2249 2046 2449 2117 Παύλῳ
2479 2046 2741 2118 γράφοντι
2765 2063 2778 2077 ·
2825 2063 2842 2095 ι
2873 2043 3266 2115 Προσέλθωμεν
3310 2042 3387 2114 τῷ
3425 2042 3545 2113 Θεῷ
3580 2041 3724 2112 μετᾶ

2145 2139 2404 2211 ἀληθινῆς
2452 2139 2700 2210 καρδίας,
2744 2137 3154 2210 ὲρραντισμένοι
3195 2137 3298 2208 τὴν
3338 2136 3578 2191 διάνοιαν
3604 2133 3720 2189 am

2149 2232 2506 2303 συνειδήσεως
2534 2231 2794 2302 πονηρᾶς,
2830 2247 2849 2282 ι
2871 2229 2965 2283 καὶ
2987 2229 3056 2282 τὰ
3080 2228 3227 2300 ἑξῆς.

2409 2409 2598 2462 ΚΕ.-
2627 2407 2936 2480 ΑΒΡΑΜΙῼ
2966 2407 3438 2479 ΠΡΕΣΒΥΤΕΡῼ.

2215 2502 2338 2555 Τισὶ
2363 2501 2461 2572 μὲν
2490 2500 2598 2554 τῶν
2627 2499 2930 2572 ἀνθρώπων
2960 2500 3096 2572 πρὸς
3126 2500 3307 2570 ὀλίγον
3356 2500 3725 2572 προσϐάλλειν

2145 2595 2239 2649 καὶ
2263 2596 2455 2649 θᾶττον
2481 2594 2838 2664 ἀφίπτασθαι,
2863 2594 3255 2666 ἑπετράπησαν
3297 2595 3567 2666 δαίμονες·
3607 2595 3726 2647 τισὶ⁵

463 2685 612 2737 alios
642 2698 737 2752 per
772 2684 1005 2737 multum
1047 2694 1263 2756 tempus
1308 2702 1547 2752 vexare,
1599 2689 1666 2741 ab
1715 2691 2046 2758 agonotheta

2152 2686 2201 2738 δὲ
2231 2686 2324 2739 ἑπὶ
2356 2685 2490 2738 πολὺ
2530 2685 2764 2755 διοχλεῖν
2790 2685 2895 2738 ὑπὸ
2933 2684 3028 2738 τοῦ
3063 2686 3404 2752 ἀγωνοθέτου
3451 2686 3588 2739 Θεοῦ
3624 2685 3724 2739 τοῦ

473 2773 610 2838 Deo,
644 2784 835 2830 nostro
870 2785 1149 2841 curatore,
1181 2788 1236 2833 et
1267 2779 1456 2847 judice
1504 2779 1780 2843 similiter,
1809 2781 2047 2850 impera-

468 2873 584 2918 tum
634 2884 648 2920 :
697 2867 819 2922 aliis
870 2867 1035 2922 etiam
1081 2871 1149 2924 ad
1205 2879 1510 2926 extrernum
1567 2886 1740 2939 usque
1792 2871 2044 2940 spiritqu

468 2958 701 3022 adoriri,
733 2969 786 3014 et
816 2969 1048 3024 tentare,
1089 2971 1144 3016 et
1195 2971 1593 3017 tormentorum
1639 2965 1793 3020 vario
1850 2980 2049 3037 genere

469 3046 735 3118 afﬂigere,
770 3049 1183 3119 impudentilms
1207 3052 1547 3107 daemonibus
1581 3055 1926 3110 conceditur.

658 3139 850 3195 XXVI.
890 3161 958 3182 -λ-
991 3141 1346 3199 ΤΙΜΟἸῚΙΕΟ
1408 3143 1861 3204 ὃυΒυΙΑΟΟΝΟ.

544 3227 770 3284 Litteris
793 3230 902 3285 tuis
927 3246 957 3284 a
987 3247 1073 3287 me
1099 3233 1425 3297 sciscitaris,
1457 3234 1670 3290 discere
1691 3238 1937 3307 cupiens,
1960 3239 2048 3293 cui

470 3323 596 3377 usui
629 3329 714 3377 cst
739 3323 946 3377 homini
971 3325 1339 3395 pervigilium,
1381 3341 1509 3380 cum
1541 3329 1833 3399 plerosque
1861 3331 2051 3388 videas

470 3413 523 3468 in
549 3413 679 3467 illud
703 3430 1031 3485 propensos,
1060 3417 1266 3487 agitare
1293 3417 1530 3488 vigilias,
1561 3430 1615 3473 et
1663 3421 1885 3490 quidem
1936 3422 2050 3477 fru-

470 3515 587 3561 stra
609 3507 889 3562 insomnes
914 3508 1077 3564 horas
1107 3525 1265 3580 agere
1293 3512 1609 3576 existimas,
1643 3528 1767 3567 cum
1798 3530 2050 3569 somnum

472 3600 618 3656 Deus
644 3601 855 3655 Adamo
885 3601 1198 3666 immiserit,
1221 3612 1276 3656 et
1299 3603 1558 3659 omnibus
1582 3605 1760 3661 modis
1779 3605 2053 3662 dormien-

474 3694 604 3747 dum
639 3695 731 3748 sit.
760 3693 946 3764 Neque
986 3695 1132 3748 enim
1168 3696 1440 3750 bonorum
1471 3712 1715 3752 meorum
1740 3697 1882 3754 Deus
1912 3699 2054 3754 indi-

471 3794 560 3855 get
591 3785 658 3839 ”.
696 3785 856 3850 Quod
911 3785 1184 3856 principio
1228 3786 1282 3840 in
1330 3787 1540 3841 Adamo
1574 3789 1880 3843 secundum
1928 3805 2054 3845 sen-

472 3894 594 3932 sum
635 3880 817 3934 locum
856 3880 1076 3941 habuit,
1129 3879 1181 3933 id
1221 3895 1485 3935 arcanum
1539 3881 1911 3938 intellectuale
1949 3885 2047 3953 ιι

472 3970 751 4025 innuebat.
777 3971 1239 4042 Przesignilicabat
1262 3973 1408 4026 enim
1430 3973 1734 4030 secundum
1757 3976 2050 4044 Adamum,

474 4060 766 4117 Dominum
806 4080 1001 4134 nempe
1031 4075 1280 4119 nostrum
1305 4064 1491 4120 Jesum
1514 4065 1818 4133 Christum,
1840 4071 2052 4125 dormi-

474 4161 659 4207 turum
694 4155 999 4208 humanam
1052 4167 1285 4210 mortem
1331 4157 1385 4211 in
1437 4175 1632 4223 cruce,
1689 4169 1748 4214 ut
1783 4177 1849 4216 ex
1904 4163 2053 4218 illius

476 4257 832 4300 sacrosancto
879 4247 1047 4302 latere
1106 4248 1296 4303 lancea
1342 4250 1638 4319 adaperto,
1679 4263 1733 4307 ot
1785 4257 2053 4325 sanguine

477 4351 541 4390 ac
597 4353 738 4408 aqua
787 4338 1178 4403 efﬂuentibus,
1267 4342 1632 4397 aediﬁcaretur
1667 4345 2053 4404 intellectualis

2144 2776 2413 2846 ἡμετέρου
2433 2775 2749 2848 προνοητοῦ,
2777 2777 2869 2829 καὶ
2888 2776 3103 2847 κριτοῦ,
3130 2777 3333 2847 ὁμοίως
3351 2777 3721 2849 προσετάχθη·

2149 2868 2326 2936 ἑτεροι
2354 2867 2410 2919 δὲ
2441 2867 2713 2938 καὶμέχρι
2746 2866 3063 2930 τελευταίας
3089 2868 3362 2940 ἀναπνοῆς
3391 2886 3724 2941 προσπαρα-

2149 2959 2332 3029 6ῆναι,
2371 2958 2466 3012 καὶ
2505 2959 2812 3028 πειράζειν,
2840 2959 2935 3012 καὶ
2974 2959 3243 3013 ἑκθ).ἱ6ειν
3280 2960 3539 3015 ἑκάστοτε
3588 2978 3726 3031 συγο

2075 3094 2121 3152 c
2151 3051 2450 3125 χωροῦνται
2474 3051 2820 3121 ἀναίσχυντοι
2841 3053 3118 3125 δαίμονες.
3229 3073 3231 3082 ι

2468 3146 2612 3211 Kq'.
2639 3145 2942 3217 ΤΙΜΟΘΕῼ
2964 3147 3431 3218 ΥΠΟΔΙΑΚΟΝῼ.

2220 3237 2584 3310 Γεγράφηκάς
2638 3255 2729 3308 μοι
2786 3239 2980 3307 λέγων,
3019 3240 3101 3292 ὅτι
3150 3237 3342 3310 ἣθελον
3405 3239 3628 3310 μαθεῖν,
3669 3242 3723 3295 τί

2150 3330 2349 3400 ὠφελεῖ
2373 3333 2406 3401 ή
2446 3329 2723 3402 ἀγρυπνία
2765 3329 2856 3385 τὸν
2899 3330 3206 3401 ἄνθρωπον,
3229 3333 3312 3385 ὅτι
3359 3332 3587 3396 πολλοὺς
3623 3334 3729 3403 μὲν

2153 3424 2334 3494 βλέπω
2351 3423 2781 3496 γοργευομένους
2797 3424 2934 3495 πρὸς
2952 3425 3121 3494 αὑτήν
3146 3442 3160 3455 ·
3201 3427 3456 3498 περιττὸν
3477 3427 3534 3480 δὲ
3560 3426 3730 3496 ἡγοῦ-

2155 3535 2252 3587 μαι
2279 3515 2339 3570 τὸ
2375 3517 2692 3588 ἀγρυπνεῖν,
2720 3516 2906 3588 ἐπειδὴ
2920 3518 3013 3570 ’τὸν
3045 3516 3214 3572 ὕπνον
3240 3517 3320 3588 τῷ
3353 3518 3526 3588 Ἀδάμ
3549 3519 3730 3583 ὁΘεὸς

2154 3608 2438 3671 ἐπέϐαλεν,
2493 3608 2588 3662 καὶ
2645 3608 2751 3680 χρὴ
2801 3609 3019 3674 πάντως
3089 3611 3407 3682 κοιμᾶσθαι.
3450 3612 3573 3665 Τῶν
3616 3615 3732 3683 γάρ

2152 3699 2369 3768 ἀγαθῶν
2401 3717 2500 3770 μου
2536 3701 2725 3772 χρείαν
2745 3701 2844 3754 οὑκ
2868 3701 2980 3772 ἔχει
3000 3703 3029 3756 ό
3051 3703 3204 3767 Θεός.
3228 3704 3302 3757 Τὸ
3330 3704 3430 3774 μὲν
3452 3705 3530 3775 τῷ
3555 3706 3734 3776 ’Δδάμ

2153 3791 2272 3844 κατ’
2327 3792 2500 3862 ἀρχάς
2537 3791 2830 3864 γενόμενον
2859 3793 3155 3864 αἰσθητῶς,
3201 3797 3502 3868 μυστήριον
3530 3798 3729 3868 νοητὸν

2152 3884 2490 3955 ὑπῃνίττετο,
2525 3886 2765 3956 ἑσήμανε
2800 3887 2908 3959 γάρ
2933 3889 3025 3941 τὸν
3058 3889 3310 3960 δεύτερον
3325 3891 3514 3961 Ἀδάμ,
3548 3909 3726 3944 τουτ-

2153 3978 2300 4032 έστιν
2349 3979 2438 4030 τὸν
2493 3978 2692 4050 Κύριον
2740 3979 2897 4050 ἡμῶν
2925 3979 3131 4049 Ἰησοῦν
3168 3983 3402 4053 Χριστὸν
3437 4023 3452 4046 ,
3511 3985 3737 4054 μέλλειν

2153 4065 2351 4118 ὑπνοῦν
2380 4066 2470 4118 τὸν
2503 4065 2840 4136 ἀνθρώπινον
2866 4067 3094 4121 θάνατον
3118 4068 3177 4120 ἑν
3202 4067 3280 4139 τῷ
3309 4071 3549 4141 σταυρῷ,
3579 4073 3736 4136 ὅπως

2154 4161 2218 4212 ἑκ
2247 4160 2348 4229 τῆς
2383 4159 2544 4228 ἁγίας
2581 4159 2746 4213 αὑτοῦ
2790 4160 3032 4231 πλευρᾶς
3083 4160 3250 4233 λόγχῃ
3299 4163 3577 4234 νυγείσης,
3635 4165 3738 4219 καὶ

2156 4252 2425 4324 ῥευσάσης
2447 4244 2585 4323 αἷμα
2636 4252 2728 4306 καὶ
2759 4251 2903 4324 ὕδωρ
2925 4253 3307 4325 οἱκοδομηθῇἡ
3344 4257 3507 4326 νοητὴ
3540 4256 3735 4328 νύμφη

2154 4344 2340 4410 αὑτοῦ,
2377 4344 2716 4416 τουτέστινη
2756 4345 3020 4418 καθολικὴ
3055 4347 3370 4419 Ἐκκλησία.
3425 4347 3497 4401 Τὸ
3540 4349 3599 4402 δὲ
3641 4351 3733 4403 λέ-

473 4445 685 4500 sponsa
732 4430 900 4493 illius,
935 4432 1205 4487 catholica
1266 4434 1535 4490 Ecclesia.
1567 4437 1725 4503 Quod
1778 4453 1910 4492 vero
1941 4441 2050 4507 ais,

2157 4455 2274 4506 γειν
2304 4455 2385 4500 σε,
2425 4439 2507 4492 ὅτι
2539 4438 2646 4510 χρὴ
2678 4439 2996 4509 κοιμᾶσθαι,
3038 4438 3228 4511 ἐπειδὴ
3275 4441 3460 4512 ὥσπερ
3503 4442 3732 4512 νομοθε-

476 4522 866 4578 dormiendum
899 4539 1046 4590 esse,
1079 4526 1240 4595 quasi
1277 4526 1445 4580 veluti
1487 4528 1603 4598 lege
1634 4531 1906 4599 quadam,
1955 4533 2057 4588 tibi

475 4620 767 4690 segnitiem
813 4628 868 4674 et
927 4622 1238 4675 socordiam
1287 4620 1542 4679 sanciens
1609 4625 1753 4680 Deus
1801 4642 2055 4683 somnum

477 4709 797 4775 innuiserit,
829 4709 1070 4766 maxime
1103 4711 1404 4765 belluinum
1444 4713 1627 4780 fuerit,
1663 4731 1762 4770 nec
1794 4717 2056 4787 hominis,

475 4803 569 4874 qui
600 4803 922 4862 humanum.
964 4810 1021 4855 et
1051 4803 1284 4859 rationis
1319 4816 1630 4875 compotem
1674 4808 1918 4863 animum
1949 4811 2057 4866 sibi

475 4895 851 4950 concreditum
886 4895 1071 4951 habet.
1094 4897 1162 4951 At
1189 4895 1322 4966 quid
1351 4898 1446 4952 tibi
1476 4899 1616 4952 ultra
1644 4899 1900 4965 defuerit,
1931 4918 2056 4958 cum

476 4987 585 5054 iam
621 4987 942 5051 belluinum,
967 4997 1019 5042 ct
1041 4989 1267 5043 omnino
1301 4989 1770 5047 inconsideratum
1798 4997 2055 5066 proposi-

475 5091 594 5132 tum
617 5078 1012 5148 habeas,quam
1032 5082 1216 5136 ovium
1243 5082 1295 5136 in
1315 5083 1455 5137 lecto
1471 5083 1820 5140 decumbenti
1842 5089 2056 5143 balatus

479 5170 563 5224 vel
589 5170 750 5223 boum
786 5177 1049 5241 mugitus,
1070 5176 1152 5229 vel
1177 5175 1460 5230 asinorum
1490 5191 1640 5232 more
1664 5179 1894 5246 rudere;
1928 5195 2054 5235 cum

480 5261 574 5315 alii
607 5261 874 5324 homines,
911 5273 971 5318 ut
1019 5274 1076 5321 tu
1111 5267 1335 5331 dixisti,
1372 5268 1438 5322 ad
1497 5271 1829 5325 laudandum
1885 5272 2052 5327 Deum

487 5352 779 5422 vigilantes
807 5354 1051 5424 impense
1080 5358 1334 5413 feruntur
1357 5400 1372 5423 ,
1410 5368 1465 5415 et
1500 5365 1675 5417 somni
1706 5365 2052 5434 tyrannidem

479 5447 827 5514 reprimunt,
887 5457 1052 5519 atque
1103 5454 1436 5507 excutiunt?
1485 5453 1550 5508 Et
1596 5465 1909 5525 promptum
1955 5457 2054 5513 tibi

479 5539 680 5603 luerit,
713 5555 837 5594 cum
870 5540 1208 5598 intellectum
1248 5545 1457 5616 absque
1493 5547 1851 5619 intelligentia
1884 5549 2055 5620 possi-

2158 4529 2280 4581 σίαν
2327 4545 2408 4581 σοι
2464 4529 2602 4599 πρὸς
2656 4529 2906 4593 νωθείαν,
2957 4531 3050 4582 καὶ
3096 4529 3412 4600 χαύνωσινὸ
3448 4532 3583 4596 Θεὸς
3638 4535 3735 4587 τὸν

2156 4621 2323 4675 ὓπνον
2353 4623 2614 4677 ἑπέὖαλεν
2644 4624 2918 4694 κτηνῶδες
2940 4624 3057 4677 λίαν
3084 4624 3344 4695 ὑπάρχει,
3371 4625 3464 4679 καὶ
3485 4627 3588 4679 οὑκ
3639 4628 3737 4680 ἀν-

2156 4715 2453 4787 θρωπείαν,
2482 4715 2578 4768 καὶ
2619 4715 2842 4786 λογικὴν
2880 4717 3315 4789 πεπιστευμένου
3361 4717 3562 4789 ψυχήν.
3623 4721 3736 4773 Καὶ

2154 4807 2206 4862 τί
2235 4808 2419 4862 λοιπὸν
2453 4807 2516 4860 τὸ
2538 4807 2723 4860 λεῖπόν
2754 4825 2858 4870 σοι,
2881 4809 3148 4880 κτηνώδη,
3186 4811 3280 4863 καὶ
3306 4809 3593 4878 ἀλόγιστον
3632 4813 3736 4882 τὴν

2155 4899 2412 4971 πρόθεσιν
2438 4899 2634 4970 ἔχοντι,
2661 4902 2694 4972 ἢ
2722 4901 3021 4972 βληχᾶσθαι
3068 4903 3306 4974 κειμένῳ
3354 4903 3448 4955 ἐπὶ
3490 4903 3590 4974 τῆς
3620 4907 3738 4957 κοί-

2153 5010 2274 5063 της,
2305 4993 2339 5064 ἢ
2375 4992 2650 5064 μυκηθμῷ
2675 4995 3004 5065 κεχρῆσθαι,
3042 4996 3074 5066 ἣ
3108 4995 3396 5067 ὁγκηθμῷ,
3434 4996 3610 5049 ἀλλων
3639 4999 3737 5051 ἀν-

2155 5086 2409 5158 θρώπων,
2431 5085 2507 5149 ὡς
2535 5090 2600 5140 σὺ
2631 5087 2881 5158 εἴρηκας,
2930 5088 3067 5159 πρὸς
3116 5089 3391 5159 ὑμνῳδίαν
3419 5089 3555 5142 Θεοῦ
3588 5091 3737 5144 κατὰ

2152 5181 2251 5243 τάς
2274 5180 2580 5251 ἀγρυπνίας
2600 5183 3040 5252 γοργευομένων,
3076 5182 3171 5236 καὶ
3187 5181 3285 5252 τὴν
3308 5182 3598 5248 τυραννίδα
3635 5183 3737 5236 τοῦ

2159 5273 2326 5326 ὕπνου
2357 5272 2936 5327 καταδυναστευόντων
2961 5292 3043 5338 τε,
3066 5274 3163 5327 καὶ
3195 5274 3735 5345 ὑποτινασσομένων.

2161 5364 2364 5434 Καιρὸς
2393 5365 2500 5435 γάρ
2545 5382 2626 5418 σοι
2687 5366 2912 5436 ἀνόητον
2969 5367 3294 5437 κεκτημένῳ
3333 5367 3433 5438 τὴν
3479 5366 3740 5436 γνώμην,

2161 5457 2337 5510 πάντα
2357 5458 2447 5509 τὸν
2476 5457 2666 5528 χρόνον
2695 5459 2792 5528 τῆς
2812 5459 2957 5530 ζωῆς
2975 5461 3032 5512 ἑν
3061 5458 3300 5530 ὑπνηλίᾳ
3327 5458 3592 5529 δαπανᾷν,
3636 5460 3746 5514 καὶ

2165 5549 2360 5620 μηκέτι
2381 5548 2658 5603 καλεῖσθαι
2674 5549 2956 5622 ἄνθρωπον
2975 5549 3173 5618 ζῶντα,
3193 5550 3329 5604 ἀλλά
3348 5551 3742 5623 νεκροτάφιον,

561 5717 607 5747 ²⁰
640 5714 763 5770 Job.
798 5718 990 5786 “.50,
1066 5718 1106 5748 “
1153 5716 1293 5772 l’sal.
1341 5735 1390 5783 ι,
1421 5721 1470 5774 8.
1547 5722 1589 5753 ²²
1628 5720 1792 5778 ilcbr.
1830 5739 1882 5792 ι,
1941 5723 2029 5778 22.

2172 5720 2316 5780 Psal.
2362 5740 2450 5792 xv,
2481 5724 2536 5778 9..
