4024 6218
268 274 366 369 sa
1520 297 2058 363 EPISTOLARUM
2091 254 2239 364 LIB,
2279 304 2308 364 1
2506 300 2507 303 ‘
3476 302 3547 366 94

285 413 478 486 ψυχὴν
498 409 702 483 νεκρὰν
727 410 788 466 ὲν
812 409 893 481 τῷ
933 409 1098 474 ζῶντι
1134 408 1348 481 σώματι
1393 408 1756 480 πανολεθρίας
1780 408 1868 460 έν·-

1974 406 2124 473 deas,
2158 407 2288 463 vitae
2316 407 2554 479 spatium
2585 408 2902 466 universum
2935 409 2989 464 in
3011 408 3379 466 somnolentia
3405 424 3543 464 con—

288 508 565 580 θάψαντα,
600 506 695 560 καὶ
718 509 915 576 μηκέτι
952 505 1168 575 βλέπειν
1196 504 1259 558 τὸ
1278 503 1395 575 φῶς
1418 504 1526 559 τῶν
1542 502 1871 576 ἀνθρώπων,

270 602 435 655 κάλλά
484 599 639 668 δίκην
686 596 1040 670 ὲκτρώματος
1092 596 1200 651 ἀπὸ
1250 595 1480 660 σκότους
1540 597 1621 659 εἰς
1681 595 1874 658 σκότος

289 691 651 763 ⁸πορεύεσθαι·
694 691 789 744 καὶ
824 689 1043 760 ἀληθῶς
1085 690 1227 745 κατά
1255 691 1316 744 τὸ
1341 688 1751 762 γεγραμμένον,
1781 689 1876 743 ἀν-

293 789 516 857 θρωπος
540 782 905 854 τετιμημένος
921 784 988 853 τῇ
1005 781 1100 835 τοῦ
1120 781 1255 836 Θεοῦ
1274 782 1440 835 εἰκόνι
1460 798 1480 833 ι
1506 780 1581 834 Οὐ
1616 779 1871 850 συνῆκεν,

290 874 749 947 παρεσυνεϐλήθη
762 877 872 936 τοῖς
894 875 1116 943 κτήνεσι
1131 876 1243 937 τοῖς
1257 873 1527 944 ἀνοήτοις,
1549 872 1643 926 καὶ
1658 870 1876 943 ὡμοιώ-

291 970 366 1039 θη
396 970 604 1031 αὐτοῖς.
628 988 646 1019 ι
683 965 847 1032 Ἀλλ’,
872 967 920 1018 εί
955 964 1122 1040 βούλῃ
1153 966 1214 1019 τὸ
1247 965 1522 1035 ὠφέλιμον
1545 963 1748 1033 γνῶναι
1775 963 1876 1033 τῆς

292 1060 628 1132 ἀγρυπνίας,
658 1058 1212 1129 πολυπραγμόνησον,
1236 1058 1290 1110 τί
1320 1056 1506 1126 ἔλεγεν
1529 1058 1558 1110 ό
1579 1055 1700 1121 καθ’
1746 1055 1875 1109 ὲκά·

296 1168 434 1219 στην
462 1148 633 1201 νύκτα
678 1147 779 1219 τὴν
837 1147 1029 1218 κλίνην
1072 1145 1252 1218 ἄρδων
1275 1148 1389 1210 τοῖς
1435 1146 1666 1217 δάκρυσι
1693 1160 1706 1175 ’
1733 1146 1875 1216 Προ-

293 1243 508 1312 έφθασα
539 1245 597 1295 έν
632 1241 814 1312 ἀωρίᾳ⁵
859 1239 955 1294 καὶ
1019 1240 1295 1312 ἐκέκραξα
1336 1238 1867 1310 ἐξομολογούμενος,

294 1336 391 1387 καὶ
426 1332 613 1403 ὑμνῶν
652 1347 748 1385 σε’
800 1330 1154 1403 μεσονύκτιον
1210 1330 1589 1402 ὲξεγειρόμην,
1640 1332 1740 1402 οὐχ
1780 1330 1874 1401 ὑφ’

295 1428 493 1498 ἑτέρου
528 1426 875 1496 νυττόμενος,
907 1425 1004 1479 καὶ
1032 1425 1123 1498 βίᾳ
1158 1425 1451 1497 ἑλκόμενος
1476 1425 1613 1497 πρὸς
1652 1425 1875 1479 ἐκτινα-

295 1519 445 1589 γμὸν
465 1517 797 1582 ὕπνουνάλῖ
820 1517 985 1582 αὐτὸς
1011 1518 1245 1589 ἐμαυτὸν
1271 1518 1572 1590 προθύμως
1588 1516 1873 1580 διανιστὰς

297 1612 447 1683 πρὸς
492 1610 590 1682 τὴν
620 1610 934 1680 δοξολογίαν
986 1611 1081 1665 τοῦ
1127 1613 1431 1677 κτίσαντος.
1465 1612 1711 1685 Γλυκερά
1764 1612 1874 1683 γὰρ

1975 514 2198 556 sumere
2221 541 2237 568 ,
2268 514 2371 555 nec
2396 502 2538 555 ultra
2592 501 2872 557 hominem
2899 503 3197 568 viventem,
3225 502 3320 558 sed
3350 502 3573 558 defun-l

1960 599 2189 645 ‘ctorum
2239 591 2577 661 sepulturam
2626 592 2965 662 nuncupari,
2998 593 3235 646 animam
3273 602 3547 646 mortuam

1973 680 2030 736 in
2060 680 2279 737 vivente
2307 680 2626 751 perditionis
2654 696 2884 752 corpore
2930 685 3295 739 tumulantem
3327 700 3341 735 ι
3370 699 3549 752 neque

1972 772 2158 829 lumen
2189 773 2473 829 hominum
2506 775 2850 845 conspicere.
2882 776 2976 831 sed
3013 777 3241 832 abortus
3272 777 3449 831 instar
3480 793 3548 831 ex

1960 867 2221 923 tenebris
2264 867 2321 923 in
2368 868 2627 924 tenebras
2676 868 2907 939 gradum
2956 867 3140 923 facere
3171 888 3186 924 :
3218 876 3273 923 et
3305 885 3453 935 vere,
3487 880 3547 923 ut

1974 960 2245 1029 scriptum
2273 966 2379 1026 est,
2410 960 2574 1015 homo
2604 960 2841 1031 imagine
2869 959 2963 1016 Dei
2997 961 3319 1016 honestatus
3348 979 3368 1013 ι
3412 961 3533 1016 Non

1972 1052 2283 1116 intellexit,
2313 1052 2655 1109 assimilatus
2705 1061 2790 1108 est
2834 1052 3103 1123 jumentis
3132 1052 3545 1123 insipientibus,

1973 1151 2029 1198 et
2074 1143 2274 1200 similis
2318 1142 2499 1199 factus
2536 1149 2624 1199 est
2678 1142 2788 1199 illis
2815 1142 2883 1197 ".
2920 1162 2939 1196 ›
2968 1142 3453 1199 Verumenimvero
3500 1142 3549 1198 si

1976 1234 2243 1306 pervigilii
2277 1234 2492 1291 fructus
2516 1235 2801 1291 addiscere
2832 1236 3013 1306 cupis,
3045 1237 3263 1292 curiose
3296 1251 3551 1307 perscru-

1975 1335 2111 1394 tare,
2144 1327 2277 1399 quid
2314 1326 2546 1399 singulis
2584 1328 2843 1384 noctibus
2879 1329 3080 1383 lectum
3126 1329 3387 1395 lacrymis
3417 1328 3548 1383 irri-

1974 1434 2113 1490 gans
2165 1419 2443 1475 fatebatur
2472 1423 2559 1477 ²⁸ι
2589 1420 2899 1493 Anticipavi
2947 1421 3003 1476 in
3051 1422 3459 1492 intempestate,
3493 1430 3549 1475 et

1975 1512 2212 1568 clamavi
2247 1512 2540 1580 confitens,
2576 1524 2632 1568 et
2664 1513 2900 1568 laudans
2939 1521 3013 1568 te.
3051 1511 3226 1567 Media
3266 1520 3428 1567 nocte
3457 1508 3550 1566 as-

1974 1603 2292 1675 surgebam,
2321 1620 2433 1660 non
2461 1605 2530 1659 ab
2551 1603 2659 1659 alio
2685 1604 3096 1668 exstimulatus,
3127 1614 3180 1659 et
3199 1604 3251 1658 vi
3276 1609 3549 1659 attractus

300 1704 441 1774 αὕτη
482 1722 571 1775 μοι
604 1703 700 1757 τοῦ
725 1703 900 1758 ὕπνου
939 1702 1188 1778 [μᾶλλον]
1217 1705 1543 1775 λελόγισται,
1571 1706 1870 1777 ἐπειδήπερ

1977 1698 2043 1752 ad
2074 1696 2458 1754 excutiendum
2496 1712 2786 1762 somnum,
2834 1698 2930 1753 sed
2982 1697 3101 1768 ipse
3152 1696 3546 1766 memetipsum

296 1796 465 1867 πολλὴ
504 1800 536 1867 ἡ
585 1798 651 1851 ὲκ
684 1796 892 1869 ταύτης
946 1798 1214 1867 ὠφέλεια,
1256 1800 1351 1853 καὶ
1391 1798 1602 1853 πολλῶν
1650 1800 1869 1870 ἀγαθῶν

1981 1788 2085 1858 12
2101 1788 2354 1846 alacriter
2381 1789 2627 1846 excitans
2654 1790 2721 1845 ad
2749 1789 2996 1845 Factoris
3025 1789 3228 1861 glorias
3253 1788 3552 1844 decantan-

289 1890 529 1943 αἰωνίων
559 1888 823 1960 πρόξενος
844 1892 957 1953 τοῖς
980 1890 1320 1960 ἀγρυπνοῦσι
1345 1891 1688 1947 καθίσταται.
1716 1892 1876 1963 11ρῶ-

284 1999 380 2035 τον
406 1984 506 2051 μὲν
541 1982 653 2049 γὰρ
686 1981 756 2035 τὰ
783 1982 922 2035 κατά
954 1982 1052 2054 τὴν
1085 1983 1465 2054 προλαϐοὖσαν
1500 1984 1712 2057 ἡμέραν
1742 1986 1876 2056 ἡμῖν

287 2072 684 2143 συμϐεϐηκότα
744 2072 1067 2142 πταίσματα
1117 2073 1354 2145 ἔργοιςῆ
1381 2074 1560 2143 λόγοις
1623 2072 1701 2142 τῷ
1754 2074 1875 2145 Θεῷ

291 2164 753 2231 ὶκκαλύπτοντες,
794 2164 1163 2236 κουφιζόμεθα
1197 2167 1296 2237 τῆς
1340 2165 1634 2237 ἀχθηδόνος
1672 2165 1871 2231 αὐτῶν,

299 2253 377 2318 ὣς
401 2255 622 2325 φορτίου
653 2254 863 2328 βαρέως
892 2259 1005 2320 τοῖς
1054 2254 1226 2326 ὤμοις
1258 2259 1357 2328 τῆς
1383 2256 1562 2328 ψυχῆς
1601 2256 1877 2329 ἐπικειμέ-

308 2364 429 2411 νου,
456 2348 551 2401 καὶ
583 2348 663 2419 τῷ
684 2350 810 2418 πυρὶ
841 2349 944 2421 τῆς
972 2349 1281 2422 ἀγρυπνίας
1326 2349 1655 2422 τεφροῦμεν,
1683 2349 1874 2422 ὥσπερ

298 2439 553 2503 ἀκάνθας
596 2441 1019 2511 καταφλέξαντες
1062 2441 1157 2495 τοῦ
1201 2440 1448 2495 διαϐόλου
1485 2441 1576 2495 τὸν
1620 2442 1871 2498 πλοῦτον.

290 2532 533 2587 Πλουτεῖ
557 2534 665 2605 γάρ
702 2535 825 2589 καθ’
853 2534 1067 2607 ἡμέραν
1093 2536 1302 2597 ἐκεῖνος
1344 2536 1458 2598 τοῖς
1487 2534 1645 2606 ήμῶν
1689 2551 1873 2606 παρα-

284 2621 589 2697 πτώμασιη
621 2624 822 2697 Διόπερ
862 2624 1119 2696 δυσφορεῖ
1154 2623 1339 2677 λοιπὸν
1374 2625 1405 2678 ό
1461 2622 1741 2688 διάϐολος,
1779 2625 1875 2679 καὶ

282 2717 421 2771 καθ’
438 2716 594 2787 ἡμῶν
631 2715 920 2788 βρυχᾶται,
942 2717 1071 2771 ὅταν
1102 2716 1291 2787 βλέπει
1324 2717 1471 2789 ἡμᾶς
1493 2718 1560 2789 τῇ
1592 2716 1876 2789 ἀγρυπνία

281 2806 677 2880 σχολάζοντας,
708 2808 802 2861 καὶ
840 2807 1012 2881 ταύτῃ
1064 2807 1349 2875 ποθεινῶς,
1408 2808 1506 2864 καὶ
1554 2809 1865 2879 φιλοπόνως

282 2890 699 2971 προσέχοντας·
726 2900 809 2962 είς
861 2898 1108 2971 μεγάλην
1144 2899 1254 2971 γὰρ
1295 2899 1459 2954 αὑτὸν
1504 2899 1726 2971 ζημίαν,
1779 2901 1874 2954 καὶ

277 2991 503 3063 τύρϐην
517 2991 859 3063 ἐμϐάλλομεν
872 2990 951 3061 τῷ
974 2990 1094 3045 καθ’
1117 2992 1355 3063 ἑκάστην
1373 2991 1462 3045 διὰ
1485 2991 1596 3046 τῶν
1618 2993 1873 3064 ἁμαρτη-

1975 1880 2098 1936 das.
2128 1879 2221 1935 Eat
2243 1881 2391 1937 enim
2442 1880 2577 1937 mihi
2632 1897 2826 1938 somno
2879 1882 2997 1952 ipso
3038 1882 3320 1936 suaviores
3372 1888 3544 1945 sunt,

1974 1972 2421 2043 quandoquidem
2452 1973 2687 2030 afﬂuens
2734 1989 2800 2030 ex
2840 1974 2949 2029 illis
2982 1973 3279 2045 percipitur
3313 1973 3548 2037 utilitas,
3614 1958 3619 1963 ⁴

1973 2072 2029 2119 et
2060 2064 2353 2119 multorum
2382 2064 2673 2132 bonorum,
2719 2081 3020 2136 eorumque
3063 2066 3547 2135 sempiternorum,

1973 2153 2333 2223 vigilantibus
2358 2168 2527 2210 causa
2572 2163 2720 2211 sunt.
2752 2155 2999 2210 Primum
3028 2156 3229 2210 etenim
3261 2157 3353 2225 qui
3397 2165 3551 2211 ante-

1977 2254 2105 2304 acto
2131 2247 2222 2304 die
2246 2248 2433 2319 lapsus
2464 2249 2607 2303 inter
2626 2263 2941 2311 sermones,
2978 2256 3073 2302 aut
3107 2263 3272 2319 opera
3304 2248 3549 2319 contige-

1981 2347 2136 2406 runt,
2169 2339 2281 2396 Deo
2308 2341 2638 2412 aperientes,
2667 2341 2735 2394 ab
2779 2355 2968 2395 eorum
3018 2339 3259 2410 pondere
3294 2340 3551 2393 subleva-

1972 2445 2149 2498 mur,
2230 2431 2431 2501 quippe
2492 2431 2586 2502 qui
2640 2431 2805 2487 veluti
2878 2431 3061 2501 gravis
3117 2429 3335 2485 sarcina
3387 2432 3553 2499 super

1973 2523 2233 2579 humeros
2283 2524 2477 2579 animae
2519 2523 2884 2588 incumbunt,
2939 2532 2995 2577 et
3047 2522 3254 2592 vigiliae
3317 2521 3443 2591 igne
3492 2520 3551 2576 in

1974 2614 2189 2672 cineres
2209 2615 2598 2682 convertimus,
2622 2615 2700 2669 uti
2723 2614 2909 2686 spinas
2939 2614 3139 2669 diaboli
3172 2614 3389 2669 divitias
3423 2628 3552 2667 suc-

1973 2707 2287 2764 cendentes.
2304 2704 2397 2762 ille
2411 2708 2557 2762 enim
2577 2706 2819 2777 quotidie
2841 2705 3044 2761 nostris
3068 2704 3313 2775 lapsibus
3330 2705 3395 2757 ad
3414 2719 3548 2774 opes

1972 2797 2559 2871 emergit.Quapr0pter
2579 2797 2669 2851 ille
2696 2796 2856 2851 anxie
2872 2795 2993 2860 fert,
3018 2794 3326 2865 indoletque
3342 2793 3553 2849 fremit-

1971 2904 2079 2961 que
2109 2888 2372 2944 adversus
2406 2901 2528 2955 nos,
2556 2901 2681 2942 cum
2708 2899 2809 2940 nos
2855 2883 3003 2940 videt
3031 2883 3247 2953 vigilias
3278 2897 3456 2954 agere,
3487 2882 3554 2938 il-

1973 2982 2149 3051 lisque
2174 2987 2443 3051 prompte,
2470 2976 2922 3048 atqueindustrie
2953 2974 3194 3029 animum
3226 2976 3547 3030 advertere:

281 3086 487 3156 μάτων
505 3083 685 3155 ἡμῶν,
718 3084 1153 3156 προσγενομένου
1184 3084 1351 3139 αὐτοῦ
1380 3083 1652 3157 πορισμοῦ
1671 3085 1874 3157 γυμνδν

1980 3074 2035 3129 in
2075 3073 2311 3128 maxima
2336 3086 2573 3142 namque
2595 3070 2797 3125 damna
2834 3085 2982 3133 eum,
3017 3076 3073 3123 et
3124 3068 3320 3124 turbas
3372 3067 3552 3137 conji-

274 3174 743 3242 ἀτοοδεικνύντες,
784 3176 877 3229 καὶ
913 3175 1141 3247 ἔρημον.
1187 3175 1449 3248 Δεύτερον
1481 3176 1540 3231 δὲ
1572 3175 1733 3231 αὐτὸν
1782 3174 1879 3232 τὸν

286 3268 707 3337 πολυκέφαλον,
773 3270 869 3321 καὶ
912 3267 1273 3339 παμπόνηρον
1322 3268 1466 3341 θῆρα
1516 3267 1880 3338 ἑφαλλόμενον

272 3364 313 3434 ἠ
324 3363 437 3431 μῖν
467 3362 736 3432 ἀοράτως,
770 3363 865 3416 καὶ
886 3360 1162 3433 σπαράξαι
1186 3360 1575 3432 βουλόμενον,ἢ
1590 3360 1880 3414 καταπιεῖν

273 3454 472 3525 ἡμᾶς,
501 3454 538 3523 ἡ
562 3454 840 3523 ἄγρυπνος
870 3451 1082 3524 χαλινοῖ
1108 3454 1201 3506 καὶ
1232 3451 1556 3522 συμποδίζει
1590 3450 1748 3522 εὐχὴ,
1777 3453 1876 3505 καὶ

278 3546 485 3601 ἰκλύει
506 3545 576 3599 τὰ
607 3544 771 3617 νεῦρα
800 3545 903 3615 τῆς
959 3544 1225 3617 πονηρίας
1265 3542 1455 3608 αὑτοῦ,
1493 3544 1644 3614 ἡμᾶς
1672 3543 1730 3597 δὲ
1764 3542 1869 3613 τῆς

272 3639 557 3712 οὐρανίου
608 3637 920 3709 φιλοτιμίας
961 3638 1240 3707 ἐπιτυχεῖν
1273 3634 1542 3707 προξενεῖ,
1600 3635 1743 3707 ὑπὲρ
1776 3636 1878 3698 τὰς

275 3732 488 3802 πηγὰς
522 3734 655 3803 ἡμῖν
681 3729 1096 3801 ἀναϐλυζούσης
1124 3732 1226 3799 τῆς
1256 3730 1501 3800 χάριτος,
1534 3729 1628 3782 καὶ
1647 3727 1789 3798 ὑπὲρ
1816 3726 1878 3780 τὸ

277 3827 541 3893 πέλαγος
561 3825 828 3895 χεομένης
860 3826 943 3887 είς
970 3822 1246 3894 ἡμετέραν
1276 3821 1614 3893 εὐεργεσίαν.
1645 3821 1878 3873 Ἔπειτα

284 3918 353 3971 δὲ
378 3916 479 3969 καὶ
513 3918 675 3986 ἡμεῖς
699 3914 1049 3987 ὀκνηρότεροι
1070 3913 1164 3967 τοῦ
1196 3911 1387 3967 λοιποῦ
1412 3912 1542 3983 περὶ
1572 3910 1635 3964 τὸ
1663 3910 1877 3964 πταίειν

285 4008 582 4079 γινόμεθα,
614 4008 713 4079 τῆς
741 4007 1055 4079 ἀγρυπνίας
1105 4008 1239 4078 ἡμῖν
1277 4005 1575 4075 λογισμοὺς
1603 4002 1877 4073 φιλοθεῖας

286 4100 839 4171 ἰναπαλασσομένης,
864 4101 959 4154 καὶ
984 4100 1193 4171 κόσμου
1231 4099 1589 4170 ματαιότητος
1610 4098 1876 4169 ἀποστρο-

295 4194 420 4262 φὴν
464 4193 813 4266 ἐμποιούσης,
878 4192 976 4247 καὶ
996 4192 1306 4247 διωθεῖσθαι
1332 4192 1403 4247 τά
1438 4191 1747 4264 βλάπτοντα
1791 4191 1871 4245 δι-

298 4284 630 4355 δασκούσης.
647 4286 713 4338 Ἦ
738 4284 846 4357 γὰρ
868 4285 1010 4340 κατά
1024 4284 1155 4339 Θεὸν
1177 4284 1455 4357 ἀγρυπνία
1471 4285 1715 4355 ἐρήμους
1728 4283 1876 4355 ἡμᾶς

292 4376 524 4444 νύκτωρ
536 4376 947 4448 παραλαϐοῦσα,
966 4378 1061 4431 καὶ
1076 4378 1354 4448 ἀπεστερη
1362 4376 1668 4448 μένουςςτῆς
1681 4391 1743 4429 τε
1762 4373 1872 4428 τῶν

284 4470 471 4541 ὄχλων
547 4469 895 4540 συγχύσεως,
958 4469 1051 4523 καὶ
1092 4469 1193 4539 τῆς
1245 4467 1353 4523 τῶν
1406 4468 1871 4539 συναλλαγμάτων

288 4559 556 4628 σπουδῆς.
587 4560 683 4612 καὶ
710 4558 812 4629 τῆς
867 4557 976 4612 τῶν
1002 4557 1170 4628 φίλων
1190 4556 1500 4629 συντυχίας,
1549 4559 1739 4631 καιρὸν
1778 4559 1883 4633 εύέ

288 4649 495 4721 ροῦσα,
522 4648 596 4712 ὡς
626 4650 809 4720 μήτηρ
830 4648 1199 4721 φιλόστοργος,
1218 4648 1276 4702 ὲν
1301 4648 1723 4720 ἀπερικτυπήτῳ
1747 4650 1872 4714 τινὶ,

286 4741 392 4794 καὶ
422 4741 673 4812 ἡσυχίας,
709 4741 804 4794 καὶ
833 4741 1065 4812 νήψεως,
1100 4742 1194 4795 καὶ
1218 4730 1481 4813 γαλήνης,
1526 4742 1621 4795 καὶ
1668 4741 1874 4812 μεστῆς

282 4832 525 4902 εἰρήνης
550 4832 961 4912 μεμεστωμένῳ
984 4833 1192 4904 χωρίῳ,
1218 4833 1314 4887 καὶ
1338 4832 1703 4904 παραθήσασα
1725 4834 1873 4905 ἡμᾶς

280 4924 492 4993 ἑαυτῇ,
522 4922 801 4991 ἀνοίγνυσι
826 4923 953 4986 τοὺς
984 4923 1183 4994 ἑαυτῆς
1206 4924 1514 4994 θησαυροὺς
1536 4923 1636 4994 τῆς
1664 4924 1876 4992 σοφίας,

282 5016 390 5067 καὶ
414 5014 529 5066 τῶν
559 5013 770 5066 σεπτῶν
789 5018 1187 5085 παραινέσεων,
1216 5016 1310 5068 καὶ
1337 5014 1445 5068 τῶν
1482 5013 1640 5069 θείων
1668 5015 1873 5087 ἐλλάμ-

282 5106 473 5176 ψεων.
527 5104 639 5158 Καὶ
694 5103 998 5176 λεληθότως
1051 5105 1252 5176 πληροῖ
1285 5107 1410 5169 τοὺς
1453 5105 1690 5169 κόλπους
1724 5105 1881 5177 ἡμῶν

282 5200 399 5268 τῆς
419 5195 604 5266 ψυχῆς
628 5214 641 5228 ·
680 5196 783 5250 κᾶν
819 5196 920 5266 μὲν
949 5194 1127 5251 πάντα
1173 5197 1242 5251 τά
1269 5196 1492 5251 δοθέντα
1524 5198 1656 5269 ἡμῖν
1686 5197 1881 5267 νηφόν-

280 5304 409 5351 τως
433 5286 780 5359 φυλάξωμεν,
826 5288 1083 5359 μακάριοι
1117 5289 1300 5359 ἡμεῖς,
1326 5289 1418 5341 καὶ
1461 5289 1874 5360 τρισμακάριοι.

284 5377 417 5433 Καὶ
482 5380 742 5449 μυριάκις
796 5380 999 5433 οἴδασιν
1031 5382 1171 5449 ὅπερ
1204 5380 1367 5448 λέγω,
1416 5383 1464 5434 οί
1518 5380 1737 5450 μύσται,
1784 5381 1878 5434 καὶ

284 5470 564 5541 τρόφιμοι
595 5470 697 5541 τῆς
725 5471 898 5541 καλῆς
931 5473 1260 5541 ἀγρυπνίας.
1292 5473 1343 5525 οἱ
1374 5471 1471 5542 τὴν
1502 5472 1734 5544 κιθάραν
1778 5470 1874 5525 τοῦ

287 5561 473 5616 Δασὶδ
529 5562 607 5634 τῷ
653 5563 756 5634 τῆς
796 5562 1039 5636 γλώττης
1092 5563 1300 5617 ἑαυτῶν
1346 5563 1609 5636 πλήκτρῳ
1656 5562 1876 5635 κρούειν

391 5734 436 5767 ⁸⁸
463 5733 605 5795 Psal.
637 5753 901 5805 xxxxvm,
934 5736 1020 5793 l2.
1050 5738 1097 5771 ³⁵
1126 5734 1272 5794 l’sal.
1299 5752 1481 5803 um,
1522 5737 1576 5792 ι.

1980 3167 2180 3231 cimus,
2226 3179 2352 3219 cum
2391 3179 2514 3219 eum
2549 3162 2798 3234 quotidie
2846 3170 3165 3218 nostrorum
3217 3159 3550 3214 delictorum

1979 3254 2429 3320 substractione,
2485 3254 2691 3325 quibus
2770 3253 2889 3323 ipse
2947 3251 3263 3322 opulentior
3325 3248 3548 3315 evadit,

1977 3351 2186 3409 nudum
2286 3350 2675 3418 desertumque
2750 3345 3222 3403 demonstramus.
3312 3341 3552 3399 Posthac

1976 3442 2231 3500 eumdem
2276 3441 2645 3512 multicipem,
2681 3453 2747 3495 ac
2778 3436 3257 3509 perversissimam
3308 3435 3550 3491 belluam

1978 3533 2331 3591 invisibiliter
2368 3533 2425 3588 in
2470 3547 2574 3588 nos
2606 3530 3037 3601 irrumpentem,
3078 3536 3135 3585 et
3182 3526 3498 3597 discerpere
3530 3564 3550 3591 ,

1978 3637 2074 3682 aut
2118 3625 2391 3698 deglutire
2444 3623 2704 3680 ardenter
2755 3627 3121 3692 appetentem,
3179 3619 3312 3691 vigil
3369 3620 3552 3674 oratio

1977 3718 2178 3783 frenat,
2209 3727 2263 3773 et
2292 3714 2587 3786 compedit,
2619 3721 2674 3769 et
2704 3729 2908 3769 nervos
2933 3713 3151 3767 astutiae
3172 3709 3324 3765 illius
3352 3708 3553 3763 dissol-

1974 3812 2086 3878 vit;
2111 3824 2214 3865 nos
2246 3823 2376 3863 vero
2404 3805 2710 3862 caelestium
2739 3805 3009 3859 honorum
3042 3801 3337 3873 participes
3377 3797 3550 3863 facit,
3630 3834 3631 3839 η

1975 3906 2151 3977 gratia
2189 3903 2352 3959 nobis
2382 3900 2517 3971 ipsis
2541 3898 2792 3954 fontibus
2826 3896 3051 3951 uberius
3080 3892 3447 3956 scaturiente,
3492 3902 3550 3947 et

1976 3996 2115 4051 mari
2137 3997 2260 4066 ipso
2291 3992 2666 4048 abundantius
2696 3990 2749 4043 in
2769 3996 2958 4043 nostra
2980 3984 3245 4041 beneﬁcia
3267 3982 3547 4039 efﬂuente.

1976 4086 2133 4143 Tunc
2161 4086 2379 4141 demum
2409 4092 2464 4138 et
2504 4096 2604 4137 nos
2636 4080 2690 4135 in
2719 4087 2994 4149 posterum
3027 4077 3091 4131 ad
3120 4075 3549 4144 delinquendum

1976 4178 2263 4249 segniores
2297 4174 2605 4235 evadimus,
2642 4170 2827 4241 vigilia
2870 4169 3034 4223 nobis
3068 4166 3430 4238 cogitationes
3459 4165 3550 4220 di-

1974 4270 2089 4325 vini
2119 4269 2323 4325 amoris
2343 4266 2661 4337 effingente,
2687 4274 2741 4319 et
2763 4261 3059 4317 mundana:
3077 4260 3335 4315 vanitatis
3361 4258 3547 4331 fugam

1976 4362 2315 4425 insinuante,
2361 4371 2414 4415 et
2457 4362 2747 4415 noxiorum
2793 4355 3212 4412 insectationem
3262 4354 3545 4410 edocente.

1977 4455 2172 4524 Vigilia
2204 4452 2474 4525 siquidem
2508 4451 2810 4507 secundum
2839 4448 3008 4503 Deum
3043 4459 3207 4503 noctu
3250 4436 3355 4502 nos
3398 4445 3548 4501 solos

1973 4546 2432 4618 apprehendens,
2503 4551 2653 4598 extra
2734 4542 3015 4596 turbarum
3118 4538 3364 4594 turbines
3398 4576 3414 4602 ,
3493 4542 3549 4590 et

1973 4637 2311 4711 negotiorum
2347 4635 2447 4705 13
2470 4634 2669 4698 studia,
2696 4640 2749 4687 et
2785 4632 3082 4687 amicorum
3103 4627 3544 4689 consuetudines,

1973 4738 2189 4800 arrepta
2220 4728 2533 4792 occasione,
2574 4724 2739 4780 veluti
2781 4730 2953 4779 mater
2979 4720 3238 4777 benevola
3261 4759 3277 4784 ,
3316 4718 3370 4771 in
3425 4716 3547 4770 loco

1975 4821 2095 4878 sine
2119 4820 2375 4890 strepitu,
2401 4814 2868 4887 necnon‘quietis,
2897 4810 3218 4868 sobrietatis
3242 4848 3257 4872 ,
3286 4815 3341 4861 et
3376 4820 3545 4875 paca-

1974 4912 2202 4969 tissimze
2257 4910 2406 4982 pacis
2448 4910 2653 4979 pleno,
2698 4906 2857 4962 nobis
2899 4899 3226 4969 sibimetipsi
3283 4896 3544 4959 adnexis,

1973 5001 2256 5073 sapientiae
2309 5014 2424 5056 suae
2470 4995 2909 5053 venerandarum
2970 4988 3439 5050 adhortationum,
3490 4993 3548 5041 et

1973 5094 2434 5151 illmninationum
2465 5090 2778 5145 divinarum
2811 5088 3102 5142 thesauros
3124 5088 3359 5142 reserat,
3384 5089 3438 5134 et
3468 5079 3548 5132 la-

1974 5200 2155 5246 tenter
2186 5188 2383 5242 aninue
2418 5192 2617 5241 nostra:
2644 5184 2801 5239 sinus
2829 5180 3015 5250 implet
3045 5196 3058 5231 :
3085 5186 3138 5232 et
3173 5176 3219 5232 si
3250 5175 3400 5229 illius
3425 5189 3546 5227 mu-

1983 5299 2114 5339 nera
2148 5282 2330 5337 sobrie
2383 5279 2545 5334 nobis
2592 5272 3055 5331 reservaverimus
3079 5309 3093 5333 ,
3152 5269 3298 5324 beati
3326 5282 3462 5330 nos,
3491 5274 3547 5321 et

1982 5387 2085 5442 ter,
2126 5382 2181 5429 et
2208 5372 2418 5428 infinite
2448 5366 2734 5425 fortunati.
2770 5366 3229 5435 Compertumque
3263 5360 3399 5416 satis
3432 5367 3538 5421 est,

1980 5469 2124 5542 quod
2150 5468 2274 5524 dico
2300 5506 2315 5528 .
2342 5464 2535 5538 mystis
2562 5504 2577 5529 ,
2613 5468 2667 5518 et
2705 5460 2889 5532 proba;
2917 5454 3117 5526 vigilia!
3144 5452 3417 5542 alumnis,
3447 5450 3543 5521 qui

1980 5541 2251 5619 citharam
2296 5556 2607 5613 Davidicam
2647 5551 2848 5624 linguae
2911 5561 3026 5604 suae
3066 5545 3274 5617 plectro
3322 5541 3548 5615 pulsare
