4024 6218
518 261 592 324 95
2022 264 2084 325 S.

2202 264 2283 327 LI
3702 255 3777 325 95

520 379 859 443 appetentes,
923 383 979 429 ct
1036 374 1092 429 in
1150 373 1375 445 proprio
1422 381 1681 445 gutture,
1716 382 1777 430 ut
1812 374 2086 447 Propheta

2202 376 2649 449 προθυμούμενοι,
2702 375 2796 430 καὶ
2846 376 2908 430 ἐν
2949 372 3027 444 τῷ
3062 371 3251 445 οίκείῳ
3280 366 3543 445 λάρυγγι,
3593 369 3777 433 καθὼς

519 468 600 520 a'rt
628 467 695 530 ⁸⁸,
726 467 1084 522 excelsitates
1108 464 1204 520 Dei
1231 466 1615 524 concinentes.
1664 467 1861 522 Annon
1902 475 2093 536 guttur

522 573 703 613 meum
740 557 1036 613 meditatur
1063 558 1413 629 prudentiam
1444 560 1516 614 '7?
1546 567 1603 615 et
1633 556 2093 630 quemadmodum

523 647 811 711 tenebras,
859 647 936 701 ita
980 655 1032 703 et
1069 648 1253 703 lumen
1294 650 1567 713 ostendo,
1615 649 1844 720 psalmis
1889 647 2093 717 illumi-

521 754 692 801 nans,
725 747 780 795 et
810 740 995 796 noctis
1024 742 1310 798 tristitiam
1356 743 1410 797 in
1455 743 1808 814 splendorem
1857 756 2093 797 conver-

521 840 662 895 tens,
692 841 747 886 et
783 835 1086 903 anticipant
1118 836 1262 890 oculi
1296 836 1401 892 mei
1434 836 1488 891 in
1522 836 1790 891 matutino
1821 835 1890 890 ad
1929 835 2097 889 medi-

521 924 684 977 lauda
719 925 934 995 eloquia
974 925 1218 989 Domini,
1249 934 1303 982 et
1332 942 1497 984 cocco
1520 928 1816 998 ignitarum
1873 927 2085 996 cogita-

520 1014 734 1067 tionum
770 1025 1000 1071 ornatus
1032 1031 1326 1086 supernam
1366 1017 1687 1087 sapientiam
1713 1056 1730 1083 ,
1780 1023 1841 1069 ut
1889 1013 1958 1068 ad
2003 1031 2091 1069 me

521 1106 743 1170 veniat,
806 1108 1099 1163 exstimulo
1146 1126 1158 1162 :
1219 1109 1288 1163 ad
1347 1126 1446 1165 nos
1509 1109 1695 1172 enim,
1751 1108 1845 1179 qui
1899 1108 2093 1179 vigiles

521 1203 714 1250 noctes
744 1192 1019 1259 ducimus,
1056 1198 1237 1254 divina
1267 1201 1440 1270 gratia
1485 1200 1833 1257 inelIabiliter
1864 1200 2090 1272 irrepit,

520 1297 574 1342 et
601 1298 882 1358 comparet
909 1290 1266 1346 indicibiliter
1289 1332 1304 1355 ,
1333 1301 1388 1347 et
1425 1292 1492 1346 ad
1521 1308 1662 1356 eam,
1695 1308 1819 1363 qua:
1845 1307 2096 1365 compre-

533 1380 694 1434 hendi
731 1391 930 1451 potest,
952 1383 1098 1439 illius
1132 1386 1547 1455 spcctationem,
1576 1396 1632 1441 et
1648 1385 2092 1450 similitudinem,

521 1489 710 1530 sacras
744 1485 952 1532 mentes
980 1479 1243 1542 extendit,
1281 1493 1402 1549 quae
1429 1487 1487 1533 ut
1513 1479 1630 1534 ﬁeri
1676 1485 1853 1550 potest
1879 1486 1933 1534 et
1968 1493 2097 1541 san-

519 1575 640 1620 ctos
667 1565 915 1625 homines
942 1568 1126 1633 decet,
1160 1568 1233 1623 illi
1269 1585 1391 1624 sese
1417 1569 1714 1640 applicant.

968 1648 973 1651 Δ
1023 1660 1239 1717 XXVll.
1269 1694 1335 1703 —
1360 1663 1573 1718 Eidem.

2200 1567 2359 1638 αὐτῇ.

2192 469 2338 538 λέγει
2382 470 2413 523 ὁ
2465 469 2776 541 Προφήτης,
2820 468 2918 533 τὰς
2970 466 3205 537 ὑψώσεις
3239 464 3334 520 τοῦ
3367 464 3504 517 Θεοῦ
3548 462 3779 531 ἀναμέλ-

2194 578 2408 625 ποντες.
2438 562 2508 614 Ἢ
2530 560 2651 632 οὐχὶ
2692 558 2951 631 όλάρυγξ
2991 576 3095 631 μου
3135 558 3337 629 μελετᾷ
3365 555 3616 618 σύνεσιν;
3664 552 3778 608 Καὶ

2192 651 2381 724 ὥσπερ
2404 653 2468 707 τὸ
2496 652 2713 718 σκότος,
2757 651 2931 716 οὕτως
2956 653 3049 705 καὶ
3074 651 3135 705 τὸ
3161 651 3275 720 φῶς
3303 649 3571 718 δείκνυμι,
3600 663 3775 701 κατα-

2194 744 2428 814 φωτίξον
2475 747 2588 809 τοῖς
2623 745 2879 817 ψαλμοῖς,
2908 745 3004 799 καλ⁸
3049 741 3395 811 καταυγάζον
3438 740 3540 809 τῆς
3581 739 3776 802 νυκτὸς

2192 834 2293 905 τὴν
2326 835 2679 905 στυγνότητα,
2704 836 2801 891 καὶ
2838 835 3240 907 προφθάνουσιν
3280 834 3330 886 οἱ
3360 830 3635 901 ὀφθαλμοί
3666 847 3773 901 μου

2197 923 2334 995 πρὸς
2355 923 2553 995 ὄρθρον
2581 923 2674 978 τοῦ
2703 924 2936 996 μελετᾷν
2964 924 3035 978 τὰ
3071 924 3224 991 λόγια
3263 921 3497 993 Κυρίου,
3552 920 3648 974 καὶ
3689 918 3776 990 τῷ

2196 1016 2381 1088 κόκκῳ
2407 1016 2779 1087 κοσμούμενος
2798 1015 2906 1071 τῶν
2924 1015 3201 1086 διαπύρων
3231 1014 3491 1086 νοήσεων,
3512 1012 3610 1084 τὴν
3632 1012 3774 1066 ἀνω-

2197 1105 2291 1160 θεν
2333 1108 2527 1177 σοφίαν
2577 1106 2825 1161 ἐπελθεῖν
2872 1124 2965 1178 μοι
3010 1105 3339 1176 προτρέπωο
3375 1103 3627 1174 ἐπιφοιτᾷ
3662 1100 3774 1173 γὰρ

2198 1199 2455 1270 ἀρρήτως
2485 1200 2616 1271 ἡμῖν
2645 1201 2679 1273 ἠ
2704 1201 2866 1271 χάρις
2893 1198 2986 1254 τοῦ
3014 1198 3218 1269 Κυρίου
3246 1199 3358 1260 τοίς
3381 1193 3770 1268 ἀγρυπνοῦσιν,

2196 1291 2293 1345 καὶ
2322 1291 2668 1360 ἐπιφαίνεται
2708 1292 2850 1363 ὑπὲρ
2879 1290 3061 1360 λόγον,
3104 1292 3200 1344 καὶ
3233 1289 3370 1360 πρὸς
3402 1289 3503 1359 τὴν
3544 1289 3775 1359 ὲφικτὴν

2196 1382 2368 1454 αὐτῆς
2398 1382 2651 1453 θεωρίαν,
2699 1384 2796 1438 καὶ
2840 1383 3099 1452 ὁμοίωσιν
3132 1380 3405 1436 ἀνατείνει
3432 1381 3558 1443 τοὺς
3593 1382 3774 1450 ἱεροὺς

2210 1474 2358 1541 νόας,
2375 1475 2526 1541 τοὺς,
2546 1474 2621 1539 ὼς
2638 1474 2877 1547 θεμιτὸν,
2899 1476 2995 1553 καὶ
3028 1471 3774 1563 ίεροπρεπῶςΟὲπιὸάλλοντας

2718 1662 2846 1716 ΚΖ¹.
2866 1692 2936 1702 -
2960 1659 3043 1727 Τῷ
3074 1659 3253 1727 αὐτῷ.

590 1746 999 1819 Perbeatissimi
1030 1769 1242 1819 sumus,
1283 1755 1330 1809 si
1358 1771 1480 1829 quae
1515 1772 1583 1811 ex
1610 1757 1895 1829 pervigilio
1942 1758 2087 1815 ulnis

2268 1753 2786 1826 Μυρισμακάριστοι
2851 1754 2949 1824 μὲν
3011 1722 3358 1825 ῦπάρχομεν,
3413 1752 3546 1806 ὅταν
3596 1751 3775 1807 πάντα

518 1843 858 1912 excepimus,
877 1845 1060 1898 omnia
1093 1853 1518 1903 servaverimus.
1553 1849 1761 1914 Quodsi
1792 1859 1999 1921 partem
2026 1866 2091 1907 ex

522 1933 590 1986 iis
617 1933 869 2002 exiguam
901 1944 998 1990 aut
1027 1936 1300 2009 ingentem
1341 1940 1592 1996 amittere
1634 1943 1943 2012 contigerit,
1972 1959 2094 2012 quae

519 2022 728 2091 reliqua
762 2023 1009 2090 fuerunt,
1044 2029 1389 2085 abundanter
1412 2032 1479 2086 ad
1509 2032 1741 2095 salutem
1771 2034 1877 2108 ιῆ,
1898 2037 2096 2092 mentis

521 2114 823 2172 infantibus
881 2119 1168 2175 sullicient.
1216 2122 1463 2194 Namque
1514 2139 1719 2197 auceps
1776 2127 2091 2196 frequenter

520 2216 743 2260 centum
773 2216 1002 2263 venatus
1037 2220 1280 2268 turtures
1313 2214 1365 2267 iu
1397 2230 1562 2285 agro,
1590 2216 1639 2271 si
1691 2216 1799 2272 sibi
1850 2219 2097 2288 gaudens

521 2312 617 2350 eas
646 2300 966 2363 occluserit,
996 2306 1347 2371 postmodum
1378 2307 1688 2377 negligens,
1728 2309 1967 2373 tertiam,
1998 2318 2096 2365 aut

521 2389 745 2458 duplam
786 2400 995 2460 partem
1026 2395 1298 2461 amiserit,
1340 2397 1487 2465 quod
1520 2399 1774 2455 volucres
1816 2400 1922 2455 illa:
1957 2403 2097 2457 clam

519 2492 869 2552 erumpentes
897 2485 953 2540 in
1004 2485 1186 2557 fugam
1223 2504 1283 2544 se
1307 2489 1593 2557 dederint,
1623 2491 1680 2546 in
1713 2491 1937 2563 reliquis
1963 2509 2100 2549 moe—

520 2586 700 2626 rorem
737 2574 1037 2641 imminuit,
1077 2578 1427 2650 animumque
1470 2595 1631 2637 suum
1672 2583 1904 2651 solatur,
1952 2583 2097 2655 quod

520 2679 633 2720 non
669 2668 856 2723 vacuis
888 2669 1141 2725 manibus
1167 2671 1501 2728 domicilium
1535 2683 1778 2745 repetat,
1804 2687 1861 2732 et
1888 2677 2101 2746 copiam

522 2757 650 2812 licet
679 2773 786 2810 non
812 2760 1075 2827 integram
1106 2772 1221 2816 tum
1266 2774 1533 2833 reportat,
1563 2776 1621 2821 et
1667 2782 1864 2824 rursus
1912 2767 2102 2824 futuro

520 2858 768 2918 tempore
824 2850 1052 2915 utiliter,
1104 2869 1227 2923 quae
1284 2855 1341 2909 iu
1396 2858 1684 2913 venatione
1731 2867 1889 2930 capta
1938 2870 2099 2927 sunt,

520 2942 737 2998 cautius
769 2943 1048 2999 custodire
1075 2946 1355 3015 perdiscit.

1016 3036 1259 3092 XXVI“.
1288 3069 1360 3079 —
1385 3038 1595 3096 Eidem.

596 3119 804 3193 Bonum
834 3123 1081 3195 illudque
1102 3128 1609 3197 auspicatissimum
1637 3138 1723 3187 est
1756 3132 2100 3203 pervigilium

521 3216 612 3283 iis,
647 3218 743 3287 qui
779 3233 1032 3274 somnum
1074 3221 1271 3276 mortis
1312 3222 1557 3276 vicinum
1606 3223 1881 3280 discutere
1915 3227 2101 3282 animo

523 3317 768 3370 versant,
802 3317 1064 3381 tantoque
1086 3313 1286 3382 maius,
1317 3322 1584 3382 quantum
1617 3324 1671 3369 et
1694 3313 1961 3371 Dominus
1983 3319 2101 3389 ipse

526 3398 583 3452 id
610 3401 878 3466 exercuit,
913 3403 1133 3473 sibique
1160 3403 1436 3460 familiare
1461 3405 1612 3470 fecit,
1639 3406 1696 3461 in
1740 3407 2103 3478 dispositione

504 3492 844 3547 secundum
874 3508 1122 3559 carnem,
1164 3504 1224 3549 ut
1271 3496 1443 3550 tradit
1480 3496 1661 3552 Lucas
1698 3516 1712 3553 :
1769 3516 1787 3549 ι
1830 3498 1961 3554 Erat
2007 3498 2102 3556 Je-

524 3598 623 3639 sus
668 3594 1001 3656 pernoctans
1057 3588 1111 3641 in
1154 3589 1405 3655 oratione
1442 3587 1535 3644 Dei
1565 3589 1633 3655 '°,
1677 3608 1696 3641 ι
1760 3606 1927 3661 opere
1981 3593 2101 3663 ipso

524 3687 627 3728 nos
661 3672 965 3738 instruens.
998 3674 1250 3746 Magistri
1296 3677 1453 3748 sequi
1499 3680 1749 3748 vestigia.
1780 3678 2103 3750 Propterea-

525 3782 635 3834 que
661 3766 901 3832 dicebat,
938 3786 957 3820 ι
1017 3768 1278 3839 Vigilate,
1330 3780 1387 3827 et
1438 3780 1610 3836 orate,
1652 3788 1723 3828 ne
1777 3774 1996 3831 intretis
2047 3777 2100 3831 in

526 3858 884 3913 tentationem
910 3862 977 3915 ".
1019 3880 1039 3913 ι
1077 3861 1182 3928 Qui
1211 3880 1343 3918 vero
1373 3874 1533 3919 erant
1556 3880 1588 3920 e
1623 3867 1886 3921 comitatu
1912 3867 2102 3934 Pauli,

522 3960 581 4006 et
610 3950 757 4015 Silte,
784 3954 1212 4010 emolumentum
1242 3956 1441 4027 vigiliae
1494 3959 1886 4028 percallentes,
1924 3961 2106 4017 media

524 4050 686 4098 nocte
717 4044 1013 4100 laudabant
1046 4045 1214 4103 Deum
1239 4048 1305 4103 ³ο.
1340 4048 1404 4103 Ει
1438 4049 1609 4105 David
1641 4050 1718 4108 ait
1745 4070 1759 4106 :
1788 4070 1806 4103 ι
1848 4051 2103 4125 Vigilavi,

522 4139 580 4186 et
619 4132 798 4189 factus
833 4149 958 4189 sum
1005 4135 1148 4191 sicut
1176 4150 1367 4205 passer
1397 4138 1678 4195 solitarius
1716 4141 1770 4196 in
1803 4149 1945 4198 tecto
1979 4144 2046 4209 ³¹,
2077 4162 2096 4195 ι

528 4221 724 4289 pennis
758 4237 956 4291 nempe
1001 4224 1338 4291 prmvaleus,
1373 4241 1480 4279 non
1521 4242 1616 4296 per
1647 4237 1848 4283 terram
1884 4246 2102 4301 repens,

528 4311 622 4361 sed
650 4308 705 4362 in
741 4315 905 4371 tecto,
938 4317 992 4363 et
1030 4309 1083 4362 in
1117 4313 1434 4367 summitate
1480 4315 1700 4370 virtutis
1729 4330 2102 4374 commorans.

2194 1846 2543 1917 φυλάξωμεν,
2608 1847 2753 1918 άπερ
2798 1847 2863 1900 ὲκ
2910 1846 3011 1915 τῆς
3061 1844 3371 1917 ἀγρυπνίας
3423 1843 3775 1898 ὲνεκολπισά-

2198 1937 2356 2006 μεθα.
2414 1936 2479 1990 Ei
2515 1936 2573 1990 δὲ
2625 1938 2719 1993 καὶ
2767 1936 3030 1990 ἀπολέσαι
3089 1935 3375 2007 συμϐαίνει
3419 1935 3583 2007 μέρος
3627 1936 3776 2005 ἡμᾶς

2194 2028 2372 2099 ὀλίγον
2409 2028 2443 2101 ἢ
2489 2028 2799 2091 πολλοστὸν,
2857 2028 3016 2082 ἱκανὰ
3054 2028 3149 2081 καὶ
3215 2026 3283 2080 τὰ
3331 2025 3776 2099 παραλειφθέντα

2196 2121 2494 2193 ἐπαρκέσαι
2545 2121 2681 2192 πρὸς
2724 2121 2998 2193 σωτηρίαν
3031 2122 3142 2182 τοῖς
3186 2118 3401 2188 νηπίοις
3431 2118 3532 2189 τὴν
3580 2117 3773 2188 φρένα.

2197 2211 2315 2266 Κᾶν
2366 2210 2474 2283 γάρ
2528 2210 2741 2282 ίξευτὴς
2774 2210 3037 2275 πολλάκις
3067 2209 3262 2265 ἑκατὸν
3288 2208 3609 2281 τεθηρακὼς
3642 2225 3778 2278 τρυ-

2197 2302 2358 2371 γόνας
2386 2306 2443 2358 ὲν
2471 2303 2549 2374 τῷ
2580 2302 2756 2375 ἀγρῷ,
2786 2304 2883 2357 καὶ
2908 2301 3113 2374 χαίρων
3146 2300 3536 2364 ἐναποκλείσας
3583 2298 3781 2365 αὐτὰς,

2198 2394 2296 2447 εἶτ’
2325 2393 2383 2461 ἐξ
2409 2392 2741 2466 ἀπροσεξίας
2765 2393 2825 2446 τὸ
2844 2393 3048 2466 τρίτον,
3072 2391 3106 2464 ἦ
3128 2391 3189 2445 τὸ
3210 2392 3453 2463 δίμοιρον
3480 2390 3779 2454 ἀπολέσας,

2196 2485 2276 2557 τῷ
2311 2484 2708 2538 ὑπεκδεδυκὸτα
2760 2484 3090 2554 πεφευγέναι
3143 2483 3212 2538 τὰ
3261 2481 3439 2551 πτηνά
3469 2522 3485 2545 ,
3543 2481 3601 2533 ὲν
3659 2481 3783 2544 τοῖς

2201 2574 2576 2646 ὑπολειφθεῖσι
2612 2564 2712 2646 τὴν
2743 2575 2982 2647 ἀθυμίαν
3011 2574 3261 2639 ἀνέλυσε,
3309 2574 3402 2629 καὶ
3453 2572 3785 2645 παρεμυθή-

2202 2685 2335 2721 σατο
2371 2667 2468 2740 τὴν
2500 2668 2693 2721 ἑαυτοῦ
2726 2668 2979 2740 καρδίαν,
3022 2668 3083 2722 οὐ
3114 2669 3299 2732 κεναῖς
3329 2668 3517 2739 χερσὶν
3545 2667 3786 2736 ἐπανερο

2206 2759 2436 2830 χόμενος
2464 2762 2543 2824 εἱς
2566 2759 2655 2813 τὸν
2685 2760 2813 2813 ίδιον
2840 2755 3010 2824 οἷκον,
3047 2759 3183 2814 ἀλλὰ
3233 2759 3465 2831 μερικὴν
3513 2757 3783 2827 εὐπορίαν

2202 2852 2615 2925 ἐπιφερόμενος,
2649 2848 2745 2907 νῦν
2769 2853 2929 2919 τέως,
2953 2854 3045 2907 καὶ
3070 2852 3233 2907 πάλιν
3260 2854 3339 2917 είς
3361 2851 3421 2905 τὸ
3450 2850 3575 2920 ἑξῆς
3607 2851 3785 2918 ἀσφα-

2201 2945 2445 3012 λίζεσθαι
2460 2945 2745 3017 χρησίμως
2769 2944 2840 2999 τὰ
2867 2944 3165 3020 θηρώμενα
3194 2943 3528 3008 παιδευθείς.

2718 3037 2853 3092 KH'.
2876 3065 2946 3077 —
2972 3034 3054 3101 Τῷ
3082 3034 3263 3100 αὐτῷ.
3584 3052 3585 3059 ‘

2273 3126 2545 3196 Μέγιστον
2584 3126 2789 3196 ἀγαθόν
2817 3128 2965 3181 ἐστιν
2996 3127 3030 3197 ὴ
3059 3125 3337 3199 ἀγρυπνία
3371 3127 3487 3189 τοῖς
3518 3104 3781 3178 ἀποσείε-

2204 3219 2326 3273 σθαι
2352 3220 2445 3274 τδν
2471 3220 2689 3289 γείτονα
2726 3218 2956 3273 θανάτου
2987 3217 3154 3272 ὕπνον
3181 3217 3658 3291 προαιρουμένοις,
3684 3218 3786 3270 καὶ

2200 3311 2440 3381 τοσούτῳ
2491 3312 2658 3381 μέγα,
2713 3312 2824 3383 ὅσῳ
2879 3311 3034 3364 καὶὸ
3061 3311 3341 3380 Δεσπότης
3383 3311 3546 3373 αὐτὸς
3612 3307 3781 3362 τοῦτο

2205 3401 2666 3475 μετελήλυθε,καἰ
2698 3396 3014 3473 ᾠκειώσατο
3045 3402 3104 3454 ἐν
3130 3402 3197 3472 τῇ
3229 3399 3513 3471 οἰκονομίᾳ
3540 3402 3605 3470 τῇ
3634 3401 3787 3453 κατὰ

2205 3497 2403 3568 σάρκα,
2445 3494 2519 3559 ὦς
2563 3511 2697 3566 φησι
2740 3495 2889 3549 καὶὸ
2925 3495 3160 3561 Λουκᾶς,
3216 3495 3299 3548 ὅτι
3356 3510 3375 3544 ι
3405 3489 3514 3546 ΊΓΗν
3571 3492 3787 3563 Ἰησοῦς

2201 3587 2628 3658 διανυκτερεύων
2663 3590 2722 3642 ὲν
2750 3590 2815 3659 τῇ
2843 3590 3120 3660 προσευχῇ
3146 3587 3241 3640 τοῦ
3268 3586 3427 3651 Θεοῦ,
3448 3605 3467 3637 ν
3510 3585 3785 3639 διδάσκων

2204 3680 2350 3749 ἡμᾶς
2377 3678 2444 3731 δι’
2475 3677 2637 3732 αὐτοῦ
2668 3677 2762 3732 τοῦ
2792 3677 2954 3750 ἔργου
2977 3678 3289 3733 ἀκολουθεῖν
3311 3680 3425 3741 τοῖς
3456 3677 3659 3747 ἴχνεσιν
3683 3675 3784 3728 τοῦ

2203 3769 2555 3823 Διδασκάλου.
2611 3769 2810 3839 Διόπερ
2859 3773 2954 3823 καὶ
3003 3768 3221 3838 ἔλεγεν·
3270 3768 3639 3841 ιΓρηγορεῖτε
3687 3768 3789 3820 καὶ

2206 3860 2597 3933 προσεύχεσθε.
2635 3860 2721 3915 ἴνα
2758 3861 2834 3932 μὴ
2860 3860 3139 3929 είσέλθητε
3169 3862 3249 3924 είς
3281 3860 3606 3932 πειρασμόν.
3635 3879 3655 3911 ι
3714 3861 3787 3913 Οἱ

2204 3954 2260 4007 δέ
2280 3971 2343 4024 γε
2367 3972 2434 4007 πε
2444 3955 2495 4024 pi
2512 3952 2721 4007 Παῦλον
2746 3954 2841 4006 καὶ
2857 3952 3038 4019 Σίλαν,
3053 3952 3113 4005 τὸ
3125 3952 3314 4024 κέρδος
3331 3952 3430 4005 οὐκ
3456 3950 3790 4020 ἀγνοοῦντες

2206 4045 2303 4115 τῆς
2348 4044 2674 4117 ἀγρυπνίας,
2718 4045 2847 4115 περὶ
2879 4044 2938 4098 τὸ
2972 4043 3324 4115 μεσονύκτιον
3382 4042 3632 4109 ἐδόξαζον
3688 4043 3790 4097 τὸν

2207 4136 2359 4190 Θεόν.
2399 4137 2509 4190 Καὶ
2538 4136 2705 4190 Δαυὶδ
2745 4135 2943 4208 φησίν
2986 4155 3004 4188 ι
3041 4136 3417 4207 Ἠγρῦπνησα,
3476 4136 3571 4189 καὶ
3597 4137 3791 4205 ὲγενό·

2208 4245 2318 4299 μην
2368 4226 2443 4292 ὡς
2488 4227 2767 4298 στρουθίον
2823 4227 3054 4298 μονάζον
3096 4229 3188 4281 ἐπὶ
3244 4227 3514 4298 δώματος,
3540 4246 3561 4279 ι
3610 4228 3792 4299 ηγουν

2207 4317 2491 4390 εῦπτερον,
2513 4319 2612 4371 οὐκ
2636 4318 2731 4371 ἐπὶ
2764 4318 2861 4389 τῆς
2898 4319 3003 4389 γῆς
3045 4318 3365 4389 συρόμενον,
3411 4316 3528 4371 ἀλλ’
3562 4320 3656 4371 ἐπὶ
3684 4317 3789 4373 τοῦ

526 4397 737 4472 Lingua
764 4416 998 4470 namque
1051 4404 1297 4473 supplice
1329 4405 1452 4461 vice
1510 4422 1772 4462 manuum
1834 4424 2097 4475 mearum,

2206 4409 2475 4479 δώματος,
2517 4410 2610 4464 καὶ
2658 4409 2751 4463 τοῦ
2799 4409 2965 4480 ὕψους
3007 4410 3106 4480 τῆς
3164 4410 3363 4481 ἀρετῆς
3402 4409 3787 4480 διαιτώμενον.

524 4493 672 4547 circa
732 4492 1117 4549 humanissimi
1164 4496 1256 4551 Dei
1315 4497 1482 4568 pedes
1536 4499 1931 4570 complicabam
1992 4519 2100 4567 me,

527 4586 842 4658 lacrymans
869 4605 885 4654 ;
910 4596 964 4643 et
985 4588 1189 4644 lutequ
1222 4606 1318 4645 cor
1353 4606 1535 4646 meum
1568 4592 1859 4648 donarium
1894 4594 2101 4651 factum

525 4689 613 4734 est
648 4690 991 4750 argenteum,
1028 4682 1112 4737 vel
1143 4698 1372 4738 aureum
1401 4701 1415 4739 :
1456 4693 1511 4739 et
1540 4685 1713 4741 altare
1763 4701 1956 4745 rursus
1988 4687 2100 4744 Do-

528 4770 661 4824 mini
694 4771 871 4826 factus
902 4787 1024 4828 sum
1072 4773 1299 4830 humilis
1330 4774 1515 4836 homo.
1565 4775 1622 4830 in
1652 4791 1740 4831 me
1769 4779 1945 4847 gratia
1976 4795 2100 4834 car-

527 4868 701 4925 bones
742 4870 1076 4940 cngnitionis
1122 4870 1225 4941 15
1278 4870 1603 4938 ell‘odiente,
1658 4879 1714 4929 et
1768 4875 2102 4932 sacriﬁcium

529 4960 780 5033 fragrans
815 4961 924 5019 Deo
952 4972 1147 5034 portau
1156 4973 1229 5019 te.

1052 5143 1246 5200 XXIX.
1280 5176 1350 5187 —
1384 5145 1588 5203 Eidem.

602 5236 844 5302 lntueor,
886 5238 1055 5293 frater
1106 5238 1215 5302 mi,
1257 5247 1308 5292 te
1351 5239 1521 5293 multa
1549 5240 1734 5298 scabie
1792 5245 2095 5299 secundum

531 5330 808 5385 internum
838 5330 1111 5386 hominem
1143 5330 1381 5387 obsitum
1413 5347 1443 5386 a
1470 5334 1651 5403 capite
1694 5350 1869 5407 usque
1908 5337 1976 5391 ad
2009 5352 2102 5408 pe-

2204 4501 2425 4574 Γλώττῃ
2458 4500 2565 4572 γὰρ
2590 4501 2851 4573 ἰκετηρίῳ
2883 4500 3005 4554 ἀντὶ
3030 4500 3139 4555 τῶν
3171 4500 3373 4571 χειρῶν
3409 4517 3511 4570 μου
3540 4503 3653 4564 τοῖς
3681 4500 3788 4554 τοῦ

2205 4592 2587 4665 φιλανθρώπου
2640 4592 2775 4646 Θεοῦ
2836 4592 3088 4664 ἀοράτοις
3156 4593 3283 4646 ποσὶ⁸
3335 4590 3791 4664 περιεπλεκόμην

2200 4687 2422 4753 κλαίων,
2448 4687 2542 4740 καὶ
2561 4688 2595 4758 ἠ
2618 4685 2869 4758 πηλώδης
2889 4703 2989 4757 μου
3021 4685 3215 4759 καρδία
3251 4685 3533 4757 κειμήλιον
3554 4686 3792 4754 γέγονεν

2198 4779 2492 4853 ἀργυροῦν,
2523 4780 2555 4851 ἦ
2578 4779 2832 4852 χρυσοῦν,
2860 4779 3355 4850 καὶθυσιαστήριον
3372 4776 3535 4831 πάλιν
3571 4777 3792 4848 Κυρίου

2202 4874 2580 4945 ἀπειργάσθην
2616 4875 2645 4926 ὁ
2675 4871 2930 4936 ταπεινὸς
2953 4872 3259 4944 ἄνθρωπος,
3300 4869 3793 4940 ἀνασκαλευούσης

2204 4969 2301 5036 τῆς
2338 4966 2559 5038 χάριτος
2601 4964 2673 5020 ὲν
2712 4964 2837 5034 ἐμοὶ
2870 4964 2996 5028 τοὺς
3039 4962 3293 5033 γνώσεως
3332 4962 3633 5034 ἄνθρακας.
3685 4962 3792 5017 καὶ

2202 5057 2394 5113 θυσίαν
2424 5055 2596 5129 εὐώδη
2620 5056 2739 5127 Θεῷ
2771 5055 3170 5128 ἀναφερούσης.

2714 5149 2844 5203 ΚΘ’.
2861 5179 2929 5189 -
2951 5147 3035 5213 Τῷ
3063 5145 3243 5214 αὐτῷ.

2276 5239 2465 5294 Βλέπω
2511 5256 2594 5299 σε,
2644 5238 2859 5306 ἀδελφὲ,
2887 5238 2968 5291 ὃτι
2999 5236 3190 5308 ψώρας
3239 5235 3441 5308 πολλῆς
3496 5234 3797 5309 ἐμπεπλη-

2212 5336 2405 5406 σμένος
2429 5334 2696 5403 ὑπάρχεις
2725 5330 2867 5385 κατὰ
2896 5330 2988 5384 τὸν
3017 5332 3125 5385 ἔσω
3156 5329 3442 5401 ἄνθρωπον
3469 5329 3577 5383 ἀπὸ
3600 5345 3795 5398 κειρα-⁵

530 5424 650 5489 des,
682 5439 747 5477 ex
775 5437 882 5492 qua
919 5437 1200 5492 nunquam
1229 5423 1484 5478 niundari
1514 5426 1741 5493 poteris,
1792 5428 1900 5483 nisi
1930 5439 2095 5485 noctu

2206 5428 2306 5499 λῆς
2330 5427 2436 5491 ἕως
2458 5426 2652 5489 ποδῶν,
2679 5420 2745 5496 ἧς
2777 5426 2877 5479 οὐκ
2904 5423 2970 5477 ἂν
2995 5423 3179 5478 δύναιο
3218 5422 3581 5496 καθαρθῆναι.
3620 5423 3670 5473 εί
3703 5423 3795 5492 μὴ

532 5516 719 5585 vigilet
743 5514 973 5584 spiritus
1001 5523 1127 5569 tuus
1155 5515 1222 5571 ad
1241 5513 1430 5582 Deum,
1458 5531 1559 5572 nos
1586 5517 1789 5573 divinis
1815 5522 2097 5593 praeceptis

2204 5521 2268 5599 ξκ
2295 5518 2485 5582 νυκτὸς
2501 5516 2743 5589 ὀρθρίζει
2774 5516 2836 5569 τὸ
2868 5514 3087 5585 πνεῦμά
3115 5532 3206 5569 σου
3236 5515 3369 5586 πρὸς
3398 5514 3488 5566 τὸν
3526 5512 3664 5565 Θεὸν
3688 5513 3797 5568 τὸν

641 5650 689 5681 ’⁵
722 5648 861 5705 Psal.
911 5666 1171 5717 cxautx,
1205 5652 1257 5705 6.
1370 5653 1412 5684 ³⁷
1439 5651 1585 5709 Psal.
1627 5670 1888 5723 xxxxvni,
1924 5658 1977 5713 4.
2085 5660 2097 5689 ¹

608 5723 649 5754 ³⁸
675 5723 816 5779 l’sal.
858 5740 930 5780 CI.
963 5728 1017 5780 ὅ.

2202 5674 2297 5714 .uc.
2326 5673 2401 5721 vt,
2430 5657 2512 5712 12.
2625 5656 2668 5686 "
2708 5653 2895 5708 Matth.
2936 5667 3085 5715 xxvi,
3118 5650 3203 5717 Η,
3314 5651 3359 5683 ³³
3393 5650 3511 5705 Act.
3546 5664 3658 5712 xvt,
3684 5646 3793 5704 25.

699 5728 816 5779 ’sal.
858 5740 930 5793 CI,
963 5728 1017 5780 ὅ.
