3970 6220
234 296 308 357 97
1472 297 2003 359 EPISTULARUM
2046 303 2189 364 LIB.
2234 308 2280 366 ῐ.
3425 315 3496 378 ω

232 408 556 478 φωτίζοντα
578 410 728 478 ἡμᾶς
754 411 866 471 τοῖς
893 407 1059 472 θείοις
1104 411 1512 481 προστάγμασι,
1566 412 1661 465 καὶ⁵
1693 413 1815 476 ζωο-

1928 411 2352 481 illuuiinantem,
2388 427 2441 473 et
2478 420 2841 475 vivillcantem
2882 422 2936 477 in
2986 424 3240 479 secordis
3276 426 3497 483 demor~

232 496 509 551 ποιοῦντα
526 500 656 560 τοὺς
684 500 743 550 ὲν
769 501 835 569 τῇ
864 498 1092 570 ἀμελείᾳ
1114 501 1567 571 νενεκρωμένους,
1606 501 1700 554 καὶ
1723 502 1823 571 τῆς

232 588 301 654 ἐξ
355 587 530 658 ὕψους
576 590 772 658 σοφίας
815 588 915 660 τὴν
960 590 1150 661 δρόσον
1207 592 1536 662 παρέχοντα,
1586 591 1822 663 ίωμένην

152 746 155 747 ν
233 683 426 734 πᾶσαν
458 682 619 734 νόσον
647 681 846 751 ψυχῆς.
872 683 966 736 καὶ
1001 684 1184 736 πᾶσαν
1226 685 1529 752 μαλακίαν
1565 701 1589 738 s
1620 684 1685 737 Ἦ
1713 683 1821 755 γάρ

235 774 433 843 δρόσος
462 774 621 844 παρὰ
642 772 756 838 σοῦ,
787 775 951 844 φησὶν
976 777 1009 846 ἡ
1038 774 1250 847 Γραφὴ,
1283 776 1420 846 ίαμα
1440 778 1622 840 αὐτοῖς
1636 779 1773 831 ἐστι.
1795 795 1815 827 ι

238 866 355 917 Καὶ
393 865 562 918 πάλιν
610 864 763 933 λέγει
804 867 835 918 ὁ
883 864 1050 929 Θεός’
1115 867 1270 921 «Καὶ
1322 868 1516 939 ἔσομαι
1568 867 1717 938 αύτῷ
1745 868 1822 932 ὡς

238 956 456 1025 δρόσος,
499 955 598 1009 καὶ
657 951 880 1027 ἀνθήσει
923 957 1000 1021 ὡς
1047 959 1262 1031 κρίνον.
1290 977 1309 1011 ι
1360 960 1506 1032 Αὕτη
1559 960 1739 1013 τοίνυν
1786 961 1822 1030 ἠ

238 1048 457 1119 δρόσος,
490 1046 801 1102 ἐπελθοῦσα
832 1047 1049 1102 καὶλνῦν
1073 1052 1139 1120 τῇ
1172 1051 1239 1104 ἐκ
1285 1050 1594 1122 φιληδονίας
1628 1052 1822 1123 φλεγο-

242 1140 391 1213 μὲνῃ
419 1139 623 1210 καρδία
669 1156 784 1202 σου,
820 1140 915 1193 καὶ
946 1140 1302 1213 διασυρίσασα
1336 1142 1605 1213 πνεύματι
1646 1143 1823 1215 γαλη-

238 1234 428 1303 νιαίῳ,
462 1233 560 1285 καὶ
601 1231 747 1303 αὔρᾳ
772 1233 877 1285 τινὶ
905 1234 1176 1306 είρηνικῇ,
1208 1235 1302 1289 καὶ
1328 1236 1519 1308 λεπτῇ,
1554 1236 1820 1301 ὲκτινάξει

243 1340 343 1377 σου
367 1326 470 1395 τὴν
496 1325 668 1393 φλόγα
701 1324 893 1395 ῶσπερ
914 1326 1015 1395 τῆς
1042 1326 1389 1390 Βαὸυλωνίας
1410 1330 1540 1382 ποτὲ
1569 1329 1818 1399 καμίνου,

241 1419 349 1469 καὶ
369 1414 657 1485 ἀναψύξει,
678 1417 773 1469 καὶ
804 1415 969 1469 σώσει
992 1435 1050 1471 σε
1068 1418 1241 1488 ἀληθῆ
1260 1419 1549 1488 φιλόσοφον
1576 1421 1822 1491 ἀπεργα-

247 1505 492 1577 ζομένη,
518 1508 611 1559 καὶ
638 1505 896 1559 πείθουσα
953 1510 1149 1578 μηκέτι
1188 1510 1357 1564 πολλά
1382 1510 1682 1577 καθεύδειν,
1708 1511 1823 1566 ἀλλ’

251 1600 562 1671 ἀγρυπνεῖν
586 1598 858 1669 ἐκθύμως.

802 1690 878 1745 Δ’.
901 1722 971 1732 --
989 1690 1073 1757 Τῷ
1101 1692 1280 1759 αὐτῷ.
1318 1690 1321 1693 ’

1922 509 2069 567 tuos,
2098 513 2153 559 et
2185 521 2251 561 ex
2274 511 2495 565 excelso
2531 527 2710 564 rorem
2757 514 3063 582 sapientiae,
3097 518 3188 585 qui
3223 533 3499 587 quemque

1923 596 2093 650 animi
2131 599 2403 663 morbum,
2435 610 2489 656 et
2522 612 2773 657 cunctam
2806 606 3089 662 mollitiem
3136 619 3315 673 sanat,
3355 626 3493 680 pne.

1928 689 2170 745 benlem.
2212 711 2230 743 ‹
2260 690 2371 747 Ros
2402 696 2571 760 enim,
2637 696 2712 749 ait
2743 696 3050 767 Scriptura.
3086 716 3153 754 cx
3179 711 3231 755 te
3259 703 3501 757 medica-

1923 792 2167 837 mentum
2200 784 2308 839 illis
2336 793 2440 841 est.
2499 804 2517 837 ι
2557 786 2910 857 Rursumque
2956 788 3093 844 dicit
3127 790 3309 847 Deus:
3351 813 3371 844 ι
3434 795 3499 848 Et

1921 888 2018 927 ero
2049 874 2147 944 ipsi
2182 884 2241 929 nt
2276 892 2386 945 ros,
2419 887 2475 933 et
2500 877 2710 934 llorebit
2741 889 2798 934 ut
2831 881 3002 935 lilium
3038 883 3103 936 ³¹.
3137 901 3156 934 ι
3180 882 3280 938 Hic
3314 887 3499 957 itaque

1923 980 2015 1021 ros
2046 968 2345 1024 adveniens
2367 971 2431 1024 ad
2474 986 2571 1025 cor
2599 980 2776 1036 tuum,
2815 975 2962 1043 quod
3011 976 3374 1046 intemperiis.
3432 996 3497 1033 ac

1921 1061 2295 1131 voluptatibus
2324 1065 2570 1130 exardet,
2603 1075 2656 1121 et
2688 1067 2885 1136 spiritu
2929 1070 3251 1138 tranquillo,
3285 1082 3337 1125 ct
3366 1087 3497 1127 aura

1922 1160 2135 1220 pacata,
2163 1162 2216 1207 et
2247 1154 2349 1209 leni
2379 1155 2633 1219 inﬂuens,
2684 1160 2997 1214 exturbabit
3033 1161 3282 1215 ﬂammas
3350 1170 3495 1227 tuas,

1922 1253 1984 1298 ut
2014 1244 2357 1316 Babylonica!
2372 1250 2649 1318 quondam
2682 1250 2946 1315 fornacis,
2977 1260 3033 1307 et
3061 1255 3408 1317 refocillahit.
3440 1266 3499 1311 et

1922 1334 2152 1389 salvabit
2185 1346 2269 1399 te,
2302 1355 2489 1394 verum
2519 1341 2759 1395 alliciens
2792 1343 3197 1414 philosophum,
3233 1346 3499 1401 suadens-

1922 1440 2028 1494 que
2071 1428 2125 1480 in
2170 1437 2446 1496 postermn
2491 1446 2597 1484 non
2636 1433 2807 1486 nimis
2824 1448 3019 1488 somno
3048 1433 3361 1508 indulgere,
3397 1437 3496 1493 sed

1922 1520 2066 1575 bono
2097 1521 2277 1575 animo
2310 1522 2526 1593 vigilem
2556 1533 2898 1592 pernoctare.

2346 1702 2355 1707 ⁷
2446 1700 2613 1756 XXX.
2657 1733 2723 1744 —
2763 1704 2971 1759 Eidem.

322 1785 528 1855 Ὠσπερ
549 1784 661 1855 χρὴ
686 1784 780 1837 τὸν
814 1783 992 1849 ζῶντα
1017 1756 1107 1839 διὰ
1138 1756 1340 1852 παντὸς
1369 1788 1645 1853 ἀναπνεῖν,
1680 1787 1815 1843 οὕτω

1997 1788 2466 1854 Quemadmodum
2498 1807 2637 1860 opus
2669 1800 2756 1847 est
2791 1810 2939 1859 eum,
2974 1796 3066 1865 qui
3113 1796 3266 1861 vivit,
3316 1800 3497 1854 conti-

241 1873 351 1943 χρὴ
380 1872 655 1950 διηνεκῶς
690 1873 1035 1943 ἐπιτηδεύειν
1077 1875 1170 1928 καὶ
1216 1879 1689 1950 μεταχειρίζεσθαι
1722 1879 1822 1949 τὴν

243 1965 413 2036 καλὴν
438 1949 784 2036 ἀγρυπνίαν,
820 1966 917 2017 καὶ
970 1968 1253 2036 μιμεῖσθαι
1315 1973 1426 2034 τοῖς
1451 1949 1686 2041 ψαλμοῖς
1728 1971 1823 2025 καὶ

242 2060 351 2120 τοῖς
390 2056 588 2126 ὕμνοις
626 2055 692 2109 τὸ
715 2054 819 2125 τῆς
863 2056 1227 2128 μελιφθόγγου
1256 2060 1476 2132 ἀηδόνος
1517 2063 1816 2134 ἄγρυπνον,

247 2154 402 2223 ἡνίκα
422 2152 487 2205 ἂν
524 2150 764 2214 ἐπυάζει
800 2150 868 2203 δι’
896 2151 1024 2222 ὅλης
1045 2153 1238 2217 νυκτὸς
1270 2154 1372 2207 οὐκ
1398 2155 1823 2227 ἀποπαυομένης

260 2243 346 2295 toﬁ
372 2243 642 2313 μελῳδεῖν.
668 2241 842 2294 Τοῦτο
869 2241 978 2312 γάρ
1001 2259 1095 2296 σου
1128 2237 1423 2311 ποιοῦντος,
1441 2247 1541 2300 οὐκ
1574 2246 1821 2314 ἀνέξεται

268 2338 295 2387 ὸ
324 2335 498 2404 ἐχθρὸς
524 2333 896 2403 τολυχρονίως
924 2334 1279 2405 παρεδρεύειν
1308 2353 1412 2400 σοι,
1450 2337 1593 2408 ὁρῶν
1629 2337 1820 2392 ἑαυτὸν

255 2424 669 2497 ύεοθλιϐόμενόν
703 2443 765 2479 τε
806 2426 899 2479 καὶ
935 2427 1380 2498 ὲξουθενούμινον
1418 2428 1523 2481 ὑπὸ
1565 2427 1683 2489 σοῦ.
1723 2428 1819 2483 καὶ

244 2518 350 2578 τοῖς
387 2516 489 2585 τῆς
518 2518 812 2589 ἀγρύπνου
854 2520 1019 2592 εὐχῆς
1056 2519 1433 2591 κεντητηρίοις
1472 2520 1818 2591 καθεκάστην

239 2611 681 2681 τιτρωσκόμενον
710 2612 905 2667 νύκτα.

773 2706 899 2760 AA'.
914 2736 985 2745 —
1002 2704 1086 2772 Τῷ
1112 2702 1291 2770 αὐτῷ.

304 2793 496 2848 Καλὸν
527 2794 636 2863 μὲν
682 2797 745 2850 τὸ
768 2799 1155 2869 ἀρεμόάστως,
1199 2800 1293 2851 καὶ
1315 2796 1727 2867 ἀμετεωρίστως
1746 2798 1813 2866 τῇ

235 2892 505 2962 νυκτερίῳ
564 2887 702 2960 εὐχῇ
756 2892 1261 2963 προσπαραμένειν.
1313 2890 1375 2943 El
1419 2888 1477 2942 δὲ
1517 2887 1661 2941 κατά
1692 2903 1815 2940 τινα

232 2985 550 3055 πειρασμὸν
602 2983 868 3055 συμϐαίη,
932 2984 1026 3037 καὶ
1078 2982 1325 3052 αἰσχροῖς
1379 2996 1488 3033 τισι
1536 2978 1816 3048 λογισμοῖς

1925 1895 2037 1936 nuo
2061 1881 2356 1949 respirare,
2388 1882 2470 1935 sic
2501 1898 2729 1937 necesse
2749 1891 2834 1938 est
2862 1887 3128 1939 continuo
3160 1887 3332 1941 bonas
3360 1890 3498 1956 vigi-

1924 1972 2027 2027 lias
2064 1970 2347 2042 suscipere
2371 2012 2385 2036 ,
2422 1981 2476 2026 et
2516 1974 2761 2043 agitare,
2793 1976 3149 2045 aemularique
3179 1987 3233 2032 et
3269 1980 3495 2047 psalmis

1920 2072 1974 2120 et
2005 2065 2224 2135 hymnis
2274 2064 2534 2119 mellilluo
2566 2073 2734 2119 cantu
2798 2067 3114 2137 prwditam,
3156 2082 3221 2122 ac
3280 2070 3494 2138 vigilem

1920 2156 2232 2221 lusciniam,
2263 2171 2388 2211 cum
2412 2157 2503 2210 illa
2534 2158 2654 2212 ovis
2679 2159 2947 2213 incubans
2969 2174 3065 2229 per
3088 2168 3257 2213 totam
3281 2173 3494 2217 noctem

1919 2256 2140 2313 cantus,
2171 2263 2310 2320 quos
2340 2265 2622 2319 nunquam
2656 2250 3010 2305 remissiores
3061 2249 3217 2316 facit,
3269 2253 3401 2306 edit.
3436 2254 3493 2307 Id

1918 2344 2012 2399 ubi
2041 2345 2340 2415 peregeris,
2377 2344 2522 2398 haud
2564 2345 2863 2400 sustinebit
2905 2344 3258 2400 adversarius
3285 2346 3496 2401 diutius

1917 2437 1973 2491 in
2007 2446 2058 2490 te
2086 2436 2395 2499 immorari,
2439 2438 2634 2492 videns
2663 2452 2723 2491 se
2748 2436 2846 2491 abs
2893 2445 2945 2490 te
2976 2450 3250 2504 pressum,
3304 2438 3490 2501 negle-

1886 2526 2199 2597 ‘ctumque,
2231 2535 2284 2581 et
2315 2528 2585 2582 orationis
2613 2526 2797 2597 vigilis
2832 2527 3224 2595 punctionibus
3242 2528 3494 2597 qualibet

1916 2628 2081 2675 nocte
2114 2618 2485 2675 vulneratum.

2378 2711 2482 2780 ιθ
2508 2708 2702 2763 XXXI.
2723 2739 2793 2750 —
2815 2706 3026 2763 Eidem.

1982 2801 2198 2881 licitum
2231 2802 2490 2871 equidem
2528 2788 2988 2863 esu-constanter
3015 2807 3179 2868 atque
3207 2800 3487 2855 submisse

1913 2891 1969 2947 in
2000 2901 2270 2947 nocturna
2326 2893 2579 2947 oratione
2624 2893 2966 2962 persistere:
3010 2892 3055 2945 si
3106 2906 3238 2945 vero
3267 2892 3339 2945 ob
3385 2892 3491 2944 ali-

1914 2996 2075 3055 quam
2127 2986 2482 3039 tentationem
2528 2984 2851 3053 contigerit,
2885 2992 2940 3039 et
2986 2984 3256 3039 obscenas
3285 2984 3492 3052 cogita-

230 3077 753 3150 παρακρουσθῆναι,
796 3075 1063 3148 μηδαμῶς
1106 3073 1291 3148 παύσῃ
1313 3071 1409 3127 τοῦ
1438 3069 1604 3125 καλοῦ
1632 3069 1814 3165 ἐγχει-

1919 3078 2096 3134 tiones
2146 3077 2497 3147 interrumpi,
2553 3090 2583 3130 a
2633 3078 2806 3146 probo
2849 3076 2967 3145 ipse
3020 3085 3243 3136 conatu,
3303 3075 3489 3145 vigilia

231 3171 489 3241 βήματος
517 3169 623 3239 τῆς
636 3168 960 3239 ἀγρυπνίας,
986 3166 1100 3221 ἀλλ’
1123 3165 1422 3247 ἐπίμεινον,
1452 3163 1546 3218 καὶ
1576 3160 1817 3216 παλαιώ-

228 3264 346 3336 οητι
374 3266 444 3317 ὲν
471 3262 553 3333 τῷ
575 3260 805 3332 τοιούτῳ
829 3260 996 3332 ἔργῳ,
1032 3258 1125 3313 καὶ
1148 3259 1364 3321 πάντως
1397 3261 1457 3311 ὲν
1487 3255 1567 3328 τῷ
1609 3255 1818 3327 προσή-

225 3375 372 3411 κοντι
412 3354 609 3427 καιρῷ
634 3355 927 3425 τρυγήσεις
943 3353 1067 3417 τοὺς
1103 3350 1351 3422 καρποὺς
1378 3350 1477 3421 τῆς
1514 3348 1725 3418 σοφίας.
1754 3349 1818 3402 EI

226 3448 281 3504 δέ
313 3466 405 3512 τις
440 3446 693 3517 βούλοιτο
715 3445 899 3515 ἀργῶν
919 3444 1151 3514 τρυφᾷν,
1177 3442 1267 3496 καὶ
1302 3440 1693 3512 μεθύσκεσθαι,
1723 3440 1819 3493 καὶ

230 3538 563 3594 κολακεύειν
599 3538 699 3610 τὴν
722 3537 910 3608 κοίτην
933 3534 1126 3589 ἑαυτοῦ
1155 3533 1515 3605 χαριζόμενος
1538 3531 1693 3603 ὕπνῳ
1722 3533 1818 3585 καὶ

224 3634 280 3684 α)
303 3632 463 3704 Θεῷ,
505 3631 749 3702 βλεπέτω
776 3629 904 3692 τοὺς
942 3629 1007 3681 ὲκ
1048 3626 1149 3698 τῆς
1184 3623 1492 3696 παχύτητος
1522 3623 1818 3679 ἐπανατέλ-

225 3724 423 3790 λοντας
484 3727 552 3795 τῇ
606 3721 804 3794 καρδία
845 3718 1068 3791 λοιμούς
1112 3735 1173 3773 τε
1218 3719 1313 3773 καὶ
1360 3719 1635 3790 μυσαροὺς
1671 3717 1818 3785 λογι-

230 3815 421 3881 σμοὺς,
464 3815 563 3867 καὶ
588 3812 995 3885 ὁνειροπολείτω
1011 3811 1216 3874 λοιπὸν,
1235 3810 1329 3865 καὶ
1351 3809 1702 3881 προσδοκάτω
1716 3811 1816 3879 τὴν

231 3907 441 3959 οὸιείαν
479 3905 690 3959 πτῶσίν
722 3922 782 3958 τε
823 3905 918 3959 καὶ
946 3900 1242 3957 ἀπώλειαν.
1300 3901 1440 3970 Ἐγὼ
1472 3900 1581 3971 γὰρ
1610 3901 1736 3954 ἀλλο
1762 3919 1815 3954 τι

234 3993 317 4048 νῦν
357 3997 559 4049 εἰπεῖν
608 3996 708 4049 οὐκ
738 3994 930 4059 ἀνέξω,
974 3993 1057 4048 δτι
1091 3994 1292 4056 πάντες
1330 3994 1379 4045 oi
1427 3991 1683 4063 σαρκικοί⁸
1722 3991 1816 4046 τὸν

230 4085 434 4159 τρίπον
464 4086 574 4153 εξω
597 4086 695 4157 τῆς
726 4085 1002 4156 βασιλείας
1042 4086 1388 4156 ῥιφήσονται.

582 4178 792 4232 AB'.--
810 4176 1060 4247 202mg
1093 4174 1473 4245 ΟΙΚΟΝΟΜῼ.

302 4270 363 4325 ’0
392 4270 511 4342 μὲν
523 4268 729 4339 φαῦλος
759 4272 987 4340 τάχιστα
1014 4268 1079 4321 ἀν
1106 4264 1404 4335 καταγνοίη
1433 4263 1646 4320 καὶτοῦ
1673 4266 1812 4334 ἀγα-

232 4362 320 4416 θοῦ
340 4379 357 4394 ·
408 4365 448 4417 ὁ
479 4363 540 4415 δὲ
566 4362 770 4429 ἀγαθὸς
839 4360 961 4414 οὐδὲ
1000 4357 1094 4414 τοῦ
1139 4356 1311 4412 κακοῦ
1348 4357 1568 4430 ῥᾳδίως.
1597 4357 1672 4411 Τὸ
1703 4358 1809 4428 γὰρ

228 4456 303 4519 είς
323 4454 543 4509 κακίαν
569 4453 669 4523 οὐχ
700 4452 935 4523 ἕτοιμον,
962 4451 1082 4505 οὐδὲ
1111 4452 1191 4514 είς
1211 4449 1465 4504 ὑπόνοιαν
1496 4449 1738 4521 εὐχερὲς.

761 4637 883 4691 AI".
901 4666 971 4678 —-
993 4634 1076 4702 Τῷ
1122 4636 1301 4703 αὐτῷ.

309 4732 370 4787 ⁸ο
453 4729 640 4802 μοιχὸς
689 4728 891 4792 πάντας
948 4727 1266 4798 ἀνθρώπους
1314 4728 1523 4801 νομίζει
1593 4731 1812 4801 μοιχοὺς

234 4821 394 4890 εἶναι,
433 4822 532 4875 καὶ
565 4821 595 4873 ό
618 4819 863 4890 κλέπτης
886 4819 1090 4882 πάντας
1127 4819 1326 4889 ὁμοίως
1366 4820 1602 4883 κλέπτας
1634 4821 1811 4891 ὑπάρ-

232 4934 345 4985 χειν
395 4914 575 4969 οῖεται
600 4928 613 4941 ο
654 4914 683 4965 ό
712 4910 771 4964 δὲ
804 4910 1056 4982 σώφρων,
1090 4911 1184 4964 καὶ⁵
1226 4910 1400 4979 ἅγιος,
1432 4913 1528 4966 καὶ
1560 4912 1812 4982 θεοφιλὴς

233 5007 372 5079 ἀνὴρ
415 5006 630 5067 πάντας
655 5002 975 5075 ἀνθρώπους
999 5000 1272 5071 λογίζεται
1307 5004 1487 5067 ὁσίους
1526 5005 1811 5075 τυγχάνειν

235 5100 327 5152 καὶ
353 5096 621 5158 δικαίους.
670 5095 742 5148 Σὺ
789 5094 836 5148 δ’
888 5094 979 5147 ἐπὶ
1017 5092 1280 5164 πονηρίαν
1328 5094 1391 5147 ἐκ
1444 5096 1668 5166 μακρῶν
1703 5096 1810 5150 τῶν

235 5186 448 5255 χρόνων
482 5183 806 5248 ἐξάκουστος
833 5181 1115 5253 ὑπάρχων,
1144 5184 1354 5246 πάντας
1380 5184 1619 5254 νομίζεις
1640 5201 1807 5258 πονη-

238 5278 365 5348 ρούς
400 5295 463 5331 τε
496 5278 593 5330 καὶ
628 5274 999 5347 φαυλοτάτους
1039 5271 1199 5340 εἶναι,
1236 5277 1330 5331 καί⁵
1364 5280 1476 5341 τοῖς
1505 5279 1637 5333 πᾶσι
1681 5281 1807 5344 τοὺς

238 5371 448 5433 πάντας
478 5368 786 5433 διαϐάλλεις
825 5369 1190 5442 καθεκάστην,
1226 5368 1301 5433 ὡς
1340 5356 1664 5441 μοχθηροὺς,
1710 5373 1806 5426 καὶ

241 5458 486 5521 σκαιοὺς,
519 5457 613 5511 καὶ
644 5458 782 5527 ἄγαν
812 5457 1143 5530 ἀλιτηρίους.

559 5550 678 5604 ΛΔθ.
702 5579 772 5590 -
814 5549 1144 5620 ΣὨΦΡΟΝΙῼ
1186 5550 1491 5623 ΜΟΝΔΧῼ.

310 5641 414 5711 Mi)
432 5640 551 5696 θέλε
571 5642 661 5697 τδν
685 5643 988 5717 ἡγούμενόν
1038 5660 1132 5699 σου
1169 5638 1310 5700 εἶναι
1340 5645 1502 5714 σοφὸν
1520 5643 1598 5716 τῷ
1625 5644 1786 5717 λόγῳο

316 5755 365 5788 ⁸⁹
400 5755 555 5813 Osee.
576 5773 683 5813 xw.
715 5759 771 5814 6.
880 5791 901 5811 .

1920 3185 2113 3240 nempe
2138 3211 2152 3234 ,
2193 3185 2262 3225 ne
2293 3170 2561 3239 desistas,
2611 3168 2707 3225 sed
2755 3184 3077 3239 persevera,
3130 3180 3183 3223 et
3225 3169 3279 3222 in
3319 3169 3488 3223 simili

1917 3263 2272 3338 aggressiohe
2326 3263 2709 3327 inveterasse,
2760 3263 2842 3317 sic
2896 3263 3126 3317 omnino
3180 3271 3489 3331 opportuno

1916 3365 2163 3427 tempore
2199 3356 2483 3427 sapientia:
2515 3356 2730 3411 fructus
2757 3354 3024 3410 demetes.
3055 3354 3212 3421 Quod
3260 3355 3305 3410 si
3332 3356 3488 3426 quis-

1919 3448 2063 3516 piam
2095 3446 2331 3501 voluerit
2373 3446 2428 3500 in
2470 3445 2585 3499 otio
2629 3444 2897 3510 deliciari,
2929 3454 2984 3499 et
3015 3445 3294 3513 inebriari,
3345 3456 3401 3502 et
3431 3447 3486 3502 in

1915 3537 2116 3593 lectulo
2141 3536 2373 3605 obsequi
2404 3550 2506 3589 suo
2535 3548 2751 3595 somno.
2779 3540 2833 3588 et
2863 3548 2969 3588 non
3009 3534 3116 3589 Deo
3151 3550 3357 3592 morem
3391 3550 3486 3606 ge-

1915 3644 2071 3693 rere,
2119 3628 2430 3683 consideret
2463 3627 2534 3681 ob
2572 3626 2956 3696 pinguedinem
2993 3628 3048 3682 in
3095 3626 3281 3681 animo
3321 3641 3486 3682 exor-

1914 3727 2035 3783 tas,
2081 3718 2368 3790 pestiferas
2406 3726 2460 3772 et
2486 3718 2857 3773 exsecrandas
2909 3719 3300 3789 cogitationes,
3331 3727 3384 3771 et
3425 3718 3482 3773 in

1913 3824 2193 3885 posterum
2244 3809 2564 3882 prmvideat,
2631 3818 3021 3881 exspectetque
3074 3810 3352 3880 proprium
3405 3810 3485 3863 la;

1913 3921 2070 3977 psum
2112 3911 2167 3959 et
2195 3903 2495 3957 interitum.
2531 3902 2652 3971 Ipse
2677 3903 2823 3956 enim
2855 3901 3002 3955 aliud
3051 3901 3333 3971 quidpiam
3366 3916 3477 3955 non

1913 3996 2116 4060 dicam,
2166 3992 2274 4048 nisi
2329 3992 2642 4054 veritatem,
2696 4006 2888 4046 omnes
2944 4006 3176 4047 carneos
3233 3993 3480 4048 moribus

1910 4093 2066 4141 extra
2100 4099 2327 4155 regnum
2352 4081 2501 4151 ejici.

2190 4172 2406 4229 XXXII.
2436 4204 2508 4216 —
2536 4169 2791 4228 ZOSIMO
2816 4168 3199 4231 (ECONOMO.

1982 4266 2265 4337 Improbus
2293 4264 2580 4319 celerrime
2632 4264 2900 4321 adversus
2947 4267 3179 4336 probum
3205 4268 3476 4353 judicium

1912 4358 2132 4413 dixerit.
2158 4355 2371 4413 Probus
2402 4370 2605 4426 neque!
2632 4356 2899 4413 adversus
2943 4359 3143 4413 malum
3191 4375 3258 4415 ex
3307 4361 3477 4418 facili.

1840 4466 1885 4523 ι)
1909 4450 2064 4517 Quod
2088 4451 2233 4505 enim
2262 4449 2316 4503 in
2353 4448 2615 4504 malitiam
2662 4464 2894 4518 pronum
2922 4465 3030 4505 non
3058 4457 3163 4516 est,
3192 4467 3371 4523 neque
3409 4468 3479 4509 ex

1916 4542 2064 4596 facili
2098 4541 2153 4595 in
2184 4540 2549 4611 suspicionem
2583 4540 2746 4593 cadit.

2402 4627 2639 4683 XXXIII.
2671 4660 2741 4671 —-
2772 4627 2979 4684 Eidem.

1989 4721 2216 4776 Adulter
2250 4721 2517 4775 mortales
2548 4736 2740 4777 omnes
2760 4720 3043 4777 adulteros
3076 4737 3203 4777 esse
3227 4724 3475 4794 suspica-

1914 4823 2026 4879 tur,
2053 4821 2107 4868 et
2146 4811 2233 4867 l'ur
2273 4812 2526 4868 similiter
2554 4827 2749 4867 omnes
2798 4811 2949 4866 fures
2981 4828 3103 4868 esse
3150 4814 3469 4870 existimat:

1909 4914 1965 4960 et
1993 4904 2263 4975 prudens,
2296 4914 2521 4959 sanctus
2542 4943 2557 4966 ,
2614 4913 2669 4958 et
2716 4906 2838 4974 pius
2872 4905 2955 4957 vir
3005 4919 3194 4960 omnes
3224 4904 3473 4963 homines

1909 5005 2133 5052 sanctos
2165 5010 2290 5051 esse
2336 5009 2400 5050 ac
2437 4995 2619 5065 iustos
2649 4997 2843 5051 credit.
2877 4996 2959 5050 Tu
2997 5010 3163 5066 porro
3191 4996 3246 5051 in
3278 5002 3472 5069 nequi-

1910 5091 1984 5146 tia
2014 5088 2216 5143 multos
2243 5088 2444 5143 abhinc
2464 5103 2638 5159 annos
2661 5087 2977 5143 diffamatus
3007 5102 3130 5142 cum
3158 5089 3256 5156 sis,
3280 5105 3470 5149 omnes

1913 5180 2087 5236 malos
2135 5193 2200 5233 ac
2244 5179 2615 5249 nequissimos
2657 5193 2780 5234 esse
2827 5179 3113 5248 opinaris;
3168 5197 3471 5255 omnesque

1913 5270 2055 5343 apud
2088 5270 2375 5325 universos
2404 5269 2673 5341 quotidie,
2703 5279 2964 5341 tanquam
3005 5272 3108 5343 l7
3136 5274 3386 5343 stolidos,
3413 5286 3470 5334 et

1913 5364 2149 5435 ineptos,
2179 5370 2234 5417 et
2267 5375 2430 5433 quam
2455 5361 2692 5417 maxime
2718 5362 3013 5420 sceleratos
3042 5380 3291 5423 accusas.

2125 5556 2365 5616 xxxrv.
2388 5589 2457 5603 —
2482 5540 2872 5617 Sorusomo
2908 5561 3257 5621 nonanno.

1976 5649 2337 5722 Praepositum
2381 5659 2535 5708 tuum
2582 5652 2888 5726 sapientem
2937 5673 3061 5714 esse
3114 5657 3169 5712 in
3214 5672 3468 5714 sermons
