4024 6218
479 298 555 363 99

1977 285 2038 344 S.
2077 282 2236 343 NILI

3619 269 3724 332 100

482 422 553 461 ne
592 403 821 476 cupito:
870 414 1046 470 neque
1078 398 1223 453 enim
1265 398 1360 469 qui
1413 397 1559 453 docti
1611 406 1740 451 sunt
1794 406 2049 450 sermone

2176 391 2211 443 νύ
2233 390 2340 459 γὰρ
2370 389 2587 452 πάντως
2642 389 2692 441 οί
2749 386 2902 457 σοφοὶ
2939 385 3018 454 τῷ
3054 385 3198 455 λόγῳ
3237 380 3591 452 εύαρεστοῦσι
3649 383 3729 452 τῷ

483 497 597 550 Deo
621 494 858 563 placent,
889 490 986 545 sed
1015 487 1148 541 illud
1179 502 1403 551 conare,
1454 495 1512 541 ut
1559 486 1627 540 ad
1671 485 1833 538 linem
1872 494 2048 548 usque

2176 482 2286 552 ἰεῷ,
2314 483 2428 535 ἀλλ’
2446 485 2622 536 ἐκεῖνο
2645 481 2900 554 ζήτησον,
2921 481 3068 543 ὅπως
3104 480 3169 532 ἂν
3190 479 3352 548 μέχρι
3379 477 3561 537 τέλους
3592 476 3727 527 ὑπο-

484 582 762 654 ignoranti
791 579 1104 646 subjaeeas,
1138 578 1230 647 qui
1256 578 1515 648 opinione
1551 575 1834 630 hominum
1860 569 2049 625 mundi

2176 577 2320 644 ταγῇς
2343 573 2421 644 τῷ
2453 572 2639 647 ἰδιώτῃ
2671 575 2734 628 σὺ
2767 578 2795 627 6
2817 572 2895 643 τῷ
2922 573 3098 626 δοκεῖν
3135 568 3522 638 σεσοφισμένος
3542 570 3608 637 τῇ
3633 567 3728 619 τοῦ

483 673 751 744 sapientia
776 671 1026 735 excellis;
1047 671 1128 725 sic
1143 671 1289 724 enim
1315 668 1661 730 humilitatis,
1679 674 1733 722 et
1756 677 1894 719 verae
1917 661 2047 717 sub-

486 765 767 820 missionis
808 761 1104 818 admodum
1129 761 1366 830 pretiosa
1431 774 1634 814 corona
1672 753 2050 813 exornaberis.

989 850 1211 907 XXXV.
1241 882 1311 893 —
1340 850 1551 906 Eidem.

552 945 699 1000 Nihil
728 944 955 1000 omnino
1011 952 1119 998 tuae
1156 944 1515 999 submissioni
1546 950 1601 998 et
1630 949 1836 1013 pacatae
1863 938 2052 1002 menti,

485 1040 658 1092 multa
698 1038 778 1092 tui
813 1037 1029 1092 abbatis
1063 1037 1120 1090 in
1158 1052 1436 1101 sermone,
1479 1034 1574 1106 qui
1619 1049 1720 1090 ore
1752 1031 2052 1106 profertur,

486 1129 822 1199 ignorantia,
866 1128 1201 1183 detrimento
1235 1127 1362 1182 crit.

987 1219 1224 1276 XXXVI.
1257 1250 1329 1260 —
1360 1218 1564 1274 Eidem.

563 1331 582 1364 ι
625 1312 766 1367 Deus
797 1319 988 1367 noster
1033 1310 1470 1366 misericordiam
1525 1318 1578 1366 et
1625 1309 1897 1380 judicium
1921 1306 2053 1362 dili-

2150 671 2357 738 κόσμου
2390 667 2574 738 σοφία,
2596 668 2693 737 τῆς
2708 664 3224 735 ταπεινοφροσύνης,
3255 662 3350 715 καὶ
3379 662 3477 730 τῆς
3497 677 3732 728 γνησιω-

2150 765 2320 834 τάτης
2352 761 2630 832 ὑποταγῆς
2661 759 2751 813 τὸν
2776 758 3143 828 πολυτίμητον
3179 755 3440 824 στέφανον
3467 753 3729 824 ἀναδήση.

2678 853 2802 905 AE’.
2832 879 2900 890 ——
2928 847 3012 913 Τῷ
3031 847 3210 914 αὐτῷ.

2225 950 2389 1004 Οὐδὲν
2427 949 2488 1002 τὸ
2535 947 2750 1001 σύνολον
2785 942 3128 1015 παραὸλάψει
3154 940 3254 1012 τὴν
3300 937 3400 1010 σὴν
3435 937 3732 1008 ὑποταγὴν,

2156 1043 2249 1097 καὶ
2281 1039 2768 1113 μετριοφροσύνην,
2812 1038 2845 1107 ή
2900 1034 3071 1105 πολλὴ
3124 1032 3265 1086 κατά
3290 1031 3383 1084 τὸν
3404 1029 3738 1101 προφορικὸν

2156 1135 2314 1204 λόγον
2335 1133 2540 1188 ίδιωτία
2565 1132 2659 1186 τοῦ
2697 1130 2791 1185 σοῦ
2819 1128 2984 1184 ἀϐὅᾶ.

2673 1225 2814 1290 AG".
2842 1250 2909 1265 -
2932 1216 3204 1273 EENQNI.

2235 1340 2253 1371 ι
2303 1319 2360 1372 Ὀ
2388 1318 2520 1381 Θεὸς
2543 1316 2698 1388 ήμῶν
2732 1314 2923 1384 ἀγαπᾷ
2945 1308 3314 1381 ἐλεημοσύνην
3361 1306 3455 1360 καὶ
3481 1306 3683 1377 κρίσιν,
3713 1323 3732 1356 ι

486 1404 564 1475 git
586 1405 629 1435 ³³
662 1442 676 1467 ,
705 1423 723 1456 ι
762 1413 819 1458 ιιι
843 1404 984 1457 dixit
1013 1403 1182 1457 David
1213 1421 1229 1458 :
1262 1413 1319 1458 ut
1347 1419 1522 1474 neque
1553 1403 1926 1458 misericordia
1957 1415 2058 1456 nos

2176 1411 2340 1473 ιαοὼς
2373 1411 2560 1482 εἴρηκε
2585 1407 2747 1461 Δαυίδ
2767 1424 2781 1438 ο
2805 1407 2894 1458 ἵνα
2911 1406 3047 1476 μήτε
3065 1405 3091 1456 6
3117 1401 3264 1463 ἔλεος
3285 1399 3536 1470 χαυνώσῃ
3567 1400 3737 1468 ἡμᾶς,

486 1495 771 1565 segniores
799 1495 1016 1558 reddat,
1049 1511 1228 1566 neque
1255 1495 1526 1565 judicium
1567 1496 1742 1551 solum
1774 1495 1828 1548 in
1859 1494 2057 1564 despe-

487 1586 756 1639 rationem
790 1586 1034 1639 inducat.
1070 1585 1319 1656 Namque
1351 1587 1463 1639 ait:
1497 1603 1515 1636 ι
1541 1585 1597 1638 Si
1632 1585 1775 1639 Deus
1799 1585 2061 1640 observa-

2162 1504 2298 1573 μήτε
2336 1502 2470 1572 μόνη
2506 1503 2540 1571 ἠ
2569 1501 2748 1570 κρίσις
2781 1497 3092 1566 ἀπόγνωσιν
3118 1495 3502 1564 ἐνεργάσηται.
3539 1511 3556 1541 ι
3605 1493 3734 1544 Ἐὰν

2161 1597 2291 1666 γὰρ,
2313 1595 2467 1666 φησὶ,
2500 1592 2868 1664 παρατηρήσας]
2906 1589 3133 1659 ἀνομίας
3157 1591 3185 1640 6
3205 1586 3358 1650 Θεὸς,
3392 1586 3479 1659 ⁸τίς
3503 1586 3739 1655 ὑποστή-

486 1677 629 1731 verit
659 1687 910 1746 peccata,
961 1678 1087 1746 quis
1129 1679 1425 1732 sustinebit
1452 1677 1532 1731 “?
1568 1696 1586 1729 ι
1626 1675 1754 1732 Vult
1789 1678 1956 1748 judex
1982 1679 2061 1732 tui

2176 1706 2359 1754 σεταις
2399 1707 2417 1740 ι
2450 1685 2696 1758 βούλεταί
2728 1702 2785 1738 σε
2811 1687 2839 1738 6
2865 1683 3058 1753 κριτὴς
3084 1681 3324 1750 ὲλεῆσαι,
3357 1681 3452 1734 καί⁵
3485 1680 3577 1733 τὸν
3612 1681 3741 1731 ἐαυ-

490 1771 781 1833 misereri,
841 1785 1110 1840 suamque
1155 1770 1594 1826 misericordiam
1647 1772 1949 1842 impertiri,
2013 1773 2060 1826 si

2176 1781 2257 1834 τοῦ
2291 1751 2602 1851 οἰκτείρμὸν
2651 1751 2996 1847 μεταδοῦναι,
3016 1751 3122 1826 ήὲάν
3175 1770 3310 1842 εὕρῃ
3347 1787 3406 1822 σε
3457 1771 3594 1839 μετά
3640 1770 3742 1838 τὴν

490 1873 616 1936 post
645 1872 920 1933 patratum
950 1862 1211 1917 delictum
1252 1873 1306 1918 te
1335 1864 1679 1917 bumiliatum
1712 1867 2058 1934 compererit,

2161 1871 2438 1944 ἁμαρτίαν
2459 1868 2953 1938 τεταπεινωμένον,
2986 1865 3079 1918 καὶ
3117 1864 3224 1918 τῶν
3261 1861 3618 1916 δουλεύοντων
3662 1859 3742 1930 τῷ

488 1959 797 2028 videritque
836 1967 888 2011 te
928 1955 1195 2010 Dominus
1240 1954 1315 2008 ita
1359 1953 1633 2020 affectum,
1677 1962 1735 2007 ut
1772 1955 1916 2009 servi
1966 1954 2062 2010 Dei

2176 1964 2282 2035 Ξ)εῷ
2321 1963 2457 2035 πρὸς
2483 1961 2545 2014 τὸ
2577 1960 2879 2030 συγκαμεῖν
2908 1956 3002 2010 τοῦ
3036 1956 3252 2025 ίαοῆναι
3281 1954 3380 2024 τὴν
3411 1952 3740 2023 ἁμαρτωλὸν

489 2049 873 2104 misericordia
916 2055 1011 2102 tua
1043 2047 1218 2108 ducti,
1253 2054 1435 2100 tecum
1482 2062 1589 2100 una
1621 2047 1784 2102 simul
1818 2047 2061 2102 laborem

2176 2060 2341 2130 ψυχήν
2365 2074 2484 2124 σου,
2519 2054 2615 2108 ὲάν
2643 2051 2905 2122 Θεάσηταί
2945 2067 3003 2103 σε
3028 2051 3055 2102 6
3102 2047 3305 2118 Κύριος
3327 2045 3558 2099 ἐλεεινὸν
3585 2044 3743 2112 γενό-

491 2142 748 2203 subeant,
782 2154 881 2210 pro
915 2138 1241 2210 peccatricis
1285 2137 1482 2192 animae
1523 2146 1629 2191 ture
1663 2137 1862 2200 salute,
1895 2139 2065 2193 mise-

491 2233 789 2288 ricordiam
815 2247 972 2288 suam
1021 2231 1239 2284 abunde
1273 2229 1368 2283 tibi
1414 2229 1808 2300 suppeditabit.
1849 2228 1907 2284 Si
1935 2244 2065 2285 vero

489 2341 589 2381 cor
637 2335 856 2380 tumens
910 2323 1208 2394 superbia,
1252 2321 1521 2387 infidum,
1564 2332 1618 2376 et
1662 2321 1930 2392 paenitere
1968 2338 2066 2378 nev

492 2416 672 2474 scium
698 2414 1071 2486 conspexerit,
1116 2421 1171 2468 et
1204 2412 1356 2468 nullo
1385 2412 1552 2467 modo
1584 2411 1827 2469 futurum
1867 2414 2066 2469 timens

488 2509 781 2581 judicium,
835 2516 966 2562 tunc
1030 2506 1138 2575 18
1189 2520 1350 2569 sane,
1395 2514 1525 2559 tunc
1565 2502 1710 2561 Deus
1733 2514 1879 2560 amat
1920 2506 2108 2576 judi-'

494 2601 668 2666 cium,
720 2599 1188 2670 quemadmodum
1229 2597 1476 2654 medicus
1502 2597 1727 2668 liquidis
1785 2597 2068 2664 fomentis,

495 2708 562 2748 ac
597 2693 850 2747 uncturis
879 2689 1096 2745 lenibus
1143 2697 1414 2743 tumorem
1454 2689 1757 2758 compescit
1789 2707 1802 2743 :
1843 2689 1939 2744 sed
1979 2691 2069 2745 ubi

495 2783 857 2853 pertinacem,
889 2787 945 2834 et
978 2777 1393 2832 medicamentis
1418 2777 1778 2846 pervicaciter
1798 2778 2070 2833 resisten—

498 2885 605 2932 tem
640 2882 912 2928 tumorem
944 2869 1167 2934 viderit,
1203 2867 1714 2932 commiseratione,
1745 2875 1800 2923 et
1835 2870 2072 2926 molliter

495 2966 692 3039 agendi
738 2965 954 3020 ratione
998 2962 1232 3032 abjecta,
1278 2960 1334 3015 in
1384 2969 1668 3030 posterum
1726 2976 1886 3017 usum
1938 2962 2070 3019 ferri

503 3060 610 3116 sibi
643 3057 886 3114 asciscit.
923 3055 1083 3110 Amat
1116 3053 1283 3126 igitur
1323 3053 1782 3118 misericordiam,
1824 3062 1879 3110 et
1914 3054 2068 3125 judi-

495 3151 642 3207 cium
687 3148 974 3212 Dominus,
1019 3145 1448 3202 miscricordiam
1494 3143 1550 3199 in
1585 3159 1702 3210 eos,
1755 3147 1849 3218 qui
1886 3151 2063 3219 ραιιιί-

498 3239 725 3294 tentiam
756 3247 943 3308 agunt,
969 3235 1239 3306 judicium
1285 3234 1340 3288 in
1370 3233 1693 3298 renitentes,
1726 3250 1790 3292 ac
1828 3243 2075 3308 pervica.

495 3348 610 3386 COS.

610 3418 879 3475 XXXVII.
923 3448 992 3459 --
1040 3416 1436 3474 EUSTATIIIO
1467 3418 1956 3480 (IUBICULABIO.

570 3513 710 3568 Tuta
743 3513 830 3567 die
856 3513 978 3567 vitae
1027 3512 1256 3580 hujusce
1293 3511 1481 3581 justus
1507 3515 1778 3582 angustiis
1830 3525 1885 3571 et
1919 3519 2075 3575 dolo-

499 3607 676 3669 ribus,
699 3620 912 3661 necnon
938 3603 1254 3674 opprobriis
1283 3602 1660 3671 conflictatur,
1694 3607 1883 3663 multis
1910 3611 2073 3666 etiam

498 3699 783 3756 laboribus
818 3709 1077 3769 tanquam
1120 3698 1325 3753 ictibus
1356 3705 1755 3768 praegravatur.
1788 3699 1865 3755 Ne
1891 3702 2076 3773 itaque

499 3800 761 3860 tanquam
813 3805 871 3842 re
921 3803 1063 3843 nova
1104 3789 1158 3842 in
1202 3787 1629 3842 admirationem
1657 3789 1917 3854 traharis,
1949 3809 2074 3848 cum

499 3883 705 3938 videris
742 3880 974 3951 probum
1005 3881 1186 3935 virum
1216 3881 1387 3937 variis
1441 3895 1505 3934 ac
1543 3879 1778 3938 diversis
1810 3885 2076 3941 molestiis

499 3971 919 4032 colluctantem,
948 3977 1004 4024 et
1033 3968 1221 4024 labore
1251 3969 1363 4038 jam
1409 3967 1756 4026 fatiscentem
1792 3987 1807 4026 :
1851 3990 1868 4023 ι
1900 3973 2073 4038 Quem

497 4063 644 4118 enim
701 4061 842 4117 Deus
896 4069 1062 4124 amat,
1113 4061 1369 4131 corrigit,
1399 4058 1641 4132 ﬂagellat
1676 4077 1806 4117 vero
1853 4079 2073 4119 omnem

500 4153 696 4218 filium,
728 4168 892 4225 quem
925 4151 1168 4206 admittit
1201 4151 1270 4207 ³⁵.
1310 4169 1328 4202 ι
1365 4150 1454 4216 Et,
1500 4170 1518 4204 ι
1553 4150 1888 4223 Flagellatus
1928 4172 2070 4220 sum,

506 4245 605 4311 ait,
631 4254 746 4299 tota
780 4245 887 4308 die,
916 4253 970 4297 et
997 4243 1352 4312 reprehensio
1383 4259 1498 4298 mea
1532 4245 1586 4300 in
1619 4247 1902 4302 matutinis
1934 4248 2000 4304 ³⁸.
2045 4267 2063 4299 ι

500 4337 686 4408 Neque
716 4337 863 4392 enim
901 4336 1259 4406 reprehensio
1293 4336 1464 4390 solem
1516 4337 1694 4408 ipsum
1728 4353 1831 4392 suo
1875 4340 2074 4397 robore

2168 2168 2350 2222 μενον,
2401 2145 2811 2218 ὲπιχωρηγήσει
2832 2160 2914 2195 σοι
2943 2140 3171 2210 ἄφθονον
3186 2138 3283 2209 τὴν
3309 2136 3502 2192 ἑαυτοῦ
3519 2136 3745 2206 ἐλεημο-

2166 2247 2352 2314 σύνην.
2383 2241 2508 2297 Ἐὰν
2534 2240 2593 2294 δὲ
2623 2237 2846 2310 καρδίαν
2866 2236 3236 2307 ὑπερήφανον,
3255 2234 3346 2286 καὶ
3372 2231 3618 2294 ἄπιστον,
3649 2230 3750 2285 καὶ

2165 2336 2551 2407 ἀμετανόητον
2611 2331 2884 2403 Θεωρήσῃ,
2941 2327 3034 2382 καὶ
3113 2324 3374 2396 μηδαμῶς
3405 2323 3750 2394 φοδουμένην

2165 2428 2226 2482 τὸ
2262 2427 2452 2497 μέλλον
2488 2424 2791 2496 κριτήριον,
2842 2420 2964 2474 τότε
3013 2419 3102 2489 δὴ,
3153 2417 3273 2470 τότε
3313 2417 3503 2486 ἀγαπᾷ
3551 2417 3579 2468 6
3609 2413 3750 2478 Θεὸς

2167 2520 2266 2592 τὴν
2292 2519 2495 2590 κρίσιν,
2529 2517 2718 2586 ὥσπερ
2763 2513 2949 2586 ίατρὸς
2993 2509 3424 2579 καταντλήμασι,
3453 2507 3547 2560 καί⁵
3583 2522 3751 2576 περι-

2169 2611 2484 2681 πλάσμασιν
2513 2607 2738 2669 ἁπαλοῖς
2773 2604 3020 2676 βούλεται
3050 2601 3401 2656 καταστεῖλαι
3428 2599 3487 2652 τὸ
3522 2599 3748 2668 οῐδημα.

2184 2703 2354 2757 Ἐπάν
2388 2701 2446 2754 δὲ
2478 2701 2562 2774 ίδῃ
2592 2697 2904 2761 ἀνενδότως,
2944 2697 3038 2750 κα)⁵
3066 2694 3316 2766 σκληρῶς
3353 2691 3751 2746 ἀντιτυποῦντα

2169 2795 2261 2848 τὸν
2287 2795 2470 2862 ὄγκον,
2499 2791 2660 2863 ῥίψας
2679 2789 2739 2843 τὸ
2770 2790 2969 2854 ἔλαιον,
2993 2785 3087 2840 καὶ
3115 2784 3214 2856 τὴν
3238 2784 3484 2855 μαλακὴν
3499 2782 3746 2851 ἀγωγὴν,

2170 2889 2403 2959 αἱρεῖται
2448 2885 2636 2938 λοιπὸν
2675 2882 2773 2954 τὴν
2822 2881 2916 2936 τοῦ
2975 2880 3196 2950 σιδήρου
3247 2878 3463 2949 χρῆσιν.
3530 2876 3753 2946 ’Δγαπᾷ

2169 2981 2348 3034 τοίνυν
2386 2975 2753 3048 ἐλεημοσύνην
2799 2974 2892 3029 καὶ
2926 2972 3111 3045 κρίσιν
3137 2970 3167 3022 6
3197 2969 3417 3043 Κύριος·
3449 2966 3752 3038 ἐλεημοσύ-

2171 3089 2270 3142 νην
2305 3069 2406 3141 μὲν
2450 3069 2544 3122 ἐπὶ
2578 3067 2687 3121 τῶν
2722 3065 3142 3137 μετανοούντων,
3168 3062 3348 3134 κρίσιν
3375 3061 3432 3115 δὲ
3485 3059 3579 3114 έπὶ
3637 3059 3754 3112 τῶν

2170 3163 2420 3235 σκληρῶν
2443 3162 2536 3216 καὶ
2562 3159 2874 3216 ἀνενδότων.

2340 3429 2458 3482 AZ’.
2497 3455 2568 3467 —
2612 3423 2950 3495 ΕΥΣΤΛΘΙῼ
2989 3418 3572 3489 ΚΟΥΒΙΚΟΥΛᾹΡΙῼ.

2247 3521 2414 3590 Ὅλην
2436 3518 2533 3588 τὴν
2555 3518 2768 3589 ἡμέραν
2803 3515 2898 3568 τοῦ
2948 3513 3064 3584 βίον
3109 3513 3300 3567 τούτου
3335 3515 3362 3566 6
3399 3513 3602 3572 δίκαιος
3645 3529 3758 3581 μα-

2176 3612 2455 3682 στιγοῦται
2508 3612 2564 3663 ὲν
2609 3609 2827 3674 λύπαις,
2876 3607 2934 3660 ὲν
2961 3605 3196 3670 ὀδύναις,
3224 3607 3280 3658 ὲν
3310 3605 3659 3673 ὀνειδισμοῖς,
3698 3606 3760 3656 ὲν

2177 3706 2390 3767 πολλοῖς
2422 3702 2642 3774 μόχθοις
2668 3700 2908 3754 θλίδεται
2941 3697 3392 3769 μαστιγούμενος.
3442 3695 3532 3770 Μή
3569 3697 3761 3748 τοίνυν

2177 3795 2406 3863 ξενίζον,
2468 3793 2597 3846 ὅταν
2630 3790 2832 3862 βλέπῃς
2880 3788 2970 3842 τὸν
3003 3789 3210 3857 ἀγαθὸν
3263 3787 3431 3858 ἄνδρα
3472 3786 3762 3840 ταλαιπω-

2179 3884 2373 3957 ροῦντα
2413 3882 2684 3953 διαφόρως
2736 3879 2832 3932 καὶ
2877 3877 3376 3948 καταπονούμενον.
3409 3894 3428 3928 ι
3471 3879 3565 3929 ’ον
3645 3881 3761 3946 γὰρ

2175 3978 2369 4047 ἀγαπᾷ
2401 3974 2601 4044 Κύριος
2627 3970 2890 4035 παιδεύει,
2933 3973 3189 4040 μαστιγοῖ
3218 3969 3272 4022 δὲ
3322 3969 3499 4022 πάντα
3530 3968 3648 4022 υίὸν
3697 3969 3763 4020 ὃν

2177 4068 2560 4140 παραδέχεται.
2585 4060 2619 4116 ⁵)
2652 4063 2798 4118 Καίο
2837 4082 2857 4116 ι
2902 4062 3221 4133 Ἐγενόμην,
3276 4062 3429 4132 φησὶ,
3483 4079 3762 4131 μεμαστιο

2176 4162 2420 4233 γωμένος
2439 4159 2566 4229 ὃλην
2585 4157 2683 4228 τὴν
2710 4157 2945 4227 ἡμέραν,
2973 4159 3070 4209 καὶ
3094 4157 3122 4208 6
3143 4153 3361 4224 ἔλεγχός
3389 4170 3486 4225 μου
3534 4155 3614 4215 είς
3655 4154 3762 4215 τὰς

2179 4252 2412 4324 πρωίας.
2469 4268 2488 4300 ι
2544 4250 2618 4302 Ού
2664 4250 2770 4319 γάρ
2815 4248 3164 4319 περιέμεινεν
3221 4248 3250 4299 6
3306 4246 3523 4316 ἔλεγχος
3563 4246 3762 4317 μέχρις

2179 4343 2406 4413 ἀκμάσῃ
2464 4341 2555 4394 τὸν
2595 4341 2768 4412 ἧλιον.
2809 4340 3075 4409 Ἢλεγχον
3125 4339 3359 4410 ἐμαυτὸν
3401 4337 3763 4408 ἐξομολογού-

501 4433 744 4486 vividum
782 4429 1146 4498 exspeCtavit.
1186 4427 1670 4499 Reprehendebam
1691 4433 2069 4502 memetipsum

2183 4453 2362 4507 μενος,
2399 4434 2454 4487 εἴ
2507 4451 2561 4486 τι
2622 4433 2878 4496 ἐπταισα,
2912 4433 3006 4485 καὶ
3053 4433 3221 4503 χωρίς
3258 4431 3552 4503 μαρτύρων
3587 4432 3760 4501 δημο-

501 4525 794 4586 conlitens,
822 4522 868 4576 si
901 4521 1033 4591 quid
1063 4521 1292 4592 deliqui,
1340 4529 1394 4577 et
1421 4523 1646 4592 .absque
1677 4523 1914 4580 testibus
1943 4540 2073 4595 pec-

500 4626 624 4670 cata
656 4629 775 4668 mea
805 4612 1124 4684 propalans.

695 4703 988 4760 XXXVIII.
1033 4733 1104 4744 —-
1137 4701 1538 4759 XENAGORE
1569 4703 1886 4761 DIACONO.

577 4799 852 4862 Praesens,
883 4812 1004 4867 qua;
1038 4811 1138 4850 nos
1171 4805 1354 4862 vexat,
1398 4797 1837 4851 necessariorum
1867 4797 2074 4868 inopia,

503 4906 810 4960 eorumque
847 4905 954 4943 non
991 4889 1065 4942 ita
1108 4887 1311 4949 facilis,
1348 4903 1524 4958 neque
1573 4899 1684 4942 tam
1731 4889 1841 4944 cita
1885 4891 2076 4960 acqui-

507 4980 659 5045 sitio,
721 4979 1144 5050 ignorantiaque
1183 4977 1427 5046 quando,
1466 4987 1822 5048 autquanatn
1865 4983 2080 5038 ratione

508 5081 634 5126 vota
666 5082 855 5127 nostra
889 5071 1049 5126 finem
1087 5070 1405 5135 habebunt;
1441 5070 1556 5126 lucc
1580 5072 1761 5126 omnia
1791 5074 1905 5142 spei
1929 5089 2084 5129 exer-

512 5163 804 5218 citationes
862 5172 1035 5218 sunt:
1080 5177 1205 5232 Spes
1259 5163 1405 5218 enim
1460 5162 1566 5232 19
1612 5163 1668 5217 in
1727 5163 1919 5231 Deum,
1986 5165 2081 5236 qui

510 5264 692 5327 potest
731 5256 894 5320 bona,
933 5270 1057 5310 cum
1091 5255 1159 5310 iis
1193 5254 1566 5320 destituimur,
1605 5265 1658 5310 et
1691 5270 1882 5312 eorum
1915 5259 2074 5328 copia

513 5360 623 5400 non
653 5351 759 5409 est,
789 5343 1068 5404 exhibere,
1098 5343 1307 5412 figenda
1335 5353 1444 5398 est.

1003 5434 1242 5490 XXXIX.
1278 5465 1343 5479 -—
1372 5434 1579 5490 Eidem.

584 5527 880 5602 Speremus
924 5529 980 5584 in
1029 5527 1222 5594 Deum,
1261 5529 1449 5593 frater,
1486 5545 1790 5599 spcrcnius,
1825 5529 1948 5585 licet
1979 5548 2076 5588 ne—

585 5707 634 5741 ⁸³
669 5705 813 5765 Psal.
851 5723 1022 5778 xuii,
1063 5708 1116 5764 5.
1202 5708 1246 5741 “
1285 5707 1429 5764 l‘sal.
1462 5724 1646 5774 cxxrx,
1685 5712 1736 5765 5.

2179 4526 2372 4579 σιεύων
2406 4543 2507 4596 μου
2533 4525 2632 4588 τάς
2659 4525 2953 4594 ἁμαρτίας.

2468 4699 2598 4755 AH'.
2633 4731 2702 4741 —
2736 4700 3095 4770 ΞΕΝΑΓΟΡᾼ
3123 4699 3449 4770 ΔΙΑΚΟΝῼ.

2259 4795 2323 4849 Ἦ
2351 4793 2603 4865 παροῦσα
2632 4792 2725 4846 νῦν
2757 4793 2936 4846 ἔνδεια
2979 4792 3087 4846 τῶν
3117 4793 3424 4865 χρησίμων,
3456 4791 3550 4844 καὶ
3585 4790 3648 4843 τὸ
3681 4791 3768 4862 μὴ

2184 4887 2402 4960 ῥᾳδίως,
2432 4887 2566 4957 μηδὲ
2605 4885 2812 4956 ταχέως
2840 4885 3019 4939 αὐτῶν
3049 4885 3426 4956 ἐπιτυγχάνειν
3460 4886 3627 4954 ἡμᾶς,
3661 4885 3768 4936 καὶ

2183 4979 2243 5031 τὸ
2273 4978 2346 5049 μή
2391 4976 2546 5047 δῆλον
2576 4970 2711 5029 εἷναί
2744 4993 2895 5042 ποτε,
2926 4977 3019 5028 καὶ
3052 4976 3168 5038 πῶς
3210 4975 3624 5045 ὲπιτευξὼμεθα
3647 4975 3769 5027 τῶν

2184 5071 2500 5140 αἰτημάτων
2547 5068 2725 5138 ἡμῶν,
2756 5068 2933 5121 πάντα
2981 5067 3153 5120 ταῦτα
3178 5069 3455 5138 γυμνάσια
3475 5068 3571 5136 τῆς
3605 5067 3770 5119 ἐλπί-

2181 5164 2269 5224 δος
2299 5161 2553 5231 ὑπάρχειο
2609 5160 2714 5231 χρὴ
2763 5158 2872 5230 γὰρ
2927 5159 3143 5212 ἐλπίσαι
3200 5163 3290 5213 ἐπὶ
3338 5159 3426 5212 τὸν
3467 5158 3599 5210 Θεὸν
3660 5160 3769 5212 τὸν

2183 5252 2406 5305 δυνατὸν
2455 5250 2637 5305 δοῦναι
2687 5250 2756 5303 τά
2813 5250 3011 5320 ἀγαθὰ,
3057 5253 3183 5305 ὅταν
3241 5250 3616 5322 ὑστερώμεθα,
3660 5253 3771 5305 καὶ

2187 5345 2576 5417 σπανιζὼμεθα
2608 5345 2831 5399 τούτων.

2675 5438 2799 5494 ΛΘ.
2833 5467 2902 5476 —
2944 5437 3028 5503 Τῷ
3081 5439 3260 5505 αὐτῷ.

2272 5530 2608 5602 Ἐλπίσωμεν
2633 5529 2726 5583 ἐπὶ
2742 5530 2833 5584 τὸν
2857 5530 3008 5596 Θεὸν,
3039 5532 3254 5602 ἀδελφὲ,
3293 5534 3625 5605 ἐλπίσωμεν,
3653 5532 3775 5590 κᾶν

1815 5712 1856 5743 ³⁸
1888 5710 2044 5766 Prov.
2100 5727 2179 5779 ιιι,
2217 5712 2300 5768 12.
2379 5716 2422 5746 ³⁸
2457 5713 2598 5770 Psal.
2643 5729 2809 5780 ωιτη,
2856 5715 2936 5768 14.
