4024 6218
254 243 343 310 ιοι

1497 242 1614 327 ΕΡ]
1624 237 2029 302 STOLARUM
2063 241 2206 302 LIB.
2251 241 2300 302 ῐ.

3393 238 3495 303 102

250 357 321 428 μὴ
349 354 644 427 πρόχειρον
689 351 927 425 δρῶμεν,
965 353 1101 425 μηδὲ
1162 355 1344 428 ῥᾴδιον
1380 354 1444 408 τὸ
1473 356 1660 410 λαϐεῖν
1719 355 1820 425 τὴν

1924 369 2031 424 que
2059 355 2114 406 in
2139 361 2612 424 promptu,neqne
2639 367 2705 408 ex
2741 350 2888 408 facili
2913 359 3040 407 vota
3068 359 3258 408 nostra
3285 354 3492 424 suscipi

245 449 482 518 αἴτησιν.
510 446 646 517 μηδὲ
675 444 1032 516 γινώσκωμεν
1059 448 1245 500 ὁποῖον
1278 447 1430 501 ἔσται
1451 448 1511 501 τὸ
1537 448 1818 519 συμϐησό-

247 558 407 610 μενον
437 540 589 609 ήμῖν.
613 537 870 592 Βούλεται
896 538 1005 610 γάρ
1060 541 1209 610 ἡμᾶς
1235 541 1264 593 ό
1291 541 1421 604 Θεὸς
1459 541 1546 594 ἀεὶ
1579 540 1819 606 ἐλπίζειν

247 633 328 684 ἐπ’
360 630 548 695 αὑτὸν,
573 629 633 694 ὃς
661 629 754 682 καὶ
795 629 865 682 τὰ
892 630 1196 701 πράγματα
1223 633 1397 698 οὑτως
1427 636 1815 704 κατεστήσατο,

246 723 382 777 ὥστε
428 720 821 793 προελπίσασιν
897 719 1074 775 ἐλθεῖν
1149 723 1281 794 ἡμῖν
1353 726 1453 796 τὴν
1519 725 1818 779 ἀπόλαυσιν

246 816 350 868 τῶν
425 815 760 886 αἰτηθέντων
821 815 1172 888 προσκαίρων
1246 833 1328 882 τε,
1409 817 1505 872 καὶ
1585 817 1818 871 αἰωνίων

247 908 484 978 ἀγαθῶν.

759 1000 850 1054 Μ’.
883 1031 956 1041 -
990 1001 1074 1069 Τῷ
1119 1001 1298 1069 αὐτῷ.

320 1095 384 1147 Ὀ
413 1095 473 1147 ὲν
503 1095 616 1156 τοῖς
644 1091 880 1163 παροῦσι
934 1094 1042 1148 τῶν
1092 1096 1242 1166 παρά
1294 1094 1388 1149 τοῦ
1412 1095 1550 1150 Θεοῦ
1582 1095 1812 1167 δεηθεὶς,

246 1185 335 1237 καὶ
362 1183 612 1246 ἐλπίσας,
650 1185 744 1238 καὶ
770 1182 968 1255 τυχὼν,
1006 1184 1312 1241 διδάσκεται
1355 1188 1485 1258 περί
1524 1187 1630 1240 τῶν
1686 1187 1816 1258 μελ-

247 1276 462 1337 λόντων,
496 1268 572 1329 ὢν
596 1275 833 1345 δεῖταιή
887 1275 1201 1348 ἀνθρωπίνη
1229 1277 1417 1347 φύσις,
1453 1279 1691 1343 ἐλπίζειν
1722 1277 1816 1332 ἐπὶ

245 1369 334 1421 τὸν
354 1367 513 1429 Θεὸν,
537 1367 628 1419 τὸν
657 1367 885 1420 κάκεῖνα
935 1365 1129 1423 δώσειν
1159 1368 1549 1440 ὑποσχόμενον.
1582 1369 1676 1424 Διὸ
1721 1373 1817 1426 καί⁵

248 1459 345 1514 νῦν
380 1458 768 1528 ἐπαγγέλλεται
791 1458 897 1531 πρὸ
926 1459 1035 1512 τῶν
1078 1461 1437 1531 πραγμάτων,
1479 1462 1574 1515 καὶ
1602 1461 1816 1526 πολλοῖς

248 1553 561 1624 ἔμπροσθεν
588 1552 817 1623 χρόνοις,
841 1553 934 1605 καὶ
983 1552 1180 1624 πληροῖ
1225 1552 1325 1616 τὰς
1357 1553 1695 1622 ὑποσχέσεις,
1722 1553 1816 1610 καὶ

249 1645 410 1698 τοῦτο
436 1644 738 1707 πλεονάκις.
761 1642 922 1700 Οὕτω
956 1644 1061 1715 γὰρ
1079 1645 1174 1698 καὶ
1201 1645 1236 1715 ἡ
1265 1644 1523 1709 πολλάκις
1549 1645 1812 1717 γινομένη

1921 462 2234 509 cernamus,
2289 461 2466 516 neque
2508 446 3009 516 deprehendamus,
3062 447 3222 515 cujus
3277 447 3494 517 generis

1918 540 2046 605 erit,
2083 539 2230 608 quod
2261 538 2422 593 nobis
2453 539 2755 608 continget.
2804 536 3050 608 Namque
3074 539 3190 592 vult
3225 537 3364 592 Deus
3392 555 3494 592 nos

1919 633 1975 686 in
2011 647 2135 686 eum
2168 633 2434 685 continuo
2466 645 2618 700 spem
2652 629 2877 704 habere,
2902 630 2995 699 qui
3029 644 3116 682 res
3148 629 3248 682 hac
3280 630 3494 686 ratione

1917 723 2217 794 disposuit,
2245 729 2305 776 ut
2334 721 2532 792 praevia
2557 736 2653 791 spe
2686 721 2828 775 bona
2861 736 2890 773 a
2915 721 3074 775 nobis
3096 722 3353 791 expetita,
3378 724 3494 777 sive

1915 832 1980 874 ea
2035 815 2408 886 temporaria,
2459 816 2576 870 sive
2619 814 2950 884 sempiterna
2993 814 3126 879 sint,
3176 814 3494 884 possidean-

1913 917 2027 966 tur.

2477 997 2592 1055 XL.
2617 1027 2687 1039 --
2725 997 2932 1052 Eidem.

1986 1091 2089 1158 Qui
2117 1090 2168 1146 vi
2204 1105 2271 1146 ac
2301 1092 2632 1147 necessitate
2663 1100 2909 1154 coaetus,
2956 1107 3076 1162 qua:
3114 1107 3144 1145 a
3181 1089 3290 1146 Deo
3321 1107 3494 1162 popo-

1915 1194 2138 1250 scerat,
2191 1199 2422 1254 sperans
2469 1171 2739 1247 obtinuit,
2802 1184 3110 1239 instituitur
3161 1201 3386 1255 quoque
3426 1186 3496 1240 de

1913 1277 2136 1340 tuturis,
2180 1292 2416 1348 quorum
2453 1285 2645 1331 natura
2695 1277 2932 1330 humana
2965 1277 3191 1348 indiget,
3241 1278 3295 1331 in
3328 1279 3494 1332 Deum

1913 1387 2064 1440 spem
2098 1384 2321 1439 ponere,
2345 1370 2440 1440 qui
2469 1385 2532 1425 ea
2565 1385 2624 1424 se
2650 1370 2905 1424 daturum
2931 1371 3203 1439 promisit.
3234 1369 3493 1440 Propter-

1914 1478 1977 1518 ca
2018 1472 2071 1518 et
2111 1478 2258 1518 nunc
2291 1472 2582 1533 antequam
2623 1478 2711 1518 res
2750 1464 3026 1526 eveniant,
3075 1463 3278 1518 multos
3326 1463 3495 1517 etiam

1918 1563 2045 1609 ante
2090 1570 2265 1610 annos
2307 1555 2611 1625 promittit,
2659 1554 3035 1625 promissaque
3084 1555 3246 1624 idque
3295 1557 3495 1625 saepius

1921 1643 2158 1713 perﬁcit.
2185 1641 2276 1698 Sic
2302 1645 2449 1698 enim
2483 1659 2605 1712 quze
2634 1643 2703 1698 de
2737 1643 2922 1698 divina
2953 1645 3183 1700 veritate
3212 1648 3497 1716 experien-

251 1740 414 1806 πεῖρα
451 1736 548 1806 τῆς
598 1735 750 1800 θείας
787 1735 1068 1807 ἀληθείας,
1097 1737 1196 1808 τὴν
1251 1737 1331 1802 είς
1377 1738 1436 1791 τὸ
1465 1739 1658 1808 μέλλον
1686 1742 1816 1812 ἡμῖν

1924 1733 1996 1786 tia
2046 1733 2247 1802 smpius
2292 1733 2476 1786 habita
2506 1742 2612 1797 est,
2669 1749 2821 1802 spent
2876 1744 3121 1790 nostram
3163 1738 3231 1791 de
3273 1741 3493 1803 l‘uturis,

245 1829 434 1883 ἐλπίδα
471 1827 581 1881 τῶν
618 1828 833 1899 ἀληθῶς
871 1829 1296 1901 ἐπηγγελμένων
1328 1830 1553 1902 βεϐαιοῖ.
1607 1833 1818 1906 Ὥσπερ

241 1919 334 1976 οὖν
372 1922 664 1986 πλεονάκις
731 1923 962 1993 αἰτήσας
1015 1921 1226 1993 ἔτυχες,
1273 1925 1365 1978 καί⁵
1416 1927 1611 1997 πεῖραν
1656 1925 1820 1991 ἐδέξω

243 2018 337 2086 τῆς
372 2015 527 2078 Θείας
576 2015 1002 2084 εὐσπλαγχνίας,
1057 2017 1152 2069 καί.
1193 2016 1675 2085 συγκαταδάσεως,
1726 2019 1821 2072 καὶ

246 2108 692 2179 μεγαλοδωρεᾶς,
734 2107 876 2160 οὑτω
933 2107 1035 2162 κᾶν
1093 2107 1167 2179 μὴ
1209 2109 1419 2179 ταχέως
1452 2110 1819 2183 ὲπακουσθῇς,

249 2201 341 2252 νῦν
385 2199 621 2270 ρὡθητι
648 2201 715 2270 τῇ
756 2199 897 2270 καλῇ
953 2200 1270 2272 προσδοκία,
1306 2205 1402 2256 καὶ
1453 2204 1818 2274 καρτερικῶς,

260 2293 354 2344 καὶ
408 2289 763 2362 μακροθύμως
812 2290 1054 2355 ἐλπισον,
1098 2293 1192 2347 καὶ
1247 2293 1560 2364 ὑπόμεινον,
1608 2296 1822 2367 κροὺων

255 2382 341 2436 διά
385 2383 485 2452 τῆς
510 2383 757 2453 δεήσεως,
796 2383 988 2455 μέχρις
1022 2383 1089 2438 ἂν
1128 2387 1156 2438 ὁ
1201 2384 1330 2450 Θεὸς
1365 2385 1565 2458 θελήσῃ
1588 2388 1824 2459 ἀναστῆ-

247 2492 357 2538 ναι,
384 2474 477 2528 καὶ
502 2473 680 2528 δοῦναί
707 2492 815 2540 σοι,
874 2475 1000 2530 ὅσον
1057 2475 1302 2547 χρῄζεις,
1343 2478 1376 2550 ἢ
1414 2479 1508 2532 καὶ
1551 2479 1690 2550 ὑπὲρ
1721 2481 1821 2552 τὴν

243 2563 460 2634 χρείαν.
504 2563 597 2616 Ἐκ
627 2562 884 2635 περιττοῦ
913 2563 1022 2634 γάρ
1040 2557 1115 2620 ὢν
1144 2565 1465 2638 αἰτούμεθα,
1514 2568 1819 2641 ἢνοοῦμεν,

245 2655 468 2709 δύναται
493 2655 694 2722 όΘεδς,
727 2657 822 2710 καὶ
856 2655 1103 2728 βούλεται
1133 2659 1356 2730 ποιῆσαι
1389 2661 1545 2732 ἡμῖν.
1800 2661 1805 2666 ’

719 2829 854 2884 ΜΑν.
885 2859 955 2870 -
984 2832 1338 2906 nmmum.

329 2922 592 2993 Ἰωάννης
631 2925 659 2977 δ
711 2923 1042 2997 Βαπτιστὴς,
1079 2926 1408 2998 φοϐούμενος
1437 2931 1510 3001 μή
1535 2947 1586 2985 τι
1627 2929 1704 2996 ὡς
1728 2931 1823 2987 ἄν-

245 3017 473 3088 θρωπος
504 3015 749 3087 βλαϐείη,
776 3017 877 3081 τὰς
898 3018 1081 3083 πόλεις
1121 3020 1341 3090 ἔφευγε,
1367 3023 1460 3076 καὶ
1480 3022 1581 3094 τὴν
1619 3023 1824 3096 ἔρημον

244 3108 410 3178 ᾤκει.
445 3107 648 3178 Ἰησοῦς
683 3108 743 3161 δὲ
794 3111 823 3162 ό
847 3109 981 3174 Θεὸς
1036 3111 1130 3166 καὶ
1165 3112 1367 3184 Κύριος
1404 3115 1517 3168 τῶν
1544 3116 1683 3170 ὅλων
1703 3120 1824 3182 ταῖς

244 3199 445 3252 πόλεσι
469 3199 832 3271 παραϐάλλων
863 3203 1206 3274 ἁμαρτωλοῖς
1245 3205 1595 3273 συνεδείπνει,
1637 3209 1825 3279 ἐπειδὴ

241 3290 408 3361 ἠλεός
454 3294 570 3345 ἐστι
627 3292 990 3364 δικαιοσύνης.
1058 3295 1236 3350 Ἡλίου
1283 3298 1449 3368 αὑγαὶ
1496 3301 1589 3353 καὶ
1629 3301 1826 3364 παντὸς

245 3384 520 3455 βορϐόρου
545 3383 875 3454 ἐφάπτονται
900 3402 915 3416 ⁸
938 3386 1034 3441 καὶ
1049 3388 1109 3441 τὸ
1143 3389 1241 3459 μὲν
1265 3390 1359 3443 τοὺ
1377 3391 1634 3466 βορϐόρου
1662 3395 1828 3449 δυσῶ-

241 3479 338 3539 δες
397 3475 764 3549 ξηραείνουσιν,
819 3478 982 3532 αὑταὶ
1020 3480 1077 3533 δὲ
1110 3480 1352 3554 καθαραὶ
1387 3484 1698 3556 διαμένουσι
1731 3488 1827 3541 καὶ

248 3568 567 3642 ἀμόλυντοι.
625 3569 785 3624 Ἀλλά
855 3570 1174 3640 φθονοῦντες
1227 3575 1507 3645 Φαρισαῖοι
1570 3577 1822 3648 λέγουσι’

256 3676 276 3708 ι
309 3659 467 3710 Διατί
489 3657 520 3708 ὀ
551 3657 757 3727 Ἰησοῦς
778 3661 917 3730 μετά
942 3661 1051 3715 τῶν
1083 3664 1422 3736 ἁμαρτωλῶν
1447 3667 1542 3723 καὶ
1578 3669 1825 3724 τελωνῶν

249 3749 460 3814 ἐσθίεις
505 3767 524 3800 ι
552 3744 625 3802 Ὦ
657 3749 938 3821 βάσκανοι,
974 3754 1071 3808 καὶ
1099 3755 1337 3826 ἀνόητοι,
1381 3758 1474 3811 καὶ
1513 3759 1701 3830 τυφλοὶ
1728 3759 1824 3832 τὴν

253 3841 523 3910 καρδίανί
555 3841 802 3910 ἀγνοεῖτε
837 3841 945 3915 γὰρ
973 3844 1056 3897 ὅτι
1084 3845 1183 3898 οὑκ
1217 3845 1476 3918 ἀλλαχόσε
1527 3866 1651 3915 που,
1687 3849 1826 3904 ἀλλά

259 3935 486 4003 πλησίον
533 3935 644 3989 τῶν
695 3936 996 3992 νοσούντων
1043 3939 1247 4008 ὀφείλει
1293 3941 1502 4010 διάγειν
1546 3944 1575 3996 ό
1605 3943 1822 4013 ίατρός;

261 4029 435 4082 Ὅπου
503 4030 552 4082 οἰ
615 4029 953 4104 ἁμαρτωλοὶ,
997 4032 1114 4085 ἐκεῖ
1137 4031 1355 4096 πάντως
1390 4033 1594 4088 τίθεται
1641 4036 1825 4090 καὶτὸ

263 4122 596 4192 ἱλαστήριον.
624 4124 1008 4196 Ἀμαρτωλοὺς
1039 4125 1148 4197 γάρ
1183 4121 1346 4198 ἦλθεν
1369 4128 1398 4180 ό
1424 4127 1677 4199 Χριστὸς,
1704 4128 1824 4199 οὑχὶ

268 4212 505 4274 δικαίους
551 4214 769 4268 καλέσαι
839 4216 916 4277 εἰς
984 4218 1290 4285 μετάνοιαν.
1351 4217 1556 4288 Ἰησοῦς
1591 4219 1823 4291 Χριστὸς

265 4303 599 4375 ἁμαρτωλοῖς
626 4306 990 4378 συνδιατρίϐει
1010 4306 1388 4377 οἰκονομικῶς,
1415 4309 1503 4364 ἵνα
1527 4310 1622 4364 καὶ⁸
1648 4311 1825 4382 ἀμάρ-

254 4396 416 4450 τωλοὶ
463 4399 923 4470 μετανοήσαντες,
973 4399 1202 4464 δικαίοις
1251 4401 1685 4467 συναυλισθῶσι,
1727 4404 1822 4457 καὶ

255 4491 738 4563 συνευφρανθῶσιν
771 4493 830 4545 ὲν
861 4494 928 4563 τῇ
969 4490 1218 4566 βασιλεία
1245 4493 1354 4548 τῶν
1374 4494 1640 4566 οὐρανῶν.

500 4671 602 4726 ΜΒ
621 4713 635 4726 .
664 4699 738 4713 —
781 4672 1072 4728 ΜΔΡΙΩΝΙ
1100 4676 1580 4752 ΑΡΙῪΡΟΚΟΠῼ.

326 4763 591 4829 Πλείονας
633 4764 744 4818 τῶν
774 4765 949 4834 λόγων
997 4769 1122 4832 τοὺς
1163 4770 1360 4842 ὅρκους
1398 4771 1685 4846 τολμηρῶς
1735 4774 1829 4829 ἆπί

253 4859 528 4928 στόματος
561 4858 722 4929 ἔχων,
749 4859 1046 4931 ὲντρέποιο.

712 4953 843 5006 Ml".
870 4983 938 4992 -
965 4955 1373 5029 ΦΑΥΣΊἸΑΝῼ.

335 5042 723 5114 Ἦλλοτρίωται
774 5044 866 5098 τοῦ
924 5045 1112 5118 Θεοῦή
1149 5048 1294 5120 ψυχή
1330 5068 1442 5116 σου,
1478 5052 1571 5106 καὶ
1604 5050 1722 5117 πῶς
1757 5069 1826 5124 με

247 5136 600 5206 προέτρεψας
631 5137 845 5207 πέμψαι
908 5156 989 5193 σοι
1045 5140 1203 5209 λόγον
1231 5143 1350 5196 τινά
1397 5145 1692 5216 ὠφέλιμον,
1733 5148 1826 5200 ἀν-

249 5229 458 5298 θρώπῳ
482 5228 693 5283 εἰωθότι
723 5229 939 5294 παίζειν
963 5231 1031 5286 τὰ
1059 5232 1196 5300 θεῖα,
1226 5235 1475 5309 καθάπερ
1505 5237 1571 5290 τὰ
1588 5238 1820 5309 βέϐηλα;

251 5320 383 5382 Πῶς
402 5321 511 5389 γὰρ
550 5322 617 5375 ἂν
662 5324 757 5374 καὶ
783 5323 1000 5395 λαλήσω
1022 5327 1101 5390 είς
1124 5330 1546 5400 νενεκρωμένον,
1571 5333 1664 5386 καὶ
1692 5334 1827 5404 ἀνή-

254 5428 381 5462 κοον
429 5409 558 5477 οὑς;
595 5433 613 5464 ι
656 5414 780 5478 Πῶς
827 5416 1027 5488 ᾄσομαι
1065 5419 1164 5488 τὴν
1201 5419 1342 5491 ᾠδὴν
1374 5423 1578 5495 Κυρίου
1609 5425 1700 5478 ἐπὶ
1722 5425 1826 5495 γῆς

252 5502 560 5576 ἀλλοτρίας,
595 5527 613 5560 ι
640 5508 770 5562 ἔνθα
804 5510 989 5581 ἐχῖνοι,
1015 5513 1110 5566 καὶ
1142 5513 1299 5579 ἴϐεις,
1324 5517 1414 5570 καὶ
1437 5518 1826 5590 νυκτικόρακες

342 5678 384 5712 ³⁷
423 5681 611 5740 Matth.
646 5699 724 5751 lx,
743 5684 848 5768 ’10.
950 5685 1217 5746 "Matth.
1255 5707 1330 5758 ιι,
1361 5693 1448 5748 Η.

1919 1841 2041 1896 qua:
2063 1841 2187 1880 vere
2211 1825 2476 1895 promissa
2507 1834 2657 1890 sunt,
2681 1826 2989 1881 conﬁrmat.
3023 1827 3494 1890 Quemadmodum

1921 1913 2109 1982 itaque
2153 1915 2354 1982 saepius
2393 1929 2626 1983 poscens
2660 1914 2973 1983 ohlinuisti,
3019 1926 3073 1971 et
3100 1918 3298 1972 divina:
3328 1919 3495 1974 mise-

1926 2005 2202 2072 ricordiae,
2232 2007 2607 2070 demissionis,
2644 2008 3054 2077 muniﬁcentiae,
3090 2027 3152 2067 ac
3192 2013 3494 2069 liberalita-

1921 2099 1992 2153 tis
2020 2099 2411 2169 experientiam
2445 2100 2773 2168 suscepisti;
2797 2102 2896 2165 ita,
2928 2102 3056 2158 licet
3095 2121 3204 2158 non
3251 2105 3325 2159 ita
3360 2108 3496 2162 cele-

1921 2194 2056 2246 riter
2096 2192 2432 2254 exaudiaris,
2481 2193 2622 2248 bona
2675 2196 3084 2265 exspectatione
3121 2198 3385 2252 conﬁrma
3416 2208 3492 2265 te,

1921 2294 1974 2340 et
2003 2285 2219 2339 fortiter
2279 2285 2689 2355 toleranterque
2716 2303 2897 2358 spera,
2930 2297 2984 2344 et
3009 2290 3242 2355 sustine,
3269 2291 3496 2359 pulsans

1921 2392 2020 2447 per
2064 2377 2390 2442 orationem,
2427 2391 2713 2448 quousque
2768 2378 2911 2435 Deus
2963 2381 3197 2435 voluerit
3244 2383 3496 2446 excitari,

1922 2467 2268 2538 praebereqne
2301 2469 2398 2524 tibi
2435 2483 2701 2540 quantum
2749 2470 2984 2541 indiges,
3026 2473 3110 2527 vel
3144 2474 3308 2527 etiam
3371 2475 3497 2545 plus

1922 2575 2086 2629 quam
2153 2560 2387 2630 indiges.
2465 2559 2543 2614 Ex
2611 2561 2910 2616 abundanti
2962 2562 3147 2627 enim,
3213 2579 3334 2633 qua
3393 2565 3498 2634 ipsi

1922 2653 2221 2724 poscimus,
2262 2655 2345 2710 vel
2394 2655 2582 2709 animo
2629 2654 2999 2724 concipimus,
3039 2663 3222 2726 potest
3248 2656 3413 2722 Deus,
3443 2667 3498 2714 et

1922 2745 2042 2799 vult
2072 2745 2234 2800 nobis
2260 2759 2425 2815 opere
2450 2746 2568 2814 ipso
2593 2745 2836 2814 elargiri.

2297 2833 2409 2906 κο
2443 2832 2579 2888 xu.
2613 2863 2682 2874 —
2703 2831 3122 2889 neuooono.

1993 2923 2234 2981 Joannes
2260 2925 2524 2996 Baptista,
2583 2926 2783 2982 timens
2818 2942 2887 2980 ne
2915 2925 3048 2996 quid
3091 2927 3198 2981 sibi
3238 2927 3408 2994 noxii,
3432 2911 3500 2982 ἰιι
3605 2948 3616 2952 -

1929 3017 2134 3073 homini
2185 3017 2492 3083 accideret,
2543 3017 2710 3072 urbes
2767 3017 3072 3088 negligens,
3125 3017 3241 3071 loca
3285 3015 3500 3074 deserta

1929 3109 2284 3164 incolebat".
2315 3108 2474 3164 Jesus
2504 3125 2634 3165 vero
2681 3108 2844 3173 Deus,
2903 3119 2958 3164 et
3019 3111 3267 3165 omnium
3307 3111 3495 3166 Domi—

1926 3220 2034 3259 nus
2070 3203 2124 3258 in
2161 3202 2327 3258 urbes
2354 3218 2477 3258 sese
2522 3202 2786 3266 inferens,
2819 3218 2943 3257 cum
2977 3205 3360 3274 peccatoribus
3391 3223 3499 3261 una

1925 3297 2210 3362 cmnabat;
2250 3295 2694 3367 quandoquidem
2733 3296 2825 3350 ille
2850 3295 2933 3349 sol
2958 3295 3185 3364 iustitia:
3218 3307 3320 3353 est.
3355 3297 3501 3354 Solis

1926 3387 2068 3442 radii
2097 3387 2152 3441 in
2178 3386 2352 3441 lutum
2388 3397 2585 3450 totum,
2623 3395 2679 3442 et
2707 3395 2895 3458 partes
2943 3386 3188 3444 immersi
3233 3389 3500 3461 quidquid

1923 3480 1980 3535 in
2008 3493 2075 3535 eo
2121 3487 2206 3534 est
2238 3478 2377 3533 male
2406 3479 2583 3541 olens,
2617 3479 2921 3543 exsiccant,
2960 3493 3082 3533 cum
3120 3480 3196 3534 illi
3236 3482 3359 3552 puri
3413 3483 3500 3536 in-

1925 3570 2396 3640 contaminatique
2447 3581 2867 3627 conserventur.
2921 3570 3308 3628 Verumtamen
3363 3573 3501 3627 invi-

1924 3663 2109 3718 dentia
2147 3663 2342 3733 perciti
2371 3661 2650 3728 Pbarisaai,
2683 3665 2897 3733 dicunt,
2935 3686 2954 3718 ι
2978 3669 3159 3733 Quare
3186 3665 3346 3720 JuSuS
3373 3681 3498 3719 cum

1926 3753 2308 3824 peccatoribus
2359 3762 2413 3808 et
2474 3755 2785 3824 publicanis
2829 3760 3064 3813 comedit
3091 3758 3220 3810 ³⁸7»
3249 3758 3295 3812 0
3327 3757 3499 3810 invidi

1924 3855 1980 3902 et
2031 3855 2211 3901 mente
2259 3848 2431 3916 capti,
2471 3856 2527 3902 et
2587 3850 2753 3904 corde
2795 3852 2971 3905 caeci!
3016 3851 3352 3921 ignoratisne
3387 3866 3498 3904 non

1925 3938 2080 3998 alibi.
2119 3937 2214 3993 sed
2262 3952 2436 4008 prope
2480 3947 2717 4010 aegrotos
2759 3942 2910 4011 ipsos
2951 3941 3165 3996 medico
3193 3939 3498 4011 degendum

1923 4030 2093 4085 esse?
2121 4028 2447 4099 Ubicunque
2499 4039 2822 4101 peccatores
2873 4042 3023 4094 sunt.
3071 4033 3143 4088 ibi
3172 4033 3398 4087 omnino
3445 4044 3498 4088 et

1925 4136 2017 4175 ara
2042 4121 2278 4191 propitia
2307 4121 2534 4191 ponitur
2569 4139 2583 4175 :
2620 4137 2744 4177 nam
2787 4134 3122 4194 peccatores,
3171 4140 3278 4178 non
3316 4123 3499 4193 justos

1923 4212 2071 4266 venit
2117 4212 2370 4269 Christus
2434 4212 2504 4269 ad
2552 4216 2926 4284 paenitentiam
2979 4211 3501 4276 vocare”"°;Jesus

1924 4304 2182 4360 Christus
2240 4321 2365 4360 cum
2417 4308 2804 4377 peccatoribus
2859 4309 2932 4361 ita
2992 4308 3330 4378 disponens,
3384 4322 3493 4360 una

1925 4397 2095 4468 degit,
2151 4407 2212 4452 ut
2277 4408 2599 4468 peccatores
2645 4400 2823 4455 media
2863 4401 3190 4470 pmnitentia
3225 4415 3333 4452 una
3372 4414 3498 4452 cum

1921 4489 2086 4560 justis
2117 4489 2301 4546 sedem
2335 4491 2596 4557 habeant,
2627 4492 2899 4564 simulque
2941 4493 2997 4546 in
3034 4507 3203 4562 regno
3233 4491 3499 4544 ctelormn

1921 4581 2216 4654 gaudeant.

2153 4694 2317 4753 XLII.
2345 4728 2417 4739 —
2447 4697 2736 4754 MARIONI
2787 4699 3258 4754 ARGENTARIO.

1995 4787 2130 4842 Cum
2151 4791 2335 4846 verbis
2361 4791 2496 4861 ipsis
2522 4791 2917 4861 jusjurandum
2957 4794 3050 4847 tibi
3076 4794 3244 4848 inore
3274 4791 3498 4848 allluen-

1926 4881 2040 4937 tius
2073 4883 2334 4938 audacter
2369 4883 2631 4948 abundet,
2662 4886 3059 4939 verecundare.

2350 4975 2542 5030 XLIII.
2571 5007 2640 5016 -
2667 4975 3077 5032 FAUSTIANO.

1999 5064 2267 5136 Perquam
2324 5066 2639 5138 longissime
2697 5082 2904 5124 remota
2969 5077 3053 5124 est
3108 5068 3292 5123 anima
3347 5079 3499 5125 tuaa

1927 5159 2035 5214 Deo
2059 5178 2072 5214 :
2093 5175 2327 5229 quanam
2361 5159 2626 5238 igitur-nne
2647 5163 2879 5230 ratione,
2909 5171 2968 5217 ut
2988 5163 3213 5234 tibi,qui
3235 5166 3498 5234 quemad-

1926 5251 2146 5306 modum
2178 5251 2430 5321 profana,
2483 5253 2558 5306 ita
2603 5263 2657 5307 et
2685 5253 2868 5307 divina
2894 5253 3052 5323 jocos
3095 5255 3253 5318 facis,
3285 5258 3493 5310 oratio-

1933 5356 2057 5395 nem
2089 5341 2276 5396 utilem
2311 5357 2376 5397 ac
2425 5343 2772 5398 commodam
2801 5345 3095 5411 mitterem,
3147 5346 3504 5402 adhortaris?

1933 5433 2222 5500 Quomodo
2239 5438 2383 5491 enim
2411 5437 2527 5506 ipse
2551 5438 2606 5492 in
2639 5454 2825 5494 aurem
2859 5439 3495 5506 demortuam,etexcor-

1933 5526 2056 5582 dem
2089 5543 2397 5586 sermonem
2427 5530 2660 5603 dirigam
2688 5533 2711 5586 Ἰ
2742 5551 2760 5584 ι
2809 5533 3093 5600 Quomodo
3119 5534 3224 5604 21
3260 5535 3499 5590 cantabo

1541 5692 1655 5724 '9'”
1690 5691 1820 5745 Luc.
1851 5707 1900 5755 ν,
1940 5691 2024 5746 52.
