4024 6218
504 267 608 337 103

1995 281 2058 341 S.
2086 272 2275 343 NILI.

3624 284 3727 349 10L

502 386 778 439 canticum
803 382 1015 437 Domini
1049 384 1104 436 in
1135 392 1280 440 terra
1320 386 1500 440 aliena
1532 389 1631 455 “,o
1664 390 1759 443 ubi
1791 393 2057 456 crinacei,

2160 393 2270 447 τῶν
2290 396 2544 468 πονηρῶν
2597 398 2923 466 πνευμάτων
2966 394 3360 456 ὲννοσσεῦουσι.
3386 396 3530 450 κατὰ
3545 396 3610 450 τὸ
3636 415 3727 465 γε·

503 485 559 529 et
580 475 776 536 iliides,
813 484 866 528 et
892 474 1262 543 nycticoraces
1283 479 1742 547 nequissimorum
1771 484 2063 552 spirituum

505 566 687 621 sedem
734 581 888 619 suam
945 578 1269 634 posuerunt,
1323 578 1382 623 ut
1416 571 1680 641 scriptum
1719 582 1804 627 est
1834 572 1931 626 "1'
1962 573 2067 630 Ubi

2165 487 2510 556 γραμμᾶνονς
2562 487 2690 540 ἔνθα
2747 488 3123 555 ὀνοκένταυροι
3183 488 3279 539 καὶ
3324 485 3577 554 δαίμονες
3635 487 3732 555 ὀρ-

2165 574 2383 645 χοῦνται
2415 577 2503 631 διὰ
2530 577 2749 644 παντὸς,
2773 577 2868 632 καὶ
2892 577 3137 648 κόρακες
3155 575 3441 646 κράζουσι.

504 656 887 722 ouocentauri,
908 666 963 710 et
990 656 1266 749 dmiuones
1294 661 1556 715 continuo
1585 663 1809 727 saltant,
1830 671 1887 718 et
1914 664 2067 719 corvi
2142 720 2143 723 η

503 749 805 803 crocitaut.

691 838 875 893 XLIV.
908 868 977 878 —
1010 838 1324 898 PHILIPPO
1381 842 1897 911 SCHOLASTICO.~

576 930 651 984 Ex
682 946 910 1002 papyro,
942 939 997 986 et
1031 936 1169 987 colla
1199 936 1388 990 charta
1410 938 1681 1005 confecta,
1707 940 1899 994 charta
1931 941 2067 995 sim-

501 1020 625 1088 plex
655 1031 1027 1091 nuncupatur,
1059 1025 1266 1094 inqua,
1290 1041 1413 1081 cum
1444 1029 1793 1097 postmodum
1824 1030 2069 1087 subscri-

502 1114 676 1181 pserit
729 1114 1047 1183 imperator,
1103 1118 1306 1172 nemini
1366 1134 1472 1173 non
1524 1128 1715 1175 notum
1765 1132 1888 1186 est,
1945 1137 2064 1177 eam

505 1202 731 1258 Sacram
788 1207 997 1260 vocari.
1062 1208 1263 1262 Eodem
1323 1211 1485 1265 modo
1530 1222 1586 1265 et
1642 1213 1826 1267 divina
1878 1222 2066 1268 nostra

503 1300 762 1368 mysteria
801 1299 1203 1369 comprehende
1237 1319 1250 1355 :
1279 1311 1404 1356 ante
1441 1304 1743 1360 sacerdotis
1798 1305 1980 1364 verba.
2012 1312 2069 1359 et

506 1386 748 1457 Spiritus
779 1392 955 1445 sancti
982 1390 1327 1455 descensum,
1366 1393 1546 1450 nudus
1585 1396 1765 1464 panis,
1792 1404 1848 1452 et
1878 1397 2064 1451 vinum

503 1496 816 1545 commune,
866 1497 987 1551 qua:
1031 1494 1432 1553 proponuntur,
1477 1488 1748 1543 exsistunt
1800 1508 1814 1545 :
1855 1498 1909 1542 at
1944 1498 2067 1559 post

503 1572 821 1629 tremendas
864 1573 985 1628 illas
1012 1574 1410 1637 invocationes,
1441 1587 1495 1631 et
1518 1576 1806 1644 adorandi,
1840 1587 1893 1633 et
1930 1581 2068 1635 vivi-

2441 839 2654 894 MA'.——
2679 840 2963 909 onmno
2993 837 3447 907 ΣΧΟΛΑΣΤΙΚῼ.

2248 930 2342 983 Ἐκ
2363 932 2637 1002 παπύρου,
2664 933 2759 986 καὶ
2791 931 2986 1001 κόλλης
3022 932 3227 1001 χάρτης
3245 930 3729 994 κατασκευασθεὶς,

2166 1022 2371 1095 χάρτης
2392 1024 2545 1093 ψιλὸς
2586 1024 2853 1085 καλεῖται,
2885 1024 3022 1077 ἐπὰν
3044 1023 3120 1085 ,δὲ
3160 1020 3481 1092 ὑπογραφὴν
3511 1020 3731 1091 δέξηται

2168 1113 2450 1183 βασιλέως,
2494 1114 2651 1184 δῆλον
2675 1114 2751 1178 ὡς
2802 1116 2988 1186 Σάκρα
3033 1114 3379 1184 ὀνομάζεται.
3414 1112 3599 1174 Οῦτως
3640 1129 3732 1182 μοι

2166 1202 2275 1257 νόει
2296 1206 2392 1257 καὶ
2414 1204 2482 1256 τὰ
2508 1205 2629 1258 θεῖα
2678 1207 2972 1276 μυστήρια,
3019 1203 3127 1274 πρὸ
3156 1204 3254 1274 μὲν
3297 1203 3395 1272 τῆς
3440 1200 3733 1265 ἐντεύξεως

2165 1296 2260 1351 τοῦ
2297 1298 2508 1369 ἱερέως,
2552 1297 2649 1351 καὶ
2668 1300 2763 1369 τῆς
2819 1298 3040 1353 καθόδου
3062 1297 3155 1351 τοῦ
3194 1297 3351 1364 ἁγίου
3387 1295 3731 1365 Πνεῦματος,

2164 1387 2317 1456 ψιλὸν
2349 1388 2512 1459 ἄρτον
2560 1389 2844 1460 ὑπάρχειν,
2900 1389 2995 1442 καὶ
3034 1383 3176 1440 οἶνον
3201 1386 3378 1440 κοινὸν
3398 1384 3471 1439 τὰ
3507 1383 3733 1455 προκεί-

2171 1495 2331 1549 μεναο
2358 1479 2497 1550 μετὰ
2521 1480 2577 1533 δὲ
2603 1482 2701 1544 τὰς
2732 1481 2966 1552 φοὸερὰς
3010 1481 3226 1543 ὲκείνας
3264 1478 3599 1549 ἐπικλήσεις,
3635 1475 3733 1530 καὶ

2166 1572 2263 1641 τὴν
2292 1572 2633 1645 ἐπιφοίτησιν
2658 1572 2751 1625 τοῦ
2772 1571 3169 1643 προσκυνητοῦ,
3202 1572 3296 1625 καὶ
3318 1568 3605 1633 ζωοποιοῦ,
3635 1570 3732 1621 καὶ

506 1658 615 1722 fici,
646 1669 700 1713 et
738 1660 866 1715 boni
902 1661 1144 1730 Spiritus
1175 1663 1488 1729 adventum,
1528 1681 1637 1720 non
1675 1674 1805 1723 sunt
1831 1669 2057 1738 amplius

2166 1660 2371 1728 ἀγαθοῦ
2402 1662 2738 1733 Πνεῦματος,
2792 1663 2892 1716 οὐκ
2927 1663 3007 1717 ἔτι
3032 1662 3187 1731 ψιλὸν
3212 1663 3374 1730 ἄρτον
3427 1660 3522 1713 κα)⁸
3550 1660 3731 1714 κοινὸν

503 1753 685 1806 nttdus
739 1752 914 1821 panis,
952 1761 1008 1807 et
1062 1753 1354 1808 commune
1411 1757 1619 1819 vinum,
1662 1774 1787 1827 qua:
1815 1759 2057 1829 apposita

2165 1750 2304 1805 οἶνον
2342 1754 2409 1807 τὰ
2429 1732 2811 1826 ἐπιτεθειμένα
2834 1756 2898 1825 τῇ
2926 1756 3056 1825 ἁγίᾳ
3085 1754 3353 1826 τραπέζῃ,
3386 1750 3520 1805 ἀλλὰ
3544 1750 3727 1821 σῶμα,

500 1855 629 1898 sunt
659 1845 710 1898 in
752 1859 914 1897 sacro
959 1846 1142 1909 altari,
1196 1846 1291 1900 sed
1334 1861 1558 1916 corpus,
1602 1858 1657 1903 et
1689 1850 1915 1919 sanguis
1941 1865 2067 1919 pre-

502 1936 697 2000 tiosus,
750 1943 803 1989 et
843 1936 1227 1992 immaculatus
1262 1936 1468 1994 Christi
1518 1940 1904 1997 universorum
1946 1944 2063 2007 Dei,

499 2025 569 2077 ab
628 2025 884 2078 omnibus
942 2025 1200 2080 sordibus
1250 2041 1347 2081 eos
1403 2029 1749 2094 mundantia,
1789 2034 1882 2101 qui
1937 2047 2062 2087 cum

499 2115 714 2180 timore,
772 2124 827 2171 et
887 2116 1159 2171 desiderio
1216 2119 1457 2174 maximo
1518 2120 1737 2176 illorum
1770 2124 2064 2194 participes

500 2206 657 2262 fiunt.

819 2296 976 2353 XLV.
1011 2329 1081 2342 —
1118 2298 1419 2356 LICINNIO
1445 2299 1743 2357 JUNIORI.

565 2388 837 2444 Juvenum
916 2392 1291 2460 voluptatibus
1364 2393 1674 2448 deditorum
1746 2395 2059 2464 pestiferam

495 2482 948 2535 consuetudinem
1006 2482 1150 2551 fuge,
1198 2493 1254 2538 et
1319 2495 1516 2538 conatu
1578 2485 1867 2556 studioque
1911 2489 2058 2543 omni

496 2574 719 2628 devita:
763 2576 963 2629 etenim
1010 2583 1064 2628 et
1111 2592 1296 2645 opere,
1351 2584 1406 2630 et
1452 2577 1756 2648 inquinatis
1805 2579 2060 2651 alloquiis

497 2666 797 2723 amantium
830 2666 1054 2721 animos
1084 2669 1407 2737 corrumpit.

846 2756 951 2824 22
991 2756 1176 2813 XLVI.
1219 2788 1287 2799 —
1332 2758 1743 2815 somnomo.

568 2846 834 2902 Subditus
857 2848 1229 2911 comitatui,et
1259 2853 1571 2919 praeposito,
1594 2851 1864 2905 neminem
1893 2852 2058 2908 alium

497 2940 552 2993 in
579 2939 812 2992 fratrum
837 2938 964 2992 albo
993 2940 1284 3009 scripsisse
1319 2955 1591 3004 asserens,
1619 2941 1857 2996 ludibrio
1885 2946 2057 3014 magis

2166 1847 2261 1899 καὶ
2288 1840 2429 1918 αἷμα
2458 1846 2639 1918 τίμιον
2699 1848 2793 1900 καὶ⁸
2835 1846 3101 1918 ἄχραντον
3153 1844 3389 1915 Χριστοῦ
3432 1842 3526 1896 τοῦ
3592 1841 3747 1897 Θεοῦ,

2164 1934 2271 1987 τῶν
2301 1936 2574 1998 ἁπάντων,
2601 1934 2897 2006 καθαρίζον
2936 1934 3043 1989 ἀπὸ
3079 1933 3274 1996 παντὸς
3306 1931 3579 2004 μολυσμοῦ
3602 1932 3729 1994 τοὺς

2166 2028 2681 2099 μεταλαμϐάνοντας
2703 2029 2870 2099 φόϐῳ,
2894 2030 2986 2082 καὶ
3022 2028 3169 2099 πόθῳ
3202 2026 3403 2098 πολλῷ.

2476 2293 2608 2348 ME’.
2639 2324 2703 2332 ——
2728 2291 3044 2362 ΔῙΚΙΝΝῙῼ
3074 2288 3406 2358 ΝΕΩΤΕΡῼ.

2232 2384 2342 2455 Τὴν
2390 2383 2643 2454 λοιμικὴν
2690 2382 3064 2453 συνδιαγωγήν
3114 2379 3223 2432 τῶν
3283 2377 3579 2448 φιληδόνων
3629 2393 3723 2429 σου

2120 2490 2125 2495 '
2161 2476 2436 2546 νεωτέρων
2456 2474 2823 2545 ἀποστρέφου,
2863 2474 2956 2525 καὶ
2985 2471 3151 2539 φεῦγε
3183 2468 3331 2541 πάσῃ
3357 2467 3601 2537 δυνάμει·
3630 2466 3724 2519 καὶ

2159 2567 2268 2637 γὰρ
2293 2567 2385 2619 καί
2401 2564 2475 2635 τῷ
2501 2564 2664 2635 ἔργῳ,
2694 2564 2785 2617 καὶ
2810 2564 2929 2625 ταῖς
2963 2561 3403 2631 μεμολυσμέναις
3461 2557 3721 2627 ὁμιλίαις,

2158 2658 2256 2720 τὰς
2282 2656 2457 2726 ψυχὰς
2476 2655 2782 2726 διαφθείρει
2810 2653 2919 2706 τῶν
2952 2649 3288 2719 ἀγαπώντων
3310 2648 3527 2708 αὐτούς.

2616 2746 2765 2813 MCT.
2809 2778 2880 2787 —
2908 2744 3260 2814 ΣΩΦΡΟΝΙῼ.

2241 2839 2631 2901 ’Υποτακτικδς
2646 2837 2820 2906 λέγων
2844 2839 2909 2907 τῇ
2927 2836 3161 2907 συνοδίᾳ,
3187 2838 3281 2890 καὶ
3303 2834 3378 2905 τῷ
3407 2831 3717 2903 κρατοῦντι,

2164 2930 2367 3002 μηδένα
2384 2930 2539 2983 ἄλλον
2566 2928 2924 2995 ὑποδέξασθαι
2962 2928 3205 2995 ἀδελφὸν,
3239 2926 3556 2997 χλευάζεται
3588 2923 3720 2994 μᾶλ-

493 3030 744 3096 habetur,
774 3029 1116 3098 multumque
1144 3030 1405 3084 irridetur
1432 3046 1462 3084 a
1485 3031 1881 3098 diabolo.Quid
1907 3028 2052 3089 enim

2158 3027 2248 3081 λον
2270 3070 2283 3093 ,
2318 3027 2411 3080 καὶ
2449 3026 2587 3094 ἄγαν
2622 3023 2945 3094 ὲμπαίζεται
2979 3023 3083 3076 ὑπὸ
3116 3021 3208 3075 τοῦ
3228 3019 3493 3073 διαϐόλου.
3520 3018 3586 3071 Τί
3611 3018 3720 3086 γάρ

495 3122 595 3176 tibi
624 3120 812 3176 datnni
868 3120 1067 3176 inferet
1118 3122 1411 3201 comitatus
1444 3126 1681 3189 auctior,
1713 3134 1767 3178 et
1791 3126 2054 3195 quemad-

494 3212 714 3266 modum
762 3211 1059 3282 Apostolus
1106 3212 1247 3266 dixit
1291 3208 1362 3279 “,
1409 3213 1789 3284 multiplicata,
1824 3226 1877 3271 et
1903 3216 2056 3272 Iocu-

494 3304 693 3374 pletata
743 3303 801 3358 in
848 3304 1145 3359 multorum
1176 3302 1411 3358 fratrum
1453 3320 1689 3375 persona
1722 3309 1899 3379 gratia
1934 3309 2057 3380 Spi-

490 3396 637 3449 ritus
669 3395 849 3448 sancti
876 3394 899 3448 ?

913 3483 1123 3539 XLVII.
1157 3517 1225 3526 —
1266 3484 1631 3543 DOSITHEO.

565 3575 637 3632 Ut
691 3576 834 3632 Deus
883 3578 958 3632 sit
999 3580 1182 3632 omnia
1228 3578 1284 3633 in
1311 3580 1591 3646 omnibus,
1632 3580 1813 3635 lumen
1849 3580 2056 3641 lumine

491 3665 700 3736 dignis,
758 3666 903 3739 ignis
954 3680 1086 3721 vero
1162 3667 1439 3738 castigans
1503 3669 1831 3737 sempiterna
1889 3685 2052 3740 pana

488 3758 705 3830 dignos.

960 3847 1204 3904 XLVIII.
1241 3879 1311 3893 —-
1344 3848 1551 3903 Eidem.

558 3942 712 4009 Quod
740 3942 926 3998 labore
958 3945 1278 4015 acquiritur,
1310 3944 1552 3999 tenacius
1590 3944 1886 4014 detinetur;
1905 3949 2051 4019 quod

490 4048 619 4087 vero
657 4032 837 4096 facile,
890 4033 1178 4097 citissime,
1232 4042 1493 4103 tanquam
1543 4034 1688 4103 quod
1723 4033 1918 4090 iterum
1958 4052 2052 4091 ac-

486 4123 632 4191 quiri
683 4122 883 4185 valeat,
965 4123 1310 4191 projicitur:
1365 4138 1536 4191 quare
1596 4126 1653 4178 in
1714 4125 1908 4194 majori
1985 4142 2050 4183 ac

490 4213 717 4268 ﬁrmiori
749 4212 1014 4267 beneficio
1049 4213 1430 4268 collocandqu
1471 4222 1555 4269 est
1599 4231 1707 4270 non
1765 4216 1838 4270 ita
1864 4232 2048 4288 prom-

488 4311 640 4371 ptum
668 4302 1013 4356 beneficium.

999 4392 1185 4448 XLIX.
1212 4424 1281 4433 -—
1315 4394 1522 4451 Eidem.

553 4484 827 4556 Quidquid
867 4486 1038 4541 multo
1074 4488 1282 4554 labore,
1334 4500 1389 4544 et
1432 4505 1540 4544 non
1573 4489 1693 4547 sine
1726 4490 2045 4549 discrimine

481 4580 885 4648 conquirimus,
938 4582 1294 4648 pertinaciter
1341 4596 1546 4645 amare.
1580 4594 1633 4637 et
1667 4584 2046 4643 indesinenter

480 4671 730 4741 diligere,
757 4676 811 4724 et
850 4672 980 4725 totis
1012 4671 1222 4726 viribus
1250 4673 1531 4727 custodire
1560 4674 1859 4731 suevimus.

904 4761 966 4817 L.
1016 4790 1087 4806 —-
1118 4762 1626 4821 THEODORIANO.

553 4853 738 4910 ltudes
788 4856 1061 4923 nonnulli,
1109 4863 1165 4912 et
1214 4853 1403 4912 mundi
1454 4868 1701 4915 amantes
1752 4860 1878 4926 viri,
1934 4871 2040 4917 tua:

481 4948 718 5003 miseriae
768 4962 875 5001 non
930 4949 1246 5015 dissimiles,
1297 4951 1530 5020 propriis
1553 4950 1838 5008 affectibus
1867 4953 2041 5021 ducti,

482 5038 799 5098 sanitatem,
846 5043 901 5089 et
940 5035 1180 5103 divitias,
1228 5046 1283 5093 et
1312 5038 1523 5105 luxum,
1552 5045 1608 5092 et
1639 5039 1878 5094 hostimn
1905 5041 2046 5094 exci-

482 5127 634 5180 dium
664 5127 918 5197 precibus
954 5143 983 5181 a
1030 5126 1260 5183 Domino
1293 5139 1550 5199 poscunt,
1589 5128 1785 5185 deinde
1825 5128 1929 5199 23
1956 5146 2046 5201 ge-

484 5220 632 5275 neris
662 5220 931 5289 ejusmodi
962 5221 1219 5291 petitione
1251 5220 1520 5289 frustrati,
1554 5222 1711 5278 fldem
1744 5222 2030 5291 abjicimu,

484 5310 570 5366 vel
596 5321 1010 5382 conqueruntnr
1037 5314 1104 5369 de
1130 5312 1257 5369 Deo.
1290 5314 1396 5370 Alii
1423 5316 1649 5370 rursum
1685 5312 1832 5368 aliud
1871 5314 2033 5384 quid-

485 5403 628 5473 piam
655 5403 1012 5473 postulautes,
1058 5419 1160 5459 nec
1210 5404 1341 5459 illud
1405 5406 1613 5460 utiliter
1668 5413 2030 5474 reportantes,

484 5508 662 5564 neque
702 5492 849 5549 enim
887 5493 1135 5561 omnino,
1174 5510 1294 5564 quin
1335 5495 1637 5567 diligimus,
1683 5495 1837 5549 utilia
1890 5505 2038 5566 sunt,

560 5664 603 5696 “
639 5664 783 5721 Psal.
818 5679 1045 5733 exuri,
1079 5667 1135 5721 4.

2158 3138 2216 3173 σε
2231 3119 2506 3190 ἐζημίωσε
2524 3118 2583 3171 τὸ
2603 3116 2968 3187 πληθυνθῆναι
2990 3115 3087 3185 τὴν
3112 3112 3404 3174 συνοδείαν,
3422 3111 3515 3164 καὶ
3537 3109 3717 3171 καθὼς

2152 3212 2181 3263 ὁ
2248 3209 2563 3273 Ἀπόστολος
2610 3208 2820 3281 εἴρηκε,
2867 3205 3158 3259 πλεονάσαι
3181 3204 3273 3257 καὶ
3325 3202 3621 3272 αὐξηθῆναι
3658 3204 3716 3253 ὲν

2154 3303 2428 3373 προσώπῳ
2450 3302 2657 3355 πολλῶν
2691 3300 2935 3371 ἀδελφῶν
2949 3299 3047 3369 τὴν
3073 3298 3233 3371 χάριν
3255 3296 3349 3351 τοῦ
3365 3297 3519 3365 ἁγίου
3548 3295 3719 3350 Πνεῦ-

2157 3412 2321 3462 ματος
2337 3411 2352 3458 ;

2639 3486 2767 3539 MZ'.
2817 3513 2889 3524 —
2925 3484 3224 3554 ΔΟΣΙΘΕῼ.

2226 3576 2342 3629 Ἵνα
2430 3577 2458 3628 ὁ
2477 3573 2612 3637 Θεὸς
2650 3573 2830 3627 πάντα
2851 3574 2911 3627 ἐν
2953 3575 3107 3636 πᾶσι,
3132 3574 3247 3641 φῶς
3277 3571 3376 3643 μὲν
3414 3575 3524 3635 τοῖς
3544 3572 3717 3639 ἀξίοις

2150 3668 2243 3722 τοῦ
2275 3668 2471 3738 φωτὸς,
2506 3666 2619 3737 πῦρ
2644 3666 2700 3719 δὲ
2726 3665 3083 3737 κολαστήριον
3130 3666 3241 3727 τοῖς
3264 3664 3433 3731 ἀξίοις
3460 3664 3560 3734 τῆς
3583 3665 3717 3718 αἰω-

2151 3759 2262 3812 νίου
2291 3757 2589 3820 κολάσεως.

2650 3848 2794 3902 ΜΗ¹.
2820 3877 2887 3888 -
2910 3845 2994 3911 Τῷ
3027 3847 3207 3911 αὐτῷ.

2219 3940 2293 3993 Τὸ
2322 3940 2419 4010 μὲν
2435 3940 2582 4010 πόνῳ
2614 3937 2832 4007 κτηθὶν,
2863 3938 3061 4005 μᾶλλον
3104 3938 3418 4010 κρατεῖσθαι
3446 3940 3713 4009 πέφυκεν,

2147 4031 2211 4085 τὸ
2238 4032 2293 4085 δὲ
2325 4031 2522 4103 ῥᾳδίως
2553 4031 2770 4102 κτηθὲν,
2828 4029 2924 4083 καὶ
2948 4029 3317 4083 ἁποπτύεσθαι
3341 4030 3588 4101 τάχιστα,
3634 4031 3715 4095 ὡς

2150 4124 2310 4176 πάλιν
2363 4122 2631 4193 ληφθῆναι
2670 4121 2985 4193 δυνάμενον,
3021 4120 3165 4174 ὥστε
3199 4121 3398 4192 μᾶλλον
3423 4123 3745 4194 εὐεργεσίᾳ.

2149 4209 2437 4281 κρατίστῃ,
2465 4209 2557 4263 καὶ
2580 4208 2769 4281 βεϐαίᾳ
2816 4210 3136 4263 καθίσταται
3183 4211 3243 4264 τὸ
3295 4211 3367 4282 μὴ
3421 4212 3713 4287 πρόχειρον

2146 4298 2247 4369 τῆς
2273 4299 2608 4371 εὐεργεσίας.

2647 4393 2780 4449 MS’.
2809 4425 2880 4435 —
2904 4393 2994 4461 Τῷ
3010 4396 3186 4462 αὐτῷ.

2210 4485 2325 4538 Πᾶν
2356 4484 2417 4538 τὸ
2440 4484 2618 4556 πολλῷ
2647 4486 2850 4559 μόχθῳ,
2877 4488 2967 4541 καὶ
2993 4486 3163 4555 ἀγῶνι
3198 4488 3473 4561 πορισθὲν,
3518 4489 3705 4541 ποθεῖν

2142 4575 2427 4638 συντόνως,
2460 4577 2553 4629 καὶ
2581 4577 2829 4647 στέργειν
2859 4579 3171 4646 άνενδότως,
3206 4583 3299 4633 καὶ
3330 4581 3493 4634 παντὶ
3528 4580 3708 4636 σθένει

2139 4667 2426 4737 φυλάττειν
2453 4668 2746 4739 εἰώθαμεν.

2592 4760 2676 4812 N'.
2698 4789 2767 4800 —
2809 4759 3252 4840 esoaoriANo.

2205 4849 2457 4919 Ἀμαθεῖς
2467 4868 2631 4914 τινες,
2658 4850 2751 4904 καὶ
2775 4850 3091 4922 φιλόκοσμοι
3111 4853 3301 4923 ἄνδρες
3324 4855 3711 4926 προσεοικότας

2136 4943 2204 5010 τῇ
2247 4944 2311 5011 σῇ
2349 4940 2627 5011 ἀθλιότητι
2674 4940 2938 5013 ἐμπαθῶς
2975 4943 3291 5012 φερόμενοι,
3341 4944 3571 5011 ὑγίειαν,
3604 4947 3712 5000 καὶ

2140 5034 2387 5097 πλοῦτον,
2421 5034 2512 5087 καὶ
2535 5033 2833 5103 σπατάλην,
2856 5034 2951 5089 καὶ
2985 5035 3191 5106 ἐχθρῶν
3220 5036 3519 5108 ἀνθρώπων
3544 5036 3710 5091 ἀπώ-

2138 5125 2289 5179 λειαν
2322 5127 2389 5179 δι’
2424 5127 2591 5197 εὐχῆς
2619 5126 2711 5181 τὸν
2747 5128 2953 5199 Κύριον
2978 5128 3241 5181 αἰτοῦσιν·
3271 5125 3387 5181 εἶτα
3402 5129 3501 5200 τῆς
3521 5122 3709 5183 imas.

2140 5235 2239 5288 της
2275 5217 2541 5288 βλαϐεράς
2586 5218 2947 5290 ἀποτυχόντες
2998 5220 3265 5291 αἰτήσεως
3311 5222 3391 5284 εἰς
3448 5221 3714 5277 ἀπιστίαν

2139 5312 2481 5383 χωροῦσιν,ἧ
2519 5298 2823 5383 μέμφονται
2847 5314 2937 5367 τὸν
2963 5312 3116 5369 Θεόν.
3149 5312 3329 5367 ’Ἄλλοι
3382 5314 3542 5367 πάλιν
3572 5314 3714 5369 ἄλλο

2136 5422 2189 5457 τι
2211 5403 2565 5470 ἐξαιτοῦντες,
2588 5406 2681 5458 καὶ
2716 5404 2789 5476 μὴ
2825 5402 3173 5475 κομιζόμενοι
3202 5407 3589 5476 συμφερόντως
3611 5407 3710 5475 (οὐ

2144 5496 2252 5568 γὰρ
2284 5496 2499 5561 πάντως
2519 5497 2661 5569 άπερ
2689 5494 2950 5569 φιλοῦμεν
3003 5495 3096 5550 καὶ
3115 5496 3314 5567 ὠφελεῖ
3332 5497 3375 5568 )’
3407 5497 3467 5552 τὸ
3510 5497 3619 5570 γὰρ
3646 5501 3713 5554 τί

1233 5668 1279 5702 ⁸⁸
1339 5670 1450 5728 Isa.
1499 5687 1719 5740 xxsuu,
1757 5673 1847 5729 Il.
1931 5671 2214 5731 “l‘l‘hes.
2249 5686 2331 5740 ιιι,
2362 5671 2449 5728 12.
