4024 6218
334 335 438 399 Ιθξε

1558 334 2089 394 EPISTULARUM
2130 333 2272 391 LIB.
2317 333 2366 391 Ι.

3496 331 3594 397 106

337 442 769 519 προσευξόμεθα,
804 443 956 515 φησι,
983 442 1103 497 καθ’
1129 443 1156 495 ὃ
1186 443 1285 509 δεῖ,
1307 444 1404 497 οὒκ
1434 443 1679 515 οἴδαμεν,
1704 444 1909 513 γογγύ-

2034 457 2466 512 gnoramusque,
2505 448 2561 494 ut
2601 441 2689 495 ille
2723 440 2911 506 ait,uti
2944 440 3150 506 decuit,
3185 455 3374 510 preces
3414 441 3589 498 ell‘nno

334 540 517 604 ζουσιν
555 536 717 599 εὐθὺς
758 534 1199 606 χαλεπαίνοντες,
1243 536 1336 587 καὶ
1384 535 1913 604 δυσανασχετοῦντες

332 632 429 684 ἰπὶ
474 631 542 699 τῇ
572 627 899 693 ἀποτεύξει,
951 626 1131 680 καίτοι
1165 626 1424 689 πολλάκις
1475 626 1912 695 κατεγνωσμένοι

337 723 427 775 τὸν
452 720 566 792 βίον
586 719 945 789 ὑπάρχοντες,
970 716 1205 787 ἑτοίμως
1227 712 1505 786 βούλονται
1524 718 1910 770 ὲπακούεσθαι·

334 813 444 881 ἄρα
468 810 578 881 γὰρ
611 809 711 863 οὐκ
748 808 985 877 ὀιρείλεις
1028 809 1388 878 εὐχαριστεῖν,
1419 810 1498 862 ὅτι
1531 808 1878 878 κατηξιώθης
1899 846 1913 870 ,

334 904 429 954 καί
452 901 617 970 μόνον
646 898 897 969 ὀρθρίσαι
946 898 1082 969 πρὸς
1128 899 1219 950 τὸν
1269 898 1545 951 κτίσαντα
1590 900 1787 960 πάντα,
1822 899 1916 951 καὶ

335 991 699 1062 συνομιλῆσαι
736 990 885 1061 αύτῷ
932 989 1018 1042 διὰ
1066 990 1164 1058 τῆς
1217 990 1418 1059 εὑχῆςς
1486 991 1624 1043 ἀλλὰ
1666 993 1758 1045 καὶ
1794 992 1916 1061 μηδ’

333 1082 729 1151 εύχαριστῆσαι
753 1080 943 1145 θέλων,
965 1077 1245 1142 ὀνειδίζεις
1280 1082 1364 1143 σὺ,
1387 1082 1414 1132 ὁ
1438 1080 1627 1150 πηλὸς,
1649 1082 1739 1134 τὸν
1772 1082 1919 1136 Πλά-

335 1190 469 1240 στην
496 1188 589 1224 σου
612 1188 626 1235 ;
646 1171 804 1223 Ἀλλὰ
826 1170 919 1222 νῦν
941 1170 1072 1238 γοῦν
1095 1170 1618 1242 σαυτὸνδοκιμάσας,
1641 1173 1917 1242 ἄνθρωπε,

334 1260 570 1330 γνώριζέ
602 1278 694 1314 σου
726 1262 792 1313 τὰ
817 1262 1013 1332 μέτρα.

644 1354 771 1405 NA'.
797 1381 867 1392 ——
894 1353 1248 1424 ΠΛΟΥἸἸΝῼ
1284 1354 1613 1425 ΥΠΑΤΙΚῼ.

410 1446 473 1497 Οἱ
508 1444 683 1515 πέραν
710 1443 804 1496 τοῦ
852 1443 1114 1513 Ἰορδάνου
1151 1444 1781 1517 κατακληροδοτηθέντες
1815 1448 1919 1499 ύπδ

334 1537 616 1599 “mihine;
638 1535 735 1588 τοῦ
768 1536 1006 1605 μεγάλου
1028 1536 1340 1607 νομοθέτου,
1388 1539 1653 1608 Ῥουϐὴμ,
1686 1539 1777 1593 καὶ
1811 1539 1920 1592 Γὰδ

342 1630 605 1699 ὑπῆρχον,
638 1628 733 1681 καὶ
769 1628 867 1697 τῆς
902 1627 1073 1697 φυλῆς
1099 1628 1366 1698 Μανασσῆ
1398 1629 1457 1681 τὸ
1500 1630 1690 1700 ἥμισυ.
1742 1632 1919 1701 Πρόσ·

342 1738 493 1774 ωπον
519 1719 560 1772 δ’
578 1715 721 1773 οὗτοι
738 1719 931 1789 ἔφερον
952 1718 1058 1772 τῶν
1076 1718 1163 1771 διὰ
1189 1718 1280 1772 τοῦ
1305 1720 1470 1788 νόμου
1502 1721 1919 1776 δικαιωθέντωνο

340 1815 402 1866 αί
433 1813 487 1866 δὲ
520 1812 676 1866 ἄλλαι
701 1812 855 1863 ἐννέα
888 1812 982 1865 καὶ
1013 1811 1185 1881 ἥμισυ
1216 1811 1401 1880 φυλαὶ,
1434 1812 1636 1875 αἵτινες
1665 1813 1803 1883 μετὰ
1832 1815 1921 1867 τὸν

347 1903 622 1974 Ἰορδάνην
663 1900 1093 1973 κληρονομοῦσι,
1134 1902 1401 1973 σύμὸολον
1438 1905 1766 1973 τυγχάνουσι
1812 1905 1921 1958 τῶν

332 1997 399 2061 ἐξ
427 1995 597 2049 ἐθνῶν
631 1994 1070 2048 πεπιστευκότων
1099 1994 1341 2065 Χριστῷ,
1382 1996 1477 2048 καὶ
1502 1996 1589 2048 διὰ
1625 1996 1725 2065 τῆς
1757 1996 1918 2066 χάρι-

327 2105 424 2150 τος
450 2086 548 2141 τοῦ
587 2086 746 2155 ἁγίου
780 2086 1095 2158 Πνεύματος
1123 2086 1535 2140 τελειωθέντων.
1580 2088 1921 2158 Σημειωτέον

327 2181 415 2243 δὲ,
445 2181 529 2232 ὅτι
570 2178 676 2247 πρὸ
708 2177 801 2231 τοῦ
839 2176 1108 2247 ποταμοῦ,
1144 2178 1389 2231 τουτέστι
1412 2178 1505 2232 τοῦ
1538 2178 1919 2248 Χριστιανικοῦ

332 2271 740 2340 βαπτίσματος,
790 2268 985 2340 ἀτελής
1037 2287 1153 2332 πως
1184 2270 1278 2322 καὶ
1331 2268 1610 2339 νηπιώδης
1648 2269 1921 2322 δείκνυται

329 2363 545 2432 γνῶσις
602 2363 695 2415 mi.
741 2361 1017 2414 πολιτεία·
1048 2360 1237 2413 παιδία
1284 2360 1393 2432 γὰρ
1439 2363 1572 2423 ἐκεῖ,
1604 2362 1700 2413 καὶ
1747 2362 1917 2431 κτήνη

330 2454 535 2515 πολλὰ,
564 2454 656 2505 καὶ
686 2454 949 2519 γυναῖκας
981 2452 1244 2521 ὑπάρχειν
1268 2450 1696 2521 μεμαρτύρηκεν
1726 2452 1756 2519 η
1785 2466 1919 2519 γραο

335 2546 419 2617 φὴ
444 2547 577 2599 Mur:
588 2544 740 2608 σέως.

839 2634 970 2687 ΝΒ’.
1012 2663 1082 2673 —
1112 2632 1194 2699 Τῷ
1242 2634 1423 2700 αὐτῷ.

413 2724 874 2795 Συναγωνίζονται
909 2729 1026 2790 ταῖς
1059 2726 1214 2778 ἐννέα
1243 2725 1415 2796 ἥμισυ
1442 2725 1629 2791 φυλαῖς
1658 2725 1792 2795 πρὸς
1824 2726 1927 2797 τὴν

334 2822 704 2891 κληρονομίαν
734 2820 789 2872 αἱ
819 2818 909 2870 δύο
936 2819 1103 2889 ἥμισυ
1170 2819 1256 2881 Ὡς
1284 2819 1390 2889 γὰρ
1433 2820 1591 2888 ἡμεῖς
1628 2819 1922 2885 στρατευό-

339 2913 485 2984 μεθα
508 2913 565 2964 ἐν
587 2912 789 2976 πίστει,
817 2911 909 2963 καὶ
936 2910 1141 2980 εὐχαῖς,
1179 2910 1269 2962 καὶ
1293 2910 1581 2979 θειοτέροις
1627 2909 1811 2978 ἔργοις
1836 2909 1925 2980 (τὰ

336 3008 452 3076 γὰρ
477 3004 617 3058 ὅπλα
644 3004 741 3074 τῆς
773 3002 1060 3073 στρατείας
1095 3002 1273 3071 ἡμῶν,
1315 3003 1524 3071 φησινό
1578 3001 1919 3063 Ἀπόστολος,

333 3097 402 3148 οὗ
440 3095 697 3163 σαρκικὰ,
731 3093 866 3146 ἀλλὰ
902 3093 1244 3162 πνευματικά
1269 3109 1325 3144 τε
1370 3094 1461 3146 καὶ
1512 3093 1750 3162 δυνατὰ),
1784 3093 1924 3146 οὕτω
1952 3120 1994 3176 C

334 3187 748 3259 στρατεύονται,
781 3187 875 3241 καὶ
910 3186 1367 3254 συναγωνίζονται
1403 3186 1533 3255 ἡμῖν
1566 3189 1687 3248 ταῖς
1719 3186 1923 3257 προθυ-

337 3282 517 3351 μίαις,
555 3281 650 3332 καὶ
685 3282 805 3343 ταῖς
839 3278 1153 3342 καλλίσταις
1183 3277 1395 3331 ἐλπίσιν
1417 3280 1465 3331 oi
1502 3278 1694 3348 πρώην
1726 3279 1921 3349 εὑηρε-

336 3371 611 3440 στηκότες
656 3369 733 3439 τῷ
776 3368 895 3438 Θεῷ
928 3369 1014 3423 διὰ
1042 3369 1135 3420 τοῦ
1178 3368 1365 3438 νόμου.
1412 3370 1493 3421 Τὰ
1540 3369 1645 3440 γὰρ
1684 3368 1924 3439 μυστικὰ

332 3461 666 3531 πράγματα,
695 3459 788 3511 καὶ
810 3460 860 3510 οἱ
887 3460 1032 3527 λόγοι
1059 3459 1321 3522 Μωσέως,
1353 3459 1448 3511 καὶ
1476 3460 1769 3530 προφητῶν
1799 3476 1924 3511 συν-

333 3553 597 3624 τρέχουσι
650 3552 729 3621 τῷ
784 3553 925 3605 κατὰ
980 3552 1038 3605 τὸ
1072 3552 1413 3622 εὐαγγελικῷ
1453 3554 1792 3624 κηρύγματι,
1829 3554 1925 3607 καὶ

333 3647 550 3712 γίνεται
583 3643 761 3696 κοινὸν
784 3644 846 3695 τὺ
877 3643 1224 3713 κατόρθωμα.
1277 3644 1366 3696 Διό
1397 3661 1560 3711 φασιν
1596 3644 1924 3715 Ἰσραηλῖται

349 3736 530 3808 Ἰησοῦ
560 3736 638 3806 τῷ
672 3735 772 3804 υἱῷ
828 3734 920 3787 τοῦ
980 3734 1136 3805 Nolui;
1194 3735 1438 3804 μέλλοντι
1491 3735 1786 3790 διαϐαίνειν
1836 3737 1926 3788 τὸν

358 3829 631 3900 Ἰορδάνην
656 3827 1017 3897 πανστρατιᾷ,
1052 3828 1131 3879 δτι
1155 3846 1171 3875 ι
1204 3825 1401 3889 Καθὼς
1428 3828 1739 3899 ἠκούσαμεν
1763 3828 1927 3881 Μωῦ-

342 3921 481 3983 σέως
507 3961 521 3983 ,
556 3918 731 3980 οὕτως
763 3917 1106 3985 ἀκουσόμεθα
1137 3919 1231 3970 καὶ
1259 3917 1375 3970 σοῦ.
1412 3937 1429 3969 ι
1453 3918 1659 3988 Ἰησοῦς
1692 3917 1747 3969 δὲ
1775 3920 1802 3971 ὁ
1830 3917 1923 3970 τοῦ

342 4007 498 4077 Ναυὴ
528 4006 701 4058 τύπον
745 4005 970 4076 ἐφέρετο
1016 4006 1192 4075 Ἰησοῦ
1250 4005 1485 4077 Χριστοῦ
1515 4005 1609 4059 τοῦ
1655 4008 1924 4060 Δεσπότου

340 4099 451 4150 τῶν
477 4099 632 4151 ὅλων.
667 4098 832 4150 Ὀθεν
856 4097 1018 4150 αὑτὸν
1046 4098 1213 4150 Αύσὶν
1240 4098 1299 4149 τὸ
1328 4100 1542 4169 πρῶτον
1572 4099 1922 4169 καλούμενον,

347 4192 378 4241 ὁ
421 4190 689 4259 πᾶνσοφος
719 4190 960 4258 Μωῦσῆς
1006 4190 1330 4260 προὸλέπων
1381 4191 1447 4243 τὰ
1504 4190 1763 4259 μέλλοντα
1815 4194 1925 4254 τοῖς

352 4278 638 4349 ὀφθαλμοῖς
668 4280 767 4349 τῆς
791 4280 970 4349 ψυχῆς
1011 4279 1220 4348 Ἰησοῦν
1246 4281 1621 4351 ἐπωνόμασεν,
1654 4282 1799 4343 ὅπως
1829 4298 1926 4351 ση-

351 4372 514 4443 μαίνῃ
536 4371 624 4423 τὸν
648 4370 904 4441 ἀληθινὸν
940 4370 1146 4442 Ἰησοῦν
1186 4372 1277 4424 τὸν
1308 4371 1434 4424 Υἱδν
1462 4356 1556 4424 τοῦ
1581 4372 1736 4437 Θεοῦ,
1763 4372 1925 4443 ἀρχό-

2017 534 2168 597 dere,
2201 532 2387 588 statim
2424 533 2848 586 obmurmurant
2875 547 3017 601 aegre
3052 530 3311 597 ferentes,
3345 534 3586 588 indolen-
3672 532 3673 535 “

2020 635 2209 694 teSque
2254 623 2321 677 de
2372 623 2637 692 repulsa:
2671 632 2723 676 et
2757 624 2872 675 licet
2946 637 3325 690 smpenumero
3373 625 3591 679 exitiosi

2019 730 2079 767 ac
2108 713 2304 767 nefarii
2342 713 2475 776 sint,
2504 713 2864 766 nihilominus
2896 712 3042 765 illico
3065 714 3313 767 exaudiri
3340 716 3593 783 cupiunt.

2022 807 2221 857 Annon
2275 802 2565 857 reddenda:
2625 803 2721 856 tibi
2767 804 2955 869 gratia:
3000 812 3152 869 sunt,
3200 791 3352 874 quod.
3393 807 3594 875 dignus

2022 895 2201 951 factus
2232 895 2330 959 sis,
2377 911 2534 949 mane
2572 910 2802 964 surgens
2864 895 2931 946 ad
2983 896 3302 950 Creatorem
3351 901 3595 953 onmium

2020 987 2307 1054 accedere,
2344 1003 2561 1058 unaque
2592 1006 2715 1041 eum
2741 1004 2808 1043 eo
2827 988 3039 1041 orando
3070 989 3351 1057 colloqui?
3384 990 3448 1043 Et
3473 993 3601 1044 licet

2022 1081 2228 1145 gratias
2283 1077 2490 1132 referre
2527 1080 2691 1145 nolis,
2743 1079 3124 1148 eaprobrastu
3156 1079 3329 1131 lutum
3352 1079 3600 1133 Creatori

2023 1171 2162 1223 tuo?
2210 1169 2603 1224 Verumtamen
2656 1185 2823 1232 nunc,
2887 1186 3012 1223 cum
3076 1172 3329 1238 tcipsnm,
3389 1174 3458 1222 mi
3498 1170 3601 1235 vir,

2023 1262 2448 1325 exauiinaveris,
2483 1277 2797 1316 mensuram
2831 1277 3067 1330 agnosce
3099 1271 3269 1314 tuam.

2334 1354 2417 1409 Ll.
2462 1387 2530 1395 —-
2559 1353 2863 1409 PLUTINU
2906 1352 3326 1408 CONSULARI.

2095 1447 2199 1512 Qui
2234 1455 2388 1501 trans
2415 1446 2710 1501 Jordanem
2735 1462 2765 1498 a
2786 1446 2968 1516 Moyse
2999 1462 3197 1516 magno
3227 1446 3401 1514 legum
3435 1446 3608 1499 latore

2024 1548 2226 1593 sortem
2259 1548 2620 1608 acceperunt,
2644 1537 2836 1591 Ruben
2857 1548 3011 1590 erant
3035 1577 3049 1600 ,
3081 1546 3134 1590 et
3162 1536 3274 1589 Gad
3300 1578 3313 1600 ,
3344 1550 3392 1589 et
3430 1537 3607 1589 tribus

2026 1631 2283 1686 Manasse
2322 1630 2608 1685 dimidium
2628 1629 2695 1682 “.
2736 1627 2802 1682 lli
2835 1644 3031 1698 porro,
3071 1644 3166 1698 per
3201 1630 3370 1697 legem
3406 1628 3607 1698 justifi-

2026 1737 2178 1781 catos
2212 1726 2713 1797 repraesentabant;
2755 1734 2808 1778 at
2842 1724 3067 1794 reliqua:
3100 1738 3294 1777 novem
3316 1762 3330 1785 ,
3365 1738 3485 1775 cum
3524 1723 3609 1774 di-

2028 1818 2190 1871 midia
2223 1827 2379 1888 parte
2412 1818 2494 1872 cis
2528 1816 2824 1871 Jordanem
2867 1816 3214 1876 subsortitae,
3248 1830 3309 1869 ex
3351 1814 3609 1884 gentibus

2024 1908 2247 1962 Christo
2288 1908 2572 1963 credentes
2596 1949 2612 1974 ,
2668 1915 2721 1962 et
2757 1922 2853 1976 per
2884 1908 3115 1976 gratiam
3150 1904 3385 1975 Spiritus
3428 1906 3608 1960 sancti

2026 1994 2420 2064 perfectionem
2446 1997 2674 2065 adeptos
2694 1995 3030 2050 referebant.
3059 1994 3446 2049 Adnotandum
3479 2010 3611 2047 vero

2023 2094 2106 2139 est
2125 2126 2138 2151 ,
2178 2098 2301 2140 ante
2323 2086 2545 2141 [luvium
2564 2128 2578 2152 ,
2614 2087 2717 2140 hoc
2739 2094 2823 2141 est
2843 2086 3217 2140 Christianam
3246 2085 3609 2149 ablutionem,

2025 2177 2405 2247 imperfectam
2447 2179 2890 2250 quodammodo,
2928 2190 2981 2234 et
3034 2181 3299 2249 puerilem
3337 2179 3609 2252 cognitio-

2025 2286 2183 2336 nem,
2216 2285 2281 2325 ac
2309 2272 2435 2325 vita:
2467 2272 2869 2326 institutionem
2901 2272 3132 2326 indicari
3158 2290 3171 2325 :
3198 2271 3437 2326 infantes
3464 2271 3641 2333 enim,

2028 2361 2139 2424 ibi,
2172 2372 2225 2415 et
2256 2362 2413 2415 bruta
2449 2363 2739 2432 pleraque,
2772 2370 2825 2415 et
2858 2362 3123 2417 mulieres
3141 2362 3379 2417 adfuisse
3399 2362 3611 2433 Moyses

2029 2452 2251 2520 scriptis
2288 2453 2496 2507 tradito
2531 2454 2847 2509 testimonio
2881 2470 2981 2509 suo
3013 2455 3417 2524 comprobavit.

2532 2634 2640 2706 24
2675 2634 2780 2687 LII.
2819 2665 2886 2674 —
2919 2635 3122 2688 Eidem.

2100 2729 2235 2781 Cum
2271 2742 2463 2781 novem
2494 2738 2547 2781 et
2574 2729 2800 2781 dimidia
2845 2729 3101 2782 tribubus
3136 2728 3203 2780 ad
3236 2728 3611 2781 luereditatem

2030 2833 2136 2871 una
2168 2833 2334 2887 opera
2371 2819 2491 2871 dua:
2520 2824 2574 2871 et
2606 2816 2831 2871 dimidia
2862 2824 3110 2871 certant:
3150 2817 3609 2885 quemadmodum

2029 2913 2176 2966 enim
2224 2927 2325 2966 nos
2376 2911 2430 2964 in
2483 2910 2587 2964 fide
2614 2947 2631 2975 ,
2679 2917 2731 2964 et
2764 2910 3031 2971 oratione,
3070 2926 3133 2965 ac
3166 2910 3325 2963 bonis
3356 2910 3611 2978 operibus

2031 3000 2334 3077 militamus
2406 3004 2666 3069 (namque
2710 3008 2898 3054 nostra
2960 3014 3153 3061 arma,
3208 3007 3267 3053 ut
3313 2998 3611 3068 Apostolus

2030 3090 2191 3155 ait”,
2235 3106 2343 3144 non
2374 3100 2503 3145 sunt
2537 3090 2807 3155 carnalia,
2850 3089 2947 3144 sed
2982 3090 3274 3159 spiritalia,
3317 3102 3370 3145 et
3404 3090 3612 3158 fortia},
3673 3147 3685 3160 .

2028 3181 2146 3247 pari
2186 3178 2348 3232 modo
2392 3178 2631 3232 militant
2658 3216 2672 3239 ,
2708 3193 2761 3231 et
2791 3177 3081 3231 nobiscum
3112 3190 3393 3232 certamen
3424 3178 3611 3231 ineunt

2024 3269 2349 3330 desideriis,
2402 3276 2457 3323 et
2490 3269 2689 3323 fiducia
2722 3272 2926 3340 optima
2948 3311 2962 3334 ,
2995 3272 3089 3339 qui
3124 3279 3252 3326 ante
3276 3270 3382 3327 Deo
3412 3287 3508 3340 per
3538 3272 3609 3326 le-

2026 3374 2143 3425 gem
2181 3359 2654 3428 complacuerunt.
2696 3357 2912 3412 Etenim
2945 3375 3034 3414 res
3068 3362 3347 3431 mystica,
3374 3371 3428 3414 et
3449 3364 3611 3416 verla

2028 3448 2231 3519 Moysis
2253 3489 2267 3513 ,
2296 3461 2348 3503 et
2391 3450 2784 3520 prophetarum
2817 3468 2921 3505 una
2949 3469 3073 3506 cum
3114 3454 3428 3524 evangelica
3474 3470 3607 3524 pra:-

2027 3540 2303 3594 diratione
2350 3540 2666 3604 confluunt,
2724 3550 2778 3595 ct
2815 3550 2965 3596 recte
3020 3541 3225 3596 factum
3258 3544 3612 3597 subsecutum

2027 3646 2320 3686 commune
2369 3635 2617 3702 utrisque
2664 3642 2768 3688 est.
2828 3633 3066 3703 Ideoque
3116 3635 3309 3688 dicunt
3357 3634 3612 3691 Israelita:

2026 3722 2152 3779 Jcsu
2188 3725 2299 3779 lilio
2335 3725 2504 3790 Nave,
2545 3743 2670 3781 cum
2707 3728 2855 3780 omni
2889 3730 3135 3782 exercitu
3158 3727 3455 3782 Iordanem
3498 3739 3610 3781 tra-

2023 3816 2275 3883 jectnro:
2318 3836 2335 3867 ‹
2374 3815 2850 3881 Quemadmodum
2888 3818 3202 3871 audivimus
3233 3818 3486 3886 Moysen,
3536 3820 3611 3870 ita

2028 3906 2321 3959 audiemus
2367 3914 2421 3958 et
2457 3914 2507 3959 te
2527 3905 2593 3957 ‘°.
2635 3925 2651 3956 ι
2682 3905 2845 3961 .lcsus
2879 3923 3043 3975 porro
3099 3908 3239 3962 lilins
3284 3907 3433 3962 Nave
3477 3924 3611 3977 pne-

2030 3997 2307 4066 figurabal
2336 3997 2617 4051 Christum
2641 3995 2833 4051 Jesum
2866 4000 3112 4051 omnium
3142 3997 3610 4052 Dominum.lline

2026 4105 2151 4143 eum
2197 4089 2353 4157 prius
2385 4089 2561 4142 Ausin
2608 4099 2860 4143 vocatum
2913 4089 3363 4158 sapientissimus
3400 4089 3611 4160 Moyses

2029 4184 2229 4238 mentis
2287 4183 2466 4239 oculis
2516 4183 2711 4237 'futnra
2751 4183 3057 4254 praevidens
3088 4184 3275 4240 Jesum
3330 4202 3605 4257 nuncupa-

2029 4277 2103 4329 vit
2136 4275 2202 4341 ‘7,
2243 4282 2301 4329 ut
2331 4290 2521 4329 verum
2557 4275 2744 4331 Jesum
2772 4317 2787 4340 ,
2826 4275 2922 4330 Dei
2978 4275 3175 4330 Filium
3222 4292 3252 4331 a
3284 4278 3609 4349 baptismate

2030 4383 2256 4437 regnum
2291 4366 2555 4421 cwlorum
2596 4366 2896 4437 prmdicare
2922 4368 3300 4423 exordientem
3324 4409 3337 4432 ,
3379 4378 3435 4422 et
3466 4371 3608 4423 elar-

344 4479 505 4530 μενον
532 4464 641 4516 ἀπὸ
660 4464 753 4516 τοῦ
786 4463 1161 4534 βαπτίσματος
1190 4465 1491 4535 κηρύσσειν
1520 4464 1617 4535 τὴν
1649 4464 1922 4533 βασιλείαν

2033 4462 2266 4529 gicntem
2306 4460 2465 4514 nobis
2509 4475 2807 4529 supernam
2862 4460 3239 4516 luereditatem
3291 4463 3429 4517 nulli
3473 4478 3608 4516 ιιιαι-

338 4554 449 4608 τῶν
474 4555 746 4626 οὐρανῶν,
784 4559 877 4609 καὶ⁵
904 4555 1247 4626 δωρούμενον
1281 4558 1413 4626 ἡμῖν
1444 4556 1542 4626 τὴν
1580 4557 1691 4609 ἄνω
1723 4556 1922 4625 κληρο-

340 4647 534 4716 νομίαν
560 4646 894 4717 ὰπάνθητον,
921 4649 1013 4700 xui.
1050 4647 1288 4700 αἰώνιον.

851 4740 977 4792 NI".
1014 4770 1082 4779 —
1120 4738 1202 4804 τῷ
1228 4738 1408 4804 αὐτῷ.

422 4831 592 4884 Ῥαὰϐ
636 4831 994 4900 πλατυσμὸς
1016 4830 1400 4901 ἑρμηνεύεται,
1433 4828 1588 4900 ἡγὰρ
1619 4829 1678 4881 τὸ
1710 4829 1925 4900 πρῶτον

340 4921 539 4992 πόρνη,
568 4922 663 4975 νῦν
712 4922 769 4975 δὲ
814 4922 1045 4993 σώφρων
1103 4921 1398 4991 Ἐκκλησία
1438 4921 1527 4974 διὰ
1559 4921 1655 4989 τῆς
1688 4922 1923 4984 πίστεως

342 5014 672 5069 πλατύνεται
704 5017 824 5078 ταῖς
851 5014 1127 5083 θεωρίαις,
1162 5016 1253 5067 καὶ
1286 5017 1397 5077 τοῖς
1429 5014 1594 5077 θείοις
1632 5015 1920 5084 νοήμασιν.

339 5107 441 5159 Διὰ
490 5107 646 5161 τοῦτο
691 5107 998 5178 Κορινθίοις
1036 5108 1236 5179 γράφει
1287 5108 1315 5159 ι
1353 5106 1524 5177 μέγας
1561 5105 1882 5169 ’Δπόστολος
1908 5124 1920 5137 ·

346 5218 363 5249 ι
406 5196 502 5269 Μὴ
523 5198 975 5269 στενοχωρεῖσθε’
1049 5199 1249 5269 μᾶλλον
1275 5198 1331 5251 δὲ
1361 5196 1634 5265 πλατύνθη
1648 5214 1718 5257 τε,
1751 5197 1923 5250 καθα-

340 5307 449 5362 περ
492 5286 585 5343 οὖν
612 5292 646 5360 η
675 5292 781 5361 ὲμη
814 5291 1011 5361 καρδία
1037 5290 1394 5343 πεπλάτυται.
1433 5309 1451 5341 ι

446 5380 567 5435 NA'.
619 5411 690 5422 —
734 5381 1139 5451 ᾹΥΡΗΑΙᾹΝῼ
1198 5380 1609 5450 ΙΛΛΟΥΣΤΡΙῼ
1676 5381 1813 5432 ΛΙΙΟ

960 5473 1312 5526 ΕΛΛΗΝΩΝ.

407 5568 524 5624 Οὐκ
550 5567 711 5631 ἀξίαν
729 5569 828 5639 τῆς
858 5564 951 5620 τοῦ
978 5564 1303 5634 Εὐαγγελίου
1328 5565 1659 5635 εὐπρεπείας
1688 5564 1921 5634 βαδίζεις

406 5681 459 5715 ⁸⁵
493 5681 659 5738 Josue
702 5696 826 5738 ιιιι.
874 5683 928 5735 8.
1030 5680 1073 5711 δ’
1111 5678 1149 5733 ιι
1181 5678 1310 5734 Cor.
1354 5696 1410 5743 ιι,
1449 5680 1499 5732 4.

337 5755 534 5822 ιι,ἥι.
610 5752 659 5783 ⁸⁰
726 5751 763 5803 ll
792 5752 919 5805 Cor.
983 5750 1169 5814 vt,H.

626 5850 899 5909 Ριιτιιοι..
940 5846 1056 5907 Gn.
1126 5845 1416 5909 LXXIX.

1598 5676 1822 5733 “Iosue
1846 5692 1859 5730 ι
1892 5676 1978 5731 l7.

2024 4553 2133 4605 rori
2159 4591 2171 4615 .
2207 4552 2341 4605 nulli
2380 4551 2472 4605 lini
2505 4552 2803 4606 obnoxiam
2828 4592 2842 4617 ,
2877 4552 3157 4608 innueret.

2577 4732 2709 4787 Llll.
2747 4764 2812 4774 —
2843 4733 3055 4788 Eidem.

2093 4825 2263 4888 Raab,
2319 4825 2655 4879 latitudinem
2706 4833 2891 4887 notat,
2938 4839 3062 4895 qua:
3106 4823 3251 4878 enim
3296 4821 3453 4891 prius
3491 4833 3606 4877 erat

2023 4919 2286 4974 meretrix
2314 4913 2445 4977 “"9,
2474 4931 2617 4968 nunc
2645 4921 2790 4970 casta
2820 4929 2883 4969 ac
2918 4915 3116 4985 pudiea
3193 4912 3432 4967 Ecclesia
3514 4928 3607 4981 per

2025 5011 2184 5063 fidem
2236 5005 2746 5077 speculationibus,
2794 5011 2849 5058 et
2889 5003 3093 5058 divinis
3133 4999 3606 5055 intellectimiilms

2023 5104 2311 5157 dilatatur.
2345 5097 2642 5167 l‘roptcrca
2701 5111 2935 5164 magnus
2978 5092 3273 5162 Apostolus
3302 5091 3606 5146 Corinthiis

2024 5193 2221 5248 scribit
2250 5209 2262 5244 :
2305 5208 2323 5241 ι
2364 5188 2443 5243 Ne
2472 5188 2688 5256 angusti
2723 5186 2846 5240 sitis
2870 5226 2884 5246 ,
2924 5185 3032 5238 imo
3056 5182 3238 5251 potius
3260 5181 3566 5236 dilatamini
3588 5220 3602 5242 ,

2029 5281 2489 5355 quemadmodum
2520 5287 2575 5334 et
2599 5293 2693 5331 cor
2723 5290 2903 5328 meum
2936 5273 3225 5326 dilatatum
3253 5280 3335 5325 est
3361 5272 3427 5324 ³³.
3472 5292 3489 5327 ι

2206 5373 2313 5445 25
2361 5370 2493 5426 Liv.
2540 5400 2609 5414 -
2649 5363 3042 5423 avneusxo
3102 5361 3425 5417 tLLusrm

2574 5461 2658 5516 EX
2701 5457 3069 5515 GENTIBUS.

2103 5560 2329 5628 Indigno
2393 5554 2709 5624 evangelica
2756 5552 3023 5622 elegantia
3073 5556 3233 5605 modo
3290 5551 3427 5603 \iznn
3483 5545 3603 5602 vitze
3676 5614 3681 5617 μ

2081 5672 2306 5725 "Num.
2360 5685 2479 5731 xm,
2517 5667 2600 5722 l7.
2713 5659 3103 5722 u"""’1051tett,
3136 5657 3156 5709 l
3193 5669 3341 5722 seqq.
3432 5659 3595 5713 Hebr.
3680 5642 3681 5647 “

3250 5826 3288 5886 h-
