4024 6218
462 323 564 387 lUl

1970 331 2029 390 S.
2068 332 2230 391 NILI

3623 332 3727 400 108

463 435 817 507 sempiterna:
856 433 1182 488 obambulas
1212 472 1225 494 ,
1279 433 1425 488 haud
1468 442 1651 491 mente
1689 436 2029 506 comprobent

2152 440 2249 511 τὴν
2275 440 2393 493 ὁδὸν
2422 440 2517 511 τῆς
2550 439 2767 494 αἰωνίου
2790 438 2954 509 ζωῆς,
2982 440 3056 511 μή
3084 439 3375 510 λαμϐάνων
3407 442 3547 495 κατὰ
3578 445 3723 512 νοῦν,

460 530 628 591 deus,
667 542 775 582 non
808 526 978 580 multo
1010 533 1132 595 post
1165 525 1435 594 judicium
1461 528 1704 582 omnium
1731 568 1746 593 ,
1781 545 1901 599 quze
1922 530 2045 598 qui-

460 620 627 682 libet,
668 617 796 671 dum
832 616 1074 679 viveret,
1114 618 1384 686 patravit,
1442 617 1757 672 adfuturum
1786 659 1799 682 ,
1848 620 2042 674 condi-

458 724 594 778 gnas
645 722 832 767 secum
874 705 1133 761 deferens
1182 708 1439 763 submoto
1486 711 1636 763 omni
1681 710 2042 780 deprecatore

454 812 670 868 pmnas.
706 796 998 851 Contraria
1033 798 1249 868 itaque,
1301 816 1476 870 neque
1506 802 1649 855 dit-ta
1680 818 1822 873 :egre
1857 804 2002 858 feras
2024 844 2038 869 ,

454 890 553 943 tibi
608 890 693 942 via
736 889 976 955 ineunda
1019 899 1141 954 est,
1198 906 1355 945 saera
1398 894 1583 962 potius
1641 910 1739 963 pro
1794 895 2040 963 profanis

453 977 674 1051 eligenti
701 1021 713 1043 ,
759 982 1116 1052 abigentique
1151 998 1274 1052 qua:
1322 1000 1385 1037 ex
1425 1000 1525 1039 usu
1560 1000 1730 1052 prava
1768 988 2038 1043 desideria

453 1073 799 1128 contraxisti.

798 1182 906 1238 LV.
931 1214 1003 1224 —
1031 1183 1329 1240 ZOSARIO
1364 1186 1686 1243 TRIBUNO.

529 1314 547 1345 ι
584 1293 756 1350 Omne
786 1304 949 1366 caput
977 1296 1032 1350 in
1071 1295 1352 1363 dolorem,
1411 1299 1487 1353 ait
1523 1298 1726 1365 Isaias,
1779 1312 1833 1357 et
1874 1319 2037 1358 omne

451 1402 548 1440 eor
581 1388 634 1439 in
669 1402 964 1442 mcerorem
1002 1403 1031 1441 a
1070 1388 1302 1459 pedibus
1356 1407 1533 1460 usque
1588 1393 1656 1445 ad
1692 1405 1860 1464 caput
1890 1396 1956 1448 ⁸⁸.
2010 1415 2029 1446 ι

454 1478 517 1530 Et
566 1480 759 1547 paucis
812 1479 1122 1548 interjectis
1177 1499 1247 1534 ει
1311 1480 1482 1537 Terra
1535 1494 1716 1539 vestra
1775 1486 2029 1553 deserta,

449 1573 728 1638 regionem
765 1579 1000 1625 vestram
1041 1572 1095 1626 iu
1128 1583 1429 1644 conspectu
1460 1585 1646 1632 vestro
1670 1579 1845 1633 exteri
1883 1595 2030 1634 como

448 1662 620 1715 cdttnt
646 1662 712 1716 ⁵¹.
756 1682 773 1713 ι
804 1660 906 1716 Per
936 1663 1103 1732 pedes
1141 1665 1362 1733 quidem
1400 1666 1654 1721 subditos
1692 1690 1701 1721 :
1745 1684 1839 1738 per
1868 1679 2033 1739 caput

2150 531 2225 594 ὡς
2256 533 2433 600 ὀλίγον
2474 532 2695 603 ὕστερον
2726 533 2907 603 κρίσις
2935 531 3086 585 ἔσται
3120 533 3228 585 τῶν
3280 533 3495 605 ἑκάστῳ
3529 536 3724 604 βεϐιω-

2155 624 2349 694 μένων,
2380 625 2783 694 ἀπαραιτήτους
2814 623 3012 693 ἔχουσα
3042 625 3140 688 τὰς
3188 626 3323 696 πρὸς
3352 626 3509 691 ἀξίαν
3550 629 3729 681 ἐπιτι-

2153 716 2370 786 μήσεις.
2402 718 2493 769 Δεῖ
2520 717 2718 781 τοίνυν,
2755 717 2849 770 καὶ
2885 717 3150 787 μηδαμῶς
3196 717 3503 787 ὰπεχθάνου
3552 719 3728 773 ταῦτα

2148 805 2383 871 ἀκούων,
2431 807 2527 876 τὴν
2571 806 2817 859 ἐναντίαν
2871 806 3071 871 ἐλθεῖν,
3106 807 3471 877 ἐκλεξάμενον
3524 808 3729 878 μᾶλλον

2147 898 2267 951 ἀντὶ
2295 898 2401 949 τῶν
2448 897 2545 966 οὐχ
2590 897 2753 949 ὁσίων
2781 896 2847 948 τὰ
2875 900 3015 962 ὅσια,
3045 898 3139 951 καὶ
3186 898 3425 971 ἐξορίσαι
3451 900 3551 962 τὰς
3584 902 3729 953 κατὰ

2148 979 2439 1059 συνήθειαν
2469 986 2711 1057 πονηρὰς
2741 986 3072 1058 προθυμίας.

2459 1205 2587 1259 NE'.
2616 1236 2685 1247 —
2710 1206 2994 1279 ΖΩΣΑΡΙῼ
3035 1207 3395 1280 ΤΡΙΒΟΥΝῼ.

2220 1340 2237 1372 ι
2268 1324 2425 1375 Πᾶσα
2454 1321 2663 1392 κεφαλὴ
2708 1324 2786 1385 εἰς
2829 1323 3009 1385 πόνον,
3054 1322 3221 1392 φησὶν
3262 1325 3289 1375 6
3329 1323 3590 1385 Ἡσαΐας,
3630 1325 3726 1376 καὶ

2142 1417 2291 1467 πᾶσα
2341 1414 2538 1483 καρδία
2585 1413 2665 1475 είς
2713 1413 2887 1483 λύπην
2922 1414 3030 1466 ἀπὸ
3061 1414 3233 1466 ποδῶν
3264 1414 3367 1477 ἓως
3399 1415 3664 1484 κεφαλῆς.
3699 1434 3718 1466 ι

2140 1505 2248 1556 Καὶ
2284 1506 2399 1573 μετ’
2427 1504 2614 1571 ὀλίγα·
2649 1520 2668 1554 ‹
2717 1505 2779 1556 'Il
2809 1504 2878 1572 γῆ
2913 1506 3006 1557 καὶ
3040 1503 3193 1572 ὑμῶν
3232 1504 3456 1573 ἕρημος,
3492 1507 3592 1575 τὴν
3615 1506 3724 1575 χὼ-

2142 1615 2241 1667 ραν
2284 1597 2437 1667 ὑμῶν
2471 1596 2701 1650 ἐνώπιον
2743 1595 2900 1665 ὑμῶν
2949 1594 3219 1663 ἀλλότριοι
3254 1595 3653 1649 κατεσθίουσιν.
3699 1616 3718 1647 ι

2138 1694 2235 1745 Διὰ
2267 1693 2366 1762 μὲν
2400 1691 2508 1745 τῶν
2539 1690 2714 1744 ποδῶν
2741 1691 2868 1752 τοὺς
2897 1688 3393 1757 ὑποτεταγμένους,
3421 1687 3511 1740 διὰ
3542 1687 3600 1739 δὲ
3623 1688 3723 1755 τῆς

447 1753 736 1823 pra-lectos
764 1754 998 1807 innitens
1026 1795 1039 1817 ,
1087 1756 1333 1824 nequitia
1358 1758 1507 1810 omni
1546 1759 1839 1827 appletos;
1872 1777 2029 1815 omne

2138 1753 2377 1852 κεφαλῆς
2405 1784 2531 1845 τοὺς
2554 1770 3007 1851 καθηγουμένους
3026 1753 3416 1849 αἰνιττόμενος,
3448 1753 3719 1848 πονηρίας

445 1845 653 1913 quippe
699 1852 864 1913 caput
894 1845 948 1897 in
988 1840 1234 1900 dolorem
1270 1866 1282 1900 ε
1316 1846 1587 1915 siquidem
1622 1859 1674 1901 et
1725 1850 1889 1916 pedes
1934 1866 2032 1903 eo-

445 1953 571 1991 rum
605 1938 657 1989 in
682 1937 1089 2005 improbitatem
1123 1954 1289 1994 cursu
1320 1942 1510 2010 rapide
1539 1941 1814 2005 feruntur,
1849 1960 2035 2011 quem-

447 2029 744 2083 admodum
798 2030 850 2083 in
914 2030 1024 2084 alio
1068 2046 1287 2100 quoque
1327 2034 1450 2087 loco
1473 2034 1613 2087 dixit
1662 2035 1927 2104 propheta
1960 2037 2027 2087 ⁸³.

446 2119 717 2175 Laborem
775 2119 961 2188 itaque
1012 2121 1423 2191 improbitatem
1475 2140 1602 2180 esse
1656 2125 1935 2195 intellige,
1975 2137 2035 2181 ut

445 2216 514 2268 de
553 2211 784 2284 profana
818 2212 1001 2267 anima
1039 2211 1209 2269 David
1257 2214 1424 2269 dicit:
1468 2234 1486 2266 ι
1525 2217 1848 2287 Concepisti
1874 2219 2032 2272 dolo-

446 2319 604 2367 rem,
664 2310 723 2357 et
776 2303 1037 2372 peperisti
1094 2303 1438 2373 iniquitatem
1483 2305 1560 2371 M;
1627 2324 1645 2357 ι
1707 2307 2031 2376 improbitas

443 2396 590 2449 enim
640 2403 832 2464 suapte
871 2403 1065 2449 natura
1100 2394 1444 2465 iniquitatem
1471 2398 1632 2466 parit.
1667 2397 1803 2451 Cum
1846 2399 2032 2467 itaque

444 2489 498 2542 in
549 2488 853 2557 despectu,
930 2498 985 2540 et
1056 2502 1243 2542 amore
1289 2487 1596 2554 malorum,
1652 2503 2032 2557 saepenumero

440 2578 649 2646 judicio
709 2577 801 2631 Dei
851 2588 1043 2632 masta
1111 2593 1176 2631 ac
1236 2577 1417 2633 tristia
1474 2587 1909 2647 consequantur,
1962 2578 2031 2632 ad

442 2667 884 2722 emendationem
950 2674 1272 2735 peccatores
1332 2668 1703 2736 impellentia,
1783 2676 2032 2737 propter-

442 2774 508 2813 ea
547 2758 689 2813 dixit
723 2775 737 2812 :
783 2777 801 2810 ι
845 2757 909 2811 Ει
935 2774 1095 2812 omne
1128 2774 1225 2812 cor
1254 2760 1309 2813 in
1345 2774 1639 2813 maerorem
1690 2762 1756 2814 ".
1796 2779 1815 2811 ι
1854 2758 1911 2812 ln
1945 2761 2030 2811 lu-

443 2861 592 2904 ctum
610 2850 814 2905 etenim
851 2848 1029 2903 Judtei
1078 2864 1108 2901 a
1157 2847 1269 2903 Deo
1312 2850 1709 2919 conjiciuntur,
1746 2851 1854 2923 26
1899 2850 2029 2905 dum

445 2942 680 2995 humana
712 2955 873 2994 manu
904 2940 1249 3010 castigantur
1276 2946 1329 2993 et
1360 2939 1775 3009 deprimuntur.

1002 3060 1139 3115 LVI.
1165 3090 1233 3101 —
1267 3060 1474 3116 Eidem.

518 3175 574 3229 Si
630 3192 738 3229 non
785 3183 1013 3245 prepter
1053 3174 1259 3229 Christi
1291 3189 1478 3228 necem
1512 3172 1754 3229 desolata
1784 3182 1871 3229 est
1903 3175 2024 3230 uni-
2052 3157 2095 3214 (ἶ

442 3283 599 3321 versa
627 3265 813 3320 .ludaea
841 3282 869 3319 a
896 3265 1185 3329 Romanis,
1213 3274 1267 3319 et
1294 3263 1649 3319 llebrmorum
1676 3268 1850 3321 exteri
1874 3282 2024 3321 com-

442 3358 611 3413 edunt
633 3397 647 3421 ,
683 3357 944 3426 illiusque
981 3355 1197 3411 fruetus
1215 3355 1870 3426 devorant“°,abjiciatur
1901 3366 2023 3411 tan-

440 3463 605 3519 quam
657 3446 1195 3517 mcndax‘propbela
1276 3486 1291 3510 ,
1342 3448 1437 3517 qui
1484 3454 1615 3502 ante
1663 3448 1816 3503 mille
1846 3463 2023 3503 annos

440 3540 573 3594 illud
608 3539 959 3610 praedixerat.

985 3649 1144 3707 LVII.
1176 3680 1247 3691 --
1272 3650 1485 3707 Eidem.

513 3752 588 3809 Ne
634 3764 685 3808 te
718 3753 946 3807 seducat
999 3750 1217 3807 Juilmus
1276 3766 1572 3813 asserens,
1634 3760 1861 3821 propter
1912 3753 2019 3805 alia

440 3848 646 3903 scelera
723 3845 1020 3914 spoliatum
1087 3859 1146 3898 se
1202 3858 1325 3898 esse
1401 3841 1693 3898 Palaestina
1756 3865 1767 3899 :
1842 3860 2021 3915 neque

436 3936 581 3988 enim
619 3936 690 3989 ob
730 3936 872 3989 alias
915 3934 1101 3998 labes,
1129 3943 1184 3988 et
1220 3934 1575 3988 conscientiae
1621 3933 1880 4000 vulnera,
1923 3934 2018 3989 sed

438 4038 661 4095 propter
691 4025 908 4079 Domini
940 4040 1130 4079 necem
1173 4025 1346 4077 multa
1392 4025 1574 4094 gravia
1601 4062 1616 4087 ,
1662 4025 1864 4094 quibus
1898 4027 2021 4079 nul-

438 4120 547 4170 lutn
603 4116 905 4170 remedium
943 4115 1123 4168 alierri
1170 4124 1381 4184 potest,
1440 4116 1689 4185 perpessi
1723 4127 1871 4171 sunt.
1926 4116 2020 4172 Et-

434 4210 581 4263 enim
613 4214 741 4261 ante
788 4206 881 4259 illa
919 4215 1166 4273 tempora
1203 4205 1350 4258 idola
1396 4206 1642 4261 colentes
1673 4247 1687 4270 ,
1720 4208 2017 4277 prophetas

438 4300 777 4355 trucidant-es
802 4336 817 4361 ,
866 4296 1208 4352 daemonibus
1234 4298 1372 4353 tilias
1395 4338 1410 4363 ,
1446 4299 1697 4369 liiiosque
1725 4301 2016 4354 immolan-

436 4408 539 4457 tes,
575 4389 905 4459 alienigenis
934 4389 987 4443 in
1014 4389 1388 4458 captivitatem
1422 4404 1451 4443 a
1482 4391 1593 4445 Deo
1625 4390 2012 4455 tradebantur,

2137 1875 2354 1945 ἁπάσης
2378 1873 2869 1944 ἐμπεπλησμένους
2890 1890 2903 1902 ·
2943 1872 3092 1924 πᾶσα
3131 1872 3239 1942 γὰρ
3276 1870 3486 1939 κεφαλὴ
3520 1872 3599 1933 εἰς

2135 1986 2241 2031 νον,
2275 1968 2410 2021 ἀλλὰ
2433 1967 2527 2020 καὶ
2559 1968 2607 2018 oi
2638 1965 2795 2026 πόδες
2820 1962 3000 2017 αὐτῶν
3054 1964 3134 2025 εἰς
3184 1962 3449 2031 πονηρίαν
3495 1960 3723 2031 τρέχουο

2137 2078 2243 2126 σιν,
2288 2059 2361 2120 ὡς
2393 2060 2450 2112 ὲν
2486 2057 2658 2127 ἐτέρῳ
2690 2056 2841 2125 τόπῳ
2873 2054 3098 2123 εἴρηκεν
3126 2055 3155 2105 6
3188 2052 3503 2122 Προφήτης.
3548 2051 3721 2104 Πόνον

2134 2154 2412 2223 τοιγάρτοι
2468 2150 2565 2220 τὴν
2598 2148 2893 2217 πονηρείαν
2921 2145 3053 2207 νόει,
3101 2142 3285 2206 καθὼς
3329 2142 3477 2211 λέγει
3503 2144 3531 2195 6
3554 2140 3722 2194 Δαυῒδ

2136 2246 2262 2315 περὶ
2289 2243 2468 2313 ψυχῆς
2500 2241 2748 2312 βεϐήλου,
2777 2240 2857 2291 ὅτι
2897 2257 2913 2288 ι
2949 2236 3248 2298 Συνέλαϐες
3278 2236 3458 2295 πόνον,
3486 2235 3579 2287 καὶ
3605 2233 3720 2285 ἔτε-

2134 2355 2229 2399 κες
2260 2334 2513 2405 ἀνομίαν.
2555 2352 2574 2383 ι
2622 2333 2687 2385 ἸΙ
2717 2330 2827 2401 γὰρ
2858 2330 3122 2400 πονηρεία
3152 2330 3249 2398 τὴν
3281 2328 3513 2399 ἀνομίαν
3546 2328 3722 2396 πέφυ-

2134 2446 2229 2482 κεν
2264 2425 2601 2479 ἁποτίκτειν.
2646 2422 2865 2491 Ἐπειδὴ
2906 2421 3090 2474 τοίνυν
3134 2424 3190 2473 ἐν
3221 2420 3298 2490 τῷ
3332 2420 3721 2490 καταφρονεῖν,

2134 2519 2229 2571 καὶ
2252 2518 2469 2586 ἀγαπᾷν
2491 2515 2561 2567 τὰ
2589 2513 2788 2583 φαῦλα,
2825 2512 3083 2574 πολλάκις
3119 2510 3299 2583 κρίσει
3323 2511 3460 2564 Θεοῦ
3486 2510 3554 2564 τὰ
3580 2528 3717 2563 σκυο

2135 2612 2327 2685 θρωπὰ
2383 2610 2475 2662 καὶ
2532 2608 2752 2677 λυπηρὰ
2785 2607 2998 2669 ἕπεται,
3058 2606 3195 2676 πρὸς
3222 2605 3509 2674 διόρθωσιν
3550 2606 3718 2657 ἐκκα-

2133 2706 2370 2774 λούμενα
2420 2705 2546 2765 τοὺς
2603 2700 3099 2770 ἐξαμαρτάνοντας,
3143 2698 3231 2752 διὰ
3277 2699 3438 2752 τοῦτο
3486 2699 3712 2768 εἴρηκεο

2138 2809 2156 2841 ι
2188 2790 2300 2845 Καὶ
2330 2791 2475 2843 πᾶσα
2499 2788 2692 2857 καρδία
2721 2789 2801 2848 είς
2824 2786 3020 2856 λύπην.
3056 2806 3073 2837 ι
3111 2786 3421 2839 Λυποῦνται
3447 2788 3552 2857 γὰρ
3577 2785 3716 2839 ἰου-

2131 2882 2267 2936 δαῖοι
2293 2881 2397 2934 ὑπὸ
2425 2880 2582 2944 Θεοῦ,
2602 2881 2667 2933 δι’
2697 2879 3048 2949 ἀνθρωπίνης
3077 2880 3260 2950 χειρὸς
3305 2878 3711 2950 τιμωρούμενοι

2132 2976 2229 3029 καὶ
2258 2972 2732 3043 καταθλιϐόμενοι.

2626 3083 2769 3149 NG”.
2806 3112 2875 3123 -
2911 3081 2995 3147 Τῷ
3034 3080 3214 3147 αὐτῷ.

2198 3199 2261 3251 Ei
2291 3198 2365 3269 μὴ
2394 3197 2482 3250 διὰ
2515 3197 2614 3267 τὴν
2645 3196 3068 3267 Χριστοκτονίαν
3087 3197 3375 3266 ἠρήμωται
3402 3197 3552 3249 πᾶσα
3576 3197 3710 3249 Ἰου-

2126 3286 2252 3341 δαία
2311 3286 2415 3338 ὑπὸ
2471 3284 2780 3353 Ῥωμαίων,
2828 3284 2923 3336 καὶ⁵
2970 3283 3240 3355 ἀλλότριοι
3269 3283 3536 3355 Ἑϐραίων
3574 3300 3708 3336 κατ-

2127 3378 2396 3432 εσθίουσιν
2436 3377 2531 3430 καὶ
2582 3374 2941 3446 καρπίζονται
2970 3374 3193 3446 ταύτην,
3232 3375 3527 3444 ἐψεύσθωό
3568 3378 3709 3447 Προ-

2127 3472 2303 3540 φήτης
2336 3468 2441 3538 προ
2473 3467 2656 3536 χιλίων
2686 3465 2844 3520 τοῦτο
2879 3466 3225 3536 ἁνακηρύξας
3265 3465 3421 3519 ἐτῶν.

2636 3660 2761 3715 ΝΖ’.
2802 3693 2872 3702 -
2903 3659 2985 3725 Τῷ
3016 3659 3195 3725 αὐτῷ.

2194 3758 2285 3826 Μή
2319 3773 2376 3808 σε
2402 3755 2708 3808 ἀπατάτωό
2741 3753 2990 3811 Ἰουδαῖος
3020 3753 3193 3820 λέγων
3222 3752 3290 3805 δι’
3313 3753 3508 3822 ἐτέρας
3526 3753 3706 3822 ἁμαρ-

2123 3849 2242 3910 τίας
2281 3844 2758 3916 ἀπηλλοτριῶσθαι
2805 3846 2901 3912 τῆς
2942 3843 3325 3909 Παλαιστίνης.
3379 3845 3454 3896 υύ
3496 3843 3605 3914 γὰρ
3636 3843 3705 3895 δι’

2122 3938 2285 3999 ἄλλας
2319 3936 2614 4007 ἁμαρτίας,
2643 3934 2729 3985 διὰ
2757 3934 2810 3986 δὲ
2843 3935 2939 4004 τὴν
2971 3935 3362 4005 Κυριοκτονίαν
3399 3935 3703 3987 πεπόνθασι

2114 4030 2189 4083 τὰ
2222 4031 2517 4099 ἀνήκεστα.
2552 4027 2750 4096 ῐιρώην
2784 4027 2881 4095 μὲν
2910 4026 3019 4096 γὰρ
3043 4026 3577 4095 εἰδωλολατροῦντες.
3608 4027 3706 4079 καὶ

2120 4123 2246 4183 τοὺς
2282 4120 2564 4192 προφήτας
2594 4118 2929 4185 φονεύοντες,
2968 4119 3060 4169 καὶ
3091 4120 3203 4180 τοῖς
3233 4117 3450 4186 δαίμοσι
3481 4118 3578 4181 τὰς
3608 4118 3704 4170 θυ-

2120 4212 2356 4282 γατέρας
2388 4210 2481 4263 καὶ
2512 4210 2637 4270 τοὺς
2669 4208 2819 4269 υἱοὺς
2854 4207 3093 4269 θύοντες,
3126 4210 3237 4270 τοῖς
3276 4205 3593 4276 ἀλλοφύλοις
3622 4208 3704 4269 εἰς

2120 4301 2498 4372 αἰχμαλωσίαν
2547 4296 2651 4351 ὑπὸ
2691 4294 2827 4349 Θεοῦ
2876 4297 3241 4367 παρεδίόοντο,
3273 4298 3365 4350 καὶ
3398 4298 3515 4366 μετ’
3543 4296 3705 4364 ὀλίγα

2120 4392 2214 4456 ἔτη
2240 4390 2317 4460 τῷ
2340 4389 2467 4460 θείῳ
2494 4387 2791 4457 βουλήματι
2825 4388 2987 4439 πάλιν
3019 4389 3355 4457 ἐπανήγοντο
3377 4390 3455 4450 είς
3476 4387 3574 4458 τὴν
3595 4388 3702 4455 γῆν

432 4496 487 4539 et
530 4500 736 4556 paucos
768 4491 895 4553 post
942 4497 1154 4546 annos,
1195 4483 1268 4535 ita
1302 4481 1410 4536 Deo
1450 4490 1756 4543 annuente.
1800 4483 1851 4535 in
1901 4491 2015 4535 ter-

2138 4482 2217 4551 τῆς
2257 4479 2608 4548 ἐπαγγελίας.
2660 4475 2777 4544 Ἀφ’
2818 4468 2878 4528 οῦ
2912 4476 3052 4529 δὲτὸ
3091 4477 3309 4529 ἀνίατον
3328 4477 3699 4546 τετολμήκασι

432 4593 547 4632 ram
596 4575 986 4647 promissionis
1029 4573 1455 4629 reducebantur.
1491 4573 1567 4628 Ex
1603 4590 1713 4643 quo
1745 4589 1873 4627 vero
1905 4574 2006 4625 im-

2138 4574 2366 4644 ερᾶγμα,
2392 4574 2471 4635 είς
2491 4572 2581 4626 τὸν
2616 4572 2741 4625 Υίὸν
2769 4571 2863 4625 τοῦ
2885 4571 3021 4625 Θεοῦ
3053 4569 3151 4632 τὰς
3169 4573 3358 4640 χεῖρας
3392 4570 3687 4631 ἐπιϐαλεῖν,

432 4669 754 4724 medicabile
807 4667 909 4720 hoc
969 4665 1267 4736 ﬂagitium,
1317 4668 1370 4720 in
1425 4664 1624 4720 Filium
1664 4666 1759 4720 Dei
1798 4680 2013 4741 “manus

2138 4666 2368 4720 ιαντελεῖ
2397 4665 2659 4736 πορθήσει
2689 4663 3004 4717 ἐνδέδονται.
3050 4661 3183 4715 Ἰδοὺ
3217 4661 3403 4715 λοιπὸν
3432 4677 3697 4713 πεντακο-

430 4768 805 4831 apponentes,
874 4759 1139 4812 audacter
1187 4765 1608 4828 perpetrarunt,
1661 4740 1925 4827 perpetuo
1957 4765 2014 4810 et

2138 4755 2323 4809 ἰοστὸν
2362 4755 2500 4820 ἔτος,
2555 4756 2649 4808 καὶ
2695 4754 2929 4824 οὐδαμοῦ
2965 4754 3085 4806 θεία
3118 4769 3202 4817 τις
3253 4752 3551 4820 ἐπισκοπὴ,
3592 4751 3697 4804 οῦκ

428 4861 678 4906 extremo
720 4848 939 4905 excidio
988 4847 1175 4901 traditi
1227 4856 1359 4902 sunt
1411 4846 1487 4901 En
1525 4848 1710 4919 itaque
1742 4849 2013 4919 quingen-

2138 4844 2418 4914 ιντίληῲις,
2452 4845 2513 4897 οὑ
2539 4842 2871 4915 παρηγορία,
2901 4843 2961 4895 οὑ
2989 4843 3274 4912 προφήτης
3308 4839 3572 4893 νουθετιῖν
3597 4838 3696 4890 καὶ

429 4946 660 4999 tesimus
704 4958 920 5006 annus;
966 4953 1020 4996 et
1054 4956 1322 5010 nusquam
1354 4941 1601 4994 divinum
1658 4941 1963 4996 subsidium
1992 4979 2008 5003 ,

2138 4932 2409 5004 ῖτηρίζων,
2440 4932 2629 5003 ὥσπερ
2659 4936 2715 4986 ἐν
2748 4933 3027 4987 Βαϐυλῶνι
3067 4932 3327 5001 Ἰεζεκιήι,
3364 4947 3423 4983 τε
3466 4930 3559 4982 καὶ
3587 4932 3697 4980 Δα-

430 5049 538 5086 ιιυιι
569 5032 831 5085 auxilium
860 5069 873 5091 ,
936 5045 1043 5083 non
1080 5029 1385 5083 consolatio
1411 5069 1425 5094 ,
1470 5045 1575 5083 non
1610 5029 1872 5100 propheta
1918 5030 2007 5083 in-

2138 5025 2258 5094 νιὴλ,
2284 5025 2376 5076 καὶ
2404 5025 2452 5076 οἱ
2478 5024 2647 5077 ἄλλοι.
2678 5025 2790 5078 υὺκ
2822 5023 2900 5076 ἔτι
2927 5024 3033 5094 γὰρ
3057 5023 3237 5084 αὐτοῖς
3260 5021 3399 5074 θέλει
3425 5037 3699 5091 προσομι-

430 5136 654 5180 struvns
682 5164 698 5190 ,
746 5134 798 5180 et
830 5123 1202 5187 confirmans,
1259 5122 1723 5192 quemadmodum
1762 5124 1818 5177 in
1870 5123 2009 5176 urbe

2138 5119 2225 5169 ,εἶν
2252 5118 2278 5168 6
2303 5115 2435 5179 Θεὸς
2465 5115 2882 5185 βδελυττόμενος
2909 5116 3153 5179 τούτους.

429 5212 702 5288 Babylone
760 5214 1050 5280 Ezechiel,
1117 5222 1171 5270 et
1226 5212 1456 5282 Daniel,
1511 5216 1825 5285 ca-terique.
1890 5215 2012 5268 Non
2052 5210 2200 5266 enim
2242 5223 2366 5263 cum
2395 5207 2501 5261 illis
2535 5207 2678 5263 Dens
2716 5209 2923 5263 abillis
2984 5209 3288 5263 abhorrens
3351 5203 3696 5261 confabulari

428 5307 559 5362 \‘ult.

2619 5401 2751 5455 NH'.
2775 5431 2845 5442 -—
2883 5399 2967 5466 Τῷ
2986 5402 3165 5467 αὐτῷ.

2177 5492 2240 5544 Ei
2273 5493 2336 5544 ἐκ
2394 5490 2600 5560 πολλῆς
2648 5491 2930 5563 χαρμονῆς
2971 5490 3194 5561 λυπηρὰ
3241 5492 3369 5562 ὑμῖν
3431 5493 3693 5564 ἐπῆλθεν,

2108 5582 2480 5655 προσδόκησον
2518 5583 2757 5646 πάντως,
2787 5584 2869 5635 ὅτι
2901 5581 2999 5653 τὴν
3032 5581 3233 5655 πολλὴν
3259 5582 3437 5656 λύπην
3462 5587 3545 5647 είς
3570 5590 3695 5653 psi-

957 5398 1137 5452 LVIII.
1169 5429 1239 5438 —-
1269 5398 1480 5454 Eidem.

497 5491 554 5548 Si
609 5501 728 5562 post
785 5492 977 5560 ingens
1038 5490 1294 5559 gaudium
1336 5492 1512 5546 tristia
1572 5492 1729 5547 vobis
1761 5493 2007 5562 contige-

424 5593 575 5648 runt,
618 5582 831 5638 eontide
864 5582 1093 5635 omnino
1122 5626 1137 5647 ,
1165 5590 1218 5635 ct
1252 5583 1530 5652 ingentem
1559 5585 1698 5637 hanc
1720 5584 2005 5637 tristitiam

2772 5764 2816 5795 ⁵⁶
2847 5762 2975 5819 ibid.
3006 5765 3055 5817 Ἰ.

915 5765 959 5795 ⁵²
998 5762 1130 5818 ibid.
1175 5762 1228 5816 7.
1272 5765 1316 5795 ⁵³
1345 5762 1447 5822 lsa.
1501 5781 1610 5831 le,
1647 5766 1697 5824 7,
1774 5766 1819 5798 “
1849 5763 1994 5820 Psal.
2048 5780 2141 5821 vn.
2188 5765 2273 5818 15.
2351 5766 2394 5797 ⁵⁵
2423 5764 2523 5820 lsa.
2559 5781 2593 5833 ι,
2643 5764 2695 5817 5.

511 5766 553 5796 ⁸³
584 5763 687 5820 lsa.
723 5778 760 5829 ;,
786 5764 837 5835 5,.
