4024 6218
313 313 420 380 109

1512 311 1872 374 EPISTOLA
1881 309 2050 372 RUM
2089 311 2234 372 LIB.
2277 312 2323 372 Ι.

3491 316 3594 380 110

315 436 447 499 {ova
476 429 578 500 τῆς
606 425 828 500 πρώτης
854 423 1120 497 εὐθυμίας
1149 423 1526 496 παρακληθεὶς
1562 423 1860 494 μεταϐαλεῖ
1879 424 1906 476 6

2023 421 2116 498 27
2162 421 2216 475 in
2243 421 2537 490 majorem,
2575 436 2739 491 quam
2786 422 2962 492 prima
3011 421 3104 476 illa
3143 420 3346 486 fuerat,
3393 438 3594 502 conso-

315 523 468 587 836;.

553 701 677 752 ΝΘ.
717 729 780 738 —-
809 697 1116 767 ΜΕΛΕΤῘῼ
1153 697 1667 768 ΚΑΓΚΕΛΔΛΡΙῼ.

385 793 450 845 Οἱ
481 792 585 844 ὑπὸ
619 790 898 852 Μωῦσέως
922 787 1015 842 τοῦ
1044 787 1188 840 θείου
1213 788 1532 859 ἱεροφάντου
1564 786 1904 856 πεμφθέντες

317 887 397 947 είς
425 882 790 952 Παλαιστίνην
828 879 1186 940 κατάσκοποι,
1236 878 1523 949 σημαίνειν
1564 876 1903 948 μοιδοκοῦσι

323 975 442 1036 τοὺς
471 972 756 1045 οὐρανίους
805 970 1072 1038 ἀγγέλους
1105 969 1506 1031 ὲποπτεύοντας
1535 969 1622 1022 τὸν
1650 969 1768 1022 ὅλον
1809 969 1903 1038 κό-

317 1081 476 1133 σμον,
519 1065 612 1116 καὶ
660 1062 772 1116 τῶν
823 1064 946 1132 τῇδε
1007 1061 1261 1132 πρόνοιαν
1311 1061 1692 1130 ποιουμένους.
1736 1061 1905 1114 Οὐδὲν

318 1157 427 1226 γὰρ
449 1155 788 1224 ἀπρονόητον
821 1155 878 1205 ἐν
903 1153 1231 1224 ἀνθρώποις.
1266 1153 1377 1206 Καὶ
1408 1153 1642 1206 πειθέτω
1677 1170 1733 1206 σε
1762 1155 1905 1205 ἐκεῖ-

320 1265 408 1311 νος
435 1249 464 1299 6
492 1247 745 1314 ἅγγελος,
781 1246 810 1298 6
843 1247 900 1296 ὲν
946 1245 1183 1315 σχήματι
1227 1243 1323 1296 τοῦ
1357 1244 1665 1307 Μακεδόνος
1711 1245 1903 1316 ἀνδρὸς

317 1340 455 1410 πρὸς
505 1336 821 1407 συμμαχίαν
874 1335 1060 1388 ἕνεκεν
1125 1335 1400 1405 σωτηρίας
1455 1334 1759 1407 ἀνθρώπων
1812 1335 1904 1388 τὸν

319 1428 616 1482 ἀπόστολον
651 1427 1099 1498 προτρεπόμενος
1125 1426 1335 1479 Παῦλον
1361 1427 1418 1478 ἐν
1447 1425 1524 1496 τῷ
1555 1425 1735 1494 λέγειν
1771 1425 1906 1497 πρὸς

317 1520 484 1573 αὐτόν
505 1533 518 1548 ·
558 1537 576 1570 ι
611 1517 840 1589 Διάδηθι
867 1521 946 1581 είς
976 1517 1074 1589 τὴν
1106 1517 1466 1581 Μακεδονίαν,
1507 1517 1601 1572 καὶ
1637 1517 1905 1590 βοήθησον

321 1629 480 1680 ημιν.
515 1630 531 1661 ι

849 1696 888 1716 Ἀ

849 1696 924 1751 Ξθ.
957 1729 1018 1739 -
1059 1696 1144 1764 Τῷ
1182 1698 1363 1764 αὐτῷ.

2013 511 2271 567 lationem
2303 525 2332 564 a
2368 509 2476 566 Deo
2503 553 2517 576 ,
2573 511 2618 565 si
2669 527 2793 566 eum
2821 511 3211 583 dcprecaberis
3238 555 3251 578 ,
3293 513 3592 572 immutan-

2011 603 2134 658 d-am
2167 603 2302 656 fore.

2238 693 2375 749 LIX.
2412 724 2485 733 —
2517 694 2822 749 MELETIO
2862 695 3370 754 CANCELLARIO.

2083 785 2246 850 Quia
2299 785 2484 857 Moyse
2545 786 2736 840 divino
2778 801 3069 840 sacrorum
3114 789 3367 843 antistite
3395 792 3446 843 in
3491 791 3593 843 Pa-
3671 810 3679 815 ·

2013 879 2278 930 Lestinam
2317 877 2470 932 missi
2510 885 2640 932 sunt
2672 884 3061 947 exploratores
3095 878 3162 942 ⁸⁷,
3215 891 3408 932 notare
3459 884 3593 935 mibi

2007 969 2266 1022 videntur
2293 967 2547 1022 caelestes
2575 967 2830 1039 angelos.
2879 975 3052 1022 totum
3095 976 3366 1023 terrarum
3408 975 3593 1024 0t'i2t‘tll

2009 1059 2383 1129 inspectantes
2413 1098 2426 1122 ,
2471 1067 2524 1113 et
2553 1067 2900 1112 terrenarum
2939 1075 3122 1113 rerum
3169 1075 3359 1114 curam
3407 1078 3598 1131 geren-

2009 1157 2116 1203 tes.
2158 1147 2304 1202 Nihil
2337 1151 2478 1204 enim
2516 1150 2658 1203 inter
2689 1149 2941 1203 homines
2977 1159 3087 1213 est,
3129 1151 3272 1220 quod
3303 1151 3600 1206 Providen-

2011 1242 2098 1295 tiie
2145 1257 2253 1294 non
2309 1241 2616 1310 suhjaccat.
2665 1239 2890 1310 llocque
2945 1243 3046 1296 tibi
3105 1245 3338 1298 suadeat
3372 1225 3600 1320 angelus

2009 1335 2142 1398 ille,
2201 1333 2294 1404 qui
2355 1334 2407 1386 in
2465 1333 2778 1387 Macedonis
2815 1335 2988 1403 ligura
3049 1334 3102 1386 in
3140 1336 3446 1400 auxilium,
3500 1352 3600 1405 pro

2011 1427 2188 1481 salute
2248 1426 2530 1480 hominum
2587 1426 2893 1494 apostolum
2953 1424 3186 1478 Paulum
3247 1426 3429 1481 verbis
3491 1429 3599 1481 illis

2009 1517 2453 1570 adhortabatur:
2508 1534 2524 1565 ι
2560 1513 2802 1568 Procede
2848 1516 2901 1583 in
2943 1514 3352 1582 Macedoniam,
3395 1528 3449 1572 et
3482 1520 3604 1588 opi-

2013 1611 2192 1664 tulare
2222 1607 2383 1662 nobis
2411 1607 2485 1659 δδ.
2540 1625 2558 1658 ι

2121 1681 2123 1684 ’
2576 1696 2690 1753 1.x.
2722 1728 2792 1736 -
2826 1697 3035 1752 Eidem.

407 1790 620 1860 Ἐπειδὴ
651 1790 916 1854 ποθεινῶς
946 1791 1044 1853 τὰς
1075 1791 1278 1857 σεπτὰς
1323 1793 1716 1862 ἀναγινώσκεις
1761 1794 1903 1866 Γρα-

2085 1790 2320 1857 Quando
2360 1791 2520 1845 avide
2544 1791 2713 1844 nimis
2743 1791 3089 1846 venerandas
3114 1795 3393 1862 percurris
3448 1790 3604 1847 Scri-

319 1883 447 1953 φάς,
481 1879 639 1936 οἷσθά
671 1899 773 1935 που
826 1883 924 1954 τὴν
956 1884 1398 1954 προστάττουσαν
1447 1887 1543 1940 καὶ
1589 1887 1903 1961 διακελευσα-

321 1977 492 2048 μένην
516 1977 630 2038 τοῖς
665 1977 830 2028 πᾶσιν
867 1975 1218 2045 νομοθεσίαν,
1263 1975 1372 2028 δεῖν
1425 1980 1697 2049 στεφάνην
1736 1997 1906 2032 κατα-

317 2067 610 2132 σκευάζειν
639 2071 732 2121 ἐπὶ
762 2068 857 2121 τοῦ
888 2068 1133 2138 δώματος
1169 2069 1269 2140 τῆς
1311 2059 1519 2140 νοητῆς
1549 2071 1748 2136 οἰκίας,
1811 2072 1907 2142 δη-

314 2159 454 2229 λαδὴ
480 2159 574 2212 τοῦ
603 2159 742 2224 κατα
765 2158 898 2211 Θεὸν
926 2158 1342 2230 πολιτεύματος.
1361 2159 1482 2230 Χρὴ
1512 2160 1620 2232 γὰρ
1641 2161 1714 2232 μὴ
1745 2161 1907 2232 μόνον

315 2251 654 2322 ἐνάρξασθαι
675 2252 772 2322 τῆς
800 2252 1023 2322 ἀρετῆς,
1051 2251 1189 2306 ἀλλὰ
1212 2255 1305 2306 καὶ
1327 2253 1594 2324 κορωνίδα
1622 2255 1714 2307 καὶ
1741 2239 1906 2317 ’τέλος

315 2343 654 2408 ἐπιτιθέναι,
686 2344 768 2397 ἴνα
799 2345 874 2414 μὴ
904 2343 1403 2415 καταγνωσθῶμεν,
1431 2342 1628 2418 ὥσπερ
1659 2348 1688 2400 6
1718 2348 1773 2401 ὲν
1794 2349 1905 2409 τοῖς

313 2435 683 2504 Εὗαγγελίοις
717 2436 803 2488 τὸν
832 2436 1042 2507 πύργον
1070 2436 1234 2506 ἀτελῆ
1266 2437 1618 2507 καταλείψας.

836 2620 958 2674 ΞΑ’.
981 2649 1054 2660 --
1092 2619 1174 2686 Τῷ
1202 2621 1383 2688 αὐτῷ.

409 2713 532 2767 Ἐὰν
562 2713 658 2783 τὴν
689 2713 961 2782 στεφάνην
999 2712 1278 2784 ἐπιθῶμεν
1307 2713 1390 2785 τῷ
1430 2711 1641 2784 δώματι
1680 2714 1778 2783 τῆς
1803 2731 1903 2767 κα-

315 2803 420 2872 λῆς
443 2803 736 2865 πολίτείας,
764 2801 1103 2874 δυνησόμεθα
1136 2805 1353 2868 πάντως
1381 2803 1502 2856 καθ’
1530 2804 1786 2874 ὁμοίωσιν
1809 2807 1908 2874 τῆς

324 2893 654 2960 πιστοτάτης
685 2891 876 2956 Ῥαὰϐ,
906 2893 1026 2962 οὐχὶ
1059 2893 1209 2947 κάτω
1234 2910 1358 2958 που,
1391 2893 1525 2946 ἀλλὰ
1562 2891 1674 2946 ἄνω
1707 2892 1907 2962 μᾶλλον

317 2984 689 3050 ὑποδέξασθαι
711 2986 814 3050 ,καὶ
865 2984 1071 3049 ξενίσαι
1104 2987 1232 3048 τοὺς
1265 2985 1532 3054 ἀγγέλους
1567 2986 1658 3039 τοῦ
1707 2986 1903 3056 Ἰησοῦ,

319 3076 688 3147 ἀληθέστερον
703 3077 762 3130 δὲ
791 3075 947 3142 λέξω,
977 3077 1137 3131 αὐτὸν
1159 3077 1504 3148 ξενοδοχῆσαι
1547 3078 1754 3148 Ἰησοῦν
1774 3079 1908 3149 Χρι-
1939 3118 1983 3180 C

323 3168 454 3221 στὸν
482 3167 570 3219 τὸν
599 3167 706 3219 τῶν
734 3167 986 3235 ἀγγέλων
1015 3167 1314 3238 Δεσπότην.

770 3255 888 3309 ΞΒ’.
925 3287 990 3296 -
1024 3258 1469 3312 ΚΔΛΑΝΔΙΩΝῘ.

405 3367 423 3399 ι
458 3346 624 3416 Λόγοι
667 3349 973 3417 κερκώπων
1015 3347 1247 3416 μαλακοὶ
1274 3389 1288 3408 ,
1336 3348 1597 3402 πίπτουσι
1638 3348 1694 3402 δὲ
1732 3349 1813 3412 είς
1845 3351 1913 3402 τὰ

321 3439 554 3508 ταμιεῖα
605 3437 832 3499 κοιλίας.
882 3456 900 3488 ι
935 3435 1259 3506 Κέρκωπας
1307 3438 1562 3510 ὀνομάζει
1601 3441 1628 3491 ὀ
1661 3438 1912 3509 Σολομῶν

323 3530 454 3593 τοὺς
497 3529 936 3594 ἀλωπεκίζοντας
972 3529 1066 3582 καὶ
1096 3529 1521 3600 δολιευομένους.
1553 3530 1646 3583 Διό
1689 3547 1854 3601 φησιν
1884 3531 1914 3583 6

323 3619 523 3674 Δαυῖδ·
553 3638 572 3670 ι
603 3620 694 3690 Μή
733 3636 797 3689 με
826 3616 1233 3682 συναπολέσεις,
1269 3621 1298 3671 6
1323 3618 1474 3682 Θεὸς,
1515 3619 1653 3689 μετὰ
1679 3620 1786 3673 τῶν
1817 3620 1913 3674 λα-

325 3710 565 3765 λούντων
589 3711 815 3782 εἰρήνην
861 3711 997 3782 πρὸς
1031 3710 1122 3764 τὸν
1154 3710 1400 3781 πλησίον,
1438 3711 1582 3764 κακὰ
1617 3711 1674 3764 δὲ
1707 3713 1763 3763 ἐν
1794 3715 1914 3775 ταῖς

330 3804 586 3876 καρδίαις
640 3802 838 3856 αὐτῶν.
882 3821 900 3854 ο
951 3833 1017 3842 -
1061 3822 1079 3853 ι
1128 3801 1552 3874 Ἠπαλύνθησαν
1600 3804 1710 3872 γὰρ
1765 3801 1913 3870 λόγοι

331 3895 475 3965 ὑπὲρ
499 3894 694 3957 ἔλαιον,
717 3896 810 3948 καὶ
835 3896 989 3948 αὐτοὶ
1017 3892 1222 3964 βολίδες
1243 3893 1546 3964 ὑπάρχουσι
1577 3892 1858 3963 τιτρώσαι.
1890 3912 1908 3944 ι

785 4075 903 4128 ΞΡ.
936 4107 1005 4115 -
1024 4074 1457 4129 ΘΕΟΔυΤΙΩΝΙ.

403 4167 647 4230 Εἰκὸτως
675 4166 1030 4236 τεθαύμακας
1068 4165 1366 4236 διαπορῶν,
1403 4164 1517 4229 πῶς
1551 4165 1618 4219 ἂν
1657 4165 1914 4237 ἐδυνήθη-

338 4274 442 4310 σαν
463 4256 870 4329 λίθοιαίσθητοὶ
899 4258 1018 4310 ὅλον
1044 4258 1256 4326 γραφὲν
1288 4258 1538 4329 χωρῆσαι
1573 4259 1636 4312 τὸ
1656 4261 1915 4330 Δευτερο-

332 4348 536 4418 νόμιον.
567 4349 869 4418 Νοήσωμεν
907 4349 1200 4419 τοιγαροῦν
1228 4348 1289 4401 τὸ
1327 4347 1420 4402 τοῦ
1466 4349 1706 4419 Χριστοῦ
1738 4350 1915 4416 Εὐαγ-

2013 1894 2224 1954 pturas.
2277 1883 2430 1937 disce
2469 1890 2797 1951 praeceptum
2839 1881 2991 1935 illum
3031 1881 3343 1951 imperans,
3399 1891 3451 1938 et
3486 1899 3602 1938 om-

2001 1975 2113 2028 nes
2152 1973 2452 2048 cohortaris
2475 2013 2488 2035 ,
2541 1981 2619 2048 ut
2649 1986 2908 2026 coronam
2940 1973 3043 2024 sibi
3079 1981 3388 2043 pru'parcnl
3434 1989 3604 2044 super

2015 2049 2160 2120 tecto
2197 2047 2592 2118 intellectualis
2615 2047 2822 2117 domus
2845 2102 2858 2122 .
2921 2063 3162 2117 instituti
3204 2079 3400 2134 nempe
3435 2066 3560 2120 vita:
3583 2105 3601 2130 ,

2013 2170 2136 2226 qua:
2171 2153 2474 2209 secundum
2531 2151 2698 2207 Deum
2745 2159 2852 2206 est.
2892 2151 3103 2206 Etenim
3141 2168 3248 2207 non
3295 2163 3507 2208 tantum
3546 2157 3603 2210 in

2015 2250 2222 2302 vii-tute
2251 2247 2411 2302 initia
2469 2245 2720 2316 ponenda
2756 2255 2923 2312 sunt,
2968 2245 3063 2300 sed
3117 2246 3184 2300 ad
3233 2247 3554 2302 umbilicum
3583 2288 3602 2313 .

2012 2350 2067 2394 et
2113 2339 2270 2392 linem
2328 2337 2795 2406 perveniendum,
2847 2344 3203 2412 extremaque
3267 2339 3601 2394 lineamenta

2015 2428 2264 2508 addenda
2291 2471 2305 2495 ,
2360 2445 2431 2484 ne
2472 2428 2928 2490 condemnemur,
2967 2429 3428 2498 quemadmodum
3469 2433 3600 2491 ille.

2013 2522 2107 2592 qui
2143 2523 2197 2576 in
2228 2521 2524 2592 Evangelio
2567 2522 2772 2574 turrim
2797 2537 2902 2574 non
2921 2523 3208 2590 perfectam
3234 2522 3451 2592 reliquit
3465 2516 3531 2572 ”.

2147 2595 2152 2598 ’
2365 2593 2372 2612 ³
2572 2611 2708 2668 LXI.
2735 2643 2807 2652 —
2836 2611 3046 2667 Eidem.

2087 2705 2143 2759 Si
2174 2712 2320 2759 tecto
2356 2703 2539 2773 probae
2580 2703 2802 2758 vivendi
2837 2705 3070 2780 rationis
3109 2719 3376 2757 coronam
3425 2706 3604 2774 lmpo-

2015 2811 2255 2860 namus,
2299 2796 2528 2850 omnino
2577 2795 2643 2849 ad
2695 2797 2976 2865 exemplar
3023 2795 3175 2848 Raab
3229 2795 3505 2851 ﬁdissima:
3533 2797 3602 2862 ⁸ο,

2016 2905 2126 2944 non
2163 2889 2220 2944 in
2253 2888 2502 2952 inferiori
2538 2889 2799 2960 quapiam
2836 2889 2959 2942 loco
2983 2930 3000 2954 ,
3041 2890 3154 2960 28
3195 2891 3288 2946 sed
3330 2891 3603 2960 superiori

2017 2981 2304 3050 recipere,
2339 2989 2392 3035 et
2425 2980 2668 3049 hospitio
2715 2982 2941 3050 angelos
2965 2979 3095 3036 Jesu
3125 3021 3140 3046 ,
3191 2989 3246 3036 et
3272 3021 3290 3047 ,
3335 2991 3392 3038 ut
3420 2984 3602 3038 verius

2017 3070 2198 3125 dicam
2227 3109 2244 3134 ,
2293 3069 2472 3140 ipsum
2508 3068 2698 3125 Jesum
2743 3072 3026 3126 Christum
3061 3075 3383 3144 angelorum
3423 3073 3606 3130 Domi-

2017 3176 2148 3238 num
2177 3161 2435 3231 excipere
2472 3162 2798 3231 poterimus.

2438 3250 2594 3306 LXII.
2633 3284 2701 3294 ——
2732 3252 3172 3310 CALANIHONI.

2091 3363 2108 3395 ι
2147 3343 2453 3414 Cet-corium
2491 3345 2658 3400 verba
2685 3347 2985 3416 praemollia
3009 3389 3025 3413 ,
3060 3347 3356 3417 procidunt
3389 3365 3516 3405 vero
3547 3353 3601 3405 in

2015 3438 2216 3492 ter-aria
2253 3439 2462 3492 ventris
2486 3439 2553 3491 ⁸⁸.
2608 3457 2626 3490 ι
2661 3437 2937 3508 Cercopes
2965 3449 3128 3495 vocat
3163 3438 3423 3496 Salomon
3463 3459 3559 3498 eos
3583 3484 3600 3508 .

2016 3531 2109 3601 qui
2143 3530 2374 3600 vulpino
2409 3530 2630 3601 ingenio
2661 3539 2831 3594 sunt,
2870 3531 3143 3603 dolosque
3175 3534 3306 3589 aliis
3345 3543 3598 3590 nectunt.

2015 3622 2312 3693 Propterea
2342 3623 2476 3677 dicit
2507 3622 2677 3678 David
2714 3641 2729 3678 :
2767 3643 2785 3676 ι
2823 3622 2900 3679 Ne
2934 3641 3019 3680 me
3048 3626 3267 3696 perdas,
3291 3626 3456 3692 Deus,
3494 3643 3601 3680 una

2016 3730 2142 3768 cum
2191 3713 2552 3783 loquentibus
2584 3729 2773 3784 pacem
2806 3714 2874 3768 ad
2909 3717 3217 3785 proximum
3246 3755 3261 3781 ,
3303 3718 3444 3770 mala
3471 3733 3602 3771 vero

2017 3807 2071 3859 in
2090 3806 2350 3861 cordibus
2375 3807 2494 3860 suis
2518 3807 2600 3871 ⁶¹;
2641 3824 2764 3858 »-‹
2799 3805 3030 3861 emolliti
3059 3809 3358 3864 enimsunt
3398 3823 3603 3863 sermo-

2016 3914 2115 3953 nes
2142 3912 2332 3952 eorum
2370 3912 2538 3967 super
2561 3898 2744 3951 oleum
2767 3937 2781 3961 ,
2816 3905 2871 3952 et
2903 3898 3010 3967 ipsi
3038 3897 3220 3967 jacula
3253 3909 3382 3955 sunt
3421 3900 3601 3954 vulni-

2018 3989 2118 4042 ﬁca
2141 3989 2208 4043 ⁶³.
2252 4007 2272 4040 ι

2412 4079 2595 4138 LXIII.
2621 4110 2692 4122 -—
2711 4077 3201 4137 TBEUDOTiO‘NI.

2087 4171 2206 4227 Non
2245 4173 2451 4242 absque
2483 4173 2698 4228 ratione
2737 4173 2996 4237 miraris,
3030 4173 3246 4229 luerens
3273 4213 3287 4235 .
3319 4174 3600 4242 quomodo

2021 4266 2304 4336 potuerint
2329 4265 2540 4336 lapides
2570 4264 2805 4320 sensiles
2835 4273 3009 4318 totum
3031 4265 3372 4336 descriptum
3401 4283 3602 4336 capere

2023 4358 2534 4411 Deuteronomium.
2575 4357 2950 4428 Intelligamus
2993 4357 3159 4427 igitur
3185 4357 3390 4412 Christi
3423 4357 3602 4412 Evan-

325 4441 510 4510 γὲλιον
561 4441 983 4512 Δευτερονόμιον
1016 4439 1298 4512 μυστικῶς
1353 4439 1732 4512 προειρῆσθαι,
1778 4439 1911 4494 διότι

2023 4447 2223 4517 gelium
2262 4446 2730 4501 Deuteronomion
2772 4450 3007 4516 mystice
3041 4448 3361 4516 praedictum
3401 4446 3600 4506 fuisse.

327 4536 475 4606 μετὰ
507 4535 597 4587 τίον
634 4534 801 4603 νόμον
829 4533 1108 4596 Μωῦσέως
1155 4533 1216 4586 τὸ
1260 4533 1402 4586 θεῖον
1449 4533 1782 4601 Εὑαγγέλιον
1822 4533 1914 4602 γέ-

324 4643 608 4698 γραπται·
642 4625 822 4686 λίθους
851 4624 907 4678 δὲ
962 4625 1086 4688 τοὺς
1130 4625 1319 4694 πρώην
1349 4624 1556 4695 λιθίνην
1611 4625 1915 4695 ἐσχηκότας

323 4720 577 4789 καρδίαν,
630 4716 936 4787 ὕστερονδὲ
996 4719 1060 4787 τῇ
1106 4717 1284 4770 πίστει
1337 4715 1765 4792 ἁπαλυνθέντας,
1824 4717 1914 4769 καὶ

321 4808 658 4872 ὑπείξαντας
689 4811 755 4877 τῇ
796 4809 986 4878 Γραφῇ
1019 4807 1110 4859 τοῦ
1144 4807 1477 4876 Πνεύματος.

841 4899 960 4953 ΞΔἏ
985 4929 1056 4940 —
1094 4899 1176 4966 Τῷ
1203 4898 1384 4964 αὐτῷ.

399 4993 521 5044 Οὐκ
576 4993 790 5060 ἀγνοεῖς
826 4993 886 5045 τὸ
940 4995 998 5045 ἐν
1031 4993 1108 5063 τῷ
1159 4993 1418 5064 Ἰεζεκιὴλ
1469 4995 1781 5065 εἰρημένον,
1831 5000 1915 5054 ὅτι

327 5103 349 5136 ε
390 5082 689 5137 Ἐκσπασω
712 5084 804 5153 ἀφ’
837 5085 991 5155 ὑμῶν
1019 5086 1114 5156 τὴν
1137 5085 1347 5156 λιθίνην
1376 5087 1627 5158 καρδίαν,
1651 5093 1743 5144 καὶ
1759 5091 1917 5146 δώσω

321 5176 460 5245 ὑμῖν
523 5176 750 5246 καρδίαν
784 5176 1066 5247 σαρκίνην,
1125 5176 1369 5232 εῠεικτον
1409 5179 1486 5250 τῷ
1533 5181 1652 5253 Θεῷ
1716 5184 1796 5248 εἰς
1857 5184 1918 5237 τὸ

322 5266 528 5337 pip-sn
559 5266 882 5324 πλανᾶσθαι.
920 5286 938 5318 ι

841 5359 961 5416 ΞΕ’.
992 5391 1062 5401 —-
1095 5362 1181 5429 Τῷ
1207 5363 1387 5429 αὐτῷ.

407 5452 736 5518 ’Ᾱνὰγνωθι,
783 5452 838 5506 τί
873 5454 1180 5523 Κορινθίοις
1223 5458 1530 5522 ἐπιστέλλει
1571 5462 1599 5514 6
1641 5463 1914 5537 μακάριος

325 5542 569 5607 Παῦλος·
604 5565 622 5596 ι
676 5547 741 5598 'H
774 5546 1031 5617 ἐπιστολὴ
1076 5549 1232 5619 ἡμῶν
1275 5552 1432 5622 ὑμεῖς
1467 5554 1611 5620 ἐστε,
1638 5559 1730 5610 καὶ
1750 5559 1911 5626 ἐγγε-

397 5679 444 5748 ⁸τ
478 5677 612 5732 Num
666 5694 790 5738 xui,
821 5677 901 5731 l8.
964 5678 1022 5716 -εδ
1046 5683 1167 5736 Act.
1207 5699 1317 5748 xvi,
1345 5685 1398 5739 9.

331 5747 378 5779 “
403 5747 550 5803 Psal.
584 5765 697 5810 Liv.
721 5748 816 5802 ⁸22.
894 5748 938 5778 ⁸⁵
967 5748 1163 5806 Ezech.
1205 5769 1279 5818 xu,
1305 5747 1400 5808 ’l‘J.

2019 4540 2462 4610 quandoquidem
2497 4540 2627 4594 illud
2651 4546 2778 4609 post
2804 4540 2976 4610 legem
3007 4538 3303 4593 Mosaicam
3333 4541 3599 4609 scriptum

2017 4639 2102 4686 est
2130 4649 2145 4698 ;
2182 4631 2394 4700 lapides
2421 4647 2553 4685 vero
2576 4647 2704 4694 eos,
2741 4631 2834 4700 qui
2869 4638 3029 4684 antea
3059 4645 3153 4685 cor
3181 4630 3458 4700 lapideum
3511 4647 3594 4701 ge-

2019 4724 2269 4784 stabant.
2291 4724 2638 4794 postmodum
2669 4725 2772 4780 ﬁde
2801 4725 2991 4779 molliti
3023 4740 3147 4780 sese
3179 4721 3472 4794 Scriptura:
3498 4725 3598 4794 spi-

2018 4815 2162 4871 ritus
2187 4823 2454 4887 tanquam
2487 4817 2763 4886 magistra:
2796 4815 3087 4870 afﬂixerunt

2565 4905 2750 4960 LXIV.
2781 4935 2848 4944 —
2879 4903 3086 4958 Eidem.

2090 4995 2209 5051 Non
2249 4998 2470 5067 ignoras
2496 5038 2512 5062 .
2547 4997 2692 5068 quod
2727 4997 2780 5050 in
2813 4995 3102 5050 Ezechiele
3130 4993 3372 5047 dicitur:
3417 5013 3435 5046 ι
3471 4992 3596 5048 Era-

2020 5087 2220 5144 dicabo
2251 5105 2279 5142 a
2319 5089 2475 5144 vobis
2526 5106 2622 5144 cor
2676 5105 2943 5147 saxeum.
3001 5097 3056 5142 et
3109 5086 3253 5140 dabo
3305 5087 3460 5142 vobis
3508 5103 3604 5143 cor

2021 5196 2309 5248 carneum,
2342 5181 2606 5236 obcdiens
2631 5183 2762 5245 Deo,
2786 5197 2852 5236 ne
2887 5182 3026 5234 ultra
3054 5179 3362 5234 aberret“.
3401 5199 3419 5232 ι

2560 5377 2716 5432 LXV.
2746 5410 2814 5420 —-
2842 5377 3049 5456 Eidem.

2092 5469 2317 5542 Perlege
2343 5509 2358 5532 .
2396 5471 2526 5542 quid
2556 5472 2869 5528 Corinthiis
2903 5473 3102 5530 beatus
3132 5472 3336 5530 Paulos
3364 5473 3602 5530 scribat:

2022 5579 2040 5609 ι
2090 5559 2286 5615 Nostra
2317 5562 2428 5632 29
2459 5565 2692 5634 cpistola
2749 5581 2846 5620 vos
2883 5566 3063 5633 estis,
3122 5567 3330 5638 scripta
3386 5582 3496 5622 non
3548 5566 3603 5618 in

1479 5687 1523 5718 ⁸³
1563 5686 1688 5742 Luc.
1721 5706 1832 5757 xxv,
1868 5691 1956 5746 '50.
2000 5693 2043 5723 θ’
2074 5689 2240 5748 .Iosue
2269 5709 2326 5757 ιι,
2359 5695 2410 5749 6.
2471 5695 2513 5728 ⁶¹
2554 5693 2713 5774 Prov.
2747 5713 2889 5764 iuvi,
2921 5697 3013 5754 92.
3091 5699 3135 5731 ⁶¹
3166 5697 3309 5754 Psal.
3353 5701 3606 5766 xxvn,3.
