4024 6218
476 304 611 387 ἰιι
2007 326 2066 388 s.

2201 329 2274 388 LI
3673 333 3766 397 113

3232 440 3275 462 ελ.
3289 440 3307 462 ⁸.
3320 443 3334 462 9

517 432 719 489 tabulis
744 432 997 502 lapideis.
1026 431 1119 485 sed
1155 431 1209 485 in
1249 433 1455 487 tabulis
1482 434 1666 489 cordis
1693 435 1938 500 carneis,
1979 452 2086 490 non

2198 442 2487 513 γραμμένη
2517 442 2615 495 οὐκ
2647 443 2705 495 ὲν
2739 429 2899 509 πλαξὶ
2938 442 3188 504 λιθίναις,
3221 440 3334 493 ἀλλ’
3359 442 3413 494 ἐν
3449 442 3611 505 πλαξὶ
3637 462 3772 515 καρ-
3800 510 3801 513 η

517 531 842 583 atramento,
877 521 970 575 sed
1003 521 1209 591 Spiritu
1244 522 1336 577 Dei
1369 523 1497 577 vivi.
1527 522 1638 579 Vos
1661 525 1806 580 enim
1841 526 2090 581 ostendi-

517 618 586 671 tis
613 630 749 684 opus
780 614 913 684 legis
941 614 998 668 in
1033 614 1297 670 cordibus
1335 614 1536 672 vestris
1567 617 1633 668 ⁸⁸.
1676 636 1695 669 ι

1042 810 1226 866 LXVI.
1256 842 1323 852 ——
1355 811 1563 867 Eidem.

579 902 698 956 Non
735 904 907 958 multo
939 903 1140 974 indiget
1176 912 1422 974 tempore
1451 918 1615 959 verus
1657 903 1819 959 Jesus
1854 905 1919 959 ad
1953 905 2087 959 scri-

513 993 747 1047 bendum
774 993 1257 1047 Deuteronomium
1294 995 1347 1048 in
1386 1010 1482 1050 cor
1511 994 1713 1066 pietate
1753 996 2088 1066 integrorum

515 1081 779 1152 lapidum.
842 1082 1040 1136 Statim
1082 1083 1229 1137 enim
1282 1095 1447 1153 atque
1485 1085 1800 1156 praedicatio
1839 1096 2091 1155 suscepta

512 1182 631 1236 est,
665 1174 803 1226 nihil
839 1172 987 1226 aliud
1014 1172 1307 1227 dicendmn
1340 1186 1424 1229 est
1447 1217 1461 1241 ,
1494 1192 1658 1245 quam
1692 1185 1743 1230 te
1776 1185 2093 1245 asportasse

513 1268 567 1319 in
620 1266 887 1320 interiora
930 1265 1221 1335 pugillaria
1255 1266 1427 1336 legem
1464 1267 1658 1337 gratim
1704 1269 1927 1321 minime
1963 1284 2091 1337 gra-

513 1374 666 1420 vem,
708 1368 760 1411 et
784 1356 1144 1427 concupitum
1194 1358 1247 1410 in
1280 1366 1582 1427 conspectu
1615 1359 1853 1412 ﬁliorum
1890 1360 2089 1426 Israel,

511 1450 824 1504 divinarum
852 1463 1046 1518 nempe
1078 1458 1133 1503 et
1183 1449 1632 1519 incorporearum
1657 1459 2011 1520 potestatum,
2037 1454 2090 1505 in

513 1543 724 1615 lapides
757 1558 864 1597 non
898 1543 1043 1595 ultra
1085 1542 1405 1597 inﬁdelitate
1442 1544 1796 1609 mutilandos,
1832 1553 1926 1597 aut
1958 1559 2092 1598 con-

511 1634 829 1705 fringendos
854 1676 868 1699 ,
902 1633 994 1688 sed
1022 1633 1254 1688 auribus
1280 1674 1294 1697 ,
1328 1642 1383 1687 et
1412 1634 1596 1686 animo
1625 1634 1890 1704 integros.
1929 1653 1947 1684 ‹
1985 1633 2090 1699 Qui

514 1728 658 1781 enim
686 1767 701 1792 ,
744 1729 818 1778 ait
850 1765 863 1787 ,
897 1726 1060 1778 liabet
1085 1740 1246 1778 aures
1278 1724 1537 1779 audiendi
1556 1725 1600 1757 “
1653 1726 1781 1793 (ﬁde
1830 1734 1884 1780 et
1927 1726 2087 1780 indu-

511 1820 609 1871 stri
648 1817 936 1881 solertia),
969 1816 1173 1869 audiat.
1222 1835 1239 1867 ι
1508 1800 1525 1809 ’

531 1907 739 1964 LXVII.
783 1936 841 1947 —
871 1905 1216 1961 IIERACLIO
1258 1905 1689 1961 SUBDIACONO
1729 1906 2061 1963 AURIFICI.

580 1999 1058 2069 Quemadmodum
1112 2015 1418 2070 generosus
1464 2002 1624 2057 miles
1672 2016 1774 2071 pro
1824 2018 1953 2077 rege
1994 2018 2095 2074 pu-

512 2108 673 2163 gnam
729 2093 931 2156 iniens,
970 2092 1016 2147 si
1064 2092 1186 2146 telis
1216 2093 1359 2145 ictus
1390 2093 1458 2146 ab
1497 2092 1830 2148 adversariis
1870 2078 2091 2150 delores

511 2184 876 2248 sustinuerit,
933 2199 1033 2238 nec
1085 2183 1444 2253 desponderit
1497 2184 1777 2249 animum,
1829 2194 2091 2251 curatus,

510 2284 849 2345 satiatusque
912 2273 1204 2329 cicatrices
1258 2273 1545 2328 vulnerum
1618 2274 1675 2329 in
1748 2273 2093 2329 fortitudinis

503 2367 829 2438 jactantiam
864 2365 1085 2419 habebit
1117 2380 1130 2416 :
1173 2379 1242 2419 eo
1273 2375 1431 2435 pacto
1464 2374 1517 2420 et
1548 2366 1639 2435 qui
1673 2365 1744 2420 ab
1774 2365 1932 2422 hoste
1972 2367 2092 2420 vul-

510 2476 614 2515 nus
644 2466 1017 2528 acceperunt,
1047 2456 1091 2510 si
1119 2457 1336 2511 labores
1371 2458 1709 2527 poenitentiae
1736 2474 1842 2511 non
1906 2459 2093 2527 negle-

512 2551 717 2613 xerint,
747 2549 957 2618 absque
982 2547 1149 2601 dubio
1174 2548 1406 2602 salutem
1435 2548 1718 2602 consecuti
1751 2549 1804 2602 in
1826 2548 1913 2603 die
1942 2549 2093 2619 judi-

508 2642 578 2696 cii
602 2640 1006 2712 gloriabuntur;
1037 2654 1271 2709 namque
1323 2639 1480 2695 I‘ortis
1510 2651 1562 2697 et
1588 2656 1818 2711 magnus
1847 2642 2088 2706 animus,

510 2736 635 2789 licet
665 2732 983 2788 vulneribus
1017 2733 1271 2801 oppletus
1296 2770 1311 2792 ,
1343 2748 1597 2801 pugnans
1630 2746 1861 2801 corpore
1885 2733 2092 2786 violato

509 2826 831 2881 vulneribus
870 2838 1098 2892 prorsus
1128 2824 1268 2876 alios
1295 2821 1617 2876 debellabit.

666 2915 775 2988 30
814 2912 1044 2975 LXVIII,
1078 2943 1147 2954 —
1178 2911 1579 2967 APIITIIONIO
1628 2912 1947 2969 DIACONO.
2007 2962 2011 2967 .

577 3008 905 3078 Quicunque
937 3006 1031 3061 Dei
1079 3021 1267 3061 amore
1294 3047 1308 3073 ,
1364 3014 1419 3060 et
1458 3007 1918 3063 benedictionum
1961 3023 2091 3080 pro~

2191 535 2308 597 δίας
2333 533 2649 605 σαρκίναις,
2688 534 2747 586 οὐ
2786 535 2995 604 μέλανι,
3029 532 3163 586 ἀλλὰ
3196 532 3473 601 Πνεῦματι
3516 534 3609 586 τοῦ
3636 534 3768 587 Θεοῦ

2193 626 2396 692 ζῶντος
2416 642 2429 656 ·
2462 626 2619 695 ὑμεῖς
2666 626 2773 696 γὰρ
2813 623 3153 678 ἐνδείκνυσθε
3183 624 3243 677 τὸ
3275 625 3435 694 ἔργον
3484 625 3579 678 τοῦ
3607 628 3768 697 νόμου

2193 720 2251 773 ἐν
2272 721 2393 783 ταῖς
2417 718 2668 790 καρδίαις
2697 718 2869 788 ὑμῶν.
2905 737 2923 769 ι

2700 807 2835 874 εσυ.
2870 838 2938 847 -
2978 805 3060 872 Τῷ
3101 808 3280 871 αὐτῷ.
3794 871 3805 879 ο

2265 903 2339 954 υὺ
2373 902 2542 954 δεῖται
2578 901 2775 971 χρόνου,
2799 898 3041 961 πλείονος
3070 901 3097 951 ὁ
3138 898 3339 968 ἀληθὴς
3383 897 3591 969 Ἰησοῦς
3641 898 3773 969 πρὸς

2191 989 2482 1059 τὸγράψαι
2538 989 2597 1041 τὸ
2646 987 3064 1057 Δευτερονόμιον
3120 988 3201 1050 είς
3238 988 3336 1057 τὴν
3394 988 3622 1057 καρδίαν
3665 989 3773 1041 τῶν

2192 1080 2500 1153 ὁλοκλήρων
2549 1083 2613 1150 τῇ
2658 1078 2910 1150 εὐσεϐείᾳ
2934 1078 3116 1131 λίθων.
3152 1079 3303 1149 ’Ἅμα
3339 1079 3449 1149 γὰρ
3488 1079 3567 1149 τῷ
3600 1097 3757 1153 παραγ

2192 1152 2444 1236 δέξασθαί
2479 1190 2539 1225 σε
2569 1172 2630 1225 τὸ
2662 1174 2943 1244 κήρυγμα,
2975 1171 3129 1224 οὐδὲν
3174 1172 3363 1243 ἕτερον
3392 1173 3498 1242 χρὴ
3518 1152 3771 1244 λέγειν,ῆ
3825 1152 3834 1159 ”

2192 1267 2273 1319 ὅτι
2318 1264 2561 1334 ἑκομίσω
2606 1266 2663 1317 ἐν
2697 1267 2808 1327 τοῖς
2860 1264 3007 1316 ἔνδον
3062 1263 3308 1332 πτυχίοις
3365 1264 3456 1316 τὸν
3490 1265 3653 1334 νόμον
3677 1266 3774 1336 τῆς

2194 1360 2413 1429 χάριτος
2458 1359 2548 1412 τὸν
2579 1359 2759 1429 ἀϐαρῆ
2790 1357 2883 1410 καὶ
2930 1358 3191 1427 ἐράσμιον
3235 1356 3466 1409 ἐνώπιον
3499 1357 3607 1410 τῶν
3646 1358 3775 1410 υίῶν

2208 1447 2444 1519 Ἰσραὴλ,
2469 1448 2668 1518 δηλαδὴ
2693 1449 2799 1499 τῶν
2816 1446 2976 1499 θείων
3018 1448 3111 1500 καὶ
3136 1448 3444 1517 ἀσωμάτων
3470 1448 3772 1517 δυνάμεων,

2196 1542 2275 1603 είς
2320 1541 2498 1603 λίθους
2530 1541 2728 1611 μηκέτι
2782 1539 3212 1607 κολοόουμένους
3262 1538 3348 1591 διὰ
3387 1540 3489 1609 τῆς
3519 1540 3773 1601 ἀπιστίας

2196 1633 2290 1685 καί¹
2349 1631 2699 1701 κλωμένους,
2759 1629 2873 1681 ἀλλ’
2933 1628 3260 1699 ὁλοκλήρους
3312 1629 3457 1700 ψυχῇ
3512 1631 3607 1682 καὶ
3659 1632 3776 1691 ταῖς

2195 1724 2421 1785 ἀκοαῖς·
2456 1741 2473 1773 ι
2544 1722 2602 1773 ὐ
2648 1720 2786 1789 ἔχων
2840 1720 2949 1789 γὰρ
2997 1714 3132 1783 ὦτα,
3177 1720 3375 1789 φησὶν,
3430 1720 3649 1773 ἀκούειν
3690 1720 3775 1791 (τῇ

2197 1816 2401 1878 πίστει,
2438 1813 2531 1867 καὶ
2554 1816 2617 1884 τῇ
2652 1812 2945 1883 ἀγχινοίᾳ),
2974 1812 3237 1865 ἀκουέτω.

2194 1906 2313 1959 32'.
2356 1936 2427 1945 -
2473 1904 2825 1974 ΙΙΡΑΚΛΕΙῼ
2884 1904 3327 1973 ΥΠΟΔΙΛΚΟΝῼ
3388 1903 3773 1972 xerzoxoo.

2268 1997 2478 2068 Ὠσπερ
2523 1995 2861 2067 στρατιώτης
2890 1997 3137 2063 γενναῖος
3188 1996 3326 2066 ὑπὲρ
3374 1998 3465 2049 τοῦ
3513 1998 3778 2065 βασιλέως

2198 2088 2525 2159 μαχόμενος,
2557 2088 2650 2141 ἐὰν
2684 2088 2865 2157 βέλεσι
2909 2088 3322 2155 κατατοξευθεὶς
3352 2070 3456 2141 ὑπὸ
3490 2090 3599 2143 τῶν
3628 2093 3777 2143 ἐνανη

2193 2179 2323 2231 τίων
2356 2178 2625 2251 ὑπομείνῃ
2670 2180 2765 2241 τὰς
2791 2178 3112 2248 ἀλγηδόνας,
3153 2181 3245 2232 καὶ
3281 2181 3354 2250 μὴ
3398 2184 3778 2252 παραχωρήσας

2193 2273 2259 2341 τῇ
2307 2270 2660 2342 ὀλιγοψυχὶᾳ,
2690 2270 3007 2340 ἐπιμελείας
3056 2271 3253 2341 τυχὼν,
3304 2273 3395 2325 καὶ
3453 2273 3777 2342 ίατρευθεὶς,

2193 2361 2305 2427 ἕξει
2328 2363 2427 2426 τὰς
2451 2362 2612 2425 οὐλὰς
2629 2362 2735 2414 τῶν
2757 2365 3087 2434 τραυμάτων
3116 2367 3194 2428 είς
3220 2364 3486 2434 καύχησιν
3506 2364 3776 2435 ἀνδρεία,⁸

2194 2456 2367 2518 οὕτως
2415 2456 2509 2508 καὶ
2551 2457 2597 2507 οἱ
2630 2455 2930 2526 τρωθέντες
2984 2456 3133 2527 παρὰ
3191 2457 3285 2510 τοῦ
3319 2458 3515 2529 ἐχθροῦ
3558 2461 3652 2512 ἐὰν
3705 2461 3777 2528 μὴ

2195 2549 2531 2619 ἀκηδιάσωσι
2551 2550 2675 2612 τοὺς
2705 2549 2901 2613 πόνους
2921 2538 3020 2619 τῆς
3052 2551 3356 2619 μετανοίας,
3390 2551 3778 2620 ἀναμφιϐόλως

2196 2641 2460 2703 σωθέντες
2490 2641 2857 2710 καυχήσονται
2878 2644 2934 2695 ἐν
2964 2640 3144 2714 ἡμέρᾳ
3176 2643 3414 2713 κρίσεως
3433 2662 3445 2673 ·
3477 2645 3504 2695 δ
3534 2644 3643 2712 γὰρ
3682 2645 3774 2695 ἀν-

2193 2734 2389 2804 δρεῖος.
2429 2732 2533 2785 κᾶν
2566 2735 2622 2785 ὲν
2667 2732 2946 2803 τραῦμασι
3000 2735 3224 2805 γένηται
3253 2778 3267 2796 ν
3302 2735 3517 2799 πάντωί
3566 2741 3772 2805 “mf-‘65!

2196 2823 2291 2874 καὶ
2317 2822 2658 2892 τραυματίας
2691 2824 3015 2892 μαχόμενος.

2516 2912 2642 2966 anu
2685 2941 2750 2952 —
2784 2914 3082 2985 ΑΦΘΟΝΙῼ
3135 2916 3456 2984 ΔΙΑΚΟΝῼ.

2268 3006 2421 3058 Ὅσοι
2464 3006 2652 3077 ἀγάπῃ
2706 3004 2840 3058 Θεοῦ
2890 3007 2984 3059 καὶ
3026 3005 3279 3077 προθέσει
3334 3008 3592 3075 εὑλογιῶν
3626 3009 3772 3062 πολι-

506 3104 688 3173 posito
737 3103 906 3155 vitam
960 3098 1275 3163 traducunt,
1320 3099 1373 3151 Iri
1414 3097 1676 3153 dicuntur
1710 3115 1879 3170 prope
1929 3114 2088 3154 mon-

2198 3098 2459 3162 τεύονται,
2492 3094 2635 3154 οῦτοι
2680 3100 2923 3167 λέγονται
2956 3101 3210 3154 ἵστασθαι
3244 3101 3469 3173 πλησίον
3495 3102 3588 3156 τοῦ
3618 3105 3772 3174 ὅρους

507 3208 617 3249 tem
644 3192 885 3247 Garizim
918 3189 1251 3259 appellatum
1279 3197 1427 3242 stare
1452 3188 1494 3219 ⁸⁷
1527 3207 1539 3242 :
1576 3197 1631 3242 at
1675 3190 1767 3258 qui
1821 3204 1931 3243 non
1965 3204 2093 3259 pro-

507 3294 624 3357 pter
642 3274 1096 3346 benedictionem,
1120 3292 1171 3335 et
1190 3280 1511 3344 amicitiam,
1531 3288 1583 3333 et
1608 3280 1824 3333 Iaudem
1855 3278 1966 3345 Dei,
1997 3280 2091 3336 sed

505 3384 725 3447 propter
738 3386 1024 3442 ptenarum
1038 3372 1381 3425 decretarum
1399 3378 1603 3425 metum
1619 3370 1760 3424 bona
1777 3383 1941 3438 opera
1960 3384 2091 3423 con-

507 3471 726 3530 ﬁciunt,
770 3466 823 3519 bi
879 3464 1143 3519 dicuntur
1174 3478 1399 3517 manere
1430 3478 1601 3533 prope
1631 3472 1868 3516 montem
1898 3460 2088 3526 IIebal,

506 3559 561 3613 in
593 3576 704 3631 quo
739 3560 873 3613 dirae
923 3556 1108 3612 cllusa:
1159 3565 1331 3622 sunt,
1368 3572 1476 3609 non
1522 3564 1582 3609 ut
1634 3554 1774 3609 diris
1805 3554 2092 3622 subiaceat

502 3652 596 3723 qui
650 3652 705 3705 in
754 3649 923 3704 IIebaI
952 3651 1135 3712 stetit,
1178 3648 1276 3703 sed
1321 3659 1379 3701 ut
1430 3644 1737 3700 horrendas
1783 3646 1904 3699 illas
1940 3645 2091 3700 diras

504 3742 861 3812 conspiciens
911 3739 1059 3795 omni
1106 3745 1310 3793 conatu
1348 3737 1453 3793 sibi
1496 3744 1691 3791 caveat
1721 3778 1734 3802 ,
1787 3752 1855 3790 ne
1900 3737 1954 3790 in
1994 3751 2090 3790 cas

500 3832 779 3888 concidat.

908 3920 1096 3976 LXIX.
1136 3952 1207 3966 -—.
1243 3918 1668 3974 APIITIIONIO.

570 4015 647 4070 Ne
677 4027 835 4085 putes
858 4018 1138 4084 propheta:
1169 4015 1325 4068 Isaiae
1348 4029 1661 4068 sermonem
1695 4013 1746 4066 in
1774 4012 2088 4067 Sodomitas

500 4108 662 4178 dirigi
692 4124 706 4162 :
733 4126 748 4158 ι
778 4105 975 4159 Audite
997 4107 1223 4159 verbum
1259 4105 1496 4168 Domini,
1523 4104 1798 4174 principes
1824 4106 2089 4158 Sodomo-

504 4214 625 4253 rum
649 4197 747 4251 ⁸⁸.»
778 4196 1059 4265 Principes
1084 4197 1228 4250 enim
1252 4194 1590 4259 Judznorum,
1617 4197 1707 4264 qui
1729 4212 1892 4265 opere
1916 4197 2089 4251 Sodo-

504 4303 716 4341 morum
748 4286 1001 4339 libidines
1023 4325 1036 4351 ,
1061 4292 1114 4339 et
1143 4286 1251 4340 illis
1296 4286 1595 4352 subjectos,
1622 4286 2084 4350 obsecundantes,

501 4380 921 4439 :emulabautur,
941 4390 1123 4431 sermo
1150 4376 1373 4447 respicit
1397 4396 1408 4430 :
1429 4377 1613 4430 statim
1631 4391 1863 4446 namque
1886 4379 2087 4431 subne-

2195 3186 2288 3241 τοῦ
2344 3187 2595 3258 Γαρίζειν
2644 3191 3185 3261 προσαγορευομένου
3221 3208 3233 3223 ’
3276 3193 3389 3246 ὅσοι
3439 3194 3495 3247 δέ
3541 3196 3661 3264 οὐχὶ
3707 3197 3777 3249 δι’

2196 3281 2466 3348 εὐλογίαν,
2502 3282 2595 3334 καὶ
2645 3282 2862 3350 φιλίαν,
2895 3282 2988 3335 καί
3037 3283 3254 3337 ἔπαινον
3311 3287 3403 3338 τοῦ
3454 3287 3612 3348 Θεοῦ,
3642 3289 3783 3342 ἀλλά

2194 3369 2283 3422 διὰ
2318 3369 2408 3422 τὸν
2454 3360 2616 3438 φόϐον
2644 3369 2751 3422 τῶν
2802 3370 3200 3439 ἀπειληθεισῶν
3230 3374 3503 3427 κολάσεων
3536 3377 3605 3429 τά
3639 3378 3783 3429 καλᾶ

2195 3460 2529 3514 ἐπιτελοῦσιν
2570 3461 2728 3532 ἔργα,
2781 3456 2930 3514 οῦτοι
2983 3462 3232 3531 λέγονται
3273 3460 3411 3519 εἶναι
3462 3467 3627 3534 ἐγγὺς
3682 3467 3785 3521 τοῦ

2192 3552 2351 3622 ὅρους
2378 3552 2600 3615 Γαιϐἀλ,
2633 3554 2766 3605 ὅπου
2797 3555 2851 3606 αί
2885 3554 3119 3625 κατάραι
3155 3555 3435 3627 ἐδόθησαν,
3461 3559 3559 3629 οὐχ
3597 3559 3681 3611 ἵνα
3720 3562 3777 3611 ἐν

2194 3643 2411 3715 κατάρᾳ
2447 3644 2673 3713 γένηται
2705 3644 2731 3696 ὁ
2773 3645 2923 3715 παρὰ
2943 3645 3018 3715 τῷ
3056 3646 3257 3699 Γαιϐἀλ
3284 3650 3521 3713 σταθεὶς,
3552 3649 3665 3703 ἀλλ’
3689 3650 3779 3703 ἴα

2193 3739 2523 3808 θεασάμενος
2555 3739 2651 3801 τὰς
2685 3738 2922 3807 φοϐερὰς
2962 3740 3205 3811 κατάρας
3246 3741 3408 3794 παντὶ
3450 3744 3624 3796 σθένει
3676 3763 3783 3812 qau-

2191 3828 2417 3899 λάξηται
2452 3829 2544 3880 τοῦ
2577 3830 2652 3899 μὴ
2691 3832 3007 3897 περιπεσεῖν
3033 3833 3244 3893 αὑταῖς.

2700 3919 2818 3973 :e'.
2850 3951 2920 3960 -
2952 3921 3267 3993 moesto.

2263 4012 2353 4083 Μὴ
2376 4011 2583 4082 νόμιζε,
2609 4012 2689 4065 ὅτι
2734 4012 2869 4083 πρὸς
2904 4013 3028 4075 τοὺς
3059 4012 3349 4082 Σοδομίτας
3375 4015 3721 4071 ἀποτείνεται
3756 4022 3787 4070 ὁ

2194 4104 2478 4174 προφήτης
2519 4103 2749 4164 Ἡσαΐας
2798 4102 3007 4171 λέγων·
3047 4122 3064 4153 ι
3119 4104 3413 4157 Ἀκούσατε
3453 4105 3610 4173 λόγον
3661 4109 3786 4159 Κυ-

2195 4196 2329 4264 ρίου,
2361 4196 2621 4266 ἄρχοντες
2648 4195 2914 4264 Σοδόμων.
2959 4213 2976 4246 ι
3012 4194 3153 4265 Πρὸς
3204 4196 3311 4267 γὰρ
3341 4198 3469 4259 τοὺς
3508 4199 3786 4269 ἄρχοντας

2187 4290 2295 4343 τῶν
2341 4289 2608 4343 Ἰουδαίων
2654 4291 2681 4340 ὁ
2711 4288 2867 4356 λόγος
2906 4289 3085 4353 αὐτὸς,
3129 4288 3497 4358 μιμουμένους
3540 4294 3605 4361 τῇ
3638 4295 3787 4361 πρά-

2191 4382 2270 4447 ξει
2302 4381 2399 4446 τὰς
2430 4381 2535 4433 τῶν
2567 4380 2869 4451 Σοδομιτῶν
2902 4382 3341 4451 αἰσχροπραγίας
3381 4384 3476 4436 σῦν
3504 4387 3616 4445 τοῖς
3643 4385 3786 4437 ὑπο-

500 4473 616 4527 ctit:
646 4489 662 4522 ι
678 4469 952 4525 Attendite
968 4468 1068 4538 legi
1090 4468 1178 4523 Dei
1196 4468 1427 4539 populus
1447 4467 1779 4524 Gomorrbae.
1800 4469 1937 4536 Quid
1956 4471 2085 4524 mibi

2198 4475 2545 4544 τεταγμένοις
2566 4490 2578 4503 ·
2605 4473 2763 4535 εὐθὺς
2788 4472 2897 4542 γὰρ
2919 4471 3167 4543 ἐπιφέρει
3200 4489 3211 4501 ⁸
3243 4492 3259 4523 ι
3302 4472 3601 4543 Προσέχετε
3624 4475 3784 4545 νόμῳ

501 4566 659 4634 copia
695 4562 1099 4619 sacriﬁciorum
1120 4569 1431 4616 vestrorum
1453 4562 1476 4615 ‘.’
1500 4560 1635 4616 dicit
1666 4562 1932 4619 Dominus
1965 4565 2030 4617 ⁸⁸.
2065 4582 2084 4615 ι

502 4657 566 4712 Et
596 4670 776 4712 tatnctt
807 4655 1158 4709 manifestum
1190 4661 1273 4708 cst
1323 4668 1430 4708 non
1477 4646 1791 4711 SodOmitas
1812 4700 1825 4718 ,
1885 4658 2089 4712 multo-

499 4766 609 4818 que
648 4748 831 4802 minus
881 4744 1295 4801 Gomorrbenos
1331 4761 1572 4816 unquam
1604 4787 1617 4811 ,
1662 4748 1756 4801 sed
1807 4747 2089 4804 lsraelitas

502 4842 685 4913 potius
720 4840 827 4894 Deo
858 4837 1131 4893 sacriﬁcia
1176 4837 1469 4892 obtulisse.

453 4972 494 5016 ιδ
647 4928 812 4984 LXX.
845 4925 1172 4983 —GAIN.IE
1214 4926 1569 4982 COI’IARUM
1614 4927 1939 4983 DUCTOIH.

575 5019 757 5076 Multis
820 5021 1138 5075 inanimatis
1178 5034 1470 5089 personam
1504 5018 1772 5073 divinitus
1816 5022 2085 5090 inspirata

2190 4563 2323 4617 Θεοῦ
2375 4563 2501 4625 λαὸς
2558 4562 2862 4633 Γομόρρας.
2892 4562 2955 4613 Τί
3011 4580 3101 4632 μοι
3161 4562 3363 4632 πλῆθος
3416 4564 3523 4615 τῶν
3572 4564 3785 4619 θυσιῶν

2190 4655 2377 4725 ὑμῶν;
2414 4654 2560 4722 λέγει
2595 4655 2816 4724 Κύριος.
2851 4671 2869 4705 ι
2911 4652 3076 4721 Δῆλον
3105 4652 3182 4715 δὲ,
3212 4653 3293 4706 ὅτι
3324 4654 3444 4724 οὐχὶ
3464 4656 3782 4726 Σοδομῖται,

2186 4749 2245 4801 οῦ
2272 4748 2327 4801 δὲ
2362 4747 2466 4817 μὴν
2511 4746 2850 4818 Γομορρηνοὶ
2886 4746 3127 4809 πώποτε,
3167 4745 3493 4818 Ἰσραηλῖται
3544 4749 3602 4802 δέ
3631 4751 3785 4819 μᾶλ-

2187 4841 2277 4893 λον
2303 4838 2381 4909 τῷ
2403 4837 2521 4908 Θεῷ
2549 4831 2645 4901 τᾶς
2686 4837 2873 4900 θυσίας
2911 4838 3272 4908 προσέφερον.

2504 4932 2579 4984 Ο’.
2615 4961 2684 4969 -
2706 4930 2916 5000 ΓΑΙΝᾼ
2965 4932 3450 5003 ΣΤΡΑΊἩΛΑΤῌ.

2256 5021 2434 5076 Πολλὰ
2483 5022 2573 5075 καὶ
2624 5022 2732 5075 τῶν
2783 5022 3006 5092 ἀψύχων
3062 5027 3501 5093 προσωποποιεῖν
3550 5021 3697 5079 οἶδεν
3740 5029 3776 5096 ὴ

502 5112 787 5182 Scriptura
823 5109 1031 5172 tradit,
1078 5118 1137 5164 ut
1169 5109 1303 5163 illud
1337 5127 1349 5161 :
1386 5127 1403 5159 ‹
1454 5108 1605 5163 Mare
1650 5109 1791 5162 dixit
1835 5110 1985 5174 haec,
2034 5121 2088 5166 et

2198 5112 2535 5175 )εόπνευστος
2583 5112 2773 5183 Γραφὴ
2798 5152 2813 5176 ,
2842 5113 2918 5176 ὠς
2951 5115 3042 5167 τό·
3072 5132 3090 5164 ι
3133 5116 3197 5167 Ἡ
3229 5116 3470 5169 θάλασσα
3496 5111 3618 5170 εἷπε
3646 5118 3779 5171 τάδε

501 5205 649 5269 haec;
683 5204 739 5258 et
766 5203 1000 5273 abyssus
1034 5203 1212 5256 dixit:
1246 5198 1376 5253 Non
1404 5209 1488 5255 est
1514 5199 1570 5254 in
1604 5216 1686 5255 me
1710 5202 1776 5255 7°.
1825 5221 1842 5253 ι
1878 5202 1940 5256 Ει
1967 5220 2085 5257 rur-

499 5312 596 5351 sus
628 5313 684 5350 :c
706 5292 844 5349 ϐεειί
875 5294 1255 5365 enarrantal
1276 5296 1506 5364 gloriam
1541 5292 1632 5347 Dei
1663 5295 1742 5359 '“;
1783 5313 1800 5346 ι
1823 5302 1876 5348 et
1900 5297 2083 5364 gladio

501 5384 749 5455 praciplt
786 5380 1052 5438 Dominus
1082 5426 1095 5447 ,
1132 5394 1190 5436 ut
1226 5398 1348 5438 sese
1376 5392 1429 5437 et
1462 5397 1663 5445 carne,
1701 5395 1755 5437 et
1808 5390 2081 5456 sanguine

502 5468 786 5541 impleret,
834 5479 888 5523 et
945 5485 974 5523 a
1014 5472 1296 5526 montibus
1347 5480 1401 5525 et
1459 5472 1695 5528 collibus
1757 5476 2083 5533 saltationes

573 5648 620 5721 ‘_'
646 5644 695 5721 II
724 5647 853 5702 Cor.
881 5662 962 5712 III,
986 5646 1040 5699 ‘2.
1118 5651 1162 5682 “
1191 5650 1376 5706 Matth.
1420 5669 1490 5711 tu.
1528 5653 1615 5707 I5.
1693 5655 1734 5687 ⁸⁷
1770 5654 1943 5712 Josuc
1973 5672 2088 5714 vm.

2207 5700 2219 5713 .
2299 5656 2341 5689 ⁸⁸
2372 5657 2477 5712 Isa.
2509 5673 2547 5721 r,
2588 5657 2674 5711 I0.

499 5717 545 5752 ’⁸
577 5716 720 5773 Psal.
762 5733 916 5781 xvm,
952 5722 1002 5772 1.

2185 5204 2280 5257 καὶ
2306 5203 2452 5268 τάδε,
2478 5205 2572 5257 καὶ
2604 5206 2636 5275 ἡ
2678 5204 2911 5266 ἄϐυσσος
2944 5199 3097 5258 εἶπεν
3128 5222 3139 5235 ·
3164 5205 3278 5259 υὺκ
3317 5205 3461 5260 ἔστιν
3496 5208 3552 5259 ἐν
3590 5210 3778 5276 ἐμοὶ.»

2189 5296 2300 5348 Καὶ
2332 5294 2495 5348 πάλιν
2518 5311 2531 5325 ·
2572 5312 2589 5344 ι
2620 5295 2850 5366 Οὐρανοὶ
2896 5293 3209 5364 διηγοῦνται
3238 5297 3394 5364 δόξαν
3418 5297 3577 5351 Θεοῦ.
3613 5317 3631 5348 ι
3664 5301 3787 5355 Καὶ

2187 5389 2255 5458 τῇ
2288 5387 2531 5458 ῥομφαίᾳ
2557 5385 3143 5457 διακελεύεταιΚύριος
3163 5389 3518 5460 ἐμφορεῖσθαι
3542 5390 3790 5461 κρέατός

2192 5497 2251 5532 τε
2284 5480 2377 5532 καὶ
2423 5478 2683 5549 αἵματοςο
2711 5479 2802 5532 καὶ
2833 5477 2932 5549 ὅρη
2963 5480 3054 5533 καὶ
3090 5478 3265 5549 βουνοί
3315 5479 3440 5543 τοὺς
3490 5480 3586 5550 τῆς
3623 5496 3799 5552 σκιρ-

2778 5656 2822 5687 ⁸⁸
2858 5656 2995 5711 ibid.
3032 5657 3118 5712 II.
3221 5660 3265 5693 7°
3293 5657 3399 5716 Job
3423 5676 3609 5727 uvttt,
3673 5661 3771 5721 14.
