3970 6220
262 268 369 337 113

1493 290 2033 356 EPISTOLARUM
2072 297 2217 357 LIB.
2262 301 2311 358 Ι.

3437 309 3538 373 114

514 383 904 484 ἐξερωτῶντίι
946 392 1176 462 λόγους·
1209 401 1346 453 καίτ
1385 422 1402 455 ι
1446 404 1510 457 Τί
1552 405 1843 468 πέπονθας,

1953 401 2329 474 dcposcuntur
2379 410 2446 463 ⁷⁸.
2508 409 2609 475 Et,
2650 431 2669 462 ι
2723 412 2852 483 quid
2896 414 3200 484 pertulisti,
3235 431 3420 483 mare,
3479 429 3540 473 ut

252 472 519 532 θάλασσα.
546 477 630 529 ὅτι
661 479 882 548 ἔφυγες,
915 486 1008 538 καὶ
1041 489 1125 551 σὺ,
1162 490 1427 564 Ἰορδάνη,
1451 498 1532 549 ὅτι
1566 497 1845 568 ὲστράφης

253 568 334 628 είς
359 568 425 620 τὰ
460 569 670 635 animo;
707 592 724 623 ι
764 575 824 627 Εἰ
866 578 1048 631 τοίνυν
1100 582 1255 635 ταῦθ’
1299 585 1469 651 οὕτως
1498 587 1631 659 ἔχοι,
1658 590 1709 643 τί
1752 608 1843 661 μοι

253 658 563 751 προτείνεις
613 663 675 716 τὸ
722 665 779 717 ὲν
839 671 958 732 ταῖς
1015 672 1344 745 Παροιμίαις
1404 658 1843 751 εἰρημένον,δτι

259 768 278 799 ι
319 750 526 843 βύσιος
561 753 745 807 ἔκτισέ
780 775 848 828 με
878 761 1051 833 ἀρχὴν
1080 764 1212 818 ὁδῶν
1251 769 1416 821 αὑτοῦ
1446 750 1528 834 είς
1578 771 1714 843 ἔργα
1747 776 1843 829 αὐ-

254 840 346 935 τοῦ
373 858 387 905 ;
423 860 453 935 ir
484 844 740 914 Σολομὼν
770 850 1087 919 παραϐολὰς
1140 856 1234 907 καὶ
1265 859 1537 913 σκοτεινὸν
1558 840 1715 930 λόγον
1743 863 1843 935 τὴν

256 930 513 997 σύνταξιν
546 935 784 1006 κέκληκε
829 939 923 992 τοῦ
959 941 1087 995 ἰδίου
1121 943 1347 1013 βιϐλίου.
1378 949 1542 1003 ’Ἄλλο
1564 930 1841 1022 τοιγάρτοι

256 1023 371 1074 ἐστὶ
395 1023 459 1077 τὸ
486 1028 871 1096 παραϐολικῶς
901 1034 1066 1104 ῥηθὲν
1101 1038 1194 1091 καὶ
1235 1044 1713 1113 συνεσκιασμένον,
1751 1046 1843 1099 καὶ

257 1115 459 1180 πολλὰς
498 1119 755 1184 ὑπονοίας
783 1124 1090 1196 δεχόμενον,
1115 1131 1206 1183 καὶ
1239 1132 1368 1185 ἄλλο
1394 1133 1454 1186 τὸ
1487 1135 1716 1199 λευκῶς,
1742 1138 1846 1189 καὶ

252 1207 714 1276 ἀσυγκαλύπτως,
735 1216 923 1284 σαφῶς
946 1236 1003 1270 τε
1022 1221 1114 1273 καὶ
1140 1223 1438 1296 διαρρήδην
1459 1225 1786 1296 ὣγματισθέ
1793 1247 1841 1282 ν.

255 1295 328 1351 Σὺ
356 1298 414 1351 δὲ
436 1301 537 1372 τὴν
570 1307 839 1377 φωτεινὴν
863 1309 957 1362 τοῦ
990 1311 1309 1369 Ἀποστόλου
1337 1317 1687 1375 διδασκαλίαν
1710 1322 1846 1375 ἀπο-

254 1390 525 1457 στραφεὶς
557 1392 634 1462 τῷ
677 1394 980 1467 βεϐλάφθαι
1025 1401 1124 1473 τὴν
1157 1406 1257 1475 τῆς
1288 1407 1464 1478 ψυχῆς
1487 1410 1699 1480 ὅρασιν,
1733 1416 1847 1477 τοῖς

259 1486 568 1546 σκοτεινοῖς
631 1489 917 1558 προσέχεις
973 1494 1308 1564 αἰνίγμασιν.
1360 1488 1472 1554 Καὶ
1532 1502 1689 1556 ποίαν
1740 1506 1847 1575 ἄρα

258 1572 461 1641 σχοίης
490 1574 773 1645 ἀπολογίαν
794 1597 808 1646 ;
855 1584 1191 1659 Ἐϐουλόμην
1226 1590 1327 1659 μὲν
1359 1589 1451 1645 οὖν
1488 1594 1740 1649 ἐπιλῦσαί
1764 1615 1845 1650 σοι

261 1662 652 1759 τὴν-πρότασιν
684 1671 783 1740 τῆς
821 1678 1123 1745 παροιμίας
1149 1719 1166 1743 ,
1199 1681 1313 1734 ἀλλ’
1350 1685 1540 1756 ἐπειδὴ
1570 1690 1631 1757 τῇ
1659 1689 1843 1759 ἀλόγῳ

264 1752 533 1844 προλήψει
554 1760 863 1829 κεκάρωσαι
894 1766 1111 1835 τῆςτῶν
1144 1770 1567 1842 ’Λρειομανιτῶν
1588 1778 1838 1844 ίοϐολίας,

258 1842 494 1912 ἐπέσχον
551 1848 646 1900 τοῦ
706 1852 956 1924 καλάμου
1018 1860 1117 1928 τὴν
1178 1864 1415 1935 κίνησιν,
1468 1869 1629 1938 μόνον
1684 1872 1844 1926 τοῦτο

255 1935 561 2000 παραινῶν,
596 1940 711 2006 εἴγε
752 1944 844 1997 καὶ
885 1947 1137 2020 ἀνάσχοιο
1157 1968 1170 1982 ⁸
1190 1954 1218 2006 ὃ
1256 1955 1352 2009 νὺν
1377 1958 1527 2025 γοῦν,
1552 1962 1665 2024 τοῖς
1689 1963 1845 2031 εὐαγ-

252 2023 535 2116 γελισταὲς
568 2030 658 2081 καὶ
700 2032 1019 2101 ἀποστόλοις
1048 2041 1250 2109 μᾶλλον
1306 2023 1843 2116 κηρύττουσιίπείθε·

254 2112 401 2175 σθαι,
438 2115 471 2184 ἢ
514 2119 631 2181 τοῖς
670 2122 777 2175 τῶν
801 2124 1021 2180 ίοϐόλων
1053 2130 1368 2200 δρακόντων
1403 2137 1841 2211 χαλαιπωτέροις

264 2202 598 2304 ’Δρειανοίς.
629 2211 777 2304 Πλὴν
802 2218 1319 2294 πεπληροφόρημαι,
1454 2229 1604 2282 οὐδὲν
1632 2202 1844 2304 mea;

257 2311 332 2347 σει
363 2299 393 2350 ό
425 2297 812 2373 διαλεγόμενος
842 2310 923 2373 είς
955 2304 1069 2366 ὦτα
1093 2319 1495 2388 νενεκρωμένα.

387 2566 515 2663 OLV.
548 2571 1097 2663 —7¢PUYMENTIQ
1135 2580 1729 2663 ΕΚΚΑΗΣΙΕΚΔΙΚῼ.

327 2657 545 2713 Navita:
578 2662 679 2731 μὲν
706 2667 796 2718 καὶ
836 2670 1161 2744 κυϐερνῆται
1197 2678 1371 2733 πάντα
1404 2682 1675 2751 ποιοῦσιν,
1695 2686 1841 2751 ὅπως

252 2750 326 2847 ἂν
349 2752 413 2847 το
461 2753 695 2824 πέλαγος
746 2760 1089 2834 διαδράμοιεν
1109 2812 1122 2833 ,
1156 2770 1250 2823 καὶ
1285 2773 1423 2843 πρὸς
1450 2774 1643 2847 λιμένα
1671 2750 1840 2832 καταέ

254 2842 577 2935 τελεύᾲσαιεν,
608 2850 674 2902 σὺ
718 2850 774 2904 δὲ
819 2854 907 2908 διὰ
955 2860 1155 2925 παντὸς
1198 2863 1482 2935 πελαγίοις
1514 2868 1841 2935 φιλονεικεῖς

256 2932 499 2992 ἁλιεύειν
527 2939 587 2993 ἐν
628 2944 749 3008 ταῖς
778 2950 1094 3020 τρικυμίαις
1132 2953 1241 3009 τῶν
1277 2957 1548 3026 βιωτικῶν
1580 2964 1842 3033 πραγμά-

1949 494 2186 565 fugeres,
2220 507 2269 553 et
2304 507 2383 563 tu,
2414 500 2695 567 Jordanis,
2716 512 2773 557 ul
2804 514 2953 559 retro
2978 504 3541 566 cederes"?DSihac

1946 585 2133 655 itaque
2173 589 2246 642 ita
2295 605 2354 645 se
2395 592 2637 660 habent,
2676 596 2810 664 quid
2865 596 3001 650 mihi
3041 598 3340 668 proponis,
3393 601 3539 670 quod

1947 677 2004 733 in
2057 678 2377 737 Proverbiis
2425 684 2638 738 dictum
2688 696 2822 740 est:
2865 706 2882 738 ι
2922 686 3192 744 Dominus
3246 689 3543 746 fabricavit

1946 784 2034 823 me
2067 771 2396 842 principium
2430 774 2645 829 viarum
2678 791 2905 831 suarum
2932 816 2946 840 ,
2981 779 3035 832 in
3071 795 3237 850 epcra
3271 797 3371 837 sua
3401 782 3447 814 ⁷⁸
3469 784 3492 836 2
3518 804 3536 837 ι

1948 856 2205 915 Salomon
2236 861 2538 919 Parabolas
2562 905 2576 925 ,
2626 865 3036 937 obscurumque
3068 886 3379 926 sermonem
3412 889 3542 927 con-
3612 889 3621 897 ·

1946 952 2306 1008 Structionem
2336 956 2545 1025 preprii
2576 956 2699 1011 libri
2734 960 3169 1028 nuncupavit".
3199 962 3360 1016 Aliud
3393 966 3538 1018 enim

1946 1052 2032 1099 est
2083 1045 2229 1114 quod
2278 1047 2560 1116 parabolis
2598 1050 2947 1119 exprimitur,
2990 1052 3343 1123 tenebrisque
3370 1054 3543 1108 invol-

1952 1140 2098 1195 ritur
2129 1176 2143 1201 ,
2199 1138 2523 1210 multosque
2545 1141 2893 1209 significatus
2924 1142 3210 1208 admittit,
3257 1153 3311 1200 et
3354 1145 3498 1198 aliud
3521 1186 3536 1210 ,

1950 1227 2098 1296 quod
2129 1229 2280 1284 clare
2305 1270 2319 1295 ,
2374 1239 2429 1285 et
2462 1241 2683 1301 aperte,
2719 1234 2992 1305 planeque
3019 1277 3033 1301 ,
3068 1248 3120 1292 et
3154 1236 3275 1293 sine
3313 1238 3425 1291 ullo
3456 1238 3540 1291 iu-

1950 1320 2175 1374 volucro
2206 1322 2549 1378 enuntiatur.
2582 1323 2661 1377 Tu
2700 1340 2829 1378 vero
2865 1327 3105 1381 lucidam
3161 1328 3408 1397 Apostoli
3441 1328 3543 1382 do-

1949 1412 2185 1466 ctrinam
2238 1413 2549 1483 alijiciens,
2583 1416 2730 1485 quod
2774 1417 2896 1472 visu
2953 1421 3152 1473 animze
3205 1419 3369 1475 lazsus
3419 1420 3539 1485 sis,

1948 1503 2205 1558 obscuris
2236 1504 2625 1575 aanigmatibus
2657 1518 2893 1564 mentem
2937 1512 3182 1581 applicas
3213 1530 3228 1567 :
3259 1521 3313 1567 et
3347 1527 3543 1582 quam-

1950 1607 2075 1645 nam
2121 1591 2187 1646 de
2218 1592 2325 1646 hoc
2374 1595 2788 1650 excusationem
2833 1598 3123 1667 proferes?
3173 1598 3300 1653 Erat
3354 1602 3540 1670 itaque

1951 1687 2080 1739 mihi
2119 1686 2174 1741 in
2202 1689 2391 1742 animo
2415 1729 2431 1754 ,
2464 1693 2751 1760 proposito
2786 1709 2848 1747 ex
2879 1691 3201 1749 Proverbiis
3226 1693 3396 1748 dubio
3459 1709 3539 1748 re—

1948 1776 2264 1845 spondere,
2310 1788 2689 1835 verumtamen
2717 1796 2839 1837 cum
2893 1791 2949 1836 tu
3004 1783 3188 1852 inepta
3217 1825 3232 1849 ,
3304 1797 3368 1837 ac
3418 1783 3539 1837 sine

1946 1869 2165 1923 ratione
2222 1872 2601 1940 praeceptione
2656 1875 2995 1928 Arianorum
3063 1876 3300 1939 ictibus,
3368 1876 3536 1929 veluti
3608 1918 3612 1921 .

1945 1968 2171 2015 veterno
2201 1962 2452 2018 conﬁxus
2479 1966 2557 2019 sis
2587 2006 2602 2031 ,
2651 1974 2856 2019 motum
2900 1968 3099 2020 calami
3147 1967 3423 2037 repressi,
3470 1968 3537 2021 ad

1946 2051 2081 2107 illud
2144 2054 2322 2107 solum
2361 2055 2663 2111 cohortans
2690 2097 2705 2121 ,
2745 2058 2793 2112 si
2826 2057 2881 2111 id
2937 2058 3207 2128 patienter
3247 2059 3538 2113 sustinue-

1946 2144 2024 2197 ris
2053 2186 2068 2211 ,
2118 2152 2178 2198 ut
2226 2145 2418 2201 saltem
2471 2162 2619 2201 nunc
2653 2150 3120 2215 evangelistarum
3175 2161 3229 2203 et
3267 2150 3542 2220 apostolo-

1945 2250 2067 2291 rum
2107 2238 2556 2307 praedicationem
2585 2241 2845 2297 admittas
2872 2283 2886 2308 ,
2937 2256 3103 2311 quam
3137 2249 3534 2297 venenatorum

1946 2330 2288 2397 serpentium
2345 2331 2792 2399 pestilentiorum
2866 2332 3223 2387 Arianorum.
3282 2332 3533 2384 Attamen

1945 2430 2099 2474 certo
2150 2423 2268 2477 scio
2314 2423 2448 2475 nulli
2503 2422 2751 2477 futurum
2805 2424 3077 2485 utilitati.
3127 2424 3221 2493 qui
3278 2425 3343 2477 in
3378 2437 3537 2476 aures

1943 2517 2269 2570 demortuas
2302 2519 2466 2569 verba
2497 2515 2805 2585 profundit.

1944 2607 2134 2662 LXXI.
2165 2637 2233 2648 --
2273 2607 2680 2664 FRUMENTIO
2719 2607 3075 2664 ECCLESIE
3116 2605 3529 2662 DEFENSORI.

2014 2699 2203 2754 Nauta:
2230 2699 2450 2769 quidem
2476 2738 2492 2763 ,
2526 2706 2691 2770 atque
2720 2702 3122 2771 gubernatores
3148 2707 3381 2754 conatus
3418 2712 3544 2752 om-

1944 2808 2043 2847 nes
2075 2807 2208 2847 suos
2259 2790 2544 2858 referunt,
2608 2799 2666 2845 ut
2718 2791 2950 2861 trajecto
2983 2806 3133 2846 mare
3159 2837 3171 2860 ,
3207 2792 3262 2844 in
3316 2800 3534 2859 portum

1946 2900 2067 2940 sese
2095 2884 2396 2940 deducant.
2420 2884 2500 2938 Tu
2530 2899 2662 2939 vero
2692 2899 2908 2953 semper
2933 2885 2986 2938 in
3013 2885 3124 2938 alto
3152 2883 3287 2938 ntari
3320 2897 3534 2938 summa

1945 2976 2301 3031 contentione
2330 2976 2437 3045 32
2474 2976 2766 3045 piscatioui
2799 2976 3078 3031 incumbis
3115 2978 3168 3030 in
3202 2990 3382 3029 rerum
3429 2975 3536 3028 bu-

252 3047 365 3136 των
403 3036 663 3106 συνεχῶς,
699 3042 792 3093 καὶ
823 3044 880 3095 ἐν
904 3047 1026 3108 ταῖς
1052 3047 1298 3118 ἀγοραῖς,
1331 3052 1557 3116 καὶτοῖς
1583 3055 1835 3126 δικαστη-

1953 3083 2235 3122 manarum
2269 3068 2470 3123 ﬂuctus
2512 3082 2657 3136 smpe
2686 3076 2741 3120 et
2774 3067 2830 3122 in
2876 3067 3030 3130 foro,
3065 3077 3118 3122 et
3154 3068 3208 3121 in
3238 3065 3537 3121 tribunali-

254 3121 399 3191 ρίτης
448 3130 834 3199 στρεφόμενος,
871 3137 1144 3207 προφάσει
1181 3139 1280 3210 μὲν
1334 3142 1434 3213 τῆς
1488 3145 1599 3199 τῶν
1645 3121 1843 3217 ἐκκλή-

256 3216 562 3309 σιαστικῶν
615 3223 957 3292 πραγμάτων
1012 3229 1387 3300 προμηθείας,
1420 3237 1486 3306 τῇ
1537 3236 1582 3289 δ’
1615 3216 1843 3309 ἀληθεία

252 3305 423 3376 χάριν
482 3307 796 3378 πλεονεξίας
860 3315 1157 3388 ἀκορέστου
1227 3324 1317 3376 καὶ
1389 3305 1650 3399 συλλογῆς
1706 3305 1844 3385 ⁷ἀδεξ-

256 3416 379 3453 κου.

584 3496 700 3549 OB’.
736 3530 802 3538 —
834 3501 1148 3576 ΠΟΜΠΗΙῼ
1198 3509 1519 3581 ΔΙΑΚΟΝῼ.

329 3584 563 3654 Χεϐρὼν
590 3589 822 3681 σηιεζυγὴ
876 3596 1257 3666 ἑρμηνεύεται.
1306 3604 1403 3657 Διά
1444 3606 1499 3658 τί
1539 3607 1841 3681 δὲ’συζυγὴ

262 3679 685 3750 προσηγορεύθη
714 3685 742 3735 ό
765 3686 930 3750 τόπος
950 3706 964 3752 ;
993 3689 1113 3744 "Uti.
1128 3692 1243 3746 ἐκεῖ
1261 3696 1397 3749 κατὰ
1420 3699 1679 3767 συζυγίαν
1697 3679 1841 3755 xciv;

262 3783 350 3819 ται
420 3769 675 3841 Ἀϐραὰμ
730 3776 827 3828 καὶ
882 3779 1110 3850 Σάρρα,
1176 3785 1358 3840 Ἰσαὰκ
1419 3790 1514 3843 καὶ
1555 3790 1837 3858 Ῥεϐέκκα,

278 3859 472 3914 Ἰακὼϐ
524 3865 615 3917 καὶ
657 3867 781 3923 Δία.
828 3871 1025 3936 Καλῶς
1067 3875 1247 3929 τιίνυν
1290 3880 1319 3930 ὁ
1362 3879 1612 3953 θεοφιλὴς
1660 3883 1841 3939 Χαλὲϐ

266 3954 431 4025 πολλῇ
470 3959 698 4029 σπουδῇ,
729 3961 823 4014 καὶ
850 3964 1015 4035 πόνῳ,
1051 3969 1142 4020 καὶ
1176 3970 1358 4040 ίδρῶτι
1393 3974 1549 4027 ἔλαϐε
1581 3975 1680 4046 τὴν
1706 3977 1841 4047 μνή-

268 4064 371 4115 μην
423 4049 534 4102 τῶν
584 4052 847 4124 ἀοιδίμων
910 4063 1263 4132 πατριαρχῶν
1292 4106 1306 4131 ,
1335 4067 1454 4137 ἥτις
1510 4071 1843 4140 μητρόπολις

268 4140 477 4209 ὑπῆρχε
510 4141 621 4193 τῶν
659 4144 905 4216 Ἐνακὶμ,
939 4153 1349 4221 καταφονεύσας
1385 4159 1514 4221 τοὺς
1537 4159 1645 4212 τῶν
1675 4161 1840 4232 ὑπερ.

265 4232 486 4299 ηιρὰνων
521 4234 794 4301 γιγάντων
824 4241 1065 4306 ἀσεϐεῖς,
1103 4246 1197 4297 καὶ
1239 4247 1475 4314 φαύλους
1503 4251 1801 4318 ἀπογόνους
1824 4272 1837 4285 ·

382 4324 595 4391 γίνεται
651 4327 853 4398 κλῆρος
902 4332 998 4384 τοῦ
1039 4334 1221 4389 Χαλὲϐ
1257 4340 1459 4409 πᾶσαὴ
1489 4341 1583 4412 γῆ,
1609 4344 1666 4396 ἐν
1696 4339 1842 4417 ᾗπερ

264 4413 560 4483 ἐτύγχανον
592 4419 642 4470 oi
683 4419 844 4487 τάφοι
874 4422 983 4476 τῶν
1012 4428 1298 4495 μακαρίων
1319 4431 1563 4486 ἐκείνων.

787 4512 903 4565 ΟΓ.
939 4544 1008 4555 -—
1040 4515 1122 4581 Τῷ
1148 4517 1330 4584 αὐτῷ.

332 4597 422 4667 Μὴ
464 4597 775 4672 ἀθυμήσῃςο
818 4604 914 4658 καὶ
953 4606 1061 4677 γὰρ
1088 4610 1183 4661 καὶ
1236 4612 1319 4664 σοὶ
1370 4611 1578 4667 δέδοται
1626 4618 1845 4670 πιστεύ-

264 4690 519 4783 σαντιτῷ
558 4692 623 4745 ἐκ
663 4695 976 4765 σπέρματος
1024 4698 1274 4774 Ἀϐραὰμ
1304 4708 1685 4780 γεγεννημένῳ
1713 4712 1845 4783 Χρι-

262 4780 393 4848 στῷ,
434 4782 637 4852 κλῆρος
693 4787 899 4854 νοητός.
932 4788 1065 4853 Θεὸς
1104 4791 1213 4864 γάρ
1251 4812 1344 4847 σου
1395 4798 1614 4867 γέγονεν
1646 4803 1674 4854 ό
1715 4780 1848 4867 Θεὸς

258 4871 369 4923 τῶν
398 4874 745 4946 ἀειμνήστων
781 4881 1158 4951 πατριαρχῶν.

784 4973 901 5028 OA'.
926 5005 997 5014 —
1032 4974 1116 5041 Τῷ
1144 4978 1322 5048 αὐτῷ.

334 5056 401 5109 Τί
455 5059 639 5131 ξενίζῃ
688 5060 907 5129 βλέπων
938 5070 1304 5138 πονηρότατόν
1332 5090 1389 5125 τε
1431 5074 1523 5126 καὶ
1550 5076 1848 5133 ἀνοσιώτα-

258 5163 351 5239 τον
404 5148 1006 5222 ὑπερευφημούμενον,
1059 5158 1151 5211 καὶ¹
1208 5160 1624 5232 ὲνδοξαζόμενον
1676 5184 1851 5239 παρα-

259 5238 464 5307 νόμως,
496 5239 590 5291 καὶ
645 5244 860 5310 μεγάλα
891 5247 1145 5316 ἰσχύοντα
1174 5252 1324 5322 παρά
1352 5257 1461 5317 τοῖς
1491 5256 1848 5313 δυναστεύου-

260 5346 381 5426 stu;
738 5335 839 5403 τῆς
878 5338 1100 5411 Γῳφῆς
1151 5344 1456 5417 ἐμϐοὼσης,
1488 5348 1566 5403 ὅτι
1595 5369 1613 5403 ι
1663 5354 1847 5426 Ἐδόθη

258 5424 285 5472 ὁ
311 5421 520 5490 ἀσεϐὴς
551 5424 611 5476 ὲν
638 5424 796 5493 ὕψεσι
826 5431 1076 5497 μεγάλοις
1099 5451 1110 5464 ο
1148 5456 1165 5487 ι
1206 5439 1470 5508 τουτέστι,
1497 5421 1847 5517 συνεχωρήθή

260 5514 549 5583 ὑῷωἱῆηι
584 5522 722 5573 κατὰ
757 5520 847 5573 τὶν
874 5523 1077 5593 κόσμον
1112 5528 1313 5583 τοῦτον.
1343 5534 1766 5607 Συγκεχὼρηται
1792 5537 1847 5591 δὲ

340 5692 380 5722 τ’
413 5693 558 5747 Psal.
591 5709 747 5765 cxnt,
776 5700 826 5754 ι.

938 5702 979 5734 ⁷³
1011 5706 1144 5761 ibid.
1328 5708 1368 5738 "‘
1398 5707 1705 5779 Prov.,vut,
1737 5712 1825 5768 2'2.

1901 5717 1943 5747 ⁷³
1986 5714 2149 5771 Prov.
2191 5732 2227 5783 t,
2266 5714 2312 5770 Ι.

1950 3162 2051 3216 bus
2084 3174 2377 3230 pererrans
2402 3202 2416 3224 ,
2452 3176 2517 3215 eo
2548 3161 2773 3215 nomine
2793 3202 2806 3220 .
2856 3168 2915 3214 ut
2945 3160 3110 3215 rebus
3139 3158 3535 3215 ecclesiasticis

1947 3250 2237 3321 provideas
2259 3291 2274 3317 ,
2306 3267 2364 3307 re
2398 3260 2580 3306 tamen
2610 3251 2765 3321 plura
2811 3251 3042 3307 trahendi
3077 3251 3383 3316 aviditatis,
3413 3264 3535 3321 qua:

1947 3357 2235 3413 nunquam
2298 3342 2633 3409 exsatiatur,
2718 3351 2883 3412 atque
2946 3342 3163 3413 injustm
3227 3340 3534 3396 cxactiunis

1949 3436 2148 3506 gratia.

2231 3528 2441 3583 1.xxu.
2473 3560 2542 3568 —
2572 3525 2875 3607 POMPEIO
2915 3524 3242 3582 DIACONO.

2019 3619 2276 3674 Chebron
2352 3630 2503 3675 notat
2585 3621 3036 3690 coniunctionem
3090 3620 3156 3674 ⁷⁸.
3227 3618 3531 3684 Quamnam

1945 3725 2074 3764 vero
2128 3712 2199 3764 ob
2264 3725 2490 3765 causam
2552 3712 2709 3766 locus
2767 3711 2858 3765 ille
2922 3723 3123 3763 nomen
3181 3707 3233 3761 id
3301 3707 3532 3760 habuit?

1944 3802 2090 3871 quod
2127 3801 2201 3855 ibi
2237 3802 2514 3871 conjugati
2536 3802 2724 3870 jacent
2748 3800 3021 3854 Abraham
3057 3805 3112 3853 et
3135 3799 3299 3850 Sarra
3324 3836 3338 3860 ,
3380 3797 3535 3849 Isaac

1943 3899 1997 3944 et
2029 3889 2273 3943 Rebecca
2298 3928 2315 3951 ,
2349 3886 2519 3943 Jacob
2556 3897 2611 3942 et
2642 3886 2756 3941 Lia.
2783 3886 2962 3941 Probe
2995 3886 3157 3954 igitur
3188 3884 3298 3937 Deo
3330 3890 3522 3952 gratus

1944 3980 2150 4034 Chaleb
2193 3979 2367 4033 multo
2402 3978 2623 4040 studio,
2684 3989 2739 4032 et
2793 3979 3020 4043 labore,
3071 3989 3289 4029 necnon
3331 3973 3535 4027 sudore

1945 4069 2261 4125 memoriam
2291 4069 2778 4125 celeberrimorum
2821 4067 3264 4138 patriarcharum
3289 4065 3531 4134 excepit,
3566 4090 3576 4098 -

1945 4176 2066 4230 qua:
2103 4168 2222 4216 erat
2260 4160 2582 4231 metropolis
2610 4158 2837 4214 Enacim
2864 4199 2878 4223 ,
2936 4156 3312 4226 arrogantium
3344 4157 3534 4226 gigan-

1944 4260 2057 4306 tum
2091 4253 2295 4321 impiis,
2332 4267 2391 4305 ac
2428 4266 2662 4321 nequam
2694 4248 3115 4306 successoribus
3144 4247 3487 4301 obtruncatis
3516 4263 3528 4299 :

1945 4355 1998 4400 et
2032 4346 2087 4399 fit
2112 4361 2237 4401 sors
2267 4346 2475 4401 Chalcb
2501 4385 2515 4409 ,
2546 4346 2804 4399 universa
2834 4344 2926 4397 illa
2955 4352 3137 4409 terra,
3170 4341 3224 4395 in
3257 4357 3365 4411 qua
3402 4341 3534 4395 bea-

1949 4448 2131 4492 torum
2163 4438 2380 4492 illorum
2417 4438 2669 4506 sepulcra
2694 4436 3013 4492 exstabant.

2452 4528 2688 4582 LXXIII.
2716 4558 2785 4567 —-
2816 4526 3024 4581 Eidem.

2014 4621 2093 4678 Ne
2123 4620 2471 4692 despondeas
2503 4621 2747 4674 animum
2771 4661 2785 4684 ,
2820 4619 2916 4673 tibi
2949 4616 3174 4679 etenim,
3196 4615 3289 4685 qui
3311 4614 3530 4670 Christo

1945 4729 2011 4769 ex
2051 4715 2262 4770 semine
2305 4712 2541 4768 Abrahae
2580 4722 2705 4767 orto
2750 4709 3069 4771 credidisti,
3123 4709 3249 4762 data
3283 4714 3367 4760 est
3401 4720 3525 4761 sors

1947 4808 2359 4863 intellectualis.
2390 4807 2535 4861 Deus
2559 4806 2706 4860 enim
2738 4804 2838 4858 tibi
2871 4803 3053 4856 factus
3073 4808 3159 4856 est
3195 4795 3338 4853 Deus
3370 4792 3519 4853 seut-

1948 4912 2043 4966 per
2069 4896 2687 4952 commemorandorum
2726 4892 3188 4963 patriarcharum.

2412 5016 2413 5019 η
2455 4984 2690 5039 LXXIV.
2718 5014 2788 5023 -—
2816 4981 3026 5037 Eidem.

2018 5075 2159 5141 Quid
2191 5084 2416 5146 stupes,
2448 5087 2503 5131 et
2528 5083 2793 5144 tanquam
2812 5072 2877 5129 de
2911 5088 2970 5127 re
2992 5085 3133 5125 nova
3156 5076 3210 5125 et
3239 5068 3524 5139 peregrina

1948 5169 2244 5225 admiraris
2284 5168 2701 5238 iniquissimum
2740 5165 2933 5221 videns
2973 5171 3138 5233 atque
3180 5162 3527 5232 improbissi-

1951 5277 2098 5315 mum
2135 5259 2393 5315 laudibus
2423 5258 2636 5314 nefarie
2666 5258 2966 5312 exaltatum
2991 5294 3008 5320 ,
3071 5262 3126 5309 ct
3160 5254 3334 5323 gloria
3391 5267 3525 5322 pra:-

1963 5354 2290 5417 divitcm,ct
2317 5350 2462 5421 apud
2500 5353 2837 5422 imperantes
2880 5348 3093 5403 infinito
3128 5347 3352 5423 ‘cmteris
3394 5362 3527 5418 pra:-

1952 5446 2211 5499 stantem?
2238 5443 2554 5499 Recordare
2578 5444 2881 5514 Scriptura:
2907 5443 3261 5497 inclamantis
3286 5462 3299 5497 :
3331 5462 3348 5492 ι
3366 5443 3531 5499 Datus

1952 5536 2055 5607 33
2083 5544 2167 5590 est
2210 5536 2414 5607 impius
2451 5536 2507 5591 in
2544 5536 2932 5590 altitudinibus
2971 5537 3186 5605 magnis
3225 5538 3291 5600 ⁷⁷,
3341 5554 3359 5586 ι
3408 5550 3525 5604 pcr-

2392 5716 2438 5750 ⁷⁶
2493 5713 2659 5773 Josue
2716 5732 2829 5785 xiv,
2865 5717 2945 5773 li.
3028 5717 3069 5747 ⁷⁷
3104 5714 3284 5772 Eccle.
3327 5715 3456 5781 x,ti.
