4024 6218
458 263 562 329 115

1927 267 1986 331 S.
2029 272 2191 334 NILI

3617 284 3708 350 116

453 378 686 431 missum
720 375 938 430 scilicet
973 373 1051 426 illi
1083 383 1167 428 est
1189 413 1202 436 ,
1239 382 1296 428 ut
1327 375 1630 429 secundum
1680 377 1824 432 hunc
1861 393 2021 431 mun-

2132 383 2230 436 οὐκ
2281 385 2542 458 ἀκρίτως,
2581 388 2698 443 ἀλλ’
2747 391 2836 444 ἵνα
2867 391 2986 445 λίαν
3042 387 3334 464 μετάρσιος
3385 394 3707 463 ἐκφανθεὶς,

451 468 582 522 dum
633 466 927 521 exaltetttr.
964 463 1148 532 Neque
1203 465 1316 520 hanc
1375 465 1610 522 facultas
1646 470 1766 524 sine
1813 469 2028 539 judicio

450 560 576 612 data
613 568 729 620 est,
767 557 861 611 sed
905 566 962 609 ut
993 558 1080 613 ille
1115 560 1168 613 in
1210 561 1451 614 sublime
1497 570 1758 629 evectus,
1793 564 2031 634 indeque

449 666 691 721 praeceps
717 658 875 703 actus
901 690 914 714 ,
951 650 1072 704 sine
1102 652 1211 703 ullo
1237 653 1479 705 remedio
1505 655 1779 709 excidium
1811 653 2024 713 subeat.

658 738 865 794 LXXV.
895 771 963 784 —
991 741 1451 798 APOLLODORU
1493 744 1823 802 RiiETOlll.

523 832 862 887 Assevet-asti
893 875 906 898 ,
943 842 1231 902 propterea
1267 834 1468 904 saepius
1487 835 1852 892 barbarorum
1883 833 2022 893 mul-

445 926 735 979 titudincut
795 926 847 978 in
919 924 1296 980 Romanorum
1358 929 1611 999 regiones
1689 932 2024 1002 irrumpere,

443 1016 588 1085 quoi
625 1033 734 1070 non
784 1029 978 1071 omnes
1013 1017 1221 1079 velint,
1257 1033 1433 1087 neque
1463 1029 1757 1088 procurent
1799 1023 2022 1076 numina

443 1111 690 1179 gentium
742 1109 1032 1164 sacriﬁciis
1067 1109 1172 1164 sibi
1205 1111 1524 1166 conciliare.
1565 1111 1643 1166 Tu
1675 1125 1854 1169 tamen
1889 1115 2024 1169 illud

443 1203 647 1256 habeto
673 1201 1022 1269 expressius,
1059 1211 1113 1256 et
1157 1205 1280 1257 sine
1315 1203 1428 1256 nlio
1494 1205 1842 1275 trgnntcnto,
1881 1199 2026 1262 irru-

447 1297 666 1364 ptiones
697 1294 1092 1361 barbarorum,
1127 1305 1284 1350 terrae
1315 1304 1527 1363 motus,
1560 1298 1836 1363 incendia,
1866 1309 2025 1357 caete-

440 1401 612 1456 raque
653 1387 833 1440 tristia
865 1389 936 1441 ob
979 1388 1188 1441 nullam
1238 1389 1401 1442 aliam
1440 1405 1660 1444 causam
1685 1432 1699 1456 ,
1736 1407 1900 1460 quam
1953 1393 2024 1448 ob

439 1480 708 1534 malitiam
733 1519 748 1543 ,
779 1483 832 1535 et
879 1489 1160 1550 stuporem
1201 1496 1391 1536 eorum
1420 1522 1435 1545 ,
1470 1484 1563 1551 qui
1595 1491 1651 1536 ut
1687 1491 1742 1536 tu
1767 1522 1782 1546 ,
1813 1485 2023 1538 daemo-

439 1571 608 1626 nibus
647 1571 820 1626 nimio
851 1572 1025 1626 multo
1067 1571 1416 1639 addicantur,
1450 1582 1506 1628 et
1542 1575 1808 1629 malorum
1842 1574 2022 1630 homi-

437 1676 572 1716 num
623 1661 966 1730 impietatem
996 1700 1011 1725 ,
1059 1663 1157 1731 qui
1203 1677 1311 1716 non
1366 1671 1584 1718 cessant
1631 1666 1700 1718 ab
1749 1665 2018 1720 idolorum

2139 477 2394 532 κάκεῖθεν
2424 482 2749 534 καταπεσὼν
2798 483 3013 537 ἀνίατον
3046 483 3336 557 συντριϐὴν
3357 486 3642 559 ὑπομείνῃ.

2427 745 2541 800 OE’.
2575 773 2642 784 υ·-
2678 743 3128 817 ΛΠῡᾹΛΟΔΩΡῼ
3157 741 3430 801 ΡΗΤΟΡΙ.

2187 839 2448 919 -Εῖρηκας
2513 837 2598 890 διὰ
2651 837 2808 890 τοῦτο
2863 837 3119 902 πολλάκις
3174 838 3355 909 πλήθη
3417 835 3711 913 βαρϐάρων

2135 929 2426 1002 ἐμϐάλλειν
2459 932 2525 1000 τῆ
2570 927 2867 998 Ῥωμανίᾳ,
2899 929 3032 981 διότι
3061 929 3134 998 μὴ
3175 928 3458 999 βούλονται
3488 931 3707 998 πάντες,

2136 1021 2274 1092 μήτε
2343 1021 2450 1092 μὴν
2499 1016 2901 1088 προθυμοῦνται
2956 1017 3278 1087 θεραπεύειν
3325 1019 3536 1082 θυσίαις
3587 1022 3711 1085 τοὺς

2133 1117 2288 1179 θεοὺς
2323 1111 2431 1167 τῶν
2473 1113 2760 1182 Ἑλλήνων.
2817 1111 2988 1164 Γνῶθι
3022 1110 3199 1164 τοίνυν
3243 1112 3585 1184 τρανότερον,
3617 1115 3711 1167 καὶ

2131 1209 2257 1262 ἄνευ
2275 1209 2419 1269 τινὸς
2452 1204 2790 1275 καλύπτρας,
2820 1203 2900 1255 ὅτι
2931 1201 3023 1256 καὶ
3069 1201 3362 1276 βαρϐάρων
3395 1205 3708 1274 ἐπιδρομαὶ,

2132 1302 2226 1354 καὶ
2279 1298 2513 1368 σεισμοὶ,
2548 1297 2644 1350 καὶ
2695 1293 3035 1365 ἐμπρησμοὶ,
3087 1296 3180 1348 καὶ
3233 1293 3298 1348 τὰ
3345 1294 3482 1348 ἄλλα
3531 1295 3706 1349 πάντα

2129 1389 2348 1460 ἀνιαρὰ,
2382 1389 2449 1441 δι’
2478 1388 2630 1442 οὐδὲν
2659 1385 2787 1442 ἄλλο
2833 1385 3119 1458 γίνεται,ἢ
3159 1385 3247 1439 διὰ
3288 1389 3386 1458 τὴν
3443 1387 3709 1457 πονηρίαν

2130 1485 2224 1538 καὶ
2246 1481 2564 1553 ἠλιθιότητα
2594 1480 2701 1534 τῶν
2733 1479 2876 1534 κατὰ
2902 1479 2959 1532 σὲ
2990 1479 3400 1548 δεισιδαιμόνων
3437 1480 3532 1532 καὶ
3585 1479 3710 1532 δυσ-

2130 1573 2304 1626 σεϐὦν
2323 1571 2645 1644 ἀνθρώπων,
2678 1570 2751 1641 μὴ
2799 1571 3122 1640 παυομένων
3151 1569 3252 1638 τῆς
3272 1567 3705 1641 εῖδιιιλολατρίας,

2128 1664 2263 1718 ἀλλὰ
2293 1663 2528 1717 θυόντων
2556 1660 2695 1715 κατὰ
2734 1659 2801 1714 τὰ
2833 1660 3130 1732 προάστεια
3158 1663 3269 1722 τοῖς
3304 1659 3570 1730 ὀλεθρίοις
3603 1659 3708 1712 δαί·

438 1751 594 1806 cultu
620 1791 634 1816 ,
669 1751 765 1806 sed
790 1752 1042 1821 quotidie
1073 1753 1408 1822 perniciosis
1432 1754 1775 1810 demonibus
1807 1759 1860 1810 in
1889 1757 2019 1812 sub-

2127 1775 2252 1829 μοσι
2274 1753 2616 1824 καθεκάστην
2635 1753 2870 1824 ἡμέραν,
2899 1752 2992 1804 καὶ
3029 1751 3166 1821 μετὰ
3196 1751 3294 1822 τὴν
3337 1750 3432 1804 τού
3471 1750 3707 1821 Χριστοῦ

439 1841 620 1897 urbiis
645 1842 995 1908 sacriﬁcant,
1027 1851 1082 1898 et
1107 1852 1231 1910 post
1261 1844 1556 1900 salutarem
1593 1847 1795 1902 Christi
1821 1848 2021 1903 adven-

438 1941 596 1996 tum,
651 1937 706 1988 et
740 1933 1164 1990 illustrationem
1213 1936 1271 1989 in
1319 1936 1566 1991 tenebris
1595 1937 1917 2004 ambulant,
1969 1947 2023 1993 et

436 2035 632 2077 muros
689 2021 744 2077 in
794 2023 1066 2088 meridie,
1113 2038 1270 2093 aeque
1316 2039 1382 2080 ac
1409 2025 1578 2092 cmci,
1632 2035 2020 2093 contractant,

436 2113 686 2169 cwenire.
751 2112 858 2169 Sed
893 2116 1104 2170 utinam
1157 2116 1378 2172 tandem
1421 2117 1724 2188 aliquando
1757 2133 2020 2190 saperes,

436 2213 493 2262 et
531 2221 860 2278 agnosceres
891 2207 1143 2262 divinum
1183 2207 1404 2280 Moysen
1447 2210 1514 2274 ⁷⁸,
1559 2211 1652 2280 qui
1697 2221 1821 2281 post
1871 2223 2025 2267 men-

438 2303 596 2350 strua
633 2306 877 2367 tempora
921 2312 1118 2354 rursus
1153 2298 1360 2352 ﬂuxum
1397 2301 1687 2369 sanguinis
1723 2303 2020 2372 patientem

438 2387 679 2442 animam
734 2392 990 2460 relegat:
1035 2405 1277 2460 namque
1313 2406 1437 2443 cum
1489 2402 1615 2448 ante
1665 2407 1873 2462 paucos
1908 2395 2024 2449 dies

435 2478 645 2535 Christi
702 2481 1104 2550 praedicatione
1153 2481 1444 2535 emundari
1509 2485 1662 2539 risus
1721 2486 1833 2549 sis,
1874 2501 2024 2541 nunc

436 2583 632 2623 rursus
681 2577 889 2623 tnutata
924 2571 1203 2625 sententia
1232 2611 1247 2636 ,
1302 2573 1666 2630 exsecrandis
1712 2584 2022 2630 statuarum

437 2658 732 2714 sacriﬁciis
769 2663 1108 2717 cruentaris.

612 2742 848 2806 LXXVI.
889 2783 962 2792 —-—
989 2754 1291 2811 llUFFlNO
1334 2755 1840 2814 SCHOLASTICO.

507 2842 742 2909 Quando
794 2860 919 2899 cum
974 2846 1186 2916 legibus
1249 2849 1528 2918 publicis,
1582 2851 1749 2902 etiam
1809 2864 2023 2904 sacram

439 2942 747 3006 pertractas
773 2937 884 3010 34
912 2936 1286 3009 Scripturam,
1327 2941 1473 3010 quod
1501 2941 1832 2997 eruditionis
1860 2943 2026 2996 varia:

441 3024 706 3080 indicium
749 3036 870 3092 est,
910 3037 964 3082 et
1006 3025 1253 3084 muniunt
1296 3034 1564 3086 virtutum
1600 3047 1887 3102 possessor
1924 3048 2022 3087 (ιι-

442 3118 642 3174 sistis:
695 3122 841 3188 quod
909 3124 1244 3192 postulasti,
1302 3126 1626 3194 perdiscito.
1669 3124 1978 3178 Bracltialia
2004 3165 2020 3190 ,

438 3217 562 3280 (tua
594 3207 858 3265 Rebecca;
886 3210 1185 3268 Abrahami
1225 3215 1368 3271 Iilius
1395 3217 1596 3270 obtulit
1625 3217 1690 3282 πθ,
1728 3217 2024 3271 continen-

441 3303 551 3367 tiae,
583 3301 961 3371 fortitudinis,
996 3307 1304 3375 prudentiae
1341 3322 1404 3362 ac
1451 3308 1686 3378 justitia:
1711 3308 2021 3379 symbolum

441 3391 613 3448 fuere.

1106 3484 1362 3540 LXXVII.

523 3573 616 3629 Va:
639 3612 655 3639 ,
689 3574 1030 3644 deplorantis
1065 3592 1164 3630 vox
1199 3589 1284 3632 est
1311 3619 1324 3641 ,
1377 3581 1663 3633 innumera
1703 3579 1911 3642 tristia,
1967 3587 2022 3633 et

444 3667 698 3721 aratroris
729 3658 889 3738 plena
922 3667 1244 3738 designans.
1279 3669 1574 3738 Propterea
1616 3671 1804 3740 itaque
1844 3669 2022 3724 Domi-

445 3761 550 3815 nus
603 3773 703 3829 per
758 3759 956 3813 Isaiam
1009 3760 1148 3813 dixit
1193 3779 1206 3814 ι
1249 3780 1268 3812 ι
1315 3761 1410 3816 Va:
1439 3751 1558 3818 illis
1607 3763 1700 3831 qui
1738 3764 2021 3816 attrahunt

441 3861 664 3924 peccata
715 3865 850 3914 sua,
881 3856 958 3908 uti
1003 3856 1130 3911 fune
1160 3851 1317 3924 longe
1345 3851 1430 3917 '°,
1472 3874 1491 3908 ι
1530 3851 1623 3923 qui
1669 3863 1790 3923 post
1832 3855 2020 3923 priora

441 3945 644 4000 delicta
700 3942 1128 3997 Subsecutorum
1177 3941 1464 3998 additione
1511 3946 1780 4001 continuo
1825 3954 2016 4000 exten-

438 4035 610 4090 ditur.

920 4126 1201 4181 LXXVIII.
1225 4155 1296 4165 —
1320 4123 1527 4182 Eidem.

511 4219 722 4284 Quaeris
755 4219 888 4288 quid
941 4222 1221 4282 innuunt,
1276 4218 1664 4286 pincernarum
1712 4217 2012 4275 Pharaonis

441 4312 787 4382 princeps“,
828 4311 922 4380 qui
977 4321 1194 4366 castum
1247 4309 1548 4378 Josepltum
1599 4309 1900 4380 diligebat,
1960 4319 2014 4365 et

2127 1852 2394 1922 σωτήριον
2438 1847 2731 1917 ἐπιδημίαν
2781 1846 2875 1899 καὶ
2942 1843 3211 1914 ἔκλαμψιν
3251 1842 3707 1913 ,περιπατούντων

2124 1946 2184 1998 ἐν
2222 1939 2426 2004 σκότει,
2445 1941 2541 1994 καὶ
2581 1937 2974 2010 ψηλαφούντων
3003 1937 3129 2000 τοὺς
3161 1931 3372 2005 τοίχους
3405 1936 3462 1987 ἐν
3493 1951 3710 2004 μεσημ-

2123 2035 2255 2108 ϐρία
2305 2033 2496 2104 ὥσπερ
2528 2029 2766 2100 τυφλῶν.
2812 2028 2953 2082 Ἀλλ’
2994 2027 3106 2081 είθε
3145 2026 3347 2096 γνῶναί
3397 2042 3534 2078 ποτε
3573 2027 3706 2094 γοῦν

2125 2125 2351 2196 ὕστερον
2383 2121 2671 2194 δυνηθείης
2703 2121 2794 2174 τὸν
2835 2119 2980 2172 θεῖον
3014 2118 3254 2174 Μωῦσέα
3284 2117 3706 2180 ἔκπομπεύοντα

2124 2217 2221 2290 τὴν
2253 2215 2390 2287 μετὰ
2429 2215 2528 2284 τὴν
2571 2213 2800 2283 ἄφεδρον
2841 2210 3004 2264 πάλιν
3048 2209 3452 2280 αἱμορροοῦσαν
3489 2209 3702 2277 ψυχὴνο

2123 2309 2316 2382 πρώην
2350 2307 2459 2379 γὰρ
2501 2307 2656 2371 δόξας
2687 2305 2822 2376 πρὸς
2855 2303 3040 2371 ὀλίγας
3086 2303 3304 2374 ἠμέρας
3337 2302 3416 2368 τῷ
3467 2301 3704 2372 Χριστοῦ

2125 2400 2441 2473 κηρύγματι
2471 2396 2807 2468 καθαρθῆναι
2843 2395 2945 2464 τῆς
2978 2393 3388 2464 εἰδωλομανίας,
3414 2391 3508 2444 νῦν
3544 2391 3705 2444 πάλιν

2128 2491 2444 2566 μεταϐαλὼν
2475 2489 2659 2554 κακῶς
2689 2487 2934 2559 φοινίττῃ
2961 2489 3079 2550 ταῖς
3123 2485 3403 2557 βδελυραῖς
3437 2485 3546 2538 τῶν
3579 2483 3704 2552 ξοά-

2124 2605 2229 2643 νων
2258 2585 2491 2649 θυσίαις.

2377 2761 2508 2830 oq'.
2552 2789 2620 2800 —
2651 2749 2950 2826 ΡυΫΦΙΝῼ
2998 2749 3450 2819 ΣΧΟΛΑΣΊΊΚῼ.

2208 2843 2424 2924 Ἐπειδὴ
2475 2853 2571 2905 σὺν
2601 2852 2714 2912 τοῖς
2763 2849 2949 2917 νόμοις
2984 2846 3096 2905 τοῖς
3137 2841 3422 2924 δημοσίοις
3468 2838 3560 2892 καὶ
3588 2832 3702 2924 ,τὴν

2126 2949 2275 3002 θείαν
2331 2922 2682 3016 μεταχειρίζῃ
2757 2937 3002 3010 Γραφὴν,
3037 2922 3316 3004 ὄπερόὖν
3358 2923 3700 2999 πολυμαθίας

2126 3038 2362 3108 ὑπάρχει
2393 3035 2715 3105 τεκμήριον,
2753 3030 2848 3084 καὶ
2878 3028 3098 3097 κτήτωρ
3150 3022 3409 3085 παντοίας
3439 3020 3700 3108 καρέστη-

2129 3134 2231 3194 κας
2251 3129 2482 3200 ἀρετῆς,
2523 3123 2760 3197 μάνθανε
2806 3119 2902 3175 και
2949 3119 3085 3187 ὅπερ
3119 3113 3429 3186 ἠρώτησας.
3480 3110 3560 3164 Τὰ
3591 3110 3699 3180 γὰρ

2125 3224 2188 3296 δή
2221 3221 2415 3292 ψέλλια
2436 3262 2452 3286 ,
2486 3218 2628 3289 ἅπερ
2693 3215 3056 3287 προσενήνοχε
3119 3211 3185 3282 τῇ
3249 3207 3518 3277 Ῥεϐέκκα
3548 3205 3576 3257 ὁ
3602 3204 3695 3256 τοῦ

2139 3303 2391 3385 Ἀϐραὰμ
2437 3311 2588 3374 παῖς,
2633 3305 2990 3377 σωφροσύνης
3028 3304 3122 3357 καὶ
3171 3301 3453 3370 ἀνδρείας,
3501 3296 3699 3368 φρονῇ

2126 3407 2263 3470 σεώς
2284 3423 2343 3458 τε
2383 3403 2476 3458 καὶ
2503 3402 2603 3472 τῆς
2639 3399 2984 3466 δικαιοσύνης
3009 3396 3303 3464 ἐτύγχανον
3329 3389 3588 3462 σύμϐολα.

2859 3491 2974 3544 OZ'.

2194 3590 2269 3643 Τὸ
2307 3585 2443 3642 οὐαί
2493 3583 2768 3656 θρηνῶδες
2819 3581 3055 3651 ὑπάρχει
3113 3573 3471 3644 ἐπίφθεγμα,
3527 3568 3699 3640 μυρία

2124 3675 2649 3750 προμαρτυρόμενον
2697 3669 2998 3744 σκυθρωπά
3046 3669 3142 3722 καὶ
3179 3665 3396 3736 ἀνιαρά.
3418 3661 3516 3714 Διὰ
3538 3659 3700 3712 τοῦτο

2121 3749 2300 3825 τοίνυν
2340 3770 2369 3820 ό
2407 3764 2610 3837 Κύριος
2662 3763 2852 3832 εἴρηκε
2906 3759 2996 3814 διὰ
3049 3757 3141 3812 τοῦ
3219 3754 3470 3810 Ἡσαΐου·
3505 3771 3524 3803 ι
3561 3749 3705 3803 υύαὶ

2119 3858 2170 3917 σι
2201 3859 2572 3930 ἐπισπώμενοι
2599 3858 2695 3919 τὰς
2728 3853 3004 3926 ἁμαρτίας
3033 3849 3212 3904 αὐτῶν
3233 3888 3248 3912 ,
3293 3865 3311 3899 ι
3331 3845 3525 3913 ὥσπερ
3552 3849 3701 3911 610t-

2119 3949 2238 4026 νίῳ
2261 3949 2477 4024 μακρῷ,
2511 3951 2574 4002 ἐκ
2614 3946 2708 4001 τοῦ
2750 3944 3100 4017 προστιθέναι
3128 3941 3254 4002 ταῖς
3292 3934 3700 4008 προλαϐοῦσαις

2121 4045 2414 4118 ἁμαρτίαις
2450 4042 2547 4104 τὰς
2581 4036 3046 4110 μεταγενεστέρας
3079 4031 3439 4104 μηκυνομὲνῳ
3467 4029 3576 4082 ἀεί.

2633 4132 2758 4184 OH’.
2786 4159 2856 4169 —
2900 4126 2982 4192 Τῷ
3019 4122 3197 4188 αὐτῷ.

2186 4225 2436 4299 Πυνθάνῃ
2477 4226 2529 4277 τί
2579 4223 2646 4276 ἂν
2699 4220 3014 4291 σημαίνοιεν
3045 4217 3073 4270 ὅ
3099 4231 3156 4268 τε
3199 4211 3565 4286 ἀρχιοινοχόος
3595 4209 3694 4261 τοῦ

2117 4318 2315 4392 Φαραὼ
2336 4317 2430 4371 τοῦ
2461 4313 2811 4384 ὴγαπηκότος
2854 4310 2949 4364 τὸν
2989 4307 3240 4376 σώφρονα
3271 4303 3473 4374 Ἰωσὴφ
3495 4342 3509 4366 ,
3541 4301 3630 4355 καὶ
3660 4301 3696 4352 ό

442 4403 701 4474 princeps
755 4400 1051 4472 pistorum?
1078 4400 1197 4470 Ipse
1244 4401 1428 4470 itaque
1464 4402 1723 4456 existimo
1753 4416 1848 4471 per
1892 4403 2013 4472 pin-

2124 4406 2537 4480 ἀρχισιτοποιός.
2575 4402 2841 4473 Ἠγοῦμαι
2891 4401 3072 4453 τοίνυν
3125 4397 3212 4450 διὰ
3272 4395 3367 4449 τοῦ
3411 4396 3698 4464 ἀρχιοινο-

437 4509 725 4552 cernarum
759 4494 1062 4564 principem
1088 4483 1529 4548 Christianorum
1549 4495 1806 4563 populum
1828 4494 2015 4549 vinum

438 4587 560 4643 ﬁdei
610 4587 721 4642 Deo
751 4585 1068 4642 offerentem
1105 4586 1380 4650 indicari;
1429 4599 1527 4654 per
1576 4585 1843 4655 pistorum
1888 4600 2018 4639 vero

437 4671 743 4751 principem
780 4677 959 4732 notari
991 4679 1204 4732 turbam
1241 4675 1640 4747 parricidarum
1670 4717 1684 4742 ,
1732 4684 1788 4731 et
1821 4676 2016 4732 inﬁde.

439 4773 573 4826 lium
627 4769 1028 4832 Hebraeorum,
1077 4769 1168 4823 cui
1215 4778 1440 4839 propter
1490 4769 1766 4838 ingentem
1825 4769 2012 4824 cordis

435 4863 730 4926 duritiam,
764 4869 818 4916 et
845 4860 1224 4930 stupiditatem
1253 4866 1422 4928 caput
1443 4859 1686 4913 ablatura
1707 4865 1812 4913 est.
1839 4858 2014 4928 Caput.

436 4953 583 5009 enim
611 4951 873 5007 Ecclesiae
906 4949 1164 5005 Christus
1193 4958 1278 5004 est
1301 4949 1369 5014 ⁸³,
1397 4947 1697 5003 inﬁdelium
1739 4963 1872 5003 vero
1904 4963 2014 5003 non

437 5055 542 5101 est.
578 5043 682 5110 Qui
713 5033 923 5114 itaque
973 5043 1176 5098 dirina:
1220 5041 1599 5112 praedicationi
1635 5051 1746 5095 non
1796 5040 1972 5096 credit
1997 5079 2012 5104 ,

436 5135 588 5190 illius
639 5141 807 5204 caput
849 5132 1190 5204 praeciditur,
1227 5133 1347 5202 ipse
1387 5146 1517 5186 vero
1565 5131 1688 5201 palo
1721 5131 2011 5202 suﬁigitur.

438 5226 544 5282 Sed
561 5225 765 5283 ﬁdeles
786 5226 1121 5296 cogitatione
1169 5235 1223 5279 et
1245 5223 1562 5293 cognitione
1582 5223 1831 5278 volatiles
1855 5226 2005 5283 I'acti,

435 5319 504 5374 ad
543 5319 929 5376 immaculatos
985 5319 1368 5387 salutaresque
1434 5316 1622 5370 diScos
1658 5316 1879 5370 avolant
1903 5357 1916 5378 ,
1954 5326 2007 5371 et

437 5427 631 5482 panem
663 5410 963 5468 comedunt
991 5449 1006 5475 ,
1042 5409 1141 5478 qui
1171 5407 1241 5463 de
1269 5409 1412 5462 caelo
1446 5408 1749 5472 descendit,
1781 5416 1834 5462 et
1865 5423 2009 5464 sem-

435 5505 702 5575 piternam
740 5507 908 5559 vitam
942 5503 1104 5557 nobis
1137 5502 1426 5571 elargitur.

507 5703 553 5736 τ’
584 5702 755 5760 Levit.
797 5704 998 5761 “.25.
1078 5705 1116 5734 "‘
1144 5702 1277 5759 Gcn.
1311 5721 1454 5768 xxiv.
1494 5705 1581 5761 ’22.
1657 5709 1702 5739 ⁸⁸
1731 5707 1841 5765 isa.
1877 5725 1932 5782 ν,
1967 5713 2021 5771 ιε

2128 5710 2170 5742 ⁸³
2199 5707 2334 5764 Gen.
2369 5723 2456 5772 XL,
2497 5705 2514 5760 Ι
2556 5723 2706 5778 seqq,

2117 4502 2243 4571 χόου
2283 4498 2570 4568 δηλοῦσθαι
2619 4496 2726 4548 τῶν
2753 4490 3092 4564 Χριστιανῶν
3133 4489 3280 4553 λαὸν,
3313 4487 3694 4558 προσφέροντα

2115 4588 2192 4662 τῷ
2215 4589 2333 4659 Θεῷ
2367 4589 2458 4642 τὸν
2487 4583 2626 4641 οῐνον
2656 4586 2753 4656 τῆς
2779 4584 3014 4646 πίστεως
3037 4597 3051 4612 °
3092 4580 3179 4633 διὰ
3211 4579 3265 4632 δὲ
3295 4577 3390 4631 τοῦ
3419 4579 3700 4647 ἀρχισιτο-

2117 4680 2274 4734 ποιοῦ
2325 4677 2624 4750 μηνύεσθαι
2657 4676 2750 4729 τὸν
2807 4673 2978 4744 δῆμον
3009 4671 3117 4725 τῶν
3165 4671 3542 4740 Κυριοκτίυων
3598 4668 3700 4719 καὶ

2114 4772 2358 4828 ἀπίστων
2392 4768 2680 4841 Ἐϐραίων,
2719 4761 2926 4828 οὗτινος
2952 4763 3042 4817 διὰ
3085 4763 3184 4834 τὴν
3229 4761 3427 4831 πολλὴν
3460 4760 3702 4830 σκληρο-

2113 4863 2340 4936 καρδίαν
2370 4862 2463 4916 καὶ
2518 4860 2618 4931 τὴν
2645 4857 2901 4928 ἀνοητίαν
2948 4853 3199 4928 ἀφῃρέθη
3239 4855 3272 4925 ἡ
3309 4852 3540 4922 κεφαλή.
3573 4850 3697 4919 Τῆς

2118 4955 2217 5026 μὲν
2249 4954 2358 5024 γὰρ
2399 4951 2725 5020 Ἐκκλησίας
2769 4949 2982 5019 κεφαλὴ
3005 4949 3032 5000 ὁ
3065 4947 3301 5017 Χριστὸς
3333 4943 3694 5016 χρηματίζει.

2111 5048 2221 5102 τῶν
2249 5047 2306 5100 δέ
2348 5046 2422 5117 μὴ
2469 5044 2833 5097 πιστευόντων
2862 5043 2962 5096 οὐκ
3002 5040 3137 5094 ἐστι.
3201 5035 3700 5105 Ἀποκεφαλίζεται

2112 5141 2293 5193 τοίνυν
2319 5139 2347 5190 ὁ
2377 5137 2451 5209 μὴ
2487 5135 2784 5197 πιστεύσας
2806 5134 2882 5203 τῷ
2905 5133 3034 5202 θείῳ
3068 5130 3404 5202 κηρύγματι,
3434 5129 3530 5182 καὶ
3563 5129 3701 5181 ἀνα-

2116 5228 2593 5295 σκολοπίζεταιοοὶ
2629 5227 2684 5279 δὲ
2724 5224 2926 5279 πιστοὶ.
2963 5222 3231 5294 πτερωτοὶ
3258 5225 3322 5298 τῇ
3351 5221 3557 5290 διανοίᾳ
3592 5221 3701 5274 καὶ

2117 5327 2181 5396 τῇ
2224 5323 2423 5393 γνώσει
2457 5321 2783 5390 γενόμενοι,
2816 5317 3145 5387 ἐφίπτανται
3217 5317 3332 5377 τοῖς
3399 5313 3702 5382 ἀκράντοις

2116 5415 2212 5468 καὶ
2249 5412 2536 5483 σωτηρίοις
2573 5411 2802 5475 δίσκοις,
2835 5409 2932 5462 καὶ
2978 5409 3070 5460 τὸν
3120 5410 3285 5478 ἄρτον
3326 5405 3562 5458 ἐσθίουσι
3595 5402 3702 5456 τὸν

2118 5505 2535 5573 καταϐεϐηκότα
2583 5501 2642 5568 ἐξ
2694 5499 2922 5572 ούρανοῦ
2947 5542 2962 5567 ,
2993 5500 3090 5553 καὶ
3126 5496 3270 5569 ζωὴν
3309 5495 3526 5550 αἰώνιον
3555 5495 3704 5566 ἡμῖν

2117 5593 2496 5664 χαριζόμενον.

2811 5707 2852 5737 δ’
2893 5705 3092 5778 Epltcs.
3137 5723 3186 5771 γ,
3216 5705 3303 5759 25.
