4024 6218
331 295 428 360 117

563 402 685 496 οε,
711 434 779 442 -
812 406 899 476 τᾳ
938 407 1400 483 ΣΤΡΑΤΗΛΑΤῌ
1438 413 1695 496 rarus.

326 585 630 656 καζόμενος
674 588 1035 658 γεγράφηκάς
1091 610 1211 662 μοι·
1262 595 1386 658 Πῶς
1428 596 1651 651 δύναται
1702 601 1729 652 6
1776 598 1908 663 Υἱὸς

325 678 406 747 τῷ
434 681 607 750 Harp“.
632 681 920 750 ὀμοούσιός
958 700 1016 736 τε
1075 685 1173 739 καὶ⁵
1245 687 1562 760 ισοδὺναμος
1621 691 1906 763 ὑπάρχειν,

325 770 583 841 δεόμενος
606 773 697 827 τοῦ
728 775 965 847 Πατρὸς,
989 778 1138 840 ὅπως
1164 778 1418 844 ὑποτάξει
1442 781 1593 852 αὑτῷ
1618 783 1687 836 τά
1711 784 1908 849 πάντα,

330 863 426 914 καὶ
452 864 593 932 μετά
622 865 799 928 τοῦτο,
853 866 1037 932 καθὼς
1088 872 1117 923 6
1140 870 1462 937 Ἀπόστολος
1505 875 1741 945 γράφει,
1778 877 1910 929 ὑποο

327 969 667 1024 τασσομενος
694 954 773 1026 τῷ
816 959 991 1029 Πατρὶ
1032 959 1363 1028 ὑποτάξαντι
1397 964 1544 1034 αὑτῷ
1595 969 1778 1019 πᾶσαν
1812 966 1911 1038 τὴν

226 1092 231 1095 .
327 1046 542 1112 κτίσιν;
577 1048 642 1100 Τί
688 1049 888 1117 λέγεις,
929 1046 973 1105 ὦ
1023 1054 1311 1126 ἄνθρωπες
1353 1059 1533 1112 Δεῖται
1564 1059 1676 1129 γὰρ
1717 1061 1853 1124 ὅλως
1883 1063 1912 1114 ό

327 1137 565 1207 Χριστὸς
602 1141 942 1211 ὑποταγῆναι
972 1144 1092 1214 Θεῷ
1135 1146 1266 1210 Θεὸς
1298 1146 1409 1215 ῶν;
1442 1150 1533 1219 Μὴ
1568 1152 1675 1221 γὰρ
1709 1152 1911 1224 λῃστής

326 1245 414 1290 τις
449 1229 545 1281 καὶ
589 1230 889 1301 άγέρωχος,
941 1235 974 1304 ἢ
1022 1235 1265 1301 ἀντίθεός
1318 1242 1486 1303 ἐστιν,
1524 1241 1670 1303 ὅπως
1702 1241 1768 1295 ἂν
1817 1245 1912 1297 καὶ

329 1316 525 1387 χρῄζοι
571 1319 916 1390 ὑποταγῆναι
946 1341 1113 1390 ποτε;
1144 1326 1265 1389 Πῶς
1291 1324 1383 1381 οὖν
1433 1330 1671 1400 εἴρηται,
1709 1332 1791 1385 ὅτι
1820 1334 1913 1387 καὶ

326 1408 498 1472 αὑτὸς
526 1413 554 1463 6
582 1411 710 1474 Υἱὸς
738 1415 878 1483 μετὰ
905 1416 1004 1485 τὴν
1047 1417 1327 1488 ὑποταγὴν
1374 1409 1487 1473 τῶν
1528 1423 1738 1493 ἐχθρῶν
1773 1426 1911 1479 ὑπο·

330 1508 629 1574 ταγήσεται
653 1508 732 1578 τῷ
769 1510 1096 1577 ὑποτάξαντι
1147 1514 1293 1583 αὑτῷ
1335 1516 1406 1569 τά
1452 1518 1631 1571 πάντα
1657 1536 1670 1585 ;
1701 1519 1912 1591 Ὥσπερ

332 1598 550 1667 κατάρα
602 1601 802 1668 ἧκουσε
849 1602 916 1655 δι’
945 1604 1047 1674 ἐμὲ
1080 1608 1108 1658 6
1162 1606 1261 1678 τὴν
1297 1610 1438 1679 ἐμὴν
1478 1610 1620 1664 λύων
1668 1615 1913 1684 κατάραν

333 1688 424 1741 διὰ
451 1689 547 1758 τῆς
574 1692 839 1762 ὲνσάρκου
871 1696 1205 1766 οἰκονομίας,
1246 1702 1339 1753 καὶ
1385 1703 1630 1774 ἁμαρτία
1665 1705 1912 1760 λέλεκται

1552 309 2091 370 EPISTOLABUM
2128 309 2275 368 LIB.
2315 309 2342 366 Ι

1933 421 1978 475 Α
2007 415 2113 486 35
2157 413 2390 469 LXXIX.
2446 447 2511 456 —
2563 412 2797 470 GAINIE
2842 411 3203 470 COPIABUM
3259 410 3589 470 DUCTORI.

399 493 515 548 Οὑκ
549 494 644 563 ἀφ’
670 495 866 548 ἑαυτοῦ
895 500 1233 570 κινούμενος,
1265 503 1379 556 ἀλλ’
1403 504 1491 574 ὑφ’
1509 493 1711 576 ἐτέρων
1737 507 1908 575 ἀναγ·
1979 533 1983 539 ·

3490 302 3593 369 118

2086 506 2203 561 Νοιι
2233 524 2299 561 ex
2324 515 2376 561 te
2404 507 2523 576 ipso
2547 514 2751 569 motus,
2775 506 2867 561 sed
2899 505 2968 560 ab
2991 504 3115 558 aliis
3143 513 3367 559 coactus
3394 504 3592 560 litteris

2016 598 2128 652 tuis
2159 613 2188 649 a
2221 614 2305 651 Ine
2343 597 2631 668 postulasti
2667 614 2681 652 :
2716 598 2991 663 quomodo
3020 604 3199 666 potest
3237 595 3412 650 Filius
3441 595 3592 664 ejus-

2016 692 2138 745 dem
2170 705 2294 745 cum
2329 690 2490 744 Patre
2518 692 2776 745 essentia:
2808 697 2861 743 et
2901 689 3195 757 potestatis
3221 703 3365 752 esse,
3403 702 3528 740 cum
3563 702 3591 740 a

2019 778 2179 834 Patre
2223 788 2390 850 petat,
2428 788 2488 833 ut
2524 780 2628 834 sibi
2666 779 2851 833 omnia
2892 778 3176 847 subjiciat;
3220 778 3590 848 postmodum,

2017 880 2077 926 ut
2107 872 2405 941 Apostolus
2441 871 2639 926 scribit
2666 872 2731 933 ⁸³,
2766 870 2914 923 Patri
2948 885 3007 923 se
3037 869 3357 939 subjiciens,
3389 870 3481 939 qui
3514 869 3592 922 illi
3664 877 3673 885 '

2017 980 2237 1019 omnem
2278 975 2588 1020 creaturam
2638 962 2990 1031 subiecerat?
3023 960 3164 1027 Quid
3217 962 3316 1025 ais,
3348 962 3421 1014 mi
3477 962 3595 1016 vir?

2017 1057 2298 1127 Indigetne
2320 1057 2599 1118 Christus,
2636 1056 2729 1127 qui
2771 1055 2917 1109 Deus
2950 1062 3054 1115 est,
3093 1054 3206 1107 Deo
3228 1053 3423 1107 subdi?
3454 1052 3592 1105 Num

2018 1148 2109 1201 ille
2147 1149 2332 1216 praedo
2371 1147 2645 1218 quispiam
2690 1153 2796 1211 ost,
2831 1153 2884 1198 et
2920 1144 3127 1198 nimius
3168 1142 3361 1205 animi,
3408 1151 3463 1196 et
3502 1142 3593 1194 Dei

2020 1241 2215 1304 hostis,
2257 1240 2492 1310 ideoque
2522 1241 2599 1294 illi
2620 1255 2760 1309 opus
2788 1246 2871 1292 est
2894 1236 3192 1302 aliquando
3222 1235 3383 1289 subdi
3402 1233 3595 1299 ’ἔρυσο

2022 1331 2183 1385 modo
2226 1332 2411 1400 itaque
2444 1330 2648 1384 dictum
2688 1336 2795 1388 est,
2835 1326 3032 1381 Filium
3079 1328 3254 1393 ipsum
3300 1329 3425 1392 post
3463 1322 3598 1377 sub-

2020 1431 2177 1475 actos
2195 1422 2543 1476 adversarios
2566 1419 2912 1474 subdendum
2928 1417 3042 1472 fore
3060 1418 3156 1478 illi.
3179 1415 3270 1485 qui
3291 1416 3394 1483 ipsi
3413 1415 3597 1468 omnia

2020 1513 2378 1567 subdiderat?
2422 1512 2493 1566 Ea
2526 1512 2764 1573 ratione,
2803 1524 2910 1577 qua
2956 1506 3272 1562 maledictio
3301 1504 3485 1559 dictus
3513 1514 3600 1559 est

2020 1614 2244 1674 propter
2288 1619 2392 1665 me,
2436 1604 2529 1672 qui
2579 1618 2753 1656 meam
2792 1600 3234 1655 maledictionem
3264 1614 3376 1654 sua:
3415 1598 3599 1651 incar—

2020 1696 2263 1751 nationis
2295 1708 2501 1748 arcano
2528 1692 2816 1756 dissolvit;
2853 1700 2906 1745 et
2943 1700 3229 1759 peccatum
3253 1694 3601 1756 nuncupatus

331 1782 365 1832 6
427 1782 583 1850 μόνος
634 1785 1021 1857 ἀναμάρτητος
1078 1790 1172 1843 καὶ
1218 1792 1521 1863 ἀμώμητος
1569 1798 1738 1867 ἀμνὸς
1815 1798 1909 1852 τοῦ

2016 1801 2116 1854 est,
2161 1789 2252 1859 qui
2295 1788 2449 1841 solus
2498 1787 2618 1839 sine
2672 1793 2899 1852 peccato
2953 1790 3058 1843 est,
3108 1791 3160 1836 et
3211 1781 3600 1834 immaculatus

331 1871 490 1935 θεοῦ,
510 1876 539 1926 6
567 1875 742 1946 αἴρων
776 1878 876 1947 τὴν
910 1880 1186 1950 ἁμαρτίαν
1226 1883 1319 1935 τοῦ
1352 1885 1580 1955 κόσμου,
1616 1890 1712 1940 καὶ
1740 1888 1913 1959 Ἀδὰμ

328 1964 551 2031 γέγονεν
577 1967 701 2019 ἀντὶ
728 1967 823 2020 τοῦ
854 1970 1084 2025 παλαιοῦ
1123 1972 1240 2036 νέος
1261 1990 1275 2004 ·
1321 1974 1465 2028 οὕτω
1494 1975 1557 2047 δὴ
1591 1979 1686 2031 καὶ
1714 1979 1775 2032 τὸ
1803 1980 1914 2033 τῶν

326 2054 633 2125 ἀνθρώπων
663 2059 1056 2126 ἀνυπότακτον,
1094 2064 1289 2119 ἑαυτοῦ
1321 2069 1577 2133 ποιεῖται,
1611 2070 1684 2132 ὡς
1703 2071 1913 2141 κεφαλὴ

324 2146 421 2197 τοῦ
452 2149 673 2211 παντός.
702 2151 845 2215 Ἕως
877 2154 975 2222 μὲν
1001 2151 1094 2209 οὖν
1127 2157 1503 2223 ἀνυπότακτος
1525 2162 1635 2229 ὲγὼ
1670 2164 1764 2216 καὶ
1785 2181 1914 2217 στα-

329 2237 623 2311 σιώδηςτῇ
668 2259 725 2294 τε
756 2244 983 2315 ἀρνήσει
1031 2246 1124 2300 τοῦ
1177 2248 1310 2303 Θεοῦ
1362 2254 1457 2305 καὶ
1498 2256 1610 2318 τοῖς
1660 2255 1910 2321 πάθεσιν,

325 2332 709 2395 ἀνυπότακτος
754 2336 821 2387 δι’
850 2339 949 2407 ἐμὲ
998 2341 1026 2392 6
1070 2342 1308 2412 Χριστὸς
1361 2344 1619 2411 λέγεται·
1677 2348 1806 2400 ὅταν
1856 2349 1914 2401 δὲ

326 2426 586 2496 ὑποταγῇ
620 2428 765 2498 αὑτῷ
799 2430 866 2481 τά
895 2430 1097 2497 πάντα,
1128 2434 1249 2487 τότε
1278 2436 1373 2488 καὶ
1398 2437 1562 2499 αὐτὸς
1590 2436 1789 2507 πληροῖ
1814 2439 1913 2509 τὴν

328 2514 613 2585 ὑποταγὴν
648 2518 945 2585 προσάγων.
968 2520 1045 2590 τῷ
1073 2521 1249 2591 Πατρὶ
1289 2523 1388 2592 ἐμὲ
1422 2524 1514 2576 τὸν
1547 2527 1909 2595 σεσωσμένον.

329 2606 456 2668 Πῶς
490 2606 546 2658 δὲ
598 2608 885 2677 ὁμοοὺσιος
938 2612 966 2663 ὁ
1012 2613 1245 2683 Χριστὸς
1306 2614 1385 2685 τῷ
1444 2617 1621 2685 Πατρὶ
1674 2617 1912 2688 ὑπάρχει

330 2698 476 2750 κατὰ
494 2698 590 2770 τὴν
613 2700 866 2771 θεότητα,
893 2702 1171 2775 ἱσοσθενής
1220 2723 1276 2757 τε
1309 2707 1402 2758 καὶ
1426 2708 1630 2777 ὅμοιος,
1662 2710 1915 2780 περιττὸν

326 2788 574 2861 ἡγοῦμαι
599 2792 835 2862 γράφειν
866 2793 942 2864 τῷ
972 2794 1046 2865 μὴ
1079 2797 1524 2868 παραδεχομένῳ.

828 3053 911 3105 ιιι.
945 3084 1014 3093 -
1046 3056 1416 3127 summa.

2016 1898 2189 1953 agnus
2237 1881 2354 1942 Dei,
2403 1878 2495 1947 qui
2539 1876 2683 1930 tollit
2729 1884 3018 1944 peccatum
3069 1872 3281 1933 mundi,
3330 1878 3393 1925 et
3429 1870 3599 1922 Adam

2016 1974 2195 2029 factus
2217 1983 2301 2026 est
2329 1986 2428 2039 pro
2460 1977 2681 2023 vetusto
2708 1969 2802 2021 illo
2829 1967 3018 2035 junior
3045 1983 3057 2019 :
3095 1964 3281 2017 eadem
3312 1968 3366 2015 et
3398 1960 3602 2015 eﬁrene

2014 2061 2301 2115 hominum
2326 2058 2631 2128 ingenium,
2651 2056 2796 2126 quod
2821 2055 2983 2111 subdi
3011 2054 3204 2114 nescit,
3226 2052 3328 2106 sibi
3353 2052 3598 2111 aseiscit,

2015 2163 2279 2222 tanquam
2307 2150 2550 2205 omnium
2576 2156 2764 2218 caput.
2800 2146 2984 2202 Donec
3017 2147 3205 2212 itaque
3236 2146 3356 2213 ipse
3410 2143 3601 2213 subje—

2014 2246 2254 2299 ctionem
2303 2256 2512 2307 renuo,
2570 2250 2620 2295 et
2652 2239 2978 2301 discordiis,
3026 2236 3120 2291 Dei
3168 2235 3497 2304 eiuratione,
3549 2244 3603 2288 et

2016 2334 2307 2388 affectibus
2354 2331 2588 2402 gaudeo,
2641 2329 3042 2397 subiectionem
3098 2342 3329 2380 renuere
3380 2334 3602 2395 propter

2018 2441 2103 2479 me
2156 2424 2421 2478 Christus
2465 2421 2671 2475 dicitur
2707 2438 2720 2473 :
2759 2427 3052 2489 postquam
3100 2432 3229 2470 vero
3264 2416 3369 2483 ipsi
3416 2413 3601 2468 omnia

2016 2514 2263 2583 subjecta
2309 2512 2531 2575 inierint,
2566 2519 2699 2563 tunc
2745 2516 2800 2561 et
2847 2508 2938 2560 ille
2983 2504 3384 2572 subjectionem
3428 2501 3599 2562 subit,

2016 2623 2122 2669 me,
2156 2606 2247 2676 qui
2284 2606 2536 2660 salvatus
2569 2617 2715 2664 sum,
2748 2598 2898 2653 Patri
2930 2597 3187 2652 otl‘erens.
3221 2595 3467 2660 Quanam
3500 2608 3601 2647 au—

2016 2709 2125 2755 tem
2162 2700 2375 2752 ratione
2399 2696 2658 2751 Christus
2706 2692 2951 2759 ejusdem
2985 2705 3109 2745 cum
3143 2688 3305 2742 Patre
3346 2688 3605 2741 essentize

2016 2798 2099 2845 est
2127 2786 2433 2843 secundum
2458 2783 2829 2843 divinitatem.
2856 2780 3217 2848 ejusdemque
3246 2778 3523 2848 potentiae,
3551 2784 3605 2829 et

2020 2881 2244 2942 similis,
2301 2878 2513 2933 frustra
2558 2874 2613 2929 id
2674 2873 2993 2943 scripserim
3047 2873 3212 2926 verba
3251 2886 3356 2924 non
3406 2867 3607 2923 admit-

2021 2982 2182 3029 tentl.
2522 3058 2734 3113 Lxxx.
2771 3086 2842 3098 ﬁ
2881 3054 3247 3113 FLAVIA’NO.

400 3138 556 3193 Διατε
578 3143 703 3205 τοὺς
733 3142 899 3206 πόδας
926 3146 1106 3213 μόνον,
1136 3149 1232 3201 καὶ
1260 3149 1379 3218 οὐχὶ
1398 3150 1584 3221 ἓτερον
1613 3153 1774 3222 μέλος
1807 3153 1912 3208 τῶν

2092 3154 2459 3222 Quamobrem
2511 3152 2675 3221 pedes
2715 3157 2958 3211 tantum,
3010 3162 3113 3201 nec
3148 3146 3311 3199 aliam
3357 3144 3605 3211 corporis

330 3234 593 3303 μαθητῶν
620 3236 649 3287 6
701 3236 906 3306 Κύριος
964 3239 1183 3309 ἔνιψεν;
1230 3241 1352 3295 Ὅτι
1396 3243 1457 3296 οὑ
1492 3244 1664 3315 ῥύπον
1702 3247 1910 3313 ἁπλῶς,

326 3325 587 3397 καθάπερ
620 3328 932 3397 νενόμικας,
963 3331 1270 3396 άπέκλυςεν
1298 3335 1327 3385 6
1354 3334 1565 3406 Σωτὴρ,
1599 3336 1734 3391 ἀλλὰ
1764 3339 1915 3394 θείαν

326 3417 452 3469 τινὰ
478 3416 706 3487 δύναμιν
741 3423 859 3483 ταῖς
902 3423 1161 3493 πτέρναις
1200 3424 1308 3477 τῶν
1343 3426 1659 3481 ἀποστόλων
1695 3429 1916 3483 ἐνέϐαλ-

326 3509 440 3561 λεν.
485 3510 703 3579 Ἐπειδὴ
732 3512 841 3583 γὰρ
871 3513 1083 3583 εἴρηται
1114 3514 1191 3584 τῷ
1223 3514 1364 3584 ὄφει,
1385 3519 1468 3570 ὅτι
1506 3539 1523 3570 ι
1552 3520 1624 3573 Σὺ
1654 3523 1911 3593 τηρήσεις

328 3599 425 3652 τοῦ
473 3601 761 3671 ἀνθρώπου
790 3604 891 3672 τὴν
925 3605 1186 3677 πτέρναν,
1225 3626 1244 3658 ι
1296 3611 1544 3663 τουτέστι
1592 3612 1689 3682 τὴν
1734 3609 1919 3667 πᾶσαν

326 3689 425 3742 τοῦ
460 3690 575 3759 βίου
601 3693 903 3764 διαγωγὴν,
939 3695 1029 3748 διὰ
1054 3696 1212 3751 τοῦτο
1230 3700 1278 3750 οἱ
1314 3699 1473 3762 πόδες
1506 3702 1613 3755 τῶν
1652 3704 1910 3774 μαθητῶν

331 3782 655 3847 πέπλυνται,
673 3784 727 3836 ὲν
751 3786 828 3855 τῷ
858 3788 1108 3859 συμϐόλῳ
1132 3789 1418 3859 δηλοῦντες
1440 3796 1568 3857 τοὺς
1590 3798 1911 3866 νοουμένους

334 3874 502 3937 πόδας
522 3891 536 3903 ⁸
578 3895 594 3927 ι
626 3878 844 3931 Δέδωκα
869 3880 1047 3933 τοίνυν
1077 3880 1323 3945 ἐξουσίαν
1348 3885 1479 3955 ὑμῖν
1506 3890 1696 3939 πατεῖν
1726 3890 1911 3944 ἐπάνω

331 3967 528 4033 ὄφεων,
568 3968 667 4023 καὶ
714 3972 1012 4040 σκορπίων,
1056 3974 1149 4025 καὶ
1192 3977 1285 4027 ἐπὶ
1321 3978 1502 4030 πᾶσαν
1551 3980 1649 4049 τὴν
1683 3979 1912 4049 δύναμιν

332 4057 426 4110 τοῦ
490 4060 724 4129 ἀοράτου
774 4061 995 4131 ἐχθροῦ.
1031 4084 1048 4112 ι
1103 4066 1209 4119 Καὶ
1253 4067 1481 4131 Ἡσαΐας
1547 4068 1731 4137 λέγει·
1771 4090 1790 4123 ‹
1823 4072 1913 4136 Ὠς

331 4151 527 4220 ὡραῖοι
578 4154 627 4205 οἱ
674 4152 833 4216 πόδες
886 4154 993 4206 τῶν
1024 4157 1526 4228 εὐαγγελιζομένων
1568 4163 1789 4234 εἰρήνην
1820 4166 1911 4217 καὶ

339 4242 519 4308 ἀγαθά
546 4242 559 4294 !
597 4263 612 4294 ι
647 4246 708 4297 Οἱ
738 4244 847 4315 γὰρ
877 4245 942 4316 δὴ
966 4247 1061 4299 τοῦ
1082 4250 1320 4317 Χριστοῦ
1360 4251 1646 4304 ἀπόστολοι
1682 4255 1910 4307 κατέλυ-

338 4351 442 4388 σαν
491 4338 589 4405 μὲν
644 4338 736 4390 τοῦ
774 4338 1019 4393 διαϐόλου
1069 4341 1161 4394 τὸν
1214 4343 1481 4413 πόλεμον,
1525 4348 1705 4399 πᾶσαν
1756 4365 1911 4418 περιο

328 4425 630 4496 δραμόντες
678 4430 776 4499 τὴν
809 4432 1169 4502 οἰκουμένην,
1217 4436 1441 4506 εἰρήνην
1496 4436 1553 4489 δὲ
1588 4440 1698 4501 τοῖς
1743 4441 1909 4492 πᾶσιν

2022 3247 2423 3316 discipulorum
2462 3252 2675 3313 partem
2723 3240 2990 3295 Dominus
3027 3238 3159 3291 lavit
3205 3238 3289 3290 "1'
3316 3236 3459 3306 quod
3497 3252 3601 3289 non

2023 3341 2218 3398 sordes
2269 3352 2473 3398 meras,
2523 3343 2583 3389 ut
2637 3344 2693 3387 tu
2741 3332 3051 3395 existimas,
3103 3322 3360 3389 Sertfalor
3404 3343 3605 3396 expur-

2020 3433 2203 3502 gahat,
2239 3429 2333 3484 sed
2367 3428 2610 3483 ditinam
2646 3425 2941 3493 quamdam
2980 3422 3289 3477 firmitatem
3330 3420 3605 3473 calcanois

2022 3526 2395 3595 apostolorum
2426 3522 2751 3577 coaddebat.
2777 3521 2914 3574 Cum
2945 3518 3091 3573 enim
3124 3514 3363 3586 serpenti
3397 3515 3601 3569 dictum

2023 3619 2139 3672 sit:
2184 3616 2306 3670 «Tu
2332 3611 2916 3670 observabishominis
2959 3611 3276 3663 calcaneum
3318 3608 3387 3668 ",
3438 3626 3457 3658 ι
3505 3606 3607 3659 hoc

2020 3719 2106 3764 est
2136 3712 2410 3764 universa:
2442 3708 2568 3760 vita:
2606 3705 2881 3758 rationem
2921 3719 2935 3755 :
2974 3708 3266 3770 propterea
3303 3699 3605 3767 discipulo-

2020 3822 2142 3859 rum
2173 3803 2339 3875 pedes
2370 3802 2539 3857 abluti
2574 3808 2724 3863 sunt,
2760 3806 2820 3851 ut
2848 3797 3295 3865 designarentur,
3328 3794 3420 3863 qui
3446 3795 3607 3847 intel-

2020 3898 2168 3951 lectu
2222 3895 2641 3962 concipiuntur,
2702 3890 2869 3959 pedes
2920 3905 2934 3941 :
2991 3905 3009 3938 ι
3077 3886 3208 3942 Dedi
3264 3901 3395 3955 ergo
3447 3885 3605 3941 vobis

2022 3996 2342 4057 potestatem
2373 3968 2623 4037 calcandi
2647 3996 2816 4050 super
2846 3985 3152 4047 serpentes,
3177 3984 3228 4031 ct
3252 3978 3600 4045 scorpiones,

2018 4088 2072 4129 et
2106 4091 2319 4128 omnem
2359 4074 2677 4127 facultatem
2714 4069 3008 4124 invisibilis
3045 4068 3345 4124 adversarii
3377 4070 3442 4122 ".
3486 4087 3504 4121 ι
3538 4067 3601 4121 Et

2022 4169 2191 4221 Isaias
2222 4166 2392 4220 dicit:
2432 4184 2449 4216 ι
2490 4165 2661 4231 Quam
2698 4162 2911 4232 pulchri
2945 4170 3075 4216 sunt
3120 4161 3287 4229 pedes
3328 4161 3604 4229 cvangeli-

2020 4253 2259 4311 iautium
2323 4270 2536 4326 pacem,
2596 4262 2651 4309 et
2707 4255 2847 4308 bona
2902 4251 2967 4303 ⁸⁷.
3028 4270 3046 4302 ι
3101 4251 3348 4321 Apostoli
3402 4251 3600 4309 etenim

2018 4350 2256 4414 Christi,
2315 4357 2431 4402 toto
2492 4356 2770 4402 terrarum
2827 4344 2960 4398 orbe
3018 4336 3338 4413 peragrato,
3393 4343 3598 4397 diaboli

2021 4441 2244 4496 bellicos
2300 4455 2498 4495 nervos
2562 4446 3032 4507 compresserunt,
3093 4450 3282 4504 pacem
3340 4436 3601 4489 omnibus

328 4517 714 4587 ὲὸράὸευσαν,
766 4524 859 4574 καὶ
906 4524 1331 4595 εὐηγγελίσαντο
1388 4529 1623 4597 ἡμῖν.τά
1681 4530 1912 4598 οὐράνια

2016 4532 2444 4595 distribuerunt,
2487 4539 2542 4586 et
2597 4530 2761 4586 nobis
2811 4528 3060 4585 caelestia
3109 4528 3253 4582 bona
3304 4528 3600 4579 annuntia-

326 4610 533 4679 ἀγαθά.

829 4705 956 4758 HA'.
986 4738 1053 4748 —
1101 4706 1183 4773 Τῷ
1232 4708 1414 4775 αὐτῷ.
1884 4771 1889 4775 .

399 4790 621 4860 Ἥψατο
652 4794 762 4846 τῶν
792 4796 969 4849 ποδῶν
1007 4799 1035 4850 6
1064 4798 1289 4871 Κύριος,
1329 4803 1417 4856 ἵνα.
1447 4805 1704 4878 ἐνισχὺσῃ
1742 4808 1908 4871 πόδας

324 4885 547 4953 γηϊνους
580 4887 677 4938 καὶ
718 4886 987 4952 ἀσθενεῖς,
1045 4891 1337 4959 μέλλοντας
1381 4894 1684 4977 διατρέχειν
1727 4901 1909 4954 πᾶσαν

324 4975 431 5043 τὴν
456 4974 545 5043 ὑ;ρ’
572 4977 738 5045 ἡλίῳ·
777 4977 1114 5050 λαμϐάνεται
1149 4981 1242 5035 τοῦ
1286 4984 1485 5054 μέρους
1644 4989 1906 5059 πτέρνης,

326 5065 453 5118 καθ’
478 5061 547 5137 ἧς
590 5070 624 5137 ή
658 5070 934 5139 ἀπόφασις
974 5074 1254 5145 καταρχὰς
1306 5076 1645 5146 ἐξενήνεκτο,
1690 5078 1775 5133 ῖνα
1815 5082 1908 5135 τοῦ

325 5160 572 5229 μεγάλου
612 5161 797 5229 ἰατροῦ
831 5164 930 5234 τὴν
974 5168 1130 5234 χεῖρα
1172 5167 1467 5232 ἐπιθέντος,
1505 5172 1703 5241 μηκέτι
1754 5176 1907 5243 ἐνερ-

322 5253 470 5323 γήτῃ
506 5254 535 5304 6
576 5253 652 5316 ἰὸς
680 5254 771 5308 τοῦ
812 5256 1003 5325 νοητοῦ
1037 5258 1235 5325 ὄφεως.
1277 5259 1747 5332 Ἐνδυναμωθεῖσα
1793 5266 1904 5317 τοί-

320 5368 423 5402 νυν
455 5352 490 5419 ἡ
521 5351 731 5419 πτέρνα
772 5350 876 5401 ὑπὸ
905 5349 1003 5417 τῆς
1037 5349 1219 5419 χειρὸς
1246 5349 1339 5401 τοῦ
1383 5351 1664 5423 ἁψαμένου
1697 5354 1904 5406 Δεσπόο

320 5461 425 5495 του
453 5442 693 5511 ἐπάτησε
720 5441 811 5493 τὸν
840 5441 1083 5493 Σατανᾶν
1119 5440 1211 5492 τὸν
1251 5441 1665 5513 ἐξαπατήσαντα
1713 5443 1902 5514 πρώην

317 5536 453 5595 τοὺς
482 5532 964 5603 πρωτοπλάῠτους,
997 5530 1091 5583 καὶ
1126 5529 1265 5583 οὕτω
1310 5533 1665 5605 πεπλήρωται
1700 5534 1761 5587 τὸ
1800 5535 1904 5588 ὑπο

1448 5714 1604 5768 4-17.

399 5715 444 5744 ⁸³
475 5712 494 5767 ι
520 5716 649 5770 (lor.
685 5732 771 5783 xv,
831 5716 919 5770 ’27.
996 5716 1038 5747 3"
1067 5714 1223 5772 Joau.
1258 5729 1374 5780 xui,

1684 5715 1725 5745 ηδ
1759 5714 1895 5772 Gen.
1930 5729 2009 5778 ιιι,
2048 5714 2129 5767 15.

2012 4632 2164 4677 ιἰιιιι.

2488 4710 2728 4767 LXXXI.
2767 4739 2836 4752 —-
2870 4710 3080 4764 Eidem.

2080 4805 2284 4873 Tetigit
2329 4803 2494 4874 pedes
2541 4802 2829 4861 Dominus,
2883 4807 2944 4853 ut
2999 4798 3164 4867 pedes
3199 4805 3474 4853 terrenos,
3534 4807 3599 4846 ac

2009 4895 2335 4959 imbecilles,
2379 4900 2553 4947 totum
2619 4898 2896 4944 terrarum
2954 4888 3143 4941 orbem
3205 4891 3597 4953 peragraturos

2009 4987 2397 5042 corroboraret
2462 5001 2475 5037 :
2539 4989 2753 5053 partem
2807 4977 3051 5035 calcanei
3115 4976 3342 5044 arripit,
3404 4984 3596 5031 contra

2006 5092 2169 5147 quem
2217 5074 2495 5131 sententia
2545 5075 2599 5127 in
2656 5070 2930 5143 principio
2983 5070 3089 5122 lata
3131 5078 3240 5130 est,
3287 5077 3347 5122 ut
3398 5082 3597 5135 magno

2004 5168 2219 5223 medico
2252 5181 2478 5219 manum
2508 5163 3018 5232 superimponente,
3052 5157 3443 5212 intellectualis
3474 5172 3591 5211 ser-

2006 5261 2185 5331 pentis
2222 5270 2491 5313 venenum
2530 5256 2675 5308 vires
2717 5251 3014 5305 amitteret.
3062 5247 3369 5303 Caleaneus
3413 5248 3595 5314 itaque

2005 5368 2173 5406 manu
2206 5346 2483 5419 tangentis
2532 5343 2748 5400 Domini
2782 5341 3182 5397 corroboratus
3217 5341 3458 5395 calcarit
3488 5337 3593 5392 Sa.

2005 5454 2210 5506 lanam,
2255 5440 2346 5511 qui
2394 5440 2631 5509 primum
2679 5434 2917 5490 conditis
2959 5432 3281 5488 hominibus
3316 5431 3509 5495 illusit,
3541 5438 3594 5483 ct

2004 5534 2083 5588 sic
2108 5533 2439 5606 completum
2479 5536 2584 5595 est,
2617 5528 2763 5599 quod
2797 5542 2826 5580 a
2866 5535 2988 5579 vate
3021 5524 3238 5580 Debora
3272 5524 3326 5579 in
3355 5520 3590 5578 canticis

2208 5712 2252 5742 ⁸⁶
2287 5710 2421 5765 Luc.
2466 5726 2513 5778 ς,
2563 5708 2644 5765 l9.
2724 5707 2766 5739 ⁸⁷
2798 5705 2902 5762 lsa.
2943 5720 3038 5772 ιιι,
3071 5703 3123 5757 7.
