4024 6218
408 304 512 370 Πῧ

1871 308 1931 366 S.
1974 306 2133 365 NILI

3547 295 3646 361 120

408 429 738 488 personatur
774 436 787 471 :
825 436 842 468 ι
884 417 1121 471 Pedibus
1164 416 1405 470 calcabit
1443 418 1791 473 adversarios
1828 433 1977 472 mcos

2103 420 2178 489 γῆς
2227 418 2554 489 προφήτιδος
2588 416 2859 488 Δεόόρῤας
2895 413 3223 485 βεϐοημένον
3263 411 3326 465 ἐν
3372 406 3645 481 ᾅσμασιν·

410 510 592 563 anima
629 524 746 563 mea
780 509 1137 561 corroborata
1169 508 1234 560 ⁸⁸.
1285 529 1302 559 ι
1336 508 1504 562 David
1536 525 1758 579 quoque
1791 509 1976 563 excla-

411 612 520 655 mat
556 602 877 670 palmarium
898 599 1005 668 37
1043 600 1301 655 accinens
1338 617 1352 652 :
1396 618 1415 652 ι
1453 600 1662 655 Cadent
1690 601 1794 655 sub
1826 599 1979 669 pedi-

414 693 515 743 bus
551 691 704 751 meis,
739 688 833 757 qui
866 690 1158 757 insurgunt
1188 688 1456 744 adversus
1489 706 1595 753 me,
1626 698 1680 743 et
1722 701 1978 757 tanquam

411 782 585 832 lutum
642 780 944 848 platearum
995 786 1276 833 conteram
1328 780 1583 833 inimicos
1636 793 1788 833 meos
1830 777 1895 829 ”.
1956 795 1975 827 ι

409 898 477 908 -
515 888 533 918 ι
579 868 720 923 Ecce
740 870 885 924 enim
941 869 1065 923 dedi
1115 870 1274 923 vobis
1320 878 1666 939 potestatem,
1718 866 1981 921 Dominus

411 960 572 1023 dixit,
610 971 667 1013 ut
690 961 937 1021 calcetis,
978 970 1031 1014 et
1069 975 1180 1014 non
1211 968 1272 1014 ut
1301 959 1616 1027 calcemini,
1649 973 1827 1028 neque
1858 957 1984 1011 illu-

412 1054 616 1107 damini
653 1068 682 1106 a
708 1053 981 1122 perditore
1004 1053 1068 1106 θ’.
1109 1072 1127 1103 ι

659 1143 918 1198 LXXXII.
955 1175 1024 1185 —
1065 1142 1280 1199 FIRMO
1323 1142 1735 1199 SCRINIARIO.

487 1232 567 1289 Ne
623 1236 842 1289 coneris
901 1235 1048 1289 illius
1095 1234 1337 1288 hominis
1382 1232 1646 1289 subsidiis
1692 1233 1987 1302 provincias

418 1327 681 1395 consequi
724 1326 1117 1396 principatum,
1156 1342 1223 1380 ne
1264 1327 1381 1395 ipse
1420 1327 1476 1380 in
1516 1327 1751 1379 aliorum
1806 1325 1987 1380 domi-

417 1418 568 1471 nium
613 1417 925 1487 pervenias,
970 1426 1024 1470 et
1064 1416 1251 1479 cadas,
1301 1426 1354 1471 et
1378 1418 1606 1471 nimium
1642 1416 1893 1480 vilescas,
1934 1423 1988 1469 et

418 1519 615 1576 ιιι-αξιοι·
640 1522 790 1576 spent
832 1522 1049 1560 omnem
1081 1507 1135 1560 in
1178 1506 1535 1575 perditionem
1571 1508 1751 1561 abeas.

655 1597 941 1651 LXXXIII.
977 1628 1048 1638 -——
1084 1596 1390 1652 EUGENIO
1430 1596 1743 1652 DIACONO.

490 1688 728 1742 Nimium
757 1690 813 1743 in
852 1688 1264 1757 Scripturarum
1301 1688 1537 1743 lectione
1569 1687 1884 1753 insolescis,
1927 1698 1989 1739 ac

421 1782 566 1836 elato
601 1789 787 1834 animo
817 1780 1107 1849 magniﬁce
1140 1788 1190 1834 te
1219 1780 1419 1849 jactas,
1454 1787 1618 1847 atque
1657 1786 1901 1834 ostentas
1937 1778 1990 1830 in

422 1872 914 1941 speculationibus,
955 1886 1053 1941 pro
1095 1872 1387 1936 fructibus,
1437 1870 1601 1925 nudis
1657 1870 1802 1923 foliis
1855 1883 1992 1938 gau-

423 1967 596 2025 dens.
662 1962 970 2032 jocansque
1024 1963 1334 2017 contemnis
1393 1978 1524 2026 eos,
1581 1962 1674 2030 qui
1726 1961 1990 2015 similium

423 2054 744 2123 cognitione
794 2054 1193 2107 destituuntur.
1241 2052 1298 2106 Id
1342 2052 1435 2122 qui
1484 2053 1538 2106 in
1592 2066 1756 2106 scena
1805 2060 1993 2120 gestus

423 2156 625 2215 agunt,
690 2160 1068 2215 saepenumero
1122 2144 1336 2200 eIIicere
1389 2152 1668 2214 poterunt.
1724 2140 1807 2195 Τιι
1866 2156 1994 2195 vero

424 2240 686 2306 operibus
737 2239 918 2307 potius
967 2237 1104 2291 bene
1154 2237 1266 2291 Deo
1322 2236 1492 2305 gratis
1547 2235 1791 2288 animum
1841 2242 1993 2287 tuum

423 2329 784 2383 cohonestare
833 2343 1217 2396 exornarcque
1272 2325 1562 2381 contende.
1618 2344 1635 2376 ι
1682 2322 1775 2377 Va:
1821 2323 1990 2385 enim,

424 2422 519 2483 ait,
563 2419 793 2484 Scribis,
835 2427 889 2473 et
932 2419 1248 2485 Pharismis,
1288 2419 1379 2488 qui
1424 2418 1731 2472 doctrinam
1778 2415 1994 2470 divino~

426 2528 544 2565 rem
579 2513 874 2566 verborum
922 2512 1261 2566 mentiuntur
1299 2530 1311 2565 :
1347 2511 1535 2565 dicunt
1572 2510 1718 2565 enim
1747 2508 1910 2571 bona,
1941 2516 1995 2560 et

425 2621 530 2659 non
589 2607 796 2659 faciunt
843 2606 909 2658 ἰ.
966 2624 984 2656 ›
1036 2604 1196 2659 I‘rius
1253 2604 1436 2674 itaque
1485 2602 1595 2667 Iac,
1646 2600 1993 2671 postmodum

425 2699 615 2755 doce.i

556 2788 839 2844 LXXXIV.
876 2820 944 2829 —
978 2786 1349 2843 PIIILAGRIO
1387 2785 1867 2839 PRESBYTERO.

492 2882 687 2935 Justus
720 2879 830 2934 Noe
856 2879 1135 2934 Christum
1168 2892 1278 2948 prae
1316 2892 1375 2932 se
1412 2875 1538 2940 fert,
1591 2876 1682 2945 qui
1718 2877 1775 2928 in
1814 2874 1995 2928 Evan-

428 2974 584 3044 geliis
627 2972 761 3026 dicit
805 2990 818 3025 :
869 2990 885 3020 ι
934 2970 1127 3024 Venite
1159 2969 1226 3023 ad
1261 2983 1370 3032 me,
1420 2982 1610 3021 omnes
1661 2966 1753 3034 qui
1808 2965 1997 3018 multis

2088 530 2104 560 ι
2136 512 2525 580 Καταπατήσει
2551 512 2677 571 τοὺς
2701 508 2925 579 ἐχθρούς
2953 525 3053 579 μου
3077 509 3109 577 ἡ
3140 506 3245 576 ὲμὴ
3273 502 3649 569 δυναμωθεῖσα

2081 602 2247 673 ψυχή.
2288 620 2306 652 ι
2352 602 2465 655 Καὶ
2509 604 2537 654 6
2583 600 2745 653 Δαυῖδ
2796 602 3034 669 κέκραγε
3086 580 3303 667 ψάλλων
3348 595 3647 647 ἐπινίκιονο

2089 713 2107 745 ι
2138 693 2435 747 Πεσοῦνται
2470 692 2576 745 ὑπὸ
2617 692 2744 755 τοὺς
2775 690 2943 752 πόδας
2992 705 3093 759 μου
3135 689 3184 740 οἱ
3230 684 3651 751 ἐπανιστάμενοι
3699 684 3705 701 ⁵

2091 805 2200 857 μοι,
2222 786 2316 840 καὶ
2348 786 2537 855 ῶσπερ
2569 783 2737 855 πηλὸν
2768 780 3040 835 πλατειῶν
3063 780 3237 834 λεανῶ
3269 781 3397 843 τοὺς
3426 778 3652 849 ἐχθρούς

2088 896 2210 949 μου.
2247 898 2264 930 ι
2303 908 2373 917 -
2399 896 2416 928 ι
2463 876 2591 929 Ἰδοὺ
2620 875 2728 945 γὰρ
2765 873 2968 927 δέδωκα
3006 872 3133 941 ὑμῖν
3172 870 3439 935 ἐξουσίαν,
3479 870 3507 920 6
3540 866 3653 918 Κύ-

2087 986 2201 1040 ριος
2233 970 2442 1040 εἴρηκε,
2474 970 2687 1030 πατεῖν,
2710 966 2803 1018 καὶ
2824 966 2898 1035 μὴ
2923 960 3374 1024 καταπατεῖσθαι,
3406 960 3542 1031 μηδὲ
3572 959 3658 1025 ἐξ·

2086 1058 2395 1114 απατᾶσθαι
2423 1057 2527 1109 ὑπὸ
2560 1054 2652 1107 τοῦ
2677 1053 2971 1123 λυμεῶνυς.
2998 1071 3015 1102 ι

2404 1149 2528 1202 IIB'.
2559 1177 2627 1185 —
2662 1144 2877 1213 ΦΙΡΜῼ
2916 1140 3333 1210 ΣιςιιιΝιΑΡιιι.

2158 1242 2250 1312 Μὴ
2281 1240 2476 1293 σπεῦδε
2501 1236 2754 1307 γενέσθαι
2786 1235 2970 1305 ἄρχων
3006 1233 3104 1303 τῆς
3139 1230 3405 1300 ἐπαρχίας
3441 1227 3530 1281 διὰ
3558 1226 3658 1296 τῆς

2088 1333 2423 1405 προστασίας
2452 1329 2545 1383 τοῦ
2587 1327 2881 1398 προσώπου
2922 1325 3152 1389 ἐκείνου,
3181 1324 3267 1376 ἵνα
3323 1320 3398 1392 μὴ
3428 1320 3657 1390 ἀρχθῇς.

2089 1426 2182 1480 καὶ
2228 1423 2423 1493 πέσῃς,
2472 1411 2567 1474 κάι
2612 1418 2749 1485 ἄγαν
2800 1413 3164 1485 ταπεινωθῇς,
3210 1412 3307 1466 καὶ
3355 1409 3660 1480 ἀφανισθῇς

2091 1533 2165 1568 πα
2176 1514 2242 1586 ρὰ
2272 1514 2450 1565 πᾶσαν
2479 1509 2687 1562 ἐλπίδα.

2406 1602 2530 1655 IIl".
2575 1632 2642 1640 —
2690 1598 2982 1667 urrENtn
3020 1594 3337 1665 ΔΙΑΚΟΝῼ.

2161 1698 2410 1769 Φρυὰττῃ
2439 1695 2530 1747 ἐπὶ
2561 1694 2626 1762 τῇ
2654 1689 2955 1757 ἀναγνώσει
2987 1686 3095 1739 τῶν
3135 1682 3390 1755 Γραφῶν,
3426 1681 3523 1735 καὶ
3563 1697 3662 1750 με-

2094 1789 2383 1861 γαλαυχεῖς
2412 1783 2731 1854 φυσώμενος
2776 1782 2868 1833 ἐπὶ
2908 1782 3025 1842 ταῖς
3065 1777 3340 1849 Θεωρίαις,
3375 1776 3496 1829 ἀντὶ
3526 1789 3663 1843 καρ-

2094 1882 2211 1934 πῶν
2252 1878 2384 1948 ψιλὰ
2427 1878 2495 1930 τὰ
2535 1876 2705 1945 φύλλα
2747 1874 2991 1942 κατέχειν
3028 1869 3376 1939 τερπόμενος.
3424 1866 3518 1919 καὶ
3562 1882 3666 1934 μυ-

2093 1969 2370 2042 κτηρίζεις
2400 1967 2525 2027 τοὺς
2561 1963 2760 2031 γνῶσιν
2795 1962 2869 2031 μὴ
2904 1960 3143 2029 ἔχοντας.
3181 1956 3350 2008 Τοῦτο
3382 1954 3427 2006 δ’
3462 1951 3527 2006 ἂν
3571 1953 3668 2003 καὶ

2096 2061 2344 2132 σκηνικοὶ
2374 2056 2633 2117 πολλάκις
2663 2054 2882 2122 ποιῆσαι
2912 2051 3252 2118 δυνήσονται.
3306 2045 3446 2099 ’Δλλ“
3482 2043 3669 2113 ἔργοις

2098 2154 2296 2223 μᾶλλον
2319 2150 2629 2220 εὐαρέστοις
2658 2145 2736 2214 τῷ
2776 2142 2895 2210 Θεῷ
2937 2141 3035 2211 τὴν
3066 2136 3262 2193 σαυτοῦ
3297 2137 3474 2207 ψυχὴν
3497 2135 3669 2205 ώραῖ-

2097 2266 2184 2300 σαι
2215 2248 2310 2299 καὶ
2356 2241 2629 2312 κοσμῆσαι
2655 2237 2908 2306 Θὲλησον’
2942 2252 2960 2285 ι
2988 2235 3123 2287 Οὐαὶ
3151 2232 3279 2301 γὰρ.
3304 2229 3459 2300 φησὶ,
3480 2245 3670 2298 γραμ-

2097 2338 2323 2409 ματεῦσι
2380 2334 2472 2389 καὶ
2512 2330 2831 2400 Φαρισαίοις
2869 2325 3315 2396 ὑποκρινομένοις
3350 2322 3446 2391 τὴν
3490 2320 3670 2391 μάθη-

2097 2407 2180 2481 σιν
2230 2425 2339 2478 τῶν
2389 2421 2672 2494 μακαρίων
2718 2418 2913 2485 λόγων,
2945 2416 3027 2469 ὅτι
3074 2414 3290 2481 λέγουσι
3336 2409 3405 2464 τὰ
3431 2407 3666 2479 χρηστὰ,

2094 2516 2190 2571 καὶ
2224 2515 2283 2568 οὐ
2339 2510 2583 2565 ποιοῦσιν
2624 2506 2784 2560 αὑτά.
2829 2525 2848 2557 ι
2889 2505 3160 2575 Πρότερον
3209 2500 3389 2553 τοίνυν
3440 2496 3667 2568 πρᾶξον,

2096 2608 2189 2662 καὶ
2225 2603 2361 2677 μετὰ
2383 2600 2538 2655 τοῦτο
2563 2599 2801 2653 δίδασκε.

2344 2784 2464 2836 ιι...
2490 2810 2560 2819 -
2589 2774 2905 2845 ΦΙΛΑΓΡΙῼ
2944 2768 3416 2838 ΠΡΕΣΒΥΤΕΡῼ.

2181 2878 2236 2929 Ὀ
2281 2874 2486 2934 δίκαιος
2521 2869 2643 2922 Νῶε
2684 2868 2772 2920 τὸν
2825 2863 3057 2935 Χριστὸν
3106 2858 3530 2932 χαρακτηρίζει,
3580 2857 3673 2909 τὸν

2096 2970 2321 3036 λέγοντα
2361 2968 2417 3017 ὲν
2446 2965 2559 3024 τοῖς
2591 2956 2941 3027 Εὐαγγελίοις
2961 2971 2974 2983 °
3014 2973 3032 3005 ι
3071 2953 3235 3006 Δεῦτε
3269 2950 3406 3021 πρός
3434 2966 3500 3019 με
3537 2948 3672 3000 παν-

428 3067 672 3136 lapsibus
701 3064 1029 3135 gravamini,
1060 3072 1113 3117 ct
1152 3078 1253 3132 ego
1285 3063 1635 3131 requiescere
1663 3060 1773 3130 38
1802 3060 1995 3113 faciam

2103 3078 2190 3123 τες
2223 3061 2271 3112 οἱ
2326 3053 2747 3125 πεφορτισμένοι
2798 3051 2911 3111 τοῖς
2949 3046 3164 3108 πολλοῖς
3207 3041 3670 3111 παραπτώμασιν,

428 3179 526 3216 vos
553 3162 597 3192 θ’
643 3180 661 3211 ι
699 3160 751 3213 in
786 3172 913 3211 arca
937 3156 1217 3219 Ecclesiae,
1245 3171 1273 3208 a
1298 3156 1532 3221 pessimo
1555 3153 2002 3222 exsecrandoque

429 3252 692 3308 exercitio
724 3250 1008 3305 liberatos.
1052 3248 1300 3316 Namque
1342 3262 1466 3301 cum
1515 3254 1677 3301 natus
1705 3243 1997 3308 essetNoe,

432 3344 487 3397 in
516 3342 687 3411 ﬁgura
742 3348 794 3395 ct
824 3338 1086 3394 vaticinio
1124 3337 1334 3391 dictum
1364 3344 1491 3390 est:
1530 3355 1548 3387 ι
1591 3335 1710 3405 Ipse
1748 3332 2003 3389 consola-

434 3434 579 3489 bitur
609 3447 712 3487 nos
735 3431 803 3485 ab
842 3430 1104 3500 operibus
1140 3428 1370 3489 nostris,
1400 3437 1456 3482 et
1481 3441 1509 3479 a
1546 3436 1703 3481 terra
1758 3425 1845 3479 cui
1887 3440 2003 3477 ma-

435 3525 628 3581 ledixit
669 3522 935 3578 Dominus
970 3521 1116 3577 Deus
1147 3529 1336 3573 noster
1373 3518 1442 3572 ”.
1486 3536 1505 3569 ι

917 3693 1178 3749 LXXXV.
1219 3723 1286 3733 —
1328 3690 1533 3745 Eidem.

507 3790 699 3860 Populi
771 3788 1072 3843 infidelium
1133 3784 1449 3839 Iudaeorum
1519 3794 1805 3849 personam
1874 3777 2014 3848 gerit

436 3882 713 3936 Chanaain
735 3880 801 3942 ’⁸,
824 3880 915 3950 qui
939 3877 1277 3932 denudatum
1303 3875 1580 3930 Christum
1612 3872 1804 3933 irrisit,
1831 3870 2013 3939 ﬂagel-

443 3975 679 4044 lavitque
703 3988 799 4042 per
830 3970 1091 4032 Pilatum,
1124 3976 1179 4021 ct
1208 3966 1564 4021 contumeliis
1594 3965 1775 4019 affecit
1799 3964 1865 4027 “,
1897 3970 2013 4017 etc.

438 4066 563 4121 Sem
607 4079 739 4119 vero
783 4072 838 4117 et
883 4062 1076 4131 Japhct
1114 4066 1324 4112 tantum
1361 4073 1468 4111 non
1499 4057 1671 4123 digito
1705 4062 2016 4109 monstrant

440 4152 662 4221 Iosephi
694 4151 946 4213 comites,
983 4148 1076 4217 qui
1100 4160 1303 4215 corpus
1334 4142 1649 4199 Servatoris
1677 4142 1929 4203 involvit,
1961 4148 2017 4193 et

444 4243 692 4311 reposuit
716 4242 770 4294 in
796 4253 938 4293 novo
965 4245 1343 4292 monumento.
1369 4234 1561 4288 Adhuc
1592 4234 1753 4289 etiam
1782 4232 2019 4284 innuunt

444 4332 803 4387 Nicodemum
848 4330 1063 4385 Israelis
1114 4328 1466 4397 magistrum,
1516 4333 1878 4392 caeterosque.
1922 4322 2016 4390 qui

2103 3148 2261 3217 κάγὼ
2290 3144 2592 3201 ἀναπαύσω
2616 3143 2759 3211 ὑμᾶς
2799 3159 2816 3189 ι
2855 3139 2912 3191 ὲν
2934 3140 2999 3207 τῇ
3046 3132 3263 3203 κιϐωτῷ
3292 3136 3391 3203 τῆς
3447 3131 3672 3199 Ἐκκλη-

2104 3240 2245 3301 σίας,
2274 3234 2715 3303 λελυτρωμένους
2757 3226 3021 3299 ἐργασίας
3048 3223 3390 3294 φαυλοτάτης
3442 3222 3536 3273 καὶ
3565 3222 3679 3272 ἑπι-

2106 3329 2439 3398 καταράτου.
2465 3324 2759 3393 Τεχϐέντος
2789 3320 2898 3389 γάρ
2936 3334 3065 3371 ποτε
3095 3315 3188 3369 τοῦ
3231 3313 3500 3383 μακαρίου
3530 3311 3675 3376 Νῶε,

2104 3418 2345 3480 τυπικῶς
2398 3417 2490 3469 καὶ
2518 3411 2867 3484 προφητικῶς
2899 3409 3134 3481 εἴρηται,
3159 3408 3238 3460 ὅτι
3269 3424 3287 3457 ι
3312 3400 3477 3465 Οὗτος
3492 3403 3677 3455 διανα-

2107 3508 2306 3563 παύσει
2335 3506 2482 3576 ἡμᾶς
2530 3502 2638 3556 ἀπὸ
2680 3501 2787 3555 τῶν
2836 3498 3013 3570 ἔργων
3066 3496 3244 3567 ἡμῶν,
3280 3495 3375 3547 καὶ
3425 3492 3533 3547 ἀπὸ
3576 3490 3678 3561 τῆς

2121 3599 2232 3667 γῆς,
2262 3590 2330 3667 ἦς
2360 3593 2710 3665 κατηράσατο
2737 3590 2943 3661 Κύριος
2968 3590 2997 3641 6
3027 3586 3159 3649 Θεὸς
3190 3583 3372 3656 ἡμῶν.
3397 3603 3415 3633 ι

2604 3683 2732 3737 ΠΕ’.
2771 3709 2843 3720 —-
2883 3679 2967 3744 Τῷ
3005 3675 3185 3741 αὐτῷ.

2180 3779 2287 3833 Τοῦ
2315 3776 2446 3830 λαοῦ
2479 3774 2586 3827 τῶν
2622 3772 2868 3825 ἀπίστων
2903 3765 3172 3820 Ἰουδαίων
3205 3764 3495 3835 πρόσωπον
3525 3760 3683 3830 φέρει

2110 3874 2138 3925 ὁ
2166 3868 2423 3936 Χαναὰμ,
2450 3866 2599 3926 ὅστις
2639 3862 2733 3915 καὶ
2755 3858 3133 3928 γυμνωθέντος
3151 3855 3245 3907 τοῦ
3275 3851 3509 3926 Χριστοῦ
3548 3867 3682 3903 κατ-

2111 3962 2391 4031 εγέλασεν,
2427 3951 2807 4026 ὲφραγέλλωσέ
2841 3966 2899 4002 τε
2932 3948 3019 4002 διὰ
3048 3946 3141 3999 τοῦ
3185 3945 3417 3999 Πιλάτου
3451 3942 3544 3995 καὶ
3564 3939 3684 4009 ἠτί-

2118 4069 2287 4123 μωσε,
2315 4050 2409 4103 καὶ
2437 4048 2505 4101 τὰ
2549 4044 2694 4114 ἑξῆς.
2727 4042 2846 4111 Σὴμ
2876 4040 2932 4092 δὲ
2990 4038 3084 4091 καὶ
3128 4038 3301 4105 ἰαφὲτ
3341 4032 3685 4087 δακτυλοδειο

2116 4144 2304 4198 κτοῦσι
2334 4142 2459 4202 τοὺς
2490 4137 2621 4209 περὶ
2667 4135 2759 4187 τὸν
2801 4133 2998 4200 Ἰωσὴφ
3032 4127 3383 4191 ὲντυλίξαντα
3424 4124 3484 4177 τὸ
3528 4124 3689 4193 σῶμα

2115 4234 2209 4288 τοῦ
2245 4232 2517 4301 Σωτῆρος,
2549 4227 2645 4281 καὶ
2678 4223 3077 4293 ὲναποθέμενον
3107 4219 3184 4290 τῷ
3216 4217 3395 4287 νεαρῷ
3423 4216 3687 4286 μνήματι.

2124 4327 2245 4379 Ἔτι
2280 4341 2340 4377 τε
2384 4321 2709 4375 αἰνίττονται
2740 4319 2834 4370 καὶ
2883 4314 3193 4384 Νικόδημον
3221 4311 3312 4364 τὸν
3344 4308 3437 4362 τοῦ
3475 4306 3692 4378 Ἰσραὴλ

444 4424 855 4480 sanctissimum
879 4436 1080 4492 corpus
1106 4417 1410 4483 custodire,
1431 4423 1486 4470 et
1508 4417 1559 4470 in
1587 4417 1792 4469 honore
1817 4413 2000 4465 haben

2118 4413 2455 4476 διδάσκαλον,
2486 4409 2579 4463 καὶ
2609 4409 2735 4471 τοὺς
2762 4405 2972 4471 ἄλλους,
3002 4405 3116 4456 ὅσοι
3138 4400 3420 4471 περιέπειν
3455 4397 3517 4449 τὸ
3548 4414 3691 4449 παν-

444 4516 794 4571 conahantur
825 4514 892 4566 ".

645 4604 931 4659 LXXXVI.
971 4634 1042 4646 -ο
1080 4602 1330 4657 ACACIO
1370 4596 1822 4654 MEMORIALIO.

519 4701 819 4753 Sacrorum
858 4706 1036 4768 mysta
1068 4694 1283 4763 Moyses
1321 4693 1604 4763 obliquum
1651 4688 1867 4743 duobus
1910 4700 2007 4738 ma-

448 4790 615 4845 nibus
648 4791 932 4844 sustinens
973 4786 1229 4841 baculum
1274 4785 1578 4838 imitatione
1614 4780 1895 4835 Christum
1927 4792 2023 4831 ex.

449 4886 718 4952 primens,
770 4880 866 4949 qui
923 4892 1092 4947 supra
1150 4891 1373 4930 crucem
1432 4889 1629 4929 manus
1680 4868 2020 4929 extenderat,

447 4972 766 5025 Amalecum
792 4971 845 5024 in
875 4969 1058 5038 fugam
1091 4968 1253 5022 vertit
1274 4968 1341 5021 ’⁷.
1368 4966 1655 5036 Pr0pterca
1684 4977 1785 5017 nos
1808 4974 2026 5031 quoque

448 5064 503 5118 in
534 5064 783 5119 oratione
831 5076 1024 5116 manus
1055 5060 1418 5117 extendentes
1467 5061 1732 5115 Satanam
1781 5053 2023 5109 debella-

452 5172 597 5211 mus.
648 5155 704 5208 Si
751 5162 984 5215 rectum,
1034 5170 1143 5209 non
1178 5154 1463 5222 obliquum
1506 5149 1762 5205 baculum
1800 5153 2023 5199 sanctus

451 5248 665 5318 Moyses
696 5244 1029 5311 sustinebat,
1060 5259 1168 5312 qua
1215 5244 1428 5297 ratione
1467 5254 1664 5295 manus
1695 5250 1838 5289 onus
1862 5246 2021 5299 urge-

453 5339 564 5403 bat,
587 5336 975 5405 indigebatque
1006 5335 1326 5404 adjumento
1357 5329 1615 5393 Aaronis,
1647 5335 1699 5381 et
1726 5323 1887 5386 Huri,
1928 5319 2021 5389 qui

394 5506 411 5517 ἢ
454 5437 583 5489 hinc
608 5442 772 5503 atque
798 5432 949 5486 illinc
982 5444 1178 5483 manus
1209 5428 1357 5480 illius
1391 5426 1648 5478 Iulcirent
1677 5419 1762 5470 "'3

2122 4506 2272 4572 άγιον
2307 4500 2464 4570 σῶμα
2510 4496 2604 4552 καὶ
2642 4498 2699 4549 ὲν
2728 4497 2862 4563 τιμῇ
2898 4492 3170 4545 ποιεῖσθαι
3193 4488 3548 4551 ἐσπούδαζον.

2402 4593 2543 4656 [ις’.
2563 4619 2632 4628 --
2655 4586 2917 4655 ΑΚΑΚΙῼ
2956 4582 3409 4651 ΜΕΜΟΡΙΑΛΙῼ.

2192 4684 2393 4752 Μωσῆς
2414 4683 2442 4735 6
2485 4678 2805 4747 ἱεροφάντης
2835 4674 3071 4742 πλαγίαν
3105 4674 3199 4726 ἐπὶ
3228 4672 3338 4725 τῶν
3375 4670 3470 4723 δύο
3495 4668 3697 4740 χειρῶν

2122 4777 2339 4847 κρατῶν
2371 4774 2468 4845 τὴν
2489 4771 2703 4844 ῥάϐδον,
2748 4768 2891 4848 θεατὰ
2928 4767 3160 4837 μίμησιν
3192 4763 3287 4817 τοῦ
3336 4764 3430 4815 ἐπὶ
3460 4765 3699 4831 σταυροῦ

2123 4868 2221 4930 τὰς
2272 4868 2460 4935 χεῖρας
2517 4860 2941 4920 διαπετάσαντος
2990 4855 3257 4927 Χριστοῦ,
3300 4853 3392 4906 τὸν
3450 4851 3699 4922 Ἀμαλὴγ

2124 4954 2494 5025 ἐτροπώσατο.
2529 4949 2617 5001 Διὸ
2642 4949 2733 5001 καὶ
2761 4947 2921 5017 ἡμεῖς
2953 4945 3051 5007 τὰς
3088 4946 3277 5014 χεῖρας
3300 4943 3380 5004 είς
3405 4940 3570 5011 εὐχὴν
3602 4942 3700 4993 ἐκ·

2121 5049 2385 5109 τείνοντες
2426 5041 2666 5111 νικῶμεν
2720 5038 2812 5093 τὸν
2862 5038 3128 5091 Σατανᾶν.
3177 5036 3240 5088 Εἰ
3282 5033 3447 5104 ὀρθὴν
3488 5034 3581 5085 καὶ
3618 5033 3703 5101 μὴ

2122 5138 2357 5205 πλαγίαν
2397 5133 2494 5202 τὴν
2531 5131 2723 5202 ῥάϐδον
2771 5129 3016 5196 κατεῖχεν
3058 5127 3087 5177 6
3118 5125 3272 5192 ἅγιος
3301 5120 3704 5192 Μωῦσῆςνπῶς

2121 5227 2369 5296 ἑδαρεῖτο
2421 5221 2520 5283 τὰς
2551 5222 2770 5288 χεῖρας,
2814 5215 2904 5267 καὶ
2948 5214 3135 5283 χρείαν
3182 5212 3293 5280 εἶχε
3339 5209 3433 5263 τοῦ
3486 5208 3704 5279 ’Δαρὼν

2130 5317 2222 5370 καὶ
2281 5312 2375 5366 τοῦ
2437 5311 2541 5379 Ὣρ
2601 5304 3073 5375 ὺποστηριζόντων
3150 5302 3300 5355 ἔνθεν
3350 5300 3449 5362 τὰς
3509 5302 3705 5369 χεῖρας

2132 5405 2293 5463 αὐτοῦ
2323 5422 2339 5471 ;

525 5623 571 5653 "
597 5618 775 5673 Iudic.
809 5635 861 5677 ν,
886 5618 975 5669 2i.
1054 5616 1097 5647 ⁸⁹
1145 5614 1284 5670 Psal.
1324 5630 1459 5677 xvii,
1492 5609 1579 5669 36,
1612 5592 1701 5661 65'.
1776 5570 1985 5677 5°‘Luc.

2140 5597 2225 5677 ις’-
2296 5592 2612 5677 31.139925:
2644 5589 2759 5677 ’ίίῖἐ
2783 5585 3215 5677 .,.ἔ¹,ῗ⁴ξ·¹·,ο,,ἶίζ“.¹Ξν
3486 5578 3683 5677 31“"-

528 5651 533 5653 ‘
597 5651 775 5673 σιιυιιο
815 5651 861 5677 v.
892 5651 975 5669 av.
1145 5651 1284 5670 ιοιιι.
1330 5651 1459 5677 av",
1492 5651 1579 5669 υν,
1623 5651 1701 5661 -ν-
1860 5651 1983 5656 -ν--ν

469 5706 535 5755 ιι,
575 5688 660 5744 ‘28.
742 5688 786 5720 ’³
811 5686 945 5743 Gen.
983 5685 1146 5751 ηεξ).
1226 5686 1265 5716 ’³
1295 5684 1429 5739 Gen.
1472 5697 1545 5745 ix,
1572 5678 1662 5732 ‘22.
1753 5676 1796 5707 ’⁵
1828 5673 1985 5729 Joau.

2103 5686 2139 5733 ι,
2170 5670 2218 5722 1.
2296 5665 2342 5699 ’⁸
2373 5664 2503 5720 ibid.
2538 5663 2624 5716 58.
2700 5660 2743 5689 ³⁷
2781 5656 2950 5710 Exod.
2993 5657 3224 5719 .\vn,ll.
3276 5655 3318 5685 ’³
3347 5652 3476 5705 ibid.
3513 5651 3599 5703 1:1.
