4024 6218
293 317 391 384 121

822 430 945 485 ΠΖ¹.
971 462 1040 470 -
1072 429 1155 494 Τῷ
1180 431 1359 497 αὐτῷ.

378 523 693 593 Έπωφελὲς
741 523 806 576 ἂν
839 524 924 593 εἴη
968 522 1045 587 ὠς
1084 523 1178 575 ἐπὶ
1211 523 1273 576 τὸ
1322 522 1572 576 πλεῖστον
1606 522 1668 575 τὸ
1716 538 1880 575 σταυ-

299 616 522 690 ροειδῶς
549 613 843 684 εὖχεσθαν
879 613 1020 667 οὕτω
1057 613 1166 685 γὰρ
1196 613 1567 685 εὐλογούμεθα
1602 613 1751 684 παρὰ
1785 610 1878 665 τοῦ

298 706 455 773 Θεοῦ,
492 709 591 760 καὶ
620 706 815 769 ἄλλους
849 704 1013 758 πάλιν
1051 707 1212 776 ἡμεῖς
1247 704 1596 775 εὐλογοῦμεν.
1627 703 1736 757 Καὶ
1770 703 1881 774 γὰρ

300 799 635 862 δοεσπέσιος
662 798 865 867 Μωσῆς
908 795 1005 867 τὴν
1038 796 1243 867 σκηνὴν
1279 794 1629 864 ὲγκαινίζων,
1670 796 1765 848 καὶ
1796 798 1881 848 ὲν-

300 888 561 958 θρονίζων
609 888 762 956 ἱερέα
813 887 904 939 τὸν
956 888 1154 939 οἰκεῖον
1203 886 1471 955 ἀδελφὸν,
1520 884 1883 957 σταυροειδῶς

302 983 399 1043 τὰς
455 982 647 1049 χεῖρας
699 981 780 1042 εἰς
828 977 1059 1049 οὐρανὸν
1110 980 1388 1041 ἐκτείναις,
1441 978 1745 1048 ηὐλόγησεν
1790 976 1882 1028 τὸν

303 1071 449 1124 λαόν.
480 1071 629 1140 Πλὴν
662 1070 845 1140 μέντοι
874 1068 1165 1123 καὶταῦτα
1193 1069 1495 1141 εἰρηκότες,
1531 1069 1631 1140 τὴν
1682 1067 1882 1139 εὐσεϐῆ

299 1163 396 1215 καὶ
442 1162 697 1231 εὐπρεπῆ
765 1160 1114 1229 γονυκλισξαν
1172 1158 1424 1230 οὐδαμῶς
1490 1159 1881 1230 ἀναιρήσομεν.

300 1254 411 1307 Καὶ
436 1252 546 1322 γὰρ
572 1252 771 1321 Δανιὴλ
794 1254 822 1304 6
847 1252 1134 1322 προφήτης
1154 1251 1342 1323 τρίτην
1367 1250 1411 1304 ῶ
1421 1268 1543 1321 ραν,
1570 1250 1663 1302 καὶ
1693 1248 1881 1320 ἕκτην,

300 1344 394 1395 καὶ
420 1344 649 1413 ὲννὰτην
678 1343 946 1413 κάμπτων
976 1344 1070 1396 ἐπὶ
1097 1342 1196 1405 τῖπς
1230 1344 1333 1411 γῆς
1378 1343 1447 1395 τὰ
1479 1343 1704 1410 γόνατα,
1739 1357 1883 1412 παρ-

302 1434 494 1489 εκάλει
525 1437 620 1488 τὸν
648 1434 803 1488 Θεόν.

820 1524 952 1579 IIH'.
978 1555 1046 1565 —
1084 1525 1168 1589 Τῷ
1196 1524 1374 1590 αὐτῷ.

384 1617 579 1687 Δανιὴλ
618 1617 719 1686 μὲν
748 1618 823 1680 ὡς
852 1619 1071 1687 οἰκέτης
1105 1619 1326 1689 γνήσιος
1365 1618 1452 1671 διὰ
1485 1619 1790 1691 προσευχῆς
1816 1618 1883 1671 τὰ

308 1709 424 1760 τῶν
450 1708 671 1760 λεόντων
705 1708 763 1761 ιν
792 1708 871 1778 τῷ
901 1709 1090 1779 λάκκῳ
1140 1710 1404 1779 ἐνέφραξε
1454 1712 1717 1780 στόματα.
1748 1710 1883 1780 Χρι-

312 1801 437 1863 στὸς
456 1800 509 1853 δὲ
533 1800 763 1853 ὀτούτου
788 1801 1064 1870 Δεσπότης
1097 1802 1203 1872 ἰδία
1231 1802 1465 1873 ἐξουσίᾳ,
1489 1803 1597 1855 τῶν
1617 1800 1883 1872 πυλωρῶν
1917 1780 1956 1832 Β

308 1888 401 1944 τοῦ
434 1889 557 1960 ᾅδου
592 1891 689 1967 καὶ
727 1890 837 1942 τῶν
896 1889 1134 1959 ἀμειδῶν
1175 1892 1425 1960 φρουρῶν
1452 1894 1547 1959 τῆς
1585 1892 1762 1943 ἐκεῖσε
1795 1890 1885 1954 ζο-

308 1982 628 2051 φερωτάτης
652 1981 877 2052 εἱρκτῆς
904 1982 1031 2046 τοὺς
1061 1983 1347 2053 φάρυγγας
1366 1983 1625 2035 ἔκλεισεν.
1644 1983 1751 2034 Καὶ
1776 1981 1886 2053 γὰρ

307 2074 497 2143 εἴρητο
533 2075 887 2144 προφητικῶς
926 2075 983 2127 ὲν
1027 2078 1093 2145 τῇ
1139 2074 1306 2146 βίϐλῳ
1348 2076 1441 2128 τοῦ
1483 2075 1631 2128 Ἰώϐο
1665 2093 1682 2125 ι
1722 2074 1889 2127 Ἀνοί-

309 2166 499 2234 γονταί
555 2184 637 2219 σοι
669 2168 819 2238 φόϐῳ
851 2167 1018 2221 πύλαι
1051 2168 1303 2233 θανάτου,
1364 2170 1606 2242 πυλωροὶ
1662 2171 1718 2225 δὲ
1759 2172 1886 2243 ᾅδου

306 2259 511 2321 ἰδόντες
548 2276 607 2310 σε
658 2258 919 2329 ἔπτηξαν.
966 2279 984 2311 ι
1029 2260 1239 2323 Ζῶντες
1284 2260 1532 2329 λέγονται
1581 2264 1628 2315 οἱ
1668 2262 1889 2315 πιστεύ-

302 2365 502 2411 σιντες
539 2347 616 2418 τῷ
654 2347 886 2418 Χριστῷ,
920 2348 1105 2418 νεκροὶ
1140 2349 1197 2401 δὲ
1242 2350 1355 2402 ὅσοι
1406 2350 1481 2418 μὴ
1528 2352 1883 2404 ἐπίστευσαν

300 2436 503 2506 διόπερ
549 2437 888 2506 γέγραπται·
928 2438 1079 2489 (Καὶ
1125 2436 1326 2507 ἐστάθη
1378 2437 1588 2509 ’Λαρὼν
1625 2443 1653 2493 6
1712 2442 1888 2510 ἱερεὺς

303 2530 577 2599 ἀνάμεσον
610 2528 714 2582 τῶν
735 2529 952 2593 ζώντων
974 2532 1066 2583 καὶ
1090 2529 1197 2582 τῶν
1219 2531 1615 2584 ἀποθανόντων.
1647 2552 1665 2583 ι
1700 2535 1888 2588 Μετα-

304 2624 371 2687 ξὺ
404 2621 514 2691 γάρ
584 2622 733 2674 ἐστιν
775 2624 804 2675 6
847 2622 1127 2691 Δεσπότης
1160 2622 1417 2693 Χριστὸς,
1452 2622 1561 2676 τῶν
1603 2640 1663 2676 τε
1707 2641 1889 2695 παρα-

304 2712 616 2781 δεξαμένων
642 2714 829 2779 αὑτδν,
869 2716 964 2769 καὶ
1014 2714 1121 2769 τῶν
1173 2716 1249 2785 μὴ
1296 2715 1664 2787 βουληθέντων
1707 2736 1890 2789 παρα-

304 2805 583 2872 δέξασθαι.
614 2806 726 2859 Καὶ
766 2810 1032 2878 μαρτυρεῖ
1076 2808 1341 2879 Ἰωάννης
1377 2810 1405 2862 6
1451 2809 1760 2879 Βαπτιστὴς
1805 2811 1892 2863 λέ-

266 2912 275 2919 ’
309 2917 421 2965 γων
448 2899 525 2970 τῷ
551 2898 664 2970 λαῷ
714 2898 807 2951 ἐπὶ
854 2899 947 2953 τοῦ
987 2900 1249 2972 Ἰορδάνου
1273 2941 1287 2967 ,
1317 2902 1399 2955 ὅτι
1454 2918 1474 2953 ι
1510 2901 1692 2965 Μέσος
1736 2901 1892 2974 ὑμῶν

308 2992 563 3054 ἔστηκεν,
590 2992 760 3063 ὅνπερ
792 2991 948 3061 ὑμεῖς
978 2992 1241 3061 ἀγνοεῖτε.
1294 3014 1311 3046 ι

815 3084 943 3139 118'.
976 3115 1046 3125 ——
1094 3085 1177 3152 Τῷ
1218 3086 1398 3152 αὐτῷ.

385 3176 659 3247 Βλαϐερὸν
699 3177 841 3247 ἄγαν
886 3177 949 3230 τὸ
993 3179 1153 3246 λόγον
1213 3178 1381 3248 ἀργόν
1426 3195 1484 3230 τε
1528 3179 1623 3231 καὶ
1668 3179 1895 3248 ἁκερδῆ,

310 3267 409 3319 καὶ
441 3267 516 3338 μὴ
547 3267 988 3339 συμϐαλλόμενον
1012 3272 1078 3338 τῇ
1108 3272 1455 3339 πνευματικῇ
1489 3268 1740 3339 οἰκοδομῇ
1765 3286 1899 3341 προ-

310 3357 503 3425 φέρειν
532 3359 597 3411 ἐκ
651 3358 937 3429 στόματος,
981 3358 1182 3429 ὁμοίως
1221 3359 1316 3412 καὶ
1365 3358 1426 3411 τὸ
1476 3360 1699 3429 τρέφειν
1731 3362 1789 3413 ὲν
1829 3362 1895 3430 τῇ

309 3444 514 3516 καρδίᾳ
546 3446 675 3507 τοὺς
710 3445 863 3514 ὄφεις
911 3448 1007 3501 καὶ
1056 3448 1189 3509 τοὺς
1248 3448 1545 3518 σκορπίους
1576 3448 1685 3501 τῶν
1730 3466 1893 3519 πονηο

318 3534 431 3603 ρῶν
457 3533 754 3604 λογισμῶν.

626 3634 629 3635 ⁷
849 3631 918 3693 ιη’.
947 3658 1016 3668 --
1061 3625 1144 3691 Τῷ
1185 3626 1365 3691 αὐτῷ.

384 3717 580 3781 Ποθείς
625 3718 827 3786 γνῶναι
877 3718 976 3781 τὰς
1008 3718 1116 3771 τῶν
1161 3717 1575 3788 πατριαρχικῶν
1617 3718 1897 3789 ὀνομάτων

313 3810 629 3879 ἑρμηνείας.
670 3812 779 3863 Καὶ
822 3811 885 3880 δὴ
918 3810 1056 3875 λέξω
1090 3827 1171 3863 σοι
1193 3810 1414 3874 ταύτας.
1452 3811 1678 3883 Ῥουϐὴν
1721 3814 1896 3882 ἑρμη-

312 3899 554 3963 νεύεται,
604 3899 762 3968 ὀρῶν
808 3903 969 3965 υἱός·
1029 3901 1253 3972 Συμεὼν
1301 3901 1379 3965 δὲ,
1417 3903 1654 3968 ὑπακοὴ
1706 3902 1891 3956 Θεοῦ’

315 3992 471 4058 Λευῒ,
521 3992 859 4060 κολλητὸς,
912 3994 1160 4047 τουτέστι
1214 3994 1335 4063 Θεῷ
1385 3992 1893 4063 προσκολλώμενος,

315 4084 413 4137 καὶ
442 4082 865 4155 προσχρωτὶζων
887 4100 899 4112 ·
935 4083 1160 4146 Ἰούδας,
1207 4084 1647 4153 ἐξομολόγησις
1673 4101 1686 4114 ·
1725 4084 1897 4136 Ίσσά-

320 4192 453 4245 χαρ,
483 4175 695 4241 μισθὸς
716 4175 903 4243 ἁγίων
923 4192 935 4205 ο
966 4174 1275 4241 Ζαϐουλὼν,
1314 4168 1501 4243 ῥύσις
1543 4178 1858 4244 νυκτερίας
1878 4194 1893 4210 .

337 4266 554 4335 Ἰωσὴφ,
578 4269 791 4335 Kvplov
812 4267 1129 4336 προσθήκη
1155 4284 1167 4297 ·
1199 4269 1480 4338 Βενιαμὶν,
1511 4271 1641 4335 υἱὸς
1664 4268 1892 4333 δεξιᾶς·

319 4359 450 4423 Adv,
478 4360 690 4428 κρίσις-ο
722 4358 1034 4429 Νεφθαλὶμ,
1067 4360 1384 4429 ἀνειμένον
1419 4361 1731 4430 στέλεχος,
1776 4362 1895 4431 ἦτοι

1516 319 2052 381 EPISTOLARUM
2096 323 2241 384 LIB.
2284 323 2331 384 Ι.
3455 321 3557 383 1‘22

2428 433 2560 488 LXX
2576 433 2733 489 XVII.
2773 465 2840 475 ——
2882 433 3088 489 Eidem.

2051 525 2511 582 Percontmodum
2544 526 2711 581 fuerit
2734 537 2790 581 ιιι
2831 528 3126 596 plurimum
3160 527 3342 579 crucis
3375 527 3558 596 ﬁgurat

1980 631 2083 672 nos
2111 617 2221 688 39
2263 619 2519 672 manibus
2559 617 2993 681 conlormantes,
3034 632 3221 686 preces
3256 610 3553 673 elltmdere.

1982 707 2076 764 Sic
2106 710 2254 763 enim
2281 708 2423 763 Deus
2452 709 2611 763 nobis
2640 708 2938 773 benedicit,
2969 725 3272 779 rursusque
3303 726 3405 764 nos
3436 710 3557 765 aliis

1981 801 2363 856 bcnedicimus
2392 801 2457 853 ”.
2492 800 2722 855 Divinus
2748 801 2951 855 etenim
2980 799 3197 871 Moyses
3230 803 3560 856 tabernacu-

1981 891 2092 943 lum
2129 903 2488 954 consecrans,
2515 897 2569 943 et
2614 890 2838 943 fratrem
2880 904 3040 943 suum
3072 890 3124 941 in
3163 889 3341 943 sedem
3376 906 3555 945 sacer-

1981 980 2168 1034 dotum
2225 981 2525 1043 collocans,
2576 979 2644 1033 ad
2700 979 2922 1032 modum
2977 980 3159 1033 crucis
3202 981 3458 1034 manibus
3501 982 3558 1033 in

1982 1074 2181 1128 coelum
2228 1074 2491 1144 expansis
2540 1072 2821 1128 benedixit
2862 1072 3063 1142 populo
3098 1074 3135 1124 ‘.
3186 1070 3249 1124 Et
3289 1073 3411 1125 licet
3446 1073 3561 1126 haec

1982 1165 2252 1231 dicamus,
2303 1180 2577 1235 nusquam
2634 1173 2816 1218 tamen
2866 1164 3010 1233 piam
3077 1172 3130 1218 et
3171 1164 3425 1219 decoram
3468 1178 3562 1233 ge-

1984 1274 2155 1312 nuum
2193 1256 2483 1311 ﬂexionem
2521 1256 2590 1310 de
2623 1257 2807 1310 medio
2854 1255 3118 1310 tollimus.
3163 1255 3430 1324 Propheta
3482 1253 3564 1307 si-

1983 1349 2203 1419 quidem
2241 1349 2427 1402 Daniel
2480 1348 2614 1403 hora
2662 1349 2841 1412 tertia,
2899 1355 3051 1401 sexta
3112 1356 3167 1400 et
3217 1363 3361 1400 nona
3399 1360 3566 1416 super

1985 1449 2190 1495 terram
2228 1454 2403 1508 genua
2432 1438 2677 1500 ﬂectens,
2710 1437 2879 1490 Deum
2917 1439 3179 1489 exorabat
3211 1439 3254 1489 ’.

2424 1527 2756 1582 LXXXVIII.
2793 1557 2862 1567 --
2905 1526 3108 1581 Eidem.

2057 1622 2249 1678 Daniel
2302 1622 2525 1691 quidem
2584 1619 2660 1673 uti
2710 1635 2903 1674 servus
2954 1634 3252 1701 germanus
3300 1617 3355 1669 in
3411 1617 3564 1670 fovea

1985 1716 2237 1769 oratione
2291 1714 2509 1767 leonum
2560 1725 2657 1765 ora
2715 1710 2997 1763 obturavit
3045 1708 3085 1761 ³.
3136 1706 3392 1762 Christus
3438 1721 3568 1758 vero

1989 1807 2136 1860 illius
2163 1804 2425 1860 Dominus
2452 1801 2673 1873 propria
2700 1802 3029 1854 auctoritate
3050 1798 3349 1867 ianitorum
3381 1794 3567 1857 inferi,

1989 1909 2042 1952 et
2074 1895 2566 1953 tenebricosissimi
2604 1894 2803 1949 ibidem
2838 1890 3080 1945 carceris
3111 1887 3403 1942 custodum
3439 1902 3568 1940 cru-

1990 1989 2190 2044 delium
2220 1988 2410 2043 fauces
2438 1986 2672 2041 occlusit
2706 2003 2719 2040 :
2753 1984 2899 2053 quod
2936 1980 3406 2051 praevaticinatum
3450 1977 3569 2031 fuc-

1991 2090 2076 2135 rat
2108 2082 2160 2134 in
2196 2081 2337 2135 Iibro
2364 2078 2468 2133 Job
2506 2098 2518 2132 :
2568 2097 2586 2130 ι
2631 2076 2961 2147 Aperiantur
3014 2072 3112 2125 tihi
3162 2072 3359 2123 timore
3402 2078 3569 2136 porta.-

1992 2172 2187 2226 mortis
2224 2189 2236 2224 :
2267 2170 2543 2240 janitores
2579 2183 2709 2223 vero
2742 2168 3044 2222 inferorum
3074 2167 3323 2221 videntes
3356 2172 3407 2222 te
3438 2180 3569 2217 cou-

1991 2270 2336 2318 tremuerunt
2390 2263 2431 2316 ⁸.
2497 2282 2515 2315 ι
2568 2262 2672 2328 Qui
2729 2261 2954 2315 Christo
3013 2260 3408 2322 crediderunt,
3457 2257 3568 2311 vivi

1991 2360 2422 2422 nuncupantur;
2457 2351 2681 2413 mortui,
2716 2352 2807 2419 qui
2844 2366 2951 2404 non
2976 2351 3332 2405 crediderunt
3360 2368 3372 2403 :
3398 2363 3570 2417 quare

1992 2444 2259 2509 scriptum
2298 2450 2418 2495 est:
2458 2458 2475 2489 ι
2518 2439 2581 2492 Ει
2610 2440 2761 2494 stetit
2790 2440 2973 2493 Aaron
3005 2438 3266 2493 sacerdos
3302 2440 3355 2492 in
3389 2437 3570 2490 medio

1991 2532 2236 2585 vivorum
2315 2537 2369 2584 et
2425 2529 2813 2584 defunctorum
2871 2529 2914 2581 ⁸.
2986 2548 3004 2581 ι
3068 2527 3279 2583 Medius
3365 2529 3566 2581 etenim

1990 2624 2245 2679 Christus
2290 2620 2551 2676 Dominus
2594 2631 2679 2676 est
2727 2621 2868 2674 inter
2895 2634 3013 2683 eos,
3055 2619 3149 2689 qui
3179 2635 3301 2672 eum
3334 2632 3571 2686 excepe-

1994 2719 2141 2775 ruut,
2170 2721 2227 2766 et
2250 2727 2367 2776 eos,
2396 2713 2487 2781 qui
2515 2711 2806 2764 noluerunt
2836 2726 2959 2764 eum
2986 2710 3263 2778 excipere.
3300 2707 3573 2761 Testimo-

1993 2805 2199 2872 nioque
2240 2818 2343 2857 suo
2385 2803 2437 2857 id
2471 2802 2666 2873 probat
2698 2801 2943 2857 Joannes
2996 2799 3239 2870 Baptista
3287 2800 3573 2869 alloquens

1994 2898 2255 2967 pnpulmu
2320 2896 2373 2949 in
2434 2894 2678 2949 Jordane
2736 2911 2747 2947 :
2807 2911 2826 2944 ε
2882 2892 3096 2949 Medius
3147 2902 3390 2948 vestrum
3440 2900 3573 2956 stat,

1994 3003 2158 3058 quem
2182 3001 2277 3041 vos
2306 2985 2574 3058 ignoratis
2602 2985 2643 3039 ⁸.
2689 3002 2708 3036 ι

2491 3075 2781 3132 LXXXIX.
2820 3106 2890 3118 -—
2928 3074 3133 3129 Eidem.

2069 3170 2243 3237 Quam
2276 3170 2817 3242 perniciosissimum
2863 3177 2969 3231 est,
3002 3181 3311 3222 sermonem
3353 3179 3573 3228 vanum,

2000 3273 2056 3320 et
2092 3264 2368 3326 inutilem,
2398 3272 2453 3317 et
2485 3261 2722 3331 Spiritali
2769 3258 3002 3315 azdilicio
3032 3259 3143 3331 40
3190 3259 3412 3313 minime
3448 3274 3572 3312 con-

2001 3358 2296 3411 ducentem
2352 3371 2417 3410 ex
2473 3369 2570 3410 ore
2618 3353 2867 3423 proferre
2921 3370 2935 3406 :
2991 3351 3250 3407 similiter
3298 3351 3349 3404 in
3409 3349 3577 3404 corde

1999 3448 2213 3502 nutrire
2261 3453 2570 3518 serpentes,
2608 3450 2662 3499 et
2693 3442 3020 3513 scorpiones
3056 3440 3325 3495 malarum
3368 3440 3572 3512 cogita-

2000 3538 2233 3592 tionum.
2846 3554 2851 3555 ’

2556 3626 2667 3683 XC.
2708 3654 2781 3669 -
2817 3624 3026 3679 Eidem.

2069 3720 2239 3790 Cupis
2277 3720 2717 3790 patriarcharum
2760 3719 3041 3774 nominum
3082 3716 3574 3786 interpretationes

1998 3812 2284 3867 addiscere
2318 3812 2360 3864 ⁷.
2409 3810 2613 3864 Morem
2662 3811 2760 3865 tibi
2799 3824 3006 3879 geram.
3058 3808 3249 3862 Ruben
3294 3806 3567 3866 redditur,

2008 3902 2197 3955 I’idens
2225 3901 2411 3969 ﬁlius;
2445 3900 2688 3959 Simeon,
2741 3898 3049 3953 Obedientia
3092 3899 3217 3959 Dei;
3253 3895 3401 3959 Levi,
3440 3911 3571 3948 con-

1996 3992 2312 4063 glulitmltts,
2358 3989 2467 4045 Deo
2493 4005 2687 4058 nempe
2718 3989 2988 4049 adnexus,
3035 3996 3089 4042 et
3126 3986 3343 4054 corpori
3389 3986 3569 4039 conti-

1998 4099 2170 4153 guus;
2216 4081 2412 4143 ludas,
2448 4079 2770 4148 Confessio;
2804 4079 3079 4139 Issachar,
3118 4076 3320 4131 Merces
3363 4088 3573 4130 sancto-

1999 4193 2153 4241 rum;
2189 4174 2461 4236 Zabulon,
2496 4172 2770 4226 Nocturna
2804 4172 3082 4234 liberalia;
3109 4169 3336 4238 Juseph,
3366 4168 3575 4243 Domini

1996 4267 2449 4329 additamentum;
2501 4264 2820 4333 Beniamin,
2877 4261 3058 4317 Filius
3108 4262 3368 4324 dextcrw;
3421 4260 3575 4324 Dan,

1996 4358 2308 4415 Iudicium:
2358 4354 2741 4425 Nephthalim,
2813 4353 3086 4408 Demissus
3143 4364 3389 4418 truncus,
3450 4352 3567 4407 sive

310 4448 627 4519 προσευχή
650 4465 664 4478 ⁸
696 4448 823 4514 Γὰδ,
876 4450 1316 4515 εὐεπίτευκτος,
1358 4450 1526 4520 ἤγουν
1559 4449 1891 4519 τυγχάνων·

2000 4448 2231 4511 Oratio;
2271 4445 2409 4511 Gad,
2453 4446 2535 4499 Ad
2583 4445 2899 4515 loquendum
2942 4445 3144 4514 facilis,
3190 4460 3285 4499 seu
3338 4444 3406 4497 ad
3449 4460 3573 4496 cou-

322 4541 518 4612 ‘Asﬁp,
558 4540 846 4605 πλοῦτος,
874 4542 906 4609 ἦ
934 4543 1331 4611 μακαρισμός.

812 4631 929 4696 ὶιΑ’.
964 4661 1034 4670 --
1085 4631 1172 4697 Τῷ
1210 4632 1391 4698 αὐτῷ.

393 4721 726 4789 Ἐναλλάξας
752 4722 852 4785 τὰς
890 4725 1075 4793 χεῖρας
1113 4725 1141 4775 6
1184 4722 1335 4790 ἅγιος
1372 4723 1586 4790 Ἰακὼϐ,
1617 4725 1742 4787 τοὺς
1769 4727 1898 4796 περὶ

308 4815 421 4868 τῶν
468 4814 713 4886 Ἐφραὶμ
774 4815 870 4867 καὶ
914 4816 1006 4867 τὸν
1057 4816 1360 4885 Μανασσὴν
1420 4815 1743 4887 ηὐλόγησεν.
1787 4819 1896 4870 Καὶ

313 4906 485 4976 βλέπε
516 4906 576 4958 τὸ
605 4905 947 4977 θαυμαστόν’
973 4908 1041 4977 τῇ
1078 4905 1188 4975 γὰρ
1236 4908 1504 4979 ἐναλλαγῇ
1544 4909 1653 4961 τῶν
1696 4908 1896 4979 χειρῶν

308 4996 640 5061 ὲκτυπὼσας
668 4998 760 5049 τὸν
809 4997 1045 5068 σταυρὸν
1089 4998 1184 5051 τοῦ
1228 4999 1459 5068 Κυρίου,
1505 5001 1745 5070 παρέσχε
1784 5004 1897 5064 τοῖς

307 5090 560 5157 ἐγγόνοις
590 5089 685 5150 τὰς
712 5088 863 5152 θείας
888 5088 1159 5157 εὐλογίας,
1192 5090 1285 5143 καὶ
1320 5090 1501 5160 τίθησι
1544 5090 1636 5144 τὸν
1683 5092 1896 5162 πρῶτον

308 5180 573 5251 δεύτερον
624 5181 718 5233 καὶ
749 5181 841 5233 τὸν
878 5180 1131 5250 δεύτερον
1161 5181 1400 5251 πρῶτον.

812 5270 926 5336 118'.
970 5302 1039 5310 —-—
1092 5271 1176 5337 Τῷ
1213 5270 1392 5335 αὐτῷ.

396 5361 458 5415 Ὀ
486 5360 721 5432 σταυρὸς
771 5360 1010 5430 Χριστοῦ
1057 5361 1152 5414 τοῦ
1200 5361 1713 5431 φιλανθρωποτάτου
1767 5364 1894 5427 τοὺς

309 5449 565 5519 πρώτους
616 5450 901 5518 δευτέρους
946 5450 1195 5517 ἀπέδειξε
1225 5450 1312 5503 διὰ
1364 5450 1461 5521 τὴν
1516 5450 1664 5519 σφῶν
1708 5451 1897 5516 ἀλαζο-

382 5653 431 5684 ”
466 5655 633 5708 Exod.
672 5671 861 5715 xum,
894 5656 982 5707 45.
1064 5657 1075 5683 ¹
1117 5654 1287 5707 Lavit.
1349 5671 1418 5709 ix.
1456 5654 1546 5708 2'3.

1651 5657 1669 5688 ³
1705 5653 1837 5708 Dan.
1874 5668 1951 5721 νι,
2009 5656 2089 5711 l3.

1995 4541 2373 4603 suescendum;
2403 4538 2587 4601 Asser,
2618 4538 2853 4601 Divitiaz,
2881 4538 2997 4592 sive
3021 4537 3327 4591 Beatitudo.

2543 4630 2681 4685 XCI.
2722 4660 2792 4669 —
2832 4628 3042 4684 Eidem.

2066 4725 2430 4781 Commutatis
2482 4724 2740 4777 manibus
2794 4731 3021 4777 sanctus
3072 4719 3242 4773 Jacob
3301 4718 3427 4777 illis,
3480 4717 3572 4784 qui

1997 4818 2143 4874 circa
2177 4816 2434 4887 Ephraim
2476 4825 2656 4880 erant,
2692 4821 2745 4867 et
2773 4812 3079 4865 Manassem
3120 4806 3398 4862 benedixit
3428 4804 3472 4859 '.
3512 4804 3571 4857 Et

1995 4918 2125 4964 nota
2169 4909 2409 4974 mirum;
2461 4909 2589 4963 dum
2640 4905 2788 4961 enim
2842 4918 2905 4959 ea
2956 4916 3215 4955 manuum
3278 4904 3587 4950 commuta-

1997 5003 2171 5065 tione,
2198 5017 2365 5056 cruce
2397 5000 2612 5054 Domini
2649 5000 2903 5069 ligurata,
2936 4995 3053 5051 suis
3077 4992 3315 5063 pOsteris
3358 4990 3571 5044 divinas

2000 5091 2419 5147 benedictiones
2476 5089 2781 5159 elargitur,
2843 5085 2894 5139 id
2954 5089 3177 5154 praestat
3242 5090 3295 5138 ι.)
3364 5079 3571 5152 primus

1998 5182 2295 5246 secundus,
2351 5188 2406 5237 et
2440 5182 2721 5237 secundus
2747 5178 2959 5249 primus
2988 5174 3099 5227 liat.

2521 5267 2681 5322 XCII.
2731 5291 2805 5305 —
2844 5263 3052 5317 Eidem.

2072 5359 2218 5414 Crux
2247 5358 2454 5414 Christi
2481 5356 2874 5412 humanissimi
2896 5354 3102 5426 primos
3132 5361 3351 5421 propter
3383 5363 3572 5407 eorum

2005 5453 2323 5523 superbiam
2370 5460 2424 5505 ct
2472 5449 2843 5521 arrogantiam
2896 5445 3168 5504 secundos
3195 5445 3395 5500 clleeit.
3436 5445 3577 5501 [line

2198 5653 2218 5685 ³
2255 5653 2389 5707 Dan.
2451 5670 2563 5718 xw,
2630 5655 2649 5708 I
2713 5668 2865 5723 seqq.
2985 5650 3152 5707 "Jub.
3210 5663 3433 5716 XXXVI”,
3483 5644 3569 5703 I7.

312 5719 518 5779 ‘Num.
560 5725 788 5789 “1,43.
870 5727 887 5755 °
917 5723 1073 5779 luan.
1106 5740 1143 5790 ι,
1174 5727 1261 5781 2‘5.
1341 5728 1356 5756 ⁷
1383 5725 1516 5779 Cm.
1554 5726 1758 5792 “41,5
1833 5719 1990 5796 seqq.
2072 5725 2242 5781 8Gen.
2280 5741 2462 5790 smn,
2498 5725 2558 5781 ιι
2605 5740 2760 5794 seqq.
