3970 6220
404 263 510 333 123

1868 267 1928 326 S.
1964 266 2123 326 NILI

3571 267 3671 335 iii

400 384 478 435 ait
519 381 815 451 Apostolus
853 378 1078 440 Judazis,
1128 396 1144 427 ι
1198 375 1364 432 Vobis
1412 378 1700 448 oportebat
1747 380 1983 449 primum

2113 380 2236 432 νείαν
2283 380 2376 432 καί
2423 378 2857 450 ὑπερηφάνειαν.
2913 378 3021 434 Καί
3068 397 3233 451 φησιν
3279 385 3306 436 ὁ
3349 384 3670 451 ’Δπόστολος

399 474 549 545 loqui
587 472 809 527 verbum
860 471 974 534 Dei,
1020 469 1113 539 qui
1149 486 1212 524 ex
1274 470 1484 525 semine
1520 470 1751 543 Ahralue
1798 472 1932 527 eStis
1966 491 1980 528 :

402 565 496 619 sed
540 565 796 633 quoniam
853 560 1039 614 divina
1078 561 1294 631 eloquia
1341 562 1590 631 rejicitis,
1635 572 1687 618 et
1728 564 1984 634 indignos

401 671 500 708 vos
528 654 735 706 fecist‘s
763 661 969 705 aeterna
999 653 1125 715 vita,
1158 668 1285 707 ecce
1314 653 1367 707 in
1418 663 1698 724 posterum
1732 655 1835 728 41
1875 673 1985 710 ser-

401 762 615 799 monem
668 744 1040 800 convertimus
1086 746 1151 799 ad
1196 756 1385 817 gentes
1416 749 1470 814 ’;
1519 770 1536 800 σ
1578 760 1635 802 ιιι
1686 750 1981 821 impleatur

397 835 544 904 quod
594 836 801 889 dictum
861 849 942 891 est
999 853 1027 889 a
1081 839 1243 893 Patre
1300 839 1440 895 Filio
1498 843 1550 897 in
1614 843 1755 895 libro
1806 842 1979 907 Isaiae,

402 945 423 975 ς
461 923 622 979 Posui
673 935 725 981 te
763 930 819 980 in
880 927 1053 980 lucem
1103 928 1368 997 gentium,
1422 938 1479 983 ιιι
1528 931 1603 984 sis
1651 929 1704 984 in
1750 929 1979 986 salutem

322 1018 328 1047 λ
398 1033 575 1089 usque
608 1017 673 1071 ad
702 1030 1006 1074 extremum
1044 1028 1203 1074 terra:
1233 1022 1295 1076 ‘°.
1338 1041 1355 1072 ι

924 1287 1106 1344 XCIII.
1138 1320 1201 1330 —
1236 1288 1445 1346 Eidem.

470 1378 771 1434 Considera
800 1379 930 1433 mibi
962 1396 1024 1434 ex
1048 1379 1311 1446 Ile-bracis,
1335 1384 1427 1452 qui
1452 1383 1826 1447 crediderunt,
1847 1401 1981 1455 quo-

401 1466 564 1521 modo
597 1468 659 1521 ad
687 1470 1125 1539 praedicationem
1152 1473 1527 1540 apostolorum
1553 1475 1840 1540 accedant,
1868 1486 1981 1528 tum

402 1561 753 1629 postmodum
820 1562 1136 1631 intelliges,
1199 1567 1477 1634 quomodo
1540 1568 1700 1637 primi
1754 1571 1983 1624 secundi

403 1654 833 1719 constituantur,
888 1665 945 1709 ut
1001 1657 1295 1727 irnpieatnr
1327 1660 1551 1713 verbum
1607 1660 1833 1731 Moysis,
1888 1662 1982 1730 qui

2092 472 2203 532 τοῖς
2243 470 2540 537 Ἰουδαίοις,
2572 472 2651 522 ὅτι
2691 492 2707 522 ι
2756 472 2915 541 Ὑμῖν
2956 472 3201 543 ὑπῆρχεν
3245 475 3545 543 ἀναγκαῖον
3577 497 3670 548 χο-

2094 564 2334 636 ρηγῆσαι
2361 566 2452 616 τὸν
2487 565 2665 632 λόγον,
2700 569 2810 627 τοῖς
2850 569 2911 620 ἐκ
2950 568 3262 637 σπέρματος
3305 570 3399 622 τοῦ
3429 572 3670 640 μεγάλου

2105 657 2385 727 Ἀϐραάμ·
2425 657 2612 726 ἐπειδὴ
2644 656 2697 709 δὲ
2729 658 3139 728 ἀποστρέφεσθε
3166 660 3262 730 τὴν
3290 661 3436 713 θείαν
3464 663 3667 732 ἀκρόαο

2092 769 2198 812 σιν.
2248 751 2339 803 xui.
2376 749 2626 813 ἀναξίους
2662 751 2999 819 πεποιήκατε
3053 752 3279 814 ἑαυτοὺς
3318 754 3414 822 τῆς
3452 752 3670 806 αίωνίου

2092 842 2260 906 ζωῆς,
2321 842 2427 895 ίδοὺ
2468 841 2652 894 λοιπὸν
2693 843 2772 903 είς
2821 841 2888 893 τὰ
2922 842 3048 910 ἔθνη
3089 843 3180 894 τὸν
3222 843 3377 910 λόγον
3428 846 3666 897 ἑκτείνου

2096 950 2194 1002 μεν
2268 952 2285 984 ι
2319 933 2405 985 ἵνα
2452 932 2714 1003 πληρωθῇ
2768 932 2827 984 τὸ
2874 932 3062 1001 λεχθὲν
3100 933 3252 1001 παρὰ
3302 934 3396 986 τοῦ
3450 935 3665 1004 Πατρός

2092 1020 2168 1091 τῷ
2215 1021 2329 1091 Υίῷ
2361 1022 2417 1074 ὲν
2451 1023 2518 1090 τῇ
2560 1020 2725 1088 βίϐλῳ
2764 1019 2985 1072 Ἡσαΐου
3007 1034 3017 1044 ·
3054 1038 3070 1069 ι
3104 1020 3325 1089 Τέθηκά
3355 1036 3414 1073 σε
3443 1024 3522 1084 είς
3552 1023 3667 1090 φῶς

2092 1112 2261 1166 ἐθνῶν
2294 1112 2388 1166 τοῦ
2438 1107 2576 1165 εἷναί
2609 1128 2668 1164 σε
2718 1113 2796 1173 είς
2847 1111 3118 1182 σωτηρίαν
3160 1111 3261 1175 ἕως
3297 1112 3524 1181 ἐσχάτου
3568 1113 3668 1182 τῆς

2093 1205 2218 1274 γῆς-
2255 1223 2272 1254 ι

2621 1297 2731 1362 ψ.
2760 1328 2826 1335 --
2854 1294 2935 1360 Τῷ
2968 1292 3128 1359 αὑτῷ

2163 1388 2334 1441 Βλέπε
2368 1404 2459 1457 μοι
2485 1389 2609 1450 τοὺς
2658 1388 2715 1452 ἐξ
2748 1386 3108 1455 Ἐβραίων(1)
3136 1386 3509 1450 πιστεύοντας,
3556 1386 3677 1450 πῶς

2091 1479 2484 1552 προσέρχονται
2535 1478 2613 1547 τῷ
2667 1477 2981 1548 κηρύγματι
3038 1476 3145 1529 τῶν
3189 1477 3523 1540 ἀποστόλων,
3580 1478 3675 1530 xui.

2090 1575 2324 1641 νοήσεις,
2355 1570 2469 1633 πῶς
2506 1572 2555 1622 οἱ
2600 1571 2806 1639 πρῶτοι
2834 1571 3074 1638 δεύτεροι
3107 1569 3549 1633 ἀποδείκνυνται,
3585 1570 3675 1623 ἶνα

2091 1660 2352 1728 πληρωθῇ
2383 1661 2411 1710 ό
2461 1658 2614 1725 λόγος
2651 1657 2742 1709 τοῦ
2798 1657 3038 1719 Μωσέως
3071 1658 3544 1728 προφητεύσαντος
3565 1662 3677 1722 τοῖς

406 1747 641 1813 posteris
676 1746 950 1801 Abraham
994 1749 1437 1817 prmvatieinatus
1485 1751 1705 1805 dixerat
1744 1774 1757 1807 :
1811 1772 1829 1804 ι
1869 1754 1984 1808 Erit

2113 1752 2377 1820 ιπογόνοις
2409 1749 2499 1803 τοῦ
2550 1750 2822 1819 Ἀβραὰμ,
2862 1749 2953 1802 καὶ
2987 1749 3261 1817 λέγοντος,
3304 1750 3385 1802 ὅτι
3427 1770 3444 1801 ι
3479 1751 3677 1802 Ἔσται

408 1838 740 1906 proselytus,
772 1840 861 1908 qui
893 1849 975 1894 est
1010 1841 1062 1892 in
1118 1848 1207 1902 te.
1263 1858 1461 1912 supra,
1508 1860 1707 1914 supra;
1758 1853 1815 1901 ιιι
1858 1864 1986 1902 vero

406 1927 567 1993 infra,
600 1929 778 1995 infra;
813 1932 899 1985 ille
924 1931 1303 1987 dominabitur
1326 1937 1426 1997 tui,
1456 1944 1512 1989 tu
1539 1952 1665 1989 vero
1683 1938 1985 1992 dominium

405 2015 640 2079 subibis,
670 2017 757 2070 ille
783 2018 873 2072 ﬁet
904 2020 956 2070 in
982 2028 1164 2088 caput.
1197 2031 1251 2074 tn
1285 2022 1335 2075 in
1367 2023 1600 2076 caudam
1635 2027 1703 2077 ”.
1741 2045 1757 2076 ι
1793 2025 1988 2081 Prose-

405 2104 576 2175 lylum
628 2116 808 2163 antem
864 2112 1098 2181 appellat
1158 2114 1439 2183 populum,
1482 2115 1573 2184 qui
1618 2131 1681 2170 ex
1734 2118 1988 2187 gentibus

406 2196 626 2251 Christo
656 2200 908 2256 credidit.

944 2294 1124 2349 XCIV.
1158 2326 1225 2336 —-
1258 2295 1465 2353 Eidem.

478 2382 695 2438 Levitas
726 2387 921 2442 scribis
946 2389 1075 2442 mihi
1102 2390 1404 2446 monachos
1425 2407 1549 2446 esse
1577 2393 1898 2462 contiguos,
1933 2403 1989 2448 et

408 2468 517 2522 Deo
549 2474 983 2540 conglutinatus,
1016 2486 1068 2531 ct
1102 2477 1216 2532 lucc
1262 2481 1534 2542 sentiens,
1588 2481 1826 2537 maximo
1864 2484 1989 2537 usui

405 2562 503 2616 tibi
539 2564 731 2620 lueris.

708 2654 865 2711 XCV.
899 2687 966 2702 -—
1016 2659 1314 2716 BABYLAE
1358 2663 1679 2720 DIACONO.

479 2744 627 2799 Bona
655 2748 873 2815 quidem
910 2752 1143 2805 verbosa
1182 2755 1431 2809 oratione
1467 2757 1737 2825 loqueris.
1764 2766 1818 2811 et
1849 2758 1991 2812 mala

406 2838 491 2893 vel
545 2840 779 2895 maxime
816 2845 1050 2914 peragis,
1103 2848 1286 2915 specie.
1336 2848 1633 2918 siquidem,
1681 2859 1736 2906 et
1804 2852 1992 2906 multi-

408 2932 606 3000 iloquio
643 2933 959 3003 probitatis,
992 2946 1046 2991 et
1069 2953 1284 2993 morum
1316 2940 1626 2997 honestatis
1670 2942 1838 3007 leves,
1874 2945 1992 2999 ine-

2088 1846 2116 1897 ὁ
2144 1844 2479 1915 προσήλυτος
2507 1845 2534 1896 ὁ
2563 1844 2619 1895 ἐν
2646 1844 2749 1907 σοι,
2781 1841 2892 1895 ἅνω
2919 1843 3031 1896 ἄνω
3052 1859 3063 1871 ·
3093 1845 3156 1896 σὺ
3184 1842 3265 1908 δὲ,
3299 1843 3451 1896 κάτω
3484 1842 3635 1896 κάτω
3661 1858 3675 1871 ⁸

2090 1939 2295 2000 ἐκεῖνος
2338 1936 2492 2005 ἄρξει
2541 1952 2657 1999 σου,
2696 1936 2760 1988 σὺ
2786 1935 2842 1987 δὲ
2889 1934 3140 2006 άρχθήσῃ
3167 1950 3179 1963 °
3212 1937 3417 1998 ἐκεῖνος
3447 1937 3677 2004 γενήσε-

2090 2044 2178 2079 ται
2226 2028 2305 2087 εἰς
2354 2025 2617 2095 κεφαλὴν,
2652 2026 2715 2077 σὺ
2759 2026 2814 2077 δὲ
2844 2027 2921 2086 εἰς
2947 2027 3135 2095 οὐράν.
3174 2045 3193 2077 ι
3244 2027 3593 2096 Προσήλυτον
3619 2025 3679 2078 δέ

2091 2136 2224 2188 φησι
2264 2120 2354 2171 τὸν
2393 2118 2451 2183 ἐξ
2479 2118 2647 2171 ὲθνῶν
2680 2118 2755 2189 τῷ
2785 2117 3003 2188 Χριστῷ
3038 2119 3440 2172 πεπιστευκότα
3468 2118 3614 2173 λαόν.

2621 2303 2695 2365 ιφ
2719 2340 2731 2352 .
2753 2326 2827 2341 —
2849 2297 2931 2363 Τῷ
2960 2297 3141 2363 αὐτῷ.

2164 2393 2395 2456 Δευῖτας
2412 2392 2641 2464 γράφεις
2670 2392 3034 2462 μοιὺπάρχειν
3047 2392 3173 2454 τοὺς
3204 2392 3489 2462 μοκδαχοὺς,
3515 2409 3681 2463 προσ-

2092 2487 2456 2558 χρωτίζοντας
2504 2487 2598 2538 καὶ
2635 2485 3005 2555 κολλωμένους
3051 2484 3189 2554 Θεῷ,
3237 2484 3331 2538 καὶ
3380 2483 3531 2537 ταῦτ’
3589 2486 3678 2537 ἐν·

2096 2576 2229 2629 νοῶν
2261 2576 2600 2648 κεκέρδακας
2633 2576 2887 2645 μέγιστα.

2427 2667 2544 2733 te.
2577 2697 2644 2707 -
2668 2666 2940 2738 manu;
2971 2667 3293 2737 AIAKONQ.

2164 2757 2321 2811 Καλὰ
2349 2758 2446 2828 μὲν
2470 2757 2610 2810 πάνυ
2638 2757 2839 2819 λαλεῖς,
2872 2756 3016 2810 κακά
3046 2756 3101 2809 δὲ
3132 2755 3253 2809 λίαν
3282 2757 3542 2827 πράττεις
3570 2776 3581 2787 °
3617 2761 3679 2813 ιν

2095 2851 2203 2921 γὰρ
2249 2848 2313 2919 δὴ
2359 2850 2599 2918 σχήμασι
2630 2849 2723 2900 καὶ
2755 2849 2961 2919 ῥήμασι
3002 2847 3100 2916 τῆς
3144 2846 3548 2913 καλοκαγαθίας
3581 2846 3669 2912 ἐξ·

2096 2938 2319 2993 απατῶν
2368 2941 2493 3001 τοὺς
2540 2937 2797 3007 κούφους,
2852 2938 2944 2990 xui
2996 2936 3254 3007 κρύπτων
3307 2938 3406 3007 τὴν
3480 2938 3679 2992 σαυτοῦ

404 3034 643 3094 ptosque
682 3025 967 3091 deludens.
1000 3038 1052 3083 et
1092 3037 1239 3083 tuam
1274 3038 1461 3102 tegens
1504 3034 1932 3103 improbitatem,
1963 3050 1993 3088 a

2113 3033 2413 3102 ςκαιότητα,
2450 3031 2755 3102 κατάφορος
2775 3032 3002 3102 εὑρίσκῃ
3034 3036 3145 3092 τοῖς
3167 3030 3546 3099 εὑφρονοῦσιν,
3576 3031 3677 3083 οὑκ

401 3129 560 3167 sana:
591 3118 793 3170 mentis
828 3118 1147 3175 hominibus
1184 3119 1342 3174 facile
1373 3135 1438 3175 ac
1473 3121 1770 3178 manifesto
1793 3124 1992 3197 depre—

408 3204 694 3272 henderis,
730 3224 837 3263 non
872 3225 935 3265 ex
969 3210 1037 3266 iis
1066 3226 1186 3280 qum
1217 3210 1378 3277 dicis,
1420 3222 1471 3269 et
1511 3215 1763 3284 simulas,
1802 3215 1898 3273 sed
1928 3222 1992 3274 ex

408 3297 480 3352 iis
508 3313 627 3368 qua:
658 3302 927 3369 Operaris.

773 3394 879 3466 42
918 3394 1104 3451 XCVI.
1145 3430 1214 3439 -—
1248 3396 1640 3453 SOTERlONl.

491 3500 510 3535 ι
554 3481 674 3539 Non
710 3486 952 3552 timebis,
1020 3488 1219 3558 inquit.
1256 3505 1284 3542 a
1328 3490 1526 3543 timore
1570 3496 1843 3543 nocturno
1870 3492 1932 3555 ¹²,
1975 3510 1993 3543 ι

416 3575 660 3632 humano
692 3594 909 3649 nempe,
950 3588 1005 3635 et
1051 3580 1430 3648 demoniaco;
1485 3598 1723 3652 nanque
1778 3583 2001 3639 divinus

417 3669 586 3723 timor
618 3685 716 3725 cor
741 3672 1037 3731 consolans
1078 3674 1339 3741 diurnus,
1368 3683 1421 3729 et
1461 3675 1680 3731 lucidus
1714 3690 1999 3743 nuncupa-

420 3767 530 3813 tur.

943 3853 1150 3909 XCVII.
1174 3886 1227 3895 -—
1278 3856 1484 3911 Eidem.

497 3959 514 3990 ι
562 3939 841 4011 Sapientia
864 3945 918 3997 in
946 3946 1184 4000 exitihus
1216 3945 1554 4002 laudatur”.
1580 3966 1598 3999 ι
1634 3950 1702 4001 At
1733 3964 2003 4019 quosnam

420 4032 513 4087 hic
544 4036 724 4091 exitus
757 4038 1014 4091 Salomon
1043 4040 1366 4108 nuncupat?
1399 4038 1505 4093 Eos
1550 4055 1769 4109 neunpe,
1808 4042 1900 4111 qni
1938 4058 2004 4095 ex

421 4140 519 4180 ore
548 4136 819 4181 rectorum
858 4124 1114 4183 Ecclesiae
1146 4130 1437 4184 doctorum
1474 4142 1755 4186 emanant.

671 4216 901 4271 XtiVlll.
940 4252 1007 4259 —
1054 4220 1351 4276 SiLVANO
1404 4222 1763 4277 EPISCUPO.

498 4304 644 4359 Elias
678 4305 968 4363 Thesbites
994 4325 1117 4363 cum
1168 4311 1272 4364 sub
1323 4312 1507 4380 planta
1552 4314 2005 4379 obdormivisset,

2099 3126 2159 3191 ἐξ
2209 3121 2283 3180 ῶν
2332 3125 2511 3195 λέγεις
2548 3127 2641 3179 καὶ
2687 3124 2916 3198 πλάττῃ,
2953 3126 3067 3179 ἀλλ’
3106 3127 3166 3191 ἐξ
3213 3120 3288 3182 ὧν
3324 3126 3552 3198 ἐργάζῃ,
3585 3128 3683 3197 ῥα-

2098 3217 2225 3281 δίως
2256 3217 2786 3289 καταλαμϐανόντων
2824 3235 2903 3271 σε.

2562 3398 2772 3462 υπα-
2804 3396 3191 3451 mmmam.

2178 3502 2196 3534 ι
2242 3485 2317 3537 Οὑ
2350 3484 2657 3556 φοϐηθήσῃ,
2710 3487 2896 3554 φησίν,
2933 3486 3043 3540 άπὸ
3083 3486 3252 3555 φόϐου
3279 3485 3617 3555 νυκτερινοῦ.
3660 3501 3681 3535 ι

2101 3576 2346 3628 τουτέστι
2398 3576 2492 3628 τοῦ
2537 3575 2879 3646 ἀνθρωπίνου
2948 3578 3044 3629 καὶ
3102 3575 3195 3629 τοῦ
3250 3575 3641 3642 δαιμονιώδους
3671 3592 3686 3605 ⁸

2101 3666 2130 3717 ὁ
2152 3664 2259 3736 γὰρ
2290 3664 2353 3734 δὴ
2384 3664 2522 3729 θεῖος
2554 3665 2716 3734 φόϐος
2747 3666 3053 3736 εὐφραίνων
3086 3668 3182 3736 τὴν
3211 3665 3464 3736 καρδίαν,
3497 3666 3693 3735 ἡμερι-

2105 3757 2193 3819 νὸς
2224 3757 2316 3810 καὶ
2344 3757 2602 3825 φωτεινὸς
2634 3757 2904 3831 καλεῖται,

2617 3850 2817 3915 ι,Ζ’.-
2850 3848 2932 3913 Τῷ
2984 3847 3163 3913 αὐτῷ.

2184 3961 2201 3993 ι
2249 3942 2420 4009 Σοφία
2470 3942 2527 3994 ἐν
2578 3940 2779 4004 ἐξόδοις
2850 3942 3121 4010 ὑμνεῖται.
3180 3961 3197 3993 ι
3257 3940 3445 4004 Ποίαις
3491 3939 3693 4003 ἐξόδοις

2108 4030 2217 4106 ἆρά
2249 4052 2379 4103 φησι
2411 4033 2691 4103 Σολομῶν;
2724 4029 2799 4086 Ἦ
2843 4033 3022 4103 δῆλον,
3074 4034 3154 4085 ὅτι
3185 4035 3301 4094 ταῖς
3337 4033 3425 4085 διὰ
3452 4032 3543 4085 τοῦ
3571 4032 3694 4085 στό-

2112 4146 2278 4198 ματος
2330 4128 2438 4180 τῶν
2489 4125 2666 4197 ὀρθῶν
2700 4124 3036 4177 διδασκάλων
3069 4123 3170 4191 τῆς
3226 4123 3575 4191 Ἐκκλησίας.

2428 4217 2550 4283 ῌΡ.
2576 4246 2644 4256 -
2667 4215 2964 4285 ΣῘΛΒΛΝῼ
3000 4214 3374 4283 ΕΠΙΣΚΟΠῼ.

2191 4308 2377 4371 Ἠλίας
2426 4309 2453 4360 ὁ
2496 4307 2759 4377 Θεσϐίτης
2812 4305 2915 4358 ὑπὸ
2967 4305 3130 4374 φυτὸν
3188 4304 3547 4373 καθευδήσας,
3594 4305 3688 4356 καὶ

426 4402 801 4462 experrectus,
828 4396 892 4448 ad
918 4407 1083 4466 caput
1108 4399 1281 4467 ipsius
1309 4415 1503 4469 panem
1542 4402 1993 4469 subcinericinm,

2113 4400 2351 4473 ἐγερθεὶς
2411 4399 2512 4469 ὁρᾷ
2555 4399 2692 4469 πρὸς
2734 4397 2977 4466 κεφαλῆς
3023 4395 3186 4449 αὑτοῦ
3235 4396 3540 4466 ἐγκρυφίαν
3599 4396 3693 4450 καὶ

426 4490 482 4536 et
520 4498 614 4537 vas
649 4499 803 4554 aqum
833 4489 1123 4556 conspexit
1152 4489 1214 4543 “.
1255 4489 1390 4555 Quis
1438 4491 1605 4560 igitur
1636 4493 1759 4548 talis
1788 4504 1891 4562 est,
1945 4505 2002 4550 nt

432 4575 674 4631 inveniat
717 4594 907 4647 panem
961 4582 1393 4638 subcinericium
1423 4587 1590 4655 capiti
1622 4603 1785 4657 quam
1821 4591 2006 4660 proxi—

432 4684 606 4731 mum,
652 4670 705 4723 in
738 4686 849 4740 quo
880 4675 1061 4743 capite
1100 4676 1312 4741 insunt,
1347 4688 1405 4731 ut
1437 4679 1604 4732 tradit
1652 4677 1911 4735 Salomon
1941 4684 2005 4750 ιδ,

431 4759 575 4813 oeuli
616 4760 883 4830 sapientis
941 4765 1374 4833 intellectuales;
1430 4769 1512 4822 vel
1561 4785 1591 4822 a
1631 4772 1715 4839 pia
1757 4773 2007 4841 pustula-

435 4852 617 4916 tione,
662 4860 716 4905 et
767 4854 1006 4925 legitima
1062 4857 1349 4927 petitione,
1395 4860 1743 4928 spiritualem
1806 4877 2003 4932 panem

436 4941 673 4994 animam
696 4944 1085 5009 enutrientetn,
1109 4953 1162 4999 et
1201 4962 1399 5016 aquam
1437 4947 1722 5002 salientem
1758 4947 1812 5002 in
1847 4949 2011 5005 vitam

435 5035 727 5087 aeternam?

945 5126 1133 5184 XCIX.
1166 5161 1234 5173 —-
1275 5128 1481 5183 Eidem.

509 5208 611 5277 Qui
648 5214 861 5272 animas
910 5236 1039 5277 suas
1071 5235 1309 5291 purgare
1341 5227 1621 5291 satagunt,
1656 5236 1763 5273 non
1791 5229 2007 5274 tantum

440 5318 601 5372 pane,
627 5315 680 5359 et
711 5322 849 5376 aqua
883 5310 1239 5367 intellcetnali
1282 5314 1526 5378 alllnant,
1565 5311 1661 5367 sed
1688 5328 1887 5369 carnes
1909 5316 2012 5369 sibi

525 5456 685 5516 Ἀρι.
721 5477 842 5528 xm,
879 5464 958 5522 ιϐ,

447 5530 488 5567 ⁸⁸
524 5530 703 5587 Ecele.
730 5548 789 5595 ιι.
838 5534 926 5588 ﬂ.

1063 5470 1106 5501 ¹⁰
1132 5473 1239 5527 lsa.
1267 5487 1413 5533 xux,
1439 5467 1486 5522 6.
1526 5473 1566 5502 ¹¹
1603 5468 1757 5525 Deut.
1793 5488 1980 5535 xxvnt,
2005 5471 2093 5525 45.
2123 5472 2162 5500 ¹¹
2188 5471 2331 5527 Psal.
2359 5488 2442 5535 xc,
2472 5473 2504 5527 5

2105 4490 2402 4561 καμψάκην
2460 4488 2671 4551 ὓδατος.
2699 4488 2793 4552 Τίς
2824 4488 3001 4539 τοίνυν
3048 4485 3387 4555 τηλικοῦτος,
3436 4484 3577 4537 ὥστε
3605 4485 3694 4536 εὑ-

2110 4586 2222 4653 ρείν
2253 4580 2579 4651 ἐγκρυφίαν,
2642 4580 2779 4648 πρὸς
2829 4578 3071 4647 κεφαλῆς
3128 4578 3400 4647 κείμενον,
3433 4579 3491 4630 ὲν
3602 4593 3692 4629 κε-

2108 4671 2247 4741 φαλῇ
2293 4671 2559 4742 ὑπάρχειν
2601 4669 2747 4737 λέγει
2796 4666 3048 4738 Σολομὼν
3078 4670 3201 4730 τοὺς
3235 4666 3545 4737 ὀφθαλμοὺς
3595 4667 3691 4720 τοῦ

2111 4762 2275 4832 coeo?)
2311 4764 2435 4826 τοὺς
2464 4760 2685 4831 νοητοὺς
2716 4777 2729 4791 ·
2780 4759 2812 4829 ἢ
2862 4760 2971 4813 ἀπὸ
3003 4758 3257 4821 εὑσεϐοὖς
3288 4759 3572 4830 ζητήσεως
3599 4758 3694 4812 καὶ

2110 4855 2378 4924 αἰτήσεως
2420 4852 2666 4923 γνησίας,
2703 4850 2792 4903 τὸν
2830 4850 3199 4920 πνευματικόν
3248 4851 3411 4920 ἄρτον
3439 4851 3531 4903 τὸν
3572 4851 3696 4921 τρέ-

2111 4964 2279 5014 φοντα
2324 4944 2422 5014 τὴν
2465 4942 2641 5014 ψυχὴν
2683 4942 2774 4995 καὶ
2806 4940 2867 4995 τδ
2909 4942 3051 5012 ὕδωρ
3080 4941 3373 5010 άλλόμενον
3434 4943 3516 5006 είς
3547 4941 3695 5011 ζωὴν

2110 5038 2324 5094 αἰώνιον
2346 5054 2360 5104 ;

2621 5126 2740 5195 '16'.
2767 5159 2839 5170 ——
2864 5126 2948 5193 Τῷ
2976 5125 3156 5191 αὐτῷ.

2188 5222 2249 5272 Οί
2276 5220 2372 5283 τὰς
2415 5219 2592 5290 ψυχὰς
2635 5220 2840 5275 ἑαυτῶν
2894 5219 3132 5287 άγνίζειν
3181 5214 3594 5279 σπουδάζοντες,
3630 5213 3689 5265 οὑ

2125 5314 2283 5384 μόνον
2326 5311 2490 5384 ἄρτου
2517 5312 2611 5365 καὶ
2649 5311 2837 5373 ὓδατος
2885 5309 3074 5379 νοητοῦ
3111 5308 3532 5377 εὑπορὴσουσιν;
3555 5304 3691 5359 ἀλλά

2606 5470 2648 5501 ¹³
2688 5466 2913 5530 Prov.r,
2942 5464 3035 5519 20,
3115 5464 3157 5495 ¹⁸
3184 5462 3248 5517 111
3310 5462 3443 5533 Reg.
3491 5477 3603 5526 xix,
3629 5457 3683 5513 6.

514 5691 593 5760 (ι)
625 5687 751 5763 Legi
786 5689 982 5747 debere
1015 5690 1136 5755 τοὺς
1179 5691 1238 5757 ἐξ
1268 5691 1434 5751 ἐθνῶν
1466 5703 1581 5751 tum
1611 5708 1807 5753 sensus
1838 5694 1993 5752 indic;

2113 5710 2183 5751 nu
2217 5694 2363 5767 quod
2400 5693 2628 5753 inferius
2660 5694 2926 5766 sequitur,
2963 5693 3069 5748 τῶν
3095 5690 3152 5758 ἐξ
3188 5691 3382 5753 ἐθνῶν,
3423 5690 3582 5748 Εοιτ.
