4024 6218
323 317 426 383 125

1141 393 1168 408 ἢ

1539 267 2080 386 CPISTOLARUM
2109 321 2248 388 LlB’
2291 331 2339 392 Ι.

3490 341 3588 404 1Ξῦ

316 436 429 505 γὰρ
471 433 568 486 καὶ
609 432 786 502 κρεῶν
836 432 1211 498 ἐπιτεύξονται
1244 451 1256 464 ο
1289 431 1493 488 τέλειον
1535 435 1643 506 γὰρ
1691 437 1900 506 ὲστινὴ

2008 444 2169 498 etiam
2199 446 2495 499 habebunt.
2521 446 2737 500 Solidus
2768 464 3004 520 namque
3031 451 3207 515 cibus,
3244 463 3302 508 ιιι
3337 455 3410 508 ait
3440 456 3589 526 Apo-

319 524 526 598 στερεὰ
569 522 769 593 τροφὴ.
801 521 878 585 ὥς
926 540 1090 593 φησιν
1135 521 1164 575 ὁ
1227 519 1548 588 Ἀπόστολος
1576 543 1590 557 ο
1637 525 1730 577 καὶ
1773 543 1908 596 προ-

315 619 597 686 αναφωνεῖ
611 616 852 685 Μωῦσῆς
875 613 950 685 τῷ
966 615 1078 684 λαῷ
1117 614 1306 682 λέγων·
1339 635 1357 668 ι
1380 613 1695 684 Ἀγνίσασθε
1709 617 1787 680 είς
1808 617 1908 684 τὴν

317 712 534 783 αὔριον,
567 710 664 762 καὶ
681 708 918 777 φάγεσθε
942 709 1075 777 κρέα
1097 725 1144 760 ο»
1181 708 1318 779 κρέα
1351 709 1548 778 νοήσας
1576 708 1636 761 τό
1662 725 1718 762 τε
1768 706 1908 758 θεῖον

319 803 507 871 σῶμα,
546 800 735 870 ὥσπερ
761 795 854 852 οὖν
908 797 1178 853 ἐσθίουσιν
1223 801 1274 853 οί
1316 800 1496 852 πιστοὶ
1528 800 1620 852 ἐπί
1659 799 1756 869 τῆς
1811 799 1906 850 ὲκ-

317 893 570 966 κλησίας,
617 893 709 944 καλ⁸
737 893 836 962 τὴν
868 889 1069 961 γνῶσιν
1102 892 1447 962 Χριστιανῶν
1491 892 1590 962 τὴν
1631 907 1908 961 μακαριω-

319 989 508 1057 τάτην,
561 987 657 1039 καὶ
686 984 874 1038 πασῶν
907 984 1216 1054 ὑπερτέραν
1245 983 1355 1037 τῶν
1408 982 1685 1052 γνὼσεων.

833 1061 924 1131 Ρ’.“
944 1110 1007 1117 -
1048 1076 1132 1141 τῷ
1190 1076 1371 1142 αὐτῷ.

390 1168 464 1224 Εὖ
525 1171 620 1224 καὶ
649 1170 808 1223 τοῦτο
843 1171 1008 1239 φάναι
1052 1169 1144 1222 τὸν
1169 1170 1346 1238 μέγαν
1381 1169 1620 1222 Μωῦσέα
1646 1185 1658 1198 ·
1704 1188 1722 1220 ι
1771 1169 1907 1237 Οὐχὶ

317 1269 588 1336 σήμερον,
616 1261 930 1334 ἁλλάῦριον
951 1259 1226 1332 βρώσεσθε
1266 1262 1406 1328 κρέα
1435 1278 1448 1292 ο
1483 1281 1501 1312 ι
1523 1263 1614 1315 ἵνα
1639 1261 1790 1330 δείξῃ
1815 1261 1906 1312 τὴν

317 1358 512 1428 χρόνον
542 1356 636 1409 τὸν
683 1354 822 1424 μετὰ
841 1353 940 1423 τὴν
987 1352 1279 1423 ἐπιδημίαν
1325 1350 1564 1424 Χριστοῦ
1609 1351 1703 1405 τοῦ
1747 1350 1905 1416 Θεοῦ,

316 1450 420 1503 καὶ
467 1448 739 1500 Δεσπὸτου
784 1446 894 1499 τῶν
937 1445 1094 1499 ὅλων.
1134 1446 1350 1498 Ἐκεῖνα
1384 1445 1484 1515 μὲν
1530 1445 1639 1515 γὰρ
1667 1444 1735 1497 τὰ
1769 1443 1906 1515 κρέα

316 1541 424 1607 τῆς
479 1539 912 1610 ὀρτυγομήτρας,
960 1539 1039 1600 εἰς
1082 1536 1270 1608 ὀργὴν,
1322 1539 1416 1591 καὶ
1474 1539 1760 1608 στρόφους,
1815 1537 1906 1588 καὶ

321 1633 554 1703 φθορὰν,
619 1633 712 1684 καὶ
779 1629 1010 1700 χολέραν
1072 1633 1185 1693 τοῖς
1263 1629 1535 1698 Ἑϐραίοις
1598 1629 1756 1701 ἐξέϐη
1787 1647 1799 1658 ·
1839 1629 1905 1681 τὰ

323 1725 374 1778 δ’
406 1724 641 1793 ἡμέτερα
677 1723 1114 1792 παμμακάριστα
1141 1722 1279 1792 κρέα
1310 1722 1496 1790 ῥῶσιν,
1536 1722 1630 1774 καὶ
1654 1721 1903 1791 δύναμιν,

322 1816 420 1866 καὶ
447 1811 656 1876 αὐξίαν,
689 1803 956 1882 εὐθυμίαν
989 1829 1048 1863 τε
1077 1812 1169 1866 καὶ
1201 1811 1345 1882 ζωὴν
1375 1810 1591 1866 αἰώνιον
1622 1813 1906 1882 χαρίζεται
1941 1779 1980 1831 Β

319 1906 457 1956 πᾶσι
473 1905 586 1964 τοῖς
611 1903 998 1967 καταξιωθείσι
1033 1903 1470 1973 μεταλαμϐάνειν
1489 1903 1690 1957 αὐτῶν.

821 1994 942 2045 PA'.
961 2023 1033 2032 -
1055 1991 1138 2058 Τῷ
1151 1993 1332 2058 αὐτῷ.

393 2084 457 2136 Τί
489 2083 812 2154 θαυμάζεις,
855 2087 902 2138 εί
945 2085 1121 2156 κρεῶν
1159 2087 1518 2154 τυγχάνουσιν
1561 2085 1770 2154 ἀϊδίων,
1815 2090 1910 2142 καὶ

321 2176 591 2245 μηδαμῶς
623 2177 998 2248 φθειρομένων
1028 2179 1076 2231 οί
1111 2177 1203 2230 τοῦ
1239 2179 1476 2248 Χριστοῦ
1496 2181 1702 2234 οἰκέται
1733 2182 1907 2233 εὐνοϊ-

317 2271 432 2332 κοὶ,
467 2267 776 2336 ἁγνίζοντες
804 2271 1030 2342 ἑαυτοὺς
1083 2270 1159 2341 τῷ
1186 2269 1335 2340 φόϐῳ
1372 2269 1528 2335 Θεοῦ,
1565 2273 1660 2326 καὶ
1701 2275 1766 2344 τῇ
1822 2273 1909 2326 πί-

324 2379 473 2424 στει,
503 2363 598 2414 καὶ
634 2365 742 2425 τοῖς
790 2361 1177 2431 κατορθώμασι
1206 2379 1221 2427 ;
1265 2362 1378 2416 Καὶ
1402 2363 1548 2416 οἴνου
1597 2364 1708 2435 γὰρ
1741 2366 1906 2418 εὐπο-

316 2457 552 2526 ρήσουσι
605 2453 770 2518 θείου,
832 2454 1086 2524 καθάπερ
1138 2455 1166 2505 ὁ
1247 2453 1457 2517 δίκαιος
1498 2455 1621 2508 Νῶε
1661 2455 1908 2526 γεωργδς

317 2547 534 2613 γέγονε,
587 2546 682 2598 καὶ
744 2545 1131 2614 ἐφιλοκάλησε,
1167 2545 1444 2615 φυτεύσας
1497 2546 1594 2616 τὴν
1642 2546 1903 2615 ἄμπελον.

329 2637 706 2708 ’Υπεμβάντες
747 2638 854 2708 γὰρ
905 2637 996 2689 τὸν
1057 2636 1442 2708 κατακλυσμὸν
1479 2637 1582 2710 ςτῆς
1621 2637 1904 2700 ἀπιστίας,

316 2728 614 2782 πεπὼκασι
674 2728 767 2782 τὸν
817 2712 1074 2798 νηφάλιον
1125 2725 1308 2791 οἶνον,
1359 2714 1453 2781 καὶ
1501 2727 1904 2798 ἐμεθύσθησαν,

320 2819 507 2884 καθὼς
532 2822 560 2872 ὁ
594 2819 761 2874 Δαυῖδ
795 2819 942 2888 λέγει
972 2839 986 2852 ·
1022 2840 1040 2874 ι
1077 2820 1150 2876 Τὸ
1194 2821 1453 2891 ποτήριον
1490 2820 1586 2873 τοῦ
1637 2819 1772 2873 Θεοῦ
1806 2838 1906 2890 με-

319 2909 514 2962 θύσκει
547 2925 615 2978 με
645 2910 911 2975 κράτιστα
930 2925 944 2938 ·
982 2930 1000 2960 ι
1022 2910 1114 2964 καὶ
1139 2909 1501 2980 μεθυσθέντες
1516 2907 1906 2978 γεγύμνωνται

316 3001 744 3072 ἀνεπαίσχυντον
782 3003 1061 3071 γύμνωσιν
1086 3019 1098 3030 ·
1122 3002 1284 3055 καλὸν
1309 3004 1419 3074 γὰρ
1436 2999 1774 3072 γυμνοῦσθαι
1795 3001 1899 3070 τῆς

314 3091 586 3164 πονηρίας
621 3092 716 3146 καὶ
741 3092 840 3161 τῆς
877 3091 1154 3163 ἀνοησίας.

846 3185 967 3239 PD'.
993 3214 1060 3223 —
1083 3184 1166 3250 Τῷ
1187 3183 1369 3249 αὐτῷ.

396 3293 414 3326 ι
437 3275 498 3328 '0
519 3273 671 3338 Θεὸς,
705 3269 734 3328 ὁ
765 3273 901 3337 Θεός
938 3291 1060 3342 μου,
1089 3275 1323 3346 πρόσχες
1353 3291 1442 3344 μοι
1471 3292 1486 3306 ·
1517 3275 1604 3327 ἵνα
1627 3275 1681 3327 τί
1703 3277 1904 3343 ἐγκατ-

309 3365 505 3428 έλιπές
543 3382 612 3435 με
647 3382 662 3430 ;
706 3382 723 3415 ι
773 3366 836 3418 ἐκ
863 3361 1154 3435 προσώπου
1197 3363 1290 3418 τοῦ
1327 3367 1382 3418 ἐν
1418 3365 1496 3436 τῷ
1522 3365 1752 3440 εἰκοστῷ
1809 3368 1905 3420 καὶ

310 3454 523 3526 πρώτῳ
571 3456 785 3526 εἴρηται
837 3453 1075 3525 ψαλμῷ·
1108 3455 1221 3508 ἀλλ’
1269 3455 1369 3508 οὐκ
1420 3455 1580 3520 αὐτὸς
1609 3455 1905 3525 ἐγκαταλέ-

313 3547 564 3606 λειπται,
600 3547 763 3618 ἢὺπὸ
795 3545 890 3600 τοῦ
938 3547 1169 3617 Πατρδς,
1203 3547 1235 3618 ἧ
1271 3546 1374 3600 ὑπὸ
1405 3546 1505 3616 τῆς
1551 3545 1745 3602 ἑαυτοῦ
1787 3548 1905 3600 θεό-

311 3638 596 3707 τητος,ὠς
628 3633 774 3691 δοκεῖ
801 3640 1119 3709 Ἀρειανοῖς,
1153 3637 1374 3701 καὶτοῖς
1397 3639 1772 3716 Εὑνομιανοῖς,
1804 3639 1905 3692 ῶσ·

314 3745 426 3797 περ
481 3727 838 3800 φοβουμένοις
877 3730 936 3782 τὺ
965 3730 1159 3794 πάθος,
1219 3731 1310 3783 καὶ
1343 3730 1431 3784 διὰ
1473 3731 1632 3785 τοῦτο
1681 3732 1900 3785 συστελς

313 3819 566 3889 λομένοις
611 3821 719 3874 ἀπὸ
772 3820 867 3873 τοῦ
915 3822 1237 3892 πάσχοντος.
1282 3822 1379 3886 Τίς
1410 3817 1520 3893 γὰρ
1549 3823 1640 3874 τὸν
1675 3823 1902 3894 Σωτῆρα

314 3911 352 3981 ἢ
387 3911 712 3982 γεννηθῆναι
759 3911 910 3967 κάτω
955 3915 1052 3986 τὴν
1103 3915 1299 3984 ἀρχὴν.
1349 3915 1380 3985 ἢ
1424 3915 1517 3967 ἐπὶ
1538 3915 1629 3967 τὸν
1665 3913 1902 3983 σταυρὸν

316 4002 566 4056 ἀνελθεῖν
596 4003 1049 4075 κατηνάγκασεν;
1089 4005 1162 4057 Οὐ
1202 4005 1313 4075 γὰρ
1341 4005 1550 4068 ἀκοντὶ,
1588 4003 1704 4057 ἀλλ’
1749 4004 1902 4082 ἐμου-

320 4094 454 4157 σίως
495 4095 586 4146 ἐπὶ
635 4095 724 4148 τὸν
759 4097 992 4167 σταυρὸν
1023 4091 1153 4165 ἦλθε
1193 4098 1290 4149 σὺν
1320 4095 1488 4168 πολλῇ
1505 4095 1842 4166 ἀγαλλιάσει
1879 4113 1890 4125 ·

322 4183 438 4252 πρὸ
483 4185 591 4254 γὰρ
639 4184 850 4238 πολλῶν
899 4184 1124 4255 ἡμερῶν
1171 4169 1284 4248 τοῖς
1345 4187 1615 4256 μαθηταῖς
1667 4185 1850 4256 ἔλεγεν
1885 4202 1896 4212 ·

332 4288 352 4320 ι
380 4270 512 4323 Ἰδοὺ
543 4273 896 4344 ἀναϐαίνομεν
923 4275 1004 4337 είς
1050 4257 1419 4346 ’ίερεσόλυμα,
1450 4276 1542 4328 καὶ
1565 4279 1592 4329 ὁ
1640 4276 1769 4340 Υἱὸς
1797 4276 1892 4329 τοῦ

320 4361 612 4432 ἀνθρώπου
665 4363 1102 4435 παραδοθήσεται
1154 4365 1234 4430 είς
1273 4366 1333 4420 τὸ
1374 4367 1763 4438 ἐμπαιχθῆναι,
1805 4368 1901 4421 καὶ

2013 536 2189 590 stolus
2223 536 2287 600 η,
2329 537 2630 604 perfectum
2672 538 2802 606 quid
2849 549 2954 604 est,
2997 549 3052 595 et
3087 543 3327 610 praedicit
3371 544 3589 616 Moyses-

2014 621 2210 690 populo
2243 637 2256 674 :
2299 641 2318 672 ι
2358 620 2709 677 Sanctilicate
2739 632 2836 676 vos
2864 627 2915 679 in
2961 631 3287 690 crastinum,
3310 641 3360 684 et
3427 650 3586 687 com-

2010 711 2185 765 edatis
2207 726 2401 767 carnes
2426 702 2503 778 ¹’⁷;
2545 732 2562 764 ι
2594 729 2788 768 carnes
2830 717 3137 787 intelligens
3181 721 3428 775 divinum
3461 739 3585 779 cor-

2013 816 2137 870 pus,
2185 803 2330 872 quod
2389 804 2576 858 ﬁdeles
2624 806 2681 859 in
2728 805 2836 876 43
2892 807 3135 862 Ecclesia
3181 813 3496 877 comedunt,
3533 825 3588 869 et

2011 895 2382 950 beatissimam
2410 896 2848 952 Christianorum
2884 901 3278 971 cognitionem,
3315 907 3588 973 cognitio-

2012 986 2172 1041 nibus
2202 987 2460 1042 omnibus
2488 988 2874 1042 excelsiorem.

2592 1079 2656 1132 C.
2687 1109 2756 1119 -ο
2789 1079 2996 1134 Eidem.

2083 1171 2250 1226 Recte
2283 1172 2460 1226 ethoc
2485 1173 2732 1227 divinum
2776 1173 2997 1245 Moysen
3043 1176 3256 1234 dixisse
3299 1177 3584 1232 novimus:

2015 1282 2034 1314 ι
2065 1262 2182 1317 Non
2209 1264 2388 1326 hodie,
2413 1265 2506 1317 sed
2545 1280 2669 1319 cras
2693 1280 2890 1321 carnes
2918 1268 3274 1334 comedetisu
3298 1277 3350 1323 ut
3373 1281 3589 1338 tempus
3683 1299 3686 1302 -

2009 1366 2132 1426 post
2160 1353 2364 1409 Christi
2410 1355 2526 1421 Dei,
2549 1365 2601 1410 et
2632 1372 2815 1410 rerum
2846 1358 3094 1412 omnium
3134 1358 3345 1413 Domini
3380 1361 3586 1413 adven-

2010 1455 2123 1500 tum
2159 1455 2638 1502 commonstraret.
2680 1446 2892 1503 Carnes
2935 1451 3133 1504 etenim
3177 1459 3584 1523 ortygometraz,

2011 1538 2066 1591 in
2099 1537 2555 1607 indignationem,
2597 1546 2652 1592 et
2684 1539 2955 1602 volvulos,
2983 1549 3035 1594 et
3066 1543 3502 1611 corruptionem,
3533 1549 3589 1595 et

2009 1627 2290 1683 choleram
2331 1627 2574 1683 llebrzeis
2611 1631 2884 1684 cecidere.
2929 1632 2998 1684 At
3027 1642 3229 1686 nostra:
3255 1648 3421 1701 quam
3459 1633 3589 1687 bea-

2010 1720 2236 1774 tissima:
2277 1735 2475 1775 carnes
2519 1719 2856 1786 ﬁrmitatem,
2903 1724 3093 1786 robur,
3143 1724 3341 1777 bonam
3370 1722 3582 1778 valetu-

2010 1809 2215 1872 dinem,
2251 1811 2706 1876 consolationem,
2769 1820 2825 1867 et
2883 1814 3048 1867 vitam
3083 1823 3345 1868 aeternam
3397 1813 3588 1868 conci-

2012 1902 2170 1966 liant,
2197 1902 2284 1967 iis,
2321 1901 2412 1973 qui
2446 1903 2607 1974 digne
2634 1917 2823 1957 earum
2861 1904 3158 1972 participes
3181 1903 3515 1959 eiliciuntur.

2594 1993 2682 2047 Cl.
2713 2025 2783 2034 —
2816 1993 3020 2048 Eidem.

2079 2086 2220 2154 Quid
2249 2087 2620 2157 obstupescis,
2655 2087 2698 2140 si
2741 2089 2992 2143 carnium
3026 2096 3378 2150 mternarum,
3423 2084 3589 2140 nulli-

2009 2194 2114 2248 que
2139 2179 2481 2249 corrnptioni
2508 2178 2872 2233 obnoxiarum
2906 2177 3202 2247 participes
3221 2176 3360 2230 ﬁunt
3383 2173 3587 2256 Christi

2009 2272 2193 2325 dilecti
2244 2272 2418 2336 servi,
2453 2271 2545 2342 qui
2591 2271 2804 2340 seipsos
2838 2269 3038 2323 timore
3073 2266 3207 2334 Dei,
3244 2273 3299 2322 et
3352 2264 3477 2330 ﬁde,
3535 2275 3589 2318 et

2012 2366 2288 2434 praaclaris
2339 2362 2680 2417 facinoribus
2727 2360 2996 2432 purgant?
3041 2359 3153 2413 imo
3192 2357 3381 2410 divino
3423 2355 3590 2410 etiam

2009 2456 2136 2510 vino
2165 2454 2553 2522 abundabunt;
2595 2452 3060 2524 quemadmodum
3086 2449 3275 2521 justus
3306 2445 3420 2500 Noe
3448 2445 3594 2514 agri-

2009 2547 2129 2602 cola
2167 2545 2346 2602 factus
2389 2555 2497 2609 est,
2533 2553 2588 2600 et
2631 2546 2932 2614 plantatam
2959 2557 2986 2593 a
3011 2555 3069 2593 se
3094 2537 3305 2590 vineam
3343 2537 3592 2592 studiose

2005 2639 2393 2708 eleganterque
2419 2635 2590 2691 coluit
2608 2636 2673 2690 ¹⁸.
2700 2634 2918 2690 Emensi
2947 2631 3216 2703 siquidem
3249 2627 3596 2684 inﬁdelitatis

2009 2727 2248 2781 illuviem
2274 2726 2455 2780 viuum
2483 2725 2732 2780 sobrium
2755 2725 3034 2788 biberunt,
3054 2731 3107 2776 et
3139 2719 3397 2775 inebriati
3428 2725 3594 2780 sunt;

2010 2825 2068 2871 ut
2091 2815 2259 2869 David
2294 2815 2471 2884 inquit
2492 2835 2503 2868 :
2531 2833 2550 2865 ι
2571 2815 2725 2868 Calix
2747 2813 2842 2868 Dei
2866 2812 3150 2867 inebrians
3179 2826 3262 2865 me
3281 2805 3592 2862 valentissi-

2006 2923 2094 2961 me
2117 2909 2189 2973 l';
2217 2926 2235 2959 ι
2270 2914 2324 2960 et
2355 2907 2554 2960 madidi
2584 2905 2959 2961 denudatione
2988 2903 3224 2974 quadam
3256 2897 3597 2955 verecundiae

2007 3001 2196 3056 nescia
2229 3000 2669 3054 denudantur'“.
2709 2998 2918 3053 Bonum
2964 2997 3168 3067 quippe
3197 3002 3283 3049 est
3320 2989 3589 3060 improbi-

1955 3127 1971 3144 ς
2007 3087 2136 3158 tate,
2173 3104 2335 3163 atque
2370 3092 2736 3161 imprudentia
2767 3089 3056 3146 denudari.

2564 3182 2677 3237 Cll.
2714 3213 2782 3222 -——
2821 3181 3030 3246 Eidem.

2084 3295 2101 3326 ι
2139 3273 2304 3337 Deus,
2335 3274 2476 3330 Deus
2507 3290 2684 3339 meus,
2720 3273 2938 3328 intende
2973 3273 3128 3337 mihi,
3163 3273 3367 3342 utquid
3396 3270 3592 3326 dereli-

2006 3367 2176 3435 quisli
2197 3367 2334 3421 me"
2351 3365 2404 3418 2»
2427 3365 2613 3438 “ex
2638 3380 2869 3436 persona
2886 3363 3086 3419 Christi
3109 3365 3318 3433 psalmo
3333 3364 3592 3418 vicesimo

2005 3455 2182 3524 primo
2198 3454 2422 3508 dicitur.
2439 3455 2544 3509 Sed
2563 3471 2669 3508 non
2693 3456 2810 3524 ipse
2826 3453 3124 3509 derelictus
3142 3462 3224 3508 est
3248 3455 3330 3507 vel
3355 3469 3385 3508 a
3406 3453 3590 3518 Patre,

2004 3547 2134 3602 vela
2153 3562 2250 3601 sua
2264 3547 2484 3609 deitate,
2506 3557 2561 3600 ut
2574 3546 2782 3612 Ariani,
2801 3545 3234 3614 Eunomianique
3247 3544 3589 3608 existimant,

2005 3644 2262 3706 tanquam
2281 3637 2315 3689 ii
2335 3637 2424 3706 qui
2447 3637 2757 3708 passionem
2775 3645 3044 3703 metuunt,
3066 3635 3293 3707 ideoque
3307 3651 3425 3698 eam
3450 3652 3478 3687 a
3496 3650 3591 3705 pa-

2007 3729 2175 3782 tiente
2201 3731 2508 3782 retrahunt.
2531 3729 2668 3794 Quis
2685 3729 2829 3784 enim
2852 3729 3222 3794 Servatorem,
3241 3740 3330 3782 aut
3353 3729 3587 3797 primum

2004 3821 2058 3874 in
2079 3821 2286 3872 mundo
2303 3822 2479 3882 nasci,
2502 3819 2670 3872 autin
2698 3834 2918 3874 crucem
2942 3820 3241 3874 ascendere
3264 3817 3466 3886 coegit?
3486 3814 3592 3872 Ne.

2004 3928 2112 3984 que
2145 3913 2289 3966 enim
2327 3911 2555 3976 invitus,
2593 3909 2689 3964 sed
2718 3910 2907 3965 volens
2934 3925 2996 3964 ac
3025 3911 3202 3964 libens
3255 3909 3426 3962 multa
3461 3923 3590 3962 cum

2005 3990 2288 4058 alacritate
2323 4002 2376 4055 in
2411 4015 2630 4055 crucem
2687 4015 3015 4070 progressus
3071 4008 3203 4054 est:
3259 4010 3385 4055 ante
3438 4001 3589 4054 enim

2008 4095 2211 4149 tnultos
2236 4094 2355 4149 dies
2387 4092 2676 4162 discipulis
2703 4091 2922 4146 dicebat
2953 4109 2964 4144 :
3001 4109 3019 4141 ι
3069 4089 3211 4146 Ecce
3243 4091 3593 4146 ascendimus

2010 4185 2417 4257 Hierosolyma,
2462 4192 2516 4238 et
2569 4181 2740 4238 Filius
2780 4181 3023 4237 hominis
3071 4181 3320 4236 tradetur
3352 4181 3417 4234 ad
3457 4179 3585 4234 illu-

2005 4280 2264 4344 dendmn,
2311 4287 2366 4332 et
2403 4275 2863 4346 crueiligendum,
2898 4294 2916 4326 ι
2952 4283 3007 4330 et
3043 4285 3240 4330 castera
3267 4276 3336 4329 ²¹.
3382 4272 3486 4327 Sed
3532 4273 3586 4327 in

2006 4370 2189 4438 seipso
2223 4384 2333 4421 rem
2371 4375 2616 4421 nostram
2652 4365 2919 4435 conﬁngit
2966 4379 2979 4416 :
3025 4379 3262 4434 namque
3311 4365 3473 4418 homo
3515 4362 3589 4416 fa-

317 4453 726 4524 σταυρωθῆναι,
770 4475 786 4506 ι
831 4457 924 4508 καὶ
953 4455 1021 4508 τὰ
1072 4456 1218 4526 ἑξῆς.
1261 4457 1400 4510 Ἀλλ’
1431 4458 1487 4509 ἐν
1536 4456 1713 4528 ἐαυτῷ
1741 4459 1901 4510 τυποῖ

2008 4474 2162 4525 rtus,
2219 4459 2394 4514 modis
2448 4458 2705 4512 omnibus
2754 4472 3064 4511 sermonem
3119 4472 3217 4528 pro
3273 4456 3587 4510 hominibus

311 4546 378 4599 τὸ
402 4547 693 4616 ἡμέτερον·
726 4547 1009 4619 ἄνθρωπος
1034 4549 1143 4619 γὰρ
1184 4551 1496 4620 γενόμενος,
1532 4551 1749 4611 πάντως
1779 4553 1906 4615 τοὺς

312 4636 510 4704 λόγους
554 4637 695 4708 ὑπὲρ
731 4638 1034 4710 ἀνθρώπων
1065 4645 1322 4695 ποιεῖται⁹
1353 4641 1470 4695 ἀλλ’
1499 4641 1786 4712 ἄνθρωπος
1815 4659 1904 4711 γε·

314 4727 515 4796 γονὼς,
549 4731 652 4782 οὐκ
697 4729 1034 4803 ὴλλοτριώθη
1077 4733 1170 4786 τοῦ
1201 4734 1468 4806 ὑπάρχειν
1503 4732 1635 4798 Θεὸς
1665 4735 1759 4788 καὶ
1790 4725 1906 4788 Κύ-

317 4838 438 4894 ριος
467 4820 576 4872 τῶν
597 4821 757 4876 ὅλων.
784 4823 1122 4892 Σημειωτέον
1154 4825 1262 4897 γὰρ
1294 4826 1487 4879 ταῦτα.
1530 4813 1748 4898 Ἐπειδὴ
1773 4822 1894 4889 οὗν,

317 4911 508 4975 καθὼς
548 4914 577 4964 ὁ
605 4913 927 4976 Ἀπόστολος
971 4915 1140 4983 λέγει,
1175 4913 1390 4987 μορφὴν
1421 4916 1608 4970 δούλου
1643 4919 1903 4988 ὲφόρεσεν

315 5003 346 5054 ὁ
379 5001 589 5072 Κύριος
613 5004 720 5056 τῶν
750 5005 907 5067 ὅλων,
941 5006 998 5059 ἐν
1026 5005 1202 5078 ἑαυτῷ
1232 5011 1393 5060 τυποῖ
1426 5007 1485 5062 τὸ
1510 5009 1801 5080 ἡμέτερον,
1827 5009 1902 5073 ὡς

316 5093 599 5161 δικολόγος
633 5096 798 5164 μηδὲν
817 5096 1248 5167 διηρπαγμένος,
1272 5098 1472 5168 μᾶλλον
1492 5097 1549 5152 δὲ
1575 5099 1899 5170 συνήγορος,

328 5185 511 5253 λέγων
544 5186 683 5258 ὑπὲρ
713 5187 809 5240 τοῦ
843 5188 1269 5260 τυραννηθέντος
1289 5190 1426 5260 πρὸς
1448 5190 1538 5242 τὸν
1565 5190 1805 5261 καθηγοῦ
1815 5209 1905 5261 με-

316 5293 411 5329 νον
460 5275 558 5346 τῆς
597 5280 897 5350 ὲπαρχίας’
962 5281 1334 5358 Τεθλίμμεθα,
1366 5283 1899 5354 καταπεπονῆμεθα,

318 5367 408 5437 διη
416 5367 636 5438 ρπάχθη
644 5387 762 5436 μεν,
792 5371 1094 5424 δικαιότατε
1115 5372 1222 5428 τῶν
1239 5373 1528 5428 δικαστῶν.
1547 5372 1718 5447 ’Υπὲρ
1746 5377 1778 5446 ἡ
1790 5374 1905 5446 μῶν

318 5455 504 5508 τοίνυν
541 5459 568 5510 ὁ
613 5460 848 5529 Χριστός
894 5467 1058 5531 φησιν
1089 5480 1101 5491 ·
1151 5481 1170 5514 ι
1221 5463 1278 5516 '0
1326 5463 1480 5528 Θεὸς,
1520 5465 1548 5518 ὀ
1580 5463 1712 5528 Θεός
1779 5471 1903 5537 μου,

313 5545 563 5616 πρόσχες
589 5565 702 5616 μοι.
745 5571 762 5600 ο
811 5549 945 5613 Θεὸς
977 5553 1076 5620 μὲν
1106 5551 1214 5605 τῶν
1244 5552 1381 5608 ὅλων
1416 5556 1444 5608 ὁ
1479 5555 1670 5624 Πατὴρ
1703 5558 1799 5612 σὺν
1826 5555 1902 5627 τῷ

2005 4552 2186 4618 habet,
2215 4563 2266 4606 et
2303 4553 2466 4604 homo
2499 4549 2677 4604 factus
2712 4563 2820 4602 non
2853 4548 3039 4602 amisit
3080 4559 3142 4601 ut
3198 4548 3342 4602 Deus
3387 4547 3478 4610 sit,
3533 4555 3587 4599 et

2003 4644 2246 4697 omnium
2293 4641 2582 4695 Dominus.
2615 4639 2750 4706 Quae
2801 4638 3114 4694 aantanda
3160 4622 3310 4692 sunt.
3357 4635 3587 4700 Quando

2003 4735 2188 4805 igitur,
2245 4741 2303 4786 ut
2351 4731 2648 4802 Apostolus
2679 4731 2758 4784 ait
2789 4731 2856 4796 “,
2915 4729 3146 4784 formam
3207 4727 3352 4782 servi
3409 4723 3586 4779 induit

2001 4826 2245 4882 omnium
2279 4823 2576 4888 Dominus,
2630 4823 2686 4877 in
2731 4822 2917 4892 seipso
2962 4835 3076 4875 rem
3127 4828 3374 4873 nostram
3425 4815 3589 4870 ell'or-

2004 4926 2132 4984 mat,
2187 4926 2449 4988 tanquam
2507 4900 2693 4971 orator
2752 4915 2904 4969 nullo
2952 4912 3117 4968 modo
3155 4911 3450 4968 seductos.
3489 4905 3585 4962 sed

2003 5019 2289 5080 patronus,
2329 5019 2383 5064 et
2417 5009 2740 5071 advocatus,
2768 5019 2995 5060 causam
3027 5003 3218 5058 dicens
3255 5014 3354 5071 pro
3395 5007 3585 5069 tyran~

2002 5103 2130 5157 uide
2175 5097 2573 5172 Oppresso,ad
2626 5098 2924 5170 provincia:
2970 5095 3286 5166 praefectum
3330 5111 3342 5146 :
3387 5089 3586 5144 Alllicti

2002 5207 2218 5254 sumus,
2246 5190 2496 5258 depressi
2531 5200 2746 5253 sumus,
2772 5187 2971 5258 direpti
3013 5200 3229 5248 sumus,
3273 5181 3587 5253 iustissime

1999 5284 2270 5352 judicum.
2306 5281 2408 5336 Pro
2456 5280 2616 5336 nobis
2659 5281 2842 5348 itaque
2885 5276 3142 5331 Christus
3169 5276 3245 5330 ait
3285 5293 3298 5329 :
3353 5291 3371 5325 ι
3415 5272 3580 5332 Deus,

2005 5371 2146 5428 Deus
2180 5381 2356 5436 mens,
2390 5371 2613 5424 intende
2646 5370 2837 5423 mihi.)
2880 5366 3022 5423 Deus
3047 5364 3300 5437 equidem
3338 5362 3583 5418 oumium

2006 5461 2166 5518 Pater
2204 5477 2328 5517 cum
2379 5455 2522 5516 Filio
2555 5462 2608 5516 in
2641 5459 2924 5517 ereatione
2959 5459 3245 5524 omnium;
3279 5457 3423 5511 Deus
3456 5467 3586 5508 vero

2009 5556 2131 5611 Filii
2164 5556 2324 5612 Pater
2362 5555 2567 5611 dicitur
2598 5554 2902 5610 secundum
2953 5549 3352 5608 incarnationis
3381 5555 3586 5622 mystc-

394 5680 445 5710 ¹⁶
474 5679 645 5764 llelu;1
675 5702 748 5764 ἰν,
789 5683 878 5764 iri.
981 5687 1222 5764 ”_l\'um_._
1251 5690 1464 5764 ,τιν-18,
1549 5686 1588 5719 ¹⁸
1623 5692 1756 5748 Ceu.
1819 5709 1894 5756 tv,

2008 5705 2010 5732 ι
2062 5708 2212 5764 seqq.
2295 5689 2506 5749 "l’sal.
2538 5693 2748 5760 xxtt,5.
2843 5691 2887 5723 ¹⁰
2919 5690 3052 5749 Cen.
3094 5705 3168 5744 Ix.
3201 5687 3291 5744 2|.
3369 5684 3583 5741 “Psal.

317 5765 442 5815 xxI,
477 5752 520 5805 Ι.
599 5755 646 5783 ⁸³
671 5752 860 5808 Matth.
889 5771 980 5824 xx,
1018 5758 1099 5814 18.
1179 5757 1484 5830 “Philipp.
1517 5775 1572 5828 t:,
1613 5763 1658 5816 7.
