4024 6218
391 266 490 328 127

1856 279 1916 340 S.
1959 277 2119 340 NILI

3556 274 3658 339 128

392 392 557 432 num.
590 377 648 432 1ιι
680 392 740 434 se
768 378 887 449 ipso
913 380 1116 450 itaque,
1140 390 1198 436 ut
1228 399 1395 453 supra
1418 385 1552 450 dixi,
1577 404 1689 443 rem
1720 400 1965 445 nostram

2092 394 2188 465 ι’ἱῷ
2235 398 2292 448 ἐν
2333 395 2409 465 τῷ
2455 394 2638 449 κτίσαι
2698 396 2767 447 τὰ
2810 396 2987 450 πάντα
3015 438 3028 460 ,
3059 394 3192 459 Θεὸς
3249 394 3307 448 δὲ
3346 391 3441 447 τοῦ
3475 392 3658 446 Υἱοῦὁ

390 467 646 525 Christus
684 470 910 538 ellingit.
951 470 1199 543 Namque
1226 491 1329 529 nos
1359 478 1594 543 primum
1625 497 1847 535 eramus
1877 482 1971 535 de-

394 560 591 626 relicti.
626 576 772 614 nunc
803 563 1014 631 accepti
1046 574 1099 617 et
1126 567 1326 619 servati
1361 568 1496 620 nulli
1530 562 1773 638 passioni
1798 574 1972 626 obno-

393 651 681 705 xiiChristi
714 653 988 720 passione.
1016 655 1489 721 Quemadmodum
1514 669 1566 715 et
1600 662 1970 732 insipientiam

392 748 655 801 nostram.
678 751 731 795 et
761 745 947 812 lapsus
971 746 1074 800 sibi
1105 748 1406 813 asciscens,
1439 750 1552 805 haec
1571 768 1665 820 per
1698 754 1969 822 psalmum

390 830 638 882 enuntiat
673 847 685 861 υ
723 833 1074 888 manifestum
1112 839 1259 890 enim
1301 849 1386 893 est
1460 844 1733 910 psalmum
1778 826 1974 898 vicesi;

393 935 539 972 Illlllll
582 920 688 990 55
725 922 958 991 primum
1002 926 1068 979 ad
1103 926 1386 983 Christum
1438 929 1655 985 referri.
1709 931 1972 1002 Ejusdem

388 1012 788 1078 speculationis
818 1023 922 1079 est,
965 1017 1239 1083 eumdem,
1275 1036 1339 1075 ex
1378 1022 1580 1091 quibus
1619 1039 1813 1093 passus
1865 1034 1972 1091 est,

390 1102 757 1159 obedientiam
790 1106 1075 1174 didicisse,
1121 1122 1177 1166 ut
1217 1113 1292 1166 ait
1324 1114 1623 1185 Apostolus
1649 1118 1733 1184 ²⁶;
1766 1119 1974 1172 clamor

389 1193 575 1259 etiam,
608 1205 661 1250 et
694 1197 968 1268 lacrymaa,
996 1211 1047 1254 ct
1083 1217 1293 1270 preces,
1317 1213 1367 1257 et
1399 1205 1708 1268 exauditio,
1735 1218 1786 1262 et
1818 1222 1973 1263 reve-

392 1289 585 1353 rentia,
621 1305 741 1358 quae
772 1292 918 1345 velut
952 1292 1145 1346 alienae
1196 1293 1393 1348 fabula:
1446 1306 1603 1350 actor
1635 1300 1811 1353 aliena
1852 1318 1975 1370 per-

2076 486 2265 556 ΙΙατὴρ
2297 486 2539 554 λέγεται,
2571 485 2715 539 κατά
2738 487 2835 557 τὴν
2874 486 3140 557 ἔνσαρκον
3168 486 3500 555 οἰκονομίαν.
3522 484 3657 537 ’Ὡσ-

2076 593 2183 647 περ
2227 578 2407 629 τοίνυν
2447 578 2775 648 προείρηκα,
2809 580 2866 630 ὲν
2900 576 3078 646 ἑαυτῷ
3127 580 3156 630 ὁ
3207 576 3444 647 Χριστὸς
3496 579 3659 629 τυποῖ

2074 668 2134 720 τὸ
2169 667 2453 737 ἡμέτερον.
2473 668 2662 736 Ἡμεῖς
2680 670 2789 737 γάρ
2820 671 2985 738 ἐσμεν
3016 670 3065 721 οἱ
3094 667 3657 737 ὲγκαταλελειμμένοι

2078 756 2290 830 πρώην,
2332 759 2428 811 νῦν
2464 760 2520 812 δὲ
2544 760 3025 830 προσειλημμένοι,
3060 762 3154 813 καὶ
3186 758 3518 828 σεσωσμένοι
3547 760 3660 821 τοῖς

2075 852 2171 904 τοῦ
2195 851 2440 916 ἀπαθοῦς
2470 853 2706 924 Χριστοῦ
2741 853 2991 906 πάθεσιν.
3026 850 3239 922 Ὥσπερ
3260 851 3354 904 καὶ
3375 850 3470 921 τὴν
3488 851 3662 919 ἀφρο-

2079 943 2245 1014 σύνην
2279 944 2453 1013 ἡμῶν,
2496 945 2591 996 κα1⁵
2634 943 2691 996 τὸ
2724 944 3045 1014 πλημμελὲς
3097 942 3467 1011 οἰκειούμενος
3485 941 3663 995 ταῦτα

2075 1036 2164 1090 διὰ
2197 1037 2291 1089 τοῦ
2314 1036 2529 1106 ψαλμοῦ
2564 1054 2695 1107 φησι
2724 1053 2737 1066 ·
2776 1036 2965 1106 ἐπειδὴ
3001 1035 3268 1106 πρόδηλος
3298 1036 3375 1097 εἰς
3413 1034 3662 1104 Χριστὸν

2077 1127 2104 1177 ὁ
2143 1124 2387 1189 εἰκοστὸς
2437 1125 2654 1197 πρῶτος
2700 1124 2915 1194 eam;
2947 1124 3299 1195 ἀναφέρεται.
3334 1124 3448 1193 Ίλῆς
3470 1122 3527 1176 δὲ
3562 1124 3661 1176 αύ-

2078 1215 2175 1284 τῆς
2218 1212 2400 1285 ἔχεται
2440 1215 2671 1286 θεωρίας
2701 1215 2795 1268 καὶ
2834 1214 2895 1267 τὸ
2941 1215 3132 1285 μαθεῖν
3185 1215 3349 1267 αὑτὸν
3398 1214 3497 1284 τὴν
3554 1216 3661 1267 ὑπο

2088 1306 2259 1378 ἀκοὴν
2315 1306 2374 1371 ἐξ
2414 1300 2487 1361 ὧν
2526 1306 2750 1369 ἔπαθεν,
2805 1304 2993 1375 ὥσπερ
3038 1306 3203 1375 φησιν
3248 1306 3276 1356 ὁ
3317 1305 3660 1369 Ἀπόστολος,

392 1392 528 1430 sona
571 1389 786 1449 sumpta
828 1382 1015 1446 refert,
1054 1394 1109 1437 et
1155 1400 1251 1453 pro
1284 1386 1444 1441 nobis
1477 1388 1614 1443 mire
1656 1389 1871 1445 intexit.
1908 1392 1976 1447 Ut

2092 1399 2110 1467 ή
2158 1417 2216 1451 τε
2262 1400 2500 1470 κραυγὴ,
2551 1401 2645 1453 καὶ
2674 1400 2743 1454 τὰ
2794 1399 3027 1468 δάκρυα,
3087 1399 3178 1451 καὶ
3234 1397 3294 1450 τὸ
3357 1396 3658 1461 ἱκετεῦσαι,

391 1470 534 1521 enim
569 1473 797 1525 verbum
830 1488 1006 1542 neque
1040 1477 1461 1543 subjiciebatur,
1497 1496 1673 1549 neque
1721 1498 1828 1534 non
1879 1499 1977 1536 au-

392 1556 686 1612 diebatur:
721 1561 833 1615 htec
856 1564 999 1616 enim
1029 1568 1249 1633 pr0pria
1283 1576 1412 1621 sunt
1442 1584 1654 1639 eorum,
1681 1572 1772 1640 qui
1799 1574 1976 1627 alieno

393 1648 639 1703 dominio
690 1662 1035 1720 premuntur,
1089 1665 1143 1708 et
1192 1661 1463 1714 secundas
1504 1675 1686 1730 partes
1741 1665 1973 1732 habent;

395 1738 527 1793 illud
550 1742 769 1809 quidem
813 1747 1048 1800 sanioris
1080 1748 1362 1804 hominum
1420 1755 1653 1816 mentis,
1704 1755 1806 1809 hoc
1847 1774 1976 1811 vero

393 1844 608 1892 eorum,
642 1833 734 1900 qui
765 1834 914 1904 digni
956 1839 1242 1905 punitione
1276 1851 1425 1897 sunt.
1477 1843 1652 1899 Porro
1701 1860 1756 1898 ut
1803 1848 1977 1903 forma

396 1922 538 1976 servi
574 1924 817 1991 seipsum
852 1942 955 1979 una
979 1944 1104 1999 cum
1130 1936 1413 1987 conservis
1434 1944 1488 1989 et
1514 1939 1693 1992 servis
1712 1940 1975 2008 demittit,

395 2018 449 2062 et
483 2010 629 2079 quod
658 2011 890 2065 aliorum
932 2024 1037 2079 est,
1085 2016 1137 2070 in
1186 2034 1245 2073 se
1278 2019 1552 2083 eﬂ‘ormat,
1590 2034 1760 2079 totum
1798 2044 1883 2081 me
1923 2029 1976 2082 in

396 2100 577 2167 seipse
612 2100 790 2157 ferens
823 2118 946 2157 cum
989 2108 1147 2171 meis,
1189 2118 1247 2161 ut
1281 2111 1335 2164 in
1378 2113 1562 2183 seipso
1613 2116 1757 2171 sicut
1797 2133 1977 2173 ceram

400 2187 540 2256 ignis
570 2227 586 2254 ,
638 2198 731 2242 aut
778 2198 938 2246 terra:
988 2209 1247 2263 vaporem
1302 2199 1404 2263 sol,
1450 2202 1596 2270 quod
1662 2204 1818 2274 pejus
1871 2220 1976 2270 εει,
2026 2201 2030 2206 ’

399 2279 674 2347 absumat,
713 2282 936 2352 ipseque
963 2301 1177 2352 eorum,
1199 2306 1321 2359 qua!
1352 2291 1499 2346 illius
1523 2304 1669 2361 sunt,
1706 2298 1980 2367 particeps

401 2377 623 2438 propter
654 2374 1092 2429 commistionem
1137 2379 1285 2433 liam.
1329 2380 1624 2453 Pmpterea
1655 2401 1820 2455 opere
1860 2387 1981 2457 ipso

398 2461 767 2516 obedientiam
795 2465 1070 2534 honestat,
1099 2469 1356 2541 illiusque
1387 2475 1643 2541 passione
1667 2475 1786 2547 ipsa
1817 2493 1982 2547 expe-

399 2554 690 2608 rimentum
729 2558 895 2627 capit.
931 2557 1115 2631 Neque
1155 2561 1301 2616 enim
1332 2566 1468 2620 satis
1501 2573 1585 2621 est
1612 2568 1978 2637 propositum.

399 2644 859 2713 quemadmodum
888 2664 1064 2718 neque
1096 2652 1280 2717 nobis,
1312 2655 1418 2709 nisi
1448 2672 1545 2726 per
1568 2672 1733 2727 opera
1758 2659 1981 2727 gradia-

404 2749 545 2787 ntur.
576 2733 726 2805 Opus
756 2738 899 2791 enim
941 2748 1023 2794 est
1057 2744 1325 2812 propositi
1354 2750 1832 2804 conuuoastratio.

682 2826 817 2883 Clll.
856 2859 914 2869 -—
940 2830 1198 2888 EUTHlO
1234 2834 1696 2894 I’ROVlNCIALl.

472 2915 577 2983 Qui
611 2924 663 2972 te
702 2935 909 2975 mceror
947 2923 1183 2992 invasit;
1225 2928 1488 2994 gaudium
1529 2930 1721 2999 ingens
1753 2931 1849 2985 tibi
1886 2932 1981 2987 de-

2011 1679 2112 1781 ei

2080 1768 2313 1839 ἀνήκοος
2338 1785 2352 1799 ’
2404 1769 2512 1821 τῶν
2542 1769 2649 1839 γὰρ
2696 1771 2799 1824 ὑπὸ
2825 1774 2980 1842 χεῖρα
3006 1769 3179 1823 ταῦτα
3210 1770 3301 1821 καὶ
3341 1769 3447 1821 τῶν
3475 1768 3661 1821 δευτέ-

2080 1493 2173 1545 και
2200 1492 2261 1545 τὸ
2295 1490 2739 1562 εἰσακουσθῆναι.
2786 1492 2881 1544 καὶ
2930 1490 2990 1542 τὸ
3060 1490 3305 1552 εὐλαϐὲς,
3364 1488 3506 1559 ἅπερ
3528 1488 3661 1560 δρα·

2082 1587 2521 1655 ματουργεῖται,
2591 1586 2684 1638 καὶ
2778 1584 3035 1636 πλέκεται
3131 1582 3448 1651 θαυμασίως
3520 1582 3661 1652 ὑπὲρ

2122 1677 2259 1746 μῶν.
2297 1678 2384 1740 Ὠς
2431 1679 2527 1747 μὲν
2581 1677 2688 1747 γὰρ
2721 1676 2898 1744 λόγος,
2950 1674 3072 1727 οὔτε
3125 1676 3362 1743 ὑπήκοος
3408 1667 3498 1745 ἦν,
3535 1674 3661 1727 οὔτε

2082 1876 2210 1930 ρων,
2251 1860 2310 1911 τὸ
2341 1860 2438 1929 μὲν
2468 1859 2574 1913 τῶν
2610 1861 3151 1932 εύγνωμονεστέρων,
3181 1861 3241 1912 τὸ
3270 1860 3326 1913 δὲ
3357 1859 3463 1913 τῶν
3493 1859 3661 1924 ἀξίων

2081 1951 2373 2013 κολάσεως.
2431 1951 2519 2014 Ὠς
2548 1953 2604 2005 δὲ
2641 1952 2828 2006 δούλου
2869 1953 3071 2024 μορφὴ,
3102 1951 3527 2021 συγκαταβαίνει
3549 1955 3661 2015 τοῖς

2079 2041 2409 2110 ὁμοδούλοις,
2441 2044 2533 2095 καὶ
2565 2043 2789 2107 δούλοις,
2831 2044 2924 2097 καὶ
2952 2044 3252 2114 μορφοῦται
3276 2042 3335 2095 τὸ
3358 2041 3659 2112 ἀλλότριον,

2081 2134 2199 2186 ὅλον
2259 2135 2317 2186 ὲν
2351 2135 2529 2204 ἑαυτῷ
2578 2136 2678 2205 ἐμὲ
2727 2135 2909 2204 φέρων
2946 2134 3084 2205 μετὰ
3113 2134 3221 2187 τῶν
3263 2132 3434 2203 ἐμῶν.
3482 2134 3567 2185 ἴνα
3603 2136 3663 2185 ἐν

2083 2220 2262 2292 ἐαυτῷ
2307 2222 2592 2293 δαπανήσῃ
2627 2222 2688 2274 τὸ
2709 2224 2912 2293 χεῖρον,
2948 2222 3023 2285 ὠς
3052 2222 3221 2293 κηρὸν
3251 2220 3383 2293 πῦρ,
3410 2222 3443 2292 ἢ
3474 2221 3547 2283 ὡς
3575 2223 3661 2274 ἀτ-

2086 2312 2210 2379 μίδα
2249 2312 2350 2380 γῆς
2375 2313 2543 2382 ήλιος,
2570 2312 2723 2380 κάγὼ
2756 2313 3045 2382 μεταλάϐω
3066 2314 3176 2366 τῶν
3208 2314 3423 2366 ἐκείνου
3453 2313 3539 2367 διὰ
3561 2315 3662 2383 τὴν

2084 2404 2406 2474 σύγκρασιν.
2458 2403 2555 2457 Διά
2614 2403 2771 2456 τοῦτο
2820 2403 2968 2475 ἔργῳ
3024 2406 3161 2475 τιμᾷ
3233 2404 3333 2474 τὴν
3383 2405 3654 2473 ὑπακοὴν,

2083 2498 2177 2550 καὶ
2206 2498 2464 2565 πειρᾶται
2497 2496 2701 2564 ταύτης
2732 2498 2796 2549 ὲκ
2829 2498 2922 2549 τοῦ
2942 2497 3155 2550 παθεῖν.
3192 2498 3267 2550 Οὐ
3285 2498 3393 2567 γὰρ
3421 2496 3604 2550 ἱκανὸν
3627 2501 3660 2567 ἡ

2080 2588 2340 2653 διάθεσις,
2384 2588 2572 2659 ὥσπερ
2615 2588 2735 2640 οὐδὲ
2765 2590 2917 2657 ἡμῖν,
2944 2590 2992 2641 εἰ
3030 2589 3105 2659 μὴ
3148 2588 3234 2641 διὰ
3262 2588 3368 2641 τῶν
3399 2589 3663 2657 πραγμά-

2081 2678 2190 2731 τῶν
2239 2678 2599 2750 χωρήσωμεν.
2640 2678 2839 2747 Ἔργον
2879 2677 2988 2748 γὰρ
3034 2677 3310 2743 ἀπόδειξις
3348 2678 3661 2742 διαθέσεως.

2436 2848 2555 2902 PI".
2590 2879 2657 2888 —
2682 2848 2884 2922 ΕΥΘΙῼ
2931 2850 3306 2923 ΕΠᾹΡΧΙΚῼ.

2167 2940 2231 2993 Ἠ
2257 2938 2512 3009 συμϐᾶσά
2560 2958 2641 2993 σοι
2682 2941 2824 3010 λύπη
2863 2943 3039 3014 χαρὰν
3085 2945 3326 3016 μεγάλην
3373 2946 3667 3015 μνηστεύε-

403 3017 654 3075 sponsat,
686 3010 795 3065 imo
824 3021 877 3069 et
902 3016 1101 3069 erratis
1133 3017 1241 3071 tuis
1279 3018 1652 3075 abundantem
1694 3023 1980 3079 remissio-

2092 3048 2195 3095 ται,
2238 3030 2370 3085 ἀλλά
2398 3031 2492 3084 καὶ
2530 3032 2723 3100 ἄφεσιν
2756 3034 2946 3104 ἱκανήν
2986 3034 3237 3104 προξενεῖ
3277 3034 3386 3087 τῶν
3425 3034 3667 3089 διεπται-

404 3115 526 3155 nem
557 3104 840 3158 conciliat.

719 3195 854 3252 CIV.
891 3228 956 3237 —-
985 3196 1309 3253 CAPITONI
1360 3199 1676 3263 DIACONO.

478 3285 617 3340 Dicit
650 3287 919 3344 Jeremias
955 3292 1219 3361 prepbeta
1247 3307 1312 3347 ex
1351 3310 1588 3363 persona
1629 3297 1723 3353 Dei
1766 3298 1983 3358 delictis

408 3378 608 3431 saucia:
645 3388 695 3433 et
750 3380 898 3450 lepra
951 3382 1143 3437 obsita:
1189 3385 1387 3440 animae
1436 3406 1448 3441 :
1511 3407 1528 3440 ι
1573 3389 1717 3445 Ecce
1760 3406 1862 3462 ego
1906 3394 1983 3446 llli

408 3468 696 3526 cicatrices
731 3472 969 3541 obduco,
996 3485 1339 3548 apportoque
1379 3479 1702 3548 remedium,
1735 3493 1788 3537 et
1811 3486 1986 3539 medi-

412 3561 547 3616 cabo
579 3577 721 3626 eam,
761 3572 813 3619 ct
847 3567 1210 3625 manifestabo
1247 3571 1377 3641 ipsis
1421 3587 1637 3641 pacem,
1674 3573 1785 3646 46
1820 3585 1873 3631 et
1922 3577 1986 3631 li-

411 3651 556 3719 dem,
587 3661 639 3707 et
669 3669 775 3709 non
808 3660 1145 3715 recordabor
1177 3662 1415 3732 amplius
1453 3671 1828 3732 peccatorum,
1867 3683 1988 3737 qua:

412 3757 777 3815 peccaverunt
817 3749 948 3804 mihi
976 3753 1045 3808 ".
1087 3772 1105 3806 ι
1152 3754 1289 3808 Illud
1325 3764 1534 3820 autem,
1585 3759 1859 3814 cicatrices
1895 3760 1987 3814 ob-

410 3839 622 3906 ducam,
676 3843 810 3897 satis
866 3847 1253 3913 percommode
1295 3847 1662 3917 applicabitur
1710 3852 1894 3922 leprae,
1932 3854 1987 3906 in

413 3928 652 3988 Levitico
682 3933 969 4005 descripta:
998 3938 1063 3989 “.
1095 3936 1309 4004 Quibus
1337 3954 1466 3994 vero
1516 3939 1655 3998 Deus
1697 3944 1988 4001 cicatrices

412 4022 655 4089 obducit,
704 4035 757 4080 et
805 4028 1011 4095 quibus
1043 4029 1325 4094 medetur,
1374 4030 1442 4086 iis
1495 4041 1547 4086 et
1593 4034 1987 4105 cogitationum

414 4128 625 4180 pacem,
665 4123 719 4169 et
758 4116 916 4171 iidem
974 4120 1106 4173 nulli
1162 4120 1495 4176 bassitationi
1549 4123 1862 4191 obnoxiam,
1894 4124 1988 4180 scd

415 4204 651 4269 ﬁrmam,
681 4221 744 4261 ac
776 4209 1024 4263 stabilem
1063 4210 1400 4266 manifestat.
1435 4212 1646 4278 Quibus
1688 4214 1869 4284 itaque
1907 4216 1987 4269 ei-

412 4294 649 4351 eatrices
682 4297 929 4356 obductae
968 4310 1115 4366 sunt,
1148 4302 1208 4368 ii,
1246 4310 1301 4356 ut
1334 4305 1683 4360 manifestum
1729 4313 1834 4369 est,
1866 4321 1990 4376 per-

2088 3123 2301 3193 σμένων
2330 3140 2432 3177 σοι.

2395 3214 2511 3269 PA’.
2540 3244 2609 3254 —
2641 3215 2978 3269 murram
3021 3215 3346 3287 annosa.

2156 3308 2322 3377 Φησὶν
2356 3307 2623 3379 Ἱερεμίας
2648 3310 2676 3362 ὁ
2703 3310 2990 3380 προφήτης
3009 3312 3070 3362 ὲκ
3101 3309 3393 3381 προσώπου
3423 3309 3514 3363 τοῦ
3531 3308 3667 3363 Θεοῦ

2088 3398 2223 3467 πρὸς
2251 3398 2351 3469 τὴν
2394 3401 2517 3463 ταῖς
2576 3400 2873 3469 ἁμαρτίαις
2908 3400 3398 3471 τραυματωθεῖσαν
3452 3403 3547 3455 καὶ
3582 3402 3670 3455 λε-

2088 3491 2400 3562 πρωθεῖσαν
2445 3492 2661 3561 ψυχήν·
2700 3510 2719 3542 ι
2762 3492 2891 3544 Ἰδοὺ
2934 3490 3046 3559 ἐγὼ
3102 3492 3290 3561 ἁνάγω
3343 3492 3670 3547 συνούλωσιν

2088 3585 2248 3654 αὐτῇ,
2279 3583 2373 3636 καὶ
2401 3583 2559 3653 ἴαμα,
2588 3584 2680 3637 καὶ
2714 3582 2984 3654 ἰατρεύσω
3010 3584 3200 3653 αὐτὴν,
3245 3584 3340 3636 καὶ
3370 3583 3669 3655 φανερώσω

2089 3674 2270 3736 αὐτοῖς
2296 3676 2539 3745 εἰρήνην,
2579 3675 2672 3728 καὶ
2712 3675 2913 3739 πίστιν,
2952 3676 3046 3728 καὶ
3082 3677 3143 3728 οὐ
3190 3676 3264 3746 μὴ
3304 3675 3526 3745 μνησθῶ
3563 3676 3672 3728 τῶν

2088 3765 2393 3837 ἁμαρτιῶν,
2423 3758 2496 3820 ὧν
2518 3765 2765 3835 ἥμαρτόν
2805 3782 2914 3834 μοι.
2952 3784 2970 3815 ι
3010 3766 3102 3831 Τὸ,
3148 3765 3277 3819 ἰδοὺ
3318 3765 3436 3819 νῦν
3473 3767 3674 3835 drer

2090 3858 2497 3921 συνούλωσιγ,
2539 3858 2810 3928 χρήσιμόν
2846 3859 2964 3911 ἐστι
2996 3858 3418 3929 παραληφθῆναι
3457 3860 3536 3921 εἰς
3572 3858 3668 3929 τὴν

2090 3948 2301 4019 λέπραν
2320 3949 2377 4001 ὲν
2390 3948 2467 4019 τῷ
2481 3947 2751 4017 Λευῖτικῷ
2769 3950 3180 4018 γεγραμμένην.
3197 3945 3290 4012 Οἷς
3311 3949 3545 4011 δὲὸΘεὸς
3570 3949 3669 4019 τὴν

2093 4040 2418 4093 συνούλωσιν
2447 4040 2661 4108 ἀνάγει,
2697 4041 2792 4093 καὶ
2824 4040 2917 4104 οὓς
2945 4040 3207 4110 ἰατρεύει,
3226 4039 3436 4102 τούτοις
3462 4041 3554 4093 καὶ
3573 4039 3674 4110 τὴν

2091 4132 2314 4201 εἰρήνην
2347 4131 2447 4199 τῆς
2474 4131 2732 4194 διανοίας,
2782 4132 2878 4185 καὶ
2899 4131 2996 4201 τὴν
3026 4131 3208 4184 πίστιν
3231 4131 3331 4202 τὴν
3357 4131 3678 4208 ἀδίστακτον

2092 4220 2188 4271 καὶ
2239 4219 2560 4291 στερεμνίαν
2610 4223 2850 4291 φανεροῖ.
2898 4222 2961 4273 Οἱ
3010 4221 3190 4274 τοίνυν
3224 4221 3674 4286 συνουλωθέντες,

2091 4310 2247 4378 δῆλον
2272 4312 2352 4364 ὃτι
2382 4312 2443 4363 τὸ
2480 4312 2659 4366 τέλεον
2683 4313 3046 4383 καθαρθέντες
3075 4314 3174 4385 τὴν
3192 4312 3388 4383 ψυχὴν,
3423 4312 3485 4365 τὸ
3518 4313 3681 4383 χαρι-

417 4386 557 4442 I'ecte
609 4390 789 4444 anima
840 4395 1087 4466 purgati,
1133 4396 1336 4450 donum
1394 4396 1860 4466 impassibilitatis
1908 4414 1983 4454 re-

2102 4416 2212 4469 σμα
2237 4402 2335 4470 τῆς
2364 4401 2637 4466 ἀπαθείας
2665 4401 3001 4472 κομίζονται.

416 4485 659 4546 portant.

977 4574 1088 4630 CV.
1118 4605 1187 4615 ——
1214 4574 1417 4630 Eidem.

486 4655 656 4713 Etiam
692 4676 784 4730 per
820 4663 948 4726 vim,
986 4671 1166 4719 mente
1202 4665 1300 4718 tibi
1338 4664 1603 4736 diligendi
1635 4678 1784 4731 sunt,
1816 4667 1909 4736 qui
1944 4666 1997 4722 in

416 4748 716 4808 invidentia
751 4756 1057 4817 hominum,
1093 4765 1148 4810 et
1186 4756 1315 4811 odio
1356 4766 1508 4813 sunt.

968 4861 1100 4918 CVI.
1140 4896 1202 4904 —
1240 4863 1447 4918 Eidem.

489 4971 787 5029 Invidentia
819 4982 1136 5042 serpentum
1172 4976 1368 5043 instar,
1398 4985 1452 5032 et
1481 4978 1867 5044 amaritudine,
1890 4980 1999 5034 odii

419 5064 623 5117 tinctus
664 5081 725 5119 cs
769 5082 783 5118 :
834 5065 930 5120 sed
976 5066 1147 5122 habes
1191 5067 1398 5136 lignum
1452 5069 1746 5138 pretiosam
1786 5070 1999 5125 Domini

419 5168 662 5219 crucem,
718 5172 839 5226 qua:
894 5156 1192 5213 dummodo
1245 5161 1413 5225 velis,
1468 5177 1707 5216 amaram
1789 5178 2001 5216 morum

423 5255 643 5299 tuorum
692 5262 890 5315 aquam
925 5247 978 5301 in
1023 5248 1240 5303 dulcem
1290 5260 1504 5305 vertere
1539 5261 1737 5321 potest.
1770 5251 1902 5305 Nam
1944 5263 2000 5307 et

426 5352 658 5406 magnus
700 5337 911 5409 Moyses
941 5341 983 5371 "
1014 5340 1218 5410 lignum
1269 5341 1600 5413 imtuergens
1634 5343 1686 5396 in
1723 5344 2004 5399 amarissi-

428 5414 571 5479 mam
611 5426 760 5481 Mara
786 5443 1003 5499 aquam,
1041 5431 1229 5487 subito
1258 5430 1495 5497 dulcem,
1533 5441 1586 5486 et
1629 5433 1997 5503 perplacidam

427 5518 623 5573 εσευιι.

499 5645 543 5674 ’δ
594 5643 753 5701 llcbr.
785 5663 846 5714 γ,
882 5650 931 5703 8.
1012 5652 1055 5681 ’⁵

2602 4578 2722 4631 PE'.
2761 4609 2828 4617 —
2867 4577 2948 4643 Τῷ
2981 4574 3162 4642 αὐτῷ.

2166 4665 2286 4738 Χρή
2325 4683 2383 4719 σε
2434 4665 2717 4738 βιάζεσθαι
2770 4670 2864 4723 καὶ
2909 4670 3082 4738 φιλεῖν
3130 4666 3271 4721 κατά
3303 4666 3398 4735 τὴν
3442 4667 3685 4722 διάνοιαν

2097 4760 2223 4822 τοὺς
2247 4758 2440 4827 φθονυυ
2450 4760 2643 4830 μένους
2676 4760 3017 4831 ἀνθρώπους.

2607 4869 2743 4936 PG’.
2773 4899 2842 4909 —
2869 4868 2951 4934 Τῷ
2977 4867 3156 4934 αὐτῷ.

2181 4974 2423 5046 Ἑϐἀφης
2472 4975 2561 5028 τὸν
2611 4976 2873 5046 λογισμὸν
2925 4976 3002 5045 τῷ
3048 4975 3269 5047 ὀφιώδει
3300 4974 3480 5045 φθόνῳ
3522 4977 3587 5045 τῇ
3624 4991 3691 5029 τε

2101 5066 2297 5136 πικρία
2322 5070 2421 5136 τῆς
2475 5066 2804 5136 βασκανίας·
2855 5068 2969 5121 ἀλλ’
2997 5070 3140 5139 ἔχεις
3185 5068 3339 5133 ξύλον
3382 5069 3565 5138 τίμιον
3601 5067 3692 5119 τὸν

2105 5157 2334 5227 σταυρὸν
2362 5157 2457 5209 τοῦ
2486 5159 2714 5227 Κυρίου,
2744 5161 2838 5213 ὲάν
2870 5160 3122 5233 θελήσῃς,
3149 5160 3447 5230 δυνάμενον
3478 5158 3690 5227 γλυκᾶ-

2106 5265 2191 5301 ναι
2218 5249 2279 5301 τὸ
2310 5248 2505 5319 πικρὸν
2532 5248 2673 5321 ὓδωρ
2702 5249 2795 5302 τοῦ
2829 5251 2991 5321 ἤθους
3022 5269 3137 5305 σου.
3174 5250 3285 5305 Καὶ
3317 5250 3427 5320 γὰρ
3454 5253 3481 5303 ὁ
3513 5249 3696 5319 μέγας

2106 5340 2309 5410 Μωσῆς
2345 5339 2499 5404 ξύλον
2536 5341 2792 5411 ἐμϐαλὼν
2830 5344 2909 5406 είς
2950 5343 3010 5397 τὸ
3046 5343 3372 5414 πικρότατον
3416 5341 3557 5409 ὕδωρ
3587 5340 3697 5407 τῆς

2105 5432 2352 5502 Μερῤᾶς,
2395 5432 2566 5499 γλυκὺ
2615 5434 2818 5497 εὐθέως
2883 5434 2977 5487 καὶ
3036 5436 3305 5507 προσηνὲς
3363 5433 3485 5487 λίαν
3529 5430 3705 5487 τοῦτο

2106 5524 2493 5595 ἀπειργάσατο.

1129 5649 1327 5707 Jerem.
1360 5668 1551 5719 χχχιιι,
1586 5649 1704 5707 6ί8.
1780 5652 1823 5683 ³⁸
1857 5651 2029 5708 Lerit.
2062 5664 2183 5718 xm,
2244 5652 2326 5707 ll.
2405 5653 2447 5686 ’⁷
2487 5651 2654 5707 Exod.
2693 5670 2779 5719 xv,
2804 5653 2891 5707 25.
