4024 6218
661 488 780 539 ΡΖ’.
813 514 884 524 -
916 481 1290 553 ΖΩΣΙΜΙΑΝῼ
1325 482 1639 552 ΜΟΝΑΧῼ.

429 600 447 633 ι
487 578 679 645 Ἥμεῖς
704 575 780 636 δὲ,
814 575 980 643 φησὶν
1008 574 1036 624 ό
1064 573 1217 641 ἆγιος
1234 573 1494 643 Μωῦσῆς,
1513 571 1612 624 οὐκ
1641 571 1866 639 οἴδαμεν
1884 570 1935 622 τί

351 673 605 739 θύσωμεν
638 666 847 738 Κυρίῳ,
880 665 984 730 ἕως
1014 665 1107 717 τοῦ
1136 666 1469 736 πορευθῆναι
1493 666 1638 735 ἡμᾶς
1659 662 1779 717 ὁδὸν
1800 666 1937 733 ἡμε-

356 765 465 834 ρῶν
492 761 657 834 τριῶν
675 762 752 823 είς
780 760 881 831 τὴν
907 757 1132 829 ἔρημον.
1160 776 1177 809 ι
1201 758 1338 828 Παρ’
1356 759 1486 827 ἡμῖν
1521 757 1680 811 θυσία
1708 759 1741 828 ὴ
1774 772 1940 825 προσ-

352 857 488 927 ευχὴ
512 856 730 915 νοεῖται,
762 849 967 921 ἔρημος
992 849 1048 902 δὲ
1072 849 1409 912 κατάστασίς
1433 849 1516 912 τίς
1544 850 1690 901 ἐστιν
1715 849 1938 917 ἐστερησ

356 950 493 1019 μένη
547 944 739 998 παθῶν
794 942 1025 1010 ἀλόγων,
1080 942 1217 1012 ὅπερ
1270 941 1586 1009 τελειότητα
1644 938 1939 1012 ὁριζόμεθα

351 1037 513 1094 εἶναι.
536 1036 789 1091 Τοιοῦτον
818 1033 884 1087 ἂν
901 1035 1007 1105 εἴη,
1026 1034 1211 1104 φησιν,
1246 1034 1386 1103 ὑπὲρ
1411 1032 1586 1102 ὑμῶν,
1616 1032 1644 1083 ό
1681 1031 1935 1083 Ἀπόστο-

353 1131 443 1193 λος
464 1148 481 1173 '.
507 1128 570 1181 τὸ
597 1128 725 1197 γάρ,
755 1126 820 1178 Τί
848 1123 1280 1196 προσευξώμεθα
1325 1124 1446 1177 καθ’
1469 1123 1497 1176 ὃ
1527 1122 1630 1187 δεῖ,
1652 1123 1753 1175 οὐκ
1793 1123 1940 1175 οῖδα-

355 1240 458 1292 μεν
492 1221 655 1291 μέχρι
685 1218 1075 1279 καταστάσεως
1125 1215 1226 1285 τῆς
1265 1213 1510 1277 ἀπαθοῦς
1541 1231 1599 1265 τε
1645 1214 1737 1266 καὶ
1765 1212 1939 1266 καθα-

356 1314 476 1385 ρᾶς.
512 1311 586 1364 0'3
621 1310 731 1379 γὰρ
786 1308 1006 1370 πάντως
1064 1305 1156 1358 καὶ
1215 1307 1336 1358 τότε
1368 1304 1626 1368 τοιαύτας
1674 1303 1858 1373 εὐχὰς,
1904 1304 1937 1373 ἦ

356 1402 563 1465 ἐννοίας
586 1401 802 1469 ἕξομεν,
832 1400 948 1462 οἴας
979 1397 1073 1453 νῦν
1114 1396 1325 1467 διοχλού
1336 1413 1483 1468 μενοι
1512 1396 1615 1449 ὑπὸ
1644 1395 1752 1448 τῶν
1790 1397 1941 1448 ἐναν-

358 1513 511 1549 τιων.

833 1667 960 1720 PII'.
994 1694 1061 1703 —
1087 1664 1454 1735 ΦΛΔΒΙΑΝῼ.

441 1760 618 1811 Ἕοικε
672 1755 733 1809 τὸ
789 1755 1114 1827 ἡγεμονικὸν
1138 1754 1247 1807 τῶν
1293 1753 1466 1822 άγίων
1518 1752 1694 1823 πυξίῳ
1738 1752 1865 1815 τινὶ,
1905 1751 1937 1821 ἢ

1574 368 2113 429 EPISTOLARUM
2153 369 2300 428 LIB.
2336 369 2383 427 Ι.

2306 474 2463 533 CVII.
2495 507 2561 515 ——
2595 473 2972 531 SOSIMIANO
3017 473 3373 531 MONACHO.

2117 588 2135 619 ‹
2174 569 2286 625 Nos
2316 583 2467 629 vero.
2502 568 2576 620 ait
2609 576 2834 623 sanctus
2867 567 3103 638 Moyses,
3158 569 3436 623 nescimus
3485 569 3619 640 quid

2040 661 2274 715 Domino
2324 659 2801 725 sacriﬁcabimus,
2871 676 3163 731 quousque
3214 663 3625 717 ambulabimus

2043 752 2185 806 viam
2225 752 2391 807 trium
2418 752 2629 808 dierum
2670 753 2722 806 in
2762 767 3010 807 eremum
3038 753 3102 807 ".
3147 772 3165 804 ι
3204 755 3360 823 Apud
3401 771 3504 811 nos
3536 771 3626 810 sa-

2040 844 2312 899 crificium
2377 846 2554 900 oratio
2596 856 2707 911 est;
2760 846 3013 900 desertus
3074 846 3322 899 conditio
3378 850 3622 917 quaadam

2041 937 2223 992 brutis
2254 937 2545 992 affectibus
2591 938 2843 1006 spoliata,
2876 953 3039 1006 quam
3078 936 3471 1007 perfectionem
3502 955 3627 995 esse

2040 1028 2354 1082 definimus.
2394 1028 2524 1082 Tale
2552 1028 2833 1098 quidpiam
2864 1028 2971 1081 erit
2991 1030 3057 1081 de
3083 1029 3265 1094 nobis,
3290 1030 3366 1083 ait
3396 1032 3627 1099 Aposto-

2042 1118 2126 1173 lus
2153 1118 2226 1183 '9;
2256 1117 2385 1171 illud
2423 1117 2569 1171 enim
2599 1135 2611 1169 :
2650 1115 2809 1182 Quid,
2836 1115 2944 1187 47
2973 1118 3048 1170 uti
3080 1117 3330 1181 addecet,
3358 1118 3626 1172 orandum

2041 1207 2133 1270 sit,
2168 1207 2310 1261 haud
2354 1209 2602 1262 novimus
2634 1224 2810 1277 usque
2840 1208 2909 1261 ad
2954 1209 3409 1264 constitutionem
3455 1211 3630 1265 nullis

2042 1300 2353 1361 affectibus.
2385 1302 2549 1356 nullis
2577 1301 2839 1357 sordibus
2880 1302 3215 1368 obnoxiam;
3252 1318 3430 1372 neque
3479 1303 3626 1357 enim

2044 1405 2173 1447 tunc
2222 1394 2442 1449 easdem
2493 1394 2719 1448 omnin
2768 1395 3070 1459 orationes,
3113 1403 3206 1447 aut
3261 1395 3629 1465 cogitationes

2046 1484 2391 1548 habebimus,
2436 1487 2629 1557 quales
2669 1502 2817 1541 nunc
2851 1487 3117 1541 habemus
3172 1488 3240 1542 ab
3284 1486 3625 1542 adversariis

2045 1577 2422 1631 interturbati.

2494 1667 2674 1723 CVIII.
2699 1700 2767 1710 —
2806 1666 3173 1722 FLAVIANO.

2117 1755 2399 1827 Praecipua
2436 1769 2756 1812 sanctorum
2795 1759 2991 1812 anima:
3029 1773 3157 1827 pars
3200 1756 3486 1827 pugillari,
3518 1758 3634 1813 sive

360 1851 542 1921 δέλτῳ.
577 1852 635 1902 ὲν
670 1842 713 1917 ᾧ
742 1848 1090 1919 καταγράφει
1128 1847 1157 1897 ὁ
1186 1845 1317 1908 Θεὸς
1367 1846 1513 1914 ἆπερ
1538 1844 1796 1915 λεχθῆναι
1826 1843 1944 1896 δέον

2060 1846 2213 1912 libro,
2250 1848 2303 1900 in
2337 1864 2447 1917 quo
2487 1848 2631 1901 Deus
2672 1850 2876 1918 populo
2907 1865 3009 1902 suo
3042 1847 3310 1902 edicenda
3350 1847 3630 1909 inscribit.

356 1942 434 2011 τῷ
465 1940 577 2010 λαῷ
627 1938 813 1992 αὑτοῦ.
851 1938 1080 2010 Εἴρηται
1126 1935 1255 2004 γοῦν
1304 1935 1383 2006 τῷ
1430 1940 1683 2006 προφήτῃ
1745 1934 1943 1987 Ἀϐδα-

360 2030 531 2101 κούμο
571 2049 589 2082 ι
619 2029 835 2100 Γράψον
868 2029 1058 2100 ὅρασιν
1090 2028 1183 2080 ἐπὶ
1208 2026 1417 2090 πυξίου.
1458 2046 1476 2079 ι
1509 2027 1587 2097 Τῇ
1618 2027 1725 2097 γὰρ
1750 2023 1944 2078 ἑαυτοῦ

357 2121 569 2192 διανοίᾳ
608 2120 898 2189 ὲγκὺπτων
928 2119 957 2170 ό
994 2117 1172 2187 ἅγιος,
1215 2116 1311 2170 καὶ
1341 2119 1420 2180 είς
1461 2116 1623 2170 αὑτὸν
1655 2118 1818 2188 ὁρῶν,
1852 2118 1946 2170 καὶ

359 2213 497 2277 ὅλως
529 2212 659 2264 εἴσω
713 2209 1214 2280 συνεστραμμένος,
1270 2208 1439 2261 οἱονεὶ
1488 2208 1802 2277 ἐντυγχάνει
1835 2208 1946 2269 τοῖς

362 2303 796 2371 καταγραφεῖσιν
845 2299 1134 2353 ὑπὸΘεοῦ
1164 2300 1258 2352 ἐπὶ
1304 2301 1403 2371 τὴν
1437 2299 1631 2353 ἑαυτοῦ
1681 2298 1944 2362 διάνοιαν,

364 2398 463 2448 καὶ
503 2394 672 2455 οὕτως
698 2391 1021 2460 ἐπαγγέλλει
1054 2392 1133 2462 τῷ
1165 2391 1302 2462 λαῷ.

670 2485 792 2538 Ρθν.
828 2517 897 2526 -
929 2485 1225 2555 ΑΦΘΟΝΙῼ
1255 2483 1632 2553 summm.

445 2579 511 2632 Ἥ
541 2578 798 2647 ἐπιστολή
831 2594 922 2630 σου
955 2578 1197 2629 τοιοῦτον
1225 2575 1337 2646 ἔχει
1366 2575 1563 2627 τύπον’
1598 2575 1661 2626 Ei
1687 2574 1785 2643 μὲν
1816 2576 1844 2627 ό
1870 2575 1948 2637 εἰς

365 2673 462 2743 τὴν
489 2672 591 2741 γῆν
643 2671 875 2741 σπαρεὶς
905 2672 1048 2733 σῖτος
1082 2668 1158 2738 μὴ
1210 2666 1524 2737 διεσήπετο,
1578 2660 1724 2733 εἶχεν
1758 2665 1949 2718 ἐλπίδα

365 2763 715 2825 ἀναστάσεως
762 2761 822 2814 τὸ
864 2760 1207 2831 ἀνθρώπινον
1260 2759 1441 2831 σῶμα.
1489 2761 1552 2812 Εί
1598 2759 1653 2813 δὲ
1697 2762 1725 2812 ὁ
1781 2763 1946 2825 σῖτος,

366 2859 488 2926 ἢτοι
522 2855 775 2906 παντοῖον
807 2854 1022 2923 γένημα
1046 2851 1389 2921 καταϐληθὲν
1411 2852 1489 2915 είς
1515 2852 1613 2919 τὴν
1646 2851 1749 2919 γῆν
1780 2853 1949 2921 σήπε-

363 2964 480 3010 ται,
498 2946 595 3000 καὶ
615 2946 675 2999 τὸ
701 2945 860 3015 σῶμα
881 2944 975 2997 τοῦ
1001 2942 1291 3015 ἀνθρώπου
1319 2944 1398 3005 εἰς
1427 2943 1634 3013 τέφραν
1680 2944 1773 2996 καὶ
1802 2942 1951 2995 κόνιν

365 3038 707 3111 κεχώρηκεν,
749 3038 801 3090 τί
841 3055 930 3107 μοι
956 3036 1375 3105 κατεπαγγέλλῃ
1401 3034 1702 3089 ἀνάστασιν
1731 3034 1950 3089 ἔσεσθαι

364 3135 481 3187 τῶν
528 3131 886 3202 ἀνθρωπίνων
947 3129 1251 3199 σωμάτων;
1320 3126 1461 3195 Ἐγὼ
1511 3126 1568 3180 δέ
1628 3144 1771 3197 φημι
1815 3127 1952 3196 πρὸς

368 3223 579 3280 ταῦτα·
649 3220 951 3291 Ἀνάγνωθί
1001 3238 1091 3291 μοι
1144 3220 1242 3290 τὴν
1288 3220 1462 3291 ἀρχὴν
1507 3218 1607 3289 τῆς
1646 3219 1949 3282 Γενέσεωςο

372 3337 391 3369 ι
432 3315 544 3370 Καὶ
574 3313 764 3368 ἔλαὸεν
791 3316 818 3366 ὁ
842 3312 972 3375 Θεὸς
1019 3310 1147 3382 χοῦν
1176 3313 1285 3364 ἀπὸ
1314 3312 1411 3382 τῆς
1444 3311 1566 3382 γῆς.
1621 3313 1715 3365 καὶ
1754 3312 1955 3365 ἔπλασε

367 3411 461 3463 τὸν
487 3407 792 3478 ἄνθρωπον.
842 3423 860 3455 ι
901 3404 968 3455 Τί
1019 3403 1199 3457 τοίνυν
1232 3402 1538 3456 διαλλάττει
1577 3405 1604 3457 ὁ
1635 3404 1699 3457 ὲκ
1722 3403 1821 3473 τῆς
1851 3404 1954 3472 γῆς

368 3498 499 3571 χοῦς
531 3497 630 3567 τῆς
681 3495 883 3564 τέςρρας
917 3493 1010 3546 καὶ
1038 3494 1272 3559 κόνεως;
1300 3492 1510 3564 Ὥσπερ
1534 3494 1710 3547 τοίνυν
1736 3496 1955 3566 ὲν,ἀρχῇ

368 3594 437 3645 ἐκ
466 3593 569 3660 γῆς
599 3587 721 3658 χοὸς
750 3583 1167 3654 κατεσκευάσθη
1199 3584 1259 3636 τὸ
1289 3583 1467 3653 σῶμα,
1501 3585 1594 3638 καὶ
1626 3585 1955 3656 ενεπνεύσθη

370 3678 479 3731 ὑπὸ
506 3678 668 3741 Θεοῦ,
697 3675 791 3727 καὶ
830 3674 1031 3743 ἐστάθη
1062 3673 1344 3744 ἄνθρωπος
1378 3673 1482 3725 ὑπὸ
1507 3674 1630 3738 τοὺς
1664 3675 1829 3739 πόδας
1861 3676 1958 3729 αὑη

370 3767 470 3821 τοῦ
498 3784 510 3795 ·
548 3765 719 3829 οὓτως
754 3766 916 3818 πάλιν
971 3766 1036 3817 ἐκ
1068 3765 1189 3833 χοὸς
1225 3765 1318 3817 καὶ
1346 3764 1410 3817 ὲκ
1462 3764 1670 3835 τέφρας
1722 3767 1813 3818 ἐπὶ
1860 3768 1959 3837 τῆς

376 3859 690 3919 συντελείας
736 3856 832 3909 τοῦ
863 3856 1128 3927 παρόντος
1180 3855 1396 3921 αἰῶνος,
1445 3859 1510 3927 τῇ
1544 3858 1837 3925 προστάξει
1865 3859 1961 3912 καὶ

372 3951 606 4021 δυνάμει
634 3949 727 4002 τοῦ
757 3948 917 4012 Θεοῦ,
950 3949 1370 4020 ἐξαναστήσεται
1400 3950 1470 4002 τὰ
1511 3948 1827 4019 ἀνθρώπινα
1858 3950 1963 4002 σώ-

379 4062 527 4115 ματα
558 4044 654 4106 τὰς
684 4042 819 4106 ἰδίας
854 4041 1196 4096 ἀπολαϐόντα
1233 4041 1430 4112 ψυχὰς,
1464 4042 1560 4094 καὶ
1586 4041 1680 4095 ἐπὶ
1727 4043 1853 4106 τοὺς
1880 4043 1962 4096 ol—

378 4138 563 4199 κείους
592 4138 879 4206 στήσονται
912 4135 1098 4200 πόδας,
1164 4136 1243 4197 είς
1281 4134 1438 4199 δόξαν
1495 4135 1585 4187 καὶ
1621 4133 1839 4188 ἔπαινον
1869 4135 1962 4189 τοῦ

391 4230 570 4282 πάντα
594 4229 689 4282 θαυ
697 4228 880 4299 μαστά
908 4229 1275 4300 ἐργαζομένου
1302 4230 1506 4298 Δημιου
1517 4226 1646 4297 ργοῦ
1676 4228 1781 4282 τῶν
1804 4229 1960 4284 ὅλων.

900 4411 1002 4463 Pl'.
1038 4440 1107 4453 -—
1152 4408 1235 4476 Τῷ
1264 4410 1444 4476 αὐτῷ.

2046 1941 2408 1995 assimilatur.
2470 1939 2653 2006 Quare
2714 1943 2997 2011 propheta:
3064 1939 3321 1992 llabaeuc
3380 1939 3630 1993 dicitur:

2051 2051 2071 2085 ε
2106 2032 2299 2088 Scribe
2320 2034 2587 2088 visionem
2625 2035 2677 2086 in
2707 2033 2905 2088 tabella
2930 2032 3113 2097 ⁸⁰·¹⁹;›
3152 2046 3389 2102 namque
3423 2032 3475 2085 in
3509 2048 3635 2102 pro-

2047 2123 2220 2192 priam
2254 2131 2491 2177 mentem
2538 2136 2767 2178 sanetus
2795 2122 3209 2191 introspiciens,
3240 2128 3296 2177 et
3333 2123 3390 2176 in
3436 2132 3636 2178 semet-

2047 2215 2227 2284 ipsum
2274 2216 2468 2270 oculos
2504 2213 2713 2283 figens,
2766 2222 3029 2283 totusque
3062 2214 3117 2267 in
3153 2213 3403 2269 internas
3446 2223 3635 2284 partes

2048 2320 2377 2369 conversus,
2421 2306 2629 2375 scripta
2672 2320 2701 2358 a
2750 2304 2860 2359 Deo
2894 2305 2947 2358 in
2987 2320 3087 2360 sua
3120 2314 3303 2360 mente
3336 2306 3632 2375 comperit,

2049 2400 2239 2471 sicque
2268 2400 2522 2455 enuntiat
2555 2401 2780 2471 populo.

2261 2491 2401 2546 CIX.
2444 2520 2513 2532 —
2554 2488 2960 2544 APHTHONIO
3005 2486 3412 2543 SAMARlT/E.

2121 2585 2343 2639 Litterae
2370 2592 2477 2637 tua:
2510 2584 2658 2636 hunc
2705 2582 2759 2634 in
2792 2582 3015 2635 modum
3054 2580 3416 2634 eﬂormantur
3450 2598 3463 2633 :
3500 2580 3545 2634 si
3583 2579 3636 2632 in

2050 2688 2195 2732 terra
2236 2691 2467 2746 granum
2524 2674 2850 2745 projectum,
2906 2688 3015 2726 non
3067 2678 3433 2741 putresceret,
3485 2688 3635 2741 spent

2052 2783 2187 2823 sane
2218 2766 2648 2821 resurrectionis
2679 2766 2919 2834 aliquam
2949 2779 3154 2834 corpus
3188 2762 3417 2818 haberet
3447 2764 3640 2816 Imma-

2051 2877 2208 2916 num:
2241 2858 2398 2925 Quod
2444 2858 2489 2912 si
2541 2856 2905 2921 frumentum,
2955 2864 3010 2911 et
3058 2856 3426 2927 quodcunque
3488 2858 3634 2911 aliud

2051 2967 2273 3023 germen
2311 2952 2363 3004 in
2410 2962 2612 3004 terram
2649 2949 2960 3004 immissum
3002 2949 3292 3017 putrescit,
3337 2957 3393 3002 et
3429 2964 3638 3019 corpus

2053 3042 2339 3096 hominum
2375 3040 2430 3094 in
2479 3041 2749 3102 cinerem,
2801 3054 2865 3094 ac
2904 3040 3187 3109 pulverem
3229 3039 3469 3093 fatiscit:
3506 3040 3636 3109 quid

2056 3131 2191 3186 mihi
2242 3130 2392 3185 omni
2448 3129 2857 3185 asseveratione
2912 3128 3281 3181 humanorum
3341 3142 3638 3197 corporum

2060 3223 2522 3279 resurrectionem
2575 3221 2817 3274 futuram
2851 3217 3126 3274 affirmas?
3149 3218 3231 3270 Ad
3267 3220 3380 3272 hare
3407 3220 3525 3288 ipse
3554 3235 3641 3274 re-

2060 3314 2323 3385 spondeo.
2367 3312 2635 3367 Percurre
2689 3311 2920 3366 Genesis
2965 3311 3230 3366 initium:
3274 3331 3290 3361 ι
3330 3310 3397 3364 ΕΙ.
3430 3313 3643 3382 accepit

2060 3406 2205 3462 Deus
2246 3407 2524 3478 pulverem
2558 3420 2587 3459 e
2627 3412 2793 3469 terra,
2834 3412 2888 3458 et
2930 3402 3189 3457 formavit
3229 3403 3503 3459 hominem
3537 3404 3637 3455 ".p

2060 3498 2192 3565 Qua:
2220 3514 2351 3567 ergo
2384 3496 2693 3551 differentia
2734 3503 2819 3551 est
2855 3496 3000 3549 inter
3032 3496 3315 3563 pulverem
3369 3510 3437 3549 ex
3471 3504 3640 3555 terra,

2060 3600 2109 3643 et
2142 3588 2406 3654 cinerem,
2434 3596 2489 3642 et
2518 3587 2830 3657 pulverem?
2868 3585 3339 3652 Quemadmodum
3368 3587 3555 3657 itaque
3577 3601 3643 3640 ex

2062 3678 2229 3732 humo
2269 3686 2428 3733 terra:
2474 3678 2747 3748 principio
2780 3691 2987 3746 corpus
3020 3687 3402 3731 constructum
3449 3685 3554 3740 est,
3590 3687 3644 3730 et

2063 3770 2315 3840 Spiritum
2347 3787 2412 3825 ex
2450 3769 2559 3825 Deo
2599 3770 2833 3838 accepit,
2880 3770 3150 3837 stetitque
3202 3770 3366 3822 homo
3413 3769 3645 3838 pedibus

2063 3861 2203 3925 suis,
2235 3861 2316 3915 sic
2350 3875 2546 3912 rursus
2578 3874 2643 3911 ex
2676 3866 2821 3911 terra
2855 3865 2906 3911 et
2938 3858 3123 3910 cinere
3151 3856 3265 3927 48
3310 3856 3363 3909 iu
3407 3872 3646 3926 praesen-

2065 3952 2138 4005 tis
2170 3952 2355 4007 sarculi
2390 3951 2519 4016 ﬁne,
2549 3950 2783 4018 imperio
2817 3964 2879 4003 ac
2909 3949 3167 4002 facultate
3200 3949 3383 4001 divina
3409 3962 3643 4018 corpora

2067 4043 2306 4097 humana
2340 4047 2649 4110 resurgent,
2684 4038 2937 4108 proprias
2968 4037 3374 4092 reassumentia
3402 4038 3640 4096 animas.

2065 4135 2398 4205 et-propriis
2433 4134 2659 4189 stabunt
2690 4131 2925 4201 pedibus
2956 4130 3012 4184 in
3047 4130 3306 4201 gloriam,
3342 4140 3396 4185 et
3427 4131 3644 4186 laudem
3676 4182 3697 4203 χ

2069 4229 2236 4294 illius,
2281 4228 2377 4298 qui
2419 4225 2603 4281 omnia
2648 4226 2790 4279 mira
2837 4230 3121 4294 operatur,
3177 4223 3428 4278 omnium
3485 4222 3649 4278 Crea-

2069 4322 2227 4379 toris.
2570 4326 2573 4329 ‘

2615 4410 2730 4467 CX.
2769 4441 2836 4451 —
2874 4407 3082 4463 Eidem.

454 4500 667 4569 Ὠσπερ
693 4500 773 4570 τῷ
799 4502 1016 4572 μεγάλῳ
1066 4502 1317 4573 ’Λὸραὰμ
1364 4504 1397 4572 ἡ
1438 4503 1620 4566 πίστις
1655 4502 1953 4571 λελόγισται

2134 4504 2610 4573 Quemadmodum
2667 4518 2867 4573 magno
2920 4500 3155 4555 Abrahae
3208 4499 3341 4555 fides
3397 4510 3649 4581 reputata

380 4594 466 4653 εἰς
497 4591 862 4659 δικαιοσύνην,
886 4592 1028 4645 οὕτω
1053 4593 1147 4645 καὶ
1173 4594 1255 4646 σοὶ
1287 4592 1592 4647 πιστεύοντι
1636 4594 1715 4657 είς
1752 4593 1962 4665 νεκρῶν

380 4682 701 4747 ἀνάστασιν,
735 4682 893 4752 εἴπερ
924 4683 1016 4735 καὶ
1046 4682 1416 4750 πιστεύσειας,
1467 4681 1783 4755 δικαιοσύνη
1808 4682 1963 4752 παρά

377 4773 463 4842 τῷ
497 4770 616 4825 Θεῶ
658 4772 869 4843 μεγάλη
904 4772 1303 4845 λογισθήσεται.

882 4867 1032 4920 PIA'.
1059 4895 1131 4945 f—
1159 4866 1241 4937 Τῷ
1286 4865 1467 4933 αὐτῷ.

461 4958 846 5028 Γεγράφηκας,
876 4960 958 5011 ὅτι
994 4960 1098 5013 Τὸν
1127 4960 1323 5014 κόκκον
1356 4959 1450 5013 τοῦ
1478 4960 1625 5013 σίτου
1655 4960 1853 5024 ἀλὲσω,
1873 4960 1967 5017 καὶ

384 5048 600 5117 ποιήσω
626 5048 873 5118 ἄλευρον.
902 5048 1019 5102 Κᾶν
1046 5050 1305 5121 μυριάκις
1335 5052 1543 5122 σπείρω
1573 5050 1735 5104 αὑτὸν
1765 5055 1844 5116 είς
1872 5053 1969 5123 τὴν

384 5137 514 5206 γῆν,
547 5138 645 5190 οὐκ
676 5139 757 5191 ἔτι
787 5138 1155 5208 ζωογονεῖται,
1197 5142 1311 5194 ἀλλ’
1355 5141 1465 5194 οὐδ’
1514 5141 1880 5209 ἐξανίσταται,
1908 5145 1968 5196 οὑ

386 5228 470 5297 μὴ
502 5226 795 5300 βλαστήσει
842 5231 992 5296 ποτὲ,
1040 5231 1102 5283 οὐ
1140 5230 1214 5303 μὴ
1257 5234 1707 5305 καρποφορήσει’
1736 5234 1878 5287 οὕτω
1906 5234 1971 5305 δὴ

383 5321 485 5373 καὶ
504 5320 565 5371 τὸ
598 5321 757 5391 σῶμα
780 5323 972 5376 σποδιά
1006 5325 1099 5378 καὶ
1125 5324 1273 5389 κόνις
1300 5325 1612 5396 γενόμενον,
1657 5327 1757 5380 οὐκ
1789 5327 1855 5381 ἂν
1881 5326 1972 5379 66-

385 5430 543 5467 ναιτο
569 5413 649 5467 ἔτι
680 5416 1062 5486 ἐξαναστῆναι,
1116 5416 1148 5487 ἢ
1198 5416 1362 5486 ζῆσαι
1412 5418 1779 5473 παντάπασιν.
1830 5418 1970 5471 Ἀλλ’

386 5505 504 5575 ἐγώ
547 5523 628 5560 σοι
659 5507 825 5560 πάλιν
873 5508 968 5561 καὶ
1016 5507 1112 5561 νῦν
1158 5508 1229 5561 τά
1257 5509 1396 5564 αὑτά
1432 5511 1839 5582 προσαγάγοιμι
1876 5512 1974 5566 σὺν

387 5599 661 5669 πραότητι
709 5599 951 5670 ῥήματα,
1007 5598 1149 5671 ἅπερ
1181 5601 1273 5654 καὶ
1309 5601 1475 5655 πάλαι
1528 5602 1858 5669 ἐπέσταλκα,
1891 5604 1972 5659 ὅτι

466 5778 510 5810 ³³
539 5749 709 5857 Exod.
778 5796 837 5844 ν,
926 5785 978 5837 3.
1176 5784 1219 5813 “
1242 5781 1400 5840 Rom.
1442 5799 1563 5850 vni,
1594 5784 1683 5841 26.

2068 4601 2168 4655 fuit
2210 4600 2263 4653 in
2291 4599 2561 4669 justitiam
2598 4596 2643 4628 ¹¹
2670 4636 2684 4659 ,
2722 4597 2797 4650 ita
2830 4603 2883 4649 et
2922 4596 3017 4648 tibi
3050 4592 3435 4649 defunctorum
3468 4609 3650 4648 resur-

2068 4692 2301 4753 rectioni
2348 4690 2505 4745 fidem
2556 4689 2878 4744 adhibenti:
2910 4688 3151 4744 simodo
3199 4701 3439 4755 unquam
3491 4686 3650 4739 fidem

2069 4783 2410 4846 adhibueris,
2436 4782 2647 4853 iustitia
2674 4779 2815 4851 apud
2853 4779 3020 4835 Deum
3054 4780 3251 4850 ingens
3284 4777 3651 4847 reputabitur.

2600 4872 2734 4929 CXI.
2770 4903 2841 4913 -ι
2872 4871 3077 4929 Eidem.

2148 4967 2429 5037 Scripsisti
2456 4986 2468 5021 ε
2522 4965 2768 5021 Granum
2809 4965 3068 5019 frumenti
3097 4963 3319 5027 molam,
3350 4969 3405 5016 et
3434 4959 3488 5015 in
3522 4959 3623 5013 fari

2078 5075 2203 5115 nam
2235 5060 2497 5128 redigam.
2532 5058 2585 5114 ld
2616 5059 2744 5113 licet
2776 5058 2977 5112 millies
3010 5056 3064 5110 in
3093 5066 3297 5110 terram
3345 5054 3651 5111 seminave-

2079 5151 2206 5215 rim,
2233 5164 2342 5202 non
2378 5148 2613 5218 amplius
2647 5148 2951 5209 reviviscit,
2975 5147 3088 5200 imo
3114 5161 3216 5201 nec
3254 5154 3525 5215 resurget,
3547 5159 3653 5204 nec

2081 5257 2322 5311 unquam
2372 5241 2625 5296 surculos
2669 5240 2905 5305 emittet,
2955 5254 3136 5309 neque
3183 5238 3393 5295 fructus
3432 5238 3654 5305 afferet;

2079 5336 2198 5406 pari
2234 5335 2448 5387 ratione
2481 5340 2535 5386 et
2557 5346 2760 5401 corpus
2783 5331 2945 5398 cinis,
2974 5345 3036 5385 ac
3072 5331 3254 5401 pulvis
3295 5332 3522 5395 factum,
3548 5346 3655 5386 non

2080 5426 2286 5499 poterit
2338 5442 2651 5496 resurgere,
2690 5440 2870 5496 neque
2909 5425 3188 5481 ullatenus
3242 5424 3408 5479 vitam
3453 5426 3654 5479 vivere.

2080 5520 2150 5574 At
2179 5519 2317 5589 ipse,
2348 5534 2508 5589 quem
2538 5518 2675 5573 alias
2706 5517 2805 5573 tibi
2848 5518 3107 5573 miseram
3145 5530 3479 5581 sermonem,
3509 5531 3663 5570 eun:-

2081 5610 2203 5664 dem
2228 5625 2375 5665 nunc
2404 5625 2527 5665 cum
2557 5608 2872 5681 placiditate
2904 5618 3165 5679 repetam.
3189 5606 3656 5676 Quemadmodum

1770 5787 1887 5819 θοήν

2060 5802 2124 5843 ις.
2164 5805 2222 5857 n,
2255 5789 2307 5842 3.
2376 5791 2420 5821 “
2454 5789 2588 5846 Gen.
2629 5806 2685 5860 ιι,
2720 5790 2773 5843 '7.
2852 5790 2893 5823 “
2918 5788 3053 5855 Gen,
3091 5803 3180 5857 xv,
3221 5788 3298 5853 6;
3333 5784 3469 5840 Rom
3511 5783 3667 5856 tv,‘5.
