4024 6218
445 344 539 414 131

1907 341 1968 402 S.
2008 340 2173 401 NILI

3591 323 3697 391 13?.

447 470 684 530 primum
718 470 786 510 es
821 460 964 507 terra
1006 450 1171 505 homo
1201 447 1467 520 potentia,
1493 455 1546 502 et
1569 457 1686 503 arte
1721 447 2021 518 sapientis-

2137 445 2317 516 ῶσπερ
2345 442 2442 513 τὴν
2471 441 2643 512 ἀρχὴν
2672 441 2732 496 ἐκ
2757 438 2876 510 χοὸς
2901 437 3182 508 ἄνθρωπος
3215 433 3492 504 ἀνεδείχθη
3522 436 3587 506 τῇ
3610 435 3704 488 δυ-

445 549 595 607 simi.
630 562 694 601 ac
742 542 1135 614 omnipotentis
1177 541 1391 596 Domini
1437 541 1683 602 substitit
1714 559 1728 594 :
1765 542 1838 594 ita
1874 549 1928 594 et
1959 539 2016 593 in

445 642 553 696 line
587 638 870 709 praesentis
903 635 1088 690 saeculi
1123 651 1186 690 ex
1237 635 1420 688 cinere
1468 633 1715 702 corrupti
1767 631 2019 702 corporis

444 729 774 791 resurrectio
797 728 918 792 ﬁet,
946 737 1011 782 iet
1043 733 1294 795 resurget
1339 725 1525 788 homo,
1563 725 1680 778 vita
1726 724 2023 792 aitimoque

443 819 708 890 praeditus
735 817 966 888 pristina
995 817 1354 887 corruptione
1377 815 1614 885 abiecta.
1643 825 1697 872 et
1723 815 1910 870 divina
1939 815 2020 867 in-

438 911 899 982 corruptibilitate
930 918 1269 981 comparata.

970 1174 1128 1229 CXII.
1164 1205 1236 1215 --
1278 1172 1483 1228 Eidem.

515 1267 708 1322 Dixisti
740 1267 1105 1320 humanorum
1139 1280 1430 1335 corporum
1460 1264 1680 1318 cineres
1715 1261 1822 1314 huc
1858 1269 2022 1329 atque

446 1356 574 1409 illuc
604 1355 901 1423 dissipatos
938 1369 967 1407 a
1008 1352 1220 1416 ventis,
1268 1362 1322 1406 et
1363 1353 1528 1406 veluti
1565 1351 1676 1423 49
1716 1350 2022 1404 ventilabro

443 1446 716 1516 iactatos:
788 1453 841 1498 et
884 1443 1016 1514 quid
1054 1446 1158 1498 erit
1202 1443 1378 1496 ultra?
1429 1443 1533 1498 Sed
1584 1442 1889 1511 perpendes
1941 1455 2025 1492 ve-

447 1536 563 1595 lim,
611 1533 882 1589 undenazn
932 1545 1077 1588 terra
1125 1534 1392 1602 producta
1423 1539 1529 1596 est,
1561 1531 1705 1586 unde
1753 1529 1915 1607 ignis,
1969 1537 2024 1582 et

445 1640 563 1687 aer,
598 1633 652 1678 et
693 1640 831 1694 aqua
875 1625 1160 1680 substitit?
1195 1624 1341 1679 Sane
1379 1625 1609 1684 omnino
1640 1637 1704 1677 ex
1748 1630 1798 1676 te
1826 1618 2023 1675 scisci-

445 1716 607 1780 tanti,
631 1723 961 1784 nugamenta
985 1714 1229 1784 geutium
1262 1715 1420 1783 longe
1445 1713 1688 1783 abigens.
1714 1719 1766 1764 et
1789 1708 2023 1778 pseudo-

2122 539 2282 606 νάμει
2307 535 2398 588 καὶ
2429 537 2491 604 τῇ
2518 533 2683 604 τέχνῃ
2728 530 2820 584 τοῦ
2851 529 3122 596 πανσόφου
3162 530 3256 580 καὶ
3294 527 3473 580 πάντα
3493 524 3703 594 ἰσχύον-

2121 647 2211 682 τος
2273 627 2502 697 Κυρίου,
2563 624 2706 679 οὕτω
2753 623 2848 675 καὶ⁵
2899 621 2956 678 ὲν
3001 619 3078 690 τῷ
3102 618 3244 672 τέλει
3286 616 3380 670 τοῦ
3438 615 3705 685 παρόντος

2121 721 2311 782 αἰῶνος
2355 721 2418 770 ἐκ
2445 716 2545 785 τῆς
2594 712 2815 774 σποδιᾶς
2866 714 3156 780 γενήσεται
3201 710 3233 778 ἡ
3270 705 3567 764 ἀνάστασις
3610 702 3703 754 τοῦ
3757 724 3764 729 ·

2122 809 2464 880 ἐφθαρμένον
2492 805 2762 876 σώματος,
2784 802 2878 864 καὶ
2907 801 3334 869 ὲξαναστήσεται
3367 800 3394 850 6
3414 795 3511 850 ἀνθ
3523 810 3704 864 ρωπος

2127 899 2480 968 ζωοποιηθείς
2527 915 2586 951 τε
2621 899 2713 950 καὶ
2739 895 3030 966 ψυχωθεὶς,
3065 892 3163 964 τὴν
3190 892 3290 961 μὲν
3329 886 3708 961 προλαϐοῦσαν

2125 995 2333 1068 φθορὰν
2361 989 2843 1062 ἁποτιναξάμενος,
2873 985 3306 1053 ἐπενδυσάμενος
3332 982 3388 1036 δὲ
3421 981 3519 1051 τὴν
3539 979 3708 1032 -θείαν

2125 1083 2454 1156 ἀφθαρσίαν.

2621 1171 2768 1226 PIB'.
2807 1199 2873 1210 -—
2909 1165 2993 1232 Τῷ
3029 1162 3208 1229 αὐτῷ.

2199 1267 2455 1335 Εἷρηκας,
2494 1263 2592 1331 τὴν
2627 1257 2852 1312 σποδιὰν
2890 1257 2998 1310 τῶν
3048 1251 3403 1323 ἀνθρωπίνων
3438 1251 3708 1319 σωμάτων

2125 1358 2230 1410 ὑπὸ
2257 1356 2364 1408 τῶν
2394 1354 2611 1424 ἀνέμων
2656 1350 2904 1419 πανταχῆ
2952 1344 3442 1417 διασκορπισθῆναί
3483 1361 3542 1395 τε
3613 1343 3707 1394 καὶ

2124 1447 2476 1518 λικμηθῆναι,
2503 1444 2596 1496 καὶ
2620 1443 2670 1496 τί
2697 1441 2910 1504 λοιπὸν;
2954 1439 3094 1492 Ἀλλ’
3121 1437 3371 1506 ἐννόησον
3399 1453 3510 1505 μοι,
3543 1434 3705 1487 πόθεν

2124 1539 2263 1609 ὴ“γῆ
2297 1533 2731 1603 κατεσκευάσθη,
2769 1531 2933 1584 πόθεν
2967 1530 3098 1601 πῦρ,
3136 1529 3230 1581 καὶ
3275 1529 3404 1597 ἀὴρ,
3438 1527 3533 1579 καὶ
3563 1525 3706 1594 ὕδωρ

2127 1632 2465 1699 ύφέστηκενς
2519 1627 2744 1688 Πάντως
2793 1626 2940 1694 ἐρεῖς
2985 1623 3061 1692 τῷ
3116 1620 3461 1692 έπερωτῶντί
3501 1638 3560 1673 σε
3601 1620 3710 1672 τῶν

2141 1718 2470 1789 unum
2499 1718 2688 1787 πόρρω
2722 1714 2938 1784 φεύγων
2979 1711 3540 1782 παραφλυαρημάτων
3561 1749 3576 1772 ,
3617 1709 3712 1760 καὶ

450 1806 897 1875 ρίιίιοεοριιοτιιιιι
949 1807 1186 1875 ineptias
1242 1814 1572 1860 exsecratus
1623 1803 2019 1873 respondebis:

2137 1810 2422 1867 ἀποπτύων
2451 1809 2573 1871 τοὺς
2601 1808 2802 1876 λήρους
2833 1805 2942 1862 τῶν
2967 1801 3463 1874 ψευδοφιλοσόφων,
3493 1800 3711 1861 πάντως

446 1910 513 1948 ex
543 1909 609 1948 eo
637 1895 782 1964 quod
825 1910 934 1948 non
977 1904 1118 1958 erat,
1165 1912 1220 1948 ιιι
1267 1895 1317 1947 id
1356 1895 1499 1964 quod
1531 1902 1638 1960 est,
1688 1895 1959 1956 elementa
1995 1908 2026 1946 a

448 1984 556 2038 Deo
587 1985 853 2054 producta
888 1984 1080 2040 fuisse.
1119 1985 1235 2053 Ipse
1268 1987 1431 2039 etiam
1469 1983 1625 2038 edico
1648 1984 1765 2058 .tibi
1796 1997 2026 2050 :quem-

446 2076 738 2130 admodum
773 2093 840 2130 ex
900 2079 967 2132 iis
1021 2093 1143 2146 quae
1171 2093 1277 2132 non
1305 2083 1488 2141 erant,
1519 2075 1585 2128 ad
1622 2074 1674 2128 id
1703 2075 1849 2144 quod
1875 2083 2027 2140 sunt,

446 2165 631 2220 omnia
664 2172 798 2218 nutu
834 2165 955 2219 solo
993 2166 1193 2218 divina:
1236 2163 1540 2218 voluntatis
1578 2162 1910 2226 substitere;
1954 2161 2032 2214 ita

448 2270 517 2310 ex
547 2269 612 2310 eo
639 2255 847 2320 cinere,
876 2257 969 2325 qui
997 2271 1030 2310 ο
1063 2265 1114 2310 te
1143 2255 1463 2325 deperditus
1499 2269 1623 2309 esse
1652 2253 2027 2318 existimatur,

447 2345 818 2401 humanorum
851 2363 1147 2418 corporum
1185 2349 1518 2402 resurrectio
1547 2347 1674 2400 erit.
2011 2354 2016 2358 ‘

971 2437 1154 2494 CXIII.
1195 2468 1266 2478 —
1307 2435 1518 2491 Eidem.

517 2536 887 2605 Omnipotens
921 2529 1085 2592 Deus,
1121 2531 1212 2599 qui
1243 2527 1609 2595 exsiccatum,
1644 2537 1699 2582 et
1743 2527 1864 2582 sine
1906 2540 2032 2580 cor-

452 2629 560 2682 tice
590 2625 843 2680 baculum
873 2619 1076 2689 Moysis
1105 2620 1243 2672 miro
1274 2617 1514 2688 quodam
1550 2616 1714 2670 modo
1745 2615 1798 2669 in
1831 2613 2033 2667 animal

450 2715 777 2774 animatum,
803 2723 1108 2778 repensque
1135 2708 1450 2761 inimutavit
1472 2709 1516 2738 ¹¹
1534 2723 1548 2771 ;
1568 2706 1736 2759 draco
1760 2703 2032 2773 siquidem

451 2816 571 2862 crat
605 2801 892 2862 terribilis,
925 2807 978 2852 et
1008 2797 1222 2867 Moyses
1258 2797 1312 2849 in
1343 2795 1530 2864 fugam
1574 2810 1634 2847 se
1669 2793 1821 2847 dedit
1870 2792 2035 2843 mira-

449 2897 575 2954 culo
608 2891 937 2965 perterritus
969 2906 982 2941 :
1019 2895 1072 2942 et
1101 2888 1190 2957 qui
1233 2886 1470 2939 Aaronis
1503 2884 1760 2938 baculum
1797 2879 2031 2944 siceum,

448 3003 503 3044 et
536 2989 716 3056 ipsum
751 2983 980 3037 multum
1005 2989 1133 3033 ante
1167 2987 1405 3047 tempus,
1437 2977 1645 3044 absque
1675 2987 1841 3037 terra,
1866 2981 1921 3029 et
1949 2988 2034 3026 ra-

451 3075 692 3136 dicibus,
725 3079 778 3126 et
804 3069 1026 3140 pluviis,
1057 3078 1110 3121 et
1143 3066 1289 3121 aeris
1329 3065 1613 3135 temperie,
1645 3064 1728 3118 vel
1771 3064 1890 3118 sola
1933 3080 2028 3116 vo-

451 3165 664 3219 luntate
697 3177 806 3214 una
843 3169 1007 3214 nocte
1041 3171 1264 3228 germen
1293 3155 1571 3220 emittere,
1597 3165 1649 3208 et
1675 3153 1803 3207 folia
1834 3155 2032 3223 gratio-

453 3256 709 3319 sissima,
771 3262 826 3308 et
881 3250 1119 3304 fructum
1177 3246 1608 3318 pulcherrimum
1641 3284 1656 3307 ,
1718 3244 1897 3299 ell‘ecit
1947 3245 2029 3310 ";

451 3347 638 3402 omnia
687 3358 923 3412 namque
970 3341 1079 3396 Deo
1131 3339 1518 3408 omnipotenti,
1568 3338 1654 3391 cui
1685 3338 1867 3391 omnia
1898 3337 2032 3390 obe-

455 3438 638 3501 diunt,
691 3434 978 3505 possibilia
1022 3440 1151 3486 sunt
1199 3448 1212 3484 :
1263 3432 1384 3500 ipse
1438 3431 1552 3484 ictu
1596 3428 1744 3482 oeuli
1785 3435 2034 3497 tempore.

453 3529 640 3584 debito
669 3539 900 3594 corpora
936 3526 1168 3576 humana
1203 3536 1488 3590 resurgere
1516 3520 1700 3582 faciet,
1735 3533 1833 3575 sua
1857 3519 2032 3590 gratia

453 3618 811 3690 pullulantia,
844 3614 981 3668 etin
1016 3623 1230 3666 tantum
1261 3612 1488 3678 decora,
1527 3619 1585 3663 ut
1622 3609 1813 3664 divino
1852 3611 2034 3680 splen-

454 3714 590 3765 dore
611 3706 898 3763 inanimati
929 3707 1062 3759 solis
1089 3703 1275 3758 radios
1295 3717 1458 3773 quam
1487 3702 1723 3755 maxime
1747 3710 2030 3771 superent.

455 3801 689 3871 “filiique
720 3797 1052 3870 persuadeat
1080 3811 1243 3850 verus
1272 3795 1365 3850 Dei
1398 3807 1595 3848 servus
1615 3831 1630 3856 ,
1661 3793 1754 3860 qui
1797 3806 1862 3845 ex
1895 3790 2032 3844 Sina

455 3904 644 3949 monte
690 3890 906 3946 luciferi
956 3891 1136 3942 instar
1171 3884 1496 3946 descenditr
1531 3890 1586 3937 et
1642 3881 2034 3952 splendoribus

455 3984 705 4055 corporis
733 3980 1030 4052 gloriosus,
1067 3988 1125 4032 ut
1161 3993 1254 4047 per
1290 3975 1365 4041 id,
1395 3973 1545 4046 quod
1575 3973 1900 4043 apparebat,
1949 3972 2036 4026 fu-

455 4084 634 4130 turam
664 4091 730 4129 ex
767 4073 879 4127 alto
912 4073 1142 4141 gratiam
1197 4068 1514 4122 hominibus
1556 4072 2032 4136 praemonstraret.

489 4268 597 4338 δυ
623 4263 809 4320 CXIV.
840 4293 910 4303 —
941 4259 1196 4316 CAINAE
1229 4255 1593 4315 COPIABUM
1637 4254 1962 4312 DUCTURI.

532 4357 745 4411 Rursus
777 4367 1007 4421 magnus
1041 4353 1325 4421 copiarum
1360 4349 1562 4402 ductor
1589 4362 1686 4416 per
1723 4348 1938 4402 litteras
1969 4347 2035 4400 ad

2131 1903 2296 1971 ἐρεῖς,
2328 1900 2411 1966 ὅτι
2443 1899 2506 1950 ἐκ
2532 1895 2626 1948 τοῦ
2663 1895 2738 1966 μὴ
2767 1895 2918 1956 ὄντος
2941 1895 3020 1956 εἰς
3052 1892 3113 1946 τὸ
3142 1888 3281 1945 εἶναι
3322 1890 3427 1944 ὑπὸ
3461 1889 3553 1942 τοῦ
3575 1890 3710 1944 Θεοῦ

2129 1991 2199 2043 τὰ
2255 1991 2494 2059 στοιχεῖα
2551 1986 2827 2058 παρήχθη.
2865 1985 3035 2052 Κάγὼ
3087 1985 3264 2040 τοίνυν
3299 1984 3442 2053 φημί
3474 2001 3579 2046 σοι,
3630 1983 3714 2034 ὅτι

2132 2083 2386 2151 καθάπερ
2415 2083 2478 2133 ἐκ
2511 2079 2586 2151 μὴ
2609 2081 2775 2132 ὄντων
2805 2079 2885 2140 είς
2915 2077 2976 2130 τὸ
3006 2073 3146 2130 εἶναι
3169 2076 3236 2129 τά
3267 2077 3444 2130 πάντα
3473 2075 3712 2144 ὑφέστη-

2132 2191 2195 2226 κε
2223 2176 2286 2243 τῇ
2313 2175 2449 2242 ῥοπῇ
2478 2173 2612 2244 μόνῃ
2645 2170 2738 2223 τοῦ
2767 2169 2911 2222 θείου
2939 2167 3299 2240 βουλήματος,
3326 2166 3500 2229 οὕτως
3526 2170 3589 2220 ὲκ
3613 2167 3713 2235 τῆς

2130 2266 2335 2335 τέφρας
2373 2264 2586 2332 ἐκείνης
2623 2263 2722 2331 τῆς
2763 2261 2914 2332 παρά
2965 2262 3046 2313 σοὶ
3077 2256 3437 2329 νομιζομένης
3471 2257 3713 2309 ἀπόλλυ-

2135 2354 2279 2416 σθαι,
2310 2355 2344 2423 ἡ
2375 2355 2477 2408 ἀνά
2490 2370 2670 2416 στασις
2711 2353 2866 2405 ἔσται
2893 2352 3002 2405 τῶν
3033 2350 3389 2422 ἀνθρωπίνων
3418 2349 3708 2419 σωμάτων.

2621 2444 2766 2496 PII".
2803 2473 2874 2483 -—
2897 2441 2991 2508 Tt?)
3033 2441 3214 2505 αὐτῷ.

2214 2536 2271 2588 '0
2320 2533 2726 2603 παντοδύναμος
2775 2532 2926 2606 Θεὸς,
2975 2532 3152 2609 ὁοτὴν
3188 2530 3384 2601 ῥάϐδον
3431 2529 3712 2598 Μωυσέως

2133 2623 2477 2694 ὲξηραμένην
2534 2621 2627 2674 καὶ
2658 2619 2877 2687 ἀφλοιον
2914 2618 3234 2690 παραδόξως
3275 2614 3592 2687 μεταϐαλὼν
3634 2617 3715 2677 είς

2136 2712 2272 2774 ζῶον
2301 2711 2543 2780 ἔμψυχόν
2577 2728 2636 2762 τε
2671 2712 2764 2763 καὶ
2827 2711 2996 2780 ἕρπον
3045 2710 3281 2779 (δράκων
3325 2709 3434 2776 γὰρ
3459 2701 3527 2776 ἧν
3557 2705 3714 2775 φοϐε-

2137 2803 2250 2874 ρὸς,
2277 2803 2372 2856 καὶ
2399 2803 2588 2872 φεύγει
2613 2803 2854 2874 Μωῦσῆς
2880 2803 2938 2855 τὸ
2965 2801 3148 2871 θαῦμα
3179 2801 3594 2868 καταπλαγεὶςῖ,
3621 2800 3717 2851 καὶ

2134 2895 2280 2963 ὸτὴν
2332 2893 2424 2946 τοῦ
2467 2894 2674 2963 Ἀαρὼν
2729 2895 2924 2964 ῥάϐδον
2975 2893 3144 2964 ξηρὰν
3173 2892 3520 2963 πολυχρόνιον
3547 2892 3719 2962 ὑπάρ-

2136 3001 2336 3053 χουσαν
2367 2984 2492 3054 δίχα
2523 2987 2645 3054 γῆς,
2677 2985 2771 3038 καὶ
2795 2983 2970 3055 ῥίζης,
2993 2985 3088 3037 καὶ
3119 2984 3362 3054 ὄμϐρων,
3395 2984 3487 3035 καὶ
3519 2983 3721 3052 εὐκρα-

2141 3076 2262 3138 σίας
2315 3075 2514 3146 ἀέρων,
2567 3078 2633 3147 τῇ
2680 3075 2898 3146 θελήσει
2934 3075 3028 3128 καὶ
3062 3075 3197 3146 μόνῃ
3228 3074 3313 3126 διὰ
3347 3076 3476 3144 μιᾶς
3524 3072 3714 3135 νυκτὸς

2137 3170 2503 3240 ὲκῦλαστῆσαι
2528 3170 2780 3241 ποιήσας,
2806 3168 2982 3237 φύλλα
3001 3186 3058 3221 τε
3077 3168 3443 3239 χαριέστατα,
3465 3167 3557 3219 καὶ
3581 3181 3719 3234 καρ-

2137 3262 2236 3314 πον
2267 3261 2600 3332 ὡραιότατον
2632 3261 2830 3334 (πάντα
2868 3260 2977 3331 γὰρ
3016 3259 3215 3313 δυνατά
3254 3259 3374 3330 Θεῷ
3406 3257 3716 3327 παντοκρά-

2134 3369 2251 3423 τορι
2282 3351 2377 3406 καὶ
2407 3353 2583 3405 πάντα
2621 3350 2877 3421 ἰσχύοντι)
2908 3367 2921 3380 ·
2959 3351 3120 3414 αὐτὸς
3160 3352 3216 3402 ὲν
3257 3353 3390 3421 ῥιπῇ
3437 3348 3716 3419 ὀφθαλμοῦ

2136 3443 2492 3508 ὲξαναστήσει
2535 3443 2713 3513 καιρῷ
2767 3441 2845 3511 τῷ
2897 3443 3228 3511 προσήκοντι
3282 3438 3352 3492 τά
3399 3431 3719 3509 ἀνθρώπεια

2109 3607 2114 3610 _
2137 3533 2387 3604 σώματα,
2411 3534 2672 3587 θάλλοντα
2699 3537 2764 3604 τῇ
2788 3533 2981 3586 ἑαυτοῦ
3002 3533 3208 3602 χάριτι,
3230 3533 3325 3585 καὶ
3346 3530 3720 3600 ἀγλαῖζόμενα

2088 3684 2099 3698 ⁸
2137 3625 2228 3677 ἐπὶ
2249 3623 2521 3687 τοσοῦτον,
2555 3623 2695 3675 ὥστε
2733 3623 3096 3694 ύπερνικῆσαι
3120 3626 3185 3694 τῇ
3216 3621 3336 3694 θείᾳ
3370 3623 3722 3692 λαμπρότητι

2136 3717 2232 3778 τὰς
2266 3716 2439 3782 αὐγὰς
2463 3716 2555 3767 τοῦ
2589 3715 2798 3784 ἀψύχου
2833 3715 2998 3786 ἡλίου.
3035 3714 3145 3768 Καὶ
3191 3714 3425 3766 πειθέτω
3454 3731 3511 3767 σε
3544 3715 3721 3767 Μωῦ-

2138 3805 2238 3874 σῆς
2275 3805 2302 3856 6
2331 3804 2550 3873 γνήσιος
2599 3803 2852 3874 Θεράπων
2902 3802 2995 3855 τοῦ
3044 3802 3370 3873 κρείττονος,
3425 3801 3721 3870 φωσφόρος

2137 3890 2412 3946 κατελθὼν
2444 3894 2506 3944 ἐκ
2538 3890 2633 3944 τοῦ
2669 3892 2882 3944 Σιναίου
2905 3891 3086 3962 ὅρους,
3121 3892 3214 3945 καὶ
3241 3892 3332 3944 τδν
3358 3891 3542 3963 χρῶτα
3565 3889 3720 3943 δεδο-

2139 3983 2399 4054 ξασμένος
2428 3984 2548 4046 ταῖς
2573 3982 2933 4053 λαμπηδόσιν,
2963 3985 3110 4047 ὅπως
3129 3983 3217 4036 διὰ
3240 3982 3334 4035 τοῦ
3384 3983 3722 4052 φαινομένου

2138 4072 2393 4145 προδείξῃ
2445 4072 2543 4142 τὴν
2595 4073 2894 4142 μέλλουσαν
2949 4073 3110 4143 χάριν
3160 4069 3356 4140 ὑψόθεν
3402 4070 3722 4141 ἀνθρώποις

2139 4165 2495 4238 παρέχεσθαι.

2421 4258 2563 4310 ΡΙΔ’.
2596 4286 2664 4297 --
2691 4255 2901 4327 ΓΑΙΝᾼ
2945 4256 3428 4328 ΣΤΡΑΤΗΛΔἸᾘ.

2213 4348 2379 4402 Πάλιν
2411 4351 2543 4420 ἡμῖν
2571 4345 2705 4420 ἦκεν
2732 4350 2762 4401 ὁ
2791 4350 2962 4418 μέγας
2999 4349 3375 4420 στρατηλάτης
3416 4348 3504 4401 διὰ
3530 4365 3724 4420 γραμ-

462 4465 563 4505 nos
597 4447 742 4502 venit
768 4457 922 4497 arma
951 4455 1110 4495 cerea
1144 4438 1433 4509 objiciens,
1467 4453 1578 4492 non
1613 4452 1734 4506 quae
1759 4453 1826 4492 ex
1854 4438 2030 4506 seipse

2145 4443 2328 4513 μάτων
2355 4440 2423 4493 τά
2450 4441 2649 4512 κήρινα
2678 4439 3114 4511 προϐαλλόμενος
3144 4441 3305 4505 ὅπλα,
3343 4441 3442 4493 οὐκ
3465 4441 3555 4508 ἀφ’
3585 4441 3726 4493 ἑαυ-

460 4540 758 4614 possideat,
787 4535 881 4590 sed
913 4534 1134 4588 aliunde
1153 4531 1516 4602 Opprobi-iose
1539 4529 1869 4598 suscipiens.
1898 4531 2038 4584 Ecce

458 4635 630 4698 enim,
675 4630 771 4693 ait,
823 4627 1042 4681 divinus
1092 4623 1394 4694 Apostolus
1440 4620 1572 4675 Jesu
1637 4620 2035 4675 demissionem

460 4727 670 4784 edixit:
703 4723 770 4778 ad
802 4737 898 4776 eos
928 4720 1152 4779 etenim,
1177 4717 1268 4786 qui
1294 4732 1360 4770 ex
1392 4713 1637 4768 Hebraeis
1663 4713 2034 4777 crediderant,

461 4819 692 4876 scribit:
732 4835 751 4867 ‹
790 4813 1018 4882 Semper
1050 4811 1184 4863 vivit
1210 4809 1372 4864 Jcsus
1406 4805 1581 4859 Filius
1614 4805 1706 4859 Dei
1753 4805 1820 4858 ad
1864 4804 2036 4856 inter-

462 4912 774 4982 pellandum
822 4922 924 4977 pro
979 4904 1140 4957 nobis
1171 4904 1239 4955 ’⁸,
1281 4920 1299 4951 ι
1361 4899 1752 4954 Verumtamen
1802 4902 2036 4950 noscant

460 5007 555 5075 qui
590 5003 689 5058 tibi
725 5005 841 5055 [nec
869 4997 937 5051 ad
969 4991 1324 5050 scribendum
1360 4997 1688 5060 suggerunt,
1724 4985 2037 5040 Servatoris

461 5094 860 5157 beatissimam,
915 5097 973 5142 et
1025 5083 1531 5142 decantatissiinam
1596 5079 2038 5149 dispositionem,

465 5202 566 5260 pro
598 5183 753 5239 nobis
807 5177 1304 5248 interpellationem
1349 5187 1493 5235 esse,
1539 5169 1960 5239 nuncuparique
2006 5182 2038 5221 a

460 5276 686 5334 deiferis
707 5314 723 5342 ,
758 5281 813 5328 et
846 5268 1206 5338 diviuiloquis
1236 5264 1575 5320 hominibus.

1008 5448 1166 5507 CXV.
1197 5477 1267 5488 —-
1302 5445 1505 5498 Eidem.

530 5543 904 5616 Interpellare,
943 5559 1054 5600 non
1096 5550 1154 5597 ut
1203 5541 1500 5595 multorum
1554 5531 1938 5595 Consuetudo,
1984 5541 2040 5585 et

455 5689 472 5701 “
537 5724 582 5756 υ
614 5720 877 5788 Exod.iv,
932 5721 989 5778 δ.

1044 5719 1090 5752 ³³
1124 5717 1286 5774 Num.
1331 5733 1464 5782 xvii,
1517 5717 1567 5772 8.
1648 5715 1691 5748 “
1716 5714 1877 5770 Ilebr.
1903 5712 2110 5781 “1,25.

2139 4534 2227 4589 τοῦ
2261 4533 2606 4603 κτησάμενος
2636 4531 2981 4596 ταῦτα,-ἀλλ’
3028 4532 3295 4602 ἑτέρωθεν
3315 4532 3532 4604 ψεκτῶς
3560 4549 3732 4603 πορι-

2139 4626 2390 4694 σάμενος.
2437 4623 2571 4676 Ἰδοὺ
2608 4622 2714 4694 γὰρ
2735 4664 2750 4689 ,
2784 4624 2970 4694 φησὶν,
3003 4624 3032 4676 6
3081 4624 3222 4688 θεῖος
3269 4624 3590 4686 Ἀπόστολος
3615 4625 3732 4696 τὴν

2136 4717 2401 4770 ὑπόϐασιν
2440 4714 2531 4768 τοῦ
2584 4713 2759 4784 Ἰησοῦ
2799 4715 3169 4785 ὲξεφώνησενυ
3218 4718 3420 4787 γράφει
3469 4716 3574 4786 γὰρ
3603 4721 3733 4781 τοῖς

2133 4811 2194 4876 ἐξ
2237 4810 2500 4881 Ἐϐραίων
2530 4809 2990 4875 πεπιστευκόσιν,
3035 4807 3120 4864 δτι
3154 4829 3172 4861 ι
3211 4811 3448 4864 Πάντοτε
3485 4811 3550 4882 ζῇ
3607 4811 3736 4880 Ἰηι-

2140 4904 2265 4965 σοῦς
2296 4905 2324 4954 6
2347 4903 2472 4965 Υἱέις
2500 4900 2590 4953 τοῦ
2613 4901 2748 4954 Θεοῦ
2770 4903 2848 4963 εἰς
2867 4903 2926 4954 τὺ
2955 4905 3304 4973 ἐντυγχάνειν
3333 4904 3472 4973 ὑπὲρ
3499 4902 3682 4974 ἡμῶν.
3701 4924 3726 4957 δ

2151 4995 2313 5048 Ἀλλὰ
2353 4993 2776 5062 γινωσκέτωσαν
2815 4995 2865 5047 οἱ
2915 4994 3305 5058 ὑποϐάλλοντές
3356 5013 3436 5049 σοι
3491 4995 3733 5052 τοιαῦτα

2140 5085 2495 5148 ἐπιστέλλειν,
2547 5085 2737 5155 ὅτιπερ
2793 5086 2826 5156 ὴ
2879 5085 2972 5138 τοῦ
3016 5086 3267 5158 Σωτῆρος
3318 5087 3732 5159 μακαριωτάτη

2143 5179 2236 5233 καὶ
2281 5167 2668 5247 ’πολυύμνητος
2723 5178 3004 5249 οἰκονομία
3035 5218 3051 5240 ,
3107 5178 3326 5249 ἐντυχία
3366 5181 3503 5250 ὑπὲρ
3557 5181 3733 5249 ἡμῶν

2143 5267 2398 5337 ὑπάρχει,
2435 5265 2874 5336 προσηγόρευταί
2895 5284 2953 5319 τε
2994 5267 3088 5319 καὶ
3129 5268 3372 5321 καλεῖται
3424 5271 3573 5340 παρά
3603 5273 3736 5335 τοῖς

2145 5358 2421 5428 θέο-φόροις
2463 5357 2557 5410 καὶ
2593 5357 2874 5427 θεηγόροις
2905 5357 3183 5428 ἀνδράσιν.

2639 5445 2785 5500 PlE'.
2813 5475 2885 5486 -
2921 5445 3001 5511 Τῷ
3041 5447 3218 5512 αὐτῷ.

2220 5539 2292 5591 Τὺ
2331 5537 2699 5608 ἐντυγχάνειν,
2760 5539 2857 5608 οὐχ
2890 5537 3077 5610 ὥσπερ
3111 5542 3143 5609 ή
3201 5539 3299 5592 τῶν
3351 5537 3561 5592 πολλῶν
3593 5555 3741 5594 συν-

3735 5792 3771 5803 ο
