4024 6218
309 329 408 396 133

1527 339 1882 403 EPISTULA
1897 337 2064 401 RUM
2104 337 2249 398 LIB.
2283 337 2331 396 Ι.

3467 353 3568 418 ι-ιι

308 447 483 518 hasta,
520 445 615 501 καὶ
649 446 712 499 τὸ
753 447 936 517 ζητεῖν
961 447 1260 520 ἐκδίκησιν,
1292 446 1402 519 ἔχει
1429 447 1607 520 (τοῦτο
1638 453 1747 522 γάρ
1781 469 1872 506 πω.

2004 447 2284 516 postulare
2336 442 2625 510 ultionem,
2671 450 2870 520 exponi
2922 452 3128 520 debet;
3183 457 3282 512 hoc
3321 474 3558 533 namque

307 540 400 590 tta‘:
420 537 851 608 ταπεινότητος),
875 537 1010 591 ἀλλὰ
1033 539 1092 592 τὸ
1121 539 1442 608 πρεσϐεύειν
1468 541 1606 612 ὑπὲρ
1631 542 1785 612 ἡμῶν
1811 540 1888 611 τῷ

307 629 446 697 λόγῳ
478 629 578 699 τῆς
611 629 908 699 μεσιτείας,
943 629 1194 702 καθάπερ
1239 633 1335 684 καὶ
1377 633 1439 684 τὸ
1482 633 1705 703 Πνεῦμα
1749 633 1888 703 ὑπὲρ

309 722 335 790 i;
345 720 462 787 μῶν
493 722 843 789 ἐντυγχάνειν
883 720 1118 789 λέγεται.
1156 741 1174 773 ι
1210 716 1308 786 Εἷς
1342 723 1448 796 γὰρ
1493 724 1642 786 Θεὸς,
1687 719 1766 787 εἷς
1793 725 1887 776 καὶ

309 811 538 881 μεσίτης
573 811 706 864 Θεοῦ
759 813 856 864 καὶ
893 811 1228 882 ἀνθρώπων,
1283 813 1570 886 ἄνθρωπος
1618 815 1821 886 Ἰησοῦς
1860 819 1889 870 ὁ

309 903 562 972 Χριστός.
597 922 615 953 ι
656 903 988 973 Πρεσϐεύειν
1025 905 1134 976 γὰρ
1176 906 1395 975 λέγεται
1436 907 1516 960 ἔτι
1555 911 1649 961 καὶ
1685 910 1778 961 νῦν
1812 910 1887 973 ὡς

306 995 595 1064 ἄνθρωπος
624 994 764 1065 ὑπὲρ
789 996 886 1062 τῆς
916 996 1055 1066 ἐμῆς
1081 999 1374 1068 σωτηρίας,
1400 1001 1481 1053 ὃτι
1508 1001 1645 1070 μετὰ
1671 1000 1764 1053 τοῦ
1791 1000 1888 1054 σώο

308 1087 480 1156 ματό;
509 1089 679 1150 ἐστιν,
713 1079 885 1158 οὗπερ
917 1090 1270 1158 προσέλαϐεν,
1303 1092 1406 1154 ἕως
1437 1093 1502 1144 ἂν
1545 1094 1644 1162 ἐμὲ
1687 1095 1887 1167 ποιήσῃ

307 1173 430 1228 θεὸν
480 1177 546 1244 τῇ
577 1175 802 1245 δυνάμει
851 1178 948 1247 τῆς
995 1178 1481 1250 ἐνανθρωπήσεως,
1534 1181 1636 1234 κᾶν
1692 1185 1885 1253 μηκέτι

305 1267 448 1317 κατὰ
482 1267 661 1336 σάρκα
683 1265 1034 1333 γινώσκεται.
1067 1269 1134 1322 τὰ
1165 1271 1402 1340 σαρκικὰ
1422 1272 1562 1339 λέγω
1595 1274 1761 1344 πάθη,
1793 1276 1887 1327 καὶ

306 1357 477 1426 χωρὶς
503 1356 601 1424 τῆς
626 1357 901 1426 ἁμαρτίας
921 1359 1185 1428 ἡμέτερα.
1211 1360 1378 1414 Ὀὕτω
1405 1364 1460 1416 δὲ
1481 1365 1574 1417 καὶ
1604 1365 1888 1437 παράκληο

303 1460 402 1495 τον
436 1443 628 1512 ἔχομεν
667 1445 803 1514 πρὸς
835 1446 923 1497 τὸν
963 1448 1183 1516 Πατέρα
1223 1449 1452 1518 Ἰησοῦν,
1502 1453 1600 1522 οὐχ
1629 1453 1704 1516 ὡς
1747 1454 1886 1525 ὑπὲρ

307 1534 470 1603 ἡμῶν
522 1536 1040 1606 προκυλινδούμενον
1087 1541 1180 1594 τοῦ
1221 1543 1466 1613 Πατρὺς,
1513 1546 1603 1597 καὶ
1651 1531 1886 1616 προσπί-

310 1639 520 1676 πτοντα
545 1623 820 1691 δουλικῶς,
852 1627 1030 1695 ἄπαγε
1057 1630 1155 1700 τὴν
1187 1631 1380 1702 δούλην
1408 1634 1578 1698 ὅντως
1607 1636 1885 1704 ὑπόνοιαν,

311 1713 410 1763 καὶ
440 1714 677 1777 ἀναξίαν.
705 1715 846 1768 Οὔτε
873 1719 981 1789 γὰρ
1005 1721 1096 1773 τοῦ
1135 1719 1348 1792 [lati-po;
1377 1725 1532 1779 τοῦτο
1581 1729 1883 1799 ἐπιζητεῖν,

1993 535 2400 606 quodammodo
2429 536 2781 592 demissionis
2809 538 2972 595 fuerit
3000 563 3012 597 :
3049 546 3142 600 sed
3173 561 3271 616 pro
3305 551 3484 616 nobis,
3510 562 3570 608 ut

1992 629 2262 682 mediator
2286 637 2391 692 est,
2451 627 2780 696 legationem
2813 633 2988 699 obire,
3025 636 3140 691 sive
3171 654 3364 708 preces
3392 645 3570 699 effun-

1991 716 2152 782 dere;
2195 719 2655 787 quemadmodum
2691 730 2744 773 et
2781 721 3024 792 Spiritus
3058 743 3155 795 pro
3199 730 3363 787 nobis
3391 734 3565 791 inter-

1990 809 2196 877 pellare
2228 808 2432 864 dicitur
2461 810 2524 863 “.
2565 829 2582 859 ι
2618 809 2770 866 Unus
2806 815 2954 868 enim
2993 815 3158 882 Deus,
3199 837 3344 877 unus
3371 834 3420 879 el
3454 844 3569 883 me-

1989 898 2168 952 diator
2196 898 2288 954 Dei
2328 908 2381 952 et
2416 899 2697 953 hominum
2747 903 2912 957 homo
2962 903 3123 960 Jesns
3171 907 3424 967 Ch'ristus
3447 916 3513 969 ⁸⁵.
3545 934 3566 967 ι

1989 988 2157 1042 Orare
2186 988 2458 1057 siquidem
2509 989 2574 1042 ad
2624 990 2737 1045 haec
2792 1008 2969 1063 usque
3017 1002 3266 1064 tempora
3311 1016 3406 1069 pro
3448 1020 3568 1058 mea

1991 1080 2167 1133 salute
2207 1081 2411 1134 dicitur
2465 1089 2522 1134 ιιι
2565 1083 2759 1144 homo,
2811 1087 2957 1154 quod
3004 1103 3128 1141 enm
3177 1104 3410 1161 corpore
3459 1105 3568 1160 est,

1990 1173 2131 1239 quod
2165 1174 2486 1242 assumpsit,
2522 1175 2694 1228 donec
2733 1193 2817 1231 n.-e
2847 1179 3013 1232 Deum
3049 1181 3450 1239 incarnationis
3475 1203 3574 1256 po-

1990 1265 2158 1316 tentia
2188 1265 2371 1330 faciat,
2400 1267 2523 1320 licet
2551 1269 2792 1321 nondum
2828 1273 3130 1326 secundum
3153 1290 3375 1330 carnem
3408 1294 3573 1348 agno-

1989 1365 2195 1417 scatur,
2225 1373 2478 1420 cat-neos,
2518 1359 2736 1428 inquam
2761 1403 2774 1423 ,
2810 1373 3300 1434 nostrosquc,-uno
3339 1383 3571 1442 excepto

1990 1459 2237 1519 peccato,
2292 1450 2540 1505 affectus.
2589 1451 2652 1504 Et
2689 1453 2808 1508 hac
2851 1457 3080 1512 ratione
3141 1459 3566 1517 intercessorem

1990 1544 2132 1612 apud
2161 1544 2402 1608 Patrem,
2433 1545 2645 1611 Jesum,
2684 1563 2792 1600 non
2831 1549 2926 1614 qui
2971 1564 3072 1618 pro
3105 1553 3270 1607 nobis
3301 1563 3430 1609 ante
3466 1556 3568 1609 l’a-

1991 1644 2122 1688 trem
2183 1637 2481 1696 volutetur,
2549 1651 2612 1690 ac
2666 1652 2952 1692 servorum
3014 1655 3166 1696 more
3217 1647 3565 1713 procumbat,

1990 1725 2166 1794 abjiee
2197 1726 2336 1780 hanc
2366 1721 2722 1782 vere'servam
2747 1740 2802 1782 et
2831 1731 3112 1802 indignam
3143 1737 3527 1805 cogitationem
3552 1758 3564 1793 :

309 1801 434 1854 οὔτε
466 1804 556 1856 τοῦ
603 1806 732 1858 Υἱοῦ
765 1809 1015 1878 πάσχειν,
1050 1813 1081 1882 ἢ
1113 1813 1189 1877 ὡς
1226 1818 1350 1886 περὶ
1389 1817 1524 1870 Θεοῦ
1555 1818 1872 1874 διανοεῖσθαι

1983 1812 2285 1885 ~51nequc
2313 1817 2458 1870 enim
2489 1819 2537 1870 id
2570 1818 2748 1873 Patris
2773 1830 2855 1874 cst
2889 1801 3090 1890 petere,
3127 1801 3306 1893 nerine
3330 1824 3450 1879 Filii
3487 1835 3574 1880 to-

302 1893 528 1949 δίκαιον.
568 1897 707 1948 Ἀλλ’
736 1900 765 1950 ὁ
799 1901 1005 1971 Ἰησοῦς
1029 1905 1293 1960 πέπονθεν
1325 1909 1400 1974 ὡς
1429 1911 1738 1982 ἄνθρωπος,
1767 1915 1884 1967 πεί-

301 1984 388 2037 θει
417 1992 709 2057 καρτερεῖν
755 1991 831 2054 ὡς
861 1993 1032 2062 Λόγος
1061 1998 1156 2050 καὶ
1197 2002 1544 2070 παραινέτιτ.
1572 2003 1740 2058 Τοῦτο
1773 2006 1882 2075 γὰρ

299 2075 383 2127 δεῖ
415 2093 472 2129 σε
504 2082 644 2131 νοεῖν
679 2080 775 2133 sitv
803 2086 1171 2156 παράκλησιν.

797 2283 964 2352 Ptq'.
995 2318 1060 2326 —
1086 2289 1168 2355 Τῷ
1198 2293 1380 2358 αὐτῷ.

391 2389 786 2465 Ἀναμνήσθητί
825 2416 916 2468 μοι
945 2402 1051 2454 τῶν
1080 2404 1173 2456 τοῦ
1205 2407 1454 2478 Σωτῆρος
1486 2413 1746 2481 ῥημάτων
1793 2414 1880 2466 λέ-

298 2497 490 2548 γοντος
521 2525 536 2548 ,
585 2503 604 2535 ι
628 2488 814 2540 Πάντα
866 2492 965 2545 ὅσα
1017 2493 1132 2564 ἔχει
1158 2500 1186 2547 ὁ
1215 2499 1426 2569 Πατὴρ,
1481 2503 1590 2571 ὲμά
1645 2505 1793 2558 ἐστιν
1813 2523 1825 2534 ·
1853 2525 1872 2558 ι

299 2572 425 2664 καί·
469 2593 487 2624 ι
523 2575 580 2627 ὐ
595 2577 856 2648 ἑωρακὼς
900 2584 1019 2652 ἐμὲ,
1053 2585 1264 2658 ἑώρακε
1293 2591 1383 2643 τὸν
1413 2593 1633 2664 Πατέρα
1655 2612 1668 2626 ο
1699 2615 1718 2649 ι
1753 2600 1874 2662 καὶ,

299 2663 414 2727 Σοὶ,
459 2667 652 2738 Πέτρε,
701 2671 894 2743 δίδωμι
928 2677 1259 2744 αὐθεντικῶς
1287 2683 1385 2746 τὰς
1419 2663 1629 2748 κλεῖδας
1663 2692 1758 2758 τῆς
1790 2689 1880 2758 βα-

299 2755 504 2820 σιλείας
539 2761 647 2814 τῶν
679 2765 947 2833 οὐρανῶν,
983 2770 1116 2824 διότι
1141 2773 1261 2844 οὐχὶ
1300 2774 1502 2844 δοῦλον,
1525 2780 1644 2832 οὐδὲ
1675 2781 1877 2852 ὑπουρ-

297 2846 417 2942 γὸν,
443 2849 475 2920 ἢ
499 2850 812 2923 λειτουργὸν
837 2899 852 2922 ,
913 2860 1031 2913 οὐδὲ
1084 2862 1190 2934 μὴν
1252 2867 1558 2938 ὑποχείριον
1580 2910 1592 2934 ,
1650 2871 1684 2942 ἢ
1720 2846 1874 2926 satis-

297 2939 467 3007 φυλον
517 2945 616 3013 τῆς
672 2948 767 3000 τοῦ
823 2951 1036 3022 Πατρὸς
1072 2955 1258 3020 οὐσίας
1289 2975 1356 3027 με
1384 2939 1682 3030 κέκληκας,
1739 2965 1874 3018 ἀλλὰ

292 3031 519 3100 γνήσιον
551 3033 676 3087 Υίὸν
711 3037 978 3110 ὑπάρχειν
1013 3061 1080 3113 με
1109 3045 1200 3098 τοῦ
1234 3046 1434 3112 ζῶντος
1473 3050 1609 3103 Θεοῦ
1663 3053 1873 3123 ὡμολό-

1987 1906 2197 1962 let'are:
2230 1908 2312 1962 vel
2335 1907 2403 1961 de
2423 1927 2489 1963 eo
2513 1917 2773 1979 tanquam
2800 1912 2867 1966 de
2889 1911 2997 1967 Deo
3024 1914 3126 1969 ista
3165 1918 3374 1969 sentire
3401 1916 3570 1972 debe-

1986 2013 2128 2052 mus.
2174 2001 2245 2052 Αι
2291 1997 2453 2054 Iesus
2488 2017 2686 2069 passus
2720 2009 2804 2056 est
2838 2012 2895 2054 ut
2924 2005 3105 2064 homo,
3139 2014 3200 2058 ut
3236 2005 3476 2060 Verbum
3511 2017 3566 2063 et

1985 2089 2234 2144 hortator
2265 2090 2610 2145 tolerantiam
2638 2093 2852 2149 suadet.
2881 2094 2944 2148 Et
2975 2097 3054 2149 sic
3087 2096 3415 2152 intercessio
3465 2097 3552 2152 itt-

1983 2180 2273 2252 telligenda
2303 2192 2408 2238 est.

2519 2315 2708 2375 CXVI.
2748 2351 2816 2364 --
2850 2318 3056 2377 Eidem.

2053 2427 2364 2485 Recordare
2401 2430 2564 2486 sodes
2602 2432 2893 2487 verborum
2927 2431 3240 2488 Servatoris
3273 2434 3504 2490 dicentis
3543 2456 3558 2493 :
3600 2477 3604 2480 -

1987 2535 2006 2568 ι
2048 2517 2248 2572 Omnia
2305 2535 2428 2588 qum
2475 2519 2644 2575 habet
2697 2521 2874 2584 Pater,
2927 2537 3045 2576 mea
3100 2531 3233 2576 sunt
3259 2524 3342 2594 "7;
3385 2542 3403 2573 ι
3459 2534 3557 2579 et:

1987 2625 2006 2657 ι
2042 2606 2146 2672 Qui
2193 2609 2328 2662 vidit
2361 2625 2468 2671 me,
2515 2610 2654 2665 vidit
2700 2620 2752 2666 et
2788 2610 3002 2666 Patrem
3034 2612 3115 2674 ἐς
3155 2631 3178 2664 ι
3239 2622 3290 2666 et
3325 2631 3338 2666 :
3407 2613 3558 2677 Tibi,

1980 2697 2175 2764 Petre,
2199 2700 2270 2754 do
2301 2704 2631 2758 auctoritate
2679 2719 2792 2756 mea
2837 2705 3022 2757 claves
3063 2704 3214 2773 regni
3244 2707 3508 2760 calorum
3543 2724 3558 2761 :

1979 2802 2269 2862 prepterea
2299 2795 2446 2861 quod
2490 2810 2600 2848 non
2648 2810 2894 2859 serv-um,
2947 2811 3127 2866 neque
3176 2798 3558 2866 auxiliarium,

1979 2898 2158 2954 neque
2189 2887 2527 2951 ministrum,
2577 2888 2749 2942 multo
2783 2888 2965 2943 minus
2999 2889 3232 2958 imperio
3275 2890 3565 2960 snbjacen-

1979 2979 2110 3036 tem,
2147 2976 2229 3030 vel
2263 2991 2290 3028 a
2322 2986 2549 3046 paterna
2581 2977 2895 3033 substantia
2931 2979 3172 3033 alienum
3203 2996 3290 3035 me
3318 2980 3561 3050 compcl-

1979 3064 2126 3130 Iasti,
2157 3067 2252 3122 sed
2281 3083 2471 3124 verum
2504 3068 2704 3123 Filium
2733 3085 2859 3124 esse
2883 3085 2970 3124 me
2992 3069 3099 3124 vivi
3125 3069 3219 3124 Dei
3253 3086 3318 3124 ex
3345 3072 3562 3127 revela-

291 3136 474 3186 γησας
520 3124 579 3188 ἐξ
618 3127 1016 3199 ἀποκαλύψεως
1065 3135 1161 3188 τοῦ
1196 3138 1449 3208 οὐρανίου
1487 3141 1716 3212 Πατρός.
1767 3147 1872 3198 Καὶ

294 3213 395 3233 -ιι
415 3232 420 3233 .
453 3231 458 3233 Α
511 3219 524 3233 ο
606 3218 618 3233 9
772 3221 788 3233 ‘
899 3223 909 3233 ¹
1063 3229 1082 3233 ’⁵

1983 3158 2131 3213 tione
2187 3161 2434 3216 caelestis
2492 3157 2670 3216 Patris
2731 3161 2918 3216 fassus
2983 3175 3044 3216 es
3099 3162 3166 3216 ".
3235 3160 3560 3233 Rursusque

289 3213 459 3264 πάλιν
501 3219 528 3268 ὁ
568 3218 955 3292 εύαγγελιστὴς
1030 3229 1268 3299 εἴρηκεν,
1329 3235 1410 3285 ὅτι
1473 3233 1573 3286 Διὰ
1628 3234 1787 3288 τοῦτο
1824 3239 1873 3290 οἱ

305 3304 548 3359 Ἰουδαῖοι
583 3309 674 3361 τὸν
701 3313 907 3380 Ἰησοῦν
934 3315 1157 3370 ἐδίωκον
1181 3335 1193 3349 ·
1216 3321 1277 3373 οὐ
1313 3323 1472 3390 μόνον
1513 3324 1634 3377 καθ’
1667 3327 1696 3378 ὂ
1735 3344 1786 3380 τι
1812 3329 1874 3381 τὸ

287 3394 574 3451 Σάϐϐατον
624 3401 798 3468 ἔλυεν,
862 3407 1085 3460 ἀλλ’ὅτι
1131 3412 1224 3464 καὶ
1273 3414 1463 3466 ἑαυτὸν
1518 3417 1872 3471 ἀπεδείκνυεν

285 3488 512 3555 γνήσιον
545 3490 670 3542 Υἰὸν
702 3487 841 3546 εῖναι
873 3497 964 3550 τοῦ
1000 3499 1155 3556 Θεοῦ.
1176 3505 1269 3554 καὶ
1291 3505 1404 3557 ἴσον
1435 3508 1576 3561 κατὰ
1602 3509 1780 3563 πάντα
1794 3511 1870 3581 τῷ

286 3578 529 3648 οὐρανίῳ
558 3582 753 3652 Πατρί.

733 3677 877 3730 PlZ'.
913 3709 984 3718 -
1008 3681 1414 3758 ΕΥΑΝΔΡΕΙῼ.

359 3762 684 3851 Κατατελᾷν
700 3785 793 3820 σου
813 3770 1040 3834 πολλοὺς
1060 3775 1167 3828 τῶν
1192 3777 1487 3848 ὀρθοδόξων
1509 3786 1866 3854 παρασκευά-

288 3849 428 3945 ζεις,
471 3847 740 3928 μυστήρια
777 3861 846 3914 τὰ
901 3863 1140 3935 μυθάρια
1171 3847 1372 3925 καλῶν.
1403 3873 1550 3945 Πλὴν
1580 3847 1670 3928 καὶ
1717 3879 1865 3930 πᾶσα

290 3942 498 4014 αἵρεσις
560 3947 663 4014 ἔξω
716 3949 816 4019 τῆς
888 3953 1124 4022 Χριστοῦ
1187 3958 1445 4027 βαίνουσα
1499 3942 1861 4034 Ἑκκλησίας,

293 4039 573 4109 μυστήρια
615 4042 868 4112 ὀνομάζει
902 4046 970 4099 τὰ
1020 4054 1514 4123 παραφρονήματα.
1577 4054 1732 4108 οὕτω
1770 4057 1864 4110 καὶ

290 4127 583 4196 Μανιχαῖοι
628 4135 900 4206 μυστήρια
931 4139 1027 4190 καὶ
1063 4139 1349 4212 θησαυρῶν
1401 4145 1620 4212 ἀγαθῶν
1657 4147 1863 4201 ἀποκα-

293 4215 538 4270 λοῦσιτά
563 4219 730 4288 βιϐλία
756 4227 854 4296 τῆς
880 4227 1216 4295 δυσσεὸείσς,
1240 4234 1334 4286 καὶ
1359 4235 1456 4306 τῆς
1489 4238 1858 4309 παρανομίας·

302 4305 403 4376 ἠδη
437 4309 542 4377 γάρ
571 4313 870 4385 ἐνεργεῖται
895 4319 956 4373 τὸ
988 4324 1286 4396 μυστήριον
1315 4305 1420 4397 τῆς
1444 4305 1738 4387 ἀπωλείαε.

633 4429 782 4486 Ριιιν.
816 4434 1112 4509 ΕΠΙΓΟΝῼ
1149 4441 1514 4498 κοΥΡΣυΡι.

371 4520 585 4613 Ἐπειδὴ
630 4526 756 4588 τοὺς
817 4527 991 4592 θείους
1051 4530 1283 4601 λόγουςό
1316 4535 1468 4604 ἅγιος
1521 4539 1764 4610 Μωῦσῆς
1796 4545 1861 4613 τῇ

281 4611 524 4682 ἀσαφείᾳ
545 4615 836 4686 ἐκάλυψεν,
866 4621 951 4673 ἵνα
981 4623 1056 4694 μὴ
1081 4626 1376 4694 νομίσωσιν
1403 4630 1542 4684 αὐτὰ
1559 4631 1609 4684 οί
1627 4634 1688 4686 τὸ
1709 4611 1861 4702 τηνιζ

278 4702 478 4768 καῦτα,
503 4707 596 4758 καὶ
614 4709 663 4760 ot
681 4709 774 4762 νῦν
795 4711 884 4763 καὶ
918 4713 1056 4782 μετὰ
1083 4716 1254 4770 ταῦτα
1276 4721 1469 4791 μωροὶ,
1500 4723 1593 4775 καὶ
1615 4724 1860 4779 ἁσύνετοι

274 4795 390 4848 τῶν
410 4796 713 4888 ἱΕὸραίων,
746 4801 822 4888 ὼς
846 4806 1044 4869 αὐτοὺς
1069 4811 1466 4882 μεμαρτύρηκε
1500 4813 1674 4882 λέγων
1701 4817 1758 4868 ὲν
1788 4819 1853 4888 τῇ

277 4886 498 4960 μεγάλῃ
522 4888 632 4961 ὡδῇ
658 4907 675 4921 ⁸
708 4912 727 4942 ι
749 4887 918 4958 Οὗτος
947 4895 1074 4961 λαὸς
1124 4902 1326 4972 μωρὸς,
1366 4905 1458 4958 καὶ
1493 4907 1614 4976 οὐχὶ
1671 4886 1854 4977 σοφὸς,

271 4979 446 5045 γενεὰ
480 4981 894 5058 ἑξεστραμμένη
939 4990 1108 5058 ἐστὶν,
1164 4995 1274 5046 υίοὶ
1311 4995 1384 5065 μὴ
1423 4994 1638 5065 ἔχοντες
1671 4999 1856 5054 πίστιν

267 5072 330 5125 ἐν
395 5073 631 5142 ἑαυτοῖς,
685 5079 1011 5150 πειράζουσι
1066 5084 1162 5136 καὶ
1217 5087 1715 5158 παραπικραίνουσι
1765 5093 1856 5146 τὸν

269 5164 514 5236 Κύριον·
547 5188 568 5221 ι
602 5170 691 5224 διὰ
740 5171 900 5226 τοῦτο
952 5174 1217 5247 κάλυμμα
1265 5179 1505 5233 ἐπετίθει
1549 5181 1628 5252 τῷ
1669 5184 1855 5258 οίκείῳ

337 5365 387 5397 ³³
418 5364 581 5427 Rom.
609 5387 728 5428 rm.
758 5372 846 5428 26.

262 5450 316 5499 ν,
383 5438 472 5491 18.
550 5442 591 5471 ³³
620 5443 660 5496 ll
691 5441 856 5499 Thes.
911 5461 970 5510 ιι,
1009 5447 1057 5500 7.
1166 5450 1211 5481 ³³
1274 5438 1429 5506 Deut.
1464 5438 1719 5520 xum—3.

334 5599 613 5688 (SlA-ligno
653 5603 855 5688 libr_um
881 5569 1239 5688 :Thesaururn
1298 5622 1458 5688 vocat
1514 5616 1851 5688 Epiphanius

261 5670 586 5754 haeresi‘titi,
621 5690 680 5754 ιιζ
715 5675 802 5737 l5,
831 5679 928 5754 ubi
967 5679 1170 5754 immoti
1197 5680 1470 5754 θησαυρὸν
1512 5670 1849 5743 οόιιῖιὶὶέἧίὀῖ

264 5753 369 5795 r:-.t.
437 5742 722 5813 Θησαυρὸν
771 5742 1274 5817 ειὶειιιιίιρροιιιιιιὶ
1337 5742 1592 5813 Sbcrates
1651 5759 1745 5815 lib.
1799 5742 1850 5820 ι.

955 5375 1052 5454 ’⁸-1
1087 5377 1225 5454 Tim.
1252 5395 1315 5454 tt,
1353 5381 1407 5436 5.
1484 5384 1528 5414 ³⁷
1553 5382 1708 5440 Joan.
1739 5403 1850 5454 xvt,
1883 5391 1970 5447 15.
2050 5386 2094 5420 ’⁸
2122 5349 2284 5453 Joan.
2319 5411 2428 5448 xw.

1981 3250 2318 3318 evangelista
2398 3247 2536 3302 dixit
2578 3266 2593 3303 :
2647 3249 2939 3322 Propterea
2961 3251 3133 3308 Judaei
3161 3252 3559 3324 Iesum-perse-

1979 3340 2308 3409 qnebamtur,
2343 3354 2454 3394 non
2489 3347 2701 3398 tantum
2749 3343 2894 3412 quod
2939 3342 3241 3398 Sabbatum
3289 3347 3559 3412 solvebat,

1980 3428 2074 3482 sed
2105 3429 2268 3482 etiam
2293 3429 2442 3498 quod
2474 3432 2831 3500 semetipsum
2873 3433 3204 3489 ostendebat
3247 3450 3436 3490 verum
3472 3435 3565 3492 Fi-

1979 3520 2113 3574 lium
2143 3535 2292 3576 .csse
2336 3520 2454 3586 Dei,
2508 3529 2564 3578 ct
2623 3523 2860 3578 similem
2925 3524 2984 3577 iu
3035 3527 3296 3584 omnibus
3345 3528 3558 3584 cmlesti

1979 3610 2138 3664 l‘atri-
2152 3610 2218 3664 '°.

2393 3701 2604 3757 CXVII.
2643 3734 2712 3744 -——
2753 3703 3124 3760 EVANDRIO.

2045 3788 2528 3862 Plerosque-recte
2570 3797 2998 3852 sentientestibi
3033 3798 3260 3854 illudere
3293 3798 3449 3863 facis,
3484 3799 3558 3854 fa-

1974 3882 2144 3936 bellas
2210 3885 2470 3954 mysteria
2537 3901 2884 3956 nttncnpans.
2950 3886 3142 3944 Omnis
3199 3890 3555 3948 nihiloininus

1973 3978 2122 4024 secta
2155 3980 2313 4025 extra
2357 3970 2449 4027 Dei
2489 3973 3094 4033 Ecclesiatnaberrans
3140 3979 3372 4047 ineptias
3423 3996 3554 4036 snas

1973 4063 2235 4132 mysteria
2268 4071 2447 4120 vocat.
2480 4063 2606 4120 Pari
2642 4067 2852 4122 ratione
2887 4067 3170 4124 Manichtei
3205 4071 3463 4142 mysteria
3493 4081 3556 4128 et

1972 4155 2288 4211 thesaurum
2333 4157 2543 4214 bonum
2593 4159 3059 4229 impietatis-suac,
3089 4176 3152 4215 ac
3184 4163 3554 4233 improbitatis

1970 4247 2142 4303 libros
2165 4249 2444 4319 appellant
2471 4267 2484 4304 :
2522 4265 2758 4322 namque
2781 4251 2894 4322 jam
2927 4269 3092 4322 opere
3118 4254 3397 4323 perﬁcitur
3426 4271 3551 4327 per-

1898 4377 1940 4432 Β
1969 4339 2193 4396 ditionis
2221 4346 2540 4414 mysterium
2577 4345 2626 4385 “-

2187 4472 2292 4542 52
2325 4473 2556 4532 CXVIII.
2590 4508 2659 4519 —
2692 4477 2990 4535 EPIGON‘O
3014 4480 3338 4538 CCRSORI.

2033 4562 2266 4627 Quando
2292 4564 2510 4620 divinos
2531 4582 2815 4623 sermones
2835 4577 3060 4623 sanctus
3081 4569 3294 4640 Moyses
3315 4570 3547 4623 obscure

1962 4649 2177 4709 extulit,
2213 4665 2282 4704 ne
2315 4665 2410 4706 eos
2446 4653 2535 4721 qui
2579 4661 2691 4707 tum
2727 4664 2908 4720 erant,
2953 4664 3006 4709 et
3038 4672 3184 4710 nunc
3227 4657 3448 4715 vivunt,
3492 4664 3544 4707 et

1964 4738 2305 4804 postmodum
2328 4739 2494 4795 futuri
2515 4752 2663 4808 sunt,
2692 4745 2870 4811 stulti,
2901 4746 3181 4816 ineptique
3213 4743 3425 4798 Hebraei
3457 4745 3542 4797 itt-

1963 4829 2288 4899 telligerent,
2320 4839 2377 4884 ut
2405 4833 2521 4902 ipse
2554 4836 2871 4889 testimonio
2897 4852 2997 4890 suo
3025 4836 3076 4888 in
3107 4849 3303 4904 magno
3325 4833 3545 4888 cantico

1958 4924 2381 4990 comprobavit:
2425 4945 2443 4976 ι
2484 4927 2584 4982 llic
2629 4929 2861 4998 populus
2895 4944 2994 4983 nec
3029 4936 3226 4993 mente,
3270 4943 3369 4982 nec
3409 4943 3539 4983 eon-

1957 5012 2083 5065 silio
2109 5015 2388 5082 praeditus,
2423 5020 2706 5087 generatio
2731 5020 2962 5075 distorta
2995 5029 3078 5073 est
3107 5038 3120 5072 :
3158 5021 3252 5073 libi
3284 5036 3390 5074 non
3437 5022 3537 5076 ha-

1957 5104 2150 5158 bentes
2201 5106 2357 5161 tidem
2395 5108 2447 5162 in
2481 5111 2788 5180 semetipsis
2812 5151 2826 5175 ,
2863 5119 3099 5173 tentant,
3131 5121 3184 5166 et
3212 5121 3538 5184 exasperant

1965 5194 2256 5249 Dominum
2290 5197 2363 5262 ³²;
2406 5219 2424 5250 ι
2463 5209 2747 5270 prOpterea
2786 5201 3028 5255 velamen
3055 5204 3362 5272 apponebat
3407 5218 3536 5274 pro-

2501 5399 2553 5450 9.
2631 5400 2675 5428 ’τ’
2731 5396 2920 5452 Matth.
2965 5398 3197 5464 avt,18.
3301 5398 3345 5431 ³⁸
3369 5396 3532 5454 Joan.

1964 5635 2083 5690 cap.
2116 5623 2207 5686 22,
2239 5633 2293 5678 et
2325 5624 2609 5703 Snidas__i_n
2630 5644 2774 5703 roee
2797 5631 3006 5703 Μάνης.
3038 5635 3365 5692 ΤΙιι.ἐηιιι-ιιιη
3405 5639 3528 5695 Hie-

1965 5709 2254 5777 ‘r‘onymunt
2288 5707 2475 5777 contra
2527 5698 3052 5777 iii‘gil’r‘tntitt‘nt‘etﬂad
3093 5705 3194 5761 lsa.
3227 5723 3347 5777 cap.
3382 5723 3531 5766 Law.

1957 5759 2327 5832 Corsi.t:n'us,
2363 5767 2506 5823 Man.
2645 5767 2705 5824 G.
2739 5769 2779 5837 1,
2807 5771 2930 5826 618.
2959 5774 3020 5828 C.

3599 4340 3628 4355 δ
