  <div class='ocr_page' id='page_1' title='image "/cluster/home/n/w/nwhite01/storage/ocr_20150623/79/hvd.32044073502056/073.png"; bbox 0 0 3970 6220; ppageno 0'>
   <div class='ocr_carea' id='block_1_1' title="bbox 475 299 2106 379">
    <p class='ocr_par' dir='ltr' id='par_1_1' title="bbox 475 301 2106 379">
     <span class='ocr_line' id='line_1_1' title="bbox 475 301 2106 379; baseline -0.009 -4"><span class='ocrx_word' id='word_1_1' title='bbox 475 312 577 379; x_wconf 73' lang='grc'><strong>135</strong></span> <span class='ocrx_word' id='word_1_2' title='bbox 1943 301 2004 361; x_wconf 91' lang='lat' dir='ltr'><strong>S.</strong></span> <span class='ocrx_word' id='word_1_3' title='bbox 2045 302 2106 363; x_wconf 53' lang='lat' dir='ltr'><strong>Ni</strong></span> 
     </span>
    </p>
   </div>
   <div class='ocr_carea' id='block_1_2' title="bbox 2192 299 3724 379">
    <p class='ocr_par' dir='ltr' id='par_1_2' title="bbox 2192 299 3724 367">
     <span class='ocr_line' id='line_1_2' title="bbox 2192 299 3724 367; baseline 0.003 -7"><span class='ocrx_word' id='word_1_4' title='bbox 2192 301 2210 360; x_wconf 93' lang='grc'>[</span> <span class='ocrx_word' id='word_1_5' title='bbox 3133 337 3137 340; x_wconf 86' lang='lat'><strong><em>~</em></strong></span> <span class='ocrx_word' id='word_1_6' title='bbox 3442 358 3463 367; x_wconf 26' lang='grc' dir='ltr'><strong>,ν</strong></span> <span class='ocrx_word' id='word_1_7' title='bbox 3556 299 3724 365; x_wconf 74' lang='grc'><strong>’136</strong></span> 
     </span>
    </p>
   </div>
   <div class='ocr_carea' id='block_1_3' title="bbox 472 415 2106 497">
    <p class='ocr_par' dir='ltr' id='par_1_3' title="bbox 472 415 2106 497">
     <span class='ocr_line' id='line_1_3' title="bbox 472 415 2106 497; baseline -0.009 -13"><span class='ocrx_word' id='word_1_8' title='bbox 472 430 604 496; x_wconf 69' lang='lat' dir='ltr'><strong>prim</strong></span> <span class='ocrx_word' id='word_1_9' title='bbox 643 422 959 497; x_wconf 77' lang='lat' dir='ltr'><strong>przelurenti</strong></span> <span class='ocrx_word' id='word_1_10' title='bbox 1007 419 1200 484; x_wconf 73' lang='lat' dir='ltr'><strong>faciei;</strong></span> <span class='ocrx_word' id='word_1_11' title='bbox 1253 427 1307 473; x_wconf 84' lang='lat' dir='ltr'><strong>et</strong></span> <span class='ocrx_word' id='word_1_12' title='bbox 1357 418 1460 472; x_wconf 86' lang='lat' dir='ltr'><strong>hac</strong></span> <span class='ocrx_word' id='word_1_13' title='bbox 1495 418 1709 472; x_wconf 81' lang='lat' dir='ltr'><strong>ratione</strong></span> <span class='ocrx_word' id='word_1_14' title='bbox 1755 415 2106 488; x_wconf 58' lang='lat' dir='ltr'><strong>prudentes}</strong></span> 
     </span>
    </p>
   </div>
   <div class='ocr_carea' id='block_1_4' title="bbox 2192 415 3723 497">
    <p class='ocr_par' dir='ltr' id='par_1_4' title="bbox 2192 417 3723 489">
     <span class='ocr_line' id='line_1_4' title="bbox 2192 417 3723 489; baseline 0.004 -22"><span class='ocrx_word' id='word_1_15' title='bbox 2192 417 2614 487; x_wconf 83' lang='grc' dir='ltr'>,παστρὰπτοντι</span> <span class='ocrx_word' id='word_1_16' title='bbox 2645 418 2935 489; x_wconf 76' lang='grc' dir='ltr'>προσώπῳ,</span> <span class='ocrx_word' id='word_1_17' title='bbox 2970 421 3063 473; x_wconf 75' lang='grc' dir='ltr'>καὶ</span> <span class='ocrx_word' id='word_1_18' title='bbox 3096 420 3268 485; x_wconf 70' lang='grc' dir='ltr'>οὕτως</span> <span class='ocrx_word' id='word_1_19' title='bbox 3304 420 3575 489; x_wconf 73' lang='grc' dir='ltr'><strong>διελέγετο</strong></span> <span class='ocrx_word' id='word_1_20' title='bbox 3611 425 3723 488; x_wconf 80' lang='grc' dir='ltr'>τοῖς</span> 
     </span>
    </p>
   </div>
   <div class='ocr_carea' id='block_1_5' title="bbox 464 508 2106 589">
    <p class='ocr_par' dir='ltr' id='par_1_5' title="bbox 464 509 2052 589">
     <span class='ocr_line' id='line_1_5' title="bbox 464 509 2052 589; baseline -0.007 -15"><span class='ocrx_word' id='word_1_21' title='bbox 464 531 524 574; x_wconf 80' lang='lat' dir='ltr'><strong>et</strong></span> <span class='ocrx_word' id='word_1_22' title='bbox 570 520 662 589; x_wconf 91' lang='lat' dir='ltr'><strong>qui</strong></span> <span class='ocrx_word' id='word_1_23' title='bbox 703 514 970 586; x_wconf 84' lang='lat' dir='ltr'><strong>sapientia</strong></span> <span class='ocrx_word' id='word_1_24' title='bbox 1020 510 1313 582; x_wconf 65' lang='lat' dir='ltr'><strong>Egyptios</strong></span> <span class='ocrx_word' id='word_1_25' title='bbox 1350 511 1772 573; x_wconf 83' lang='lat' dir='ltr'><strong>aemulabantur,</strong></span> <span class='ocrx_word' id='word_1_26' title='bbox 1807 509 2052 578; x_wconf 86' lang='lat' dir='ltr'><strong>alloque-</strong></span> 
     </span>
    </p>
   </div>
   <div class='ocr_carea' id='block_1_6' title="bbox 2192 508 3371 589">
    <p class='ocr_par' dir='ltr' id='par_1_6' title="bbox 2192 508 3371 582">
     <span class='ocr_line' id='line_1_6' title="bbox 2192 508 3371 582; baseline 0.006 -24"><span class='ocrx_word' id='word_1_27' title='bbox 2192 510 2369 576; x_wconf 84' lang='grc' dir='ltr'>οητοῖς</span> <span class='ocrx_word' id='word_1_28' title='bbox 2408 508 2500 560; x_wconf 70' lang='grc' dir='ltr'>καὶ</span> <span class='ocrx_word' id='word_1_29' title='bbox 2533 508 2958 575; x_wconf 76' lang='grc' dir='ltr'>Αίγυπτιάζουσι</span> <span class='ocrx_word' id='word_1_30' title='bbox 2996 514 3060 579; x_wconf 78' lang='grc' dir='ltr'>τῇ</span> <span class='ocrx_word' id='word_1_31' title='bbox 3091 512 3371 582; x_wconf 79' lang='grc' dir='ltr'>φρονήσει.</span> 
     </span>
    </p>
   </div>
   <div class='ocr_carea' id='block_1_7' title="bbox 467 615 2927 667">
    <p class='ocr_par' dir='ltr' id='par_1_7' title="bbox 467 615 2927 667">
     <span class='ocr_line' id='line_1_7' title="bbox 467 615 2927 667; baseline -0.003 0"><span class='ocrx_word' id='word_1_32' title='bbox 467 615 652 667; x_wconf 89' lang='lat' dir='ltr'><strong>batur.</strong></span> <span class='ocrx_word' id='word_1_33' title='bbox 2920 654 2927 659; x_wconf 86' lang='lat'><strong>.</strong></span> 
     </span>
    </p>
   </div>
   <div class='ocr_carea' id='block_1_8' title="bbox 1009 690 2106 768">
    <p class='ocr_par' dir='ltr' id='par_1_8' title="bbox 1009 690 1725 750">
     <span class='ocr_line' id='line_1_8' title="bbox 1009 690 1725 750; baseline -0.006 -1"><span class='ocrx_word' id='word_1_34' title='bbox 1009 692 1199 750; x_wconf 75' lang='lat' dir='ltr'><strong>CXIX.</strong></span> <span class='ocrx_word' id='word_1_35' title='bbox 1228 723 1297 734; x_wconf 92' lang='lat'><strong>-—</strong></span> <span class='ocrx_word' id='word_1_36' title='bbox 1329 690 1537 745; x_wconf 80' lang='lat' dir='ltr'><strong>Eidem.</strong></span> <span class='ocrx_word' id='word_1_37' title='bbox 1722 742 1725 745; x_wconf 91' lang='lat'><strong>.</strong></span> 
     </span>
    </p>
   </div>
   <div class='ocr_carea' id='block_1_9' title="bbox 2192 690 3234 768">
    <p class='ocr_par' dir='ltr' id='par_1_9' title="bbox 2614 691 3234 768">
     <span class='ocr_line' id='line_1_9' title="bbox 2614 691 3234 768; baseline 0.002 -24"><span class='ocrx_word' id='word_1_38' title='bbox 2614 758 2623 768; x_wconf 39' lang='lat'><em>.</em></span> <span class='ocrx_word' id='word_1_39' title='bbox 2654 691 2797 745; x_wconf 72' lang='lat' dir='ltr'><strong>PIG’.</strong></span> <span class='ocrx_word' id='word_1_40' title='bbox 2831 721 2902 733; x_wconf 79' lang='lat'><strong>--</strong></span> <span class='ocrx_word' id='word_1_41' title='bbox 2934 691 3018 756; x_wconf 80' lang='grc' dir='ltr'><strong>Τῷ</strong></span> <span class='ocrx_word' id='word_1_42' title='bbox 3055 692 3234 758; x_wconf 84' lang='grc' dir='ltr'>αὐτῷ.</span> 
     </span>
    </p>
   </div>
   <div class='ocr_carea' id='block_1_10' title="bbox 542 778 2106 855">
    <p class='ocr_par' dir='ltr' id='par_1_10' title="bbox 542 778 2097 855">
     <span class='ocr_line' id='line_1_10' title="bbox 542 778 2097 855; baseline -0.006 -15"><span class='ocrx_word' id='word_1_43' title='bbox 542 788 761 842; x_wconf 81' lang='lat' dir='ltr'><strong>Faciem</strong></span> <span class='ocrx_word' id='word_1_44' title='bbox 791 785 992 855; x_wconf 80' lang='lat' dir='ltr'><strong>Moysis</strong></span> <span class='ocrx_word' id='word_1_45' title='bbox 1025 786 1207 838; x_wconf 88' lang='lat' dir='ltr'><strong>lumen</strong></span> <span class='ocrx_word' id='word_1_46' title='bbox 1235 797 1358 838; x_wconf 88' lang='lat' dir='ltr'><strong>esse</strong></span> <span class='ocrx_word' id='word_1_47' title='bbox 1386 780 1743 836; x_wconf 84' lang='lat' dir='ltr'><strong>Pentateuchi</strong></span> <span class='ocrx_word' id='word_1_48' title='bbox 1772 778 2097 845; x_wconf 70' lang='lat' dir='ltr'><strong>existima”,</strong></span> 
     </span>
    </p>
   </div>
   <div class='ocr_carea' id='block_1_11' title="bbox 2192 778 3734 855">
    <p class='ocr_par' dir='ltr' id='par_1_11' title="bbox 2224 778 3734 854">
     <span class='ocr_line' id='line_1_11' title="bbox 2224 778 3734 854; baseline 0.003 -22"><span class='ocrx_word' id='word_1_49' title='bbox 2224 778 2519 849; x_wconf 84' lang='grc' dir='ltr'>Πρόσωπον</span> <span class='ocrx_word' id='word_1_50' title='bbox 2546 782 2827 848; x_wconf 81' lang='grc' dir='ltr'>Μωῦσὲως</span> <span class='ocrx_word' id='word_1_51' title='bbox 2860 782 3054 853; x_wconf 83' lang='grc' dir='ltr'><strong>νόησον</strong></span> <span class='ocrx_word' id='word_1_52' title='bbox 3082 780 3223 839; x_wconf 81' lang='grc' dir='ltr'>εἶναι</span> <span class='ocrx_word' id='word_1_53' title='bbox 3252 784 3311 837; x_wconf 81' lang='grc' dir='ltr'><strong>τὸ</strong></span> <span class='ocrx_word' id='word_1_54' title='bbox 3336 801 3450 853; x_wconf 76' lang='grc' dir='ltr'><strong>φως</strong></span> <span class='ocrx_word' id='word_1_55' title='bbox 3471 786 3570 854; x_wconf 77' lang='grc' dir='ltr'>τῆς</span> <span class='ocrx_word' id='word_1_56' title='bbox 3595 786 3734 839; x_wconf 85' lang='grc' dir='ltr'><strong>Πεν-</strong></span> 
     </span>
    </p>
   </div>
   <div class='ocr_carea' id='block_1_12' title="bbox 475 867 2106 943">
    <p class='ocr_par' dir='ltr' id='par_1_12' title="bbox 475 869 2053 939">
     <span class='ocr_line' id='line_1_12' title="bbox 475 869 2053 939; baseline -0.007 -5"><span class='ocrx_word' id='word_1_57' title='bbox 475 881 715 934; x_wconf 86' lang='lat' dir='ltr'><strong>velamen</strong></span> <span class='ocrx_word' id='word_1_58' title='bbox 746 880 1028 934; x_wconf 75' lang='lat' dir='ltr'><strong>beatorum</strong></span> <span class='ocrx_word' id='word_1_59' title='bbox 1055 890 1369 931; x_wconf 89' lang='lat' dir='ltr'><strong>sermonum</strong></span> <span class='ocrx_word' id='word_1_60' title='bbox 1398 873 1808 937; x_wconf 77' lang='lat' dir='ltr'><strong>obscuritatem,</strong></span> <span class='ocrx_word' id='word_1_61' title='bbox 1835 878 1888 925; x_wconf 89' lang='lat' dir='ltr'><strong>et</strong></span> <span class='ocrx_word' id='word_1_62' title='bbox 1906 869 2053 939; x_wconf 84' lang='lat' dir='ltr'><strong>quod</strong></span> 
     </span>
    </p>
   </div>
   <div class='ocr_carea' id='block_1_13' title="bbox 2192 867 3733 943">
    <p class='ocr_par' dir='ltr' id='par_1_13' title="bbox 2194 867 3733 943">
     <span class='ocr_line' id='line_1_13' title="bbox 2194 867 3733 943; baseline 0.003 -22"><span class='ocrx_word' id='word_1_63' title='bbox 2194 867 2450 938; x_wconf 82' lang='grc' dir='ltr'>ατεύχου,</span> <span class='ocrx_word' id='word_1_64' title='bbox 2486 871 2748 941; x_wconf 82' lang='grc' dir='ltr'>κάλυμμα</span> <span class='ocrx_word' id='word_1_65' title='bbox 2766 872 2823 925; x_wconf 83' lang='grc' dir='ltr'>δὲ</span> <span class='ocrx_word' id='word_1_66' title='bbox 2845 873 2904 925; x_wconf 90' lang='grc' dir='ltr'><strong>τὸ</strong></span> <span class='ocrx_word' id='word_1_67' title='bbox 2930 874 3138 943; x_wconf 84' lang='grc' dir='ltr'>ἀσαφὲς</span> <span class='ocrx_word' id='word_1_68' title='bbox 3182 872 3289 925; x_wconf 79' lang='grc' dir='ltr'><strong>τῶν</strong></span> <span class='ocrx_word' id='word_1_69' title='bbox 3321 872 3607 943; x_wconf 77' lang='grc' dir='ltr'><strong>μακαρίων</strong></span> <span class='ocrx_word' id='word_1_70' title='bbox 3641 872 3733 925; x_wconf 83' lang='grc' dir='ltr'><strong>λό-</strong></span> 
     </span>
    </p>
   </div>
   <div class='ocr_carea' id='block_1_14' title="bbox 476 959 2106 1042">
    <p class='ocr_par' dir='ltr' id='par_1_14' title="bbox 476 959 2052 1042">
     <span class='ocr_line' id='line_1_14' title="bbox 476 959 2052 1042; baseline -0.008 -16"><span class='ocrx_word' id='word_1_71' title='bbox 476 971 775 1042; x_wconf 87' lang='lat' dir='ltr'><strong>parabolis,</strong></span> <span class='ocrx_word' id='word_1_72' title='bbox 817 974 912 1020; x_wconf 92' lang='lat' dir='ltr'><strong>aut</strong></span> <span class='ocrx_word' id='word_1_73' title='bbox 962 965 1249 1037; x_wconf 85' lang='lat' dir='ltr'><strong>symbolis,</strong></span> <span class='ocrx_word' id='word_1_74' title='bbox 1301 963 1416 1018; x_wconf 83' lang='lat' dir='ltr'><strong>sive</strong></span> <span class='ocrx_word' id='word_1_75' title='bbox 1458 962 1620 1017; x_wconf 89' lang='lat' dir='ltr'><strong>etiam</strong></span> <span class='ocrx_word' id='word_1_76' title='bbox 1670 959 2052 1029; x_wconf 74' lang='lat' dir='ltr'><strong>aenigmatibus</strong></span> 
     </span>
    </p>
   </div>
   <div class='ocr_carea' id='block_1_15' title="bbox 2192 959 3734 1042">
    <p class='ocr_par' dir='ltr' id='par_1_15' title="bbox 2192 962 3734 1035">
     <span class='ocr_line' id='line_1_15' title="bbox 2192 962 3734 1035; baseline 0 -21"><span class='ocrx_word' id='word_1_77' title='bbox 2192 977 2287 1025; x_wconf 89' lang='grc' dir='ltr'><strong>ων,</strong></span> <span class='ocrx_word' id='word_1_78' title='bbox 2341 962 2436 1015; x_wconf 78' lang='grc' dir='ltr'>καὶ</span> <span class='ocrx_word' id='word_1_79' title='bbox 2478 962 2539 1016; x_wconf 90' lang='grc' dir='ltr'><strong>τὸ</strong></span> <span class='ocrx_word' id='word_1_80' title='bbox 2584 963 2969 1035; x_wconf 82' lang='grc' dir='ltr'>παραϐολικὸν,</span> <span class='ocrx_word' id='word_1_81' title='bbox 3017 965 3049 1035; x_wconf 82' lang='grc' dir='ltr'>ἦ</span> <span class='ocrx_word' id='word_1_82' title='bbox 3108 963 3456 1034; x_wconf 77' lang='grc' dir='ltr'>συμϐολικὸν,</span> <span class='ocrx_word' id='word_1_83' title='bbox 3524 964 3619 1015; x_wconf 71' lang='grc' dir='ltr'><strong>καὶ</strong></span> <span class='ocrx_word' id='word_1_84' title='bbox 3672 963 3734 1015; x_wconf 83' lang='grc' dir='ltr'><strong>τὸ</strong></span> 
     </span>
    </p>
   </div>
   <div class='ocr_carea' id='block_1_16' title="bbox 476 1051 2106 1132">
    <p class='ocr_par' dir='ltr' id='par_1_16' title="bbox 476 1051 2052 1132">
     <span class='ocr_line' id='line_1_16' title="bbox 476 1051 2052 1132; baseline -0.009 -15"><span class='ocrx_word' id='word_1_85' title='bbox 476 1063 815 1132; x_wconf 76' lang='lat' dir='ltr'><strong>exprimitur.</strong></span> <span class='ocrx_word' id='word_1_86' title='bbox 857 1058 922 1112; x_wconf 85' lang='lat' dir='ltr'><strong>Et</strong></span> <span class='ocrx_word' id='word_1_87' title='bbox 965 1065 1192 1113; x_wconf 87' lang='lat' dir='ltr'><strong>sanctus</strong></span> <span class='ocrx_word' id='word_1_88' title='bbox 1228 1055 1443 1126; x_wconf 80' lang='lat' dir='ltr'><strong>Moyses</strong></span> <span class='ocrx_word' id='word_1_89' title='bbox 1483 1069 1647 1123; x_wconf 87' lang='lat' dir='ltr'><strong>super</strong></span> <span class='ocrx_word' id='word_1_90' title='bbox 1689 1060 1854 1123; x_wconf 86' lang='lat' dir='ltr'><strong>puteo</strong></span> <span class='ocrx_word' id='word_1_91' title='bbox 1881 1051 1947 1114; x_wconf 67' lang='lat'><strong>“,</strong></span> <span class='ocrx_word' id='word_1_92' title='bbox 1986 1064 2052 1104; x_wconf 70' lang='lat' dir='ltr'><strong>ex</strong></span> 
     </span>
    </p>
   </div>
   <div class='ocr_carea' id='block_1_17' title="bbox 2192 1051 3736 1132">
    <p class='ocr_par' dir='ltr' id='par_1_17' title="bbox 2197 1055 3736 1125">
     <span class='ocr_line' id='line_1_17' title="bbox 2197 1055 3736 1125; baseline 0.001 -20"><span class='ocrx_word' id='word_1_93' title='bbox 2197 1055 2570 1123; x_wconf 81' lang='grc' dir='ltr'>ίνιγματῶδες.</span> <span class='ocrx_word' id='word_1_94' title='bbox 2630 1057 2740 1109; x_wconf 75' lang='grc' dir='ltr'>Καὶ</span> <span class='ocrx_word' id='word_1_95' title='bbox 2793 1056 2937 1125; x_wconf 81' lang='grc' dir='ltr'>λέγει</span> <span class='ocrx_word' id='word_1_96' title='bbox 2966 1058 2993 1109; x_wconf 87' lang='grc' dir='ltr'>ὁ</span> <span class='ocrx_word' id='word_1_97' title='bbox 3020 1058 3172 1125; x_wconf 78' lang='grc' dir='ltr'>ἆγιος</span> <span class='ocrx_word' id='word_1_98' title='bbox 3243 1056 3486 1125; x_wconf 81' lang='grc' dir='ltr'>Μωῦσῆς</span> <span class='ocrx_word' id='word_1_99' title='bbox 3514 1056 3606 1107; x_wconf 76' lang='grc' dir='ltr'>ἐπὶ</span> <span class='ocrx_word' id='word_1_100' title='bbox 3640 1072 3736 1109; x_wconf 88' lang='grc' dir='ltr'><strong>του</strong></span> 
     </span>
    </p>
   </div>
   <div class='ocr_carea' id='block_1_18' title="bbox 477 1142 2106 1226">
    <p class='ocr_par' dir='ltr' id='par_1_18' title="bbox 477 1142 2056 1226">
     <span class='ocr_line' id='line_1_18' title="bbox 477 1142 2056 1226; baseline -0.007 -19"><span class='ocrx_word' id='word_1_101' title='bbox 477 1169 585 1226; x_wconf 91' lang='lat' dir='ltr'><strong>quo</strong></span> <span class='ocrx_word' id='word_1_102' title='bbox 616 1168 806 1205; x_wconf 86' lang='lat' dir='ltr'><strong>omnes</strong></span> <span class='ocrx_word' id='word_1_103' title='bbox 833 1150 1042 1213; x_wconf 87' lang='lat' dir='ltr'><strong>bibere,</strong></span> <span class='ocrx_word' id='word_1_104' title='bbox 1075 1147 1338 1202; x_wconf 89' lang='lat' dir='ltr'><strong>nonuuila</strong></span> <span class='ocrx_word' id='word_1_105' title='bbox 1380 1161 1477 1215; x_wconf 89' lang='lat' dir='ltr'><strong>per</strong></span> <span class='ocrx_word' id='word_1_106' title='bbox 1516 1145 1736 1199; x_wconf 91' lang='lat' dir='ltr'><strong>modum</strong></span> <span class='ocrx_word' id='word_1_107' title='bbox 1785 1142 2056 1212; x_wconf 57' lang='lat' dir='ltr'><strong>parabolae</strong></span> 
     </span>
    </p>
   </div>
   <div class='ocr_carea' id='block_1_19' title="bbox 2192 1142 3735 1226">
    <p class='ocr_par' dir='ltr' id='par_1_19' title="bbox 2192 1143 3735 1219">
     <span class='ocr_line' id='line_1_19' title="bbox 2192 1143 3735 1219; baseline 0.001 -23"><span class='ocrx_word' id='word_1_108' title='bbox 2192 1143 2413 1213; x_wconf 73' lang='grc' dir='ltr'>ιρέατος,</span> <span class='ocrx_word' id='word_1_109' title='bbox 2435 1145 2563 1219; x_wconf 61' lang='grc' dir='ltr'>ὅθεν</span> <span class='ocrx_word' id='word_1_110' title='bbox 2587 1147 2786 1210; x_wconf 83' lang='grc' dir='ltr'>πάντες</span> <span class='ocrx_word' id='word_1_111' title='bbox 2809 1147 3118 1211; x_wconf 86' lang='grc' dir='ltr'>πεπὼκασι,</span> <span class='ocrx_word' id='word_1_112' title='bbox 3159 1144 3544 1216; x_wconf 79' lang='grc' dir='ltr'>παραϐολικῶς</span> <span class='ocrx_word' id='word_1_113' title='bbox 3571 1162 3696 1197; x_wconf 82' lang='grc' dir='ltr'>τινα</span> <span class='ocrx_word' id='word_1_114' title='bbox 3719 1161 3735 1176; x_wconf 88' lang='grc'><strong>·</strong></span> 
     </span>
    </p>
   </div>
   <div class='ocr_carea' id='block_1_20' title="bbox 478 1232 2106 1312">
    <p class='ocr_par' dir='ltr' id='par_1_20' title="bbox 478 1232 2053 1312">
     <span class='ocr_line' id='line_1_20' title="bbox 478 1232 2053 1312; baseline -0.011 -10"><span class='ocrx_word' id='word_1_115' title='bbox 478 1245 683 1309; x_wconf 79' lang='lat' dir='ltr'><strong>refert;</strong></span> <span class='ocrx_word' id='word_1_116' title='bbox 720 1239 1067 1312; x_wconf 81' lang='lat' dir='ltr'><strong>postmodum</strong></span> <span class='ocrx_word' id='word_1_117' title='bbox 1104 1238 1256 1292; x_wconf 87' lang='lat' dir='ltr'><strong>addit</strong></span> <span class='ocrx_word' id='word_1_118' title='bbox 1286 1255 1300 1292; x_wconf 87' lang='lat'><strong>:</strong></span> <span class='ocrx_word' id='word_1_119' title='bbox 1339 1254 1356 1287; x_wconf 78' lang='grc' dir='ltr'><strong>ι</strong></span> <span class='ocrx_word' id='word_1_120' title='bbox 1390 1235 1684 1305; x_wconf 84' lang='lat' dir='ltr'><strong>Propterea</strong></span> <span class='ocrx_word' id='word_1_121' title='bbox 1720 1232 1928 1299; x_wconf 80' lang='lat' dir='ltr'><strong>dicent,</strong></span> <span class='ocrx_word' id='word_1_122' title='bbox 1961 1232 2053 1303; x_wconf 90' lang='lat' dir='ltr'><strong>qui</strong></span> 
     </span>
    </p>
   </div>
   <div class='ocr_carea' id='block_1_21' title="bbox 2192 1232 3739 1312">
    <p class='ocr_par' dir='ltr' id='par_1_21' title="bbox 2192 1237 3739 1310">
     <span class='ocr_line' id='line_1_21' title="bbox 2192 1237 3739 1310; baseline 0 -20"><span class='ocrx_word' id='word_1_123' title='bbox 2192 1237 2253 1290; x_wconf 66' lang='lat' dir='ltr'><strong>ad.</strong></span> <span class='ocrx_word' id='word_1_124' title='bbox 2294 1237 2419 1306; x_wconf 78' lang='grc' dir='ltr'>ἑξῆς</span> <span class='ocrx_word' id='word_1_125' title='bbox 2464 1240 2748 1310; x_wconf 69' lang='grc' dir='ltr'>ἐπιφέρει*</span> <span class='ocrx_word' id='word_1_126' title='bbox 2790 1241 2887 1293; x_wconf 80' lang='grc' dir='ltr'><strong>Διὰ</strong></span> <span class='ocrx_word' id='word_1_127' title='bbox 2936 1239 3091 1293; x_wconf 77' lang='grc' dir='ltr'>τοῦτο</span> <span class='ocrx_word' id='word_1_128' title='bbox 3127 1237 3343 1309; x_wconf 72' lang='grc' dir='ltr'>ἐροῦσιν</span> <span class='ocrx_word' id='word_1_129' title='bbox 3393 1240 3441 1290; x_wconf 80' lang='grc' dir='ltr'>οἱ</span> <span class='ocrx_word' id='word_1_130' title='bbox 3480 1240 3739 1308; x_wconf 65' lang='grc' dir='ltr'>αἰνιγμα-</span> 
     </span>
    </p>
   </div>
   <div class='ocr_carea' id='block_1_22' title="bbox 478 1321 1914 1403">
    <p class='ocr_par' dir='ltr' id='par_1_22' title="bbox 478 1321 1914 1403">
     <span class='ocr_line' id='line_1_22' title="bbox 478 1321 1914 1403; baseline -0.01 -17"><span class='ocrx_word' id='word_1_131' title='bbox 478 1334 720 1403; x_wconf 88' lang='lat' dir='ltr'><strong>captiose</strong></span> <span class='ocrx_word' id='word_1_132' title='bbox 744 1336 798 1382; x_wconf 89' lang='lat' dir='ltr'><strong>et</strong></span> <span class='ocrx_word' id='word_1_133' title='bbox 828 1326 1084 1398; x_wconf 86' lang='lat' dir='ltr'><strong>perplexe</strong></span> <span class='ocrx_word' id='word_1_134' title='bbox 1116 1332 1443 1393; x_wconf 78' lang='lat' dir='ltr'><strong>argutantur</strong></span> <span class='ocrx_word' id='word_1_135' title='bbox 1479 1323 1593 1375; x_wconf 75' lang='lat' dir='ltr'><strong>Itat&#39;c</strong></span> <span class='ocrx_word' id='word_1_136' title='bbox 1620 1329 1675 1376; x_wconf 88' lang='lat' dir='ltr'><strong>et</strong></span> <span class='ocrx_word' id='word_1_137' title='bbox 1703 1324 1816 1375; x_wconf 67' lang='lat' dir='ltr'><strong>haec</strong></span> <span class='ocrx_word' id='word_1_138' title='bbox 1847 1321 1914 1372; x_wconf 82' lang='grc'><strong>³⁸.</strong></span> 
     </span>
    </p>
   </div>
   <div class='ocr_carea' id='block_1_23' title="bbox 1028 1424 1524 1482">
    <p class='ocr_par' dir='ltr' id='par_1_23' title="bbox 1028 1424 1524 1482">
     <span class='ocr_line' id='line_1_23' title="bbox 1028 1424 1524 1482; baseline -0.008 0"><span class='ocrx_word' id='word_1_139' title='bbox 1028 1425 1195 1482; x_wconf 77' lang='lat' dir='ltr'><strong>CXX.</strong></span> <span class='ocrx_word' id='word_1_140' title='bbox 1219 1456 1289 1465; x_wconf 94' lang='lat'><strong>—</strong></span> <span class='ocrx_word' id='word_1_141' title='bbox 1314 1424 1524 1479; x_wconf 85' lang='lat' dir='ltr'><strong>Eidem.</strong></span> 
     </span>
    </p>
   </div>
   <div class='ocr_carea' id='block_1_24' title="bbox 549 1516 2055 1595">
    <p class='ocr_par' dir='ltr' id='par_1_24' title="bbox 549 1516 2055 1595">
     <span class='ocr_line' id='line_1_24' title="bbox 549 1516 2055 1595; baseline -0.006 -13"><span class='ocrx_word' id='word_1_142' title='bbox 549 1524 605 1581; x_wconf 88' lang='lat' dir='ltr'><strong>Si</strong></span> <span class='ocrx_word' id='word_1_143' title='bbox 647 1542 770 1582; x_wconf 91' lang='lat' dir='ltr'><strong>cum</strong></span> <span class='ocrx_word' id='word_1_144' title='bbox 808 1523 1067 1595; x_wconf 80' lang='lat' dir='ltr'><strong>lacrymis</strong></span> <span class='ocrx_word' id='word_1_145' title='bbox 1112 1521 1179 1575; x_wconf 90' lang='lat' dir='ltr'><strong>ad</strong></span> <span class='ocrx_word' id='word_1_146' title='bbox 1224 1520 1508 1575; x_wconf 87' lang='lat' dir='ltr'><strong>Christum</strong></span> <span class='ocrx_word' id='word_1_147' title='bbox 1553 1526 1906 1574; x_wconf 75' lang='lat' dir='ltr'><strong>convertatur</strong></span> <span class='ocrx_word' id='word_1_148' title='bbox 1950 1516 2055 1573; x_wconf 80' lang='lat' dir='ltr'><strong>Ile-</strong></span> 
     </span>
    </p>
   </div>
   <div class='ocr_carea' id='block_1_25' title="bbox 481 1609 2059 1685">
    <p class='ocr_par' dir='ltr' id='par_1_25' title="bbox 481 1609 2059 1685">
     <span class='ocr_line' id='line_1_25' title="bbox 481 1609 2059 1685; baseline -0.008 -10"><span class='ocrx_word' id='word_1_149' title='bbox 481 1622 682 1681; x_wconf 69' lang='lat' dir='ltr'><strong>brazus.</strong></span> <span class='ocrx_word' id='word_1_150' title='bbox 719 1618 983 1672; x_wconf 77' lang='lat' dir='ltr'><strong>infantem</strong></span> <span class='ocrx_word' id='word_1_151' title='bbox 1015 1629 1182 1685; x_wconf 87' lang='lat' dir='ltr'><strong>agens</strong></span> <span class='ocrx_word' id='word_1_152' title='bbox 1217 1611 1523 1668; x_wconf 91' lang='lat' dir='ltr'><strong>secundum</strong></span> <span class='ocrx_word' id='word_1_153' title='bbox 1567 1626 1821 1680; x_wconf 86' lang='lat' dir='ltr'><strong>puerum,</strong></span> <span class='ocrx_word' id='word_1_154' title='bbox 1866 1609 2059 1665; x_wconf 86' lang='lat' dir='ltr'><strong>Ismael</strong></span> 
     </span>
    </p>
   </div>
   <div class='ocr_carea' id='block_1_26' title="bbox 480 1700 2061 1773">
    <p class='ocr_par' dir='ltr' id='par_1_26' title="bbox 480 1700 2061 1773">
     <span class='ocr_line' id='line_1_26' title="bbox 480 1700 2061 1773; baseline -0.008 -8"><span class='ocrx_word' id='word_1_155' title='bbox 480 1713 708 1773; x_wconf 85' lang='lat' dir='ltr'><strong>dictum,</strong></span> <span class='ocrx_word' id='word_1_156' title='bbox 742 1709 1028 1763; x_wconf 89' lang='lat' dir='ltr'><strong>oculorum</strong></span> <span class='ocrx_word' id='word_1_157' title='bbox 1076 1703 1300 1765; x_wconf 89' lang='lat' dir='ltr'><strong>mentis,</strong></span> <span class='ocrx_word' id='word_1_158' title='bbox 1344 1704 1494 1773; x_wconf 87' lang='lat' dir='ltr'><strong>Agar</strong></span> <span class='ocrx_word' id='word_1_159' title='bbox 1543 1708 1872 1771; x_wconf 79' lang='lat' dir='ltr'><strong>nuncupatae</strong></span> <span class='ocrx_word' id='word_1_160' title='bbox 1912 1700 2061 1755; x_wconf 86' lang='lat' dir='ltr'><strong>vela-</strong></span> 
     </span>
    </p>
   </div>
   <div class='ocr_carea' id='block_1_27' title="bbox 482 1792 2065 1867">
    <p class='ocr_par' dir='ltr' id='par_1_27' title="bbox 482 1792 2065 1867">
     <span class='ocr_line' id='line_1_27' title="bbox 482 1792 2065 1867; baseline -0.008 -9"><span class='ocrx_word' id='word_1_161' title='bbox 482 1820 604 1858; x_wconf 85' lang='lat' dir='ltr'><strong>men</strong></span> <span class='ocrx_word' id='word_1_162' title='bbox 636 1799 925 1861; x_wconf 83' lang='lat' dir='ltr'><strong>abstrahit,</strong></span> <span class='ocrx_word' id='word_1_163' title='bbox 961 1810 1239 1867; x_wconf 88' lang='lat' dir='ltr'><strong>propeque</strong></span> <span class='ocrx_word' id='word_1_164' title='bbox 1284 1795 1498 1849; x_wconf 85' lang='lat' dir='ltr'><strong>invenit</strong></span> <span class='ocrx_word' id='word_1_165' title='bbox 1532 1808 1729 1864; x_wconf 86' lang='lat' dir='ltr'><strong>aquam</strong></span> <span class='ocrx_word' id='word_1_166' title='bbox 1771 1794 1949 1847; x_wconf 84' lang='lat' dir='ltr'><strong>vivam</strong></span> <span class='ocrx_word' id='word_1_167' title='bbox 1981 1792 2065 1847; x_wconf 88' lang='lat' dir='ltr'><strong>di-</strong></span> 
     </span>
    </p>
   </div>
   <div class='ocr_carea' id='block_1_28' title="bbox 482 1885 2065 1959">
    <p class='ocr_par' dir='ltr' id='par_1_28' title="bbox 482 1885 2065 1959">
     <span class='ocr_line' id='line_1_28' title="bbox 482 1885 2065 1959; baseline -0.008 -11"><span class='ocrx_word' id='word_1_168' title='bbox 482 1895 622 1947; x_wconf 65' lang='lat' dir='ltr'><strong>vinae</strong></span> <span class='ocrx_word' id='word_1_169' title='bbox 654 1892 972 1959; x_wconf 85' lang='lat' dir='ltr'><strong>Scripturae,</strong></span> <span class='ocrx_word' id='word_1_170' title='bbox 1018 1888 1095 1941; x_wconf 91' lang='lat' dir='ltr'><strong>uti</strong></span> <span class='ocrx_word' id='word_1_171' title='bbox 1144 1885 1370 1941; x_wconf 88' lang='lat' dir='ltr'><strong>addecet</strong></span> <span class='ocrx_word' id='word_1_172' title='bbox 1412 1886 1740 1955; x_wconf 76' lang='lat' dir='ltr'><strong>expositam,</strong></span> <span class='ocrx_word' id='word_1_173' title='bbox 1789 1886 1938 1953; x_wconf 89' lang='lat' dir='ltr'><strong>potui</strong></span> <span class='ocrx_word' id='word_1_174' title='bbox 1975 1898 2065 1936; x_wconf 89' lang='lat' dir='ltr'><strong>ac-</strong></span> 
     </span>
    </p>
   </div>
   <div class='ocr_carea' id='block_1_29' title="bbox 481 1970 2067 2043">
    <p class='ocr_par' dir='ltr' id='par_1_29' title="bbox 481 1970 2067 2043">
     <span class='ocr_line' id='line_1_29' title="bbox 481 1970 2067 2043; baseline -0.008 -9"><span class='ocrx_word' id='word_1_175' title='bbox 481 1978 907 2041; x_wconf 87' lang='lat' dir='ltr'><strong>commodatam,</strong></span> <span class='ocrx_word' id='word_1_176' title='bbox 943 1984 1108 2043; x_wconf 86' lang='lat' dir='ltr'><strong>atque</strong></span> <span class='ocrx_word' id='word_1_177' title='bbox 1142 1972 1494 2043; x_wconf 83' lang='lat' dir='ltr'><strong>pellucidum,</strong></span> <span class='ocrx_word' id='word_1_178' title='bbox 1539 1980 1591 2027; x_wconf 90' lang='lat' dir='ltr'><strong>et</strong></span> <span class='ocrx_word' id='word_1_179' title='bbox 1629 1973 1698 2027; x_wconf 87' lang='lat' dir='ltr'><strong>ab</strong></span> <span class='ocrx_word' id='word_1_180' title='bbox 1749 1970 2067 2025; x_wconf 83' lang='lat' dir='ltr'><strong>inﬁdelitate</strong></span> 
     </span>
    </p>
   </div>
   <div class='ocr_carea' id='block_1_30' title="bbox 484 2064 1119 2124">
    <p class='ocr_par' dir='ltr' id='par_1_30' title="bbox 484 2064 1119 2124">
     <span class='ocr_line' id='line_1_30' title="bbox 484 2064 1119 2124; baseline -0.013 -1"><span class='ocrx_word' id='word_1_181' title='bbox 484 2068 681 2124; x_wconf 88' lang='lat' dir='ltr'><strong>mortis</strong></span> <span class='ocrx_word' id='word_1_182' title='bbox 705 2066 1023 2121; x_wconf 90' lang='lat' dir='ltr'><strong>liberantem</strong></span> <span class='ocrx_word' id='word_1_183' title='bbox 1050 2064 1119 2115; x_wconf 78' lang='grc'><strong>³⁸.</strong></span> 
     </span>
    </p>
   </div>
   <div class='ocr_carea' id='block_1_31' title="bbox 936 2152 1615 2226">
    <p class='ocr_par' dir='ltr' id='par_1_31' title="bbox 936 2152 1615 2226">
     <span class='ocr_line' id='line_1_31' title="bbox 936 2152 1615 2226; baseline -0.007 -16"><span class='ocrx_word' id='word_1_184' title='bbox 936 2155 1041 2226; x_wconf 79' lang='lat'><strong>53</strong></span> <span class='ocrx_word' id='word_1_185' title='bbox 1083 2152 1274 2210; x_wconf 73' lang='lat' dir='ltr'><strong>CXXII.</strong></span> <span class='ocrx_word' id='word_1_186' title='bbox 1303 2185 1373 2196; x_wconf 91' lang='lat'><strong>-—</strong></span> <span class='ocrx_word' id='word_1_187' title='bbox 1406 2154 1615 2209; x_wconf 78' lang='lat' dir='ltr'><strong>Eidem.</strong></span> 
     </span>
    </p>
   </div>
   <div class='ocr_carea' id='block_1_32' title="bbox 554 2247 2070 2320">
    <p class='ocr_par' dir='ltr' id='par_1_32' title="bbox 554 2247 2070 2320">
     <span class='ocr_line' id='line_1_32' title="bbox 554 2247 2070 2320; baseline -0.007 -14"><span class='ocrx_word' id='word_1_188' title='bbox 554 2252 855 2320; x_wconf 85' lang='lat' dir='ltr'><strong>Quousque</strong></span> <span class='ocrx_word' id='word_1_189' title='bbox 896 2247 1112 2301; x_wconf 62' lang='lat' dir='ltr'><strong>Hebraei</strong></span> <span class='ocrx_word' id='word_1_190' title='bbox 1150 2247 1308 2302; x_wconf 75' lang='lat' dir='ltr'><strong>{idem</strong></span> <span class='ocrx_word' id='word_1_191' title='bbox 1356 2247 1527 2302; x_wconf 64' lang='lat' dir='ltr'><strong>beata:</strong></span> <span class='ocrx_word' id='word_1_192' title='bbox 1561 2247 1713 2300; x_wconf 71' lang='lat' dir='ltr'><strong>Sam</strong></span> <span class='ocrx_word' id='word_1_193' title='bbox 1745 2258 1854 2298; x_wconf 92' lang='lat' dir='ltr'><strong>non</strong></span> <span class='ocrx_word' id='word_1_194' title='bbox 1891 2257 2070 2313; x_wconf 85' lang='lat' dir='ltr'><strong>pOSSI-</strong></span> 
     </span>
    </p>
   </div>
   <div class='ocr_carea' id='block_1_33' title="bbox 483 2336 2070 2411">
    <p class='ocr_par' dir='ltr' id='par_1_33' title="bbox 483 2336 2070 2411">
     <span class='ocr_line' id='line_1_33' title="bbox 483 2336 2070 2411; baseline -0.008 -12"><span class='ocrx_word' id='word_1_195' title='bbox 483 2344 736 2409; x_wconf 82' lang='lat' dir='ltr'><strong>debunt,</strong></span> <span class='ocrx_word' id='word_1_196' title='bbox 769 2356 941 2397; x_wconf 69' lang='lat' dir='ltr'><strong>servae</strong></span> <span class='ocrx_word' id='word_1_197' title='bbox 970 2339 1116 2411; x_wconf 79' lang='lat' dir='ltr'><strong>Agar</strong></span> <span class='ocrx_word' id='word_1_198' title='bbox 1165 2354 1367 2394; x_wconf 88' lang='lat' dir='ltr'><strong>nomen</strong></span> <span class='ocrx_word' id='word_1_199' title='bbox 1420 2354 1612 2395; x_wconf 87' lang='lat' dir='ltr'><strong>eorum</strong></span> <span class='ocrx_word' id='word_1_200' title='bbox 1659 2338 1827 2393; x_wconf 87' lang='lat' dir='ltr'><strong>menti</strong></span> <span class='ocrx_word' id='word_1_201' title='bbox 1878 2336 2070 2405; x_wconf 82' lang='lat' dir='ltr'><strong>appin-</strong></span> 
     </span>
    </p>
   </div>
   <div class='ocr_carea' id='block_1_34' title="bbox 485 2435 932 2508">
    <p class='ocr_par' dir='ltr' id='par_1_34' title="bbox 485 2435 932 2508">
     <span class='ocr_line' id='line_1_34' title="bbox 485 2435 932 2508; baseline -0.004 -17"><span class='ocrx_word' id='word_1_202' title='bbox 485 2436 723 2508; x_wconf 85' lang='lat' dir='ltr'><strong>gendum</strong></span> <span class='ocrx_word' id='word_1_203' title='bbox 751 2441 831 2489; x_wconf 85' lang='lat' dir='ltr'><strong>est</strong></span> <span class='ocrx_word' id='word_1_204' title='bbox 864 2435 932 2489; x_wconf 93' lang='grc'><strong>³⁷.</strong></span> 
     </span>
    </p>
   </div>
   <div class='ocr_carea' id='block_1_35' title="bbox 1007 2522 1562 2582">
    <p class='ocr_par' dir='ltr' id='par_1_35' title="bbox 1007 2522 1562 2582">
     <span class='ocr_line' id='line_1_35' title="bbox 1007 2522 1562 2582; baseline -0.013 0"><span class='ocrx_word' id='word_1_205' title='bbox 1007 2524 1219 2582; x_wconf 73' lang='lat' dir='ltr'><strong>CXXII.</strong></span> <span class='ocrx_word' id='word_1_206' title='bbox 1256 2554 1327 2566; x_wconf 89' lang='lat'><strong>-—</strong></span> <span class='ocrx_word' id='word_1_207' title='bbox 1355 2522 1562 2578; x_wconf 82' lang='lat' dir='ltr'><strong>Eidem.</strong></span> 
     </span>
    </p>
   </div>
   <div class='ocr_carea' id='block_1_36' title="bbox 557 2606 2073 2687">
    <p class='ocr_par' dir='ltr' id='par_1_36' title="bbox 557 2606 2073 2687">
     <span class='ocr_line' id='line_1_36' title="bbox 557 2606 2073 2687; baseline -0.007 -16"><span class='ocrx_word' id='word_1_208' title='bbox 557 2616 726 2672; x_wconf 79' lang='lat' dir='ltr'><strong>Multa</strong></span> <span class='ocrx_word' id='word_1_209' title='bbox 797 2617 1207 2687; x_wconf 88' lang='lat' dir='ltr'><strong>speculatione,</strong></span> <span class='ocrx_word' id='word_1_210' title='bbox 1280 2626 1334 2669; x_wconf 88' lang='lat' dir='ltr'><strong>et</strong></span> <span class='ocrx_word' id='word_1_211' title='bbox 1388 2611 1753 2683; x_wconf 79' lang='lat' dir='ltr'><strong>intelligentia</strong></span> <span class='ocrx_word' id='word_1_212' title='bbox 1831 2606 2073 2662; x_wconf 80' lang='lat' dir='ltr'><strong>Mosaica</strong></span> 
     </span>
    </p>
   </div>
   <div class='ocr_carea' id='block_1_37' title="bbox 488 2696 2075 2778">
    <p class='ocr_par' dir='ltr' id='par_1_37' title="bbox 488 2696 2075 2778">
     <span class='ocr_line' id='line_1_37' title="bbox 488 2696 2075 2778; baseline -0.009 -14"><span class='ocrx_word' id='word_1_213' title='bbox 488 2709 741 2778; x_wconf 87' lang='lat' dir='ltr'><strong>scripta,</strong></span> <span class='ocrx_word' id='word_1_214' title='bbox 794 2722 1010 2761; x_wconf 87' lang='lat' dir='ltr'><strong>necnon</strong></span> <span class='ocrx_word' id='word_1_215' title='bbox 1065 2704 1336 2776; x_wconf 76' lang='lat' dir='ltr'><strong>profunda</strong></span> <span class='ocrx_word' id='word_1_216' title='bbox 1392 2702 1798 2773; x_wconf 87' lang='lat' dir='ltr'><strong>perquisitione</strong></span> <span class='ocrx_word' id='word_1_217' title='bbox 1829 2696 2075 2766; x_wconf 78' lang='lat' dir='ltr'><strong>indigere</strong></span> 
     </span>
    </p>
   </div>
   <div class='ocr_carea' id='block_1_38' title="bbox 489 2787 2075 2873">
    <p class='ocr_par' dir='ltr' id='par_1_38' title="bbox 489 2787 2075 2873">
     <span class='ocr_line' id='line_1_38' title="bbox 489 2787 2075 2873; baseline -0.009 -19"><span class='ocrx_word' id='word_1_218' title='bbox 489 2798 824 2869; x_wconf 82' lang='lat' dir='ltr'><strong>persuadeat</strong></span> <span class='ocrx_word' id='word_1_219' title='bbox 888 2805 941 2851; x_wconf 88' lang='lat' dir='ltr'><strong>te</strong></span> <span class='ocrx_word' id='word_1_220' title='bbox 1007 2797 1241 2873; x_wconf 79' lang='lat' dir='ltr'><strong>mystica</strong></span> <span class='ocrx_word' id='word_1_221' title='bbox 1303 2791 1657 2863; x_wconf 84' lang='lat' dir='ltr'><strong>compellatio</strong></span> <span class='ocrx_word' id='word_1_222' title='bbox 1706 2788 1856 2859; x_wconf 86' lang='lat' dir='ltr'><strong>putei</strong></span> <span class='ocrx_word' id='word_1_223' title='bbox 1903 2787 2075 2841; x_wconf 83' lang='lat' dir='ltr'><strong>visio-</strong></span> 
     </span>
    </p>
   </div>
   <div class='ocr_carea' id='block_1_39' title="bbox 490 2892 674 2948">
    <p class='ocr_par' dir='ltr' id='par_1_39' title="bbox 490 2892 674 2948">
     <span class='ocr_line' id='line_1_39' title="bbox 490 2892 674 2948; baseline 0 -1"><span class='ocrx_word' id='word_1_224' title='bbox 490 2892 580 2948; x_wconf 76' lang='lat' dir='ltr'><strong>nis</strong></span> <span class='ocrx_word' id='word_1_225' title='bbox 607 2892 674 2947; x_wconf 84' lang='grc'><strong>⁸⁸.</strong></span> 
     </span>
    </p>
   </div>
   <div class='ocr_carea' id='block_1_40' title="bbox 985 2972 1576 3034">
    <p class='ocr_par' dir='ltr' id='par_1_40' title="bbox 985 2972 1576 3034">
     <span class='ocr_line' id='line_1_40' title="bbox 985 2972 1576 3034; baseline -0.012 0"><span class='ocrx_word' id='word_1_226' title='bbox 985 2976 1219 3034; x_wconf 78' lang='lat' dir='ltr'><strong>CXXIII.</strong></span> <span class='ocrx_word' id='word_1_227' title='bbox 1262 3007 1329 3017; x_wconf 96' lang='lat'><strong>—</strong></span> <span class='ocrx_word' id='word_1_228' title='bbox 1366 2972 1576 3029; x_wconf 81' lang='lat' dir='ltr'><strong>Eidem.</strong></span> 
     </span>
    </p>
   </div>
   <div class='ocr_carea' id='block_1_41' title="bbox 2161 1331 2806 1385">
    <p class='ocr_par' dir='ltr' id='par_1_41' title="bbox 2161 1331 2806 1385">
     <span class='ocr_line' id='line_1_41' title="bbox 2161 1331 2806 1385; baseline 0.003 -4"><span class='ocrx_word' id='word_1_229' title='bbox 2161 1331 2339 1383; x_wconf 74' lang='grc' dir='ltr'>τισταὶ</span> <span class='ocrx_word' id='word_1_230' title='bbox 2380 1332 2503 1385; x_wconf 81' lang='grc' dir='ltr'>τάδε</span> <span class='ocrx_word' id='word_1_231' title='bbox 2536 1334 2628 1385; x_wconf 76' lang='grc' dir='ltr'><strong>καὶ</strong></span> <span class='ocrx_word' id='word_1_232' title='bbox 2660 1331 2806 1385; x_wconf 83' lang='grc' dir='ltr'>τάδε.</span> 
     </span>
    </p>
   </div>
   <div class='ocr_carea' id='block_1_42' title="bbox 2649 1422 3199 1489">
    <p class='ocr_par' dir='ltr' id='par_1_42' title="bbox 2649 1422 3199 1489">
     <span class='ocr_line' id='line_1_42' title="bbox 2649 1422 3199 1489; baseline 0 -13"><span class='ocrx_word' id='word_1_233' title='bbox 2649 1426 2779 1478; x_wconf 83' lang='lat' dir='ltr'><strong>PK&#39;.</strong></span> <span class='ocrx_word' id='word_1_234' title='bbox 2815 1454 2884 1464; x_wconf 89' lang='lat'>—</span> <span class='ocrx_word' id='word_1_235' title='bbox 2916 1423 2998 1489; x_wconf 84' lang='grc' dir='ltr'><strong>Τῷ</strong></span> <span class='ocrx_word' id='word_1_236' title='bbox 3014 1422 3199 1488; x_wconf 79' lang='grc' dir='ltr'>αὐτῷ.</span> 
     </span>
    </p>
   </div>
   <div class='ocr_carea' id='block_1_43' title="bbox 2216 1515 3743 1588">
    <p class='ocr_par' dir='ltr' id='par_1_43' title="bbox 2216 1515 3743 1588">
     <span class='ocr_line' id='line_1_43' title="bbox 2216 1515 3743 1588; baseline -0.001 -19"><span class='ocrx_word' id='word_1_237' title='bbox 2216 1524 2217 1527; x_wconf 70' lang='grc'><em>“</em></span> <span class='ocrx_word' id='word_1_238' title='bbox 2246 1516 2371 1569; x_wconf 77' lang='grc' dir='ltr'><strong>Ἐὰν</strong></span> <span class='ocrx_word' id='word_1_239' title='bbox 2403 1516 2541 1586; x_wconf 84' lang='grc' dir='ltr'>μετὰ</span> <span class='ocrx_word' id='word_1_240' title='bbox 2564 1516 2844 1588; x_wconf 84' lang='grc' dir='ltr'>κλαυθμοῦ</span> <span class='ocrx_word' id='word_1_241' title='bbox 2869 1517 3001 1588; x_wconf 89' lang='grc' dir='ltr'>πρὸς</span> <span class='ocrx_word' id='word_1_242' title='bbox 3031 1516 3123 1570; x_wconf 87' lang='grc' dir='ltr'><strong>τὸν</strong></span> <span class='ocrx_word' id='word_1_243' title='bbox 3155 1516 3389 1586; x_wconf 83' lang='grc' dir='ltr'>Χριστὸν</span> <span class='ocrx_word' id='word_1_244' title='bbox 3417 1515 3743 1587; x_wconf 77' lang='grc' dir='ltr'>ἐπιστρέψει</span> 
     </span>
    </p>
   </div>
   <div class='ocr_carea' id='block_1_44' title="bbox 2162 1607 3743 1679">
    <p class='ocr_par' dir='ltr' id='par_1_44' title="bbox 2162 1607 3743 1679">
     <span class='ocr_line' id='line_1_44' title="bbox 2162 1607 3743 1679; baseline 0.001 -19"><span class='ocrx_word' id='word_1_245' title='bbox 2162 1608 2190 1660; x_wconf 82' lang='grc' dir='ltr'>ὁ</span> <span class='ocrx_word' id='word_1_246' title='bbox 2223 1607 2476 1677; x_wconf 74' lang='grc' dir='ltr'>Ἐϐραῖος</span> <span class='ocrx_word' id='word_1_247' title='bbox 2520 1608 2799 1679; x_wconf 82' lang='grc' dir='ltr'>νηπιάζων</span> <span class='ocrx_word' id='word_1_248' title='bbox 2830 1607 2972 1661; x_wconf 83' lang='grc' dir='ltr'>κατὰ</span> <span class='ocrx_word' id='word_1_249' title='bbox 3012 1609 3070 1661; x_wconf 85' lang='grc' dir='ltr'><strong>τὸ</strong></span> <span class='ocrx_word' id='word_1_250' title='bbox 3107 1607 3303 1679; x_wconf 80' lang='grc' dir='ltr'>βρέφος</span> <span class='ocrx_word' id='word_1_251' title='bbox 3358 1610 3418 1661; x_wconf 88' lang='grc' dir='ltr'><strong>τὸ</strong></span> <span class='ocrx_word' id='word_1_252' title='bbox 3446 1609 3743 1679; x_wconf 84' lang='grc' dir='ltr'>λεγόμενον</span> 
     </span>
    </p>
   </div>
   <div class='ocr_carea' id='block_1_45' title="bbox 2178 1698 3743 1769">
    <p class='ocr_par' dir='ltr' id='par_1_45' title="bbox 2178 1698 3743 1769">
     <span class='ocr_line' id='line_1_45' title="bbox 2178 1698 3743 1769; baseline 0.001 -19"><span class='ocrx_word' id='word_1_253' title='bbox 2178 1698 2422 1768; x_wconf 85' lang='grc' dir='ltr'>Ἰσμαὴλ,</span> <span class='ocrx_word' id='word_1_254' title='bbox 2461 1701 2827 1769; x_wconf 85' lang='grc' dir='ltr'>περιαιρεῖται</span> <span class='ocrx_word' id='word_1_255' title='bbox 2863 1698 2926 1751; x_wconf 84' lang='grc' dir='ltr'><strong>τὸ</strong></span> <span class='ocrx_word' id='word_1_256' title='bbox 2967 1698 3232 1767; x_wconf 79' lang='grc' dir='ltr'><strong>κάλυμμα</strong></span> <span class='ocrx_word' id='word_1_257' title='bbox 3286 1698 3396 1751; x_wconf 84' lang='grc' dir='ltr'>τῶν</span> <span class='ocrx_word' id='word_1_258' title='bbox 3442 1698 3743 1768; x_wconf 76' lang='grc' dir='ltr'>ὀφθαλμῶν</span> 
     </span>
    </p>
   </div>
   <div class='ocr_carea' id='block_1_46' title="bbox 2164 1787 3742 1861">
    <p class='ocr_par' dir='ltr' id='par_1_46' title="bbox 2164 1787 3742 1861">
     <span class='ocr_line' id='line_1_46' title="bbox 2164 1787 3742 1861; baseline 0 -18"><span class='ocrx_word' id='word_1_259' title='bbox 2164 1790 2263 1859; x_wconf 81' lang='grc' dir='ltr'><strong>τῆς</strong></span> <span class='ocrx_word' id='word_1_260' title='bbox 2286 1787 2523 1852; x_wconf 79' lang='grc' dir='ltr'>διανοίας</span> <span class='ocrx_word' id='word_1_261' title='bbox 2562 1791 2662 1861; x_wconf 81' lang='grc' dir='ltr'><strong>τῆς</strong></span> <span class='ocrx_word' id='word_1_262' title='bbox 2712 1790 3051 1861; x_wconf 77' lang='grc' dir='ltr'><strong>καλουμένης</strong></span> <span class='ocrx_word' id='word_1_263' title='bbox 3095 1791 3293 1858; x_wconf 76' lang='grc' dir='ltr'>Ἀγαρ,</span> <span class='ocrx_word' id='word_1_264' title='bbox 3348 1790 3445 1843; x_wconf 74' lang='grc' dir='ltr'><strong>καὶ</strong></span> <span class='ocrx_word' id='word_1_265' title='bbox 3502 1790 3742 1857; x_wconf 75' lang='grc' dir='ltr'>ἐγγύθεν</span> 
     </span>
    </p>
   </div>
   <div class='ocr_carea' id='block_1_47' title="bbox 2167 1879 3748 1951">
    <p class='ocr_par' dir='ltr' id='par_1_47' title="bbox 2167 1879 3748 1951">
     <span class='ocr_line' id='line_1_47' title="bbox 2167 1879 3748 1951; baseline -0.001 -19"><span class='ocrx_word' id='word_1_266' title='bbox 2167 1881 2410 1951; x_wconf 76' lang='grc' dir='ltr'>εὑρίσκει</span> <span class='ocrx_word' id='word_1_267' title='bbox 2452 1880 2512 1932; x_wconf 85' lang='grc' dir='ltr'><strong>τὸ</strong></span> <span class='ocrx_word' id='word_1_268' title='bbox 2555 1879 2662 1945; x_wconf 80' lang='grc' dir='ltr'><strong>ζῶν</strong></span> <span class='ocrx_word' id='word_1_269' title='bbox 2722 1879 2867 1951; x_wconf 75' lang='grc' dir='ltr'>ὕδωρ</span> <span class='ocrx_word' id='word_1_270' title='bbox 2909 1882 3006 1950; x_wconf 82' lang='grc' dir='ltr'>τῆς</span> <span class='ocrx_word' id='word_1_271' title='bbox 3045 1879 3195 1943; x_wconf 83' lang='grc' dir='ltr'>Θείας</span> <span class='ocrx_word' id='word_1_272' title='bbox 3244 1879 3468 1950; x_wconf 80' lang='grc' dir='ltr'>Γραφῆς</span> <span class='ocrx_word' id='word_1_273' title='bbox 3511 1879 3748 1942; x_wconf 82' lang='grc' dir='ltr'>δεόντως</span> 
     </span>
    </p>
   </div>
   <div class='ocr_carea' id='block_1_48' title="bbox 2166 1970 3755 2042">
    <p class='ocr_par' dir='ltr' id='par_1_48' title="bbox 2166 1970 3755 2042">
     <span class='ocr_line' id='line_1_48' title="bbox 2166 1970 3755 2042; baseline 0.001 -19"><span class='ocrx_word' id='word_1_274' title='bbox 2166 1971 2518 2042; x_wconf 77' lang='grc' dir='ltr'>ἑρμηνευθὲν,</span> <span class='ocrx_word' id='word_1_275' title='bbox 2574 1971 2800 2042; x_wconf 85' lang='grc' dir='ltr'>πότιμόν</span> <span class='ocrx_word' id='word_1_276' title='bbox 2825 1988 2885 2024; x_wconf 84' lang='grc' dir='ltr'><strong>τε</strong></span> <span class='ocrx_word' id='word_1_277' title='bbox 2936 1972 3030 2025; x_wconf 73' lang='grc' dir='ltr'>καὶ</span> <span class='ocrx_word' id='word_1_278' title='bbox 3052 1971 3293 2039; x_wconf 88' lang='grc' dir='ltr'>διαυγὲς,</span> <span class='ocrx_word' id='word_1_279' title='bbox 3333 1970 3543 2024; x_wconf 75' lang='grc' dir='ltr'>καὶτοῦ</span> <span class='ocrx_word' id='word_1_280' title='bbox 3587 1971 3755 2025; x_wconf 73' lang='grc' dir='ltr'>θανά-</span> 
     </span>
    </p>
   </div>
   <div class='ocr_carea' id='block_1_49' title="bbox 2166 2064 3083 2135">
    <p class='ocr_par' dir='ltr' id='par_1_49' title="bbox 2166 2064 3083 2135">
     <span class='ocr_line' id='line_1_49' title="bbox 2166 2064 3083 2135; baseline 0 -18"><span class='ocrx_word' id='word_1_281' title='bbox 2166 2081 2262 2117; x_wconf 89' lang='grc' dir='ltr'><strong>του</strong></span> <span class='ocrx_word' id='word_1_282' title='bbox 2291 2067 2390 2135; x_wconf 86' lang='grc' dir='ltr'>τῆς</span> <span class='ocrx_word' id='word_1_283' title='bbox 2415 2064 2671 2128; x_wconf 81' lang='grc' dir='ltr'>ἀπιστίας</span> <span class='ocrx_word' id='word_1_284' title='bbox 2693 2064 3083 2135; x_wconf 82' lang='grc' dir='ltr'>λυτρούμενον.</span> 
     </span>
    </p>
   </div>
   <div class='ocr_carea' id='block_1_50' title="bbox 2661 2154 3240 2221">
    <p class='ocr_par' dir='ltr' id='par_1_50' title="bbox 2661 2154 3240 2221">
     <span class='ocr_line' id='line_1_50' title="bbox 2661 2154 3240 2221; baseline -0.002 -12"><span class='ocrx_word' id='word_1_285' title='bbox 2661 2154 2839 2212; x_wconf 79' lang='lat' dir='ltr'><strong>PKA&#39;.</strong></span> <span class='ocrx_word' id='word_1_286' title='bbox 2856 2185 2927 2195; x_wconf 88' lang='lat'><strong>-—</strong></span> <span class='ocrx_word' id='word_1_287' title='bbox 2944 2156 3028 2221; x_wconf 85' lang='grc' dir='ltr'><strong>Τῷ</strong></span> <span class='ocrx_word' id='word_1_288' title='bbox 3061 2154 3240 2219; x_wconf 80' lang='grc' dir='ltr'>αὐτῷ.</span> 
     </span>
    </p>
   </div>
   <div class='ocr_carea' id='block_1_51' title="bbox 2240 2247 3758 2319">
    <p class='ocr_par' dir='ltr' id='par_1_51' title="bbox 2240 2247 3758 2319">
     <span class='ocr_line' id='line_1_51' title="bbox 2240 2247 3758 2319; baseline 0.001 -20"><span class='ocrx_word' id='word_1_289' title='bbox 2240 2248 2442 2319; x_wconf 81' lang='grc' dir='ltr'>Μέχρις</span> <span class='ocrx_word' id='word_1_290' title='bbox 2470 2248 2536 2301; x_wconf 82' lang='grc' dir='ltr'>ἂν</span> <span class='ocrx_word' id='word_1_291' title='bbox 2575 2248 2647 2318; x_wconf 81' lang='grc' dir='ltr'>μὴ</span> <span class='ocrx_word' id='word_1_292' title='bbox 2675 2251 2962 2319; x_wconf 79' lang='grc' dir='ltr'>κτήσονται</span> <span class='ocrx_word' id='word_1_293' title='bbox 2998 2249 3054 2301; x_wconf 78' lang='grc' dir='ltr'>δὲ</span> <span class='ocrx_word' id='word_1_294' title='bbox 3098 2250 3145 2301; x_wconf 74' lang='grc' dir='ltr'>οἱ</span> <span class='ocrx_word' id='word_1_295' title='bbox 3178 2248 3416 2319; x_wconf 79' lang='grc' dir='ltr'>Ἑϐραῖοι</span> <span class='ocrx_word' id='word_1_296' title='bbox 3444 2248 3540 2317; x_wconf 81' lang='grc' dir='ltr'><strong>τὴν</strong></span> <span class='ocrx_word' id='word_1_297' title='bbox 3562 2247 3758 2301; x_wconf 78' lang='grc' dir='ltr'>πίστιν</span> 
     </span>
    </p>
   </div>
   <div class='ocr_carea' id='block_1_52' title="bbox 2171 2336 3760 2409">
    <p class='ocr_par' dir='ltr' id='par_1_52' title="bbox 2171 2336 3760 2409">
     <span class='ocr_line' id='line_1_52' title="bbox 2171 2336 3760 2409; baseline 0 -21"><span class='ocrx_word' id='word_1_298' title='bbox 2171 2338 2269 2405; x_wconf 72' lang='grc' dir='ltr'><strong>τῆς</strong></span> <span class='ocrx_word' id='word_1_299' title='bbox 2293 2338 2567 2407; x_wconf 83' lang='grc' dir='ltr'>μακαρίας</span> <span class='ocrx_word' id='word_1_300' title='bbox 2590 2338 2824 2409; x_wconf 76' lang='grc' dir='ltr'>Σάρρας,</span> <span class='ocrx_word' id='word_1_301' title='bbox 2859 2338 2954 2407; x_wconf 80' lang='grc' dir='ltr'>τῆς</span> <span class='ocrx_word' id='word_1_302' title='bbox 2987 2338 3243 2401; x_wconf 83' lang='grc' dir='ltr'>οἱκέτιδος</span> <span class='ocrx_word' id='word_1_303' title='bbox 3280 2338 3458 2405; x_wconf 82' lang='grc' dir='ltr'>Ἀγαρ</span> <span class='ocrx_word' id='word_1_304' title='bbox 3490 2337 3549 2388; x_wconf 88' lang='grc' dir='ltr'><strong>τὸ</strong></span> <span class='ocrx_word' id='word_1_305' title='bbox 3578 2336 3760 2405; x_wconf 66' lang='grc' dir='ltr'>ὄνομα</span> 
     </span>
    </p>
   </div>
   <div class='ocr_carea' id='block_1_53' title="bbox 2174 2425 3211 2499">
    <p class='ocr_par' dir='ltr' id='par_1_53' title="bbox 2174 2425 3211 2499">
     <span class='ocr_line' id='line_1_53' title="bbox 2174 2425 3211 2499; baseline 0.002 -21"><span class='ocrx_word' id='word_1_306' title='bbox 2174 2430 2238 2498; x_wconf 80' lang='grc' dir='ltr'>τῇ</span> <span class='ocrx_word' id='word_1_307' title='bbox 2277 2425 2471 2498; x_wconf 83' lang='grc' dir='ltr'>γνώμῃ</span> <span class='ocrx_word' id='word_1_308' title='bbox 2496 2428 2673 2481; x_wconf 76' lang='grc' dir='ltr'>αὐτῶν</span> <span class='ocrx_word' id='word_1_309' title='bbox 2699 2428 3051 2499; x_wconf 76' lang='grc' dir='ltr'>ἐπιφημίζειν</span> <span class='ocrx_word' id='word_1_310' title='bbox 3077 2429 3211 2481; x_wconf 78' lang='grc' dir='ltr'>δέον.</span> 
     </span>
    </p>
   </div>
   <div class='ocr_carea' id='block_1_54' title="bbox 2655 2518 3250 2585">
    <p class='ocr_par' dir='ltr' id='par_1_54' title="bbox 2655 2518 3250 2585">
     <span class='ocr_line' id='line_1_54' title="bbox 2655 2518 3250 2585; baseline 0.002 -14"><span class='ocrx_word' id='word_1_311' title='bbox 2655 2518 2833 2572; x_wconf 83' lang='grc' dir='ltr'><strong>ΡΚΒ’.</strong></span> <span class='ocrx_word' id='word_1_312' title='bbox 2862 2549 2931 2558; x_wconf 95' lang='grc'><strong>-</strong></span> <span class='ocrx_word' id='word_1_313' title='bbox 2961 2518 3045 2585; x_wconf 87' lang='grc' dir='ltr'><em>Τῷ</em></span> <span class='ocrx_word' id='word_1_314' title='bbox 3070 2518 3250 2584; x_wconf 81' lang='grc' dir='ltr'>αὐτῷ.</span> 
     </span>
    </p>
   </div>
   <div class='ocr_carea' id='block_1_55' title="bbox 2247 2608 3763 2681">
    <p class='ocr_par' dir='ltr' id='par_1_55' title="bbox 2247 2608 3763 2681">
     <span class='ocr_line' id='line_1_55' title="bbox 2247 2608 3763 2681; baseline 0.001 -20"><span class='ocrx_word' id='word_1_315' title='bbox 2247 2610 2368 2662; x_wconf 81' lang='grc' dir='ltr'>Ὅτι</span> <span class='ocrx_word' id='word_1_316' title='bbox 2438 2608 2637 2678; x_wconf 78' lang='grc' dir='ltr'>πολλῆς</span> <span class='ocrx_word' id='word_1_317' title='bbox 2697 2608 2931 2678; x_wconf 82' lang='grc' dir='ltr'>θεωρίας</span> <span class='ocrx_word' id='word_1_318' title='bbox 2993 2610 3089 2664; x_wconf 72' lang='grc' dir='ltr'><strong>καὶ</strong></span> <span class='ocrx_word' id='word_1_319' title='bbox 3161 2612 3398 2681; x_wconf 75' lang='grc' dir='ltr'>νοήσεως</span> <span class='ocrx_word' id='word_1_320' title='bbox 3469 2611 3640 2664; x_wconf 86' lang='grc' dir='ltr'>δεῖται</span> <span class='ocrx_word' id='word_1_321' title='bbox 3692 2612 3763 2663; x_wconf 68' lang='grc' dir='ltr'><strong>τὸ</strong></span> 
     </span>
    </p>
   </div>
   <div class='ocr_carea' id='block_1_56' title="bbox 2177 2699 3762 2775">
    <p class='ocr_par' dir='ltr' id='par_1_56' title="bbox 2177 2699 3762 2775">
     <span class='ocr_line' id='line_1_56' title="bbox 2177 2699 3762 2775; baseline 0.001 -22"><span class='ocrx_word' id='word_1_322' title='bbox 2177 2699 2471 2754; x_wconf 81' lang='grc' dir='ltr'>Μωσαῖκὸν</span> <span class='ocrx_word' id='word_1_323' title='bbox 2512 2699 2766 2770; x_wconf 82' lang='grc' dir='ltr'>γράμμα,</span> <span class='ocrx_word' id='word_1_324' title='bbox 2820 2700 2913 2754; x_wconf 73' lang='grc' dir='ltr'><strong>κού⁸</strong></span> <span class='ocrx_word' id='word_1_325' title='bbox 2960 2700 3182 2771; x_wconf 83' lang='grc' dir='ltr'>βαθείας</span> <span class='ocrx_word' id='word_1_326' title='bbox 3217 2703 3464 2775; x_wconf 81' lang='grc' dir='ltr'>ἐρεύνης,</span> <span class='ocrx_word' id='word_1_327' title='bbox 3517 2702 3762 2756; x_wconf 81' lang='grc' dir='ltr'>πειθέτω</span> 
     </span>
    </p>
   </div>
   <div class='ocr_carea' id='block_1_57' title="bbox 2178 2790 3762 2864">
    <p class='ocr_par' dir='ltr' id='par_1_57' title="bbox 2178 2790 3762 2864">
     <span class='ocr_line' id='line_1_57' title="bbox 2178 2790 3762 2864; baseline 0.002 -22"><span class='ocrx_word' id='word_1_328' title='bbox 2178 2805 2239 2843; x_wconf 80' lang='grc' dir='ltr'><strong>σε</strong></span> <span class='ocrx_word' id='word_1_329' title='bbox 2295 2790 2328 2859; x_wconf 82' lang='grc' dir='ltr'><strong>ἡ</strong></span> <span class='ocrx_word' id='word_1_330' title='bbox 2370 2790 2605 2860; x_wconf 80' lang='grc' dir='ltr'>μυστικὴ</span> <span class='ocrx_word' id='word_1_331' title='bbox 2661 2791 2998 2863; x_wconf 74' lang='grc' dir='ltr'>προσηγορία</span> <span class='ocrx_word' id='word_1_332' title='bbox 3044 2793 3137 2847; x_wconf 80' lang='grc' dir='ltr'>τοῦ</span> <span class='ocrx_word' id='word_1_333' title='bbox 3190 2794 3419 2864; x_wconf 78' lang='grc' dir='ltr'>φρέατος</span> <span class='ocrx_word' id='word_1_334' title='bbox 3475 2794 3573 2864; x_wconf 79' lang='grc' dir='ltr'>τῆς</span> <span class='ocrx_word' id='word_1_335' title='bbox 3616 2794 3762 2864; x_wconf 74' lang='grc' dir='ltr'>ὁρά-</span> 
     </span>
    </p>
   </div>
   <div class='ocr_carea' id='block_1_58' title="bbox 2178 2895 2337 2943">
    <p class='ocr_par' dir='ltr' id='par_1_58' title="bbox 2178 2895 2337 2943">
     <span class='ocr_line' id='line_1_58' title="bbox 2178 2895 2337 2943; baseline 0.006 -11"><span class='ocrx_word' id='word_1_336' title='bbox 2178 2895 2337 2943; x_wconf 86' lang='grc' dir='ltr'>σεως.</span> 
     </span>
    </p>
   </div>
   <div class='ocr_carea' id='block_1_59' title="bbox 2676 2972 3260 3040">
    <p class='ocr_par' dir='ltr' id='par_1_59' title="bbox 2676 2972 3260 3040">
     <span class='ocr_line' id='line_1_59' title="bbox 2676 2972 3260 3040; baseline 0.009 -16"><span class='ocrx_word' id='word_1_337' title='bbox 2676 2973 2849 3028; x_wconf 71' lang='grc' dir='ltr'><strong>ΡΚΓ.</strong></span> <span class='ocrx_word' id='word_1_338' title='bbox 2880 3003 2948 3013; x_wconf 93' lang='grc'><strong><em>-</em></strong></span> <span class='ocrx_word' id='word_1_339' title='bbox 2978 2972 3062 3040; x_wconf 85' lang='grc' dir='ltr'><strong>Τῷ</strong></span> <span class='ocrx_word' id='word_1_340' title='bbox 3081 2974 3260 3039; x_wconf 82' lang='grc' dir='ltr'>αὐτῷ.</span> 
     </span>
    </p>
   </div>
   <div class='ocr_carea' id='block_1_60' title="bbox 558 3059 2106 3148">
    <p class='ocr_par' dir='ltr' id='par_1_60' title="bbox 558 3059 2106 3143">
     <span class='ocr_line' id='line_1_60' title="bbox 558 3059 2106 3143; baseline -0.008 -18"><span class='ocrx_word' id='word_1_341' title='bbox 558 3072 640 3128; x_wconf 78' lang='lat' dir='ltr'><strong>Ne</strong></span> <span class='ocrx_word' id='word_1_342' title='bbox 673 3070 904 3143; x_wconf 77' lang='lat' dir='ltr'><strong>patiaris</strong></span> <span class='ocrx_word' id='word_1_343' title='bbox 936 3070 991 3127; x_wconf 91' lang='lat' dir='ltr'><strong>in</strong></span> <span class='ocrx_word' id='word_1_344' title='bbox 1029 3070 1117 3125; x_wconf 90' lang='lat' dir='ltr'><strong>his</strong></span> <span class='ocrx_word' id='word_1_345' title='bbox 1147 3112 1162 3133; x_wconf 83' lang='lat'><strong>,</strong></span> <span class='ocrx_word' id='word_1_346' title='bbox 1218 3083 1340 3139; x_wconf 72' lang='lat' dir='ltr'><strong>quae</strong></span> <span class='ocrx_word' id='word_1_347' title='bbox 1370 3077 1423 3121; x_wconf 87' lang='lat' dir='ltr'><strong>te</strong></span> <span class='ocrx_word' id='word_1_348' title='bbox 1457 3064 1809 3135; x_wconf 83' lang='lat' dir='ltr'><strong>Opprimunt,</strong></span> <span class='ocrx_word' id='word_1_349' title='bbox 1842 3059 2106 3140; x_wconf 36' lang='lat' dir='ltr'><strong>infortuw</strong></span> 
     </span>
    </p>
   </div>
   <div class='ocr_carea' id='block_1_61' title="bbox 2192 3059 3764 3148">
    <p class='ocr_par' dir='ltr' id='par_1_61' title="bbox 2248 3062 3764 3140">
     <span class='ocr_line' id='line_1_61' title="bbox 2248 3062 3764 3140; baseline 0.003 -23"><span class='ocrx_word' id='word_1_350' title='bbox 2248 3063 2338 3134; x_wconf 83' lang='grc' dir='ltr'><strong>Μὴ</strong></span> <span class='ocrx_word' id='word_1_351' title='bbox 2367 3062 2633 3136; x_wconf 82' lang='grc' dir='ltr'>καταδέξῃ</span> <span class='ocrx_word' id='word_1_352' title='bbox 2658 3064 2715 3117; x_wconf 85' lang='grc' dir='ltr'><strong>ὲν</strong></span> <span class='ocrx_word' id='word_1_353' title='bbox 2734 3067 2852 3127; x_wconf 89' lang='grc' dir='ltr'>ταῖς</span> <span class='ocrx_word' id='word_1_354' title='bbox 2874 3066 3227 3130; x_wconf 79' lang='grc' dir='ltr'>ὲπελθούσαις</span> <span class='ocrx_word' id='word_1_355' title='bbox 3255 3070 3555 3140; x_wconf 74' lang='grc' dir='ltr'>συμφοραῖς</span> <span class='ocrx_word' id='word_1_356' title='bbox 3579 3086 3764 3140; x_wconf 84' lang='grc' dir='ltr'>παρα-</span> 
     </span>
    </p>
   </div>
   <div class='ocr_carea' id='block_1_62' title="bbox 490 3153 2074 3233">
    <p class='ocr_par' dir='ltr' id='par_1_62' title="bbox 490 3153 2074 3233">
     <span class='ocr_line' id='line_1_62' title="bbox 490 3153 2074 3233; baseline -0.009 -15"><span class='ocrx_word' id='word_1_357' title='bbox 490 3164 603 3218; x_wconf 89' lang='lat' dir='ltr'><strong>niis</strong></span> <span class='ocrx_word' id='word_1_358' title='bbox 636 3177 790 3233; x_wconf 90' lang='lat' dir='ltr'><strong>spem</strong></span> <span class='ocrx_word' id='word_1_359' title='bbox 839 3161 1044 3216; x_wconf 87' lang='lat' dir='ltr'><strong>bonam</strong></span> <span class='ocrx_word' id='word_1_360' title='bbox 1081 3158 1357 3227; x_wconf 85' lang='lat' dir='ltr'><strong>abjicere,</strong></span> <span class='ocrx_word' id='word_1_361' title='bbox 1392 3170 1574 3224; x_wconf 88' lang='lat' dir='ltr'><strong>neque</strong></span> <span class='ocrx_word' id='word_1_362' title='bbox 1640 3153 1842 3208; x_wconf 68' lang='lat' dir='ltr'><strong>divina:</strong></span> <span class='ocrx_word' id='word_1_363' title='bbox 1878 3167 2074 3220; x_wconf 81' lang='lat' dir='ltr'><strong>exspe-</strong></span> 
     </span>
    </p>
   </div>
   <div class='ocr_carea' id='block_1_63' title="bbox 490 3243 2080 3311">
    <p class='ocr_par' dir='ltr' id='par_1_63' title="bbox 490 3243 2080 3311">
     <span class='ocr_line' id='line_1_63' title="bbox 490 3243 2080 3311; baseline -0.009 -1"><span class='ocrx_word' id='word_1_364' title='bbox 490 3255 754 3311; x_wconf 86' lang='lat' dir='ltr'><strong>ctationis</strong></span> <span class='ocrx_word' id='word_1_365' title='bbox 788 3268 959 3307; x_wconf 89' lang='lat' dir='ltr'><strong>cornu</strong></span> <span class='ocrx_word' id='word_1_366' title='bbox 990 3252 1223 3306; x_wconf 85' lang='lat' dir='ltr'><strong>relaxes.</strong></span> <span class='ocrx_word' id='word_1_367' title='bbox 1247 3247 1432 3303; x_wconf 86' lang='lat' dir='ltr'><strong>Facile</strong></span> <span class='ocrx_word' id='word_1_368' title='bbox 1463 3247 1609 3301; x_wconf 88' lang='lat' dir='ltr'><strong>enim</strong></span> <span class='ocrx_word' id='word_1_369' title='bbox 1637 3243 1747 3300; x_wconf 92' lang='lat' dir='ltr'><strong>Deo</strong></span> <span class='ocrx_word' id='word_1_370' title='bbox 1777 3255 1883 3305; x_wconf 87' lang='lat' dir='ltr'><strong>est,</strong></span> <span class='ocrx_word' id='word_1_371' title='bbox 1917 3243 2080 3297; x_wconf 91' lang='lat' dir='ltr'><strong>modo</strong></span> 
     </span>
    </p>
   </div>
   <div class='ocr_carea' id='block_1_64' title="bbox 490 3341 1978 3412">
    <p class='ocr_par' dir='ltr' id='par_1_64' title="bbox 490 3341 1978 3412">
     <span class='ocr_line' id='line_1_64' title="bbox 490 3341 1978 3412; baseline -0.01 -10"><span class='ocrx_word' id='word_1_372' title='bbox 490 3347 730 3402; x_wconf 88' lang='lat' dir='ltr'><strong>voluerit</strong></span> <span class='ocrx_word' id='word_1_373' title='bbox 759 3386 775 3412; x_wconf 90' lang='lat'><strong>,</strong></span> <span class='ocrx_word' id='word_1_374' title='bbox 807 3345 991 3399; x_wconf 88' lang='lat' dir='ltr'><strong>tristia</strong></span> <span class='ocrx_word' id='word_1_375' title='bbox 1014 3345 1071 3397; x_wconf 92' lang='lat' dir='ltr'><strong>in</strong></span> <span class='ocrx_word' id='word_1_376' title='bbox 1104 3343 1231 3396; x_wconf 75' lang='lat' dir='ltr'><strong>laeta</strong></span> <span class='ocrx_word' id='word_1_377' title='bbox 1267 3352 1604 3408; x_wconf 74' lang='lat' dir='ltr'><strong>amaznaque</strong></span> <span class='ocrx_word' id='word_1_378' title='bbox 1630 3341 1978 3391; x_wconf 80' lang='lat' dir='ltr'><strong>convertere.</strong></span> 
     </span>
    </p>
   </div>
   <div class='ocr_carea' id='block_1_65' title="bbox 737 3507 1864 3575">
    <p class='ocr_par' dir='ltr' id='par_1_65' title="bbox 737 3507 1864 3575">
     <span class='ocr_line' id='line_1_65' title="bbox 737 3507 1864 3575; baseline -0.011 -1"><span class='ocrx_word' id='word_1_379' title='bbox 737 3515 976 3575; x_wconf 75' lang='lat' dir='ltr'><strong>CXXIV.</strong></span> <span class='ocrx_word' id='word_1_380' title='bbox 1007 3546 1078 3556; x_wconf 90' lang='lat'><strong>—-</strong></span> <span class='ocrx_word' id='word_1_381' title='bbox 1109 3508 1499 3568; x_wconf 79' lang='lat' dir='ltr'><strong>BENJAMINO</strong></span> <span class='ocrx_word' id='word_1_382' title='bbox 1538 3507 1864 3564; x_wconf 69' lang='grc' dir='ltr'><strong>ΗΕΒΒΑΞΟ.</strong></span> 
     </span>
    </p>
   </div>
   <div class='ocr_carea' id='block_1_66' title="bbox 520 3601 2079 3683">
    <p class='ocr_par' dir='ltr' id='par_1_66' title="bbox 520 3601 2079 3683">
     <span class='ocr_line' id='line_1_66' title="bbox 520 3601 2079 3683; baseline -0.011 -12"><span class='ocrx_word' id='word_1_383' title='bbox 520 3615 662 3683; x_wconf 76' lang='grc' dir='ltr'><strong>⁹Δὶε</strong></span> <span class='ocrx_word' id='word_1_384' title='bbox 715 3623 769 3669; x_wconf 87' lang='lat' dir='ltr'><strong>te</strong></span> <span class='ocrx_word' id='word_1_385' title='bbox 822 3613 877 3666; x_wconf 91' lang='lat' dir='ltr'><strong>in</strong></span> <span class='ocrx_word' id='word_1_386' title='bbox 936 3610 1126 3664; x_wconf 88' lang='lat' dir='ltr'><strong>multis</strong></span> <span class='ocrx_word' id='word_1_387' title='bbox 1176 3605 1365 3661; x_wconf 74' lang='lat' dir='ltr'><strong>Iesum</strong></span> <span class='ocrx_word' id='word_1_388' title='bbox 1421 3604 1732 3667; x_wconf 86' lang='lat' dir='ltr'><strong>celebrare,</strong></span> <span class='ocrx_word' id='word_1_389' title='bbox 1782 3601 1877 3657; x_wconf 88' lang='lat' dir='ltr'><strong>sed</strong></span> <span class='ocrx_word' id='word_1_390' title='bbox 1935 3601 2079 3669; x_wconf 83' lang='lat' dir='ltr'><strong>quod</strong></span> 
     </span>
    </p>
   </div>
   <div class='ocr_carea' id='block_1_67' title="bbox 499 3692 2080 3771">
    <p class='ocr_par' dir='ltr' id='par_1_67' title="bbox 499 3692 2080 3771">
     <span class='ocr_line' id='line_1_67' title="bbox 499 3692 2080 3771; baseline -0.009 -9"><span class='ocrx_word' id='word_1_391' title='bbox 499 3707 807 3761; x_wconf 88' lang='lat' dir='ltr'><strong>Sabbatum</strong></span> <span class='ocrx_word' id='word_1_392' title='bbox 839 3704 932 3757; x_wconf 90' lang='lat' dir='ltr'><strong>ille</strong></span> <span class='ocrx_word' id='word_1_393' title='bbox 968 3698 1279 3771; x_wconf 72' lang='lat' dir='ltr'><strong>neglexerit</strong></span> <span class='ocrx_word' id='word_1_394' title='bbox 1305 3737 1318 3762; x_wconf 91' lang='lat'><strong>,</strong></span> <span class='ocrx_word' id='word_1_395' title='bbox 1352 3694 1813 3762; x_wconf 87' lang='lat' dir='ltr'><strong>dissolveritque,</strong></span> <span class='ocrx_word' id='word_1_396' title='bbox 1846 3692 2080 3761; x_wconf 86' lang='lat' dir='ltr'><strong>iniquis-</strong></span> 
     </span>
    </p>
   </div>
   <div class='ocr_carea' id='block_1_68' title="bbox 498 3783 2083 3853">
    <p class='ocr_par' dir='ltr' id='par_1_68' title="bbox 498 3783 2083 3853">
     <span class='ocr_line' id='line_1_68' title="bbox 498 3783 2083 3853; baseline -0.009 0"><span class='ocrx_word' id='word_1_397' title='bbox 498 3799 640 3853; x_wconf 88' lang='lat' dir='ltr'><strong>simo</strong></span> <span class='ocrx_word' id='word_1_398' title='bbox 668 3797 854 3850; x_wconf 86' lang='lat' dir='ltr'><strong>animo</strong></span> <span class='ocrx_word' id='word_1_399' title='bbox 885 3794 1053 3848; x_wconf 82' lang='lat' dir='ltr'><strong>ferre.</strong></span> <span class='ocrx_word' id='word_1_400' title='bbox 1093 3788 1486 3844; x_wconf 89' lang='lat' dir='ltr'><strong>Verumtamen</strong></span> <span class='ocrx_word' id='word_1_401' title='bbox 1522 3785 1800 3839; x_wconf 85' lang='lat' dir='ltr'><strong>hominem</strong></span> <span class='ocrx_word' id='word_1_402' title='bbox 1827 3783 1882 3837; x_wconf 91' lang='lat' dir='ltr'><strong>in</strong></span> <span class='ocrx_word' id='word_1_403' title='bbox 1922 3798 2083 3838; x_wconf 90' lang='lat' dir='ltr'><strong>omne</strong></span> 
     </span>
    </p>
   </div>
   <div class='ocr_carea' id='block_1_69' title="bbox 497 3874 2081 3961">
    <p class='ocr_par' dir='ltr' id='par_1_69' title="bbox 497 3874 2081 3961">
     <span class='ocr_line' id='line_1_69' title="bbox 497 3874 2081 3961; baseline -0.009 -17"><span class='ocrx_word' id='word_1_404' title='bbox 497 3900 720 3961; x_wconf 86' lang='lat' dir='ltr'><strong>tempus</strong></span> <span class='ocrx_word' id='word_1_405' title='bbox 750 3887 1039 3958; x_wconf 87' lang='lat' dir='ltr'><strong>parvulum</strong></span> <span class='ocrx_word' id='word_1_406' title='bbox 1098 3897 1223 3938; x_wconf 87' lang='lat' dir='ltr'><strong>esse</strong></span> <span class='ocrx_word' id='word_1_407' title='bbox 1278 3895 1389 3934; x_wconf 93' lang='lat' dir='ltr'><strong>non</strong></span> <span class='ocrx_word' id='word_1_408' title='bbox 1430 3878 1610 3933; x_wconf 90' lang='lat' dir='ltr'><strong>decet.</strong></span> <span class='ocrx_word' id='word_1_409' title='bbox 1663 3874 1909 3945; x_wconf 86' lang='lat' dir='ltr'><strong>Namque</strong></span> <span class='ocrx_word' id='word_1_410' title='bbox 1956 3890 2081 3930; x_wconf 89' lang='lat' dir='ltr'><strong>cum</strong></span> 
     </span>
    </p>
   </div>
   <div class='ocr_carea' id='block_1_70' title="bbox 499 3970 2083 4054">
    <p class='ocr_par' dir='ltr' id='par_1_70' title="bbox 499 3970 2083 4054">
     <span class='ocr_line' id='line_1_70' title="bbox 499 3970 2083 4054; baseline -0.011 -17"><span class='ocrx_word' id='word_1_411' title='bbox 499 3985 629 4054; x_wconf 87' lang='lat' dir='ltr'><strong>quis</strong></span> <span class='ocrx_word' id='word_1_412' title='bbox 682 3981 748 4034; x_wconf 84' lang='lat' dir='ltr'><strong>ad</strong></span> <span class='ocrx_word' id='word_1_413' title='bbox 800 3978 1016 4033; x_wconf 87' lang='lat' dir='ltr'><strong>virilem</strong></span> <span class='ocrx_word' id='word_1_414' title='bbox 1079 3982 1295 4030; x_wconf 64' lang='lat' dir='ltr'><strong>aetatem</strong></span> <span class='ocrx_word' id='word_1_415' title='bbox 1339 3970 1709 4041; x_wconf 89' lang='lat' dir='ltr'><strong>perveniens,</strong></span> <span class='ocrx_word' id='word_1_416' title='bbox 1769 3983 1876 4021; x_wconf 91' lang='lat' dir='ltr'><strong>non</strong></span> <span class='ocrx_word' id='word_1_417' title='bbox 1926 3981 2083 4036; x_wconf 55' lang='lat' dir='ltr'><strong>atquo</strong></span> 
     </span>
    </p>
   </div>
   <div class='ocr_carea' id='block_1_71' title="bbox 502 4058 2081 4135">
    <p class='ocr_par' dir='ltr' id='par_1_71' title="bbox 502 4058 2081 4135">
     <span class='ocr_line' id='line_1_71' title="bbox 502 4058 2081 4135; baseline -0.011 -7"><span class='ocrx_word' id='word_1_418' title='bbox 502 4074 690 4128; x_wconf 88' lang='lat' dir='ltr'><strong>animo</strong></span> <span class='ocrx_word' id='word_1_419' title='bbox 723 4071 923 4135; x_wconf 81' lang='lat' dir='ltr'><strong>ferret,</strong></span> <span class='ocrx_word' id='word_1_420' title='bbox 959 4068 1006 4123; x_wconf 92' lang='lat' dir='ltr'><strong>si</strong></span> <span class='ocrx_word' id='word_1_421' title='bbox 1047 4068 1190 4120; x_wconf 88' lang='lat' dir='ltr'><strong>lacte</strong></span> <span class='ocrx_word' id='word_1_422' title='bbox 1224 4073 1482 4135; x_wconf 88' lang='lat' dir='ltr'><strong>potatur;</strong></span> <span class='ocrx_word' id='word_1_423' title='bbox 1514 4070 1569 4116; x_wconf 89' lang='lat' dir='ltr'><strong>et</strong></span> <span class='ocrx_word' id='word_1_424' title='bbox 1603 4058 1697 4130; x_wconf 91' lang='lat' dir='ltr'><strong>qui</strong></span> <span class='ocrx_word' id='word_1_425' title='bbox 1738 4059 1805 4112; x_wconf 90' lang='lat' dir='ltr'><strong>ad</strong></span> <span class='ocrx_word' id='word_1_426' title='bbox 1839 4058 2081 4127; x_wconf 90' lang='lat' dir='ltr'><strong>philoso-</strong></span> 
     </span>
    </p>
   </div>
   <div class='ocr_carea' id='block_1_72' title="bbox 502 4149 2085 4234">
    <p class='ocr_par' dir='ltr' id='par_1_72' title="bbox 502 4149 2085 4234">
     <span class='ocr_line' id='line_1_72' title="bbox 502 4149 2085 4234; baseline -0.009 -18"><span class='ocrx_word' id='word_1_427' title='bbox 502 4166 695 4234; x_wconf 86' lang='lat' dir='ltr'><strong>phicas</strong></span> <span class='ocrx_word' id='word_1_428' title='bbox 721 4161 1049 4228; x_wconf 89' lang='lat' dir='ltr'><strong>disciplinas</strong></span> <span class='ocrx_word' id='word_1_429' title='bbox 1079 4158 1305 4226; x_wconf 88' lang='lat' dir='ltr'><strong>gradum</strong></span> <span class='ocrx_word' id='word_1_430' title='bbox 1347 4155 1515 4219; x_wconf 80' lang='lat' dir='ltr'><strong>fecit,</strong></span> <span class='ocrx_word' id='word_1_431' title='bbox 1562 4169 1674 4208; x_wconf 92' lang='lat' dir='ltr'><strong>non</strong></span> <span class='ocrx_word' id='word_1_432' title='bbox 1728 4153 1886 4207; x_wconf 79' lang='lat' dir='ltr'><strong>facile</strong></span> <span class='ocrx_word' id='word_1_433' title='bbox 1917 4149 2085 4206; x_wconf 86' lang='lat' dir='ltr'><strong>susti-</strong></span> 
     </span>
    </p>
   </div>
   <div class='ocr_carea' id='block_1_73' title="bbox 504 4241 2085 4313">
    <p class='ocr_par' dir='ltr' id='par_1_73' title="bbox 504 4241 2085 4313">
     <span class='ocr_line' id='line_1_73' title="bbox 504 4241 2085 4313; baseline -0.007 -9"><span class='ocrx_word' id='word_1_434' title='bbox 504 4252 655 4304; x_wconf 90' lang='lat' dir='ltr'><strong>nebit</strong></span> <span class='ocrx_word' id='word_1_435' title='bbox 698 4248 878 4300; x_wconf 84' lang='lat' dir='ltr'><strong>adhuc</strong></span> <span class='ocrx_word' id='word_1_436' title='bbox 912 4248 966 4300; x_wconf 93' lang='lat' dir='ltr'><strong>in</strong></span> <span class='ocrx_word' id='word_1_437' title='bbox 1006 4245 1280 4313; x_wconf 88' lang='lat' dir='ltr'><strong>alphabeti</strong></span> <span class='ocrx_word' id='word_1_438' title='bbox 1327 4245 1521 4298; x_wconf 88' lang='lat' dir='ltr'><strong>ordine</strong></span> <span class='ocrx_word' id='word_1_439' title='bbox 1558 4243 1882 4313; x_wconf 89' lang='lat' dir='ltr'><strong>perdurare.</strong></span> <span class='ocrx_word' id='word_1_440' title='bbox 1915 4241 2085 4310; x_wconf 79' lang='lat' dir='ltr'><strong>Igitur</strong></span> 
     </span>
    </p>
   </div>
   <div class='ocr_carea' id='block_1_74' title="bbox 504 4332 2079 4405">
    <p class='ocr_par' dir='ltr' id='par_1_74' title="bbox 504 4332 2079 4405">
     <span class='ocr_line' id='line_1_74' title="bbox 504 4332 2079 4405; baseline -0.006 -11"><span class='ocrx_word' id='word_1_441' title='bbox 504 4350 631 4395; x_wconf 88' lang='lat' dir='ltr'><strong>ante</strong></span> <span class='ocrx_word' id='word_1_442' title='bbox 685 4338 933 4392; x_wconf 71' lang='lat' dir='ltr'><strong>caelestis</strong></span> <span class='ocrx_word' id='word_1_443' title='bbox 992 4336 1280 4405; x_wconf 70' lang='lat' dir='ltr'><strong>sapientia:</strong></span> <span class='ocrx_word' id='word_1_444' title='bbox 1330 4336 1386 4388; x_wconf 92' lang='lat' dir='ltr'><strong>in</strong></span> <span class='ocrx_word' id='word_1_445' title='bbox 1450 4336 1707 4388; x_wconf 87' lang='lat' dir='ltr'><strong>homines‘</strong></span> <span class='ocrx_word' id='word_1_446' title='bbox 1746 4332 2079 4397; x_wconf 89' lang='lat' dir='ltr'><strong>adventum,</strong></span> 
     </span>
    </p>
   </div>
   <div class='ocr_carea' id='block_1_75' title="bbox 2179 3154 3763 3230">
    <p class='ocr_par' dir='ltr' id='par_1_75' title="bbox 2179 3154 3763 3230">
     <span class='ocr_line' id='line_1_75' title="bbox 2179 3154 3763 3230; baseline 0.003 -21"><span class='ocrx_word' id='word_1_447' title='bbox 2179 3155 2337 3209; x_wconf 83' lang='grc' dir='ltr'>λῦσαι</span> <span class='ocrx_word' id='word_1_448' title='bbox 2360 3156 2420 3209; x_wconf 90' lang='grc' dir='ltr'><strong>τὸ</strong></span> <span class='ocrx_word' id='word_1_449' title='bbox 2446 3154 2656 3220; x_wconf 81' lang='grc' dir='ltr'>εὔελπι,</span> <span class='ocrx_word' id='word_1_450' title='bbox 2709 3157 2843 3227; x_wconf 84' lang='grc' dir='ltr'>μηδὲ</span> <span class='ocrx_word' id='word_1_451' title='bbox 2882 3158 3124 3230; x_wconf 79' lang='grc' dir='ltr'>χαλάσῃς</span> <span class='ocrx_word' id='word_1_452' title='bbox 3156 3159 3214 3211; x_wconf 90' lang='grc' dir='ltr'><strong>τὸ</strong></span> <span class='ocrx_word' id='word_1_453' title='bbox 3242 3160 3409 3229; x_wconf 80' lang='grc' dir='ltr'>κέρας</span> <span class='ocrx_word' id='word_1_454' title='bbox 3454 3162 3553 3230; x_wconf 80' lang='grc' dir='ltr'>τῆς</span> <span class='ocrx_word' id='word_1_455' title='bbox 3601 3160 3763 3225; x_wconf 76' lang='grc' dir='ltr'>θείας</span> 
     </span>
    </p>
   </div>
   <div class='ocr_carea' id='block_1_76' title="bbox 2182 3248 3762 3322">
    <p class='ocr_par' dir='ltr' id='par_1_76' title="bbox 2182 3248 3762 3322">
     <span class='ocr_line' id='line_1_76' title="bbox 2182 3248 3762 3322; baseline 0.003 -21"><span class='ocrx_word' id='word_1_456' title='bbox 2182 3248 2524 3317; x_wconf 85' lang='grc' dir='ltr'>προσδοκίας.</span> <span class='ocrx_word' id='word_1_457' title='bbox 2569 3248 2724 3318; x_wconf 81' lang='grc' dir='ltr'>Ῥᾷον</span> <span class='ocrx_word' id='word_1_458' title='bbox 2775 3249 2883 3318; x_wconf 83' lang='grc' dir='ltr'>γὰρ</span> <span class='ocrx_word' id='word_1_459' title='bbox 2930 3249 3009 3320; x_wconf 84' lang='grc' dir='ltr'><strong>τῷ</strong></span> <span class='ocrx_word' id='word_1_460' title='bbox 3036 3250 3154 3320; x_wconf 83' lang='grc' dir='ltr'><strong>Θεῷ</strong></span> <span class='ocrx_word' id='word_1_461' title='bbox 3177 3251 3489 3322; x_wconf 76' lang='grc' dir='ltr'>βουληθέντι</span> <span class='ocrx_word' id='word_1_462' title='bbox 3522 3252 3590 3304; x_wconf 75' lang='grc' dir='ltr'><strong>τὰ</strong></span> <span class='ocrx_word' id='word_1_463' title='bbox 3621 3270 3762 3305; x_wconf 75' lang='grc' dir='ltr'>σκυ-</span> 
     </span>
    </p>
   </div>
   <div class='ocr_carea' id='block_1_77' title="bbox 2182 3340 3759 3417">
    <p class='ocr_par' dir='ltr' id='par_1_77' title="bbox 2182 3340 3759 3417">
     <span class='ocr_line' id='line_1_77' title="bbox 2182 3340 3759 3417; baseline 0.003 -25"><span class='ocrx_word' id='word_1_464' title='bbox 2182 3340 2504 3413; x_wconf 88' lang='grc' dir='ltr'>θρωπότερα</span> <span class='ocrx_word' id='word_1_465' title='bbox 2564 3341 2657 3394; x_wconf 74' lang='grc' dir='ltr'>ἐπὶ</span> <span class='ocrx_word' id='word_1_466' title='bbox 2725 3341 2787 3394; x_wconf 86' lang='grc' dir='ltr'><strong>τὸ</strong></span> <span class='ocrx_word' id='word_1_467' title='bbox 2847 3343 3029 3415; x_wconf 84' lang='grc' dir='ltr'>ἱλαρόν</span> <span class='ocrx_word' id='word_1_468' title='bbox 3084 3361 3143 3397; x_wconf 88' lang='grc' dir='ltr'><strong>τε</strong></span> <span class='ocrx_word' id='word_1_469' title='bbox 3196 3344 3288 3397; x_wconf 78' lang='grc' dir='ltr'><strong>καὶ</strong></span> <span class='ocrx_word' id='word_1_470' title='bbox 3343 3345 3569 3417; x_wconf 79' lang='grc' dir='ltr'>φαιδρὸν</span> <span class='ocrx_word' id='word_1_471' title='bbox 3622 3363 3759 3415; x_wconf 75' lang='grc' dir='ltr'>μετ-</span> 
     </span>
    </p>
   </div>
   <div class='ocr_carea' id='block_1_78' title="bbox 2184 3432 2421 3499">
    <p class='ocr_par' dir='ltr' id='par_1_78' title="bbox 2184 3432 2421 3499">
     <span class='ocr_line' id='line_1_78' title="bbox 2184 3432 2421 3499; baseline 0.008 -16"><span class='ocrx_word' id='word_1_472' title='bbox 2184 3432 2421 3499; x_wconf 81' lang='grc' dir='ltr'>ενέγκαι.</span> 
     </span>
    </p>
   </div>
   <div class='ocr_carea' id='block_1_79' title="bbox 2522 3520 3431 3597">
    <p class='ocr_par' dir='ltr' id='par_1_79' title="bbox 2522 3520 3431 3597">
     <span class='ocr_line' id='line_1_79' title="bbox 2522 3520 3431 3597; baseline 0.006 -22"><span class='ocrx_word' id='word_1_473' title='bbox 2522 3520 2691 3576; x_wconf 84' lang='grc' dir='ltr'><strong>ΡΚΔ’.</strong></span> <span class='ocrx_word' id='word_1_474' title='bbox 2717 3554 2785 3562; x_wconf 92' lang='lat'><strong>—-</strong></span> <span class='ocrx_word' id='word_1_475' title='bbox 2802 3523 3140 3577; x_wconf 79' lang='lat' dir='ltr'><strong>BENIAMIN</strong></span> <span class='ocrx_word' id='word_1_476' title='bbox 3164 3526 3431 3597; x_wconf 81' lang='grc' dir='ltr'><strong>ΕΒΡΑΙῼ.</strong></span> 
     </span>
    </p>
   </div>
   <div class='ocr_carea' id='block_1_80' title="bbox 2252 3611 3762 3687">
    <p class='ocr_par' dir='ltr' id='par_1_80' title="bbox 2252 3611 3762 3687">
     <span class='ocr_line' id='line_1_80' title="bbox 2252 3611 3762 3687; baseline 0.003 -23"><span class='ocrx_word' id='word_1_477' title='bbox 2252 3611 2484 3673; x_wconf 76' lang='grc' dir='ltr'>Φάσκεις</span> <span class='ocrx_word' id='word_1_478' title='bbox 2524 3614 2582 3664; x_wconf 84' lang='grc' dir='ltr'><strong>ὲν</strong></span> <span class='ocrx_word' id='word_1_479' title='bbox 2606 3612 2817 3676; x_wconf 82' lang='grc' dir='ltr'>πολλοῖς</span> <span class='ocrx_word' id='word_1_480' title='bbox 2846 3614 2938 3666; x_wconf 87' lang='grc' dir='ltr'><strong>τὸν</strong></span> <span class='ocrx_word' id='word_1_481' title='bbox 2982 3613 3187 3683; x_wconf 81' lang='grc' dir='ltr'>Ἰησοῦν</span> <span class='ocrx_word' id='word_1_482' title='bbox 3217 3618 3479 3680; x_wconf 77' lang='grc' dir='ltr'>ἐπαινεῖν,</span> <span class='ocrx_word' id='word_1_483' title='bbox 3507 3616 3565 3671; x_wconf 81' lang='grc' dir='ltr'>ἐν</span> <span class='ocrx_word' id='word_1_484' title='bbox 3597 3616 3654 3671; x_wconf 85' lang='grc' dir='ltr'>δὲ</span> <span class='ocrx_word' id='word_1_485' title='bbox 3684 3619 3762 3687; x_wconf 80' lang='grc' dir='ltr'>τῷ</span> 
     </span>
    </p>
   </div>
   <div class='ocr_carea' id='block_1_81' title="bbox 2187 3694 3760 3783">
    <p class='ocr_par' dir='ltr' id='par_1_81' title="bbox 2187 3694 3760 3783">
     <span class='ocr_line' id='line_1_81' title="bbox 2187 3694 3760 3783; baseline 0.006 -28"><span class='ocrx_word' id='word_1_486' title='bbox 2187 3704 2429 3775; x_wconf 86' lang='grc' dir='ltr'>παριδεῖν</span> <span class='ocrx_word' id='word_1_487' title='bbox 2475 3694 2636 3756; x_wconf 79' lang='grc' dir='ltr'>αὐτὸν</span> <span class='ocrx_word' id='word_1_488' title='bbox 2673 3706 2766 3757; x_wconf 85' lang='grc' dir='ltr'><strong>καὶ</strong></span> <span class='ocrx_word' id='word_1_489' title='bbox 2793 3704 2953 3760; x_wconf 79' lang='grc' dir='ltr'>λῦσαι</span> <span class='ocrx_word' id='word_1_490' title='bbox 2979 3707 3039 3759; x_wconf 85' lang='grc' dir='ltr'><strong>τὸ</strong></span> <span class='ocrx_word' id='word_1_491' title='bbox 3073 3706 3375 3775; x_wconf 77' lang='grc' dir='ltr'>Σάϐϐατον,</span> <span class='ocrx_word' id='word_1_492' title='bbox 3407 3710 3502 3762; x_wconf 72' lang='grc' dir='ltr'>καὶ</span> <span class='ocrx_word' id='word_1_493' title='bbox 3544 3712 3760 3783; x_wconf 86' lang='grc' dir='ltr'>σφόδρα</span> 
     </span>
    </p>
   </div>
   <div class='ocr_carea' id='block_1_82' title="bbox 2185 3795 3763 3872">
    <p class='ocr_par' dir='ltr' id='par_1_82' title="bbox 2185 3795 3763 3872">
     <span class='ocr_line' id='line_1_82' title="bbox 2185 3795 3763 3872; baseline 0.004 -23"><span class='ocrx_word' id='word_1_494' title='bbox 2185 3798 2537 3863; x_wconf 80' lang='grc' dir='ltr'>ἀγανακτεῖν.</span> <span class='ocrx_word' id='word_1_495' title='bbox 2560 3795 2704 3848; x_wconf 82' lang='grc' dir='ltr'>Ἀλλ’</span> <span class='ocrx_word' id='word_1_496' title='bbox 2726 3798 2786 3849; x_wconf 82' lang='grc' dir='ltr'>οὑ</span> <span class='ocrx_word' id='word_1_497' title='bbox 2809 3798 3039 3851; x_wconf 83' lang='grc' dir='ltr'>πάντοτε</span> <span class='ocrx_word' id='word_1_498' title='bbox 3057 3800 3248 3870; x_wconf 81' lang='grc' dir='ltr'>νήπιον</span> <span class='ocrx_word' id='word_1_499' title='bbox 3268 3800 3373 3871; x_wconf 82' lang='grc' dir='ltr'><strong>χρὴ</strong></span> <span class='ocrx_word' id='word_1_500' title='bbox 3391 3802 3653 3872; x_wconf 77' lang='grc' dir='ltr'>ὑπάρχειν</span> <span class='ocrx_word' id='word_1_501' title='bbox 3670 3805 3763 3855; x_wconf 71' lang='grc' dir='ltr'><strong>τὸν</strong></span> 
     </span>
    </p>
   </div>
   <div class='ocr_carea' id='block_1_83' title="bbox 2188 3885 3762 3958">
    <p class='ocr_par' dir='ltr' id='par_1_83' title="bbox 2188 3885 3762 3958">
     <span class='ocr_line' id='line_1_83' title="bbox 2188 3885 3762 3958; baseline 0.004 -19"><span class='ocrx_word' id='word_1_502' title='bbox 2188 3885 2493 3955; x_wconf 81' lang='grc' dir='ltr'>ἄνθρωπον·</span> <span class='ocrx_word' id='word_1_503' title='bbox 2531 3887 2607 3949; x_wconf 83' lang='grc' dir='ltr'><strong>είς</strong></span> <span class='ocrx_word' id='word_1_504' title='bbox 2626 3886 2793 3957; x_wconf 78' lang='grc' dir='ltr'>ἄνδρα</span> <span class='ocrx_word' id='word_1_505' title='bbox 2827 3888 2936 3958; x_wconf 87' lang='grc' dir='ltr'>γάρ</span> <span class='ocrx_word' id='word_1_506' title='bbox 2960 3906 3041 3951; x_wconf 88' lang='grc' dir='ltr'><strong>τις</strong></span> <span class='ocrx_word' id='word_1_507' title='bbox 3074 3890 3319 3954; x_wconf 84' lang='grc' dir='ltr'>τελέσας,</span> <span class='ocrx_word' id='word_1_508' title='bbox 3345 3892 3444 3944; x_wconf 76' lang='grc' dir='ltr'><strong>οὐκ</strong></span> <span class='ocrx_word' id='word_1_509' title='bbox 3476 3893 3555 3945; x_wconf 80' lang='grc' dir='ltr'><strong>ἔτι</strong></span> <span class='ocrx_word' id='word_1_510' title='bbox 3573 3894 3762 3958; x_wconf 78' lang='grc' dir='ltr'>ἀνέξε-</span> 
     </span>
    </p>
   </div>
   <div class='ocr_carea' id='block_1_84' title="bbox 2185 3978 3762 4055">
    <p class='ocr_par' dir='ltr' id='par_1_84' title="bbox 2185 3978 3762 4055">
     <span class='ocr_line' id='line_1_84' title="bbox 2185 3978 3762 4055; baseline 0.008 -26"><span class='ocrx_word' id='word_1_511' title='bbox 2185 3995 2274 4030; x_wconf 87' lang='grc' dir='ltr'><strong>ται</strong></span> <span class='ocrx_word' id='word_1_512' title='bbox 2290 3978 2602 4041; x_wconf 77' lang='grc' dir='ltr'>ποτίζεσθαι</span> <span class='ocrx_word' id='word_1_513' title='bbox 2629 3978 2881 4046; x_wconf 83' lang='grc' dir='ltr'>γάλακτι,</span> <span class='ocrx_word' id='word_1_514' title='bbox 2920 3980 3016 4033; x_wconf 70' lang='grc' dir='ltr'>καὶ</span> <span class='ocrx_word' id='word_1_515' title='bbox 3034 3983 3061 4034; x_wconf 86' lang='grc' dir='ltr'>ὁ</span> <span class='ocrx_word' id='word_1_516' title='bbox 3086 3982 3219 4051; x_wconf 83' lang='grc' dir='ltr'>πρὸς</span> <span class='ocrx_word' id='word_1_517' title='bbox 3249 3982 3316 4035; x_wconf 83' lang='grc' dir='ltr'>τὰ</span> <span class='ocrx_word' id='word_1_518' title='bbox 3331 3984 3439 4037; x_wconf 77' lang='grc' dir='ltr'><strong>τῶν</strong></span> <span class='ocrx_word' id='word_1_519' title='bbox 3458 3986 3762 4055; x_wconf 72' lang='grc' dir='ltr'>φιλοσόφων</span> 
     </span>
    </p>
   </div>
   <div class='ocr_carea' id='block_1_85' title="bbox 2185 4067 3760 4147">
    <p class='ocr_par' dir='ltr' id='par_1_85' title="bbox 2185 4067 3760 4147">
     <span class='ocr_line' id='line_1_85' title="bbox 2185 4067 3760 4147; baseline 0.005 -27"><span class='ocrx_word' id='word_1_520' title='bbox 2185 4070 2431 4139; x_wconf 85' lang='grc' dir='ltr'>ὁρμήσας</span> <span class='ocrx_word' id='word_1_521' title='bbox 2470 4067 2784 4138; x_wconf 81' lang='grc' dir='ltr'>μαθήματα,</span> <span class='ocrx_word' id='word_1_522' title='bbox 2827 4071 2926 4122; x_wconf 77' lang='grc' dir='ltr'><strong>οὐκ</strong></span> <span class='ocrx_word' id='word_1_523' title='bbox 2963 4072 3028 4124; x_wconf 84' lang='grc' dir='ltr'>ἂν</span> <span class='ocrx_word' id='word_1_524' title='bbox 3058 4072 3411 4136; x_wconf 82' lang='grc' dir='ltr'>καταδέξαιτο</span> <span class='ocrx_word' id='word_1_525' title='bbox 3456 4075 3760 4147; x_wconf 78' lang='grc' dir='ltr'>ἁλφαϐήτῳ</span> 
     </span>
    </p>
   </div>
   <div class='ocr_carea' id='block_1_86' title="bbox 2189 4160 3759 4235">
    <p class='ocr_par' dir='ltr' id='par_1_86' title="bbox 2189 4160 3759 4235">
     <span class='ocr_line' id='line_1_86' title="bbox 2189 4160 3759 4235; baseline 0.004 -22"><span class='ocrx_word' id='word_1_526' title='bbox 2189 4163 2637 4231; x_wconf 80' lang='grc' dir='ltr'>προσκαρτερεῖν.</span> <span class='ocrx_word' id='word_1_527' title='bbox 2669 4160 2783 4231; x_wconf 87' lang='grc' dir='ltr'>Πρὸ</span> <span class='ocrx_word' id='word_1_528' title='bbox 2811 4162 2989 4214; x_wconf 84' lang='grc' dir='ltr'>τοίνυν</span> <span class='ocrx_word' id='word_1_529' title='bbox 3018 4162 3114 4216; x_wconf 79' lang='grc' dir='ltr'>τοῦ</span> <span class='ocrx_word' id='word_1_530' title='bbox 3144 4163 3241 4233; x_wconf 81' lang='grc' dir='ltr'><strong>τὴν</strong></span> <span class='ocrx_word' id='word_1_531' title='bbox 3281 4165 3530 4235; x_wconf 82' lang='grc' dir='ltr'>οὐράνιον</span> <span class='ocrx_word' id='word_1_532' title='bbox 3573 4168 3759 4235; x_wconf 80' lang='grc' dir='ltr'>ἐπιδη-</span> 
     </span>
    </p>
   </div>
   <div class='ocr_carea' id='block_1_87' title="bbox 2191 4252 3763 4328">
    <p class='ocr_par' dir='ltr' id='par_1_87' title="bbox 2191 4252 3763 4328">
     <span class='ocr_line' id='line_1_87' title="bbox 2191 4252 3763 4328; baseline 0.004 -24"><span class='ocrx_word' id='word_1_533' title='bbox 2191 4253 2359 4322; x_wconf 84' lang='grc' dir='ltr'>μῆσαι</span> <span class='ocrx_word' id='word_1_534' title='bbox 2382 4252 2571 4319; x_wconf 85' lang='grc' dir='ltr'>σοφίαν</span> <span class='ocrx_word' id='word_1_535' title='bbox 2596 4255 2708 4315; x_wconf 86' lang='grc' dir='ltr'>τοῖς</span> <span class='ocrx_word' id='word_1_536' title='bbox 2736 4252 3064 4324; x_wconf 80' lang='grc' dir='ltr'>ἀνθρώποις,</span> <span class='ocrx_word' id='word_1_537' title='bbox 3100 4255 3243 4323; x_wconf 83' lang='grc' dir='ltr'>καλὴ</span> <span class='ocrx_word' id='word_1_538' title='bbox 3278 4256 3625 4328; x_wconf 82' lang='grc' dir='ltr'>ὲτύγχανενή</span> <span class='ocrx_word' id='word_1_539' title='bbox 3670 4260 3763 4311; x_wconf 76' lang='grc' dir='ltr'>τοῦ</span> 
     </span>
    </p>
   </div>
   <div class='ocr_carea' id='block_1_88' title="bbox 2189 4338 3763 4414">
    <p class='ocr_par' dir='ltr' id='par_1_88' title="bbox 2189 4338 3763 4414">
     <span class='ocr_line' id='line_1_88' title="bbox 2189 4338 3763 4414; baseline 0.006 -23"><span class='ocrx_word' id='word_1_540' title='bbox 2189 4338 2465 4393; x_wconf 72' lang='grc' dir='ltr'>Σαϐὀάτου</span> <span class='ocrx_word' id='word_1_541' title='bbox 2493 4342 2894 4411; x_wconf 74' lang='grc' dir='ltr'>παρατήρησις,</span> <span class='ocrx_word' id='word_1_542' title='bbox 2933 4341 3027 4394; x_wconf 74' lang='grc' dir='ltr'>καὶ</span> <span class='ocrx_word' id='word_1_543' title='bbox 3056 4341 3353 4414; x_wconf 81' lang='grc' dir='ltr'>ὠφέλιμος,</span> <span class='ocrx_word' id='word_1_544' title='bbox 3389 4345 3481 4398; x_wconf 85' lang='grc' dir='ltr'><strong>νῦν</strong></span> <span class='ocrx_word' id='word_1_545' title='bbox 3510 4345 3586 4409; x_wconf 83' lang='grc' dir='ltr'><strong>δὲ,</strong></span> <span class='ocrx_word' id='word_1_546' title='bbox 3621 4349 3763 4400; x_wconf 79' lang='grc' dir='ltr'>κατὰ</span> 
     </span>
    </p>
   </div>
   <div class='ocr_carea' id='block_1_89' title="bbox 503 4423 2106 4505">
    <p class='ocr_par' dir='ltr' id='par_1_89' title="bbox 503 4424 2084 4500">
     <span class='ocr_line' id='line_1_89' title="bbox 503 4424 2084 4500; baseline -0.004 -18"><span class='ocrx_word' id='word_1_547' title='bbox 503 4429 713 4500; x_wconf 82' lang='lat' dir='ltr'><strong>optima</strong></span> <span class='ocrx_word' id='word_1_548' title='bbox 778 4435 897 4482; x_wconf 89' lang='lat' dir='ltr'><strong>erat</strong></span> <span class='ocrx_word' id='word_1_549' title='bbox 952 4424 1180 4480; x_wconf 88' lang='lat' dir='ltr'><strong>Sabbati</strong></span> <span class='ocrx_word' id='word_1_550' title='bbox 1247 4425 1600 4490; x_wconf 87' lang='lat' dir='ltr'><strong>observatio,</strong></span> <span class='ocrx_word' id='word_1_551' title='bbox 1658 4431 1713 4478; x_wconf 91' lang='lat' dir='ltr'><strong>et</strong></span> <span class='ocrx_word' id='word_1_552' title='bbox 1777 4424 1968 4489; x_wconf 91' lang='lat' dir='ltr'><strong>utilis;</strong></span> <span class='ocrx_word' id='word_1_553' title='bbox 2030 4431 2084 4476; x_wconf 91' lang='lat' dir='ltr'><strong>at</strong></span> 
     </span>
    </p>
   </div>
   <div class='ocr_carea' id='block_1_90' title="bbox 2192 4423 3766 4505">
    <p class='ocr_par' dir='ltr' id='par_1_90' title="bbox 2192 4429 3766 4505">
     <span class='ocr_line' id='line_1_90' title="bbox 2192 4429 3766 4505; baseline 0.003 -21"><span class='ocrx_word' id='word_1_554' title='bbox 2192 4431 2286 4501; x_wconf 84' lang='grc' dir='ltr'>τὴν</span> <span class='ocrx_word' id='word_1_555' title='bbox 2320 4429 2562 4501; x_wconf 78' lang='grc' dir='ltr'>Χριστοῦ</span> <span class='ocrx_word' id='word_1_556' title='bbox 2589 4432 3020 4502; x_wconf 80' lang='grc' dir='ltr'>ὲπιδημίαν,οὺκ</span> <span class='ocrx_word' id='word_1_557' title='bbox 3034 4432 3172 4485; x_wconf 68' lang='lat' dir='ltr'><strong>Eam</strong></span> <span class='ocrx_word' id='word_1_558' title='bbox 3214 4434 3511 4505; x_wconf 76' lang='grc' dir='ltr'>ἐπιτήδειος</span> <span class='ocrx_word' id='word_1_559' title='bbox 3531 4452 3545 4466; x_wconf 87' lang='grc'><strong>·</strong></span> <span class='ocrx_word' id='word_1_560' title='bbox 3575 4437 3766 4490; x_wconf 75' lang='grc' dir='ltr'>ἐπάνω</span> 
     </span>
    </p>
   </div>
   <div class='ocr_carea' id='block_1_91' title="bbox 506 4515 2083 4589">
    <p class='ocr_par' dir='ltr' id='par_1_91' title="bbox 506 4515 2083 4589">
     <span class='ocr_line' id='line_1_91' title="bbox 506 4515 2083 4589; baseline -0.003 -15"><span class='ocrx_word' id='word_1_561' title='bbox 506 4535 652 4574; x_wconf 87' lang='lat' dir='ltr'><strong>nunc</strong></span> <span class='ocrx_word' id='word_1_562' title='bbox 676 4525 800 4589; x_wconf 89' lang='lat' dir='ltr'><strong>post</strong></span> <span class='ocrx_word' id='word_1_563' title='bbox 832 4518 1040 4572; x_wconf 85' lang='lat' dir='ltr'><strong>Christi</strong></span> <span class='ocrx_word' id='word_1_564' title='bbox 1086 4516 1381 4571; x_wconf 82' lang='lat' dir='ltr'><strong>adventum</strong></span> <span class='ocrx_word' id='word_1_565' title='bbox 1430 4515 1783 4570; x_wconf 85' lang='lat' dir='ltr'><strong>accommoda</strong></span> <span class='ocrx_word' id='word_1_566' title='bbox 1820 4528 1931 4568; x_wconf 93' lang='lat' dir='ltr'><strong>non</strong></span> <span class='ocrx_word' id='word_1_567' title='bbox 1978 4522 2083 4569; x_wconf 89' lang='lat' dir='ltr'><strong>est.</strong></span> 
     </span>
    </p>
   </div>
   <div class='ocr_carea' id='block_1_92' title="bbox 508 4603 2087 4680">
    <p class='ocr_par' dir='ltr' id='par_1_92' title="bbox 508 4603 2087 4680">
     <span class='ocr_line' id='line_1_92' title="bbox 508 4603 2087 4680; baseline -0.004 -15"><span class='ocrx_word' id='word_1_568' title='bbox 508 4610 687 4680; x_wconf 85' lang='lat' dir='ltr'><strong>Supra</strong></span> <span class='ocrx_word' id='word_1_569' title='bbox 719 4609 861 4663; x_wconf 87' lang='lat' dir='ltr'><strong>enim</strong></span> <span class='ocrx_word' id='word_1_570' title='bbox 899 4615 953 4661; x_wconf 82' lang='lat' dir='ltr'><strong>et</strong></span> <span class='ocrx_word' id='word_1_571' title='bbox 982 4608 1102 4662; x_wconf 90' lang='lat' dir='ltr'><strong>dies</strong></span> <span class='ocrx_word' id='word_1_572' title='bbox 1131 4615 1183 4662; x_wconf 89' lang='lat' dir='ltr'><strong>et</strong></span> <span class='ocrx_word' id='word_1_573' title='bbox 1231 4615 1480 4676; x_wconf 88' lang='lat' dir='ltr'><strong>tempora</strong></span> <span class='ocrx_word' id='word_1_574' title='bbox 1502 4646 1517 4673; x_wconf 86' lang='lat'><strong>,</strong></span> <span class='ocrx_word' id='word_1_575' title='bbox 1580 4614 1633 4660; x_wconf 92' lang='lat' dir='ltr'><strong>et</strong></span> <span class='ocrx_word' id='word_1_576' title='bbox 1663 4603 1927 4659; x_wconf 89' lang='lat' dir='ltr'><strong>mundum</strong></span> <span class='ocrx_word' id='word_1_577' title='bbox 1965 4605 2087 4659; x_wconf 89' lang='lat' dir='ltr'><strong>uni-</strong></span> 
     </span>
    </p>
   </div>
   <div class='ocr_carea' id='block_1_93' title="bbox 504 4698 1328 4767">
    <p class='ocr_par' dir='ltr' id='par_1_93' title="bbox 504 4698 1328 4767">
     <span class='ocr_line' id='line_1_93' title="bbox 504 4698 1328 4767; baseline -0.006 -10"><span class='ocrx_word' id='word_1_578' title='bbox 504 4715 723 4757; x_wconf 74' lang='lat' dir='ltr'><strong>versum</strong></span> <span class='ocrx_word' id='word_1_579' title='bbox 751 4698 1103 4755; x_wconf 85' lang='lat' dir='ltr'><strong>Christianus</strong></span> <span class='ocrx_word' id='word_1_580' title='bbox 1134 4698 1328 4767; x_wconf 88' lang='lat' dir='ltr'><strong>sapiet.</strong></span> 
     </span>
    </p>
   </div>
   <div class='ocr_carea' id='block_1_94' title="bbox 946 4783 1642 4862">
    <p class='ocr_par' dir='ltr' id='par_1_94' title="bbox 946 4783 1642 4862">
     <span class='ocr_line' id='line_1_94' title="bbox 946 4783 1642 4862; baseline -0.006 -16"><span class='ocrx_word' id='word_1_581' title='bbox 946 4790 1054 4862; x_wconf 66' lang='lat'><strong>54</strong></span> <span class='ocrx_word' id='word_1_582' title='bbox 1092 4783 1303 4845; x_wconf 63' lang='lat' dir='ltr'><strong>caxv.</strong></span> <span class='ocrx_word' id='word_1_583' title='bbox 1332 4819 1401 4829; x_wconf 87' lang='grc'><strong><em>-</em></strong></span> <span class='ocrx_word' id='word_1_584' title='bbox 1434 4787 1642 4843; x_wconf 84' lang='lat' dir='ltr'><strong>Eidem.</strong></span> 
     </span>
    </p>
   </div>
   <div class='ocr_carea' id='block_1_95' title="bbox 578 4878 2087 4950">
    <p class='ocr_par' dir='ltr' id='par_1_95' title="bbox 578 4878 2087 4950">
     <span class='ocr_line' id='line_1_95' title="bbox 578 4878 2087 4950; baseline -0.003 -15"><span class='ocrx_word' id='word_1_585' title='bbox 578 4881 656 4937; x_wconf 85' lang='lat' dir='ltr'><strong>Ne</strong></span> <span class='ocrx_word' id='word_1_586' title='bbox 731 4881 1028 4950; x_wconf 88' lang='lat' dir='ltr'><strong>permirum</strong></span> <span class='ocrx_word' id='word_1_587' title='bbox 1086 4880 1186 4935; x_wconf 84' lang='lat' dir='ltr'><strong>tibi</strong></span> <span class='ocrx_word' id='word_1_588' title='bbox 1242 4879 1494 4944; x_wconf 88' lang='lat' dir='ltr'><strong>accidat,</strong></span> <span class='ocrx_word' id='word_1_589' title='bbox 1556 4879 1724 4932; x_wconf 90' lang='lat' dir='ltr'><strong>Deum</strong></span> <span class='ocrx_word' id='word_1_590' title='bbox 1776 4878 2087 4949; x_wconf 90' lang='lat' dir='ltr'><strong>antiquitus</strong></span> 
     </span>
    </p>
   </div>
   <div class='ocr_carea' id='block_1_96' title="bbox 2189 4519 3846 4594">
    <p class='ocr_par' dir='ltr' id='par_1_96' title="bbox 2189 4519 3846 4594">
     <span class='ocr_line' id='line_1_96' title="bbox 2189 4519 3846 4594; baseline 0.003 -20"><span class='ocrx_word' id='word_1_591' title='bbox 2189 4522 2299 4591; x_wconf 80' lang='grc' dir='ltr'>γὰρ</span> <span class='ocrx_word' id='word_1_592' title='bbox 2322 4521 2410 4574; x_wconf 82' lang='grc' dir='ltr'>καὶ</span> <span class='ocrx_word' id='word_1_593' title='bbox 2449 4519 2669 4589; x_wconf 79' lang='grc' dir='ltr'>ἡμερῶν</span> <span class='ocrx_word' id='word_1_594' title='bbox 2685 4521 2779 4573; x_wconf 76' lang='grc' dir='ltr'><strong>καὶ</strong></span> <span class='ocrx_word' id='word_1_595' title='bbox 2800 4521 3025 4593; x_wconf 76' lang='grc' dir='ltr'>χρόνων,</span> <span class='ocrx_word' id='word_1_596' title='bbox 3066 4522 3164 4576; x_wconf 71' lang='grc' dir='ltr'><strong>καὶ</strong></span> <span class='ocrx_word' id='word_1_597' title='bbox 3198 4524 3396 4587; x_wconf 82' lang='grc' dir='ltr'>παντὸς</span> <span class='ocrx_word' id='word_1_598' title='bbox 3418 4524 3510 4577; x_wconf 76' lang='grc' dir='ltr'><strong>τοῦ</strong></span> <span class='ocrx_word' id='word_1_599' title='bbox 3552 4524 3765 4594; x_wconf 80' lang='grc' dir='ltr'>κόσμου</span> <span class='ocrx_word' id='word_1_600' title='bbox 3842 4540 3846 4544; x_wconf 81' lang='lat'>&#39;</span> 
     </span>
    </p>
   </div>
   <div class='ocr_carea' id='block_1_97' title="bbox 2191 4613 2817 4685">
    <p class='ocr_par' dir='ltr' id='par_1_97' title="bbox 2191 4613 2817 4685">
     <span class='ocr_line' id='line_1_97' title="bbox 2191 4613 2817 4685; baseline 0.002 -21"><span class='ocrx_word' id='word_1_601' title='bbox 2191 4615 2449 4685; x_wconf 80' lang='grc' dir='ltr'>φρονήσει</span> <span class='ocrx_word' id='word_1_602' title='bbox 2474 4613 2817 4683; x_wconf 83' lang='grc' dir='ltr'>Χριστιανός.</span> 
     </span>
    </p>
   </div>
   <div class='ocr_carea' id='block_1_98' title="bbox 2676 4794 3443 4867">
    <p class='ocr_par' dir='ltr' id='par_1_98' title="bbox 2676 4794 3443 4867">
     <span class='ocr_line' id='line_1_98' title="bbox 2676 4794 3443 4867; baseline 0.007 -23"><span class='ocrx_word' id='word_1_603' title='bbox 2676 4794 2850 4847; x_wconf 79' lang='grc' dir='ltr'><strong>ΡΚΕ’.</strong></span> <span class='ocrx_word' id='word_1_604' title='bbox 2879 4823 2943 4834; x_wconf 90' lang='grc'><strong><em>-</em></strong></span> <span class='ocrx_word' id='word_1_605' title='bbox 2983 4794 3068 4864; x_wconf 85' lang='grc' dir='ltr'><strong>Τῷ</strong></span> <span class='ocrx_word' id='word_1_606' title='bbox 3099 4794 3280 4859; x_wconf 81' lang='grc' dir='ltr'>αὐτῷ.</span> <span class='ocrx_word' id='word_1_607' title='bbox 3440 4866 3443 4867; x_wconf 15' lang='grc' dir='ltr'><em>ν</em></span> 
     </span>
    </p>
   </div>
   <div class='ocr_carea' id='block_1_99' title="bbox 2265 4884 3764 4957">
    <p class='ocr_par' dir='ltr' id='par_1_99' title="bbox 2265 4884 3764 4957">
     <span class='ocr_line' id='line_1_99' title="bbox 2265 4884 3764 4957; baseline 0 -17"><span class='ocrx_word' id='word_1_608' title='bbox 2265 4885 2356 4957; x_wconf 80' lang='grc' dir='ltr'><strong>Μὴ</strong></span> <span class='ocrx_word' id='word_1_609' title='bbox 2389 4884 2652 4956; x_wconf 80' lang='grc' dir='ltr'>ξενισθῇς,</span> <span class='ocrx_word' id='word_1_610' title='bbox 2701 4885 2817 4948; x_wconf 84' lang='grc' dir='ltr'><strong>πῶς</strong></span> <span class='ocrx_word' id='word_1_611' title='bbox 2852 4885 3021 4939; x_wconf 78' lang='grc' dir='ltr'>πάλαι</span> <span class='ocrx_word' id='word_1_612' title='bbox 3054 4886 3153 4957; x_wconf 85' lang='grc' dir='ltr'>μὲν</span> <span class='ocrx_word' id='word_1_613' title='bbox 3181 4890 3207 4939; x_wconf 85' lang='grc' dir='ltr'>ὁ</span> <span class='ocrx_word' id='word_1_614' title='bbox 3230 4886 3361 4949; x_wconf 79' lang='grc' dir='ltr'>Θεὸς</span> <span class='ocrx_word' id='word_1_615' title='bbox 3400 4887 3461 4940; x_wconf 87' lang='grc' dir='ltr'><strong>τὸ</strong></span> <span class='ocrx_word' id='word_1_616' title='bbox 3487 4887 3764 4942; x_wconf 76' lang='grc' dir='ltr'>Σάδδατον</span> 
     </span>
    </p>
   </div>
   <div class='ocr_carea' id='block_1_100' title="bbox 508 4967 2106 5050">
    <p class='ocr_par' dir='ltr' id='par_1_100' title="bbox 508 4967 2094 5037">
     <span class='ocr_line' id='line_1_100' title="bbox 508 4967 2094 5037; baseline -0.003 -11"><span class='ocrx_word' id='word_1_617' title='bbox 508 4972 734 5026; x_wconf 83' lang='lat' dir='ltr'><strong>Sabbati</strong></span> <span class='ocrx_word' id='word_1_618' title='bbox 791 4971 1240 5026; x_wconf 88' lang='lat' dir='ltr'><strong>observationem</strong></span> <span class='ocrx_word' id='word_1_619' title='bbox 1310 4970 1649 5037; x_wconf 63' lang='lat' dir='ltr'><strong>praecepisse</strong></span> <span class='ocrx_word' id='word_1_620' title='bbox 1703 4967 1769 5027; x_wconf 75' lang='grc'><strong>³³.</strong></span> <span class='ocrx_word' id='word_1_621' title='bbox 1830 4975 1883 5021; x_wconf 88' lang='lat' dir='ltr'><strong>et</strong></span> <span class='ocrx_word' id='word_1_622' title='bbox 1946 4981 2094 5021; x_wconf 90' lang='lat' dir='ltr'><strong>nunc</strong></span> 
     </span>
    </p>
   </div>
   <div class='ocr_carea' id='block_1_101' title="bbox 2192 4967 3769 5050">
    <p class='ocr_par' dir='ltr' id='par_1_101' title="bbox 2192 4975 3769 5050">
     <span class='ocr_line' id='line_1_101' title="bbox 2192 4975 3769 5050; baseline 0.003 -23"><span class='ocrx_word' id='word_1_623' title='bbox 2192 4978 2376 5046; x_wconf 84' lang='grc' dir='ltr'>τηρεῖν</span> <span class='ocrx_word' id='word_1_624' title='bbox 2408 4975 2705 5040; x_wconf 81' lang='grc' dir='ltr'>διετάξατο,</span> <span class='ocrx_word' id='word_1_625' title='bbox 2743 4976 2837 5029; x_wconf 75' lang='grc' dir='ltr'>νῦν</span> <span class='ocrx_word' id='word_1_626' title='bbox 2862 4976 2917 5028; x_wconf 74' lang='grc' dir='ltr'>δὲ</span> <span class='ocrx_word' id='word_1_627' title='bbox 2942 4977 3042 5045; x_wconf 78' lang='grc' dir='ltr'><strong>τὴν</strong></span> <span class='ocrx_word' id='word_1_628' title='bbox 3086 4976 3341 5048; x_wconf 77' lang='grc' dir='ltr'>τοιαύτην</span> <span class='ocrx_word' id='word_1_629' title='bbox 3369 4976 3552 5031; x_wconf 83' lang='grc' dir='ltr'>ἀθετεῖ</span> <span class='ocrx_word' id='word_1_630' title='bbox 3582 4996 3769 5050; x_wconf 81' lang='grc' dir='ltr'>παρα-</span> 
     </span>
    </p>
   </div>
   <div class='ocr_carea' id='block_1_102' title="bbox 508 5057 2095 5129">
    <p class='ocr_par' dir='ltr' id='par_1_102' title="bbox 508 5057 2095 5129">
     <span class='ocr_line' id='line_1_102' title="bbox 508 5057 2095 5129; baseline -0.003 -12"><span class='ocrx_word' id='word_1_631' title='bbox 508 5064 743 5117; x_wconf 86' lang='lat' dir='ltr'><strong>similem</strong></span> <span class='ocrx_word' id='word_1_632' title='bbox 791 5062 1237 5117; x_wconf 88' lang='lat' dir='ltr'><strong>observationem</strong></span> <span class='ocrx_word' id='word_1_633' title='bbox 1282 5060 1539 5129; x_wconf 89' lang='lat' dir='ltr'><strong>rejicere.</strong></span> <span class='ocrx_word' id='word_1_634' title='bbox 1572 5057 1740 5113; x_wconf 85' lang='lat' dir='ltr'><strong>Vides</strong></span> <span class='ocrx_word' id='word_1_635' title='bbox 1769 5058 1915 5113; x_wconf 90' lang='lat' dir='ltr'><strong>enim</strong></span> <span class='ocrx_word' id='word_1_636' title='bbox 1948 5068 2095 5112; x_wconf 80' lang='lat' dir='ltr'><strong>vete—</strong></span> 
     </span>
    </p>
   </div>
   <div class='ocr_carea' id='block_1_103' title="bbox 509 5149 2091 5224">
    <p class='ocr_par' dir='ltr' id='par_1_103' title="bbox 509 5149 2091 5224">
     <span class='ocr_line' id='line_1_103' title="bbox 509 5149 2091 5224; baseline -0.005 -15"><span class='ocrx_word' id='word_1_637' title='bbox 509 5170 599 5210; x_wconf 81' lang='lat' dir='ltr'><strong>res</strong></span> <span class='ocrx_word' id='word_1_638' title='bbox 646 5163 1008 5224; x_wconf 87' lang='lat' dir='ltr'><strong>recentesque</strong></span> <span class='ocrx_word' id='word_1_639' title='bbox 1074 5154 1475 5223; x_wconf 86' lang='lat' dir='ltr'><strong>imperatorum</strong></span> <span class='ocrx_word' id='word_1_640' title='bbox 1507 5160 1852 5205; x_wconf 89' lang='lat' dir='ltr'><strong>terrenorum</strong></span> <span class='ocrx_word' id='word_1_641' title='bbox 1882 5149 2091 5205; x_wconf 82' lang='lat' dir='ltr'><strong>consti-</strong></span> 
     </span>
    </p>
   </div>
   <div class='ocr_carea' id='block_1_104' title="bbox 510 5242 2081 5313">
    <p class='ocr_par' dir='ltr' id='par_1_104' title="bbox 510 5242 2081 5313">
     <span class='ocr_line' id='line_1_104' title="bbox 510 5242 2081 5313; baseline -0.003 -15"><span class='ocrx_word' id='word_1_642' title='bbox 510 5246 755 5300; x_wconf 85' lang='lat' dir='ltr'><strong>tutiones</strong></span> <span class='ocrx_word' id='word_1_643' title='bbox 805 5255 961 5299; x_wconf 82' lang='lat' dir='ltr'><strong>antea</strong></span> <span class='ocrx_word' id='word_1_644' title='bbox 992 5260 1108 5299; x_wconf 91' lang='lat' dir='ltr'><strong>rem</strong></span> <span class='ocrx_word' id='word_1_645' title='bbox 1160 5244 1304 5298; x_wconf 85' lang='lat' dir='ltr'><strong>hanc</strong></span> <span class='ocrx_word' id='word_1_646' title='bbox 1339 5243 1656 5298; x_wconf 86' lang='lat' dir='ltr'><strong>decrevisse</strong></span> <span class='ocrx_word' id='word_1_647' title='bbox 1678 5282 1694 5305; x_wconf 90' lang='lat'><strong>,</strong></span> <span class='ocrx_word' id='word_1_648' title='bbox 1728 5242 2081 5313; x_wconf 87' lang='lat' dir='ltr'><strong>postmodum</strong></span> 
     </span>
    </p>
   </div>
   <div class='ocr_carea' id='block_1_105' title="bbox 510 5331 2083 5406">
    <p class='ocr_par' dir='ltr' id='par_1_105' title="bbox 510 5331 2083 5406">
     <span class='ocr_line' id='line_1_105' title="bbox 510 5331 2083 5406; baseline -0.003 -16"><span class='ocrx_word' id='word_1_649' title='bbox 510 5337 620 5390; x_wconf 83' lang='lat' dir='ltr'><strong>alio</strong></span> <span class='ocrx_word' id='word_1_650' title='bbox 651 5343 816 5404; x_wconf 88' lang='lat' dir='ltr'><strong>atque</strong></span> <span class='ocrx_word' id='word_1_651' title='bbox 849 5334 955 5389; x_wconf 90' lang='lat' dir='ltr'><strong>alio</strong></span> <span class='ocrx_word' id='word_1_652' title='bbox 983 5344 1229 5406; x_wconf 88' lang='lat' dir='ltr'><strong>tempore</strong></span> <span class='ocrx_word' id='word_1_653' title='bbox 1258 5335 1434 5405; x_wconf 84' lang='lat' dir='ltr'><strong>legem</strong></span> <span class='ocrx_word' id='word_1_654' title='bbox 1473 5342 1631 5387; x_wconf 83' lang='lat' dir='ltr'><strong>antea</strong></span> <span class='ocrx_word' id='word_1_655' title='bbox 1685 5333 1846 5385; x_wconf 90' lang='lat' dir='ltr'><strong>latam</strong></span> <span class='ocrx_word' id='word_1_656' title='bbox 1881 5331 2083 5387; x_wconf 89' lang='lat' dir='ltr'><strong>dissol-</strong></span> 
     </span>
    </p>
   </div>
   <div class='ocr_carea' id='block_1_106' title="bbox 512 5439 659 5480">
    <p class='ocr_par' dir='ltr' id='par_1_106' title="bbox 512 5439 659 5480">
     <span class='ocr_line' id='line_1_106' title="bbox 512 5439 659 5480; baseline 0.014 -2"><span class='ocrx_word' id='word_1_657' title='bbox 512 5439 659 5480; x_wconf 71' lang='lat' dir='ltr'><strong>vere.</strong></span> 
     </span>
    </p>
   </div>
   <div class='ocr_carea' id='block_1_107' title="bbox 582 5627 1279 5699">
    <p class='ocr_par' dir='ltr' id='par_1_107' title="bbox 582 5627 1279 5699">
     <span class='ocr_line' id='line_1_107' title="bbox 582 5627 1279 5699; baseline 0.007 -19"><span class='ocrx_word' id='word_1_658' title='bbox 582 5628 629 5663; x_wconf 77' lang='grc'>³³</span> <span class='ocrx_word' id='word_1_659' title='bbox 659 5627 827 5699; x_wconf 68' lang='grc' dir='ltr'><strong>Εςοιι.</strong></span> <span class='ocrx_word' id='word_1_660' title='bbox 871 5645 1057 5699; x_wconf 65' lang='grc' dir='ltr'>χκκιν,</span> <span class='ocrx_word' id='word_1_661' title='bbox 1089 5630 1279 5687; x_wconf 58' lang='grc' dir='ltr'><strong>ὅῖέδῦ.</strong></span> 
     </span>
    </p>
   </div>
   <div class='ocr_carea' id='block_1_108' title="bbox 460 5695 1033 5773">
    <p class='ocr_par' dir='ltr' id='par_1_108' title="bbox 460 5695 1033 5773">
     <span class='ocr_line' id='line_1_108' title="bbox 460 5695 1033 5773; baseline -0.007 -20"><span class='ocrx_word' id='word_1_662' title='bbox 460 5732 473 5742; x_wconf 70' lang='grc' dir='ltr'><strong>ι</strong></span> <span class='ocrx_word' id='word_1_663' title='bbox 516 5695 566 5731; x_wconf 85' lang='grc'><strong>³⁹</strong></span> <span class='ocrx_word' id='word_1_664' title='bbox 620 5698 772 5753; x_wconf 72' lang='lat' dir='ltr'><strong>Exod</strong></span> <span class='ocrx_word' id='word_1_665' title='bbox 839 5714 933 5773; x_wconf 74' lang='lat' dir='ltr'><strong>xx,</strong></span> <span class='ocrx_word' id='word_1_666' title='bbox 982 5702 1033 5755; x_wconf 76' lang='lat'><strong>8.</strong></span> 
     </span>
    </p>
   </div>
   <div class='ocr_carea' id='block_1_109' title="bbox 1384 5630 2961 5705">
    <p class='ocr_par' dir='ltr' id='par_1_109' title="bbox 1384 5630 2961 5705">
     <span class='ocr_line' id='line_1_109' title="bbox 1384 5630 2961 5705; baseline 0.003 -19"><span class='ocrx_word' id='word_1_667' title='bbox 1384 5630 1427 5664; x_wconf 72' lang='lat'>”</span> <span class='ocrx_word' id='word_1_668' title='bbox 1454 5630 1611 5686; x_wconf 80' lang='lat' dir='ltr'><strong>Num.</strong></span> <span class='ocrx_word' id='word_1_669' title='bbox 1659 5648 1768 5700; x_wconf 73' lang='lat' dir='ltr'><strong>rm,</strong></span> <span class='ocrx_word' id='word_1_670' title='bbox 1806 5632 1889 5687; x_wconf 79' lang='grc'><strong>18.</strong></span> <span class='ocrx_word' id='word_1_671' title='bbox 1967 5632 2013 5669; x_wconf 78' lang='grc'><strong>³³</strong></span> <span class='ocrx_word' id='word_1_672' title='bbox 2042 5630 2172 5687; x_wconf 90' lang='lat' dir='ltr'><strong>ibid.</strong></span> <span class='ocrx_word' id='word_1_673' title='bbox 2201 5632 2290 5687; x_wconf 74' lang='lat'><strong>‘27.</strong></span> <span class='ocrx_word' id='word_1_674' title='bbox 2322 5633 2366 5665; x_wconf 79' lang='lat'>&quot;</span> <span class='ocrx_word' id='word_1_675' title='bbox 2388 5630 2521 5688; x_wconf 89' lang='lat' dir='ltr'><strong>Gen.</strong></span> <span class='ocrx_word' id='word_1_676' title='bbox 2553 5648 2665 5699; x_wconf 78' lang='lat' dir='ltr'><strong>xvz,</strong></span> <span class='ocrx_word' id='word_1_677' title='bbox 2712 5634 2733 5687; x_wconf 85' lang='lat' dir='ltr'><strong>l</strong></span> <span class='ocrx_word' id='word_1_678' title='bbox 2809 5650 2961 5705; x_wconf 85' lang='lat' dir='ltr'><strong>seqq.</strong></span> 
     </span>
    </p>
   </div>
   <div class='ocr_carea' id='block_1_110' title="bbox 2192 5068 3768 5141">
    <p class='ocr_par' dir='ltr' id='par_1_110' title="bbox 2192 5068 3768 5141">
     <span class='ocr_line' id='line_1_110' title="bbox 2192 5068 3768 5141; baseline 0.003 -21"><span class='ocrx_word' id='word_1_679' title='bbox 2192 5069 2441 5140; x_wconf 85' lang='grc' dir='ltr'>τήρησιν.</span> <span class='ocrx_word' id='word_1_680' title='bbox 2480 5068 2639 5140; x_wconf 82' lang='grc' dir='ltr'>Ὁρᾷς</span> <span class='ocrx_word' id='word_1_681' title='bbox 2662 5069 2771 5139; x_wconf 77' lang='grc' dir='ltr'>γὰρ</span> <span class='ocrx_word' id='word_1_682' title='bbox 2803 5068 3038 5131; x_wconf 80' lang='grc' dir='ltr'>παλαιάς</span> <span class='ocrx_word' id='word_1_683' title='bbox 3060 5086 3119 5121; x_wconf 82' lang='grc' dir='ltr'><strong>τε</strong></span> <span class='ocrx_word' id='word_1_684' title='bbox 3159 5072 3249 5123; x_wconf 76' lang='grc' dir='ltr'><strong>καὶ</strong></span> <span class='ocrx_word' id='word_1_685' title='bbox 3273 5072 3470 5141; x_wconf 78' lang='grc' dir='ltr'>νεαρὰς</span> <span class='ocrx_word' id='word_1_686' title='bbox 3498 5071 3768 5137; x_wconf 76' lang='grc' dir='ltr'>διατάξεις</span> 
     </span>
    </p>
   </div>
   <div class='ocr_carea' id='block_1_111' title="bbox 2194 5159 3766 5236">
    <p class='ocr_par' dir='ltr' id='par_1_111' title="bbox 2194 5159 3766 5236">
     <span class='ocr_line' id='line_1_111' title="bbox 2194 5159 3766 5236; baseline 0.002 -22"><span class='ocrx_word' id='word_1_687' title='bbox 2194 5160 2459 5230; x_wconf 83' lang='grc' dir='ltr'>βασιλέων</span> <span class='ocrx_word' id='word_1_688' title='bbox 2497 5163 2722 5232; x_wconf 76' lang='grc' dir='ltr'>γηΐνων,</span> <span class='ocrx_word' id='word_1_689' title='bbox 2757 5159 2949 5231; x_wconf 78' lang='grc' dir='ltr'>πρώην</span> <span class='ocrx_word' id='word_1_690' title='bbox 2983 5161 3080 5230; x_wconf 75' lang='grc' dir='ltr'>μὲν</span> <span class='ocrx_word' id='word_1_691' title='bbox 3117 5162 3235 5215; x_wconf 81' lang='grc' dir='ltr'>τόδε</span> <span class='ocrx_word' id='word_1_692' title='bbox 3302 5164 3361 5216; x_wconf 84' lang='grc' dir='ltr'><strong>τὸ</strong></span> <span class='ocrx_word' id='word_1_693' title='bbox 3402 5167 3637 5236; x_wconf 79' lang='grc' dir='ltr'>πρᾶγμα</span> <span class='ocrx_word' id='word_1_694' title='bbox 3677 5166 3766 5217; x_wconf 85' lang='grc' dir='ltr'>θε-</span> 
     </span>
    </p>
   </div>
   <div class='ocr_carea' id='block_1_112' title="bbox 2195 5249 3767 5328">
    <p class='ocr_par' dir='ltr' id='par_1_112' title="bbox 2195 5249 3767 5328">
     <span class='ocr_line' id='line_1_112' title="bbox 2195 5249 3767 5328; baseline 0.004 -24"><span class='ocrx_word' id='word_1_695' title='bbox 2195 5252 2521 5319; x_wconf 84' lang='grc' dir='ltr'>σπισάντων,</span> <span class='ocrx_word' id='word_1_696' title='bbox 2563 5251 2659 5306; x_wconf 76' lang='grc' dir='ltr'><strong>νῦν</strong></span> <span class='ocrx_word' id='word_1_697' title='bbox 2685 5252 2740 5305; x_wconf 82' lang='grc' dir='ltr'><strong>δὲ</strong></span> <span class='ocrx_word' id='word_1_698' title='bbox 2767 5249 3140 5305; x_wconf 82' lang='grc' dir='ltr'>καταλυόντων</span> <span class='ocrx_word' id='word_1_699' title='bbox 3167 5253 3226 5305; x_wconf 88' lang='grc' dir='ltr'><strong>τὸ</strong></span> <span class='ocrx_word' id='word_1_700' title='bbox 3250 5254 3518 5324; x_wconf 77' lang='grc' dir='ltr'>προλαὸὸν</span> <span class='ocrx_word' id='word_1_701' title='bbox 3546 5256 3767 5328; x_wconf 84' lang='grc' dir='ltr'>νομοθέ-</span> 
     </span>
    </p>
   </div>
   <div class='ocr_carea' id='block_1_113' title="bbox 2189 5362 2358 5415">
    <p class='ocr_par' dir='ltr' id='par_1_113' title="bbox 2189 5362 2358 5415">
     <span class='ocr_line' id='line_1_113' title="bbox 2189 5362 2358 5415; baseline 0 -18"><span class='ocrx_word' id='word_1_702' title='bbox 2189 5362 2358 5415; x_wconf 87' lang='grc' dir='ltr'>τημα.</span> 
     </span>
    </p>
   </div>
   <div class='ocr_carea' id='block_1_114' title="bbox 3070 5636 3766 5699">
    <p class='ocr_par' dir='ltr' id='par_1_114' title="bbox 3070 5636 3766 5699">
     <span class='ocr_line' id='line_1_114' title="bbox 3070 5636 3766 5699; baseline 0.01 -9"><span class='ocrx_word' id='word_1_703' title='bbox 3070 5636 3117 5666; x_wconf 76' lang='grc'><strong>⁸⁷</strong></span> <span class='ocrx_word' id='word_1_704' title='bbox 3162 5638 3293 5693; x_wconf 86' lang='lat' dir='ltr'><strong>ibid.</strong></span> <span class='ocrx_word' id='word_1_705' title='bbox 3409 5639 3453 5672; x_wconf 80' lang='grc'>³⁸</span> <span class='ocrx_word' id='word_1_706' title='bbox 3482 5639 3612 5695; x_wconf 89' lang='lat' dir='ltr'><strong>ibid.</strong></span> <span class='ocrx_word' id='word_1_707' title='bbox 3681 5641 3766 5699; x_wconf 74' lang='grc' dir='ltr'><strong>Η.</strong></span> 
     </span>
    </p>
   </div>
  </div>
