4024 6218
283 324 382 392 131
787 412 795 419 θ

816 432 1010 504 PKQ".
1058 435 1139 501 Τῷ
1167 432 1346 500 αὐτῷ.

353 529 559 603 Νόμιξε
592 547 681 602 μοι
711 530 809 600 τὴν
830 529 924 582 τοῦ
946 528 1081 582 Θεοῦ
1110 527 1300 597 σοφίαν
1322 526 1530 598 μητέρα
1565 528 1686 581 τινὰ
1712 523 1873 595 εἶναι,

276 626 374 679 καὶ
385 623 480 677 νῦν
494 624 595 695 μὲν
620 621 699 693 τῷ
718 621 898 692 νηπίῳ
911 621 1000 675 τὸν
1014 620 1589 691 μαστδνὲπιδιδοῦσαν,
1621 623 1715 675 καὶ
1737 620 1875 691 βοῶ-

280 735 403 783 σαν,
425 716 627 777 Καλῖιν,
646 712 986 780 καλὸνξτοῦτό
1002 730 1087 782 γε,
1109 708 1210 765 εἷθ’
1227 711 1352 764 ῦστε
1361 728 1453 781 ρον
1473 712 1608 783 πρὸς
1624 712 1722 782 τὴν
1750 728 1873 765 στε-

285 810 422 882 ρεὰν
478 808 688 879 τροφὴν
748 806 843 859 τὸν
899 805 1067 858 παῖδα
1100 804 1448 868 ἐλαύνουσαν,
1486 804 1582 857 καὶ
1616 804 1745 874 χολῇ
1785 803 1874 857 τὸν

284 897 492 971 μαστὸν
534 899 944 969 περιχρίουσαν,
972 894 1066 950 καὶ
1102 895 1411 967 κράζουσαν
1438 896 1677 966 συνεχῶς
1704 936 1718 958 ,
1771 896 1876 948 Σα-

282 994 443 1066 πρὸν,
460 993 681 1064 σαπρὸν
702 990 859 1045 τοῦτὸ
882 1007 969 1059 γε.

831 1083 1004 1137 PKZ'.
1043 1082 1127 1147 Τῷ
1159 1079 1338 1148 αὐτῷ.

361 1179 556 1247 Λέγεις
609 1177 701 1229 τὸν
745 1175 947 1230 Μωσέα
1007 1175 1287 1245 εἰρηκέναι
1333 1175 1393 1227 ὲν
1444 1174 1871 1244 Δευτερονομίῳ,

287 1271 371 1324 ὅτι
402 1291 419 1321 ι
446 1270 742 1341 Προφήτην
768 1269 897 1339 ύμῖν
929 1269 1221 1337 ἀναστήσει
1268 1266 1473 1337 Κύριος
1496 1268 1525 1318 6
1551 1265 1683 1329 Θεὸς
1716 1264 1873 1334 ὑμῶν

281 1365 347 1415 ὲκ
379 1362 488 1415 τῶν
512 1360 763 1429 ἀδελφῶν
819 1359 973 1429 ὑμῶν
1021 1359 1095 1421 ὡς
1120 1358 1240 1427 ἐμέ.
1279 1377 1297 1409 ι
1351 1358 1649 1429 Προφήτην
1691 1351 1867 1421 εἶπεν,

282 1446 408 1524 οὐχὶ
436 1454 587 1506 Θεὸν.
624 1452 747 1515 Πῶς
778 1447 871 1504 οὖν
900 1451 1032 1503 Θεὸν
1060 1447 1198 1504 εἶναι
1248 1452 1340 1505 τὸν
1380 1451 1588 1522 Ἰησοῦν
1643 1450 1828 1519 λέγετε
1853 1468 1869 1516 ;
1899 1450 1902 1453 ⁷

298 1546 390 1607 Ὠς
453 1545 627 1615 νηπίῳ
680 1562 783 1607 σοι,
816 1536 865 1595 ὦ
896 1543 1140 1607 Ίουδαῖε,
1194 1543 1504 1610 συψελλίζει
1535 1545 1564 1597 ὁ
1590 1544 1871 1612 πάνσοφος

288 1636 550 1705 Momm-1;,
608 1635 761 1688 οὔπω
816 1624 1125 1706 τρανότατα
1174 1635 1389 1705 τολμῶν
1439 1651 1521 1688 σοι
1550 1633 1721 1699 δεῖξαι
1775 1633 1870 1688 τοῦ

291 1729 520 1799 Χριστοῦ
556 1735 655 1799 τὴν
689 1728 936 1797 θεότητα.
983 1727 1153 1781 Ὅταν
1191 1726 1371 1779 τοίνυν
1411 1726 1539 1799 δέξῃ
1578 1726 1741 1781 αὑτὸν
1792 1728 1867 1789 ὡς

290 1822 572 1892 προφήτην
608 1820 752 1874 κατὰ
781 1821 874 1872 τὸν
908 1820 1112 1887 Μωσέα
1135 1859 1149 1883 ,
1183 1819 1277 1872 καὶ
1313 1818 1558 1889 βασιλέα,
1597 1820 1701 1872 ’καὶ
1754 1837 1872 1874 ποι-

286 1913 424 1981 μένα
465 1907 670 1981 πραῢν,
719 1910 812 1963 καὶ
862 1908 1167 1981 ἁκτήμονα,
1194 1909 1317 1964 τότε
1366 1909 1529 1975 αὐτὸς
1562 1912 1590 1964 6
1615 1909 1871 1981 μέγιστος

283 2005 571 2077 προφήτης
596 2004 693 2057 καὶ
716 2003 970 2074 ἔγκριτος
1001 2002 1346 2073 ἀποκαλύψει
1389 2021 1471 2056 σοι
1521 2003 1684 2057 αὐτὸν
1739 2004 1873 2058 Θεὸν

282 2096 553 2167 ὑπάρχειν
597 2094 874 2167 ἀληθινὸν,
927 2094 1255 2165 ἁσωμάτως,
1305 2096 1399 2148 καὶ
1436 2095 1706 2167 ἀχρόνως,
1764 2097 1872 2167 πρὸ

284 2187 505 2241 πάντων
544 2183 652 2239 τῶν
687 2184 901 2238 αίώνων
942 2181 1280 2254 γεννηθέντα
1319 2184 1383 2236 ὲκ
1416 2183 1551 2237 Θεοῦ
1592 2183 1869 2255 ἀληθινοῦ.

287 2279 477 2349 Ἔχεις
503 2276 560 2331 δὲ
614 2273 1026 2347 μαρτυροῦντας
1065 2274 1392 2347 τῇςθεότητι
1438 2271 1533 2327 τοῦ
1599 2273 1867 2345 Χριστοῦ,

285 2373 387 2424 καὶ
419 2373 485 2441 τῇ
519 2368 1053 2449 οἰκονομία..πάντας
1084 2366 1211 2430 τοὺς
1245 2366 1524 2437 ἀοιδίμους
1558 2366 1865 2438 προφήτας,

285 2466 483 2528 οἵτινες
516 2463 780 2535 ἐξηγηταὶ
810 2461 905 2514 τοῦ
930 2461 1098 2532 νόμου
1126 2461 1507 2533 τυγχάνουσιν.

743 2554 930 2609 me.
960 2583 1031 2593 —
1056 2553 1141 2619 Τῷ
1190 2536 1403 2620 aeto.“

362 2649 473 2719 Οὐχ
498 2649 525 2702 6
548 2640 1128 2719 τυχὼνέπεκρεμάσθη
1156 2663 1237 2699 σοι
1265 2645 1509 2710 κίνδυνος
1526 2646 1583 2701 ὲν
1594 2644 1673 2717 τῷ
1688 2646 1875 2699 Δευτε-

290 2744 551 2814 ρονομίῳ,
596 2740 693 2794 ἐὰν
752 2740 828 2813 μὴ
853 2737 1152 2809 πιστεύσῃς
1191 2737 1272 2809 τῷ
1304 2736 1548 2811 Χριστῷ,
1578 2738 1675 2792 καὶ
1700 2754 1889 2808 προσι,

292 2834 556 2904 κυνήσης,
610 2831 707 2885 καὶ
753 2830 1073 2899 ὑπακούσῃς
1135 2829 1307 2900 αὐτῷ,
1360 2829 1459 2884 καὶ⁵
1500 2830 1779 2901 ὑποταγῇς
1813 2832 1871 2883 ὲν

290 2922 858 2993 παντὶκαθηκόντως.
889 2916 1035 2993 Φησὶ
1059 2916 1179 2991 γὰρ
1199 2922 1227 2973 6
1257 2918 1560 2990 νομοθέτης
1583 2936 1598 2949 ·
1632 2937 1651 2970 ι
1675 2921 1870 2972 Ἔσται

285 3017 367 3076 δὲ,
407 3016 561 3067 πᾶσα
586 3010 917 3085 ψυχὴ,ὴῆτις,
934 3011 1009 3083 μὴ
1027 3010 1252 3065 ἀκούσει
1281 3009 1376 3063 τοῦ
1409 3010 1692 3080 προφήτου
1729 3009 1871 3062 ὲκεί-

285 3126 406 3172 νου,
427 3103 943 3177 ἐξολοθρευθήσεται
970 3105 1034 3155 ἐκ
1059 3102 1151 3155 τοῦ
1176 3101 1325 3155 θείου
1351 3098 1505 3154 λαοῦ.

539 3197 714 3250 PKG’.
746 3226 816 3234 —-
845 3193 1256 3264 ΛΑΕΞᾹΝΔΡῼ
1286 3192 1593 3261 ΜΟΝΔΧῼ.
1664 3188 1673 3191 ”

366 3293 607 3343 ’Ἄτοπον
629 3289 760 3360 δρᾷν
793 3289 1027 3358 πρᾶγμα
1080 3286 1258 3349 δοκεῖς
1316 3302 1430 3355 μοι,
1466 3286 1523 3337 ὲν
1548 3283 1626 3356 τῷ
1666 3281 1871 3354 μεταξὺ

284 3384 505 3456 ὕϐρεων
531 3381 629 3434 καὶ
682 3379 853 3450 θυμοῦ
910 3377 1350 3447 καταναγκάζειν
1396 3377 1765 3447 καρποφορεῖν
1793 3373 1875 3428 σοί

286 3493 467 3539 τινας.
519 3472 693 3528 Τοῦτο
720 3473 764 3526 δ’
795 3473 896 3526 οὐκ
938 3472 1004 3525 ἂν
1033 3470 1256 3543 λεχθείη
1320 3468 1709 3539 καρποφορία,
1741 3465 1877 3520 ἀλλὰ

289 3571 404 3639 βία,
438 3568 532 3622 καὶ
554 3566 869 3638 αἰσχρότης,
898 3564 993 3619 καὶ
1023 3562 1251 3633 ἀκαιρία
1284 3560 1511 3632 ἐσχάτη,
1550 3561 1641 3614 καὶ
1668 3558 1876 3637 τραχύο
1920 3596 1927 3602 .

286 3661 451 3731 τερόν
475 3676 529 3711 τι
552 3658 663 3710 τῶν
686 3656 963 3727 δημοσίων
983 3653 1395 3725 ἐπιταγμάτων,
1427 3652 1521 3704 καὶ
1561 3649 1878 3723 βαρυτάτων

291 3751 716 3820 ἁπαιτημὰτων.
752 3748 926 3801 ,Ἀλλὰ
958 3746 1185 3811 παῦσαι,
1214 3744 1539 3816 παρακαλῶ,
1574 3746 1673 3815 τῆς
1706 3744 1880 3814 ἀπρε-

296 3845 465 3903 πείας
489 3842 706 3910 ταύτης,
743 3838 1013 3911 μᾶλλονδὲ
1041 3837 1302 3908 σχόλασον
1353 3839 1470 3900 ταῖς
1525 3836 1875 3906 προσευχαῖς,

301 3938 405 3991 καὶ
429 3939 493 4007 τῇ
522 3922 681 4004 πολλῇ
715 3932 858 3987 κατὰ
882 3931 1063 4002 ψυχὴν
1090 3931 1317 4003 ἡσυχία,
1346 3929 1443 3981 καὶ
1475 3929 1503 3982 ὁ
1529 3927 1662 3990 Θεὸς
1689 3926 1879 3993 διεγεί-

298 4029 529 4101 ρειτοὺς
552 4026 731 4091 ἀξίους
766 4024 928 4087 ὄντας
956 4022 1058 4092 τῆς
1082 4019 1491 4087 καλοκαγαθίας
1546 4015 1877 4087 προσφέρειν

294 4141 382 4177 σοι
407 4120 757 4192 μεθ’νὶκεσίας
787 4118 969 4170 πᾶσαν
998 4114 1206 4186 χρείαν.
1237 4114 1300 4166 Οἱ
1334 4113 1434 4183 μὲν
1459 4111 1567 4180 γὰρ
1593 4108 1732 4173 ἄξιοι
1758 4126 1880 4177 τυγο

290 4217 552 4284 χάνουσιν
583 4209 675 4263 τοῦ
725 4210 1094 4279 καρποφορεῖν
1134 4207 1409 4275 μοναχοῖς,
1433 4204 1481 4255 οἱ
1518 4198 1573 4255 δὲ
1603 4199 1879 4266 παντελῶς

290 4306 525 4371 ἀνάξιοι,
555 4305 650 4358 καὶ
694 4303 912 4374 μακρὰν
942 4302 1039 4370 τῆς
1078 4298 1275 4371 βουλῆς
1308 4298 1403 4351 τοῦ
1431 4296 1657 4366 Κυρίου.

527 4487 648 4542 ex.
680 4518 748 4527 —
773 4485 1101 4555 ΚΛΕΑΡΧῼ
1125 4481 1594 4551 ΝΟΥΜΕΡΑΡΙῼ.

376 4581 525 4649 Ἐγὼ
548 4581 647 4633 οὐκ
679 4579 746 4633 ἂν
771 4579 932 4632 λοιδω
944 4562 1173 4647 ρήσαιμι
1204 4562 1301 4630 τὸν
1338 4574 1505 4627 λύκον
1534 4574 1873 4643 ἁρπάζοντα,

278 4676 437 4731 κατᾶ
495 4673 657 4743 φύσιν
704 4674 815 4742 γὰρ
856 4668 1154 4738 ἔνεστιντῷ
1212 4666 1362 4737 λύκῳ
1404 4666 1464 4720 τὸ
1515 4664 1874 4736 ἁρπακτικὸν,

278 4769 534 4822 σκὼπτω
552 4767 599 4820 δ’
623 4766 909 4836 ἄνθρωπον
937 4759 1274 4832 κεκτημένον
1299 4757 1512 4830 λυκώδη
1537 4757 1686 4829 παρὰ
1717 4757 1785 4827 qvi
1796 4774 1878 4809 σιν

277 4866 391 4933 τὴν
428 4859 669 4929 γνώμην.

758 4948 931 5003 PAA'.
966 4976 1035 4987 —
1057 4944 1483 5015 ΑΥΡΗΛΙΑΝῼ.

312 5112 321 5117 Α
354 5044 466 5097 Διὰ
492 5045 585 5098 τοῦ
629 5042 893 5116 Ἰερεμίου
916 5043 943 5094 6
967 5040 1171 5111 Κύριος
1195 5037 1203 5043 ’
1226 5039 1449 5109 εἴρηκεν
1476 5030 1492 5067 ί
1539 5056 1557 5088 ι
1592 5035 1878 5107 Ἐπιστρά-

270 5152 433 5207 gnte
460 5136 593 5206 7:96;
628 5152 723 5205 με,
758 5133 851 5186 καὶ
882 5132 943 5185 οὐ
979 5129 1179 5201 μηνκιῶη
1207 5129 1333 5199 ὑμῖν
1375 5126 1455 5191 εἰς
1493 5127 1584 5181 τὸν
1629 5125 1822 5180 αἰῶνα.
1856 5145 1873 5176 ι

272 5227 461 5292 ’Ᾱξια
491 5227 587 5296 μὲν
611 5226 712 5293 τῆς
734 5223 953 5279 αἰωνίου
987 5220 1157 5292 ὀργῆς
1188 5217 1519 5291 εἰργάσασθε
1552 5220 1876 5289 πράγματα,

268 5319 408 5376 ἀλλ’
465 5312 653 5387 ἐπειδὴ
699 5316 809 5377 ἐγὼ
863 5312 1111 5384 ἐλεήμων
1167 5311 1419 5383 ὑπάρχω,
1452 5311 1511 5366 οῦ
1539 5312 1603 5381 τῇ
1638 5311 1880 5383 ὑμετέρᾳ

269 5413 468 5481 κακίᾳ
501 5409 687 5481 μετρῶ
717 5408 817 5477 τὴν
848 5404 1281 5477 φιλανθρωπίαν,
1316 5402 1453 5457 ἀλλὰ
1482 5406 1549 5473 τῇ
1581 5404 1684 5474 ἐμῇ
1712 5402 1879 5473 πολλῇ
1917 5435 1921 5438 ~

266 5505 613 5575 ἀγαθότητι.
650 5500 800 5571 Πλὴν
828 5500 878 5552 εἰ
912 5498 1077 5566 (ἐγὼ,
1139 5498 1326 5568 φησὶν,
1369 5496 1592 5566 ἀγαθὸς,
1626 5497 1721 5549 καὶ
1762 5495 1880 5565 φιλ-

266 5592 770 5668 ἁνῦρωπος,ὰλλὰ
812 5607 872 5647 σι-
926 5591 1000 5661 μὴ
1048 5589 1408 5643 ἐτι.>.ανθάνου
1460 5581 1534 5657 ὧν
1565 5587 1754 5649 κακῶς
1801 5587 1879 5639 δι-

1516 322 2057 413 ΕΡῘΞΤΟΙΛΒΗΜ,
2084 331 2232 391 LIB.
2274 333 2324 393 1.

1902 449 1948 503 Δ

2480 437 2717 492 CXXVI.
2746 470 2814 479 —-
2847 438 3052 496 Eidem.

2049 532 2434 605 Apprehendc,
2463 546 2671 602 quarso,
2703 535 2891 588 animo
2922 543 3018 589 luo
3039 579 3053 601 ,
3100 533 3194 591 Dei
3234 536 3564 607 sapientiam

1978 631 2210 677 matrem
2266 622 2562 693 quamdam
2618 638 2777 687 esse,
2828 639 2978 679 nunc
3035 618 3256 695 qnidem
3291 628 3566 684 infantqu

1979 732 2247 777 mammas
2280 717 2683 788 porrigentem,
2714 717 3154 788 clamantemque
3190 734 3204 771 :
3243 719 3449 776 Bonum
3481 731 3566 776 est

1978 810 2110 876 hoc,
2149 810 2353 864 bonum
2386 826 2399 875 ;
2432 816 2618 879 postea
2662 809 2729 863 ad
2781 808 3096 863 solidiorem
3149 810 3329 864 cibum
3390 811 3563 865 ﬁlium

1978 901 2373 961 concitantem,
2407 907 2461 953 ct
2488 899 2614 955 felle
2634 913 2901 954 mammas
2924 899 3304 968 inungentem,
3330 901 3563 968 smpins-

1979 1008 2084 1060 quc
2118 991 2510 1046 inclamantem
2549 1008 2562 1042 :
2596 989 2889 1044 Pnlridum
2918 998 3003 1044 est
3028 990 3133 1044 hoc
3155 1027 3169 1053 ,
3200 990 3504 1059 putridum.
3604 1056 3605 1059 η

2472 1081 2735 1137 CXXVII.
2766 1112 2834 1122 —
2856 1082 3063 1136 Eidem.
3511 1109 3520 1119 ο
3550 1144 3551 1147 η
3604 1081 3613 1145 ἶ

2050 1177 2305 1232 lncnlcas
2366 1176 2606 1246 Moysem
2660 1176 2715 1229 in
2784 1174 3214 1231 Denlcronomio
3268 1174 3512 1230 dictasse
3548 1217 3562 1229 .

1982 1285 1999 1315 ι
2038 1264 2370 1336 Prophetam
2406 1267 2563 1323 vobis
2601 1266 2895 1322 suscitabit
2924 1266 3189 1320 Dominus
3214 1264 3359 1320 Deus
3384 1273 3568 1321 vester

1975 1373 2037 1413 ex
2070 1356 2335 1414 fratribus
2370 1360 2605 1422 \‘estris,
2641 1368 2702 1413 ut
2750 1373 2836 1413 me
2866 1358 2933 1413 ⁵ο.
2976 1378 2995 1411 ι
3028 1358 3350 1428 Prop/telam
3397 1360 3563 1424 dixit.

1977 1464 2085 1503 non
2142 1450 2337 1505 Deum.
2398 1452 2688 1518 Quomodo
2748 1452 2933 1521 itaque
2982 1450 3149 1506 Deum
3203 1468 3328 1509 esse
3377 1452 3565 1508 losum

1975 1540 2201 1595 dicitis?
2234 1540 2519 1612 Tanquam
2566 1543 2842 1597 infautulo
2872 1544 2968 1597 tibi
3000 1584 3014 1608 ,
3077 1544 3149 1597 mi
3186 1544 3411 1609 Judmc,
3457 1562 3564 1601 una

1977 1632 2210 1688 balbutit
2257 1635 2707 1704 sapientissimus
2753 1624 3006 1706 Moyses,
3060 1650 3168 1689 non
3215 1637 3427 1693 audens
3460 1639 3559 1693 tibi
3597 1617 3603 1622 ’

1976 1724 2141 1779 nimis
2171 1735 2359 1796 aperte
2390 1726 2737 1781 divinitatem
2778 1726 2985 1781 Christi
3018 1727 3301 1783 exhibere.
3324 1728 3561 1795 Quando

1976 1814 2145 1883 igitur
2170 1831 2295 1869 cum
2319 1853 2333 1879 ,
2373 1825 2430 1870 ut
2479 1816 2694 1888 Moyses
2728 1816 2847 1870 iniit
2875 1859 2889 1883 ,
2924 1824 3187 1887 tanquam
3238 1820 3561 1888 prophetam

1975 1906 2215 1976 cxcipies
2241 1948 2254 1972 ,
2293 1914 2349 1962 et
2389 1923 2571 1978 regem
2595 1949 2609 1971 ,
2644 1915 2698 1962 et
2727 1917 3002 1977 pastorem
3033 1908 3243 1975 mitem,
3271 1917 3324 1963 et
3355 1925 3564 1979 paupe-

1977 2012 2088 2051 rem
2112 2040 2126 2064 ,
2169 2009 2301 2053 tunc
2340 2000 2458 2069 ipse
2488 2000 2880 2070 prophetarum
2918 2002 3193 2054 maximus
3226 2009 3281 2055 et
3311 2003 3568 2073 princeps

1977 2088 2242 2143 revelabit
2270 2088 2369 2143 tibi
2416 2103 2477 2144 se
2513 2089 2680 2143 Deum
2725 2104 2848 2145 esse
2874 2104 3105 2155 verum,
3142 2090 3264 2147 sine
3292 2107 3524 2163 corpore
3549 2134 3565 2159 ,

1978 2190 2030 2235 et
2085 2191 2215 2235 ante
2245 2181 2431 2236 omnia
2464 2182 2668 2236 saecula
2708 2196 2776 2236 ex
2823 2180 2934 2235 Deo
2964 2197 3093 2239 vero
3123 2183 3392 2252 genitum.
3435 2185 3570 2240 Om-

1975 2288 2077 2328 nes
2104 2288 2235 2329 vero
2270 2272 2617 2329 celeberrimi
2649 2275 2929 2344 propheta:
2951 2317 2966 2341 ,
2999 2274 3094 2345 qui
3132 2274 3269 2346 legis
3298 2276 3564 2348 interpre-

1975 2371 2059 2421 tes
2094 2364 2200 2435 55
2251 2374 2419 2430 sunt,
2474 2366 2753 2422 divinitati
2810 2366 3055 2434 Christi,
3108 2376 3162 2423 et
3216 2368 3568 2439 dispositioni

1977 2457 2140 2514 ﬁdem
2174 2475 2332 2516 suam
2379 2460 2665 2517 exhibent.

2482 2552 2762 2609 CXXVIII.
2786 2584 2855 2594 —
2884 2552 3093 2608 Eidem.

2044 2645 2162 2701 Non
2197 2648 2665 2704 contemnendum
2696 2648 2796 2702 tibi
2838 2647 3149 2718 perieulum
3186 2644 3467 2717 impendet
3511 2645 3568 2699 in

1978 2738 2444 2805 Dcutcronomio,
2511 2741 2557 2797 si
2612 2739 2839 2797 Christo
2870 2720 3050 2795 'ﬁdem
3109 2753 3221 2793 non
3269 2738 3568 2801 habueris,

1976 2829 2162 2899 illique
2193 2832 2402 2886 cultum
2429 2875 2443 2898 ,
2481 2831 2855 2888 obedientiam
2884 2871 2899 2897 ,
2931 2840 2986 2887 et
3019 2828 3420 2900 subiectionem
3454 2844 3566 2885 non

1974 2921 2224 2988 deferas,
2278 2924 2356 2979 uti
2402 2924 2706 2992 convenit,
2741 2925 2794 2979 in
2836 2923 3120 2980 omnibus.
3151 2922 3459 2994 Legislator
3489 2923 3569 2977 si-

1973 3015 2192 3083 quidem
2216 3013 2653 3072 aitzc'Universa
2711 3016 2930 3081 anima,
2986 3031 3107 3085 qum
3139 3031 3249 3070 non
3298 3015 3571 3071 obedierit

1899 3148 1941 3205 ϐ
1975 3107 2256 3176 prophetae
2287 3106 2406 3171 illi,
2430 3106 2900 3161 exterminabitur
2925 3123 2956 3162 e
2981 3105 3170 3160 divino
3205 3108 3411 3176 populo
3440 3107 3510 3162 “.
3543 3124 3562 3157 ι

2189 3197 2427 3254 CXXIX.
2453 3229 2523 3239 -—
2552 3196 2984 3253 ALEXANDRO
3017 3197 3379 3255 MONACllO.

2046 3287 2352 3344 Absurdam
2378 3304 2491 3344 rem
2520 3290 2839 3360 agere‘mihi
2873 3289 3109 3355 videris,
3142 3288 3271 3344 dum
3302 3289 3444 3344 inter
3484 3290 3571 3343 in-

1972 3380 2152 3461 jurias
2171 3388 2225 3435 et
2251 3381 2457 3436 rabiem
2484 3381 2779 3437 nonnullos
2802 3381 2901 3437 tibi
2929 3381 3168 3436 fructum
3188 3379 3383 3438 aiTerre
3399 3382 3569 3454 cogis.

1978 3472 2104 3526 Hmc
2138 3488 2247 3526 non
2284 3473 2508 3529 dicetur
2551 3471 2836 3528 fructuum
2869 3472 3160 3544 perceptio
3185 3516 3199 3539 ,
3249 3471 3344 3530 sed
3378 3473 3485 3538 vis,
3517 3481 3573 3527 et

1979 3565 2223 3621 dedecus
2245 3605 2260 3629 ,
2307 3572 2361 3621 et
2392 3573 2640 3622 extrema
2673 3565 3103 3637 importunitas,
3139 3575 3192 3621 et
3225 3565 3570 3636 publicarum

1978 3646 2393 3730 impositionum
2426 3668 2480 3716 et
2510 3660 2969 3731 gravissimarum
3012 3660 3368 3716 exactionnm
3416 3674 3571 3715 acer-

1978 3752 2101 3807 bior
2130 3751 2440 3822 depressio.
2473 3752 2578 3808 Sed
2600 3767 2780 3819 cessa,
2804 3753 3059 3817 obsecro,
3095 3753 3163 3806 ab
3184 3752 3283 3807 hac
3310 3751 3569 3807 indecen-

1981 3842 2092 3906 tiu;
2147 3842 2399 3910 quinimo
2436 3842 2735 3910 precibus,
2769 3850 2823 3897 et
2866 3843 3054 3896 multa:
3098 3842 3402 3897 secundum
3452 3843 3575 3895 ani-

1983 3949 2125 3987 mam
2158 3934 2331 4003 quieti
2365 3948 2589 4003 operam
2624 3948 2766 3987 nava
2819 3974 2833 3988 .
2881 3941 2938 3988 et
2985 3932 3129 3989 Deus
3174 3934 3442 4003 excitabit
3480 3949 3575 3989 eos

1984 4024 2075 4097 qui
2128 4024 2280 4095 digni
2344 4032 2516 4091 sunt,
2568 4038 2784 4079 murum
2845 4023 3161 4095 probitate,
3214 4040 3338 4079 cum
3389 4024 3577 4081 libello

1982 4098 2215 4188 supplici
2245 4156 2260 4179 ,
2314 4114 2585 4187 quidquid
2618 4115 2720 4172 tibi
2767 4129 2907 4185 Opus
2940 4115 3140 4182 fuerit,
3173 4117 3392 4173 oﬂ'errc.
3441 4117 3577 4185 Qui-

1984 4209 2110 4265 dam
2142 4210 2287 4265 cnim
2322 4208 2473 4281 digni
2521 4218 2685 4274 sunt,
2720 4210 2813 4281 qui
2848 4210 3139 4265 monachis
3181 4212 3420 4267 fructum
3454 4210 3578 4266 red-

1984 4305 2149 4367 dant,
2178 4303 2409 4373 quidam
2461 4318 2592 4358 vero
2619 4303 2848 4358 omnino
2877 4303 3086 4374 indigni
3115 4348 3128 4370 ,
3161 4313 3217 4359 ct
3250 4320 3279 4358 a
3313 4315 3447 4359 nutu
3484 4304 3574 4359 Dei

1984 4396 2230 4451 maxime
2264 4395 2561 4453 distantes.
2686 4465 2719 4473 ,ν

2179 4487 2391 4542 CXXX.
2422 4520 2489 4529 —
2521 4482 2894 4543 CLEARCIIO
2935 4485 3368 4543 NUMEIlARiO.

2016 4585 2033 4599 '
2056 4580 2177 4649 Ipse
2207 4580 2429 4650 quidem
2463 4596 2747 4651 nunquam
2783 4581 3006 4651 lupum,
3053 4581 3098 4635 si
3128 4580 3398 4649 subripit,
3445 4595 3576 4634 con-

1986 4672 2135 4726 vitiis
2164 4672 2437 4740 onerabo;
2466 4687 2661 4742 rapere
2693 4672 2899 4727 etenim
2933 4672 3065 4741 lupo
3100 4679 3299 4726 natura
3345 4671 3573 4725 insitum

1987 4762 2095 4841 56
2127 4772 2246 4832 est;
2286 4764 2378 4819 sed
2415 4764 2696 4819 hominem
2719 4804 2734 4830 ,
2761 4765 2855 4834 qui
2891 4765 3137 4835 lupinam
3177 4770 3413 4818 mentem
3443 4778 3576 4834 pra:-

1988 4865 2068 4919 ter
2102 4858 2186 4911 sui
2222 4865 2478 4911 naturam
2523 4856 2810 4926 possidet,
2846 4842 3214 4926 reprehendo.

2319 4948 2557 5005 CXXXI.
2590 4978 2654 4991 --·
2692 4945 3111 5003 AURELIANO.

2060 5039 2167 5094 Per
2201 5039 2495 5095 Jcremiam
2547 5037 2813 5093 Dominus
2861 5038 3043 5092 dixit:
3100 5054 3117 5087 ι
3170 5037 3572 5109 Couvcrlimini

1988 5132 2053 5185 ad
2088 5146 2194 5194 me,
2230 5137 2283 5185 et
2316 5145 2426 5184 non
2454 5131 2665 5185 irascar
2690 5130 2847 5183 vobis
2881 5130 2933 5182 in
2964 5128 3227 5183 sa‘cuium
3252 5129 3319 5181 “.
3356 5148 3374 5180 ι
3404 5126 3573 5198 Digna

1989 5237 2122 5277 sane
2153 5221 2492 5290 sempiterno
2537 5220 2725 5274 furore
2753 5220 2998 5273 facinora
3039 5221 3435 5289 perpetrastis,
3479 5220 3574 5274 scd

1989 5325 2113 5365 eum
2149 5311 2265 5379 ipse
2294 5311 2611 5364 misericors
2642 5309 2782 5374 sim,
2828 5325 3003 5363 meam
3038 5309 3436 5369 humanitatem
3465 5326 3573 5367 non

1990 5417 2113 5456 cum
2190 5409 2375 5456 vestra
2431 5400 2819 5470 improbitate,
2878 5398 2972 5455 sed
3031 5413 3156 5453 cum
3197 5414 3314 5453 mea
3368 5392 3613 5468 ingenti'

1992 5493 2238 5549 bonitate
2282 5493 2557 5548 dimetior.
2591 5491 2986 5548 Verumtamen
3020 5490 3093 5545 ait
3118 5507 3141 5542 ε·
3164 5488 3277 5545 Etsi
3324 5490 3443 5561 ipse
3477 5490 3579 5544 bo-

1996 5601 2101 5639 nus
2143 5591 2194 5641 et
2219 5585 2497 5640 humanus
2525 5599 2646 5641 sum
2674 5626 2688 5652 ,
2724 5591 2783 5638 tu
2832 5591 3020 5640 tamen
3065 5598 3187 5643 eum
3219 5596 3385 5664 prave
3423 5581 3577 5654 cogi-

344 5774 401 5809 ιε
434 5768 591 5825 Deut.
628 5781 791 5832 xvul;
830 5764 918 5818 15.
996 5730 1039 5794 ⁴ί
1078 5763 1233 5816 Dent.
1279 5778 1436 5828 xvnl,
1472 5732 1559 5816 lii.
1639 5760 1683 5792 “
1711 5758 1911 5814 Jercm.
1955 5774 2035 5823 tu,
2073 5758 2156 5812 l2.

553 5861 828 5919 Parnm.
864 5857 979 5917 CR.
1013 5854 1275 5914 LXXIX.

3222 5848 3256 5910 ii
