3970 6220
430 322 533 391 I39
1951 317 2008 377 S.

2127 316 2214 379 iLI
3586 311 3682 376 140

429 436 557 495 tasti
585 476 602 502 ,
633 441 727 488 aut
760 429 1023 504 peregisti
1046 467 1063 495 ,
1094 443 1163 483 ne
1190 426 1560 483 obliviscaris.
1597 424 1845 498 Namque
1872 428 2003 483 illud

2127 428 2342 500 ῑνοήθης
2368 446 2426 483 τε
2456 429 2549 482 καὶ
2592 426 2837 499 ἔπραξας
2867 443 2879 456 '
2911 426 3079 496 γνῶθι
3106 425 3217 498 γὰρ
3243 426 3324 479 ὅτι
3376 426 3454 488 είς
3484 426 3688 499 Κῠριον

429 530 650 592 habeto,
678 534 732 580 te
759 525 814 578 in
844 521 1136 577 Dominum
1167 519 1336 575 Deum
1364 531 1523 574 tuum
1552 519 1779 591 impium
1812 520 2005 587 fuisse,

2127 519 2209 572 τὸν
2255 516 2390 570 Θεόν
2442 534 2535 569 σου
2591 517 2887 586 ἠσέϐησας,
2939 517 3032 569 καὶ
3085 517 3306 587 δεήθητι
3352 516 3563 570 πενθῶν
3604 516 3691 573 διὰ

429 635 589 693 quem
608 633 733 673 cum
757 615 1016 685 lacrymis
1036 621 1153 669 toto
1176 611 1301 667 vitae
1323 624 1430 665 tuae
1450 613 1730 668 curriculo
1745 628 1915 669 exora
1939 612 2007 665 "'.

2127 610 2320 675 παντὸς
2354 610 2447 662 τοῦ
2483 608 2624 679 βίου,

801 705 1065 762 CXXXII.
1095 733 1165 745 —-
1198 702 1333 758 GEN
1343 702 1427 756 ET
1437 702 1615 758 IILIO.

500 818 522 854 ι
562 792 629 855 In
658 812 838 853 ,camo
887 805 940 852 et
972 796 1128 851 freno
1167 795 1420 851 maxillas
1457 810 1647 850 eorum
1675 782 1703 858 ,’
1744 790 2008 864 quemad-

2170 784 2211 847 ι
2245 794 2336 849 Ἐν
2364 793 2527 865 κημῷ
2548 793 2866 865 καιχαλινῷ
2887 794 2990 858 τὰς
3020 794 3277 865 σιαγόνας
3298 786 3480 847 αὐτῶν
3507 794 3695 863 ἄγξεις

436 890 656 947 modum
680 890 994 952 brutorum,
1022 885 1183 947 Deus.
1208 884 1556 954 constringes
1574 923 1590 949 ,
1618 884 1710 953 qui
1730 882 1828 937 tibi
1861 890 2008 951 terga

2127 886 2375 958 καθάπερ
2398 887 2635 955 κτηνῶν,
2663 889 2692 940 ὁ
2721 887 2874 950 Θεὸς,
2908 886 3017 955 τῶν
3053 885 3334 955 άποφευγό
3347 903 3476 939 mw
3514 904 3597 952 σε,
3622 907 3637 940 ι
3665 889 3699 941 ό

428 990 686 1047 vertunt,
732 999 751 1032 ι
814 978 980 1033 David
1039 978 1251 1034 cithara
1294 976 1596 1031 concinens
1649 974 1922 1030 clamabat
1944 971 2008 1026 ⁸⁸³.

2127 978 2285 1033 Δαυῖδ
2307 978 2607 1050 κιθαρίζων
2638 976 2787 1031 ἐϐόα.
2820 978 3033 1049 Ὠσπερ
3057 976 3169 1047 γὰρ
3201 978 3362 1048 ἡμεῖς
3394 978 3565 1043 ἵππον
3593 980 3691 1031 καὶ

425 1069 897 1139 Quemadmodum
938 1069 1082 1124 enim
1133 1083 1336 1138 equum
1390 1052 1523 1125 licet
1574 1067 1805 1120 invitum
1860 1063 2008 1119 freno

2127 1072 2319 1125 ixovrat
2347 1068 2549 1140 χαλινῷ
2579 1052 2919 1138 δαμάςομεν,
2941 1068 3000 1121 οὐ
3032 1067 3339 1137 μισοῦντες,
3388 1068 3504 1122 ἀλλ’
3532 1069 3697 1123 εὐτα-

425 1165 716 1220 domamus
741 1202 755 1226 ,
786 1177 893 1215 non
922 1159 1049 1217 odio
1071 1199 1087 1225 ,
1122 1159 1217 1215 sed
1247 1166 1307 1213 ut
1333 1158 1409 1212 illi
1440 1172 1665 1212 cursum
1693 1156 1829 1210 bene
1866 1153 2016 1230 ordi-

425 1262 616 1310 natum
648 1254 1108 1314 constituamus,
1166 1257 1222 1304 ct
1275 1248 1649 1305 inordinatum
1704 1246 1881 1315 ipsius
1903 1260 2015 1299 mo-

2119 1177 2248 1215 κτον
2274 1160 2425 1230 αὐτῷ
2448 1160 2541 1213 τὸν
2571 1160 2768 1232 δρόμον
2791 1159 3188 1225 καθιστῶντες,
3221 1160 3319 1213 καὶ
3358 1160 3421 1214 τὸ
3459 1161 3699 1215 ἄτακτον

2120 1250 2286 1306 αὐτοῦ
2309 1252 2379 1322 τῇ
2411 1250 2563 1317 τάξει
2587 1249 3053 1320 περιστέλλοντες,
3081 1250 3191 1320 ζκαὶ
3212 1250 3273 1303 τὸ
3295 1250 3536 1322 ἄκοσμον
3598 1253 3704 1305 αὐο

426 1352 541 1397 tum
589 1340 784 1394 ordine
846 1350 1298 1408 compescamus,
1370 1344 1425 1391 et
1482 1335 1798 1390 indecorum
1854 1341 2008 1403 atque

2127 1339 2233 1405 τοῦ,
2265 1341 2358 1394 καὶ
2377 1338 2697 1393 ἀπαίδευτον
2716 1339 2855 1409 πήδη
2864 1357 2958 1410 μα,
2978 1342 3056 1405 είς
3074 1338 3333 1394 εὔτακτον
3351 1340 3468 1395 ὁδὸν
3490 1358 3626 1411 μετα
3633 1344 3697 1413 ῤ-

428 1437 671 1503 ineptum
726 1431 927 1497 saltum
976 1430 1031 1483 in
1068 1428 1398 1483 concinnum
1440 1427 1544 1482 iter
1572 1423 2016 1480 transferamus:

428 1523 504 1579 ita
541 1522 683 1579 Deus
732 1521 780 1577 si
833 1520 1031 1575 viderit
1083 1519 1322 1573 animam
1357 1519 1489 1588 pulli
1531 1518 1705 1572 instar
1732 1530 1793 1571 se
1823 1530 2018 1587 geren-

427 1625 535 1671 tem
559 1656 575 1681 ,
609 1614 984 1670 calcitrantem
1007 1652 1023 1679 ,
1057 1611 1159 1665 hac
1187 1618 1241 1664 et
1284 1610 1410 1664 illac
1441 1615 1811 1680 pererrantem
1836 1607 1904 1662 ad
1935 1606 2023 1661 de-

427 1706 646 1761 centius
669 1719 789 1759 eam
811 1744 828 1771 ,
862 1704 1026 1758 etiam
1060 1701 1106 1756 si
1135 1700 1292 1762 nolit,
1354 1699 1615 1755 traducit.

801 1788 1090 1852 CXXXIII.
1134 1823 1194 1837 -
1223 1791 1645 1847 THEODOSIO.

497 1888 805 1956 Plerosque
836 1886 956 1955 ipse
988 1886 1116 1941 novi
1136 1887 1382 1956 egregiis
1427 1885 1776 1943 facinoribus
1825 1884 2023 1940 nobili-

2123 1432 2499 1504 ῥυθμίξσντες,
2523 1431 2696 1494 οὓτως
2729 1434 2757 1485 ὁ
2784 1431 2916 1493 Θεδς
2944 1431 3039 1485 ἐὰν
3096 1432 3178 1504 ἴδῃ
3233 1431 3410 1504 ψυχὴν
3460 1433 3700 1486 πωλευο-

2123 1523 2291 1596 μένην
2316 1519 2419 1579 ὦδε
2444 1525 2692 1590 κάκεῖσε,
2726 1522 2851 1592 ἄγει
2875 1522 3045 1595 αὐτὴν
3072 1524 3209 1595 πρὸς
3242 1525 3304 1579 τὸ
3328 1525 3697 1596 εὐπρεπέστε-

2126 1632 2239 1679 οον,
2262 1615 2359 1669 καὶ
2386 1614 2461 1686 μὴ
2490 1614 2774 1669 θέλουσαν.

2571 1792 3170 1864 rara—930110219.

2192 1887 2433 1951 Πολλοὺς
2493 1884 2669 1955 ἔγωγε
2716 1880 2833 1939 οἶδα
2876 1884 2949 1955 μὴ
2999 1885 3326 1955 δυνηθέντας
3392 1885 3702 1958 γνωσθῆναι

426 1979 530 2034 tari
551 1993 658 2032 non
678 1976 947 2047 potuisse,
965 1976 1058 2030 sed
1074 1976 1364 2045 iniquitate
1385 1976 1593 2046 potius.
1611 1987 1664 2030 et
1680 1962 1787 2047 57
1806 1989 2008 2031 summa

2127 1976 2208 2047 διά
2275 1974 2718 2047 κατορθωμάτων
2745 2016 2760 2040 ,
2830 1973 2920 2027 διὰ
2966 1973 3301 2046 φαυλότητος
3353 1972 3554 2042 μᾶλλον
3604 1976 3703 2031 καὶ

426 2066 777 2138 improbitate
799 2066 1033 2132 ,seipsos
1050 2063 1293 2119 celebres
1316 2078 1381 2118 ac
1401 2064 1722 2120 tremendos
1754 2064 2008 2121 edidisse.

2127 2069 2299 2141 ἄκρας
2329 2067 2601 2139 πονηρίας
2635 2066 2940 2136 ἐπισήμους
2958 2063 3268 2137 δειχθέντας
3291 2066 3385 2121 καὶ
3410 2067 3701 2139 φοϐερούς.

570 2154 870 2224 CXXXIV.
900 2184 969 2194 —
994 2153 1365 2221 SERAPIONI
1404 2154 1887 2211 PRESBYTERO.

2317 2159 2487 2212 PAA'.
2507 2188 2576 2198 —
2602 2155 2971 2211 ΣΕΡΛΠΙΩΝΙ
3010 2157 3481 2230 ΠΡΕΣΒΥΤΕΡῼ.

405 2325 408 2328 ἢ
499 2248 655 2306 ιυῢί
704 2258 793 2305 est
854 2248 1152 2303 thesaurus
1206 2254 1374 2312 tuus,
1408 2246 1624 2317 inquit,
1654 2247 1729 2304 ibi
1748 2257 1830 2303 est
1849 2257 1903 2304 et
1925 2261 2008 2307 cal

2198 2270 2217 2304 ι
2253 2250 2433 2306 Ὅπου
2463 2250 2615 2304 ἐστὶν
2644 2252 2672 2303 ό
2703 2249 2976 2321 θησαυρός
3020 2266 3137 2315 σου,
3176 2249 3363 2320 φησιν,
3391 2250 3509 2302 ἐκεῖ
3550 2248 3701 2303 ἔσται

424 2348 580 2396 tuum
601 2340 700 2395 “.r
728 2338 921 2406 Qualia
950 2353 1186 2409 namque
1216 2344 1345 2392 sunt
1373 2337 1580 2403 studia,
1619 2351 1756 2409 vaga
1788 2346 1842 2393 et
1870 2339 2008 2397 nullc

2127 2344 2216 2397 καὶ
2237 2344 2271 2413 ἡ
2311 2342 2507 2414 καρδία
2537 2359 2654 2395 σου.
2692 2361 2710 2394 ›
2741 2336 2844 2396 Οἷα
2866 2342 2973 2414 γὰρ
3004 2341 3072 2395 ἂν
3097 2338 3135 2415 ᾖ
3170 2340 3238 2394 τὰ
3273 2340 3699 2411 ἐπιτηδεύματα,

422 2430 481 2486 in
520 2432 642 2485 loco
680 2429 1027 2500 quiescentia
1058 2469 1074 2494 ,
1106 2418 1232 2484 talis
1265 2428 1493 2485 omnino
1536 2428 1721 2493 fuerit,
1740 2438 1795 2484 ct
1843 2444 2008 2496 mens,

2127 2437 2217 2490 καὶ
2250 2435 2395 2503 ὅποι,
2434 2435 2649 2488 τοιοῦτο
2694 2434 2913 2497 πάντως
2941 2434 3036 2486 καὶ
3074 2434 3133 2487 τὸ
3149 2430 3466 2504 ⁸φρόνημα,
3504 2433 3596 2485 καὶ
3641 2439 3699 2490 αἱ

421 2529 478 2576 et
521 2521 825 2586 memoria,
862 2528 927 2576 et?
981 2520 1292 2582 intellectus
1347 2520 1515 2595 illius.
1580 2518 1771 2576 Potius
1835 2522 2008 2592 itaque

2127 2528 2360 2599 μνῆμαι,
2392 2529 2487 2581 καὶ
2516 2531 2545 2584 ό
2565 2526 2687 2592 νοῦς
2718 2526 2882 2580 αὐτοῦ
2918 2527 3149 2598 ἵδρυται.
3181 2526 3397 2581 Μᾶλλον
3424 2526 3702 2598 τοιγάρτοι

420 2614 489 2669 ad
517 2612 821 2678 (celestem,
841 2621 896 2669 et
925 2613 1091 2669 nullis
1130 2612 1345 2669 furibus
1376 2612 1674 2668 obnoxium
1700 2614 2008 2670 thesaurum

2127 2620 2200 2691 τῷ
2222 2619 2484 2693 οὐρανίῳ,
2510 2620 2604 2673 καί⁵
2635 2618 2891 2690 ἀσυλήτῳ
2931 2618 3195 2689 θησαυρῷ
3224 2617 3501 2689 νηφόντως
3530 2634 3701 2690 προσ-

422 2706 730 2778 prudcnter
768 2708 991 2763 animus
1037 2707 1411 2762 intendendus
1458 2716 1567 2764 est.

919 2796 1187 2852 CXXXV.
1217 2828 1288 2838 —
1319 2797 1527 2859 Eidem.

497 2907 516 2941 ε
554 2887 829 2953 Lucerna,
855 2889 955 2956 ait,
982 2890 1231 2959 corporis
1256 2888 1452 2943 oculus
1479 2897 1566 2944 est
1612 2885 1683 2940 ".
1721 2905 1742 2939 ι
1770 2886 2018 2959 Superna

424 2982 698 3052 siquidem
736 2982 1049 3053 percipiens
1074 2982 1408 3048 intellectus,
1440 2981 1635 3038 oculus
1663 2991 1748 3038 est
1780 2982 1976 3037 animae
1996 3022 2013 3049 ,

418 3074 601 3131 visum
656 3073 873 3128 [irinum
930 3088 996 3128 ac
1058 3074 1312 3129 stabilem
1360 3072 1691 3144 possidens,
1755 3074 2014 3144 splendo-

418 3181 650 3236 remque
684 3178 847 3220 suum
879 3165 933 3219 in
962 3166 1278 3220 universam
1335 3180 1518 3222 rerum
1551 3169 2011 3239 compositionem

420 3256 827 3311 transmittens.
859 3253 1016 3321 Quod
1060 3254 1108 3309 si
1158 3263 1218 3309 tu
1248 3254 1305 3310 in
1349 3270 1603 3325 asperum
1638 3257 1743 3311 hoc
1792 3265 1846 3312 et
1886 3273 2015 3328 pra-

421 3363 551 3404 vum
605 3356 844 3406 mentem
892 3349 1161 3420 crapula,
1202 3350 1635 3419 cogitationibus
1677 3351 2011 3419 inutilibus,

419 3450 476 3496 et
524 3454 649 3510 quae
687 3440 755 3495 ad
825 3438 1091 3495 inferiora
1137 3441 1350 3497 ducunt
1379 3450 1433 3496 et
1483 3443 1810 3512 perditionis
1851 3444 2016 3499 bara-

420 3531 607 3587 thrum
635 3571 653 3599 ,
702 3530 896 3588 ﬂectas
929 3551 943 3588 :
989 3534 1131 3604 quid
1158 3533 1303 3589 boni
1340 3533 1680 3605 intelligere,
1711 3542 1805 3589 aut
1856 3536 2013 3605 probi

417 3622 717 3678 enuntiare
768 3624 1008 3694 propriis
1060 3624 1493 3697 cogitatiOnihus
1540 3627 1786 3698 poterit?
1835 3626 2015 3701 Quare

419 3728 656 3770 necesse
686 3725 771 3769 est
810 3715 1229 3770 obtenehratum
1287 3722 1341 3771 et
1391 3715 1670 3770 turbatum
1713 3731 1839 3771 esse
1893 3733 2013 3771 om-

417 3819 541 3860 nem
573 3803 824 3861 babitum
862 3802 1049 3860 dubiis
1100 3805 1412 3875 incertum,
1448 3805 1618 3882 ~veluti
1655 3805 1711 3860 in
1755 3816 1915 3862 nocte
1959 3814 2015 3861 et

415 3895 631 3952 dillicili
660 3896 827 3953 bello.

897 3988 1285 4045 cxxxv1.—-
1312 3988 1523 4065 Eidem.
1566 3992 1567 3995 ‘

486 4078 760 4135 Dominus
796 4078 1046 4136 decrevit
1080 4099 1097 4137 :
1130 4100 1150 4134 ι
1185 4081 1513 4138 Dicentihus
1543 4084 1679 4138 mihi
1712 4084 1765 4137 in
1800 4082 1889 4138 die
1920 4082 2013 4138 illa

416 4183 447 4221 a
488 4184 575 4224 me
601 4171 906 4239 cognosci,
960 4171 1312 4242 respondebo
1352 4192 1365 4228 :
1399 4172 1519 4227 Non
1560 4175 1684 4229 novi
1716 4190 1815 4230 vos
1848 4175 1937 4241 Mr;
1983 4193 2003 4227 ›

415 4257 619 4327 quippe
648 4258 743 4328 qui
775 4257 943 4314 verbo
972 4265 1187 4315 tantum
1217 4262 1475 4332 pietatem
1505 4262 1778 4320 colebatis
1797 4308 1812 4329 ,
1842 4277 2008 4335 opera

415 4363 586 4420 prava
620 4348 949 4419 patrabatis.

583 4439 696 4511 58
731 4437 1049 4496 CXXXVII.
1077 4470 1150 4483 -—
1178 4440 1425 4498 JOANNI
1466 4444 1819 4502 MONACIIO.

483 4533 771 4589 Daemones
795 4535 969 4589 variis
998 4536 1403 4593 tentationibus
1430 4547 1686 4592 nostrum
1725 4554 1788 4594 os
1819 4541 2004 4595 occlu.

412 4623 545 4680 dere
575 4624 856 4693 nituntur,
886 4641 956 4682 ne
988 4628 1315 4695 laudemus,
1362 4637 1416 4684 et
1442 4640 1730 4688 cantemus
1754 4675 1769 4700 ,
1801 4642 1856 4689 et
1885 4634 2003 4704 glo-

410 4715 548 4771 riam
574 4716 829 4773 dicamus
864 4718 1175 4774 Conditori.
1212 4738 1231 4771 ι
1285 4718 1393 4775 Sed
1420 4737 1573 4792 spem
1607 4723 1871 4780 habemus
1898 4767 1914 4793 ,
1947 4733 2007 4781 ut

379 4804 383 4807 ⁷
444 4807 486 4861 it
520 4815 709 4863 castus
755 4807 999 4867 Joannes
1020 4810 1215 4891 ,Aquod
1239 4810 1507 4869 Dominus
1534 4814 1764 4883 aperiet,
1793 4825 1848 4872 et
1878 4817 2003 4877 nul-

368 4960 375 4969 .
408 4897 496 4953 lus
525 4899 785 4956 claudere
817 4901 1022 4965 poterit
1045 4900 1115 4957 ⁸⁸.
1167 4921 1187 4957 ι
1913 4906 1917 4911 ’

614 4990 953 5048 CXXXVIII.
985 5025 1053 5036 —
1082 4991 1362 5049 PHILONI
1402 4994 1801 5054 ILLUSTRIO.

478 5080 646 5138 Cessa
670 5084 814 5141 ultra
836 5086 1169 5158 deprimere,
1200 5095 1294 5142 aut
1316 5090 1514 5160 pugnis
1537 5089 1841 5147 obtundere
1868 5092 2007 5149 viles

407 5186 473 5227 ac
525 5172 838 5243 simplices;
897 5178 1035 5234 satis
1086 5179 1233 5234 enim
1283 5194 1560 5253 superque
1608 5182 1809 5239 delicta
1860 5182 2005 5241 Deus

407 5267 733 5330 examinat,
764 5275 820 5323 et
861 5285 1136 5342 nusquam
1174 5272 1268 5329 Dei
1305 5272 1472 5329 homo
1523 5275 1864 5346 paupertatis
1912 5275 2002 5333 de-

408 5367 654 5425 spector,
710 5366 767 5414 et
802 5364 1062 5434 pauperis
1090 5364 1364 5436 intrepide
1396 5365 1638 5438 injurius
1679 5354 2006 5425 retributio-

406 5466 535 5508 nem
567 5449 836 5522 aufugiet.

477 5627 523 5659 “
560 5626 913 5705 Jerem.__tn,_
927 5628 1021 5705 .13.
1131 5628 1180 5662 “
1225 5628 1373 5705 Psal.
1423 5650 1577 5705 xx",
1638 5637 1691 5694 9.

404 5698 560 5767 Luc.,
592 5713 713 5766 stu,
736 5699 830 5755 εδ.
902 5699 948 5732 ⁸⁸
981 5700 1152 5769 Apoc.
1188 5714 1272 5765 Ill,
1297 5700 1353 5755 7.

1742 5602 1745 5605 Ι
1806 5637 1852 5671 ’⁵³
1887 5637 2084 5695 Matth.
2131 5651 2207 5704 vr,
2255 5631 2350 5693 2|.

2123 2713 2333 2768 εκτέον.

2320 2842 2321 2845 η
2612 2804 2785 2859 ΡΛΕ’.
2815 2833 2884 2846 --
2919 2801 3002 2869 Τῷ
3029 2801 3210 2868 αὐτῷ.

2195 2916 2215 2951 ι
2263 2898 2321 2952 '0
2349 2897 2565 2968 λύχνος,
2598 2896 2751 2967 φησὶ,
2799 2894 2894 2949 τοῦ
2936 2894 3390 2967 σώματόςεὲστιν
3436 2895 3466 2948 ό
3502 2892 3699 2963 ὀφθαλ-

2120 2996 2242 3068 μός.
2277 3013 2297 3047 ι
2339 2994 2399 3049 '0
2432 2994 2541 3064 γὰρ
2578 2992 2648 3046 τὰ
2695 2992 2809 3069 ἄνω
2855 2990 3073 3067 φρονῶν
3098 2987 3221 3053 νοῦς
3269 2988 3547 3066 ὀφθαλμός
3586 2989 3700 3043 ἐστι

2041 3120 2084 3180 C
2116 3064 2217 3158 τῆς
2255 3085 2434 3156 ψυχῆς
2485 3066 2809 3155 ἐρρωμένην
2859 3081 2999 3152 ἔχων
3047 3064 3146 3151 τὴν
3192 3064 3416 3180 ὅρασιν,
3456 3079 3551 3180 καὶ
3601 3077 3701 3149 τὴν

2118 3177 2314 3232 ἑαυτοῦ
2351 3176 2526 3246 αὐγὴν
2556 3176 2633 3237 εἰς
2664 3174 2796 3245 ὅλην
2832 3172 2931 3244 τὴν
2972 3172 3312 3226 κατάστασιν
3348 3170 3697 3240 διαπέμπων.

2118 3272 2216 3325 Ἂν
2235 3270 2283 3324 δ’
2314 3272 2395 3333 είς
2428 3268 2489 3321 τὸ
2521 3267 2700 3338 τραχὺ
2734 3264 2915 3330 τοῦτο,
2944 3264 3041 3318 καὶ
3077 3262 3348 3334 μοχθηρὸν
3378 3261 3575 3335 νεύσῃς
3607 3261 3699 3314 τὸν

2114 3363 2239 3418 νοῦν
2262 3363 2351 3419 διὰ
2378 3359 2711 3432 κραιπάλης,
2738 3358 2834 3411 καὶ
2854 3355 3149 3427 φροντίδων
3174 3355 3248 3426 μὴ
3284 3354 3698 3426 συμφερουσῶν,

2116 3457 2266 3511 κάτω
2293 3454 2351 3508 δὲ
2375 3450 2657 3524 φερουσῶν
2693 3449 2833 3521 πρὸς
2864 3438 3138 3520 βάραθρον
3160 3446 3453 3511 ἀπωλείας,
3476 3446 3530 3498 τί
3558 3445 3697 3514 ἀγα-

2115 3547 2208 3602 θὸν
2254 3547 2544 3617 δυνήσεται
2578 3546 2809 3615 νοῆσαι,
2931 3541 3311 3613 ὐπαγορεῦσαι
3352 3539 3595 3610 χρηστόν
3643 3556 3699 3593 τι

2111 3640 2229 3701 τοῖς
2266 3636 2492 3698 οἰκείοις
2539 3634 2853 3704 λογισμοῖς;
2882 3631 3024 3685 ὥστε
3073 3632 3288 3701 ἀνάγκη
3336 3627 3695 3695 ἐσκοτῶσθαι,

2113 3730 2208 3784 καὶ
2237 3727 2571 3799 τεταράχθαι
2594 3727 2778 3779 πᾶσαν
2800 3724 2899 3795 τὴν
2922 3723 3057 3790 ἕξιν,
3094 3722 3345 3795 ἀπορίαις
3371 3719 3699 3793 ἑνεχομένην

2110 3821 2303 3894 ῶσπερ
2334 3822 2392 3873 ὲν
2417 3820 2718 3885 νυκτὶςκαὶ
2748 3815 2973 3876 γαλεπῶ
3007 3814 3251 3886 πολέμῳ.

2600 3978 2788 4046 ΡΑςι.
2819 4007 2888 4017 --
2919 3973 3003 4041 τῷ
3027 3974 3210 4041 αὐτῷ.

2174 4054 2256 4128 ’⁸0
2296 4072 2502 4145 Κύριος
2544 4071 2885 4142 ἀπεφήνατο,
2913 4070 2994 4123 ὅτι
3043 4087 3063 4121 ι
3086 4068 3213 4131 Τοῖς
3244 4064 3469 4137 λέγουσί
3503 4082 3591 4136 μοι
3639 4065 3698 4117 ἐν

2109 4165 2177 4235 τῇ
2206 4162 2390 4234 ἡμέρᾳ
2414 4161 2622 4232 ἐκείνῃ,
2649 4158 3013 4231 γνωρίζεσθαι
3048 4158 3140 4211 ὑπ’
3177 4158 3336 4230 ἐμοῦ,
3368 4154 3697 4227 ἀποκρινοῦ-

2115 4273 2239 4327 μαι,
2277 4255 2360 4309 ὃτι
2386 4255 2499 4309 Οὐκ
2524 4250 2643 4308 οἶδα
2671 4253 2816 4324 ὑμᾶς
2839 4268 2852 4283 ·
2892 4270 2911 4304 ι
2955 4251 3088 4305 διότι
3109 4249 3254 4322 λόγῳ
3284 4250 3383 4322 μὲν
3411 4249 3510 4315 τὴν
3543 4246 3696 4301 εὐσέ-

2112 4348 2269 4402 ϐειαν
2295 4348 2545 4418 ἐτιμᾶτε,
2579 4344 2727 4417 ἔργῳ
2754 4345 2809 4397 δὲ
2840 4345 2913 4418 τά
2940 4343 3119 4413 φαῦλα
3156 4340 3514 4413 μετήρχεσθε.

2449 4438 2619 4491 PAZ'.
2650 4466 2722 4477 --
2746 4434 3009 4506 ΙΩΑΝΝῌ
3042 4433 3354 4513 ΜΟΝΑΧῼ.

2181 4531 2248 4584 Oi
2294 4530 2393 4603 μὲν
2444 4530 2700 4602 δαίμονες
2734 4530 2822 4583 διὰ
2865 4526 3126 4582 ποικίλων
3169 4523 3494 4595 πειρασμῶν
3526 4540 3693 4579 σπου-

2104 4623 2325 4689 δάζουσι
2354 4622 2565 4675 κλεῖσαι
2594 4620 2656 4675 τὸ
2683 4620 2951 4693 ἡμέτερον
2994 4606 3190 4689 στόμα,
3220 4617 3372 4679 ὅπως
3407 4614 3481 4687 μὴ
3507 4614 3692 4684 ὑμνῶ-

2108 4733 2229 4789 μεν,
2252 4717 2391 4788 μήτε
2414 4713 2731 4785 ψάλλωμεν,
2754 4713 2888 4784 μήτε
2911 4709 3278 4780 δοξολογῶμεν
3295 4708 3385 4761 τὸν
3406 4707 3668 4761 κτίσαντα

2114 4825 2135 4860 ι
2176 4804 2317 4861 Ἀλλ’
2341 4805 2539 4877 ἔχομεν
2564 4804 2808 4866 ἐλπίδας,
2836 4802 2980 4857 καθά
3002 4816 3167 4872 φησιν
3187 4800 3215 4852 δ
3236 4799 3403 4869 ἁγνὸς
3416 4797 3692 4867 Ἰωάννης,

2109 4900 2193 4954 ὅτι
2220 4897 2423 4963 ἀνοίξει
2451 4899 2480 4951 ό
2512 4896 2735 4969 Κύριος,
2769 4895 2865 4948 καὶ
2890 4894 3067 4957 οὐδεὶς
3093 4893 3303 4946 κλεῖσαι
3322 4890 3630 4961 δυνήσεται.
3666 4909 3683 4939 ι

2144 5058 2147 5059 ν
2384 4994 2562 5049 PAH’.
2595 5025 2665 5035 —
2700 4994 2932 5047 ΦῙΔΩΝῙ
2973 4990 3402 5062 ΙΛΛΟΥΣΤΡΙῼ.

2178 5088 2439 5143 Πέπαυσο
2471 5086 2660 5141 λοιπδν
2690 5083 3054 5149 καταθλίδων,
3086 5083 3182 5137 καὶ
3215 5078 3691 5143 κατακονδυλίζων

2104 5183 2233 5245 τοὺς
2267 5178 2524 5242 εὐτελεῖς,
2557 5176 2758 5241 ἱκανῶς
2791 5177 2900 5246 γὰρ
2924 5173 3217 5245 ἐξεταστὴς
3246 5173 3481 5243 ὑπάρχει
3510 5172 3693 5240 πλημ-

2108 5273 2439 5348 μελημάτων
2462 5268 2615 5335 Θεὸς,
2649 5270 2744 5324 καὶ
2774 5266 3027 5340 οὐδαμῶς
3064 5267 3164 5338 τὴν
3200 5265 3558 5321 ἀνταπόδοσιν
3594 5263 3692 5315 τοῦ

2103 5365 2241 5421 Θεοῦ
2280 5358 2630 5433 διαφεύξεται
2678 5360 2965 5432 ἄνθρωπος
2998 5358 3305 5430 ὐπέροπτος
3353 5353 3569 5418 πενίας,
3595 5368 3693 5407 και

2109 5458 2343 5529 πένητος
2373 5457 2593 5527 ἀφόϐως
2618 5451 2994 5525 κατατρέχων.

2460 5633 2507 5667 ’⁵⁸
2541 5631 2734 5689 Matth.
2793 5646 2871 5700 Vl,
2934 5627 3026 5685 9‘2.
3103 5628 3151 5663 δ’
3175 5626 3368 5683 Matth.
3424 5630 3534 5694 vn”,
3574 5623 3691 5696 ‘23;

2580 702 2748 756 PAB’.
2771 733 2843 743 —
2870 703 3231 773 ΓΕΝΕΘΛΙῼ.
3726 712 3736 762 ι
3792 772 3793 775 γ

3741 5772 3752 5818 l
