4024 6218
307 423 404 487 141

607 536 780 590 PAO.
810 535 877 576 -ὲ-
909 533 1226 603 ΣΊῈΦΑΝῼ
1262 530 1583 601 ΔΙΑΚΟΝῼ.

375 631 440 682 οι
466 629 528 694 ἐξ
554 629 681 698 ὅλης
730 628 970 691 διανοίας
1005 626 1098 680 τδν
1145 625 1485 694 παντέφορον
1532 619 1892 690 ἐπιϐοώμενοι

304 722 536 792 Κύριον,
559 720 665 773 κᾶν
695 722 777 783 είς
811 719 872 772 τὸ
905 719 1134 788 ἔσχατον
1164 716 1273 769 τῶν
1315 714 1574 771 κινδύνων
1610 711 1888 781 ἀφίκοντο,

306 812 530 875 πάντως
563 811 849 877 τεύξονται
875 812 972 882 τῆς
999 810 1205 864 ἄνωθεν
1235 809 1459 879 ἀρωγῆς
1477 824 1492 838 ο
1522 806 1755 876 ἐπήκοος
1783 802 1893 873 γὰρ

304 905 337 956 ὁ
356 902 637 965 Δεσπότης
657 902 946 970 γενόμενος
979 900 1036 966 ἐξ
1062 899 1231 968 αὐτῆς
1255 898 1427 968 μέσης
1456 892 1773 965 ἐξαρπάσας
1790 890 1892 960 τῆς

308 993 588 1056 ἀπωλείας
634 992 765 1062 πρὸς
795 990 941 1061 ζωὴν
984 988 1222 1053 αίὼνιον,
1262 987 1354 1041 κα)⁸
1403 986 1576 1056 χαρὰν
1609 982 1888 1052 ἀναφέρει.

590 1084 723 1135 PM'.
749 1112 821 1121 —
858 1080 1238 1151 ΑΜΦΙΛΟΧΙῼ
1274 1076 1610 1146 ΝΕΩΤΕΡῼ.

378 1177 471 1248 Μὴ
491 1175 684 1246 λεπρῷ
709 1174 801 1227 τὸν
828 1175 966 1237 τέως
998 1172 1298 1242 ἐνδείξομαι
1322 1170 1389 1223 τὰ
1419 1168 1768 1240 βλακεύματα
1792 1166 1892 1236 τῆς

309 1267 434 1328 νέας
476 1265 717 1335 ἡλικίας,
764 1259 866 1317 εἷθ’
898 1262 1124 1334 ὕστερον
1171 1262 1258 1314 ἐπ’
1286 1260 1527 1330 ἐσχάτων
1564 1256 1659 1311 τοῦ
1704 1257 1893 1327 γήρως

314 1358 376 1410 τὰ
402 1358 501 1425 τῆς
534 1354 913 1426 σωερροσύνης,
948 1354 1044 1407 καὶ
1084 1354 1185 1422 τῆς
1231 1351 1506 1422 ἀνδρείας,
1540 1349 1635 1429 καὶ
1680 1349 1779 1418 τῆς
1807 1348 1888 1400 δι-

308 1447 606 1515 καιοσύνης
639 1445 1038 1516 ἀναϐλαστὴσω
1068 1442 1224 1515 ἄνθη.
1251 1444 1347 1507 Τίς
1381 1443 1489 1514 γάρ
1522 1459 1607 1493 σοι
1642 1439 1891 1510 οὐράνιος

309 1538 546 1606 ἄγγελος
578 1538 841 1609 γηράσειν
876 1536 1178 1607 ὑπέσχετος
1223 1534 1324 1588 Διὰ
1364 1536 1418 1587 τί
1470 1533 1544 1603 μὴ
1574 1531 1711 1603 φοϐῇ
1742 1531 1804 1585 τὸ
1834 1532 1893 1585 ἐν

310 1627 614 1697 λαγνείαις,
648 1629 741 1680 καὶ
773 1626 1021 1697 τέρψεσι,
1052 1627 1146 1680 καὶ
1189 1628 1311 1689 ταῖς
1351 1624 1654 1689 κενοδοξίας
1691 1624 1887 1676 ὲναποο

312 1723 499 1774 θανεῖν
521 1720 724 1785 κακῶς,
750 1718 1053 1789 νεαζούσης
1088 1718 1190 1787 μὲν
1225 1717 1329 1787 τῆς
1375 1716 1612 1789 ἡλικίας,
1643 1714 1889 1769 παλαιω-

312 1813 500 1881 θείσης
518 1811 573 1864 δὲ
597 1811 766 1875 ὀξέως
795 1809 894 1878 τῆς
916 1808 1191 1872 πολιτείας
1212 1826 1229 1874 ;
1396 1860 1408 1872 ,
1856 1840 1871 1859 ι

794 1904 983 1958 PMA'.
1009 1932 1083 1945 —
1114 1901 1199 1967 Τῷ
1231 1901 1413 1967 αὐτῷ.

390 1995 718 2067 Ἦρὼτησάς
753 2012 841 2066 με,
882 1995 969 2059 τίς
1002 1995 1154 2047 ἐστιν
1191 1994 1221 2047 ό
1258 1992 1487 2055 παλαιὸς
1528 1990 1833 2062 ἄνθρωπος,
1860 1991 1890 2044 ό

304 2092 426 2153 ταῖς
454 2087 776 2158 ἐπιθυμίαις
802 2086 1179 2157 φθειρόμενος,
1200 2087 1384 2139 ὅντινα
1420 2083 1718 2139 ἀποθέσθαι
1749 2098 1883 2153 παρ·

306 2181 451 2235 αινεί
498 2180 528 2232 ό
573 2178 716 2239 θεῖος
768 2175 1115 2239 Ἀπόστολος.
1164 2176 1399 2230 Παλαιὸν
1448 2174 1732 2245 ἄνθρωπον
1783 2173 1882 2225 ἀν-

306 2269 591 2340 ὐιαρκτον
634 2267 764 2337 μὲν,
809 2266 1167 2340 φθειρόμενον
1203 2266 1293 2331 δὲ,
1333 2266 1619 2336 τυγχάνειν
1667 2261 1887 2333 νομίζο-

308 2379 423 2431 μεν
469 2356 688 2413 εέδωλόν
732 2374 786 2411 τι
839 2357 1118 2419 ἀπωλείας
1169 2359 1232 2411 ὲκ
1286 2356 1499 2429 μιαρῶν
1542 2356 1636 2411 καὶ
1678 2351 1889 2410 ἀσεϐῶν

303 2450 627 2523 λογισμῶν,
680 2449 775 2503 καὶ
842 2449 1017 2517 λόγων
1061 2448 1369 2520 ἀθεμίτων,
1422 2449 1516 2501 καὶ
1565 2446 1890 2518 ἀκαθάρτων

304 2545 510 2617 ιργων.
545 2541 1005 2613 ζωγραφούμενόν
1045 2558 1138 2606 τε,
1171 2542 1203 2614 ἢ
1266 2539 1667 2609 συντιθέμενον,
1696 2540 1749 2623 γῆ
1794 2540 1889 2593 καὶ

304 2635 383 2700 ὡς
414 2634 483 2690 ἄν
512 2649 601 2697 τις
623 2631 797 2701 τίω,
826 2630 1245 2700 ἐξυφαινόμενον
1277 2628 1604 2693 ἑπιόλαϐῶς.

792 2809 976 2865 m.
1002 2837 1072 2850 -—-
1110 2805 1195 2873 Τῷ
1222 2808 1406 2873 αὐτῷ.

403 2902 468 2953 Ἦ
500 2900 560 2955 ἓν
590 2892 670 2971 τῷ
694 2901 840 2971 γήρᾳ
867 2900 1041 2971 ἀρετὴ
1067 2900 1166 2954 ούκ
1202 2898 1268 2953 ἂν
1296 2896 1521 2968 κληθείη
1544 2895 1735 2967 ἀρετὴ,
1771 2894 1888 2950 ἀλλ’

306 2991 606 3062 ἀδυναμία.
648 2990 859 3044 οὐκοῦν
888 2993 947 3044 ὲν
976 2994 1045 3062 τῇ
1073 2989 1284 3062 νεότητι
1327 2988 1526 3059 μᾶλλον
1561 2987 1660 3059 τὴν
1687 2987 1889 3059 ἀρετὴν

1524 404 2065 474 EPISTOLARUM
2103 406 2247 469 LIB.
2293 409 2338 467 Ι.

1918 520 1965 575 Α

2210 520 2497 577 CXXXIX.
2533 552 2599 562 ν-
2624 523 2991 581 STEPHANO
3027 523 3352 583 DIACONO.

2064 613 2167 680 Qui
2197 630 2260 670 ex
2295 623 2405 669 tota
2431 624 2614 670 mente
2636 619 2821 671 omnia
2852 619 3126 675 videntem
3159 620 3447 678 Dominum
3478 624 3562 677 in-

1992 714 2231 771 vocant,
2262 707 2391 761 licet
2417 708 2678 763 extremis
2714 710 2977 779 periculis
3004 711 3411 778 conflictentur,
3442 728 3562 768 om-

1995 797 2126 852 nino
2156 800 2379 869 superni
2403 799 2592 855 auxilii
2627 802 2925 871 participes
2966 802 3112 857 fient.
3146 802 3393 875 Namque
3418 807 3562 862 Deus

1992 889 2299 946 exaudiens
2331 891 2399 945 ab
2436 891 2555 961 ipso
2592 893 2813 947 excidio
2839 903 3058 965 ereptos
3102 895 3159 949 in
3188 896 3357 951 vitam
3399 905 3559 954 aeter-

1992 996 2117 1035 nam
2148 989 2200 1033 et
2236 982 2476 1036 laetitiam
2506 984 2830 1039 transvehit.

2082 1071 2249 1127 CXL.
2280 1102 2348 1112 ——
2382 1072 2851 1130 AMPHILOCHIO
2891 1074 3129 1132 COMITI
3165 1075 3462 1133 IUNIORI.

2062 1164 2258 1220 Annon
2298 1166 2449 1236 lepra
2498 1168 2680 1222 obsito
2726 1167 2961 1224 similem
3004 1169 3233 1224 dixerim
3263 1186 3388 1224 cum
3414 1210 3431 1235 ,
3468 1172 3563 1240 qui

1988 1255 2145 1323 prius
2177 1257 2353 1336 aetatis
2378 1256 2643 1327 juvenilis
2675 1258 2887 1314 deliciis
2916 1259 3123 1329 perfrui
3157 1260 3258 1316 sibi
3285 1263 3560 1331 proponit,

1992 1348 2344 1417 postmodum
2422 1347 2478 1402 in
2532 1357 2781 1404 extrema
2836 1358 3119 1406 senectute
3174 1352 3561 1418 continentiae.

1992 1438 2334 1497 fortitudinis
2397 1449 2452 1496 et
2513 1440 2745 1510 iustitia:
2778 1439 2941 1497 flores
2994 1443 3371 1515 promere(3).
3427 1444 3563 1509 Quis

1990 1532 2137 1587 enim
2167 1532 2265 1587 tibi
2293 1532 2538 1589 caelestis
2573 1533 2802 1603 angelus
2839 1547 3234 1590 consenescere
3262 1536 3519 1604 promisit
3544 1538 3565 1591 ?

1990 1623 2174 1691 Quare
2203 1639 2311 1680 non
2345 1625 2537 1681 horres
2567 1625 2707 1680 inter
2729 1624 3016 1699 libidines,
3051 1625 3282 1697 gaudia,
3316 1634 3373 1705 et
3394 1642 3564 1683 vanas

1992 1717 2101 1789 59
2138 1717 2506 1788 cogitationes
2541 1716 2783 1773 infausto
2809 1720 3074 1774 commori
3102 1760 3118 1786 ,
3153 1728 3315 1775 aetate
3339 1706 3565 1789 quidem

1986 1809 2255 1880 juvenili,
2285 1798 2543 1866 sed‘vitae
2570 1809 2829 1865 instituto
2866 1811 3133 1866 citissime
3167 1812 3513 1868 inveterato?

2507 1897 2689 1954 CXLI.
2722 1931 2793 1940 -—
2831 1898 3039 1954 Eidem.
3240 1892 3241 1895 “

2062 1990 2358 2048 Postulasti
2391 2006 2420 2045 a
2452 2006 2558 2057 me,
2592 1992 2717 2062 quis
2743 1993 2815 2048 sit
2846 1999 3004 2048 vetus
3042 1993 3229 2057 homo,
3275 1993 3369 2064 qui
3413 1993 3563 2051 desi-

1988 2078 2159 2136 deriis
2209 2080 2607 2149 corrumpitur,
2658 2090 2715 2135 et
2780 2096 2943 2152 quem
3000 2082 3280 2153 deponere
3337 2083 3563 2142 divinus

1988 2171 2287 2241 Apostolus
2358 2172 2609 2227 hortatur
2654 2173 2740 2226 "?
2806 2172 3055 2229 Veterem
3114 2174 3391 2231 hominem
3450 2193 3561 2234 non

1987 2262 2347 2317 exsistentem
2393 2262 2653 2332 quidem,
2703 2262 2799 2317 sed
2862 2264 2957 2334 qui
2980 2267 3404 2337 corrumpitur,
3438 2282 3565 2324 esse

1988 2357 2247 2421 putamus
2267 2391 2285 2416 ,
2315 2350 2519 2406 idolum
2553 2350 2829 2422 quoddam
2859 2353 3188 2423 perditionis
3214 2398 3229 2422 ,
3288 2358 3433 2427 quod
3494 2373 3564 2415 ex

1988 2440 2347 2497 exsecrandis
2396 2450 2450 2497 et
2509 2442 2695 2512 impiis
2757 2444 3228 2514 cogitationibus,
3273 2454 3328 2501 et
3377 2449 3565 2504 verbis

1990 2531 2218 2603 iniquis,
2250 2540 2307 2589 et
2342 2532 2645 2588 immundis
2687 2532 3028 2590 facinoribus
3082 2534 3337 2606 penicillo
3377 2540 3565 2610 expri-

1988 2624 2157 2678 mitur
2183 2662 2199 2688 ,
2230 2623 2317 2679 vel
2362 2625 2736 2695 componitur,
2768 2626 2876 2693 vel,
2910 2634 2969 2683 ut
3014 2628 3286 2699 quispiam
3320 2630 3563 2698 diceret,

1989 2714 2123 2770 satis
2153 2715 2315 2771 noxie
2343 2721 2674 2773 contexitur.

2505 2808 2709 2866 CXLII.
2738 2810 3032 2864 —Eidem.

2059 2894 2195 2961 Quae
2245 2895 2301 2950 in
2354 2905 2636 2954 senectute
2684 2899 2864 2955 virtus
2916 2900 3163 2970 dilucet,
3220 2906 3401 2964 virtus
3455 2924 3566 2964 non

1988 2988 2420 3058 nuncupabitur,
2459 2990 2556 3046 sed
2592 2990 2965 3047 imbecillitas.
2993 2991 3049 3049 In
3066 2994 3355 3064 iuventute
3381 3000 3569 3072 itaque

304 3080 709 3152 κατεργαστέον
758 3081 911 3150 ἡμῖν,
935 3080 1030 3133 καὶ
1080 3080 1141 3133 ὲν
1190 3075 1404 3149 σώματι
1440 3075 1545 3130 νέω
1584 3074 1767 3130 πολιὸν
1804 3074 1884 3129 ὲν-

1992 3082 2174 3151 potius
2192 3081 2368 3135 virtus
2385 3082 2662 3152 operanda
2685 3098 2713 3136 a
2736 3082 2917 3147 nobis,
2934 3087 3347 3159 exercendaque
3371 3099 3478 3163 est,
3513 3102 3569 3148 et

304 3167 624 3223 δείκνυσθαι
661 3168 941 3237 φρόνημα.
1134 3204 1145 3209 -

793 3259 970 3313 PMI“.
992 3288 1066 3299 -
1093 3259 1421 3330 amomo.

380 3354 453 3409 Εἴ
476 3356 593 3409 ἐστι
618 3353 815 3424 τυφλὸς
845 3353 1096 3419 πλοῦτος,
1125 3353 1267 3424 τάχα
1294 3352 1410 3406 ἐστὶ
1439 3351 1537 3409 καὶ
1562 3349 1738 3422 τυῳλὴ
1765 3349 1891 3415 δόξα

306 3448 408 3502 καὶ
451 3446 739 3519 ὑπόληψις.
783 3446 894 3499 Καὶ
949 3444 1111 3516 βλέπε
1148 3462 1239 3517 μοι
1265 3444 1356 3499 τὸν
1409 3443 1737 3516 ίλλούστριον
1785 3443 1895 3497 Κό-

308 3557 479 3602 νωνα,
510 3539 636 3609 μήτ’
665 3539 832 3609 ἔργῳ,
863 3539 1001 3608 μήτε
1024 3536 1167 3608 λόγῳ
1191 3536 1322 3590 ποτέ
1346 3553 1468 3589 τινα
1507 3536 1888 3608 ὠφελήσαντα,

313 3632 443 3702 μήτ’
492 3631 696 3702 ἀρετὴν
738 3630 1028 3699 γινώσκειν
1089 3626 1382 3694 ἐθέλοντα,
1437 3628 1490 3681 τί
1542 3628 1674 3682 ποτέ
1711 3630 1890 3691 ἐστιν.

314 3721 495 3791 μάτην
529 3718 907 3789 δοξαζόμενον,
939 3719 1032 3772 καὶ
1060 3718 1181 3789 εἰκῆ
1210 3716 1574 3789 κροτούμενον
1603 3718 1710 3771 ὑπὸ
1741 3717 1894 3771 πλεί-

314 3828 462 3865 στων
482 3811 872 3881 ἀνελευθέρων,
893 3811 985 3865 καὶ
1014 3811 1255 3881 ἀνοήτων
1283 3808 1606 3881 ἀνθρώπων,
1644 3810 1748 3864 κᾶν
1764 3808 1892 3863 τού-

310 3918 396 3973 τῳ
420 3901 761 3973 φυσώμενον,
790 3901 888 3955 καὶ
916 3901 1349 3972 ύπεραιρόμενον
1379 3900 1724 3971 παραλόγως.

589 4084 764 4140 PMA'.
788 4114 859 4123 -—
887 4084 1145 4138 ΚΟΝΩΝΙ
1181 4082 1618 4153 ΚΔΛΟΥΣΤΡΙῼ.

391 4177 650 4239 moueat;
693 4175 923 4239 ἀδίκως,
972 4176 1070 4241 τὰς
1100 4175 1308 4247 ἑτέροις
1354 4174 1708 4244 ὀφειλομένας
1738 4171 1893 4238 δόξας

319 4268 792 4338 σφετεριζόμενος.
835 4268 1176 4340 Εὺτράπελον
1218 4266 1326 4337 γὰρ
1366 4266 1496 4323 θέαν
1535 4266 1890 4337 θεασάμενος,

318 4359 675 4429 τεθαύμακα,
719 4360 847 4423 τοὺς
879 4361 975 4429 μὲν
1025 4359 1387 4427 ἁξιαγάστους
1433 4358 1917 4428 λοιδωρουμένους·

1990 3173 2047 3227 in
2077 3187 2309 3245 corpore
2334 3174 2523 3245 juveni
2562 3190 2697 3231 cana
2734 3177 3024 3248 prudentia
3063 3185 3565 3241 commonstranda.

2424 3266 2651 3324 CXLIII.
2690 3298 2763 3309 -—-
2802 3268 3127 3326 ANTONIO.

2061 3357 2119 3413 Si
2151 3372 2311 3414 caeca)
2338 3360 2543 3415 divitiae
2567 3371 2718 3425 sunt,
2749 3360 2987 3417 fortasse
3017 3362 3182 3417 etiam
3209 3364 3316 3419 erit
3348 3375 3401 3421 et
3422 3380 3570 3421 caeca

1990 3451 2199 3522 opinio,
2236 3451 2431 3521 suique
2457 3454 2898 3523 comprehensio.
2929 3454 2995 3509 Et
3024 3455 3228 3512 videsis
3270 3457 3566 3515 illustrium

1962 3544 2293 3611 Cononem,
2319 3545 2412 3615 qui
2444 3546 2650 3601 nemini
2680 3563 2921 3618 unquam
2957 3564 3136 3620 neque
3171 3550 3357 3614 verbo,
3391 3568 3571 3623 neque

1990 3651 2156 3707 Opere
2186 3636 2426 3692 fructum
2470 3638 2725 3694 utilitatis
2748 3638 3195 3710 pra:buit,neque
3221 3657 3468 3711 quamam
3496 3643 3569 3698 sit

1990 3725 2188 3790 virtus,
2213 3724 2497 3779 addiscere
2528 3725 2764 3792 curavit,
2796 3726 3001 3781 frustra
3052 3726 3303 3783 laudibus
3334 3728 3568 3784 cohone-

1992 3822 2219 3880 statum,
2239 3822 2293 3871 et
2314 3830 2448 3870 vane
2478 3831 2509 3869 a
2537 3816 2816 3886 plerisque
2841 3816 3158 3872 hominibus
3205 3818 3569 3874 illiheralihus

1991 3920 2055 3961 ac
2077 3905 2313 3975 stupidis
2324 3906 2554 3975 strepitu
2568 3906 2970 3967 consociatum,
2991 3906 3112 3960 etin
3125 3906 3231 3962 hoc
3247 3916 3567 3975 tumentem,

1992 4009 2226 4065 seseque
2255 3995 2493 4050 absurde
2531 3995 2695 4050 nimis
2725 3993 3041 4053 iactantem.

2190 4088 2301 4159 eo
2341 4086 2569 4143 CXLIV.
2609 4120 2677 4130 —
2706 4087 2956 4144 CONONI
2994 4088 3385 4147 ILLUSTRIO.

2063 4175 2270 4249 Injuste
2298 4179 2505 4234 divitiis
2540 4177 2745 4245 affluis,
2804 4178 3038 4249 aliisque
3067 4180 3306 4235 debitam
3337 4181 3565 4252 gloriam

1992 4270 2105 4326 tibi
2126 4284 2387 4341 usurpas.
2419 4270 2685 4341 Lepidum
2720 4271 2889 4336 enim,
2920 4281 2975 4326 et
2990 4272 3057 4327 ad
3076 4271 3245 4327 risum
3273 4271 3570 4345 iocumque

1994 4361 2196 4417 factum
2216 4360 2501 4416 contuitus
2525 4360 2580 4415 in
2599 4360 3015 4415 admirationem
3050 4359 3240 4425 incidi,
3257 4360 3457 4430 dignos
3472 4361 3537 4416 ad
3554 4390 3571 4402 -

314 4450 542 4523 βλέπων
565 4452 625 4505 ἐν
669 4450 748 4521 τῷ
780 4451 1007 4522 παρόντι
1036 4451 1233 4523 χρόνῳ,
1263 4451 1391 4514 τοὺς
1417 4451 1474 4505 δὲ
1515 4452 1766 4522 ἀχρείους
1804 4452 1892 4504 εύ-

1996 4453 2287 4509 miratione
2313 4451 2570 4507 convitiis
2596 4450 2847 4521 praesenti
2867 4458 3111 4521 tempore
3139 4451 3335 4523 petitos
3352 4452 3566 4516 videns,

316 4541 717 4613 φημουμένους
755 4539 918 4611 ὁρῶν.
966 4541 1075 4594 Καὶ
1101 4540 1262 4593 τοῦτο
1290 4535 1444 4611 οἶμαι
1482 4541 1591 4595 τῶν
1623 4541 1894 4612 δαιμόνων

312 4631 594 4698 ὑπάρχειν
626 4629 961 4699 μηχάνημα·
1007 4628 1132 4682 ὅθεν
1176 4630 1380 4702 ἵναμὴ
1423 4629 1512 4684 διὰ
1543 4630 1709 4701 κενῆς
1739 4631 1894 4697 δοξά-

309 4723 433 4787 ζων
476 4719 666 4785 πολλὰ,
716 4718 978 4790 μειζόνως
1024 4719 1165 4775 κατὰ
1206 4720 1267 4775 τὸ
1312 4721 1501 4791 μέλλον
1543 4724 1892 4795 τιμωρηθῇς,

314 4811 633 4883 παρακαλῶ
660 4828 723 4864 σε
774 4812 974 4882 μᾶλλον
1008 4812 1212 4883 πρᾶξαι
1249 4813 1317 4867 τὰ
1352 4812 1489 4885 ἔργα
1526 4814 1628 4883 τῆς
1667 4816 1892 4886 ἀρετῆς,

311 4908 413 4961 ενα
435 4902 806 4974 εὐπροσώπως
832 4904 921 4958 καὶ
944 4903 1327 4975 προσηκόντως
1352 4905 1451 4975 τὴν
1461 4904 1617 4970 δόξαν
1630 4907 1893 4973 κοαίζοιο.

762 4992 942 5053 PME'.
967 5024 1037 5035 -
1066 4996 1445 5069 summa.

387 5085 604 5143 Μαθεῖν
624 5086 810 5158 Tum,
838 5087 893 5139 τί
921 5088 1069 5141 ἑστιν
1095 5088 1125 5140 ὃ
1156 5104 1323 5159 φησιν
1372 5090 1626 5155 Ἰάκωϐος
1651 5093 1681 5145 ό
1718 5094 1900 5163 ἀρχιεο

306 5182 596 5242 πισχοπος
626 5178 738 5231 τῶν
779 5177 1197 5248 Ἱεροσολύμων·
1231 5197 1249 5231 ι
1269 5181 1340 5234 Ἦ
1371 5180 1580 5236 δοκεῖτε
1617 5184 1700 5237 ὅτι
1728 5186 1899 5250 κενῶς

300 5274 482 5341 λέγει
510 5272 546 5340 ή
568 5270 759 5342 Γραφὴ
787 5270 925 5341 πρὸς
951 5270 1182 5339 φθόνον;
1216 5289 1235 5323 ι
1269 5273 1566 5339 τουτέστιν,
1606 5275 1705 5329 οὐκ
1742 5278 1899 5330 ἀκαί-

387 5427 448 5460 “
478 5420 675 5492 Ephes.
718 5441 793 5491 tv,
821 5425 943 5499 22..
990 5425 1039 5457 ⁸ο
1068 5406 1185 5481 Jac.
1223 5440 1301 5486 tv.
1326 5423 1378 5479 5.

390 5602 479 5671 (3)
499 5600 677 5655 Allatii
697 5601 884 5656 versio
908 5615 1018 5671 nec
1038 5600 1228 5656 Graeco
1265 5601 1557 5671 reSpondet
1579 5602 1899 5658 neehonum

304 5670 554 5742 sensum
613 5671 858 5727 exhibet.
904 5670 1017 5742 Ego
1064 5685 1216 5742 vero,
1264 5670 1602 5742 indubitata,
1635 5684 1695 5726 ut
1747 5684 1899 5742 puto,

305 5739 667 5812 conjectura,
700 5742 841 5811 lego.
867 5739 971 5812 Mli
990 5740 1143 5812 λέγε·
1178 5739 1396 5812 Πρῶτον
1416 5739 1901 5812 τέωςὲνδείξομαι,

304 5821 438 5869 etc.
492 5811 575 5865 Ae
612 5810 819 5867 dices:
867 5810 1025 5866 Prius
1084 5810 1289 5866 interim
1341 5811 1613 5867 ostentabo
1653 5810 1903 5882 juvenilis

1238 5936 1331 5945 ,ν-...ιν

1954 4572 1957 4577 λ
1995 4545 2207 4616 ineptos
2230 4584 2246 4609 ,
2291 4550 2456 4614 atque
2486 4543 2711 4599 inutiles
2752 4541 3006 4598 laudibus
3059 4543 3469 4599 cohonestatos.
3504 4545 3569 4598 Et

1993 4634 2136 4689 hanc
2148 4633 2456 4689 machinam
2475 4647 2597 4688 esse
2610 4631 2917 4685 dmmonum
2941 4629 3290 4695 duco.Quare
3316 4645 3383 4685 ne
3395 4630 3566 4696 multa

1994 4726 2231 4783 inaniter
2247 4718 2691 4788 comminiscens,
2712 4722 2766 4776 in
2787 4721 3029 4776 futurum
3049 4721 3268 4791 gravius
3286 4719 3565 4790 puniaris;

1995 4834 2129 4890 rogo
2142 4824 2218 4883 te,
2238 4824 2298 4870 ut
2314 4815 2495 4886 potius
2528 4811 2750 4867 virtutis
2776 4807 3037 4880 Operibus
3073 4818 3125 4865 te
3149 4808 3340 4870 dedas,
3367 4814 3426 4861 ut
3460 4820 3567 4861 non

1997 4910 2118 4967 sine
2151 4907 2396 4970 ratione,
2424 4903 2518 4960 sed
2558 4913 2618 4956 ut
2663 4899 2912 4964 addecet,
2941 4898 3153 4954 laudem
3190 4897 3569 4968 consequaris.
3610 4908 3613 4913 ‘

2424 4990 2634 5049 CXLV.
2667 5021 2737 5033 —
2770 4986 3146 5047 EULAMPIO.

2071 5091 2215 5144 Aves
2248 5085 2583 5157 perdiscere,
2619 5081 2751 5155 quid
2782 5082 2857 5138 sit
2902 5078 3048 5151 quod
3091 5076 3334 5133 Iacobus
3381 5074 3574 5132 Πίονο-

2001 5181 2340 5251 solymorum
2367 5172 2814 5241 archiepiscopus
2847 5170 2922 5223 ait
2950 5186 2965 5222 :
3002 5186 3023 5219 ι
3054 5166 3137 5221 An
3169 5166 3375 5237 putatis
3396 5206 3413 5233 ,
3445 5167 3572 5236 quia

2004 5271 2244 5328 inaniter
2287 5266 2419 5322 dicit
2468 5263 2777 5332 Scriptura,
2813 5260 2880 5315 ad
2914 5259 3171 5315 invidiam
3200 5260 3287 5313 ⁸⁸2
3315 5260 3419 5315 hoc
3448 5266 3535 5315 est
3557 5295 3573 5323 ,

2009 5600 2181 5657 wtatis
2209 5598 2399 5653 mollia
2448 5594 2743 5664 stolidaque
2783 5592 3057 5664 facinora,
3080 5590 3411 5664 postmodum
3437 5604 3575 5664 gero,

2008 5672 2064 5725 in
2111 5679 2346 5723 extrema
2413 5661 2691 5727 senectute,
2753 5661 3107 5725 continentia,
3155 5661 3484 5724 fortitudinis
3530 5668 3582 5713 et

2001 5742 2229 5811 justitia:
2266 5740 2422 5807 [lorea
2454 5736 2763 5804 producam.
2811 5734 3177 5799 (ἶοτειειιιυε,
3219 5730 3481 5795 Monum,
3514 5743 3581 5796 ιι,

2009 5811 2134 5865 550.
