3970 6220
438 413 535 479 143

1902 407 1962 467 S.
2004 406 2166 467 ΝῘῙᾸ

3598 405 3694 474 144

432 547 543 588 non
576 524 974 595 intempeStive,
1007 520 1098 576 sed
1137 520 1374 576 maxime
1407 529 1737 591 opportune,
1775 527 1827 573 et
1883 532 2008 588 pro-

2125 534 2258 587 ρως,
2304 516 2439 569 ἀλλὰ
2486 516 2577 570 καὶ
2623 516 2743 570 λίαν
2788 516 3057 587 εὐκαίρως
3116 534 3174 569 τε
3227 517 3317 569 καὶ
3355 518 3693 592 εὐστόχωςὴ

432 624 724 694 spicientcr
736 616 920 671 divina
936 613 1220 682 Scriptura
1240 622 1430 668 contra
1452 614 1711 668 invidiam
1731 611 2004 682 loquitur:

428 714 627 769 ctenim
672 720 1004 779 quocunque
1052 713 1244 761 sancto
1288 706 1576 761 enuntiato
1600 713 1792 760 contra
1819 717 2011 757 omnes

432 804 682 865 affectus,
719 798 817 855 sed
845 797 1136 853 exitiosam
1171 797 1432 851 invidiam
1466 797 1810 866 potissimum
1833 836 1848 861 ,
1884 803 2007 848 tan-

434 909 594 965 quam
636 889 975 945 validissima
1004 896 1284 942 armatura
1311 889 1710 958 constipamur.

927 978 1158 1035 CXLVI.
1199 1008 1269 1019 —-
1306 978 1511 1035 Eidem.
1704 1036 1710 1042 ,

507 1096 525 1128 ι
549 1072 928 1143 Coucupiscit,
961 1071 1160 1141 inquit,
1194 1071 1445 1140 spiritus,
1465 1082 1629 1141 quem
1650 1070 1901 1125 habitare
1931 1068 2010 1124 fe—

431 1171 507 1224 cit
539 1170 678 1223 Deus
708 1167 764 1219 in
806 1164 967 1219 nobis
994 1163 1061 1217 ".
1102 1182 1122 1215 ι
1157 1162 1297 1227 Quid
1323 1177 1487 1232 porro
1510 1162 1809 1228 desiderat,
1841 1176 2008 1232 appe-

434 1262 500 1312 tit
546 1265 600 1312 et
629 1256 806 1324 diligit
838 1254 1065 1309 divinus
1102 1252 1370 1323 Spiritus?
1424 1253 1718 1316 unionem,
1778 1266 2011 1308 concor-

429 1350 612 1413 diam,
646 1353 893 1401 mutuum
936 1342 1167 1397 fratrum
1206 1356 1471 1397 amorem.
1517 1328 1772 1397 Charitas
1828 1349 2010 1394 autem

429 1459 493 1497 ex
528 1440 833 1495 humilitate
870 1449 924 1492 et
963 1437 1166 1507 pietate
1214 1435 1492 1503 nascitur;
1521 1434 1708 1489 odium
1736 1474 1750 1498 ,
1780 1442 1832 1488 et
1863 1446 2013 1486 ama-

434 1535 686 1590 rulentus
743 1531 884 1586 livor
936 1544 1004 1585 ex
1069 1528 1324 1598 superbia
1373 1537 1430 1583 et
1477 1526 1743 1596 iactantia
1789 1525 2009 1579 oritur:

431 1629 768 1695 quapropter
797 1621 1005 1676 dictum
1031 1625 1117 1674 est
1148 1634 1160 1669 :
1193 1618 1300 1699 ει
1356 1636 1375 1668 ι
1407 1614 1550 1673 Deus
1589 1614 1844 1686 superbis
1877 1615 2014 1671 resi-

431 1717 523 1772 stit
561 1715 629 1780 ",
663 1730 683 1765 ι
729 1720 954 1783 propter
982 1724 1177 1766 eorum
1207 1709 1498 1766 stultitiam
1561 1709 1615 1763 in
1677 1722 1773 1763 eos
1830 1714 2014 1761 castra

433 1821 684 1869 movens,
717 1808 795 1859 uti
825 1803 958 1858 olim
990 1802 1046 1857 in
1080 1802 1317 1872 primum
1347 1800 1595 1855 omnium
1629 1798 1905 1869 superbia:
1933 1797 2013 1852 vi-

432 1898 507 1952 tio
539 1866 803 1949 infectum
838 1866 1125 1947 Satanam.
1160 1908 1178 1942 ι
1215 1889 1526 1945 llumilibus
1551 1866 1733 1945 autem
1769 1888 1861 1943 dat
1889 1904 2014 1959 gra-
2047 1866 2087 1921 Β

431 1989 564 2043 tiam
592 1987 662 2054 ³³;
691 2005 708 2037 ι
732 1986 837 2039 hoc
855 1992 960 2049 est,
984 1983 1254 2055 Spiritalia
1281 1983 1531 2053 quaedam
1565 1997 1793 2037 munera
1818 1982 2017 2053 elargi-

431 2086 525 2131 tttr
561 2075 649 2142 iis,
686 2073 779 2145 qui
817 2082 1036 2143 propter
1068 2070 1239 2127 Deum
1280 2072 1643 2128 humilitatem
1676 2071 2011 2139 amplectun-

432 2180 545 2224 tur.
1042 2194 1047 2195 ’

918 2256 1173 2314 CXLV".
1211 2285 1271 2296 -—
1308 2255 1519 2312 Eidem.

510 2372 528 2404 ι
568 2350 645 2406 Ne
675 2350 1031 2421 respondeas,
1072 2349 1150 2404 ait
1186 2346 1479 2414 Salomon,
1514 2349 1682 2404 stulto
1711 2349 2016 2405 secundum

431 2444 724 2501 stultitiam
780 2442 940 2513 ejus,
996 2455 1065 2495 ne
1117 2440 1317 2496 similis
1387 2440 1464 2495 illi
1551 2440 1672 2496 tias.
1725 2439 2019 2511 Responde

433 2553 564 2593 vero
597 2535 847 2592 stultitia:
875 2534 1021 2605 ejus,
1045 2548 1113 2589 ne
1146 2532 1389 2604 prudens
1414 2531 1558 2602 apud
1591 2547 1651 2588 se
1676 2547 1803 2589 esse
1830 2532 2021 2587 videa-

433 2637 522 2684 tur
545 2628 611 2681 ".
652 2645 671 2678 ι
718 2625 823 2692 Qui
860 2627 1007 2682 enim
1056 2625 1349 2695 przcceptis
1383 2625 1476 2679 Dei
1524 2624 1877 2680 adversantia
1936 2624 2019 2678 lo-

434 2719 619 2790 quenti
663 2720 856 2782 stulto,
884 2726 939 2772 et
986 2717 1039 2770 in
1068 2724 1355 2786 peccatum
1410 2717 1664 2771 invitanti
1715 2718 2015 2781 consentit,

433 2826 492 2866 ea
529 2810 788 2875 laudans,
819 2806 1123 2861 secundum
1161 2806 1314 2861 stulti
1358 2806 1653 2860 stultitiam
1689 2808 2017 2877 respondit,

434 2910 490 2958 et
522 2900 721 2957 similis
769 2898 947 2953 factus
976 2904 1061 2952 est
1090 2896 1166 2949 illi
1200 2912 1215 2953 :
1253 2895 1347 2966 qui
1385 2910 1515 2949 vero
1562 2896 1814 2964 improba
1844 2911 2020 2951 enun-

435 2990 591 3049 tianti
625 3003 749 3044 sese
773 2989 1053 3057 opposuit,
1103 3000 1206 3041 nec
1249 2985 1603 3041 exsecrandis
1648 2984 1794 3042 illius
1838 2986 2020 3042 verbis

438 3094 722 3138 assensum
756 3086 1018 3149 praestare
1039 3072 1328 3143 sustinuit,
1360 3075 1696 3146 respondere
1725 3077 1926 3132 dicitur
1952 3079 2017 3132 ad

436 3173 721 3231 stultitiam
779 3169 963 3236 illius;
1000 3168 1107 3224 hoc
1161 3175 1266 3231 est,
1324 3175 1515 3223 contra
1545 3166 1691 3222 illius
1727 3166 2014 3222 stultitiam
2043 3202 2089 3263 Ο

438 3264 759 3335 palmarium
794 3260 1058 3330 optimum
1084 3259 1295 3326 habuit,
1329 3268 1703 3330 tropaeumque
1744 3273 2013 3315 consensu

435 3356 679 3412 omnium
706 3353 908 3418 erexit,
972 3351 1227 3422 pharetra
1257 3350 1583 3421 sagittarum
1632 3350 1877 3406 veritatis
1901 3392 1915 3417 ,
1953 3366 2016 3406 ac

437 3448 681 3503 cmlestis
705 3445 991 3515 sapientiae
1032 3443 1299 3500 adversus
1336 3441 1668 3507 stultitiam,
1711 3455 2016 3512 vanamque

438 3539 671 3609 improbi
704 3536 962 3606 sophista:
984 3534 1297 3606 Opinionem
1324 3547 1478 3588 usus.

827 3715 1102 3773 CXLVIII.
1142 3746 1207 3756 —
1242 3712 1631 3771 SOZDMENO.

508 3812 796 3866 Peccatum
830 3810 964 3863 fumi
1012 3809 1190 3863 instar
1228 3808 1495 3862 citissime
1524 3802 1885 3870 dissolvitur;
1916 3803 2017 3859 de-

437 3905 547 3957 hita
587 3918 717 3957 vero
746 3902 958 3973 punitio
983 3910 1039 3956 ct
1090 3915 1249 3971 poena
1275 3901 1341 3954 ad
1368 3915 1493 3968 qua:
1546 3895 1753 3955 saecula
1793 3906 2014 3969 protra-

439 3995 612 4049 hitur?
638 3996 681 4049 si
718 3995 830 4049 haac
861 4001 1042 4049 tecum
1069 3991 1526 4057 consideraveris,
1551 3991 1794 4045 maximo
1819 3992 2016 4048 timore

437 4096 491 4139 et
526 4095 763 4141 tremore
791 4084 1155 4139 concutieris.

540 4177 649 4246 62
680 4173 912 4230 CXLIX.
941 4204 1011 4214 —
1030 4171 1377 4230 CORNELIO
1412 4172 1901 4232 PRESBYTERO.

510 4267 649 4333 Quid
683 4265 939 4334 estquod
968 4266 1045 4318 ait
1075 4265 1372 4334 Apostolus
1407 4283 1419 4317 :
1454 4282 1473 4314 ι
1516 4260 1633 4320 Etsi
1656 4266 2015 4337 cognovimus

439 4360 741 4415 secundum
789 4372 1011 4412 carnem
1062 4357 1346 4411 Christum
1376 4394 1391 4418 ,
1421 4355 1517 4411 sed
1575 4371 1722 4411 nunc
1766 4356 2011 4412 nondum

440 4449 826 4520 cognoscimus
842 4448 923 4501 '5?
953 4465 972 4500 ι
999 4445 1245 4517 Namque
1267 4454 1488 4517 propter
1509 4459 1753 4502 nostram
1779 4448 2009 4503 salutem

2113 610 2232 688 θεία
2264 609 2452 681 Γραφὴ
2487 609 2626 663 κατά
2660 609 2753 662 τοῦ
2788 609 2983 679 φθόνου
3013 610 3204 663 λαλεῖς
3249 610 3397 663 πᾶσα
3428 612 3536 683 γὰρ
3565 613 3694 682 ἁγία

2113 706 2499 772 προσφώνησις
2542 701 2686 756 κατά
2726 701 2924 763 παντὸς
2958 700 3057 770 μὲν
3100 701 3327 765 πάθους,
3378 703 3613 772 μάλιστα
3641 705 3699 757 δὲ

2114 792 2256 845 κατὰ
2285 792 2480 860 φθόνου
2516 792 2610 845 τοῦ
2658 792 2903 864 ὀλεθρίου
2944 791 3189 847 τίθεσθαι
3232 793 3421 847 εἴωθεν
3458 793 3694 865 ἰσχυρὼ-

2113 902 2250 937 τατα
2279 884 2439 938 ὅπλα.
3030 952 3033 955 _

2592 976 2786 1043 FMG".
2823 1005 2891 1015 —-
2930 973 3012 1039 Τῷ
3042 974 3223 1040 αὐτῷ.

2196 1089 2211 1121 ι
2259 1068 2561 1133 Ἐπιποθεῖ,
2610 1068 2797 1137 φησὶν,
2825 1069 2885 1121 τὸ
2940 1069 3191 1137 πνεῦμα,
3221 1066 3249 1118 ὃ
3304 1066 3621 1136 κατῴκησεν
3667 1068 3695 1117 6

2115 1163 2246 1225 Θεὸς
2301 1164 2359 1215 ὲν
2401 1164 2554 1232 ἡμῖν.
2591 1179 2609 1213 ι
2661 1161 2725 1213 Τί
2755 1160 2810 1212 δὲ
2863 1159 3140 1226 ἐπιποθεῖ,
3179 1160 3271 1212 καὶ
3318 1159 3565 1230 στέργει,
3598 1160 3696 1212 καὶ

2117 1256 2308 1325 ἀγαπᾷ
2338 1254 2398 1306 τὸ
2433 1255 2575 1306 θεῖον
2597 1252 2900 1322 ῐΙνεῦμα,ἢ
2931 1253 3028 1323 τὴν
3054 1253 3266 1315 ἕνωσιν,
3300 1252 3393 1305 καὶ
3416 1252 3693 1321 ὁμόνοιαν,

2118 1347 2215 1398 καὶ
2244 1345 2339 1415 τὴν
2375 1344 2728 1414 φιλαλληλίαν
2762 1344 2869 1396 τῶν
2912 1343 3192 1413 ἀδελφῶν;
3229 1344 3291 1395 'll
3320 1342 3375 1394 δὲ
3416 1342 3601 1412 ἀγάπη
3632 1344 3698 1394 ὲκ

2117 1437 2619 1507 ταπεινοφροσύνης
2674 1437 2768 1489 καὶ
2823 1435 3114 1498 εὐλαϐείας
3154 1437 3473 1495 κυΐσκεται,
3521 1435 3583 1486 τὸ
3639 1434 3697 1487 δὲ

2120 1531 2276 1599 μῖσος
2306 1531 2403 1582 καὶ
2434 1530 2468 1600 ἡ
2514 1528 2687 1601 πικρὰ
2722 1527 2995 1598 βασκανία
3040 1530 3101 1581 ἐκ
3128 1527 3229 1596 τῆς
3269 1525 3566 1598 ὑπερσᾲίας
3601 1527 3697 1578 καὶ

2116 1619 2406 1683 ἀλαζονίας
2462 1619 2858 1691 προσέρχεται·
2893 1618 2975 1671 διὸ
3015 1619 3259 1688 εἴρηται,
3295 1619 3377 1673 ὅτι
3410 1636 3429 1668 ι
3471 1618 3529 1671 '0
3564 1616 3697 1678 Θεὸς
3794 1664 3795 1667 η

2124 1711 2497 1784 ὑπερηφάνοις
2538 1711 2938 1776 ἀντιτάσσεται,
2972 1730 2991 1764 ι
3035 1710 3123 1764 διὰ
3164 1710 3265 1779 τὴν
3298 1711 3554 1764 ἀπόνοιαν
3602 1711 3703 1764 αὑ-

2118 1805 2226 1858 τῶν
2262 1803 2815 1875 ἀντιστρατευόμενος
2840 1804 3048 1865 αὑτοῖς,
3075 1802 3328 1875 καθάπερ
3359 1801 3437 1872 τῷ
3468 1802 3703 1874 πρώτως

2118 1897 2216 1968 τὴν
2241 1896 2624 1967 ὑπερηφανίαν
2648 1897 2942 1967 νοσήσαντι
2983 1896 3196 1967 Σατανᾷ
3216 1911 3231 1926 ⁸
3271 1913 3289 1947 ι
3317 1896 3604 1957 Ταπεινοῖς
3643 1896 3704 1948 δὲ

2118 1990 2302 2043 δίδωσι
2338 1989 2519 2059 χάριν,
2560 2007 2577 2041 ι
2609 1987 2880 2050 τουτέστι,
2920 1987 3269 2057 πνευματικά
3300 2003 3421 2040 τινα
3462 1985 3706 2056 πηγάζει

2117 2080 2437 2150 δωρήματα,
2486 2081 2597 2142 τοῖς
2643 2078 2732 2133 διὰ
2786 2079 2877 2132 τον
2928 2078 3061 2132 Θεὸν
3109 2075 3503 2131 ταπεινοῦσθαι
3538 2093 3705 2130 σπου-

2118 2168 2278 2231 δάζου
2288 2186 2358 2223 σι.

2602 2259 2781 2312 PMZ'.
2819 2289 2885 2298 —
2924 2256 3009 2323 Τῷ
3035 2255 3215 2321 αὐτῷ.

2195 2367 2214 2401 ι
2256 2350 2347 2421 Μὴ
2382 2350 2704 2421 ἀποκρίνου,
2746 2350 2879 2420 φησὶ
2909 2347 3181 2419 Σολομῶν,
3209 2346 3289 2417 τῷ
3335 2347 3531 2417 ἄφρονι
3561 2344 3707 2399 κατὰ

2118 2441 2218 2512 τὴν
2256 2441 2570 2511 ἀφροσύνην
2622 2440 2808 2506 αὑτοῦ,
2853 2441 2939 2493 ἵνα
2996 2440 3071 2511 μὴ
3108 2442 3295 2509 ὅμοιος
3331 2439 3464 2512 γένῃ
3519 2437 3703 2509 αὑτῷ·

2119 2533 2416 2604 ἀποκρίνου
2450 2533 2508 2586 δὲ
2535 2533 2612 2603 τῷ
2657 2532 2851 2603 ἄφρονι
2882 2532 3020 2603 πρὸς
3050 2531 3148 2602 τὴν
3179 2530 3490 2602 ἀφροσύνην
3513 2530 3704 2594 αὑτοῦ,

2121 2625 2208 2677 ἵνα
2234 2624 2309 2695 μὴ
2344 2625 2606 2695 φρόνιμος
2638 2623 2769 2690 παρ’
2802 2622 2978 2693 ἑαυτῷ
3005 2622 3283 2692 φαίνηται.
3309 2641 3329 2675 ι
3367 2622 3427 2674 '0
3469 2622 3566 2692 μὲν
3590 2624 3707 2691 γὰρ

2120 2715 2371 2771 λαλοῦντι
2402 2714 2480 2785 τῷ
2510 2716 2707 2785 ἄφρονι
2739 2715 2808 2769 τὰ
2842 2712 3231 2783 ἐναντιούμενα
3250 2716 3362 2777 τοῖς
3393 2712 3575 2782 νόμοις
3607 2710 3706 2764 τοῦ

2119 2806 2276 2874 Θεοῦ,
2310 2807 2408 2861 καὶ
2446 2805 2910 2878 προσκαλουμένῳ
2948 2806 3029 2868 εἰς
3067 2805 3344 2877 ἁμαρτίαν
3374 2819 3707 2871 συγκατατι-

2120 2900 2365 2970 θέμενος,
2411 2902 2506 2953 καλ⁵
2556 2899 2854 2963 συναινῶν,
2898 2896 3174 2969 ἀπεκρίθη
3215 2897 3359 2950 κατά
3406 2891 3508 2966 ⁵τὴν
3532 2896 3707 2964 ἀφρο-

2121 2990 2289 3059 σύνην
2314 2990 2409 3042 τοῦ
2433 2990 2683 3059 ἄφρονος,
2717 2988 2811 3041 καὶ
2836 2987 3093 3059 ὡμοιώθη
3125 2986 3304 3057 αὑτῷ·
3337 2987 3366 3038 6
3396 2984 3441 3038 δ’
3481 2985 3707 3039 ἀντιτα-

2120 3081 2353 3152 ξάμενος
2386 3080 2462 3152 τῷ
2482 3080 2745 3152 φράζοντι
2773 3080 2842 3133 τὰ
2869 3079 3068 3149 φαῦλα,
3101 3079 3196 3133 καὶ
3225 3080 3300 3149 μὴ
3334 3076 3706 3147 ἀνασχόμενος

2122 3173 2401 3227 συνδιάσαι
2440 3172 2519 3243 τῷ
2565 3173 3001 3244 μιαρορρήμονι,
3052 3167 3445 3240 ἀποκρίνεσθαι
3483 3169 3707 3236 λέγεται

2119 3265 2256 3335 πρὸς
2304 3265 2403 3335 τὴν
2435 3262 2750 3335 ἀφροσύνην
2776 3262 2965 3327 αὑτοῦ,
2982 3261 3226 3315 τουτέστι
3252 3260 3395 3314 κατὰ
3411 3260 3506 3329 τῆς
3528 3260 3704 3330 ἀφρο-

2120 3357 2285 3428 σύνης
2307 3357 2472 3409 αὑτοῦ
2495 3356 2792 3426 ἀπεδείχθη
2821 3356 3041 3423 ἄριστος
3067 3352 3292 3422 νικητὴς
3322 3351 3704 3422 τροπαιοῦχος,

2116 3452 2182 3520 τῇ
2207 3448 2471 3519 βελοθήκῃ
2490 3449 2589 3519 τῆς
2616 3447 2894 3518 ἀληθείας,
2917 3447 3133 3515 καὶτῆς
3155 3444 3478 3517 ἐπουρανίου
3511 3445 3707 3513 σοφίας

2117 3538 2462 3609 χρησάμενος
2509 3539 2650 3591 κατᾶ
2681 3541 2780 3609 τῆς
2822 3536 3154 3608 ἀφροσύνης,
3197 3534 3293 3588 καὶ
3327 3534 3427 3603 τῆς
3464 3537 3706 3604 ματαίας

2118 3632 2347 3702 οἰήσεως
2387 3629 2481 3683 τοῦ
2512 3629 2751 3701 πονηροῦ
2784 3628 3065 3698 σοφιστοῦ.

2560 3722 2750 3776 PMH’.
2783 3749 2852 3762 -—-
2882 3721 3266 3792 ΣΩΖΟΜΕΝῼ.

2201 3814 2265 3866 Ἡ
2298 3814 2395 3884 μὲν
2423 3811 2667 3883 ἁμαρτία
2710 3809 2869 3881 δίκην
2922 3810 3133 3865 καπνοῦ
3161 3810 3355 3864 θᾶττον
3382 3810 3660 3864 διαλύεται
3686 3824 3702 3841 δ

2118 3903 2150 3974 ἡ
2190 3903 2246 3958 δὲ
2279 3901 2606 3973 ὀφειλομένη
2639 3900 2907 3971 τιμωρία,
2948 3901 3044 3953 καὶ
3078 3900 3320 3965 κόλασις,
3352 3900 3446 3953 ἐπὶ
3500 3901 3704 3964 πόσους

2119 3993 2323 4055 αἰῶνας
2348 3992 2643 4046 ἐντείνεται
2669 4009 2685 4060 ;
2720 3990 2847 4045 Ἐὰν
2878 3989 3089 4061 λογίση,
3140 3990 3427 4061 φοὸηοὴσῃ
3466 3990 3700 4060 μεγάλα,

2118 4086 2211 4139 καὶ
2242 4084 2560 4156 τρομάξεις.

2331 4175 2513 4230 ΡΜΘ’.
2544 4173 2980 4247 -ΚΟΡΝΗΔΙῼ
3016 4172 3486 4244 ΠΡΕΣΒΥΤΕΡῼ.

2186 4267 2251 4319 Τί
2319 4268 2504 4332 ἐστιν,
2561 4268 2698 4337 ὅπερ
2754 4269 2917 4339 φησὶν
2974 4268 3004 4320 6
3066 4266 3422 4331 Ἀπόστολος·
3466 4283 3485 4315 ι
3531 4265 3593 4318 ΕΞ
3646 4264 3706 4317 δὲ

2116 4361 2210 4414 καὶ
2269 4358 2589 4429 ἐγνώκαμεν
2645 4360 2788 4413 κατά
2834 4360 3012 4431 σάρκα
3058 4359 3329 4432 Χριστὸν,
3403 4357 3542 4411 ἀλλὰ
3608 4358 3707 4410 νῦν

2115 4448 2297 4501 οὑκέτι
2353 4448 2735 4519 γινώσκομεν;
2784 4469 2802 4500 ι
2862 4449 3081 4519 Ἐπειδὴ
3130 4449 3221 4503 διά
3287 4448 3386 4519 τὴν
3428 4446 3706 4518 ἡμετέραν

440 4543 708 4597 Dominus
748 4540 909 4595 homo
940 4539 1142 4603 factus,
1177 4549 1386 4593 etcum
1436 4538 1750 4593 hominibus
1791 4553 2014 4594 conver-

2125 4539 2398 4610 σωτηρίαν
2425 4540 2455 4591 6
2483 4540 2761 4611 Δεσπότης
2786 4541 3073 4613 ἄνθρωπος
3114 4541 3427 4611 γενόμενος,
3456 4540 3555 4595 καὶ
3587 4542 3708 4604 τοῖς

437 4642 611 4694 satus,
641 4640 699 4686 ut
723 4630 1000 4702 pr0priam
1019 4630 1460 4685 incarnationem
1482 4643 1664 4683 veram
1681 4628 2015 4696 ostenderet;

439 4742 548 4779 non
581 4731 794 4779 tantum
835 4722 1102 4792 puerulus
1130 4720 1311 4775 adhuc
1340 4719 1426 4773 lac
1458 4719 1630 4782 suxit,
1659 4725 1718 4773 ut
1748 4719 1911 4790 plane
1942 4721 2019 4775 vi-

438 4815 695 4881 debatttt‘,
734 4814 828 4870 sed
868 4812 1089 4868 adultus
1134 4812 1300 4866 etiam
1338 4802 1618 4877 comedit,
1670 4819 1727 4867 et
1772 4810 1927 4877 bibit,
1962 4819 2017 4866 et

441 4905 735 4970 laboravit,
754 4913 807 4960 et
830 4919 1085 4959 somnum
1110 4904 1278 4973 cepit,
1303 4902 1541 4973 ﬂagellis
1562 4915 1762 4965 caesus,
1779 4910 1835 4957 ct
1860 4902 2015 4958 cruci

430 4994 631 5061 aliixus
650 4980 753 5061 est,
789 5004 898 5051 etc.
929 4995 1186 5049 Attamen
1218 5001 1341 5063 post
1372 4993 1545 5061 ipsius
1567 5007 1634 5047 ex
1660 4993 1894 5048 mortuis
1923 5008 2007 5048 re-

440 5088 860 5153 surrectionem,
900 5102 1006 5141 non
1041 5085 1276 5156 amplius
1299 5085 1549 5154 corporis
1577 5085 2017 5152 aagritudinibus,

440 5185 493 5230 et
572 5176 1001 5232 necessitatibus
1047 5175 1315 5246 subiacet.
1370 5172 1667 5244 Propterea
1719 5175 2017 5244 Apostolus

440 5269 513 5319 ait
542 5285 555 5321 :
585 5266 703 5319 Non
736 5268 879 5320 ultra
930 5266 1315 5337 cognoscimus
1330 5265 1612 5321 Christum
1642 5266 2016 5336 passionibus,

440 5357 874 5423 inﬁrmitatibus,
902 5366 957 5412 et
993 5358 1155 5412 morti
1196 5358 1520 5413 obnoxium.
1550 5357 1744 5413 Virtus
1770 5373 2011 5429 namque

440 5447 747 5502 divinitatis
778 5447 927 5502 illius
954 5449 1193 5503 humana
1237 5450 1421 5503 omnia
1446 5450 1747 5520 superavit.
1780 5449 1843 5503 Et
1890 5450 2016 5505 licet

441 5555 609 5607 nunc,
640 5547 694 5594 et
729 5541 783 5594 in
820 5540 1005 5595 futura
1036 5543 1234 5598 saecula
1266 5544 1323 5596 in
1358 5552 1553 5599 sancto
1578 5559 1833 5614 corpore,
1869 5545 2013 5613 quod

440 5644 599 5687 antea
629 5631 734 5687 sub
758 5629 934 5688 Pilato
960 5633 1113 5687 cruci
1163 5633 1389 5690 aflixum
1419 5635 1521 5689 fuit
1545 5676 1561 5699 ,
1612 5643 1665 5689 et
1717 5634 2017 5704 sepultura:

510 5815 553 5845 "
586 5812 699 5867 Jac.
726 5830 797 5877 Iv,
840 5814 892 5867 5.
971 5814 1015 5843 "
1058 5814 1219 5869 Prov.
1278 5828 1357 5880 ιιι,
1394 5816 1465 5869 3i
1513 5816 1675 5881 ;Jac.
1727 5835 1799 5886 tv,
1836 5821 1887 5874 6.
1966 5822 2010 5853 ³³
2063 5821 2192 5876 ibid.
2271 5821 2314 5853 ”
2347 5819 2504 5875 Prov.
2544 5834 2691 5887 xxvi,
2726 5820 2781 5887 4,
2810 5820 2863 5876 5.

2124 4630 2432 4702 ἀνθρώποις
2464 4632 3041 4703 συναναστρεφόμενος
3061 4674 3075 4698 ,
3138 4632 3227 4685 ἵνα
3260 4631 3405 4701 δείξῃ
3446 4630 3707 4701 ἀληθινὴν

2123 4723 2220 4793 τὴν
2248 4722 2457 4777 οἰκείαν
2493 4724 2790 4795 σάρκωσιν,
2838 4722 2900 4775 οὑ
2936 4723 3096 4795 μόνον
3124 4722 3468 4793 ὲγαλουχήθη
3506 4721 3707 4793 βρέφος

2121 4814 2407 4885 τυγχάνων
2455 4816 2593 4869 κατά
2620 4815 2680 4869 τὸ
2726 4814 3057 4885 βλεπόμενον
3078 4855 3093 4881 ,
3130 4815 3271 4868 ἀλλά
3323 4817 3419 4869 καὶ
3444 4814 3707 4885 αὐξηθεὶς

2124 4906 2372 4977 βέϐρωκὲ
2415 4925 2474 4961 τε
2508 4910 2602 4961 καὶ
2645 4909 2903 4962 πέπωκεν
2930 4951 2945 4975 ,
2984 4908 3244 4962 ἐκοπίασε
3281 4925 3343 4961 τε
3383 4907 3479 4961 καὶ
3526 4906 3708 4959 ὑπνω-

2123 5015 2251 5063 σεν,
2299 4998 2606 5070 ἐμαστίχθη
2657 5016 2716 5051 τε
2761 4999 2855 5052 καὶ
2904 4998 3251 5070 ἐσταυρώθη,
3296 4997 3389 5051 καὶ
3431 4997 3501 5050 τὰ
3552 4998 3702 5067 ἑξῆς.

2118 5089 2276 5143 Μετά
2302 5089 2360 5143 δὲ
2390 5088 2488 5161 τὴν
2510 5090 2806 5145 ἀνάστασιν
2828 5090 2997 5144 αὑτοῦ
3024 5090 3123 5161 τὴν
3161 5091 3227 5142 ὲκ
3255 5089 3489 5159 νεκρῶν,
3515 5089 3701 5153 οὐκέτι

2121 5181 2421 5235 ὑποπίπτει
2454 5183 2574 5245 ταῖς
2600 5180 2694 5233 τοῦ
2727 5181 2979 5251 σώματος
3003 5180 3333 5246 ἀσθενείαις,
3363 5182 3459 5233 καὶ
3491 5180 3706 5251 χρείαις

2120 5273 2478 5342 ἀναγκαίαις
2511 5273 2598 5325 διὰ
2628 5273 2786 5325 τοῦτό
2814 5290 2980 5345 φησιν
3014 5275 3042 5325 ὁ
3084 5273 3427 5337 Ἀπόστολος,
3449 5274 3531 5326 ὅτι
3564 5272 3707 5324 06x-

2125 5362 2205 5412 έτι
2245 5358 2587 5429 γινώσκομεν
2634 5360 2725 5413 τὸν
2760 5361 2994 5431 Χριστὸν
3034 5362 3299 5433 παθητὸν,
3338 5363 3433 5415 καὶ
3474 5360 3702 5430 ἀσθενῆ,

2126 5453 2220 5506 καὶ
2258 5451 2579 5521 θνήσκοντα.
2621 5451 2933 5523 Ἐξενίκησε
2975 5452 3145 5523 γὰρὴ
3186 5452 3415 5523 δύναμις
3456 5452 3558 5523 τῆς
3588 5452 3706 5504 θεό-

2124 5563 2283 5615 τητος
2317 5544 2483 5597 αὑτοῦ
2514 5546 2692 5599 πάντα
2721 5546 2788 5621 τὰ
2818 5548 3155 5618 ἀνθρώπινα.
3183 5547 3302 5600 Κάν
3325 5546 3434 5616 γὰρ
3467 5546 3704 5615 ὑπάρχει

2125 5642 2220 5692 καὶ
2258 5639 2372 5702 νῦν,
2404 5638 2497 5691 καὶ
2528 5641 2606 5701 είς
2636 5641 2761 5701 τοὺς
2795 5638 3088 5707 αἱῶναςσὲν
3110 5639 3185 5709 τῷ
3207 5638 3346 5708 ἁγίῳ
3376 5634 3589 5708 σώματι
3627 5635 3705 5703 τῷ

2942 5821 2987 5852 ⁵³
3028 5818 3067 5873 ll
3108 5818 3235 5874 Cor.
3266 5836 3318 5882 γ,
3354 5816 3443 5871 16.
