4024 6218
402 278 509 342 145

1619 296 2153 358 ΕΡΙΞΤΟΙΛΒΠΜ
2188 302 2329 361 LIB.
2369 303 2416 363 Ι.

3551 312 3652 377 146

398 393 592 464 πρώην
617 392 712 445 ἐπὶ
742 393 834 445 τοῦ
887 392 1117 449 Πιλάτου
1160 400 1541 470 σταυρωθέντι,
1604 407 1697 458 καὶ
1740 405 1959 474 ταφέντι

2090 410 2370 474 traditum.
2408 418 2461 467 et
2517 416 2863 482 postmodum
2909 434 2971 472 ex
3028 423 3259 476 mortuis
3308 429 3648 495 resurrexit,

394 487 493 539 καὶ
526 485 821 538 ἀναστάντι
848 487 910 538 ἐκ
944 488 1173 557 νεκρῶν,
1198 490 1315 544 ἀλλ’
1336 494 1485 562 ὅμως
1516 495 1702 549 οὐκέτι
1726 497 1976 552 πείσεται

393 576 735 648 ἀνθρώπινα,
775 579 869 629 καὶ
900 578 961 630 τὸ
994 579 1151 650 σῶμα
1189 581 1302 651 ἔχει
1330 586 1628 657 ἀγήρατον,
1653 588 1975 661 ἀπήμαντον

393 687 450 722 τε
479 670 570 721 καὶ
601 671 875 739 ἄχραντον
905 672 984 732 εἰς
1004 672 1131 735 τοὺς
1160 675 1382 741 αἰῶνας.

632 759 762 815 PN'.
787 789 858 800 --
888 760 1225 835 ΓΕΡΟΝἸἹῼ
1264 767 1728 828 ΕΚΣΚΕΠΤΩΡΙ.

474 869 490 899 ι
521 851 615 919 Μὴ
666 857 1110 921 συγκοινωνείτε,
1160 860 1324 928 φησὶν
1372 863 1401 914 ό
1452 863 1772 929 Ἀπόστολος
1798 906 1811 929 ,
1862 869 1972 931 τοῖς

388 942 669 1013 ἀκάρποις
710 943 895 1015 ἔργοις
941 945 1036 999 τοῦ
1095 951 1343 1015 σκότους.
1382 971 1401 1004 ι
1441 954 1574 1007 Τίνα
1606 957 1715 1026 γὰρ
1763 957 1974 1028 καρπὸν

390 1034 570 1103 εἴχετε
599 1036 657 1087 ἐν
686 1038 799 1098 τοῖς
829 1037 923 1089 τοῦ
968 1040 1160 1108 νοητοῦ
1205 1040 1436 1097 θανάτου
1470 1047 1740 1115 ὀψωνίοις,
1769 1052 1855 1121 ἐφ’
1894 1047 1974 1117 οἷς

389 1126 488 1178 νῦν
510 1127 948 1203 ἐπαισχύνεσθε;
995 1129 1241 1203 Ἀληθῶς
1283 1136 1393 1207 γὰρ
1436 1136 1664 1209 ἄκαρπα
1714 1144 1972 1214 τυγχάνει

362 1219 463 1273 κτὰ
512 1219 769 1289 ἔργατὰ
818 1222 1069 1293 πονηρὰ,
1120 1226 1215 1278 καὶ
1255 1228 1405 1281 πᾶσα
1451 1236 1699 1303 σκοτεινὴ
1750 1236 1971 1305 πρᾶξις.

391 1314 573 1365 Ὅταν
610 1312 671 1365 δὲ
699 1314 733 1382 ἡ
778 1313 927 1384 ψυχὴ
969 1315 1171 1387 δυνηθῇ
1202 1318 1495 1389 ἀνανῆψαι,
1535 1325 1630 1376 καὶ
1670 1325 1749 1387 είς
1794 1326 1976 1379 συναί-

390 1404 586 1473 σθησιν
628 1404 828 1468 ἐλθεῖν,
865 1405 1096 1479 ἐρυθριᾷ
1159 1410 1365 1479 μᾶλλον
1412 1415 1508 1466 καὶ
1542 1415 1856 1487 αἰσχύνεται
1883 1419 1977 1472 ἐπὶ

395 1497 513 1559 τοῖς
552 1497 953 1567 ἁμαρτηθεῖσιν
977 1500 1035 1553 ὲν
1056 1504 1122 1570 τῇ
1159 1502 1297 1574 μέθῃ
1324 1505 1423 1575 τῆς
1458 1507 1676 1573 κακίας,
1704 1509 1797 1563 καὶ
1827 1512 1978 1564 ὲναύ-

398 1602 594 1655 γατμα
618 1588 865 1656 εὑρίσκει
898 1592 1275 1663 σωφροσύνης.

672 1680 849 1735 PNA’.
871 1713 940 1724 —
962 1684 1326 1757 ΥΠΑΦΛΩΡῼ
1367 1684 1688 1763 maxime.

2079 499 2185 564 sit;
2217 501 2576 557 nihilominus
2598 520 2703 559 non
2731 507 2873 559 ultra
2901 510 3138 565 humana
3168 514 3419 582 patietur,
3449 532 3650 586 corpus

2079 589 2285 647 habens
2305 596 2449 662 quod
2476 610 2652 664 neque
2689 613 2997 665 senescere,
3035 619 3208 673 neque
3249 607 3408 661 noxis
3438 618 3647 677 pertur-

2078 680 2218 747 bari,
2248 699 2424 754 neque
2441 687 2700 742 sordibus
2731 680 3008 759 inquinari
3034 695 3089 748 in
3121 697 3319 751 saecula
3344 710 3539 768 potest.

2344 772 2451 828 CL.
2483 808 2551 819 --
2584 776 2932 836 ΟΕΒΟΝΤΙΟ
2967 782 3375 845 EXCEPTURI.

2156 884 2172 915 ι
2212 863 2289 920 Ne
2335 870 2777 932 communicctis.
2816 874 2893 925 ait
2930 873 3242 944 Apostolus,
3294 882 3653 943 infructuosis

2075 957 2334 1025 operibus
2372 960 2721 1015 tenebrarum
2748 964 2813 1017 ⁸⁸.
2847 983 2864 1015 ι
2906 965 3204 1032 Quemnam
3241 973 3386 1026 enim
3416 976 3650 1033 fructum

2078 1045 2132 1098 in
2165 1046 2554 1103 intellectualis
2590 1053 2782 1106 mortis
2812 1054 3065 1111 obsoniis
3098 1058 3406 1129 habebatis,
3434 1068 3505 1121 ob
3531 1084 3652 1136 qua:

2078 1152 2227 1191 nime
2255 1141 2746 1195 verecundamini?
2781 1143 2913 1197 Nam
2956 1159 3083 1200 vere
3134 1147 3479 1207 infructuosa
3524 1168 3654 1210 sunt

2078 1238 2243 1293 opera
2272 1241 2460 1295 prava,
2491 1237 2545 1283 et
2568 1231 2824 1298 quaelibet
2855 1234 3203 1291 tenebricosa
3226 1238 3395 1294 actio.
3427 1241 3655 1307 Quando

2079 1329 2207 1370 vero
2238 1319 2421 1371 anima
2454 1321 2506 1373 in
2540 1320 2816 1376 saniorem
2853 1335 3091 1380 mentem
3127 1328 3371 1397 redacta,
3410 1349 3497 1391 res
3538 1351 3566 1389 a
3598 1353 3658 1392 se

2078 1414 2260 1473 gestas
2300 1411 2624 1478 perceperit,
2652 1420 2783 1466 tunc
2807 1416 2989 1483 potius
3017 1418 3294 1474 erubescit
3321 1429 3374 1476 et
3396 1439 3659 1482 verecun-

2077 1494 2257 1559 datur,
2299 1498 2404 1568 63
2432 1515 2526 1568 pro
2574 1503 2813 1570 peccatis
2836 1505 2887 1556 in
2926 1505 3234 1575 iniquitatis
3270 1512 3534 1569 ebrietate
3560 1531 3657 1587 pa—

2077 1586 2267 1650 tratis,
2328 1591 2784 1661 Splendoremquc
2836 1598 3187 1652 continentia:
3224 1604 3513 1670 comperit.

2336 1680 2465 1734 CLI.
2508 1712 2573 1721 —-
2610 1682 3027 1743 IIYPAFLORD
3072 1690 3389 1750 DIACONO.

468 1770 554 1839 Μὴ
587 1770 899 1845 ἀθυμήσῃς,
934 1775 1051 1829 ἀλλ’
1082 1756 1334 1850 ἀνδρίζου
1376 1784 1607 1855 γενναίῳ
1638 1756 1966 1858 ᾇρονήματι.

2148 1766 2231 1825 Ne
2257 1771 2602 1843 deSpondeas
2632 1777 2873 1831 animum
2903 1820 2917 1844 ,
2968 1780 3061 1835 sed
3109 1787 3395 1853 generosis
3438 1788 3659 1859 cogita-

404 1862 461 1914 Ὀ
492 1862 599 1933 γὰρ
633 1864 878 1934 ἀνδρεῖος
898 1864 1011 1941 ⁴κὲιν
1064 1869 1122 1920 ὲν
1170 1870 1448 1943 τραύμασι
1482 1875 1727 1947 γένηται,
1760 1881 1977 1945 πάντως

384 1955 599 2023 νικήσει
626 1955 723 2009 καὶ
751 1958 1092 2028 τραυματίας
1125 1961 1449 2033 μαχόμενος.

635 2130 805 2184 PNB’.
843 2164 908 2172 -
932 2136 1245 2210 ΟΛΥΜΠΙῼ
1271 2141 1724 2219 ΣΧΟΛΛΣΤΙΚῼ.

457 2219 548 2289 Μὴ
580 2221 808 2289 γένοιτο.
837 2227 912 2279 Οὐ
941 2225 1086 2296 λέγει
1114 2231 1241 2301 περὶ
1270 2233 1463 2289 ἑαυτοῦ
1484 2238 1511 2289 ὁ
1536 2238 1678 2303 θεῖος
1715 2243 1975 2298 Ἀποστο-

382 2312 635 2376 togati“
661 2313 851 2369 Βλέπω
872 2319 1058 2390 ἕτερον
1094 2322 1256 2392 νόμον
1284 2326 1345 2379 ἐν
1370 2330 1479 2391 τοῖς
1508 2330 1695 2399 μέλεσί
1727 2352 1829 2404 μου
1857 2338 1978 2408 αἰχ-

384 2401 760 2468 μαλωτίζοντά
777 2424 845 2476 με
870 2408 959 2462 διά
977 2410 1077 2481 τῆς
1100 2413 1394 2487 ἁμαρτίαςο
1422 2437 1439 2469 ι
1462 2420 1579 2472 ἀλλ’
1596 2424 1661 2475 ἐκ
1684 2401 1975 2495 προσώπου

377 2496 451 2546 τὰ
477 2497 701 2551 τοιαῦτα
729 2498 1027 2569 φθέγγεται
1057 2505 1165 2558 τῶν
1193 2507 1536 2578 ὀχλουμένων
1573 2516 1673 2583 μὲν
1711 2519 1818 2571 ὑπὸ
1847 2537 1975 2593 σαρ·

378 2585 554 2639 κικῶν
605 2588 813 2651 παθῶν,
846 2591 984 2662 πλὴν
1015 2594 1513 2669 ἀντιτασσομένων,
1570 2604 1662 2657 καὶ
1701 2606 1977 2662 νικώντων

380 2679 483 2746 μὲν
510 2680 582 2732 τὰ
615 2680 801 2749 πολλὰ,
833 2681 945 2737 ἐσθ’
978 2686 1066 2739 ὅτε
1109 2688 1166 2740 δὲ
1216 2690 1310 2743 καὶ
1343 2694 1487 2746 κατά
1515 2698 1868 2768 συναρπαγὴν
1897 2719 1975 2754 νι-

379 2771 667 2841 κωμένων.

879 2875 1049 2931 ΡΝΓ¹.
1077 2870 1167 2919 -’
1189 2879 1272 2946 Τῷ
1297 2882 1476 2948 αὐτῷ.

462 2961 671 3032 Ῥᾴδιον
716 2966 1041 3022 καταλαϐεῖν
1069 2969 1216 3024 ἔστιν
1269 2970 1523 3046 ἠθοποιία
1557 2977 1837 3049 χρώμενον
1883 2985 1974 3038 τὸν

2078 1862 2324 1918 tionibus
2357 1863 2517 1921 fortis
2546 1875 2686 1922 esto.
2716 1868 2897 1927 Fortis
2924 1888 3161 1944 namque
3188 1876 3315 1932 licet
3337 1881 3658 1936 vulneribus

2079 1962 2312 2019 seateat,
2345 1969 2403 2011 et
2439 1957 2763 2015 vulneribus
2797 1962 3014 2019 obsitus
3040 1979 3279 2036 pugnam
3314 1969 3500 2035 ineat,
3535 1987 3655 2027 om-

2081 2047 2212 2102 nino
2240 2049 2529 2105 victoriam
2563 2063 2956 2123 consequetur.

2316 2140 2471 2197 CLII.
2500 2174 2567 2184 —-
2594 2143 2896 2201 OLYMPIO
2932 2146 3422 2209 SCIIOLASTICO.

2147 2231 2305 2289 Absit
2334 2233 2459 2288 hoc.
2491 2233 2607 2289 Non
2639 2234 2708 2291 de
2747 2236 2933 2307 seipso
2958 2238 3192 2295 affirmat
3222 2242 3391 2319 divus
3417 2246 3653 2313 Aposto-

2081 2321 2163 2376 lus
2190 2362 2205 2387 ,
2253 2342 2271 2374 ι
2320 2322 2491 2380 Video
2526 2325 2689 2381 aliam
2731 2327 2902 2399 legem
2935 2329 2987 2383 iu
3020 2330 3281 2388 membris
3313 2336 3448 2391 meis
3481 2339 3654 2406 capti-

2078 2421 2296 2469 vantem
2334 2431 2422 2471 me
2482 2417 2532 2471 in
2587 2418 2702 2490 lege
2742 2421 3052 2491 peccati",
3098 2442 3117 2475 ι
3160 2424 3255 2489 sed
3302 2442 3367 2480 ex
3420 2443 3655 2496 persona

2077 2519 2270 2560 eorum
2296 2507 2561 2579 loquitur,
2586 2511 2678 2581 qui
2712 2513 2991 2570 similibus»
3019 2514 3479 2588 interturbantur,
3507 2532 3561 2577 et
3585 2526 3655 2579 ab

2079 2594 2362 2654 affectibus
2411 2602 2624 2657 carneis
2672 2614 3077 2683 oppqgnantur,
3126 2617 3497 2668 verumtamen
3533 2630 3657 2671 sese

2078 2699 2382 2758 opponunt,
2420 2703 2473 2747 et
2508 2701 2566 2748 ut
2599 2694 2893 2764 plurimum
2928 2696 3153 2752 victoria
3190 2700 3477 2768 potiuntur
3500 2742 3513 2768 ,
3549 2706 3655 2759 ali-

2079 2781 2299 2848 quando
2326 2783 2493 2837 etiam
2525 2786 2762 2856 correpti
2790 2788 3013 2842 cadunt.

2598 2877 2781 2934 CLIII.
2817 2909 2890 2922 -—
2920 2880 3129 2938 Eidem.

2149 2962 2268 3021 Non
2299 2975 2382 3022 est
2414 2968 2466 3022 id
2498 2968 2554 3023 in
2593 2968 2830 3037 difﬁcili,
2861 2972 3268 3044 deprehendere
3330 2982 3649 3049 Apostolum

382 3052 734 3117 Ἀπόστολον,
769 3058 835 3109 ἐκ
857 3057 952 3111 τοῦ
985 3058 1164 3128 λέγειν
1189 3077 1203 3090 '
1241 3082 1259 3114 ι
1309 3064 1452 3133 Ἐγὼ
1474 3066 1531 3118 δὲ
1562 3068 1657 3121 καὶ
1677 3069 1815 3133 ἔζων
1842 3074 1966 3127 ποτὲ

2079 3056 2408 3127 οιΙιουαιίοηι
2473 3076 2806 3133 usurpasse,
2877 3080 3004 3120 cum
3061 3066 3257 3126 dicat:
3293 3090 3312 3122 ι
3357 3071 3468 3142 Ego
3523 3091 3652 3131 vero

286 3172 297 3183 -
369 3143 553 3214 χωρὶς
580 3146 772 3216 νόμον.
811 3167 831 3198 ι
871 3151 983 3203 Καί
1028 3169 1110 3206 τοι
1162 3154 1415 3209 οὐδέποτε
1454 3158 1792 3215 ἀναπνεῦσαι
1816 3162 1967 3216 δεδύ-

367 3252 541 3305 νηται
568 3236 698 3290 ἄνευ
725 3240 820 3293 τοῦ
848 3241 1150 3297 Μωσαῖκοῦ
1202 3246 1369 3317 νόμου
1393 3265 1412 3288 ο
1469 3249 1533 3304 ὲκ
1563 3250 1672 3323 γὰρ
1702 3253 1829 3317 νέας
1856 3255 1971 3326 ἡλι-

367 3327 504 3390 κίας
533 3329 686 3399 παρά
709 3330 789 3402 τῷ
830 3332 869 3384 Γ
872 3335 1159 3408 αμαλιήλῳ
1183 3339 1273 3392 τὸν
1299 3340 1464 3411 νόμον
1495 3342 1739 3413 ἀκριϐῶς
1782 3348 1969 3413 ἐξεπε-

366 3419 654 3474 παίδευτο.
679 3422 809 3476 Τῶν.
852 3424 957 3492 ἔξω
1004 3428 1185 3483 τοίνυν
1226 3431 1508 3502 ζησάντων
1534 3436 1627 3489 τοῦ
1670 3439 1990 3496 Μωσαῖκοῠο

369 3510 543 3580 νόμον
572 3512 841 3585 λαμϐάνει
870 3518 929 3571 τὺ
956 3521 1273 3590 πρόσωπον.

811 3608 1522 3690 ΡΝΔ’.--ΜΔΞΙΜΙΑΝῼ.
1644 3654 1647 3655 ν
1760 3690 1761 3693 γ

452 3712 471 3744 ι
507 3694 598 3747 Ἐν
625 3696 791 3750 παντὶ
817 3698 961 3753 ἔθνει
983 3703 1012 3754 ὁ
1034 3702 1368 3773 φοϐούμενος
1387 3708 1479 3761 τὸν
1503 3709 1655 3774 Θεὸν,
1677 3729 1771 3767 και
1798 3716 1964 3784 ἐργα-

2078 3147 2323 3204 vivebam
2350 3150 2644 3223 aliquando
2662 3154 2782 3211 sine
2814 3155 2927 3227 lege
2954 3158 3023 3225 '3;
3059 3177 3078 3211 ο
3098 3159 3221 3215 licet
3237 3176 3507 3233 nusquam
3532 3168 3650 3223 sine

2074 3240 2190 3312 lege
2219 3240 2463 3298 Mosaica
2491 3244 2694 3302 ducere
2724 3248 2981 3317 spiritum
3028 3252 3302 3320 potuerit;
3349 3270 3378 3307 a
3442 3259 3649 3316 teneris

2070 3333 2239 3399 enim,
2270 3342 2330 3390 ut
2365 3335 2542 3400 aiunt.
2571 3337 2894 3408 unguiculis
2916 3341 3059 3411 apud
3092 3339 3443 3401 Gamalielem
3471 3348 3647 3420 legem

2070 3428 2343 3498 exquisite
2372 3428 2749 3499 perdidicerat
2780 3432 2848 3485 5".
2882 3431 3089 3489 Eorum
3142 3449 3296 3506 ergo,
3347 3438 3442 3508 qui
3489 3450 3646 3498 extra

2072 3516 2365 3576 Illosaicam
2384 3520 2558 3592 legem
2578 3521 2747 3579 vitam
2765 3523 3064 3592 duxerunt,
3084 3542 3372 3596 personam
3391 3538 3644 3590 assumit.

2493 3612 2673 3671 CLIV.
2700 3644 2773 3656 —
2803 3614 3215 3675 MAXIMIANO.

2144 3720 2173 3755 τ
2210 3704 2265 3757 in
2315 3719 2649 3777 quacunque
2729 3714 2947 3777 gente,-
2984 3711 3080 3779 qui
3142 3713 3298 3769 timet
3361 3715 3563 3781 Deum,
3592 3727 3648 3775 et

368 3784 603 3853 ζόμενος
624 3789 993 3862 δικαιοσύνην,
1016 3794 1201 3858 δεκτὸς
1218 3796 1369 3867 αύτῴ
1386 3801 1533 3853 ἐστιν
1550 3815 1565 3828 ·
1592 3822 1611 3854 ι
1632 3803 1791 3875 δῆλον
1806 3805 1862 3859 δὲ
1881 3807 1963 3860 ὅτι

2070 3794 2337 3863 iustitiam
2416 3806 2603 3853 servat
2703 3798 2814 3870 δή
2883 3809 3146 3869 acceptus
3216 3805 3295 3860 illi
3356 3818 3440 3862 est
3498 3808 3564 3861 η.
3616 3828 3640 3861 ι

368 3878 561 3943 δεκτὸς
587 3882 667 3952 τῷ
709 3883 849 3954 Θεῷ,
894 3887 987 3939 καὶ
1012 3888 1113 3942 οὐκ
1138 3889 1440 3961 ἁπόὸλητός
1468 3893 1617 3947 ἐστιν
1646 3897 1674 3948 ὁ
1701 3892 1961 3962 τοιοῦτος,

367 3969 451 4039 τῷ
486 3970 599 4042 ἰδίῳ
629 3974 807 4045 καιρῴ
834 3978 1196 4048 καταφεύγων
1244 3983 1335 4035 ἐπὶ
1365 3983 1427 4036 τὸ
1462 3984 1628 4048 σέϐας
1654 3987 1757 4056 τῆς
1786 4004 1962 4057 μακαο

372 4062 649 4135 ριωτάτης
683 4064 1013 4133 θεογνωσίας
1038 4088 1051 4101 ·
1075 4071 1136 4124 ού
1165 4072 1274 4144 γὰρ
1306 4075 1380 4145 μὴ
1414 4075 1720 4150 καταλείπῃ
1768 4079 1961 4135 τοῦτον

370 4154 403 4203 ὁ
444 4151 576 4216 Θεὸς
610 4158 1000 4214 συναποθανεῖν
1031 4165 1097 4234 τῇ
1131 4162 1396 4237 ἀγνωσία,
1426 4164 1545 4221 ἀλλ’
1575 4170 1831 4242 ὁδηγήσει
1866 4174 1962 4225 αύ-
2000 4220 2001 4223 η

378 4244 471 4297 τὸν
518 4248 606 4298 επὶ
634 4248 726 4320 τήν
770 4250 1051 4322 ἀλήθειαν,
1078 4256 1173 4308 καὶ
1201 4257 1546 4329 καταλάμψει
1581 4260 1662 4331 τῷ
1696 4264 1835 4331 φωτὶ
1860 4267 1959 4335 τῆς

378 4333 630 4399 γνώσεως
660 4379 674 4401 ,
743 4338 932 4412 ὥσπερ
986 4344 1078 4396 τὸν
1137 4346 1436 4419 Κορνήλιον
1463 4388 1480 4414 ,
1546 4351 1676 4420 περὶ
1732 4345 1795 4406 οὗ
1866 4354 1961 4407 καὶ

2068 3883 2416 3940 Manifestum
2451 3894 2634 3941 autem
2695 3898 2779 3943 est
2811 3892 2956 3944 hunc
3003 3890 3115 3947 Deo
3159 3907 3282 3949 esse
3332 3906 3643 3967 acceptum,

2066 3991 2169 4031 nec
2195 3978 2264 4033 ab
2286 3992 2352 4033 eo
2383 3977 2629 4047 ahjicere
2650 3994 3036 4052 quemcunque
3061 3994 3309 4055 tempore
3334 4002 3643 4059 opportuno

2066 4071 2132 4125 ad
2172 4072 2381 4127 cultum
2415 4071 2745 4128 beatissima:
2781 4071 3036 4133 Numinis
3069 4077 3400 4146 cognitionis
3443 4084 3640 4138 confu-

2066 4165 2324 4233 gientcm.
2357 4161 2545 4234 Neque
2582 4164 2727 4220 enim
2757 4165 2975 4221 deseret
3010 4168 3162 4222 illum
3188 4168 3330 4229 Deus
3358 4210 3374 4237 ,
3403 4172 3458 4228 in
3491 4176 3643 4245 igno-

2068 4257 2247 4310 rantia
2295 4258 2603 4325 commori;
2663 4257 2758 4314 sed
2798 4258 3035 4319 adducet
3079 4260 3145 4318 ad
3200 4266 3527 4333 veritatem,
3585 4278 3641 4327 ct

2064 4348 2396 4418 Cognitionis
2482 4348 2692 4404 lumine
2762 4350 3087 4417 illustrabit,
3174 4358 3637 4424 quemadmodum

374 4424 463 4477 τᾉν
528 4428 682 4497 λόγον
735 4432 827 4485 τὸν
885 4437 1264 4506 προρρηθέντα
1325 4440 1549 4512 εἴρηκεν
1603 4442 1631 4494 ὁ
1688 4444 1958 4518 μακάριος

2070 4440 2416 4506 Cornelium,
2462 4440 2530 4497 de
2574 4457 2687 4512 quo
2739 4442 2906 4497 verba
2962 4457 3129 4516 supra
3178 4446 3399 4503 laudata
3447 4448 3640 4509 beatus

366 4517 597 4589 Πέτρος.

666 4615 838 4671 PNE'.
864 4648 933 4657 —
960 4617 1295 4692 ΘΕΣΣΑΛΙῼ
1326 4624 1649 4697 Διελιςυκξι.
1846 4698 1853 4703 ,

439 4705 559 4758 Ὀτι
609 4708 713 4778 χρὴ
744 4708 952 4764 τὸντοῦ
982 4712 1146 4765 καλοῦ
1174 4715 1477 4785 ἐφιέμενον,
1531 4718 1606 4789 μὴ
1651 4721 1815 4793 μόνον
1858 4724 1949 4776 λο-

365 4795 568 4867 γισμῷ,
605 4799 698 4850 καὶ
735 4798 899 4870 λόγῳ,
932 4800 1067 4856 ἀλλὰ
1101 4805 1194 4857 καὶ
1229 4806 1375 4877 ἔργῳ
1432 4808 1524 4861 τὸν
1573 4810 1739 4865 κόπον
1783 4815 1949 4869 ἐνδείο

364 4892 591 4944 moueat
622 4893 711 4946 διὰ
738 4896 937 4961 παντὸς
966 4899 1061 4952 τοῦ
1095 4898 1232 4970 βίου,
1270 4900 1336 4953 ἵν’
1367 4901 1542 4967 οὕτως
1592 4906 1824 4981 ἐπιτύχῃ
1866 4910 1956 4963 ού.

359 4982 550 5048 ρανίου
596 4984 967 5051 ἀναπαύσεώς
1004 5006 1064 5042 τε
1109 4992 1204 5043 καὶ
1259 4990 1572 5061 βασιλείας,
1626 4999 1952 5069 γεωργήσας

354 5076 487 5137 τοὺς
516 5072 760 5145 καρποὺς
787 5080 887 5150 τῆς
924 5082 1240 5147 πολυειόοὖς
1290 5085 1507 5157 ἀρετῆς.
1548 5087 1717 5142 Βλέπε
1753 5090 1805 5143 τί
1845 5110 1949 5163 φη-

351 5180 449 5216 σιν
484 5168 511 5218 ὁ
537 5170 881 5242 πατριάρχης
916 5172 1135 5226 Ἰακώϐ·
1164 5193 1181 5226 ι
1231 5173 1484 5248 Ἰσσὰχαρ
1534 5179 1594 5231 τὸ
1637 5180 1799 5235 καλὸν
1848 5188 1944 5235 επ-

354 5256 656 5329 εθύμησεν,
684 5262 1097 5335 ἀναπαυόμενος
1127 5267 1399 5339 ἀνάμεσον
1432 5269 1538 5323 τῶν
1577 5270 1812 5344 κλήρων,
1847 5276 1942 5327 καὶ

2064 4533 2265 4591 Petrus
2293 4536 2608 4591 enuntiat-at
2636 4535 2704 4589 ⁸⁸.

2343 4623 2497 4679 CLV.
2517 4655 2588 4665 -—
2615 4623 3003 4684 THESSALIO
3032 4628 3350 4687 DIACONO.

2130 4712 2321 4783 Opera:
2352 4716 2585 4785 pretium
2636 4724 2741 4781 est,
2794 4718 2982 4787 utqui
3030 4719 3237 4774 bonum
3293 4723 3630 4793 concupivit,

2058 4820 2165 4860 non
2195 4814 2408 4860 tantum
2459 4807 2793 4877 cogitatione
2814 4816 2867 4863 et
2888 4810 3057 4865 verbo
3077 4850 3091 4873 ,
3116 4816 3211 4866 sed
3231 4827 3396 4882 opere
3414 4830 3633 4884 quoque

2063 4898 2305 4954 laborem
2342 4912 2438 4968 per
2461 4906 2632 4953 totum
2671 4900 2793 4955 vita:
2824 4902 3065 4970 spatium
3112 4904 3417 4968 continuet,
3460 4915 3517 4959 ut
3550 4909 3630 4960 sic

2059 4994 2335 5043 caelestem
2367 4989 2630 5058 quietem,
2674 4997 2729 5043 et
2768 5004 2996 5060 regnum
3022 5030 3036 5053 ,
3086 4990 3384 5063 multijugm
3413 4995 3631 5052 viitutis

2055 5077 2321 5132 demessis
2385 5076 2690 5143 fructibus,
2752 5080 3018 5149 consequi
3080 5084 3270 5149 possit.
3331 5084 3630 5143 Considera

2051 5166 2199 5219 dicta
2232 5165 2559 5234 patriarchae
2589 5164 2778 5220 Jacobi
2811 5166 2876 5229 “,
2917 5185 2934 5217 ι
2973 5165 3226 5221 Issaehar
3260 5170 3460 5226 bonum
3486 5175 3633 5231 desi-

2049 5256 2285 5324 deravit,
2318 5257 2675 5326 requiescens
2725 5257 2777 5310 in
2821 5258 3000 5314 medio
3047 5257 3292 5327 fortium,
3330 5272 3386 5319 et
3433 5266 3626 5325 videns

355 5344 485 5400 ἰδὼν
515 5350 613 5420 τὴν
644 5353 767 5420 γῆν,
805 5355 885 5408 ὅτι
916 5356 1053 5409 πίων
1083 5357 1337 5429 ὑπάρχει,
1376 5360 1648 5431 ὑπέθηκεν
1676 5362 1765 5417 τὸν
1795 5357 1945 5434 ὦμον

2073 5368 2275 5419 crram,
2306 5350 2451 5421 quod
2494 5350 2719 5422 pinguis
2765 5360 2932 5418 esset,
2986 5357 3280 5425 supposuit
3333 5348 3623 5415 humerum

355 5440 524 5494 αὐτοῦ
557 5446 635 5508 εἰς
664 5445 726 5498 τὸ
759 5450 943 5501 πονεῖν
963 5488 978 5512 ,
1011 5451 1103 5503 καὶ
1139 5451 1373 5523 ἐγενήθη
1436 5452 1575 5524 ἀνὴρ
1619 5457 1880 5528 γεωργός.
1924 5477 1941 5510 ι

354 5533 470 5589 Καὶ
502 5538 530 5589 ὁ
553 5538 843 5610 προφήτης
874 5538 930 5592 δὲ
967 5539 1235 5611 Ἱερεμίας
1260 5543 1405 5612 λέγει
1434 5560 1445 5574 ·
1488 5564 1505 5597 ι
1543 5544 1641 5607 Δὸς
1664 5546 1762 5617 τὴν
1816 5564 1951 5618 καρ-

2050 5444 2210 5501 suum
2238 5444 2309 5499 ad
2343 5443 2724 5510 laborandum,
2756 5452 2810 5498 et
2845 5444 3024 5501 factus
3071 5456 3157 5502 est
3186 5448 3271 5501 vir
3308 5450 3569 5520 agricola.
3611 5473 3629 5503 ι

2054 5543 2160 5598 Nec
2194 5541 2458 5613 propheta
2479 5537 2746 5596 Jercmias
2767 5540 3000 5597 dissidet
3032 5561 3044 5597 :
3080 5562 3098 5593 ι
3131 5543 3319 5598 Prmbe
3348 5562 3442 5601 cor
3476 5557 3629 5602 tuum

429 5683 693 5750 “Epht‘s.
732 5701 785 5752 γ,
826 5687 907 5741 ll.
991 5688 1035 5720 ⁵⁷
1064 5688 1221 5744 Rom.
1258 5703 1352 5754 ru,
1390 5687 1476 5742 9.5.
1557 5688 1599 5718 ⁵⁸
1630 5686 1762 5744 ibid.
1791 5688 1823 5742 9
1924 5688 1966 5722 “

2070 5697 2123 5743 rt.
2156 5703 2295 5755 sxn,
2337 5687 2389 5740 5.
2426 5686 2468 5717 '°
2492 5685 2612 5739 Act.
2644 5699 2699 5753 ι,
2730 5684 2818 5752 55,
2898 5686 2938 5718 θ’
2968 5684 3098 5740 ibid.
3120 5684 3187 5739 ῑυ
3222 5700 3375 5756 seqq.
3457 5685 3651 5745 “Gen.

355 5770 502 5822 stis,
545 5756 622 5810 15.

950 5836 956 5847 ⁵
1040 5839 1074 5862 Α
