3970 6220
406 289 506 357 117

1872 286 1934 352 S.
1974 293 2136 352 NIIJ

3560 297 3658 361 148

402 405 458 463 In
484 407 769 461 humerum
795 413 946 457 tuum
966 402 1010 433 ⁸³
1035 420 1049 469 ;
1089 420 1108 452 ι
1136 400 1241 456 hoc
1255 411 1359 465 est,
1376 400 1517 455 bona
1532 399 1803 455 desideria
1819 400 1957 455 educ

2103 398 2188 451 ίαν
2230 415 2325 451 σου
2354 395 2438 461 είς
2467 398 2559 451 τὸν
2592 392 2741 469 ὦμον
2776 415 2869 452 σου
2903 415 2917 428 ·
2958 416 2976 450 ι
3011 399 3308 467 τουτέστιν,
3358 402 3427 458 «re
3479 407 3663 474 ἀγαθὰ

401 512 456 552 In
487 512 627 568 opus
654 496 833 551 lactus
861 506 1155 563 operosus.

609 664 1338 723 CLVl.—CHRYSOGONO
1351 664 1762 722 CLESVALIO.

471 756 531 812 Si
557 758 682 828 quis
699 773 769 813 ex
787 757 1154 828 ineptissimis
1177 757 1385 828 optima
1406 771 1636 827 quaeque
1654 752 1975 811 calumniaIi

398 856 453 904 et
513 865 544 903 a
597 848 897 904 mendacio
945 847 1232 904 exordium
1307 847 1552 910 ducere,
1602 853 1980 917 perpetuoque

400 939 570 994 etiam
602 940 659 995 in
693 938 1051 994 mendacium
1087 938 1347 993 desinere
1392 936 1545 1000 velit,
1577 936 1749 991 dicito
1799 933 1933 990 mihi
1964 972 1980 997 ,

401 1029 457 1084 in
498 1044 794 1101 quemnam
826 1027 1041 1083 desinet
1067 1036 1161 1081 aut
1192 1025 1498 1080 adducetur
1532 1026 1694 1079 linem
1721 1024 1745 1077 l

705 1117 813 1189 65
843 1115 1049 1173 CLVII.
1075 1146 1145 1155 —
1166 1111 1652 1170 TllEOGNOSTO.

477 1208 639 1265 Forte
687 1208 946 1279 ignoras,
1001 1207 1074 1262 mi
1132 1205 1322 1270 t‘rater,
1369 1206 1544 1275 legem
1593 1203 1690 1259 Dei
1722 1204 1974 1259 custodi-

399 1307 510 1351 tam
531 1337 547 1362 ,
590 1312 812 1353 servare
838 1336 854 1362 ,
893 1296 1178 1351 custodire
1218 1303 1273 1349 et
1316 1302 1501 1364 tegere
1530 1308 1627 1349 eos
1648 1332 1663 1359 ,
1695 1293 1791 1363 qui
1828 1294 1977 1349 illam

397 1402 624 1443 servare
650 1394 705 1442 et
734 1386 1017 1443 custodire
1050 1400 1176 1441 cum
1206 1385 1514 1441 sobrietate
1540 1392 1818 1455 satagunt.

806 1565 1035 1623 CLVIII.
1062 1595 1132 1607 —-
1156 1562 1556 1621 DECURIONI.

468 1657 657 1728 Neque
704 1658 1020 1718 universum
1059 1670 1244 1715 aerem
1276 1656 1481 1726 aliquis
1528 1668 1771 1723 unquam
1823 1654 1980 1708 duxit

2079 486 2426 558 βουλεύματα
2481 489 2562 552 είς
2623 488 2785 557 ἔργον
2847 488 3080 560 ἐξάγαγε
3144 495 3451 562 πρακτικὸς
3506 501 3663 567 γενά-

2080 596 2260 648 μενος.
2640 594 2643 597 ·

2277 668 2465 736 PNcr.
2496 700 2564 710 -
2588 668 2996 740 ΧΡΥΣΟΓΟΝῼ
3023 671 3483 747 musarum.

2150 760 2218 813 Εἴ
2251 777 2334 823 τις
2366 759 2609 831 βούλοιτο
2659 761 2767 815 τῶν
2797 761 3136 819 ἀπαιδεύτων
3163 771 3665 837 κατασ-μιοφαντετν

2083 852 2182 923 μὲν
2210 853 2278 906 τά
2313 852 2586 922 βέλτιστα,
2622 852 2717 907 καὶ¹
2747 853 2855 907 ἀπὸ
2882 853 3111 923 ψεύδους
3130 856 3415 926 ἄρχεσθαι,
3444 858 3539 912 καὶ
3566 877 3666 913 κα-

2078 943 2348 998 ταπαύειν
2376 944 2457 1006 είς
2481 942 2674 1013 ψεῦδος
2701 945 2983 1016 διηνεκῶς,
3015 948 3225 1019 φράσον
3256 965 3371 1019 μοι,
3397 950 3479 1014 είς
3510 953 3663 1006 ποῖον

2077 1034 2252 1107 λήξει,
2282 1035 2379 1090 κοιλ⁸
2408 1037 2645 1107 καταντή
2654 1053 2737 1090 σει
2761 1036 2933 1108 πέρας
2950 1056 2965 1104 ;
3124 1106 3129 1112 γ

2501 1128 2674 1182 PNZ'.
2705 1158 2777 1172 -
2815 1129 3236 1202 θΕοΓΝΩΣτᾳ.

2153 1222 2314 1285 Ἴσως
2350 1220 2584 1289 ἀγνοεῖς,
2619 1219 2835 1290 ἀδελφὲ,
2884 1221 2966 1275 ὅτι
2994 1222 3022 1274 ὁ
3058 1222 3219 1292 νόμος
3258 1221 3357 1275 τοῦ
3401 1221 3536 1275 θεοῦ
3563 1239 3665 1293 τη-

2082 1310 2366 1382 ρούμενος,
2393 1312 2577 1381 τηρεῖν
2615 1310 2709 1364 καὶ
2737 1311 3014 1382 φρουρεῖν,
3053 1312 3148 1366 καὶ
3177 1312 3535 1381 περισκέπειν
3557 1310 3659 1364 πέ-

2082 1420 2256 1472 φυκεν
2283 1403 2410 1466 τοὺς
2437 1405 2625 1473 τηρεῖν
2655 1401 2868 1467 τοῦτον,
2902 1402 2996 1455 καὶ
3039 1401 3328 1471 φυλάττειν
3364 1403 3461 1456 σὺν
3500 1402 3660 1473 νήφει

2083 1495 2502 1559 σπουδάζοντας.

2508 1586 2683 1639 ΡΝΗ⁹.
2705 1612 2775 1625 -
2796 1582 3233 1639 ΔΕΚΟΥΡΙΩΝΙ.

2156 1678 2293 1733 Οὖτε
2358 1678 2496 1748 ἀέρα
2531 1677 2651 1731 ὅλον
2714 1676 2941 1730 έπνευσέ
2980 1694 3062 1740 τις
3117 1676 3370 1743 πώποτε,
3396 1675 3520 1731 οὔτε
3565 1679 3660 1731 οὐ·

400 1757 460 1807 et
491 1749 743 1815 retiuxit,
798 1763 981 1819 neque
1014 1746 1317 1804 essentiam
1356 1744 1453 1800 Dei
1502 1744 1668 1814 plane
1711 1743 1852 1798 bene
1885 1750 1978 1795 aut

2101 1772 2203 1827 τίαν
2253 1768 2385 1823 Θεοῦ
2430 1738 2742 1831 παντελῶς,
2795 1766 2829 1839 ἢ
2880 1765 3005 1829 νοῦς
3040 1738 3381 1838 κεχώρηκεν,
3424 1767 3457 1838 ἢ
3505 1767 3659 1838 (puni;

404 1854 558 1894 mens
586 1838 735 1908 cepit
754 1878 770 1904 ,
799 1847 895 1892 aut
919 1853 1023 1893 vox
1051 1835 1338 1905 complexa
1379 1841 1495 1900 est;
1529 1832 1623 1888 sed
1654 1848 1721 1887 ει
1762 1832 1831 1886 iis
1857 1846 1979 1900 qua)

399 1933 548 1985 circa
578 1945 704 1985 eum
744 1938 912 1992 sunt.
955 1943 1079 1997 qua:
1118 1927 1269 1982 illius
1314 1933 1444 1982 sunt
1470 1924 1641 1980 veluti
1691 1922 1747 1977 in
1788 1921 1978 1977 umbra

402 2020 744 2090 allingentes,
774 2019 1013 2074 debilem
1045 2016 1341 2087 quamdam
1371 2030 1438 2069 ac
1464 2013 1791 2069 imbecillem
1817 2012 1979 2065 aliam

404 2113 472 2168 ab
496 2112 603 2167 alia
633 2111 926 2183 imaginem
951 2150 967 2176 ,
1007 2117 1172 2180 atque
1201 2115 1529 2177 conceptum
1566 2105 1949 2177 exprimimus.

933 2202 1116 2260 CLIX.
1146 2232 1217 2242 —
1241 2201 1452 2273 Eidem.

482 2317 502 2351 ι
557 2298 805 2368 Angusta
840 2294 1033 2365 janua,
1083 2304 1138 2349 et
1177 2301 1330 2349 arcta
1366 2292 1454 2346 via
1501 2299 1619 2355 est,
1657 2304 1781 2361 quae
1824 2287 1980 2344 ducit

406 2408 460 2447 In
489 2390 658 2445 vitam
681 2427 695 2452 ,
728 2397 784 2444 et
820 2386 984 2459 pauci
1038 2392 1203 2452 sunt,
1234 2384 1329 2456 qui
1380 2382 1801 2452 deprehendunt
1852 2379 1919 2433 “.
1955 2398 1972 2430 ι

405 2482 464 2536 Si
524 2482 711 2551 itaque
783 2462 880 2550 qui
903 2494 1025 2534 eam
1087 2475 1511 2547 deprehendunt
1589 2472 1748 2543 pauci
1812 2478 1978 2535 sunt,

404 2574 578 2629 multo
618 2559 907 2644 pauciores
958 2578 1126 2626 erunt
1170 2569 1264 2639 qui
1305 2568 1535 2623 introire
1569 2566 1834 2631 valeant;
1871 2579 1981 2619 non

407 2674 690 2722 Introeunt
724 2678 856 2719 vero
887 2663 957 2718 ob
1007 2662 1283 2730 propriam
1323 2657 1739 2730 negligentiam.

960 2750 1120 2807 CLX.
1146 2781 1217 2791 -—
1242 2750 1453 2804 Eidem.

475 2848 630 2904 Mens
673 2853 761 2902 est
806 2844 1063 2911 domina,
1114 2857 1305 2898 servus
1356 2837 1679 2895 caruncula.
1729 2836 1807 2892 Ne
1851 2851 1983 2906 ergo
2020 2910 2023 2915 ἢ

407 2938 770 2997 immoderata
819 2936 1062 3007 ingluvie
1106 2948 1327 2991 servum
1362 2932 1586 2997 foveas,
1624 2944 1693 2985 ne
1738 2928 1983 3000 propriae

407 3045 681 3089 mensura:
730 3029 939 3084 oblitus
969 3025 1315 3098 tyrannidem
1367 3024 1642 3094 arripiat,
1672 3020 1984 3091 audeatque

406 3141 564 3182 arma
594 3125 650 3180 in
682 3135 1064 3194 possessorem
1119 3117 1348 3186 inferre.
1397 3117 1695 3186 Propterea
1723 3113 1982 3169 Salomon

407 3215 719 3274 insolentiae
797 3211 1051 3283 corporis
1123 3209 1353 3266 minime
1428 3204 1663 3280 ignarus
1725 3206 1980 3262 dicebat:

411 3329 430 3360 ι
464 3308 585 3365 Non
637 3305 899 3363 conducit
949 3303 1119 3360 stulto
1166 3302 1367 3367 luxus,
1422 3299 1552 3355 licet
1591 3312 1784 3355 servus
1831 3297 1985 3352 inso-

408 3401 588 3457 lenter
616 3397 676 3453 in
704 3395 989 3469 proprium
1020 3393 1212 3448 lterum
1244 3388 1533 3461 imperium
1571 3397 1753 3445 teneat
1782 3387 1851 3441 ⁸³.
1892 3406 1912 3438 ι

857 3575 967 3647 66
998 3572 1181 3630 CLXI.
1209 3602 1278 3613 —
1304 3570 1514 3627 Eidem.

481 3670 541 3727 Si
582 3668 952 3743 principatum
1005 3665 1302 3737 provinciae
1354 3673 1544 3719 tenere
1593 3664 1787 3733 cupis,
1819 3660 1983 3715 inlIo-

410 3764 733 3829 neraberis;
763 3761 810 3817 si
841 3774 971 3815 vero
1009 3766 1062 3813 te
1092 3755 1505 3821 IIumiliaveris,
1541 3752 1981 3809 misericordiam

408 3853 786 3927 consequeris.
812 3849 1090 3923 Scriptum
1116 3858 1200 3906 est
1229 3850 1375 3904 enim
1401 3867 1418 3907 ;
1458 3865 1478 3900 ι
1509 3844 1654 3902 Deus
1694 3844 1984 3901 elIundens

408 3964 577 4021 super
669 3945 944 4018 principes
1029 3943 1420 4015 opprobrium,
1504 3939 1742 3996 humiles
1804 3939 1982 3995 salva-

412 4048 490 4100 vit
515 4044 583 4099 “.
616 4061 635 4097 ι

692 4131 898 4189 CLXII.
928 4126 1267 4186 -—-CBISPO
1299 4126 1713 4185 SCHOLARIO.

481 4222 777 4288 Nonnulli,
827 4233 1156 4290 superquam
1211 4233 1310 4288 par
1364 4227 1491 4282 est,
1528 4214 1985 4271 considerationi-

410 4316 518 4369 bus
547 4304 742 4375 effusi.
774 4311 1071 4382 opinantes
1109 4325 1170 4364 se
1196 4308 1376 4377 majus
1416 4307 1697 4378 quidpiam
1732 4322 1985 4377 compre—

2080 1862 2427 1934 περιέλαϐεν,
2456 1859 2569 1915 ἀλλ’
2601 1861 2665 1913 ὲκ
2702 1859 2809 1913 τῶν
2842 1858 2971 1930 περὶ
3000 1859 3166 1913 αὑτὸν
3198 1862 3660 1931 σκιογραφοῦντες

2078 1958 2148 2010 τὰ
2177 1957 2296 2009 κατ’
2330 1955 2515 2018 αὐτὸν,
2556 1954 2800 2026 ἀμυδρὰν
2838 1954 3106 2045 τιναηκαὶ
3133 1953 3339 2025 ἀσθενῆ
3369 1954 3533 2026 ἄλλην
3561 1955 3658 2010 ἀπ’

2080 2047 2247 2118 ἄλλης
2268 2046 2569 2117 φαντασίαν
2596 2044 2951 2115 συλλέγομεν.

2546 2220 2722 2277 ΡΝΘ’.
2761 2252 2832 2264 --
2867 2221 2954 2289 Τῷ
2996 2221 3175 2288 αὐτῷ.

2162 2315 2361 2386 ιΣτενὴ
2385 2316 2418 2385 ἡ
2454 2314 2620 2389 πύλη,
2651 2315 2748 2368 καὶ
2774 2314 3109 2386 τεθλιμμένη
3133 2316 3165 2385 ὴ
3188 2314 3304 2379 ὁδὸς
3320 2315 3353 2386 ἡ
3372 2314 3658 2384 ἀπάγουσα

2082 2409 2161 2470 είς
2185 2406 2284 2477 τὴν
2305 2405 2471 2475 ζωὴν,
2489 2407 2583 2460 καὶ
2611 2404 2779 2474 ὀλίγοι
2805 2405 2943 2459 εἰσὶν
2965 2406 3013 2459 οἱ
3044 2405 3389 2476 εὑρίσκοντες
3413 2405 3605 2475 αὑτήν.
3636 2424 3656 2457 ι

2094 2503 2151 2553 Η
2183 2499 2377 2553 τοίνυν
2406 2499 2455 2552 οί
2487 2498 2830 2570 εὑρίσκοντες
2868 2497 3204 2568 ὑπάρχουσιν
3244 2495 3434 2564 ὀλίγοι,
3468 2494 3661 2565 61:16)-

2080 2611 2231 2665 τεροι
2271 2592 2339 2646 ἂν
2365 2587 2475 2646 εἷεν
2510 2593 2560 2644 οἱ
2601 2577 2865 2643 εἰσελθεῖν
2903 2588 3263 2659 ἐξισχύοντες·
3307 2588 3409 2642 οὐκ
3455 2588 3662 2641 είσελυ-

2080 2684 2277 2758 λήθασι
2307 2683 2369 2741 δὲ
2393 2681 2482 2736 διὰ
2510 2682 2713 2736 οἰκείαν
2739 2679 3023 2751 ἀμέλειαν.

2592 2772 2711 2826 ΡΞ’.
2745 2803 2818 2812 —
2850 2771 2934 2837 Τῷ
2970 2770 3151 2837 αὐτῷ.

2147 2867 2425 2936 Δεσπότης
2450 2865 2596 2919 ἐστὶν
2635 2865 2664 2918 ὁ
2691 2864 2835 2928 νοῦς,
2860 2863 3047 2927 δοῦλος
3073 2864 3131 2917 δὲ
3184 2864 3246 2917 τὸ
3287 2864 3541 2935 σαρκίον.
3569 2861 3661 2934 Μὴ

2084 2961 2261 3015 τοίνυν
2281 2958 2371 3012 τὸν
2411 2957 2598 3012 δοῦλον
2620 2956 2880 3026 ἀμέτρως
2905 2953 3175 3026 θεράπευε
3203 2952 3292 3007 διὰ
3312 2970 3662 3025 γαστριμαρ-

2009 3084 2052 3143 c
2084 3051 2231 3120 γίας,
2280 3051 2367 3105 ἵνα
2402 3049 2498 3143 μὴΔ
2529 3046 2919 3117 ἐπιλαθόμενος
2964 3044 3073 3098 τῶν
3125 3044 3272 3143 ίδίωέν
3310 3045 3523 3115 μέτρων
3581 3044 3663 3106 εἰς

2086 3140 2379 3213 τυραννίδα
2415 3137 2567 3209 ελθῃ,
2600 3136 2698 3190 καὶ
2732 3136 2873 3190 ὅπλα
2932 3134 3183 3207 τολμήσῃ
3227 3131 3359 3205 ἆραι
3386 3131 3529 3187 κατά
3564 3131 3662 3186 τοῦ

2087 3233 2454 3305 κτησαμένου·
2517 3230 2705 3302 διόπερ
2757 3232 2787 3284 ὁ
2837 3228 3091 3299 Σολομὼν
3146 3228 3508 3299 ἐπιστάμενος
3562 3226 3662 3296 τὴν

2086 3325 2400 3396 ἀφροσύνην
2432 3323 2527 3378 τοῦ
2560 3321 2811 3393 σώματος
2848 3321 3052 3389 ἔλεγενο
3102 3338 3121 3373 ι
3160 3321 3235 3374 Οὐ
3266 3319 3536 3390 συμφέρει
3582 3316 3664 3386 τῷ

2018 3460 2023 3463 _
2085 3415 2282 3485 ἄφρονι
2320 3416 2355 3485 ἠ
2383 3412 2585 3484 τρυφὴ,
2619 3412 2724 3466 κᾶν
2754 3410 2979 3480 οἰκέτης
3004 3410 3151 3481 ἄρχῃ
3184 3409 3305 3480 μεθ’
3332 3408 3544 3481 ὕϐρεως
3564 3407 3661 3461 τοῦ

2088 3507 2220 3560 ίδέου
2249 3504 2526 3559 δεσπότου.
2572 3523 2591 3555 ι

2358 3642 2361 3645 .
2566 3591 2733 3648 ΡΞΜ.
2764 3622 2835 3637 --
2872 3591 2958 3659 Τῷ
3000 3589 3184 3656 αὐτῷ.

2156 3677 2253 3742 ’.ιν
2285 3685 2463 3757 βούλει
2508 3684 2697 3755 ἄρχειν
2738 3687 2838 3756 τῆς
2867 3682 3157 3754 ἐπαρχίας,
3207 3677 3551 3751 ἀτιμωθὴσιγ
3594 3676 3661 3730 ἀν

2083 3780 2141 3834 δὲ
2199 3777 2394 3832 σαυτὸν
2429 3773 2794 3849 ταπεινώσῃς,
2851 3772 3143 3843 ὲλεηθήσῃ·
3188 3772 3496 3841 γέγραπται
3526 3769 3659 3838 γάρ.

2083 3872 2164 3925 ὅτι
2193 3890 2211 3923 ι
2258 3868 2316 3922 '0
2336 3867 2469 3932 Θεὸς
2501 3866 2704 3937 ὲκχέων
2731 3866 2822 3920 ἐπ’
2848 3864 3113 3937 ἄρχοντας
3139 3862 3383 3932 ἀτιμίαν,
3410 3861 3537 3924 τοὺς
3563 3876 3663 3913 τα-

2085 3963 2302 4026 πεινοὺς
2334 3959 2542 4013 ίάσατο.
2592 3975 2611 4010 ι

2399 4136 2650 4190 ΡΞΒσ.-
2678 4133 2934 4204 nmmo
2981 4128 3343 4199 ΣΧΟΛΑΡΙῼ.
3436 4196 3439 4201 η

2154 4230 2307 4294 Τινὲς
2354 4229 2494 4300 ὑπὲρ
2544 4226 2605 4281 τὸ
2638 4226 2754 4279 δέον
2784 4226 2848 4295 τῇ
2901 4222 3083 4293 ὲννοίᾳ
3135 4218 3547 4284 ὲπεκταθέντες,
3584 4216 3661 4276 ὡς

2087 4321 2369 4384 δοκοῦντές
2405 4338 2458 4374 τι
2507 4318 2692 4390 μεῖζον
2730 4314 3084 4382 καταλαϐεῖν,
3129 4313 3392 4380 ἐξέπεσαν
3426 4311 3529 4381 μὲν
3560 4312 3661 4381 τῆς

413 4406 655 4464 IIendere
700 4419 902 4475 posse,
950 4417 1133 4462 avera
1181 4400 1494 4472 cognitione
1530 4399 1879 4468 excidentes,
1931 4401 1978 4455 in

2101 4416 2323 4487 ἀληθοῦς
2351 4413 2625 4483 γνώσεως,
2658 4409 3122 4482 μεταπεπτώκασι
3144 4408 3201 4461 δὲ
3222 4409 3301 4470 είς
3324 4402 3660 4476 ψευδομένην

410 4498 782 4567 cognitionem
819 4494 1122 4550 mendaciis
1179 4493 1479 4547 involutam
1524 4492 1765 4562 prolapsi
1808 4502 1976 4549 sunt:

414 4610 437 4645 σ
465 4600 519 4648 et
550 4598 734 4646 tamen
763 4589 870 4645 hoc
913 4589 1132 4644 vanitas
1157 4595 1243 4643 est
1268 4574 1334 4652 ⁸⁷,
1372 4606 1393 4640 ι
1437 4596 1494 4642 υῑ
1527 4586 1784 4642 Salomon
1816 4587 1913 4641 ait.

693 4681 923 4738 CLXIII.
954 4668 1025 4722 ’—-
1057 4678 1371 4736 JULIANA:
1424 4677 1703 4734 VIRGINI.

481 4777 848 4842 Castissimaa,
926 4774 1381 4847 pet-pulchraeque
1437 4771 1637 4843 virgini
1694 4770 1986 4843 speculum

410 4874 682 4945 optimum
741 4879 829 4929 est
874 4870 1146 4942 jejunium
1180 4885 1195 4924 :
1227 4868 1285 4922 in
1332 4882 1402 4922 eo
1444 4866 1648 4922 etenim
1694 4865 1846 4936 virgo
1885 4855 1985 4935 pro

412 4966 639 5022 modulo
670 4980 772 5021 suo
795 4963 965 5020 Deum
999 4960 1339 5032 speculatur,
1367 4958 1698 5028 labrumque
1728 4955 1984 5023 fabricat,

413 5058 592 5115 basim
654 5057 914 5124 ﬁrmam,
979 5054 1410 5121 inconcussam,
1451 5058 1618 5121 atque
1674 5049 1988 5104 immutabi-

411 5153 517 5207 lem
545 5148 613 5214 “,
665 5149 1027 5221 cogitationes
1098 5144 1390 5201 aEectibus
1443 5143 1669 5200 minime
1715 5141 1984 5200 obnoxias

412 5243 521 5299 sibi
544 5256 900 5312 comparans.

917 5329 1145 5385 CLXIV.
1161 5359 1233 5370 —
1251 5329 1457 5384 Eidem.

484 5422 701 5495 Sepius
734 5422 1013 5489 lectitasti,
1041 5422 1174 5491 quid
1226 5429 1453 5478 sanctus
1501 5419 1713 5491 Moyses
1743 5419 1811 5475 de
1840 5434 1983 5491 quo.

409 5517 537 5572 dam
564 5518 811 5587 optimo,
859 5529 924 5569 ac
973 5514 1384 5585 sapientissimo
1430 5513 1551 5569 viro
1584 5520 1812 5568 narrat:
1852 5529 1977 5570 eum

472 5656 518 5691 "
547 5653 748 5711 Jerem.
783 5669 931 5715 xm,
965 5652 1059 5706 2|.
1132 5655 1175 5685 ετ
1226 5651 1415 5709 Matth.
1450 5668 1546 5719 vn,
1610 5654 1694 5709 l4.
1771 5655 1815 5687 “
1844 5652 2003 5710 Prov.

412 5716 459 5754 "'
491 5726 664 5783 Exod.
697 5739 921 5789 xsxvm,
952 5723 1005 5778 8.

2091 4508 2311 4577 γνῶσιψ
2367 4504 2459 4558 καί
2493 4520 2556 4557 νε
2596 4520 2617 4554 ι
2660 4501 2819 4555 τοῦτο
2871 4501 3191 4569 ααταιότης,
3235 4518 3253 4551 ι
3296 4495 3438 4551 καθά
3491 4498 3656 4563 φησιν

2092 4598 2361 4670 Σολομῶν.

2371 4686 2631 4757 ΡΞΓο.ί-
2661 4684 2993 4755 ΙΟΥΛΙΑΝῌ
3032 4680 3378 4753 ΠΑΡΘΕΝῼ.

2160 4782 2483 4851 Κάτοπτρον
2520 4776 2805 4830 κάλλιπον
2851 4777 2919 4844 τῇ
2970 4771 3275 4845 σεμνοτάτη
3323 4771 3418 4825 καὶ
3464 4767 3663 4822 εύιιδεῖ

2091 4875 2345 4947 παρθένῳ
2406 4871 2469 4924 τὸ
2530 4866 2833 4941 νηστεύειν,
2868 4869 2925 4919 ὲν
2983 4865 3157 4936 τούτῳ
3216 4863 3325 4933 γάρ
3383 4852 3478 4916 καὶ
3529 4860 3663 4913 Θεὸν

2090 4963 2511 5036 κατοπτρίζεται
2541 4962 2575 5031 ἡ
2615 4958 2904 5030 παρθένος,
2946 4955 3177 5011 καθόσον
3215 4954 3510 5023 ἐνδέχεται,
3567 4950 3662 5004 καὶ

2088 5052 2326 5122 λουτῆρα
2345 5045 2618 5120 χαλκεύει,
2642 5046 2737 5100 καὶ
2758 5043 2917 5115 βάσιν
2939 5044 3276 5113 στερέμνιον,
3300 5040 3658 5113 ἀκράδαντον,

2090 5144 2183 5199 καὶ
2214 5139 2618 5211 ἀμετακίνητον
2668 5134 2987 5206 κτησαμένη
3025 5134 3084 5187 τὸ
3114 5132 3322 5197 ἀπαθὲς
3381 5132 3659 5205 φρόνημα.

2422 5321 2585 5375 ΡΞΝ.
2613 5348 2682 5359 --
2710 5315 2788 5386 Τῇ
2823 5314 2976 5384 αὐτῇ
3012 5313 3306 5383 παρθένῳ.

2171 5415 2434 5484 Ἀνὲγνως
2473 5412 2754 5474 πολλάκις,
2798 5407 2852 5462 τί
2912 5407 3117 5478 γράφει
3151 5407 3180 5457 ὁ
3218 5403 3371 5473 ἅγιος
3423 5398 3663 5468 Μωῡσῆς

2087 5510 2215 5583 περί
2252 5523 2395 5570 τινος
2420 5504 2641 5576 ἀρίστου
2693 5500 2788 5554 καὶ
2819 5497 3132 5568 σοφωτάτου
3155 5495 3366 5566 ἀνδρὸς,
3389 5494 3470 5547 ὅτι
3508 5486 3664 5560 οὗτος

2064 5668 2178 5718 τις,
2232 5650 2314 5707 10.
2420 5648 2465 5679 ⁸⁸
2490 5642 2597 5700 Job
2626 5657 2723 5708 xu,
2758 5640 2847 5693 ﬁt.
2920 5640 2963 5672 ιτ
2992 5638 3173 5696 Εοςιρ.
3209 5655 3248 5706 ι,
3288 5636 3351 5692 te.
3388 5655 3413 5705 ί
3464 5648 3525 5696 ιι,
3554 5628 3677 5685 155.
