3970 6220
380 259 472 326 151

1841 263 1900 322 S.
1935 261 2101 322 NILI

3569 274 3663 336 I59

381 376 504 429 licet
547 381 687 429 nutu
734 390 798 430 ac
840 374 1106 445 potentia.
1160 376 1251 430 Sic
1289 376 1478 431 eadem
1526 376 1788 432 facultate
1851 375 1952 430 I-le—

2098 377 2286 450 υνάμει
2318 381 2413 437 καὶ
2443 382 2614 454 Ἑνὼχ
2651 384 2844 455 θνητὸς
2883 385 2959 438 ὣν
2995 387 3285 459 μετετέθη,
3337 389 3434 442 καὶ
3465 387 3665 444 ἀθάνα-

377 464 519 521 noeh
551 466 802 521 mortalis
829 481 952 519 cum
984 474 1164 532 esset,
1197 469 1470 538 repositus
1497 476 1618 533 est,
1662 478 1716 525 et
1744 470 1968 523 immor-

377 560 506 616 talis
533 559 603 614 ad
638 560 756 612 haec
790 573 968 628 usque
1010 565 1261 630 tempora
1293 569 1658 616 conservatur
1689 561 1756 614 *⁵.

479 653 592 724 69
631 650 912 707 CLXXIV.
937 681 1008 694 --
1037 652 1505 710 TELESPIIOIIO
1537 653 1853 710 PRIMA'I'I.

445 742 805 799 Communem
838 759 1130 815 personam
1169 744 1390 811 Patris,
1425 754 1480 802 et
1503 744 1628 802 Filii
1653 788 1667 811 ,
1707 754 1762 802 et
1791 747 1950 818 Spiri-

378 841 468 888 tus
494 840 712 901 sancti,
744 846 799 891 et
832 852 996 891 unam
1040 838 1369 909 imaginem,
1400 846 1455 894 ct
1494 840 1742 895 eamdem
1771 839 1968 894 simili-

378 925 628 983 tudinem
673 928 918 984 ostendit
950 921 1267 1001 Scriptura.
1304 931 1447 986 Illud
1487 932 1634 986 enim
1669 950 1684 986 :
1717 949 1736 983 ι
1775 929 1968 986 Ρειοὶαο

379 1035 502 1075 mus
525 1019 804 1078 hominem
840 1023 906 1076 ad
950 1023 1242 1094 imaginem
1282 1033 1335 1078 et
1389 1023 1805 1079 similitudinem
1839 1024 1905 1088 ⁷⁸,
1942 1040 1960 1076 ι

379 1112 486 1167 hoc
511 1113 716 1168 innuit.

616 1171 874 1262 οωιχν.
905 1237 974 1250 -
1015 1208 1390 1264 Pl-llLAGRlO
1417 1207 1753 1269 LECTORI..

455 1295 514 1351 Si
573 1299 701 1366 quis
761 1300 964 1368 poterit
1013 1301 1197 1356 animo
1266 1301 1663 1358 suavissimum
1723 1300 1966 1372 Spiritus

382 1389 560 1444 sancti
601 1390 824 1446 odorem
867 1391 1139 1459 olfacere,
1183 1392 1375 1448 habitu
1423 1394 1750 1461 reviviscet,
1805 1409 1868 1448 ac
1920 1395 1964 1450 si

382 1495 413 1534 e
445 1483 681 1538 mortuis
719 1483 1156 1549 resurrexisset;
1194 1493 1250 1540 et
1279 1501 1466 1541 secum
1497 1486 1617 1558 ipse
1653 1487 1994 1552 mirabitur,-

383 1589 449 1628 ex
480 1589 586 1646 qua
615 1576 940 1632 conditione
983 1578 1042 1632 in
1078 1593 1245 1648 quam
1280 1578 1448 1635 fuerit
1496 1581 1855 1646 immutatus,
1897 1581 1965 1634 il-

384 1665 592 1738 ludque
621 1667 872 1724 Ezechiae
922 1669 1298 1724 exclamabit:
1337 1687 1357 1720 ι
1415 1669 1677 1726 Excitasti
1727 1669 1859 1724 mihi
1891 1669 1968 1725 vi-

388 1769 496 1812 tam
517 1798 532 1822 ,
564 1766 618 1812 et
644 1760 970 1816 consolatus
993 1760 1138 1826 vixi,
1174 1769 1230 1816 et
1260 1760 1549 1833 proiecisti
1578 1768 1702 1830 post
1727 1776 1812 1815 me
1845 1777 1963 1816 om-

387 1866 486 1906 nes
511 1850 830 1922 iniquitates
852 1867 1004 1909 meas
1031 1853 1098 1920 ",
1133 1872 1153 1905 ι
1189 1868 1259 1908 ne
1288 1854 1343 1908 in
1387 1862 1669 1924 posterum
1709 1854 1964 1924 lapsuum

385 1939 532 1994 idola
577 1941 974 2014 imaginatione
1013 1943 1317 2014 exprimam
1344 1987 1359 2012 ,
1394 1945 1562 2000 corde
1607 1958 1748 2015 puro
1787 1945 1842 1998 in
1878 1943 1966 1998 fu-

386 2040 570 2086 turum
597 2043 940 2104 comparato.
1249 2097 1254 2102 ,
1775 2035 1778 2038 Λ

863 2123 993 2182 CLX
1008 2123 1147 2182 XVI.
1175 2156 1248 2167 —-
1265 2126 1474 2184 Eidem.

456 2214 577 2269 Non
627 2222 842 2271 tantum
890 2216 1243 2272 maleolentia
1296 2226 1352 2274 et
1414 2217 1790 2287 infructuosa,
1835 2217 1968 2289 quin

387 2307 551 2363 etiam
579 2318 792 2372 mortua
825 2310 1133 2382 iniquitatis
1161 2326 1330 2383 opera
1366 2311 1600 2368 dicenda
1632 2320 1779 2368 sunt.

603 2401 904 2458 CLXXVII.
937 2433 1007 2445 -——
1029 2401 1314 2461 LIMENIO
1364 2403 1719 2461 MONACIIO.

462 2491 744 2550 Virtutum
797 2504 946 2550 recta
1001 2497 1328 2566 dispositio,
1380 2513 1505 2568 qua:
1552 2496 1605 2550 in
1644 2496 1802 2551 caelis
1850 2504 1970 2558 est,

390 2587 704 2642 beatitatem
764 2589 1110 2660 suppeditat,
1177 2605 1344 2662 quam
1405 2606 1506 2647 nec
1536 2591 1718 2646 oratio
1787 2589 1972 2658 expri—

389 2694 575 2746 mere,
639 2696 740 2736 nec.
794 2697 951 2738 mens
1004 2671 1510 2754 comprehendere,
1567 2697 1670 2740 nec
1711 2679 1974 2752 cogitatio

393 2783 592 2842 capere
619 2779 825 2842 potest.

770 2865 879 2936 ⁷ο
912 2862 1240 2922 CLXXVIII.
1273 2897 1342 2907 —
1372 2866 1583 2924 Eidem.

466 2973 486 3005 ι
527 2953 606 3010 Ne
653 2956 840 3013 tradas
891 2973 1014 3026 me,
1049 2959 1154 3024 ait,
1213 2959 1269 3015 in
1317 2959 1534 3016 animas
1585 2959 1973 3015 tribulantinm

2071 487 2163 534 τος
2198 471 2360 543 μέχρι
2379 474 2478 529 νῦν
2499 474 2866 546 πεφύλακται.

2276 650 2445 704 PUA'.
2472 679 2544 691 —
2566 651 2972 724 ΤΕΛΕΣΦΟΡῼ
3005 653 3471 712 operarum“.

2143 739 2338 791 Κοινὸν
2372 739 2665 809 πρόσωπον
2696 737 2971 798 δείκνυσιν
3005 739 3272 816 ήΤραιρὴ
3303 746 3400 798 τοῦ
3429 747 3666 818 Πατρὸς,

2071 831 2168 883 καὶ
2205 830 2301 884 τοῦ
2332 831 2487 898 Υίοῦ,
2517 835 2614 888 καὶ
2646 835 2744 888 τοῦ
2784 836 2942 904 ἁγίου
2975 837 3314 908 Πνεῦματος,
3348 839 3446 906 καὶ
3483 841 3672 895 εξκόνα

2071 923 2226 994 μίαν,
2295 926 2392 981 καὶ
2452 929 2715 999 ὁμοίωσιν
2761 929 2862 1000 τὴν
2923 930 3118 1000 αὐτήν.
3169 930 3254 999 To;
3297 930 3407 1004 γάρ
3464 935 3665 987 εἰπεῖν·

2073 1037 2092 1070 ι
2129 1018 2456 1090 Ποιήσωμεν
2487 1021 2778 1093 ἄνθρωπον
2823 1023 2946 1077 κατ’
2977 1023 3163 1077 εἰκόνα
3190 1023 3287 1076 καὶ¹
3317 1023 3604 1094 ὁμοίωσιν,
3641 1043 3663 1079 ι

2069 1114 2226 1168 τοῦτο
2253 1115 2425 1186 δηλοῖ.

2317 1206 2486 1261 POE'.
2510 1235 2582 1248 -—
2621 1205 2942 1278 ΦΙΛΛΓΡῘῼ
2972 1205 3412 1278 ΑΝΑΓΝΩΣΤῌ.

2140 1299 2207 1352 Εἴ
2225 1316 2311 1363 τις
2353 1298 2609 1370 δυνηθείη
2634 1298 2776 1352 κατά
2811 1299 2990 1370 ψυχὴν
3018 1297 3393 1369 ὀσφρανθῆναι
3421 1300 3520 1370 τῆς
3569 1299 3671 1354 τοῦ

2067 1391 2225 1459 ἁγίου
2259 1389 2878 1462 ῐΙνεύματος-εὐωδίας,
2931 1390 3514 1464 ἀναξωπυρωθήσεται
3566 1392 3670 1466 τὴν

2067 1483 2182 1548 ἕξιν
2207 1482 2395 1554 ὥσπερ
2429 1484 2492 1536 ἐκ
2515 1483 2726 1554 νεκρῶν
2753 1483 3022 1554 ἐγερθεὶς,
3056 1484 3150 1538 καὶ
3184 1484 3668 1556 ἀποθαυ-μάσεται,

2071 1578 2134 1628 ὲκ
2173 1575 2332 1640 ποίας
2379 1577 2768 1640 καταστάσεως
2825 1579 2904 1640 είς
2948 1577 3106 1631 ποίαν
3139 1577 3428 1647 μετετέθη,
3469 1578 3565 1632 καὶ
3604 1580 3670 1630 τὸ

2070 1669 2165 1724 τοῦ
2232 1668 2479 1733 Ἐζεκίου·
2540 1669 2909 1739 ἀναφωνήσει·
2976 1687 2995 1720 ι
3049 1666 3374 1737 Ἐξήγειράς
3407 1685 3512 1736 μου
3567 1669 3672 1739 τὴν

2071 1761 2240 1832 ζωὴν,
2276 1759 2372 1814 καὶ
2409 1759 2790 1832 παρακληθεὶς
2837 1757 3033 1833 ἔζησα,
3064 1760 3162 1812 καὶ
3191 1759 3508 1830 ἀπέρριψας
3543 1759 3671 1812 ὀπί-

2073 1870 2150 1907 σω
2208 1868 2311 1924 μου
2359 1853 2540 1918 πάσας
2581 1853 2678 1916 τὰς
2725 1851 3000 1924 ἁμαρτίας
3036 1868 3160 1922 μου,
3204 1869 3222 1902 ι
3281 1851 3432 1914 ὅπως
3466 1833 3672 1920 μηκέτι

2072 1944 2434 2016 φαντάζωμαι
2482 1945 2552 1998 τὰ
2585 1943 2696 1998 τῶν
2743 1943 3108 2015 πταισμάτων
3150 1941 3370 2009 εἴδωλα,
3416 1943 3674 2016 καθαρὰν

2073 2038 2298 2112 καρδίαν
2331 2039 2676 2110 κτησάμενος
2697 2038 2796 2092 τοῦ
2820 2037 3031 2092 λοιποῦ.

2559 2131 2744 2197 PBQ".
2779 2158 2852 2169 —
2877 2127 2962 2194 Τῷ
2990 2128 3172 2196 αὐτῷ.

2144 2223 2219 2276 Οὐ
2251 2221 2411 2294 μόνον
2438 2221 2649 2292 δυσώδη
2731 2221 2826 2275 καὶ
2856 2220 3108 2292 ἄκαρπα,
3147 2218 3286 2274 ἀλλὰ
3316 2219 3427 2292 γὰρ
3456 2219 3550 2273 καὶ
3571 2235 3666 2272 νεο

2072 2319 2182 2391 κρὰ
2206 2317 2433 2389 κλητέον
2466 2315 2535 2369 τὰ
2559 2306 2704 2388 ἔργα
2721 2314 2824 2384 τῆς
2854 2313 3152 2386 ἁμαρτίας.

2427 2409 2964 2473 ΡΟΖ’.-ΛΙΜΕΝ1ῼ
2991 2407 3306 2478 ΜΟΝᾹΧῼ.

2159 2503 2223 2556 Ἢ
2248 2502 2356 2556 τῶν
2389 2500 2604 2574 ἀρετῶν
2647 2501 2869 2572 μέθοδος
2898 2501 2998 2571 τὴν
3027 2501 3084 2552 ἐν
3111 2501 3224 2562 τοῖς
3267 2499 3520 2568 οὐρανοῖς
3561 2514 3674 2567 μαι

2077 2593 2378 2664 καριότητα
2403 2591 2676 2662 προξενεῖ,
2713 2589 2811 2662 τὴν
2843 2588 2968 2643 οὔτε
3003 2589 3148 2660 λόγῳ
3187 2589 3381 2660 ῥητὴν,
3424 2587 3548 2642 οὔτε
3587 2586 3674 2658 νῷ
3712 2578 3722 2589 ’

2075 2685 2306 2758 ληπτὴν,
2333 2684 2456 2738 οὕτε
2484 2683 2662 2755 ἐννοίᾳ
2692 2683 2971 2754 χωρητήν.

2570 2868 2819 2922 POH’.—
2855 2865 2943 2931 Τῷ
2981 2864 3162 2931 αὐτῷ.

2155 2983 2174 3016 ι
2208 2963 2302 3034 Μὴ
2355 2958 2616 3032 παραδῷς
2673 2977 2770 3031 με,
2799 2958 2988 3030 φησὶν,
3021 2959 3101 3022 εἰς
3145 2955 3322 3029 ψυχὰς
3372 2955 3670 3011 θλιϐόντων

393 3048 570 3114 me";
611 3067 630 3100 ι
683 3049 834 3120 impii
891 3051 1166 3121 siquidem
1215 3051 1482 3115 aﬂ‘ectus.
1529 3069 1558 3107 a
1587 3054 1791 3125 quibus
1837 3053 1970 3109 lihe-

2098 3073 2170 3109 ιε·
2219 3073 2238 3106 ι
2282 3053 2456 3126 ψυχαὶ
2482 3051 2591 3126 γὰρ
2618 3050 2728 3107 τῶν
2748 3051 3017 3121 δαιμόνων
3045 3050 3110 3104 τὰ
3145 3050 3335 3104 ἀνόσια
3382 3049 3554 3122 πάθη,
3587 3043 3666 3104 ὧν

389 3139 502 3194 rari
535 3139 802 3197 orandum
831 3151 947 3206 est,
979 3142 1288 3198 daemonum
1329 3154 1461 3200 sunt
1489 3146 1709 3200 animae.

876 3234 1159 3292 CLXXIX.
1184 3265 1253 3278 --
1278 3235 1488 3293 Eidem.

465 3323 649 3380 Jacobi
681 3325 859 3382 illud:
898 3345 917 3379 ι
954 3325 1012 3382 Si
1061 3327 1278 3384 dederit
1318 3328 1453 3383 mihi
1485 3326 1750 3384 Dominus
1775 3341 1971 3399 panem

391 3415 458 3470 ad
507 3417 940 3485 comedendum,
995 3426 1054 3474 et
1125 3428 1336 3474 vestem
1399 3419 1466 3473 ad
1505 3417 1970 3475 conrolvendum

391 3522 478 3564 me
503 3509 571 3574 ⁷³,
601 3527 622 3563 ι
658 3510 784 3568 vita:
825 3511 1145 3567 institutum
1183 3510 1582 3568 monachorum
1617 3510 1897 3582 exprimit.

883 3602 1145 3660 CLXXX.
1164 3634 1233 3646 —
1256 3603 1466 3658 Eidem.

464 3695 762 3751 Maximum
811 3697 1016 3752 bonum
1053 3703 1140 3752 est
1166 3695 1462 3768 piaciditas
1485 3737 1499 3763 ,
1535 3711 1701 3768 quam
1747 3711 1966 3755 assecu-

392 3800 480 3846 tus
513 3788 728 3859 Moyses
754 3788 921 3844 Deum
961 3788 1197 3844 intuitus
1225 3797 1309 3844 est
1338 3789 1406 3855 ⁷³,
1435 3796 1496 3844 ut
1544 3789 1798 3846 humanm
1827 3789 1971 3845 vires

395 3881 594 3938 intueri
626 3889 880 3954 possunt.
914 3891 925 3902 '

864 3969 1148 4029 CLXXXI.
1176 4000 1246 4010 —
1274 3968 1479 4025 Eidem.

461 4064 728 4120 Castilate
753 4071 808 4119 et
842 4065 1084 4135 puritate
1127 4061 1506 4116 admirabilem
1537 4059 1712 4114 Eliam
1745 4061 1963 4116 amula.

392 4165 482 4212 tus
515 4173 575 4212 es
607 4157 674 4220 ⁸ο,
729 4156 825 4224 qui
869 4154 1289 4211 exercitationis
1331 4152 1604 4208 universae
1636 4151 1746 4206 dux
1789 4150 1974 4205 factus

394 4248 605 4318 pri-.nus
647 4247 890 4300 omnium
942 4245 1106 4300 nobis
1151 4244 1512 4314 pudicitiam,
1541 4250 1598 4298 et
1638 4257 1825 4313 parem
1858 4243 1974 4298 An-

393 4339 530 4408 chis
585 4338 898 4393 caelibatum
965 4334 1242 4396 ostendit.
1303 4343 1530 4406 propter
1581 4349 1748 4405 quam
1813 4337 1974 4406 igneo

393 4445 562 4486 curru
594 4429 892 4498 subreptus
914 4436 1021 4484 est.
1083 4423 1090 4428 ’

870 4516 1178 4576 CLXXXII.
1204 4549 1273 4560 ——
1297 4515 1504 4572 Eidem.

461 4614 860 4672 Gravissimam
919 4611 1334 4684 mgritudinem,
1367 4617 1425 4666 et
1475 4609 1732 4665 tenebras
1777 4607 1971 4679 impie-

394 4719 560 4766 tatem
587 4709 868 4781 appellans
894 4751 908 4775 ,
940 4723 1048 4762 non
1090 4705 1316 4760 aberras
1347 4719 1377 4758 a
1396 4702 1656 4758 veritate.
1687 4698 1692 4704 ’

531 4797 861 4855 CLXXXIII.
893 4828 964 4838 —-
986 4791 1460 4851 AMPIHCTYONI
1492 4789 1823 4848 RHETOBI.

465 4891 678 4964 Ingenti
713 4893 1089 4946 emolumento
1124 4888 1330 4942 ditatus
1351 4927 1365 4952 ,
1388 4894 1442 4942 et
1465 4899 1655 4941 mensa
1688 4884 1931 4941 aflluenti
1955 4927 1971 4952 ,

394 4985 838 5054 honoribusque,
870 4999 1036 5054 supra
1070 4977 1368 5052 quam’par
1399 4985 1514 5042 est,
1550 4977 1972 5044 cohonestatus,

396 5095 465 5132 ne
512 5079 678 5133 nimis
710 5077 1076 5149 corjbantum
1137 5087 1320 5136 more,
1373 5071 1478 5141 71
1526 5069 1802 5136 insanias,
1857 5071 1978 5126 sed

395 5172 544 5226 vices
604 5183 788 5225 rerum
849 5176 1182 5240 exspectans
1241 5164 1595 5221 insolentiam
1662 5178 1973 5234 compesce.

397 5260 543 5316 Nihil
589 5262 739 5318 enim
788 5270 874 5317 est
909 5263 1151 5318 humana
1197 5259 1459 5314 felicitate
1507 5253 1785 5321 debilius,
1837 5256 1986 5317 nihil

397 5355 737 5410 iu'thccillius
763 5394 778 5416 ,
810 5354 946 5409 nihil
985 5353 1407 5409 infortunatius.

577 5442 913 5498 CLXXXIV.
953 5473 1020 5484 --
1059 5440 1295 5497 HIERIO
1335 5440 1789 5498 SYNCLETICO.

467 5537 636 5601 Quot,
668 5539 852 5604 putas,
879 5530 1100 5602 seipsos
1127 5531 1322 5588 beatos
1354 5530 1587 5599 ducunt,
1621 5532 1766 5604 quod
1797 5532 1966 5587 ditini
2057 5541 2059 5543 '

466 5665 512 5697 "
545 5663 680 5719 Gen.
713 5681 768 5725 v.
799 5664 889 5719 24.
968 5662 1014 5737 7⁸
1040 5661 1181 5737 Cen.
1221 5681 1259 5722 ι.
1291 5663 1381 5718 ‘26.
1459 5664 1504 5696 "
1539 5665 1641 5722 lsa.
1671 5683 1900 5737 xxxviii,
1958 5668 2037 5723 I7.
2119 5672 2162 5705 ⁷⁷
2197 5668 2340 5724 Psal.
2373 5684 2523 5732 xxw,
2561 5665 2643 5721 I2.

401 5753 594 5805 sum,
633 5737 686 5791 II
734 5749 886 5807 seqq.
965 5735 1009 5765 ⁸ο
1040 5731 1114 5806 ιν,
1161 5737 1288 5806 ttrg.
1330 5751 1387 5802 ιι,
1419 5737 1499 5790 Il.

2073 3149 2298 3206 εὐκτέον
2338 3147 2625 3220 όυσθῆναι.

2419 3271 2443 3296 ι
2570 3235 2738 3291 ΡΟΘ’.
2769 3267 2835 3278 -
2869 3235 2956 3301 Τῷ
2983 3233 3165 3300 αὐτῷ.

2144 3333 2220 3387 Τδ
2250 3331 2430 3401 λέγειν
2457 3327 2550 3382 τδν
2601 3325 2816 3380 Ἰακώϐ·
2861 3341 2880 3377 ι
2917 3323 3043 3378 Ἐἀν
3077 3323 3153 3394 δῷ
3200 3340 3290 3394 μοι
3330 3322 3534 3394 Κύριος
3564 3323 3668 3393 ἀρ-

2073 3441 2166 3479 τον
2222 3424 2439 3493 φαγεῖν,
2481 3421 2577 3474 καὶ
2613 3416 2829 3489 ἱμάτιον
2875 3413 3290 3487 περιϐαλέσθαι,
3330 3433 3350 3467 ι
3403 3414 3504 3487 τὴν
3554 3413 3669 3468 τῶν

2079 3515 2331 3588 μοναχῶν
2363 3513 2676 3583 διαγορεύει
2709 3509 2878 3581 ζωήν.

2573 3604 2702 3658 PII'.
2748 3631 2820 3644 -
2866 3599 2951 3668 Τῷ
2984 3597 3165 3667 αὐτῷ.
3717 3669 3720 3673 .

2069 3689 2072 3694 ’
2146 3701 2422 3769 Μέγιστον
2457 3694 2664 3766 ἀγαθὸν
2707 3695 2970 3766 τυγχάνει
3021 3694 3056 3766 ή
3098 3692 3366 3764 πραότης,
3415 3693 3593 3763 ἥνπερ
3637 3692 3668 3743 ὁ

2081 3793 2255 3864 μέγας
2286 3789 2631 3859 κτησάμενος
2673 3785 2918 3849 Minucii;
2965 3782 3102 3838 Θεὸν
3154 3783 3437 3845 ἐθεάσατο,
3471 3781 3549 3845 ὡς
3578 3783 3668 3835 ἁν-

2080 3883 2280 3957 θρώπῳ
2308 3882 2433 3937 ἰδεῖν
2453 3879 2700 3934 δυνατόν.

2568 3971 2742 4024 ΡΠΛῖ
2771 4000 2839 4010 -—
2873 3967 2957 4034 Τῷ
2987 3966 3166 4034 αὐτῷ.

2160 4066 2453 4138 Ἐμιμὴσω
2486 4065 2552 4134 τῇ
2595 4052 2812 4132 ἁγνείᾳ,
2845 4061 2941 4114 καὶ
2963 4062 3029 4130 τῇ
3056 4057 3391 4128 καθαρότητι
3415 4057 3507 4122 τὸν
3536 4057 3670 4112 θαυ.

2081 4161 2284 4233 μαστὸν
2311 4157 2519 4221 Ἠλίαν,
2538 4155 2686 4216 ὅστις
2718 4155 2900 4224 πάσης
2931 4151 3218 4222 ἀσκήσεως
3249 4150 3492 4221 ἀρχηγὸς
3513 4153 3670 4219 γενά-

2082 4269 2261 4326 μενος,
2308 4248 2530 4321 πρῶτος
2559 4248 2692 4317 ἡμῖν
2716 4245 2816 4316 τὴν
2851 4243 3227 4316 σωφροσύνην,
3253 4243 3346 4296 καὶ
3371 4242 3470 4314 τὴν
3508 4244 3668 4314 ίσάγ-

2077 4345 2236 4414 γελον
2285 4340 2534 4412 ἀγαμίαν
2573 4337 2844 4404 ὑπέδειξε,
2881 4337 2946 4390 δι’
2977 4337 3157 4408 ἥνπερ
3195 4336 3291 4389 καὶ
3325 4335 3536 4406 πυρίνῳ
3567 4336 3670 4409 ἆρ-

2005 4431 2065 4487 D'
2083 4457 2211 4511 ματι
2239 4433 2554 4507 ἀνηρπάγη.

2577 4522 2832 4577 ΡΠΒ’.-
2870 4520 2954 4588 Τῷ
2973 4520 3134 4596 αὑτῷ
3445 4595 3448 4600 .

2152 4620 2325 4674 Νὸσον
2401 4615 2818 4687 χαλεπωτάτην,
2892 4613 2988 4666 καλ⁸
3049 4613 3242 4676 σκότος
3313 4611 3498 4666 καλῶν
3565 4613 3665 4683 τὴν

2071 4710 2347 4772 ἀσέϐειαν,
2377 4709 2475 4776 οὐχ
2507 4704 2846 4776 ἁμαρτάνεις
2866 4701 2959 4754 τοῦ
2991 4701 3246 4772 ἀληθοῦς.

2351 4798 2520 4852 PHI".
2545 4827 2610 4837 -—
2630 4793 3062 4850 ΑΜΦῘΚΤΥΩΝΙ
3095 4793 3374 4846 ΡΠΤΟΡΙ.

2144 4893 2385 4966 Κέρδους
2399 4889 2598 4943 πολλοῦ
2624 4884 2964 4957 τετυχηκὼς,
2982 4887 3079 4940 καὶ
3106 4885 3347 4954 λιπαρᾶς
3359 4881 3662 4955 τραπέζης,

2075 4985 2250 5055 τιμῶν
2283 4999 2342 5035 τε
2388 4977 2681 5034 ἀπολαύων
2728 4975 2838 5029 τῶν
2869 4975 3009 5047 ὑπὲρ
3053 4974 3149 5044 τὴν
3189 4974 3369 5040 ἀξίαν,
3405 4970 3481 5042 μὴ
3523 4970 3666 5038 ἄγαν

2077 5071 2426 5145 κορυϐαντία,
2456 5067 2758 5142 μεταϐολὴν
2795 5066 2851 5119 δὲ
2889 5065 3212 5136 προσδέχου,
3256 5065 3351 5118 καὶ
3378 5062 3574 5115 σϐέσον
3602 5062 3664 5115 τὸ

2077 5165 2364 5235 φρύαγμα.
2408 5161 2574 5216 Οὐδὲν
2606 5161 2714 5231 γὰρ
2741 5159 2842 5230 τῆς
2885 5157 3036 5228 παρὰ
3062 5159 3176 5220 τοῖς
3207 5153 3518 5226 ἀνθρώποις
3567 5154 3660 5205 ει)⁴

2075 5255 2359 5328 δαιμονίας
2423 5251 2790 5324 σαθρώτερον,
2843 5249 2996 5303 οὐδὲν
3046 5246 3463 5319 ἁδρανέστερον,
3503 5245 3660 5298 οὖόὲν

2075 5347 2425 5418 ἀθλιώτερον.

2368 5437 2537 5491 ΡΠΔ’.
2561 5467 2630 5475 -
2665 5434 2846 5506 ΙΕΡΙῼ
2885 5433 3334 5506 ΣΥΓΚΙΜῙἸΊΚῼ

2149 5534 2346 5601 Πόσοι,
2393 5532 2604 5596 δοκεῖς,
2654 5529 2882 5592 ἑαυτοὺς
2918 5526 3347 5598 μακαρίζουσιν,
3378 5523 3463 5578 ὅτι
3521 5541 3657 5580 κατ’

2750 5666 2796 5698 ⁷⁸
2819 5664 2954 5720 Gen.
2996 5661 3306 5732 xxvmﬂd.
3385 5663 3430 5695 ⁷³
3483 5664 3650 5720 Exod.

3010 5832 3015 5836 ι
3045 5833 3082 5842 οι-
