3970 6220
260 296 358 361 153

1488 286 2022 350 EPISTULARUM
2072 291 2217 349 LIB.
2254 291 2297 352 Ι.

3416 293 3517 359 154

254 412 620 487 τγξὶωνταιτοῦ
653 412 940 465 θεσπεσίου
979 412 1227 465 Ἰωάννου
1252 410 1343 465 τοῦ
1383 414 1826 464 Κωνσταντινουο

1950 406 2161 462 Ioannis
2208 410 2818 478 Constantinopolitani
2869 412 3114 481 episcopi
3166 414 3518 469 sermonibus

255 507 458 568 πόλεως
507 505 813 557 ἐπισκόπου
843 506 954 566 τοῖς
998 503 1177 571 λόγοις
1232 504 1577 575 περιτυχεῖν;
1624 497 1699 554 ὧν
1736 502 1830 574 καὶ

253 598 409 661 αὐτὸς
469 594 705 668 ἐραστὴς
768 594 969 666 θερμὸς

255 689 440 743 πολλά.

474 779 650 833 PHE’.
670 806 749 820 --
776 780 1089 851 ΜΛΡΙᾹΝῼ
1128 780 1593 849 ΥΠΟΔΙΑΚΟΝῼ.

323 872 384 926 Τί
406 872 792 943 δαψιλέστερον
820 871 1057 935 πιαίνεις
1080 872 1159 925 σοι
1186 872 1283 935 τὰς
1308 873 1516 943 σάρκας
1549 888 1664 937 σου,
1699 888 1827 941 τρο⁴

258 964 355 1033 φῆν
390 963 692 1030 σκωλήκων
726 963 997 1033 ἐσομένας
1018 964 1139 1014 ὅσον
1170 962 1355 1028 οὔπω;

539 1056 729 1121 PBQ".
754 1083 814 1093 ——
852 1054 1172 1124 ΓΙΓΑΝΤΙῼ
1209 1055 1531 1125 ΔΙΑΚΟΝῼ.

323 1147 506 1209 Ὅπως
573 1147 650 1216 μὴ
720 1145 1104 1215 ἀπευδοκὴσης
1166 1144 1262 1197 τοῦ
1336 1145 1674 1215 χαρίσματος
1717 1144 1828 1213 ’τῆς

258 1238 583 1308 ἀπτοησῖας,
639 1239 747 1293 καὶ,
790 1238 894 1307 τῆς
946 1237 1286 1300 τελεωτάτης
1334 1237 1638 1300 ἀπαθείας,
1695 1236 1828 1306 μηδὲ

259 1331 444 1383 σαυτὸν
472 1332 537 1398 τῇ
559 1328 707 1398 λύπῃ
739 1327 1107 1398 καταπνίγῃς,
1149 1326 1292 1397 ἔχεις
1320 1328 1409 1379 τὸν
1442 1328 1594 1391 ἅγιον
1626 1326 1828 1379 Μωσέα

260 1418 739 1489 παραθαρσύνοπά
796 1437 877 1483 σε,
933 1420 1025 1471 καὶ
1054 1418 1279 1487 λέγοντα
1328 1421 1385 1470 ὲν
1437 1418 1514 1487 τῷ
1560 1417 1827 1485 Λευῖτικῷ

260 1508 464 1576 τεύχει,
495 1509 574 1561 ’ὁτι
626 1526 642 1557 ι
683 1506 853 1559 Δώσω
901 1508 1124 1578 εἰρήνην
1176 1508 1234 1559 ἐν
1271 1509 1337 1577 τῇ
1382 1510 1450 1577 γῇ
1507 1506 1681 1576 ὑμῶν,
1737 1508 1829 1559 καὶ

265 1598 674 1668 κοιμηθήσεσθε,
716 1598 813 1652 καὶ
856 1598 957 1651 οὐκ
1003 1596 1154 1650 ἔσται
1188 1599 1215 1649 ὁ
1256 1598 1505 1665 ἐκφοϐῶν
1539 1599 1705 1668 ὑμᾶς,
1735 1604 1827 1652 καὶ

267 1689 445 1743 ἀπολῶ
470 1689 627 1758 θηρία
656 1689 872 1759 πονηρὰ
904 1692 967 1741 ἐκ
996 1691 1093 1760 τῆς
1116 1690 1218 1759 γῆς
1244 1689 1418 1758 ὑμῶν,
1447 1689 1540 1742 καὶ
1568 1688 1824 1752 διώξεσθε

1048 596 1078 649 ὑ
1092 596 1310 667 πάρχων
1338 636 1351 661 ,
1437 592 1830 666 μακαρισθήσῃ

1942 502 2017 554 ιιιί
2061 501 2209 570 digni
2259 501 2429 555 habiti
2479 503 2644 557 sunt?
2684 518 2875 557 eorum
2916 512 2997 567 tu,
3043 519 3168 558 cum
3213 504 3519 558 admirator

1936 593 2223 661 cultorque
2260 595 2594 664 percnpidns
2617 595 2718 659 sis,
2746 595 2977 650 nimium
3010 596 3343 663 laudabrris,
3369 595 3519 666 judi-

1936 684 2266 752 caberisqne
2303 674 2639 740 ferlunatus.

2090 775 2400 829 CLXXXV.
2442 807 2512 816 ——-
2551 776 2864 833 MARIANO
2904 778 3356 835 SUBDIACONO.

2005 867 2150 934 Quid
2181 868 2556 922 abundantius
2588 884 2786 924 carnes
2822 878 2943 923 tuas
2988 871 3357 939 pinguefacis,
3394 889 3512 929 νεν-

1935 960 2117 1013 mibus
2148 960 2331 1013 cibum
2370 975 2479 1012 non
2513 960 2688 1012 multo
2717 970 2841 1029 post
2874 961 3128 1014 futuras?

2141 1044 2561 1105 CLXXX\’I.-—-
2597 1049 2926 1104 GIGA‘NTIO
2978 1050 3296 1107 DIACONO.

2007 1141 2075 1195 Ut
2121 1158 2188 1196 ne
2237 1143 2494 1211 desperes
2541 1142 2607 1198 dc
2652 1144 2985 1197 charismate
3029 1143 3423 1212 inlrepiditatis
3463 1154 3515 1199 et

1937 1231 2352 1302 perfectissima:
2376 1231 2972 1300 imperturbabilitatis,
3005 1240 3057 1286 et
3082 1248 3110 1285 a
3140 1248 3394 1298 mmrore,
3421 1233 3512 1303 qui

1935 1335 1987 1379 te
2024 1322 2302 1390 pnet‘ocat,
2327 1322 2601 1386 libereris,
2640 1322 2811 1375 habes
2838 1324 2932 1377 libi
2967 1323 3185 1377 animos
3221 1324 3513 1378 addentem

1934 1424 2186 1470 sanctum
2220 1414 2481 1485 Moysem,
2521 1414 2574 1466 in
2623 1412 2875 1468 Levitico
2930 1414 3245 1468 dicentem:
3296 1434 3314 1467 ι
3364 1416 3513 1469 Dabo

1935 1522 2119 1577 pacem
2155 1506 2207 1559 in
2237 1516 2379 1559 terra
2418 1516 2617 1569 vestra,
2653 1516 2703 1559 et
2731 1505 3034 1572 dormietis,
3058 1514 3108 1561 et
3142 1522 3248 1560 non
3271 1511 3511 1578 erit,'qui

1932 1599 2086 1651 vobis
2137 1598 2386 1649 timorem
2461 1598 2723 1659 incutiat,
2771 1604 2824 1650 et
2881 1597 3189 1651 interimam
3258 1589 3512 1655 animalia

1930 1706 2096 1760 prava
2128 1689 2195 1741 de
2225 1698 2366 1741 terra
2398 1694 2599 1749 vestra,
2625 1696 2676 1739 et
2702 1686 2963 1756 fugabitis
2994 1688 3246 1741 inimicos
3283 1698 3510 1748 vestros.

267 1786 385 1847 τοὺς
412 1782 635 1854 ἐχθροὺς
674 1782 851 1853 ὑμῶν,
904 1782 999 1834 κα)⁸
1049 1781 1341 1835 πεσοῦνται
1392 1780 1620 1835 ἐνώπιον
1675 1780 1829 1850 ὑμῶν

1950 1790 1985 1835 ιι
2013 1782 2209 1836 cadent
2241 1782 2295 1832 in
2331 1786 2626 1847 conspectu
2658 1786 2841 1832 vestro
2872 1794 2982 1846 pra:
3013 1777 3208 1831 timore
3231 1778 3297 1830 δι.
3329 1798 3346 1827 ι
3381 1777 3512 1830 Ter-

266 1875 419 1946 φόόῳ.
444 1875 553 1945 Γῆν
574 1875 722 1942 λέγει
753 1874 851 1945 τὴν
884 1873 1233 1943 ἀνθρωπίνην
1272 1873 1521 1945 καρδίαν,
1560 1872 1739 1942 ἀγαθά
1770 1890 1829 1925 τε

261 1968 345 2021 καὶ
386 1968 565 2037 φαῦλα
608 1967 901 2039 σπέρματα
954 1965 1273 2037 δεχομένην,
1320 1964 1484 2034 θηρία
1517 1963 1572 2015 δὲ
1618 1961 1829 2032 πονηρὰ

258 2061 371 2121 τοὺς
400 2060 696 2130 δυσμενεῖς
743 2060 1027 2129 δαίμονας,
1072 2058 1166 2110 καὶ
1216 2057 1283 2110 τὰ
1328 2057 1691 2127 κακομήχανα
1730 2056 1828 2125 τῆς

259 2152 513 2223 πονηρίας
546 2154 817 2224 νοήματα.
843 2172 863 2203 ι
972 2198 975 2199 ,

743 2246 911 2298 PIIZ'.
937 2274 1009 2283 —
1032 2242 1117 2310 τῷ
1153 2241 1331 2309 αὐτῷ.

319 2338 487 2392 Ὅταν
513 2338 583 2392 δι’
618 2338 895 2409 ὑπομονῆς
921 2339 1013 2392 καὶ
1054 2338 1218 2408 εὐχῆς
1248 2336 1505 2405 λάϐωμεν
1552 2336 1649 2407 τὴν
1690 2336 1828 2391 ἄνω·

263 2429 337 2481 θεν
376 2428 619 2501 δωρεὰν,
662 2428 785 2482 τότε
840 2428 1029 2493 διῶξαι
1078 2427 1353 2498 δυνάμεθα
1398 2427 1526 2489 τοὺς
1567 2426 1829 2496 ἀοράτους

264 2521 598 2593 βαρϐάρους,
642 2522 738 2574 καὶ
788 2519 1085 2574 πεσοῦνται
1113 2519 1302 2591 τρόμῳ
1350 2518 1454 2570 ὑπὸ
1502 2518 1630 2579 τοὺς
1663 2517 1831 2579 πόδας

260 2612 413 2680 ἡμῶν.
457 2612 601 2681 Φησὶ
639 2612 748 2683 γὰρ
774 2610 866 2664 καί
896 2628 982 2675 τις
1009 2596 1299 2681 προφήτης
1321 2651 1334 2672 ,
1359 2610 1441 2663 ὅτι
1478 2628 1493 2660 ι
1522 2607 1743 2679 Ούσπερ
1772 2608 1832 2661 τὸ

261 2703 464 2773 πρῶτον
498 2703 802 2773 ἐφοϐεῖσθε,
841 2702 1245 2774 φοϐηθήσονται
1272 2702 1437 2773 ὑμᾶς.

438 2798 625 2850 PIIH'.
652 2827 723 2836 —
754 2796 1105 2866 ΛΕΥΚᾹΔῙῼ
1141 2795 1626 2867 ΑΡΧΙΔΙᾹΚΟΝῼ.

321 2889 487 2952 Ἔθος
540 2892 655 2953 τοῖς
689 2889 867 2957 ἁγίοις
909 2889 1251 2960 εὐχαριστεῖν
1298 2888 1375 2959 τῷ
1423 2888 1543 2960 Θεῷ
1596 2888 1675 2960 τῷ
1730 2888 1829 2960 τὴν

257 2981 411 3053 ὀσμὴν
453 2984 556 3052 τῆς
584 2978 843 3049 γνώσεως
870 2981 969 3050 τῆς
1008 2980 1309 3052 ὀφελούσης
1333 2980 1512 3051 ψυχὰς
1544 2981 1613 3032 δι’
1651 2980 1830 3034 αὐτῶν

259 3073 531 3145 πανταχοῦ
562 3073 884 3144 φανεροῦντι
905 3089 918 3105 ⁸
950 3073 1015 3126 σὺ
1048 3073 1094 3127 δ’
1122 3073 1243 3127 ἀντὶ
1273 3072 1500 3135 εὐωδίας
1519 3072 1588 3127 τὰ
1627 3073 1831 3145 πίτυρα
1861 3107 1906 3168 C

259 3163 480 3235 θυμιᾷς,
518 3165 637 3217 κατ’
671 3162 852 3216 εἰκόνα
890 3161 1000 3215 τῶν
1045 3161 1320 3231 γυναικῶν
1358 3162 1603 3223 ἐκείνων,
1647 3155 1833 3234 ὧνπερ

258 3253 585 3325 ὁπροςρήτης
616 3252 892 3323 μέμνηται
927 3251 1198 3323 Ἱερεμίας
1229 3252 1458 3322 γράφων
1494 3253 1608 3315 τοῖς
1637 3253 1834 3322 αἰχμα-

262 3343 598 3399 λωτισθεῖσιν
631 3345 712 3407 εἰς
741 3343 1058 3398 Βαδυλῶνα.
1086 3344 1153 3397 Τί
1194 3343 1304 3414 γὰρ
1335 3343 1399 3397 ἂν
1437 3343 1684 3414 διαφέροι
1730 3361 1834 3397 κα-

261 3436 492 3507 πνῳδίας
530 3435 592 3490 τὸ
630 3436 725 3490 σὺν
770 3434 1112 3507 διάγγελμα,
1145 3435 1208 3489 τὸ
1256 3435 1599 3489 στασιοποιόν
1637 3453 1697 3489 τε
1741 3437 1836 3489 καὶ⁸

263 3526 482 3597 ἀκερδές
504 3545 521 3593 ;

751 3619 925 3675 PHG'.
956 3651 1026 3660 ——
1057 3619 1142 3686 Τῷ
1169 3620 1351 3687 αὐτῷ.

329 3708 499 3782 Εἴπερ
535 3710 709 3783 δῆμος
746 3712 957 3784 ψυχῶν,
1004 3711 1185 3776 καθὼς
1222 3712 1420 3783 λέγεις,
1453 3714 1518 3767 δι’
1562 3715 1836 3787 ἁμαρτίας

271 3802 609 3856 ἐκπέπτωκεν
655 3804 765 3858 ἀπὸ
802 3806 899 3876 τῆς
937 3805 1124 3876 ἁψῖδος
1155 3808 1265 3860 τῶν
1310 3807 1559 3877 οὐρανῶν
1605 3806 1837 3862 ἐνταῦθα

274 3894 389 3943 κατ’
437 3894 603 3964 ἀρχὰς
644 3895 745 3966 τῆς
800 3896 1150 3968 ἀνθρωπίνης
1184 3899 1473 3967 γενέσεως,
1510 3900 1603 3953 καὶ
1635 3899 1835 3953 ὲνεσω-ο

274 3986 521 4057 ματὼθη,
577 3989 744 4060 ἐχρῆν
799 3988 1011 4059 γράψαι
1067 3990 1157 4043 τὸν
1219 3990 1392 4060 μέγαν
1448 3990 1708 4056 Μωῦσέα,
1757 3992 1837 4044 ὅτι

272 4072 433 4126 πολλὰ
463 4076 491 4127 ὁ
543 4074 678 4140 Θεὸς
710 4075 942 4147 σώματα
981 4078 1289 4150 πεποίηκεν
1324 4081 1389 4132 ἐκ
1447 4080 1544 4151 τῆς
1584 4080 1709 4148 γῆς,
1746 4081 1841 4134 καλ⁵

273 4165 343 4226 είς
377 4166 552 4218 ταῦτα
588 4168 889 4221 κατέϐαλεν
920 4169 1019 4234 τὰς
1050 4170 1388 4234 ἐκπεσούσας
1411 4170 1608 4242 ψυχάς.
1636 4171 1749 4224 Νῦν
1782 4171 1840 4223 δὲ

273 4253 361 4324 οὔχ
381 4256 577 4321 οὕτως,
603 4259 699 4310 Eva
721 4257 780 4311 δὲ
814 4258 1100 4329 ἄνθρωπον
1141 4261 1299 4331 μόνον
1323 4261 1413 4315 τὸν
1455 4261 1624 4332 Ἀδὰμ
1648 4264 1712 4316 ὲκ
1742 4262 1840 4333 τῆς

277 4346 368 4415 γῆς
396 4349 723 4415 πεπλάσθαι,
767 4350 862 4404 καὶ
893 4350 1071 4422 ψυχὴν
1120 4338 1543 4425 ὲμπεφυσῆσθαι
1586 4354 1769 4417 ζῶσαν
1806 4357 1837 4424 ἡ

1939 1890 2054 1928 ram
2091 1882 2246 1927 Vocat.
2281 1888 2377 1926 cor
2428 1871 2762 1934 humanum,
2801 1869 2945 1922 bona
2998 1870 3251 1937 malaque
3304 1869 3512 1923 semina

1931 1964 2248 2034 excipiens;
2286 1962 2544 2014 animalia
2589 1975 2755 2029 prava
2807 1960 3088 2013 daemones
3142 1959 3509 2021 adversarios,

1931 2065 1985 2114 et
2014 2056 2151 2113 subd
2163 2056 2276 2110 olas
2302 2055 2525 2108 malitia:
2557 2052 2941 2124 cogitationes.

2307 2236 2413 2309 72
2444 2232 2800 2291 ccxxxvu.
2837 2262 2904 2274 --
2936 2230 3148 2286 Eidem.

2003 2334 2138 2388 Cum
2166 2330 2460 2386 tolerantia
2486 2337 2538 2383 et
2563 2326 2809 2382 oratione
2834 2340 3068 2394 superna
3104 2337 3329 2378 munera
3358 2338 3513 2395 accc-7

1935 2426 2209 2496 perimus,
2244 2430 2377 2474 tunc
2426 2417 2728 2473 invisibiles
2783 2416 3051 2470 barbaros
3092 2414 3280 2483 fugare
3312 2415 3511 2482 poteri-

1936 2532 2078 2579 mus,
2112 2513 2202 2582 qui
2240 2511 2436 2565 cadent
2473 2524 2583 2579 pra:
2639 2508 2833 2560 timore
2864 2512 2992 2559 ante
3041 2504 3207 2574 pedes
3254 2513 3507 2558 nostros:

1933 2622 2061 2662 nam
2117 2613 2170 2661 et
2220 2603 2440 2674 quidam
2502 2599 2766 2671 propheta
2819 2597 2991 2651 dicit:
3060 2614 3079 2648 ι
3134 2596 3284 2662 Quos
3360 2596 3512 2665 prius

1930 2697 2235 2757 timebatis.
2268 2711 2364 2750 vos
2398 2694 2689 2748 timebunt.
2729 2710 2746 2743 ι

2003 2783 2381 2841 CLXXXVIII.
2412 2814 2480 2823 —
2504 2780 2852 2838 LEUCADIO
2884 2775 3424 2837 ARCIIIDIACONO.

2007 2879 2260 2934 Solcmne
2285 2886 2602 2932 sanctorum
2638 2883 2742 2940 est,
2774 2874 2882 2929 Deo
2910 2874 3114 2945 gratias
3146 2870 3393 2931 reddere,
3420 2865 3512 2938 qui

1936 2971 2264 3044 cognitionis
2300 2969 2590 3023 animabus
2616 2967 3017 3037 percon'imodae
3046 2966 3265 3020 odorem
3300 2977 3393 3032 per
3419 2975 3517 3015 eos

1937 3065 2252 3132 ubicunque
2279 3060 2609 3115 manifestet.
2643 3056 2747 3113 Sed
2780 3066 2834 3111 tu
2862 3072 2959 3127 pro
2990 3054 3142 3111 suavi
3169 3053 3336 3108 odore
3361 3067 3513 3119 aeque

1936 3170 2001 3210 ac
2024 3154 2131 3208 illm
2152 3152 2432 3213 mulieres,
2451 3163 2684 3221 quarum
2708 3149 2971 3219 prapheta
2992 3146 3260 3202 Jeremias
3277 3141 3511 3212 captivis

1936 3246 2265 3318 Babylonem
2302 3242 2553 3299 scribens
2581 3240 2850 3303 meminit,
2884 3237 3127 3293 furfures
3160 3237 3416 3290 incensas
3443 3231 3510 3283 ⁸¹.

1934 3338 1995 3392 In
2028 3354 2134 3408 quo
2163 3337 2332 3401 enim,
2366 3334 2417 3389 id
2461 3333 2606 3404 quod
2654 3334 2770 3402 ipse
2809 3331 3106 3404 protiteris,
3148 3344 3272 3383 cum
3328 3323 3515 3381 inimi-

1936 3434 2095 3487 citias
2130 3438 2381 3500 procreet
2417 3436 2470 3481 et
2516 3425 2669 3480 nullo
2719 3424 2791 3480 sit
2839 3423 3231 3485 emolumento,
3283 3434 3311 3472 a
3365 3418 3516 3472 fumo

1937 3521 2193 3580 differet?

2380 3607 2718 3667 CLXXXIX.
2746 3638 2815 3648 —
2845 3605 3051 3660 Eidem.

2010 3706 2068 3762 Si
2097 3704 2260 3761 turba
2303 3703 2631 3767 animarum,
2679 3710 2737 3753 ιιι
2775 3700 2894 3769 ipse
2940 3696 3164 3761 asseris,
3204 3709 3299 3765 per
3326 3706 3517 3762 pecca-

1940 3809 2051 3855 tum
2091 3814 2157 3853 ex
2207 3794 2524 3852 summitate
2558 3793 2683 3848 cwli
2718 3792 2846 3855 huc,
2892 3805 3014 3844 cum
3070 3786 3302 3858 primum
3355 3784 3517 3836 homo

1942 3890 2292 3951 conderetur,
2324 3886 2569 3956 delapsa,
2607 3900 2808 3954 corpus
2847 3882 2951 3937 sibi
3005 3878 3338 3947 assumpsit;
3384 3889 3518 3929 sane

1942 3995 2140 4051 magno
2166 3977 2334 4049 Moysi
2370 3974 2718 4030 scribendmn
2749 3981 2889 4036 erat,
2914 3971 3087 4026 multa
3120 3967 3286 4023 Deum
3316 3983 3345 4022 e
3370 3974 3516 4021 terra

1940 4088 2161 4128 creasse
2188 4083 2441 4139 corpora,
2475 4068 2530 4122 in
2569 4082 2743 4137 eaque
2784 4064 3039 4134 delapsas
3092 4061 3304 4115 animas
3340 4058 3518 4112 immi-

1943 4169 2102 4225 sisse.
2132 4166 2201 4218 At
2232 4165 2321 4220 ille
2358 4162 2435 4216 nil
2468 4162 2649 4216 minus
2678 4178 2691 4213 :
2728 4175 2899 4213 unum
2934 4172 3062 4211 vero
3099 4154 3373 4209 hominem
3428 4166 3518 4205 so-

1944 4262 2054 4314 lum
2088 4259 2264 4312 Adam
2297 4272 2327 4312 e
2370 4264 2515 4310 terra
2549 4268 2789 4316 creasse,
2836 4251 2889 4304 in
2950 4264 3126 4318 eoque
3174 4247 3410 4300 animam
3440 4244 3519 4297 ri-

1945 4360 2158 4408 ventem
2196 4349 2501 4420 inspirasse
2535 4348 2702 4402 Deum
2751 4344 3038 4415 Scriptura
3080 4342 3242 4395 tradit
3263 4340 3345 4392 ⁸³ι
3386 4357 3403 4388 ι
3446 4335 3520 4389 fe-

277 4438 458 4514 Γραφὴ
508 4443 909 4515 παραδίδωσινο
972 4465 988 4496 ι
1025 4442 1313 4516 Ἐποίησεν
1362 4463 1422 4499 τε
1469 4448 1533 4499 ἐκ
1578 4446 1673 4500 τοῦ
1722 4448 1837 4510 ἐνὸς

1950 4449 2126 4517 citque
2152 4462 2216 4500 ex
2243 4460 2352 4499 uno
2384 4442 2671 4512 sanguine,
2702 4450 2760 4495 ut
2784 4439 3079 4510 Apostolus
3098 4435 3280 4497 refert,
3303 4440 3517 4503 gentem

277 4530 519 4599 αἵματος,
550 4534 625 4596 ὥς
666 4551 832 4604 ιρησιν
860 4535 891 4585 ὁ
930 4536 1272 4601 Ἀπόστολος,
1310 4537 1420 4590 πᾶν
1455 4536 1606 4601 ἔθνος
1635 4537 1843 4609 ἀνθρὼ-

276 4635 384 4672 πων
414 4626 688 4677 κατοικεῖν
718 4624 811 4679 ἐπὶ
852 4624 1144 4693 προσώπου
1174 4626 1276 4697 τῆς
1304 4626 1427 4696 γῆς.
1472 4627 1529 4679 '0
1559 4625 1667 4697 γὰρ
1702 4626 1846 4697 πρῶ-

276 4729 358 4777 τος
385 4715 671 4787 ἄνθρωπος
716 4719 780 4771 ἐκ
809 4718 912 4788 γῆς
949 4718 1150 4788 χοῖκὸς,
1184 4737 1201 4769 ι
1233 4718 1331 4788 οὐχ
1365 4720 1411 4771 οἱ
1463 4718 1669 4788 πρῶτοι
1698 4719 1846 4788 δχλοι

276 4803 376 4856 τῶν
406 4806 617 4877 μυρίων
640 4806 946 4877 ἀνθρώπων
974 4811 1039 4862 ὲκ
1061 4809 1164 4877 γῆς
1190 4808 1384 4878 χοϊκοί.
1428 4828 1445 4860 ι
1479 4810 1583 4861 Καὶ
1606 4809 1672 4861 δι’
1706 4810 1844 4874 ἑνὸς,

281 4897 462 4964 φησιν,
494 4898 781 4968 ἀνθρώπου
840 4900 871 4969 ἡ
906 4900 1168 4970 ἁμαρτία
1197 4899 1448 4969 εἰσῆλθεν
1490 4901 1571 4963 είς
1606 4900 1698 4954 τὸν
1753 4901 1845 4954 κό-

282 5002 435 5063 σμον,
460 5009 478 5041 ι
517 4991 576 5043 οὐ
616 4991 727 5062 γὰρ
750 4991 815 5062 δὴ
845 4990 933 5043 διὰ
966 4991 1202 5061 πλήθους
1235 4991 1563 5063 ἀνθρώπων.

319 5062 349 5077 ⁵
785 5082 905 5146 Pw.
932 5110 1001 5121 —-
1036 5082 1119 5147 Τῷ
1148 5081 1327 5147 αὐτῷ.

347 5171 529 5235 U’Jﬁsig
571 5172 958 5244 προσκρούσας
1005 5172 1086 5243 τῷ
1125 5174 1245 5245 Θεῷ
1280 5214 1294 5237 ,
1345 5175 1437 5227 καὶ
1478 5174 1849 5247 ὲξοριζόμενος

283 5260 608 5329 εὐλογεῖταιο
665 5266 695 5317 ὁ
760 5264 819 5318 δέ
864 5282 927 5334 γε
976 5265 1148 5335 Ἀδὰμ
1213 5264 1594 5335 πεπλασμένος
1642 5271 1704 5321 ἐκ
1754 5270 1853 5338 τῆς

283 5354 404 5421 γῆς,
432 5355 521 5406 καὶ
554 5356 587 5426 ἡ
620 5354 734 5407 Εὔα
756 5357 821 5408 ἐκ
853 5357 953 5427 τῆς
988 5356 1178 5410 τούτου
1223 5357 1460 5429 πλευρᾶς
1509 5363 1851 5434 γεγενημένη

287 5439 468 5512 βοηθὸς
498 5445 636 5517 πρὸς
656 5463 717 5499 το
743 5448 1149 5517 τεκωγονῆσαι,
1173 5447 1245 5511 ὡς
1278 5450 1443 5518 μήπω
1473 5451 1639 5519 μηδὲν
1674 5453 1853 5523 ἀμαρ-

284 5536 559 5603 τήσαντες,
616 5538 1124 5618 εὐλογοῦνταιυὺπδ
1176 5540 1349 5608 ⁶θεοῦ,
1399 5542 1703 5613 αὐξηθῆναι
1752 5547 1847 5599 καὶ

355 5718 394 5748 ’ί
428 5717 590 5774 Lettt.
624 5736 774 5780 xxvi,
800 5718 848 5774 8.
923 5721 966 5756 ⁸³
1010 5722 1206 5779 Τίιιριι.
1239 5741 1315 5792 ιγ,
1340 5741 1389 5781 v.

1942 4541 2252 4594 universam
2289 4536 2573 4589 hominum
2610 4533 2854 4587 habitare
2890 4532 2943 4583 in
2980 4529 3171 4583 faciem
3229 4533 3388 4577 terrae
3412 4522 3514 4573 ⁸⁵.»

1948 4653 1965 4683 ι
1995 4632 2213 4685 Primus
2262 4629 2407 4685 enim
2458 4628 2621 4682 homo
2668 4642 2734 4680 ex
2778 4633 2925 4680 terra
2983 4632 3236 4677 terrenus
3260 4616 3327 4677 ⁸⁸,
3371 4628 3518 4665 »ιιοιι

1943 4725 2131 4792 prima:
2156 4720 2331 4775 turba:
2355 4718 2698 4773 inlinitorum
2729 4711 3009 4766 hominum
3028 4724 3093 4762 ex
3110 4714 3252 4760 terra
3272 4711 3518 4753 terrenae.

1945 4789 2049 4884 ἱ73
2091 4832 2109 4865 ι
2166 4812 2231 4866 Ει
2283 4825 2377 4882 per
2417 4825 2609 4874 unum,
2660 4807 2756 4869 ait,
2811 4802 3086 4858 hominem
3148 4800 3426 4866 peccatum
3463 4789 3518 4843 in

1948 4903 2211 4959 mundum
2247 4902 2595 4957 introductus
2624 4906 2709 4954 est
2732 4899 2801 4973 ⁸⁸,
2843 4916 2860 4947 ι
2889 4903 2941 4950 et
2988 4908 3095 4947 non
3124 4904 3220 4961 per
3271 4884 3521 4940 multitu-

1948 4998 2131 5052 dinem
2163 4996 2469 5051 hominum.

2487 5082 2643 5140 CXC.
2679 5110 2744 5121 —
2780 5079 2984 5133 Eidem.

2018 5178 2228 5233 Nemini
2262 5177 2315 5230 in
2358 5175 2719 5230 oITensiunem
2756 5171 2850 5223 Dei
2900 5162 3186 5226 incidenti,
3220 5170 3275 5216 ct
3319 5159 3523 5214 extorri

1954 5274 2096 5327 Iacto
2128 5269 2492 5325 benedieitur.
2529 5264 2633 5319 Sed
2676 5263 2844 5316 Adam
2878 5276 2907 5313 e
2953 5267 3096 5313 terra
3129 5254 3422 5315 conlietns,
3473 5259 3527 5304 et

1955 5365 2062 5418 Eva
2092 5381 2155 5417 ex
2190 5363 2308 5431 ejus
2343 5361 2517 5413 latere
2553 5356 2843 5428 producta,
2886 5351 2952 5405 ad
2993 5348 3362 5419 procreandos
3389 5345 3528 5397 Iilius

1957 5455 2292 5513 nuxiliatrix.
2328 5460 2589 5519 tanquam
2618 5447 2768 5501 nullo
2800 5446 2979 5497 adhuc
3019 5450 3243 5512 peccato
3277 5437 3527 5493 obstricti

1956 5567 1987 5603 ιι
2056 5546 2165 5601 Deo
2206 5542 2639 5602 benedictionem
2692 5537 3007 5607 accipiunt.
3061 5552 3078 5585 ι
3146 5529 3411 5593 Crescite,
3475 5533 3530 5578 et

1496 5723 1539 5754 ³³
1564 5726 1695 5786 Cen.
1733 5742 1791 5790 ιι,

1966 5725 2007 5757 9‘
2044 5727 2162 5781 Act.
2208 5738 2333 5791 \vu,
2370 5719 2456 5775 26.
2489 5719 2532 5751 ‘5
2573 5715 2739 5773 ICor.
2778 5730 2865 5783 ιιγ,
2898 5715 2983 5769 I7.
3059 5712 3102 5744 ⁸⁸
3136 5708 3294 5763 Rom.
3353 5724 3404 5777 γ,
3442 5706 3524 5761 I2.
