4024 6218
302 284 412 349 157

1519 281 2053 343 EPISTOLARUM
2090 281 2235 344 LIB.
2278 282 2327 339 I-

3463 277 3564 343 1.58

305 393 737 465 ανθρωπότατος
783 389 1062 458 Δεσπότης
1104 388 1335 460 Χριστὸς
1380 388 1448 443 ἐκ
1493 390 1760 460 στόματος
1800 392 1894 460 ῥυ.

2003 406 2059 444 ex
2089 404 2185 445 ore
2211 387 2434 445 sordido
2470 402 2663 460 preces
2703 386 3031 453 lululentas,
3064 388 3108 443 si
3145 388 3200 442 in
3258 387 3562 446 humilitate

302 481 488 556 παροῦ
549 486 608 537 ἰν
655 480 983 535 ταπεινώσει
1032 477 1486 550 προσφερομένην
1534 481 1725 553 πολλῇ.
1776 482 1886 535 Καὶ

302 575 550 629 πειθέτω
597 590 658 625 σε
711 575 740 627 ὁ
788 572 1016 644 φράζων
1060 571 1301 642 λῃστής·
1359 589 1376 622 ι
1410 572 1696 643 Μνήσθητι
1741 590 1842 643 μου
1870 611 1886 635 ,

305 665 484 737 Κύριε
532 663 745 735 Ἰησοῦ,
784 664 916 715 ὅταν
965 661 1126 733 ἔλθῃς
1182 663 1241 713 ὲν
1290 663 1356 732 τῇ
1407 661 1655 735 βασιλείᾳ
1709 681 1827 727 σου,
1863 682 1882 715 ι

304 757 628 829 παραυτίκα
658 755 931 820 ἀκούσας·
967 772 987 806 ι
1014 754 1264 825 Σήμερον
1295 753 1412 823 μετ’
1435 754 1570 825 ἐμοῦ
1599 755 1698 829 ἔσῃ
1730 758 1786 810 ὲν
1810 755 1889 827 τῷ

305 852 651 925 παραδείσῳ.
689 870 710 904 ι
1150 910 1153 911 ν

798 943 964 1011 PI‘II'.
996 975 1065 987 -—
1099 944 1188 1012 Τῷ
1222 944 1402 1011 αὐτῷ.

382 1036 580 1104 Λέγεις
614 1034 916 1107 ἀκηκοέναι
960 1034 1219 1107 Ἕλληνος
1258 1031 1584 1105 ἁμαρτωλοῦ
1620 1031 1889 1094 εἰπόντος,

308 1129 397 1182 δτι
424 1128 590 1182 οὐδέν
624 1143 728 1197 μου
766 1127 1046 1198 διαφέρεις
1086 1127 1192 1183 κᾶν
1218 1125 1542 1198 Χριστιανὸς
1580 1120 1672 1196 ᾖς,
1707 1126 1891 1194 ἀμαρ-

308 1219 484 1282 τωλὸς
512 1219 622 1289 γὰρ
652 1218 751 1273 καὶ
785 1217 870 1273 σύ.
903 1219 1041 1271 Εἰπὲ
1069 1218 1250 1271 τοίνυν
1284 1215 1423 1287 πρὸς
1465 1214 1629 1268 αὐτὸν
1658 1214 1759 1285 τὴν
1785 1230 1894 1268 πα-

314 1310 551 1383 ραϐολὴν
587 1310 827 1381 ταύτην·
857 1310 962 1364 Δύο
1008 1311 1176 1373 κύνας
1208 1325 1291 1372 τις
1334 1306 1724 1377 οἰκοδεσπότης
1767 1306 1895 1360 ἐκέ-

310 1422 507 1476 κτητο,
537 1405 631 1457 καὶ
680 1404 773 1456 τὸν
819 1403 934 1474 μὲνο
961 1403 1306 1474 λυττήσαντα
1356 1401 1451 1454 καὶ
1490 1399 1582 1453 τὸν
1625 1398 1893 1469 δεσπότην

312 1498 485 1552 αὐτὸν
558 1496 832 1567 σπαράξαι
890 1496 1237 1567 τολμήσαντα
1268 1538 1285 1561 ,
1346 1490 1894 1564 ἀποτυμπανισθῆναι

314 1587 675 1657 προσέταξεν,
698 1588 793 1645 ,τὸν
830 1587 885 1640 δὲ
914 1587 1215 1655 ἀγαπῶντα
1241 1587 1337 1641 τὸν
1365 1587 1575 1656 κύριον,
1610 1583 1706 1636 καὶ
1737 1598 1895 1652 περι-

313 1680 572 1750 γλὶχοντα
611 1682 680 1750 τῇ
736 1681 939 1750 στοργῇ
983 1680 1109 1743 τοὺς
1158 1679 1324 1743 πόδας
1360 1677 1453 1732 τοῦ
1488 1676 1748 1731 δεσπότου
1802 1672 1891 1728 διὰ

315 1770 540 1834 παντὸς,
562 1772 956 1840 περιποιεῖται,
989 1768 1086 1822 καὶ
1114 1768 1325 1841 τρέφει,
1348 1770 1445 1822 καὶ
1477 1765 1726 1831 ἔκσὼζει.

684 1970 824 2038 Ριιθι
834 2013 847 2025 .
879 2001 949 2011 -
975 1968 1502 2039 ΦΟΥΡΤΟΥΝΑἸᾩ.

382 2063 463 2119 Τὸ
498 2063 673 2131 ὀξέως
707 2060 1193 2127 σκανδαλιζεσθαι,
1235 2061 1297 2113 ού
1337 2060 1652 2130 φιλοσόφου,
1690 2058 1894 2131 μικρᾶς

310 2157 369 2210 δέ
413 2172 559 2219 τινος
605 2155 820 2226 ψυχῆς·
871 2173 888 2206 ι
925 2153 1128 2224 Εἰρήνη
1163 2151 1273 2222 γὰρ
1316 2150 1507 2221 πολλὴ,
1562 2151 1733 2221 φησὶ,
1781 2153 1894 2214 τοῖς

310 2248 573 2317 ἀγαπῶσι
602 2248 662 2301 τδ
691 2248 864 2319 δνομά
902 2263 1017 2311 σου,
1044 2244 1139 2299 καὶ
1173 2245 1273 2298 οὐκ
1309 2243 1457 2296 ἔστιν
1504 2244 1686 2305 αὐτοῖς
1729 2242 1894 2294 σκάνο

311 2340 502 2395 δαλον.

746 2430 820 2483 Συ.
852 2460 923 2469 -
942 2426 1450 2498 ΣΕΚΟΥΝΔΙΑΝῼ.

387 2521 515 2574 Ὅτι
545 2518 638 2573 καὶ
668 2520 696 2571 ὁ
725 2519 1031 2590 ἀκάθαρτος
1064 2519 1353 2588 δυνήσεται
1387 2514 1891 2587 μετασκευασθῆναι

311 2613 396 2675 εἰς
431 2610 698 2680 παρθένον
747 2611 1087 2682 προαίρεσιν,
1131 2610 1372 2663 δείκνυσι
1407 2606 1618 2670 Παῦλος
1664 2606 1892 2678 γράφων

310 2704 431 2768 τοῖς
457 2703 798 2775 Κορινθίοις·
837 2720 856 2754 ι
891 2702 1253 2774 Ἥρμοσάμην
1279 2703 1423 2771 ὑμᾶς
1456 2703 1536 2755 ἑνὶ
1561 2699 1716 2771 όινδρλ⁵
1745 2716 1889 2773 παρ-

310 2795 471 2850 θένον
498 2795 668 2867 ἁγνὴν
700 2793 1053 2865 παραστῆσαι
1082 2793 1159 2863 τῷ
1193 2792 1436 2863 Χριστῷ.
1462 2809 1484 2844 ι

749 2886 872 2940 ΣΑθ.
897 2918 963 2927 --
990 2885 1457 2939 ΚΑΛΛῙΣἸἹΩΝΙ.

394 2998 415 3032 ι
460 2980 519 3034 '0
545 2980 753 3042 δίκαιος
795 2978 1086 3041 πολλοστὸς
1115 2996 1133 3027 ι
1169 2976 1409 3045 λέγεται,
1439 2975 1513 3039 ὡς
1540 2974 1894 3045 ἐννενήκοντα

317 3074 480 3129 ὲννὲα
499 3076 559 3127 ὲν
580 3072 859 3143 παραδολῇ
886 3069 1154 3142 πρόϐατα.
1185 3070 1242 3122 '0
1263 3063 1330 3123 ’δὲ
1359 3067 1681 3140 ἁμαρτωλὸς
1707 3067 1897 3138 ὥσπερ
1925 3065 1970 3128 C

318 3165 717 3237 ἀπολλύμενος,
763 3157 998 3235 ἢεῖς,ἦ
1044 3160 1162 3214 οὐθ’
1207 3154 1290 3225 εἷς
1337 3156 1578 3228 λέγεται,
1627 3160 1702 3231 μὴ
1730 3158 1899 3214 θέλων

318 3257 683 3331 μετανοῆσαι,
710 3257 805 3310 καὶ
828 3253 1201 3325 πληθυνθῆναι
1228 3255 1351 3316 ταῖς
1374 3254 1618 3324 ἀρεταῖς.

836 3348 954 3401 ΣΒ’.
985 3378 1056 3386 —
1090 3344 1175 3410 Τῷ
1203 3342 1383 3411 αὐτῷ.

401 3446 530 3500 Ἐπὶ
559 3445 669 3499 τῶν
698 3442 970 3513 σωμάτων
1002 3440 1102 3511 μία
1136 3439 1353 3509 γένεσίς
1382 3441 1550 3503 ἐστιν,
1599 3439 1682 3493 ὅτι
1724 3436 1900 3500 οὐδεὶς

317 3538 578 3609 δεύτερον
608 3533 895 3605 ἐγεννήθη·
924 3534 1016 3585 ἐπὶ
1036 3532 1093 3586 δὲ
1109 3531 1217 3585 τῶν
1239 3530 1429 3603 ψυχῶν
1446 3529 1554 3583 τῶν
1578 3528 1899 3598 ἀγιάζεσθαι

320 3630 586 3705 διηνεκῶς
614 3627 1070 3700 προαιρουμένων
1095 3625 1314 3689 πλείους
1343 3623 1586 3692 γενέσεις
1618 3621 1900 3693 εὑρίσκον-

317 3740 434 3787 ται,
457 3724 548 3777 ἀεὶ
577 3721 689 3792 γὰρ
721 3706 1207 3790 ἀνακαινούμενος,
1230 3718 1322 3770 καί
1356 3713 1753 3785 ἀνανεούμενος
1777 3730 1901 3782 γεν⁶

318 3816 483 3869 »ἆται
514 3813 792 3875 δδικαιος,
823 3810 1145 3881 γεγέννηται
1190 3809 1433 3879 σήμερον
1472 3807 1531 3860 ὲν
1562 3804 1758 3875 πράξει
1795 3803 1902 3858 τινὶ

317 3906 529 3977 ἀγαθῇ,
555 3906 649 3959 καὶ
675 3904 773 3957 ἐὰν
802 3903 966 3959 πάλιν
1008 3901 1177 3972 ἀλλην
1210 3900 1415 3971 ποιήσῃ
1443 3896 1675 3967 ἀγαθὴν,
1716 3895 1904 3964 γεγέν-

319 4014 505 4069 νηται.
542 3997 744 4066 Διόπερ
779 3994 807 4046 ό
849 3993 1008 4061 λόγος
1030 3988 1378 4060 δαψιλεύεται
1416 3986 1509 4039 ἐπὶ
1542 3983 1653 4039 τῶν
1675 3982 1901 4069 δικαίων

322 4068 423 4150 τὰς
452 4087 728 4155 γενέσεις,
775 4083 948 4152 λέγων
985 4081 1071 4136 διὰ
1106 4080 1199 4135 τοῦ
1239 4077 1551 4141 Μωῠσέως’
1576 4094 1602 4127 ‹
1639 4068 1808 4129 Αῦται
1845 4073 1902 4126 αἱ

323 4178 574 4246 γενέσεις
612 4175 760 4239 Νῶε,
814 4170 974 4230 αὗται
1021 4175 1078 4228 αἱ
1112 4171 1360 4242 γενέσεις
1408 4165 1632 4221 Ἰακὼε·
1664 4184 1685 4217 ο
1717 4165 1813 4219 καὶ
1852 4163 1907 4216 ετ

328 4282 423 4331 τις
470 4267 623 4335 ἄλλος
670 4267 885 4338 εἴρηται
934 4262 1319 4324 πληθυντικῶς
1364 4260 1609 4328 γενέσεις
1660 4254 1900 4328 ἐσχηκέ-

328 4377 445 4415 ναι.

638 4500 756 4549 ιη’.
787 4526 855 4537 -
882 4492 1177 4564 ΚΥΡΗΝῼ
1215 4490 1590 4561 ΕΠίΣΚΟΠῼ.

412 4692 738 4766 Ἥρὼτησᾶς
771 4710 883 4764 με,
928 4692 988 4745 τί
1036 4691 1154 4745 ἐστι
1195 4709 1214 4743 ι
1244 4688 1564 4759 Ματαιότης
1607 4683 1907 4757 ματαιοτή·

320 4803 462 4840 των.
500 4804 524 4837 ι
563 4785 808 4840 nam.»
837 4782 1058 4855 νοηθείη
1087 4782 1154 4836 ἂν
1187 4781 1248 4836 τὸ
1275 4780 1646 4845 ἀνυπόστατον
1674 4779 1733 4831 ἐν
1767 4775 1906 4847 μόνῃ

320 4880 403 4949 τῇ
434 4877 531 4931 τοῦ
572 4878 815 4950 ῥήματος
847 4875 1099 4947 προφορᾷ
1121 4873 1185 4927 τὺ
1227 4869 1366 4927 εἷναι
1385 4871 1553 4942 ἔχων.
1590 4869 1908 4939 Ματαιότης

323 4972 393 5025 δὲ
430 4970 825 5040 ματαιοτήτιον,
860 4967 1052 5038 ὥσπερ
1083 4965 1150 5021 ἂν
1185 4965 1239 5019 ετ
1264 4981 1350 5028 τις
1380 4959 1682 5032 λέγοιντοῦ
1713 4957 1908 5029 νεκροῦ

324 5060 677 5132 νεκρότερον,
722 5060 819 5113 καὶ
862 5057 959 5112 τοῦ
978 5056 1200 5128 ἀψύχου
1232 5053 1614 5125 ἀψυχώτερονι
1665 5050 1845 5107 καίτοι
1871 5051 1905 5120 ή

324 5132 667 5224 συγκριτικῆ
694 5151 954 5214 ἐπίτασις
1003 5150 1192 5221 χῶραν
1246 5148 1340 5202 ἐπὶ
1370 5147 1480 5202 τῶν
1510 5143 1770 5201 τοιούτων
1809 5146 1910 5197 οὐκ

324 5246 475 5317 ἔχει,
506 5244 619 5297 ἀλλ’
649 5242 1044 5315 δμωςλέγεται
1090 5239 1267 5310 τούτῳ
1295 5236 1373 5308 τῷ
1394 5238 1609 5309 ῥήματι
1636 5235 1774 5307 πρὸς
1808 5234 1908 5302 τὴν

326 5336 438 5406 τῆς
468 5333 771 5407 ὑπερϐολῆς
797 5332 893 5387 τοῦ
916 5331 1209 5402 λεγομένου
1240 5328 1557 5400 σαφήνειαν.

844 5427 961 5479 ΣΔἎ
984 5452 1054 5464 --
1086 5421 1171 5488 Τῷ
1199 5418 1381 5486 αὐτῷ.

416 5535 437 5569 ι
485 5515 993 5589 ’Δνασταυροῦντες,
1036 5514 1189 5584 φησὶ,
1220 5511 1312 5566 τὸν
1334 5510 1462 5565 Υἰὸν
1487 5509 1580 5564 τοῦ
1602 5508 1766 5575 Θεοῦ,
1818 5507 1914 5560 καὶ

413 5654 457 5682 ’⁸
490 5652 622 5707 Luc.
652 5652 1070 5717 “nudi-45.”
1094 5650 1595 5723 Psal.cxvnt,163.
1632 5650 1753 5709 "’lt
1770 5658 1880 5708 Cor.
1909 5664 1984 5717 ιιι,
2008 5647 2060 5705 ‘3.
2095 5642 2114 5675 ³
2157 5645 2351 5703 Matth.
2383 5659 2536 5712 mu,
2582 5643 2689 5704 1:2;

340 5721 362 5751 ⁵
403 5723 585 5780 Eecle.
650 5742 688 5788 l,
750 5726 805 5775 ‘2.

1992 479 2197 547 ingenti
2224 478 2549 535 oderantur.
2585 477 2773 547 Teque
2812 478 3045 532 suadeat
3099 477 3347 534 clamans
3382 480 3559 538 latro:

1994 597 2011 621 .
2046 570 2319 626 Memento
2348 570 2480 635 mei,
2512 569 2741 624 Domine
2778 567 2933 632 Jesu,
2960 583 3084 623 cum
3120 568 3347 637 veneris
3389 570 3446 625 in
3478 588 3564 628 re-

1990 677 2097 732 gno
2128 670 2222 716 tuo
2250 680 2264 717 :
2299 679 2318 712 ι
2358 662 2633 731 extemplo
2660 660 2890 718 audiens
2915 680 2931 718 :
2955 679 2976 714 ι
3007 659 3179 717 Ilodie
3206 676 3419 717 mecum
3450 664 3566 720 eris

1997 755 2053 809 in
2087 752 2351 823 paradiso
2372 752 2440 807 ⁸⁸.
2473 771 2492 805 ι

2522 926 2802 985 CXCVIII.
2824 960 2895 971 —
2926 929 3134 986 Eidem.

2062 1021 2275 1081 Scribis
2298 1029 2353 1076 te
2389 1036 2417 1075 a
2454 1030 2741 1092 peccatore
2790 1020 2993 1076 iniideli
3019 1020 3285 1083 audiisse,
3328 1020 3419 1090 qui
3451 1020 3566 1075 haec

1991 1117 2239 1189 diceret;
2266 1114 2415 1169 Nihil
2444 1131 2475 1169 a
2497 1129 2583 1169 me
2616 1112 2825 1175 diii‘ers.
2848 1112 3065 1167 etiamsi
3097 1110 3447 1166 Christianus
3478 1126 3564 1172 es,

1993 1222 2119 1261 cum
2154 1207 2233 1262 sis
2268 1214 2321 1260 et
2350 1205 2468 1274 ipse
2506 1212 2787 1273 peccator.
2844 1202 3016 1274 Igitur
3054 1202 3223 1257 eﬂ‘are
3262 1204 3328 1257 ad
3388 1204 3566 1272 ipsum

1994 1298 2135 1353 hanc
2169 1295 2511 1367 parabolam.
2548 1296 2697 1352 Duos
2736 1311 2904 1351 canes
2945 1294 3344 1365 paterfamilias
3386 1292 3569 1363 possi-

1993 1389 2202 1453 debat;
2239 1402 2431 1452 unum,
2476 1386 2573 1456 qui
2631 1384 2787 1439 rabie
2845 1392 3005 1439 actus
3063 1382 3347 1438 dominum
3388 1379 3566 1451 ipsum

1992 1478 2343 1535 membratim
2378 1476 2699 1546 discerpere
2730 1482 3081 1538 tentaverat,
3120 1472 3379 1542 praecepit
3428 1479 3571 1543 tym-

1991 1572 2155 1641 panis
2195 1585 2257 1625 ac
2289 1570 2529 1625 ﬁdiculis
2560 1567 2822 1632 extendi;
2865 1568 3126 1633 alterum,
3172 1562 3432 1620 secundis
3468 1577 3571 1616 au-

1997 1660 2152 1715 ribus
2183 1674 2309 1714 eum
2360 1657 2761 1728 accipientem,
2804 1655 3250 1725 lambentemque
3304 1650 3573 1706 benevole

1994 1751 2260 1805 continuo
2288 1750 2454 1821 pedes
2502 1748 2675 1813 illius,
2732 1746 2967 1818 ideoque
3020 1760 3146 1800 eum
3190 1741 3573 1814 amplectitur,

1996 1836 2096 1897 alit
2120 1853 2437 1911 servatque.
3484 1830 3489 1833 ⁷

2384 1931 2619 1989 CXCIX.
2660 1960 2731 1972 —
2759 1927 3207 1985 FORTUNATO.

2068 2023 2188 2078 Non
2215 2031 2304 2080 est
2338 2021 2673 2094 philosophi,
2707 2019 2802 2075 sed
2846 2016 3062 2089 pusilla:
3095 2013 3405 2085 eujuspiam
3449 2009 3574 2063 ani-

1995 2130 2098 2171 mm
2132 2114 2456 2171 scandalum
2486 2110 2623 2180 pati.
2664 2127 2683 2161 ι
2723 2107 2834 2162 Pax
2891 2126 2910 2161 ι
2936 2121 3177 2176 namque
3206 2117 3439 2168 summa,
3474 2101 3572 2165 ait,

1997 2207 2105 2278 76
2139 2226 2158 2259 ι
2200 2204 2558 2277 diligentibus
2596 2215 2796 2257 nomen
2846 2208 3027 2261 tuum,
3076 2208 3132 2253 et
3161 2212 3272 2252 non
3323 2204 3408 2249 est
3466 2193 3575 2249 illis

1995 2299 2319 2357 scandalum
2349 2298 2417 2351 9’.
2456 2316 2474 2347 ι

2424 2384 2534 2440 (ΖΟ.
2575 2413 2641 2424 --
2674 2378 3135 2438 SECUNDIANO.

2067 2476 2417 2533 Immundum
2452 2475 2615 2530 etiam
2648 2489 2811 2544 posse
2861 2472 2915 2526 in
2947 2470 3215 2538 virginem
3250 2464 3575 2522 electionem

1996 2568 2408 2633 transformari,
2440 2567 2681 2623 ostendit
2715 2564 2924 2621 Paulus
2958 2561 3261 2617 Corinthiis
3291 2558 3574 2613 scribens:

2002 2680 2021 2713 ι
2066 2660 2343 2730 Despondi
2376 2672 2472 2714 vos
2510 2658 2602 2714 uni
2630 2657 2755 2713 viro
2784 2656 3060 2726 virginem
3083 2660 3295 2706 castam
3319 2648 3579 2705 exhibere

1996 2752 2222 2809 Christo
2255 2750 2351 2810 ¹·”³.
2403 2766 2424 2802 t

2448 2839 2655 2898 εει-
2678 2834 3134 2894 CALLISTIONI.

2075 2953 2094 2988 ι
2140 2934 2334 2990 Justus
2370 2933 2758 2995 multifariam,
2793 2929 3095 2999 multisque
3132 2925 3312 2981 modis
3390 2943 3409 2975 ι
3441 2920 3581 2975 diei-

1999 3035 2109 3095 tur,
2132 3026 2303 3081 veluti
2336 3024 2632 3096 nonaginta
2675 3037 2872 3078 novem
2934 3035 3068 3076 oves
3134 3018 3191 3073 in
3247 3015 3508 3087 parabola
3537 3012 3579 3068 ³.

2000 3120 2272 3173 Peecator
2301 3131 2433 3173 vero
2458 3125 2722 3185 tanquam
2756 3113 2850 3185 qui
2889 3110 3239 3184 deperditur,
3286 3108 3373 3161 vel
3414 3120 3581 3170 unus,

2000 3209 2087 3264 vel
2108 3220 2270 3263 nemo
2302 3196 2683 3277 nuncupatur,
2721 3206 2801 3259 uti
2856 3203 2950 3274 qui
3008 3199 3147 3256 nolit
3200 3197 3583 3269 paenitentiam

2002 3314 2187 3371 agere,
2219 3307 2276 3354 et
2308 3297 2612 3353 virtutibus
2646 3292 3031 3365 multiplicari.

2546 3382 2701 3440 CCII.
2732 3415 2801 3425 —
2826 3381 3037 3439 Eidem.

2072 3481 2134 3538 ln
2162 3480 2494 3551 corporibus
2529 3493 2639 3534 una
2666 3476 2952 3549 generatio
2975 3483 3080 3541 est,
3111 3486 3240 3528 eum
3279 3469 3464 3526 nullus
3501 3479 3587 3522 se—

2002 3576 2181 3633 cunda
2209 3575 2330 3630 vice
2356 3579 2675 3645 generetur.
2708 3570 2779 3625 At
2820 3569 2885 3625 in‘
2914 3568 3117 3624 animis
3151 3580 3364 3630 eorum,
3394 3560 3487 3633 qui
3526 3574 3586 3616 se

2003 3668 2267 3723 continuo
2293 3675 2520 3723 sanctos
2543 3663 2663 3719 ﬁeri
2695 3660 3059 3726 contendunt,
3115 3659 3304 3729 plures
3350 3668 3583 3727 genera-

2003 3761 2181 3814 tiones
2226 3756 2686 3827 comperiuntur:
2741 3766 2961 3823 semper
3018 3749 3164 3805 enim
3206 3751 3501 3801 renovatus
3531 3748 3586 3794 et

2001 3849 2410 3917 redintegratus
2439 3843 2705 3913 ,nascitur
2738 3842 2965 3912 justus;
2999 3839 3054 3893 in
3099 3837 3349 3892 facinore
3400 3831 3586 3900 aliquo

2002 3940 2146 3995 bono
2173 3938 2336 3993 hodie
2365 3936 2639 3999 nascitur,
2667 3946 3003 4002 rursumque
3033 3930 3081 3985 si
3118 3926 3271 3983 aliud
3298 3923 3584 3996 egregium

2002 4028 2327 4102 patraverit,
2356 4026 2630 4083 nascitur.
2659 4023 3006 4095 Quapropter
3029 4020 3200 4077 dictio
3232 4018 3287 4074 in
3310 4018 3583 4089 iustorum

2002 4119 2454 4190 generationibus
2488 4118 2731 4188 plurium
2763 4128 2994 4171 numero
3020 4110 3363 4190 proﬂuenter
3382 4105 3586 4163 redun-

2002 4188 2095 4268 dat
2147 4210 2291 4281 apud
2347 4207 2629 4280 Moysem:
2670 4226 2689 4260 ι
2753 4205 2845 4261 Hae
2886 4188 3267 4276 generationes
3290 4196 3471 4263 Noe‘;
3504 4197 3587 4251 ha:

2001 4302 2382 4375 generationes
2411 4295 2606 4355 Jacob.
2703 4314 2723 4349 ι
2758 4302 2813 4351 et
2847 4296 2893 4350 si
2916 4294 3041 4365 quis
3072 4292 3214 4346 alius
3260 4289 3318 4344 in
3345 4286 3587 4360 plurium

1930 4418 1981 4472 ςυ
2012 4407 2243 4449 numero
2284 4390 2490 4447 dicitur
2516 4387 2909 4461 generationes
2949 4383 3235 4447 habuisse,

2309 4479 2486 4539 CCIII.
2522 4511 2585 4520 —
2613 4476 2875 4536 CYRINO
2908 4470 3270 4530 EPISCOPO.

2077 4575 2374 4635 Postulasti
2415 4587 2445 4629 a
2477 4587 2584 4639 me,
2614 4568 2747 4639 quid
2792 4567 2927 4625 illud
2977 4566 3211 4620 innuat:
3278 4578 3298 4612 ι
3360 4557 3590 4613 Vanitas

2004 4669 2304 4723 vanitatum
2337 4665 2379 4717 ⁸.
2422 4684 2442 4715 ι
2478 4662 2584 4732 77
2616 4659 2826 4714 Vanum
2861 4642 3381 4719 intellexeris,qu0d
3411 4646 3591 4701 subsi-

2005 4758 2265 4814 stentiam
2308 4769 2418 4809 non
2451 4752 2652 4815 habet,
2689 4747 2785 4805 sed
2820 4748 2875 4802 in
2926 4745 3044 4801 sola
3094 4738 3246 4797 verbi
3282 4736 3590 4807 prolatione

2004 4851 2169 4908 habet
2212 4846 2362 4920 quod
2414 4843 2507 4901 sit.
2546 4839 2778 4896 Vanttas
2818 4847 3005 4899 autem
3036 4833 3379 4894 vanitatum,
3444 4840 3511 4881 ac
3537 4824 3587 4901 si

2005 4941 2130 5012 quis
2175 4918 2414 5003 dixerit,
2453 4934 2577 5005 ipso
2617 4929 2882 4986 defuncto
2930 4923 3105 4995 magis
3150 4918 3504 4981 defunctum,
3530 4923 3588 4970 et

2004 5008 2124 5101 ipso
2159 5025 2464 5080 inanimato
2493 5019 2669 5091 magis
2702 5016 3065 5073 inanimatum
3095 5052 3109 5065 .
3144 5008 3271 5063 licet
3303 5018 3589 5076 compara-

2005 5097 2115 5176 tiva
2146 5118 2330 5173 auctio
2363 5115 2421 5170 in
2456 5114 2736 5172 similibus
2771 5111 2956 5166 locum
2996 5119 3107 5160 non
3144 5102 3373 5166 habeat;
3408 5097 3590 5169 expri-

2006 5213 2175 5267 mitur
2223 5209 2595 5263 nihilominus
2630 5220 2697 5260 eo
2736 5202 2906 5256 verbo
2940 5198 3009 5253 ad
3044 5195 3307 5266 majorem
3355 5206 3589 5262 exsupe-

2012 5303 2203 5359 rantiae
2236 5298 2515 5355 dictorum
2549 5295 2998 5353 declarationem.

2539 5385 2729 5444 CCIV:
2754 5415 2823 5426 —-—
2854 5383 3060 5441 Eidem.
3418 5432 3441 5455 .

2091 5507 2110 5541 ι
2143 5488 2343 5543 lterum
2389 5481 2773 5554 erueiﬁgentes
2796 5519 2814 5550 ,
2845 5477 2959 5544 ait,
3013 5474 3215 5531 Filium
3249 5469 3377 5536 Dei,
3413 5476 3468 5526 et
3491 5480 3590 5538 μ’

2773 5639 2909 5696 Luc.
2956 5653 3045 5695 xv.
3086 5635 3137 5692 ι.
3215 5632 3234 5665 ⁸
3259 5630 3395 5687 Gen.
3436 5642 3516 5697 vt,
3536 5630 3591 5685 9.

3542 5807 3594 5823 »Π
