4024 6218
458 314 560 375 159

1948 298 2005 356 S.
2042 295 2202 356 NILI

3601 292 3704 358 160

459 423 565 475 lam
590 421 937 477 traducentes
966 421 1007 471 ⁸.
1067 432 1086 469 ι
1120 414 1321 469 Iterum
1368 430 1493 470 eum
1537 414 1869 484 crueiliguut
1916 413 2021 466 har.

2139 409 2746 480 παραδειγματίζοντες.
2782 431 2798 461 ι
2855 413 3275 482 Ἀνασταυροῦσι
3311 411 3355 464 δ’
3410 404 3573 464 αὐτὸν
3618 416 3703 465 0i-

459 510 640 577 retici,
678 525 784 564 non
820 516 1027 563 tantum
1058 506 1154 576 qui
1180 522 1433 576 perverse
1458 508 1789 575 baptismum
1827 506 2028 559 iterare

460 606 828 669 praesumunt,
849 597 939 653 sed
959 598 1120 653 etiam
1153 598 1188 651 ii
1216 638 1229 661 ,
1252 598 1343 667 qui
1365 594 1556 652 dicunt
1581 598 1691 652 fore
1712 597 2027 667 aliquando,

460 702 517 744 ut
565 690 820 746 Christus
869 704 967 759 pro
1009 689 1349 743 daemonibus
1395 689 1545 741 cruci
1580 688 1851 757 alligatur.

617 780 773 835 CCV.
793 809 868 819 —-
887 775 1122 834 GAINIE
1153 777 1451 833 COPIARU
1465 778 1509 831 Μ
1537 776 1857 832 DUCTORI.

527 869 719 927 Omnis
756 880 1010 925 creatura
1054 872 1258 933 verbo,
1308 880 1362 925 et
1402 870 1701 939 sapientia,
1743 870 1890 938 quod
1924 869 2028 932 sit,

458 958 670 1012 halmit.
732 957 931 1013 Verum
985 958 1125 1013 Deus
1177 959 1449 1021 Verbum,
1504 974 1629 1013 cum
1680 974 1778 1012 sua
1837 970 2031 1011 natura

459 1047 732 1114 sapientia
758 1089 772 1111 ,
818 1056 1193 1118 creaturchue
1226 1049 1532 1110 universae,
1565 1050 1682 1102 sive
1716 1064 1778 1102 ea
1816 1049 2033 1103 intelle-

459 1142 550 1185 ctu
590 1135 1110 1203 comprehendatur,
1138 1137 1251 1190 sive
1289 1136 1392 1190 sub
1425 1151 1647 1190 sensum
1676 1136 1872 1201 cadat,
1901 1150 2036 1190 con-

459 1220 605 1274 ditor
636 1222 736 1285 sit,
765 1223 1040 1292 quomodo
1076 1232 1333 1279 creatura
1361 1224 1617 1277 dicetur?

526 1304 530 1309 ’
985 1314 1165 1369 CCVI.
1212 1342 1268 1352 —-
1297 1313 1504 1368 Eidem.

593 1401 791 1458 Lucem
840 1405 1149 1459 inhabitare
1187 1405 1624 1461 inacccssibilem
1708 1406 1784 1460 ait
1862 1406 2032 1461 Deum

460 1494 892 1563 omnipotentem
918 1536 932 1559 ,
961 1506 1015 1550 et
1046 1495 1263 1550 Patrem
1291 1498 1335 1561 ⁷,
1434 1497 1628 1552 beatus
1662 1497 1883 1554 Paulus.
1922 1497 2037 1553 Hoc

463 1602 593 1641 vero
618 1627 631 1651 ,
674 1588 820 1655 quod
861 1598 1043 1643 mente
1081 1597 1290 1644 tantum
1322 1592 1656 1660 concipitur,
1696 1607 1905 1660 suaque
1936 1606 2034 1645 na-

465 1687 588 1733 tura
643 1681 934 1745 subsistit,
982 1689 1035 1736 et
1096 1698 1202 1735 non
1252 1684 1762 1752 comprehenditur.
1814 1694 1867 1737 et
1918 1686 2037 1738 sine

462 1773 589 1826 ullis
647 1771 913 1826 limitibus
969 1772 1186 1838 lumen,
1234 1780 1317 1827 est
1362 1773 1676 1830 adorandus
1718 1775 1928 1838 Filius,
1982 1786 2035 1831 et

464 1863 736 1928 Verbum,
784 1875 837 1917 et
882 1863 1126 1935 omnium
1182 1864 1465 1919 Dominus.
1511 1864 1636 1921 Haec
1678 1868 1839 1937 igitur
1884 1870 1930 1925 si
1962 1870 2033 1924 ita

463 1970 689 2023 prorsus
712 1970 770 2009 se
798 1955 1026 2020 habent,
1060 1973 1297 2026 quanam
1328 1959 1540 2014 ratione
1563 1960 1672 2031 78
1701 1972 2031 2021 creaturam.

462 2057 547 2113 et,
580 2063 644 2101 ex
681 2050 747 2102 iis
776 2064 897 2118 qua:
928 2065 1035 2103 non
1067 2059 1259 2114 erant,
1294 2052 1637 2123 unigenitum
1672 2052 1763 2107 Dei
1798 2052 2032 2118 Filium,

463 2150 518 2193 et
548 2138 783 2194 Verbum
817 2150 1135 2211 generatum
1185 2141 1394 2209 fuisse,
1438 2144 1711 2199 instruere
1750 2157 1801 2201 te
1832 2146 2037 2201 audent

462 2231 718 2286 belluinis
752 2234 993 2289 moribus
1030 2233 1275 2304 praediti,
1315 2243 1367 2289 et
1406 2234 1611 2290 Christi
1641 2238 1821 2308 gregis
1848 2239 2034 2308 perdi-

464 2331 616 2377 torcs
651 2321 877 2377 Ariani?

703 2414 903 2471 CCVII.
940 2444 1008 2456 -—
1057 2415 1352 2474 MELISSO
1383 2418 1798 2476 CANDIDATO.

444 2568 445 2571 η
532 2506 706 2563 Ilomo
736 2510 789 2565 in
821 2510 1200 2581 aegritudinem
1230 2513 1513 2578 incidens,
1548 2514 1769 2584 genium
1816 2524 2040 2583 propter

463 2602 713 2654 morbum
764 2610 1109 2657 commutatis
1131 2644 1144 2665 ,
1185 2603 1401 2656 inutilis
1432 2605 1495 2657 ad
1526 2619 1692 2674 opera
1716 2646 1727 2665 ,
1779 2613 1831 2660 et
1864 2607 2037 2661 imhc-
2084 2673 2089 2679 '

464 2689 644 2743 eillinr
690 2691 781 2755 lit;
820 2691 1177 2745 nihilominus
1231 2692 1395 2746 noxia
1443 2693 1807 2762 concupiscit.
1864 2692 1939 2747 Ita
1986 2703 2040 2749 et

466 2776 648 2830 anima
679 2792 707 2830 ιι
740 2780 883 2833 bono
929 2779 1252 2839 declinans.
1306 2790 1361 2835 et
1406 2781 1459 2833 in
1511 2782 1697 2851 pejora
1743 2784 2035 2849 immersa,

465 2883 666 2923 nervos
699 2869 919 2939 quidem
958 2870 1022 2924 ad
1076 2873 1303 2925 meliora
1336 2875 1685 2945 exsequenda
1716 2876 1955 2942 amittit,
1985 2887 2039 2932 et

466 2959 777 3028 perniciosa
815 2961 987 3015 ambit
1015 2970 1069 3017 et
1107 2961 1420 3019 all'ectatur.

708 3050 936 3106 CCVIII.
964 3084 1033 3092 —
1062 3052 1343 3111 TIIYRSO
1379 3056 1788 3115 SCRINIAIKIO.

450 3180 453 3185 .
538 3158 557 3192 ς
581 3140 943 3212 lugredictur,
978 3144 1065 3198 lex
1096 3144 1205 3210 ait,
1227 3147 1293 3201 ad
1325 3164 1553 3204 uxorem
1582 3149 1867 3214 h-atrismt
1894 3151 2042 3206 exci-

461 3231 598 3286 tabit
619 3249 803 3289 semen
826 3235 866 3289 '.
895 3256 913 3289 ι
942 3235 1268 3310 Quicunque
1295 3241 1494 3295 etenim
1523 3242 1706 3309 homo,
1731 3243 1844 3296 sive
1860 3243 2040 3299 omnis

463 3324 701 3381 hominis
735 3328 914 3382 anima
958 3330 1134 3383 virum
1170 3332 1600 3388 intellectualem
1644 3348 1673 3387 a
1712 3333 1821 3388 Deo
1880 3349 2042 3389 assu-

465 3432 619 3471 mens
642 3457 655 3479 ,
685 3417 852 3486 legem
877 3414 1084 3475 scilicet
1108 3421 1380 3477 internum
1410 3464 1425 3488 ,
1456 3426 1733 3479 interemit
1755 3426 1953 3494 ipsam,
1988 3433 2043 3480 ct

464 3508 536 3562 ob
560 3508 842 3578 segnitiem
866 3512 1099 3581 sepeliit.
1139 3514 1277 3568 [linc
1307 3516 1606 3571 necessitas
1630 3517 1777 3570 illius
1812 3516 2040 3572 fratrem

464 3597 780 3665 advocavit,
804 3598 985 3669 legem
1018 3603 1231 3659 scilicet
1283 3605 1544 3674 scriptam
1565 3645 1577 3668 ,
1612 3614 1670 3662 ut
1703 3607 2041 3680 ingrediatur

464 3687 530 3740 ad
562 3704 785 3745 uxorem
834 3692 968 3762 legis
997 3694 1265 3751 naturalis
1290 3694 1403 3766 jam
1432 3697 1731 3753 demortuae
1752 3740 1765 3762 ,
1802 3710 1855 3755 et
1884 3716 2040 3755 exsu-

464 3779 689 3837 scitaret
727 3798 915 3840 semen
950 3786 1021 3841 ob
1053 3787 1342 3859 segnitiem
1373 3803 1645 3844 summam
1676 3790 1968 3850 defunctae.

986 3968 1170 4026 CCIX.
1209 4000 1275 4011 —-
1307 3970 1515 4028 Eidem.

534 4056 836 4113 Aversatus
888 4057 1031 4116 Deus
1079 4061 1377 4133 sophistas,
1436 4073 1492 4119 et
1540 4065 2040 4121 insulsissimorum

462 4160 817 4214 sermonum,
866 4153 1232 4225 omnibusque
1296 4157 1601 4213 mendaciis
1649 4166 1703 4214 et
1759 4159 2044 4212 erroribus

468 4238 845 4294 confertorum
882 4244 1153 4310 artilices,
1194 4248 1456 4305 coriariis
1500 4249 1831 4317 quibusdam
1863 4258 1917 4302 et
1959 4248 2037 4318 pi-

472 4331 785 4385 scatoribus
840 4336 1115 4406 propriam
1177 4339 1511 4401 salutarem,
1553 4348 1607 4395 et
1664 4340 2045 4409 splendidissi-

471 4431 616 4473 mam
642 4422 863 4491 pietatis
888 4434 942 4481 et
969 4427 1202 4496 juStitize
1225 4429 1676 4498 praadicationem
1705 4430 1952 4486 tradidit.

942 4517 1051 4587 79
1080 4517 1238 4573 CCX.
1267 4548 1336 4558 --
1361 4518 1567 4573 Eidem.

538 4600 783 4669 Quilibet
833 4621 933 4677 pro
992 4609 1351 4665 inclinatione
1414 4611 1746 4677 voluntatis,
1811 4612 1925 4669 sive
1972 4616 2027 4671 in

467 4694 668 4749 malum
696 4736 710 4760 ,
738 4690 852 4753 sive
885 4700 939 4752 in
976 4699 1170 4755 melius
1192 4699 1495 4770 iudicatur.
1530 4700 1717 4772 Teque
1748 4704 2040 4773 suadeant,

464 4779 636 4841 Judas
671 4788 761 4855 qui
807 4798 906 4858 per
957 4805 1121 4845 unam
1153 4794 1367 4847 noctein
1412 4807 1442 4846 a
1498 4794 1606 4847 vita
1652 4794 1998 4852 abalienatus
2025 4839 2039 4862 ,

2135 504 2338 571 ρετικοὶ
2367 542 2382 565 ,
2422 504 2481 555 οὑ
2527 504 2687 573 μόνον
2716 504 2765 556 οί
2806 504 2990 566 κακῶς
3050 503 3441 565 ἀναϐαπτίζειν
3499 505 3704 571 ἐπιχει-

2135 592 2373 664 ροῦντες,
2432 595 2567 647 ἀλλὰ
2627 596 2718 647 καὶ
2779 596 2828 646 οἱ
2861 594 3166 663 τολμῶντες
3220 593 3419 662 λέγειν,
3491 592 3575 644 ὅτι
3613 594 3707 645 καὶ

2135 684 2273 755 ὑπὲρ
2294 686 2405 739 τῶν
2442 687 2714 757 δαιμόνων
2749 688 2875 739 ποτὲ
2905 687 2934 738 ὸ
2973 684 3207 753 Χριστὸς
3235 682 3705 753 στανρωθὴσεται.

2431 778 2548 831 ΣΕ’.
2584 807 2655 820 -ι
2682 778 2890 847 ΓΔΙΝᾼ
2916 774 3399 843 ΣΤΙἈΤΗΛΑΤῌ.

2207 869 2320 921 Πᾶν
2355 869 2557 939 κτίσμα
2591 870 2679 923 διὰ
2704 870 2863 937 λόγου
2906 869 3000 923 καὶ
3043 867 3235 935 σοφίας
3261 866 3353 919 τοῦ
3389 862 3526 918 εἶναι
3552 865 3707 916 τετύ-

2134 974 2290 1027 χηκε.
2335 958 2393 1011 Ὀ
2421 958 2476 1011 δὲ
2511 959 2643 1020 Θεὸς
2683 959 2855 1026 Λόγος
2903 958 3064 1027 σοφία
3104 956 3366 1025 ὑπάρχων
3420 953 3707 1024 οὖσιώδης,

2133 1052 2460 1121 δημιουργός
2486 1069 2542 1104 τε
2560 1050 2635 1104 ὢν
2657 1054 2834 1122 πάσης
2852 1052 2953 1121 τῆς
2972 1070 3031 1105 τε
3055 1050 3317 1121 νουμένης
3341 1050 3589 1114 κτίσεως,
3617 1053 3709 1104 καὶ

2135 1144 2231 1210 τῆς
2288 1143 2702 1212 ὑποπιπτούσης
2755 1145 2819 1214 τῇ
2880 1144 3159 1214 αἰσθήσει,
3210 1139 3439 1204 πῶς.ἂν
3493 1140 3707 1210 λεχθείη

2140 1236 2346 1304 κτίσμα
2366 1252 2381 1303 ;

2642 1325 2864 1394 ΣΕΓμ-ε-
2902 1324 2986 1392 Τῷ
3024 1327 3203 1393 αὐτῷ.

2233 1417 2351 1480 Φῶς
2403 1418 2569 1470 οἰκεῖν
2617 1416 2915 1488 ἀπρόσιτον
2978 1420 3111 1488 φησὶ
3146 1419 3237 1471 τὸν
3296 1418 3710 1489 παντοκράτορα

2136 1505 2268 1559 Θεὸν
2323 1508 2418 1561 καὶ
2471 1506 2686 1576 Πατέρα
2733 1508 2761 1559 ὁ
2801 1506 3069 1575 μακάριος
3146 1506 3372 1571 Παῦλος.
3416 1508 3588 1561 Τοῦτο
3654 1509 3710 1560 δὲ

2096 1666 2101 1671 η
2137 1595 2347 1666 νοητὸν,
2397 1597 2490 1649 καὶ
2520 1594 2907 1660 ἐνυπόστατον,
2948 1596 3041 1648 καὶ
3079 1594 3485 1664 ἀκατάληπτον,
3523 1595 3621 1649 καὶ
3651 1596 3713 1648 ἁ-

2141 1686 2407 1757 ττέραντον
2445 1686 2560 1755 φῶς
2590 1688 2743 1739 ἐστιν
2761 1686 2789 1737 ὁ
2812 1687 3184 1756 προσκυνητὸς
3224 1688 3371 1751 Υἱὸς,
3399 1688 3492 1741 καὶ
3522 1687 3710 1754 Λόγος,

2142 1775 2234 1828 καὶ
2271 1775 2380 1827 τῶν
2407 1775 2545 1828 ὅλων
2576 1774 2798 1845 Κύριος.
2831 1776 2893 1827 Ei
2924 1777 3103 1827 τοίνυν
3131 1775 3285 1829 ταῦθ’
3333 1775 3507 1839 οὕτως
3576 1776 3712 1845 ἔχει,

2140 1866 2255 1929 πῶς
2285 1865 2512 1935 κτίσμα,
2547 1864 2642 1917 καὶ
2677 1866 2742 1917 ὲκ
2784 1866 2859 1935 μὴ
2901 1866 3070 1918 ὄντων
3121 1866 3449 1935 γεγενῆσθαι
3495 1866 3586 1918 τὸν
3618 1882 3716 1934 μοι

2137 1958 2328 2027 νογενῆ
2352 1957 2446 2010 τοῦ
2478 1957 2613 2010 Θεοῦ
2657 1957 2806 2022 Υἱὸν,
2848 1960 2943 2011 καὶ
2982 1959 3175 2026 Λόγον,
3202 1958 3474 2011 διδάσκειν
3503 1974 3563 2009 σε
3592 1957 3713 2008 τολο

2142 2050 2314 2120 μῶσιν
2349 2049 2399 2100 οἱ
2427 2047 2881 2117 θηριογνὼμονες,
2917 2047 3009 2101 καὶ
3044 2051 3143 2120 τῆς
3173 2048 3266 2102 τοῦ
3296 2047 3534 2120 Χριστοῦ
3593 2048 3718 2099 ποί-

2142 2158 2279 2210 μνης
2316 2140 2571 2211 όλετῆρες
2617 2140 2925 2211 Ἀρειανοίς

2445 2406 2558 2459 ΣΖ’.
2575 2434 2644 2445 -—
2662 2404 2956 2477 ΜΕΛΙΣΣῼ
2982 2406 3393 2477 ΚΑΝΔΙΛΔΤῼ.

2215 2496 2531 2566 Ἀνθρωπος
2563 2497 2951 2569 ὲξασθενήσας,
2992 2500 3085 2553 καὶ
3115 2499 3432 2569 ἐξαλλαγεὶς
3483 2499 3590 2552 ὑπὸ
3618 2498 3721 2569 τῆς

2142 2586 2296 2639 νόσου
2336 2587 2434 2658 τὴν
2489 2587 2619 2652 ἕξιν,
2655 2590 3002 2660 ἁχρειότερος
3044 2591 3143 2660 μὲν
3200 2591 3334 2660 πρὸς
3377 2572 3537 2661 ἔργον
3624 2592 3722 2643 καὶ

2142 2678 2375 2749 ἀδρανὴς
2408 2680 2639 2746 γίνεται,
2677 2680 2934 2751 ἐπιθυμεῖ
2950 2681 3007 2735 δὲ
3035 2679 3129 2733 τοῦ
3162 2681 3509 2751 βλάπτοντος.
3557 2679 3719 2735 Οῦτω

2141 2770 2235 2823 καὶ
2270 2770 2417 2841 ψυχὴ
2461 2771 2807 2826 ἁπονεύσασα
2839 2772 2933 2826 τοῦ
2969 2772 3157 2838 καλοῦ,
3202 2775 3296 2827 καὶ
3330 2772 3424 2826 ἐπὶ
3450 2773 3509 2826 τὸ
3537 2776 3723 2843 χεῖρον

2140 2862 2514 2931 ἁλλοιωθεῖσα,
2551 2865 2930 2936 ἐκνευρίζεται
2991 2866 3091 2936 μὲν
3152 2866 3287 2937 πρὸς
3326 2865 3587 2935 ἐργασίαν
3624 2865 3727 2918 τοῦ

2143 2954 2471 3024 κρείττονος,
2506 2955 2759 3025 ὀρέγεται
2793 2957 2849 3009 δὲ
2874 2956 2980 3009 τῶν
3006 2958 3289 3028 ὀλεθρίων.

2462 3048 2585 3102 Σιιν.
2606 3047 2912 3120 -ΘΥΡΣῼ
2941 3051 3392 3122 ΣΚΡΗΝΙΑΡΙῼ.

2223 3159 2242 3193 ι
2264 3140 2665 3205 Είσελεῦσεται,
2708 3141 2925 3212 φησὶνο
2956 3142 3140 3212 νόμος,
3174 3143 3311 3212 πρὸς
3354 3144 3451 3212 τὴν
3483 3150 3724 3213 γυναῖκα

2143 3231 2237 3285 τοῦ
2300 3232 2551 3303 ἀδελφοῦ,
2613 3234 2708 3287 καὶ¹
2750 3234 3043 3304 ἀναστήσει
3097 3234 3336 3306 σπέρμα.
3366 3256 3385 3289 ι
3438 3238 3552 3304 Ili;
3610 3242 3727 3311 γὰρ
3802 3250 3817 3263 ⁸

2145 3321 2450 3393 ἄνθρωπος,
2481 3324 2599 3394 ήτοι
2633 3326 2787 3378 πᾶσα.
2819 3324 2966 3396 ψυχὴ
2994 3325 3286 3396 ἀνθρώπου
3325 3328 3495 3398 ἄνδρα
3532 3332 3727 3401 νοητὸν

2143 3412 2382 3470 λαϐοῦσα
2426 3416 2583 3482 παρὰ.
2619 3417 2777 3481 Θεοῦ,
2821 3418 3020 3489 δηλαδὴ
3060 3420 3153 3472 τὸν
3185 3420 3489 3475 ἐνδιάθετον
3532 3422 3722 3493 νόμον,

2143 3503 2413 3574 ὲνέκρωσε
2444 3505 2652 3570 τοῦτον,
2687 3506 2781 3561 καὶ
2811 3506 2977 3577 ἔθαψε
3002 3507 3093 3562 διὰ
3122 3509 3221 3578 τῆς
3244 3509 3524 3579 ἀμελείας.
3551 3511 3724 3565 Ὅθεν

2144 3594 2301 3668 χρεία
2350 3595 2573 3652 ἐκάλεσε
2627 3596 2719 3652 τὸν
2769 3598 2957 3654 τούτου
3027 3598 3285 3669 ἀδελρὸν,
3333 3602 3581 3655 τουτέστι
3627 3603 3727 3657 τὸν

2144 3688 2389 3757 γραπτὸν
2416 3688 2577 3758 νόμον
2599 3690 2857 3744 εἰσελθεῖν
2882 3691 3017 3763 πρὸς
3045 3695 3140 3761 τὴν
3167 3696 3403 3761 γυναῖκα
3431 3693 3524 3746 τοῦ
3554 3695 3726 3763 νόμου

2144 3777 2237 3832 τοῦ
2286 3778 2539 3848 φυσικοῦ,
2593 3783 2743 3846 ὅστις
2804 3783 3184 3856 ἀπενεκρὼθη,
3220 3785 3313 3838 καὶ
3352 3784 3731 3856 ἐξαναστῆσαι

2146 3871 2366 3942 σπέρμα
2388 3871 2466 3944 τῷ
2490 3874 2831 3944 τελευτηκότι
2861 3874 2948 3928 διὰ
2976 3875 3197 3946 νοθρίας
3235 3876 3458 3949 πολλῆς.

2672 3962 2792 4017 ΣΘ.
2811 3992 2882 4003 -
2899 3963 2982 4030 Τῷ
3008 3962 3187 4029 αὐτῷ.

2228 4056 2669 4126 Ἀποστραφεὶςὸ
2691 4054 2821 4119 Θεὸς
2850 4055 2975 4120 τοὺς
3007 4056 3285 4126 σοφιστὰς,
3337 4060 3431 4113 καὶ
3462 4058 3728 4125 τέκτονας

2145 4147 2251 4200 τῶν
2272 4146 2444 4216 λόγων
2466 4147 2573 4200 τῶν
2606 4148 3099 4219 μεματαιωμένων,
3114 4150 3206 4203 καὶ
3240 4151 3442 4215 παντὸς
3462 4151 3722 4221 ψεύδους,

2146 4238 2241 4290 καὶ
2270 4237 2476 4307 πλάνης
2506 4238 2811 4302 ἀνάπλεων,
2844 4241 3197 4310 σκυτοτόμοις
3224 4243 3355 4305 τισι,
3391 4242 3485 4295 καὶ
3509 4242 3724 4297 ἁλιεῦσι

2144 4327 2205 4380 τὸ
2228 4327 2424 4382 οἰκεῖον
2449 4329 2811 4401 σωηριῶδες,
2850 4331 2944 4386 καὶ
2972 4332 3365 4403 ὑπέρλαμπρον
3425 4334 3524 4404 τῆς
3565 4336 3727 4389 εὗσεο

2076 4411 2120 4466 1)
2149 4419 2298 4485 δείας
2329 4422 2419 4475 καὶ
2468 4422 2566 4493 τῆς
2603 4422 2951 4495 δικαιοσύνης
2987 4425 3283 4495 ἐνεχείρισε
3326 4426 3609 4497 κήρυγμα.

2699 4515 2795 4570 ΣΡ.
2821 4545 2890 4558 --
2916 4515 2999 4579 Τῷ
3020 4514 3199 4581 αὐτῷ.

2212 4607 2336 4660 ’Ότι
2368 4608 2501 4678 πρὸς
2543 4609 2641 4678 τὴν
2685 4609 2857 4680 ῥοπὴν
2906 4608 3135 4671 ἕκαστος
3169 4607 3267 4680 τὴν
3298 4607 3392 4661 ἐπὶ
3439 4606 3651 4678 φαύλῳ.
3688 4611 3723 4681 ἦ

2141 4698 2234 4752 ἐπὶ
2261 4699 2527 4767 κρείττονι
2555 4700 2820 4770 κρίνεται,
2858 4696 3195 4752 πειθέτωσάν
3224 4715 3305 4763 σε,
3324 4700 3354 4751 ὁ
3383 4698 3481 4768 μὲν
3516 4698 3726 4761 Ἰούδας

2138 4789 2226 4843 διὰ
2249 4792 2378 4859 μιᾶς
2404 4791 2594 4853 νυκτὸς
2619 4790 2999 4863 ἀλλοτριωθεὶς
3027 4793 3125 4861 τῆς
3154 4789 3323 4861 ζωῆς,
3363 4787 3724 4861 προδεδωκὼς

468 4873 791 4946 Magistrum
840 4881 1105 4951 prodidit,
1156 4891 1210 4937 et
1270 4883 1412 4938 latro
1462 4894 1739 4939 momento
1782 4889 2038 4958 temporis

2141 4879 2231 4934 τὸν
2254 4879 2645 4944 Διδάσκαλον,ὁ
2676 4881 2731 4935 δὲ
2762 4882 2966 4955 λῃστὴς
2998 4882 3056 4935 ὲν
3090 4883 3292 4951 στιγμῇ
3319 4880 3511 4949 χρόνον
3549 4879 3727 4932 obses.

465 4966 591 5021 vitae
620 4970 955 5028 conciliatus
1027 4970 1216 5043 Neque
1248 4973 1393 5029 enim
1436 4974 1489 5030 in
1520 4976 1838 5031 memoriam
1876 4980 2042 5033 redu-

468 5066 665 5112 ceutur
698 5060 1017 5132 iniquitates
1054 5062 1513 5131 illiushominis,
1562 5067 1655 5137 qui
1696 5084 1801 5123 non
1838 5086 2043 5140 usque-

470 5164 699 5219 quaque-
738 5168 767 5206 a
822 5155 927 5209 Deo
958 5154 1256 5217 defecerit,
1301 5166 1355 5210 et
1401 5173 1497 5210 cor
1532 5173 1758 5228 pravum
1801 5159 2041 5214 iulideli—

469 5242 597 5297 tatis
649 5258 713 5298 ac
760 5247 1100 5315 stupiditatis
1155 5249 1541 5319 assumpserit.
1599 5249 1850 5305 (Vivens
1893 5254 2040 5307 enim

470 5333 610 5390 vivet
634 5375 649 5398 ,
680 5335 792 5397 ait,
835 5352 958 5389 cum
993 5348 1362 5401 convcrtetnr,
1410 5349 1463 5393 et
1496 5356 1602 5394 non
1640 5342 1907 5396 morietur
1938 5345 1979 5401 ⁹.
2020 5364 2037 5396 ι

576 5440 599 5463 ο
680 5424 862 5479 CCXI.
893 5456 953 5467 —-
980 5427 1273 5484 BYRILLO
1315 5431 1829 5489 MACEDONIANO.

543 5515 829 5582 Quomodo
860 5521 1028 5578 audes
1061 5522 1324 5593 Spiritqu
1358 5533 1613 5580 sanctum
1642 5542 1861 5581 servum
1888 5542 2040 5582 com-

545 5695 749 5755 ‘llcbr.
818 5716 889 5770 τι,
930 5700 980 5756 6.
1060 5700 1121 5754 τι
1162 5700 1373 5770 Tim.6,
1402 5702 1485 5757 IG.
1564 5704 1583 5735 ⁸
1622 5701 1778 5759 Deut.
1806 5719 1928 5769 xxv,
1974 5702 2023 5757 ‘3.

2140 4971 2302 5035 ωθεὶς
2329 4974 2396 5041 τῇ
2426 4971 2665 5043 ζωῇ.οὺ
2695 4974 2770 5044 μὴ
2806 4973 2918 5045 γὰρ
2954 4972 3266 5043 μνησθῶσιν
3288 4973 3346 5024 at
3369 4970 3588 5041 ἀνομίαι
3622 4969 3723 5024 τοῦ

2144 5068 2217 5132 μὴ
2262 5063 2543 5126 παντελῶς
2585 5064 2924 5118 ἀποστασίαν
2953 5063 3046 5117 τοῦ
3079 5064 3216 5117 Θεοῦ
3254 5064 3581 5133 νοσήσαντος
3612 5061 3716 5113 ἀν-

2140 5156 2381 5225 θρώπου,
2432 5157 2565 5225 μηδὲ
2613 5157 2837 5226 καρδίαν
2898 5155 3143 5226 πονηρὰν
3193 5154 3450 5215 ἀπιστίας
3505 5169 3565 5205 τε
3620 5152 3724 5204 καὶ

2149 5246 2486 5317 ὴλιθιότητος
2508 5246 2868 5310 ἀναλαϐόντος
2892 5264 2907 5280 ’
2936 5266 2953 5298 ι
2986 5247 3102 5300 Ζῶν
3134 5246 3241 5315 γὰρ
3260 5242 3506 5314 ζήσεται,
3525 5241 3718 5311 φησὶν,

2151 5343 2207 5394 ἐν
2240 5339 2314 5410 τῷ
2346 5339 2668 5410 ἐπιστρέψαι
2699 5341 2878 5405 αὑτὸν,
2915 5340 3009 5394 καὶ
3037 5339 3139 5393 οὐκ
3167 5336 3542 5391 ἀποθανεῖται.
3583 5352 3603 5386 ι

2433 5432 2577 5487 XIA’.
2596 5463 2664 5472 -—-
2695 5432 2994 5502 ΒΥΡΙΛΛῼ
3016 5428 3433 5497 ΜᾹΚΕΔΟΝΙῼ.

2227 5525 2350 5588 Πῶς
2395 5523 2601 5594 τολμᾷς
2633 5523 2693 5577 τὸ
2735 5523 2959 5593 Πνεῦμα
2999 5524 3059 5575 τὸ
3101 5522 3255 5591 ἅγιον
3308 5519 3493 5573 δοῦλον
3553 5533 3735 5586 προσ-

2102 5702 2118 5733 ⁶
2150 5702 2350 5761 Ειοριι.
2390 5715 2544 5768 xvtu,
2573 5699 2663 5755 ‘23.
