4024 6218
346 346 445 409 ιιι

1576 358 2111 424 EPISTOLARUM
2156 369 2295 429 LIB.
2339 371 2386 442 ξ.

3515 379 3614 446 162

338 454 657 530 αγορεύειν,
692 458 751 511 τὸ
786 457 871 511 διὰ
906 457 1000 511 τοῦ
1043 459 1273 513 ἀσπίλου
1306 460 1687 533 βαπτίσματος
1720 467 1910 520 πάντας

2035 474 2239 539 pellarc
2262 515 2274 537 ,
2307 478 2399 545 qui
2450 492 2545 546 per
2582 477 2993 536 immaculatum
3025 482 3358 554 baptismum
3386 491 3611 545 credent.

336 553 470 614 τοὺς
502 550 860 614 πιστεύοντας
882 550 1200 621 ἐλευθεροῦν
1224 570 1238 616 ς
1266 553 1429 619 Λέγει
1458 555 1566 626 γὰρ
1599 558 1628 608 ὁ
1669 557 1927 611 Ἀπόσιτο-

336 644 456 706 λος,
478 644 669 714 ὅτιπερ
703 660 722 693 ι
754 642 813 695 '0
836 642 999 712 νόμος
1023 642 1117 695 τοῦ
1150 643 1288 696 Πνεύ
1298 660 1467 713 ματος
1493 646 1591 715 τῆς
1614 647 1757 717 ζωῆς
1773 650 1929 719 ἠλευ-

337 734 551 805 θέρωσε
582 751 650 805 με
681 733 791 787 ἀπὸ
831 732 927 787 τοῦ
980 734 1147 804 νόμου
1206 736 1307 803 τῆς
1348 736 1648 807 ἁμαρτίας,
1680 741 1774 792 καὶ
1829 739 1924 792 τοῦ

338 828 600 882 θανάτου.
639 846 657 879 ι

652 919 796 977 ΣΙΒ’.
828 949 898 958 -
926 918 1201 991 ΙΓΝΛΊῚῼ
1224 920 1622 994 ΔΝΘΥΠΑΤῼ.

417 1012 665 1078 Ἔξεστιν
694 1010 1002 1082 ἐμπεσόντα
1025 1014 1146 1066 τινα
1174 1015 1254 1076 είς
1281 1012 1344 1066 τὺ
1381 1013 1476 1067 τοῦ
1508 1014 1673 1085 θηρὸς
1725 1017 1922 1084 στόμα,

334 1106 437 1161 τοῦ
474 1106 720 1158 διαϐόλου
745 1110 911 1175 φημὶ.
932 1104 1268 1176 ἀπολυθῆναι
1293 1106 1483 1161 τούτου
1503 1107 1589 1161 δια
1621 1108 1720 1179 τῆς
1759 1126 1925 1179 μετα-

339 1196 515 1260 νοίας,
558 1194 811 1265 καθάπερ
862 1193 1196 1267 λελύτρωται
1254 1197 1349 1249 καί⁸
1398 1195 1690 1267 ὲρῤύσθηὸ
1726 1198 1783 1251 ἐν
1815 1199 1924 1252 Ko-

343 1287 867 1361 ρίνθῳὀιτροιρθαρεὶς
883 1291 946 1359 τῇ
962 1289 1205 1359 μητρυιᾷ
1218 1290 1283 1341 ὲκ
1303 1288 1579 1360 φάρυγγος
1593 1290 1688 1344 τοῦ
1705 1290 1797 1360 ἐ,χο
1806 1291 1922 1361 ροῦ,

328 1382 476 1452 -πρὶν
503 1383 568 1451 τῇ
597 1380 965 1451 περισσοτέρᾳ
1013 1379 1160 1453 λύπῃ
1207 1380 1528 1447 καταποθεί,
1583 1382 1679 1434 καὶ
1715 1383 1797 1446 είς
1823 1383 1923 1453 τὴν

340 1474 557 1527 κοιλίαν
589 1474 811 1545 χωρήσῃ
839 1472 936 1524 τοῦ
968 1471 1158 1543 θηρίου
1206 1473 1293 1526 διὰ
1323 1474 1419 1543 τῆς
1439 1473 1703 1542 ἀγεννοῦς
1721 1474 1915 1529 δυσθυ-

342 1566 502 1637 μίας,
527 1566 617 1618 καὶ
647 1565 742 1635 τῆς
757 1563 1141 1632 ἀπογνώσεως.

874 1654 1014 1709 ΣΙΓ.
1036 1685 1106 1695 --
1138 1655 1221 1721 Τῷ
1251 1654 1431 1721 αὐτῷ.

415 1748 578 1810 Αὐτὸς
599 1748 669 1801 δι’
696 1748 893 1802 ἑαυτοῦ
932 1747 1068 1818 πρὸς
1103 1748 1162 1801 σὲ
1192 1748 1557 1819 παραγίνεται
1597 1746 1850 1818 ἀοράτως
1885 1746 1914 1798 ό

2034 572 2115 620 tes
2143 581 2337 622 omnes
2371 569 2422 622 in
2455 570 2761 626 libertatem
2802 574 3088 629 vindicat?
3112 576 3255 631 Dicit
3292 580 3437 634 enim
3465 581 3616 651 Apo-

2030 656 2249 712 stolus:
2306 677 2323 709 ι
2364 658 2476 713 Lex
2523 661 2753 727 spiritus
2802 664 2925 719 vita:
2976 666 3228 721 liberavit
3272 684 3359 725 me
3408 685 3438 725 a
3495 672 3613 744 lege

2028 749 2239 816 peccati
2271 758 2326 805 ct
2357 753 2554 807 mortis
2579 755 2642 806 ‘°.
2679 773 2698 804 ι
3408 776 3419 785 ο

2267 924 2470 980 CCXII.
2505 956 2575 967 --
2598 926 2876 982 [GNATIO
2906 928 3372 988 PROCONSULI.

2096 1013 2153 1068 In
2188 1013 2451 1072 facultate
2484 1020 2633 1076 illius
2664 1029 2783 1082 est,
2835 1010 2941 1092 qui
2974 1038 3072 1092 per
3113 1020 3177 1079 os
3217 1026 3440 1094 bellum,
3489 1030 3609 1085 dia-

2026 1098 2135 1153 boli
2163 1141 2178 1166 ,
2222 1102 2480 1173 inquam,
2515 1107 2846 1176 prolabitur,
2884 1124 2982 1178 per
3043 1113 3426 1180 paenitentiam
3476 1115 3611 1171 libe-

2026 1192 2173 1257 rari;
2227 1196 2690 1261 quemadmodum
2742 1199 3012 1257 liberatus
3056 1216 3121 1257 ac
3180 1214 3436 1260 servatus
3484 1216 3609 1273 est,

2025 1284 2118 1352 qui
2153 1284 2401 1341 Corinthi
2437 1304 2564 1343 cum
2614 1306 2855 1346 noverca
2905 1301 3274 1349 consueverat
3308 1296 3374 1361 εί,
3406 1311 3470 1350 ex
3499 1289 3605 1351 ’ωι-

2023 1380 2251 1433 versarii
2281 1380 2535 1437 faucibus
2556 1422 2571 1447 ,
2605 1393 2902 1453 antequam
2944 1386 3336 1442 abundantiori
3381 1390 3607 1443 tristitia

2024 1468 2439 1539 absorberetur,
2490 1481 2544 1529 et
2603 1476 2660 1528 in
2724 1484 2971 1531 ventrem
3017 1478 3212 1534 bellurc
3258 1496 3357 1548 per
3419 1483 3607 1551 pusilli

2023 1556 2195 1610 animi
2228 1572 2487 1629 angorem
2519 1576 2587 1616 ac
2615 1562 3061 1630 desperationem
3092 1566 3533 1637 immergcrctur.

2472 1654 2583 1723 so
2606 1653 2832 1709 ccxut.
2862 1685 2921 1697 -ι
2958 1654 3164 1710 Eidem.

2100 1739 2223 1810 Ipse
2264 1758 2363 1813 per
2395 1744 2639 1815 seipsum
2677 1746 2745 1799 ad
2779 1756 2832 1802 te
2860 1750 3108 1804 ctnlcstis
3146 1750 3395 1807 medicus
3429 1754 3604 1811 oculis

333 1838 583 1908 οὐράνιος
615 1838 821 1909 ἰατρὸς,
870 1838 973 1893 κᾶν
1012 1839 1087 1908 μὴ
1124 1839 1188 1892 σὺ
1236 1838 1524 1909 δυνηθείης
1562 1838 1700 1909 πρὸς
1749 1838 1910 1892 αὐτὸν

2025 1832 2249 1890 minime
2286 1837 2541 1907 obiectus
2571 1838 2818 1903 accedit,
2863 1840 2992 1896 licet
3022 1850 3078 1894 tu
3127 1841 3197 1896 ad
3223 1859 3346 1898 eum
3380 1856 3606 1915 propter

332 1929 776 2001 πορευθῆναιδιέι
807 1930 909 2002 τὴν
962 1930 1246 1986 ἀσθένειαν
1279 1932 1372 1984 καὶ
1416 1931 1636 1984 ἀτονίαν
1685 1930 1777 1984 τοῦ
1832 1930 1919 1984 λοι

330 2021 552 2093 γισμοῦ.

814 2113 985 2179 των.
1007 2141 1071 2152 -
1102 2111 1190 2176 Τῷ
1223 2109 1402 2176 aeto;

401 2205 567 2268 Τινὲς
611 2204 783 2274 ἔγνων
825 2203 1022 2273 ἔγωγε,
1059 2202 1197 2274 μηδὲ
1250 2200 1620 2273 πλησιάζοντα
1652 2202 1738 2257 διὰ
1786 2204 1910 2273 φιλ-

330 2297 654 2369 ανθρωπίαν
713 2296 806 2350 τὸν
859 2297 967 2350 τῶν
1009 2294 1197 2366 ψυχῶν
1266 2295 1450 2366 ίατρὸν
1508 2296 1914 2366 παραδέξασθαι

330 2391 716 2463 βουληθέντας,
767 2390 877 2445 ἀπὸ
920 2387 1297 2460 ἀναισθησίας,
1350 2388 1445 2442 καὶ
1487 2389 1754 2460 πονηρίας
1783 2388 1911 2443 πολι

328 2483 469 2547 λῆς.

361 2501 426 2553 ης
846 2572 987 2625 ΣΙΕ’.
1010 2600 1080 2611 -—-
1097 2570 1181 2636 Τῷ
1212 2570 1395 2637 αὐτῷ.

404 2667 614 2732 Παῦλος
640 2665 872 2735 διώκτης
895 2664 1159 2737 ὑπάρχων
1187 2666 1286 2736 τῆς
1300 2664 1392 2717 τοῦ
1413 2666 1649 2738 Χριστοῦ
1684 2663 1911 2736 Ἐκκλη-

328 2763 455 2825 σίας
484 2757 849 2829 ἀπετυφλὼθη
872 2758 1089 2828 πρῶτον
1108 2760 1222 2821 τοῖς
1251 2758 1465 2823 κακοῖς,
1500 2757 1595 2810 καὶ
1624 2759 1690 2829 τῇ
1718 2758 1911 2828 ἁφάτῳ

327 2855 597 2925 ὠμότητι,
635 2852 784 2916 ὅπως
827 2850 1119 2921 ἀναϐλέψει
1152 2850 1231 2922 τῷ
1260 2849 1400 2921 Θεῷ,
1454 2850 1548 2904 καὶ
1594 2853 1660 2921 τῇ
1702 2850 1908 2905 δικαιο-

326 2947 486 3019 σύνῃ.
517 2946 756 3007 Εἰκότως
776 2944 955 2998 τοίνυν
986 2945 1014 2997 ό
1048 2942 1254 3015 Κύριος
1280 2942 1475 3013 ἔλεγεν
1506 2959 1522 2974 ο
1577 2942 1720 3011 Ἐγὼ
1746 2938 1910 3015 ἦλθον

324 3040 408 3102 είς
428 3039 522 3092 τὸν
553 3037 773 3107 κόσμον,
809 3035 898 3089 ἵνα
927 3037 975 3088 ot
1008 3035 1084 3106 μὴ
1114 3034 1399 3105 βλέποντες
1440 3033 1700 3105 βλέπωσι,
1725 3035 1822 3089 καὶ
1860 3035 1908 3088 oi

325 3131 621 3203 βλέποντες
681 3128 869 3197 τυφλοὶ
918 3129 1205 3195 γένωνται.
1236 3144 1254 3178 ι
1303 3126 1554 3198 ᾘνίξατό
1609 3127 1717 3199 γὰρ
1783 3129 1909 3193 τοὺς
1937 3168 1981 3226 C

320 3227 439 3286 τοῖς
474 3220 902 3292 πονηρεύμασιν,
940 3219 1036 3273 καὶ
1076 3221 1197 3282 ταῖς
1231 3219 1486 3282 ἀτοπίαις
1533 3222 1905 3292 προστετηκό-

317 3334 422 3378 τας
460 3313 775 3383 ὀφθαλμοὺς
814 3310 1229 3379 ἀποτυφλῶσαι,
1279 3310 1488 3375 ἀνοῖξαι
1515 3311 1594 3375 δὲ,
1637 3311 1732 3364 καὶ
1780 3312 1908 3366 ἀκέ-

318 3409 525 3463 σασθαι
557 3406 684 3469 τοὺς
715 3406 939 3476 νοητοὺς
967 3402 1302 3473 ὀφθαλμοὺς,
1335 3397 1417 3465 οἷς
1438 3403 1801 3472 ὲφοπτεύεται
1846 3405 1907 3457 τὸ

317 3501 524 3564 κάλλος
560 3498 670 3552 τῶν
696 3497 906 3569 ἂρετῶν
955 3495 1053 3548 καὶ
1081 3495 1182 3565 τῆς
1210 3493 1560 3564 θεογνωσίας.

600 3592 761 3659 Σιςῖν,
788 3620 857 3631 -
886 3588 1295 3660 ΕΥΓΡΔΜΜΙῼ
1321 3588 1619 3660 ΝΟΜΙΚῼ.
1920 3662 1923 3665 γ

398 3704 417 3737 ι
438 3682 699 3753 εἰσῆλθε,
732 3680 866 3752 φησὶ
912 3680 1176 3752 Μωῦσῆς,
1208 3680 1288 3743 εἰς
1341 3679 1434 3733 τὸν
1473 3679 1671 3749 γνόφου
1698 3697 1712 3711 ο
1760 3700 1779 3732 ι
1811 3679 1902 3734 τοῦ

317 3780 455 3850 περὶ
507 3776 640 3829 Θεὸν
684 3773 909 3844 γνόφου,
934 3774 1089 3827 οὐδὲν
1134 3772 1324 3843 ἕτερον
1375 3772 1799 3844 ἐμφαίνοντοςῆ
1843 3776 1905 3828 τὸ

316 3868 702 3939 ἁπερινόητον,
749 3867 845 3920 καὶ
873 3864 1276 3935 ἀνεξιχνίαστον
1306 3864 1401 3918 τοῦ
1445 3865 1582 3918 Θεοῦ
1605 3881 1619 3897 ο
1659 3860 1901 3920 σκοτοει-

312 3958 417 4026 δὴς
436 3959 544 4027 γὰρ
580 3957 676 4010 καὶ
697 3956 946 4026 ἀφεγγὴς
972 3956 1005 4025 ἡ
1027 3955 1121 4008 τοῦ
1154 3954 1352 4023 γνόφου
1378 3954 1634 4023 πέφυκεν
1660 3954 1803 4024 ὄψις,
1833 3955 1903 4009 τὰ

318 4053 380 4101 ὲν
403 4052 541 4118 αὐτῇ
575 4048 893 4119 κρύπτουσα
920 4043 1008 4102 δια
1044 4046 1137 4101 τοῦ
1180 4046 1539 4113 πυκνοτάτου,
1586 4047 1679 4101 καὶ
1712 4065 1901 4125 σκοτο-

324 4141 501 4202 ειὸοὖς
526 4140 679 4210 ἀέρος
722 4141 979 4211 εἴργουσα
1027 4140 1124 4203 τὰς
1158 4139 1311 4210 ὄψεις
1377 4140 1486 4193 τῶν
1534 4139 1789 4209 ὁρώντων
1819 4143 1900 4205 είς

329 4231 520 4296 αὐτὸν,
559 4230 634 4282 ἔτι
677 4234 772 4286 καὶ
805 4231 913 4287 τῶν
962 4230 1183 4284 ἐννοιῶν
1214 4230 1394 4283 αὐτῶν
1439 4231 1532 4293 τὰς
1568 4233 1899 4303 περιέργους

329 4324 460 4393 περὶ
486 4322 617 4376 Θεοῦ
656 4324 1031 4394 ἐπιχειρήσεις
1055 4338 1066 4351 ⁸
1116 4342 1133 4375 ι
1164 4322 1362 4386 Σκότος
1387 4322 1516 4394 γὰρ,
1547 4325 1735 4395 φησιν,
1767 4325 1896 4378 ἀποο

320 4414 509 4488 κρυερὴ
542 4414 731 4482 αὑτοῦ,
762 4416 855 4469 καὶ
886 4415 984 4484 οὐχ
1014 4414 1366 4485 ὀραθήσεται.
1408 4434 1425 4465 ι
1770 4454 1773 4457 .

888 4508 1104 4561 Σ1Ζ’.--
1130 4506 1215 4570 Τῷ
1244 4505 1422 4572 αὐτῷ.
1464 4550 1467 4555 ι

393 4599 551 4665 Ἔθος
578 4600 725 4671 ἔχεις
759 4598 1064 4670 προχείρως
1105 4596 1200 4653 τοῦ
1231 4598 1432 4667 λέγειν,
1472 4600 1555 4652 ὅτι
1587 4598 1907 4670 πολυμήχα·

318 4689 404 4752 νός
466 4690 581 4742 ἐστι
615 4729 631 4752 ,
689 4689 783 4741 καὶ
840 4688 1181 4760 πολύτροπος
1200 4692 1227 4743 ὁ
1255 4689 1499 4753 διάϐολος
1520 4707 1533 4721 ο
1560 4690 1905 4761 συνομολογῶ

316 4780 498 4847 κακὼ.
534 4780 675 4833 Ἀλλ’
709 4780 806 4834 ἐὰν
846 4781 1038 4849 νήφειν
1070 4780 1408 4851 θελήσωμεν,
1441 4779 1619 4851 ἐαυτῷ
1668 4781 1903 4851 πονηρὸς

314 4868 473 4921 ἔσται
497 4867 524 4917 ό
555 4865 819 4931 διάϐολος,
861 4867 954 4920 καὶ
1002 4868 1101 4937 οὐχ
1166 4869 1299 4937 ἡμῖν
1323 4882 1337 4895 ο
1367 4869 1400 4937 ἡ
1442 4867 1551 4937 γὰρ
1590 4876 1755 4936 φύσις
1799 4868 1899 4938 τῆς

311 4958 519 5022 κακίας
583 4959 771 5028 μόνοις
820 4961 933 5022 τοῖς
1002 4957 1362 5028 κεκτημένοις
1426 4956 1599 5028 αὐτὴν
1659 4958 1894 5029 ὑπάρχει

308 5050 557 5119 ὀλεθρία,
586 5051 621 5121 ἡ
641 5049 699 5103 δὲ
720 5050 889 5121 ἀρετὴ
919 5048 1252 5111 τούναντίον,
1289 5048 1410 5119 οὐχὶ
1436 5048 1564 5111 τοὺς
1619 5049 1895 5119 κεκτημέ-

307 5157 443 5204 νους
507 5140 705 5210 μόνον,
761 5138 898 5193 ἀλλὰ
946 5138 1041 5193 καὶ
1090 5138 1214 5202 τοὺς
1280 5137 1543 5209 πλησίους
1612 5137 1895 5208 ὠφελῆσαι

307 5234 559 5288 δύναται.

810 5321 963 5374 sur.
994 5352 1063 5363 —
1100 5319 1181 5387 Τῷ
1226 5318 1403 5386 αὐτῷ.

386 5413 502 5466 Ἵνα
538 5411 737 5483 μάθῃς,
763 5411 846 5464 ὅτι
875 5412 904 5463 ὁ
933 5412 1030 5481 μὲν
1053 5410 1221 5474 κακὸς
1248 5410 1395 5481 μόνῳ
1419 5408 1599 5479 ἑαυτῷ
1626 5410 1834 5485 κακὸς,
1861 5410 1887 5462 ό

302 5505 368 5559 es
394 5504 599 5573 ἀγαθὸς
623 5505 719 5556 καὶ
747 5501 954 5572 ἑτέροις
980 5503 1203 5572 ἀγαθὸς,
1233 5504 1541 5577 μαρτυρίαν
1572 5521 1655 5558 σοι
1693 5521 1890 5575 παροι-

309 5597 486 5669 μιώδη
531 5596 758 5669 παρέξω
786 5608 803 5624 ο
839 5595 1077 5649 «Τέκνον
1121 5594 1262 5666 γὰρ,
1316 5596 1511 5666 φησὶν,
1563 5597 1659 5649 ἐὰν
1719 5595 1887 5658 κακὸς

2020 1925 2404 1995 aegritudinem
2455 1939 2510 1985 et
2550 1931 2910 2002 cogitationis
2957 1932 3289 2005 languorem
3339 1937 3605 1996 accedere

2022 2032 2130 2073 non
2158 2021 2364 2075 valcas.

2523 2112 2756 2170 CCXIV.
2784 2144 2854 2155 ——
2877 2116 3088 2171 Eidem.

2087 2199 2396 2258 Nonnullos
2456 2202 2575 2272 ipse
2637 2206 2912 2275 cognovi,
2977 2208 3070 2278 qui
3130 2210 3329 2264 etiam
3377 2221 3605 2283 propter

2017 2306 2173 2346 suam
2206 2292 2605 2349 humanitatem
2653 2297 2910 2365 proxime
2957 2298 3310 2355 accedentem
3335 2342 3350 2365 ,
3385 2304 3601 2359 anima-

2018 2399 2139 2438 rum
2177 2384 2452 2458 medicum
2502 2386 2575 2442 ob
2613 2395 2896 2458 stuporem
2920 2430 2938 2457 ,
2989 2399 3043 2446 et
3090 2407 3363 2448 summam
3401 2396 3600 2467 nequi-

2015 2474 2148 2530 tiam
2184 2476 2478 2533 admittere
2502 2479 2820 2536 noluerunt.

2543 2570 2753 2627 CCXV.
2778 2600 2842 2611 —-
2871 2571 3081 2630 Eidem.
3538 2622 3543 2625 χ

2084 2657 2290 2716 Paulus
2338 2675 2464 2716 cum
2507 2656 2937 2732 persequeretur
2991 2648 3200 2721 Christi
3254 2665 3600 2735 Ecclesium,

2012 2750 2193 2807 oculis
2218 2752 2533 2808 obcmcatus
2554 2764 2637 2809 est
2664 2755 2706 2787 ¹²
2737 2756 2975 2825 primum
3003 2757 3162 2812 malis
3184 2768 3240 2813 ct
3273 2760 3602 2816 crudelitate

2014 2838 2425 2910 inexplicabili,
2468 2852 2528 2898 ut
2577 2843 2701 2911 Dei,
2737 2854 2793 2901 ct
2818 2846 3055 2916 justitiac
3092 2849 3275 2906 lumen
3308 2867 3602 2924 recupera-

2011 2941 2116 2989 ret.
2146 2931 2267 2988 Non
2320 2934 2419 2991 abs
2472 2951 2532 2991 re
2570 2938 2762 3007 itaque
2802 2938 3070 2996 Dominus
3114 2941 3381 2997 dicebat:
3426 2963 3446 2997 ι
3484 2944 3599 3018 Ego

2010 3031 2136 3084 veni
2173 3030 2227 3084 in
2262 3030 2555 3098 mundum,
2600 3042 2659 3087 ut
2695 3032 2789 3103 qui
2835 3048 2946 3088 non
2982 3034 3206 3100 vident,
3238 3036 3501 3107 videant;
3541 3049 3601 3095 et

2011 3124 2117 3192 qui
2159 3124 2394 3191 vident,
2445 3124 2575 3180 caci
2627 3124 2764 3180 fiant
2807 3126 2852 3158 “
2882 3144 2895 3180 :
2928 3145 2949 3180 ι
2979 3127 3160 3183 innuit
3217 3130 3488 3200 siquidem
3536 3147 3599 3187 se

2014 3214 2270 3284 turpibus
2326 3216 2693 3281 facinoribus,
2747 3217 3119 3290 absurdisque
3158 3220 3374 3277 deditos
3404 3222 3599 3280 oculos

2009 3306 2380 3374 teti‘ossurum;
2436 3316 2812 3365 reseraturum
2867 3325 3036 3379 vero,
3086 3319 3143 3367 et
3191 3312 3593 3369 medicaturum

2009 3399 2201 3454 oculos
2255 3400 2690 3467 intellectuales,
2740 3403 2949 3473 quibus
3001 3402 3271 3458 virtutum
3322 3405 3493 3463 decor
3540 3414 3597 3464 et

2008 3492 2209 3547 divinae
2246 3493 2582 3563 cognitionis
2610 3495 2979 3564 conspicitur.

2142 3580 2378 3637 CCXVI.
2403 3613 2474 3624 —-
2496 3584 2911 3642 EUGRAMMIO
2940 3587 3460 3650 LEGUMPERITO.

2083 3694 2101 3725 ι
2154 3674 2442 3743 Introivit,
2496 3679 2575 3732 ait
2603 3678 2853 3750 Moyses,
2901 3681 2956 3735 in
3016 3682 3415 3740 obscuritatem
3444 3686 3511 3739 “.
3566 3704 3586 3736 ι

2005 3765 2165 3821 Circa
2196 3765 2367 3823 Deum
2409 3770 2728 3827 obscuritas
2762 3772 2901 3827 nihil
2949 3772 3099 3827 aliud
3133 3774 3396 3841 instruit,
3425 3792 3589 3846 quam

2007 3855 2415 3927 inintelligibile
2490 3858 2586 3915 Dei
2655 3871 2821 3930 atque
2896 3861 3301 3929 inscrutabile;
3380 3878 3590 3936 opacus

2004 3946 2149 4000 enim
2173 3986 2188 4011 ,
2225 3956 2279 4003 et
2312 3950 2433 4003 sine
2484 3951 2692 4006 lumine
2736 3953 2997 4023 caliginis
3031 3961 3291 4022 aspectus
3325 3963 3411 4012 est
3435 3996 3452 4022 ,
3493 3958 3588 4028 qui

2004 4034 2187 4104 spissa
2219 4050 2283 4092 ac
2313 4036 2605 4092 tenebrosa
2635 4040 2780 4095 aeris
2799 4040 3057 4095 crassitie
3094 4056 3218 4111 quae
3252 4041 3305 4095 in
3338 4058 3404 4097 eo
3432 4055 3586 4110 sunt,

2004 4126 2242 4197 obtegit,
2277 4127 2471 4185 oculos
2499 4129 2605 4201 81
2640 4130 2694 4185 in
2723 4146 2849 4186 eum
2891 4130 3222 4186 intuentium
3250 4147 3448 4188 arcens
3474 4174 3491 4198 ,
3530 4145 3615 4201 et,

2003 4219 2400 4288 cogitationum
2465 4230 2730 4291 prgeterca
2791 4223 3036 4293 ipsarum
3086 4224 3341 4280 curiosas
3376 4226 3444 4282 de
3475 4226 3588 4283 Deo

2003 4309 2338 4379 indagines:
2394 4330 2413 4363 ι
2470 4310 2740 4369 Tenebrae
2784 4315 2972 4379 enim,
3037 4315 3146 4381 ait,
3207 4324 3585 4389 tegumen-tum

2004 4400 2211 4473 ipsius,
2242 4412 2296 4459 et
2327 4419 2436 4460 non
2472 4405 2747 4461 videbitur
2783 4408 2849 4461 ³⁸.
2889 4424 2910 4459 ι

2537 4496 2792 4554 CCXVII.
2817 4529 2889 4539 —
2910 4497 3122 4556 Eidem.

2076 4586 2235 4646 Soles
2286 4590 2604 4647 inconsulto
2662 4591 2848 4648 dicere
2897 4601 3183 4648 versutum
3243 4606 3369 4649 esse
3415 4602 3583 4665 atque

2002 4686 2246 4734 astutum
2277 4681 2556 4736 diabolum
2585 4698 2601 4738 :
2632 4696 2813 4753 neque
2856 4684 2976 4753 ipse
3002 4684 3311 4741 abnuerim.
3342 4680 3580 4741 Verum-

1998 4781 2181 4828 tamen
2233 4774 2279 4828 si
2337 4774 2510 4848 sobrii
2566 4791 2694 4832 esse
2743 4776 3015 4840 velimus,
3051 4777 3156 4832 sibi
3206 4776 3311 4847 ipsi
3364 4786 3581 4835 astutus

1995 4864 2103 4917 erit
2141 4872 2198 4918 et
2252 4880 2361 4921 non
2412 4868 2595 4924 nobis.
2648 4867 3021 4937 lmprobitatis
3068 4867 3343 4939 siquidem
3385 4872 3581 4937 genius

1993 4954 2129 5011 solis
2182 4955 2357 5026 ipsius
2406 4961 2828 5027 possessoribus
2870 4960 3175 5030 perniciem
3227 4958 3426 5027 aﬂert;
3483 4963 3578 5016 sed

1994 5044 2169 5100 virtus
2231 5051 2510 5105 contrarie
2567 5066 2627 5105 se
2676 5067 2911 5120 gerens,
2974 5065 3084 5105 non
3152 5053 3579 5121 possessoribus

1995 5132 2159 5186 modo
2179 5173 2192 5197 ,
2232 5133 2328 5188 sed
2356 5136 2550 5193 vicinis
2580 5139 2744 5194 etiam
2785 5137 3156 5193 emolumento
3187 5149 3292 5193 est.

2078 5378 2081 5383 ι
2495 5317 2769 5374 CCXVIII.
2792 5349 2863 5359 —
2890 5319 3101 5376 Eidem.

2070 5408 2140 5466 Ut
2173 5410 2360 5467 discas
2384 5451 2399 5474 ,
2432 5410 2633 5466 malum
2671 5411 2886 5483 sibiipsi
2929 5411 3033 5469 soli
3056 5428 3178 5469 esse
3210 5413 3435 5480 malum,
3474 5413 3577 5469 bo-

1999 5518 2129 5556 num
2182 5519 2313 5558 vero
2357 5513 2411 5558 et
2463 5504 2587 5560 aliis
2639 5505 2867 5573 bonum,
2922 5507 3304 5561 testimonium
3354 5506 3454 5562 tibi
3507 5520 3574 5561 ex

1998 5590 2314 5649 Proverbiis
2349 5595 2659 5671 adducam:
2721 5614 2740 5648 ι
2776 5594 2903 5663 Fili,
2938 5597 3107 5663 enim,
3149 5598 3246 5664 ait,
3295 5596 3340 5653 si
3374 5613 3575 5670 pravus

382 5778 426 5810 ¹⁰
461 5775 619 5832 Rom.
648 5792 767 5843 vm,
791 5777 850 5833 2.
927 5777 964 5809 ¹¹
1012 5775 1030 5829 1
1069 5775 1197 5831 Lor.
1232 5791 1284 5841 v,
1322 5775 1373 5830 I.
1417 5775 1460 5805 ¹²
1484 5776 1613 5830 Act.
1647 5790 1720 5843 Ix,
1746 5768 1819 5829 8.'
1877 5775 1910 5847 ξε

2017 5788 2100 5827 an.
2148 5789 2224 5839 ιι,
2261 5774 2350 5830 '59.
2431 5773 2473 5805 “
2510 5772 2685 5828 Exod.
2732 5775 2946 5843 xx,2!.
3030 5774 3074 5807 "
3095 5736 3195 5830 Job
3235 5790 3372 5840 χχιι,
3419 5772 3507 5826 Η.
