4024 6218
437 327 548 396 163

1906 324 1965 381 S.
2012 323 2173 383 NILI

3594 324 3697 388 iiii

434 446 558 510 lies.
587 445 737 501 solus
777 439 1069 498 exhauries
1102 439 1285 505 maia;
1328 438 1377 493 si
1434 437 1677 507 sapiens,
1724 436 1835 493 eris
1889 436 2018 489 tibi-

2125 434 2253 506 γένῃ
2277 436 2458 504 ,μόνος
2496 434 2776 506 ἀντλήσεις
2804 436 2873 490 τά
2898 435 3078 490 κακά·
3116 436 3212 488 ἐὰν
3262 436 3319 489 δέ
3370 435 3551 504 σοφὸς,
3598 437 3697 508 ἔσῃ

436 537 655 607 metipsi
685 543 742 589 et
772 533 1025 604 proximo
1053 535 1277 603 sapiens
1321 533 1387 587 ¹⁸.
1423 552 1445 586 ι

665 624 895 681 CCXIX.
924 654 995 666 -—
1021 622 1444 679 ARISTOTELI
1474 620 1778 676 PRIMATI.

506 719 644 773 Mitti
679 718 883 773 dicitur
912 716 1111 778 Filius,
1165 732 1273 769 non
1324 714 1630 770 secundum
1672 713 1821 784 quod
1873 713 2020 767 Deus

438 809 682 865 Verbum
717 810 774 863 in
800 810 927 863 sinu
952 818 1037 863 cst
1084 807 1289 871 Patris,
1328 808 1508 861 omnia
1531 808 1845 861 continens.
1881 822 1900 854 ι
1936 803 2018 857 Ex

443 904 563 973 ipso
596 900 765 963 enim,
792 909 848 956 et
884 917 980 971 per
1009 902 1211 973 ipsum,
1253 909 1309 955 ct
1357 899 1411 954 in
1458 900 1637 969 ipsum
1662 898 1845 953 omnia
1871 897 1913 927 "
1948 914 1959 949 :
1995 914 2013 947 ι

432 1001 554 1048 etzc
583 991 784 1063 lnipso
807 993 1066 1058 vivimus,
1108 1008 1411 1055 movemur,
1453 1000 1508 1046 et
1541 1006 1735 1046 sumus
1758 990 1823 1057 ¹⁸;
1865 1008 1884 1041 ι
1920 988 2019 1044 sed

436 1089 741 1140 secundum
773 1084 918 1155 quod
950 1084 1285 1155 sibimetipsi
1318 1084 1545 1140 asciscit
1578 1084 1725 1139 Deus
1756 1081 2014 1144 Verbum,

435 1178 758 1250 aﬂectiones
790 1179 1060 1247 assumpti
1102 1177 1378 1247 corporis.

952 1269 1159 1324 CCXX.
1184 1299 1255 1309 —
1280 1267 1489 1322 Eidem.

505 1358 737 1422 Luctus,
770 1360 865 1428 qui
914 1374 1014 1430 pro
1062 1359 1304 1429 peccatis
1360 1359 1441 1426 lit,
1480 1356 1699 1413 dulcem
1734 1356 1838 1413 sibi
1880 1371 2017 1411 mm-

434 1463 617 1504 rorem
650 1458 703 1504 et
729 1451 1012 1505 tristitiam
1036 1452 1145 1521 82
1184 1451 1452 1516 vindicat,
1486 1457 1541 1505 et
1579 1450 1836 1505 ntelleum
1871 1448 2017 1503 illius

434 1556 682 1597 amarum
712 1541 1056 1612 dcgustatur,
1094 1558 1190 1613 spe
1221 1542 1364 1598 bona
1400 1556 1465 1597 ac
1495 1543 1651 1597 suavi
1687 1540 1971 1595 conditum
1999 1556 2014 1604 ;

437 1642 723 1702 propterea
758 1635 931 1688 nutrit
958 1635 1230 1699 animam,
1304 1635 1697 1705 cogitationem
1737 1632 2018 1701 voluptate

435 1722 736 1794 perfundit,
779 1740 875 1781 cor
904 1726 1266 1796 pinguefacit,
1300 1724 1662 1795 corporisque
1690 1731 2013 1777 concretum

434 1815 633 1871 ﬂorere
658 1831 725 1873 ac
755 1818 1028 1873 virescere
1056 1817 1207 1872 facit.
1246 1815 1432 1883 Quare
1465 1816 1672 1887 optime
1692 1814 1864 1869 David
1888 1830 2018 1868 con-

432 1906 653 1961 cinebat
683 1924 699 1961 :
736 1922 757 1959 ι
791 1905 974 1961 Facta:
1006 1914 1135 1961 sunt
1163 1905 1301 1960 mihi
1331 1905 1591 1976 lacryma:
1621 1904 1783 1974 panis
1827 1902 1918 1959 die
1955 1917 2020 1959 ac

434 2005 598 2053 nocte
618 1996 685 2051 ¹’.
727 2016 749 2049 ι

932 2087 1169 2146 CCXXI.
1196 2119 1266 2129 —
1288 2086 1499 2145 Eidem.

511 2205 532 2239 ε
572 2184 826 2247 Domine,
861 2183 962 2247 ait,
999 2190 1061 2237 ut
1103 2189 1264 2237 scuto
1306 2181 1469 2235 bona:
1505 2180 1813 2237 voluntatis
1861 2195 2023 2235 coro-

438 2279 583 2336 uasti
612 2292 715 2333 nos
745 2276 812 2330 ’⁸.
850 2294 869 2327 ι
901 2276 1045 2331 idem
1089 2273 1366 2344 iustorum
1396 2271 1566 2328 fuerit
1592 2280 1811 2329 scutum
1845 2279 1900 2326 et
1929 2284 2023 2325 co-

436 2382 573 2424 runa
611 2385 626 2422 :
665 2373 954 2438 propterea
984 2363 1079 2435 qui
1125 2363 1296 2418 armis
1342 2361 1594 2421 induitur
1633 2361 2024 2417 intellectuali-

435 2468 519 2515 ter
548 2465 872 2513 coronatur.
925 2453 1173 2525 Namque
1222 2453 1487 2508 Salomon
1521 2452 1662 2509 dixit
1695 2470 1707 2507 :
1758 2469 1778 2503 ι
1806 2450 2019 2507 Corona

434 2552 762 2609 deliciarum
797 2546 1052 2618 defendet
1089 2557 1142 2601 te
1181 2548 1247 2599 “.
1288 2564 1309 2597 ι

676 2640 930 2697 CCXXII.
971 2669 1039 2681 -
1070 2637 1379 2695 THERINO
1420 2637 1775 2695 HONACHO.

506 2732 983 2801 Quemadmodum
1014 2733 1067 2786 in
1116 2732 1254 2786 mari
1284 2747 1459 2803 genus
1491 2732 1774 2786 hominum
1813 2729 2023 2784 facinoé

437 2840 625 2883 rosum
659 2834 713 2880 et
741 2825 941 2891 audax,
1000 2824 1056 2879 in
1081 2822 1261 2890 tmari,
1319 2823 1410 2877 ubi
1458 2823 1655 2878 civitas
1683 2829 1789 2888 est,
1814 2822 1897 2876 vel
1921 2837 2023 2875 na-

435 2919 585 2974 vium
619 2918 785 2973 statio
834 2924 930 2971 aut
967 2924 1189 2988 portus,
1239 2916 1389 2995 nulla
1424 2899 1641 2970 ratione
1663 2915 1722 2969 in
1756 2914 2023 2984 navigan-

2125 527 2355 597 σεαυτῷ,
2384 527 2478 581 καὶ
2500 528 2576 599 τῷ
2600 528 2834 599 πλησίῳ.
2864 547 2885 579 ι

2297 621 2442 675 ΣΙΘ’.
2470 651 2538 661 —-—
2557 621 3013 675 ΑΡΙΣΤΟΤΕΛΕΙ
3049 619 3517 674 ΠΡΩΤΕΥΟΝΊῚ.

2205 711 2568 766 ’Δπεστάλθαι
2593 712 2865 781 λέγεταιό
2893 712 3040 777 Υἱὸς,
3071 714 3133 765 οὐ
3158 713 3280 766 καθ’
3309 711 3338 765 ὃ
3356 712 3491 775 Θεὸς
3524 713 3700 781 Λόγος

2122 806 2273 858 ἐστὶν
2304 805 2363 859 ὲν
2387 805 2608 869 κόλποις
2646 804 2740 858 τοῦ
2793 804 3006 876 [ἰατρὸς
3054 804 3326 875 περιέχων
3369 806 3439 857 τά
3490 804 3696 859 πάντα·

2129 916 2148 949 ι
2192 897 2281 963 Ἐξ
2310 896 2481 951 αὑτοῦ
2540 897 2669 968 γὰρ,
2717 898 2813 951 καὶ
2860 898 2939 961 εἰς
2988 896 3149 951 αὐτὸν
3177 897 3248 950 τά
3281 894 3482 962 πάντα,
3522 897 3618 950 καὶ
3641 898 3701 950 ὲν

2120 1004 2270 1075 αὐτῷ
2292 1003 2497 1073 ζῶμεν,
2521 1004 2618 1059 καὶ
2637 1004 2953 1077 κινούμεθα,
2978 1006 3071 1059 καὶ
3090 1006 3279 1077 ἐσμὲν,
3312 1026 3333 1061 ι
3364 1006 3501 1061 ἀλλὰ
3535 1007 3657 1061 καθ’
3672 1008 3704 1061 δ

2124 1094 2462 1148 ίδιοποιείται
2500 1095 2529 1148 ὁ
2557 1095 2692 1159 Θεὸς
2749 1096 2927 1167 Λόγος
2956 1095 3028 1152 τὰ
3068 1096 3241 1168 πάθη,
3275 1093 3338 1152 οὗ
3385 1097 3453 1153 ἂν
3504 1098 3699 1169 εἴληφε

2124 1188 2400 1261 σώματος.

2650 1283 2779 1337 EK'.
2798 1311 2867 1322 —
2888 1280 2974 1348 τῷ
2990 1282 3179 1349 αὐτῷ.

2202 1372 2263 1425 '0
2294 1371 2379 1443 ἐφ’
2419 1373 2715 1445 ἁμαρτίαις
2777 1375 3064 1446 γινόμενος
3115 1376 3397 1448 ὀδυρμδς,
3445 1376 3705 1449 γλυκεῖαν

2123 1465 2386 1538 κέκτηται
2417 1468 2515 1539 τὴν
2550 1467 2726 1533 ἀνίαν,
2768 1469 2862 1522 καὶ
2890 1469 3182 1540 μελιτῶδες
3214 1470 3383 1525 αὐτοῦ
3408 1471 3475 1524 τὸ
3506 1470 3705 1543 ἀκμὰν

2121 1556 2458 1627 εὑρίσκεται,
2493 1558 2669 1612 ἐλπίδι
2702 1559 2905 1630 ἀγαθῇ.
2936 1561 3028 1614 καὶ
3058 1563 3273 1632 χρηστῇ
3307 1563 3707 1632 φαρματτόμι-

2121 1664 2232 1711 νον,
2259 1649 2348 1703 διὰ
2376 1649 2536 1704 τοῦτο
2560 1650 2753 1722 τρέφει
2780 1652 2893 1721 τὴν
2905 1652 3105 1725 ψυχὴν,
3146 1656 3304 1723 γανοῖ
3333 1654 3395 1706 τὸ
3425 1654 3703 1725 φρόνημα,

2124 1740 2362 1794 λιπαίνει
2393 1741 2493 1814 τὴν
2531 1742 2780 1813 καρδίαν,
2810 1742 3035 1807 εὐθαλὲς
3069 1743 3363 1815 ἐργάζεται
3392 1745 3453 1798 τὸ
3474 1745 3571 1799 τοῦ
3600 1745 3707 1798 σώο

2127 1848 2296 1903 ματος
2360 1832 2659 1904 σύγκριμα.
2722 1835 2834 1887 Καὶ
2876 1834 3059 1903 καλῶς
3109 1836 3139 1888 ὀ
3200 1834 3368 1889 Δαυῗδ
3401 1835 3702 1907 ἐμελῴδει·

2127 1944 2146 1977 ι
2187 1925 2450 1999 Ἐγενήθη
2501 1944 2592 1999 μοι
2634 1927 2702 1981 τὰ
2743 1928 2957 2000 δάκρυα
3014 1927 3179 2000 ἄρτος
3223 1928 3436 2001 ἡμέρας
3478 1930 3572 1983 καὶ
3612 1948 3709 1984 νυ·

2122 2016 2270 2080 κτός.
2304 2033 2323 2067 ι

2623 2107 2795 2161 ΣΚΑν.
2835 2138 2906 2150 -
2939 2104 3223 2173 Mariti).

2199 2218 2221 2251 ι
2250 2199 2445 2273 Κύριε,
2478 2198 2667 2270 φησὶν,
2693 2200 2770 2263 ὼς
2821 2200 2971 2270 ὅπλῳ
3027 2198 3277 2264 εὑδοκίας
3322 2199 3710 2270 ὲστεφάνωσας

2121 2294 2291 2364 ἡμᾶς.
2326 2311 2344 2343 ι
2411 2292 2625 2346 Tatii-rev
2672 2292 2738 2345 ἂν
2784 2293 2870 2363 εἴη
2896 2292 3007 2347 τῶν
3034 2292 3259 2347 δικαίων
3287 2294 3590 2359 καὶιόπλον,
3612 2295 3710 2347 καὶ

2127 2384 2411 2453 στέφανος,
2448 2384 2589 2437 ὥστε
2611 2386 2703 2437 τὸν
2721 2385 3119 2456 ῶπλησάμενον
3163 2385 3373 2457 νοητῶς
3406 2385 3708 2454 στεφανοῦ-

2125 2476 2251 2529 σθαι
2287 2491 2303 2506 ⁸
2340 2477 2435 2529 καὶ
2464 2476 2571 2549 γὰρ
2600 2477 2697 2531 καὶ
2721 2476 2972 2547 Σολομὼν
3006 2478 3197 2549 εἴρηκε
3227 2494 3239 2507 ·
3305 2497 3323 2531 ι
3360 2479 3621 2549 Στεφάνῳ
3646 2479 3709 2533 δὲ

2123 2568 2341 2639 τρυφῆς
2374 2570 2710 2641 ὑπερασπιεῖ
2740 2586 2857 2625 σου.
2908 2588 2927 2622 ι
2964 2590 2969 2595 ·

2468 2661 2640 2715 Σκθι.
2662 2691 2732 2701 -
2747 2662 3005 2733 sermo
3035 2660 3360 2733 ΜΟΝΑΧῼ.

2195 2754 2408 2827 Ὠσπερ
2465 2755 2515 2808 oi
2561 2755 2705 2808 κατὰ
2758 2756 2860 2826 τὴν
2894 2748 3174 2809 Θάλασσαν
3211 2755 3532 2827 κακοῦργοι,
3575 2754 3709 2809 ἔνθα

2130 2834 2227 2921 μὲν
2258 2849 2414 2913 πόλις
2443 2850 2610 2914 ἐστὶν,
2637 2850 2670 2922 ἢ
2697 2851 2960 2922 ὲπινήῖον,
2992 2850 3025 2922 η
3055 2850 3247 2922 λιμὴν,
3278 2852 3531 2922 οὐδαμῶς
3581 2853 3708 2905 ἑπι-

2124 2940 2368 3005 τιθέντες
2395 2944 2507 3006 τοῖς
2535 2940 2809 3006 πλέουσιν,
2845 2941 3005 2996 τοῦτο
3024 2943 3134 3014 γὰρ
3164 2943 3344 3016 μάτην
3382 2943 3449 2998 ἂν
3474 2943 3560 3015 εἴη
3587 2960 3706 2997 κιν-

437 3012 522 3058 tes
556 3001 821 3072 impetum
857 3002 1090 3069 faciunt;
1138 3001 1194 3058 id
1243 3002 1393 3058 enim
1449 3009 1603 3057 esset
1633 3000 1842 3055 frustra
1876 3014 1935 3054 se
1966 2998 2021 3052 in

441 3092 731 3113 Al:_-_:_A-_
779 3091 1046 3113 -J‘I----_-
1082 3107 1096 3113 _
1137 3104 1328 3113 ..Α--..-
1366 3089 1409 3113 ..2
1445 3090 1498 3113 2..
1545 3091 1652 3113 -la-
1692 3091 1829 3113 ...-._:
1861 3089 1981 3113 ..Α-,ἱ

2125 2998 2400 3086 δυνεύεινο
2434 2998 2529 3111 ἐάν
2549 3033 2607 3086 δὲ
2638 3035 2695 3086 ὲν
2724 2998 2874 3113 μέσῳ
2902 2998 3225 3103 τῷπελάγει
3250 2998 3312 3087 τέ
3336 2998 3709 3104 σκάφοέάπο-

434 3092 738 3148 discrimen
777 3091 1050 3147 adducere
1081 3107 1097 3145 :
1137 3104 1331 3147 verum
1365 3089 1412 3145 si
1445 3090 1502 3145 in
1543 3091 1655 3145 alto
1692 3091 1831 3145 mari
1859 3089 2015 3143 navi-

430 3186 615 3241 cula-In
639 3184 1124 3255 deprehenderint,
1156 3183 1307 3255 quod
1348 3181 1431 3238 illi
1470 3197 1574 3253 ope
1602 3180 1893 3237 auxiliaria
1922 3181 2019 3236 dc-

437 3278 617 3333 stituti
670 3285 824 3343 sunt,
871 3276 1225 3334 occasionem
1265 3275 1619 3346 arripientes,
1670 3275 1856 3330 omnia
1895 3289 2018 3328 mo-

436 3378 567 3425 vent
605 3369 993 3441 invertuntque
1036 3384 1141 3425 nec
1173 3369 1329 3440 prius
1373 3368 1676 3432 absistunt,
1708 3367 1890 3423 donec
1934 3367 2020 3422 vel

439 3462 764 3532 navigantes
800 3462 1147 3532 immergant,
1193 3461 1282 3517 vel
1311 3460 1414 3514 hoc
1442 3460 1547 3531 ipsi
1573 3460 1828 3523 subeant;
1863 3459 1946 3516 sic
1966 3468 2020 3515 et

437 3556 560 3610 dira
596 3555 897 3628 voluptatis
950 3554 1225 3619 tentatio,
1256 3553 1329 3619 ei,
1372 3553 1465 3624 qui
1498 3552 1870 3624 virginitatem
1904 3553 2020 3609 ele-

435 3649 537 3717 git,
570 3648 799 3702 multam
849 3645 1007 3702 affert
1052 3653 1438 3717 tempestatem
1466 3658 1521 3702 et
1547 3660 1765 3717 gravem
1806 3645 2021 3716 procel-

438 3738 568 3803 lam.
614 3746 675 3793 et
726 3753 836 3791 non
894 3736 1152 3794 ferendos
1205 3736 1467 3793 ﬂuctuum
1519 3740 1791 3805 turbines,
1836 3738 2020 3794 omnia

437 3844 645 3900 susque
668 3829 850 3899 deque
881 3830 1144 3897 miscens,
1172 3837 1232 3885 ut
1259 3832 1313 3885 vi
1341 3841 1398 3887 et
1421 3831 1628 3902 impetu
1660 3844 1856 3887 navem
1885 3831 2021 3886 sub-

436 3924 671 3997 mergat.
699 3925 893 3983 Audiit
940 3942 1201 3999 namque,
1237 3908 1512 3983 monacho
1541 3941 1650 3981 non
1675 3941 1801 3983 esse
1837 3927 1889 3981 in
1924 3942 2023 3997 po-

435 4024 634 4073 testate
678 4033 907 4073 uxorem
962 4019 1189 4084 ducere,
1238 4026 1294 4073 et
1333 4018 1500 4074 veluti
1538 4018 1593 4072 in
1627 4025 1846 4093 portum
1884 4034 2022 4073 con-

431 4110 573 4180 ῇυεὶἰ
613 4126 717 4166 usu
745 4125 805 4165 se
834 4110 1176 4179 subducere;
1232 4111 1327 4167 scd
1380 4126 1478 4181 per
1517 4112 1701 4166 omnia
1744 4118 2022 4167 certamen

440 4215 788 4270 pugnamque
846 4201 1115 4258 adversus
1161 4203 1459 4267 dmmones,
1514 4202 1611 4272 qui
1651 4202 2025 4272 voluptatibus

435 4289 547 4361 83
579 4292 815 4345 animam
848 4291 1088 4359 irritant,
1124 4293 1408 4349 subeunda
1438 4310 1586 4350 esse.
1630 4293 1713 4349 Ne
1742 4294 1913 4363 igitur
1933 4294 2027 4347 ad-

437 4382 726 4451 miremur,
767 4385 813 4439 si
861 4385 1003 4440 bcllo
1042 4387 1375 4456 impetimur;
1428 4400 1609 4456 neque
1657 4386 1723 4439 ad
1782 4401 2021 4457 pugnam

2044 3104 2086 3164 ο
2126 3123 2384 3190 λάϐωσιν,
2418 3108 2626 3194 ἐφόδιον
2653 3104 2871 3195 ἔχοντες
2898 3126 2998 3197 τὴν
3027 3124 3138 3179 τῶν
3165 3125 3540 3198 βοηθησόντων
3576 3127 3709 3198 ἐρη-

2127 3219 2277 3291 μίαν,
2306 3219 2488 3273 πάντα
2522 3218 2752 3284 κινοῦσι,
2782 3219 2878 3273 καὶ
2918 3206 3264 3292 στρέφουσιν,
3301 3220 3399 3275 καὶ
3439 3222 3500 3275 οὐ
3557 3222 3708 3291 πρό-

2123 3326 2282 3381 τερον
2305 3309 2656 3378 ἀφίστανται,
2681 3310 2783 3372 ἓως
2816 3308 2883 3363 ἂν
2910 3309 2943 3380 ἢ
2980 3310 3325 3364 καταδύσωσι
3346 3312 3474 3371 τοὺς
3502 3311 3708 3383 ἐμπλέο

2122 3401 2362 3471 οντας,ἦ
2396 3400 2554 3454 τοῦτο
2590 3400 2838 3454 πάθωσιν
2866 3400 3021 3455 αὐτοί
3058 3418 3073 3433 ’
3112 3402 3286 3466 οὕτως
3311 3404 3409 3457 καὶ
3457 3405 3486 3456 ὁ
3531 3404 3711 3468 δεινὸς

2122 3492 2222 3563 τῆς
2246 3493 2438 3564 ἡδονῆς
2465 3493 2770 3564 πειρασμὸς
2788 3493 2867 3564 τῷ
2891 3494 3261 3566 προῃρημένῳ
3282 3496 3381 3567 τὴν
3411 3496 3710 3567 παρθενίαν

2123 3582 2291 3639 πολὺν
2325 3583 2520 3652 ἐπάγει
2548 3585 2639 3637 τὸν
2679 3583 2947 3654 χειμῶνα.
2988 3583 3085 3637 καὶ
3113 3582 3354 3654 χαλεπὴν
3380 3583 3478 3656 τὴν
3512 3585 3708 3655 ζάλην,

2122 3678 2217 3729 καὶ
2242 3676 2549 3749 ἀφορήτους
2578 3676 2676 3739 τὰς
2702 3675 3017 3747 τρικυμίας,
3050 3678 3227 3732 πάντα
3251 3678 3363 3732 ἀνω
3407 3678 3501 3731 καὶ
3556 3678 3712 3732 κάτω

2123 3767 2311 3830 κινῶν,
2333 3766 2474 3820 ὥστε
2496 3770 2561 3837 τῇ
2587 3766 2678 3838 βίᾳ
2706 3766 2800 3819 καὶ
2828 3768 2894 3836 τῇ
2919 3763 3067 3836 ῥύμῃ
3096 3766 3459 3835 περιστρέψαι
3484 3765 3544 3817 τὸ
3571 3766 3713 3819 σκάο

2126 3877 2245 3930 φος.
2279 3860 2519 3913 Ἤκουσε
2546 3858 2677 3929 γὰρ,
2705 3859 2789 3911 ὃτι
2826 3860 2853 3911 ὁ
2890 3857 3123 3928 μοναχὺς
3159 3858 3261 3911 οὐκ
3297 3857 3409 3927 εχει
3459 3857 3714 3921 ἐξουσίαν

2123 3952 2399 4023 γαμῆσαι,
2441 3950 2535 4004 καὶ⁸
2574 3950 2826 4020 καθάπερ
2864 3948 3045 4018 λιμένι
3088 3948 3592 4020 ἐγκαθορμισθῆναι
3640 3951 3711 4020 τῇ

2126 4046 2320 4116 χρήσει
2343 4046 2443 4115 τῆς
2488 4042 2709 4115 μίξεως,
2735 4041 2853 4095 ἀλλ’
2883 4041 3099 4111 ἀνάγκη
3145 4040 3213 4095 δι’
3253 4040 3378 4093 ὅλου
3428 4040 3710 4106 παλαίειν,

2127 4138 2224 4191 καὶ
2256 4136 2525 4208 μάχεσθαι
2552 4134 2688 4207 πρὸς
2709 4135 2836 4198 τοὺς
2850 4135 2972 4197 ταῖς
2998 4132 3353 4205 ἡδυπαθείαις
3388 4132 3488 4203 τὴν
3526 4132 3713 4204 ψυχὴν

2127 4231 2470 4302 ἐρεθίζοντας
2496 4229 2775 4299 δαίμονας.
2806 4227 2898 4300 Μὴ
2934 4222 3028 4281 οὖν
3061 4225 3397 4298 ξενιζώμιθα
3437 4225 3716 4296 πολεμού-

2131 4340 2301 4393 μενοι,
2359 4322 2492 4394 μηδὲ
2517 4322 2891 4391 ἀποκάμωμεν
2956 4318 3092 4391 πρὸς
3142 4319 3241 4388 τὴν
3278 4320 3477 4390 μάχην,
3506 4318 3711 4388 ἔχομεν
3774 4346 3785 4357 κ

2053 4426 2099 4481 ι)
2128 4416 2235 4486 γὰρ
2278 4415 2450 4485 μέγαν
2474 4411 2886 4484 ὑπερασπιστὴν
2910 4412 2972 4465 τὸ
3001 4411 3265 4480 πανάγιον
3295 4410 3539 4482 Πνεῦμα,
3556 4411 3626 4464 δι’
3644 4404 3710 4463 οὗ

437 4476 678 4529 animum
741 4474 1200 4546 despondeamns.
1260 4475 1536 4531 Habemus
1586 4475 1731 4529 enim
1765 4490 2021 4545 magnum

2125 4474 2466 4577 δυνησόμεθα
2524 4474 2702 4559 πάντα
2742 4474 2855 4558 τοῦ.
2896 4474 3169 4557 διαϐόλου⁷
3193 4502 3264 4556 τὰ
3329 4474 3711 4572 πεπυρωμένα

417 4567 789 4625 defensorem
837 4582 901 4624 ac
932 4569 1210 4625 vindicem
1271 4568 1541 4640 Spiritum
1600 4579 1873 4632 sanctum,
1931 4582 2029 4637 per

434 4676 598 4731 quem
632 4660 938 4731 poterimus
983 4661 1194 4717 diaboli
1245 4662 1431 4717 omnia
1468 4660 1837 4715 obscenarum
1871 4659 2029 4728 cupi-

434 4751 667 4807 ditatum
704 4752 876 4823 ignita
914 4753 1123 4825 iacula,
1168 4762 1223 4808 et
1271 4753 1458 4807 carnis
1502 4751 1795 4817 .facem,et
1832 4750 2030 4805 incita-

436 4849 684 4897 mentum
717 4840 983 4897 faci’llin‘w
1008 4842 1236 4912 negotio
1259 4841 1634 4912 exstinguere.

648 4951 929 5009 CCXXIII.
968 4986 1039 4997 ——
1063 4952 1402 5010 SELEUCIO
1432 4954 1759 5014 DIACONO.

506 5044 641 5098 Cum
680 5056 918 5116 quatuor
950 5046 1094 5102 inter
1145 5048 1283 5103 alias
1320 5047 1551 5107 virtutes
1583 5051 1819 5122 primum
1849 5053 2025 5109 locum

434 5136 755 5204 obtineant,
799 5138 1131 5209 prudentia,
1199 5138 1500 5207 fortitudo,
1563 5146 1922 5214 temperantia
1978 5155 2033 5201 et

434 5228 650 5295 justilia
723 5246 739 5293 ;
811 5236 1104 5299 prepterca
1167 5240 1220 5285 et
1281 5231 1537 5289 diabolus
1592 5242 1833 5305 quatuor
1879 5237 2026 5292 vitiis

438 5321 609 5375 multa
646 5321 749 5377 alia
775 5322 830 5374 in
861 5336 920 5376 se
953 5322 1390 5387 continentibus,
1427 5326 1496 5381 ad
1524 5327 1607 5381 sui
1671 5328 1846 5399 ipsius
1897 5344 2024 5399 pro-

438 5412 825 5482 pugnationem
856 5411 1049 5467 utitur.
1081 5412 1145 5468 Et
1173 5415 1325 5481 audi,
1363 5417 1493 5487 quid
1545 5418 1692 5474 dicat
1722 5419 2021 5477 Zacharias

436 5504 699 5576 propheta
740 5514 978 5576 quatuor
1016 5508 1277 5565 cornibus
1355 5508 1635 5566 suffultam
1675 5511 1892 5569 Satanae
1927 5529 2023 5585 po-

535 5675 579 5751 ’ξ
608 5675 771 5736 I‘mv.
808 5695 881 5751 Ix,
915 5681 1002 5736 ιε.
1103 5683 1143 5714 ¹⁷
1175 5676 1381 5742 Cuioss.
1446 5698 1484 5751 ι,
1521 5683 1605 5737 l6.

434 5759 508 5811 ιν,
550 5746 601 5802 9.

1713 5683 1895 5741 “Act.
1931 5700 2059 5751 xvn,
2121 5685 2214 5739 τε.

2125 4599 2258 4670 βέλη
2280 4598 2389 4650 τῶν
2416 4597 2654 4670 αἰσχρῶν
2681 4595 2986 4667 ἐπιθυμιῶν
3011 4596 3106 4650 καὶ
3136 4594 3246 4649 τῶν
3268 4594 3715 4663 ὑπεκκαυμάτων

2123 4690 2223 4761 τῆς
2258 4689 2465 4761 σαρκὸς
2505 4688 2702 4761 ῥαδίως
2732 4687 2941 4742 σϐέσαι.

2414 4953 2582 5009 21m.
2604 4983 2675 4994 —
2699 4951 3069 5023 summa
3102 4952 3427 5025 amona.

2215 5043 2435 5115 Ἐπειδὴ
2454 5044 2719 5112 τέσσαρες
2753 5042 3090 5113 ὑπάρχουσιν
3114 5042 3308 5111 ἀρεταὶ
3324 5038 3713 5109 γενικώτατα-ι,

2132 5138 2414 5209 φρόνησις.
2452 5134 2694 5205 ἀνδρεία,
2754 5132 3098 5205 σωφροσύνη,
3150 5130 3487 5201 δικαιοσύνη.
3515 5130 3715 5184 τούτου

2131 5238 2292 5309 χάριν
2323 5236 2416 5290 καὶ
2440 5238 2467 5289 ὁ
2496 5233 2741 5297 διάϐολος
2776 5232 3068 5303 τέσσαρσιν
3104 5230 3324 5295 κακίαις
3352 5247 3720 5303 περιεκτικω-

2131 5330 2322 5393 τάταις
2345 5326 2554 5381 πολλῶν
2584 5325 2794 5379 κακιῶν
2848 5325 2984 5395 πρὸς
3035 5322 3249 5394 ἄμυναν
3291 5324 3572 5395 κέχρηται.
3597 5323 3720 5375 Καὶ

2132 5421 2384 5487 ἄκουσον,
2416 5418 2468 5471 τί
2496 5418 2645 5486 λέγει
2677 5417 2951 5488 Ζαχαρίας
2977 5416 3005 5467 ὁ
3054 5416 3359 5486 προφήτης,
3386 5415 3487 5485 τὴν
3518 5429 3724 5485 τετρα-

2136 5512 2365 5584 κέρατον
2393 5509 2484 5566 τοῦ
2512 5510 2724 5565 Σατανᾶ
2755 5508 3092 5579 θεασάμενος
3107 5507 3355 5577 δύναμιν·
3385 5501 3564 5575 «Ἦρα
3585 5506 3730 5572 τοὺς

3468 5679 3511 5711 ⁸⁸
3541 5683 3734 5741 Prov.

2313 5686 2356 5715 ¹⁹
2391 5682 2535 5739 Psal.
2566 5698 2676 5747 xm,
2717 5682 2769 5735 4.
2884 5682 2929 5713 ²⁰
2958 5680 3102 5736 Psal.
3163 5697 3216 5744 ν,
3269 5680 3356 5735 I3.
