4024 6218
262 342 370 410 165

1504 325 2041 396 EPISTOLARUM
2063 332 2209 394 LIB.
2250 334 2299 395 ῐ.

3446 329 3549 397 166

254 451 577 523 ὀφθαλμούς
612 468 738 521 μου,
767 450 862 504 καὶ
889 448 999 502 ῖῖιον
1025 446 1267 518 τέσσαρα
1320 446 1550 519 κέρατα,
1615 443 1684 497 τὰ
1735 441 1854 495 δια-

1976 443 2191 498 .entiam
2237 442 2476 498 intuitus
2513 460 2525 495 :
2566 461 2583 493 ι
2613 440 2832 499 Elevavi
2869 444 3062 500 oculos
3115 459 3289 510 meos,
3344 454 3403 501 et
3438 448 3549 505 vidi

258 547 639 620 σκορπίσαντα
668 544 759 597 τὸν
802 542 1022 607 Ἰούδαν,
1058 541 1267 598 καὶτὸν
1306 538 1541 612 Ἰσραήλ.
1581 556 1600 589 ι

754 723 909 776 ΣΚΔ.
950 712 1019 764 ‘—-
1053 720 1137 787 Τῷ
1178 720 1361 787 αὐτῷ.

332 818 469 890 Περὶ
494 802 594 887 τῆς
620 815 1006 885 τετραμόρφου
1027 813 1310 883 δυνάμεως
1337 811 1430 866 τοῦ
1452 810 1723 875 διαϐόλου,
1757 810 1855 865 καὶ

258 913 470 983 Μωσῆς
502 912 532 964 ὁ
566 908 828 980 μέγιστος
890 907 1189 979 νομοθέτης
1223 910 1282 961 ὲν
1312 907 1389 979 τῷ
1422 906 1695 977 Λευιτικῷ
1740 908 1854 970 τοῖς

259 1005 583 1076 δυναμένοις
607 1000 1034 1072 ἐπιμελέστερον
1076 1001 1333 1067 συνιέναι,
1360 1001 1566 1071 λέπραν
1585 1000 1853 1070 ὑπάρχειν

258 1095 666 1169 τετρακέφαλον
690 1094 848 1164 δίκην
897 1093 1065 1165 ὕδρας
1101 1093 1412 1164 διαγράφει,
1440 1091 1853 1155 λευκαίνουσαν,

262 1187 357 1241 καὶ
421 1182 863 1255 γλαυκίςουσαν,
921 1183 1016 1236 καὶ
1071 1182 1462 1254 χλωρίζουσαν,
1523 1183 1620 1236 καὶ
1687 1181 1853 1251 πυρί-

260 1279 485 1345 ζουσαν.
836 1304 839 1305 ν

492 1369 665 1423 ΣΚΕ’.
691 1398 761 1409 -
787 1366 1225 1438 ᾹΥΓΟΥΣΤΙΝῼ
1258 1366 1621 1436 ΤΡῙΒΟΥΝῼ.

335 1458 412 1515 Εὖ
468 1460 836 1531 ἐπιστάμενος
885 1459 1019 1515 Θεὸν
1068 1455 1210 1513 εῖναι
1236 1460 1351 1513 ’τὸν
1403 1457 1608 1529 δοτῆρα
1652 1456 1850 1521 παντὸς

258 1553 501 1623 ἀγαθοῦ,
540 1553 772 1622 συνεχῶς
830 1550 1006 1622 λέγεις
1062 1551 1200 1622 πρὸς
1236 1551 1362 1615 τοὺς
1391 1549 1854 1620 συντυγχάνοντας

258 1647 327 1698 τὸ
370 1643 568 1699 Ἰακὼϐ
593 1643 683 1697 τοῦ
713 1643 1056 1715 πατριάρχου
1096 1643 1297 1712 λόγιον,
1332 1644 1416 1716 ὅτι
1461 1641 1686 1713 Ἦλέησέ
1719 1658 1788 1711 με
1824 1642 1855 1694 ὁ

258 1736 424 1802 Θεὸς,
461 1737 552 1790 καὶ
574 1736 692 1790 ἔστι
712 1753 804 1806 μοι
840 1735 1040 1789 πάντα·
1069 1735 1129 1789 ού
1159 1735 1268 1806 γὰρ
1298 1733 1358 1799 ἐξ
1371 1733 1549 1804 ἔργων
1573 1731 1852 1787 δικαιοσύο

1960 542 2200 603 quatuor
2255 549 2489 602 cornua,
2527 550 2650 606 qua:
2694 535 2891 592 ludam
2948 546 3005 594 et
3067 537 3235 593 Israel
3274 538 3555 610 disperse-

1962 633 2095 679 runt
2119 625 2186 678 ²¹.
2221 646 2239 678 ι

2493 715 3036 772 CCXXIV.-—Eidem

2033 803 2460 878 Quadrupliceui
2497 810 2798 879 potentiam
2858 810 3066 865 diaboli
3124 811 3291 866 etiam
3338 812 3553 885 Moyses

1963 901 2238 956 maximus
2264 900 2546 970 legislator
2576 903 2629 955 in
2652 900 2899 957 Levitico
2929 901 3001 955 iis
3041 902 3137 972 qui
3171 916 3284 958 rem
3317 904 3554 976 diligen-

1961 992 2075 1049 tius
2098 993 2406 1065 intelligere
2421 1001 2683 1065 possunt,
2715 992 3026 1064 designavit
3056 995 3294 1065 ;lepram
3317 1007 3555 1067 quatuor

1959 1086 2235 1156 capitibus
2261 1086 2451 1157 hydrze
2484 1087 2668 1143 instar
2693 1087 3044 1154 describens,
3087 1086 3355 1154 albidam,
3389 1088 3549 1158 glan-

1960 1193 2107 1246 cam,
2150 1178 2433 1236 herbidum
2468 1186 2524 1235 et
2558 1180 2779 1235 rutilam
2800 1181 2867 1233 ".
2896 1200 2914 1233 ι

2175 1358 2909 1431 ccxxv.—Aucusrmo
2940 1358 3265 1417 TRIBUNO.

2036 1448 2203 1505 Deum
2229 1464 2353 1506 esse
2386 1450 2631 1506 universi
2671 1449 2801 1505 boni
2835 1450 3081 1504 datorem
3108 1452 3176 1519 ",
3214 1454 3418 1524 optime
3442 1452 3558 1506 cal-

1962 1557 2105 1615 lens,
2129 1557 2273 1613 saepe
2300 1552 2351 1598 te
2383 1541 3012 1612 alloquentibuslacobi
3043 1544 3377 1613 patriarcha:
3423 1545 3559 1600 effa-

1962 1642 2075 1688 tutn
2144 1632 2413 1696 ineulcas,
2470 1630 2618 1688 Deus
2679 1631 2793 1704 84
2849 1633 3110 1693 misertus
3164 1644 3251 1691 est
3317 1633 3448 1699 mei,
3507 1643 3563 1689 et

1963 1725 2225 1783 omnibus
2250 1725 2493 1781 abundo.
2517 1724 2707 1796 Neque
2736 1726 2884 1781 enim
2920 1742 2984 1782 ex
3016 1728 3283 1797 operibus
3306 1727 3563 1796 iustitiae.

257 1846 386 1901 νης,
430 1827 545 1882 ἁλλ’
575 1828 636 1895 ἐξ
686 1826 839 1881 ἐλέου
877 1823 1038 1890 Θεοῦ,
1090 1826 1188 1881 καλ⁵
1251 1824 1453 1894 πολλῆς
1519 1824 1857 1895 ἀγαθότητος

1976 1820 2056 1875 sed
2083 1836 2147 1876 ex
2177 1820 2272 1877 Dei
2307 1819 2694 1877 misericordia
2726 1836 3059 1894 summaque
3110 1823 3359 1879 bonitate
3392 1823 3568 1878 habes

256 1921 499 1990 ἐκτήσω,
540 1918 686 1989 ἅπερ
721 1917 865 1987 ἔχεις
883 1932 895 1944 ”
920 1916 983 1981 ἐξ
1005 1916 1186 1970 αὐτῶν
1208 1916 1264 1970 δὲ
1290 1915 1476 1969 πολλοὶ
1499 1914 1857 1985 εὐεργετοῦν-

255 2026 348 2063 ται
375 2009 644 2078 δεόμενοι.
676 2009 785 2063 Καὶ
811 2007 1148 2078 ἀποδέχομαί
1183 2024 1243 2060 σε
1266 2002 1327 2061 εὖ
1362 2019 1422 2060 τε
1461 2005 1739 2072 ποιοῦντα,
1764 2005 1860 2060 καὶ

258 2100 701 2172 εύλογιζόμενον,
731 2101 827 2155 καὶ
856 2098 1368 2168 ταπεινολογοῦντα.

482 2286 667 2353 Σκςν.
699 2315 770 2325 -
800 2284 1092 2355 ΘΕΟΦΙΛῼ
1124 2283 1643 2355 ΚΑΓΚΕΛΛΔΡΙῼ.

334 2377 554 2447 Ὠσπερ
585 2378 681 2447 οὐχ
722 2378 823 2431 ὅσα
854 2377 1085 2448 ἠδύνατο
1122 2376 1295 2430 ἐποίει
1334 2377 1361 2430 ὁ
1384 2374 1589 2445 Κύριος
1624 2374 1857 2446 Ἰησοῦς,

257 2469 378 2523 ἀλλ’
413 2471 517 2523 ὅσα
550 2468 811 2539 ἠϐούλετο
879 2467 1341 2539 ὲθαυματούργει,
1399 2465 1573 2530 οὕτως
1620 2467 1718 2537 οὐχ
1757 2465 1861 2520 ὅσα

260 2562 382 2633 ᾔδει
411 2561 717 2629 ἐδίδασκεν,
776 2560 890 2616 ἀλλ’
941 2562 1042 2615 ὅσα
1080 2560 1271 2631 μαθεῖν
1298 2559 1613 2633 ἠδυνάμεθα
1653 2557 1861 2628 ὑπηγό-

264 2670 464 2725 ρευσεν
484 2695 501 2718 ,
533 2655 601 2724 τῇ
641 2652 899 2724 ἀσθενείᾳ
926 2654 1027 2724 τῆς
1050 2652 1265 2721 φύσεως
1297 2649 1632 2722 συμμετρῶν
1656 2649 1746 2705 τὸν
1775 2649 1862 2703 λό-

261 2762 365 2814 γον
428 2745 526 2815 τῆς
599 2743 975 2808 διδασκαλίας.
1040 2741 1142 2796 Διὰ
1226 2740 1387 2796 τοῦτο
1470 2743 1686 2809 ἀγνοεῖν
1762 2738 1862 2810 τὴν

263 2837 487 2908 ἡμέραν
551 2835 704 2906 λέγει
752 2838 865 2901 τοῖς
915 2833 1188 2907 μαθηταῖς
1252 2833 1503 2889 ἀτελέσιν
1552 2832 1632 2886 ἔτι
1680 2831 1859 2903 ὑπάρ-

260 2942 480 3000 χουσιν.
1050 2952 1057 2956 ’

596 3014 765 3070 sxz'.
788 3044 859 3057 --
889 3014 1139 3087 ΣιΣιΝιρ
1167 3013 1531 3086 ΣΠΑΘΔΡΙῼ.

344 3109 409 3162 '0
439 3107 642 3161 θλίϐων
675 3123 734 3160 σε
759 3106 997 3177 πονηρὸς
1026 3106 1239 3176 δαίμων
1270 3108 1462 3176 νήφειν
1502 3104 1861 3177 παρασκευά-

260 3202 349 3267 {et
381 3196 711 3269 καὶμᾶλλον
752 3196 889 3268 πρὸς
949 3195 1081 3250 Θεὸν
1147 3194 1539 3266 καταφεύγειν,
1603 3195 1860 3250 κάκεῖθεν

259 3289 610 3348 ἐπισπᾶσθαι
642 3289 740 3353 τὰς
769 3288 1024 3359 βοηθείας
1049 3304 1062 3317 ·
1090 3288 1294 3342 καὶτὸν
1320 3287 1762 3360 ὑπερασπισμόν.
1803 3288 1863 3341 '0

258 3386 373 3458 γὰρ
399 3383 622 3456 βλέπων
656 3382 748 3436 τὸν
787 3380 983 3453 ἐχθρὸν
1034 3379 1341 3450 ἐφεστῶτα,
1384 3381 1733 3452 προστρέχει,
1767 3380 1865 3434 καὶ

263 3480 647 3551 συμπλέκεται
696 3477 775 3548 τῷ
835 3476 1051 3548 βοηθεῖν
1104 3475 1406 3547 δυναμένῳ.
1453 3474 1611 3531 Οὕτω
1639 3495 1741 3532 που
1771 3477 1867 3533 καὶ

261 3571 333 3625 τὰ
359 3573 539 3640 μικρὰ
577 3567 772 3621 παιδία
811 3565 1080 3620 ποιοῦσιν·
1107 3565 1236 3621 ὅταν
1264 3565 1365 3636 μὲν
1399 3563 1487 3639 ἴδῃ
1523 3582 1575 3619 τι
1609 3565 1862 3636 φοϐερὸν,

263 3665 346 3728 εἰς
375 3664 472 3717 τὸν
499 3662 603 3733 τῆς
638 3660 845 3732 μητρὸς
867 3660 1069 3713 κόλπον
1120 3656 1565 3728 καταφεύγοντα,
1616 3659 1713 3715 καὶ
1756 3660 1867 3714 τῶν

460 3771 488 3815 ς
557 3751 795 3823 ἱματίων
873 3748 1371 3820 ὲκκριμασθέντα,
1435 3748 1620 3821 ἔχεται
1686 3750 1866 3805 αὐτῶν

467 3844 553 3910 ὦς,
612 3845 709 3899 καί
757 3861 840 3898 τοι
901 3841 1111 3899 πολλῶν
1158 3840 1529 3899 ἀνθελκόντων
1574 3842 1863 3910 πολλάκις.

265 3940 400 3992 ὅταν
432 3937 491 3991 δὲ
514 3937 679 4009 μηδὲν
691 3937 842 4007 παρῇ
872 3934 979 3988 τῶν
1003 3934 1397 4007 θορυϐούντων,
1424 3935 1546 3989 οὐδὲ
1574 3935 1865 4008 καλούσης,

269 4032 365 4084 καὶ
397 4029 768 4101 ὲφελκομένης
796 4026 899 4099 τῆς
927 4027 1129 4098 μητρὸς
1158 4025 1429 4099 ἀνέχεται,
1475 4026 1612 4082 ἀλλὰ
1640 4014 1734 4083 καὶ
1770 4046 1871 4085 κα-

267 4120 471 4174 λοῦσαν
495 4120 742 4175 ὃιαπτύει
772 4119 872 4190 τὴν
898 4118 1132 4191 μητέρα,
1155 4119 1438 4174 καὶπολλὰ
1470 4120 1870 4193 μηχανωμένην

274 4211 424 4283 πρὸς
458 4210 1422 4287 τὸἀφελκύσασθαι,ἀποστρέφεται,
1456 4214 1553 4267 καὶ
1589 4214 1868 4286 τραπέζης

276 4302 549 4373 κειμένης
577 4306 920 4379 καταφρονεῖ.
961 4304 1194 4375 Μητέρα
1227 4304 1286 4359 δέ
1314 4322 1407 4375 μοι
1453 4304 1549 4360 νῦν
1580 4306 1865 4381 φιλόστορ-

274 4412 382 4464 γον
420 4396 614 4466 νοήσῃς
643 4396 744 4466 τὴν
774 4395 870 4450 τοῦ
903 4395 1041 4450 Θεοῦ
1066 4395 1347 4469 πρόνοιαν.

535 4487 714 4540 mnu
755 4517 826 4527 -
869 4488 1211 4561 creuere
1259 4489 1588 4562 ΔΙΛΚΟΝῼ.

348 4597 371 4631 ι
403 4579 646 4649 Σίδηρον,
671 4579 841 4649 φησὶν
870 4581 899 4633 ὁ
931 4579 1168 4651 ψαλμὸς,
1211 4580 1487 4654 διῆλθενὴ
1523 4581 1676 4655 ψυχὴ
1710 4601 1728 4637 ι
1766 4583 1861 4637 τοῦ

281 4668 510 4736 Ἰωσήφ.
541 4668 771 4740 Σίδηρον
793 4669 920 4740 ἐμοὶ
950 4669 1099 4724 δοκεῖ
1129 4669 1228 4742 τὴν
1279 4671 1553 4742 ἁμαρτίαν
1609 4674 1867 4745 αἰνιγμα-

263 4760 458 4823 τωδῶς
486 4760 684 4830 λέγων,
713 4763 801 4832 ἐφ’
832 4763 902 4834 ἢν
932 4762 1235 4835 παρεκάλει
1257 4763 1349 4817 τὸν
1372 4764 1537 4833 ἁγνὸν
1559 4765 1779 4820 νεανίαν
1810 4767 1871 4821 τδ

265 4851 371 4904 τοῦ
410 4850 690 4925 Πετεφροῦ
714 4852 957 4920 γύναιον.
1016 4853 1245 4926 Σίδηρος
1284 4854 1395 4926 γὰρ
1430 4855 1645 4926 τέμνων
1673 4855 1872 4929 ψυχὴν,

262 4947 372 5002 καὶ
394 4945 656 5011 φονεύων,
691 4948 727 5019 ἡ
754 4947 1002 5018 ἁμαρτία
1035 4946 1265 5011 εἰκότως
1298 4947 1366 5002 ἃν
1385 4932 1599 5019 ῥηθείη.

490 5036 659 5092 ΣΚΘ’.
718 5068 770 5078 -
818 5039 1184 5093 ΣΤΡΑΤΙΩΝΙ
1233 5041 1667 5114 ΙΛΔΟΥΣΤΡΙῼ.

342 5127 525 5208 Τοῦτο
548 5129 917 5201 διεστήκαμεν
935 5132 1047 5186 τῶν
1066 5132 1334 5197 ἀπίστων,
1358 5131 1420 5186 τὸ
1451 5134 1663 5205 κρίσεις
1679 5135 1873 5208 ἑτέρας

262 5222 371 5276 ἐπὶ
407 5206 517 5274 τῶν
541 5222 885 5292 πραγμάτων
934 5221 1080 5293 ἔχειν
1101 5239 1114 5252 ο
1143 5224 1304 5295 ὁρᾷηό
1338 5223 1542 5295 Ἕλλην
1579 5225 1671 5279 τὸν
1713 5206 1877 5298 ούρα-

263 5312 392 5377 νδν,
429 5309 526 5364 καὶ
556 5310 725 5377 σέόει,
753 5312 847 5365 καὶ
876 5312 1106 5383 κέχηνεν
1134 5329 1151 5345 ’
1182 5313 1316 5369 Θεὸν
1341 5313 1452 5386 γὰρ
1489 5311 1629 5370 εἶναι
1659 5317 1873 5387 νομίζει

257 5404 369 5457 τὸν
430 5402 687 5474 οὐρανόν.
758 5403 895 5475 ὐρᾷ
927 5404 1128 5475 Ἕλλην
1164 5404 1265 5476 τὴν
1298 5406 1424 5476 γῆν,
1457 5406 1554 5461 καὶ
1578 5405 1648 5461 τὰ
1682 5407 1876 5474 ὕδατα,

259 5495 372 5548 καὶ
410 5496 728 5565 προσκυνεῖ,
757 5497 853 5549 καὶ
903 5495 1202 5569 θεραπεύει
1236 5497 1307 5551 τὰ
1370 5498 1691 5571 ἀναίσθητα.
1736 5499 1878 5555 Ἀλλ’

260 5584 377 5655 οὐχ
416 5586 580 5655 ἡμεῖς
614 5584 789 5650 οὕτως
816 5601 830 5614 ·
867 5585 944 5657 μὴ
970 5587 1216 5654 γένοιτο’
1256 5587 1370 5641 ἀλλ’
1406 5592 1626 5661 ὁρῶμεν
1662 5590 1754 5645 τὸν
1784 5593 1879 5647 ού-

350 5720 601 5798 ’ζῑειςιι-
656 5720 827 5798 1.,1-8.
902 5722 1148 5798 ξ’ίδενίι.
1185 5741 1307 5791 xm,
1338 5726 1565 5796 passim.
1642 5727 1689 5763 “
1723 5728 1865 5789 Gen.
1917 5744 2117 5798 xxxm,
2162 5728 2248 5784 ll.

267 5796 321 5826 ³⁸
400 5791 552 5850 Psal.
575 5806 682 5862 etv,
715 5793 814 5870 18.9
881 5796 921 5828 ³⁷
953 5796 1089 5855 Gen.
1125 5814 1305 5866 xxxix,
1341 5791 1390 5855 7.

1961 1928 2084 1983 qua:
2108 1913 2361 1983 possides
2395 1931 2412 1981 ;
2446 1921 2504 1968 et
2531 1927 2596 1968 ex
2625 1914 2693 1970 iis
2723 1915 2910 1985 egenis
2940 1930 3005 1970 ac
3048 1916 3388 1986 pauperibus
3416 1917 3561 1969 mul-

1960 2006 2031 2061 tis
2070 2005 2212 2060 hene
2238 2003 2317 2059 ﬁt.
2349 2003 2415 2058 Et
2443 2004 2577 2059 mihi
2605 2017 2741 2061 sane
2786 2006 3103 2076 complaces
3134 2005 3396 2061 beneﬁcia
3420 2020 3559 2061 con~

1965 2096 2168 2161 ferens,
2203 2106 2261 2152 et
2301 2097 2443 2154 bene
2469 2098 2614 2168 apud
2665 2097 2808 2153 alios
2837 2098 3092 2166 audiens,
3124 2106 3179 2154 et
3208 2098 3439 2154 humilia
3481 2100 3555 2155 de

1962 2196 2015 2243 te
2043 2190 2316 2245 sentiens.

2100 2276 2462 2335 ϐρωτι-
2476 2278 2876 2337 THEOPHILO
2924 2280 3432 2340 CANCELLARIO.

2029 2370 2500 2436 Quemadmodum
2535 2387 2649 2428 non
2687 2387 3033 2443 quaecunque
3090 2384 3329 2445 poterat,
3374 2376 3559 2432 omnia

1961 2464 2228 2523 Dominus
2263 2464 2433 2524 Jesus
2460 2469 2894 2539 exsequebatur,
2927 2469 3025 2524 sed
3069 2484 3412 2540 quacunque
3450 2486 3553 2526 vo-

1961 2555 2107 2611 lebat
2155 2556 2483 2612 admiranda
2540 2558 2868 2614 conficiebat
2904 2577 2918 2615 :
2951 2560 3141 2615 eadem
3205 2561 3419 2616 ratione
3450 2576 3561 2617 non

1961 2662 2307 2719 quaecunque
2337 2649 2622 2716 noscebat,
2647 2650 2934 2716 edocebat,
2968 2650 3065 2707 sed
3120 2667 3245 2720 qua:
3301 2668 3406 2709 nos
3449 2652 3567 2708 edi-

1962 2753 2119 2795 scere
2145 2748 2489 2810 poteramus,
2516 2742 2864 2808 enuntiahat,
2902 2757 3225 2797 sermonem
3253 2728 3556 2814 magisterii

1960 2846 2089 2886 eum
2144 2839 2358 2887 naturae
2428 2833 2810 2888 imbecillitate
2844 2849 3197 2891 mensurans.
3251 2835 3553 2907 Propterea

1962 2923 2227 2994 ignorare
2247 2939 2307 2979 se
2326 2924 2592 2989 diem,ait
2614 2925 2907 2996 discipulis
2938 2928 3180 2983 nondum
3210 2931 3471 2999 perfectis
3484 2932 3559 2987 ¹⁸.

2175 3012 2479 3073 CCXXVII.
2515 3045 2586 3055 —
2617 3014 2916 3073 SlSlNNlO
2956 3017 3373 3078 SPATHARIO.

2033 3104 2299 3177 Afﬂigens
2337 3116 2390 3164 te
2420 3118 2656 3178 nequam
2692 3107 2928 3173 dtemou,
2959 3108 3094 3166 facit
3159 3122 3220 3167 ut
3250 3114 3438 3171 sobrie
3472 3133 3561 3171 vi-

1971 3209 2089 3263 vas,
2118 3201 2173 3254 et
2204 3198 2494 3254 ardentius
2524 3197 2591 3253 ad
2613 3197 2785 3254 Deum
2817 3200 3132 3272 confugias,
3184 3202 3423 3276 indeque
3465 3222 3567 3263 au-

1969 3289 2099 3345 xilia
2130 3297 2298 3359 atque
2335 3290 2830 3361 propugnationem
2863 3301 3221 3364 extorqueas.
3267 3295 3373 3364 Qui
3418 3300 3566 3355 enim

1971 3381 2347 3437 imminentem
2371 3382 2747 3439 adversarium
2775 3386 3070 3457 conspicit,
3099 3390 3364 3454 accurrit,
3389 3399 3442 3445 et
3459 3405 3567 3446 una

1969 3488 2096 3528 cum
2124 3488 2211 3540 eo,
2240 3474 2333 3544 qui
2389 3488 2550 3545 opem
2594 3474 2738 3531 ferre
2768 3485 2971 3547 potest,
3002 3480 3215 3537 uniter.
3250 3479 3344 3536 Sic
3393 3483 3565 3537 etiam

1968 3574 2022 3622 et
2050 3564 2290 3623 infantes
2312 3568 2463 3637 pueri
2485 3566 2699 3623 faciunt
2724 3583 2737 3621 :
2768 3583 2894 3622 cum
2915 3569 3252 3627 horrendum
3282 3573 3567 3644 quidpiam

1971 3658 2080 3715 illis
2101 3659 2325 3715 obvium
2362 3660 2441 3723 fit,
2497 3660 2567 3714 ad
2624 3660 2821 3717 matris
2889 3662 3081 3717 sinum
3113 3664 3463 3735 confugiunt,
3513 3675 3569 3721 et

1969 3751 2095 3821 ejus
2132 3750 2475 3807 indumentis
2509 3753 2773 3823 appensi,
2802 3754 3058 3820 ﬁrmiter,
3089 3756 3217 3811 licet
3249 3757 3404 3810 multi
3459 3771 3566 3813 sa:-

1969 3841 2097 3912 pius
2125 3841 2255 3897 inde
2289 3857 2385 3898 eos
2418 3842 2675 3908 avellere,
2699 3844 2794 3900 sed
2817 3844 3048 3909 frustra,
3090 3852 3383 3900 conentur.
3426 3844 3567 3901 Cum

1972 3949 2109 3990 vero
2132 3934 2273 3990 nihil
2301 3935 2480 4001 adest,
2539 3936 2688 4007 quod
2734 3950 2833 3993 eos
2864 3937 3072 4003 turbet,
3106 3940 3274 3993 etiam
3334 3949 3571 3996 vocante

1972 4036 2148 4084 matre
2173 4038 2228 4083 et
2258 4029 2644 4100 pertraheule,
2699 4030 3019 4102 diﬂ‘ugiunt,
3055 4032 3167 4087 imo
3205 4047 3326 4089 eam
3358 4047 3568 4089 vocan-

1970 4127 2078 4176 tem
2101 4128 2488 4186 contemnunt,
2526 4129 2582 4177 et
2610 4121 2679 4175 ab
2703 4136 2768 4177 ea
2798 4122 2927 4179 licet
2957 4122 3129 4177 multa
3165 4123 3232 4177 ad
3269 4138 3364 4180 eos
3394 4131 3570 4179 attra-

1970 4211 2182 4271 hendos
2238 4212 2348 4283 85
2408 4214 2880 4277 comminiscatur,
2916 4223 3265 4281 avertuntur,
3294 4227 3348 4271 et
3402 4217 3568 4272 etiam

1969 4304 2223 4374 apposita
2280 4319 2473 4361 mensa
2522 4311 2904 4360 contemnunt.
2942 4305 3169 4363 Matrem
3199 4319 3384 4365 autem
3419 4324 3570 4366 nunc

1972 4394 2295 4452 benevolam
2326 4395 2425 4450 Dei
2462 4395 2863 4466 providentiam
2911 4396 3271 4454 intellexeris.

2256 4483 3055 4544 CCXXVIIL—EUSTATHIO
3076 4487 3396 4547 DIACONO.

2046 4594 2063 4629 ι
2090 4575 3119 4650 Ferrum,aitpsaltnus”,pertransivit
3149 4579 3386 4639 animam
3410 4597 3431 4631 ι
3479 4577 3573 4635 Jo-

1967 4671 2121 4740 seph.
2149 4668 2399 4734 Ferrum,
2426 4675 2486 4723 ut
2522 4670 2654 4724 mihi
2683 4670 3206 4743 videtur,peccatum
3240 4670 3576 4742 perobscure

1972 4777 2320 4833 nuncupans,
2356 4762 2424 4817 ad
2450 4764 2596 4831 quod
2644 4761 3041 4819 cohortabatur
3070 4771 3287 4819 castum
3314 4765 3571 4835 juvenem

1975 4854 2262 4927 Putiphari
2294 4854 2617 4910 muliercula
2642 4855 2709 4909 ".
2738 4853 2968 4910 Ferrum
3013 4856 3161 4911 enim
3196 4870 3393 4911 secans
3445 4854 3570 4909 ani-

1980 4964 2124 5014 mam
2178 4955 2233 5003 et
2272 4947 2580 5009 trucidans.
2615 4940 2904 5016 peccatum
2958 4962 3067 5002 non
3093 4947 3195 5002 abs
3225 4962 3285 5003 re
3331 4946 3565 5003 dixeris.

2145 5037 2503 5094 CCXXIX.—-
2534 5036 2903 5094 STRATIONI
2931 5037 3317 5093 ILLUSTRIO.

2020 5128 2155 5205 tiioc
2181 5144 2282 5185 nos
2316 5129 2386 5184 ab
2420 5129 2737 5185 infidelibus
2761 5128 3075 5184 diti‘erimus
3101 5169 3117 5193 ,
3145 5129 3291 5200 quod
3328 5145 3416 5187 res
3466 5130 3576 5185 alio

1971 5233 2137 5294 atque
2166 5222 2272 5295 ipsi
2325 5223 2493 5277 modo
2540 5223 2939 5293 dijudicamus.
2971 5220 3137 5277 Videt
3184 5224 3409 5295 gentilis
3455 5235 3575 5278 cm-

1975 5316 2112 5381 lum,
2145 5294 2202 5370 e't
2232 5323 2553 5376 veneratur,
2578 5323 2635 5369 et
2665 5321 2851 5385 stupet
2886 5331 2900 5368 :
2928 5329 3056 5369 nam
3088 5294 3261 5370 Deum
3292 5329 3425 5371 esse
3460 5324 3577 5369 cut-

1985 5404 2097 5460 lutn
2130 5404 2433 5460 existimat.
2488 5401 2650 5459 Videt
2705 5411 2907 5458 terram
2943 5410 3000 5457 et
3027 5417 3226 5473 aquas,
3253 5409 3308 5458 et
3351 5400 3573 5461 adorat,

1987 5497 2267 5568 rebusque
2321 5496 2471 5551 omni
2514 5511 2682 5553 sensu
2740 5494 3023 5552 destitutis
3086 5495 3293 5550 cultum
3328 5492 3575 5549 exhibet.

1984 5588 2098 5647 Nos
2129 5605 2261 5646 vero
2309 5605 2416 5645 non
2453 5590 2549 5644 ita.
2586 5588 2743 5644 Absit
2779 5589 2792 5642 l
2832 5585 2938 5644 Sed
2991 5586 3242 5644 videmus
3272 5586 3498 5652 ctelum,
3524 5591 3581 5639 et

2362 5728 2409 5760 "
2439 5723 2635 5782 Matth.
2681 5742 2830 5794 xxiv,
2868 5725 2960 5792 '56,
3010 5723 3178 5781 Marc.
3241 5737 3364 5790 xm,
3417 5719 3507 5777 33.
3601 5799 3615 5820 ‘

3989 290 3991 433 Ψ

3989 1292 3991 1413 l
