4012 6196
306 263 417 330 169

1573 266 2105 327 EPISTOLARUM
2144 264 2290 323 LIB.
2322 263 2372 324 Ι.

3479 259 3576 328 170

308 381 494 452 κρύων
520 378 740 446 γέγονεν
773 378 804 446 ἡ
837 375 980 447 ὑγρά
1008 377 1184 436 οὐσία.
1221 379 1625 448 παρερχόμενος
1659 395 1742 440 τις
1774 377 1882 430 τῶν

2007 391 2262 445 superque
2319 375 2714 440 illacrymatam
2755 374 2946 437 fuisse,
2983 383 3037 429 et
3089 390 3150 429 ex
3192 375 3336 430 illius
3396 377 3576 448 lacry-

308 471 624 556 ima-ripa)“
643 467 905 535 ἀδελφῶν,
969 467 1217 538 ἠρώτησέ
1273 486 1353 531 σε,
1397 469 1449 521 εῖ
1478 487 1540 537 γε
1587 469 1764 522 πάντα
1792 468 1886 522 καὶ

307 567 378 620 τά
408 561 648 634 ἁλμυρὰ,
687 564 780 628 καὶ
818 564 883 614 τά
925 561 1126 628 γλυκέα
1177 561 1344 614 ὕδατα
1376 565 1439 614 ἐκ
1488 562 1596 614 τῶν
1633 560 1884 630 δακρύων

309 659 409 725 τῆς
434 641 690 723 unum
721 651 952 721 ὑπέστη·
989 651 1052 702 σὺ
1077 651 1120 704 δ’
1143 653 1424 721 ἀπορήσας
1449 653 1641 714 εἰπεῖν,
1662 651 1886 721 διωρίαν

313 746 606 815 ἐξῄτησας.
642 745 735 796 καὶ
778 743 940 812 μέχρι
987 738 1078 792 νῦν
1117 742 1398 811 προελθεῖν
1439 744 1537 794 οὐκ
1563 741 1886 810 ἐτόλμησας,

317 839 392 906 μὴ
419 837 558 904 έχων
585 833 767 886 δοῦναι
800 832 975 898 λόγον.
1000 831 1191 900 ⁹Ημεῖς
1217 832 1274 884 δὲ
1294 831 1644 899 γελάσαντες,
1670 831 1890 900 ψεῦσμα

315 927 391 997 τῷ
413 926 624 995 ψεύστῃ
650 923 853 991 γελοῖον
893 923 1260 991 φθεγξόμεθα,
1320 921 1456 992 πρὸς
1485 922 1544 974 τὸ
1572 921 1894 992 παραμυοή-

318 1018 514 1072 σασῦαι
545 1019 642 1085 τὴν
670 1015 903 1084 ἀπορίαν
924 1014 1115 1066 αὐτοῦ·
1152 1016 1320 1083 ἐχρῆν
1345 1014 1452 1081 γάρ
1489 1029 1546 1064 σε
1584 1011 1894 1079 ἀπαντῆσαι

317 1110 568 1176 λέγοντα..
603 1108 682 1158 ὅτι
717 1107 783 1159 τά
815 1106 910 1174 μὲν
940 1105 1112 1174 πικρά
1133 1105 1233 1173 τῆς
1259 1105 1604 1175 ἀνυπάρκτου
1639 1102 1893 1173 Ἀχαμὼθ

316 1201 547 1270 δάκρυα,
599 1198 698 1260 τὰς
744 1196 992 1267 ἁλμυράς
1055 1195 1326 1250 Θαλάσσας
1379 1196 1682 1263 ὑπέστησεν
1722 1194 1796 1254 ὡς
1837 1192 1898 1256 ἐξ

297 1292 509 1362 ,ὀδύνης
571 1291 665 1342 καὶ
715 1287 1030 1360 δριμυγμοῦ
1093 1287 1277 1339 ἱκανοῦ
1330 1287 1681 1356 προχεοέντα.
1725 1287 1783 1338 Ὀ
1842 1286 1898 1338 δὲ

323 1385 484 1455 ἱδρὼς
511 1385 609 1452 τῆς
644 1381 989 1451 ταλαιπώρου
1027 1377 1285 1448 γυναικὸς
1328 1379 1510 1447 πηγὰς
1548 1377 1895 1447 ὲξηρεύξατο,

322 1478 421 1529 καὶ
457 1474 752 1543 ποταμοὺς,
808 1474 901 1525 καί¹
952 1473 1185 1542 φρέατα,
1234 1471 1428 1540 λίμνας
1459 1486 1517 1521 τε
1565 1469 1746 1522 καὶτά
1773 1468 1900 1538 ἑξῆς

323 1569 554 1637 γλυκέα.
580 1568 760 1620 Ταῦτα
794 1566 931 1637 πρὸς
989 1566 1079 1616 τὸν
1145 1564 1235 1616 σὸν
1267 1564 1428 1634 λῆρον
1468 1561 1769 1630 γελοιωδῶς
1813 1562 1901 1614 λέ-

326 1677 517 1728 γομεν.

641 1835 805 1889 mea
835 1863 902 1873 -
936 1832 1222 1903 ΕΥΣΕΒΙῼ
1263 1832 1586 1902 anno-No.

397 1927 576 1982 Πολλά
627 1931 655 1980 ὁ
695 1926 825 1989 Θεὸς
848 1925 1148 1994 λεληθότως
1193 1923 1483 1994 ἐργάζεται
1519 1923 1648 1992 πρὸς
1683 1922 1743 1974 τὸ
1767 1938 1902 1990 συμ-

327 2021 487 2088 φέρον
512 2021 671 2087 ἡμῖν,
703 2016 804 2069 κᾶν
865 2013 1165 2084 σκυθρωπά
1215 2012 1347 2082 δοκῇ
1378 2011 1443 2064 τά
1507 2011 1901 2080 συμπίπτοντα.

338 2109 531 2180 Ἡμεῖς
565 2109 621 2162 δὲ
656 2108 744 2160 τὸν
791 2106 946 2174 λύγον
1009 2106 1116 2158 τῶν
1179 2103 1598 2174 συμπτωμάτων
1638 2103 1696 2154 οὐ
1749 2101 1906 2154 πολυ-

330 2198 755 2270 πραγμονοῦμεν
810 2197 883 2258 ὡς
910 2195 1090 2248 πιστοὶ
1148 2194 1243 2246 καὶ
1288 2193 1498 2262 γνήσιοι
1534 2191 1758 2244 οἰκέται.
1810 2192 1905 2242 Ἕν

327 2294 438 2360 γὰρ
497 2292 654 2360 μόνον
710 2289 815 2360 χρὴ
873 2286 1185 2350 πεπεῖσθαι,
1247 2287 1327 2338 ὅτι
1377 2284 1782 2353 συμφερόντως,
1813 2282 1905 2335 καὶ

326 2384 625 2453 ὠφελίμως
659 2384 786 2452 ἡμῖν
818 2381 1030 2434 ἅπαντα
1087 2379 1409 2449 ἐπιφέρεται
1462 2376 1612 2446 παρὰ
1652 2374 1740 2427 τοῦ
1773 2392 1904 2444 προ-

327 2475 522 2544 νοητοῦ
558 2473 664 2524 τῶν
704 2473 990 2542 ἡμετέρων
1039 2471 1248 2540 ψυχῶν,
1283 2470 1374 2523 τὸν
1401 2468 1457 2521 δὲ
1480 2468 1680 2537 τρόπον
1708 2465 1905 2536 μηκέτι

329 2567 535 2636 ζητεῖν.
558 2567 696 2634 μήτε
723 2564 1052 2632 ἀγνοοῦντας
1081 2562 1389 2632 ἀσχάλλειν,
1427 2561 1522 2614 καὶ¹
1545 2561 1794 2628 ἀθυμεῖν·
1814 2558 1904 2609 ού·-

328 2654 384 2706 δὲ
408 2658 516 2725 γὰρ
548 2654 814 2706 λυσιτελεῖ
843 2654 903 2704 τὸ
948 2652 1296 2716 ἐπίστασθαι,
1329 2651 1388 2704 τὸ
1429 2651 1527 2720 μὲν
1573 2647 1661 2701 διά
1689 2647 1749 2699 τὸ
1777 2645 1907 2716 Ονη-

331 2750 460 2808 τοὺς
487 2743 649 2806 εἶναι,
696 2745 756 2796 τὸ
787 2745 844 2796 δὲ
874 2743 962 2795 διά
988 2743 1048 2795 τὸ
1080 2743 1315 2805 εὐκόλως
1362 2741 1497 2811 πρὸς
1531 2741 1698 2808 τῦφον
1737 2737 1905 2806 ἡμᾶς,

334 2843 428 2894 καὶ
464 2839 723 2891 ἁπὸνοιαν
755 2837 872 2905 αἶρε
883 2834 1023 2887 σθαι.

624 2927 802 2991 ΣΑςν.
834 2954 900 2964 .-
923 2923 1214 2994 xootauo
1248 2923 1608 2994 ΣΧΟΑΑΡΙῼ.

405 3021 470 3074 Ei
499 3020 568 3071 τὰ
597 3017 671 3087 μὴ
703 3016 830 3068 ὄντα
865 3017 1010 3066 ποιεῖ
1062 3012 1311 3080 γενέσθαι
1347 3013 1496 3076 Θεὸς,
1531 3016 1764 3081 καὶτοῖς
1796 3033 1900 3088 μη-

328 3109 507 3179 δαμοῦ
539 3104 797 3177 μηδαμῶς
816 3101 1157 3172 φαινομένοις
1174 3100 1452 3170 χαρίζεται
1473 3097 1699 3168 τὸεῖναι,
1731 3105 1911 3174 πολλῷ

327 3202 538 3272 μᾶλλον
567 3199 635 3251 τά
652 3197 783 3249 ὄντα
809 3192 1216 3264 ἀνορθώσασθαι
1245 3192 1486 3245 δύναται.

819 3293 978 3344 ΣΛΖ’.
1008 3320 1061 3329 -
1111 3288 1193 3354 Τῷ
1234 3288 1415 3354 αὐτῷ.

414 3389 475 3440 Ὀ
513 3385 588 3456 μὴ
638 3382 950 3453 προσδοκῶν
988 3380 1213 3443 εὐθύνας
1257 3380 1471 3448 ὑφέξειν
1509 3378 1617 3431 τῶν
1657 3396 1911 3449 πεπραγ-

329 3479 516 3548 μένων
545 3474 715 3542 αὖτῷ,
741 3473 953 3534 πάντως
989 3473 1166 3540 πάσης
1190 3471 1388 3534 κακίας
1427 3471 1733 3538 ἀνθέξεται.

849 3564 1016 3615 ΣᾹΗ¹.
1040 3591 1104 3602 -ο
1136 3561 1219 3626 Τῷ
1261 3562 1439 3627 αὐτῷ.

418 3658 475 3711 ’0
525 3657 727 3725 Κύριος
751 3655 924 3725 ἡμῶν’
946 3653 1149 3723 Ἰησοῦς
1183 3655 1412 3724 Χριστος
1440 3657 1502 3724 τῇ
1543 3655 1794 3725 πτωχείᾳ
1820 3655 1913 3706 τὸν

335 3746 688 3819 μακαρισμὸν
721 3745 1115 3814 ἀπεκλήρωσεν
1142 3759 1155 3772 ·
1193 3744 1326 3812 μόνη
1357 3745 1465 3814 γὰρ
1500 3744 1638 3812 αῦτη
1668 3740 1778 3796 οἵδε
1812 3760 1909 3812 τη-

337 3843 457 3909 ρεῖν
496 3839 560 3890 τά
589 3839 760 3908 μέτρα
804 3840 901 3905 τῆς
949 3834 1294 3905 ἀνθρωπίνης
1331 3835 1724 3904 ταλαιπωρίας,
1770 3838 1915 3903 μισεῖ

335 3933 436 3984 τὸν
485 3931 668 3999 ὄγκον,
731 3929 1009 3981 συστέλλει
1044 3929 1103 3980 τὸ
1159 3928 1433 3998 φρόνημα,
1480 3929 1725 3979 ταπεινοῖ
1764 3926 1911 3994 λογι-

339 4023 536 4088 σμοὺς,
557 4021 964 4091 ὑπερηφάνειαν
985 4017 1323 4086 αἰσχύνεται,
1342 4018 1527 4086 βλέπει
1557 4015 1652 4068 τοῦ
1691 4017 1803 4087 βίου
1827 4016 1914 4070 τὸν

347 4112 658 4179 ἄνθρωπον,
716 4113 809 4165 καὶ
866 4109 1042 4162 πείθει
1073 4108 1279 4172 λαοεῖν,
1340 4109 1426 4159 ἵνα
1463 4108 1537 4178 μὴ
1562 4107 1701 4179 λάθῃ
1744 4107 1915 4171 σωζό-

349 4217 537 4270 μενος.

563 4293 716 4346 mea
743 4325 808 4333 —
827 4292 1181 4361 ΣΩΣᾹΝΔΡῼ
1233 4291 1737 4361 ΠΡΙΜΙΣΚΡίΝΙῼ.

1989 467 2093 521 mis
2176 467 2486 520 universam
2599 481 2862 534 aquarum
2950 466 3310 521 substantiam
3395 477 3578 522 ortum

1989 557 2255 620 duxisse;
2286 559 2524 622 interim,
2575 558 2702 610 dum
2730 559 3002 626 quispiam
3059 575 3121 613 ex
3154 559 3359 613 nostris
3390 561 3579 614 fratri-

1992 647 2093 701 bus
2147 648 2700 716 praetergrederetur,
2757 648 3053 714 postulavit
3107 663 3137 701 a
3199 657 3401 728 te,.an
3457 664 3576 702 0m—

1995 755 2089 792 nes
2104 739 2261 792 salsa
2276 747 2332 793 et
2348 739 2534 793 dulces
2559 753 2709 807 aquae
2727 754 2791 792 ex
2814 738 3112 792 Achamoth
3129 739 3384 809 lacrymis
3402 741 3579 794 corri-

1993 841 2131 884 vata:
2165 831 2274 884 sint
2299 831 2322 883 ‘2
2350 830 2401 883 Id
2436 846 2558 884 cum
2592 831 2888 894 nescisses,
2916 838 3131 899 tempus
3148 832 3214 885 ad
3241 834 3578 901 responden-

1995 921 2124 975 dum
2161 923 2392 993 petiisti,
2430 930 2483 976 et
2542 923 2850 992 usquedum
2908 923 3206 993 procedere
3243 939 3354 978 non
3405 928 3577 980 audes

1997 1030 2120 1068 cum
2148 1015 2360 1070 ratione
2379 1016 2719 1070 destituaris.
2747 1015 3134 1070 Verumtamen
3154 1030 3256 1070 nos
3282 1016 3393 1070 risu
3411 1018 3576 1080 edito,

2001 1106 2348 1159 mendacium
2384 1107 2655 1170 mendaci,
2690 1106 2783 1162 sed
2812 1107 3125 1170 ridiculum,
3156 1107 3222 1160 ad
3257 1107 3402 1161 illius
3423 1107 3580 1176 adju-

1997 1195 2228 1249 vandam
2254 1197 2649 1251 hmsitationem
2675 1198 2728 1250 in
2757 1198 2994 1250 medium
3029 1195 3388 1265 proferamus.
3414 1195 3582 1250 Nam—

1999 1302 2105 1355 que
2149 1288 2588 1354 respondendum
2625 1287 2719 1340 tibi
2772 1297 2890 1340 erat
2920 1302 3136 1342 amaras
3170 1303 3290 1356 qua:
3318 1288 3467 1341 nulla
3498 1298 3580 1342 est

1999 1378 2301 1431 Achamoth
2328 1379 2442 1448 88
2469 1379 2735 1449 lacrymas
2781 1379 2927 1433 salsa
2960 1379 3134 1432 maria
3167 1394 3578 1449 progenerasse,

2003 1478 2263 1538 tanquam
2295 1486 2416 1539 quae
2445 1487 2512 1524 ex
2542 1473 2729 1525 dolore
2764 1479 2818 1525 et
2851 1471 3188 1526 laceratione
3219 1472 3405 1526 elinsae
3428 1480 3577 1526 sunt.

2005 1562 2112 1618 Sed
2145 1563 2396 1617 sudorem
2427 1565 2573 1618 illius
2611 1564 2834 1618 misella:
2859 1564 3127 1629 mulieris,
3157 1562 3359 1628 fontes,
3392 1574 3447 1619 et
3481 1563 3582 1617 llu-

2006 1655 2150 1718 vios,
2165 1663 2218 1708 et
2238 1664 2454 1724 puteos,
2487 1664 2539 1709 et
2560 1657 2729 1719 lacus,
2749 1655 3054 1725 etreliquas
3071 1655 3258 1709 dulces
3279 1671 3449 1726 aquas
3464 1673 3585 1711 erud

1932 1742 1972 1794 Β
2003 1753 2208 1801 ctasse.
2240 1745 2365 1800 llaec
2398 1748 2461 1800 ad
2501 1757 2621 1801 tuas
2647 1747 2878 1816 ineptias
2909 1763 3019 1802 non
3052 1748 3170 1803 sine
3201 1749 3312 1804 risu
3327 1748 3582 1806 dicimus

2239 1854 2542 1910 CCXXXV.
2575 1887 2644 1897 ——
2675 1856 2969 1912 EUSEBIO
3005 1858 3326 1915 DIACONO.

2075 1946 2342 2016 Pleraque
2371 1948 2516 2004 Deus
2576 1950 2804 2004 latenter
2833 1950 2899 2003 ad
2962 1952 3255 2006 utilitatem
3313 1962 3582 2017 nostram,

2007 2037 2137 2090 licet
2193 2039 2376 2091 tristia
2429 2055 2550 2108 qua:
2598 2051 2901 2094 occurrunt
2932 2041 3242 2106 videantur,
3299 2055 3582 2113 operatur.

2005 2127 2118 2182 Nos
2146 2145 2275 2184 vero
2307 2140 2601 2184 eventuum
2651 2147 2876 2197 causas,
2907 2135 3070 2187 veluti
3102 2134 3289 2189 ﬁdeles
3319 2149 3384 2190 ac
3441 2138 3585 2193 servi

2006 2221 2277 2288 germani,
2310 2221 2588 2276 curiosius
2642 2236 2748 2275 non
2790 2223 3178 2287 disquirimus.
3221 2225 3354 2278 Nam
3415 2243 3586 2282 unum

2009 2317 2223 2362 tantum
2294 2310 2632 2365 credendum
2677 2312 2840 2368 nobis
2875 2322 2982 2378 est,
3037 2330 3379 2386 quaecunque
3427 2318 3588 2372 nobis

2009 2399 2330 2462 adveniunt,
2357 2402 2542 2455 omnia
2603 2404 2818 2458 utiliter
2853 2420 2917 2459 ac
2955 2407 3378 2461 conducibiliter
3415 2423 3443 2461 a
3485 2423 3584 2462 no-

2009 2500 2246 2545 strarum
2281 2492 2586 2546 animarum
2624 2508 2875 2551 curatore
2897 2499 3206 2566 provenire.
3238 2498 3348 2553 Nec
3391 2502 3587 2555 modus

2011 2584 2158 2636 ultra
2194 2584 2524 2652 quzerendus
2553 2593 2661 2649 est,
2721 2603 2921 2656 neque,
2959 2589 3004 2642 si
3038 2589 3188 2642 illum
3242 2591 3584 2656 nesciamus,-

2012 2675 2136 2743 angi
2175 2674 2533 2743 iudolereque
2564 2676 2792 2743 animo;
2824 2679 2972 2733 illius
3037 2679 3182 2733 enim
3235 2682 3462 2736 scientia
3503 2683 3586 2736 ni-

2012 2764 2090 2818 hil
2117 2765 2396 2827 conducit,
2434 2772 2548 2818 tum
2579 2767 2724 2834 quod
2755 2769 3019 2823 mortales
3047 2785 3260 2834 sumus,
3288 2779 3399 2824 tum
3441 2773 3587 2842 quod

2013 2856 2174 2910 facile
2205 2856 2462 2923 superbia
2496 2856 2848 2923 acjactantia
2885 2858 3157 2914 inﬂamur.

2189 2941 2594 2996 CCXXXVI.—
2621 2943 2960 2999 SOPHIANO
2993 2945 3404 3005 SCHOLANO.

1937 3068 1984 3129 ε
2087 3033 2142 3089 Si
2172 3050 2236 3090 ea
2263 3051 2383 3104 quae
2425 3051 2535 3090 non
2579 3045 2727 3101 sunt,
2766 3036 2896 3091 facit
2937 3046 2999 3091 ut
3027 3039 3178 3103 lianl,
3211 3040 3372 3108 Deus,
3405 3052 3459 3099 et
3494 3045 3585 3112 iis,

2013 3125 2107 3194 qui
2163 3126 2311 3179 nulla
2374 3126 2626 3197 nuspiam
2683 3138 2971 3197 apparent,
3004 3137 3065 3184 ut
3113 3131 3248 3195 sint,
3295 3136 3584 3206 elargitur,

2013 3216 2184 3270 multo
2217 3217 2410 3273 melius
2444 3234 2506 3273 ea
2531 3233 2653 3287 qua:
2680 3228 2830 3281 sunt,
2867 3221 3156 3278 sublevare
3185 3227 3408 3292 poterit.

2464 3309 2887 3364 CCXXXVIl.-—-
2914 3310 3122 3367 Eidem.

2081 3397 2184 3464 Qui
2222 3414 2329 3452 non
2371 3409 2652 3470 exspectat
2683 3416 2862 3455 rerum
2896 3417 2927 3456 a
2969 3420 3029 3458 se
3067 3415 3343 3474 gestarum
3378 3422 3586 3476 poenas,

2015 3504 2097 3543 ure
2131 3490 2224 3544 ille
2264 3491 2578 3545 universam
2617 3492 3024 3560 improbitatem
3055 3498 3438 3565 amplectetur.

2371 3581 2484 3651 89
2514 3580 2890 3637 (lC-XXXVIII.
2926 3615 3000 3628 ——
3037 3586 3244 3641 Eidem.

2002 3729 2004 3731 ς
2090 3670 2356 3725 Dominus
2391 3683 2578 3726 noster
2607 3673 2768 3728 Jesus
2798 3677 3055 3730 Christus
3078 3679 3385 3745 paupertati
3416 3679 3588 3732 beati-

2015 3759 2256 3813 tudinem
2299 3760 2630 3813 attribuit”.
2666 3759 2791 3814 Sola
2825 3764 3023 3816 etenim
3057 3763 3174 3830 ipsa
3218 3766 3449 3818 misi-ria:
3482 3767 3584 3818 hu-

2016 3864 2193 3902 mana:
2227 3851 2450 3904 modum
2487 3863 2799 3916 prmservat,
2835 3864 3103 3905 tumorem
3134 3852 3266 3916 odit,
3286 3858 3586 3924 compescit

2012 3940 2358 4008 jactantiam,
2394 3946 2758 4014 cogitationes
2795 3945 3056 4010 demittit,
3089 3947 3402 4016 superbiam
3446 3963 3583 4002 con-

2018 4030 2222 4093 fundit,
2265 4035 2433 4087 vitam
2481 4035 2717 4090 hominis
2755 4037 3032 4099 observat,
3084 4037 3486 4108 persuadetque
3528 4049 3588 4092 ut

2017 4125 2250 4194 quilibet
2274 4126 2460 4189 lateat,
2487 4143 2553 4182 ne
2575 4129 2744 4182 lateat
2774 4128 2904 4181 dum
2932 4129 3198 4184 salvatur.

2123 4299 2452 4354 CCXXXIX.
2495 4332 2561 4341 -—
2603 4301 2966 4359 SOSANDRO
3005 4303 3496 4385 PRlililSCRlNIO.

422 4381 626 4452 Ὠσπερ
667 4382 1024 4443 ἀδιαλείπτως
1055 4379 1396 4450 ἀναπνέομεν
1428 4380 1518 4434 τὸν
1550 4382 1707 4450 ἀέρα,
1739 4378 1906 4443 οὕτως

2094 4391 2563 4457 Quemadmodum
2627 4394 2995 4450 indesinenter
3055 4413 3235 4452 aerem
3295 4378 3601 4468 spiramus,-

335 4475 701 4538 ἀδιαλείπτως
751 4474 1036 4543 ὀφείλομεν
1092 4473 1182 4525 τὸν
1223 4472 1426 4540 Κύριον
1489 4474 1660 4524 αἰνεῖν
1721 4489 1778 4524 τε
1821 4473 1915 4524 καὶ

334 4569 549 4632 ὑμνεῖν,
573 4565 678 4617 κᾶν
711 4565 770 4616 ἐν
795 4565 943 4633 μέσῳ
964 4565 1301 4634 πραγμάτων
1327 4563 1712 4633 στρεφώμεθα.
1745 4562 1918 4614 Δύνα-

331 4672 430 4707 τειι
482 4657 590 4724 γάρ
641 4659 669 4708 ὀ
729 4656 1009 4725 φρόνιμος,
1064 4657 1156 4707 καὶ
1191 4654 1441 4723 οεοιριλὴς
1491 4653 1615 4715 νοῦς
1653 4653 1915 4722 διηκενῶς

332 4747 563 4815 μνήμην
595 4746 792 4810 σώζειν
822 4746 915 4799 τοῦ
969 4747 1284 4808 κτίσαντος.
1317 4765 1333 4796 ι
1386 4745 1694 4815 Ἐμνήσοην
1739 4746 1868 4816 γάρ,
1892 4764 1910 4796 ι

331 4839 504 4904 φησὶν
536 4839 564 4888 ὀ
599 4837 782 4900 Δαυῗδ,
814 4857 832 4889 ι
856 4839 947 4890 τοῦ
983 4837 1140 4902 Θεοῦ,
1173 4840 1263 4891 καὶ
1291 4838 1626 4908 ηὐφράνθην.
1659 4857 1676 4887 ι
1717 4839 1779 4891 El
1807 4839 1917 4890 τοί-

327 4944 437 4980 νυν
462 4929 494 4994 ἡ
533 4928 624 4980 τοῦ
649 4929 918 4981 Δεσπότου
964 4931 1148 4999 μνήμη
1176 4928 1514 5000 εὐφροσύνην
1551 4931 1773 4998 ἐμποιεῖ
1796 4933 1916 4992 ταῖς

329 5019 637 5090 ἡμετέραις
663 5021 883 5090 ψυχαῖς,
925 5021 999 5092 μὴ
1031 5025 1459 5092 κατοκνήσωμεν
1488 5019 1783 5074 ἀπολαύειν
1814 5021 1913 5090 τῆς

331 5113 562 5181 μνήμης
607 5112 704 5164 τοῦ
733 5113 890 5167 θεοῦ.

849 5207 980 5260 ΣΜ¹.
1010 5237 1080 5248 -σ
1109 5205 1192 5270 Τῷ
1223 5205 1402 5270 αὐτῷ.

418 5317 438 5347 α
475 5302 682 5353 Αἰνεῖτε
709 5299 894 5362 αὑτὸν,
933 5300 1118 5368 φησὶν,
1151 5300 1207 5350 ὲν
1231 5297 1465 5366 χορδαῖς,
1500 5296 1592 5348 καὶ
1619 5296 1853 5366 ὀργάνῳ.
1892 5313 1912 5347 ι

333 5388 550 5462 Χορδαὶ
597 5391 818 5453 πλείους
855 5392 1130 5461 ἁρμονίως
1181 5388 1606 5457 συντεθειμέναι,
1643 5388 1738 5440 καὶ
1784 5405 1916 5456 μου·

337 5481 516 5544 σικῶς
547 5483 748 5554 ἑκάστη
805 5485 863 5535 ὲν
896 5481 1071 5551 οἰκεία
1100 5481 1254 5551 χώρα
1283 5479 1612 5548 τεταγμένη,
1645 5479 1700 5530 αἱ
1727 5478 1918 5530 πολλαί

425 5649 467 5680 ²⁹
519 5659 705 5714 Matth.
744 5678 796 5724 ν,
827 5663 878 5714 5.
958 5663 1001 5693 ³³
1027 5661 1167 5715 Psal.
1215 5678 1394 5724 Lxxvl,
1437 5663 1486 5714 4.
1567 5663 1604 5692 ³¹
1639 5660 1783 5713 l’sal.
1821 5673 1906 5722 CL,
1931 5659 1983 5714 4.

672 5754 941 5813 ΡΑτιιοι..
991 5756 1106 5812 (in.
1161 5755 1447 5814 LXXIX.

2019 4485 2095 4537 ita
2126 4486 2288 4538 etiam
2343 4485 2718 4540 indesinenter
2748 4487 3007 4542 debemus
3052 4487 3338 4542 Dominum
3379 4491 3594 4559 hymnis

2021 4576 2267 4641 laudare,
2303 4577 2431 4630 licet
2466 4576 2609 4648 inter
2645 4579 2860 4646 negotia
2896 4579 3312 4633 concludamur.
3346 4579 3594 4636 Prudens

2021 4669 2166 4721 enim
2211 4684 2273 4720 ac
2309 4668 2395 4735 pia
2442 4684 2598 4723 mens
2653 4671 2736 4723 sui
2765 4671 3048 4725 Creatoris
3101 4679 3277 4739 potest
3331 4671 3594 4725 continuo

2021 4771 2241 4810 servare
2279 4760 2595 4812 memoriam
2625 4776 2639 4822 ;
2677 4775 2800 4812 nam
2839 4779 2850 4812 :
2890 4778 2907 4809 ‹
2935 4758 3276 4813 Recordatus
3306 4776 3481 4825 sum,»
3517 4762 3594 4814 ait

2023 4847 2218 4911 David,
2257 4866 2273 4898 ι
2297 4848 2412 4911 Dei,
2457 4860 2508 4902 et
2542 4851 2757 4903 laetatus
2783 4865 2901 4904 sum
2919 4851 2984 4901 ³ο.
3027 4869 3046 4901 ι
3085 4849 3272 4918 Itaque
3296 4853 3340 4905 si
3377 4850 3591 4906 Domini

2023 4939 2288 4992 memoria
2327 4939 2566 4992 laetitiam
2608 4941 2765 4996 ail'crt
2799 4941 3089 4996 animabus
3127 4943 3352 5008 nostris,
3393 4958 3459 4997 ne
3495 4961 3592 4999 ne-

2020 5030 2293 5099 gl-igamus
2329 5031 2490 5085 nobis
2521 5035 2800 5087 memoria:
2831 5033 3026 5087 divina-
3065 5032 3252 5088 aﬂines
3274 5050 3416 5090 esse.

2550 5209 2744 5262 CCXL.
2781 5240 2850 5248 —
2883 5209 3084 5263 Eidem.

2107 5317 2126 5348 (
2156 5297 2398 5352 Laudate
2429 5315 2576 5361 eum,
2606 5301 2803 5370 inquit,
2831 5302 2884 5354 in
2920 5302 3142 5356 chordis
3163 5311 3216 5357 et
3241 5318 3448 5373 organo
3477 5306 3542 5357 ³³.
3574 5325 3592 5355 ι

2028 5385 2256 5440 Chorda:
2288 5387 2493 5456 plures,
2536 5397 2593 5442 ut
2624 5389 2907 5442 harmonia
2952 5391 3214 5460 postulat,
3254 5395 3595 5462 composita.

2027 5488 2082 5535 et
2122 5481 2331 5534 musice
2373 5496 2714 5555 unaquaeque
2754 5484 2979 5554 proprio
3030 5484 3081 5537 in
3137 5484 3259 5538 loco
3302 5486 3608 5556 disposita,
