3970 6220
457 331 547 395 171
1951 325 2012 382 Β.
2040 321 2199 380 NILI

3605 315 3704 377 1'72

455 450 623 502 multa
671 447 760 499 Dei
811 451 1076 513 prmeepta
1127 449 1290 504 sunt,
1348 449 1402 496 et
1445 442 1514 496 de
1567 441 1730 494 rebus
1774 437 2027 508 plurimis

2143 436 2265 486 εἰσιν
2315 435 2526 486 ἐντολαὶ
2580 431 2670 485 τοῦ
2710 433 2864 497 Θεοῦ,
2904 433 2992 484 καὶ
3027 432 3092 484 τὰ
3126 431 3252 500 περὶ
3289 431 3549 482 πλειόνων
3581 431 3707 498 δόγ-

454 543 726 608 dogmata,
762 548 881 603 qum
921 532 1053 584 nihil
1090 531 1232 585 inter
1268 545 1326 584 se
1358 530 1641 585 dissonum
1679 527 1974 583 includunt
2009 544 2020 578 :

453 638 507 683 at
545 639 806 696 organum
840 625 950 677 haec
975 622 1158 676 omnia
1182 623 1477 677 continens
1496 628 1582 677 est
1600 619 1806 676 Christi
1837 632 2028 672 amans

455 717 720 788 sapientis
753 717 955 769 anima.

1053 809 1163 878 9o
1199 806 1424 862 ccxu.

527 899 701 954 Divini
729 898 982 967 praecepti
1020 895 1334 950 obedientia
1367 894 1433 948 ad
1460 893 1625 946 vitam
1657 902 1708 946 et
1741 890 2026 944 immorta-

457 993 660 1044 litatem
717 987 1117 1058 elargiendam,
1165 984 1536 1039 inobedientia
1584 983 1649 1036 ad
1705 990 1932 1033 mortem
1976 983 2030 1029 et

455 1081 868 1151 corruptionem
915 1089 1041 1132 nata
1073 1088 1176 1132 e5t.
1208 1077 1343 1130 Cum
1387 1077 1570 1144 itaque
1605 1071 1800 1132 Adam,
1842 1077 2028 1138 spreto

459 1175 590 1236 Deo,
629 1170 965 1226 cornedendo
989 1167 1136 1238 quod
1168 1169 1392 1221 vetitum
1421 1165 1617 1226 fuerat,
1640 1173 1870 1216 mortem
1899 1173 2029 1212 con-

455 1265 714 1319 traxisSet
741 1265 805 1326 3*,
833 1264 952 1315 ideo
981 1260 1122 1314 Dens
1146 1275 1269 1314 cum
1299 1257 1486 1334 tunica
1510 1255 1734 1326 pellieea
1760 1251 1938 1305 induit
1961 1249 2026 1312 ³³,

458 1370 515 1412 ut
551 1357 956 1418 recordaretur,
993 1369 1090 1407 nec
1121 1354 1175 1406 itt
1205 1351 1541 1405 oblivionem
1581 1349 1789 1400 veniret
1821 1343 2030 1398 erroris

459 1450 664 1519 proprii
698 1457 752 1502 et
785 1446 1162 1506 mortalitatis,
1188 1459 1351 1512 quant
1392 1443 1509 1512 ipse
1540 1455 1639 1494 sua
1664 1447 1860 1506 sponte
1891 1450 2029 1488 con-

459 1549 722 1600 traxerat,
765 1548 812 1592 et
867 1535 1265 1603 corruptionis.
1314 1533 1491 1586 Pelles
1540 1529 1685 1583 enim
1736 1527 2032 1579 demortua:

461 1639 687 1685 mortem
725 1638 777 1680 et
804 1624 1213 1692 corruptionem
1246 1621 1512 1673 indicant.

941 1714 1187 1769 CCXL”.
1223 1742 1291 1750 —
1331 1711 1532 1764 Eidem.

531 1811 682 1865 Licet
711 1811 1004 1862 multarnrn
1031 1805 1420 1859 necessitatum
1445 1809 1497 1855 et
1519 1800 1869 1854 alllictionum
1896 1806 2032 1850 tem-

463 1911 668 1972 pesmte
719 1905 1014 1969 jactemur,
1069 1910 1179 1950 non
1236 1895 1359 1948 ideo
1418 1892 1912 1961 interpellabimur,
1967 1905 2034 1941 ne

461 2002 829 2047 enczentornm
879 1986 1280 2040 solemnitatem
1328 1985 1382 2036 in
1429 1981 1766 2036 Hierusalem
1807 1995 2034 2050 peraga-

462 2099 605 2146 mus,
641 2090 694 2132 et
756 2090 1016 2131 canamus
1086 2074 1336 2135 Domino,
1395 2081 1452 2125 ut
1505 2072 1580 2124 ait
1631 2071 1822 2131 David,
1860 2069 2034 2124 carni-

463 2191 586 2226 rnm
639 2186 835 2226 novum
869 2169 933 2230 3",
993 2167 1364 2234 evangelicum
1427 2179 1638 2232 nempe.
1691 2161 2032 2214 Hierusalem

463 2268 608 2318 enim
644 2262 805 2316 modo
840 2261 1020 2312 anima
1063 2256 1527 2325 subintelligatur,
1565 2254 1616 2307 in
1657 2269 1764 2322 qua
1802 2266 1900 2303 nos
1946 2266 2034 2303 so-

465 2353 799 2406 lemnitatem
836 2350 1034 2402 divinae
1072 2345 1404 2415 cognitionis
1434 2353 1488 2398 et
1517 2342 1788 2396 universa:
1817 2338 2034 2393 virtutis

461 2443 823 2505 celebramus,
867 2439 1185 2509 abjicientes
1232 2443 1468 2489 veterem
1516 2432 1818 2495 hominem,
1853 2439 1906 2482 et
1935 2446 2031 2482 no-

464 2551 588 2588 vum
615 2533 914 2587 secundum
947 2530 1238 2598 imaginem
1280 2534 1332 2580 et
1367 2524 1786 2580 similitudinem
1815 2519 2032 2579 Domini

463 2636 703 2680 creatum
753 2625 1042 2678 induentes
1074 2623 1118 2653 ³⁵
1161 2640 1172 2675 :
1215 2639 1233 2670 ι
1284 2618 1658 2673 Renovabitnr
1703 2615 1849 2669 enim
1889 2613 2035 2668 sicut

462 2713 648 2783 aquila
700 2717 956 2786 j'tventns
998 2719 1089 2764 tua
1117 2710 1183 2762 ³⁸.
1215 2707 1469 2760 —Facta
1517 2713 1646 2760 sunt.
1691 2705 1894 2773 itaque.
1937 2701 2032 2764 ait,

463 2803 702 2858 encaenia
737 2800 1149 2870 llicrositlymis,
1173 2809 1224 2851 et
1248 2797 1424 2850 hiems
1454 2802 1573 2850 erat
1605 2796 1670 2848 ³⁷.
1709 2814 1726 2845 ι

644 2891 915 2945 CCXLlll.
953 2921 1024 2933 —
1058 2887 1302 2944 SABINO
1339 2884 1835 2941 MAGISTRIANO.

534 2985 732 3038 Tribus
755 2983 874 3038 Jobi
903 2983 1120 3035 liliabns
1143 2982 1185 3012 ³³
1212 2980 1478 3034 rationem
1509 2980 1811 3044 subjectam
1838 2990 2038 3048 cogno-

2133 543 2296 595 ματ-α,
2373 526 2626 594 οὐδεμίαν
2680 525 2872 593 ἔχοντα
2923 523 3057 593 πρὸς
3112 522 3314 588 ἄλληλα
3364 522 3706 589 διαςωνί-αν·

2129 616 2356 686 ὄργανον
2402 615 2456 668 δὲ
2490 615 2693 667 τούτων
2728 616 2946 667 πάντων
2989 613 3336 684 περιτκτ·κόν
3373 615 3516 666 ἐστιν
3545 616 3577 682 ἡ
3615 630 3710 682 ’ρι-

2129 708 2408 778 λόχριστος
2441 706 2532 759 τοῦ
2565 706 2728 775 σοφοῦ
2759 706 2926 775 ψυχή.

2804 796 2956 849 ΣΜΛ⁹
2966 835 2978 848 .

2211 889 2275 940 Ἢ
2329 887 2542 956 ύπακῖὴ
2578 887 2677 956 τῆς
2715 885 2863 948 Θείας
2903 886 3251 956 προστάξεως
3292 887 3435 958 ζωὴν
3494 887 3586 938 καὶ
3627 887 3696 940 ά-

2138 978 2408 1050 φθαρσίαν
2429 975 2746 1048 χαρίζεσθαι
2767 977 3025 1045 πέφυκεν,
3045 978 3078 1046 ἡ
3100 976 3156 1028 δέ
3173 993 3236 1044 γε
3257 978 3504 1048 παρακοὴ
3522 976 3716 1045 νεκρό-

2129 1085 2267 1140 τητα
2307 1069 2402 1120 καὶ
2447 1067 2671 1138 φθοράν.
2716 1066 2931 1137 Ἐπειδὴ
2962 1062 3054 1118 οὖν
3083 1067 3112 1117 ὁ
3152 1067 3323 1137 Ἀδὰμ
3351 1068 3708 1137 παρακούσας

2130 1159 2225 1212 τοῦ
2269 1158 2402 1210 Θεοῦ
2444 1161 2500 1210 ἐν
2541 1157 2620 1226 τῷ
2668 1159 2864 1226 φαγεῖν
2920 1156 2980 1210 τὸ
3026 1157 3426 1226 κεκωλυμένον,
3476 1157 3711 1211 θάνατον

2131 1251 2498 1315 ἐπεσπάσατο,
2525 1249 2612 1301 διὰ
2646 1248 2804 1300 τοῦτο
2831 1249 2858 1299 ὁ
2897 1247 3028 1310 Θεὸς
3069 1247 3364 1300 ἐνδιδύσκει
3410 1250 3570 1302 αὐτὸν
3621 1267 3712 1318 χι-

2129 1343 2277 1396 τῶνα
2318 1343 2656 1412 δερμάτινον,
2699 1343 2846 1403 ὅπως
2873 1341 2938 1393 ἂν
2968 1340 3301 1411 μνημονεύῃ,
3341 1341 3436 1392 καὶ
3481 1341 3554 1412 μὴ
3592 1345 3716 1394 ἐπι-

2133 1427 2466 1502 λανθάνηται
2503 1431 2597 1484 τοῦ
2652 1431 2852 1484 οἰκείου
2909 1431 3246 1500 σφάλματος,
3295 1433 3386 1483 καὶ
3411 1427 3592 1502 ἧσπερ
3613 1433 3716 1485 αὖ·

2132 1525 2398 1594 θαιρέτως
2427 1523 2784 1595 ἐπεσπάσατο,
2843 1522 3164 1592 θνητότητος
3215 1523 3308 1575 καὶ
3355 1523 3579 1594 φθορᾶς.
3632 1526 3714 1578 Ti

2132 1613 2240 1683 γὰρ
2289 1612 2456 1680 νεκρὰ
2504 1613 2747 1682 δέρματα
2779 1612 2996 1683 δηλοῦσι
3036 1614 3334 1684 νεκρότητα
3364 1615 3456 1666 καὶ
3485 1616 3712 1686 φθοράν.

2629 1705 2802 1759 ΣΜΒ’.
2831 1736 2900 1746 -
2925 1705 3009 1770 Τῷ
3034 1707 3214 1772 αὐτῷ.

2209 1793 2326 1848 Κᾶν
2364 1797 2420 1847 ἐν
2472 1795 2698 1865 χειμῶνί
2731 1797 2894 1865 ἐσμεν
2923 1795 3032 1848 τῶν
3064 1798 3272 1851 πολλῶν
3305 1784 3704 1868 περιστάσεωίέ,

2136 1887 2196 1938 ού
2245 1886 2679 1956 κωλυθησόμεθα
2719 1886 2987 1940 ἐπιτελεῖν
3019 1888 3116 1959 τὴν
3169 1892 3360 1960 ἑορτὴν
3391 1891 3499 1944 τῶν
3524 1894 3717 1959 ἐγκαι-

2153 1977 2280 2028 νίων
2309 1981 2364 2030 ἐν
2394 1981 2458 2048 τῇ
2490 1978 2870 2048 Ἰερουσαλὴμ,
2908 1980 3001 2032 καὶ
3037 1981 3184 2046 ᾅδειν
3223 1981 3299 2050 τῷ
3333 1983 3540 2052 Κυρίῳ,
3572 1982 3719 2036 καθά

2139 2083 2304 2137 φησιν
2340 2071 2367 2120 ὁ
2408 2068 2591 2130 Δαυ¹ιδ,
2655 2065 2805 2140 ᾆσμα
2854 2071 3057 2132 καινὸν,
3101 2072 3301 2142 δηλαδὴ
3344 2074 3715 2140 εύαγγελικόν.

2149 2160 2507 2230 Ἰερουσαλὴμ
2527 2163 2634 2230 γάρ
2651 2161 2744 2215 νῦν
2764 2162 2989 2214 νοείσθω
3011 2180 3099 2232 μοι
3121 2166 3151 2234 ἡ
3177 2163 3342 2234 ψυχὴ,
3380 2165 3437 2217 ἐν
3531 2165 3718 2217 ἐπιτε-

2137 2251 2335 2322 λοῦμεν
2385 2252 2484 2322 τὴν
2537 2252 2729 2324 ἑορτὴν
2781 2254 2880 2323 τῆς
2930 2253 3278 2321 θεογνωσίας,
3326 2258 3418 2309 καὶ
3456 2258 3720 2319 παντοίας

2138 2343 2358 2412 ἀρετῆς,
2403 2341 2755 2413 διωθούμενοι
2816 2344 2914 2413 μὲν
2972 2345 3062 2397 τὸν
3121 2346 3348 2400 παλαιὸν
3405 2347 3717 2417 ἄνθρωπον,

2137 2436 2607 2504 ἐπαμφισκόμενοι
2637 2436 2693 2489 δὲ
2720 2436 2806 2489 τὸν
2837 2437 2954 2488 νέον
2983 2438 3074 2491 τὸν
3118 2440 3236 2493 κατ’
3281 2441 3484 2505 εἰκόνα,
3519 2443 3614 2494 καὶ
3659 2442 3718 2492 δ-

2141 2523 2370 2590 μοίωσιν
2400 2523 2492 2576 τοῦ
2530 2525 2734 2596 Κυρίου
2771 2527 3084 2580 κτισθέντα·
3122 2547 3140 2580 ι
3176 2530 3720 2601 Ἀνακαινισθήσεται

2136 2613 2244 2684 γὰρ
2275 2615 2350 2677 ώς
2379 2614 2536 2667 ἀετοῦ
2572 2618 2605 2684 ἡ
2647 2616 2834 2686 νεότης
2867 2635 2980 2671 σου.
3008 2647 3078 2661 -
3111 2620 3358 2687 Ἐγένετο
3395 2618 3507 2693 οἷον,
3556 2626 3717 2693 φησὶ,

2137 2704 2206 2757 τὰ
2236 2707 2485 2772 ἐγκαίνια
2513 2708 2569 2758 ἐν
2584 2707 2996 2778 Ἰεροσολύμοις,
3030 2709 3121 2762 καὶ
3157 2709 3366 2780 χειμὼν
3406 2705 3530 2781 ἦν.»

2417 2886 2658 2938 ΣΜΓἌ-
2676 2885 2920 2954 ΣΑΒΙΝῼ
2943 2887 3430 2958 ΜΛΓΙΣΤΡΙΑΝῼ.
3731 2953 3738 2957 _

2209 2975 2318 3046 Τὴν
2378 2978 2784 3046 σημασίαντῶν
2842 2979 3009 3049 τριῶν
3070 2979 3164 3032 τοῦ
3209 2979 3329 3032 Ἰὼϐ
3391 2980 3711 3053 θυγατέρων

464 3093 614 3132 scere
643 3075 821 3144 cupis.
850 3075 930 3127 Ab
963 3073 1315 3126 alllictiomnn
1349 3073 1534 3141 itaque
1556 3081 1612 3126 et
1661 3069 2031 3124 molestiarum

2143 3067 2486 3137 ἐπεθύμησας
2534 3068 2756 3136 γνῶναι.
2799 3070 3014 3140 Ἐπειδὴ
3047 3068 3140 3123 οὖν
3168 3072 3264 3140 τῆς
3310 3071 3417 3124 τῶν
3449 3071 3718 3141 θλισερῶν

465 3182 622 3224 nocte
645 3168 806 3238 jussu
842 3165 931 3220 Dei
967 3163 1137 3218 Johns
1177 3175 1484 3232 exemptus,
1517 3162 1828 3217 necessario
1851 3161 2034 3229 splen-

465 3258 816 3314 tiidissimnm
871 3252 1278 3316 exsultatiunis,
1327 3259 1381 3305 et
1419 3251 1782 3305 indesinentis
1822 3249 1926 3318 91
1971 3263 2035 3302 ac

467 3350 724 3418 perennis
762 3346 961 3416 quietis
989 3353 1040 3397 et
1073 3344 1254 3412 gaudii
1285 3342 1429 3396 diem
1473 3342 1704 3410 aspexit.
1742 3340 2034 3409 Pmpterea

465 3441 695 3510 primam
729 3437 876 3491 Diem
910 3435 1234 3505 appellavit;
1260 3433 1556 3488 secundam
1583 3432 1852 3498 Cassiam,
1877 3448 2033 3486 nam-

464 3549 570 3601 que
623 3531 802 3586 cassia
849 3530 1094 3583 suaviter
1141 3529 1287 3590 olet;
1336 3526 1483 3596 quod
1537 3540 1636 3595 pro
1689 3525 2032 3579 maleolentia

462 3622 930 3678 exsecrandorum
961 3629 1385 3684 tormentorum,
1421 3634 1542 3687 qua.
1579 3627 1740 3672 antea
1764 3617 2032 3681 subierat,

461 3717 666 3771 bonum
705 3727 958 3782 superna:
981 3710 1169 3780 gratia:
1201 3710 1424 3764 odorem
1458 3716 1745 3764 assecutus
1768 3715 1871 3763 cst.
1899 3707 2036 3761 Ter-

465 3807 540 3858 tia
593 3818 760 3872 porro
814 3801 1130 3854 Amalthaaa:
1195 3815 1366 3854 cornu
1430 3809 1783 3868 nuncupata,
1846 3796 2034 3850 Graeca

463 3901 646 3967 lingua
707 3897 976 3948 bonorum
1031 3891 1364 3946 aﬂluentiam
1417 3898 1590 3946 notat.
1638 3889 1716 3944 Tn
1749 3904 1880 3944 vero
1921 3905 2035 3943 non

461 3989 679 4056 ignoras
723 3993 801 4038 tot
835 3985 998 4044 bona,
1037 3999 1158 4051 quze
1191 3982 1269 4036 illi
1302 3981 1568 4035 Dominus
1601 3988 1731 4034 ante
1783 3980 2032 4034 futurum

462 4076 719 4128 s:cculum
757 4071 985 4125 robusto
1017 4084 1081 4124 ac
1135 4069 1308 4122 multa
1358 4085 1624 4140 perpesso
1661 4068 1800 4124 Jobo
1836 4069 1891 4122 in
1934 4069 2037 4123 hac

461 4166 570 4216 vita
596 4171 815 4231 propter
839 4161 1116 4228 ingentem
1149 4159 1517 4221 tolerantiam,
1547 4168 1600 4213 et
1631 4160 2032 4214 validissimum

465 4270 528 4308 :rc
558 4253 977 4308 celeberrimum
1025 4250 1364 4305 fortitudinis
1416 4250 1630 4306 facinus
1681 4259 1733 4306 et
1769 4261 2031 4322 tropaeum

463 4345 730 4402 exhibuit.

963 4519 1229 4577 CCXLIV.
1265 4551 1334 4560 —-
1374 4519 1578 4575 Eidem.
1660 4559 1663 4562 -

535 4615 789 4669 Studium
853 4613 1103 4684 placendi
1169 4613 1489 4669 hominibus
1564 4614 1752 4684 iraque
1814 4614 2034 4668 vitanda

458 4715 620 4772 sunt;
681 4706 794 4760 haec
846 4705 990 4758 enim
1053 4704 1298 4759 albicans
1357 4721 1551 4775 nempe
1601 4704 1672 4760 ὀι
1716 4707 1835 4758 rnl'a
1882 4706 2034 4775 lepra

458 4807 610 4861 Sunt,
654 4807 710 4850 ut
745 4797 824 4850 lex
863 4795 1114 4865 praedixit
1147 4796 1214 4852 ‘9.
1273 4794 1532 4865 Fuganda
1592 4805 1676 4851 est
1731 4796 2032 4867 vulpecula:

457 4890 677 4958 genium
729 4901 839 4956 prre
886 4901 945 4941 se
985 4886 1168 4940 ferens
1203 4885 1484 4938 simulatio
1539 4900 1603 4940 ac
1649 4887 1774 4940 vilis
1816 4897 2029 4954 metus;

457 4979 647 5044 glauca
678 4991 912 5046 namque
944 4975 1035 5030 illa
1064 4975 1211 5045 lepra
1237 4984 1384 5030 sunt.
1413 4975 1733 5045 Ahjicienda
1769 4987 2030 5048 praaterea

460 5085 488 5120 a
515 5070 672 5129 nobis
697 5079 827 5124 sunt
883 5070 1004 5126 sine
1034 5069 1249 5122 ratione
1279 5071 1500 5122 tristitia
1533 5079 1587 5124 et
1620 5070 1826 5126 invidia
1852 5087 2032 5127 mace-

460 5173 624 5222 raus;
653 5174 887 5228 namque
915 5161 1112 5215 viridis
1150 5159 1238 5213 illa
1271 5159 1419 5228 lepra
1460 5169 1607 5214 sunt.

799 5250 1052 5306 CCXLV.
1085 5281 1156 5290 —
1196 5248 1680 5306 DRUSILLIANO.

530 5339 587 5393 Si
616 5353 819 5405 corpus
847 5336 1270 5406 aegritudinibus
1302 5338 1600 5391 obnoxium
1631 5339 1836 5396 habens
1867 5341 2025 5398 simi-

457 5428 530 5484 lia
579 5430 883 5482 iacinorosa
928 5428 1116 5488 audes,
1165 5441 1338 5496 eaque
1391 5427 1734 5493 inhumana;
1779 5431 1930 5498 quid,
1980 5433 2026 5486 si

460 5522 674 5574 itt‘tnum
709 5533 771 5571 ac
800 5517 1086 5571 robustum
1120 5517 1428 5580 habuisses,
1459 5533 1566 5571 non
1595 5516 1794 5574 fuisses
1822 5522 2026 5578 ausus?

528 5646 728 5721 ratio".
765 5663 845 5710 ιιι,
979 5648 1077 5721 __’_3
1117 5649 1247 5721 ih'd.
1295 5647 1382 5699 9|.
1488 5648 1530 5721 ³·
1564 5648 1702 5704 Psal.
1735 5668 1914 5721 CXLIX,
1948 5657 1989 5709 l.

457 5707 499 5739 ³³
531 5717 632 5772 Job
683 5707 929 5776 magis.
978 5715 1211 5773 "Lavit.
1237 5719 1610 5786 Xltt,passim.

2049 5659 2114 5728 ,³⁵
2145 5657 2359 5718 Culoss.
2402 5675 2485 5716 ιιι.
2519 5661 2599 5713 te.

2139 3157 2232 3212 καὶ
2273 3159 2547 3212 ἐπιπόνων
2586 3162 2777 3223 νυκτὸς
2815 3164 2880 3230 τῇ
2927 3161 3175 3213 κελεύσει
3218 3161 3311 3214 τοῦ
3350 3161 3485 3214 Θεοῦ
3537 3162 3720 3232 ἀπήλ-

2136 3249 2330 3302 λακται
2360 3252 2388 3302 ὁ
2431 3249 2570 3314 Ἰὼϐ,
2601 3252 3030 3322 ἁναγκαίωςτὴν
3063 3251 3453 3322 λαμπροτάτην
3496 3253 3718 3322 ἡμέραν

2136 3339 2384 3393 τεθέαται
2437 3341 2536 3410 τῆς
2580 3341 2986 3409 ἀγαλλιάσεως,
3032 3345 3124 3396 καὶ
3169 3343 3268 3412 τῆς
3337 3343 3568 3412 ἀλήκτου
3616 3344 3717 3396 καὶ

2136 3432 2354 3484 αἰωνίου
2397 3431 2755 3495 ἀναπαύσεως
2804 3433 2897 3484 καὶ
2936 3436 3130 3504 χαρᾶς.
3165 3434 3262 3486 Διὰ
3296 3434 3452 3487 τοῦτο
3477 3435 3575 3504 τὴν
3608 3435 3716 3505 μὲν

2138 3521 2358 3591 πρώτην
2429 3521 2702 3591 θυγατέρα
2761 3523 2999 3594 Ἡμέραν
3043 3526 3319 3588 ἐκάλεσεν,
3356 3525 3452 3595 τὴν
3488 3527 3542 3578 δὲ
3589 3527 3720 3580 δευ-

2135 3614 2298 3683 τέραν
2335 3614 2578 3667 Κασσίαν
2603 3631 2616 3644 ·
2638 3614 2840 3687 εύώδης
2871 3617 2978 3687 γάρ
3004 3619 3036 3688 ὴ
3065 3618 3433 3680 κασσία,διότι
3463 3619 3585 3672 ἀντὶ
3611 3620 3718 3690 τῆς

2136 3703 2396 3767 δυσωδίας
2445 3703 2538 3756 τοῦ
2579 3707 2880 3760 ἀπευκτέου
2917 3708 3143 3772 πάθους,
3174 3705 3342 3779 οὗπερ
3388 3711 3494 3781 πρὸ
3516 3709 3714 3762 τούτου

2138 3793 2334 3862 ἀνέτλη
2368 3793 2466 3864 τὴν
2511 3795 2739 3849 εύωδίαν
2770 3799 3048 3869 ἐκτήσατο
3085 3801 3184 3871 τῆς
3225 3801 3428 3856 ἄνωθεν
3468 3805 3714 3873 χάριτος.

2149 3886 2211 3940 Ἦ
2244 3887 2301 3940 δέ
2332 3905 2394 3956 γε
2415 3888 2568 3959 τρίτη
2602 3889 2843 3960 θυγάτηρ
2881 3891 3203 3961 Ἀμαλθείας
3238 3893 3405 3963 κέρας
3437 3896 3717 3964 ἐπονομα-

2138 3977 2338 4049 ζομένη
2373 3981 2440 4050 τῇ
2484 3980 2695 4034 Ἐλλάδι
2727 3982 3093 4050 ἑρμηνεύεται
3123 3982 3334 4055 γλώττῃ
3369 3985 3587 4052 ἀγαθῶν
3619 3986 3718 4038 εύο

2139 4069 2320 4139 θηνία.
2355 4070 2468 4123 υύκ
2499 4071 2710 4138 ἀγνοεῖς
2757 4072 2814 4124 δὲ
2852 4073 3071 4134 πάντως
3111 4074 3179 4126 τά
3229 4075 3468 4128 τοσαῦτα
3493 4075 3703 4144 ἀγαθὰ,

2139 4159 2284 4229 ἅπερ
2312 4159 2340 4215 ὁ
2370 4158 2571 4230 Κύριος
2606 4162 2876 4232 παρέσχεν
2903 4164 3007 4234 πρὸ
3040 4163 3132 4216 τοῦ
3167 4165 3455 4232 μέλλοντος
3489 4166 3714 4230 αἰῶνος,

2136 4249 2215 4320 τῷ
2267 4250 2595 4320 καρτερικῷ,
2645 4253 2738 4304 καὶ
2769 4253 3069 4306 πολυπαθεῖ
3113 4255 3252 4319 Ἰὼϐ,
3294 4257 3540 4310 ἐντεῦθεν
3584 4259 3714 4328 ἤδη,

2137 4341 2225 4394 διά
2264 4357 2325 4394 τε
2377 4341 2478 4411 τῆς
2530 4343 2772 4413 μεγάλης
2827 4345 3127 4414 ὑπομονῆς,
3165 4347 3255 4398 καὶ
3289 4347 3538 4418 ἀνδρείας
3571 4350 3715 4413 κρά-

2057 4425 2113 4483 .D
2137 4451 2336 4501 τιστον,
2366 4431 2460 4487 καὶ
2499 4435 2796 4505 περιφανὲς
2831 4437 3160 4508 κατόρθωμά
3192 4455 3251 4490 τε
3297 4439 3388 4491 καὶ
3427 4440 3716 4509 τρόπαιον.

2617 4527 2788 4580 ΣΜΔἏ
2819 4557 2888 4568 —
2913 4527 2994 4592 Τῷ
3025 4527 3203 4592 αὐτῷ.

2215 4616 2481 4669 Φευκτέον
2534 4617 2666 4686 ἡμῖν
2713 4618 3225 4689 ἀνθρωπαρεσκίαν,
3267 4622 3475 4690 καὶτὴν
3507 4623 3709 4692 ὀργήν·

2139 4705 2317 4758 ταῦτα
2366 4706 2473 4775 γὰρ
2505 4705 2960 4771 λευκανθίζουσαν
2995 4709 3087 4760 καὶ
3131 4710 3464 4778 πορίζουσαν
3504 4711 3717 4782 λέπραν

2140 4799 2168 4849 ὁ
2193 4797 2352 4866 νόμος
2380 4797 2728 4866 προείρηκεν.
2757 4797 2813 4850 Ἀ
2826 4799 3117 4852 πελαστέον
3141 4801 3240 4869 τὴν
3262 4800 3715 4864 ἀλωπεκίζουσαν

2139 4889 2447 4958 ὑπόκρισιν,
2483 4888 2579 4940 καὶ
2619 4889 2786 4959 ἀγενῆ
2830 4889 3051 4943 δειλίαν·
3081 4891 3446 4958 γλαυκίζουσα
3473 4893 3581 4962 γὰρ
3623 4892 3718 4944 λέο

2135 4996 2250 5048 πρα
2285 4979 2423 5033 ἐστί.
2454 4979 2723 5033 Διωκτέον
2758 4981 2890 5048 ἡμῖν
2915 4980 3011 5049 τὴν
3037 4979 3213 5052 λύπην
3243 4982 3341 5051 τὴν
3366 4981 3581 5051 ἄλογον,
3617 4984 3718 5038 καὶ

2134 5074 2368 5142 τήκοντα
2402 5072 2617 5140 φθόνον·
2646 5072 2986 5144 χλωρίζουσα
3016 5074 3124 5143 γὰρ
3151 5073 3326 5144 λέπρα
3357 5075 3493 5128 ἐστί.

2522 5165 2696 5218 ΣΜΕ’.
2715 5166 3319 5236 -ΔΡυΥΣΙΛΔῘΔΝῼ.

2209 5256 2270 5307 Εἰ
2287 5255 2348 5307 τὸ
2371 5255 2528 5326 σῶμα
2548 5255 2772 5317 νοσῶδες
2795 5255 2954 5325 ἔχων,
2973 5256 3272 5326 τηλικαῦτα
3305 5259 3436 5328 δρᾷς
3472 5259 3717 5331 θηριώδη

2138 5347 2229 5398 καὶ
2255 5345 2599 5415 ἀπάνθρωπα
2630 5345 2955 5415 πράγματα,
2977 5348 3060 5408 τίς
3089 5345 3154 5398 ἂν
3178 5347 3365 5414 ἐγένου
3391 5346 3716 5417 τετυχηκὼς

2139 5436 2356 5506 ρώσεώς
2388 5453 2445 5489 τε
2479 5438 2570 5490 καὶ
2602 5437 2792 5506 ῥώμης
2820 5456 2834 5503 ;
2873 5439 3204 5509 Προϐλέπων
3239 5441 3417 5493 τοίνυν
3442 5443 3469 5493 ὁ
3505 5440 3715 5510 Κύριος

2137 5527 2236 5590 τὰς
2270 5528 2641 5597 φονοκτονίας,
2674 5529 2854 5600 ἇσπερ
2883 5531 3052 5582 ποιεῖν
3080 5530 3323 5600 ἔμελλες,
3363 5529 3715 5601 προκατελά-

2705 5662 2748 5690 ³⁶
2784 5662 2923 5716 Psal.
2965 5678 3062 5731 cu,
3097 5665 3147 5720 5.
3235 5665 3292 5737 ,³⁷
3321 5663 3481 5719 Joan.
3531 5680 3583 5730 ι,
3614 5645 3731 5717 22.¹
