3970 6220
16 0 56 40 7.

505 378 602 440 175
1979 366 2040 426 S.
2082 363 2108 420 Ρ

2221 363 2242 418 ι
3300 413 3332 432 ,
3647 350 3750 413 176

813 486 958 539 CCL.
997 511 1066 522 -—-
1106 478 1384 534 TEUCRO
1425 475 1743 532 DlACONO.
2092 479 2136 533 A

579 585 650 636 lie
681 577 972 633 laudandis
1008 573 1218 629 nostris
1262 572 1520 641 operibus
1568 577 1755 624 noster
1813 566 2073 620 Dominus

509 679 768 730 Servator
821 679 875 723 et
923 668 1183 721 Christus
1219 665 1457 726 laetatur,
1510 661 1605 715 diu
1651 668 1928 727 noctuque
1965 653 2076 724 94

509 768 770 821 continuo
795 761 1033 829 seipsum
1061 756 1334 810 nutriens.
1373 772 1392 804 ‹
1433 752 1625 806 Cibum
1659 749 1805 804 enim
1842 745 2076 799 mandu-

510 875 637 916 care
668 847 861 914 habeo,
903 871 920 904 ι
983 849 1249 920 apostolis
1279 845 1514 908 dicebat,
1553 857 1742 911 «quem
1777 855 1875 893 vos
1933 849 2078 890 nunc

515 950 739 1008 nescitis
768 945 834 1010 ιδ,
875 964 894 996 ι
931 939 1280 1012 postmodum
1316 935 1542 1002 scietis;
1588 947 1778 987 eorum
1814 929 1906 999 qni
1949 935 2080 980 tunc

513 1062 575 1099 ex
604 1039 944 1096 Samaritana
974 1034 1108 1088 urbe
1129 1030 1509 1092 crediderant,
1542 1035 1595 1078 et
1621 1033 1742 1092 post
1771 1037 1867 1076 eos
1898 1018 2080 1073 infini-

514 1146 692 1189 tarum
751 1129 1018 1200 gentium,
1085 1123 1180 1192 qui
1239 1119 1463 1172 nomina
1520 1114 1742 1169 Christo
1792 1109 2080 1172 dederunt,

515 1225 710 1281 salutis
732 1222 913 1276 cibum
941 1215 1182 1286 propriis
1213 1210 1442 1266 asseclis
1483 1204 1884 1278 pratnuntians.
1915 1200 2083 1253 lsaias

515 1316 717 1371 etenim
769 1313 836 1366 de
871 1309 1094 1364 Christo
1131 1299 1652 1373 praevalicinabatnr
1693 1315 1704 1349 :
1753 1315 1771 1346 ι
1821 1293 2082 1362 Butyrnm

515 1416 570 1461 et
597 1406 700 1460 mel
737 1401 986 1456 comedet
1012 1397 1082 1461 ⁸⁵,
1127 1415 1145 1447 ι
1183 1395 1275 1464 qui
1315 1393 1471 1462 prius
1511 1388 1782 1444 Adamum
1827 1382 2088 1438 condide-

518 1508 624 1562 rat,
658 1493 1006 1564 postmodum
1057 1496 1116 1542 ut
1157 1485 1487 1547 infantulus,
1522 1490 1575 1536 et
1610 1482 1774 1534 homo
1807 1478 1962 1532 visus
2003 1481 2088 1528 est

517 1588 768 1641 Christus
791 1583 970 1646 Jesus,
997 1579 1140 1632 Dens
1170 1584 1224 1630 et
1247 1575 1396 1638 caeli,
1425 1580 1675 1631 etterrzn,
1703 1577 1756 1623 et
1786 1565 2085 1619 visibilium

520 1677 788 1729 omnium.
813 1671 918 1726 Per
938 1670 1195 1738 butyrum
1227 1674 1282 1718 et
1308 1663 1412 1716 mel
1439 1661 1637 1714 anima:
1665 1657 2086 1714 nutrimentum,

524 1781 735 1822 necnon
771 1777 938 1817 suave
972 1768 1027 1815 et
1061 1759 1190 1812 mite
1221 1756 1664 1812 Christianorum
1709 1751 1869 1805 bonae
1897 1761 2092 1817 opera-

526 1860 694 1913 tionis
727 1853 1109 1912 subindicans.

1054 2021 1228 2080 CCLI.
1269 2049 1336 2060 ——
1371 2016 1575 2070 Eidem.

600 2127 659 2180 Si
719 2125 860 2177 bona
909 2131 1074 2187 opera
1115 2113 1277 2176 facis,
1333 2119 1387 2164 ct
1431 2102 1908 2161 mansuetudinem
1963 2097 2094 2152 Jesn

530 2212 824 2269 aemularis,
859 2185 1056 2275 butyro
1081 2209 1135 2255 et
1158 2199 1316 2252 melle
1345 2209 1468 2249 eum
1508 2190 1704 2262 pavisti
1746 2205 1759 2241 :
1803 2187 1848 2240 si
1882 2185 2100 2239 iracun-

530 2307 619 2359 dia
641 2313 850 2370 tnrges,
877 2306 1186 2367 pravasque
1210 2288 1458 2340 actiones
1488 2282 1730 2342 affectas,
1755 2292 1862 2330 non
1892 2276 2100 2343 absque

533 2367 758 2451 ratione
789 2391 856 2445 de
887 2398 936 2442 te
969 2386 1224 2441 Christus
1261 2376 1573 2434 enuntiahit
1613 2393 1626 2427 :
1665 2391 1682 2422 ι
1723 2370 1879 2424 Dedit
1916 2368 2008 2422 ille
2045 2367 2098 2418 in

532 2490 714 2543 cibum
761 2495 938 2536 meum
992 2477 1081 2542 fel,
1132 2484 1184 2528 et
1231 2472 1285 2525 in
1334 2469 1420 2526 siti
1470 2481 1587 2520 mea
1635 2467 1965 2532 potaverunt
2015 2472 2101 2510 me

535 2591 690 2639 aceto
721 2580 788 2632 “.
833 2597 852 2630 ι

741 2665 939 2722 CCL".
967 2692 1036 2704 —-
1062 2655 1408 2716 GLYCADIO
1447 2645 1906 2706 PROTECTORI.

607 2757 904 2830 Glyeadius
948 2751 1202 2806 dnlcidus
1264 2745 1483 2814 quidem
1518 2741 1739 2796 nomine
1773 2747 1953 2798 tenus,
1987 2733 2102 2786 aci-

541 2858 641 2911 dus
667 2864 797 2906 vero
832 2844 1188 2911 insuavisque
1213 2837 1460 2892 moribus
1488 2849 1567 2888 cs.

749 2935 971 2993 CCLlll.
1008 2963 1078 2974 ——
1118 2926 1470 2984 DEMETRlO
1512 2919 1906 2977 ﬂxEBETICO.

611 3033 823 3088 Petiisti
856 3045 885 3082 a
911 3041 1019 3091 me,
1050 3023 1320 3077 undenam
1347 3019 1576 3077 Adamo,
1601 3026 1652 3069 et
1683 3015 1846 3068 socia:
1871 3011 2110 3082 pelliceze

2520 469 2641 520 EN’.
2676 495 2740 503 —-
2775 463 3050 532 ΤΕΥΚΡῼ
3083 462 3404 532 ΔΙΛΚΟΝῼ.

2247 563 2465 615 ’Ἡδεται
2510 563 2538 612 ὁ
2588 561 2852 630 ἡμέτερος
2891 556 3091 625 Κύριος
3137 556 3323 626 Σωτὴρ
3376 553 3471 606 καὶ
3514 554 3754 624 Χριστὸς

2175 658 2286 718 τοῖς
2339 655 2640 715 ἐπαινετοῖς
2691 651 2870 722 ἔργοις
2900 647 3057 718 ἡμῶν
3115 645 3459 714 καθεκάστην
3509 645 3753 715 ἡμέραν,

2177 746 2271 800 καὶ
2317 745 2486 798 νύκτα
2533 743 2939 814 τρεφόμενοςίι
2974 739 3176 808 Βρῶμα
3217 737 3325 806 γὰρ
3353 736 3460 805 ἔχω
3490 739 3743 804 φαγεῖν,ι

2180 837 2329 904 ἔλεγε
2382 839 2492 898 τοῖς
2536 835 2870 895 ἀποστόλοις,
2913 832 3091 901 «ὅπερ
3135 831 3288 899 ὑμεῖς
3318 829 3416 880 οὐκ
3459 827 3756 880 ἐπίστασθε

2179 926 2294 992 νῦν,
2323 944 2340 977 ι
2374 929 2510 996 μετὰ
2531 925 2588 977 δὲ
2617 923 2788 978 ταῦτα
2814 921 3107 990 γνώσεσθε,
3142 920 3238 990 τῆς
3264 919 3372 972 τῶν
3394 917 3758 988 Σαμαρειτῶν

2181 1018 2386 1078 πόλεως
2426 1016 2535 1068 τῶν
2577 1015 2698 1067 τότε
2740 1012 3166 1074 πιστευσάντων,
3204 1012 3296 1063 καὶ
3337 1011 3432 1079 τῆς
3478 1009 3583 1061 τῶν
3620 1008 3762 1078 μετὰ

2181 1108 2339 1160 τοῦτο
2379 1107 2586 1180 μυρίων
2621 1105 2789 1157 ἐθνῶν
2831 1101 3314 1174 χριστιανισάντων
3348 1101 3621 1168 σωτηρίαν
3660 1098 3762 1168 τὴν

2184 1198 2382 1269 ἐδωδὴν
2425 1194 2896 1266 προαινιττόμενος
2925 1195 3038 1253 τοῖς
3074 1190 3293 1250 οἰκείοις
3329 1189 3628 1256 φοιτηταῖς.
3650 1187 3764 1237 Καὶ

2183 1291 2290 1360 γὰρ
2319 1291 2347 1342 ὁ
2389 1287 2614 1348 Ἡσαΐας
2662 1280 3034 1356 προανεψώνεί
3072 1283 3200 1351 περὶ
3248 1279 3486 1350 Χριστοῦ
3512 1318 3528 1342 ,
3569 1279 3764 1346 ὅτιπερ

2193 1403 2211 1434 α
2246 1381 2516 1452 Βούτυρον
2544 1379 2639 1430 καὶ
2676 1379 2795 1448 μέλι
2838 1377 3089 1445 φάγεται.
3130 1393 3147 1425 ι
3187 1375 3246 1425 '0
3272 1375 3328 1424 ὲν
3357 1373 3496 1442 ἀρχῇ
3540 1371 3638 1438 μὲν
3669 1369 3764 1421 τὸν

2201 1471 2370 1540 Ἀδὰμ
2409 1469 2892 1537 πλαστουργήσας,
2922 1465 3144 1534 ὕστερον
3182 1462 3239 1514 δὲ
3287 1461 3361 1523 ὡς
3411 1460 3642 1520 παιδίον,
3671 1460 3766 1511 καὶ

2189 1565 2264 1627 ὡς
2300 1562 2583 1632 ἄνθρωπος
2605 1561 2787 1629 ὀφθεὶς
2825 1557 3058 1627 Χριστὸς
3083 1555 3287 1626 Ἰησοῦς
3322 1556 3350 1604 ὀ
3377 1554 3506 1614 Θεὸς
3548 1553 3641 1604 καὶ
3673 1553 3767 1603 οὐ·

2193 1657 2354 1728 ρανοῦ
2377 1696 2390 1720 ,
2423 1656 2514 1707 καὶ
2544 1654 2678 1722 γῆς,
2711 1653 2805 1704 καὶ
2853 1652 3066 1706 πάντων
3100 1647 3330 1719 ὁρατῶν.
3375 1647 3470 1697 Διὰ
3505 1644 3766 1714 βουτόρου

2193 1751 2284 1803 καὶ
2337 1748 2547 1818 μέλιτος
2599 1747 2659 1798 τὸ
2705 1744 2968 1814 τρόφιμον
3014 1745 3077 1810 τῇ
3127 1739 3269 1809 ψυχῇ
3313 1741 3406 1790 καὶ
3456 1737 3514 1789 τὸ
3553 1737 3766 1804 γλυκὺ,

2195 1841 2289 1892 καὶ
2333 1836 2598 1908 προσηνὲς
2625 1835 2974 1905 ὑπεμφαίνων
3007 1832 3104 1901 τῆς
3129 1832 3234 1882 τῶν
3269 1830 3605 1900 Χριστιανῶν
3637 1828 3770 1880 καλ-

2197 1933 2386 2002 λίστης
2418 1929 2699 2002 ἐργασίας.

2687 2020 2854 2071 ENV.
2881 2046 2948 2058 ο·-
2986 2014 3068 2080 Τῷ
3096 2013 3276 2078 αὐτῷ.

2279 2113 2404 2167 Ἐὰν
2437 2112 2575 2166 καλὰ
2607 2110 2852 2181 πράττῃς
2883 2109 3041 2176 ἔργα,
3073 2107 3165 2158 καὶ
3207 2107 3346 2173 μιμῇ
3384 2103 3442 2155 τὸ
3474 2103 3646 2171 πρᾶον
3677 2101 3778 2154 τοῦ

2211 2200 2406 2272 Ἰησοῦ,
2440 2199 2673 2269 ἔθρεψας
2715 2196 2875 2250 αὑτὸν
2929 2193 3171 2264 βουτύρῳ
3205 2193 3302 2244 καὶ
3347 2191 3555 2260 μέλιτι·
3588 2191 3686 2241 ἐὰν
3719 2191 3779 2241 δὲ

2183 2293 2410 2364 ,ὀργίλος
2443 2291 2597 2362 μένῃ,
2631 2289 2726 2340 καὶ
2782 2285 2999 2354 φαύλων
3049 2283 3288 2354 ἐργάτης
3339 2282 3606 2350 πράξεων,
3631 2280 3781 2343 λέξει

2201 2382 2438 2448 εὐλόγως
2470 2381 2563 2431 καὶ
2605 2378 2732 2446 περὶ
2767 2375 2860 2428 σοῦ
2905 2374 3110 2444 Ἰησοῦς
3133 2415 3144 2436 ,
3173 2374 3253 2425 ὅτι
3297 2391 3314 2422 ι
3353 2373 3588 2424 Ἔδωκεν
3619 2365 3783 2433 οὗτος

2202 2477 2280 2536 εἰς
2306 2474 2366 2525 τὸ
2419 2472 2612 2543 βρῶμα
2669 2488 2771 2541 μου
2823 2469 3007 2540 χολὴν,
3049 2470 3140 2521 καὶ
3194 2470 3274 2531 εἰς
3323 2467 3419 2537 τὴν
3471 2466 3627 2536 δέψαν
3674 2484 3785 2535 μου

2205 2566 2420 2619 ἐπότισέ
2460 2583 2527 2631 με
2555 2564 2694 2629 ὅξος.
2734 2583 2750 2612 ι

2417 2656 2584 2708 ΣΝΒ’.
2622 2685 2690 2693 -—
2723 2652 3066 2722 ΓΛΥΚΛΔῘῼ
3096 2649 3561 2702 ΠΡΟΤΠΚΤΟΡΙ.

2283 2747 2571 2809 Γλυκάδεος
2609 2745 2706 2814 μὲν
2733 2743 2790 2796 τὸ
2829 2744 2998 2812 ὄνομα
3031 2741 3331 2810 κέκλησαι,
3379 2738 3552 2802 όξινὸς
3581 2737 3640 2790 δὲ
3687 2739 3791 2792 καὶ

2211 2840 2380 2912 ἀηδὴς
2413 2839 2502 2891 τὸν
2529 2839 2726 2906 τρόπον
2754 2835 3116 2903 καθέστηκας.

2475 2931 2640 2982 ΣΝΓν.
2668 2961 2734 2968 -
2773 2925 3128 2994 ΔΗΜΗΤΡΙῼ
3183 2921 3524 2991 amerina.

2293 3021 2611 3094 ’Πρώτησάς
2645 3037 2731 3090 με,
2771 3019 2930 3070 πόθεν
2979 3020 3089 3078 τοῖς
3127 3016 3256 3084 περὶ
3284 3017 3375 3067 τὸν
3418 3015 3587 3084 nam
3619 3015 3795 3084 ηὖρέο

545 3127 742 3182 tuniea:
782 3121 940 3188 copia
977 3116 1079 3170 fuit
1109 3112 1180 3174 ";
1222 3117 1414 3164 contra
1455 3107 1571 3176 ipse
1608 3121 1635 3158 a
1672 3114 1724 3159 te
1755 3119 1922 3173 posco
1954 3119 1970 3157 :
2002 3118 2108 3155 un-

2218 3115 2389 3185 θησαν
2413 3114 2720 3183 δερμάτινοι
2753 3109 3008 3179 zzz-63%;;
3051 3107 3364 3176 ’Λντερωτῶ
3399 3123 3455 3157 σε
3488 3103 3664 3172 κάγὼ,
3688 3106 3794 3157 πό-

546 3222 737 3274 denam
779 3213 977 3266 malum
1006 3223 1070 3260 ex
1106 3207 1172 3258 iis
1200 3216 1322 3272 quae
1347 3215 1455 3254 non
1487 3206 1643 3253 erant
1669 3205 1987 3266 proteusum
2007 3199 2108 3258 est,

547 3323 599 3366 et
633 3311 686 3362 in
723 3305 953 3362 sublime
982 3298 1090 3368 95
1114 3304 1402 3351 extensum
1433 3309 1446 3357 ;
1485 3290 1626 3344 unde
1649 3290 1730 3344 sol
1763 3289 1950 3340 lucens
1977 3299 2114 3339 con-

547 3404 695 3456 ditus
739 3405 853 3462 est,
913 3392 1060 3447 unde
1111 3390 1242 3443 luna
1301 3385 1624 3452 cineremque
1684 3380 2002 3442 stellarum,
2049 3392 2114 3430 ex

548 3492 754 3564 quibus
788 3481 1115 3542 substantiis
1143 3486 1355 3533 montes
1379 3474 1538 3529 scissi
1579 3481 1742 3536 sunt;
1772 3469 1916 3524 unde
1941 3468 2118 3536 cuipis

551 3596 604 3640 et
627 3581 820 3638 culieis
844 3579 896 3632 in
916 3575 1152 3645 {Egypto
1173 3583 1374 3639 magno
1397 3567 1570 3637 Moysi
1599 3564 1929 3620 abundantia
1951 3601 1965 3624 ,
1992 3575 2121 3630 quo-

549 3675 712 3730 modo
765 3672 1005 3740 ligneum
1058 3663 1312 3718 baculum
1366 3661 1420 3714 in
1471 3665 1776 3727 serpentem
1819 3655 2120 3708 animatum

551 3770 942 3834 repentemque
989 3767 1314 3808 conversum
1375 3759 1491 3814 est;
1546 3747 1689 3801 unde
1746 3741 2124 3813 legumlatoris

552 3833 740 3910 manui
771 3851 955 3904 datmn
993 3851 1096 3908 est,
1138 3851 1197 3896 ut
1223 3839 1390 3894 veluti
1424 3838 1514 3892 nix
1547 3835 1888 3890 albesceret?
1925 3833 2122 3886 Eadem

487 3930 501 3942 ’
553 3949 738 4014 itaque
780 3941 994 3995 ratione
1031 3945 1186 3999 tunc,
1219 3933 1317 3993 ita,
1367 3931 1596 3986 Domino
1627 3937 1926 3989 annuente,
1970 3924 2124 3994 pelli-

554 4053 680 4093 ceas
721 4033 936 4089 tunicas
971 4031 1177 4096 absque
1218 4023 1566 4088 animalibus,
1605 4028 1659 4075 et
1697 4029 1816 4072 arte
1865 4019 2123 4078 humana,

555 4137 610 4184 et
650 4126 804 4180 vario
833 4121 1072 4191 opificio,
1107 4132 1231 4172 eum
1271 4115 1484 4173 arrisit,
1516 4112 1624 4174 his,
1663 4111 1755 4179 qni
1792 4124 1916 4162 eum
1953 4107 2122 4158 Adam

558 4224 740 4282 erant,
771 4211 1046 4274 coniecit;
1088 4202 1550 4277 quemadmodum
1594 4208 1648 4254 et
1691 4202 1758 4253 ab
1803 4199 1960 4252 initio
2002 4213 2123 4250 cum

560 4307 753 4368 voluit,
777 4311 830 4358 et
860 4302 1082 4363 cmlum,
1117 4306 1172 4350 et
1203 4295 1388 4348 omnia
1411 4300 1592 4345 creata
1629 4298 1775 4345 sunt.

1054 4384 1279 4442 CCLIV.
1324 4415 1388 4424 -—
1426 4383 1634 4436 Eidem.

2217 3208 2306 3262 θεν
2344 3205 2569 3276 οὐρανὸς
2594 3202 2651 3265 ἐξ
2687 3203 2783 3254 οὐκ
2831 3201 2998 3253 ὄντων
3035 3199 3253 3252 τέταται
3281 3199 3336 3248 ἐν
3366 3197 3622 3267 μετεώρῳ
3653 3198 3798 3248 ἀνα-

2217 3295 2554 3365 πετασμένος
2575 3309 2587 3320 °
2616 3291 2776 3344 πόθεν
2799 3289 3020 3357 ἐκτίσθη
3047 3289 3199 3358 ἥλιος
3221 3287 3590 3340 ἀποστίλϐωνο
3625 3286 3800 3339 πόθεν

2221 3390 2451 3458 σελήνη,
2486 3385 2580 3437 καὶ
2633 3381 2878 3452 ἀστέρων
2926 3379 3154 3450 χορεία·
3200 3378 3307 3431 ἀπὸ
3355 3378 3522 3430 ποίων
3574 3377 3802 3445 φύσεων

2220 3481 2430 3550 ἐτμήθη
2453 3480 2553 3549 ὄρη
2585 3495 2596 3508 ·
2625 3476 2787 3529 πόθεν
2828 3475 2924 3544 τῆς
2954 3474 3164 3537 κνιπὸς,
3196 3471 3288 3524 καὶ
3321 3470 3412 3523 τοῦ
3451 3469 3711 3531 κώνωπος
3739 3471 3806 3520 ἐν

2221 3571 2481 3639 Αἰγύπτῳ
2529 3570 2556 3620 ὁ
2601 3566 2868 3638 πορισμὸς
2921 3563 2999 3633 τῷ
3053 3563 3270 3631 μεγάλῳ
3323 3563 3530 3630 Μωῦσῇ
3565 3575 3579 3588 ·
3611 3560 3731 3623 πῶς
3764 3563 3798 3630 ἡ

2224 3661 2406 3731 ξυλίνη
2441 3659 2634 3730 ῥάϐδος
2658 3656 2958 3726 μετεϐλήθη
3000 3656 3076 3716 εἰς
3109 3653 3231 3720 ὅιριν
3260 3651 3675 3722 ἐμψυχωμένον,
3701 3655 3804 3704 καὶ

2223 3751 2460 3822 ἓρποντα
2493 3765 2508 3778 ·
2543 3746 2702 3799 πόθεν
2744 3748 2810 3814 τῇ
2853 3744 2993 3812 χειρὶ
3030 3741 3122 3793 τοῦ
3189 3741 3478 3810 νομοθέτου
3498 3739 3570 3790 ’τὸ
3601 3738 3807 3811 ὥσπερ

2224 3843 2376 3913 χιόνα
2407 3837 2807 3907 λευκανθῆναι;
2859 3835 3043 3897 Οὕτως
3079 3828 3170 3886 οῦν
3210 3833 3304 3885 καὶ
3349 3832 3469 3884 τότε
3505 3831 3742 3899 θελῆσας
3777 3835 3807 3884 ό

2226 3933 2430 4004 Κύριος
2482 3928 2834 4000 δερματίνους
2889 3925 3144 3995 χιτῶνας,
3182 3923 3349 3993 χωρὶς
3379 3921 3552 3986 ζώων,
3587 3923 3681 3974 καὶ
3707 3923 3804 3976 τέ-

2225 4041 2359 4096 χνης
2410 4023 2552 4084 τινὸς
2597 4019 2972 4090 ἀνθρωπίνης,
3001 4017 3094 4069 καὶ
3153 4013 3486 4083 πολυτρόπου
3536 4012 3808 4083 ἐργασίας

2228 4115 2343 4184 ἅμα
2373 4111 2541 4164 θέλων
2565 4109 2785 4178 ἐποίησε
2817 4108 2927 4169 τοῖς
2953 4104 3079 4174 περὶ
3108 4102 3197 4155 τὸν
3235 4102 3422 4170 Ἀδὰμ,
3457 4103 3530 4163 ὡς
3571 4101 3668 4154 ἀπ’
3699 4103 3805 4172 ἀρ-

2227 4211 2331 4277 χῆς
2376 4207 2491 4276 ἅμα
2518 4203 2780 4274 ἠθέλησε,
2814 4201 2908 4254 καὶ
2959 4199 3185 4269 οὐρανὸς
3207 4236 3221 4261 ,
3257 4195 3351 4248 καὶ
3388 4195 3564 4247 πάντα
3609 4192 3807 4260 γεγέν-

2229 4314 2406 4368 νηται.

2714 4384 2880 4437 ΣΝΝ.
2912 4413 2982 4422 —
3014 4381 3102 4446 Τῷ
3135 4380 3314 4444 αὐτῷ.

633 4484 876 4539 Primum
917 4478 1135 4549 quidem
1174 4473 1306 4528 illud
1344 4472 1559 4525 ﬁrmum
1604 4471 1700 4534 sit,
1732 4469 1876 4538 quod
1918 4483 2026 4520 non
2071 4482 2100 4519 ιι

2305 4476 2507 4545 Στῆσον
2559 4474 2772 4544 πρῶτον
2805 4475 2864 4526 τὸ
2911 4472 3029 4542 οὐχὶ
3080 4472 3305 4542 νοητῶς,
3356 4471 3469 4524 ἀλλ’
3522 4467 3808 4538 αἰσθητῶς

566 4577 868 4634 intellectu,
920 4571 1016 4624 sed
1066 4575 1123 4621 ut
1181 4580 1347 4622 sensu
1403 4561 1821 4630 percipiebatur,
1873 4560 2130 4614 Christus

567 4670 740 4724 dixit:
783 4682 802 4716 ι
845 4663 924 4717 Ah
957 4661 1138 4725 initio,
1171 4657 1262 4727 qui
1288 4651 1516 4716 ereavit,
1549 4652 1850 4705 masculum
1883 4660 1936 4706 et
1977 4650 2134 4704 femi-

566 4775 693 4816 nam
721 4757 848 4812 fecit
881 4753 956 4818 ‘3;
1006 4773 1020 4801 ι
1058 4761 1109 4805 et
1139 4768 1151 4803 :
1187 4768 1205 4800 ι
1244 4744 1401 4812 Quod
1439 4743 1583 4799 Deus
1617 4744 1928 4813 conjunxit,
1968 4742 2138 4796 homo

566 4868 674 4907 non
709 4855 922 4918 separet
947 4843 1014 4898 ιν.
1054 4862 1071 4891 ι
1114 4840 1464 4896 Ροειιηοιιιιιιι
1507 4838 1712 4892 dictum
1745 4835 1986 4904 Apostoli
2039 4848 2137 4902 per

567 4943 877 5010 allegoriam
938 4937 1213 5004 explana,
1283 4949 1302 4983 ι
1373 4931 1626 5001 Magnum
1689 4928 2007 4998 mysterium
2077 4927 2132 4978 in

569 5034 842 5089 Christum
893 5034 946 5081 et
989 5025 1043 5077 in
1089 5021 1481 5085 Ecclesiam",
1524 5039 1542 5072 ι
1589 5019 1732 5088 quod
1773 5033 1837 5072 ex
1881 5018 2136 5070 carnibus

570 5126 744 5193 ipsius
797 5128 846 5173 et
892 5116 1113 5172 ossibus
1157 5128 1370 5177 sumus,
1419 5113 1546 5182 quia
1595 5112 1892 5182 participes
1936 5108 2137 5160 Citrisli

573 5228 787 5284 sumus,
833 5219 887 5262 et
945 5207 1049 5276 ipsi
1102 5204 1158 5258 in
1212 5203 1337 5270 ﬁde,
1393 5204 1709 5275 cognitione
1747 5211 1800 5256 et
1843 5201 2140 5254 virtutibus

573 5299 981 5370 conjungimur.

871 5391 1068 5447 CCLV.
1112 5423 1178 5432 —
1217 5385 1488 5444 FAUSTO
1530 5381 1834 5438 PRIMATI.

643 5482 1028 5542 Prmdicamus,
1059 5484 1450 5552 gloriﬁcamus,
1492 5477 1802 5537 laudamus,
1845 5473 2143 5527 adoramus

576 5576 814 5638 Patrem,
854 5584 907 5627 et
955 5573 1174 5639 Filium,
1225 5581 1279 5627 et
1327 5571 1591 5640 Spiritum
1635 5575 1910 5629 sanctum,
1975 5580 2135 5620 unam

2231 4567 2380 4638 παρὰ
2406 4565 2639 4636 Χριστοῦ
2674 4564 2980 4634 εἰρημένον,
3007 4563 3088 4614 ὃτι
3125 4580 3144 4612 ι
3194 4563 3311 4614 Ἀπ’
3333 4563 3504 4632 ἀρχῆς
3533 4563 3560 4614 ὀ
3592 4561 3810 4622 Κτίσας

2231 4661 2394 4730 ἄρσεν
2422 4659 2512 4710 καὶ
2541 4657 2672 4727 θῆλυ
2705 4656 2980 4724 ἐποίησεν,
3019 4673 3038 4705 ι
3074 4653 3168 4706 καί
3192 4669 3205 4683 ο
3237 4654 3411 4724 Ὅπερ
3445 4655 3472 4705 ὁ
3493 4651 3624 4714 Θεὸς
3675 4669 3810 4704 συν-

2234 4747 2468 4812 έζευξεν,
2504 4747 2785 4817 ἄνθρωπος
2813 4746 2886 4815 μὴ
2923 4743 3220 4813 χωριζέτω.
3263 4761 3280 4794 ι
3317 4745 3425 4795 Καὶ
3457 4743 3682 4811 ὕστερον
3709 4743 3814 4794 ἀλ-

2232 4838 2472 4908 ληγόρει,
2500 4838 2636 4908 ὅπερ
2666 4837 2826 4906 φησιν
2857 4838 2884 4887 ὁ
2911 4835 3247 4896 ’Λπόστολος
3269 4854 3286 4884 ι
3313 4835 3386 4887 Τὸ
3422 4834 3562 4904 μέγα
3596 4837 3812 4904 μυστή-

2238 4947 2349 5000 ριον
2385 4933 2461 4992 εἰς
2494 4929 2724 4998 Χριστὸν
2776 4927 2870 4980 καὶ
2916 4928 2995 4988 εἰς
3043 4927 3140 4994 τὴν
3184 4926 3579 4996 Ἐκκλησίαν.»
3611 4927 3694 4978 ὅτι
3743 4930 3814 4980 ἐκ

2234 5024 2343 5074 τῶν
2391 5023 2610 5092 σαρκῶν
2667 5021 2829 5074 αὐτοῦ
2876 5022 2972 5074 καὶ
3016 5017 3123 5070 τῶν
3163 5017 3364 5071 ὀστέων
3413 5019 3599 5088 ἐσμὲν,
3629 5017 3720 5069 διὰ
3751 5020 3816 5070 τὸ

2240 5115 2488 5184 μετέχειν
2519 5114 2758 5182 Χριστοῦ
2780 5154 2793 5177 ,
2831 5113 2923 5164 καὶ
2970 5108 3311 5180 συνηνῶσθαι
3348 5109 3491 5178 αὑτῷ
3521 5110 3575 5160 ἐν
3607 5109 3818 5171 πίστει,

2239 5205 2331 5256 καὶ
2360 5201 2580 5270 γνώσει,
2606 5203 2696 5254 καὶ
2723 5203 2964 5271 ἀρεταῖς.

2503 5381 2670 5432 επεν.
2698 5410 2765 5419 -
2792 5381 2876 5431 ΦΑ
2893 5365 3060 5450 raro
3107 5323 3563 5432 nroriarbmn.

2331 5470 2796 5539 ’Λνευφημοῦμεν,
2819 5469 3134 5539 δοξάζομεν,
3163 5471 3460 5540 ῦμνοῦμεν,
3481 5468 3828 5540 προσκυνοῦ-

2252 5583 2350 5635 μεν
2407 5564 2644 5634 Πατέρα,
2691 5565 2786 5616 καὶ
2836 5562 2984 5625 Υιὸν,
3036 5563 3131 5615 καὶ
3179 5563 3335 5629 ἅγιον
3386 5559 3649 5630 Πνεῦμα,
3691 5558 3827 5627 μίαν

645 5707 1094 5772 M'.loau.w,1’r.’..
1168 5709 1456 5773 “15mm,
1491 5707 1573 5761 l5.
1652 5705 1696 5737 “
1737 5704 1883 5759 Psal.
1918 5721 2107 5769 vaui,
2145 5702 2234 5756 99..
2311 5702 2354 5734 "
2405 5701 2537 5755 Gen.
2596 5715 2679 5764 ιιι,
2738 5699 2825 5753 2i.
2904 5701 2949 5732 ⁵⁸
3000 5699 3189 5753 Matth.
3226 5714 3338 5762 ius,
3383 5698 3436 5750 4.
3516 5697 3560 5728 ι’
3593 5695 3725 5749 ibid.
3766 5691 3826 5745 6.

578 5781 621 5812 ⁸³
659 5780 860 5850 Epiics.
888 5793 943 5841 ν,
969 5777 1058 5832 52.
