4012 6196
257 318 356 381 177

1476 329 2012 390 EPISTULARUM
2045 334 2188 396 LlB.
2225 339 2273 398 Ι.

3413 352 3510 414 173

253 432 508 500 δύναμιν.
554 433 683 501 μίαν
713 433 982 505 θεότητα,
1015 440 1145 504 μίαν
1190 441 1470 508 ἐξουσίαν,
1510 444 1568 497 ἓν
1603 445 1816 515 θέλημα

1946 453 2225 514 naturam,
2263 464 2425 505 unam
2462 453 2786 521 potentiam,
2828 471 2990 510 unam
3033 456 3311 524 deitatem,
3347 477 3508 516 unam

251 519 464 589 Τριάδα
512 521 803 591 ομοούσιον
831 525 1128 597 δοξάζομεν
1152 571 1164 594 ,
1197 533 1292 584 καὶ
1325 533 1692 607 ὁμολογοῦμεν
1743 557 1838 608 μο-

252 609 518 682 ναδικῶς,
555 613 870 683 τριαδικῶς.
920 618 1243 684 Μοναδικῶς
1279 623 1378 691 μὲν
1411 625 1468 677 ἐν
1522 628 1620 698 μιᾷ
1659 630 1836 701 οὐσίᾳ,

252 703 348 755 καὶ
393 701 628 774 θεότητι,
659 707 954 776 τριαδικῶς
1000 710 1059 764 δὲ
1113 714 1171 765 ἐν
1226 717 1404 786 τρισὶν
1453 720 1834 789 ὑποστάσεσιν,

253 795 376 862 ἦτοι
405 794 722 865 προσώποις
758 799 955 868 τρισίν.

729 975 913 1042 ΣΝςς-ν.
946 1005 1018 1018 --
1050 982 1364 1056 ΠΕΛΑΓΙῼ.

327 1081 464 1146 Τοὺς
495 1083 991 1159 ἐγγαστριμύθους,
1026 1095 1119 1146 καὶ
1155 1097 1279 1160 τοὺς
1321 1100 1425 1152 ἀπὸ
1465 1103 1562 1169 τῆς
1592 1106 1692 1174 γῆς
1725 1126 1833 1176 qui-

253 1173 500 1242 νοῦντας,
522 1180 651 1241 τοὺς
677 1183 1116 1252 κενολογοῦντας,
1153 1190 1334 1256 καθώς
1361 1211 1522 1262 φησιν
1556 1199 1589 1266 ἡ
1621 1199 1659 1250 Γ
1665 1202 1829 1271 ρας-ὴ,

254 1267 518 1331 φευκτέον
542 1270 672 1338 ἡμῖν
703 1289 717 1302 ·
755 1276 864 1337 πᾶς
916 1277 1024 1347 γὰρ
1073 1281 1469 1352 κεκωλυμένος,
1499 1289 1592 1340 καὶ
1633 1290 1832 1362 ψευδὴς

252 1355 432 1421 λόγος,
464 1361 620 1423 κενός
660 1365 808 1417 ἐστιν
837 1365 1111 1436 ἀληθείας.
1149 1372 1350 1437 Βλέπε,
1385 1377 1437 1428 τί
1478 1395 1638 1446 φασιν
1668 1383 1724 1432 ὲν
1755 1383 1831 1452 τῷ

252 1447 610 1520 Εὑαγγελίῳ,
641 1455 724 1507 ὅτι
761 1475 780 1506 ι
845 1459 940 1510 Ἐκ
991 1461 1085 1513 τοῦ
1125 1463 1493 1536 πληρώματος
1549 1471 1643 1523 τοῦ
1695 1473 1828 1526 Θεοῦ

252 1539 546 1609 ἐλάϐομεν.
587 1564 606 1596 ι
649 1547 708 1598 Οἱ
758 1548 815 1600 δέ
865 1566 928 1617 γε
977 1554 1384 1622 κενολογοῦντες
1430 1564 1698 1632 αἱρετικοὶ
1731 1568 1828 1620 οὐκ

250 1629 441 1698 ἔχουσι
469 1633 656 1700 λόγους
688 1639 752 1690 ἐκ
781 1639 1167 1711 πλήρὼματος,
1196 1649 1401 1713 πάντας
1435 1653 1490 1704 δὲ
1521 1657 1708 1719 κενοὺς
1731 1659 1828 1728 τῆς

251 1720 529 1788 ἀληθείας,
559 1726 649 1790 καὶ
682 1731 870 1794 κενοὺς
918 1733 1014 1803 τῆς
1070 1736 1220 1800 θείας
1275 1740 1576 1812 δυνάμεως,
1614 1749 1707 1800 καὶ
1739 1767 1822 1802 σο-

1945 539 2350 605 auctoritatem,
2405 559 2567 596 unam
2613 546 2990 614 voluntatem,
3040 551 3205 604 unius
3257 556 3512 608 essentia!

1943 626 2266 686 Trinitatem
2319 633 2546 689 ﬁrmiter
2589 644 2859 703 tenemus,
2903 647 2956 694 et
2986 641 3315 699 conﬁtemur
3347 646 3510 698 unico

1941 719 2196 790 trinoque
2231 723 2423 790 modo;
2471 727 2637 782 unico
2671 728 2726 782 in
2759 745 2865 783 una
2900 733 3139 786 essentia
3181 743 3234 788 et
3267 735 3504 802 deitate;

1941 811 2088 873 trino
2128 827 2261 868 vero
2311 817 2364 869 in
2416 818 2595 873 tribus
2633 819 2745 890 96
2782 819 3191 890 hypostasibus,
3225 825 3341 880 sive
3379 842 3505 896 per-

1938 910 2111 959 sonis.
2841 910 2849 926 ’

2377 1003 2599 1059 CCLVI.
2636 1039 2706 1050 --
2744 1007 3058 1064 PELAGIO.

2007 1109 2373 1184 Ventriloqui,
2423 1115 2612 1187 illique
2665 1121 2757 1187 qui
2807 1137 2838 1176 e
2891 1132 3032 1178 terra
3079 1124 3339 1186 clamant,
3386 1125 3503 1177 fru-

1936 1212 2160 1270 straque
2217 1221 2505 1264 sermones
2559 1223 2888 1281 congerunt,
2947 1224 3006 1268 ut
3067 1215 3348 1284 Scriptura
3403 1215 3501 1276 ait,

1933 1289 2174 1361 fugiendi
2241 1304 2369 1350 sunt
2423 1299 2490 1352 δι.
2551 1299 2742 1356 Omnis
2801 1304 3004 1357 etenim
3059 1303 3374 1370 prohibitus
3438 1318 3503 1356 ac

1933 1383 2167 1436 mendax
2197 1401 2400 1451 sermo,
2424 1389 2653 1444 veritate
2678 1407 2884 1447 vacuus
2908 1402 3012 1447 est.
3036 1393 3173 1448 Vide
3202 1393 3331 1462 quid
3353 1393 3503 1447 dica-

1933 1481 2022 1526 tur
2064 1475 2118 1529 in
2169 1475 2458 1547 Evangelio
2506 1499 2518 1533 :
2562 1499 2581 1532 ι
2632 1480 2704 1535 Ex
2763 1484 3104 1552 plenitudine
3145 1484 3236 1539 Dei
3284 1485 3500 1553 accepi-

1932 1582 2054 1620 mus
2081 1569 2144 1620 ⁵⁸.
2211 1589 2230 1620 ι
2280 1571 2382 1636 Qui
2440 1589 2570 1628 vero
2620 1575 2784 1628 verba
2847 1576 3050 1630 frustra
3109 1577 3502 1631 consarcinant

1934 1657 2200 1726 limretici,
2247 1677 2352 1715 non
2400 1665 2682 1732 possident
2724 1681 3008 1721 sermones
3039 1683 3102 1720 ex
3138 1667 3497 1736 plenitudine,

1931 1743 2025 1796 sed
2061 1759 2252 1801 omnes
2289 1751 2538 1804 veritatis
2573 1753 2772 1806 divinae
2809 1755 3063 1821 potentiae
3111 1769 3174 1808 ac
3219 1755 3499 1824 sapientiae

251 1809 402 1875 φίας.
440 1813 646 1878 Οἵτινες
694 1818 758 1869 ὲκ
809 1823 906 1890 τῆς
937 1823 1144 1889 κοιλίας
1194 1832 1461 1896 φωνοῦσιν
1485 1838 1567 1888 ὀἱ
1606 1839 1714 1909 γὰρ
1744 1842 1816 1911 μὴ

1932 1849 2152 1891 vacuos.
2185 1839 2286 1902 Qui
2337 1857 2400 1893 ex
2457 1851 2644 1896 ventre
2672 1844 2909 1896 clamant
2946 1861 2959 1897 :
2996 1845 3087 1914 qui
3117 1846 3261 1899 enim
3297 1847 3500 1900 verita-

249 1901 462 1968 ἔχοντες
481 1905 582 1973 μὲν
609 1908 708 1977 τὴν
739 1909 1488 1992 ἀλήθειαν,ἐπαγγελλόμενοι
1509 1927 1564 1979 δὲ
1596 1931 1819 2000 nam.“

247 1991 404 2059 δῆλον
430 1995 510 2047 ὅτι
540 1999 602 2049 ἐκ
637 2000 843 2064 κοιλίας
876 2007 1130 2073 φωνοῦσι,
1163 2013 1227 2081 τῇ
1267 2014 1473 2068 ἑαυτῶν
1497 2020 1673 2093 κοιλίᾳ
1706 2023 1823 2076 δου-

245 2083 516 2187 λεύοντες,
550 2083 654 2142 ιῶν
669 2092 796 2156 Θεὸς
818 2098 846 2166 ἡ
879 2099 1051 2152 κοιλία
1081 2103 1403 2171 λελόγισται.
1419 2128 1437 2157 ι
1460 2109 1520 2162 Ἦ
1539 2083 1660 2184 γὰρ.
1673 2117 1821 2187 πηγὴ

244 2175 351 2228 τῶν
380 2176 554 2243 λόγων
605 2183 713 2237 τῶν
749 2194 1176 2264 γαστριμάργων
1233 2198 1331 2250 οὐκ
1383 2201 1439 2266 ἐξ
1489 2203 1642 2269 ἁγίου
1686 2175 1820 2277 προί

247 2267 468 2338 ἔρχεται
517 2275 831 2347 Πνεῦμα-τος
855 2324 869 2344 ,
901 2285 999 2337 οὐκ
1037 2287 1142 2340 ἀπὸ
1176 2291 1502 2360 ἡγεμονικοῦ
1529 2311 1543 2358 ,
1574 2299 1672 2350 οῦκ
1717 2302 1823 2354 ἀπὸ

245 2359 341 2428 τῆς
380 2364 608 2432 καρδίας
646 2370 741 2439 τῆς
795 2374 884 2426 τὸν
935 2377 1170 2447 Χριστὸν
1211 2383 1518 2454 ποθούσης,
1555 2388 1671 2440 ἀλλ’
1716 2393 1821 2444 ἀπὸ

246 2451 459 2516 κοιλίας
490 2457 832 2523 ἐκϐλῦζεται.

650 2574 814 2628 ΣΝΖ’.
846 2607 916 2617 —
941 2582 1433 2660 ΔΙΟΚΛΗΤΙΑΝῼ.

311 2678 550 2781 divam!
571 2702 656 2748 τις
684 2689 748 2740 ὲκ
775 2690 869 2743 τοῦ
894 2693 1072 2757 δεξιοῦ
1099 2699 1300 2768 μέρους
1328 2704 1420 2756 ἐπὶ
1447 2705 1504 2757 τὸ
1531 2709 1818 2781 ἀριστερὸν

229 2769 446 2851 ,ῥᾳδίως
501 2779 880 2850 μετατεθῆναι,
922 2785 996 2848 ὥς
1056 2807 1220 2861 φησιν
1269 2795 1295 2846 ό
1339 2797 1694 2862 Ἀπόστολοςο
1737 2805 1817 2857 ὅτι

251 2859 352 2968 «:0
383 2862 554 2916 δοκῶν
592 2869 835 2936 ὲστᾶναι,
871 2859 1127 2944 βλεπέτων
1155 2883 1228 2953 μὴ
1262 2887 1421 2958 πέσῃ·
1449 2909 1468 2940 ι
1509 2859 1670 2962 μέχρι
1709 2895 1817 2968 γὰρ

241 2952 339 3020 τῆς
362 2955 598 3027 ἐσχάτης
622 2960 895 3035 ἀναπνοῆς
917 2969 974 3020 ἐν
997 2970 1212 3040 ἀδήλοις
1240 2977 1352 3029 ἐστὶ
1379 2979 1447 3032 τὰ
1477 2952 1812 3052 ἀνθρώπινα,

241 3041 540 3111 ἀλλαχόθεν
573 3049 810 3122 ἀλλαχοῦ
848 3060 1260 3127 μεταϐαίνοντα.
1294 3070 1402 3122 Καὶ
1453 3072 1667 3138 πάντως
1718 3079 1815 3130 αὑ-

241 3137 360 3196 ταῖς
411 3137 602 3206 ὄψεσιν
649 3144 898 3215 ἑώρακας
938 3151 1028 3204 τὸν
1081 3155 1534 3229 ’Δπολινάριονέν
1564 3166 1664 3236 βίῳ
1713 3169 1816 3222 σώ-

240 3229 400 3294 φρονί
449 3248 510 3282 τε
545 3235 636 3285 καὶ
679 3239 862 3308 σεμνῷ
895 3252 1379 3318 καταγεγηρακότα
1398 3293 1411 3316 ,
1442 3255 1622 3326 τίμιόν
1650 3276 1709 3312 τε
1737 3263 1815 3331 τῷ

236 3317 400 3390 λόγῳ,
437 3326 530 3376 καὶ
559 3325 661 3379 ὑπὸ
699 3329 808 3382 τῶν
851 3332 1270 3406 Ἀρειομανιτῶν
1310 3317 1813 3422 ιιιοιιρῷδεδιωγμέζ

237 3427 325 3462 νον
357 3430 370 3441 ·
396 3416 494 3466 καλ⁵
535 3417 686 3486 ὅμως
714 3423 742 3473 ό
771 3423 1008 3490 τοιοῦτος
1047 3427 1302 3493 ἐξέπεσεν
1339 3439 1416 3498 εἰς
1447 3440 1658 3511 αἵρεσιν
1681 3444 1816 3497 πλα-

238 3502 420 3570 νηθεὶς
455 3506 558 3558 ὑπὸ
588 3509 681 3561 τοῦ
731 3512 976 3568 διαϐόλου
999 3561 1012 3581 ,
1051 3521 1144 3573 καὶ
1186 3502 1518 3595 δογματίζει.
1543 3535 1812 3605 φανερῶς,

236 3592 318 3695 ὅτι
345 3595 554 3651 ἄνωθεν
587 3602 615 3652 ό
649 3601 773 3666 Υἱὸς
816 3607 910 3659 τοῦ
965 3609 1098 3664 Θεοῦ
1143 3592 1466 3687 τὴνίὲτάρκα
1505 3592 1812 3695 άςᾷειλτίφεᾷξ

239 3686 378 3788 μήτε
610 3731 623 3754 ,
659 3695 796 3764 μήτε
827 3698 948 3750 νοῦν
976 3701 1200 3771 ἔχουσαν
1220 3747 1233 3770 ,
1269 3686 1419 3762 θείαν
1447 3712 1502 3764 δὲ
1541 3686 1814 3788 ἐμψυέίαν

237 3779 374 3842 φησὶ
422 3780 518 3849 τὴν
544 3782 776 3852 θεότητα
807 3789 900 3840 τοῦ
939 3793 1110 3861 Λόγου
1142 3813 1154 3825 ·
1182 3799 1384 3872 σπουδῇ
1425 3804 1482 3857 δὲ
1515 3779 1607 3858 τοῦ
1629 3779 1812 3863 ’πάσιν

235 3867 546 3938 ἀνθρώποις
599 3875 917 3944 φθονοῦντος
954 3883 1233 3940 διαϐόλου·
1279 3892 1354 3956 ὥς
1401 3896 1505 3948 πού
1555 3915 1660 3950 τινι
1704 3901 1813 3954 τῶν

235 3960 415 4022 σοφῶν
435 3961 673 4032 εἴρηται,
705 3969 786 4022 ὅτι
821 3971 1010 4038 φθόνος
1052 3977 1137 4030 ἀεὶ
1165 3984 1285 4044 ταῖς
1311 3987 1578 4053 μεγάλαις
1607 3992 1813 4062 εὐπρα-

235 4048 383 4114 γίαις
411 4054 707 4122 ἀντίπαλος
729 4076 743 4089 ·
780 4063 922 4116 οὕτω
969 4067 1055 4120 διὰ
1085 4072 1390 4137 προσώπων
1433 4079 1802 4152 προϐεϐοημὲ-

233 4157 366 4205 νων,
416 4146 509 4195 καὶ
548 4147 686 4200 πάνυ
721 4150 1143 4221 θαυμασθὲν-των
1185 4162 1368 4230 βαλεῖν
1413 4185 1565 4233 τινας
1599 4175 1812 4242 προφά-

239 4247 394 4335 σεις,
438 4234 526 4335 ῐνΙα
568 4237 660 4306 τὴν
711 4241 804 4294 τοῦ
845 4246 1080 4316 Χριστοῦ
1135 4252 1459 4325 Ἐκκλησίαν
1506 4234 1806 4335 θορυϐήσῃ,

236 4323 340 4372 καὶ
361 4323 594 4397 λυπήσῃ,
626 4333 718 4384 καὶ
746 4335 1018 4406 στιϐαρῶς
1055 4343 1284 4415 ταράξῃ,
1311 4348 1403 4399 καὶ
1434 4353 1700 4425 συγχήσῃ.

548 4625 718 4679 ΣΝίΡ.
738 4659 808 4668 -—
833 4629 1162 4704 ΣΑΒΟΥΡῙῼ
1195 4635 1486 4690 ΚΟΜΗΤῙ.

295 4735 432 4804 Περὶ
457 4739 556 4808 τῆς
589 4741 785 4811 νοητῆς
821 4743 1175 4818 Ἰερουσαλὴμ
1201 4792 1214 4815 ,
1249 4754 1499 4807 τουτέστι
1538 4757 1636 4826 τῆς
1683 4759 1806 4810 Ἐκ-

223 4823 477 4916 κλησίας,
529 4829 840 4899 γέγραπται
870 4835 962 4887 τόο
1000 4855 1019 4888 ι
1055 4831 1160 4902 Ἦς
1193 4843 1225 4908 ή
1264 4843 1464 4915 μετοχὴ
1504 4823 1673 4916 αὐτῆς
1704 4849 1796 4901 ἐπὶ

219 4915 281 4967 τὸ
311 4918 467 4971 αὐτό.
506 4938 525 4969 ι
562 4921 769 4986 Πάντες
808 4925 915 4997 γὰρ
949 4929 997 4979 οἱ
1030 4933 1394 4997 πιστεύοντες,
1413 4936 1469 4988 ἒν
1502 4939 1680 5008 σῶμα,
1705 4943 1802 4993 καὶ

217 5008 278 5059 ἒν
301 5027 544 5080 πνευμα,
584 5015 681 5082 μία
731 5016 886 5082 πόλις
937 5021 1014 5089 τῷ
1061 5023 1245 5095 τρόπῳ
1290 5026 1645 5098 ὑπάρχοντες,
1679 5048 1800 5084 συν-

216 5101 506 5168 ερχόμενοι
543 5105 633 5156 ἐπὶ
666 5106 726 5158 τὸ
763 5108 914 5172 αὐτὸ,
940 5111 996 5161 ἐν
1024 5112 1098 5181 τῷ
1124 5114 1400 5186 συνδέσμῳ
1433 5118 1529 5186 τῆς
1557 5120 1798 5190 εἰρήνης,

214 5195 310 5245 καὶ
365 5195 467 5262 τῆς
500 5197 722 5267 ἀγάπης
743 5240 758 5263 ,
783 5201 1122 5271 ὁμοθυμαδὸν
1162 5209 1462 5276 μετέχομεν
1509 5209 1615 5262 τῶν
1647 5229 1798 5280 χαρι-

215 5285 448 5352 σμάτων
475 5288 564 5339 τοῦ
601 5290 756 5356 ἁγίου
795 5292 1128 5362 Πνεῦματος.
1633 5305 1636 5308 ’

669 5425 835 5479 ελον.
860 5455 926 5468 --
955 5429 1372 5504 Numano.

283 5535 406 5605 Τὴν
425 5537 687 5608 Ξνςαρκον
711 5544 1020 5614 οἰκονομίαν
1056 5547 1246 5619 λύχνον
1271 5552 1430 5618 φησίν
1452 5570 1464 5583 ·
1500 5556 1530 5622 ἡ
1559 5555 1666 5625 γὰρ
1704 5556 1796 5608 τοῦ

282 5712 326 5744 ⁸³
357 5709 534 5765 Levit.
592 5729 704 5772 λιιι.
735 5716 821 5768 51.
963 5721 1006 5748 ⁵³
1033 5719 1189 5772 .loan.
1251 5738 1286 5785 ι,
1326 5723 1403 5776 16.

1841 4547 1885 4600 D
1911 4548 2045 4602 dial.

1484 5725 1526 5752 ⁵³
1571 5723 1806 5792 Ph'tipp.
1860 5740 1940 5787 ιιι,
1992 5724 2073 5776 19.

1926 1929 2032 1973 tem
2059 1936 2168 1974 non
2203 1924 2506 1990 possident,
2541 1935 2593 1978 et
2623 1942 2741 1979 eam
2772 1929 3114 1996 proﬁtentur,
3144 1930 3494 1984 manifestum

1924 2022 2007 2066 est
2049 2027 2144 2066 eos
2189 2029 2218 2066 e
2265 2023 2454 2066 ventre
2505 2017 2764 2079 clamare,
2817 2034 2918 2072 suo
2956 2019 3133 2073 ventri
3184 2019 3492 2082 audientes,

1930 2121 1948 2154 ι
1988 2103 2189 2171 quibus
2221 2103 2360 2158 Deus
2390 2114 2584 2160 venter
2612 2116 2694 2161 est
2716 2108 2781 2160 ⁸³.
2811 2099 2841 2159 ἰ
2875 2107 3020 2164 Fons
3053 2109 3251 2164 etenim
3281 2125 3494 2167 sermo-

1925 2209 2052 2245 num
2085 2195 2261 2247 ventri
2293 2195 2602 2250 deditorum
2635 2215 2742 2252 non
2767 2214 2830 2252 ex
2858 2199 3062 2269 Spiritu
3087 2210 3280 2256 sancto
3301 2203 3493 2269 efﬂuit,

1925 2300 2030 2336 non
2053 2301 2080 2337 a
2113 2287 2356 2354 principe
2389 2289 2581 2343 animm
2619 2302 2789 2358 parte,
2819 2308 2926 2345 non
2958 2308 2986 2345 a
3015 2293 3182 2353 corde
3209 2293 3490 2351 Christum

1923 2375 2368 2444 concupiscente,
2401 2380 2494 2432 sed
2531 2397 2558 2432 υ
2593 2371 2779 2434 ventre
2805 2391 3044 2436 emanat.

2268 2605 2513 2660 ccevu.
2553 2639 2622 2648 _
2658 2576 3139 2669 DIOCLETIAN-O.

1990 2715 2174 2771 Potest
2220 2719 2495 2788 quispiam
2549 2738 2615 2776 ex
2669 2733 2820 2793 parte
2865 2724 3054 2780 dextra
3105 2726 3159 2780 in
3204 2726 3488 2782 sinistram

1921 2807 2064 2862 facili
2089 2811 2308 2879 negotio
2341 2815 2612 2880 convolvi,
2649 2825 2706 2869 ιιι
2735 2817 2809 2869 ait
2835 2817 3164 2881 Apostolus:
3201 2836 3219 2870 ι
3252 2817 3355 2885 Qui
3381 2817 3488 2874 sibi

1918 2901 2132 2955 videtur
2187 2911 2356 2970 stare,
2411 2906 2594 2959 videat
2644 2922 2712 2960 ne
2769 2908 2928 2960 cadat
2970 2908 3063 2964 ’δε
3102 2928 3122 2961 ι
3158 2924 3393 2978 namque
3418 2909 3486 2964 ad

1917 3000 2224 3047 extremum
2263 3011 2439 3064 usque
2469 2995 2722 3064 spiritum
2760 3012 2848 3052 res
2883 2998 3135 3053 humana:
3177 3000 3234 3054 in
3280 3000 3488 3055 incerto

1918 3091 2066 3144 sunt,
2094 3084 2224 3138 hinc
2269 3092 2434 3155 atque
2477 3087 2627 3141 illinc
2683 3102 2804 3142 sese
2856 3089 3227 3145 deﬁectentes.
3261 3089 3326 3145 Et
3355 3105 3489 3145 sane

1843 3204 1884 3262 Ο
1921 3175 2028 3230 tuis
2056 3177 2170 3244 ipse
2192 3177 2368 3232 oculis
2399 3179 2685 3247 inspexisti
2714 3180 3110 3250 Apollinarium
3142 3182 3197 3235 in
3229 3183 3336 3236 vita
3361 3198 3491 3252 pru-

1920 3268 2069 3323 denti
2097 3277 2150 3322 et
2192 3271 2500 3325 veneranda
2529 3273 2684 3327 senio
2709 3273 3199 3343 ingravescentem,
3230 3292 3486 3332 sermone

1919 3359 2306 3427 honoriﬁcum,
2364 3370 2419 3417 et
2469 3362 2538 3417 ab
2586 3363 2807 3420 Arianis
2853 3381 2949 3435 per
2992 3366 3216 3436 aliquod
3271 3375 3486 3438 tempus

1917 3452 2356 3521 persecutionem
2387 3469 2633 3523 passum.
2677 3454 2777 3510 Hic
2817 3457 3176 3513 nihilominus
3208 3473 3237 3512 a
3267 3457 3486 3513 diabolo

1917 3542 2214 3605 seductus,
2283 3543 2338 3597 in
2384 3543 2632 3598 haeresim
2689 3545 2924 3610 incidit,
2975 3549 3266 3618 palamque
3316 3550 3483 3605 veluti

1915 3631 2114 3702 dogma
2133 3633 2458 3699 enuntiavit,
2489 3634 2597 3706 97
2627 3636 2825 3691 Filium
2857 3637 2950 3693 Dei
2980 3639 3102 3694 loco
3149 3655 3179 3694 e
3213 3641 3482 3709 superiori

1915 3737 2136 3778 carnem
2173 3727 2572 3795 assumpsisse,
2605 3729 2782 3781 anima
2811 3739 3098 3798 menteque
3125 3746 3188 3785 ex
3227 3739 3398 3798 parte,
3430 3741 3483 3782 et

1914 3814 2158 3868 divinam
2217 3817 2670 3872 inanimationem
2726 3828 2886 3873 vocat
2948 3819 3108 3874 Verbi
3159 3823 3416 3875 deitatem
3466 3839 3478 3872 :

1913 3906 2079 3974 idque
2121 3921 2287 3976 opera
2329 3909 2600 3962 universis
2653 3909 2971 3964 hominibus
3021 3911 3318 3966 invidentis
3366 3913 3482 3964 dia-

1914 3997 2062 4064 boli;
2093 3998 2556 4067 quemadmodum
2609 4000 2704 4054 uni
2751 4015 2818 4055 ex
2869 4002 3217 4072 sapientibus
3268 4003 3478 4059 dictum

1911 4097 2015 4152 est,
2049 4090 2307 4144 invidiam
2336 4106 2552 4160 semper
2585 4107 2708 4148 esse
2758 4108 3083 4164 magnorum
3127 4109 3192 4148 ac
3238 4094 3481 4149 fortuna-

1911 4190 2090 4234 torum
2132 4196 2488 4237 successuum
2539 4183 2992 4238 adversatricem.
3048 4183 3140 4238 Sic
3191 4200 3290 4254 per
3332 4184 3480 4239 viros

1909 4274 2092 4344 magni
2119 4275 2385 4340 nominis,
2411 4285 2464 4329 et
2493 4277 2584 4344 qui
2621 4276 2857 4330 maxima
2883 4277 2936 4329 in
2967 4277 3332 4331 admiratione
3368 4277 3479 4330 fue-

1911 4374 2060 4432 runt,
2112 4365 2362 4418 nonnihil
2413 4367 2877 4431 comminiscitur,
2933 4377 2992 4420 ut
3043 4367 3134 4422 Dei
3181 4368 3477 4423 Ecclesium

1912 4457 2116 4520 turbet,
2151 4473 2386 4512 mmrore
2409 4457 2627 4522 aiiiciat,
2650 4474 2713 4513 ac
2735 4459 2909 4514 valide
2937 4475 3263 4514 concussam
3294 4459 3474 4513 confo-

2182 4639 2452 4696 CCLVIII:
2484 4672 2552 4680 —
2595 4639 2893 4695 SABURIO
2944 4640 3198 4696 COMITI.

1981 4749 2054 4804 De
2111 4750 2467 4805 intellectuali
2519 4749 2900 4812 Hierusalem,
2960 4752 3012 4804 id
3057 4761 3140 4805 est
3195 4749 3470 4812 Ecclesia,

1908 4841 2177 4911 scriptum
2225 4851 2309 4897 est
2349 4860 2360 4896 :
2424 4861 2440 4892 ι
2483 4841 2654 4908 Cujus
2722 4841 3071 4910 participatio
3121 4841 3240 4909 ejus
3289 4840 3340 4892 in
3391 4839 3476 4892 id-

1906 4935 2086 5002 ipsum
2105 4935 2203 4987 ⁸⁵.»
2227 4933 2429 4988 Omnes
2461 4934 2605 4987 enim
2629 4934 2938 4990 credentes,
2973 4947 3138 4983 unum
3167 4946 3388 4994 corpus,
3427 4943 3481 4987 et

1909 5040 2052 5079 unus
2091 5025 2340 5093 spiritus,
2371 5039 2586 5095 unaque
2633 5023 2827 5076 civitas
2862 5023 3106 5076 moribus
3136 5037 3260 5074 cum
3299 5021 3472 5074 simus

1909 5118 1962 5170 in
1999 5115 2140 5169 idem
2180 5114 2588 5176 convenientes,
2624 5114 2677 5167 in
2711 5115 2864 5182 pacis
2893 5112 3112 5166 vinculo
3145 5121 3199 5164 ct
3230 5111 3474 5164 charita-

1908 5209 1999 5271 tis,
2027 5206 2358 5260 unanimiter
2389 5205 2625 5273 Spiritus
2650 5203 2826 5256 sancti
2851 5217 3142 5256 munerum
3171 5201 3464 5271 participes

1909 5299 2206 5352 evadimus.

2299 5427 2521 5484 CCLIX.
2561 5458 2627 5468 -—-
2670 5426 3085 5483 NAUCRATIO.

1981 5546 2380 5602 lncaruationis
2434 5544 2844 5614 dispositionem
2903 5544 3180 5596 lucernam
3237 5547 3397 5596 vocat
3449 5557 3465 5595 :

2151 5723 2194 5753 "‘
2229 5723 2246 5774 l
2287 5723 2410 5775 Cor.
2443 5678 2496 5787 ιι,
2541 5721 2623 5774 1'2.
2703 5719 2746 5750 ⁵⁵
2775 5719 2922 5774 Psal.
2987 5724 3136 5784 cx‘u,
3161 5719 3215 5773 5.

3983 1355 3985 1448 ι

3981 3815 3985 3980 l
