4012 6196
532 331 601 393 79

1962 329 2020 388 S.
2061 327 2223 388 NILI

3640 317 3740 380 I80

504 436 784 507 Sapientia
825 435 1024 504 quippe
1067 430 1158 487 Dei
1206 432 1410 486 dictam
1456 433 1735 488 lucernam
1765 432 2070 489 accendens

2187 433 2309 486 θεοῦ
2359 433 2517 501 σοφία
2561 433 2650 484 τὸν
2696 431 2979 503 εἰρημένον
3026 431 3208 500 ἅψασα
3252 429 3443 500 λύχνον
3483 422 3617 500 ηὗρε
3646 442 3743 501 τήν

503 525 814 581 drachmam
843 521 1187 591 deperditam
1215 521 1423 576 invenit
1452 522 1519 574 ⁸⁸.

992 612 1189 668 CCLX.
1229 645 1300 654 —
1334 612 1540 667 Eidem.

574 706 726 770 Quod
777 704 955 759 salute
997 712 1082 759 est
1124 705 1375 775 dignum,
1409 720 1571 758 omne
1620 706 1900 759 inventum
1950 712 2072 767 est;

504 795 785 864 indignum
814 802 1040 863 propter
1076 794 1529 863 imposnitentiam
1563 802 1618 848 et
1649 805 1925 862 stuporem
1961 808 2067 847 non

504 885 708 940 dicitur
732 885 1053 959 inventum.
1093 903 1111 935 ι
1158 885 1369 940 Etenim
1408 886 1537 940 licet
1576 886 1685 940 sint
1713 886 1875 939 sicuti
1909 899 2073 938 arena

504 977 693 1039 maris,
732 977 981 1045 reliquiae
1029 976 1389 1031 salvabuntur
1436 978 1504 1040 ⁸⁷,
1545 996 1563 1030 ι
1595 977 1710 1033 sive
1751 977 1898 1045 quod
1930 975 2074 1044 apud

505 1068 831 1137 Apostolum
866 1068 1145 1123 residuum
1196 1069 1499 1123 secundum
1537 1070 1862 1125 electionem
1902 1068 2103 1139 gratia}

508 1160 737 1223 dicitur,
770 1159 881 1229 98
903 1159 1049 1229 quod
1082 1175 1175 1228 per
1201 1160 1359 1214 fidem
1391 1168 1639 1214 servatur
1661 1160 1726 1212 ⁵⁸.

1006 1249 1229 1305 CCLXI.
1271 1281 1339 1289 —
1377 1250 1585 1307 Eidem.

582 1341 636 1395 Si
669 1357 881 1401 omnes,
911 1352 966 1394 ut
992 1349 1047 1395 tu
1071 1342 1231 1407 dicis,
1265 1342 1573 1407 salvantur,
1594 1342 1873 1411 quomodo
1897 1342 2075 1397 factus

511 1447 630 1485 sum
675 1430 931 1485 omnibus
976 1431 1187 1492 omnia,
1245 1441 1302 1484 ut
1362 1432 1589 1485 omnino
1632 1432 1870 1500 aliquem
1908 1432 2079 1485 lucri-

513 1522 742 1577 I‘acerem
779 1520 860 1571 "?
902 1538 919 1571 ι
956 1520 1241 1584 Quomodo
1276 1521 1341 1574 ad
1374 1521 1742 1575 annulaudum
1770 1528 2073 1592 provocem

512 1624 734 1662 carnem
789 1625 985 1673 meam,
1037 1617 1096 1663 ut
1157 1611 1371 1680 aliquos
1416 1628 1483 1666 ex
1538 1612 1668 1676 illis,
1716 1628 1821 1667 non
1863 1628 2074 1676 omnes,

514 1700 695 1753 salvos
728 1699 927 1753 faciam
967 1701 1050 1752 6°?
1093 1720 1109 1751 ι

446 1774 455 1781 ’
1007 1790 1253 1844 ccnxu.
1295 1822 1363 1830 -
1399 1792 1606 1846 Eidem.

582 1879 838 1933 Nonnulli
866 1882 1163 1950 prophetas
1189 1899 1319 1953 apes
1347 1893 1670 1953 nuncupant
1702 1904 1714 1940 :
1744 1887 2077 1940 tnellilicium

511 1986 699 2023 eorum
750 1972 974 2025 tradunt
1011 1988 1135 2027 esse
1182 1974 1423 2027 divinam
1463 1976 1825 2043 Scripturam.
1873 1975 2079 2031 Bonum

515 2064 695 2131 itaque
723 2061 890 2116 fuerit
924 2064 1150 2121 credere
1183 2066 1464 2121 Salomoni
1493 2068 1699 2123 dicenti
1737 2088 1749 2123 :
1794 2087 1812 2120 ι
1856 2070 1956 2123 Fili
1983 2070 2077 2133 mi,

513 2154 737 2209 comede
771 2157 899 2221 mel,
937 2164 993 2208 ul.
1027 2157 1227 2211 anima:
1256 2156 1443 2213 fauces
1478 2160 1799 2216 dulcescant
1829 2161 1891 2214 “.
1932 2178 1953 2209 ι
1987 2160 2080 2215 Ci-

510 2240 640 2299 bum
676 2243 890 2306 dulcem
936 2258 1001 2297 ac
1036 2244 1291 2298 melleum
1326 2256 1484 2300 vocat
1530 2248 1845 2314 lectionem,
1878 2256 1932 2304 et
1966 2249 2079 2304 elo-

513 2333 766 2402 quiorum
800 2333 1042 2405 Spiritus
1070 2337 1499 2392 meditationem.

982 2514 1249 2572 CCLXIII.
1286 2548 1356 2559 —
1391 2517 1594 2573 Eidem.

584 2604 775 2661 Poscis
820 2621 847 2659 a
891 2623 998 2673 me,
1035 2608 1168 2678 quid
1199 2610 1332 2664 illud
1368 2621 1542 2679 notet,
1581 2615 1725 2683 quod
1763 2615 2028 2670 scribitur
2061 2634 2073 2668 :

517 2717 532 2745 ι
574 2697 691 2749 Non
742 2701 1114 2767 cognoscebat
1154 2701 1356 2773 Joseph
1404 2704 1655 2771 Mariam,
1700 2706 1876 2763 donec
1913 2723 2078 2777 pepe-

510 2791 582 2839 rit
618 2788 701 2840 3'?
745 2806 762 2837 ι
804 2788 855 2841 id
884 2799 987 2854 est,
1019 2805 1124 2844 non
1167 2794 1417 2857 callebat,
1457 2811 1634 2866 neque
1669 2797 1902 2860 sciebat,
1932 2796 2078 2866 quod

511 2877 741 2946 lleipara
775 2878 942 2933 Maria
968 2882 1375 2938 ostenderetur.
1407 2882 1513 2939 Sed
1554 2893 1679 2955 post
1713 2895 1931 2956 partum
1976 2886 2076 2940 ad-

508 2968 817 3022 mirabilem
895 2972 1363 3028 annuutiaverunt
1430 2983 1685 3043 pastores
1753 2977 2075 3047 angelorum

2175 524 2424 594 δραχμὴν
2450 523 2547 592 τὴν
2574 522 2932 576 ἀπολωλυῖαν.

2696 615 2811 667 ΣΞ’.
2847 644 2916 653 ——
2946 614 3027 683 Τῷ
3061 612 3239 678 αὐτῷ.

2244 708 2359 759 Πᾶν
2390 706 2450 758 τὸ
2487 705 2633 769 ἄξιον
2667 703 2941 773 σωτηρίας
2980 703 3186 773 ηὑρέθη
3208 743 3223 766 ,
3249 703 3309 756 τὸ
3340 704 3385 756 δ’
3419 703 3631 766 ἀνάξιον
3656 704 3747 756 διὰ

2173 799 2270 867 τὴν
2312 796 2708 867 ἀμετανοησίαν
2732 835 2746 857 ,
2782 796 2873 848 καὶ
2906 793 3001 864 τὴν
3034 794 3292 863 πώρωσιν
3336 795 3432 862 οὐχ
3480 795 3745 864 εὑρῆσθαι

2174 890 2427 956 λέγεται·
2455 908 2472 939 ι
2521 889 2643 941 Ἐὰν
2690 887 2797 955 γὰρ
2844 885 3079 957 ὑπάρχει
3128 885 3316 954 ὥσπερ
3354 887 3383 937 ὁ
3419 886 3599 954 ἄμμος
3647 886 3748 954 τῆς

2177 981 2484 1051 θαλάσσης,
2519 980 2579 1032 τὸ
2618 978 2968 1048 κατάλειμμα
3000 977 3323 1046 σωθήσεται,
3359 995 3377 1027 ι
3415 977 3533 1046 ἢτοι
3567 977 3628 1028 τὸ
3658 977 3751 1029 λε-

2174 1073 2403 1143 γόμενον
2462 1071 2614 1142 παρά
2645 1070 2721 1139 τῷ
2756 1068 3064 1138 ’Λποστόλῳ
3112 1068 3318 1138 λεῖμμα
3353 1068 3470 1120 κατ’
3516 1068 3750 1139 ἐκλογὴν

2176 1165 2401 1235 χάριτος
2437 1164 2741 1231 σωζόμενον
2775 1162 2861 1213 διὰ
2891 1161 3146 1222 πίστεως.

2668 1254 2829 1306 ΣΞΑ’.
2854 1282 2924 1291 --
2961 1250 3043 1316 Τῷ
3073 1248 3249 1314 αὐτῷ.

2247 1346 2309 1397 Ei
2337 1344 2551 1407 πάντες,
2587 1343 2662 1405 ὡς
2686 1342 2885 1410 λέγεις,
2913 1339 3205 1403 σώζονται,
3239 1336 3353 1399 πῶς
3394 1337 3527 1388 πᾶσι
3550 1336 3751 1403 γέγονα

2177 1437 2374 1499 πάντα,
2390 1438 2477 1490 ῐνα
2506 1438 2721 1497 πάντως
2744 1434 2865 1486 τινὰ
2891 1432 3076 1496 σώσω;
3108 1450 3125 1481 ι
3146 1429 3268 1491 Πῶς
3289 1428 3344 1480 δὲ
3368 1428 3752 1497 παραζηλώσω

2180 1545 2281 1593 μου
2326 1528 2423 1595 τήν
2465 1529 2639 1596 σάρκα
2671 1528 2817 1589 ὅπως
2857 1523 3014 1577 σώσω
3042 1522 3191 1583 τινὰς
3225 1520 3283 1586 ἐξ
3314 1519 3513 1583 αὐτῶν,
3557 1519 3649 1571 καὶ
3680 1518 3747 1571 οὑ

2178 1624 2383 1686 πάντας
2408 1641 2420 1688 ;
2455 1643 2472 1673 ι

2670 1796 2826 1849 ΣΞΒ’.
2856 1826 2922 1834 ——
2958 1793 3041 1859 Τῷ
3075 1792 3250 1858 αὐτῷ.

2251 1889 2526 1951 Μελίσσας
2564 1887 2706 1948 τινὲς
2738 1887 2867 1949 τοὺς
2916 1887 3201 1956 προφήτας
3244 1886 3616 1953 κικλήσκουσι,
3648 1900 3751 1950 με-

2180 1976 2544 2048 λισσουργεῑον
2572 1975 2615 2027 δ’
2640 1974 2816 2027 αὐτῶν
2847 1976 2943 2045 τὴν
2974 1974 3122 2027 θείαν
3149 1970 3543 2044 εἷναιΓραιρήν.
3567 1970 3755 2024 Καλὸν

2179 2067 2356 2121 τοίνυν
2388 2068 2642 2137 ὑπάρχει,
2676 2066 2959 2119 πείθεσθαι
2991 2065 3068 2135 τῷ
3101 2065 3405 2134 Σολομῶντι
3447 2064 3710 2131 φάσκοντι
3738 2078 3751 2091 ·

2189 2179 2207 2211 ι
2249 2159 2347 2211 Υίέ
2379 2177 2502 2229 μου,
2540 2158 2680 2226 φάγε
2700 2159 2843 2228 μέλι,
2866 2160 3014 2221 ὅπως
3038 2157 3102 2210 ἂν
3134 2155 3492 2225 γλυκανθείης
3521 2153 3610 2205 τὸν
3647 2152 3757 2220 τῆς

2178 2251 2354 2320 ψυχῆς
2410 2250 2688 2320 φάρυγγα.
2735 2268 2753 2299 ›
2792 2249 3005 2320 Βρῶσιν
3036 2250 3092 2301 δὲ
3146 2248 3292 2316 λέγει
3348 2247 3621 2315 γλυκεῖαν,
3652 2245 3759 2297 καὶ

2183 2341 2447 2413 μελιτώδη
2469 2342 2567 2412 τὴν
2597 2341 2899 2410 ἀνάγνωσιν
2934 2342 3027 2395 καὶ
3047 2343 3145 2411 τὴν
3172 2340 3399 2411 μελέτην
3424 2338 3531 2391 τῶν
3551 2337 3757 2405 λογίων

2178 2432 2271 2486 τοῦ
2300 2433 2439 2485 Πνεύ
2448 2450 2634 2501 ματος.

2676 2526 2830 2579 ΣΞΓ’.
2858 2556 2927 2565 -
2962 2525 3044 2590 Τῷ
3077 2522 3253 2587 αὐτῷ.

2250 2617 2501 2690 Πυνθάνῃ
2529 2634 2651 2687 μου,
2691 2616 2744 2669 τί
2791 2616 2909 2667 ἐστι
2937 2613 2995 2666 τὸ
3021 2611 3397 2681 γεγραμμένον
3422 2648 3437 2675 ,
3466 2610 3547 2661 ὅτι
3572 2625 3590 2658 ι
3629 2607 3756 2660 Οὐκ

2179 2709 2472 2776 ἐγίνωσκεν
2508 2708 2704 2779 Ἰωσὴιῤ
2726 2709 2822 2777 τὴν
2850 2704 3204 2776 Μαρίαν,ἓως
3238 2697 3298 2756 οὗ
3326 2701 3559 2753 ἔτεκεν.»
3582 2699 3758 2750 Τουτ-

2179 2801 2347 2863 έστιν,
2381 2801 2479 2853 οὐκ
2513 2801 2654 2871 ᾔδει,
2684 2801 2802 2853 οὐδὲ
2826 2799 3113 2868 ἠπίστατο,
3147 2797 3229 2848 ὅτι
3266 2794 3528 2854 Θεοτόκος
3559 2793 3591 2861 ή
3628 2793 3758 2844 Μα-

2180 2894 2271 2964 ρία
2299 2894 2665 2965 δειχθήσεται.
2697 2892 2849 2946 Μετὰ
2881 2891 2936 2943 δὲ
2978 2890 3069 2943 τὸν
3096 2884 3397 2957 παράδοξον
3419 2885 3596 2945 τόκον,
3633 2883 3755 2935 ἀπ-

2179 2985 2439 3054 ήγγειλαν
2468 2987 2515 3037 οἱ
2548 2984 2804 3053 ποιμένες
2849 2982 2976 3044 τοὺς
3012 2980 3201 3047 λόγους
3242 2977 3348 3030 τῶν
3378 2974 3645 3042 ἀγγέλων,
3666 2975 3756 3026 ὅτι

507 3072 791 3111 sermones
827 3078 839 3114 :
880 3078 898 3109 ι
934 3058 1109 3117 Natus
1145 3074 1228 3117 est
1273 3064 1327 3118 in
1364 3065 1569 3119 mundo
1594 3065 1850 3122 Christus
1885 3067 2070 3122 Domi~

2187 3076 2451 3146 ιἘτέχθη
2499 3077 2650 3147 παρὰ
2682 3075 2759 3144 τῷ
2800 3075 2983 3143 κόσμῳ
3026 3070 3257 3142 Χριστὸς
3283 3069 3484 3139 Κύριος
3509 3068 3564 3119 ἐν
3593 3065 3752 3119 πόλει

506 3164 610 3203 nus
646 3148 697 3201 in
731 3151 955 3205 civitate
994 3150 1163 3206 David
1196 3154 1260 3208 ⁸³.
1296 3171 1314 3205 ι
1351 3153 1416 3208 Et
1451 3174 1463 3208 :
1496 3174 1512 3206 ι
1543 3155 1729 3211 Gloria
1761 3157 1814 3210 in
1839 3159 2070 3214 excelsis

505 3238 637 3302 Deo,
672 3248 723 3292 et
762 3242 814 3294 in
846 3250 985 3295 terra
1033 3258 1134 3312 par
1169 3246 1235 3309 "',
1275 3264 1293 3297 ι
1327 3255 1434 3301 etc.

609 3330 881 3389 CCLXIV.
928 3364 984 3372 —~
1020 3334 1467 3393 CALLIMACIIO
1499 3338 1953 3397 MEMORIALIO.

578 3421 816 3493 Simplex
865 3442 925 3477 ac
962 3428 1103 3479 nuda
1141 3429 1407 3486 divinitus
1450 3432 1732 3503 inspirata:
1768 3433 2072 3504 Scriptura:

505 3513 685 3567 littera
726 3516 881 3570 favus
914 3518 956 3547 ⁵⁵
991 3534 1097 3572 nou
1138 3521 1275 3575 male
1319 3522 1523 3577 dicitur
1563 3546 1573 3578 :
1608 3527 1699 3595 qui
1752 3526 1857 3581 sub
1889 3527 2071 3581 littera

504 3607 667 3662 veluti
708 3609 1002 3665 thesaurus
1040 3612 1405 3671 absconditur
1448 3633 1670 3687 sensus,
1706 3620 1934 3691 ﬁgurate
1969 3621 2072 3675 mel

504 3705 813 3759 vocabitur.

674 3795 786 3865 99
813 3796 1059 3852 ccuv.
1091 3830 1160 3842 _
1184 3800 1411 3860 PAULO
1443 3806 1905 3866 DECEMPRIMO.

578 3905 594 3934 ι
636 3886 776 3962 Ecce
802 3904 903 3959 ego
928 3901 982 3945 et
1022 3894 1173 3962 pueri
1213 3896 1314 3950 mei
1349 3898 1433 3962 ⁶⁶;
1477 3918 1495 3951 ι
1532 3898 1789 3956 Servator
1817 3902 2072 3958 Christus

502 3992 597 4046 per
632 3979 828 4033 Isaiam
866 3982 1159 4037 clamabat.
1197 3984 1669 4051 Quemadmodum
1701 3993 1845 4047 enim
1869 4010 2072 4064 pueru-

502 4068 571 4121 lis
603 4070 809 4124 sanctis
848 4073 1126 4140 expedivit
1163 4076 1442 4143 Servator,
1487 4097 1827 4152 qua‘cuuque
1862 4085 1940 4137 illi
1982 4100 2073 4138 ca-

503 4175 628 4225 pere
657 4170 937 4227 poterant,
974 4166 1208 4234 aliisque
1251 4168 1585 4224 ministrare.
1632 4172 1838 4227 Christi
1870 4175 2071 4244 quippe

503 4249 819 4316 pcrfectioni
849 4255 1023 4307 sancti
1054 4271 1244 4310 omnes
1278 4260 1595 4327 :equiparati
1633 4262 1782 4327 pueri
1815 4271 1963 4317 sunt.

747 4343 1021 4398 CCLXVI.
1061 4375 1129 4385 —
1156 4346 1457 4402 CYRILLO
1518 4349 1820 4405 PRIMATI.

2176 3176 2336 3229 Δαυῖδ
2357 3194 2369 3207 ο
2407 3195 2425 3226 ι
2457 3175 2550 3227 καί
2581 3192 2594 3205 ο
2635 3193 2652 3225 ι
2689 3172 2825 3237 Δόξα
2859 3174 2915 3226 ὲν
2950 3171 3191 3241 ὑψίστοις
3224 3167 3363 3235 Θεῷ,
3392 3166 3486 3219 καὶ
3519 3164 3611 3216 ἐπὶ
3639 3163 3746 3231 γῆς

2176 3272 2367 3342 εἰρήνη
2392 3289 2409 3320 ι
2441 3272 2534 3322 και
2565 3268 2634 3321 τὰ
2660 3268 2807 3337 ἑξῆς.

2348 3362 2501 3414 ΣΞΔἎ
2539 3389 2607 3399 -
2647 3357 3061 3427 ΚΑΑΛΙΜΑΧῼ
3114 3353 3565 3421 ΜΕΜΟΡΙΑᾹΙῼ.

2245 3453 2414 3506 Ψιλὸν
2456 3452 2516 3504 τὸ
2554 3451 2788 3521 γράμμα
2829 3449 2928 3518 τῆς
2963 3446 3321 3501 θεοπνεύστου
3363 3442 3606 3514 Γραφῆς,
3643 3457 3749 3508 κη-

2176 3543 2288 3613 ρίον
2323 3543 2387 3594 ἂν
2410 3541 2646 3607 λέγοιτο*
2666 3540 2694 3591 ὁ
2731 3539 2785 3591 δέ
2807 3555 2869 3605 γε
2902 3538 2960 3589 ὲν
2993 3537 3072 3606 τῷ
3104 3536 3389 3607 γράμματι
3417 3533 3746 3601 τεθησαυρι-

2174 3635 2366 3703 σμένος
2399 3632 2541 3696 νοῦς,
2578 3631 2697 3702 μέλι
2736 3629 3012 3701 τροπικῶς
3038 3628 3356 3699 ῥηθήσεται.

2452 3805 2609 3860 ΣΞΕ’.
2638 3835 2705 3844 -
2732 3803 2960 3873 ΠΑΥΛῼ
2991 3800 3463 3869 ΔΕΚΕΜΠΡΙΜῼ.

2247 3919 2265 3951 ι
2311 3898 2439 3951 Ἰδοὺ
2465 3898 2573 3966 ἐγὼ
2601 3898 2694 3950 καὶ
2728 3898 2791 3950 τὰ
2827 3896 3010 3949 παιδία
3045 3912 3165 3965 μου,
3190 3913 3208 3945 ι
3235 3893 3466 3964 Χριστὸς
3497 3893 3523 3942 ὁ
3557 3889 3756 3959 Σωτὴρ

2171 3987 2299 4041 ἐϐόα
2336 3987 2422 4040 διὰ
2455 3986 2547 4040 τοῦ
2591 3987 2830 4039 Ἡσαΐου.
2875 3985 2963 4046 Ὠς
2990 3984 3095 4052 γὰρ
3126 3982 3356 4043 παιδίοις
3400 3977 3753 4032 διείλεκταιὸ

2171 4080 2360 4149 Σωτήρ
2406 4082 2518 4141 τοῖς
2556 4078 2748 4146 ἁγίοις,
2776 4077 2872 4129 ὅσα
2927 4076 3169 4145 χωρῆσαι
3214 4074 3483 4134 ἐδυναντο,
3515 4069 3751 4128 καὶτοῖς

2170 4170 2350 4230 ἄλλοις
2377 4168 2709 4238 διακονῆσαν
2738 4167 2874 4235 πρὸς
2904 4165 3010 4234 γὰρ
3039 4163 3135 4234 τήν
3165 4162 3258 4216 τοῦ
3307 4158 3542 4230 Χριστοῦ
3574 4156 3749 4210 τελει-

2170 4264 2358 4332 ότητα,
2387 4263 2586 4325 πάντες
2620 4262 2666 4313 οί
2689 4260 2833 4328 ἆγιοι
2864 4260 3049 4312 παιδία
3070 4256 3446 4325 τυγχάνουσιν.

2395 4355 2568 4422 Σερτ.
2597 4383 2662 4393 -
2701 4352 3007 4423 ΚΥΡΙΛΛῼ
3058 4346 3515 4403 ΠΡΩῚἘΥΟΝΤΙ.

571 4426 829 4498 Figurate
855 4432 1126 4502 principio
1149 4435 1366 4489 condita
1398 4436 1508 4491 Eva
1549 4438 1660 4491 vita
1690 4448 1882 4494 vocata
1902 4451 1984 4496 est
2007 4445 2070 4509 ε’,

2246 4446 2505 4509 Τυπικῶς
2543 4448 2575 4516 ή
2616 4443 2805 4513 πρώτη
2837 4439 2948 4496 Εὔα
2978 4442 3089 4511 ζωή
3133 4439 3359 4508 ἐκλήθη,
3406 4437 3493 4489 ἵνα
3524 4435 3743 4504 σημάνῃ

503 4521 674 4574 utilli
712 4521 1011 4577 secundam
1057 4525 1367 4593 adnotarct,
1421 4539 1668 4583 sanctam
1716 4547 1910 4601 nempe
1955 4533 2068 4586 Ma-

499 4614 658 4676 riam,
715 4631 835 4683 qum
887 4616 1056 4669 vitam
1114 4619 1396 4673 hominum
1448 4619 1726 4675 Christum
1781 4622 2067 4678 Dominum

497 4706 684 4773 gloria:
712 4711 940 4777 peperit.
978 4707 1098 4779 Ipsa
1127 4710 1396 4780 siquidem
1429 4726 1555 4766 vera
1593 4721 1769 4765 mater
1801 4715 2065 4778 omnium,

496 4796 589 4863 qui
618 4799 947 4869 cvangelicis
969 4802 1249 4870 praeceptis
1275 4808 1640 4856 consentanee
1660 4802 1868 4869 vivunt,
1895 4822 2070 4876 neque

495 4902 592 4954 per
626 4887 1061 4945 incredulitatem
1093 4891 1291 4948 animis
1333 4893 1703 4954 emoriuntur,
1737 4896 2064 4952 ostenditur.

963 4982 1254 5039 CCLXVII.
1286 5015 1354 5023 —
1386 4984 1593 5039 Eidem.

563 5067 697 5133 Quis
725 5079 894 5126 artem
923 5076 1210 5129 textoriam
1238 5077 1564 5134 mulieribus
1592 5082 1846 5148 tradidit,
1874 5098 1901 5135 a
1930 5082 2067 5138 .Iobo

492 5158 755 5216 Dominus
804 5172 1160 5232 percontatur
1192 5168 1256 5221 ⁸⁸.
1305 5166 1487 5222 Prima
1542 5172 1813 5240 siquidem
1870 5176 2067 5228 mulier

493 5252 852 5306 texendorum
884 5256 1363 5324 vestimentorum,
1413 5277 1535 5331 qua:
1574 5265 1749 5319 oculis
1792 5266 2064 5334 objiciun-

492 5354 601 5405 tur,
633 5346 955 5413 sapientiam
992 5348 1200 5415 habuit,
1235 5360 1294 5405 ut
1330 5363 1601 5420 patentem
1632 5371 1923 5425 corporum
1961 5375 2061 5412 ιιιι-

489 5432 714 5486 ditatem
768 5435 874 5491 illis
923 5448 1359 5511 contegeremus.
1409 5445 1477 5497 At
1526 5449 1783 5511 secunda,
1832 5447 2059 5518 Dcipara

559 5565 607 5641 ’ξ
636 5564 769 5619 Luc.
799 5583 887 5627 xv.
951 5572 1001 5622 8.
1079 5574 1121 5602 δ’
1152 5573 1305 5630 ﬁniit.
1345 5594 1412 5638 ix,
1472 5579 1582 5641 2‘7;
1647 5579 1746 5632 lsa.
1796 5598 1843 5639 \',
1887 5583 1973 5633 9.2.

490 5634 533 5707 fl
577 5634 731 5707 vim.
786 5655 926 5698 xxiv,
974 5642 1056 5692 ιδ.
1138 5644 1179 5675 ει
1223 5634 1411 5698 ιιςιιιιιζ
1457 5667 1492 5707 ι,
1533 5634 1620 5699 εὶς.

492 5704 534 5736 ⁸⁷
574 5706 707 5758 Cen.
753 5724 810 5770 ll,
856 5712 934 5762 l9.
1017 5713 1058 5741 ⁵⁸
1109 5712 1210 5765 Joh
1242 5704 1593 5779 X\X\'ill,-56.

2174 4538 2271 4608 τήν
2319 4535 2592 4605 δευτέραν,
2624 4534 2890 4597 τουτέστι,
2915 4534 3012 4602 τὴν
3053 4531 3212 4597 ἁγίαν
3244 4529 3461 4599 Μαρίαν
3494 4527 3590 4593 τὴν
3619 4543 3748 4593 γεν-

2176 4629 2414 4698 νήσασαν
2442 4626 2540 4696 τὴν
2570 4625 2713 4695 ζωὴν
2752 4624 2859 4677 τῶν
2904 4623 3204 4693 ἀνθρώπων
3240 4619 3473 4689 Χριστὸν
3503 4616 3593 4668 τὸν
3630 4615 3732 4667 Κύ-

2180 4735 2291 4788 ριον
2324 4720 2421 4787 τῆς
2450 4717 2627 4785 δόξης.
2663 4717 2814 4783 Αὕτη
2863 4715 2970 4785 γὰρ
3004 4714 3218 4782 άληθῶς
3250 4713 3430 4781 μήτηρ
3469 4708 3746 4760 δείκνυται

2183 4811 2392 4863 πάντων
2427 4809 2536 4860 τῶν
2591 4808 2961 4876 εὐαγγελικῶς
2990 4805 3226 4868 ζώντων,
3271 4804 3359 4855 καὶ
3401 4801 3473 4871 μὴ
3508 4799 3749 4867 ἀποθνη-

2178 4900 2413 4953 σκόντων
2435 4899 2532 4962 τὰς
2562 4899 2739 4970 ψυχὰς
2763 4898 2849 4952 διὰ
2875 4898 2973 4968 τῆς
2998 4897 3275 4958 ἀπιστίας.

2664 4992 2820 5046 ΣΞΖ’.
2850 5022 2917 5031 —
2957 4989 3041 5054 Τῷ
3069 4988 3245 5053 αὐτῷ.

2242 5086 2335 5147 Τίς
2365 5086 2530 5139 ἔδωκε
2563 5087 2775 5155 γυναιξὶ
2816 5083 3007 5153 σοφίαν
3041 5084 3376 5153 ὑφαντικὴνς
3412 5085 3439 5135 ό
3468 5082 3747 5149 Δεσπότης

2168 5177 2244 5246 τῷ
2288 5177 2406 5230 Ἰὼϐ
2430 5179 2715 5247 διελέγετο.
2765 5179 2829 5229 Ἦ
2859 5179 2956 5248 μὲν
2992 5178 3099 5247 γὰρ
3130 5176 3321 5247 πρώτη
3369 5175 3503 5242 γυνὴ
3550 5172 3749 5239 σοφίας

2168 5267 2465 5338 τετύχηκεν
2513 5269 2817 5337 ὲξυφαίνειν
2866 5269 3053 5339 ἱμάτια
3105 5267 3453 5338 βλεπόμενα,
3506 5265 3591 5317 ἵνα
3644 5264 3750 5333 τὴν

2170 5361 2499 5431 φαινομένην
2527 5362 2632 5414 τῶν
2658 5360 2926 5425 σωμάτων
2955 5360 3228 5430 γύμνωσιν
3250 5357 3455 5420 τούτοις
3483 5355 3749 5425 περισκέ-

2169 5470 2378 5523 πωμεν.
2428 5454 2489 5505 Ἦ
2523 5453 2579 5506 δὲ
2622 5453 2869 5523 δευτέρα,
2905 5452 3237 5520 τουτέστινή
3269 5450 3551 5512 Θεοτὸκος,
3583 5450 3745 5518 τηλισ

1701 5594 1746 5632 a.
1796 5598 1843 5639 κ,
1887 5583 1973 5633 ‘22.
2054 5584 2070 5613 ⁵

1699 5650 1740 5679 ⁸³
1783 5650 1910 5702 Ltu'.
1960 5668 2013 5705 ιι.
2054 5656 2067 5705 l

2187 5589 2307 5640 lout.
2353 5603 2427 5650 at,
2601 5589 2645 5618 δ’
2685 5589 2701 5642 I
2740 5590 2863 5642 Cor.
2910 5606 2981 5649 ιιι,
3025 5588 3112 5642 2'3.
3194 5590 3239 5619 ⁶⁰
3282 5587 3438 5643 llum.
3506 5605 3579 5647 λι.
3646 5588 3739 5639 Η.

2210 5657 2253 5684 δ’
2297 5655 2427 5705 Ibid.
2554 5659 2635 5705 12L
2714 5660 2756 5689 ⁸⁵
2794 5658 2933 5705 Ρςιιὶ-
2981 5676 3131 5705 \vtit-
3173 5659 3249 5705 Il-
3296 5660 3340 5687 δθ
3364 5656 3605 5705 ΙςιιΑἰιι-
3650 5658 3739 5705 18-

1802 5668 1910 5702 .txc.
1960 5668 2013 5713 ll,
2054 5668 2130 5705 ιι.

2210 5657 2253 5684 θ’
2297 5655 2427 5709 Ibid.
2554 5659 2635 5713 14.
2714 5660 2756 5689 ⁸⁵
2794 5658 2933 5713 Psal.
2981 5676 3131 5723 xviii,
3173 5659 3250 5713 ll.
3296 5656 3606 5722 66lsa.vtn,
3650 5658 3743 5712 I8.
