4012 6196
312 320 411 385 181

1529 327 2072 408 ,ΕΙῚΞΤΟΙΑΒΗΜ
2113 329 2257 386 LIB.
2302 328 2351 386 ῐ.

3485 321 3586 387 182

298 437 507 507 καΰτην
537 436 736 505 ’σοφίαν
769 437 1108 506 ἐπεδεῖξατο,
1150 441 1244 494 καὶ
1279 443 1619 514 ποικιλτικὴν
1667 444 1893 515 ἐπιστή-

1998 459 2214 513 nempe,
2239 445 2403 499 talem
2441 443 2768 513 sapientiam
2805 450 2858 498 et
2886 451 3060 498 artem
3089 442 3405 512 variegandi
3446 445 3588 498 indi-

299 547 430 600 μην,
465 528 609 581 ὥστε
647 529 711 579 ἐκ
749 529 857 580 τῶν
887 531 1050 600 ἐρίων
1081 531 1172 585 τοῦ
1207 532 1265 597 ἐξ
1316 535 1486 604 αὐτῆς
1533 536 1886 605 γεννηθέντος

294 621 483 692 ἀρνίου
514 620 731 673 ἐνδῦσαι
762 621 889 686 τοὺς
927 623 1154 687 πιστοὺς
1196 626 1463 690 ἅπαντας,
1493 629 1564 682 τὰ
1613 628 1885 698 ἐνδύματα

296 715 394 784 τῆς
425 712 758 782 ἀφθαρσίας,
794 714 969 768 καὶτὸ
999 717 1233 785 ἀοράτου
1265 719 1627 792 ἐλευθερῶσαι
1667 720 1885 791 γυμνώ-

299 823 457 868 σεως.
473 806 588 858 Πᾶν
611 805 719 876 γὰρ
737 806 798 858 τὸ
823 805 1072 877 σύστημα
1096 808 1436 880 Χριστιανῶν
1464 811 1716 883 ἀληθινὸν
1743 814 1882 883 πάρ-

297 914 414 949 εστι
447 899 514 950 ἐκ
552 895 744 960 δεξιῶν
772 896 868 949 τοῦ
900 898 1010 951 ἄνω
1052 897 1342 965 Βασιλέως,
1373 903 1432 954 ἐν
1469 902 1748 972 ἱματισμῷ
1772 903 1886 956 δια-

296 987 484 1058 χρύσῳ
519 986 1011 1058 περιϐεϐλημένον,
1041 990 1468 1062 πεποικιλμένον
1513 997 1624 1058 τοῖς
1667 993 1883 1065 μυρίοις

297 1078 406 1132 τῶν
431 1078 643 1150 ἀρετῶν
678 1080 898 1134 εἴδεσιν.

796 1193 962 1246 ΣΞῊΡ.
989 1223 1059 1234 -—
1091 1195 1175 1260 Τῷ
1200 1195 1361 1260 αὐτῷ

379 1281 436 1334 ’0
479 1283 577 1352 μὲν
617 1283 790 1352 ’Λδαμ
820 1284 1212 1357 πέπλασται,ἡ
1261 1288 1319 1340 δὲ
1373 1283 1487 1341 Εὔα.
1535 1288 1878 1358 ᾠκοδομήθη,

297 1374 383 1426 ἵνα
428 1374 612 1443 δειχθῇ
638 1374 772 1437 Θεὸς
811 1375 1001 1443 Λόγος,
1036 1379 1099 1429 ἐκ
1144 1379 1365 1449 Μαρίας
1398 1379 1497 1449 μὲν
1537 1380 1597 1432 τὸ
1635 1381 1791 1450 σῶμα
1821 1381 1882 1431 τὸ

297 1466 528 1519 ἄσπιλον
559 1466 875 1530 ἀναπλάσας
917 1469 1116 1538 ἐαυτῷ,
1169 1474 1232 1523 ἐκ
1259 1471 1313 1524 δὲ
1348 1473 1446 1540 τῆς
1485 1473 1743 1541 νυγείσης
1791 1472 1881 1523 ἐπὶ

295 1556 396 1609 τοῦ
429 1556 660 1628 σταυροῦ
706 1557 947 1629 πλευρᾶς
1004 1560 1099 1631 τὴν
1132 1562 1352 1632 νύμφην
1383 1563 1574 1617 ἐαυτοῦ
1615 1563 1713 1632 τὴν
1755 1564 1881 1618 Ἐκ·

298 1649 540 1720 κλησίαν
561 1650 878 1720 οἰκοδομῶν.

792 1743 950 1800 ΣΞΘ’.
983 1775 1050 1784 -
1093 1745 1174 1809 Τῷ
1204 1746 1382 1810 αὐτῷ.

365 1835 678 1905 Γέγραφας,
704 1838 783 1889 ὅτι
814 1838 879 1889 El
929 1838 1143 1910 πρῶτον
1172 1840 1271 1893 οὒκ
1318 1841 1580 1907 ἐγίνωσκε
1611 1842 1708 1912 τὴν
1734 1843 1881 1912 Παρ-

289 1927 446 1980 θένον
488 1928 686 1998 Ἰωσὴφ
721 1929 880 1998 μέχρι
934 1931 1033 2000 τῆς
1085 1931 1416 1997 ἁποτέξεως,
1452 1932 1670 1996 πάντως
1705 1933 1878 2003 δήπου

290 2019 434 2087 μετᾶ
474 2019 565 2072 τὸν
598 2021 756 2073 τόκον
797 2020 955 2088 ἔγνω.
992 2021 1118 2084 Πῶς
1145 2018 1238 2076 οὖν
1275 2022 1450 2090 ἕγνω;
1482 2026 1774 2097 Πρόδηλον,
1801 2027 1882 2081 ὅτι

288 2112 434 2177 ἔγνω
453 2113 624 2182 τιμᾷν
648 2113 741 2164 καὶ
766 2111 1119 2166 καταδεῖσθαι
1139 2113 1236 2184 τὴν
1265 2117 1328 2168 ἐκ
1349 2115 1486 2168 Θεοῦ
1512 2133 1703 2187 τετιμη
1714 2118 1882 2188 μένην

289 2199 567 2268 παρθένον
603 2201 709 2273 πρὸ
763 2203 822 2254 τὸ
879 2203 1207 2269 ἁποτέξεως,
1239 2205 1330 2258 καὶ
1391 2205 1552 2260 πάλιν
1613 2207 1882 2277 παρθένον

291 2289 434 2357 μετὰ.
467 2289 561 2341 τὸν
588 2290 747 2343 τόκον
772 2294 1058 2360 φανεῖσαν.
1121 2331 1126 2336 ν

791 2404 910 2458 Συυ.
940 2435 1010 2444 -
1042 2405 1125 2472 Τῷ
1159 2406 1340 2473 αὐτῷ.

373 2495 433 2548 Ὀ
457 2497 515 2546 ἐν
541 2494 620 2564 τῷ
650 2496 928 2549 τίκτεσθαι
955 2498 1170 2562 ἀνοίξας
1199 2498 1297 2569 τὴν
1332 2499 1631 2569 ἀμόλυντον
1667 2502 1881 2572 μήτραν

291 2588 574 2657 Δεσπότης
602 2588 757 2658 ήμῶν
781 2590 1039 2658 Χριστὸς,
1080 2591 1240 2655 αὐτὸς
1262 2594 1353 2646 καὶ
1384 2593 1520 2664 μετὰ
1541 2594 1602 2646 τὸ
1623 2594 1881 2665 τεχθῆναι

289 2677 391 2747 τὴν
423 2681 638 2748 μήτραν
673 2681 1005 2748 ἐσφράγισεν
1065 2683 1240 2752 οἰκείᾳ
1293 2683 1477 2754 σοφία,
1512 2683 1606 2736 καὶ
1632 2684 1879 2755 δυνάμει,

290 2771 391 2821 καὶ
421 2771 848 2842 θαυματοποιία,
883 2772 1128 2842 μηδὸλως
1160 2774 1483 2844 παραλύσας
1532 2776 1630 2846 τῆς
1680 2776 1882 2846 παρθε-

291 2863 414 2924 νίας
443 2863 511 2915 τὰ
541 2864 848 2934 σήμαντρα.
888 2863 1023 2917 Θεοῦ
1077 2865 1132 2918 δέ
1161 2865 1322 2938 ἔργον
1357 2867 1507 2920 τοῦτο
1534 2869 1641 2932 πᾶς
1677 2886 1760 2931 τις
1794 2870 1882 2921 εὐ-

290 2956 511 3026 φρονίν
533 2958 1046 3028 συνομολογήσαιεν.

806 3071 970 3124 Σοιν.
995 3101 1065 3111 -
1091 3071 1174 3138 Τῷ
1204 3071 1382 3138 αὐτῷ.

1998 535 2164 597 cavit,
2213 543 2272 589 ut
2317 550 2383 589 ex
2425 534 2546 588 lana
2597 536 2664 590 ab
2713 537 2831 606 ipsa
2885 535 3152 606 progeniti
3205 535 3352 606 agni,
3405 536 3588 592 ﬁdeles

1997 643 2190 682 omnes
2229 625 2776 696 incorruptibilitatis
2821 628 3160 683 indumentis
3205 629 3585 683 circumvesti‘

1996 727 2100 786 ret,
2128 728 2182 774 et
2203 719 2453 774 nuditate
2483 734 2592 773 non
2623 720 2880 775 omnibus
2910 729 3129 790 patente
3155 721 3432 776 liberaret.
3461 721 3588 775 Om-

1996 814 2082 868 nis
2106 813 2252 868 enim
2272 827 2436 867 verus
2460 810 2907 867 Christianorum
2927 823 3105 868 coetus
3123 811 3277 869 adest
3301 829 3331 866 a
3377 813 3588 868 dextris

1990 905 2214 975 superni
2241 903 2404 974 Regis
2429 903 2484 957 in
2509 904 2710 960 vestitu
2749 903 3036 967 deaurato,
3067 902 3450 960 circumdatus
3483 921 3576 957 va-

1990 1003 2180 1049 rietate
2218 995 2282 1059 ",
2316 994 2548 1048 infinitis
2601 995 2759 1064 100
2798 995 3059 1050 virtutum
3104 993 3402 1063 generibus
3442 995 3586 1049 mul-

1990 1088 2250 1141 tiformis.

2452 1199 2771 1256 CCLXVIII.
2797 1231 2865 1240 —
2901 1199 3105 1254 Eidem.

2057 1294 2229 1347 Adam
2275 1307 2518 1360 creatus,
2570 1294 2678 1348 Eva
2733 1301 3016 1347 exstructa
3075 1300 3159 1348 est
3215 1293 3280 1356 ⁷ο,
3337 1300 3394 1344 ιιι
3438 1293 3581 1345 Deus

1990 1383 2230 1438 Verbum
2267 1393 2749 1450 counnonstrarct,
2788 1385 2889 1439 sibi
2927 1384 3150 1454 quidem
3190 1383 3580 1436 intaminatqu

1990 1492 2193 1547 corpus
2233 1494 2296 1532 ex
2340 1479 2512 1532 Maria
2547 1477 2884 1540 condidisse,
2917 1491 2980 1529 ex
3015 1481 3208 1545 aperto
3241 1489 3369 1528 vero
3407 1473 3582 1542 ipsius

1985 1569 2040 1622 in
2075 1583 2242 1625 cruce
2273 1569 2445 1625 latere
2475 1583 2736 1640 sponsam
2769 1567 2853 1623 sui
2880 1565 3183 1621 Ecelcsiam
3211 1582 3272 1621 es
3287 1567 3580 1620 struxisse.

2459 1745 2738 1803 CCLXIX.
2769 1776 2836 1785 ——
2871 1743 3078 1797 Eidem.

2062 1842 2393 1913 Scripsisti:
2433 1839 2490 1894 Si
2533 1841 2687 1910 prius
2737 1852 2846 1891 non
2895 1834 3267 1905 cognoscebat
3303 1829 3577 1900 Virginem

1985 1935 2210 2006 Joseph,
2245 1935 2419 1989 donec
2449 1939 2664 2002 pareret
2697 1931 2766 1993 τι,
2797 1928 3024 1983 omnino
3061 1933 3184 1994 post
3231 1931 3444 1992 partum
3481 1935 3578 1973 cu-

1985 2023 2508 2099 gnovit.Quomodo
2552 2025 2739 2091 itaque
2773 2017 3070 2089 cognovit?
3106 2013 3452 2067 Manifestum
3494 2018 3578 2064 est

1985 2120 2336 2192 mgnovissc.
2371 2116 2470 2181 illi,
2504 2132 2626 2185 qua:
2655 2129 2684 2167 a
2721 2112 2826 2166 Deo
2859 2112 2931 2164 ita
2981 2108 3338 2162 eohonestata
3375 2104 3575 2164 fuerat,

1987 2221 2046 2266 ut
2097 2214 2251 2280 virgo
2278 2217 2404 2264 ante
2438 2217 2679 2278 partum,
2706 2211 2759 2258 et
2788 2217 3007 2256 rursum
3028 2201 3181 2270 virgo
3211 2206 3332 2267 post
3358 2203 3574 2265 partqu

1987 2310 2356 2375 permaneret,
2390 2300 2654 2355 honorem
2689 2310 2754 2350 ac
2782 2292 3150 2349 reverentiam
3181 2289 3463 2343 exhibere.

2467 2407 2718 2465 CCLXX.
2757 2437 2822 2449 —
2857 2405 3064 2459 Eidem.

2057 2506 2184 2574 Qui,
2208 2506 2338 2560 dum
2363 2510 2669 2573 pareretur,
2700 2500 2917 2553 vulvam
2943 2493 3352 2550 immaculatam
3376 2490 3576 2559 adape-

1986 2600 2096 2652 ruit
2123 2598 2389 2652 Dominus
2426 2602 2613 2648 noster
2643 2591 2923 2654 Christus,
2958 2589 3075 2657 ipse
3101 2597 3154 2640 et
3185 2592 3308 2655 post
3328 2594 3572 2654 partum,

1986 2689 2214 2760 propria
2260 2685 2533 2756 sapientia
2572 2693 2626 2739 et
2667 2682 2946 2743 facultate,
2990 2695 3100 2733 non
3150 2676 3273 2732 sine
3308 2674 3574 2728 miraculo

1987 2779 2136 2833 illam
2191 2777 2527 2845 obsignavit,
2582 2773 2737 2826 nullo
2785 2771 2947 2824 modo
2993 2767 3190 2838 sigillis
3240 2765 3574 2836 virginitatis

1987 2870 2206 2927 solutis.
2241 2868 2396 2934 Quod
2433 2866 2524 2921 Dei
2557 2879 2696 2934 opus
2730 2878 2872 2928 esse,
2900 2861 3217 2932 quicunque
3248 2872 3396 2912 same
3426 2871 3576 2910 nien-

1993 2963 2064 3018 tis
2097 2969 2203 3028 est,
2233 2959 2515 3014 fatebitur.

2465 3067 2737 3124 CCLXXI.
2771 3099 2840 3107 —
2873 3065 3076 3119 Eidem.

369 3161 544 3229 Ὅλην
596 3160 697 3231 τὴν
745 3161 990 3215 διάνοιαν
1028 3163 1164 3233 πρὸς
1216 3163 1278 3215 τὸ
1336 3165 1596 3234 σαρκικὺν
1633 3166 1886 3237 φρόνημα

2067 3163 2260 3217 Totam
2292 3170 2526 3216 mentem
2560 3170 2705 3214 tuam
2733 3159 2799 3213 ad
2833 3173 3064 3214 carncas
3085 3156 3452 3228 cogitationes
3483 3154 3575 3208 de-
3646 3181 3652 3187 -

283 3251 640 3316 κατανεύεις,
672 3253 764 3305 καὶ
794 3252 972 3320 λέγεις
1005 3253 1064 3306 τό
1085 3269 1097 3282 ’
1133 3255 1315 3321 Ἔγνω
1373 3256 1572 3324 αὐτήν·
1607 3257 1658 3308 εἴ
1681 3273 1744 3324 γε
1790 3256 1887 3309 καὶ

286 3344 459 3413 ἔγνω,
495 3344 642 3413 μίξιν
680 3345 1115 3401 ὑπαινίττεσθαι.
1147 3345 1306 3400 Ἀλλὰ
1337 3347 1528 3414 γνῶθι,
1554 3347 1883 3416 κομψότατε,

286 3437 377 3488 δτι
437 3436 501 3487 οὐ
546 3435 850 3504 φιλήδονος,
902 3438 1024 3490 οὐδὲ
1070 3439 1264 3507 λάγνος
1302 3440 1546 3510 ὑπῆρχεν
1584 3443 1612 3493 ὁ
1652 3441 1884 3512 Ἰωσὴφ,

286 3527 431 3581 ἀλλά
462 3530 558 3580 καὶ
608 3530 748 3582 πάνυ
807 3530 1061 3602 θεοσεϐὴς
1108 3549 1168 3584 τε
1219 3533 1312 3584 καί
1342 3533 1571 3596 δίκαιος.
1623 3532 1886 3596 Ἀκούσας

287 3618 345 3670 δὲ
390 3617 544 3686 παρά
589 3618 682 3670 τοῦ
735 3620 967 3686 ἀγγέλου
998 3621 1246 3685 εἰπόντος
1295 3623 1423 3694 περὶ
1464 3623 1565 3692 τῆς
1607 3623 1884 3694 Παρθένου

287 3710 550 3763 ἐπιτόκου
583 3713 955 3782 τυγχανούσης
982 3753 995 3776 ,
1039 3713 1061 3764 ἰ
1101 3715 1181 3767 ὃτι
1218 3715 1290 3767 Τὸ
1324 3715 1381 3768 ὲν
1431 3715 1567 3786 αὐτῇ
1628 3715 1884 3785 γεννηθὲν

296 3804 369 3854 ἐκ
449 3801 764 3873 maenae;
814 3807 960 3858 ἐστιν
1018 3806 1196 3872 ἁγίου,
1258 3808 1351 3860 καὶ
1397 3808 1738 3880 τεχθήσεται,
1790 3807 1886 3860 καὶ

289 3892 465 3945 σώσει
516 3893 604 3946 τὸν
661 3895 790 3948 λαὸν
835 3897 1020 3956 αὑτοῦ,
1084 3901 1174 3952 καὶ
1231 3899 1542 3969 βασιλεύσει
1621 3902 1700 3962 είς
1756 3899 1884 3963 τοὺς

285 3982 520 4047 αἰῶνας,
555 4002 572 4032 ι
610 3985 905 4053 προσέθετο
936 3987 1282 4040 εὐλαϐεῖσθαι
1314 3989 1422 4041 ἀπὸ
1449 3988 1743 4060 προσώπου
1772 3991 1884 4042 Κυ-

291 4074 432 4143 ρίου.
481 4074 681 4144 φρίξας
711 4074 867 4128 τοῦτο
893 4076 956 4147 δὴ
995 4078 1055 4130 τὸ
1090 4076 1418 4150 ἔκπληκτον,
1457 4081 1552 4133 καὶ⁸
1583 4079 1884 4150 παραδοξό-

285 4182 452 4217 τατον
477 4167 798 4235 μυστήριον.
829 4167 1030 4238 Διόπερ
1053 4169 1152 4221 οὐκ
1180 4169 1262 4222 ἔτι
1287 4170 1471 4224 λοιπὸν
1505 4171 1578 4234 ὡς
1606 4171 1879 4241 μνηστήρ,

285 4258 387 4307 καὶ
414 4258 577 4325 ἀνὴρ,
608 4257 719 4307 ἀλλ’
751 4257 824 4320 ὡς
857 4258 1178 4330 λατρευτὴς,
1206 4262 1297 4312 καὶ
1337 4261 1582 4325 διάκονος
1613 4261 1748 4314 Θεοῦ
1777 4263 1876 4332 ἐμο

287 4348 668 4416 ϐριθέστατος,
708 4350 1008 4418 συσφίγξας
1041 4355 1106 4422 τῇ
1142 4352 1466 4424 σωφροσύνῃ
1491 4355 1614 4416 τοὺς
1643 4353 1884 4418 οἰκείους

287 4439 609 4506 λογισμοὺς,
666 4440 1050 4510 ἐξυπηρετεῖτο
1103 4444 1198 4495 σὺν
1257 4447 1406 4515 πάσῃ
1466 4446 1728 4515 ὁσιότητι,
1785 4446 1880 4498 καὶ

1991 3260 2202 3321 flectis,
2257 3257 2548 3326 dicisque:
2589 3255 2854 3325 Cognovit
2911 3255 3106 3314 illam;
3163 3250 3208 3305 si
3277 3251 3572 3320 cognovit,

1991 3352 2342 3406 concubitum
2393 3351 2642 3403 innuere.
2679 3346 3071 3402 Verumtamen
3101 3344 3266 3407 scias,
3303 3344 3372 3396 mi
3406 3357 3576 3395 nasu-

1991 3443 2121 3506 tule,
2171 3440 2468 3510 Josephum
2511 3439 2664 3508 101
2705 3453 2881 3507 neque
2928 3435 3331 3505 voluptatibus,
3398 3447 3610 3502 neque,

1991 3533 2312 3588 libidinibus
2361 3531 2630 3594 deditum,
2682 3529 2774 3583 s‘ed
2818 3528 3124 3597 piissimum
3174 3525 3575 3595 justissimum-

1990 3640 2098 3693 que
2129 3622 2323 3678 fuisse.
2353 3620 2452 3675 llic
2479 3636 2603 3676 cum
2643 3619 2892 3672 audisset
2927 3618 2994 3671 ab
3025 3617 3222 3685 angelo
3255 3615 3321 3669 de
3353 3613 3575 3683 Virgine

1984 3714 2096 3784 jam
2138 3712 2512 3782 parturiente:
2550 3729 2568 3762 ι
2596 3709 2750 3775 Quod
2783 3725 2848 3761 ex
2880 3723 2944 3762 ea
2976 3715 3252 3770 nascetur,
3277 3705 3344 3759 de
3364 3705 3573 3772 Spiritu

1990 3816 2187 3860 sancto
2226 3814 2314 3860 est
2342 3805 2412 3870 τ’,
2446 3811 2499 3858 et
2535 3802 2911 3874 gener-abitur,
2946 3807 3000 3853 et
3047 3797 3280 3854 salvabit
3312 3794 3571 3864 pOpulum

1987 3911 2170 3956 suum,
2193 3903 2245 3948 et
2278 3893 2527 3962 regnabit
2561 3897 2615 3946 in
2647 3900 2911 3945 internum
2937 3890 3017 3954 ⁷³;
3048 3907 3067 3940 ι
3113 3886 3219 3942 sibi
3261 3885 3568 3939 cavendqu

1987 4002 2109 4042 esse
2154 3985 2312 4040 duxit
2349 3999 2377 4036 a
2416 3983 2558 4038 facie
2609 3983 2847 4046 Domini,
2896 3989 3123 4048 stupens
3174 3978 3291 4046 ipse
3349 3988 3573 4046 promer

1988 4076 2319 4145 stupendum
2349 4081 2513 4142 atque
2536 4071 3081 4127 admirabilissimum
3107 4083 3392 4122 arcanum.
3422 4067 3572 4132 Qua-

1990 4176 2217 4239 propter
2261 4169 2313 4220 in
2355 4174 2638 4235 posterum
2689 4180 2796 4218 non
2837 4170 2894 4215 ut
2928 4173 3127 4232 procus
3170 4168 3264 4213 aut
3299 4161 3528 4213 maritus
3556 4199 3570 4222 ,

1987 4261 2083 4316 sed
2119 4267 2175 4312 ut
2203 4259 2387 4313 cultor
2416 4265 2469 4312 et
2492 4257 2743 4311 minister
2775 4254 2867 4310 Dei
2905 4253 3409 4312 constantissimus.
3441 4266 3574 4304 con-

1990 4351 2220 4406 tinentia
2271 4349 2510 4420 propriis
2561 4347 2992 4418 cogitationibus
3043 4347 3402 4416 compressis,
3444 4361 3570 4399 cum

1989 4443 2134 4497 omni
2179 4443 2400 4514 pietate,
2433 4450 2487 4497 et
2515 4457 2730 4497 summa
2763 4439 3116 4503 castimonia,
3150 4446 3204 4493 et
3228 4439 3422 4491 timore
3450 4435 3569 4498 Dei,

284 4528 462 4597 πολλῇ
497 4529 780 4598 ἁγνότητι,
807 4533 899 4583 καὶ
932 4531 1083 4602 φόϐῳ
1109 4531 1238 4603 θείῳ
1263 4536 1328 4604 τῇ
1357 4534 1648 4606 λεγομένῃ,
1677 4538 1738 4590 οὺ
1773 4537 1879 4605 μὴν

1995 4550 2106 4605 line
2128 4534 2439 4597 dicebatur,
2470 4548 2570 4588 nec
2598 4541 2781 4586 tamen
2821 4541 2940 4585 erat
2969 4543 3108 4584 uxor
3145 4528 3336 4598 ipsius,
3373 4541 3432 4580 se
3457 4524 3570 4578 Ma-

283 4623 385 4672 καὶ
408 4621 469 4672 οὗ
485 4637 568 4692 σῃ,
601 4623 824 4688 γυναικὶ
859 4623 1024 4676 αὐτοῦ
1058 4624 1267 4694 Μαρία.

723 4737 883 4792 ΣΟΒ’.
917 4769 986 4777 -
1034 4739 1453 4812 ΙΙΤΟΛΕΜΑΙῼ.

363 4827 429 4878 Εἰ
473 4828 608 4879 κατὰ
638 4829 729 4880 τὸν
764 4829 1138 4902 ’Λπολινάριον
1176 4832 1354 4899 λέγεις
1382 4835 1474 4887 καὶ
1504 4835 1592 4899 σὺ,
1624 4837 1814 4907 ὅτιπερ
1853 4840 1881 4891 ὁ

277 4919 423 4980 θεδς
461 4918 630 4986 Λόγος
661 4922 717 4986 ἐξ
749 4923 807 4974 οὐ
819 4922 982 4992 ρανοῦ
1006 4923 1185 4978 λαϐὼν
1211 4925 1308 4996 τὴν
1333 4928 1511 4998 σάρκα
1535 4929 1615 4992 εἰς
1647 4931 1744 4999 τὴν
1773 4931 1877 5000 γῆν

277 5011 677 5081 κατελήλυθεν,
730 5015 813 5077 τίς
867 5015 1026 5085 χρεία
1080 5021 1178 5088 τῆς
1230 5020 1507 5090 μακαρίας
1563 5022 1876 5092 Παρθένου;

274 5099 524 5164 Οὐκοῦν,
557 5104 960 5174 φρονιμώτατε,
1003 5107 1239 5174 γίνωσκε
1289 5109 1676 5178 ἀκριϐέστατα,
1725 5113 1804 5164 ὅτι
1853 5114 1882 5164 ὀ

273 5193 566 5256 ἄπλαστος
599 5197 739 5249 κατά
794 5197 893 5268 τὴν
945 5199 1174 5269 θεότητα
1223 5201 1424 5272 Κύριος
1451 5202 1640 5256 ἑαυτὸν
1674 5204 1739 5256 ἐκ
1779 5204 1881 5272 τῆς

275 5282 573 5352 Παρθένου
615 5287 744 5338 ἄνευ
805 5290 1140 5359 σπέρματος,
1177 5292 1269 5344 καὶ
1335 5291 1563 5364 φθορᾶς,
1620 5295 1712 5348 καὶ
1758 5295 1879 5364 δίχα

273 5374 496 5434 παντὸς
531 5375 703 5445 ῥύπου
734 5379 935 5431 ἔπλασε
970 5381 1108 5433 κατὰ
1127 5381 1226 5451 την
1248 5381 1663 5455 ἀνθρωπότητα.
1696 5386 1874 5439 Ὀπου

269 5466 336 5519 δὲ
377 5465 699 5534 Πνεύματος
749 5470 903 5539 ἁγίου
943 5474 1241 5541 παρουσία.
1280 5475 1395 5527 ἐκεῖ
1427 5476 1666 5544 μηδόλως
1716 5477 1877 5545 μολυ-

271 5558 431 5626 σμὸς
467 5559 600 5609 ἐννο;
615 5559 765 5611 ίσθω.
1858 5583 1866 5588 -

352 5743 404 5772 ⁶³
447 5737 580 5793 Psal.
618 5759 759 5807 XLIV,
812 5746 889 5798 Η.
968 5747 1010 5776 τθ
1035 5748 1168 5802 (ἐι-ιι.
1211 5751 1377 5816 i|,:'.!.‘.

1986 4627 2079 4680 ria:
2111 4626 2544 4694 mancipaverat.

2327 4739 2623 4797 CCLXXII.
2666 4771 2732 4779 ——
2773 4736 3185 4794 PTOLEMJEO.

2058 4835 2117 4890 Si
2153 4834 2622 4906 quemadmodum
2671 4832 3068 4901 Apollinarius,
3107 4829 3182 4881 ita
3212 4833 3267 4880 et
3301 4831 3358 4877 tu
3403 4821 3564 4882 dicis,

1988 4927 2156 4981 Deum
2187 4926 2446 4987 Verbum,
2480 4940 2511 4979 e
2547 4924 2687 4980 cmlo
2726 4937 2895 4976 carne
2944 4922 3232 4988 desumpta
3266 4918 3318 4970 iu
3362 4925 3564 4968 terrain

1984 5018 2370 5082 descendisse;
2424 5032 2546 5086 quae
2574 5031 2740 5085 porro
2769 5015 2939 5069 beata:
2975 5011 3211 5080 Virginis
3234 5004 3570 5062 necessitas?

1984 5110 2190 5178 itaque.
2253 5108 2683 5177 prudentissime
2747 5107 2867 5170 vir,
2924 5103 3361 5174 exquisitissine
3428 5099 3567 5153 scito

1983 5214 2106 5254 eum
2143 5199 2235 5268 qui
2274 5201 2577 5253 secundum
2613 5199 2871 5253 deitatem
2911 5203 3130 5250 creatus
3158 5211 3264 5248 non
3302 5201 3421 5250 erat
3459 5190 3565 5242 Du-

1985 5292 2190 5353 minus,
2241 5291 2357 5360 ipse
2404 5300 2578 5344 semet
2610 5306 2640 5344 a
2678 5288 2901 5358 Virgine
2932 5288 3049 5341 sine
3089 5287 3300 5341 semine
3339 5295 3393 5339 et
3439 5298 3566 5337 cor-

1987 5383 2262 5453 ruptione,
2297 5392 2354 5438 et
2375 5382 2584 5451 absque
2610 5382 2759 5436 omni
2794 5380 2956 5435 sorde
2981 5379 3282 5435 secundum
3309 5375 3564 5431 humani-

1988 5486 2152 5531 tatem
2219 5476 2562 5530 eﬂ'urmasse.
2636 5473 2734 5529 Ubi
2798 5489 2962 5544 porro
3033 5472 3272 5542 Spiritus
3341 5476 3567 5524 sanctus

1989 5571 2163 5635 adest,
2193 5569 2266 5622 ibi
2302 5569 2448 5624 nulla
2481 5571 2705 5622 omnino
2743 5568 2971 5636 pollutio
3006 5564 3354 5636 intelligenda
3387 5571 3489 5617 est.
3537 5596 3540 5600 -
3575 5553 3578 5556 ’

1460 5753 1500 5780 ⁷⁸
1548 5752 1735 5838 fiiaitii.
1783 5770 1817 5816 l,
1846 5754 1937 5807 ‘23.
2017 5752 2278 5806 “Matth.
2316 5768 2348 5818 l,
2403 5753 2488 5807 '20.
2569 5755 2611 5785 τ³
2644 5751 2777 5808 Luc.
2813 5769 2849 5818 ι,
2894 5753 2982 5807 5'2.
