3968 6214
432 335 532 402 183

565 455 887 512 CCLXXI”.
919 488 984 495 -—
1013 455 1322 512 EURYCLI
1376 457 1856 516 PRESBYTERO.

499 548 701 611 Locus,
751 548 844 616 qui
890 548 1196 602 vocabatur
1249 548 1454 614 Enon,
1511 561 1660 606 trans
1708 552 2000 608 Jordanem

426 651 540 696 erat
564 640 630 692 ⁷³.
691 637 742 693 ls
804 655 967 708 porro
1009 641 1287 710 significat
1336 645 1545 697 oculum
1593 647 1878 712 tormenti;
1909 662 2004 700 ex—

430 732 730 783 aminatam
768 731 1000 794 scilicet,
1031 743 1084 785 et
1110 735 1386 803 exquisito
1419 739 1772 802 examine,ae
1798 738 2004 791 dolori-

424 818 527 871 bus
557 817 856 886 improbam
887 819 1042 888 102
1073 823 1527 890 speculationem.
1562 825 2002 896 Perspicaciores

424 911 608 982 itaque
639 911 810 975 fuere,
841 913 934 980 qui
969 913 1243 981 baptismo
1279 915 1445 968 abluti
1491 923 1640 970 sunt.
1681 915 1862 970 Salem
1901 931 2002 971 no-

422 1010 502 1054 tat
535 1004 705 1071 ﬁlium
733 1003 1119 1068 ascendentem,
1145 1012 1197 1058 et
1214 1004 1480 1061 Iordanes
1507 1007 1784 1062 descensus
1814 1008 2001 1063 Graeca

423 1095 659 1150 dialecto
711 1099 1058 1167 exprimitur.
1111 1097 1286 1152 Trans
1331 1102 1837 1156 verodescensum
1893 1111 1998 1168 est,

422 1202 613 1241 eorum
647 1203 930 1252 ascensus,
950 1189 1043 1256 qui
1074 1203 1102 1241 a
1128 1189 1410 1259 discipulis
1441 1191 1669 1256 Christi,
1694 1193 1748 1246 in
1781 1194 2001 1248 nomine

426 1277 735 1334 Servatoris
765 1281 940 1334 nostri
971 1279 1180 1335 Christi
1212 1281 1579 1350 baptizantur.

885 1456 1202 1513 CCLXXIV.
1234 1489 1302 1498 —
1335 1458 1541 1512 Eidem.

500 1545 826 1601 Pmnitentia
855 1547 1072 1603 delictis
1101 1565 1435 1619 exsanguem
1467 1567 1531 1604 ac
1565 1551 1908 1606 demortuum
1945 1553 2000 1606 in

427 1639 589 1689 vitam
626 1641 884 1692 restituit.
904 1640 1025 1708 Ipsa
1053 1641 1197 1694 enim
1229 1644 1663 1711 regenerationis
1689 1644 1997 1712 symbolum

425 1738 529 1793 est,
567 1739 965 1800 tropzeumque,
1015 1749 1136 1802 qua:
1167 1733 1292 1786 hinc
1327 1735 1501 1787 oculis
1530 1734 1642 1802 jam
1676 1745 1994 1804 usurpatur,

425 1823 869 1876 resurrectionis.

534 1901 832 1966 CCLXXV.
867 1943 939 1951 —
968 1911 1358 1968 llERACLITO
1391 1914 1890 1970 SCllOLASTlCO.

493 1999 677 2054 Prima
725 2004 1040 2056 teutationis
1075 2005 1332 2072 irruptio,
1369 2005 1512 2059 unde
1544 2005 1858 2062 aﬂ'ectiones
1888 2008 1997 2062 ini-

423 2092 560 2145 tium
603 2101 847 2158 sumunt,
886 2104 1089 2148 nostra:
1131 2096 1408 2150 facultatis
1457 2113 1682 2151 examen
1733 2099 1999 2168 quodam-

425 2183 588 2248 modo
653 2193 756 2239 est.
815 2184 1060 2256 Exempli
1121 2189 1330 2254 gratia,
1395 2190 1572 2242 oculis
1623 2191 1995 2257 spectaculum

423 2275 697 2341 objeclum
732 2284 837 2341 est,
869 2278 1017 2345 quod
1054 2277 1391 2331 desiderium
1438 2280 1661 2334 irritare
1693 2282 1866 2347 valet;
1901 2297 1998 2351 per

424 2367 474 2419 id
524 2375 670 2420 tuam
727 2368 1037 2424 facultatem
1086 2374 1458 2437 adversarius,
1516 2375 1561 2428 si
1627 2377 1889 2432 robustus
1943 2385 1996 2432 et

421 2467 714 2524 apparatus
743 2475 825 2522 es,
857 2463 972 2516 sire
1004 2479 1170 2532 :eger,
1195 2473 1248 2517 et
1282 2466 1373 2533 qui
1428 2465 1588 2519 facile
1621 2468 1739 2535 capi
1792 2469 1992 2536 possis,

419 2550 716 2604 examinat.
748 2551 904 2616 Quod
931 2554 975 2606 si
998 2555 1272 2625 voluptate
1298 2573 1495 2613 sensus
1525 2560 1588 2611 ad
1622 2562 1994 2628 spectaculum

421 2639 653 2694 inflexus
693 2642 877 2706 fuerit,
906 2653 959 2698 et
985 2647 1324 2702 character-is
1353 2651 1498 2704 illius
1532 2651 1710 2722 imago
1742 2669 1837 2722 per
1861 2669 1995 2707 ocu-

421 2731 506 2784 los
543 2733 596 2784 in
629 2743 866 2789 mentem
899 2736 1217 2806 irrepserit;
1251 2746 1381 2793 tunc
1409 2745 1770 2808 penetralium
1810 2753 1864 2797 el.
1895 2746 1994 2798 ab-

419 2824 658 2878 ditorum
691 2825 822 2892 dux,
858 2845 1011 2884 mens
1049 2832 1284 2894 scilicet,
1325 2832 1648 2888 debellatur.

1067 3006 1403 3064 CCLXXVI.

1898 349 1956 404 S.
1998 343 2157 404 NILI

2031 469 2078 522 Α

2317 461 2473 513 ΣΟΓ’.
2505 489 2573 499 -
2602 461 2949 513 ΕΥΡΥΚΛΕΙ
2991 460 3466 530 ΠΡΕΣΒΥΤΕΡῼ.

2189 553 2248 605 Ὀ
2280 553 2444 616 τόπος
2473 556 2500 606 ὁ
2529 553 2861 621 καλούμενος
2891 551 3062 604 Αἰνὼν
3088 551 3260 621 πέραν
3290 551 3381 602 τοῦ
3413 550 3680 621 Ἰορδάνου

2107 644 2423 713 ἐτύγχανεν.
2460 643 2632 696 Αἰνὼν
2674 644 2729 695 δὲ
2762 643 3122 713 ἑρμηνεύεται
3154 643 3460 710 ὀφθαλμὸς
3482 641 3680 704 ,Βασά-

2104 754 2234 800 νου,
2266 736 2540 788 τουτέστιν
2574 735 2939 804 ἐξητασμένη,
2969 734 3063 785 καὶ
3092 731 3550 800 βεϐασανισμένη,
3583 731 3680 782 καὶ

2105 829 2336 897 ἔγκοπος
2379 827 2598 898 θεωρία.
2627 827 3076 897 Διορατικώτεροι
3110 826 3290 877 τοίνυν
3335 825 3580 892 ἐγένοντο
3629 825 3678 875 οἱ

2114 923 2519 993 βαπτισθέντες.
2575 922 2776 990 Σαλεὶμ
2830 921 2885 974 δὲ
2945 919 3327 990 ἑρμηνεύεται,
3361 919 3492 982 υιὸς
3534 918 3681 970 ἁνα-

2105 1016 2323 1068 ϐαίνων
2349 1031 2360 1042 ·
2409 1013 2675 1084 Ἰορδάνης
2703 1013 2759 1064 δε
2789 1011 3117 1075 κατάϐασις
3169 1011 3384 1078 λέγεται
3425 1012 3492 1079 τῇ
3555 1008 3679 1060 Ἐλ-

2103 1107 2305 1178 ληνικῇ⁹
2349 1106 2590 1176 γλώσσῃ.
2653 1106 2832 1175 Πέραν
2885 1104 2940 1155 δὲ
2988 1105 3088 1171 τῆς
3128 1100 3479 1162 καταῦἀσεὼς
3529 1101 3679 1150 ἐστιν

2103 1199 2136 1267 ὴ
2189 1197 2454 1258 ἀνάϐασις
2511 1195 2622 1248 τῶν
2678 1195 2782 1246 ὑπὸ
2830 1193 2936 1246 τῶν
2989 1192 3244 1262 μαθητῶν
3297 1193 3390 1242 τοῦ
3439 1189 3680 1258 Χριστοῦ

2105 1287 2515 1358 βαπτιζομένων
2545 1289 2625 1348 είς
2653 1287 2712 1338 τὸ
2740 1285 2910 1354 ὄνομα
2938 1281 3032 1336 τοῦ
3062 1282 3310 1352 Σωτῆρος
3355 1280 3510 1350 ἡμῶν
3545 1279 3680 1346 Χρι-

2107 1377 2255 1430 στοῦ.

2624 1465 2780 1517 ΣΟΔ’.
2799 1493 2868 1503 -
2894 1462 2980 1527 Τῷ
3009 1461 3189 1526 αὐτῷ.

2183 1554 2250 1607 Ἦ
2283 1555 2537 1624 μετάνοια
2568 1554 2820 1618 ζωοποιεῖ
2853 1555 2943 1606 τὸν
2991 1557 3102 1614 τοῖς
3143 1552 3547 1620 παραπτώμασι
3591 1568 3678 1603 νε⁸

2103 1645 2398 1713 κρωθέντα·
2430 1644 2565 1714 αὑτη
2593 1644 2700 1712 γὰρ
2728 1643 3011 1712 γνώρισμα
3037 1641 3268 1710 ὑπάρχει
3291 1643 3389 1711 τῆς
3414 1639 3677 1708 παλιγγε-

2103 1736 2303 1800 νεσίας,
2325 1735 2581 1804 τρόπαιον
2605 1735 2660 1786 δὲ
2686 1733 3054 1795 ἀναστάσεως,
3079 1731 3325 1785 ἐντεῦθεν
3348 1733 3447 1801 ἤδη
3471 1732 3675 1800 ὀφθαλ-

2106 1826 2224 1892 μοῖς
2255 1824 2610 1893 βλεπομένης.

2311 1916 2472 1970 ΣΟΕ’.
2496 1946 2565 1956 -
2591 1916 2983 1985 ΗΡΑΚΛΕΙΤῼ
3005 1913 3459 1981 ΣΧΟΛΛΣΤΙΚῼ.

2182 2009 2242 2061 Ἢ
2279 2009 2466 2080 πρώτη
2494 2009 2588 2060 τοῦ
2611 2007 2917 2080 πειρασμοῦ
2953 2007 3247 2077 προσϐολὴ.
3274 2008 3396 2060 ὅθεν
3417 2007 3486 2059 τὰ
3525 2005 3674 2075 πάθη

2099 2099 2362 2169 λαμϐάνει
2393 2101 2489 2171 τὴν
2521 2100 2716 2171 ἀρχὴν,
2752 2101 2907 2152 τοῦτο
2955 2101 3052 2168 τῆς
3089 2099 3360 2168 ἡμετέρας
3394 2098 3677 2166 δυνάμεως

2099 2191 2444 2252 κατάσκοπος
2498 2188 2727 2256 γίνεται.
2788 2183 2934 2249 υἷον,
2988 2187 3213 2238 ὲνέπεσε
3267 2185 3344 2255 τῷ
3410 2183 3676 2252 ὸξθαλμῷ

2100 2276 2277 2346 θέαμα
2301 2277 2395 2347 τὴν
2421 2277 2713 2347 ἐπιθυμίαν
2740 2276 3034 2345 δυνάμενον
3058 2276 3415 2342 ἀνακινῆσαι·
3438 2274 3524 2326 διὰ
3551 2273 3674 2324 τοῦ-

2099 2384 2158 2420 το
2210 2369 2548 2418 κατασκοπΞῖ
2591 2365 2687 2436 τὴν
2722 2367 2778 2418 ἐν
2829 2366 2910 2417 σοὶ
2941 2364 3170 2433 δύναμιν
3199 2365 3226 2416 ὁ
3254 2363 3530 2431 πολέμιος,
3563 2362 3673 2413 εἴτε

2102 2459 2318 2528 ἰσχυρός
2370 2475 2454 2520 τις
2511 2457 2604 2510 καὶ
2644 2459 3065 2526 ἑμπαράσκευος
3092 2451 3163 2519 εἶ,
3205 2455 3314 2507 εἴτε
3342 2455 3550 2518 ἄτονος,
3580 2454 3674 2505 καὶ

2099 2551 2385 2612 εὑαλωτος.
2419 2551 2480 2602 Ei
2510 2549 2565 2602 δὲ
2597 2549 2901 2619 μαλαχθείη
2936 2548 3002 2600 δι’
3032 2548 3224 2618 ἡδονῆς
3247 2547 3380 2616 πρὸς
3408 2548 3504 2616 τὴν
3545 2547 3674 2598 θέαν

2096 2643 2129 2710 ἠ
2164 2641 2432 2709 αἴσθησις,
2463 2641 2556 2692 καὶ
2607 2641 2666 2692 τὸ
2719 2639 2815 2691 τοῦ
2868 2639 3216 2708 χαρακτῆρος
3263 2636 3476 2688 εἴδωλον
3527 2636 3675 2688 ἔνδον

2096 2733 2198 2801 τῆς
2228 2732 2464 2793 διανοίας
2527 2731 2615 2784 διὰ
2663 2731 2774 2782 τῶν
2827 2730 3117 2798 ὀρθαλμῶν
3163 2729 3382 2790 είσδὺει,
3413 2729 3535 2779 τοτε
3570 2744 3674 2780 κα-

2097 2824 2481 2892 ταπολεμεῖται
2524 2826 2550 2875 ὁ
2589 2822 2888 2893 στρατηγὸς
2939 2822 3046 2875 τῶν
3101 2822 3269 2888 ἔνδον,
3322 2822 3601 2874 τουτέστιν
3645 2825 3676 2876 ὁ

2098 2915 2243 2977 νοῦς.

2794 3005 2973 3072 Σοςῖν.

498 3090 554 3144 Si
585 3093 734 3161 quis,
770 3095 870 3161 ait,
909 3115 927 3148 σ
964 3096 1127 3152 homo
1165 3098 1555 3158 formidolosus
1600 3112 1685 3158 est
1729 3117 1782 3159 ct
1829 3106 1993 3163 corde

2171 3101 2240 3153 Εἴ
2263 3117 2366 3163 τις,
2394 3101 2578 3170 φησὶν,
2621 3121 2638 3152 ι
2679 3100 2962 3168 ἄνθρωπος
2991 3099 3158 3158 δειλός
3185 3099 3299 3151 ἐστι
3338 3101 3402 3168 τῇ
3454 3098 3669 3170 καρδία,

423 3181 638 3250 pavido,
673 3192 978 3238 revertatur
1008 3187 1062 3240 in
1100 3188 1321 3242 domum
1352 3206 1528 3257 suam,
1557 3203 1608 3246 et
1648 3211 1714 3249 ne
1748 3207 1905 3250 exeat
1928 3197 1993 3251 ad

425 3273 650 3338 bellum,
679 3290 744 3329 ne
782 3292 977 3346 pavere
1007 3278 1171 3334 faciat
1200 3298 1294 3337 cor
1319 3282 1506 3339 fratris
1535 3288 1620 3340 sui
1645 3289 1711 3339 ".
1749 3307 1768 3339 ι
1810 3289 1995 3348 Potest

420 3365 562 3417 enim
611 3367 905 3438 quispiam,
953 3373 999 3426 si
1054 3375 1408 3430 meticulosns
1459 3385 1514 3430 et
1567 3380 1798 3448 pavidus
1837 3383 1993 3454 103

420 3467 521 3517 est,
559 3467 606 3509 et
656 3476 884 3529 pugnum
939 3463 1272 3531 darmonum,
1323 3468 1531 3524 robusti
1583 3472 1866 3528 ardentem
1926 3477 1992 3530 ad

420 3549 635 3616 egregia
662 3567 888 3620 qumque
928 3558 1350 3622 propensionem
1388 3561 1709 3616 dissolvere.

1030 3645 1374 3702 CCLXXVH.

491 3729 626 3781 Cum
667 3749 772 3785 non
801 3735 1058 3802 pusillum
1094 3739 1295 3792 malum
1341 3742 1412 3795 sit
1449 3743 1536 3806 iis,
1568 3745 1661 3812 qui
1697 3753 1899 3799 temere
1940 3755 1993 3800 ct

421 3819 629 3874 frustra
687 3824 1048 3890 deblaterant,
1096 3831 1246 3884 acies
1284 3832 1504 3902 lingum,
1558 3845 1843 3904 propterea
1893 3855 1992 3906 pro

419 3922 575 3979 porta
623 3923 676 3967 et
722 3926 873 3970 recte
922 3929 1146 3975 sanctus
1199 3921 1412 3993 Moyses
1452 3925 1734 3981 silentium
1784 3930 1988 3997 posuit.

421 4002 666 4074 Namque
723 4005 846 4061 ideo
897 4009 1036 4064 duas
1091 4026 1252 4066 aures
1311 4015 1696 4083 possidemus,
1748 4020 1988 4086 linguam

420 4109 612 4156 unatn,
664 4104 720 4150 ut
778 4098 934 4164 plura
970 4100 1035 4151 ad
1073 4103 1306 4154 salutem
1356 4105 1668 4166 audiamus,
1705 4122 1866 4174 quam
1914 4107 1990 4160 lo-

418 4199 676 4250 quamur,
715 4202 809 4253 per
845 4189 982 4241 bona
1027 4206 1192 4257 Opera
1238 4195 1422 4261 potius
1460 4199 1784 4261 clamantes,
1825 4205 1877 4251 et
1909 4197 1992 4250 di—

418 4274 545 4326 vina
582 4273 847 4330 facinora.
886 4279 1050 4334 Recte
1083 4281 1266 4350 itaque
1297 4285 1508 4354 Moyses
1539 4287 1677 4355 ipse,
1711 4298 1764 4341 et
1799 4306 1988 4344 sacer—

418 4363 614 4427 dotes,
672 4376 726 4420 et
795 4368 996 4423 Levita:
1058 4373 1316 4428 universo
1375 4377 1560 4429 lsraeli
1629 4379 1990 4436 mittebantur

420 4457 718 4512 dicentes:
785 4477 802 4509 ι
851 4459 1014 4529 Tace,
1076 4463 1262 4530 Israel,
1315 4476 1368 4521 et
1424 4470 1550 4522 audi
1612 4472 1827 4542 eloquia
1885 4473 1987 4528 Do-
2021 4469 2248 4532 Βῖταιν

420 4546 551 4602 mini
593 4548 655 4605 ⁷⁸,
697 4565 716 4598 ι

644 4718 1018 4781 CCLXXVlli.
1062 4759 1131 4768 —
1167 4728 1486 4784 LEONIDfE
1523 4733 1778 4787 COMITI.

487 4812 617 4874 Qua:
649 4817 790 4883 apud
849 4819 1170 4886 insipientes
1231 4830 1417 4892 gentes
1462 4823 1679 4877 fortuna
1718 4836 1772 4880 et
1819 4827 1985 4882 fatum

415 4906 858 4972 nuncupabatur,
897 4923 1078 4978 neque
1115 4927 1357 4980 unquam
1393 4913 1518 4977 fuit,
1548 4930 1725 4983 neque
1751 4925 1856 4980 est,
1889 4933 1985 4972 ne-

415 5006 524 5057 que
549 4993 653 5045 erit
680 4993 1000 5063 aliquando,
1023 5015 1198 5069 neque
1230 5017 1460 5069 usquam
1483 5009 1821 5073 apparuerit.
1841 5008 1988 5064 Cave

417 5088 566 5132 netu
597 5081 699 5147 illi,
741 5101 864 5154 quae
901 5089 1048 5144 nulla
1092 5091 1369 5154 subsistit,
1391 5095 1804 5152 snbsistentiam
1841 5101 1987 5154 clar-

416 5169 585 5237 giaris
617 5215 630 5239 ,
677 5189 744 5228 ex
784 5191 1056 5252 praecepta
1109 5184 1445 5253 prmnotione
1489 5187 1821 5244 insulsarmn
1850 5207 1988 5261 gen-

417 5262 552 5316 tium
580 5264 815 5333 ineptias
849 5285 911 5325 ac
942 5284 1269 5343 nugamenta
1307 5279 1670 5348 subsequens.

555 5354 882 5413 (ZCLXXIX.
912 5393 981 5403 -—
1019 5365 1415 5424 'I‘HALLIANO
1450 5369 1841 5429 ILLUSTRIO.

489 5443 592 5498 Alii
632 5447 851 5515 quidem
894 5457 1346 5524 praecipientibus
1379 5464 1665 5519 monachis
1691 5480 1815 5519 eum
1848 5481 1984 5535 gau-

416 5532 510 5586 dio
537 5544 588 5588 et
625 5536 910 5596 alacritate
935 5546 1106 5613 magis
1136 5548 1418 5614 obediunt,
1452 5568 1613 5620 quam
1659 5553 1762 5623 ipsi
1791 5532 1985 5624 praeci-

492 5715 540 5748 η
577 5714 732 5771 .loan.
801 5734 882 5784 ιιι,
912 5719 1000 5772 95.
1078 5722 1317 5779 “.Dent.
1362 5745 1452 5794 xx,
1497 5730 1545 5783 8'

2097 3193 2500 3264 ἀποστραφήτω
2532 3195 2611 3255 είς
2661 3193 2760 3262 τὴν
2796 3192 2973 3244 οἰκίαν
3008 3190 3196 3255 αὑτοῦ,
3241 3190 3331 3242 καὶ¹
3363 3190 3437 3260 μὴ
3480 3190 3671 3262 ἐξέλθῃ

2097 3287 2175 3348 είς
2207 3285 2458 3354 πόλεμον,
2490 3286 2576 3338 ἵνα
2610 3284 2682 3354 μὴ
2713 3283 2953 3354 δειλιάνῃ
2984 3283 3079 3354 τὴν
3113 3283 3338 3352 καρδίαν
3376 3282 3467 3334 τοῦ
3520 3281 3675 3336 ἀδελ-

2097 3375 2197 3444 φοῦ
2236 3374 2421 3428 αὑτοῦ.
2456 3397 2473 3426 ι
2504 3374 2734 3427 Δὺναται
2765 3375 2871 3443 γὰρ
2921 3390 3004 3436 τις
3040 3372 3209 3434 δειλὸς
3243 3373 3504 3441 ὑπάρχων
3539 3372 3676 3439 πρὸς

2097 3467 2455 3536 πειρασμοὺς,
2491 3467 2584 3518 καὶ
2633 3464 2868 3534 πόλεμον
2914 3462 3182 3532 δαιμόνων
3228 3462 3541 3534 παραλῦσαι
3575 3463 3675 3532 τὴν

2097 3557 2403 3627 προθυμίαν
2427 3557 2518 3610 τοῦ
2547 3556 2780 3620 εὑζὼνου
2813 3555 2947 3625 πρὸς
2981 3556 3283 3626 ἀριστείαν.

2261 3710 2278 3727 ι
2819 3651 2976 3701 ΣΟΖ’.

2178 3743 2392 3812 Ἐπειδὴ
2438 3743 2496 3793 οὑ
2547 3743 2741 3811 μικρὸν
2792 3741 2957 3794 κακὸν
3011 3743 3125 3802 τοῖς
3178 3740 3301 3808 εἰκῆ
3354 3740 3444 3791 καὶ
3496 3739 3675 3806 μάτην

2095 3833 2424 3903 φλυαροῦσιν
2452 3833 2684 3902 ὑπάρχει
2726 3833 2822 3901 τῆς
2851 3829 3095 3898 γλώττης
3141 3832 3172 3899 ἡ
3207 3827 3406 3894 ὀξύτης
3430 3870 3443 3893 ,
3480 3827 3674 3879 τούτου

2094 3924 2254 3992 χάριν
2307 3923 2426 3976 ἀντὶ
2458 3921 2648 3992 Θύρας,
2681 3923 2774 3974 καὶ
2809 3921 3002 3990 μοχλοῦ
3032 3919 3126 3990 τὴν
3170 3917 3375 3988 σιωπὴν
3399 3916 3676 3986 τίθησηνό

2094 4014 2245 4080 ἅγιος
2292 4015 2533 4081 Μωῦσῆς
2565 4031 2577 4042 ·
2621 4013 2706 4065 διὰ
2751 4013 2858 4082 γὰρ
2898 4011 3055 4063 τοῦτο
3077 4010 3168 4062 δύο
3198 4010 3498 4078 εἰλήφαμεν
3534 4003 3674 4067 ὦτα,

2097 4105 2224 4172 μίαν
2250 4103 2304 4155 δὲ
2340 4103 2610 4170 γλῶσσαν,
2645 4103 2730 4155 ἵνα
2765 4103 2983 4154 πλείονα
3009 4102 3296 4170 ἀκούωμεν
3321 4101 3454 4170 πρὸς
3491 4116 3674 4167 σωτη-

2096 4195 2239 4264 ρίαν,
2276 4194 2418 4263 ἢπερ
2451 4192 2736 4261 λαλοῦμεν,
2783 4193 2870 4245 διὰ
2920 4191 3168 4263 πράξεων
3213 4191 3430 4258 ἀγαθῶν
3472 4189 3676 4260 μᾶλλον

2095 4285 2369 4354 βοῶντες,
2430 4286 2521 4336 καὶ
2577 4283 2735 4338 Θείων
2800 4284 3260 4354 κατορθι-»μάτωμ
3311 4283 3504 4346 Καλῶς
3578 4280 3676 4336 οῦν

2094 4376 2254 4438 αὑτός
2309 4393 2367 4428 τε
2415 4377 2443 4428 ὁ
2491 4377 2762 4446 Μωῦσῆς,
2802 4378 2894 4429 καὶ
2946 4377 2995 4428 οἱ
3050 4378 3234 4445 ἱερεῖς,
3283 4377 3375 4427 καὶ
3426 4377 3474 4428 οἱ
3531 4377 3676 4428 Λευ-

2346 4466 2506 4518 παντὶ
2584 4465 2662 4536 τῷ
2736 4466 2950 4536 Ἰσραὴλ
3027 4465 3418 4518 ἀπεστέλλοντο
3486 4463 3675 4531 λέγον-

2099 4575 2189 4620 τες
2236 4573 2248 4588 ο
2309 4576 2327 4608 ι
2392 4554 2621 4620 Σιώπα,
2695 4557 2954 4627 Ἰσραὴλ,
3011 4557 3102 4609 καὶ
3154 4557 3316 4610 ἄκουε
3389 4556 3456 4608 τὰ
3513 4555 3675 4622 λόγια

2100 4649 2327 4720 Κυρίου.
2369 4668 2386 4700 ι

2441 4741 2606 4792 ΣΟῘΡ.
2629 4770 2693 4779 --
2713 4739 3009 4809 ΛΕΩΝΙΔῌ
3039 4738 3328 4792 ΚΟλΞίΠΙ.
3717 4811 3726 4818 .

2185 4833 2243 4885 Ἠ
2280 4833 2430 4902 παρὰ
2470 4834 2580 4893 τοῖς
2613 4831 2844 4900 ἄφροσιν
2877 4830 3102 4899 Ἕλλησι
3151 4831 3310 4899 τύχη,
3349 4831 3440 4882 καὶ
3478 4834 3674 4901 εἱμαρ-

2104 4928 2237 4997 μὲνη
2290 4923 2840 4996 προσαγορευομένη,
2886 4921 2996 4974 οὔτ’
3029 4919 3096 4992 ἦν
3151 4941 3314 4986 ποτε,
3369 4922 3672 4988 οὑτ’ἒστιν,

2093 5019 2204 5072 οὔτ’
2229 5019 2380 5070 ἔσται
2411 5017 2648 5079 πώποτε,
2689 5016 2825 5083 μήτε
2859 5016 3050 5085 φανείη
3086 5016 3239 5068 ποτέ.
3270 5016 3446 5068 Μόνον
3500 5013 3576 5084 μὴ
3607 5015 3672 5066 σύ

2093 5126 2155 5176 γε
2188 5108 2356 5179 ταύτῃ
2401 5106 2753 5174 ἁνυποστάτῳ
2807 5104 2940 5175 οὑσῃ
2995 5108 3254 5175 παρέχοις
3298 5106 3395 5173 τὴν
3437 5104 3672 5174 ὓπαρξιν

2095 5199 2464 5264 ἑξακολουθῶν
2488 5201 2550 5251 ἐκ
2579 5195 2896 5268 προλήψεως
2928 5199 3038 5260 τοῖς
3056 5199 3159 5250 τῶν
3196 5200 3439 5268 ἀνοήτων
3478 5197 3670 5267 Ἐλλή-
3741 5203 3746 5206 ’

2095 5309 2202 5345 νων
2236 5294 2298 5363 λη
2308 5295 2373 5364 ρή
2385 5309 2566 5361 μασιν.

2343 5386 2586 5438 Σοοκ-
2617 5387 2960 5441 samum
2997 5385 3418 5454 tamrsrmn.

2169 5477 2382 5546 Ἕτεροι
2411 5476 2510 5546 μὲν
2539 5479 2803 5547 ἐπιταγὰς
2837 5479 3036 5549 μᾶλλον
3069 5477 3221 5550 παρὰ
3251 5476 3498 5546 μοναχῶν
3532 5477 3670 5546 μετὰ

2099 5568 2270 5637 χαρᾶς
2311 5567 2400 5620 καὶ
2436 5569 2738 5639 προθυμίας
2781 5570 3044 5640 δέχονται,
3080 5571 3221 5641 ἤπερ
3262 5569 3664 5622 ὲπιτὰσσουσιν.

1625 5733 1672 5764 ⁷⁸
1696 5731 1851 5788 Deut.
1901 5751 2071 5801 xxvn,
2105 5739 2156 5793 9.
