4012 6196
338 277 445 344 185

1585 297 2122 358 EPISTULARUM
2162 302 2304 362 LIB.
2347 306 2411 366 I..‘

3506 307 3608 370 186

331 391 670 446 Γινώσκουσι
709 392 817 464 γὰρ
844 393 962 465 Θεῷ
993 396 1383 465 ὑπακούοντες,
1417 403 1510 454 καὶ
1536 403 1655 472 Θεῷ
1687 404 1785 475 τὴν
1819 405 1890 474 χά

2025 409 2204 479 piant.
2239 411 2309 466 Se
2338 413 2544 483 quippe
2581 413 2691 468 Deo
2721 413 2949 470 obedire
2994 423 3376 486 cognoscunt,
3406 424 3460 470 et
3497 415 3609 469 Deo

340 503 422 537 οιν
449 486 804 554 παρέχοντες,
835 489 928 539 καὶ
952 491 1382 561 τιμηθησὸμενοι
1423 494 1574 565 παρὰ
1615 495 1748 548 Θεοῦ
1801 497 1921 548 κατ’

330 575 490 641 ἀξίαν
525 575 814 642 τιμῶντες.
847 577 919 628 Σὺ
964 579 1020 631 δὲ
1052 583 1170 644 ταῖς
1203 581 1450 653 βαρείαις
1483 587 1768 653 ἐπιταγαῖς
1819 604 1920 639 κα-

329 666 680 737 ταφορτίζεις
718 667 842 730 τοὺς
889 671 1287 740 παροικοῦντας
1314 678 1380 745 τῇ
1417 675 1578 748 κώμῃ
1615 695 1707 729 σου
1742 678 1918 747 ἀσκη-

328 757 434 821 τὰς
465 757 718 828 καθάπερ
751 758 1076 827 ἀνδράποδα.
1129 764 1239 815 Καὶ
1271 765 1387 827 πῶς
1431 784 1488 818 σε
1525 767 1736 820 καλέσω
1769 769 1917 836 φιλό-

329 865 555 918 χριστον
580 865 594 912 ;

648 942 773 994 ΣΠ¹.
805 971 874 980 -
899 941 1234 1016 ΦΕΒΡΑΡΙῼ
1276 949 1593 1021 ΔΙΑΚΟΝῼ.

401 1028 490 1099 Μὴ
525 1029 593 1082 τὰ
629 1031 804 1101 πλάτη
829 1031 922 1084 τοῦ
963 1033 1078 1100 βίου
1099 1035 1298 1104 λίχνως
1327 1057 1416 1108 μοι
1448 1042 1753 1114 περιζήτει·
1782 1045 1917 1115 μᾶλ-

329 1122 421 1174 λον
455 1122 508 1173 δὲ
540 1123 638 1192 τὴν
687 1123 900 1192 στενὴν,
936 1125 1029 1176 καὶ
1081 1127 1455 1200 τεθλιμμένην
1505 1133 1748 1203 ἀτραπὸν
1807 1153 1914 1205 μα·

330 1212 542 1265 στεύειν
577 1212 894 1283 βουλὴοητι.
1457 1280 1468 1288 .

610 1304 869 1360 Σηικ-
904 1306 1129 1378 manu
1169 1310 1640 1383 ΠΡΕΣΒΥΤΕΡῼ.

403 1396 578 1448 Ὅταν
605 1395 836 1466 δυνηθῇς
889 1397 980 1449 δύο
1033 1400 1206 1468 μῆνας
1256 1402 1410 1472 εὐχῇ,
1449 1404 1543 1456 καὶ
1598 1408 1663 1476 τῇ
1712 1408 1912 1478 ἡσυχία

331 1493 831 1558 προσκαρτερῆσαι,
867 1489 988 1542 τότε
1022 1492 1123 1544 κᾶν
1146 1493 1314 1564 ὄνυχα
1345 1496 1446 1548 πού
1472 1513 1612 1562 τινα,
1647 1497 1678 1567 ἢ
1710 1514 1912 1565 φαντα-

331 1580 462 1630 σίαν
495 1581 692 1649 μικράν
726 1598 850 1633 τινα
889 1584 948 1634 ἐν
977 1583 1052 1652 νῷ
1086 1584 1269 1638 λαῦεῖν
1291 1586 1494 1658 δυνήσῃ
1524 1589 1622 1658 τῆς
1650 1592 1908 1646 ἐπιπόνου

327 1673 682 1741 τληπαθείας,
714 1675 806 1726 καὶ
834 1676 932 1744 τῆς
955 1676 1298 1748 πολυμόχθου
1343 1670 1638 1750 διαγωγῆς,
1674 1683 1779 1735 τῶν
1822 1683 1910 1737 διὰ

2031 501 2234 569 gratias
2271 511 2475 572 agunt,
2523 511 2575 558 et
2616 512 2875 572 tanquam
2921 521 2950 558 a
2999 504 3108 560 Deo
3157 505 3460 558 honorandi
3510 520 3610 574 pro

2027 592 2294 661 dignitate
2328 609 2424 648 eos
2458 594 2752 648 honorant.
2801 596 2867 648 At
2910 603 2965 648 tu
3013 597 3304 666 prmeeptis
3347 597 3607 664 gravibus

2031 684 2190 755 104,
2228 697 2465 748 ascetas,
2517 687 2609 755 qui
2659 688 2807 741 circa
2859 694 3013 740 tuum
3073 689 3333 756 oppidum
3381 689 3605 756 degunt,

2026 775 2194 828 veluti
2231 778 2524 845 mancipia,
2557 777 2826 831 molestus
2877 777 3097 848 fatigas.
3137 778 3201 832 Et
3234 780 3510 849 quomodo
3553 788 3607 833 te

2025 863 2230 918 Christi
2259 873 2538 918 amantem
2562 866 2946 934 compellabo?

2222 954 2524 1008 CCLXXX.
2570 986 2636 997 —
2680 954 3034 1009 FEBRARIO
3073 953 3395 1011 DIACUNO.

2093 1043 2173 1100 Ne
2212 1046 2341 1100 vitae
2376 1047 2554 1117 ampla
2597 1048 2946 1116 remissaque
2981 1046 3143 1100 avide
3181 1048 3348 1102 nimis
3385 1047 3606 1116 perqui-

2021 1151 2134 1190 ras.
2175 1135 2364 1190 Potius
2400 1138 2774 1206 angustiorem
2823 1139 3268 1208 pressioremque
3303 1138 3445 1191 viam
3486 1147 3605 1190 stu-

2022 1226 2178 1282 diose
2203 1228 2538 1296 conquirito.

2161 1319 2493 1377 CCLXXXI.
2533 1352 2604 1364 —-
2644 1322 2924 1377 llILARIO
2977 1319 3458 1376 PRESBYTERO.

2093 1412 2229 1468 Cum
2268 1430 2365 1484 per
2391 1417 2531 1471 duos
2562 1433 2780 1473 menses
2812 1419 2865 1471 in
2899 1418 3150 1471 oratione
3183 1425 3236 1469 et
3271 1424 3454 1484 quiete
3481 1429 3602 1484 per-

2019 1504 2219 1560 sistere
2261 1508 2491 1575 poteris,
2527 1517 2657 1562 tunc
2690 1510 2772 1563 vel
2801 1525 3035 1579 unguem
3069 1509 3334 1578 aliquem,
3375 1506 3457 1560 vel
3499 1522 3601 1574 pu-

2018 1597 2201 1652 sillam
2246 1599 2538 1668 imaginem
2569 1601 2862 1655 laboriosae
2895 1600 3195 1671 patientiae,
3224 1608 3277 1654 et
3306 1598 3602 1652 sudoribus

2017 1688 2274 1743 obnoxia:
2313 1691 2457 1755 vitae,
2505 1699 2558 1746 ct
2607 1693 2844 1746 instituti
2880 1707 3092 1756 eorum,
3142 1692 3236 1760 qui
3285 1707 3381 1761 per
3425 1699 3600 1743 totum

328 1763 513 1832 πάσης
537 1765 630 1832 τῆς
658 1764 802 1832 ζωῆς
837 1770 1280 1838 προσανεχόντων
1333 1770 1409 1841 τῷ
1443 1775 1666 1844 μονήρει
1697 1775 1882 1828 κανόνι

2013 1782 2136 1834 vita:
2160 1781 2398 1850 spatium
2431 1783 2751 1837 monasticae
2775 1784 2996 1854 regulae,
3026 1793 3082 1838 et
3107 1784 3174 1836 ah
3197 1784 3343 1837 omni
3373 1783 3601 1850 strepitu

325 1854 423 1908 καὶ
454 1858 518 1924 τῇ
549 1857 885 1929 ἁκτυπησίᾳ.

1034 1971 1200 2024 ΣΠΒ’.

391 2057 638 2110 Κλέπται
689 2058 980 2130 δύστροποι
1025 2061 1176 2125 ὄντες
1206 2063 1254 2114 οἱ
1279 2063 1386 2116 τῶν
1429 2065 1695 2135 Ἑλλήνων
1728 2069 1901 2135 σοφοὶ,

320 2149 472 2218 παρά
505 2165 562 2200 τε
587 2150 885 2217 Μωῡσέως,
912 2154 1008 2205 καὶ
1038 2154 1147 2205 τῶν
1181 2156 1476 2226 προφητῶν
1503 2158 1569 2210 τὰ
1594 2158 1903 2230 κυριώτερα

315 2239 422 2290 τῶν
477 2239 762 2310 δογμάτων
791 2244 890 2295 οὐκ
931 2245 1270 2315 εὐχαρίστως
1293 2245 1549 2312 λαὸόντες
1583 2250 1902 2314 ἀλαζονείαν

317 2330 410 2382 καὶ
447 2329 617 2397 τῦφον
647 2331 991 2400 τυρεύουσιν,
1021 2334 1094 2398 ὡς
1129 2336 1218 2387 ἐπ’
1253 2337 1405 2400 ἰδίοις
1454 2342 1567 2402 τοῖς
1599 2339 1901 2410 ἀλλοτρίοις

315 2423 625 2491 κειμηλίοις
654 2425 968 2495 γανὺμενοι.

711 2517 876 2570 ΣΠΓο.
899 2548 972 2558 -
991 2520 1505 2592 ΔΙΟΝΥΣΙΟΔΩΡῼ.

384 2606 500 2657 Οὐκ
530 2606 830 2674 ἀναγκαῖον
863 2610 930 2662 ἂν
959 2610 1068 2680 εἴη,
1107 2613 1215 2664 οὐδ’
1237 2614 1460 2666 ἐπαίνου
1491 2615 1662 2680 ἄξιον,
1692 2617 1752 2670 τὸ
1777 2619 1900 2672 πεί-

312 2695 502 2748 θεσθαι
533 2699 838 2770 προχείρως
884 2705 994 2765 τοῖς
1027 2703 1334 2773 προσώπων
1365 2706 1530 2758 τινῶν
1562 2711 1896 2779 κατηγορίαν

311 2789 680 2860 ποιουμένοις,
715 2791 818 2844 κᾶν
849 2793 1112 2864 ὑπάρχειν
1139 2796 1367 2850 δοκῶσιν
1408 2798 1696 2870 αἰδέσιμοι.
1732 2803 1896 2872 Περι-

311 2880 501 2948 μὲνειν
557 2882 666 2953 γὰρ
697 2890 1117 2956 χρησιμώτατον
1159 2891 1251 2942 καὶ
1283 2892 1383 2960 τὴν
1431 2892 1525 2944 τοῦ
1561 2911 1898 2965 κατηγορου-

307 2973 474 3041 μένου
539 2975 738 3045 μέρους
805 2979 1124 3046 ἀπολογίαν,
1173 2977 1532 3052 εἷθ’ὓστερον
1586 2984 1724 3054 μετὰ
1799 2987 1894 3057 τὴν

301 3065 576 3135 ἀκρόασιν
604 3067 710 3121 τῶν
746 3063 1094 3139 ἀμφοτέρων,
1138 3073 1368 3144 νόμιμόν
1408 3093 1467 3128 τε
1519 3077 1613 3128 καὶ
1659 3078 1889 3145 δίκαιον,

299 3153 378 3217 ὡς
415 3155 670 3226 καθήκει,
701 3158 954 3230 ἐκφέρειν
985 3162 1044 3213 τὸ
1076 3161 1357 3232 ψήφισμα.
1489 3147 1494 3154 ’

606 3244 768 3300 ΣΠΔ’.
805 3278 873 3287 —
906 3248 1135 3322 ΙΟΥΛΙῼ
1162 3254 1564 3326 ΦΟΙΔΕΡΑΤῼ.

367 3336 487 3406 Τῆς
517 3339 655 3410 ὑπὲρ
677 3340 738 3392 τὸ
773 3341 892 3394 δέον
947 3345 1212 3415 σιτήσεως
1260 3348 1320 3399 τὸ
1367 3350 1558 3420 πέρας,
1604 3355 1760 3425 δῆλον
1803 3356 1884 3408 ὅτι

293 3428 546 3481 κόλασιν·
596 3431 854 3496 πολλάκις
908 3434 963 3487 δὲ
1026 3438 1119 3488 καὶ
1177 3439 1330 3491 νόσον
1391 3441 1467 3510 τῷ
1529 3445 1742 3515 σώματι
1778 3447 1877 3500 δω-

298 3524 500 3591 ρείται.

760 3618 928 3671 ΣΠΕ’.
953 3647 1015 3658 -
1046 3621 1423 3694 ΚΟΡΝΗΛΙῼ.

378 3723 399 3755 ι
438 3705 876 3778 Ἐπισκέψομαι,
920 3712 1085 3780 φησὶν
1146 3714 1178 3781 ἡ
1223 3717 1527 3784 προφητεία
1553 3759 1566 3781 ,
1624 3720 1715 3771 ἐπὶ
1757 3722 1884 3785 τοὺς

294 3793 601 3862 φοροῦντας
640 3796 831 3865 ἱμάτια
860 3798 1136 3870 ἀλλότρια.
1166 3819 1184 3852 ι
1225 3802 1282 3854 ’0
1311 3805 1418 3874 γὰρ
1444 3805 1518 3876 μὴ
1543 3811 1881 3879 κεκτημένος

291 3882 402 3953 τὴν
426 3885 646 3954 ἀρετὴν,
685 3888 1114 3958 ὑποκρινόμενος
1151 3892 1228 3957 δὲ,
1277 3895 1370 3946 καὶ
1408 3897 1879 3969 σχηματιζόμενος

292 3976 500 4043 ἀρετὴν
545 3976 712 4045 ἔχειν,
741 3973 897 4040 οὗτος
926 3978 1148 4048 εὔδηλον
1180 3982 1468 4054 ἀλλοτρίαν
1499 3985 1692 4056 στολὴν
1723 4007 1876 4059 περι-

294 4065 575 4120 ϐάλλεται.
609 4069 716 4121 Καὶ
739 4072 787 4122 οί
818 4071 1116 4142 ἑτερόδοξοι
1159 4073 1215 4126 δὲ
1249 4079 1706 4147 προσποιούμενοι
1743 4097 1878 4151 χρη-

300 4160 410 4209 στὰ
438 4157 720 4224 διδάσκειν,
769 4161 1084 4231 ἐλέγχονται
1133 4165 1220 4218 διὰ
1269 4166 1379 4218 τῶν
1411 4167 1628 4234 φαύλων
1673 4169 1879 4242 δογμά-

297 4267 436 4312 των,
470 4249 848 4321 ἠλλοτριῶσθαι
873 4255 968 4324 τῆ;
1001 4254 1152 4319 Θείας
1195 4257 1478 4328 ἀληθείας.
1516 4263 1608 4314 καὶ
1651 4262 1748 4333 τῆς
1801 4262 1878 4315 δι’

297 4340 590 4410 καιοσύνης
610 4360 624 4372 ·
651 4345 1037 4414 περιεϐάλοντο
1061 4347 1168 4419 γὰρ
1193 4349 1474 4422 ἀλλότριον
1500 4355 1734 4425 φόρεμα,
1768 4353 1878 4408 ὦσ-

290 4449 402 4507 περ
432 4433 584 4488 λύκοι
619 4437 688 4490 τὰ
715 4437 824 4490 τῶν
859 4439 1147 4511 προϐάτων
1175 4442 1365 4498 κώδια.

574 4618 740 4684 IIl-{1"
747 4658 761 4671 .
779 4649 849 4658 —
873 4620 1080 4692 ΓΑΙΝᾼ
1111 4622 1593 4700 ΣΤΡΑΤΗᾹᾹΤῌ.

368 4724 386 4756 ι
429 4709 526 4769 ὐς
557 4707 634 4760 ὢν
683 4709 1026 4780 ἀπαύγασμα
1059 4713 1159 4782 τῆς
1205 4712 1382 4783 δόξης.
1422 4735 1440 4768 ι
1487 4717 1876 4786 ’Υποδείγματι

281 4796 590 4866 διαλέγεται
621 4803 649 4854 ὁ
682 4801 856 4870 μέγας
895 4803 1235 4868 Ἀπόστολος,
1267 4807 1355 4860 ἵνα
1387 4811 1604 4880 σημάνῃ
1637 4812 1695 4863 τὸ
1730 4812 1892 4864 ἀπα-.

281 4889 400 4953 οὲς,
445 4893 537 4944 καὶ
575 4891 657 4945 ὅτι
691 4894 792 4946 οὐκ
822 4893 880 4958 ἐξ
914 4894 1316 4962 ἐλαττωθέντος
1347 4900 1440 4952 τοῦ
1487 4902 1720 4972 Πατρὸς,
1751 4903 1871 4956 οὐδὲ

278 4981 611 5050 μειωῠέντος
646 4984 767 5037 τόδε
796 4985 1160 5056 ἀπαύγασμα,
1197 4990 1297 5042 οὐκ
1333 4992 1731 5059 ἀνυπόστατον,
1759 4995 1875 5046 ἀλλ’

273 5075 342 5125 ἐν
383 5074 554 5144 ἑτέρῳ
594 5077 710 5145 ἔχει
744 5076 804 5128 τὸ
836 5074 994 5132 εἶναι.
1031 5080 1123 5150 Μὴ
1155 5077 1247 5133 οὖν
1284 5082 1444 5134 τοῦτο
1479 5087 1742 5156 ἐννοήσῃς
1782 5087 1876 5140 ἐπὶ

269 5163 378 5217 τοῦ
410 5165 544 5218 θεοῦ
583 5168 782 5235 Λόγου·
813 5167 978 5236 βλέπε
1032 5171 1140 5242 γὰρ
1184 5172 1237 5224 τί
1268 5173 1429 5237 εὐθὺς
1481 5177 1508 5226 ὁ
1551 5177 1872 5240 Ἀπόστολος

271 5258 518 5323 ἐπάγει·
562 5279 580 5310 ι
619 5261 731 5312 Καὶ
761 5263 1047 5332 χαρακτὴρ
1079 5267 1176 5334 τῆς
1211 5265 1567 5330 ὑποστάσεως
1617 5269 1804 5322 αὐτοῦ.
1848 5289 1864 5319 ι

274 5350 497 5419 Ὥσπερ
556 5351 664 5419 γὰρ
718 5353 746 5403 ὁ
804 5353 994 5424 Πατὴρ
1055 5357 1442 5422 ἐνυπόστατος,
1479 5358 1650 5423 οὕτως
1704 5364 1794 5415 καὶ
1836 5365 1864 5414 ὁ

273 5440 410 5502 Υίὸς
451 5443 834 5506 ὲνυπόστατοςο
871 5448 970 5498 οὐκ
1002 5447 1235 5517 ἄναρχος
1293 5451 1321 5500 ὁ
1359 5449 1506 5514 Υἱὸς,
1543 5453 1715 5516 αἴτιος
1754 5455 1861 5525 γὰρ

271 5531 450 5585 αὖτοῦ
503 5536 531 5587 ό
590 5536 804 5606 Πατὴρ,
865 5537 1030 5590 καο’ὃ
1060 5538 1270 5606 Πατὴρ,
1303 5541 1362 5592 οὐ
1401 5541 1520 5594 καθ’
1549 5543 1574 5595 ὃ
1603 5545 1860 5614 Κτίστης-

351 5715 394 5746 ⁷⁷
443 5711 685 5786 Sophon.
727 5732 762 5781 1,
795 5715 846 5769 8.
927 5717 970 5748 ⁷⁸
1028 5716 1194 5773 Hebr.
1237 5735 1272 5784 I,
1299 5721 1348 5774 5.

2008 1887 2194 1927 vacuae
2227 1874 2398 1944 quieti
2434 1874 2790 1932 addicuntur.
2822 1890 3160 1943 cognoscere
3193 1873 3418 1942 poteris.

2513 1965 2519 1969 ’
2625 1966 2978 2022 CCLXXXII.

2076 2057 2209 2111 Cum
2245 2057 2393 2114 fures
2428 2060 2711 2128 perversis
2741 2059 2989 2113 moribus
3034 2059 3314 2127 sapientes
3347 2056 3591 2126 gentium

2004 2159 2212 2212 essent,
2237 2165 2266 2202 a
2297 2150 2482 2221 Moyse
2513 2159 2569 2204 et
2598 2151 2880 2220 prophetis
2906 2151 3198 2220 potissima
3229 2164 3418 2204 eorum
3455 2147 3591 2218 dog-

2004 2251 2153 2296 mata
2179 2243 2324 2298 male
2349 2245 2515 2314 grati,
2547 2253 2600 2298 et
2632 2244 2888 2299 beneﬁcii
2926 2245 3282 2297 immemores
3313 2241 3594 2311 accipien-

2003 2343 2110 2400 tes,
2139 2335 2464 2404 iactantiam
2493 2344 2548 2390 et
2583 2343 2856 2390 tumorem
2886 2344 3131 2398 struunt,
3170 2343 3433 2404 tanquam
3462 2347 3594 2403 pro-

2005 2427 2138 2496 priis
2172 2427 2404 2480 aliormn
2446 2428 2798 2482 claritatibus
2846 2427 3270 2481 insolescentcs.

2251 2519 2632 2574 C(ILXXXIII.
2665 2550 2733 2560 —-
2769 2517 3302 2574 DIONYSIODORO.

2075 2613 2230 2668 Haud
2266 2614 2643 2667 necessarium
2678 2611 2866 2675 fuerit,
2903 2626 3004 2665 nec
3038 2611 3198 2664 laude
3229 2609 3456 2678 dignum
3493 2609 3587 2674 iis,

2002 2702 2092 2773 qui
2114 2703 2509 2757 nonnullorum
2529 2703 2812 2756 hominum
2836 2701 3248 2756 accusationem
3271 2700 3598 2764 instituunt;

2001 2795 2252 2858 credere,
2281 2795 2408 2848 licet
2439 2803 2794 2847 accusatores
2833 2791 2989 2862 105
3023 2791 3322 2846 venerandi
3357 2790 3588 2845 videan-

2001 2899 2108 2943 tur.
2139 2887 2408 2955 Perquam
2429 2886 2572 2940 enim
2600 2885 2754 2949 utile,
2775 2893 2826 2938 et
2846 2883 3077 2954 quaestui
3107 2883 3390 2936 uberrimo
3423 2881 3589 2936 fuerit

1998 2990 2052 3034 et
2075 2986 2458 3034 accusatorum
2488 2977 2900 3046 responsionem
2939 2983 3267 3045 exspectare
3296 2991 3308 3028 :
3347 2984 3589 3044 postmo-

1999 3072 2128 3125 dum
2160 3071 2411 3139 utrisque
2455 3068 2660 3122 auditis
2704 3067 3010 3138 legitimum
3056 3082 3121 3120 ac
3164 3065 3401 3136 justum,
3440 3075 3494 3120 et
3527 3073 3587 3118 ut

1919 3153 1960 3210 C
1997 3181 2098 3236 par
2121 3171 2226 3228 est,
2253 3163 2523 3231 judicium
2557 3161 2720 3217 ferre.

2200 3253 2577 3309 CCLXXXIV.
2607 3283 2680 3294 —
2709 3251 2906 3308 JULIO
2946 3251 3375 3307 FOEDERATO.

2066 3347 2260 3402 Victus
2302 3345 2611 3417 quotidiani
2653 3346 2936 3400 immodici
2982 3347 3107 3400 linis
3135 3387 3150 3409 ,
3194 3356 3253 3400 ut.
3293 3344 3585 3401 manifesto

1995 3449 2261 3511 apparet,
2297 3439 2665 3508 supplicium,
2707 3453 2852 3507 smpe
2893 3438 3058 3490 etiam
3102 3450 3332 3490 numero
3371 3444 3426 3491 et
3465 3451 3584 3490 ma-

1950 3590 1969 3607 .
1993 3533 2100 3585 lam
2133 3530 2512 3602 aegritudinem
2546 3529 2765 3598 corpori
2801 3529 3081 3583 conciliat.

2352 3618 2707 3676 CCLXXXV.
2750 3651 2816 3659 —
2857 3617 3222 3674 CORNELIO.

2069 3734 2086 3766 ι
2122 3707 2414 3777 Visitaho,
2455 3714 2530 3766 ait
2570 3711 2892 3765 vaticinium
2921 3747 2934 3772 ,
2979 3725 3146 3780 super
3187 3727 3282 3765 eos
3311 3750 3324 3772 ,
3365 3711 3460 3778 qui
3498 3710 3581 3763 in-

1993 3803 2110 3857 duti
2149 3810 2277 3857 sunt
2310 3800 2559 3854 vestibus
2595 3799 2901 3868 peregrinis
2935 3799 3001 3854 ⁷⁷.
3040 3819 3057 3850 ι
3091 3797 3194 3863 Qui
3227 3797 3369 3851 enim
3405 3797 3580 3851 virtu-

1990 3902 2097 3948 tem
2135 3909 2245 3945 non
2283 3899 2466 3954 tenet,
2498 3889 2950 3943 dissimulatione
2990 3904 3120 3942 vero
3153 3904 3288 3942 usus
3321 3889 3578 3941 virtutem

1989 4001 2048 4039 se
2071 3983 2356 4053 possidere
2379 3961 2686 4044 contendit,
2709 3980 3065 4034 manifestum
3094 3984 3178 4032 est
3213 3995 3336 4033 eum
3381 3977 3578 4032 alienis

1988 4071 2231 4126 vestibus
2262 4068 2700 4124 circumvestiri.
2736 4067 2802 4122 Et
2841 4070 2936 4140 qui
2971 4084 3001 4122 a
3031 4069 3320 4122 catholicis
3349 4069 3578 4122 auribus

1986 4167 2162 4220 aliena
2194 4164 2482 4229 sentiunt,
2517 4163 2844 4218 simulantes
2893 4176 2952 4216 se
2989 4160 3157 4230 proba
3193 4161 3426 4221 docere.
3454 4176 3579 4230 pro-

1987 4271 2110 4331 pter
2149 4273 2317 4328 prava
2366 4256 2623 4328 dogmata
2679 4255 2806 4310 aliis
2845 4255 3166 4317 insinuata,
3205 4269 3263 4309 se
3311 4269 3340 4306 a
3391 4253 3576 4306 divina

1987 4352 2222 4406 veritate
2270 4357 2324 4404 et
2371 4347 2594 4418 justitia
2649 4347 2812 4418 longe
2863 4361 2986 4401 esse
3039 4345 3573 4416 deprehenduntur:

1987 4457 2228 4512 namque
2286 4441 2470 4494 alieno
2536 4440 2859 4494 indumento
2930 4439 3336 4492 circumvestili
3407 4446 3574 4503 sunt,

1916 4518 1960 4573 Ῐ)
1985 4532 2448 4602 quemadmodum
2485 4531 2594 4599 lupi
2662 4529 2902 4599 pellibus
2937 4530 3145 4583 ovium.

2019 4623 2397 4678 CCLXXXVI.
2437 4652 2508 4662 —
2547 4621 2783 4676 GAINIE
2816 4619 3174 4676 COPIARUM
3211 4616 3535 4674 DUCTORI.

2062 4735 2079 4766 ‹
2114 4716 2218 4782 Qui
2257 4726 2340 4770 est
2379 4715 2641 4785 Splendor
2683 4715 2871 4784 gloria:
2911 4713 2975 4765 ⁷³.
3011 4732 3030 4764 ›
3061 4712 3323 4780 Exemplo
3362 4726 3571 4764 sermo-

1980 4823 2104 4861 nem
2137 4807 2382 4860 conserit
2414 4821 2652 4875 magnus
2684 4805 3017 4874 Apostolus,
3073 4813 3132 4856 ut
3166 4802 3410 4871 passioni
3461 4803 3568 4856 nti--

1980 4902 2130 4954 nime
2163 4899 2464 4954 obnoxium
2497 4898 2836 4968 signiﬁcaret
2859 4939 2874 4964 ,
2908 4895 3261 4966 splendorem
3293 4895 3441 4947 hunc
3475 4910 3570 4951 nc-

1975 5004 2081 5058 que
2110 5004 2175 5042 ex
2213 4989 2608 5043 detrimentum
2651 5003 2855 5058 passo,
2895 4996 2989 5041 aut
3029 4986 3322 5040 imminuto
3363 4983 3562 5052 Patre,

1951 5095 2098 5151 esse
2136 5079 2257 5134 sine
2294 5080 2663 5135 subsistentia
2691 5121 2705 5144 ,
2743 5096 2911 5150 quam
2952 5081 3006 5134 in
3043 5079 3154 5133 alio
3204 5078 3450 5134 haberet.
3489 5079 3568 5134 Nc

1971 5173 2158 5240 itaque
2219 5171 2323 5226 hoc
2377 5171 2445 5225 de
2501 5171 2612 5226 Deo
2657 5171 2840 5224 Verbo
2896 5171 3204 5239 intelligas.
3257 5171 3565 5224 Considera

1970 5263 2116 5318 enim
2151 5278 2271 5332 qua:
2307 5263 2493 5316 statim
2517 5262 2676 5330 106
2693 5262 2994 5330 Apostolus
3025 5262 3211 5316 subdit
3242 5281 3254 5315 :
3295 5261 3389 5314 «Et
3427 5261 3562 5316 chav

1971 5365 2155 5410 ractcr
2206 5356 2564 5425 hypostaseos
2617 5356 2785 5409 illius.
2819 5373 2838 5404 ›
2893 5351 3364 5420 Quemadmodum
3414 5355 3559 5408 enim

1971 5446 2150 5512 l'ater,
2199 5448 2271 5501 ita
2307 5455 2361 5502 ct
2393 5445 2566 5503 Filius
2610 5447 3010 5517 cuhypostatus
3039 5452 3163 5500 est:
3197 5463 3305 5500 non
3350 5447 3560 5516 absque

1977 5541 2251 5610 principio
2289 5540 2497 5608 Filius,
2538 5549 2801 5612 tanquam
2859 5541 2952 5610 qui
3010 5540 3342 5612 principium
3394 5541 3557 5614 habet
