3968 6214
407 308 506 371 I87

1889 311 1950 368 S.
1992 311 2153 371 NILI

3559 307 3660 372 1-3‘8

407 421 623 476 I‘atrem
649 463 662 486 ,
697 430 756 476 ut
791 420 1042 482 I’atrem,
1078 435 1184 475 non
1219 432 1276 475 ut
1305 420 1643 476 Creatorem.
1678 419 1813 476 Vide
1848 436 1988 490 prm-

2102 421 2236 489 Ὅρα
2269 422 2322 474 δὲ
2361 422 2473 486 πῶς
2507 423 2650 491 λέγει
2695 424 2750 475 ἐν
2789 421 3140 488 Εὐαγγελίοις
3169 421 3297 473 αὐτὸ
3333 421 3386 474 ιδ
3408 423 3655 490 ἀπαύγα-

405 521 586 578 terea,
616 512 890 582 quomodo
939 511 1198 580 loquatur
1242 513 1506 581 splendor
1557 514 1661 568 iste
1712 513 1763 567 in
1801 512 1981 565 Evan-

405 602 600 667 geliis:
634 602 776 671 «Ego
803 618 922 655 sum
955 601 1046 654 lux
1074 603 1264 655 mundi
1295 604 1375 667 7’;
1407 623 1422 653 ι
1448 603 1629 657 lumen
1657 618 1719 657 ex
1751 601 1978 657 lumine.

405 697 706 748 Character
755 694 902 747 aliud
951 695 1233 764 quidpiam
1283 703 1368 749 est
1411 695 1478 748 ab
1531 711 1636 759 eo,
1688 697 1850 763 cujus
1897 701 1983 746 est

404 786 721 847 character,
785 801 895 840 non
964 802 1364 858 usquequaque
1412 787 1584 852 aliud,
1621 787 1715 842 sed
1766 794 1981 840 tantum

404 876 707 929 secundum
741 875 1102 944 bypostasim.

579 965 977 1021 CCLXXXVII.
1008 997 1081 1009 —
1117 966 1518 1023 PIIILOROMO
1549 965 1804 1024 COIIITI.

476 1059 533 1113 Si
576 1059 846 1113 bellorum
892 1059 1134 1113 laborem
1183 1075 1249 1112 ac
1295 1060 1531 1114 validam
1586 1061 1981 1115 monachorum

406 1166 644 1220 pugnam
670 1189 685 1214 ,
714 1166 876 1220 quam
909 1166 1032 1204 cum
1067 1151 1401 1205 facinorosis
1431 1150 1774 1205 daemonibus
1803 1153 1982 1205 conti-

409 1241 534 1294 nuis
568 1241 907 1294 adversariis
949 1224 1179 1302 ineunt,
1216 1249 1269 1294 et
1309 1257 1593 1310 nunquam
1636 1251 1979 1305 cessantem,

411 1348 510 1384 nec
557 1332 664 1386 sibi
702 1331 908 1398 aliquid
960 1332 1368 1386 condonantem
1420 1333 1619 1388 salutis
1656 1341 1987 1406 curam,‘et

409 1423 687 1486 studium,
729 1431 784 1477 et
821 1424 1140 1478 innumeras
1173 1424 1370 1478 animae
1422 1425 1707 1480 molestias
1764 1441 1985 1478 amaro-

410 1530 657 1583 rentque,
713 1516 806 1584 qui
868 1531 934 1569 ex
1008 1517 1180 1570 variis
1229 1516 1669 1570 adversariarum
1722 1517 1986 1571 virtutum

409 1607 809 1661 tentationibus
854 1607 1141 1674 provenit,
1198 1608 1668 1677 comprehendere
1725 1610 1984 1677 poteris:

409 1706 575 1752 metu
606 1741 619 1764 ,
657 1700 702 1752 si
740 1700 960 1767 quando
998 1699 1262 1769 temporis
1323 1716 1622 1769 progressu
1677 1712 1986 1755 ascetarnm

408 1790 506 1843 tibi
541 1791 801 1853 allluens,
838 1807 902 1845 ac
935 1792 1169 1861 dapsilis
1196 1808 1384 1847 mensa
1419 1793 1658 1857 videtur,
1689 1797 1989 1849 maximum

406 1879 610 1948 malum
637 1920 651 1942 ,
685 1888 739 1934 et
775 1897 998 1950 gravem
1033 1882 1312 1950 inopiam,
1342 1893 1396 1937 et
1431 1885 1636 1939 victum
1667 1895 1987 1951 austerum,

404 1986 523 2022 eam
557 1985 682 2022 cum
717 1971 826 2024 tuis
861 1973 1144 2039 perpetuis
1182 1989 1245 2026 ac
1288 1975 1602 2031 libidinosis
1641 1978 1860 2033 luxibus
1889 2019 1903 2039 ,
1936 1988 1990 2032 et

412 2060 741 2115 lautissimis
768 2061 1040 2118 conviviis
1092 2079 1425 2133 comparans
1452 2106 1467 2130 ,
1517 2083 1583 2122 ac
1626 2069 1944 2137 dijudicans
1973 2111 1987 2134 ,

407 2153 774 2209 existimabis.
807 2153 882 2208 Ne
915 2155 1101 2224 itaque
1125 2156 1462 2213 condemnes
1482 2199 1496 2222 ,
1530 2176 1708 2230 neque
1733 2178 1829 2217 eos
1849 2201 1862 2227 ,
1897 2165 1992 2233 qui

409 2246 740 2316 quandoque
785 2247 1033 2301 solamen
1079 2247 1302 2316 aliquod
1351 2249 1774 2318 participatione
1819 2253 1990 2307 bono-

413 2353 534 2390 rum
583 2339 832 2392 ciborum
880 2353 1006 2396 cum
1058 2337 1245 2391 divina
1288 2338 1584 2403 facultate,
1636 2351 1691 2395 et
1736 2343 1992 2398 libertate

412 2432 620 2499 proba,
656 2439 712 2484 et
761 2431 924 2485 bonis
975 2431 1447 2500 cogitationibus,
1502 2432 1723 2487 defesso
1769 2437 1993 2504 corpori

415 2524 771 2592 suppeditare
807 2524 990 2576 conati
1029 2531 1196 2586 sunt,
1233 2525 1536 2579 monachos
1570 2526 1823 2582 irrideas.

418 2618 575 2686 107
611 2615 1035 2671 CCLXXXVIII.
1062 2615 1550 2694 -ᾼΤΗΑΝΑΞΙΟ
1581 2618 1990 2676 DEFENSOBI.

483 2706 786 2762 Postulasti
819 2723 848 2760 a
886 2723 993 2768 me,
1044 2708 1092 2762 si
1127 2708 1448 2762 essentialis
1499 2707 1819 2778 Sapientia,
1868 2726 1994 2765 om-

413 2800 565 2853 nium
602 2799 869 2853 Dominus
898 2798 1194 2862 Christus,
1251 2802 1404 2854 solus
1460 2800 1656 2869 plenus
1708 2809 1762 2856 et
1815 2803 1995 2870 perfe-

411 2899 568 2956 ctus,
595 2899 650 2945 ct
684 2907 712 2944 a
747 2891 1024 2960 principio
1056 2890 1265 2944 nullius
1300 2891 1521 2960 indigus
1555 2902 1678 2953 est;
1713 2895 1995 2962 quomodo

410 2982 477 3035 de
509 2996 575 3035 eo
619 2980 801 3034 Lucas
847 2979 1086 3033 scribit:
1127 2995 1145 3028 ι
1175 2977 1506 3032 Proliciebat
1555 2987 1744 3042 aetate,
1799 2989 1853 3034 et
1907 2996 1998 3034 sa-

2086 526 2216 580 σμα·
2255 530 2271 560 ι
2329 511 2468 579 Ἐγώ
2490 515 2605 581 εἰμι
2633 513 2691 564 τὸ
2712 513 2825 579 φῶς
2859 511 2951 564 τοῦ
2979 512 3206 581 κόσμου,
3244 531 3260 562 ι
3295 512 3410 579 φῶς
3458 515 3518 565 ἐκ
3553 533 3665 582 φω-

2085 602 2193 663 τὸς.
2235 601 2293 652 '0
2322 603 2610 673 χαρακτὴρ
2644 601 2769 654 ἀλλο
2799 603 2850 653 τί
2874 604 2990 654 ἐστι
3022 601 3170 672 παρά
3197 601 3258 652 τὸ
3284 603 3662 670 πρωτότυπον,

2088 692 2216 745 ἄλλο
2241 693 2298 746 δὲ
2325 694 2382 746 οὐ
2418 694 2616 764 πάντη,
2646 693 2780 747 ἀλλά
2811 693 2950 748 κατά
2983 695 3041 746 τὸ
3073 694 3454 755 ἐνυπύστατον,

2402 961 2562 1015 ΣΠΖ’.
2590 991 2657 1002 --
2677 962 3024 1033 ΦΙΛΟΡΟΜῼ
3064 960 3352 1017 KOMIITI.

2175 1049 2300 1104 Ἐἀν
2352 1052 2588 1121 ἰσχύσεις
2624 1053 2851 1118 ξυνιδεῖν
2897 1054 2989 1108 τὸν
3035 1056 3232 1124 μόχθον
3255 1057 3362 1108 τῶν
3393 1058 3671 1126 πολέμων,

2090 1141 2182 1192 καὶ
2221 1141 2320 1208 τῆς
2369 1143 2641 1211 καρτερᾶς
2693 1143 2869 1213 μάχης
2929 1144 3036 1196 τῶν
3093 1145 3362 1215 μοναχῶν,
3396 1149 3498 1216 τῆς
3533 1149 3675 1216 πρὸς

2087 1237 2210 1298 τοὺς
2244 1235 2548 1308 ἀλάστορας
2577 1235 2857 1305 δαίμονας,
2879 1239 3003 1302 τοὺς
3035 1239 3326 1308 διηνεκεῖς,
3352 1242 3440 1292 καὶ
3469 1241 3678 1309 ausus-

2089 1330 2220 1389 νείς,
2250 1328 2344 1381 καὶ
2371 1327 2470 1398 τὴν
2494 1329 2792 1390 ἄπαυστον,
2827 1331 2921 1382 καὶ
2949 1330 3229 1383 ἀνένδοτον
3258 1331 3359 1399 τῆς
3393 1333 3679 1400 σωτηρίας

2093 1416 2385 1485 μέριμναν,
2416 1419 2511 1469 καὶ
2543 1418 2825 1487 φροντίδα.
2864 1419 2954 1471 καὶ
2987 1419 3085 1482 τὰς
3125 1419 3529 1490 ἀναριθμήτους
3573 1421 3679 1489 τῆς

2089 1506 2268 1578 ψυχῆς
2291 1509 2605 1577 τηκεδόνας,
2636 1510 2730 1562 καὶ
2770 1510 2869 1579 τὴν
2901 1512 3129 1580 πικρίαν
3157 1511 3253 1580 τὴν
3283 1513 3676 1580 ὲπιγινομένην

2091 1599 2150 1650 ἐν
2180 1602 2291 1662 τοῖς
2318 1601 2582 1664 ποικίλοις
2604 1605 2931 1672 πειρασμοῖς
2955 1604 3061 1655 τῶν
3084 1605 3342 1657 ἐναντίων
3368 1605 3676 1666 δυνάμεων,

2093 1690 2153 1742 τὸ
2184 1691 2488 1760 τηνικαῦτα
2523 1692 2620 1762 τὴν
2649 1693 2736 1744 διά
2769 1693 2961 1762 χρόνου
2987 1693 3228 1763 λιπαρὰν
3268 1693 3376 1746 τῶν
3417 1696 3679 1764 ἀσκητῶν

2093 1783 2426 1852 φαινομένην
2451 1801 2531 1835 σοι
2565 1785 2658 1835 καὶ
2699 1783 2894 1854 δαψιλῆ
2923 1785 3224 1855 τράπεζαν,
3248 1788 3548 1856 κακουχίαν
3585 1805 3679 1856 με·

2094 1873 2306 1942 γίστην,
2351 1876 2444 1927 καὶ
2477 1875 2702 1944 βαρεῖαν
2741 1875 2969 1943 ἔνδειαν,
3003 1878 3096 1930 καὶ
3134 1877 3342 1930 δίαιταν
3383 1879 3679 1948 αύχμηράν

2094 1964 2409 2033 νομίσειας,
2449 1967 2931 2036 παρασυμϐἀλλων
2971 1968 3192 2036 ταύτην,
3237 1969 3330 2020 καὶ
3367 1970 3680 2038 συγκρίνων

2094 2057 2212 2118 ταῖς
2265 2059 2384 2119 σαῖς
2437 2058 2732 2127 διηνεκέσι,
2785 2061 2879 2112 καὶ
2933 2060 3256 2122 ἀκολάστοις
3301 2063 3534 2130 τρυφαῖς
3583 2065 3680 2114 καὶ

2097 2145 2460 2208 πανδαισίαις.
2495 2148 2586 2218 Μὴ
2615 2149 2796 2200 τοίνυν
2825 2150 3142 2219 κατάκρινε,
3171 2151 3264 2203 καὶ
3299 2151 3501 2202 σκὸπτε
3545 2154 3681 2214 τοὺς

2095 2235 2161 2287 δι’
2180 2236 2402 2306 ἡμερῶν
2425 2239 2833 2308 δοκιμάσαντας
2861 2244 3152 2311 μοναχοὺς,
3181 2243 3529 2312 παραμυθίαν
3553 2245 3680 2295 τινα

2099 2327 2460 2398 μεταλήψεως
2495 2330 2678 2383 σιτίων
2707 2334 2909 2398 καλῶν,
2944 2337 3039 2389 σὺν
3087 2336 3207 2406 θεία
3241 2337 3543 2407 ἐλευθερία,
3580 2338 3682 2390 καὶ

2097 2422 2382 2491 παρρησία
2417 2426 2668 2494 χρηστῇ,
2702 2427 2796 2478 καὶ
2829 2427 3110 2498 λογισμοῖς
3143 2430 3367 2497 ἀγαθοῖς
3393 2430 3470 2500 τῷ
3506 2448 3680 2483 κατα-

2098 2511 2386 2580 πονηθέντι
2416 2514 2628 2583 σώματι
2674 2519 2999 2588 χορηγῆσαι.

2413 2603 2586 2657 ΣΠΙΡ.
2611 2634 2674 2642 -
2700 2606 3045 2676 ΑΘΛΝΑΣΙῼ
3078 2610 3356 2683 ΕΚΔῘΚῼ.

2181 2692 2416 2745 Ἐπύθου
2451 2712 2573 2762 μου,
2602 2697 2650 2748 εί
2684 2698 2947 2768 οὑσιώδης
2973 2702 3156 2770 σοφία,
3181 2705 3207 2755 ὁ
3246 2705 3353 2757 τῶν
3393 2706 3530 2758 ὅλων
3575 2710 3679 2760 Δε-

2099 2782 2304 2852 σπότης
2336 2785 2588 2854 Χριστὸς,
2618 2787 2712 2839 καὶ
2754 2789 2914 2858 μόνος
2947 2793 3183 2864 πλήρης,
3212 2797 3306 2848 καὶ
3332 2797 3553 2860 τέλειος,
3585 2799 3680 2852 καὶ

2096 2875 2420 2946 ἀνελλειπὴς
2466 2879 2564 2932 ἀπ’
2595 2880 2788 2951 ἀρχῆς,
2836 2884 2952 2946 πῶς
2999 2887 3199 2956 γράφει
3245 2891 3372 2960 περὶ
3426 2891 3591 2944 αὑτοῦ
3654 2897 3683 2946 ὁ

2098 2969 2341 3031 Λουκᾶς·
2397 2971 2478 3023 ὅτι
2516 2991 2532 3022 ι
2573 2974 2918 3043 Προέκοττεν
2971 2979 3193 3050 ἡλικία,
3232 2982 3323 3035 καὶ
3357 2984 3552 3053 σοφία,
3583 2987 3681 3038 καὶ

411 3075 614 3145 pientia
637 3115 650 3136 ,
687 3085 740 3128 et
767 3074 943 3143 gratia
973 3073 1098 3126 “°?)
1119 3070 1238 3125 Non
1271 3071 1413 3141 quod
1459 3071 1669 3127 deforis
1701 3073 1989 3137 alicunde,

2102 3060 2310 3128 χάριτις
2350 3081 2366 3112 ι
2401 3063 2510 3132 Οὐχ
2537 3065 2617 3117 ὅτι
2645 3067 2837 3134 σοφίαν
2871 3069 3305 3139 προσλαμϐάνων
3336 3072 3536 3136 ἔξωθέν
3583 3093 3679 3128 πο-

409 3183 573 3234 quatn
607 3167 754 3220 domi
787 3165 1057 3230 habebat,
1090 3165 1418 3234 sapientiam
1455 3173 1809 3228 assumeret;
1847 3173 1995 3220 totus

411 3257 554 3310 enim
607 3254 914 3324 sapientia,
943 3263 997 3307 et
1047 3253 1288 3323 cognitio
1337 3254 1728 3323 comprehendi
1763 3256 1990 3321 nescia,

411 3358 463 3400 et
494 3347 708 3416 gratia,
741 3353 796 3399 et
839 3345 1137 3398 thesaurus
1184 3345 1493 3408 gratiarum
1541 3344 1993 3398 inexhaustarum

409 3437 711 3491 sccumluut
748 3433 1006 3488 deitatem
1048 3441 1165 3486 erat
1194 3451 1208 3498 ;
1242 3433 1337 3487 sed
1365 3435 1509 3503 quod
1547 3435 1864 3502 proliciente
1896 3435 1996 3490 Itu-

413 3543 570 3581 mana
603 3526 915 3580 Servatoris
949 3532 1110 3578 zelate
1146 3525 1462 3580 ltontinibus
1490 3526 1877 3581 elucidabatur
1913 3527 1997 3582 di-

410 3621 552 3674 vina:
583 3619 867 3688 sapienti:e
902 3633 966 3671 ac
997 3618 1192 3686 gratiae
1223 3616 1510 3670 iudicatio.

753 3707 1131 3765 CCLXXXIX.
1172 3737 1235 3747 —
1267 3706 1640 3764 DIIUSIANO.

480 3804 638 3859 Licet
689 3803 885 3858 adhuc.
915 3816 1127 3856 cornua
1181 3799 1356 3853 vitulo
1406 3815 1513 3853 non
1548 3801 1865 3869 eruperint,
1897 3815 1994 3854 ve-

413 3907 724 3952 rumtamen
762 3896 879 3963 ipse
915 3895 1020 3949 scit
1055 3892 1204 3963 quod
1253 3900 1588 3960 erumpent;
1640 3892 1768 3945 hinc
1815 3893 1998 3961 capite

412 3987 556 4057 quod
587 3988 690 4041 sibi
728 3988 1011 4041 adversari
1047 3988 1267 4041 videtur
1304 3986 1540 4056 impetit.
1576 3985 1667 4039 Sic
1700 3995 1754 4039 et
1786 3985 1993 4050 David,

413 4083 543 4135 licet
589 4077 851 4133 Servator
880 4081 1140 4135 Christus
1190 4081 1496 4134 secundum
1533 4080 1996 4147 dispositionem,

411 4169 654 4221 nondum
678 4170 1048 4236 apparuisset,
1080 4169 1444 4221 nihilominus
1473 4176 1531 4220 ut
1563 4169 1830 4237 propheta
1857 4208 1872 4232 ,
1903 4184 1999 4220 un-

412 4259 608 4310 denam
655 4259 852 4310 salutis
897 4273 1072 4311 cornu
1103 4267 1428 4325 erupturum
1464 4270 1583 4310 erat
1608 4299 1622 4321 ,
1657 4268 1992 4325 agnoverat,

415 4350 521 4402 hoc
550 4357 634 4402 est
655 4390 669 4411 ,
703 4364 766 4402 ex
805 4351 1014 4404 semine
1041 4359 1096 4423 et
1121 4367 1321 4420 genere
1353 4351 1600 4405 Davidis.
1648 4352 1995 4423 Quapropter

2099 3152 2210 3214 θεν,
2235 3154 2300 3223 ἣν
2325 3156 2536 3208 οἴκοθεν
2555 3153 2718 3226 εἶχεν,
2746 3164 3071 3214 γατενοεῖτο·
3097 3163 3216 3226 ὅλος
3237 3167 3344 3233 γὰρ
3369 3167 3550 3234 σοφία,
3584 3171 3681 3222 καὶ

2099 3244 2299 3311 γνῶσις
2349 3247 2750 3319 ἀκατάληπτος,
2807 3252 2901 3303 καὶ
2937 3254 3116 3322 χάρις,
3149 3257 3240 3307 καὶ
3274 3257 3549 3327 θησαυρὸς
3579 3277 3681 3329 χα-

2101 3335 2265 3404 ρίτων
2304 3337 2664 3409 ἀδαπανήτων
2697 3342 2836 3394 κατά
2860 3344 2958 3412 τὴν
2995 3344 3243 3414 θεότητα,
3280 3349 3393 3401 ἀλλ’
3423 3352 3503 3402 ὅτι
3546 3370 3682 3422 προ-

2100 3427 2407 3497 κοπτούσης
2460 3430 2559 3498 τῆς
2611 3431 2958 3502 ἀνθρωπίνης
2997 3435 3089 3486 τού
3138 3437 3388 3507 Σωτῆρος
3439 3440 3680 3509 ἡλικίας,

2100 3520 2517 3588 παρεγυμνοῦτο
2552 3525 2661 3585 τοῖς
2700 3523 3064 3596 ἀνθρώποιςή
3104 3526 3327 3594 ἔνδειξις
3369 3530 3458 3599 τῆς
3489 3531 3684 3601 θεῖκξς

2101 3611 2291 3678 cogita;
2325 3613 2419 3664 καὶ
2450 3614 2690 3683 χάριτος.

2547 3709 2716 3763 me.
2735 3741 2801 3748 —
2819 3711 3220 3784 morsum.

2173 3803 2288 3856 Κᾶν
2318 3801 2391 3872 μή
2431 3819 2548 3864 πως
2582 3801 2720 3871 ὲιρύη
2754 3802 2830 3872 τῷ
2869 3803 3054 3875 μόσχῳ
3079 3806 3146 3858 τά
3176 3807 3401 3876 κέρατα,
3433 3809 3546 3861 ἀλλ’
3570 3806 3680 3862 οἶδε

2101 3895 2338 3958 πάντως,
2371 3895 2452 3947 ὅτι
2505 3895 2806 3964 φυήσεται·
2837 3892 2956 3948 ὅθεν
3007 3897 3097 3949 καὶ
3140 3901 3202 3969 τῇ
3243 3900 3450 3968 κειραλῇ
3486 3902 3546 3952 τὸ
3588 3903 3681 3954 δο-

2101 3989 2229 4040 κοῦν
2263 3987 2517 4056 πολεμεῖν
2553 3985 2838 4055 ἀμύνεται.
2868 3987 3024 4040 Οὖτω
3046 3989 3136 4042 καὶ
3167 3989 3347 4047 Δαυῖδ.
3369 3991 3470 4046 κᾶν
3509 3995 3582 4064 μή
3596 4013 3682 4047 πω
3737 3991 3744 3996 ’

2099 4080 2125 4131 ὁ
2156 4077 2344 4148 Σωτὴρ
2375 4075 2607 4147 Χριστὸς
2656 4076 2796 4129 κατά
2825 4077 2931 4147 τὴν
2982 4079 3296 4148 οἰκονομίαν
3327 4085 3439 4142 τοῖς
3467 4080 3685 4147 ἀνθρώ-

2101 4187 2223 4232 ποις
2258 4169 2452 4238 ὲφάνη,
2500 4168 2612 4219 ἀλλ’
2644 4168 2720 4230 ὡς
2751 4171 3037 4240 προφήτης
3063 4172 3345 4237 ἐγίνωσκε,
3385 4173 3545 4224 πόθεν
3596 4175 3685 4238 ἐξ-

2102 4262 2348 4313 ανατελεῖ
2384 4261 2481 4330 τῆς
2531 4260 2803 4331 σωτηρίας
2827 4261 2886 4312 τὸ
2922 4261 3108 4331 κέρας,
3157 4263 3432 4316 τουτέστιν
3475 4266 3537 4317 ἐκ
3584 4266 3682 4318 τοῦ

2105 4354 2436 4422 σπέρματος,
2477 4354 2569 4405 καὶ
2603 4354 2667 4404 ὲκ
2726 4352 2817 4404 τοῦ
2878 4353 3068 4420 γένους
3103 4355 3287 4407 Δαυῒδ.
3337 4356 3532 4426 Διόπερ
3583 4359 3685 4411 καὶ

416 4445 533 4513 ipse
565 4439 731 4493 David
764 4441 980 4496 dicebat
1010 4462 1023 4496 :
1056 4461 1073 4493 ι
1107 4441 1162 4495 In
1199 4454 1251 4496 te
1282 4442 1536 4497 inimicus
1570 4453 1790 4498 nostros
1821 4461 1989 4500 cornu

2103 4443 2288 4510 ἔλεγεν
2319 4443 2480 4506 αὐτὸς
2508 4446 2536 4496 ὁ
2567 4442 2729 4495 Δαυῖδ
2777 4442 2913 4513 πρὸς
2959 4445 3048 4496 τὸν
3099 4445 3375 4513 Δεσπότην
3421 4447 3677 4513 Χριστόν·

411 4543 661 4604 petemus
689 4534 730 4564 "
761 4550 776 4599 ;
807 4553 823 4583 ι
855 4534 955 4586 hoc
987 4542 1103 4597 est,
1144 4549 1238 4603 per
1270 4545 1350 4596 te,
1394 4543 1446 4587 ct
1483 4551 1580 4605 per
1611 4546 1760 4589 tuam
1797 4546 1993 4605 polen-

411 4631 570 4692 tiam,
596 4637 650 4683 et
682 4643 856 4682 cornu
887 4629 1119 4681 viriliter
1151 4630 1504 4683 adversarios
1537 4639 1754 4684 nostros
1783 4631 1991 4684 daemo-

411 4738 511 4776 nes
539 4720 1002 4790 oppugnabimus.
1041 4719 1154 4773 Nos
1187 4721 1334 4774 enim
1366 4736 1428 4774 ev
1467 4722 1880 4792 nobismetipsis
1915 4723 1997 4776 in-

409 4813 704 4868 vincibiles
736 4813 926 4868 hostes
958 4825 1219 4883 superare
1256 4814 1576 4882 nequimus.

446 4984 648 5041 CCXC.
683 5017 748 5029 —-
779 4987 1103 5044 PROCOLO
1139 4989 1347 5042 ιιΕιιΡ.
1386 4989 1956 5048 ΑΟΜΙΝιὸἸῚὶᾹΝΤΙ.

440 5111 454 5122 .
485 5075 976 5136 Providentissime
1006 5082 1100 5135 tibi
1126 5122 1140 5144 ,
1173 5097 1350 5150 neque
1376 5097 1695 5137 sermonum
1722 5087 1991 5155 aptitudo,

415 5183 591 5237 neque
626 5171 786 5240 108
817 5174 1190 5238 abundantia,
1241 5191 1419 5243 neque
1464 5179 1866 5232 sententiarum
1899 5197 1993 5234 co-

416 5260 536 5326 pia,
567 5278 744 5331 neque
802 5268 878 5319 rei
914 5268 1239 5321 nummaria:
1276 5268 1552 5321 amurntia
1576 5309 1590 5330 ,
1642 5287 1819 5341 neque
1871 5288 1994 5325 cor-

414 5349 566 5416 poris
595 5353 745 5407 salus
774 5356 972 5408 tradita
998 5367 1082 5410 est
1111 5374 1124 5421 ;
1158 5359 1358 5412 ctenim
1403 5360 1446 5413 si
1495 5361 1581 5414 his
1615 5363 1780 5416 etiam
1817 5364 1988 5417 desti—

415 5447 568 5497 tutus
615 5446 1046 5514 cogitationibus
1095 5452 1453 5513 recalcitras,
1509 5465 1560 5506 et
1612 5454 1989 5511 indesinenter

416 5532 651 5602 ineptis,
697 5551 817 5605 qua:
867 5540 1005 5618 nulli
1057 5541 1178 5596 usui
1223 5551 1353 5596 sunt
1393 5544 1690 5611 elTuliens,
1736 5564 1830 5603 ore
1882 5550 1989 5602 lato

492 5704 537 5735 τ’
576 5704 734 5761 Joan.
793 5725 914 5772 vttt,
961 5710 1040 5763 l‘l.
1119 5716 1161 5744 ⁸ο
1210 5713 1340 5768 Luc.
1387 5734 1449 5784 ιι,
1519 5717 1604 5770 5:2.

2095 4537 2174 4588 ὅτι
2209 4555 2224 4584 ι
2249 4536 2336 4586 Ἑν
2366 4536 2448 4587 σοὶ
2469 4537 2593 4597 τοὺς
2629 4534 2854 4603 ἐχθροὺς
2881 4535 3038 4604 ἡμῶν
3063 4536 3443 4606 κερατιοῦμεν,
3475 4556 3490 4586 ι
3520 4555 3682 4593 τουτ-

2095 4629 2209 4679 έστι
2247 4627 2333 4678 διά
2375 4624 2490 4689 σοῦ,
2523 4625 2617 4678 καὶ
2647 4625 2733 4679 διὰ
2756 4629 2855 4696 τῆς
2883 4626 2983 4694 σῆς
3032 4626 3237 4695 ἰσχύος,
3287 4629 3379 4680 καὶ
3407 4629 3499 4681 τοῦ
3547 4632 3683 4699 κρά-

2092 4737 2237 4783 τους,
2270 4719 2413 4772 κατά
2467 4721 2668 4791 κράτος
2714 4721 2841 4782 τοὺς
2889 4718 3118 4788 ἐχθροὺς
3161 4721 3321 4790 ἡμῶν
3360 4723 3680 4790 ἀμυνόμεθα

2094 4812 2376 4881 δαίμονας.
2421 4814 2614 4880 Ἡμεῖς
2677 4811 2784 4882 γὰρ
2839 4811 2960 4864 καθ’
2989 4813 3218 4875 ἑαυτοὺς
3268 4814 3366 4865 οὐκ
3421 4814 3681 4883 ἰσχύομεν

2096 4905 2479 4974 περιγενέσθαι
2505 4904 2611 4956 τῶν
2633 4905 2880 4975 ἀοράτων
2914 4904 3144 4973 ἐχθρῶν.

2321 4999 2432 5065 Σιζ.
2457 5030 2518 5038 -
2543 4998 2828 5067 ΠΡυΚΛῼ
2866 4997 3434 5068 ΠΟΛΙΤΕΥΟΜΕΝῼ.

2165 5089 2536 5159 Οἰκονομικῶς
2582 5090 2681 5141 οὐκ
2733 5089 2888 5159 ἐδόθη
2945 5107 3025 5141 σοι
3068 5088 3189 5141 οὗτε
3224 5090 3398 5157 λόγων
3443 5091 3674 5159 εύφυία,

2093 5181 2205 5235 οὔτ’
2235 5182 2484 5250 ἀφθονία,
2517 5181 2610 5234 καὶ
2637 5181 2838 5250 πλῆθος
2880 5181 3189 5250 νοημάτων,
3224 5180 3346 5233 οὔτε
3379 5199 3481 5252 χρη
3495 5185 3681 5251 μάτων

2095 5274 2367 5342 δαψίλεια,
2401 5272 2516 5325 οὔτε
2541 5271 2800 5340 ὑγείατοῦ
2832 5271 3099 5340 σώματος.
3130 5272 3189 5323 El
3214 5272 3321 5341 γὰρ
3353 5273 3443 5324 καὶ
3473 5273 3681 5326 τούτων

2098 5367 2379 5438 στερηθεὶς
2427 5365 2698 5427 λακτίζεις
2749 5367 2859 5426 τοῖς
2907 5363 3205 5432 λογισμοῖς,
3249 5367 3342 5416 καὶ
3401 5365 3664 5436 φλυαρεῖς

2097 5461 2390 5522 ἀπαύστως
2442 5459 2619 5512 λαλῶν
2675 5467 2740 5510 τὰ
2788 5457 2953 5528 μηδὲν
3007 5456 3342 5524 ὠφελοῦντα,
3399 5457 3677 5510 πεπλατυ-

2101 5554 2280 5623 σμένῳ
2326 5551 2403 5621 τῷ
2439 5551 2686 5621 στόματι.
2739 5551 2830 5601 καὶ
2881 5549 3169 5617 ἀκαθέκτφ
3221 5554 3283 5619 τῇ
3317 5548 3553 5621 γλώττῃ*
3584 5550 3678 5604 καὶ

1688 5723 1723 5750 κ’
1788 5719 1929 5773 l’s-i.
1973 5737 2118 5774 unt.
2160 5723 2209 5773 ti.
