4012 6196
365 322 467 384 189

1600 323 2131 384 EPISTOIARUM
2164 329 2307 387 LIB.
2354 328 2401 387 Ι.

3515 328 3612 392 190

368 429 532 502 μόνον
571 427 670 495 τὴν
702 425 898 478 σαυτοῦ
955 426 1277 489 κενοδοξίαν,
1314 428 1405 479 καὶ⁴
1454 427 1942 499 ἁνθρωπαρεσκίαν

2049 430 2533 503 adapertoque,et
2598 432 2783 501 lingua
2847 431 3211 487 incontinenti
3269 436 3609 489 tantumdem

366 519 748 589 πληροφορῶν,
782 517 878 569 καὶ
927 516 1088 569 ἄθλια
1144 518 1559 587 αἰχμαλωτίξων
1606 519 1839 585 γύναια’
1892 522 1945 572 τί

368 611 437 663 ἂν
481 609 756 677 διεπράξω
800 609 1135 678 εὐπορήσας,
1186 603 1370 679 ὧνπερ
1427 610 1663 678 εὐλόγως
1716 612 1946 665 ἀπεστε-

374 701 579 772 eteae;

684 878 921 944 Σι,Α’.-
938 878 1218 949 ᾹΙΛΙΑΝῼ
1256 881 1625 954 ΕΠῙΣΚΟΠῼ.

440 973 543 1024 Τὸν
609 967 820 1039 ’Δαρὼν
870 969 1131 1024 δεικνύων
1192 971 1445 1043 θαυμάζῃ
1492 973 1643 1045 παρὰ
1705 976 1941 1039 πάντων,

370 1060 763 1131 ἐπιφερόμενός
797 1076 857 1111 τε
900 1060 1080 1123 λίθους
1125 1062 1337 1130 τιμίους
1362 1105 1376 1128 ,
1430 1065 1524 1116 καὶ
1564 1065 1814 1130 κώδωνας
1858 1068 1946 1118 εὑ-

368 1158 533 1227 ήχους
566 1151 955 1222 ἐξηρτημένος.
1007 1151 1128 1204 Τῶν
1159 1152 1265 1224 γὰρ
1309 1153 1414 1206 ὑπὸ
1465 1157 1547 1207 σοι
1592 1155 1941 1224 ταττομένων

370 1244 665 1314 κληρικῶν,
690 1246 740 1295 οἱ
770 1244 868 1313 μὲν
896 1244 1055 1313 σιγὴν
1076 1245 1371 1308 ἀσκοῦντες
1402 1245 1481 1315 τῷ
1509 1245 1607 1316 βίῳ
1638 1247 1942 1315 κεκράγασι

370 1336 668 1403 σάλπιγγος
709 1334 1240 1405 μεγαλοφωνότερον,
1273 1337 1323 1387 οἱ
1361 1336 1417 1388 δὲ
1469 1336 1545 1405 τῷ
1594 1336 1723 1407 θείῳ
1772 1337 1939 1405 λόγῳ,

370 1427 466 1478 καὶ
494 1428 612 1486 ταῖς
649 1426 929 1494 λαμπραῖς
962 1425 1199 1493 ὁμιλίαις
1232 1426 1595 1495 κατηχοῦντες
1630 1427 1771 1497 ὑπὲρ
1800 1426 1944 1479 ὲκεί-

372 1533 499 1576 νους
531 1517 651 1574 τοὺς
683 1514 936 1576 κώδωνας
970 1513 1073 1583 τὴν
1118 1516 1394 1586 μακαρίαν
1444 1518 1603 1588 ἠχὴν,
1650 1520 1728 1581 εἰς
1778 1518 1945 1580 αὐτὰς

374 1603 478 1667 τὰς
514 1605 677 1666 ἀκοὰς
704 1604 796 1655 τοῦ
830 1603 922 1657 νοῦ
954 1606 1380 1675 εἰσκομίζουσιν.

738 1697 893 1763 ΣμΒι.
911 1726 980 1734 —
998 1698 1236 1767 ΛΙΝΝΙῼ
1267 1700 1575 1770 ΜΟΝΑΧῼ.

2049 531 2198 575 tuam
2233 522 2618 583 insolentiam,
2650 528 2703 573 et
2732 520 2986 588 placendi
3018 520 3335 574 hominibus
3370 522 3613 587 studium

2042 611 2293 681 jactans,
2324 623 2376 666 et
2417 610 2784 665 infortunatas
2828 611 3182 665 mulierculas
3222 611 3277 665 in
3329 613 3615 681 captivita-

2046 712 2154 755 tem
2186 704 2435 767 ducens;
2469 701 2601 771 quid
2634 701 2749 770 ipse
2778 702 2999 756 molitus
3031 701 3261 767 fuisses,
3296 703 3340 757 si
3369 704 3458 756 illa
3486 719 3613 773 pos-

2048 790 2291 845 sedisses
2311 831 2326 855 ,
2353 791 2555 860 quibus
2593 803 2702 842 non
2730 788 2849 841 sine
2873 790 3090 843 ratione
3114 790 3478 845 destitueris?

2316 878 2540 934 CCXCL
2576 908 2635 916 —
2678 876 2960 931 IELIANO
2994 875 3343 932 EPISCOPO.

2118 974 2389 1027 Aaronetn
2423 978 2712 1025 ostentans
2745 970 2799 1023 in
2834 968 3079 1022 omnium
3113 967 3479 1024 admiratione
3512 985 3572 1025 es
3597 1009 3613 1033 ,

2046 1071 2098 1117 et
2134 1062 2412 1131 pretiosos
2457 1058 2669 1129 lapides
2718 1057 3185 1119 circumducens,
3236 1064 3290 1110 et
3345 1058 3480 1110 bene
3529 1074 3618 1110 so-

2044 1150 2234 1204 nantia
2297 1148 2671 1201 tintinnabula
2728 1161 2969 1215 appensa
3017 1151 3278 1215 gestans;
3331 1146 3423 1213 qui
3474 1147 3617 1199 enim

2048 1242 2144 1295 tibi
2193 1242 2429 1296 subsunt
2473 1256 2540 1295 ex
2587 1241 2769 1304 clero,
2801 1239 2854 1291 hi
2887 1236 3106 1306 quidem
3140 1237 3420 1291 silentium
3461 1251 3619 1291 exer-

2046 1343 2236 1390 centes
2263 1335 2392 1389 tuba
2427 1333 2934 1403 magniloquentius
2964 1332 3222 1386 insonant
3257 1348 3270 1396 ;
3308 1331 3399 1382 alii
3434 1331 3620 1385 divino

2048 1429 2214 1483 verbo
2264 1427 2680 1497 splendidisque
2732 1426 3024 1493 colloquiis
3070 1425 3183 1479 illis
3229 1424 3617 1479 tintinnabulis

2046 1521 2449 1575 consonantius
2480 1521 2936 1586 interstrepentes
2961 1556 2974 1579 ,
3022 1517 3244 1569 beatum
3291 1517 3529 1571 sonitum
3565 1518 3621 1571 in

2047 1612 2196 1681 ipsas
2231 1612 2434 1665 mentis
2465 1626 2628 1665 aures
2665 1610 2983 1677 important.

2330 1700 2575 1758 CCXCII.
2608 1730 2679 1741 -
2706 1697 2937 1753 LINNIO
2973 1697 3333 1753 MONACHO.

451 1784 631 1836 Πᾶσαν
662 1785 761 1855 τὴν
791 1786 881 1838 ὑπ’
905 1786 1131 1853 οὐρανὸν
1160 1787 1573 1856 περιτροχάζων
1625 1788 1942 1852 σπουδάζεις

2118 1793 2343 1848 Terram
2378 1808 2596 1847 omnem
2623 1832 2637 1857 ,
2672 1807 2792 1861 quae
2827 1792 2929 1844 sub
2958 1792 3101 1845 coelo
3133 1801 3214 1844 est
3238 1829 3251 1853 ,
3284 1790 3622 1844 circumcur-

378 1875 745 1946 σεσαλευμὲνῃ
793 1879 856 1945 τῇ
911 1876 1129 1946 γνώμῃ,
1182 1880 1438 1948 ἀφορμάς
1482 1880 1945 1948 μυρίας-πλαττό-

377 1984 559 2037 μενος,
602 1968 699 2020 καὶ
750 1968 931 2037 χώρας
966 1970 1028 2019 ἐκ
1066 1969 1256 2038 χωρῶν
1294 1970 1658 2039 μεταμείϐων.
1702 1971 1821 2022 Κᾶν
1850 1968 1944 2023 νῦν

370 2058 649 2126 τοιγάρτοι
678 2056 887 2108 παῦσαι
910 2058 1008 2126 τῆς
1032 2057 1266 2127 πλάνης,
1292 2058 1584 2128 ἐδράσθητι
1618 2058 1677 2110 τὸ
1708 2061 1941 2128 φρονεῖν,

375 2146 641 2213 σταθερὸν
667 2147 900 2199 άνάλαϐε
935 2148 1213 2218 λογισμὸν,
1233 2149 1635 2216 καταφονευσον
1656 2148 1753 2218 τὴν
1778 2150 1945 2201 ἀστα-

374 2239 498 2291 σίαν
531 2238 608 2307 τῷ
662 2239 806 2308 ξίφει
851 2240 951 2309 τῆς
994 2240 1306 2310 καρτερίας,
1334 2240 1434 2303 τάς
1472 2241 1737 2303 ἀτάκτους
1767 2241 1947 2311 ὁρμὰς

372 2330 743 2399 ἀναχαίτισον,
796 2331 946 2393 τέλος
996 2330 1179 2394 ἐπίθες
1235 2331 1309 2401 τῷ
1369 2332 1630 2402 ἁμυθήτῳ
1691 2332 1942 2402 βρασμῷ,

372 2423 748 2490 ὲπισυνάγαγε
795 2424 914 2475 ὅλον
964 2422 1155 2477 σαυτὸν
1206 2423 1343 2494 πρὸς
1380 2424 1614 2494 Χριστὸν
1645 2424 1813 2495 ψυχῇ,
1853 2423 1946 2476 καὶ¹

377 2513 625 2585 σώματιί

589 2606 747 2672 ΣιπΙν.
774 2635 844 2648 ν-
878 2607 1371 2677 ΠΡΙΣΚΙΛΛΙΑΝῼ
1398 2608 1720 2679 ΔΙΑΚΟΝῼ.

448 2699 509 2751 Εἰ
542 2700 604 2751 ἐκ
633 2698 923 2769 προσώπου
956 2699 1049 2752 τοῦ
1076 2700 1347 2753 Δεσπότου
1396 2701 1551 2771 ἡμῶν
1602 2700 1776 2772 Ἰησοῦ
1809 2704 1944 2774 Χρι-

372 2789 504 2843 στοῦ
560 2790 792 2859 φάσκεις
832 2790 899 2845 τά
951 2792 1325 2863 προϐληθέντα
1380 2793 1532 2863 παρὰ
1575 2793 1667 2845 σοῦ
1727 2796 1945 2865 ῥήματα

370 2881 623 2951 εἰρῆσθαι
655 2883 710 2933 ἐν
738 2886 801 2952 τῇ
843 2883 1138 2954 Παναρέτῳ
1173 2883 1278 2937 ὑπὸ
1301 2884 1392 2936 τοῦ
1424 2886 1786 2955 Σολομῶντος,
1822 2885 1941 2947 πῶς

368 2988 539 3040 φησιν
599 2973 788 3026 ἑαυτὸν
826 2975 853 3025 ὁ
897 2977 1246 3045 συγγραφεὺς
1283 2973 1377 3028 τοῦ
1433 2976 1591 3043 λόγου
1632 2976 1690 3040 ἐξ
1722 2976 1940 3046 ἡδονῆς,

2048 1902 2169 1941 rere
2198 1887 2489 1940 deturbata
2526 1893 2706 1939 mente
2752 1883 3079 1946 contendis,
3123 1883 3374 1936 infinitas
3423 1895 3623 1935 causas

2047 1976 2403 2046 conﬁngens,
2444 1985 2498 2030 et
2532 1976 2653 2029 loca
2698 1991 2762 2029 ex
2810 1975 2946 2028 locis
2995 1980 3361 2027 commutans.
3416 1968 3621 2023 Saltem

2048 2083 2194 2121 nunc
2225 2068 2294 2121 ab
2319 2081 2509 2121 errore
2536 2081 2695 2121 cessa
2720 2106 2733 2131 ,
2771 2066 3117 2119 intellectum
3162 2064 3316 2116 firma
3339 2102 3354 2126 ,
3400 2062 3620 2115 solitam

2046 2172 2266 2213 assume
2294 2157 2682 2227 cogitationem
2703 2196 2715 2219 ,
2749 2156 2931 2224 gladio
2967 2155 3270 2209 tolerantiae
3302 2155 3622 2208 inconstan-

2044 2250 2174 2300 tiam
2211 2246 2404 2300 cazdito
2426 2285 2441 2310 ,
2471 2244 2819 2299 inordinatos
2852 2244 3089 2313 impetus
3138 2243 3293 2298 frena
3325 2282 3341 2309 ,
3391 2241 3621 2295 infando

2050 2338 2255 2392 fervori
2284 2337 2448 2390 ﬁnem
2475 2336 2695 2404 impone
2716 2378 2730 2400 ,
2760 2344 2934 2388 totum
2967 2335 3315 2405 temetipsum
3362 2334 3429 2388 ad
3473 2333 3621 2388 Chri-

2046 2439 2187 2483 stum
2218 2440 2449 2495 corpore
2475 2432 2529 2479 et
2556 2423 2737 2477 anima
2769 2424 3053 2493 recollige.

2120 2605 2279 2675 109
2312 2590 2583 2660 chcut.
2611 2588 2689 2643 —'
2715 2600 3195 2657 PRISCILLIANO
3226 2598 3545 2654 DIACONO.

2117 2698 2173 2750 Si
2218 2714 2282 2751 ex
2332 2710 2565 2765 persona
2613 2694 2831 2748 Domini
2868 2695 3041 2749 nostri
3072 2693 3201 2747 Jesu
3240 2692 3448 2747 Christi
3483 2705 3613 2761 pro-

2046 2790 2222 2859 posita
2254 2803 2348 2857 per
2374 2796 2427 2841 te
2458 2787 2622 2841 verba
2650 2788 2852 2841 asseris
2884 2787 3091 2839 dictata
3122 2801 3245 2840 esse
3274 2800 3304 2837 a
3330 2782 3624 2837 Salomone

2046 2882 2101 2935 in
2139 2880 2405 2934 Panareto
2433 2896 2447 2932 :
2481 2880 2839 2948 quamobrem
2871 2876 3146 2932 sermonis
3204 2877 3355 2929 illius
3387 2876 3625 2945 scriptor

2046 2973 2123 3025 ait
2156 2987 2278 3027 sese
2309 2987 2374 3024 ex
2412 2971 2690 3038 voluptate
2723 2976 2777 3023 et
2827 2983 3021 3023 somno
3064 2980 3246 3022 ortum
3278 2968 3503 3022 duxisse
3534 2967 3625 3019 "2

368 3062 467 3113 καὶ
521 3061 689 3115 ὕπνου
745 3064 893 3131 λέγει
949 3066 1307 3133 γεγενῆσθαι;
1353 3066 1711 3135 Ὀμολόγησον
1764 3067 1942 3119 τοίνυν

2049 3062 2273 3116 Fateare
2309 3064 2497 3131 itaque
2524 3068 2673 3114 tuam
2709 3060 3086 3115 oscitantiam.
3120 3060 3431 3114 Servatoris
3468 3073 3624 3112 nam-

366 3154 751 3221 ἡστοχηκέναι.
805 3154 866 3207 Ἡ
895 3155 1003 3223 γὰρ
1041 3154 1133 3207 τοῦ
1166 3156 1415 3225 Σωτῆρος
1456 3158 1512 3207 ἐν
1546 3159 1611 3226 τῇ
1644 3157 1802 3227 σαρκὶ
1828 3157 1933 3225 τῆς

365 3244 647 3314 Παρθένου
680 3245 958 3316 σύλληψις,
993 3248 1276 3317 ἀνήδοντος
1308 3248 1585 3311 παντελῶς
1617 3249 1712 3301 καὶ
1755 3246 1930 3318 ἀρῤύ-

368 3353 593 3398 παντος,
645 3338 904 3406 ἀμίαντος
932 3356 990 3391 τε
1045 3339 1139 3392 καὶ
1178 3340 1405 3403 ἄσπιλος
1465 3340 1684 3411 καθαρά
1743 3357 1799 3392 τε
1850 3340 1942 3392 καὶ

368 3427 648 3497 ἄφθαρτος
687 3429 929 3496 γέγονεν.

731 3520 885 3586 ΣιΑκ
906 3522 1241 3594 -ῙΩΑΝΝῌ
1270 3524 1583 3593 ΜΟΝΑΧῼ.

452 3608 602 3662 Ἔστι
624 3612 723 3680 μὲν
759 3613 846 3664 ὅτε
875 3613 969 3665 καὶ
1006 3614 1153 3667 ἄλλοι
1189 3614 1353 3677 ἄλλας
1389 3615 1673 3686 διαφόρους
1708 3617 1933 3669 Σατανι-

369 3699 477 3763 κάς
512 3701 787 3764 διακονίας
826 3703 1135 3755 ἐκτελοῦσιν
1178 3706 1227 3756 οἱ
1256 3706 1509 3775 δαίμονες
1554 3706 1691 3776 πρὸς
1738 3723 1934 3773 πειρα-

379 3792 536 3859 σμὸν,
569 3793 662 3845 καὶ
688 3792 895 3862 βλάϐην
950 3794 1059 3847 τῶν
1104 3795 1426 3867 ἀνθρώπων.
1456 3798 1611 3849 Ἔστι
1640 3798 1696 3850 δὲ
1725 3799 1813 3850 ὅτε
1847 3799 1940 3850 καὶ

375 3875 458 3944 εἷς
482 3881 683 3953 δαίμων
758 3884 957 3947 πολλάς
1013 3887 1282 3939 τεκταίνει
1336 3888 1696 3955 φαυλότητας.
1729 3888 1939 3958 Ὥσπερ

372 3974 484 4044 γάρ
532 3977 766 4046 ἐγχωρεί
798 3976 881 4028 τὸν
920 3977 1013 4029 ἕνα
1045 3978 1326 4047 ἄνθρωπον
1369 3980 1613 4049 γεωργὸν
1652 3975 1813 4041 εἶναι,
1847 3981 1941 4032 καὶ

373 4063 621 4128 τέκτονα,
651 4066 744 4116 καὶ
786 4065 1009 4133 χαλκέα,
1037 4066 1128 4118 καὶ
1161 4067 1517 4136 σκυτοτόμον,
1548 4068 1641 4119 καὶ
1670 4069 1937 4138 κεραμέα,

379 4155 474 4205 καὶ
502 4154 805 4223 ζωγράφον,
836 4157 925 4207 καὶ
955 4156 1025 4209 τὰ
1050 4156 1196 4224 ἑξῆς,
1229 4156 1399 4219 οὕτως
1443 4161 1676 4227 ἐγχωρεῖ
1702 4158 1797 4210 ’ἐνα
1826 4160 1941 4213 δαί-

387 4260 525 4312 μονα
559 4247 651 4296 καὶ
676 4246 860 4316 θυμὸν,
896 4249 987 4300 καὶ
1032 4248 1309 4318 πορνείαν,
1352 4249 1447 4301 καί
1482 4250 1806 4318 φιλοδοξίαν,
1849 4254 1943 4304 καλ⁸

385 4333 597 4399 φθόνον,
638 4340 723 4387 καὶ
751 4337 819 4388 τά
850 4336 975 4406 ἑξῆς
1028 4339 1289 4407 ἐνεργεῖν.
1339 4338 1449 4389 Καὶ
1478 4339 1734 4408 πρόσεχε,
1770 4339 1888 4403 πῶς
1915 4343 1944 4394 ὁ

2044 3170 2151 3224 quc
2201 3154 2257 3206 in
2304 3161 2494 3207 ventre
2535 3151 2781 3221 Virginis
2831 3151 3160 3220 conceptio,
3217 3165 3449 3221 prorsus
3504 3150 3623 3205 sine

2034 3245 2342 3315 ‘voluptate,
2376 3259 2479 3297 non
2512 3242 2816 3306 sordidata,
2853 3242 3204 3308 iutaminata,
3238 3243 3619 3307 immaculata,

2043 3350 2178 3405 pura
2212 3344 2267 3390 et
2296 3335 2617 3403 incorrupta
2654 3333 2779 3387 fuit.

2315 3509 2588 3567 CCXCIV.
2619 3537 2688 3552 -ο
2712 3508 2955 3565 JOANNI
2984 3506 3340 3564 MONACHO.

2113 3603 2501 3674 Smpenumero
2543 3603 2649 3657 alia
2695 3602 2820 3657 aliis
2863 3600 3123 3655 Satanica
3167 3599 3475 3655 ministeria
3516 3600 3625 3652 da:—

2042 3712 2230 3751 mones
2257 3697 2311 3749 in
2336 3697 2693 3750 tentationem
2722 3704 2774 3748 et
2798 3709 2998 3751 noxam
3032 3694 3315 3747 hominum
3341 3702 3619 3747 exercent.

2042 3792 2433 3859 Smpenumero
2477 3789 2643 3842 etiam
2695 3802 2841 3841 unus
2885 3787 3095 3840 daemon
3143 3786 3345 3839 multas
3396 3784 3624 3835 molitur

2039 3880 2448 3949 improbitates.
2479 3877 2955 3943 Quemadmodum
2988 3877 3130 3930 enim
3164 3875 3279 3930 fieri
3310 3882 3529 3944 potest,
3564 3880 3624 3925 ut

2044 3990 2185 4028 unus
2231 3974 2396 4025 homo
2432 3971 2673 4040 agricola
2706 3970 2815 4034 sit,
2859 3978 2913 4023 et
2941 3969 3117 4032 faber,
3161 3976 3216 4021 et
3264 3982 3522 4028 exeusor,
3567 3973 3622 4019 et

2042 4061 2343 4122 coriarius,
2375 4070 2430 4113 et
2477 4059 2708 4128 lignlus,
2744 4067 2796 4112 et
2833 4059 3012 4126 pictor
3036 4095 3050 4118 ,
3085 4066 3139 4110 et
3188 4057 3333 4120 alia;
3382 4055 3501 4123 pari
3532 4068 3622 4106 ra-

2043 4154 2189 4207 tione
2215 4153 2379 4207 etiam
2410 4151 2524 4205 fieri
2556 4158 2771 4220 potest,
2806 4157 2865 4203 ut
2900 4166 3041 4203 unus
3073 4150 3284 4204 daemon
3313 4157 3366 4203 et
3397 4149 3617 4200 iracun-

2044 4246 2220 4308 diam,
2253 4252 2306 4298 et
2338 4243 2756 4297 fornicationem
2781 4282 2796 4304 ,
2828 4252 2883 4296 et
2917 4243 3131 4295 inanem
3157 4242 3427 4311 gloriam,
3459 4249 3513 4292 et
3544 4239 3627 4291 in-

2056 4336 2390 4398 videntiam,
2435 4342 2488 4388 ct
2528 4334 2632 4385 alia
2674 4333 2936 4389 insinuet.
2978 4332 3043 4385 Et
3078 4332 3332 4397 attende,
3373 4329 3620 4384 eumdem

380 4424 539 4486 αὐτὸς
570 4425 866 4496 ἀλιτήριος,
915 4428 1007 4480 καὶ
1040 4425 1422 4498 μισάνθρωπος
1449 4428 1662 4499 ἐχθρὸς,
1718 4432 1810 4483 καὶ
1848 4449 1942 4500 γα-

2052 4428 2446 4489 facinorosum,
2480 4435 2532 4479 et
2571 4426 2848 4478 hominum
2879 4439 3093 4479 osorem
3131 4424 3536 4484 adversarium,
3569 4428 3622 4473 ct

378 4518 770 4585 στριμαργίαν,
804 4518 893 4569 καὶ
952 4517 1290 4581 κενοδοξίαν,
1336 4520 1428 4571 καὶ
1486 4518 1846 4591 φιλαργυρίαν
1870 4520 1949 4591 τῷ

375 4604 598 4673 Χριστῴ
653 4606 1030 4678 πειραζομένῳ
1079 4607 1219 4659 κατὰ
1274 4608 1334 4659 τὸ
1393 4608 1736 4678 ἀνθρώπινον
1800 4627 1938 4681 προσ

376 4711 599 4749 ετεινεν.

672 4785 830 4851 ΣᾈΓ.
854 4817 921 4825 —-
944 4788 1306 4858 ΒΕΝΟΥΣΤῼ
1335 4791 1645 4861 ΜΟΝΑΧῼ.

459 4875 517 4927 ’0
550 4877 889 4946 μεταϐαίνων
915 4881 977 4931 ἐκ
1006 4881 1186 4933 τόπων
1220 4884 1298 4945 εἰς
1329 4882 1525 4945 τόπους
1581 4884 1814 4952 μοναχὸς
1850 4886 1944 4937 ἐκ·

376 4965 467 5027 τὸς
493 4966 734 5036 μεγάλης
773 4968 1037 5039 ἀνάγκης,
1068 4971 1156 5022 διὰ
1182 4973 1280 5040 τὴν
1310 4973 1515 5025 οἰκείαν
1559 4974 1943 5043 μικροψυχίαν,

376 5061 471 5110 καὶ
504 5060 964 5129 ἀνυπομονησίαν,
1000 5062 1094 5114 καὶ
1123 5063 1415 5131 λογισμούς
1475 5081 1627 5125 τινας
1662 5064 1943 5133 ἀνθρωπί-

376 5167 523 5214 νους,
553 5153 644 5203 καὶ
669 5153 933 5217 ἀσθενεῖς,
976 5153 1210 5223 νομίζων
1239 5154 1328 5205 διὰ
1352 5155 1449 5223 τῆς
1481 5154 1790 5224 ἀποδημίας
1820 5156 1946 5216 τοὺς

374 5238 670 5308 λογισμοὺς
720 5242 818 5311 τῆς
855 5242 1032 5311 ψυχῆς
1106 5243 1428 5305 ἐλαττῶσαι,
1470 5243 1560 5295 τὸν
1630 5244 1726 5311 μὲν
1784 5243 1946 5294 τόπον

376 5331 617 5396 ἀλλάξει,
666 5331 763 5399 τὴν
788 5333 844 5384 δὲ
875 5332 1054 5402 θλίψιν
1084 5335 1183 5403 τῆς
1214 5334 1460 5404 καρδίας,
1503 5338 1597 5387 καὶ
1630 5334 1725 5403 τὴν
1754 5332 1948 5386 ἑαυτοῦ

376 5424 645 5492 συνοχὴν,
682 5426 777 5475 καὶ
812 5424 904 5476 τὸν
968 5427 1272 5496 πειρασμὸν
1319 5426 1570 5495 οὐδαμῶς
1626 5426 1938 5486 ἐλαττώσει,

373 5513 498 5567 οὐδὲ
539 5514 783 5582 μειώσει,
834 5515 1116 5583 μᾶλλονδὲ
1144 5516 1390 5586 αὐξήσει,
1438 5517 1529 5568 καὶ
1582 5516 1788 5585 θρέψει,
1852 5518 1943 5569 καὶ

445 5692 492 5722 ⁸³
534 5691 661 5750 δίῳ.
700 5708 793 5752 \ll,
825 5694 877 5743 εὶ.
957 5693 999 5722 ⁸³
1036 5690 1223 5747 Matth.
1269 5709 1317 5743 ιν
1344 5708 1357 5748 ;
1384 5690 1514 5744 Ιμιιέ.
1560 5708 1635 5743 ιγ.

2050 4522 2269 4591 gulam,
2300 4526 2355 4572 et
2384 4518 2596 4569 inanem
2626 4517 2855 4583 gloriam
2876 4554 2891 4577 ,
2919 4525 2972 4568 et
3000 4514 3284 4568 avaritiam
3309 4514 3555 4566 Christo'
3604 4549 3618 4571 ,

2047 4609 2140 4678 qui
2204 4618 2263 4662 ut
2319 4608 2483 4661 homo
2546 4605 2944 4660 tcntationibus
3005 4605 3620 4675 subdebatur”,propo-

2052 4713 2529 4842 sulsse.CCXCV.
2562 4817 2632 4829 —
2663 4783 2988 4840 VENUSTO
3026 4780 3380 4837 MONACHO.

2114 4878 2219 4944 Qui
2284 4892 2351 4931 cx
2422 4877 2560 4930 locis
2642 4877 2697 4929 in
2758 4877 2876 4928 loca
2927 4873 3258 4941 commigrat
3318 4869 3619 4923 monachus

2044 4970 2254 5037 absque
2334 4975 2564 5036 urgente
2612 4968 2984 5028 necessitate,
3045 4971 3269 5034 propter
3344 4976 3619 5030 propriam

2044 5054 2552 5124 pusillanimitatem
2578 5096 2592 5119 ,
2624 5056 2807 5122 illo
2859 5062 2910 5106 et
2943 5051 3388 5112 intolerantiam,
3425 5056 3479 5103 et
3531 5064 3624 5101 co-

2044 5145 2332 5215 gitationes
2365 5144 2650 5211 quaspiam
2695 5141 2940 5195 imbelles
2982 5141 3359 5206 humanasque
3382 5178 3397 5197 .
3432 5151 3620 5191 secum

2043 5241 2356 5303 respectans
2391 5250 2454 5288 ea
2505 5234 2943 5303 peregrinatione
2997 5230 3364 5300 cogitationes
3424 5229 3622 5280 anima:

2045 5330 2293 5383 minuere
2345 5341 2537 5395 posse,
2593 5327 2770 5378 locum
2804 5339 2935 5378 sane
2966 5322 3300 5392 permutabit
3328 5360 3340 5382 ,
3380 5330 3619 5372 attamen

2053 5419 2238 5474 cordis
2266 5418 2637 5479 atilictionem,
2661 5417 2935 5486 propriam
2966 5414 3397 5468 coarctationenr
3427 5419 3619 5464 etten-

2054 5512 2311 5565 tationem
2345 5508 2497 5563 nullo
2527 5508 2688 5562 modo
2731 5508 3035 5571 mutilabit,
3082 5523 3257 5576 neque
3301 5506 3618 5567 imminuet,
