4012 6196
357 282 456 348 191

1829 287 1886 346 S.
1929 289 2088 347 NILI

3510 284 3608 350 192

358 397 472 450 imo
504 398 725 474 augebit
753 438 766 460 ,
811 406 864 451 et
909 400 1149 460 nutriet,
1193 408 1252 477 et
1298 399 1534 453 firmabit
1557 438 1572 462 ,
1603 409 1655 454 et
1687 399 1926 464 fovebit,

2053 397 2382 467 εραταιώσει,
2423 400 2517 453 καὶ
2546 399 2759 468 θάλιξιει,
2801 399 2890 453 καὶ
2925 399 3374 452 πολυπλασιάσει.
3408 400 3608 472 Διόπερ

359 490 775 558 auctioremque
810 490 1027 541 tandem
1065 489 1272 543 reddet.
1306 490 1603 560 Propterea
1635 508 1701 545 ne
1737 495 1926 546 remis-

359 597 454 647 se,
490 597 667 648 neque
693 581 1102 634 inconsiderate
1144 584 1310 636 vitam
1361 595 1605 638 nostram
1654 587 1928 653 transiga-

357 688 502 726 mus.
540 672 826 726 Rationem
877 674 1146 742 siquidem
1181 692 1409 746 prorsus
1439 676 1506 730 de
1537 676 1796 746 operibus
1830 693 1928 730 no-

358 764 488 817 stris
521 763 786 818 reddituri
823 780 1034 819 sumus.

729 852 998 907 CCXCVI.
1027 884 1098 894 ——
1131 854 1565 910 CARPALIONI.

427 939 630 996 Parum
683 944 858 996 abfuit
898 945 1030 1012 quin
1064 960 1165 998 nos
1199 947 1252 998 in
1285 955 1566 1014 stuporem
1598 946 1928 1008 adduxeris,

358 1030 572 1086 fabellis
607 1034 662 1086 in
697 1035 936 1088 medium
980 1036 1271 1100 adductis,
1320 1053 1416 1106 per
1462 1040 1734 1091 somnium
1780 1039 1932 1093 dives

356 1124 538 1176 factus
566 1125 816 1192 plurimis
843 1126 1064 1180 mundis
1083 1166 1097 1189 ,
1130 1135 1184 1178 et
1214 1143 1429 1181 menum
1463 1129 1810 1183 multitudine
1832 1169 1846 1191 ,
1881 1140 1932 1184 et

362 1213 720 1265 termiuorum
749 1226 913 1283 atque
943 1215 1304 1269 confiniorutu
1342 1219 1795 1283 enumeratione,
1838 1218 1934 1273 sed

355 1315 480 1366 qua:
512 1301 563 1353 in
604 1301 732 1353 folio
775 1317 1304 1360 connuonstranlur.
1351 1308 1417 1359 At
1461 1309 1799 1377 multosjam
1836 1309 1933 1364 ab—

361 1391 488 1444 hinc
521 1407 700 1447 annos
739 1397 1104 1464 compositam
1150 1413 1180 1450 a
1221 1398 1460 1454 diversis
1507 1400 1932 1466 refutationem,

358 1492 405 1533 et
441 1483 704 1538 similium
750 1485 1068 1555 dogmatum
1115 1489 1560 1557 reprobationem
1604 1492 1932 1562 perlegens,

355 1575 578 1628 silentio
621 1580 797 1647 magis
831 1580 930 1634 libi
967 1581 1232 1634 honorem
1266 1597 1548 1651 compara.

574 1668 871 1726 CCXCVII.
904 1701 975 1709 —
1006 1670 1358 1724 EVERTIIIO
1395 1671 1720 1727 TRIBUNO.

428 1759 564 1812 Cum
598 1760 732 1812 mihi
763 1761 968 1815 fordera
1003 1763 1144 1816 inter
1173 1778 1364 1816 canem
1394 1775 1446 1816 et
1479 1764 1726 1834 hyamam
1757 1775 1938 1818 osten-

357 1851 544 1914 deris,
577 1861 709 1906 tunc
744 1853 839 1905 tibi
878 1854 1098 1907 credam
1156 1855 1361 1908 dicenti
1413 1858 1694 1908 excultum
1729 1857 1793 1909 ad
1833 1858 1936 1910 hu-

358 1943 678 1996 manitatem
731 1959 892 2011 posse
925 1960 1048 1998 esse
1080 1945 1295 2011 virum,
1327 1947 1416 2014 qui
1454 1963 1735 2015 nunquam
1775 1964 1934 2002 exsa-

357 2038 576 2086 turatur
603 2031 828 2086 divitiis.

806 2120 1128 2176 CCXCVIII.
1164 2152 1232 2163 υ-
1270 2122 1478 2178 Eidem.

423 2209 612 2280 Neque
662 2211 828 2280 lupus
875 2229 998 2266 cum
1054 2229 1158 2266 ove
1213 2230 1454 2283 unquam
1510 2217 1825 2271 amabiliter
1875 2218 1932 2270 in

355 2304 678 2358 societatem
738 2307 928 2372 venit;
985 2322 1164 2376 neque
1220 2307 1650 2372 iuunisericors,
1702 2319 1757 2363 et
1813 2326 1936 2377 quae

354 2411 637 2464 nunquam
707 2406 1064 2451 exsaturatur
1110 2401 1408 2469 cogitatio,
1463 2401 1606 2454 bona
1656 2401 1938 2456 voluntate

353 2488 579 2540 amicari
611 2491 872 2543 sustinet.

747 2582 898 2649 ll],
934 2580 1205 2635 CCXCIX.
1234 2613 1304 2621 —
1335 2582 1540 2635 Eidem.

422 2668 637 2734 Quaeris
671 2688 702 2724 a
736 2688 840 2734 me,
867 2687 1038 2740 quare
1075 2676 1126 2726 in
1162 2677 1443 2741 proprium
1486 2692 1660 2745 genus
1685 2692 1930 2730 amorem

351 2778 542 2814 canem
569 2764 919 2816 vocaverim?
952 2781 1074 2817 nam
1106 2767 1259 2818 cauis
1286 2777 1370 2818 est
1407 2768 1541 2834 ipse,
1579 2768 1797 2822 rabioso
1833 2785 1936 2821 sar-
1961 2827 1982 2848 .

353 2868 651 2921 penumero
685 2855 1139 2908 inhumanitatem
1181 2872 1422 2918 omnem,
1477 2867 1532 2909 et
1576 2874 1795 2913 omnem
1829 2860 1935 2911 im-

353 2945 706 3014 probitatem,
744 2947 1025 3013 duriticm,
1083 2947 1432 3002 insolentiam
1468 2955 1932 3021 tenacitatemque

350 3037 693 3106 discerpens.
727 3038 894 3093 Canis
919 3040 1106 3107 itaque
1130 3050 1214 3094 est
1244 3057 1351 3094 non
1390 3043 1791 3112 vituperabilis,
1833 3045 1928 3099 sed
1963 3068 2006 3129 ρ

351 3128 646 3182 laudabilis
700 3131 883 3199 potius
939 3148 1067 3201 erga
1126 3132 1377 3188 homines
1413 3150 1566 3188 amor
1599 3150 1664 3190 ac
1695 3136 1936 3191 benevo-

351 3217 539 3272 lentia.

893 3313 1040 3366 CCC.
1076 3345 1145 3353 ——-
1176 3313 1380 3369 Eidem.

427 3400 484 3452 Si
516 3409 779 3469 perpetuo
821 3405 1176 3459 contenderis
1209 3407 1261 3459 iu
1295 3407 1572 3463 daemonas
1623 3416 1676 3463 et
1703 3409 1931 3468 allectus

353 3489 577 3554 latrare,
613 3506 718 3544 non
749 3493 975 3548 latrabis
1004 3496 1057 3548 in
1093 3497 1364 3550 homines.

889 3586 1064 3640 CCCI.
1098 3618 1164 3627 —
1199 3588 1403 3641 Eidem.

424 3676 730 3745 Scripsisti,
761 3688 986 3748 propter
1020 3680 1152 3748 quid
1191 3698 1296 3734 non
1325 3699 1483 3738 cesso
1518 3685 1792 3740 haubari?
1839 3689 1934 3743 sed

350 3769 552 3834 szepius
587 3769 916 3838 significavi,
959 3772 1135 3838 gratia
1191 3779 1298 3826 tum
1345 3775 1814 3842 pusillanimitatis
1883 3788 1937 3833 et

350 3857 751 3913 illiberalitatis.
819 3859 936 3913 Prae
977 3861 1346 3916 admiratione
1382 3880 1618 3934 namque
1651 3880 1929 3937 stuporem

349 3963 434 4002 me
470 3951 864 4016 commovebis,
899 3953 943 4006 si
978 3953 1060 4004 vel
1089 3953 1378 4007 minimum
1405 3968 1511 4011 tua:
1538 3958 1933 4014 inltumauitati

349 4056 584 4111 pugnam
625 4053 790 4109 atque
823 4053 1099 4097 certamen
1133 4045 1345 4100 inieris.

596 4134 794 4188 CCCI].
835 4165 894 4175 -
936 4135 1158 4190 FELICI
1202 4135 1684 4196 PRESBYTERO.

420 4225 790 4281 Robustarum
865 4228 1259 4298 firmarutnque
1319 4231 1626 4284 animarum
1683 4239 1768 4286 est
1829 4249 1931 4301 per

349 4316 546 4371 multas
573 4319 954 4374 trilmlatioues
987 4321 1279 4390 praesentis
1305 4323 1490 4374 saeculi
1518 4323 1618 4374 iter
1651 4339 1926 4394 peragere.

2035 492 2109 560 μὴ
2152 490 2363 561 χαύνως
2415 493 2505 544 καὶ
2551 493 2998 562 ἀπεριμερίμνως
3039 490 3130 542 τὸν
3167 490 3280 559 βίον
3333 491 3612 544 ὃιοδεύσω-

2037 601 2153 652 μεν.
2218 585 2389 652 Λόγον
2460 585 2569 654 γὰρ
2637 584 2853 646 πάντως
2922 582 3190 653 ύφέξομεν
3256 583 3365 637 τῶν
3433 585 3608 653 ἔργων

2035 674 2209 744 ἡμῶψ

2456 763 2626 830 Σιβᾷ.
2645 794 2702 804 -
2735 765 3182 818 ΚΑΡΠΑΛΙΩΝΙ.

2105 851 2316 922 Μικροῦ
2343 853 2451 904 δεῖν
2481 851 2862 922 ὲξεθάμὸησας
2892 855 3039 922 ἡμᾶς
3077 854 3403 924 μυθολογίας
3437 873 3612 926 προσ-

2035 943 2254 1012 αγαγὼν
2279 949 2400 996 κατ’
2430 945 2562 1013 ὄναρ
2591 945 2896 1014 πλουτήσας
2919 949 3030 1008 τοῖς
3045 946 3315 1008 πλείστοις
3359 947 3606 1016 κόσμοις,

2036 1038 2127 1088 καὶ
2156 1036 2232 1106 τῷ
2263 1036 2456 1106 πλήθει
2487 1036 2595 1088 τῶν
2635 1037 2865 1100 αἰώνων,
2894 1037 2986 1090 καὶ
3011 1041 3078 1108 τῇ
3111 1037 3473 1108 ἑξαριθμὴσει
3499 1040 3612 1092 τῶν

2035 1127 2394 1180 λοποδείκτων
2431 1129 2614 1196 ὁρίων,
2656 1129 2750 1180 καὶ
2792 1128 3081 1198 μεθορίων,
3133 1128 3246 1180 ἀλλ’
3289 1129 3522 1198 ἐντυχὼν
3547 1134 3612 1200 τῇ

2038 1219 2142 1287 πρὸ
2173 1219 2366 1271 πολλοῦ
2399 1220 2495 1289 ἤδη
2531 1221 2722 1290 χρόνου
2757 1220 3165 1290 συντεταγμένῃ
3207 1221 3312 1274 ὑπὸ
3341 1221 3616 1292 διαφόρων

2038 1311 2342 1381 προσώπων
2397 1313 2714 1384 ἀνατροπῇ,
2763 1314 2856 1365 καὶ
2904 1315 3178 1383 ἀνασκευῇ
3206 1353 3220 1376 ,
3286 1313 3393 1366 τῶν
3447 1314 3618 1366 τοιού·-

2036 1421 2143 1455 των
2191 1404 2517 1473 δογμάτων,
2565 1406 2630 1474 τῇ
2692 1405 2867 1473 σιωπῇ
2925 1404 3126 1473 μᾶλλον
3178 1403 3374 1456 σαυτὸν
3431 1403 3620 1474 προτί-

2042 1511 2117 1563 μη
2128 1511 2242 1549 σον.

2369 1692 2524 1756 Σιλο.
2545 1720 2614 1730 -
2637 1690 2892 1759 eruere
2914 1689 3281 1759 ΤΡΙΒΟΥΝῼ.

2116 1782 2286 1833 Ὅταν
2354 1800 2441 1851 μοι
2488 1782 2668 1854 δείξῃς
2723 1783 2955 1845 σπονδὰς
3007 1783 3167 1846 κυνὸς
3235 1785 3330 1835 καὶ
3406 1784 3617 1854 ὑαίνης,

2042 1873 2160 1925 τότε
2224 1873 2586 1942 πεισθήσομαί
2627 1891 2708 1925 σοι
2769 1873 3149 1943 φιλάνθρωπον
3198 1875 3408 1942 λέγοντι
3458 1875 3611 1928 δύναο

2043 1964 2164 2016 σθαι
2189 1960 2325 2016 εἶναι
2354 1965 2444 2016 τὸν
2470 1965 2762 2036 ἀπλήστως
2799 1965 3150 2019 πλουτοῦντα.

2551 2145 2712 2210 ΣῌΡ.
2743 2175 2813 2186 -
2843 2144 2925 2209 Τῷ
2945 2145 3125 2210 αὐτῷ.

2112 2233 2247 2286 Οὔτε
2269 2233 2430 2296 λύκος
2470 2235 2724 2305 προϐάτῳ
2761 2237 2889 2288 ποτὲ
2915 2235 3143 2303 φιλικῶς
3180 2237 3618 2309 προσωμίλησεν,

2040 2326 2162 2379 οὔτε
2193 2326 2539 2396 ἄσπλαγχνος
2585 2327 2678 2379 καὶ
2718 2327 2992 2395 ἄπληστος
3013 2327 3274 2397 λογισμὸς
3311 2331 3376 2399 τῇ
3412 2328 3613 2396 ἀγαθο-

2042 2419 2223 2489 θελεία
2250 2417 2556 2486 φιλιοῦσθαι
2584 2419 2854 2488 ἀνέχεται.

2547 2592 2702 2659 Σι,Θ’.
2726 2624 2793 2633 -—-
2824 2594 2905 2659 Τῷ
2936 2592 3116 2659 αὐτῷ.

2123 2685 2365 2755 Ἐρωτᾷς
2394 2703 2480 2753 με,
2521 2686 2610 2737 διὰ
2643 2687 2693 2738 τί
2729 2686 2859 2739 κύνα
2925 2687 3169 2757 κέκληκα
3220 2687 3318 2757 τὴν
3375 2689 3613 2760 στοργὴν

2041 2775 2176 2843 προς
2215 2775 2274 2826 τὸ
2309 2774 2596 2842 ὁμόφυλον.
2637 2775 2794 2828 Κύων
2844 2776 2953 2845 γάρ
3007 2777 3154 2828 ἐστιν
3199 2777 3335 2846 αὕτη
3374 2779 3618 2845 μανικῶς

2041 2866 2426 2934 σπαράττουσα
2453 2867 2714 2930 πολλάκις
2758 2870 2938 2921 πᾶσαν
2985 2869 3264 2937 ὠμότητα,
3302 2871 3396 2922 καὶ
3441 2871 3622 2921 πᾶσαν

2040 2957 2324 3026 πονηρίαν,
2349 2958 2689 3027 σκληρότητα
2708 2975 2786 3021 τε,
2809 2960 2899 3009 καὶ
2919 2957 3270 3027 ὑψαυχενίαν,
3296 2960 3388 3012 καὶ
3411 2962 3620 3028 ἀμετα-

2038 3046 2240 3101 δοσίαν.
2267 3048 2426 3100 Κύων
2463 3047 2638 3100 τοίνυν
2671 3050 2728 3100 οὐ
2765 3049 2990 3116 ᾁεκτὸς,
3016 3049 3296 3112 ἐπαινετὸς
3340 3050 3396 3102 δὲ
3422 3049 3621 3120 μᾶλλον

2041 3139 2073 3207 ἡ
2107 3137 2242 3207 πρὸς
2274 3139 2593 3208 ἀνθρώπους
2628 3139 2840 3208 ἀγάπη.

2590 3318 2666 3372 T'.
2700 3348 2767 3358 —
2787 3316 2867 3381 Τῷ
2897 3317 3076 3382 αὐτῷ.

2127 3411 2251 3463 Ἐὰν
2291 3411 2388 3476 ἀεὶ
2429 3411 2672 3479 ἀγωνίσῃ
2720 3411 2845 3470 τοὺς
2898 3411 3178 3479 δαίμονας,
3233 3411 3326 3462 καὶ
3364 3411 3430 3463 τὰ
3474 3410 3620 3480 πάθη

2043 3501 2313 3566 ὑλακτεῖν,
2347 3503 2445 3572 οὐχ
2473 3503 2798 3571 ύλακτήσεις
2829 3501 3170 3572 ἀνθρώπους.

2571 3595 2692 3644 ΤΑ’.
2714 3625 2784 3635 —
2811 3593 2894 3658 Τῷ
2914 3593 3092 3655 αὐτῷ.

2111 3684 2421 3754 Γέγραφας,
2492 3685 2637 3747 τίνος
2690 3686 2849 3755 χάριν
2891 3685 2950 3737 ού
3012 3684 3260 3752 παύομαι
3324 3684 3616 3749 ὑλακτεῖν,

2054 3774 2213 3828 Ἀλλὰ
2241 3775 2497 3836 πολλάκις
2531 3776 2881 3843 σεσήμαγκα,
2916 3774 3016 3843 τῆς
3078 3775 3176 3844 σῆς
3208 3775 3372 3826 ἓνεκα
3424 3791 3620 3844 μικρο-

2039 3867 2261 3936 ψυχίας,
2301 3867 2394 3918 καὶ
2424 3865 2729 3932 φειδωλίας·
2769 3866 3065 3933 ἐκπλήξεις
3091 3866 3198 3936 γάρ
3231 3883 3316 3936 με,
3351 3867 3402 3917 εί
3427 3883 3489 3934 γε
3519 3867 3622 3920 κᾶν

2040 3958 2283 4024 ὀλιγάκις
2344 3959 2584 4028 μαχήσῃ,
2644 3960 2737 4011 καὶ
2786 3958 3072 4029 πολεμήσῃ
3128 3961 3190 4027 τῇ
3257 3958 3435 4028 οἰκείᾳ
3501 3975 3622 4028 μισ-

2043 4050 2350 4120 ανθρωπίᾳ.

2363 4141 2482 4194 TB'.
2501 4171 2570 4180 —-
2594 4142 2834 4194 ΦῘΑΠΚΙ
2863 4141 3338 4212 ΠΡΕΣΒΥΤΕΡῼ..

2112 4231 2389 4301 Στιϐαρῶν
2449 4234 2540 4284 καὶ
2599 4233 2844 4303 στερῥῶν
2896 4233 3130 4302 ὑπάρχει
3170 4231 3393 4301 ψυχῶν,
3435 4233 3496 4285 τὸ
3533 4232 3624 4287 διὰ

2043 4321 2250 4374 πολλῶν
2292 4322 2524 4391 θλίψεων
2569 4323 2804 4391 βαδίζειν
2837 4324 2935 4393 τὴν
2969 4322 3061 4374 τοῦ
3110 4323 3380 4392 παρόντος
3423 4323 3618 4386 αἰῶνος

350 4409 441 4463 Sic
470 4411 613 4464 enim
670 4412 933 4465 Dominus
965 4409 1094 4468 forti
1128 4419 1184 4464 ct
1234 4411 1510 4464 constanti
1567 4414 1748 4467 anima
1800 4431 1933 4470 usus

2053 4413 2179 4466 Ξδόν.
2231 4412 2387 4468 Οὕτω
2444 4414 2552 4485 γὰρ
2593 4416 2620 4466 ὁ
2670 4415 2874 4486 Κύριος
2916 4415 3181 4485 κέχρηται
3217 4419 3281 4486 τῇ
3327 4416 3616 4488 εύτονούσῃ

348 4509 454 4554 est.

639 4593 860 4649 CCClll.
892 4625 962 4634 --
991 4591 1265 4647 SEVERO
1315 4591 1625 4646 PRIMATI.

419 4684 679 4757 AZthiops
717 4688 906 4755 pellem
951 4702 1058 4740 non
1090 4692 1286 4749 mutat,
1327 4702 1506 4754 neque
1539 4686 1929 4741 versicolorem

349 4778 672 4832 varietatem
713 4781 999 4849 panthera.
1070 4775 1152 4829 Tu
1189 4792 1322 4830 vero
1363 4781 1592 4846 poteris,
1637 4781 1932 4833 dummodo

346 4870 603 4924 voluntas
636 4873 761 4937 fert,
791 4881 845 4926 et
878 4887 905 4924 a
941 4870 1096 4938 112
1141 4870 1435 4924 tenebrosa
1479 4873 1751 4925 sententia
1789 4873 1923 4925 libe-

348 4959 478 5022 rari,
524 4968 576 5014 et
625 4965 790 5014 variae
845 4957 1274 5026 multiplicisque
1320 4958 1692 5026 improbitatis
1743 4960 1924 5016 inusta

348 5054 502 5121 signa
538 5053 780 5107 abluere.

861 5143 1082 5200 CCCIV.
1115 5175 1181 5186 -—
1211 5146 1416 5201 Eidem.

418 5239 630 5304 Quaeris
661 5254 687 5289 a
720 5221 824 5300 me,
856 5237 984 5305 quid
1015 5249 1118 5300 est,
1161 5239 1304 5306 quod
1352 5239 1427 5291 ait
1478 5237 1622 5290 Deus
1670 5251 1766 5305 per
1798 5251 1925 5304 pro-

349 5331 568 5400 phetam
609 5349 618 5380 τ
658 5347 675 5377 ι
721 5327 975 5397 Iletegam
1027 5332 1336 5398 posteriora
1391 5336 1484 5382 tua
1521 5328 1573 5381 in
1630 5333 1929 5394 conspectu

347 5435 463 5482 tuo,
489 5429 541 5473 et
567 5431 696 5472 tunc
719 5420 1049 5474 videbuntur
1077 5421 1238 5474 fanda
1270 5421 1605 5490 infandaque
1636 5418 1933 5488 opprobria

353 5521 447 5563 tua
467 5510 535 5564 “.
575 5530 592 5561 ι
633 5511 843 5566 Etenim
878 5514 928 5568 in
963 5514 1148 5569 divino
1171 5515 1260 5569 illo
1294 5531 1356 5568 ac
1389 5511 1932 5580 tremendojudicio,

421 5689 472 5723 "
489 5687 602 5746 Jer.
636 5694 869 5759 “11,26.

2035 4505 2202 4576 ψυχῇο

2321 4685 2439 4738 TI".
2458 4716 2528 4725 —
2545 4686 2812 4756 ΣΕΥΗΡῼ.
2862 4687 3325 4739 ΠΡΩΤΕΥΟΝΤΙ.

2107 4775 2298 4844 Αἰθίοψ
2336 4776 2432 4844 μὲν
2460 4776 2559 4826 οὐκ
2593 4773 2845 4826 ἀλλάττει
2876 4773 2935 4825 τὸ
2968 4774 3166 4842 δέρμα,
3197 4773 3314 4824 οὐδὲ
3343 4770 3612 4841 πάρδαλις

2029 4871 2096 4923 τὰ
2121 4866 2454 4936 ποικίλματα
2509 4867 2714 4934 αὐτῆς
2757 4867 2820 4918 σὺ
2851 4865 2906 4917 δὲ
2953 4866 3158 4936 δυνήσῃ
3213 4865 3307 4918 ὲάν
3363 4862 3616 4934 θελήσῃς,

2026 4961 2117 5014 καὶ
2159 4959 2258 5027 τῆς
2293 4958 2627 5020 σκοτοειδοῦς
2668 4959 3052 5026 ἀπαλλαγῆναι
3101 4955 3348 5026 γνώμης,
3401 4957 3494 5009 καὶ
3548 4958 3618 5007 τὰ

2030 5049 2304 5119 στίγματα
2339 5049 2437 5117 τῆς
2465 5048 2816 5118 πολυμόρφου
2855 5046 3235 5100 ἑκπλύνασθαι
3265 5048 3485 5108 κακίας.

2574 5142 2694 5193 ΤΔθ.
2719 5171 2787 5180 -
2807 5140 2889 5203 Τῷ
2912 5139 3092 5207 αὐτῷ.

2113 5237 2361 5305 Πυνθάνῃ
2394 5251 2514 5304 μου,
2550 5234 2601 5285 τί
2638 5251 2803 5302 φησιν
2854 5235 2941 5288 διὰ
2982 5235 3262 5305 προφήτου
3286 5233 3313 5284 ὀ
3336 5233 3466 5296 Θεὸς
3490 5273 3502 5294 ,
3535 5233 3618 5285 ὅτι

2048 5345 2065 5376 ι
2103 5323 2459 5392 Ἀποκαλύῴω
2497 5323 2564 5376 τά
2595 5323 2816 5376 ὀπίσθια
2857 5340 2950 5375 σου
2999 5325 3091 5376 ἐπὶ
3151 5324 3439 5392 πρόσωπόν
3496 5339 3614 5385 σου,

2045 5418 2134 5470 καὶ
2163 5418 2282 5470 τότε
2318 5417 2612 5486 ὀφθήσεται
2646 5419 2792 5468 πᾶσα
2898 5417 3089 5487 ἀτιμία
3120 5433 3268 5470 σου.»
3292 5418 3380 5470 Ἑν
3401 5415 3507 5486 γὰρ
3529 5416 3614 5486 τῷ

2044 5509 2170 5578 θείῳ
2198 5509 2388 5579 ἐκείνῳ
2413 5510 2502 5561 καὶ
2529 5507 2741 5578 φρικτῷ
2763 5507 3098 5579 δικαστηρίῳ
3124 5509 3301 5562 πάντα
3330 5525 3408 5560 σοι
3439 5525 3620 5576 παρα-
