4012 6196
468 281 576 349 193
1694 291 2050 350 EPISTULA

2131 293 2222 350 ΕΜ
2265 295 2407 352 LIB.
2445 296 2492 354 Ι.
3613 299 3715 366 194

469 396 730 465 στήσεται
781 396 860 456 είς
913 395 1204 464 πρόσωπον
1261 397 1325 450 τὰ
1381 400 1546 460 κακὰ,
1609 399 1751 470 ἆπερ
1809 399 2040 453 ἐνταῦθα

2145 403 2413 456 omniain
2456 404 2646 459 faciem
2684 414 2831 460 tuam
2879 411 3038 472 mala,
3079 427 3198 480 quae
3241 412 3707 483 hicperpetrasti,

467 485 760 554 πέπρακας
785 525 798 547 ,
843 484 928 536 ἵνα
969 484 1200 554 βλέπων,
1245 490 1336 540 καὶ
1371 491 1624 557 ἐπιγνοὺς
1664 492 1742 554 είς
1780 492 2041 561 αἰσχύνην

2145 493 2398 547 astubunt
2433 514 2445 548 :
2485 505 2541 548 ut
2569 497 2756 552 videns
2779 485 2831 551 et
2858 515 3196 569 cognoscens
3228 503 3281 556 in
3305 504 3703 568 confusionem,

467 576 562 630 καὶ
592 575 757 644 φόϐον
779 577 875 627 καὶ
905 577 1104 646 τῴμον
1136 581 1486 651 κατενεχθῇς.

2145 585 2393 639 timorem
2425 602 2488 640 ac
2523 598 2818 644 tremorem
2853 595 3145 647 concedas.

928 667 1048 720 TE’.
1086 699 1154 707 —
1183 671 1578 743 ΚΑΛΟΚΥΡῼ.

2572 681 2771 732 (ICCV.
2812 710 2867 724 --
2895 681 3283 739 CALOCYRO.

471 784 480 791 -
539 757 748 810 ’Υδατα
778 757 1036 830 πολλάκις
1059 761 1106 811 oi
1146 761 1419 822 ἅνθρωποι
1453 763 1734 830 λέγονται·
1772 767 1902 832 φασὶ
1937 767 2040 836 γὰρ

2213 767 2379 835 Aqua:
2405 784 2782 838 smpenumero
2804 772 3054 826 homines
3090 788 3517 844 nuneupantur:
3552 792 3707 831 nam—

464 849 512 899 οἱ
557 848 867 917 προςρῆται-
906 868 924 899 ι
960 850 1090 902 Ἰδοὺ
1127 851 1202 914 ὡς
1243 852 1386 922 ὕδωρ
1429 854 1582 918 πολὺ,
1618 856 1743 926 ἔθνη
1792 858 1983 911 πολλά.
2015 878 2033 909 ι

2141 875 2247 929 que
2294 863 2482 914 dicunt
2537 865 2813 932 prophetat
2850 884 2860 919 :
2909 885 2925 916 ι
2962 868 3101 920 Ecce
3153 871 3297 922 velut
3336 886 3489 938 aqua:
3525 870 3707 924 multae

465 939 592 1000 Καὶ,
637 957 654 988 ι
684 939 896 1008 Πλῆθος
930 939 1096 992 ἐθνῶν
1124 943 1353 1006 πολλῶν,
1377 944 1565 1013 ῶσπερ
1589 946 1731 1018 ὕδωρ
1765 949 1978 1018 ἡχήσει.
2017 969 2034 1001 δ

2143 953 2326 1020 pepuli
2355 954 2507 1006 multi
2529 955 2629 1006 ⁸⁸.»
2650 955 2712 1008 Et
2743 975 2756 1010 :
2793 975 2811 1007 ι
2831 957 3118 1010 \lultitudo
3149 959 3440 1011 multarum
3465 961 3703 1029 gentium

461 1029 571 1080 Καὶ
601 1071 614 1092 ,
663 1048 681 1078 ι
727 1031 858 1083 Ἰδοὺ
920 1032 1108 1099 ἀνά-[ω
1143 1035 1226 1102 ἐφ’
1273 1036 1416 1104 ὑμᾶς
1450 1035 1509 1088 τὸ
1541 1037 1682 1108 ὕδωρ
1730 1041 1885 1102 πολὺ,
1949 1041 2039 1094 τὸν

2141 1047 2288 1099 velut
2317 1062 2464 1115 aqua
2493 1056 2800 1117 perstrepet
2827 1050 2888 1103 ".
2908 1070 2925 1100 ι
2961 1052 3025 1102 Ει
3063 1069 3075 1104 :
3113 1051 3279 1104 «Ecce
3307 1066 3408 1118 ego
3433 1053 3703 1104 adducam

464 1121 687 1189 βασιλέα
710 1121 820 1174 τῶν
855 1123 1174 1194 Ἀσσυρίων.
1212 1145 1229 1178 ι

2141 1151 2308 1208 super
2335 1153 2432 1192 vos
2453 1153 2646 1208 aquam
2685 1143 2909 1193 multam
2935 1158 3116 1207 regem
3141 1143 3495 1212 Assyriorum
3519 1142 3586 1193 ⁸⁷.
3609 1161 3624 1191 ι

993 1219 1131 1284 TCT'.
1156 1247 1224 1256 -
1254 1218 1334 1282 Τῷ
1355 1221 1538 1286 αὐτῷ.

2643 1226 2866 1280 CCCVI.
2895 1259 2960 1269 —
2994 1229 3195 1283 Eidem.

539 1306 772 1374 Χριστὸς
800 1306 983 1369 ὀΘεὸς
1035 1308 1128 1358 καὶ
1174 1310 1452 1379 Δεσπότης
1481 1308 1590 1362 τῶν
1638 1310 1793 1376 ὅλων,
1851 1311 2036 1380 σαφῶς

2209 1312 2459 1370 Christus
2495 1315 2668 1379 Deus,
2719 1325 2771 1371 et
2818 1319 3060 1371 omnium
3111 1319 3394 1379 Dominus,
3447 1319 3592 1371 clare
3645 1332 3707 1370 ac

465 1398 563 1448 καὶ
583 1398 876 1469 διαρρήδην
908 1401 965 1450 ὲν
990 1402 1102 1462 τοῖς
1127 1401 1480 1466 Εὖαγγελίοις
1505 1402 1904 1464 ἀνακαλεῖτοὺς
1929 1405 2036 1457 ἀπὸ

2138 1406 2314 1474 palam
2353 1408 2404 1460 in
2439 1408 2768 1478 Evangeliis,
2801 1425 2916 1472 eos,
2951 1411 3042 1477 qui
3074 1411 3221 1463 omni
3255 1426 3454 1477 genere
3487 1409 3707 1463 malitia

472 1489 724 1552 παντοίας
772 1490 970 1552 κακίας
1019 1490 1422 1560 βεϐαρημένους
1452 1509 1465 1522 ⁸
1501 1493 1706 1546 (Δεῦτε
1760 1495 1894 1564 πρός
1943 1513 2032 1565 με,

2139 1508 2569 1565 przrgravantur,
2601 1500 2833 1552 advocat
2866 1518 2881 1553 :
2920 1519 2937 1549 ι
2970 1499 3162 1554 Venite
3193 1501 3259 1553 ad
3294 1518 3397 1560 me,
3441 1503 3703 1564 clamans,

474 1581 811 1651 κραυγὰζων,
885 1583 1041 1649 κάγὼ
1100 1583 1396 1636 ἀναπαύσω
1451 1586 1659 1654 ὑμᾶς.»
1702 1586 1872 1638 Τοῦτο
1927 1586 2034 1658 γὰρ

2137 1594 2190 1639 et
2214 1602 2310 1654 ego
2346 1589 2584 1641 relieiam
2625 1605 2718 1643 vos
2741 1587 2807 1641 ⁵⁸.
2849 1608 2866 1640 ι
2905 1591 3018 1643 Hoc
3045 1593 3188 1644 enim
3223 1592 3296 1643 illi
3331 1607 3360 1644 ο
3415 1591 3554 1643 coelo
3611 1591 3705 1643 de-

471 1673 615 1740 αὑτῷ
641 1673 850 1741 καὶτῆς
881 1674 938 1737 ἐξ
959 1673 1189 1742 οὐρανοῦ
1235 1674 1462 1727 καθόδου
1493 1677 1555 1727 τὺ
1577 1677 1748 1730 αἴτιον
1797 1679 2031 1747 γεγενῆ-

2139 1691 2365 1733 scensus
2421 1680 2473 1732 in
2515 1695 2681 1734 causa
2727 1680 2898 1735 fuisse
2930 1684 3288 1735 asseveravit.
3334 1701 3351 1731 ι
3388 1682 3504 1735 Non
3537 1682 3705 1745 enim,

469 1733 598 1815 sint
622 1733 1040 1816 διεϐεϐαιώσατο
1058 1782 1072 1796 ·
1107 1783 1124 1814 ‹
1153 1766 1225 1815 Οὑ
1250 1765 1357 1834 γὰρ
1395 1761 1557 1835 ἦλθον
1603 1733 1843 1830 δικαίου-ς
1870 1733 2032 1821 καλέ-

2135 1767 2333 1836 inquit,
2355 1771 2476 1821 veni
2503 1770 2682 1837 justos
2718 1786 2936 1834 vocare,
2965 1772 3059 1826 sed
3086 1781 3404 1840 peccatores
3435 1773 3498 1823 ad
3531 1772 3706 1839 pteni-

463 1870 574 1916 σαι,
606 1856 787 1924 φησὶν,
818 1855 953 1908 ἀλλὰ
983 1856 1340 1925 ἁμαρτωλοὺς
1376 1859 1510 1927 πρὸς
1532 1858 1591 1910 τδ
1634 1861 1981 1928 μετανοῆσαι.
2007 1880 2025 1912 υ

2133 1860 2354 1914 tentiam
2378 1861 2442 1913 “9.
2482 1881 2498 1912 ι
2547 1861 2612 1914 Et
2653 1880 2665 1914 :
2713 1881 2732 1911 ε
2770 1863 2870 1928 Qui
2905 1864 3040 1916 bene
3072 1865 3276 1924 valent,
3308 1879 3417 1916 non
3457 1863 3705 1930 indigent

461 1946 597 2008 Καὶ,
648 1947 754 1998 «οί
787 1947 1058 2016 ἰσχύοντες
1105 1948 1165 1998 οὑ
1221 1947 1512 2016 χρῄζουσιν
1563 1949 1770 2019 ἰατροῦ,
1813 1949 1928 2004 ἀλλ’
1981 1952 2030 2004 οἱ

2128 1950 2362 2014 medico,
2391 1952 2486 2006 sed
2510 1953 2602 2020 qui
2636 1953 2776 2006 male
2820 1969 2878 2006 se
2915 1954 3114 2006 habent
3136 1953 3202 2005 νο.
3240 1973 3257 2004 ι
3302 1952 3422 2006 llaec
3454 1954 3635 2023 itaque
3658 1954 3703 2007 si

457 2037 648 2099 κακῶς
681 2037 914 2106 ἔχοντες.
944 2058 962 2090 ι
995 2039 1059 2090 Εἰ
1107 2039 1285 2092 τοίνυν
1322 2039 1476 2092 ταῦθ’
1525 2041 1698 2103 οὕτως
1749 2041 1884 2110 ἔχει,
1928 2060 2030 2113 μη-

2130 2042 2203 2094 ita
2237 2057 2296 2096 se
2328 2043 2552 2106 habent,
2601 2044 2750 2096 nullo
2785 2043 2948 2097 modo
2973 2044 3025 2096 in
3062 2045 3498 2112 desperationem
3531 2045 3703 2115 rapia-

457 2129 644 2198 δαμῶς
666 2128 1030 2196 ἀπογίνωσκε,
1071 2130 1346 2200 μᾶλλονδὲ
1379 2130 1619 2200 ῥώννυσο
1645 2135 1764 2194 ταῖς
1793 2150 2023 2203 χρηστο-

1729 2135 1764 2194 ῖς
1793 2150 2023 2203 χρηστο-
2129 2133 2226 2198 ris,
2259 2133 2352 2187 sed
2385 2134 2566 2203 potius
2591 2148 2687 2203 spe
2719 2134 2927 2187 meliori
2959 2133 3313 2189 conﬁrmare.

460 2221 646 2290 τέραις
679 2221 913 2274 ἐλπίσιν.

737 2314 854 2366 TZ'.
874 2344 942 2354 —
963 2314 1258 2385 ΣΙΛΒΑΝῼ
1290 2315 1732 2386 ΚΟΙΝΟΒΙΩΤῌ.
2235 2309 2321 2376 ll

2235 2308 2390 2376 113
2438 2307 2681 2362 CCCVI].
2715 2339 2787 2349 —
2824 2307 3120 2362 SILVANO
3165 2307 3591 2363 ΟΟΕΝΟΒΙΤΑΞ.

542 2403 665 2454 Ἐὰν
705 2403 948 2472 θέλωμεν
968 2403 1056 2456 διὰ
1094 2404 1310 2456 πάντων
1355 2406 1736 2474 καταπατῆσαι
1768 2406 1893 2467 τοὺς
1919 2405 2026 2458 δαί-

2199 2397 2253 2452 Si
2285 2415 2510 2468 prorsus
2545 2400 2818 2456 datmones
2856 2401 3185 2455 conculcare
3221 2401 3381 2455 nobis
3427 2402 3479 2453 in
3515 2401 3699 2452 animo

460 2509 645 2560 μονας,
679 2493 939 2564 δείξωμεν
973 2495 1059 2546 δια
1092 2494 1308 2546 πάντων
1343 2495 1444 2564 τὴν
1479 2498 2011 2568 ταπεινοφροσύνην,

2123 2500 2231 2552 est,
2265 2507 2359 2559 per
2395 2493 2575 2544 omnia
2620 2493 2974 2546 ostendamus
3025 2492 3422 2557 humilitatem,
3464 2491 3621 2560 longe
3667 2505 3696 2542 a

456 2586 518 2637 τὸ
560 2586 804 2638 ἐαυτῶν’
841 2585 1052 2655 θέλημα
1129 2587 1346 2656 μακρὰν
1412 2588 1815 2658 ἀπορρίψαντες
1846 2605 1858 2618 ·
1932 2589 2026 2641 καὶ

2123 2582 2284 2636 nobis
2319 2585 2592 2652 propriam
2615 2587 2950 2636 voluntatem
2986 2592 3353 2638 removentes.
3402 2585 3467 2638 Et
3503 2599 3695 2653 quem-

457 2675 647 2744 ῶσπερ
679 2676 776 2744 τὴν
799 2677 1052 2745 νηστείαν
1080 2676 1248 2744 ἡδέως
1273 2677 1700 2746 καταδεχόμεθα,
1730 2677 2023 2730 κελευσάν-

2127 2671 2416 2725 admodum
2477 2671 2745 2739 jejunium
2811 2673 3002 2726 libenti
3049 2673 3234 2726 animo
3283 2674 3691 2741 amplectimur,

456 2783 560 2818 των
592 2768 720 2834 ἡμῖν
755 2767 860 2818 τῶν
888 2766 978 2818 τὸν
1011 2766 1122 2834 βίον
1176 2767 1600 2836 προοδευκότων,
1653 2767 1793 2820 οὑτω
1840 2768 1934 2820 καὶ
1967 2768 2025 2820 τὸ

2125 2765 2196 2815 ita
2227 2762 2666 2831 praecipientibus
2707 2764 2832 2826 illis,
2874 2764 2971 2832 qui
3005 2778 3103 2816 nos
3136 2774 3574 2832 praecesserunt;
3617 2765 3697 2819 sic

456 2860 671 2925 φαγεῖν,
704 2857 734 2926 ἢ
767 2860 909 2910 πιεῖν
945 2859 1077 2927 πρός
1105 2875 1225 2911 τινα
1263 2859 1452 2928 χρόνον
1506 2860 1787 2929 κεκμηκὸς
1841 2860 2025 2914 διανα-

2125 2859 2180 2905 et
2213 2853 2516 2915 comedere,
2561 2863 2614 2906 et
2667 2853 2875 2916 bibere,
2920 2863 2973 2906 et
3027 2854 3094 2906 ad
3149 2862 3363 2922 tempus
3416 2853 3699 2908 defessum-

453 2948 660 3000 παῦσαι
709 2949 767 2999 τὸ
807 2947 963 3018 σῶμα
1021 2949 1516 3018 συμϐουλευόμενοι
1575 2951 1728 3019 παρὰ
1793 2952 1902 3005 τῶν
1962 2949 2020 3006 εὖ

2127 2957 2326 3010 corpus
2351 2943 2518 3010 quieti
2568 2942 2803 3008 tradere,
2842 2958 2966 2996 cum
3011 2943 3080 2997 ab
3121 2944 3249 3006 illis,
3289 2944 3381 3012 qui
3416 2959 3504 2997 res
3533 2959 3684 3012 expe-

453 3041 675 3092 εἰδότων
722 3040 1038 3109 δοκιμάζειν
1092 3041 1184 3094 καὶ
1235 3042 1440 3111 κρίνειν
1466 3041 1534 3094 τὰ
1557 3044 1882 3112 πράγματα,
1920 3044 2023 3097 ὑπ-

2127 3034 2225 3088 riri
2274 3049 2338 3087 ac
2378 3035 2680 3102 dijudicare
2719 3036 2921 3104 optime
2952 3035 3176 3098 callent,
3225 3035 3545 3098 suadcmur,
3585 3035 3691 3088 ala-

449 3132 774 3200 ακούσωμεν
797 3132 1112 3201 προθύμως,
1144 3133 1238 3185 καὶ
1275 3135 1793 3204 ἀναμφισϐητήτως.
1830 3135 2018 3186 Πλείον

2127 3127 2298 3180 criter
2327 3127 2556 3194 imperio
2595 3126 2906 3189 audiamus,
2952 3141 3015 3179 ac.
3045 3127 3167 3180 sine
3195 3125 3301 3180 ulla
3333 3127 3697 3182 haesitatione.

447 3221 560 3291 γὰρ
590 3221 688 3289 τῆς
713 3220 968 3288 νηστείας
995 3223 1030 3290 ή
1057 3221 1178 3274 καθ’
1202 3222 1451 3293 ὑπακοὴν
1488 3224 1788 3294 μετάληψις
1820 3226 2016 3294 μαστί-

2127 3216 2297 3286 Magis
2326 3217 2592 3285 siquidem
2626 3217 2836 3286 jejunio
2873 3218 3011 3285 ipso,
3047 3233 3166 3287 qua:
3199 3232 3293 3286 per
3319 3216 3692 3271 obedientiam

447 3311 532 3377 ζει
554 3315 679 3374 τοὺς
702 3312 928 3380 δαίμονα

2127 3309 2353 3362 refectio
2387 3309 2462 3368 fit,
2501 3309 2774 3362 daemones
2807 3309 3061 3378 ﬂagellat.

667 3402 797 3453 TH'.
818 3429 884 3440 -
905 3400 1238 3471 ΘΑΛΑΣΣΙῼ
1265 3399 1798 3474 ΑΡΓΥΡΟΠΡΑΤῌ.

2267 3397 2534 3452 CCCV’llI.
2563 3426 2636 3438 -—-
2659 3397 3046 3453 TIIALASSIO
3084 3396 3551 3452 ARGENTARIO.

519 3495 646 3557 Πῶς
663 3511 804 3556 τινες
822 3493 929 3545 τῶν
953 3496 1162 3563 γοήτων
1183 3495 1280 3563 (ιι),
1302 3494 1423 3546 τινὰ
1443 3493 1788 3563 πλανώμενον
1811 3495 2019 3566 ἄνθρω-

2197 3489 2484 3554 Quomodo
2521 3506 2584 3543 ex
2619 3490 3114 3559 przestigiatoribus
3165 3490 3446 3555 nonnulli,
3501 3504 3685 3558 quem-

447 3603 548 3638 πον
584 3583 836 3653 μνημείῳ
864 3582 1301 3645 ἐπιϐιϐάσαντες,
1343 3585 1421 3645 εἰς
1465 3583 1622 3652 ξένην
1683 3585 1914 3655 πατρίδα
1940 3584 2020 3648 ἐξ.

2124 3579 2248 3634 dam
2293 3589 2661 3646 pererrantem
2700 3581 2996 3645 hominem,
3057 3581 3355 3650 sepultura:
3386 3581 3692 3649 appositum

459 3675 718 3744 ἔπεμψαν
751 3674 967 3736 σκοτίας
1002 3673 1351 3743 ὑπαρχούσης
1373 3689 1386 3738 ;
1409 3674 1564 3743 δῆλον
1599 3674 1678 3726 ὅτι
1710 3679 1776 3745 τῇ
1806 3678 2018 3747 πονηρᾷ

2127 3671 2181 3725 in
2225 3672 2456 3726 alienam
2507 3672 2738 3741 patriam
2794 3671 3152 3738 dimiserunt,
3206 3670 3449 3724 tenebris
3497 3681 3691 3724 cuncta

450 3767 756 3836 ἐπικλήσει,
797 3766 892 3818 καὶ
919 3767 983 3836 τῇ
1015 3765 1240 3834 δυνάμει
1269 3764 1380 3816 τῶν
1410 3765 1653 3832 φυσικῶν
1678 3768 2017 3836 πραγμάτων

2124 3766 2562 3834 occupantibus?
2605 3763 2982 3827 manifestum,
3021 3777 3186 3832 prava
3219 3763 3598 3825 advocatione,
3639 3767 3691 3816 et

448 3858 537 3912 δαί
544 3877 656 3926 μων
682 3857 960 3926 βαστάσας
985 3856 1074 3908 τὸν
1093 3856 1378 3925 ἄνθρωπον
1409 3855 1644 3924 ἀλλαχοῦ
1686 3857 2012 3926 διεκόμισεν.

2124 3868 2307 3907 rerum
2341 3856 2670 3909 naturalium
2725 3857 2987 3910 facultate
3040 3871 3070 3910 a
3119 3855 3364 3910 daemone
3414 3856 3687 3911 hominem

447 3948 636 4010 οὕτως
675 3947 851 4000 τοίνυν
893 3948 988 4000 καὶ
1026 3945 1367 4015 ἀποκτηνοῦν
1403 3945 1712 4015 ἄνθρωπον,
1755 3946 2016 4011 πολλάκις

2124 3947 2396 4001 sublatum
2433 3947 2487 3999 in
2523 3949 2683 4000 aliam
2713 3949 2988 4016 regionem
3027 3954 3462 4015 transportatum
3499 3946 3689 4002 fuisse.

444 4039 695 4092 δοκοῦσιν
719 4040 766 4090 οἱ
799 4036 1105 4108 φαρμακοὶ,
1141 4036 1259 4105 οὑχὶ
1283 4034 1380 4105 τὴν
1402 4034 1590 4088 οὐσίαν
1620 4035 1715 4089 τοῦ
1753 4037 2012 4106 σώματος

2121 4035 2322 4090 Eadem
2347 4036 2531 4104 itaque
2565 4035 2775 4090 ratione
2806 4036 3084 4089 hominem
3115 4035 3171 4089 in
3198 4035 3425 4090 bestiam
3465 4051 3691 4091 conver-

456 4131 932 4200 μεταπλαττοντες,
966 4127 1100 4180 ἀλλὰ
1135 4126 1346 4197 μορφὴν
1373 4128 1602 4196 κτήνους
1631 4128 2008 4197 περιτιθέντες

2121 4136 2238 4181 tere
2270 4127 2470 4194 sapius
2516 4125 2771 4179 videntur
2809 4126 3034 4180 venefici
3063 4166 3077 4192 ,
3145 4141 3254 4180 non
3323 4127 3689 4180 substantiam

456 4221 620 4289 αὐτῷ.
647 4219 978 4274 Οὑκοῦνκᾶν
996 4218 1337 4288 σαγματισθῇ
1361 4217 1549 4286 ὥσπερ
1578 4217 1729 4280 ὄντος
1754 4220 1780 4270 ὁ
1807 4217 2016 4289 ἅνθρω-

2122 4218 2373 4285 corporis
2411 4217 2786 4278 immutantes,
2834 4215 2926 4270 sed
2961 4215 3191 4284 pecudis
3227 4214 3457 4269 formam
3490 4215 3562 4269 illi
3595 4230 3691 4284 ap-

452 4329 572 4376 πος,
599 4314 715 4365 ὅσον
749 4314 845 4382 μὲν
881 4310 1102 4362 δύναται
1131 4309 1206 4371 ὡς
1237 4308 1524 4379 ἄνθρωπος
1555 4308 1835 4378 βαστάζει,
1871 4310 1930 4362 τὸ
1958 4309 2013 4362 δὲ

2119 4307 2430 4378 pingentes.
2454 4306 2641 4374 Itaque
2663 4306 2790 4360 licet
2810 4306 2991 4370 homo,
3011 4305 3474 4375 quemadmodum
3501 4309 3693 4361 asinus

445 4404 632 4458 λοιπὸν
663 4406 774 4466 τοῖς
806 4401 976 4472 ὤμοις
1006 4404 1033 4454 ὁ
1057 4401 1264 4462 δαίμων
1300 4400 1678 4468 ἀνακουφίζει.

2128 4398 2263 4453 sella
2295 4405 2686 4468 praegravetur,
2721 4405 2985 4466 quantum
3035 4406 3210 4466 potest
3263 4397 3379 4466 ipse
3421 4407 3478 4450 ut
3528 4399 3689 4452 homo

2120 4490 2381 4554 sustinet,
2415 4488 2688 4556 reliquum
2724 4488 2965 4542 humeris
2992 4487 3204 4542 dat-mon
3238 4489 3456 4540 attollit.

623 4579 830 4630 ΤΘ’.-
870 4574 1200 4628 ΣΩΣΘΕΝΕΙ
1242 4563 1806 4644 ΚΟΜΕΝἿἍΡΗΣΙῼ.
2125 4581 2207 4649 ι]

2125 4580 2284 4650 114
2337 4577 2561 4634 CCCIX.
2611 4607 2681 4617 --
2731 4577 3071 4632 SUSTHENI
3132 4575 3683 4632 COMENTARESIO.

529 4667 780 4738 Ἀνὸητὸν
833 4683 893 4718 σε
935 4666 1028 4718 καὶ
1061 4664 1318 4716 ἀσύνετον
1355 4663 1761 4732 καταμανθὰνω
1787 4679 1800 4693 ⁸
1832 4666 1879 4716 εἰ
1911 4663 2018 4735 γὰρ

2189 4668 2420 4722 Fatuum
2480 4677 2532 4722 te
2567 4666 2953 4736 insulsumque
2983 4682 3105 4721 esse
3139 4663 3531 4735 deprehendo:
3559 4679 3683 4716 nam

441 4761 796 4830 ἐπιλαμϐάνῃ
867 4757 962 4811 τοῦ
1035 4755 1295 4825 θεοφόρου
1361 4753 1553 4825 ἀνδρὸς
1612 4755 1860 4808 Ἰωάννου
1921 4756 2016 4808 τοῦ

2121 4761 2166 4814 si
2206 4760 2472 4814 deiferum
2523 4760 2698 4812 virum
2747 4759 3012 4812 Joannem
3061 4757 3376 4826 episeOpum
3412 4755 3686 4809 Constan-

442 4852 749 4906 ἐπισκόπου
797 4846 1456 4911 Κωνσταντινουπόλεως,
1502 4845 1578 4907 ὡς
1625 4846 1865 4916 ὀργίλου,
1925 4847 2018 4899 καὶ

2119 4852 2580 4920 tin0politanum,
2635 4860 2893 4918 tanquam
2953 4847 3249 4900 iracundiae
3301 4845 3582 4909 deditum,
3633 4854 3688 4900 et

445 4946 637 5016 ὓόρεσι
671 4941 970 5012 χαίροντος,
1006 4941 1062 4991 ὲν
1088 4936 1166 5006 τῷ
1189 4936 1538 5006 ἐπιπλήττειν
1574 4937 1686 4997 τοῖς
1715 4933 2019 5004 ὲξαμαρτάσ

2115 4941 2340 4994 nimium
2379 4955 2436 4993 se
2475 4939 2713 5006 injuriis,
2745 4939 2798 4991 in
2830 4935 3156 4990 facinorosis
3198 4933 3689 5002 reprehendendis,

443 5052 619 5098 νουσι,
655 5034 750 5086 καὶ
779 5029 1055 5101 ἐμϐριθῶς
1093 5027 1472 5082 καθάπτεσθαι
1499 5025 1608 5078 τῶν
1648 5025 1744 5102 τὴν
1783 5027 2020 5096 ἀναλγη-

2117 5029 2504 5090 oblectantem,
2537 5037 2588 5081 et
2626 5026 2756 5091 illis,
2787 5025 2881 5094 qui
2910 5039 3020 5094 prae
3047 5024 3346 5077 indolentia
3370 5039 3434 5076 ac
3465 5031 3694 5092 stupore

446 5129 592 5190 σίαν,
618 5125 712 5178 καὶ
755 5123 852 5192 τὴν
895 5119 1255 5190 ἀναισθησίαν
1317 5116 1766 5188 ἀρρωστούντων,
1831 5117 2019 5188 καιρός

2120 5119 2256 5174 nihil
2282 5119 2706 5187 persentiscunt,
2743 5117 2952 5170 duriter
2975 5129 3275 5186 asperaque
3308 5114 3695 5183 objurgandis,

446 5235 531 5270 σοι
564 5215 773 5269 καὶτὸν
803 5213 1110 5281 Βαπτιστὴν
1157 5209 1409 5279 Ἰωάννην
1469 5208 1670 5276 λέγειν,
1707 5209 1789 5260 ὅτι
1820 5209 2012 5278 γεννή-

2123 5207 2309 5276 culpas
2347 5226 2358 5259 :
2392 5215 2606 5276 tempus
2632 5207 2743 5276 jam
2771 5213 2874 5282 est,
2913 5211 3042 5259 utet
3079 5201 3337 5257 Joannem
3368 5202 3695 5271 Baptistam,

448 5326 596 5380 ματα
639 5305 859 5377 ἐχιδνῶν
891 5320 1042 5365 τινας
1074 5300 1433 5362 ἀπεκάλεσεν,
1468 5297 1640 5359 ίὼδεις
1673 5298 1764 5350 τὸν
1814 5299 2014 5369 τρόπον

2123 5299 2392 5369 genimina
2440 5299 2746 5366 viperarum
2787 5296 3084 5350 nonnullos
3118 5294 3210 5362 qui
3243 5294 3523 5348 vcnenosis
3566 5306 3687 5344 mo-

445 5397 831 5469 ὑπάρχοντας,
872 5393 966 5446 καὶ
1023 5391 1116 5444 τὸν
1158 5389 1480 5442 Ἀπόστολον
1541 5386 1804 5458 ὑϐριστὴν
1871 5382 2013 5440 εῖναι

2121 5390 2272 5443 ribus
2297 5396 2454 5442 erant
2479 5389 2544 5453 9',
2585 5394 3014 5455 nuncupantem,
3052 5384 3348 5448 insimules,
3374 5391 3426 5436 et
3461 5384 3685 5450 Aposto-

518 5513 562 5545 ⁸⁸
598 5513 704 5564 lsa.
735 5525 866 5572 xv",
911 5507 990 5561 l2.
1067 5505 1112 5536 ⁸
1142 5504 1272 5558 ibid.
1349 5503 1392 5534 ⁸⁷
1439 5503 1540 5556 lsa.
1589 5519 1702 5567 vut,
1733 5504 1784 5555 '7.
1860 5502 1905 5533 ⁸⁸
1935 5503 2099 5556 Matth

518 5624 528 5628 _
586 5579 818 5628 71Luc.
850 5594 929 5628 ιιι.
958 5577 1011 5628 7.

2109 5542 2120 5555 .
2160 5518 2235 5568 tu,
2263 5503 2352 5558 28.
2427 5503 2472 5534 ⁸⁵
2514 5500 2708 5554 Matth.
2743 5499 2930 5566 H.125,
3025 5499 3070 5530 ⁹⁰
3103 5496 3235 5551 ibid.
3271 5494 3352 5552 l2.
3426 5492 3471 5525 ⁹¹
3496 5490 3686 5550 Matth.

443 5598 529 5641 ιιι.
586 5583 616 5634 '7
643 5598 658 5645 ;
685 5579 818 5632 Luc.
850 5594 929 5641 ιιι,
958 5579 1011 5628 7.

517 5695 592 5758 fa)
626 5693 860 5748 Allatius
885 5686 1617 5757 vom-(Iw,intellectualibus.
1649 5685 1795 5740 lion.
1877 5667 1880 5670 ’

3983 5285 3985 5442 l
