4012 6196
395 313 515 381 ²195

1887 321 1928 379 S
1993 321 2156 380 N111

3577 327 3676 391 196

415 430 524 484 lum
566 425 892 498 iniuriosum
923 443 1065 490 esse,
1097 429 1178 482 bis
1209 427 1430 482 Galatas
1472 431 1780 486 insensatos
1807 433 1977 500 appel-

2101 431 2329 503 κρίνειν,
2370 434 2449 487 ὅτι
2481 435 2726 498 Γαλάτας
2765 435 3017 507 δεύτερον
3057 438 3319 510 ἀνοήτους
3351 443 3671 510 προσεῖπεν,

410 519 614 572 lantem
641 515 856 586 judices
873 517 952 581 ";
982 515 1308 584 injuriaaque
1350 515 1528 570 dicam
1576 518 1860 586 prophetis
1895 519 1994 571 im-

413 609 636 678 pingas,
687 621 808 659 cum
842 618 1111 674 equorum
1166 605 1398 660 feminas
1451 607 1888 676 deperientium,
1942 619 1994 662 et

411 713 606 752 canum
657 696 888 750 latenter
916 696 1306 763 mordentium,
1356 705 1408 751 et
1445 699 1720 767 luporum,
1774 708 1830 754 et
1869 716 1992 754 cor-

410 790 595 844 nicum
655 789 973 844 nominibns
1031 790 1262 844 rationis
1314 799 1596 860 compotes
1659 791 1990 861 insigniant,

410 882 930 952 reprehensionibus
965 892 1336 949 pererrantem
1371 882 1426 936 in
1463 882 1748 937 meliorum
1782 883 1991 954 frugem

410 982 752 1028 revocantes.
777 972 914 1038 Quid
936 987 1098 1042 porro
1124 973 1190 1028 de
1214 973 1457 1027 omnium
1484 973 1614 1039 Deo,
1633 982 1686 1029 et
1712 978 1992 1044 provisore

411 1066 632 1120 Christo
665 1065 878 1128 humili,
917 1065 1010 1133 qui
1046 1067 1265 1135 propria
1311 1065 1595 1121 clementia
1646 1076 1699 1121 et
1736 1084 1990 1122 mansne-

413 1156 602 1210 tudine
651 1171 864 1210 omncm
901 1157 1378 1211 mansuetudinem
1424 1168 1808 1227 superaverat,
1865 1175 1988 1212 cum

410 1249 564 1302 audis
599 1247 666 1301 ab
693 1249 832 1316 ipso,
859 1247 1080 1312 stultos,
1108 1255 1163 1302 et
1194 1263 1391 1312 caecos,
1434 1260 1487 1304 et
1518 1250 1656 1305 ﬁlios
1689 1251 1910 1314 diaboli,
1937 1261 1990 1304 et

410 1339 640 1396 zizania.
689 1345 742 1390 et
789 1351 974 1401 canes,
1025 1347 1079 1392 et
1122 1354 1340 1408 porcos,
1387 1348 1442 1394 et
1488 1341 1610 1394 aliis
1658 1341 1986 1410 quibusdam

408 1429 757 1483 mordacibus
789 1440 1108 1498 peccatores
1133 1430 1386 1496 vocitari,
1421 1431 1804 1499 pronuntiabis
1827 1431 1848 1482 ?

652 1613 853 1670 CCCX.
904 1646 975 1657 —
1007 1615 1358 1674 IIELLADIO
1405 1621 1723 1678 LECTORI.

477 1699 659 1755 Otium
708 1705 995 1760 ineruditis
1043 1707 1311 1762 malorum
1366 1725 1592 1780 Operum
1651 1715 1978 1786 principium

407 1807 529 1846 esse
571 1803 624 1845 tu
655 1809 874 1862 quoque
909 1811 1013 1849 una
1046 1811 1170 1850 cum
1208 1799 1332 1855 aliis
1371 1795 1584 1868 fateris,
1620 1811 1673 1858 et
1709 1805 1985 1870 IIebraros,

409 1895 531 1934 cum
565 1881 616 1933 in
646 1882 864 1936 deserto
890 1899 998 1938 non
1026 1896 1170 1940 esset
1209 1887 1340 1955 illis,
1361 1889 1414 1943 in
1445 1907 1552 1960 quo
1571 1909 1629 1947 se
1651 1905 1988 1962 exercerent,

409 1971 462 2022 in
493 1971 759 2024 idolorum
792 1975 996 2028 cultum
1033 1978 1343 2033 concidisse
1375 1986 1664 2051 cognoscis
1692 1987 1759 2039 ”.
1791 1986 1868 2042 Ne
1893 1989 1993 2042 ita-

407 2077 511 2131 que
543 2062 610 2116 ab
632 2077 794 2131 opere
816 2079 1072 2119 manuum
1105 2067 1425 2135 abhorreas,
1446 2087 1570 2125 cum
1597 2073 1729 2127 illud
1761 2074 1894 2131 utile
1920 2079 1990 2132 sit

406 2161 458 2204 et
489 2151 644 2205 valde
677 2152 946 2208 sobrium.

465 2241 622 2310 115
652 2241 874 2297 CCCX].
907 2274 973 2285 -—
1005 2243 1307 2302 ΤΗΕΟΝᾹΞ
1357 2250 1566 2306 REMP.
1611 2253 1932 2312 GERENTI.

476 2334 604 2386 Sine
645 2334 755 2387 ullo
794 2335 993 2389 solatio
1042 2352 1278 2393 maerore
1315 2343 1464 2412 angi,
1509 2353 1563 2398 et
1602 2345 1910 2416 deplorare,
1935 2360 1988 2405 et

398 2423 653 2492 jejunare
682 2440 782 2494 pro
805 2425 1093 2482 demortuo
1115 2435 1550 2501 consanguineo,
1586 2436 1984 2495 incredulitatis

403 2528 465 2567 ac
489 2514 715 2584 ahjectzn
742 2517 858 2585 spei
889 2517 1154 2573 indicium
1197 2532 1304 2585 est.
1343 2523 1447 2588 Qui
1479 2525 1654 2582 credit
1687 2531 1985 2597 sepulturae

402 2621 549 2658 nunc
571 2606 834 2661 traditum
870 2623 901 2662 a
929 2611 1163 2666 mortuis
1198 2626 1664 2684 resurrecturmn,
1715 2636 1811 2690 spe
1851 2637 1984 2677 con-

405 2693 732 2759 tinuabitur,
777 2697 882 2750 Deo
918 2700 1124 2767 gratias
1173 2712 1317 2772 aget,
1372 2705 1642 2777 laerymas
1688 2713 1981 2768 transferet

401 2791 460 2842 in
495 2789 845 2858 hilaritatem,
874 2791 1198 2849 demortuus
1251 2805 1311 2850 ut
1367 2801 1718 2869 sempiterna:
1763 2806 1980 2858 miseri-

401 2881 603 2934 cordia:
627 2880 902 2951 particeps
926 2881 1039 2948 fiat,
1071 2883 1484 2954 deprecahitur,
1517 2904 1732 2943 necnon
1764 2890 1831 2944 ad
1858 2906 1981 2962 pro-

400 2972 644 3041 priorum
671 2986 920 3027 errorum
943 2976 1380 3032 emendationem
1417 2979 1759 3047 prolabetur.

885 3065 1136 3123 CCCX“.
1167 3101 1239 3109 —
1271 3069 1478 3126 Eidem.

469 3156 730 3226 Quisquis
750 3157 996 3227 jucunde
1026 3175 1088 3214 ac
1121 3159 1336 3216 fortiter
1361 3165 1546 3218 animo
1577 3165 1652 3218 rei
1687 3165 1973 3221 desidera-

395 3256 464 3303 ta:
500 3249 685 3303 tulerit
711 3249 1008 3318 jacturam,
1055 3252 1102 3306 is
1147 3252 1509 3322 philosophus
1563 3257 1872 3324 vocabitur,
1922 3269 1976 3314 et

395 3341 809 3411 magnanimus,
866 3351 922 3397 et
960 3343 1154 3407 multa,
1205 3360 1326 3415 qua:
1383 3354 1542 3399 antea
1597 3348 1973 3416 commiserat,

393 3439 573 3486 errata
603 3430 887 3486 dissolvet.

585 3521 864 3577 CCCXIII.
901 3551 972 3564 ι-
1010 3521 1404 3582 TlIESSALIO
1459 3528 1771 3606 DIACONO.

464 3612 520 3666 Si
549 3614 701 3668 canis
734 3615 941 3670 latrans
968 3617 1240 3685 gigantem
1264 3619 1410 3673 vinci
1442 3623 1687 3676 nescium
1711 3623 1970 3689 offendet,

390 3703 627 3758 offendet
657 3707 846 3774 utique
867 3714 921 3761 et
947 3707 1050 3761 fide
1073 3710 1433 3778 conspicuum
1464 3713 1693 3782 spiritus
1720 3714 1973 3785 blasphe-

391 3795 532 3862 miae,
555 3796 750 3850 animae
771 3799 1081 3852 molestiam
1113 3801 1402 3856 exhibens.

773 3887 1049 3942 CCCXIV.
1071 3919 1144 3929 —-
1163 3889 1583 3949 DRACONTIO.

458 3975 668 4039 Timeo,
701 3978 877 4047 inquit
909 3977 1034 4046 Job,
1070 3996 1138 4036 ne
1164 3997 1251 4036 me
1285 3984 1519 4054 caligine
1553 3987 1748 4055 perdat
1782 3987 1970 4042 Domi-

387 4066 561 4121 nus”
592 4086 605 4121 :
643 4068 745 4122 hoc
785 4079 886 4130 est,
917 4085 984 4124 ne
1016 4071 1314 4140 aliquando
1337 4089 1405 4128 ex
1439 4085 1586 4129 sorte
1617 4092 1831 4138 eorum,
1874 4078 1969 4145 qui

389 4159 568 4212 idonei
605 4159 732 4212 facti
774 4168 905 4214 sunt
935 4161 988 4214 in
1031 4162 1238 4216 lumine
1281 4165 1471 4233 gloria:
1512 4165 1652 4234 ejus,
1695 4182 1781 4220 me
1813 4182 1969 4234 sepa-

391 4263 540 4312 rans,
579 4251 922 4319 sempiterna:
943 4252 1162 4322 caligini
1189 4254 1388 4308 tradat.
1420 4255 1768 4326 Quapropter
1792 4273 1967 4327 neque

387 4341 554 4407 lente,
581 4357 758 4411 neque
791 4359 982 4398 secure
1008 4346 1172 4398 vitam
1212 4347 1604 4414 transigamus.

695 4434 854 4506 116
883 4435 1114 4490 CCCXV
1159 4466 1228 4477 ος-
1255 4433 1647 4493 EUBULIONI.

459 4523 706 4582 [heretici
729 4529 838 4595 lupi
865 4543 982 4592 eos,
1011 4530 1104 4598 qui
1130 4543 1158 4580 a
1187 4529 1428 4597 pessima
1458 4529 1653 4584 haeresi
1677 4529 1742 4584 ad
1765 4538 1968 4585 rectam

384 4617 543 4672 fidem
581 4619 926 4684 transiliunt,
968 4630 1021 4673 et
1067 4635 1177 4674 non
1220 4620 1338 4674 sine
1381 4620 1544 4676 laude
1575 4630 1970 4676 convertuntur

384 4706 450 4761 ad
487 4707 768 4777 pietatem,
798 4710 1162 4778 repedatores
1199 4710 1714 4780 ignominiososque
1745 4722 1964 4768 vocant.

590 4875 865 4940 CCCXVI.
890 4915 958 4924 —
985 4883 1222 4938 PIERIO
1276 4883 1736 4943 SYNCLETICO.

449 4971 904 5030 IIumanissimus
929 4976 1176 5029 omnium
1221 4975 1479 5031 Servatur
1505 4978 1782 5046 Christus,
1815 4987 1961 5054 quod

381 5065 446 5118 ad
475 5065 652 5134 ipsum
685 5067 990 5138 spectabat,
1040 5083 1232 5124 omnes
1262 5069 1514 5126 homines
1545 5075 1691 5128 venit
1720 5077 1956 5134 salvare.

378 5157 764 5226 Conspicimus
811 5167 994 5212 tamen
1059 5174 1168 5213 non
1223 5175 1414 5216 omnes
1463 5166 1788 5235 semetipsos
1844 5185 1960 5224 sua:

377 5247 542 5301 saluti
566 5247 785 5302 dedere.
810 5247 1222 5318 Cognoscamus
1242 5251 1426 5320 igitur,
1453 5270 1666 5325 nosque
1689 5258 1949 5329 metipsos

375 5340 446 5392 ob
497 5339 765 5394 desidiam
797 5347 854 5394 et
898 5356 1122 5410 pravam
1183 5345 1518 5400 voluntatem
1578 5349 1944 5418 deploremus,

375 5445 554 5499 neque
578 5430 783 5499 Optimo
816 5432 1044 5488 Domino
1076 5435 1285 5489 scelera
1329 5438 1658 5496 tribuamus.

447 5688 494 5718 "
520 5688 695 5746 Galat.
735 5707 814 5757 ιη,
853 5692 900 5743 ί.

2098 529 2189 578 καὶ
2236 527 2363 589 τοὺς
2404 529 2688 596 προφήτας
2726 526 2802 596 τῷ
2830 530 2927 597 τῆς
2980 527 3190 598 ὕϐρεως
3237 529 3541 599 ἐγκλήματι
3571 531 3671 584 ύπ-

2097 615 2352 677 ευθύνους
2388 618 2675 686 καθιστᾷν,
2730 617 2918 688 ἐπειδὴ
2969 619 3153 671 ἵππων
3199 619 3548 690 θηλυμανῶν,
3580 624 3674 675 καὶ

2098 708 2276 760 κυνῶν
2311 707 2710 776 λαθροδάκνων,
2759 711 2850 762 καὶ
2882 709 3082 774 λύκων,
3129 712 3222 764 καὶ
3266 711 3523 782 κορώνων
3553 714 3670 767 ὀνό-

2099 816 2265 868 ματα,
2295 802 2409 860 τοῖς
2437 800 2674 867 λογικοῖς
2697 801 3037 867 ἐπετίθεσαν,
3080 803 3215 874 πρὸς
3241 804 3525 876 διόρθωσιν
3550 809 3672 860 ἐπι·

2097 886 2374 955 σπώμενοι
2422 891 2538 951 τοῖς
2577 888 2822 958 ἐλέγχοις
2865 889 2955 944 τὸν
2985 891 3468 962 διασφαλλόμενον.
3506 886 3572 948 Τί
3623 897 3670 948 δ’

2094 979 2160 1031 ἂν
2180 981 2353 1043 εἴποις
2412 981 2539 1052 περὶ
2588 981 2681 1033 τοῦ
2739 983 2956 1036 πάντων
3016 983 3174 1047 Θεοῦ,
3221 987 3314 1038 καὶ
3361 990 3668 1058 προνοητοῦ

2092 1071 2352 1142 Χριστοῦ,
2381 1071 2476 1124 τοῦ
2506 1074 2943 1142 ται-ιτεινόςρρονοςι
2997 1074 3092 1126 καὶ
3147 1077 3214 1145 τῇ
3267 1077 3444 1146 οἰκεία
3495 1079 3672 1131 ὲπιει-

2092 1161 2236 1231 κείᾳ,
2263 1161 2354 1213 καὶ
2374 1161 2660 1232 πραότητι,
2682 1163 2862 1213 πᾶσαν
2892 1162 3174 1233 πραότητα
3206 1163 3672 1233 ὑπερακοντίσαν-

2089 1272 2202 1318 τος,
2235 1255 2362 1308 ὅταν
2421 1255 2664 1327 ἀκούσῃς
2716 1255 2904 1318 αὑτοῦ,
2962 1257 3202 1326 μωροὺς,
3257 1258 3351 1310 καὶ
3408 1259 3666 1327 τυφλοὺς,

2094 1343 2242 1406 υἱούς
2275 1361 2334 1396 τε
2384 1343 2478 1397 τοῦ
2517 1345 2787 1410 διαϐόλου,
2826 1345 2922 1398 καὶ
2975 1344 3216 1410 ζιζάνια,
3258 1347 3430 1410 κύνας
3483 1365 3542 1400 τε
3579 1353 3672 1402 καὶ

2098 1433 2340 1501 χοίρους,
2365 1435 2460 1486 καὶ
2480 1435 2614 1488 ἄλλα
2641 1435 2763 1488 τινὰ
2787 1436 3117 1505 σκώμματα,
3135 1443 3260 1500 τοὺς
3294 1438 3671 1510 παρανομοῦν-

2090 1541 2192 1588 τας
2211 1526 2617 1592 ἀποκαλοῦντος
2639 1546 2652 1595 ;

2371 1618 2474 1671 TI’.
2505 1648 2574 1658 ρ-
2602 1621 2891 1695 ΕΛΛΑΔΙῼ
2949 1623 3385 1693 ΑΝΑΓΝΩΣΤῌ.

2164 1707 2286 1760 Ὅτι
2328 1709 2560 1780 ἡάργία
2601 1712 2744 1782 ἀρχὴ
2792 1716 3122 1786 κακουργίας
3160 1719 3271 1778 τοῖς
3316 1715 3661 1776 ἀπαιδεύτοις

2093 1797 2326 1866 γίνεται,
2359 1800 2452 1852 καὶ
2488 1801 2652 1865 αὐτὸς
2695 1806 3096 1874 συνομολογεῖς,
3127 1809 3220 1860 καὶ
3239 1807 3321 1858 ὅτι
3355 1807 3428 1877 μὴ
3458 1807 3668 1876 ἔχοντες

2091 1889 2144 1940 τί
2178 1889 2378 1959 πρᾶξαι
2412 1893 2461 1943 οἱ
2507 1892 2746 1964 Ἑϐραῖοι
2771 1900 2829 1948 ὲν
2853 1901 2918 1968 τῇ
2964 1901 3157 1969 ἐρήμῳ
3189 1899 3268 1961 είς
3313 1899 3668 1970 είδωλατρίαν

2090 1981 2355 2046 ἐξέπεσαν
2388 2025 2402 2049 ,
2448 1984 2768 2050 γινώσκεις.
2820 1989 2911 2057 Μὴ
2956 1985 3048 2042 οὖν
3100 1989 3388 2059 βδελύττου
3417 1990 3477 2042 τὸ
3506 1990 3668 2060 ἔργον

2089 2074 2149 2127 τὸ
2181 2074 2290 2126 τῶν
2348 2075 2571 2146 χειρῶν,
2638 2078 2718 2130 ὅτι
2775 2079 3077 2149 ὠφέλιμον,
3115 2084 3210 2135 καὶ
3278 2083 3422 2136 πάνυ
3493 2083 3667 2152 νηφὰ-

2088 2162 2222 2218 λιον.

2332 2257 2480 2309 ΤΙΑ’.
2502 2283 2571 2295 -—-
2601 2257 2827 2326 ΘΕΩΝᾼ
2857 2258 3420 2330 ΠΟΛΙΤΕΥΟΜΕΝῼ.

2159 2349 2233 2400 Τὸ
2259 2349 2698 2419 ἁπαρηγορήτως
2729 2349 3038 2412 λυπεῖσθαι,
3060 2351 3154 2403 καὶ
3183 2353 3421 2420 θρηνεῖν,
3444 2353 3537 2406 καὶ
3567 2370 3655 2422 νη-

2087 2441 2299 2494 στεύειν
2327 2443 2420 2494 ὲπὶ
2451 2441 2532 2511 τῷ
2559 2441 2946 2511 τελευτήσαντι
2985 2447 3257 2511 συγγενεῖ,
3287 2444 3509 2514 ἔλεγχός
3545 2446 3662 2498 ἔστι

2083 2531 2183 2600 τῆς
2220 2531 2478 2594 ἀπιστίας
2524 2532 2618 2584 καὶ
2655 2531 2755 2600 τῆς
2791 2532 3161 2597 ἀνελπιστίας.
3203 2535 3260 2586 '0
3295 2535 3564 2588 πιστεύων
3599 2539 3664 2589 ἐκ

2083 2622 2292 2692 νεκρῶν
2331 2622 2728 2693 ἀναστήσεσθαι
2775 2624 2865 2676 τὸν
2915 2625 3038 2694 ἄρτι
3083 2624 3446 2696 τεθαμμένον,
3485 2627 3661 2681 ἐλπίδι

2085 2712 2446 2783 ῥωσθήσεται,
2481 2714 2600 2784 Θεῷ
2635 2716 3040 2787 εὐχαριστήσει,
3072 2718 3153 2779 εἰς
3181 2716 3448 2788 εὐθυμίαν
3485 2736 3652 2788 μετα-

2084 2805 2341 2857 σκευάσει
2374 2805 2501 2868 τοὺς
2537 2805 2794 2876 θρήνους,
2828 2807 3044 2870 εὔξεται
3073 2809 3256 2872 ἐλέους
3308 2811 3526 2864 αἰωνίου
3561 2829 3657 2864 τυ-

2080 2898 2195 2965 χεῖν
2225 2895 2317 2948 τὸν
2349 2897 2702 2968 κοιμηθέντα,
2734 2898 2870 2968 πρὸς
2915 2899 3200 2970 διόρθωσιν
3243 2903 3396 2972 ῥέψει
3437 2903 3547 2955 τῶν
3579 2907 3660 2956 ol-

2080 2988 2244 3040 κείων
2279 2990 2658 3060 πταισμάτων.

2585 3081 2818 3135 ΤΙΒ’.-
2851 3082 2934 3149 Τῷ
2971 3084 3152 3150 αὐτῷ.

2148 3172 2216 3225 Εἰ
2252 3190 2335 3236 τις
2385 3174 2728 3244 εὐχαρίστως
2774 3176 2995 3246 ἤνεγκε,
3024 3179 3118 3230 καὶ
3149 3179 3410 3250 ἀνδρείως
3439 3186 3537 3256 τὴν
3566 3188 3658 3241 τοῦ

2078 3261 2417 3331 ποθουμένου
2445 3264 2740 3335 ἀποϐολὴν,
2769 3265 3062 3335 φιλόσοφός
3093 3285 3150 3321 τε
3187 3270 3537 3343 κληθήσεται,
3565 3282 3660 3333 καὶ

2080 3355 2463 3426 μεγαλόφρων,
2497 3359 2591 3410 καὶ
2627 3357 2798 3411 πολλὰ
2827 3361 3140 3416 διαλύσεται
3179 3365 3287 3420 τῶν
3317 3374 3657 3442 προγενομέ-

2076 3464 2184 3499 νων
2216 3447 2251 3499 ἁ
2258 3465 2332 3516 μα
2342 3463 2437 3518 ρτη
2449 3449 2652 3516 μάτων.

2395 3538 2538 3592 Τ1Γ’.
2558 3570 2629 3578 —
2658 3540 2989 3614 ΘΕΣΣΑΛΙῼ
3016 3546 3336 3619 ΔΙΑΚΟΝῼ.

2149 3629 2208 3679 Εἰ
2234 3628 2426 3698 βλάψει
2466 3632 2612 3684 κύων
2652 3633 2900 3688 ὑλακτῶν
2925 3636 3158 3704 γίγαντα
3203 3639 3648 3713 δυσμαχώτατον,

2076 3718 2268 3788 βλάψει
2293 3721 2386 3772 καὶ
2406 3721 2498 3774 τὸν
2521 3722 2697 3793 ἁληθῆ
2721 3726 2908 3780 πιστὸν
2927 3729 3143 3799 πνεῦμα
3160 3731 3260 3802 τῆς
3283 3733 3650 3807 βλασφημίας,

2073 3811 2440 3881 παρενοχλοῦν
2471 3816 2536 3884 τῇ
2573 3813 2739 3886 ψυχῇ.

2531 3907 2758 3961 TIA'.—
2775 3913 3190 3986 ΔΡΑΚΟΝΤΙῼ.

2139 3993 2436 4064 Φοϐοῦμαι,
2473 3999 2637 4066 φησιν
2661 4002 2688 4052 ὁ
2723 4001 2861 4064 Ἰὼϐ,
2896 4004 2969 4075 μὴ
3019 4008 3200 4078 γνόφῳ
3231 4027 3297 4078 με
3345 4012 3592 4083 ἐκτρίψει
3633 4019 3661 4070 ὁ

2071 4081 2296 4151 Κύριος
2328 4087 2596 4151 τουτέστι,
2636 4093 2846 4160 μήποτε
2883 4093 3134 4164 ἐξορίσας
3176 4116 3244 4166 με
3284 4100 3385 4170 τῆς
3436 4105 3652 4174 μερίδος

2069 4171 2176 4224 τῶν
2207 4175 2580 4229 ίκανωθέντων
2610 4180 2668 4231 ἐν
2695 4182 2772 4250 τῷ
2804 4186 2943 4250 φωτὶ
2967 4185 3069 4254 τῆς
3103 4187 3260 4259 δόξης
3296 4193 3485 4259 αὐτοῦ,
3544 4213 3647 4248 πα-

2073 4262 2215 4334 ραδῷ
2249 4268 2315 4335 τῇ
2343 4267 2538 4338 αίωνίᾳ
2604 4271 2817 4342 σκοτίᾳ.
2876 4276 3079 4348 Διόπερ
3140 4280 3215 4350 μὴ
3270 4283 3502 4351 χαύνως,
3554 4289 3649 4339 καὶ

2069 4354 2388 4424 ἀμερίμνως
2413 4358 2503 4410 τὸν
2541 4358 2653 4428 βίον
2687 4361 3018 4435 ὁδεύσωμεν.

2501 4451 2648 4505 ἸΊΕ’.
2664 4485 2732 4494 —
2760 4455 3198 4516 ΕΥΒυΥΛΙΩΝΙ.

2141 4538 2200 4589 Οἱ
2255 4538 2520 4609 αἱρετικοὶ
2547 4541 2724 4609 λύκοι,
2757 4549 2883 4610 τοὺς
2911 4551 3018 4602 ἀπὸ
3045 4553 3147 4620 τῆς
3196 4556 3461 4626 κακίστης
3494 4557 3644 4627 αἶρέ-

2071 4643 2207 4689 σεως
2239 4631 2664 4698 μεταπηδῶντας
2699 4637 2834 4704 πρὸς
2859 4639 2956 4708 τὴν
2975 4642 3305 4712 όρθοδοξίαν,
3335 4649 3429 4700 καὶ
3463 4649 3643 4711 καλῶς

2067 4717 2494 4788 ἐπιστρέφοντας
2545 4725 2636 4776 ἐπὶ
2667 4726 2763 4797 τὴν
2793 4729 3100 4799 εὐσέϐειαν,
3134 4713 3502 4804 ἇναποδιστὰς
3545 4742 3642 4794 καὶ

2067 4810 2302 4877 φαύλους
2331 4813 2716 4872 ἀποκαλοῦσιν.

2345 4903 2590 4972 Τιςκ-
2622 4911 2852 4985 ΠΙΕΡΙῼ
2891 4917 3360 4993 ΣΥΓΚΛΗΤΙΚῼ.

2145 4991 2202 5042 ’0
2249 4992 2762 5066 φιλανθρωπότατος
2810 5005 3001 5079 Σωτὴρ
3038 4995 3144 5064 τῶν
3195 5012 3332 5066 ὅλων
3384 5016 3636 5086 Χριστὸς.

2058 5081 2119 5134 τό
2133 5099 2195 5149 γε
2224 5079 2358 5154 ἧκον
2395 5089 2474 5150 εἰς
2502 5089 2686 5154 αὐτὸν,
2720 5097 2930 5160 πάντας
2959 5100 3283 5172 ἀνθρώπους
3307 5108 3640 5176 παρεγένετο

2062 5172 2252 5226 σῶσαι.
2285 5176 2392 5228 Καὶ
2418 5177 2710 5252 βλέπομεν,
2733 5187 2829 5241 ὅτι.
2853 5189 2913 5240 ού
2959 5191 3158 5256 πάντες
3189 5196 3416 5261 ἑαυτοὺς
3467 5201 3637 5252 ἐπιδι-

2057 5263 2205 5317 δόασι
2237 5270 2299 5336 τῇ
2332 5272 2575 5342 σωτηρία
2623 5276 2853 5330 ἑαυτῶν.
2886 5280 3076 5334 Τοίνυν
3130 5287 3512 5358 καταγνῶμεν,
3544 5291 3638 5341 καὶ

2057 5358 2287 5421 ἑαυτοὺς
2304 5361 2680 5436 ταλανίζωμεν
2703 5369 2802 5438 τῆς
2826 5369 3102 5442 ἀμελείας,
3122 5379 3214 5430 καὶ
3243 5383 3342 5450 τῆς
3367 5399 3642 5454 κακοφρο-

2059 5445 2246 5515 σύνης,
2293 5450 2386 5502 καὶ
2415 5451 2489 5523 μὴ
2522 5453 2597 5524 τῷ
2631 5456 2820 5530 ἀγαοῷ
2855 5463 3102 5536 Δεσπότῃ
3126 5468 3424 5539 ἐπάγωμεν
3445 5472 3513 5524 τὰ
3541 5473 3642 5540 ἐγ-

2061 5534 2159 5604 κλή
2172 5553 2313 5603 ματα
2323 5580 2335 5592 .

979 5693 1022 5724 ⁸³
1098 5695 1268 5753 Exod.
1309 5717 1477 5769 χχχιι,
1523 5704 1748 5771 passim.
1825 5703 1990 5762 "Job
2026 5724 2099 5776 ix,
2127 5710 2210 5764 l7.
