4012 6196
349 307 452 372 197

455 485 462 490 ,
667 422 809 474 την.
831 451 898 459 -
927 421 1268 492 ΛΘΑΝΑΣΙῼ
1297 424 1574 494 ΕΚΔΙΚῼ.
1647 448 1652 452 -

421 515 645 582 ὐμοιος
695 513 958 582 ὑπάρχεις
1015 511 1089 581 τῷ
1127 511 1356 579 λέγοντι,
1393 514 1474 565 ὃτι
1515 513 1743 566 ἾΙθελον
1803 515 1929 567 ἰδεῖν

341 602 586 672 ὄμϐρους
616 601 992 670 μεθύσκοντας
1043 601 1140 671 τὴν
1179 603 1281 670 γῆν
1341 603 1575 669 ἃπασαν,
1614 605 1836 674 ριγῆσαι
1873 605 1930 658 δὲ

341 695 405 747 οὗ
436 693 593 746 θέλω.
629 693 736 745 Καὶ
775 691 894 754 πῶς
927 693 1164 763 ἐγχωρεῖ
1191 693 1312 764 δίχα
1345 693 1582 764 ψυχρίας
1621 695 1927 750 ἀπολαῦσαι

339 788 453 838 τῶν
481 768 724 856 ὄμϐρων;
763 783 890 846 Πῶς
919 780 1014 837 οὖν
1043 783 1271 851 φάσκεις
1304 785 1612 853 ὀρέγεσθαι,
1658 789 1748 840 καὶ
1777 787 1928 858 εὔχε-

343 875 471 928 σθαι
495 873 874 943 πνευματικῆς
901 890 1047 937 τινος
1080 873 1377 943 ἀξιωθῆναι
1405 874 1628 944 χάριτος
1667 877 1799 930 ἄνευ
1833 878 1928 929 πός

342 985 458 1026 νου,
479 966 575 1018 καὶ
603 964 867 1033 θλίψεως
899 966 993 1016 Δεῖ
1013 965 1120 1036 γάρ
1145 968 1322 1018 πάντα
1350 969 1440 1019 τὸν
1471 967 1789 1037 βουλόμενον
1815 969 1925 1021 εἴτε

343 1055 550 1121 λαῐκόν,
584 1057 696 1109 εἴτε
731 1056 987 1126 μοναχὸν,
1018 1057 1274 1127 οὐρανίου
1309 1059 1451 1121 τινὸς
1499 1060 1779 1128 ἐπιτυχεῖν
1825 1061 1926 1112 δω-

345 1151 498 1220 ρεᾶς,
551 1150 843 1218 ὑπομεῖναι
892 1148 1102 1218 θλίψεις
1146 1148 1369 1212 πολλάς,
1407 1151 1502 1203 καὶ
1557 1153 1920 1222 πειρασμοὺς,

341 1241 436 1292 καὶ
464 1239 664 1303 λύπας,
705 1240 851 1308 ἅπερ
879 1239 1058 1292 πάντα
1086 1239 1274 1310 ἐπέχει
1314 1240 1471 1309 λόγον
1501 1243 1765 1313 χειμῶνος
1791 1260 1923 1311 σφο-

337 1330 491 1400 δροῦ,
530 1326 631 1384 εἷθ’
656 1329 830 1394 οὕτως
853 1331 1169 1402 ἀμήσασθαι
1200 1333 1327 1395 τοὺς
1363 1334 1611 1406 καρποὺς
1640 1335 1732 1388 τοῦ
1769 1336 1920 1404 ἁγίου

341 1423 452 1474 ιΙνε
499 1439 663 1492 ματος

854 1517 1006 1572 ΤΙΗ’.
1026 1547 1094 1555 -
1120 1517 1202 1581 Τῷ
1226 1516 1404 1581 αὐτῷ.

427 1627 446 1657 ι
481 1607 588 1660 Καὶ
639 1605 895 1670 ἐκάθισας
946 1607 1131 1670 αὐτοῖς
1173 1607 1363 1680 ὥσπερ
1408 1609 1646 1680 κορώνη,
1683 1627 1700 1660 ι
1735 1609 1919 1678 ἔλεγεν

345 1700 376 1750 ὁ
411 1698 689 1768 προφήτης
717 1714 731 1728 ·
771 1700 1040 1767 τουτέστι,
1079 1699 1246 1754 πολὺν
1285 1701 1476 1771 χρόνον
1531 1701 1920 1773 ἐπιλαθόμενος

1579 310 1933 371 EPISTULA
1943 313 2110 374 RUM
2150 317 2294 376 LIB.
2337 321 2386 377 Ι.

1956 433 2002 488 Δ

3494 329 3593 391 198

2172 429 2470 486 CCCXVII.
2501 465 2564 472 —
2602 434 2996 494 ATIIANASIO
3044 439 3448 497 [)EFENSURI.

2102 518 2562 579 Iiaud‘dissimilis
2584 542 2643 581 es
2671 529 2938 595 poscenti,
2961 533 3156 587 Videre
3179 533 3365 587 vellem
3390 536 3601 603 pluvias

2033 618 2232 664 terram
2267 614 2579 669 universam
2611 617 2970 682 inebriantcs,
3005 621 3098 674 sed
3139 624 3264 675 nolo
3298 625 3501 692 frigore
3529 628 3604 679 rio

2029 718 2270 773 gescere.
2325 704 2716 762 Verumtamen
2766 711 3042 777 quomodo
3111 715 3223 767 fieri
3278 726 3491 782 potest,
3545 727 3603 770 ut

2029 795 2238 862 absque
2290 795 2493 866 frigore
2536 799 2748 866 pluvias
2795 800 3083 855 obtinens?
3131 805 3418 868 Quomodo
3472 824 3604 878 ergo

2029 888 2261 956 appetis,
2296 903 2604 958 exorasque
2659 891 2753 944 tibi
2801 893 3143 960 spiritualem
3199 897 3436 964 aliquam
3481 915 3604 969 gra-

2027 976 2156 1030 tiam
2190 977 2310 1032 sine
2342 978 2531 1033 dolore
2557 987 2610 1032 ct
2641 979 2972 1034 atllictione?
3011 979 3160 1050 Opus
3209 991 3294 1037 est
3335 988 3600 1057 eum,qui

2027 1064 2163 1126 vult,
2199 1064 2312 1118 sive
2343 1064 2508 1119 homo
2539 1081 2568 1120 e
2591 1067 2773 1135 vulgo,
2801 1068 2918 1122 sive
2952 1071 3256 1126 monachus
3287 1073 3380 1138 sit,
3406 1090 3603 1130 munus

2025 1153 2302 1222 quidpiam
2351 1157 2573 1210 caeleste
2622 1158 2892 1225 obtinere,
2933 1161 3134 1216 multas
3185 1163 3421 1218 sufferre
3462 1164 3604 1218 θεαί-

2025 1245 2257 1306 ctiones,
2307 1255 2359 1299 et
2417 1249 2772 1313 tentationes,
2825 1259 2877 1304 et
2908 1253 3216 1321 angustias,
3265 1270 3385 1325 qua:
3417 1256 3602 1310 omnia

2024 1336 2373 1391 validissimae
2402 1337 2598 1394 hiemis
2648 1341 2916 1394 rationem
2951 1358 3058 1412 prae
3089 1358 3151 1399 se
3185 1345 3389 1411 ferunt,
3425 1355 3478 1399 et
3520 1347 3600 1402 sic

2023 1427 2369 1496 postmodum
2405 1427 2646 1498 Spiritus
2677 1433 2854 1485 sancti
2891 1431 3100 1491 fructus
3143 1434 3443 1491 demetere.

2481 1519 2800 1575 CCCXVIII.
2828 1553 2896 1563 -—
2931 1522 3144 1582 Eidem.

2098 1625 2116 1658 ‹
2148 1606 2211 1660 Ει
2241 1608 2431 1664 sedisti
2467 1610 2574 1665 illis
2611 1621 2866 1680 tanquam
2891 1611 3206 1670 cornix9'u
3239 1614 3455 1670 dicebat
3481 1634 3602 1687 pro-

2021 1697 2183 1768 pheta
2217 1718 2230 1754 :
2263 1700 2364 1754 hoc
2397 1701 2553 1770 117
2583 1711 2687 1766 est,
2724 1705 3069 1772 permultum
3099 1713 3317 1776 tempus
3347 1706 3443 1762 Dei
3467 1709 3603 1763 obli-

346 1788 443 1842 τοῦ
479 1789 634 1852 Θεοῦ,
669 1791 1079 1861 προσδιέτριϐες
1103 1791 1404 1860 φιλοπόνως
1428 1795 1548 1856 ταῖς
1602 1793 1917 1864 ἁμαρτίαις,

2029 1765 2114 1843 tus
2141 1789 2302 1842 anxie
2335 1765 2590 1845 nimbi—in
2625 1765 3028 1862 iniquitatibus,
3065 1803 3118 1850 et
3149 1765 3245 1864 per
3284 1798 3601 1866 iniquitates

345 1877 438 1928 καὶ
469 1876 554 1928 διὰ
587 1877 696 1928 τῶν
747 1880 1107 1948 πταισμάτων
1134 1883 1246 1942 τοῖς
1289 1881 1619 1951 ἀκαθάρτοις
1645 1883 1918 1952 δαίμοσιν.

354 1968 411 2020 ΊΙ
462 1969 572 2039 γάρ
611 1967 823 2038 κορώνη
859 1968 1028 2021 πολλὰ
1065 1969 1159 2040 ἔτη
1198 1971 1286 2042 ζῇ,
1323 1972 1416 2025 καὶ
1444 1972 1755 2042 φιλότεκνός
1781 1976 1915 2028 ἐστι.

337 2061 488 2113 Πάνυ
511 2061 689 2113 τοίνυν
715 2061 807 2113 καὶ
839 2063 946 2123 πᾶς
965 2063 992 2113 ὁ
1023 2061 1328 2130 φιλήδονος,
1359 2065 1452 2116 καὶ
1480 2064 1812 2135 φιλόκοσμος
1839 2083 1921 2134 φι-

337 2154 421 2204 λεῖ
445 2152 538 2205 καὶ
574 2154 793 2224 στέργει
818 2157 884 2209 τά
921 2155 1090 2208 τέκνα
1110 2154 1296 2222 αὐτοῦ,
1320 2157 1566 2210 τουτέστι
1587 2158 1654 2210 τά
1679 2157 1916 2228 ὀλέθρια,

339 2248 434 2298 καὶ
471 2246 700 2317 βδελυρά
729 2247 1050 2318 πράγματα.

730 2337 876 2392 ΤΙΘ’.
895 2368 963 2377 —
994 2339 1210 2408 ΗΡΙΜῼ
1239 2339 1530 2393 KOMHTI.

409 2426 527 2495 Τῆς
559 2425 900 2498 λεγομένης,
942 2429 1000 2480 ού
1063 2428 1168 2499 μὴν
1223 2427 1392 2498 οὔσης
1448 2429 1764 2499 ἀνεφίκτου,
1826 2432 1921 2484 καὶ

339 2516 652 2586 ὑπερφυοῦς
707 2519 976 2587 καθέδρας
1035 2517 1142 2569 τῶν
1204 2518 1458 2588 ἐπάρχων
1512 2520 1798 2590 ἐπιθυμεῖν
1860 2537 1919 2572 σε

343 2609 620 2679 μανθάνω.
677 2610 918 2664 Γίνωσκε
956 2606 1071 2676 οὖν,
1129 2609 1481 2682 λαμπρότατε
1519 2612 1795 2682 ἄνθρωπε,
1840 2613 1922 2666 ὅτι

343 2703 518 2773 μικρὰ
554 2704 674 2773 μὲν,
710 2704 805 2755 καὶ
844 2702 1067 2773 εὐτελής
1105 2704 1245 2766 ἐστι,
1281 2704 1378 2756 καὶ
1412 2703 1792 2774 ὀλιγοήμερος,
1827 2705 1923 2757 καὶ

339 2796 451 2848 τῶν
478 2796 681 2866 ήρινῶν
698 2796 906 2848 ἀνθέων
931 2797 1080 2849 οὐδὲν
1106 2797 1460 2867 διαφέρουσα,
1484 2798 1516 2866 ἡ
1541 2798 1688 2868 παρὰ
1711 2797 1922 2867 ἀνθρώ-

342 2905 462 2940 πων
511 2905 593 2940 σοι
628 2889 1046 2959 προσφερομένη
1096 2887 1410 2959 γελοιὼδης,
1447 2891 1542 2942 καὶ
1590 2890 1922 2962 χλευαστικὴ
1977 2935 1985 2946 .

341 2979 490 3041 δόξα,
531 2979 742 3050 μεγάλη
815 2981 871 3034 δὲ
924 2983 1017 3033 καὶ
1069 2981 1235 3052 πολλὴ
1280 2983 1598 3052 τυγχάνειή
1635 2982 1923 3054 ἐσύστερον

342 3069 597 3142 αἰσχύνη.
633 3069 692 3124 Εἰ
725 3072 905 3125 τοίνυν
940 3072 1015 3143 μὴ
1047 3072 1234 3142 βούλει
1263 3073 1635 3143 αἰσχυνθῆναι,
1668 3073 1742 3144 μὴ
1796 3074 1921 3145 βού-

341 3163 436 3214 λου
468 3160 792 3232 ὼξασθῆναι
812 3163 912 3235 τὴν
933 3163 1220 3229 ἔκπλυτον,
1255 3165 1350 3218 καὶ
1377 3163 1580 3235 ῥαδίως
1609 3164 1925 3234 ἐξαφανιξο-

346 3253 520 3324 μένην
552 3254 646 3306 καὶ
675 3255 1005 3324 μειουμένην
1029 3253 1207 3320 δόξαν.

771 3345 902 3397 Τιςν.
934 3373 1001 3382 -
1030 3346 1503 3415 ΦΙΡΜΙΛΛΙΑΝῼ.

422 3459 441 3491 ι
486 3439 632 3492 ’Λντὶ
677 3437 785 3492 τῶν
815 3438 1068 3507 πατέρων
1097 3437 1469 3508 ἐγεννήθησαν
1505 3441 1553 3491 oi
1602 3439 1708 3492 υἱοί
1743 3456 1860 3498 σου,
1903 3460 1920 3491 ι

345 3533 409 3584 Οἱ
463 3531 572 3602 γάρ
609 3531 669 3583 ἐν
695 3530 773 3600 τῷ
803 3527 1082 3598 Μωσαῖκῷ
1108 3529 1257 3599 νόμῳ
1287 3528 1707 3598 λελατρευκότες
1735 3529 1926 3600 πρώην

345 3623 484 3692 Θεῷ,
523 3623 620 3676 καὶ
665 3621 1115 3692 εὺηρεστηκότες,
1170 3621 1413 3690 δεύτεροι
1447 3620 1555 3672 τῶν
1613 3620 1926 3674 ἀποστόλων

345 3714 666 3782 ἐδείχθησαν
717 3713 859 3764 κατὰ
905 3712 1004 3781 τὴν
1052 3712 1420 3780 Ἐκκλησίαν·
1477 3713 1526 3764 οί
1577 3711 1686 3784 υίοὶ.
1732 3711 1840 3783 γὰρ
1877 3715 1924 3765 οἱ

345 3804 634 3858 ἀπόστολοι
668 3800 812 3875 ἦσαν
842 3804 940 3872 τῆς
967 3804 1074 3856 τῶν
1118 3802 1385 3874 Ἐϐραίων
1417 3802 1774 3872 συναγωγῆς·
1808 3803 1924 3855 ἀλλ’

345 3896 536 3967 ἐπειδὴ
575 3895 948 3966 κατηξίωνται-
972 3895 1050 3965 τῷ
1071 3895 1294 3964 Χριστῴ
1329 3893 1691 3965 μαθητεῦσαι,
1720 3894 1814 3947 καὶ
1838 3893 1924 3946 διὰ

343 3989 568 4042 πάντων
599 3987 940 4058 μιμήσασθαι
965 3987 1056 4040 τὸν
1082 3985 1432 4050 Διδάσκαλον,
1456 3986 1602 4048 υἱοὺς
1631 3984 1923 4048 ἀπέδειξαν

345 4079 554 4134 ἑαυτῶν
606 4083 671 4150 τῇ
727 4079 987 4150 πολιτεία,
1046 4080 1138 4132 καὶ
1190 4079 1268 4148 τῷ
1323 4076 1613 4148 ἀξιώματι,
1673 4076 1799 4140 τοὺς
1843 4079 1923 4129 οἰ-

347 4173 532 4233 κείους
583 4171 824 4242 πατέρας
873 4173 999 4233 τοὺς
1047 4171 1106 4222 ἐν
1158 4169 1235 4240 τῷ
1279 4170 1428 4239 νόμῳ
1473 4168 1641 4223 πάλαι
1698 4167 1923 4222 δικαιω-

352 4260 567 4321 θέντας.

841 4354 1016 4406 TKA'.
1037 4382 1106 4390 -—
1129 4351 1212 4417 Τῴ
1246 4349 1427 4416 αὐτῷ.

2023 1878 2369 1935 dremonibus
2395 1881 2691 1936 immundis
2720 1883 3126 1939 itnmorabaris.
3158 1885 3362 1939 Cornix
3397 1887 3599 1941 etenim

2023 1969 2080 2023 in
2115 1972 2314 2025 multos
2348 1987 2522 2027 annos
2549 1974 2713 2026 vitam
2767 1974 3057 2043 protrahit,
3103 1985 3156 2028 et
3190 1975 3488 2030 liberorum
3518 1987 3603 2033 est

2023 2074 2235 2114 amans.
2272 2058 2464 2114 Omnis
2507 2061 2692 2130 itaque
2717 2064 3099 2132 voluptuarius
3127 2071 3180 2117 et
3209 2065 3412 2118 mundo
3445 2065 3602 2120 dedi-

2023 2159 2112 2206 tus
2142 2153 2367 2206 nimium
2401 2161 2548 2206 amat
2587 2163 2641 2207 et
2675 2153 2853 2224 diligit
2899 2154 3152 2224 proprios
3195 2155 3357 2222 filios,
3406 2158 3601 2215 noxias

2023 2254 2221 2309 nempe
2249 2255 2336 2295 res
2363 2248 2528 2309 atque
2565 2242 2956 2296 exsecrandas.

2317 2329 2597 2386 CCCXIX.
2629 2362 2698 2373 —
2730 2333 2992 2389 IIERIMO
3043 2333 3297 2390 COMITI.

2094 2423 2226 2488 Qua:
2268 2423 2493 2490 dicitur,
2528 2440 2630 2479 nec
2660 2436 2839 2479 tamen
2891 2433 2996 2490 est,
3044 2427 3388 2482 inaccessam
3433 2437 3600 2499 atque

2021 2515 2292 2586 insignem
2339 2515 2634 2586 praesidum
2669 2519 2966 2586 provincia:
3007 2519 3324 2574 cathedram
3359 2520 3516 2576 avide
3546 2530 3602 2576 te

2023 2617 2311 2676 perOptare
2333 2608 2515 2662 audio.
2545 2608 2699 2663 Scias
2723 2610 2928 2678 itaque,
2950 2611 3034 2663 vir
3056 2611 3452 2678 illustrissime,
3480 2630 3601 2682 qua:

2023 2698 2121 2752 tibi
2153 2699 2221 2752 ab
2254 2698 2568 2754 hominibus
2620 2700 2854 2754 ridicula
2893 2709 2948 2753 et
3009 2702 3278 2768 dedecore
3335 2684 3599 2774 Oppressa

2023 2789 2196 2860 gloria
2217 2788 2484 2854 defertur,
2511 2805 2734 2859 parvam
2765 2797 2815 2842 et
2848 2791 3031 2854 vilem,
3067 2800 3121 2844 et
3153 2807 3450 2860 paucorum
3487 2793 3603 2848 dic-

2024 2894 2143 2932 rum
2168 2894 2311 2941 esse,
2343 2887 2396 2932 et
2424 2894 2452 2931 a
2483 2879 2668 2934 vernis
2699 2878 2928 2934 ﬂoribus
2954 2879 3094 2932 nihil
3121 2879 3376 2947 dilferre;
3411 2883 3602 2952 ingen-

2026 2977 2132 3024 tem
2170 2985 2320 3034 vero,
2362 2970 2700 3038 multamque
2733 2984 2855 3038 qua:
2897 2969 3275 3039 subsequitur,
3324 2970 3600 3025 deforma-

2027 3062 2252 3115 tionem.
2291 3063 2480 3130 Itaque
2519 3062 2701 3116 sinon
2729 3061 2812 3115 vis
2849 3060 3072 3129 probra,
3115 3059 3339 3129 despice
3370 3062 3601 3131 gloriam

2027 3155 2194 3216 illam,
2230 3169 2352 3223 qua:
2380 3153 2542 3208 facile
2578 3153 2863 3218 dilabitur,
2894 3151 3166 3205 amittitur
3208 3160 3374 3222 atque
3418 3153 3603 3206 immi-

2027 3247 2234 3302 nuitur.

2379 3334 2631 3392 CCCXX.
2681 3365 2747 3376 —
2778 3332 3247 3389 FIRMILLIANO.

2103 3449 2120 3481 ι
2156 3429 2263 3483 Pro
2309 3428 2562 3498 patribus
2613 3427 2724 3481 tuis
2769 3427 2882 3480 nati
2921 3437 3050 3480 sunt
3078 3426 3175 3479 tibi
3211 3425 3307 3478 filii
3332 3427 3399 3479 ³⁸.
3434 3443 3453 3478 ι
3501 3426 3604 3492 Qui

2027 3521 2172 3576 enim
2219 3522 2272 3574 in
2318 3521 2432 3588 lege
2473 3517 2710 3573 Mosaica
2747 3517 2858 3572 Deo
2896 3519 3104 3572 cultum
3140 3518 3409 3588 principio
3442 3519 3602 3572 exhi-

2027 3612 2284 3676 buerunt,
2317 3612 2505 3679 illique
2553 3611 2915 3680 placuerunt,
2955 3609 3255 3665 secundum
3299 3621 3419 3676 post
3471 3625 3606 3678 apo—

2029 3703 2200 3758 stolos
2252 3705 2304 3756 in
2357 3702 2598 3757 Ecclesia
2652 3702 2831 3754 locum
2889 3700 3244 3753 obtinuerunt
3281 3718 3293 3752 :
3330 3698 3422 3751 lilii
3459 3702 3604 3752 enim

2029 3793 2258 3863 apostoli
2317 3802 2473 3848 erant
2526 3790 2879 3844 Hebraeorum
2941 3787 3275 3858 Synagogaa;
3327 3785 3424 3840 sed
3479 3800 3602 3838 cum

2029 3893 2214 3954 postea
2241 3885 2388 3953 digni
2435 3883 2609 3936 habiti
2666 3891 2815 3944 sunt,
2867 3889 2926 3932 ut
2971 3880 3176 3934 Christi
3219 3879 3472 3948 discipuli
3511 3879 3605 3932 [ie-

2026 3981 2170 4038 rent,
2219 3982 2274 4027 et
2321 3990 2414 4043 per
2465 3974 2648 4026 omnia
2707 3971 3028 4039 Magistrum
3066 3969 3436 4033 imitarentur,
3480 3969 3605 4021 vitae

2027 4067 2278 4121 instituto
2310 4074 2364 4119 et
2411 4063 2678 4134 dignitate
2718 4061 2974 4131 proprios
3017 4067 3226 4130 patres,
3263 4062 3357 4128 qui
3399 4059 3453 4111 in
3487 4057 3606 4126 lege

2021 4156 2132 4225 jam
2165 4156 2293 4209 olim
2315 4153 2602 4224 justiﬁcati
2647 4151 2888 4215 fuerant,
2929 4149 3072 4204 ﬁlios
3101 4164 3223 4205 esse
3256 4163 3388 4206 suos
3412 4156 3602 4203 osten-

2025 4245 2245 4300 derunt.

2423 4334 2584 4404 118
2609 4331 2886 4388 CCCXXI.
2919 4362 2989 4371 —
3018 4330 3230 4386 Eidem.

418 4445 636 4514 Δυνήσῃ
668 4446 762 4498 καὶ
799 4445 974 4509 ἄλλως
1001 4443 1062 4497 τὸ
1085 4445 1246 4515 ῥητὸν
1271 4443 1608 4509 ἐκδέξασθαι,
1627 4445 1700 4508 ὡς
1722 4444 1790 4497 τά
1818 4443 1923 4514 πρὸ

2098 4425 2311 4480 Poteris
2338 4425 2504 4478 etiam
2533 4424 2761 4486 dictum,
2795 4430 2848 4477 et
2879 4423 2932 4476 in
2967 4422 3128 4475 aliam
3159 4421 3487 4476 sententiam
3521 4437 3606 4473 re-

339 4536 528 4605 ολίγου
552 4538 744 4606 χρόνου
774 4535 1103 4607 ὁμιληθέντα
1133 4538 1286 4606 ἡμῖν.
1320 4556 1338 4588 ι
1373 4535 1521 4589 Ἀντῖ¹
1541 4535 1650 4590 τῶν
1672 4534 1924 4606 πατέρων

342 4646 441 4680 σου
501 4627 876 4697 ἐγεννήθησαν
929 4628 976 4680 οἱ
1027 4627 1130 4680 υἱοί
1193 4643 1284 4680 σου
1321 4643 1334 4658 ο
1376 4646 1394 4678 ι
1431 4628 1732 4692 τουτέστιν,
1788 4627 1925 4695 ὅπερ

342 4718 540 4788 πρώην
570 4720 660 4771 ἐπὶ
702 4718 808 4770 τῶν
842 4719 1092 4789 πατέρων
1149 4735 1240 4770 σου
1296 4718 1587 4778 πλεονάκις
1631 4717 1784 4786 παρὰ
1830 4717 1924 4770 τοῦ

337 4811 479 4863 Θεοῦ
536 4810 807 4880 ἐζήτησας
859 4811 1124 4879 χάρισμα,
1177 4809 1271 4861 καὶ
1310 4807 1572 4870 πολλάκις
1633 4806 1921 4876 ἁπέτυχες,

337 4917 440 4954 και
488 4902 899 4972 παρηκούσθης,
958 4901 1116 4953 τοῦτο
1175 4900 1260 4952 ἐπ’
1293 4901 1536 4968 ἐσχάτων
1593 4897 1688 4950 τοῦ
1739 4900 1924 4970 γήρως

339 5012 437 5047 σου
502 4992 646 5061 ὑπὲρ
695 4992 795 5062 τὴν
845 4991 1190 5044 παιδοποιίαν
1237 4989 1531 5058 δεξάμενος
1586 4988 1785 5060 τέρπῃ*
1833 4989 1927 5042 καὶ

336 5079 741 5150 κατευφραίνῃ·
772 5079 1062 5148 κρείσσονα
1084 5080 1213 5148 γὰρ,
1248 5077 1432 5148 φησὶν,
1469 5077 1600 5130 υἱῶν
1629 5077 1722 5130 καὶ
1761 5078 1928 5146 θυγα-

333 5170 520 5240 τέρων
547 5169 757 5238 δωρεάν
780 5171 807 5222 ὁ
839 5169 1043 5241 Κύριος
1069 5170 1232 5222 δώσει
1264 5186 1363 5221 σοι.

559 5258 736 5312 ΤΚΙῖ⁸
763 5289 835 5299 —
859 5256 1198 5313 ΣΩΚΡΑΤΕΙ
1242 5258 1711 5328 ΠΡΕΣΒΥΤΕΡῼ.

413 5351 495 5420 Τῇ
532 5352 710 5421 οἰκείᾳ
747 5353 774 5403 ὁ
831 5351 962 5414 Θεὸς
1001 5351 1297 5420 άγαθότητι
1335 5348 1403 5402 τὰ
1439 5348 1616 5402 πάντα
1652 5348 1927 5419 συστησά-

339 5459 533 5512 μενος,
579 5445 800 5512 προνοεῖ
833 5444 1066 5507 πάντων,
1115 5443 1214 5496 οὐκ
1253 5441 1332 5503 είς
1383 5441 1443 5494 τὸ
1483 5441 1601 5494 κατ’
1625 5439 1783 5503 ἀξίαν
1817 5439 1927 5492 τῶν

341 5537 439 5588 ὑπ’
473 5535 639 5587 αὑτοῦ
680 5537 1094 5606 προνοουμένων
1130 5534 1359 5602 βλέπων.
1391 5533 1505 5585 ἀλλ’
1533 5534 1612 5596 είς
1647 5531 1704 5584 τὸ
1735 5531 1925 5586 ἑαυτοῦ

417 5716 466 5746 εῖν
496 5711 608 5769 Jcr.
639 5715 799 5778 tn,2,
877 5715 920 5745 θ’
955 5712 1100 5767 Psal.
1142 5728 1287 5775 λων,
1319 5712 1401 5768 I7.

2025 4527 2280 4588 torquere
2307 4535 2318 4571 :
2350 4532 2473 4585 qua:
2516 4524 2641 4569 ante
2693 4529 2801 4567 non
2851 4513 3081 4566 multum
3133 4521 3350 4580 tempus
3385 4527 3412 4562 a
3445 4511 3605 4563 nobis

2024 4617 2351 4680 pertractata
2392 4617 2540 4661 sunt.
2590 4623 2607 4654 ς
2647 4605 2753 4657 Pro
2783 4603 3034 4672 patribus
3061 4601 3172 4655 tuis
3204 4601 3314 4653 nati
3349 4605 3477 4651 sunt
3505 4598 3604 4650 tibi

2027 4699 2118 4753 lilii
2153 4717 2165 4751 :
2204 4718 2222 4750 ι
2267 4695 2570 4767 quodquod
2627 4693 2838 4748 scilicet
2887 4691 3094 4762 pridem
3131 4699 3344 4758 patrum
3385 4696 3602 4738 tuorum

2024 4799 2271 4860 tempore
2299 4790 2498 4858 saepius
2532 4805 2562 4840 a
2600 4785 2712 4840 Deo
2745 4801 2946 4838 munus
2980 4780 3288 4852 postulasti,
3317 4786 3370 4831 et
3401 4777 3602 4848 saepius

2025 4901 2134 4941 non
2172 4881 2479 4942 obtinuisti,
2515 4895 2692 4947 neque
2736 4876 3024 4930 exauditus
3053 4890 3134 4937 es,
3167 4873 3270 4925 hoc
3305 4868 3461 4924 ασκεω
3489 4867 3604 4935 jam

2026 4984 2181 5031 relate
2225 4989 2389 5042 super
2438 4973 2575 5026 alios
2612 4971 2754 5023 filios
2801 4973 3135 5021 consecutus
3166 4963 3366 5018 lietaris
3390 4967 3442 5012 et
3470 4973 3605 5027 gau-

2027 5069 2124 5124 des
2156 5085 2169 5121 :
2204 5065 2398 5120 Melius
2430 5064 2598 5127 enim,
2634 5063 2728 5125 ait,
2760 5061 2888 5114 [iliis
2915 5067 2970 5113 et
3003 5057 3241 5119 filiabus,
3273 5065 3469 5106 munus
3498 5049 3605 5104 Do-

2031 5161 2211 5215 minus
2241 5159 2338 5212 tibi
2373 5158 2594 5210 tribuet.

2186 5251 2485 5308 CCCXXII.
2523 5278 2590 5287 —
2630 5245 2924 5302 SOCIiATI
2976 5235 3454 5296 PRESBYTERO.

2104 5344 2332 5416 Propria
2365 5342 2508 5396 Deus
2543 5341 2786 5394 bonitate
2824 5337 3148 5392 constitutis
3181 5330 3458 5394 omnibus,
3487 5343 3605 5381 om-

2035 5455 2184 5494 nium
2237 5451 2422 5490 curam
2473 5434 2632 5501 gerit,
2687 5445 2794 5483 non
2837 5427 3156 5498 dignitatem
3215 5436 3426 5482 eorum,
3463 5432 3605 5488 quos

2037 5532 2153 5603 ipse
2187 5528 2468 5600 prwvidct,
2500 5523 2825 5595 respiciens,
2859 5520 2952 5576 sed
2994 5516 3254 5585 suiipsius
3283 5512 3606 5570 electionem
