3968 6214
453 324 554 389 199

1937 304 1999 365 S.
2033 303 2196 362 NILI

3606 295 3721 356 2υο

439 441 497 486 et
525 427 904 496 cujuscunque
952 419 1080 474 boni
1113 417 1640 488 suppeditationem.
1671 415 2019 484 Quapmptcr
2048 462 2050 469 .

2161 411 2439 465 κλεκτικόν
2477 429 2535 464 τε
2575 412 2670 465 καὶ
2723 412 2924 474 παντὸς
2955 409 3163 478 ἀγαθοῦ
3218 408 3572 478 παρεκτικόν.
3619 414 3724 465 Διό

442 529 497 577 et
529 520 809 577 alimenta,
853 511 1234 566 misericordia
1288 520 1343 565 et
1389 507 1912 567 commiseratione,
1967 505 2021 557 in

439 629 567 668 eum
607 604 1028 676 respicientibus
1063 602 1308 657 exhibet.
1345 599 1413 654 Et
1455 600 1556 653 hoc
1597 597 1780 664 fuerit,
1815 594 1960 665 quod
1995 608 2024 647 a

444 699 736 758 Psalmodo
783 695 1096 751 concinitur
1133 714 1148 748 :
1207 711 1226 744 ι
1266 691 1585 747 Misericors
1633 696 1688 743 et
1732 689 2027 742 miseratur

445 795 736 856 Dominus,
767 806 950 846 escam
981 788 1072 842 dat
1106 787 1428 841 timentibus
1463 800 1522 838 se
1541 785 1609 837 ⁸⁷.
1645 801 1663 834 ι

674 881 993 938 CCCXXIII.
1023 909 1092 922 ——
1118 877 1423 934 CYRIACO
1470 872 1792 929 DlACONO.

516 977 617 1040 Ne.
647 985 706 1030 ut
733 978 922 1029 vesani
950 972 1132 1026 facere
1157 985 1406 1034 suevere,
1427 967 1702 1037 corporis,
1725 981 1846 1034 qum
1868 978 2031 1034 gene-

448 1070 715 1125 rationem
749 1071 1075 1136 propagant,
1102 1072 1287 1132 partes
1324 1060 1600 1124 abseidas,
1651 1057 1746 1112 sed
1804 1069 2032 1125 precare

447 1175 726 1229 exoraque
785 1157 1073 1210 Dominum
1115 1153 1376 1207 invisibili
1416 1150 1658 1220 potentia
1713 1147 2030 1201 interiorem

449 1253 726 1307 hominem
759 1249 991 1310 evirare,
1023 1261 1090 1299 ne
1117 1246 1256 1297 ultra
1299 1241 1590 1312 intelligas,
1625 1255 1804 1309 neque
1851 1247 2033 1291 mente

450 1343 700 1397 revolvas
734 1338 1039 1392 masculum
1079 1343 1132 1388 et
1163 1332 1445 1386 feminam.

812 1429 854 1497 1
867 1427 972 1496 19
1003 1423 1429 1486 CCCXXIVK—
1467 1421 1677 1476 Eidem.

523 1523 740 1578 Dictum
804 1521 1074 1590 Apostoli,
1142 1538 1160 1570 ι
1210 1515 1594 1572 Adhortamini
1649 1515 2034 1583 vosmetipsos,

455 1614 636 1668 donec
665 1610 826 1664 hodie
851 1608 1277 1678 cognominatur
1307 1607 1353 1635 ⁸⁸
1378 1623 1392 1670 ;
1430 1624 1448 1655 ι
1484 1611 1537 1658 et
1563 1602 1708 1673 quod
1739 1603 1792 1656 in
1819 1600 1940 1655 Jobi
1975 1601 2039 1653 li-

457 1708 557 1759 bro
585 1703 850 1771 scriptum
883 1709 1002 1754 est:
1043 1718 1060 1750 ι
1101 1697 1328 1751 Factum
1361 1704 1464 1758 est,
1516 1703 1576 1750 ιιι
1619 1695 1737 1750 dies
1767 1695 1882 1748 haec
1911 1694 1977 1756 ’9,
2013 1711 2030 1742 ι

459 1805 702 1859 praesens
734 1803 907 1842 :evum
939 1787 1260 1840 universum
1298 1785 1504 1838 indicat
1539 1799 1555 1837 :
1587 1801 1731 1838 unus
1761 1783 2037 1853 siquidem
2075 1768 2116 1822 Β

457 1885 575 1938 dies
608 1891 693 1936 est
729 1883 966 1934 humana
1005 1881 1114 1933 vita
1147 1879 1349 1932 omnis.
1385 1878 1666 1931 Continuo
1695 1877 1863 1939 enim,
1901 1890 2042 1929 sem-

457 1987 666 2042 perque
715 1970 951 2023 Satanas
1001 1971 1274 2038 exposcit.
1331 1966 1559 2021 Factum
1603 1969 1788 2034 itaque
1827 1975 1932 2029 est,
1985 1970 2043 2015 ut

459 2065 577 2117 dies
631 2063 782 2124 hare,
828 2062 932 2115 hoc
981 2070 1086 2121 est,
1143 2060 1250 2111 tale
1291 2058 1423 2127 quid
1473 2066 1603 2111 tunc
1641 2057 1758 2110 ﬁeri
1791 2055 2041 2124 contigit,

461 2156 623 2226 quale
677 2163 730 2208 ct
788 2152 996 2206 nostris
1051 2151 1200 2204 hisce
1268 2149 1611 2218 temporibus
1663 2163 2044 2218 satpenumcro

463 2245 721 2302 usuvenit
777 2245 867 2309 iis,
920 2242 1010 2312 qui
1067 2257 1097 2293 a
1154 2241 1374 2295 diabolo
1429 2249 1733 2295 tentantur.
1785 2239 1935 2292 Adeo
1989 2250 2046 2291 ut

464 2339 608 2392 haud
654 2345 805 2392 recte
860 2335 1024 2389 fuerit
1078 2342 1464 2398 contemnere;
1502 2334 1755 2402 quinimo
1786 2333 2046 2400 depreca-

462 2431 614 2483 tione
651 2438 704 2481 ct
757 2427 997 2496 Spiritus
1039 2426 1425 2479 consolatione
1467 2432 1709 2478 mentem
1743 2423 2043 2484 ﬁrmemus,

464 2537 532 2576 ne
564 2535 664 2574 nos
693 2517 1044 2573 adversarius
1079 2533 1172 2586 per
1199 2517 1644 2584 desperationem
1683 2513 1973 2584 obglutiat.

935 2608 1162 2664 CCCXX
1175 2607 1240 2662 ν.
1267 2640 1334 2649 --
1362 2607 1569 2661 Eidem.

535 2723 764 2777 Occulta
815 2738 982 2774 manu
1038 2721 1184 2774 Deus
1245 2720 1386 2772 bello
1460 2727 1619 2773 vexat
1668 2718 1890 2772 Amalec
1923 2756 1938 2778 ,
1993 2723 2052 2768 ut

465 2815 632 2866 refert
684 2811 895 2881 Moyses
927 2812 965 2862 ‘.
997 2809 1260 2863 Dominus
1317 2809 1465 2862 enim
1515 2820 1726 2874 noster,
1763 2807 2049 2860 oculorum

466 2903 736 2972 emtgiens
767 2902 1040 2962 obtutum,
1085 2915 1186 2968 pro
1223 2899 1384 2953 nobis
1414 2899 1693 2952 diabolqu
1725 2909 2002 2968 oppugnat
2033 2915 2046 2951 :

469 3014 569 3050 nos
614 3011 740 3048 vero
775 3005 992 3063 propter
1025 3008 1224 3045 nomen
1259 3007 1444 3054 sumn,
1476 2999 1530 3045 et
1567 2991 1847 3060 propriam
1882 2989 2052 3044 misc-

2129 504 2224 556 κα“ι
2263 503 2469 572 τροφὴν
2496 503 2630 574 ἐλέῳ
2657 503 2752 555 καὶ
2777 502 3048 574 οἰκτιρμῷ
3076 501 3264 554 δίδωσι
3301 503 3416 563 τοῖς
3443 502 3522 563 εἰς
3549 502 3719 555 αὐτὸν

2129 595 2546 650 ἀναϐλέπουσιν.
2583 597 2693 650 Καὶ
2716 597 2876 649 τοῦτο
2903 598 2969 650 ἂν
2998 599 3080 666 εἴη
3113 597 3174 650 τὸ
3203 597 3310 650 ὑπὸ
3339 596 3435 649 τοῦ
3476 597 3724 667 Ψαλμῳ-

2129 686 2219 740 δοῦ
2252 688 2568 758 λεγόμενον,
2597 691 2681 742 ὃτι
2719 710 2736 741 ι
2762 691 3063 760 Ἐλεὴμων,
3090 691 3185 744 καὶ¹
3214 692 3516 762 οἰκτίρμων
3547 696 3575 745 6
3606 692 3724 745 Κύ-

2136 799 2248 853 ριος
2279 781 2485 852 τροφὴν
2514 781 2698 834 δίδωσι
2721 785 2833 844 τοῖς
2867 783 3222 851 φοϐουμένοις
3254 785 3437 836 αὐτόν.
3467 804 3483 835 ι

2451 873 2540 923 TK
2553 874 2707 926 ι·ν.-
2726 873 3043 942 meum
3074 874 3397 943 ΔΙΑΚΟΝῼ.

2203 967 2296 1037 Μὴ
2325 965 2463 1020 κατά
2486 966 2612 1028 τοὺς
2636 965 2879 1036 ἄφρονας
2907 964 3097 1034 βούλου
3124 967 3378 1033 ἐκτεμεῖν
3399 964 3466 1016 τὰ
3496 965 3590 1016 τοῦ
3625 965 3727 1018 σώ-

2139 1073 2307 1126 ματος
2359 1055 2657 1125 γεννητικὰ
2708 1055 2893 1125 μόρια,
2928 1055 3043 1107 ἀλλ’
3070 1055 3252 1124 εὖχου,
3287 1055 3383 1107 καὶ
3414 1057 3730 1124 παρακάλει

2134 1149 2226 1201 τὸν
2257 1146 2458 1218 Κύριον
2495 1146 2712 1216 ἀοράτῳ
2736 1147 2965 1215 δυνάμει
2998 1148 3310 1215 εὐνουχίσαι
3348 1148 3441 1200 τὸν
3476 1148 3584 1199 ἔσω
3628 1149 3730 1202 ἆν-

2138 1239 2379 1310 ορωπον,
2433 1239 2518 1291 ἵνα
2559 1237 2770 1308 μηκέτι·
2800 1239 3009 1308 ὲννοῇς,
3051 1239 3184 1308 μηδὲ
3223 1238 3506 1310 διαλογίζῃ
3555 1239 3730 1310 ἄρσεν

2141 1331 2236 1384 καὶ
2264 1331 2420 1401 (θῆλυ.
2611 1377 2614 1380 .

2618 1421 2789 1473 ΤΚΔ’.
2835 1452 2903 1462 -
2941 1419 3024 1484 Τῷ
3059 1421 3238 1486 αὐτῷ.

2211 1513 2284 1565 Τὸ
2322 1513 2495 1566 εἰπεῖν
2526 1513 2615 1566 τὸν
2660 1513 3001 1566 ’Λπόστολοψ
3045 1533 3061 1564 ι
3093 1515 3468 1584 Παρακαλεῖτε
3499 1516 3732 1578 ἑαυτοὺς

2140 1606 2300 1676 ἄχρις
2329 1600 2388 1657 οὗ
2419 1605 2478 1658 τὸ
2509 1607 2752 1675 σήμερον
2814 1607 3083 1669 καλεῖται,
3127 1627 3143 1656 ι
3189 1609 3282 1659 καί
3331 1608 3391 1659 τὸ
3417 1609 3733 1679 γεγράφθαι

2143 1699 2290 1766 ὲντῇ
2324 1695 2492 1766 βίϐλῳ
2535 1696 2630 1749 τοῦ
2681 1696 2820 1749 Ἰώϐ·
2864 1716 2881 1747 ι
2931 1697 3179 1766 Ἐγένετο
3230 1699 3306 1762 δὲ,
3337 1698 3411 1760 ὡς
3453 1701 3485 1768 ἡ
3547 1700 3734 1769 ἡμέρα

2143 1786 2303 1858 αὕτη,
2352 1807 2371 1838 ι
2428 1788 2518 1840 τὸν
2556 1787 2800 1858 παρόντα
2860 1789 3031 1842 αἰῶνα
3063 1791 3181 1842 ὅλον
3239 1790 3407 1859 δηλοῖ·
3469 1792 3566 1860 μία
3621 1793 3737 1861 γάρ

2145 1877 2324 1949 ἡμέρα
2356 1879 2464 1940 πᾶς
2493 1879 2521 1930 6
2549 1877 2890 1948 ἀνθρώπινος
2922 1879 3053 1949 βίος.
3086 1880 3359 1949 Διηνεκῶς
3392 1882 3593 1946 τοίνυν,
3636 1883 3738 1935 καὶ

2145 1968 2232 2020 ἀεὶ
2264 1967 2556 2033 ὲξαιτεῖται
2584 1971 2612 2020 6
2633 1971 2896 2030 Σατανὲἰς.
2938 1969 3184 2036 Ἐγένετο
3213 1967 3328 2032 οὖν,
3361 1972 3545 2040 φησὶν,
3581 1972 3656 2035 ὡς
3697 1974 3736 2042 ἡ

2147 2060 2328 2129 ἡμέρα
2361 2058 2521 2128 αὕτη,
2553 2062 2820 2124 τουτέστι,
2853 2061 3092 2114 τοιοῦτόν
3119 2079 3172 2113 τι
3203 2062 3322 2114 τότε
3348 2063 3547 2132 συνέϐη
3579 2064 3740 2132 γενέ-

2150 2155 2292 2215 σθαι,
2317 2148 2427 2206 οἷον
2455 2153 2548 2205 καὶ
2584 2153 2669 2220 ἐφ’
2704 2153 2859 2223 ἡμῶν
2890 2152 2983 2205 νῦν
3014 2153 3271 2216 πολλάκις
3301 2153 3586 2222 συμϐαίνει
3622 2159 3742 2219 τοῖς

2149 2244 2254 2296 ὑπὸ
2296 2245 2390 2296 τοῦ
2426 2244 2671 2296 διαϐόλου
2711 2243 3147 2313 πειραζομένοις.
3171 2246 3334 2298 Ὥστε
3380 2242 3472 2298 οὖν
3515 2246 3588 2317 μὴ
3625 2247 3743 2299 ὀλι-

2149 2337 2348 2400 γωρεῖν
2393 2333 2576 2398 καλὸν,
2602 2337 2668 2404 τῇ
2707 2334 3044 2406 παρακλήσει
3091 2335 3166 2400 δὲ,
3196 2336 3289 2389 καὶ
3321 2339 3386 2406 τῇ
3421 2337 3746 2408 παρηγορίᾳ

2148 2425 2244 2476 τοῦ
2275 2427 2590 2495 Πνεύματος
2631 2427 2888 2497 ρωννύειν
2916 2428 2977 2480 τὸ
3014 2429 3292 2498 φρόνημα,
3335 2430 3420 2482 ἵνα
3453 2433 3529 2499 μὴ
3562 2449 3738 2484 κατα-

2154 2519 2251 2589 πίῃ
2279 2521 2306 2570 6
2355 2519 2545 2589 ἐχθρὸς
2575 2522 2713 2588 ἡμᾶς
2737 2518 2824 2570 διὰ
2855 2520 2953 2589 τῆς
2993 2519 3376 2586 ἀπογνώσεως.

2644 2611 2820 2663 TKE'.
2849 2640 2919 2648 —
2948 2609 3030 2675 Τῷ
3058 2609 3237 2675 αὐτῷ.

2225 2700 2449 2770 Κρυςία
2513 2703 2657 2770 χειρὶ
2702 2702 2729 2753 6
2777 2701 2909 2764 Θεὸς
2941 2702 3170 2771 πολεμεῖ
3197 2702 3285 2754 τὸν
3334 2702 3601 2772 Ἀμαλὴκ,
3662 2704 3743 2766 ὡς

2151 2791 2297 2859 λέγει
2319 2795 2346 2843 6
2365 2793 2625 2861 Μωῦσῆς.
2645 2792 2702 2843 Ὀ
2722 2793 2830 2862 γὰρ
2853 2784 3128 2861 Δεσπότης
3147 2794 3305 2863 ἡμῶν
3329 2795 3572 2865 ἀοράτως
3599 2795 3749 2859 ὑπὲρ

2153 2883 2308 2954 ἡμῶν
2345 2883 2614 2952 ἀμύνεται
2640 2884 2730 2938 τὸν
2755 2884 3026 2937 διάϐολονο
3055 2887 3202 2954 ἡμᾶς
3221 2885 3277 2938 δὲ
3303 2886 3463 2956 χάριν
3493 2885 3585 2937 τοῦ
3617 2885 3738 2937 ὁνά-

2157 2991 2327 3046 ματος
2369 2975 2556 3037 αὐτοῦ,
2607 2977 2703 3028 καὶ
2734 2976 2827 3028 τοῦ
2858 2975 3060 3028 οἰκείου
3097 2975 3280 3038 ἐλέους
3313 2979 3608 3048 εὐεργετεῖ,
3649 2977 3754 3030 καὶ

469 3089 765 3144 ricordiam
801 3087 1079 3140 beneﬁciis
1118 3084 1302 3150 allicit,
1333 3083 1498 3148 fovet,
1525 3083 1777 3144 aediﬁcat,
1808 3082 2050 3144 ordinat.

2161 3065 2376 3130 θάλπει,
2421 3066 2514 3118 καὶ
2551 3065 2845 3135 οἰκοδομεῖ,
2886 3065 2980 3118 καὶ
3010 3065 3353 3131 καταρτίζει,
3381 3066 3748 3135 περιφράττει

469 3183 623 3237 intus
679 3189 945 3248 extraque
1010 3177 1392 3246 circnmsepit,
1450 3175 1696 3230 custodit
1759 3182 1814 3228 et
1873 3184 2050 3228 servat

471 3273 864 3332 misericordiaa
897 3287 960 3324 ac
990 3269 1358 3324 humanitatis
1385 3283 1578 3322 amans
1609 3267 1895 3320 Dominus.

707 3362 1029 3420 CCCXXV].
1053 3392 1122 3402 —
1150 3359 1528 3414 TllEODOTO
1565 3357 1827 3411 COMITI.

546 3459 722 3511 Divini
777 3457 952 3525 angeli
1006 3454 1297 3506 Dominum
1352 3467 1511 3506 suum
1566 3447 1831 3504 imitando
1861 3464 2055 3502 conse-

473 3559 714 3612 ctantur,
775 3548 1009 3616 ideoque
1062 3547 1300 3615 diligunt
1367 3543 1760 3596 humilitatem.
1824 3539 2058 3606 Quando

475 3644 659 3711 itaque
678 3640 982 3694 monachus
1001 3639 1124 3691 vita:
1143 3652 1255 3690 sum
1276 3651 1338 3690 ac
1358 3633 1596 3689 instituti
1621 3633 1956 3688 sublimitate
1973 3631 2059 3683 in-

477 3737 782 3799 solescens,
851 3730 1166 3800 superbiam
1244 3726 1614 3796 amplectitur,
1698 3740 1822 3778 cum
1886 3737 2060 3792 eaque

475 3827 616 3881 adeo
653 3827 792 3878 ﬁxus
823 3831 928 3884 est,
968 3830 1024 3876 ut
1056 3821 1214 3874 avelli
1261 3835 1371 3873 non
1417 3818 1616 3889 possit,
1647 3816 1824 3887 angeli
1869 3829 2060 3884 super-

473 3917 709 3971 bientem
771 3913 930 3982 120
977 3911 1129 3964 illum
1179 3910 1466 3973 deserunt,
1518 3909 1793 3978 longeque
1842 3921 1900 3959 se
1953 3905 2061 3958 alio

477 4007 791 4067 conferunt,
837 4010 1130 4057 renuentes
1183 4011 1388 4071 tegere,
1435 4000 1635 4054 auxilia
1688 3999 1852 4063 ferre,
1885 4009 2063 4051 custo-

477 4099 595 4152 dire
635 4106 688 4152 et
741 4110 1109 4165 propugnare,
1163 4103 1312 4146 utet
1365 4099 1546 4145 antea.
1603 4089 1914 4158 Statimque
1959 4087 2063 4140 ini-

477 4187 731 4258 quissimi
771 4187 1047 4238 (Ιαιιιιοιιρε
1087 4184 1465 4244 advenientes,
1521 4189 1576 4235 et
1625 4183 1781 4236 beata
1832 4182 1923 4235 illa
1962 4195 2064 4233 eu-

480 4277 660 4330 stodia
713 4275 1006 4342 spoliatum
1053 4273 1373 4341 amplexati,
1430 4287 1542 4341 prze
1583 4272 1842 4341 superbia
1892 4272 2059 4325 tumi-

479 4357 608 4410 dum
641 4358 697 4410 in
735 4354 1179 4418 fornicationem,
1206 4353 1670 4419 furtttnt,ccetlent,
1707 4355 2058 4418 adulterium,

2155 3176 2216 3210 τε
2252 3157 2474 3222 ἔσωθεν,
2519 3160 2612 3211 και
2655 3157 2876 3221 ἔξωθεν,
2927 3158 3021 3210 καλ¹
3061 3157 3407 3226 περισκέπει,
3449 3157 3540 3209 καὶ
3579 3155 3749 3220 σώζει

2157 3253 2185 3303 6
2216 3250 2632 3320 φιλοικτίρμων.
2661 3253 2753 3302 καὶ
2785 3250 3164 3318 φιλάνθρωπος
3199 3249 3418 3318 Κύριος.

2474 3339 2665 3406 ΤΚΕΓ.
2684 3369 2756 3378 —
2776 3339 3084 3410 ΘΕΟΔΟΤῼ
3129 3341 3423 3394 ΚΟΜΙῘΊῚ.

2230 3431 2333 3481 Τὸν
2363 3430 2640 3501 Δεσπότην
2681 3432 2889 3485 ἑαυτῶν
2917 3434 2966 3484 οἱ
2992 3433 3124 3485 Θεῖοι
3162 3434 3489 3504 μιμούμενοι
3519 3436 3744 3504 ἄγγελοι

2157 3523 2257 3592 τὴν
2277 3523 2778 3594 ταπεινοφροσύνην
2804 3525 3112 3592 ἀγαπῶσιν.
3151 3527 3320 3580 Ἐπάν
3351 3527 3532 3581 τοίνυν
3573 3546 3727 3598 μονα-

2161 3617 2254 3686 χὺς
2291 3617 2662 3686 γαυρούμενος
2712 3616 2788 3687 τῷ
2825 3617 2946 3686 ὕψει
2987 3619 3086 3687 τῆς
3118 3618 3414 3682 πολιτείας,
3449 3618 3548 3690 τὴν
3578 3621 3734 3692 ὑπερ-

2162 3708 2427 3777 ηφάνειαν
2473 3708 2811 3778 ἀσπάσηται,
2875 3711 2971 3762 καὶ
3019 3711 3225 3781 ταύτης
3273 3712 3742 3776 δυσαποσπάστως

2162 3800 2282 3870 ἔχῃ,
2313 3800 2700 3853 ἀπολείπουσιν
2719 3804 2767 3854 οἱ
2797 3803 3017 3870 ἄγγελοι
3036 3804 3126 3855 τὸν
3151 3804 3629 3874 ἀλαζονευόμενον,
3649 3806 3748 3858 καὶ

2167 3894 2384 3964 μακρὰν
2417 3892 2765 3962 ἀφίστανται,
2813 3895 3008 3966 μηκέτι
3057 3894 3304 3958 θέλοντες
3335 3897 3582 3960 σκέπειν,
3616 3897 3743 3966 βοη-

2164 3987 2276 4040 θεῖν
2302 4005 2361 4039 τε
2414 3988 2507 4039 καὶ
2535 3991 2809 4057 φρουρεῖν,
2837 3989 2929 4040 καὶ
2948 3987 3461 4058 ἀντιλαμϐάνεσθαι,
3495 3989 3746 4058 καθάπερ

2163 4081 2258 4132 καὶ
2294 4079 2583 4149 πρότερον.
2611 4079 2784 4142 Εὐθὺς
2809 4079 2867 4131 δὲ
2899 4080 3294 4150 ἐπιδραμόντες
3321 4081 3370 4132 οἱ
3394 4082 3748 4151 παμπόνηροι

2163 4171 2438 4241 δαίμονες,
2473 4171 2568 4222 καὶ
2601 4171 3015 4239 συμπλακέντες
3054 4172 3132 4240 τῷ
3163 4171 3624 4242 ἀπορφανισθέντι
3647 4171 3748 4240 τῆς

2168 4264 2445 4332 μακαρίας
2473 4265 2739 4332 φρουρᾶς.
2776 4264 3174 4316 καταϐάλλουσι
3204 4265 3295 4316 τὸν
3331 4266 3749 4334 πεφυσιωμένον

2164 4357 2243 4417 εἰς
2267 4355 2544 4424 πορνείαν,
2587 4356 2620 4424 ἢ
2654 4356 2878 4424 κλοπὴν,
2923 4356 2953 4426 ἢ
3013 4357 3381 4424 φονοκτονίαν,
3410 4358 3679 4426 μοιχείαν,
3711 4357 3745 4426 ἦ

482 4460 578 4504 aut
624 4449 678 4502 in
727 4445 876 4499 aliud
920 4446 1222 4516 quidquam
1275 4462 1340 4501 ex
1391 4447 1579 4500 vetitis
1611 4447 1949 4516 prazcipitem
1980 4445 2050 4500 fe-

2168 4443 2354 4514 ἓτερόν
2379 4463 2432 4496 τι
2465 4445 2572 4498 τῶν
2607 4447 3093 4516 ἀπηγορευμένων.
3133 4447 3356 4511 Μείζων
3397 4447 3502 4515 γὰρ
3530 4447 3750 4498 πάντων
3779 4455 3788 4466 ’

480 4550 633 4597 runt.
665 4540 927 4596 Omnium
977 4538 1247 4608 siquidem
1295 4540 1568 4594 scelerum
1604 4540 2072 4594 immanissimum

480 4637 662 4691 scelus
689 4634 1071 4702 cstsuperhia,
1098 4641 1152 4687 et
1177 4648 1273 4702 per
1307 4648 1426 4686 eam
1458 4633 1730 4687 universm
1760 4632 2066 4702 iniquitatis

481 4742 675 4789 auctor
715 4731 782 4785 de
817 4731 956 4784 caelo
983 4731 1035 4784 in
1077 4739 1278 4783 terram
1329 4726 1559 4782 corruit.
1595 4726 1721 4780 Hice
1745 4741 1774 4777 a
1807 4740 1892 4778 me
1944 4723 2067 4778 ideo

483 4826 634 4880 dicta'
687 4831 837 4882 sunt,
899 4823 1042 4892 quod
1098 4837 1127 4874 a
1188 4837 1273 4874 me
1337 4818 1654 4888 postulasti,
1709 4816 2064 4886 quamobrem

484 4910 730 4964 nonnulli
776 4925 843 4963 ex
876 4909 988 4972 his,
1020 4910 1114 4978 qui
1158 4923 1216 4963 se
1262 4907 1520 4962 asceticaa
1553 4907 1676 4960 vitae
1715 4906 2066 4968 addixerunt,

484 5002 780 5071 aliquando
827 5002 884 5055 in
944 5001 1142 5070 impias
1209 5000 1570 5070 operationes
1651 4996 2072 5065 horrendosque

488 5092 679 5160 lapsus
709 5091 945 5146 cadunt?
983 5091 1189 5144 Bonum
1253 5091 1441 5159 itaque
1485 5089 1656 5143 fuerit
1706 5090 1912 5143 bonum
1957 5103 2072 5140 am-

489 5181 673 5250 plecti,
707 5183 1078 5252 continuoque
1127 5183 1262 5236 illud
1293 5190 1480 5236 tenere
1529 5201 1542 5235 :
1595 5190 1648 5234 at
1684 5182 1758 5233 nil
1789 5179 2072 5233 moderata

489 5281 673 5327 mente
702 5276 1080 5342 przestantius,
1112 5291 1278 5345 quam
1311 5283 1365 5329 et
1399 5274 1658 5328 Christus
1687 5274 1935 5328 omnium
1974 5270 2070 5324 Do-

488 5363 696 5426 minus,
727 5369 780 5414 et
811 5361 972 5427 Deus,
1005 5373 1059 5418 et
1096 5367 1322 5425 Auctor,
1369 5380 1493 5418 cum
1536 5363 1591 5416 in
1614 5377 1782 5417 carne
1811 5377 1934 5415 cum
1971 5361 2068 5413 ho-

489 5452 732 5505 minibus
787 5461 954 5512 esset.
1029 5456 1190 5508 nobis
1259 5456 1518 5510 omnibus
1590 5457 2066 5514 commonstravit,

490 5539 803 5608 imitarique
832 5544 1087 5612 prtecepit
1120 5545 1376 5613 inquiens
1407 5562 1420 5598 :
1468 5564 1486 5596 ι
1532 5545 1735 5600 Discite
1769 5561 1796 5597 a
1830 5562 1915 5600 me
1942 5547 2068 5613 quia

560 5715 606 5748 ’7
641 5713 785 5767 Psal.
823 5730 909 5779 cx,
936 5721 994 5774 £5.

1073 5716 1118 5748 “
1159 5718 1323 5774 Hebr.
1357 5738 1440 5783 ιιι,
1480 5721 1564 5774 13.
1645 5723 1690 5754 ⁹⁹
1717 5722 1819 5778 Job
1857 5739 1916 5789 tt,
1957 5726 2003 5777 l.

3229 4481 3272 4511 ενι

2167 4537 2278 4588 τῶν
2341 4537 2830 4607 πλημμελημάτων
2871 4538 3253 4608 πλημμέλημά
3295 4539 3442 4590 ἐστιν
3489 4537 3522 4604 ἡ
3579 4535 3752 4604 ὑπερ-

2170 4631 2428 4701 ηφάνεια,
2461 4634 2554 4684 καὶ
2592 4631 2682 4684 διὰ
2710 4631 2912 4701 ταύτην
2941 4633 2970 4683 6
3011 4632 3192 4700 πάσης
3233 4632 3565 4701 φαυλότητος
3593 4629 3751 4698 εὑρε-

2169 4723 2266 4792 τὴς
2293 4722 2537 4785 διάϐολος
2569 4725 2632 4775 ἐκ
2659 4723 2764 4775 τῶν
2783 4722 3031 4794 οὐρανῶν
3060 4723 3140 4785 εἰς
3162 4724 3260 4793 τὴν
3286 4726 3389 4791 γῆν
3420 4721 3749 4792 κατερρίφη,

2170 4814 2357 4867 Ταῦτά
2392 4832 2480 4883 μοι
2515 4817 2751 4884 εἴρηται,
2788 4814 2923 4866 διότι
2951 4815 3244 4888 ἡρῶτησάς
3275 4831 3365 4883 με,
3394 4814 3534 4874 τίνος
3562 4813 3750 4864 ἕνεκεν

2168 4908 2309 4970 τινὲς
2338 4908 2446 4960 τῶν
2495 4907 2586 4959 τὸν
2627 4907 2928 4979 ἀσκητικὸν
2973 4907 3352 4977 προελομένων
3407 4904 3522 4974 βίον
3571 4903 3751 4975 καιρῷ

2168 5015 2273 5052 τινι
2302 4999 2438 5068 πρὸς
2476 4999 2767 5068 ἀθεμίτους
2807 4999 3208 5068 καταιρέρονται
3251 4997 3498 5062 πράξεις,
3526 4998 3620 5050 καὶ
3651 5013 3750 5065 φοι

2170 5089 2307 5158 ϐερά
2338 5088 2640 5158 πτῶματα;
2683 5089 2864 5142 Καλὸν
2903 5090 3184 5159 τοιγάρτοι
3233 5088 3597 5151 ἀσπάζεσθαι,
3655 5086 3752 5138 καὶ

2169 5182 2392 5249 κρατεῖν
2429 5179 2692 5251 διηνεκῶς
2745 5179 2808 5232 τὸ
2873 5180 3057 5232 καλόν·
3092 5179 3244 5232 οὐδὲν
3282 5179 3337 5232 δὲ
3391 5177 3610 5230 κάλλιον
3650 5179 3753 5246 τῆς

2173 5272 2661 5342 μετριοφροσύνης,
2717 5273 2908 5342 ἥντινα
2966 5272 3059 5325 καὶ
3120 5271 3410 5341 Χριστδςό
3451 5270 3560 5322 τῶν
3614 5270 3754 5322 ὅλων

2169 5363 2394 5435 Κύριος,
2421 5365 2517 5414 καὶ
2539 5363 2694 5426 Θεὸς,
2727 5365 2821 5416 καὶ
2849 5364 3125 5433 Δεσπότης
3146 5367 3257 5425 τοῖς
3282 5362 3593 5434 ἀνθρώποις
3626 5379 3755 5412 συν-

2169 5455 2644 5526 αναστρεφόμενος
2680 5455 2741 5506 τὸ
2778 5455 2920 5508 κατὰ
2948 5457 3147 5526 σάρκα,
3182 5458 3346 5508 πᾶσιν
3381 5456 3514 5524 ἡμῖν
3553 5452 3756 5505 ἐνεδει-

2173 5548 2318 5614 ξατο,
2371 5549 2464 5600 καὶ
2513 5547 2709 5617 ζηλοῦν
2766 5549 3062 5619 προσέταξε
3111 5548 3305 5616 λέγων’
3341 5565 3358 5596 ι
3394 5544 3610 5600 Maesta
3653 5542 3756 5597 ἀπ’

2085 5725 2100 5754 ¹
2140 5725 2310 5779 Exod.
2346 5739 2473 5790 λιιι,
2504 5725 2537 5778 8
2571 5739 2686 5794 sqq.
