  <div class='ocr_page' id='page_1' title='image "/cluster/home/n/w/nwhite01/storage/ocr_20150623/79/hvd.32044073502056/109.png"; bbox 0 0 4012 6196; ppageno 0'>
   <div class='ocr_carea' id='block_1_1' title="bbox 351 335 455 401">
    <p class='ocr_par' dir='ltr' id='par_1_1' title="bbox 351 335 455 401">
     <span class='ocr_line' id='line_1_1' title="bbox 351 335 455 401; baseline 0 0"><span class='ocrx_word' id='word_1_1' title='bbox 351 335 455 401; x_wconf 75' lang='lat'><strong>207</strong></span> 
     </span>
    </p>
   </div>
   <div class='ocr_carea' id='block_1_2' title="bbox 1848 332 2107 393">
    <p class='ocr_par' dir='ltr' id='par_1_2' title="bbox 1848 332 2107 393">
     <span class='ocr_line' id='line_1_2' title="bbox 1848 332 2107 393; baseline -0.008 0"><span class='ocrx_word' id='word_1_2' title='bbox 1848 334 1905 393; x_wconf 77' lang='lat' dir='ltr'><strong>S.</strong></span> <span class='ocrx_word' id='word_1_3' title='bbox 1946 332 2107 392; x_wconf 84' lang='lat' dir='ltr'><strong>NILI</strong></span> 
     </span>
    </p>
   </div>
   <div class='ocr_carea' id='block_1_3' title="bbox 3505 340 3616 406">
    <p class='ocr_par' dir='ltr' id='par_1_3' title="bbox 3505 340 3616 406">
     <span class='ocr_line' id='line_1_3' title="bbox 3505 340 3616 406; baseline 0.027 -3"><span class='ocrx_word' id='word_1_4' title='bbox 3505 340 3616 406; x_wconf 71' lang='lat'><strong>208</strong></span> 
     </span>
    </p>
   </div>
   <div class='ocr_carea' id='block_1_4' title="bbox 352 445 1935 522">
    <p class='ocr_par' dir='ltr' id='par_1_4' title="bbox 352 445 1925 521">
     <span class='ocr_line' id='line_1_4' title="bbox 352 445 1925 521; baseline -0.003 -15"><span class='ocrx_word' id='word_1_5' title='bbox 352 470 482 517; x_wconf 77' lang='lat' dir='ltr'><strong>eos,</strong></span> <span class='ocrx_word' id='word_1_6' title='bbox 527 451 620 521; x_wconf 84' lang='lat' dir='ltr'><strong>qui</strong></span> <span class='ocrx_word' id='word_1_7' title='bbox 667 450 719 503; x_wconf 93' lang='lat' dir='ltr'><strong>in</strong></span> <span class='ocrx_word' id='word_1_8' title='bbox 769 448 1049 504; x_wconf 74' lang='lat' dir='ltr'><strong>Christum</strong></span> <span class='ocrx_word' id='word_1_9' title='bbox 1095 445 1482 511; x_wconf 86' lang='lat' dir='ltr'><strong>crediderunt,</strong></span> <span class='ocrx_word' id='word_1_10' title='bbox 1532 454 1649 501; x_wconf 93' lang='lat' dir='ltr'><strong>tum</strong></span> <span class='ocrx_word' id='word_1_11' title='bbox 1698 462 1764 502; x_wconf 78' lang='lat' dir='ltr'><strong>ex</strong></span> <span class='ocrx_word' id='word_1_12' title='bbox 1818 447 1925 502; x_wconf 78' lang='lat' dir='ltr'><strong>lle—</strong></span> 
     </span>
    </p>
   </div>
   <div class='ocr_carea' id='block_1_5' title="bbox 2048 445 3618 522">
    <p class='ocr_par' dir='ltr' id='par_1_5' title="bbox 2048 446 3618 522">
     <span class='ocr_line' id='line_1_5' title="bbox 2048 446 3618 522; baseline 0.003 -22"><span class='ocrx_word' id='word_1_13' title='bbox 2048 448 2158 511; x_wconf 76' lang='grc' dir='ltr'>τούς</span> <span class='ocrx_word' id='word_1_14' title='bbox 2206 465 2265 501; x_wconf 89' lang='grc' dir='ltr'><strong>τε</strong></span> <span class='ocrx_word' id='word_1_15' title='bbox 2311 446 2369 513; x_wconf 81' lang='grc' dir='ltr'>ἐξ</span> <span class='ocrx_word' id='word_1_16' title='bbox 2410 448 2700 514; x_wconf 86' lang='grc' dir='ltr'>Ἰουδαίων,</span> <span class='ocrx_word' id='word_1_17' title='bbox 2745 449 2837 504; x_wconf 81' lang='grc' dir='ltr'>καὶ</span> <span class='ocrx_word' id='word_1_18' title='bbox 2872 451 2997 515; x_wconf 71' lang='grc' dir='ltr'>τοὺς</span> <span class='ocrx_word' id='word_1_19' title='bbox 3031 452 3138 506; x_wconf 62' lang='grc' dir='ltr'><strong>ἀπὸ</strong></span> <span class='ocrx_word' id='word_1_20' title='bbox 3181 453 3290 506; x_wconf 80' lang='grc' dir='ltr'><strong>τῶν</strong></span> <span class='ocrx_word' id='word_1_21' title='bbox 3324 454 3495 509; x_wconf 68' lang='grc' dir='ltr'>ἐθνῶν</span> <span class='ocrx_word' id='word_1_22' title='bbox 3538 453 3618 522; x_wconf 71' lang='grc' dir='ltr'>τῷ</span> 
     </span>
    </p>
   </div>
   <div class='ocr_carea' id='block_1_6' title="bbox 354 540 1925 611">
    <p class='ocr_par' dir='ltr' id='par_1_6' title="bbox 354 540 1925 611">
     <span class='ocr_line' id='line_1_6' title="bbox 354 540 1925 611; baseline -0.004 -10"><span class='ocrx_word' id='word_1_23' title='bbox 354 547 545 607; x_wconf 64' lang='grc' dir='ltr'><strong>ὺνσξίς,</strong></span> <span class='ocrx_word' id='word_1_24' title='bbox 585 555 693 597; x_wconf 90' lang='lat' dir='ltr'><strong>tum</strong></span> <span class='ocrx_word' id='word_1_25' title='bbox 729 558 792 595; x_wconf 82' lang='lat' dir='ltr'><strong>ex</strong></span> <span class='ocrx_word' id='word_1_26' title='bbox 830 540 1120 611; x_wconf 79' lang='lat' dir='ltr'><strong>gentibus,</strong></span> <span class='ocrx_word' id='word_1_27' title='bbox 1156 540 1325 594; x_wconf 87' lang='lat' dir='ltr'><strong>veluti</strong></span> <span class='ocrx_word' id='word_1_28' title='bbox 1359 541 1413 593; x_wconf 89' lang='lat' dir='ltr'><strong>in</strong></span> <span class='ocrx_word' id='word_1_29' title='bbox 1459 540 1653 595; x_wconf 87' lang='lat' dir='ltr'><strong>umbra</strong></span> <span class='ocrx_word' id='word_1_30' title='bbox 1690 551 1881 596; x_wconf 89' lang='lat' dir='ltr'><strong>notant</strong></span> <span class='ocrx_word' id='word_1_31' title='bbox 1913 560 1925 595; x_wconf 89' lang='lat'><strong>:</strong></span> 
     </span>
    </p>
   </div>
   <div class='ocr_carea' id='block_1_7' title="bbox 352 632 1929 707">
    <p class='ocr_par' dir='ltr' id='par_1_7' title="bbox 352 632 1929 707">
     <span class='ocr_line' id='line_1_7' title="bbox 352 632 1929 707; baseline -0.001 -18"><span class='ocrx_word' id='word_1_32' title='bbox 352 639 446 707; x_wconf 88' lang='lat' dir='ltr'><strong>qui</strong></span> <span class='ocrx_word' id='word_1_33' title='bbox 478 638 628 706; x_wconf 86' lang='lat' dir='ltr'><strong>prius</strong></span> <span class='ocrx_word' id='word_1_34' title='bbox 661 648 784 686; x_wconf 90' lang='lat' dir='ltr'><strong>cum</strong></span> <span class='ocrx_word' id='word_1_35' title='bbox 816 642 1006 689; x_wconf 86' lang='lat' dir='ltr'><strong>essent</strong></span> <span class='ocrx_word' id='word_1_36' title='bbox 1037 640 1093 685; x_wconf 90' lang='lat' dir='ltr'><strong>ut</strong></span> <span class='ocrx_word' id='word_1_37' title='bbox 1120 633 1288 702; x_wconf 65' lang='lat' dir='ltr'><strong>paleas</strong></span> <span class='ocrx_word' id='word_1_38' title='bbox 1320 673 1335 698; x_wconf 91' lang='lat'><strong>,</strong></span> <span class='ocrx_word' id='word_1_39' title='bbox 1373 632 1590 685; x_wconf 87' lang='lat' dir='ltr'><strong>demum</strong></span> <span class='ocrx_word' id='word_1_40' title='bbox 1625 648 1723 704; x_wconf 87' lang='lat' dir='ltr'><strong>per</strong></span> <span class='ocrx_word' id='word_1_41' title='bbox 1768 634 1929 687; x_wconf 86' lang='lat' dir='ltr'><strong>Iidem</strong></span> 
     </span>
    </p>
   </div>
   <div class='ocr_carea' id='block_1_8' title="bbox 351 720 1930 797">
    <p class='ocr_par' dir='ltr' id='par_1_8' title="bbox 351 720 1930 797">
     <span class='ocr_line' id='line_1_8' title="bbox 351 720 1930 797; baseline -0.003 -15"><span class='ocrx_word' id='word_1_42' title='bbox 351 738 405 783; x_wconf 91' lang='lat' dir='ltr'><strong>et</strong></span> <span class='ocrx_word' id='word_1_43' title='bbox 438 725 818 797; x_wconf 75' lang='lat' dir='ltr'><strong>paenitentiam</strong></span> <span class='ocrx_word' id='word_1_44' title='bbox 844 722 1124 793; x_wconf 81' lang='lat' dir='ltr'><strong>ingentem</strong></span> <span class='ocrx_word' id='word_1_45' title='bbox 1156 720 1592 777; x_wconf 89' lang='lat' dir='ltr'><strong>misericordiam</strong></span> <span class='ocrx_word' id='word_1_46' title='bbox 1623 724 1930 787; x_wconf 87' lang='lat' dir='ltr'><strong>consecuti,</strong></span> 
     </span>
    </p>
   </div>
   <div class='ocr_carea' id='block_1_9' title="bbox 351 816 1041 873">
    <p class='ocr_par' dir='ltr' id='par_1_9' title="bbox 351 816 1041 873">
     <span class='ocr_line' id='line_1_9' title="bbox 351 816 1041 873; baseline -0.007 0"><span class='ocrx_word' id='word_1_47' title='bbox 351 818 501 873; x_wconf 88' lang='lat' dir='ltr'><strong>aurei</strong></span> <span class='ocrx_word' id='word_1_48' title='bbox 532 825 717 870; x_wconf 88' lang='lat' dir='ltr'><strong>mente</strong></span> <span class='ocrx_word' id='word_1_49' title='bbox 750 816 851 869; x_wconf 89' lang='lat' dir='ltr'><strong>visi</strong></span> <span class='ocrx_word' id='word_1_50' title='bbox 888 824 1041 869; x_wconf 90' lang='lat' dir='ltr'><strong>sunt.</strong></span> 
     </span>
    </p>
   </div>
   <div class='ocr_carea' id='block_1_10' title="bbox 600 900 1686 959">
    <p class='ocr_par' dir='ltr' id='par_1_10' title="bbox 600 900 1686 959">
     <span class='ocr_line' id='line_1_10' title="bbox 600 900 1686 959; baseline 0 0"><span class='ocrx_word' id='word_1_51' title='bbox 600 904 735 959; x_wconf 77' lang='grc' dir='ltr'>λνι.</span> <span class='ocrx_word' id='word_1_52' title='bbox 772 933 842 945; x_wconf 90' lang='grc'><strong><em>-</em></strong></span> <span class='ocrx_word' id='word_1_53' title='bbox 874 900 1225 956; x_wconf 69' lang='grc' dir='ltr'><strong>ΑΟᾹἸΊΙΟΝΙ</strong></span> <span class='ocrx_word' id='word_1_54' title='bbox 1269 900 1686 959; x_wconf 76' lang='lat' dir='ltr'><strong>DECEMBRIO.</strong></span> 
     </span>
    </p>
   </div>
   <div class='ocr_carea' id='block_1_11' title="bbox 418 993 1933 1052">
    <p class='ocr_par' dir='ltr' id='par_1_11' title="bbox 418 993 1933 1052">
     <span class='ocr_line' id='line_1_11' title="bbox 418 993 1933 1052; baseline -0.003 0"><span class='ocrx_word' id='word_1_55' title='bbox 418 993 554 1052; x_wconf 86' lang='lat' dir='ltr'><strong>Cum</strong></span> <span class='ocrx_word' id='word_1_56' title='bbox 602 995 849 1049; x_wconf 71' lang='lat' dir='ltr'><strong>Isbuse’tb</strong></span> <span class='ocrx_word' id='word_1_57' title='bbox 897 993 1278 1048; x_wconf 79' lang='lat' dir='ltr'><strong>interfectores</strong></span> <span class='ocrx_word' id='word_1_58' title='bbox 1326 996 1523 1049; x_wconf 85' lang='lat' dir='ltr'><strong>beatus</strong></span> <span class='ocrx_word' id='word_1_59' title='bbox 1580 993 1751 1048; x_wconf 80' lang='lat' dir='ltr'><strong>David</strong></span> <span class='ocrx_word' id='word_1_60' title='bbox 1786 995 1933 1049; x_wconf 87' lang='lat' dir='ltr'><strong>occi-</strong></span> 
     </span>
    </p>
   </div>
   <div class='ocr_carea' id='block_1_12' title="bbox 349 1085 1933 1156">
    <p class='ocr_par' dir='ltr' id='par_1_12' title="bbox 349 1085 1933 1156">
     <span class='ocr_line' id='line_1_12' title="bbox 349 1085 1933 1156; baseline -0.004 -13"><span class='ocrx_word' id='word_1_61' title='bbox 349 1088 552 1146; x_wconf 86' lang='lat' dir='ltr'><strong>disset.</strong></span> <span class='ocrx_word' id='word_1_62' title='bbox 583 1101 881 1155; x_wconf 87' lang='lat' dir='ltr'><strong>eormnque</strong></span> <span class='ocrx_word' id='word_1_63' title='bbox 910 1100 1106 1140; x_wconf 90' lang='lat' dir='ltr'><strong>manus</strong></span> <span class='ocrx_word' id='word_1_64' title='bbox 1153 1085 1431 1156; x_wconf 88' lang='lat' dir='ltr'><strong>pedesque</strong></span> <span class='ocrx_word' id='word_1_65' title='bbox 1476 1085 1839 1149; x_wconf 83' lang='lat' dir='ltr'><strong>abscidisset,</strong></span> <span class='ocrx_word' id='word_1_66' title='bbox 1878 1085 1933 1138; x_wconf 89' lang='lat' dir='ltr'><strong>in</strong></span> 
     </span>
    </p>
   </div>
   <div class='ocr_carea' id='block_1_13' title="bbox 350 1176 1933 1247">
    <p class='ocr_par' dir='ltr' id='par_1_13' title="bbox 350 1176 1933 1247">
     <span class='ocr_line' id='line_1_13' title="bbox 350 1176 1933 1247; baseline -0.001 -15"><span class='ocrx_word' id='word_1_67' title='bbox 350 1181 500 1233; x_wconf 83' lang='lat' dir='ltr'><strong>fonte</strong></span> <span class='ocrx_word' id='word_1_68' title='bbox 524 1187 579 1233; x_wconf 94' lang='lat' dir='ltr'><strong>et</strong></span> <span class='ocrx_word' id='word_1_69' title='bbox 603 1180 655 1232; x_wconf 91' lang='lat' dir='ltr'><strong>iu</strong></span> <span class='ocrx_word' id='word_1_70' title='bbox 686 1193 824 1247; x_wconf 90' lang='lat' dir='ltr'><strong>aqua</strong></span> <span class='ocrx_word' id='word_1_71' title='bbox 856 1177 1148 1247; x_wconf 82' lang='lat' dir='ltr'><strong>suspendit</strong></span> <span class='ocrx_word' id='word_1_72' title='bbox 1178 1178 1242 1230; x_wconf 72' lang='grc' dir='ltr'>η.</span> <span class='ocrx_word' id='word_1_73' title='bbox 1277 1176 1380 1231; x_wconf 81' lang='lat' dir='ltr'><strong>Per</strong></span> <span class='ocrx_word' id='word_1_74' title='bbox 1408 1178 1523 1232; x_wconf 60' lang='lat' dir='ltr'><strong>haec</strong></span> <span class='ocrx_word' id='word_1_75' title='bbox 1554 1185 1711 1231; x_wconf 85' lang='lat' dir='ltr'><strong>notat</strong></span> <span class='ocrx_word' id='word_1_76' title='bbox 1733 1217 1747 1241; x_wconf 92' lang='lat'><strong>,</strong></span> <span class='ocrx_word' id='word_1_77' title='bbox 1783 1177 1933 1247; x_wconf 84' lang='lat' dir='ltr'><strong>quod</strong></span> 
     </span>
    </p>
   </div>
   <div class='ocr_carea' id='block_1_14' title="bbox 350 1269 1935 1339">
    <p class='ocr_par' dir='ltr' id='par_1_14' title="bbox 350 1269 1935 1339">
     <span class='ocr_line' id='line_1_14' title="bbox 350 1269 1935 1339; baseline -0.003 -13"><span class='ocrx_word' id='word_1_78' title='bbox 350 1271 653 1327; x_wconf 81' lang='lat' dir='ltr'><strong>secundum</strong></span> <span class='ocrx_word' id='word_1_79' title='bbox 678 1269 956 1324; x_wconf 82' lang='lat' dir='ltr'><strong>Christum</strong></span> <span class='ocrx_word' id='word_1_80' title='bbox 997 1269 1090 1334; x_wconf 87' lang='lat' dir='ltr'><strong>lit,</strong></span> <span class='ocrx_word' id='word_1_81' title='bbox 1130 1269 1467 1339; x_wconf 82' lang='lat' dir='ltr'><strong>baptismate</strong></span> <span class='ocrx_word' id='word_1_82' title='bbox 1506 1269 1808 1339; x_wconf 86' lang='lat' dir='ltr'><strong>amputatis</strong></span> <span class='ocrx_word' id='word_1_83' title='bbox 1842 1283 1935 1323; x_wconf 76' lang='lat' dir='ltr'><strong>ex-</strong></span> 
     </span>
    </p>
   </div>
   <div class='ocr_carea' id='block_1_15' title="bbox 350 1359 1934 1431">
    <p class='ocr_par' dir='ltr' id='par_1_15' title="bbox 350 1359 1934 1431">
     <span class='ocr_line' id='line_1_15' title="bbox 350 1359 1934 1431; baseline -0.003 -14"><span class='ocrx_word' id='word_1_84' title='bbox 350 1364 539 1419; x_wconf 85' lang='lat' dir='ltr'><strong>tremis</strong></span> <span class='ocrx_word' id='word_1_85' title='bbox 568 1363 807 1417; x_wconf 87' lang='lat' dir='ltr'><strong>mutilari</strong></span> <span class='ocrx_word' id='word_1_86' title='bbox 840 1370 895 1416; x_wconf 91' lang='lat' dir='ltr'><strong>et</strong></span> <span class='ocrx_word' id='word_1_87' title='bbox 940 1361 1221 1427; x_wconf 90' lang='lat' dir='ltr'><strong>interimi,</strong></span> <span class='ocrx_word' id='word_1_88' title='bbox 1261 1362 1352 1431; x_wconf 90' lang='lat' dir='ltr'><strong>qui</strong></span> <span class='ocrx_word' id='word_1_89' title='bbox 1388 1369 1513 1417; x_wconf 91' lang='lat' dir='ltr'><strong>ante</strong></span> <span class='ocrx_word' id='word_1_90' title='bbox 1552 1361 1714 1416; x_wconf 83' lang='lat' dir='ltr'><strong>ﬁdem</strong></span> <span class='ocrx_word' id='word_1_91' title='bbox 1744 1376 1847 1416; x_wconf 88' lang='lat' dir='ltr'><strong>nos</strong></span> <span class='ocrx_word' id='word_1_92' title='bbox 1880 1359 1934 1413; x_wconf 91' lang='lat' dir='ltr'><strong>in</strong></span> 
     </span>
    </p>
   </div>
   <div class='ocr_carea' id='block_1_16' title="bbox 349 1455 1935 1525">
    <p class='ocr_par' dir='ltr' id='par_1_16' title="bbox 349 1455 1935 1525">
     <span class='ocr_line' id='line_1_16' title="bbox 349 1455 1935 1525; baseline -0.002 -15"><span class='ocrx_word' id='word_1_93' title='bbox 349 1456 718 1525; x_wconf 83' lang='lat' dir='ltr'><strong>captivitatem</strong></span> <span class='ocrx_word' id='word_1_94' title='bbox 756 1455 1139 1521; x_wconf 82' lang='lat' dir='ltr'><strong>abduxerunt,</strong></span> <span class='ocrx_word' id='word_1_95' title='bbox 1190 1456 1515 1525; x_wconf 88' lang='lat' dir='ltr'><strong>animasque</strong></span> <span class='ocrx_word' id='word_1_96' title='bbox 1546 1462 1772 1510; x_wconf 88' lang='lat' dir='ltr'><strong>nostras</strong></span> <span class='ocrx_word' id='word_1_97' title='bbox 1803 1468 1935 1508; x_wconf 85' lang='lat' dir='ltr'><strong>con-</strong></span> 
     </span>
    </p>
   </div>
   <div class='ocr_carea' id='block_1_17' title="bbox 350 1548 1061 1611">
    <p class='ocr_par' dir='ltr' id='par_1_17' title="bbox 350 1548 1061 1611">
     <span class='ocr_line' id='line_1_17' title="bbox 350 1548 1061 1611; baseline 0.001 -12"><span class='ocrx_word' id='word_1_98' title='bbox 350 1549 696 1603; x_wconf 77' lang='lat' dir='ltr'><strong>trucidarunt</strong></span> <span class='ocrx_word' id='word_1_99' title='bbox 716 1588 730 1611; x_wconf 88' lang='lat'><strong>,</strong></span> <span class='ocrx_word' id='word_1_100' title='bbox 759 1548 1061 1601; x_wconf 68' lang='lat' dir='ltr'><strong>dzemones.</strong></span> 
     </span>
    </p>
   </div>
   <div class='ocr_carea' id='block_1_18' title="bbox 876 1635 1379 1692">
    <p class='ocr_par' dir='ltr' id='par_1_18' title="bbox 876 1635 1379 1692">
     <span class='ocr_line' id='line_1_18' title="bbox 876 1635 1379 1692; baseline 0.004 -3"><span class='ocrx_word' id='word_1_101' title='bbox 876 1635 1041 1690; x_wconf 75' lang='lat' dir='ltr'><strong>XVII.</strong></span> <span class='ocrx_word' id='word_1_102' title='bbox 1069 1668 1138 1677; x_wconf 89' lang='lat'><strong><em>—</em></strong></span> <span class='ocrx_word' id='word_1_103' title='bbox 1168 1636 1379 1692; x_wconf 83' lang='lat' dir='ltr'><strong>Eidem.</strong></span> 
     </span>
    </p>
   </div>
   <div class='ocr_carea' id='block_1_19' title="bbox 423 1726 1929 1799">
    <p class='ocr_par' dir='ltr' id='par_1_19' title="bbox 423 1726 1929 1799">
     <span class='ocr_line' id='line_1_19' title="bbox 423 1726 1929 1799; baseline -0.001 -17"><span class='ocrx_word' id='word_1_104' title='bbox 423 1729 552 1784; x_wconf 82' lang='lat' dir='ltr'><strong>Post</strong></span> <span class='ocrx_word' id='word_1_105' title='bbox 590 1729 888 1783; x_wconf 77' lang='lat' dir='ltr'><strong>Mosaicam</strong></span> <span class='ocrx_word' id='word_1_106' title='bbox 935 1728 1051 1798; x_wconf 88' lang='lat' dir='ltr'><strong>spei</strong></span> <span class='ocrx_word' id='word_1_107' title='bbox 1104 1729 1351 1783; x_wconf 88' lang='lat' dir='ltr'><strong>melioris</strong></span> <span class='ocrx_word' id='word_1_108' title='bbox 1384 1727 1557 1798; x_wconf 80' lang='lat' dir='ltr'><strong>legem</strong></span> <span class='ocrx_word' id='word_1_109' title='bbox 1593 1726 1929 1799; x_wconf 86' lang='lat' dir='ltr'><strong>superindu—</strong></span> 
     </span>
    </p>
   </div>
   <div class='ocr_carea' id='block_1_20' title="bbox 2033 541 3616 618">
    <p class='ocr_par' dir='ltr' id='par_1_20' title="bbox 2033 541 3616 618">
     <span class='ocr_line' id='line_1_20' title="bbox 2033 541 3616 618; baseline 0.006 -26"><span class='ocrx_word' id='word_1_110' title='bbox 2033 541 2253 610; x_wconf 80' lang='grc' dir='ltr'><strong>Χριστῷ</strong></span> <span class='ocrx_word' id='word_1_111' title='bbox 2296 541 2655 606; x_wconf 64' lang='grc' dir='ltr'>πιστεύοντας</span> <span class='ocrx_word' id='word_1_112' title='bbox 2690 542 3136 613; x_wconf 80' lang='grc' dir='ltr'>σκιογραφοῦσιν,</span> <span class='ocrx_word' id='word_1_113' title='bbox 3176 546 3372 609; x_wconf 76' lang='grc' dir='ltr'>οἵτινες</span> <span class='ocrx_word' id='word_1_114' title='bbox 3418 545 3616 618; x_wconf 77' lang='grc' dir='ltr'>πρώην</span> 
     </span>
    </p>
   </div>
   <div class='ocr_carea' id='block_1_21' title="bbox 2032 631 3614 708">
    <p class='ocr_par' dir='ltr' id='par_1_21' title="bbox 2032 631 3614 708">
     <span class='ocr_line' id='line_1_21' title="bbox 2032 631 3614 708; baseline 0.006 -24"><span class='ocrx_word' id='word_1_115' title='bbox 2032 631 2328 703; x_wconf 79' lang='grc' dir='ltr'><strong>ἀχυρώδεις</strong></span> <span class='ocrx_word' id='word_1_116' title='bbox 2386 635 2742 705; x_wconf 81' lang='grc' dir='ltr'><strong>ὑπάρχοντες,</strong></span> <span class='ocrx_word' id='word_1_117' title='bbox 2786 635 3014 708; x_wconf 73' lang='grc' dir='ltr'>ὕστερον</span> <span class='ocrx_word' id='word_1_118' title='bbox 3061 639 3149 692; x_wconf 69' lang='grc' dir='ltr'><strong>διὰ</strong></span> <span class='ocrx_word' id='word_1_119' title='bbox 3200 641 3461 705; x_wconf 85' lang='grc' dir='ltr'>πίστεως,</span> <span class='ocrx_word' id='word_1_120' title='bbox 3517 642 3614 695; x_wconf 76' lang='grc' dir='ltr'>καὶ</span> 
     </span>
    </p>
   </div>
   <div class='ocr_carea' id='block_1_22' title="bbox 2037 724 3616 804">
    <p class='ocr_par' dir='ltr' id='par_1_22' title="bbox 2037 724 3616 804">
     <span class='ocr_line' id='line_1_22' title="bbox 2037 724 3616 804; baseline 0.007 -30"><span class='ocrx_word' id='word_1_121' title='bbox 2037 724 2324 792; x_wconf 82' lang='grc' dir='ltr'><strong>μετανοίας</strong></span> <span class='ocrx_word' id='word_1_122' title='bbox 2376 726 2625 796; x_wconf 80' lang='grc' dir='ltr'><strong>μεγάλως</strong></span> <span class='ocrx_word' id='word_1_123' title='bbox 2677 727 3024 799; x_wconf 82' lang='grc' dir='ltr'>ἐλεηθέντες,</span> <span class='ocrx_word' id='word_1_124' title='bbox 3080 733 3272 802; x_wconf 79' lang='grc' dir='ltr'>χρυσοῖ</span> <span class='ocrx_word' id='word_1_125' title='bbox 3326 750 3473 797; x_wconf 86' lang='grc' dir='ltr'>τινες</span> <span class='ocrx_word' id='word_1_126' title='bbox 3518 733 3616 804; x_wconf 77' lang='grc' dir='ltr'>τὴν</span> 
     </span>
    </p>
   </div>
   <div class='ocr_carea' id='block_1_23' title="bbox 2032 812 2613 886">
    <p class='ocr_par' dir='ltr' id='par_1_23' title="bbox 2032 812 2613 886">
     <span class='ocr_line' id='line_1_23' title="bbox 2032 812 2613 886; baseline 0.014 -23"><span class='ocrx_word' id='word_1_127' title='bbox 2032 812 2258 884; x_wconf 80' lang='grc' dir='ltr'>γνώμην</span> <span class='ocrx_word' id='word_1_128' title='bbox 2287 818 2613 886; x_wconf 75' lang='grc' dir='ltr'>πεφήνασιν.</span> 
     </span>
    </p>
   </div>
   <div class='ocr_carea' id='block_1_24' title="bbox 2319 907 3330 984">
    <p class='ocr_par' dir='ltr' id='par_1_24' title="bbox 2319 907 3330 984">
     <span class='ocr_line' id='line_1_24' title="bbox 2319 907 3330 984; baseline 0.007 -26"><span class='ocrx_word' id='word_1_129' title='bbox 2319 907 2434 974; x_wconf 70' lang='grc' dir='ltr'>ις’.</span> <span class='ocrx_word' id='word_1_130' title='bbox 2467 936 2538 949; x_wconf 90' lang='lat'><strong>--</strong></span> <span class='ocrx_word' id='word_1_131' title='bbox 2571 908 2870 964; x_wconf 75' lang='grc' dir='ltr'><strong>ΑΓΑΘΩΝΙ</strong></span> <span class='ocrx_word' id='word_1_132' title='bbox 2908 909 3330 984; x_wconf 80' lang='grc' dir='ltr'><strong>ΔΕΚΕΜΒΡΙῼ.</strong></span> 
     </span>
    </p>
   </div>
   <div class='ocr_carea' id='block_1_25' title="bbox 2105 995 3613 1072">
    <p class='ocr_par' dir='ltr' id='par_1_25' title="bbox 2105 995 3613 1072">
     <span class='ocr_line' id='line_1_25' title="bbox 2105 995 3613 1072; baseline 0.006 -24"><span class='ocrx_word' id='word_1_133' title='bbox 2105 995 2243 1060; x_wconf 72' lang='grc' dir='ltr'>Τοὺς</span> <span class='ocrx_word' id='word_1_134' title='bbox 2282 995 2374 1050; x_wconf 75' lang='grc' dir='ltr'>τοῦ</span> <span class='ocrx_word' id='word_1_135' title='bbox 2418 997 2654 1051; x_wconf 77' lang='grc' dir='ltr'>Ίσδοσθὲ</span> <span class='ocrx_word' id='word_1_136' title='bbox 2676 998 2967 1070; x_wconf 83' lang='grc' dir='ltr'>ἀναιρέτας</span> <span class='ocrx_word' id='word_1_137' title='bbox 2994 1002 3026 1053; x_wconf 77' lang='grc' dir='ltr'>ὁ</span> <span class='ocrx_word' id='word_1_138' title='bbox 3056 1001 3325 1072; x_wconf 84' lang='grc' dir='ltr'>μάκαριος</span> <span class='ocrx_word' id='word_1_139' title='bbox 3349 1002 3613 1072; x_wconf 68' lang='grc' dir='ltr'>φονεύσας</span> 
     </span>
    </p>
   </div>
   <div class='ocr_carea' id='block_1_26' title="bbox 2038 1081 3617 1160">
    <p class='ocr_par' dir='ltr' id='par_1_26' title="bbox 2038 1081 3617 1160">
     <span class='ocr_line' id='line_1_26' title="bbox 2038 1081 3617 1160; baseline 0.008 -27"><span class='ocrx_word' id='word_1_140' title='bbox 2038 1081 2222 1148; x_wconf 80' lang='grc' dir='ltr'>Δαυῖδ,</span> <span class='ocrx_word' id='word_1_141' title='bbox 2255 1083 2350 1136; x_wconf 62' lang='grc' dir='ltr'>καὶ</span> <span class='ocrx_word' id='word_1_142' title='bbox 2388 1087 2579 1156; x_wconf 86' lang='grc' dir='ltr'>χεῖρας</span> <span class='ocrx_word' id='word_1_143' title='bbox 2612 1086 2817 1140; x_wconf 78' lang='grc' dir='ltr'>τούτων</span> <span class='ocrx_word' id='word_1_144' title='bbox 2847 1088 2941 1140; x_wconf 79' lang='grc' dir='ltr'>καὶ</span> <span class='ocrx_word' id='word_1_145' title='bbox 2984 1088 3149 1152; x_wconf 85' lang='grc' dir='ltr'>πόδας</span> <span class='ocrx_word' id='word_1_146' title='bbox 3188 1091 3491 1160; x_wconf 73' lang='grc' dir='ltr'>ἀποκόψας,</span> <span class='ocrx_word' id='word_1_147' title='bbox 3524 1095 3617 1145; x_wconf 64' lang='grc' dir='ltr'>ἐπὶ</span> 
     </span>
    </p>
   </div>
   <div class='ocr_carea' id='block_1_27' title="bbox 2034 1174 3613 1255">
    <p class='ocr_par' dir='ltr' id='par_1_27' title="bbox 2034 1174 3613 1255">
     <span class='ocr_line' id='line_1_27' title="bbox 2034 1174 3613 1255; baseline 0.008 -29"><span class='ocrx_word' id='word_1_148' title='bbox 2034 1174 2131 1244; x_wconf 86' lang='grc' dir='ltr'>τῆς</span> <span class='ocrx_word' id='word_1_149' title='bbox 2151 1175 2381 1246; x_wconf 76' lang='grc' dir='ltr'>κρήνης,</span> <span class='ocrx_word' id='word_1_150' title='bbox 2414 1177 2507 1230; x_wconf 76' lang='grc' dir='ltr'>καὶ</span> <span class='ocrx_word' id='word_1_151' title='bbox 2536 1178 2625 1230; x_wconf 76' lang='grc' dir='ltr'>ἐπὶ</span> <span class='ocrx_word' id='word_1_152' title='bbox 2651 1179 2740 1231; x_wconf 74' lang='grc' dir='ltr'>τοῦ</span> <span class='ocrx_word' id='word_1_153' title='bbox 2767 1177 2958 1242; x_wconf 78' lang='grc' dir='ltr'>ὓδατος</span> <span class='ocrx_word' id='word_1_154' title='bbox 2992 1181 3320 1252; x_wconf 84' lang='grc' dir='ltr'>ἐκρέμασεν.</span> <span class='ocrx_word' id='word_1_155' title='bbox 3352 1184 3613 1255; x_wconf 76' lang='grc' dir='ltr'>Σημαίνεν</span> 
     </span>
    </p>
   </div>
   <div class='ocr_carea' id='block_1_28' title="bbox 2034 1263 3612 1345">
    <p class='ocr_par' dir='ltr' id='par_1_28' title="bbox 2034 1263 3612 1345">
     <span class='ocr_line' id='line_1_28' title="bbox 2034 1263 3612 1345; baseline 0.008 -29"><span class='ocrx_word' id='word_1_156' title='bbox 2034 1263 2124 1317; x_wconf 81' lang='grc' dir='ltr'><strong>διὰ</strong></span> <span class='ocrx_word' id='word_1_157' title='bbox 2151 1265 2380 1332; x_wconf 78' lang='grc' dir='ltr'>τούτων,</span> <span class='ocrx_word' id='word_1_158' title='bbox 2414 1267 2498 1319; x_wconf 83' lang='grc' dir='ltr'>ὃτι</span> <span class='ocrx_word' id='word_1_159' title='bbox 2526 1267 2606 1338; x_wconf 84' lang='grc' dir='ltr'>τῷ</span> <span class='ocrx_word' id='word_1_160' title='bbox 2654 1268 2797 1322; x_wconf 86' lang='grc' dir='ltr'><strong>κατά</strong></span> <span class='ocrx_word' id='word_1_161' title='bbox 2846 1270 3084 1340; x_wconf 78' lang='grc' dir='ltr'>Χριστὸν</span> <span class='ocrx_word' id='word_1_162' title='bbox 3117 1274 3383 1343; x_wconf 83' lang='grc' dir='ltr'>γινομένῳ</span> <span class='ocrx_word' id='word_1_163' title='bbox 3420 1274 3612 1345; x_wconf 74' lang='grc' dir='ltr'>βαπτίο</span> 
     </span>
    </p>
   </div>
   <div class='ocr_carea' id='block_1_29' title="bbox 2037 1358 3615 1436">
    <p class='ocr_par' dir='ltr' id='par_1_29' title="bbox 2037 1358 3615 1436">
     <span class='ocr_line' id='line_1_29' title="bbox 2037 1358 3615 1436; baseline 0.006 -27"><span class='ocrx_word' id='word_1_164' title='bbox 2037 1373 2204 1427; x_wconf 84' lang='grc' dir='ltr'>σματι</span> <span class='ocrx_word' id='word_1_165' title='bbox 2234 1358 2750 1429; x_wconf 70' lang='grc' dir='ltr'>ἀκροτηριάξονται,</span> <span class='ocrx_word' id='word_1_166' title='bbox 2784 1364 2880 1413; x_wconf 73' lang='grc' dir='ltr'><strong>καὶ</strong></span> <span class='ocrx_word' id='word_1_167' title='bbox 2910 1362 3257 1433; x_wconf 74' lang='grc' dir='ltr'>ἀναιροῦνται</span> <span class='ocrx_word' id='word_1_168' title='bbox 3287 1367 3333 1417; x_wconf 92' lang='grc' dir='ltr'><strong>οί</strong></span> <span class='ocrx_word' id='word_1_169' title='bbox 3376 1365 3482 1434; x_wconf 85' lang='grc' dir='ltr'>πρὸ</span> <span class='ocrx_word' id='word_1_170' title='bbox 3517 1368 3615 1436; x_wconf 81' lang='grc' dir='ltr'>τῆς</span> 
     </span>
    </p>
   </div>
   <div class='ocr_carea' id='block_1_30' title="bbox 2037 1448 3618 1528">
    <p class='ocr_par' dir='ltr' id='par_1_30' title="bbox 2037 1448 3618 1528">
     <span class='ocr_line' id='line_1_30' title="bbox 2037 1448 3618 1528; baseline 0.006 -27"><span class='ocrx_word' id='word_1_171' title='bbox 2037 1448 2273 1514; x_wconf 89' lang='grc' dir='ltr'>πίστεως</span> <span class='ocrx_word' id='word_1_172' title='bbox 2324 1452 2474 1522; x_wconf 78' lang='grc' dir='ltr'>ἡμᾶς</span> <span class='ocrx_word' id='word_1_173' title='bbox 2513 1451 2949 1523; x_wconf 77' lang='grc' dir='ltr'>δουλωσάμενοι,</span> <span class='ocrx_word' id='word_1_174' title='bbox 2980 1453 3074 1507; x_wconf 72' lang='grc' dir='ltr'>καὶ</span> <span class='ocrx_word' id='word_1_175' title='bbox 3109 1455 3207 1518; x_wconf 79' lang='grc' dir='ltr'>τὰς</span> <span class='ocrx_word' id='word_1_176' title='bbox 3234 1455 3409 1527; x_wconf 75' lang='grc' dir='ltr'>ψυχὰς</span> <span class='ocrx_word' id='word_1_177' title='bbox 3461 1459 3618 1528; x_wconf 67' lang='grc' dir='ltr'>ἡμῶν</span> 
     </span>
    </p>
   </div>
   <div class='ocr_carea' id='block_1_31' title="bbox 2038 1542 2765 1614">
    <p class='ocr_par' dir='ltr' id='par_1_31' title="bbox 2038 1542 2765 1614">
     <span class='ocr_line' id='line_1_31' title="bbox 2038 1542 2765 1614; baseline 0.007 -19"><span class='ocrx_word' id='word_1_178' title='bbox 2038 1542 2459 1604; x_wconf 80' lang='grc' dir='ltr'>ἀποκτείναντες</span> <span class='ocrx_word' id='word_1_179' title='bbox 2492 1543 2765 1614; x_wconf 85' lang='grc' dir='ltr'>δαίμονες.</span> 
     </span>
    </p>
   </div>
   <div class='ocr_carea' id='block_1_32' title="bbox 2560 1638 3084 1705">
    <p class='ocr_par' dir='ltr' id='par_1_32' title="bbox 2560 1638 3084 1705">
     <span class='ocr_line' id='line_1_32' title="bbox 2560 1638 3084 1705; baseline 0.008 -15"><span class='ocrx_word' id='word_1_180' title='bbox 2560 1638 2657 1691; x_wconf 90' lang='lat' dir='ltr'><strong>IZ&#39;.</strong></span> <span class='ocrx_word' id='word_1_181' title='bbox 2686 1667 2755 1677; x_wconf 83' lang='lat'><strong>-—</strong></span> <span class='ocrx_word' id='word_1_182' title='bbox 2793 1638 2874 1703; x_wconf 79' lang='grc' dir='ltr'><strong>Τῷ</strong></span> <span class='ocrx_word' id='word_1_183' title='bbox 2906 1640 3084 1705; x_wconf 80' lang='grc' dir='ltr'>αὐτῷ.</span> 
     </span>
    </p>
   </div>
   <div class='ocr_carea' id='block_1_33' title="bbox 2108 1712 3614 1806">
    <p class='ocr_par' dir='ltr' id='par_1_33' title="bbox 2108 1712 3614 1806">
     <span class='ocr_line' id='line_1_33' title="bbox 2108 1712 3614 1806; baseline 0.005 -26"><span class='ocrx_word' id='word_1_184' title='bbox 2108 1726 2264 1780; x_wconf 76' lang='grc' dir='ltr'>Μετά</span> <span class='ocrx_word' id='word_1_185' title='bbox 2301 1727 2393 1780; x_wconf 73' lang='grc' dir='ltr'><strong>τὸν</strong></span> <span class='ocrx_word' id='word_1_186' title='bbox 2450 1712 2745 1782; x_wconf 83' lang='grc' dir='ltr'>Μωσαῖκὸν</span> <span class='ocrx_word' id='word_1_187' title='bbox 2794 1732 2957 1801; x_wconf 89' lang='grc' dir='ltr'>νόμον</span> <span class='ocrx_word' id='word_1_188' title='bbox 3004 1734 3357 1802; x_wconf 80' lang='grc' dir='ltr'><strong>ἐπεισαγωγὴ</strong></span> <span class='ocrx_word' id='word_1_189' title='bbox 3399 1735 3614 1806; x_wconf 80' lang='grc' dir='ltr'>ἐδείχθη</span> 
     </span>
    </p>
   </div>
   <div class='ocr_carea' id='block_1_34' title="bbox 351 1818 1935 1895">
    <p class='ocr_par' dir='ltr' id='par_1_34' title="bbox 351 1819 1934 1888">
     <span class='ocr_line' id='line_1_34' title="bbox 351 1819 1934 1888; baseline -0.003 -13"><span class='ocrx_word' id='word_1_190' title='bbox 351 1831 495 1875; x_wconf 92' lang='lat' dir='ltr'><strong>ctam</strong></span> <span class='ocrx_word' id='word_1_191' title='bbox 550 1820 724 1875; x_wconf 78' lang='lat' dir='ltr'><strong>fuisse</strong></span> <span class='ocrx_word' id='word_1_192' title='bbox 779 1820 960 1875; x_wconf 89' lang='lat' dir='ltr'><strong>edocti</strong></span> <span class='ocrx_word' id='word_1_193' title='bbox 1016 1835 1250 1883; x_wconf 87' lang='lat' dir='ltr'><strong>sumus,</strong></span> <span class='ocrx_word' id='word_1_194' title='bbox 1303 1835 1396 1888; x_wconf 90' lang='lat' dir='ltr'><strong>per</strong></span> <span class='ocrx_word' id='word_1_195' title='bbox 1446 1834 1609 1887; x_wconf 90' lang='lat' dir='ltr'><strong>quam</strong></span> <span class='ocrx_word' id='word_1_196' title='bbox 1666 1819 1934 1872; x_wconf 70' lang='lat' dir='ltr'><strong>inltmrere</strong></span> 
     </span>
    </p>
   </div>
   <div class='ocr_carea' id='block_1_35' title="bbox 2048 1818 3606 1895">
    <p class='ocr_par' dir='ltr' id='par_1_35' title="bbox 2048 1818 3606 1895">
     <span class='ocr_line' id='line_1_35' title="bbox 2048 1818 3606 1895; baseline 0.007 -26"><span class='ocrx_word' id='word_1_197' title='bbox 2048 1822 2135 1888; x_wconf 77' lang='grc' dir='ltr'>τῆς</span> <span class='ocrx_word' id='word_1_198' title='bbox 2159 1819 2470 1888; x_wconf 83' lang='grc' dir='ltr'>κρείττονος</span> <span class='ocrx_word' id='word_1_199' title='bbox 2497 1821 2733 1887; x_wconf 80' lang='grc' dir='ltr'>ἐλπίδος,</span> <span class='ocrx_word' id='word_1_200' title='bbox 2763 1818 2921 1893; x_wconf 49' lang='grc' dir='ltr'>δι’νῆς</span> <span class='ocrx_word' id='word_1_201' title='bbox 2943 1824 3180 1892; x_wconf 74' lang='grc' dir='ltr'>ἐγγίζειν</span> <span class='ocrx_word' id='word_1_202' title='bbox 3204 1825 3281 1895; x_wconf 81' lang='grc' dir='ltr'><strong>τῷ</strong></span> <span class='ocrx_word' id='word_1_203' title='bbox 3307 1824 3425 1895; x_wconf 80' lang='grc' dir='ltr'>Θεῷ</span> <span class='ocrx_word' id='word_1_204' title='bbox 3452 1826 3606 1880; x_wconf 79' lang='grc' dir='ltr'>δυνάο</span> 
     </span>
    </p>
   </div>
   <div class='ocr_carea' id='block_1_36' title="bbox 351 1910 1935 1981">
    <p class='ocr_par' dir='ltr' id='par_1_36' title="bbox 351 1910 1935 1981">
     <span class='ocr_line' id='line_1_36' title="bbox 351 1910 1935 1981; baseline -0.003 -14"><span class='ocrx_word' id='word_1_205' title='bbox 351 1913 463 1968; x_wconf 89' lang='lat' dir='ltr'><strong>Deo</strong></span> <span class='ocrx_word' id='word_1_206' title='bbox 513 1926 832 1981; x_wconf 89' lang='lat' dir='ltr'><strong>possumus.</strong></span> <span class='ocrx_word' id='word_1_207' title='bbox 886 1911 1075 1981; x_wconf 86' lang='lat' dir='ltr'><strong>Itaque</strong></span> <span class='ocrx_word' id='word_1_208' title='bbox 1127 1930 1145 1963; x_wconf 82' lang='grc' dir='ltr'><strong>ι</strong></span> <span class='ocrx_word' id='word_1_209' title='bbox 1184 1911 1638 1981; x_wconf 79' lang='lat' dir='ltr'><strong>Appropinqnate</strong></span> <span class='ocrx_word' id='word_1_210' title='bbox 1688 1910 1830 1974; x_wconf 86' lang='lat' dir='ltr'><strong>Deo,</strong></span> <span class='ocrx_word' id='word_1_211' title='bbox 1881 1918 1935 1964; x_wconf 88' lang='lat' dir='ltr'><strong>et</strong></span> 
     </span>
    </p>
   </div>
   <div class='ocr_carea' id='block_1_37' title="bbox 351 2003 1935 2074">
    <p class='ocr_par' dir='ltr' id='par_1_37' title="bbox 351 2003 1935 2074">
     <span class='ocr_line' id='line_1_37' title="bbox 351 2003 1935 2074; baseline 0.001 -16"><span class='ocrx_word' id='word_1_212' title='bbox 351 2003 815 2074; x_wconf 86' lang='lat' dir='ltr'><strong>appropinquabit</strong></span> <span class='ocrx_word' id='word_1_213' title='bbox 854 2004 1012 2059; x_wconf 83' lang='lat' dir='ltr'><strong>vobis</strong></span> <span class='ocrx_word' id='word_1_214' title='bbox 1043 2004 1109 2070; x_wconf 82' lang='grc'><strong>¹”,</strong></span> <span class='ocrx_word' id='word_1_215' title='bbox 1150 2022 1166 2055; x_wconf 77' lang='grc' dir='ltr'><strong>ι</strong></span> <span class='ocrx_word' id='word_1_216' title='bbox 1206 2013 1264 2058; x_wconf 81' lang='grc' dir='ltr'><strong>ιιι</strong></span> <span class='ocrx_word' id='word_1_217' title='bbox 1290 2004 1527 2059; x_wconf 79' lang='lat' dir='ltr'><strong>Jacobus</strong></span> <span class='ocrx_word' id='word_1_218' title='bbox 1556 2004 1650 2058; x_wconf 88' lang='lat' dir='ltr'><strong>ait.</strong></span> <span class='ocrx_word' id='word_1_219' title='bbox 1681 2004 1935 2059; x_wconf 82' lang='lat' dir='ltr'><strong>Attamen</strong></span> 
     </span>
    </p>
   </div>
   <div class='ocr_carea' id='block_1_38' title="bbox 351 2096 1934 2167">
    <p class='ocr_par' dir='ltr' id='par_1_38' title="bbox 351 2096 1934 2167">
     <span class='ocr_line' id='line_1_38' title="bbox 351 2096 1934 2167; baseline -0.002 -16"><span class='ocrx_word' id='word_1_220' title='bbox 351 2096 669 2151; x_wconf 74' lang='lat' dir='ltr'><strong>Judzeorum</strong></span> <span class='ocrx_word' id='word_1_221' title='bbox 726 2097 969 2167; x_wconf 84' lang='lat' dir='ltr'><strong>populus</strong></span> <span class='ocrx_word' id='word_1_222' title='bbox 1017 2097 1237 2151; x_wconf 86' lang='lat' dir='ltr'><strong>nolebat</strong></span> <span class='ocrx_word' id='word_1_223' title='bbox 1297 2112 1394 2167; x_wconf 91' lang='lat' dir='ltr'><strong>per</strong></span> <span class='ocrx_word' id='word_1_224' title='bbox 1451 2110 1602 2165; x_wconf 80' lang='lat' dir='ltr'><strong>spem</strong></span> <span class='ocrx_word' id='word_1_225' title='bbox 1657 2107 1711 2151; x_wconf 89' lang='lat' dir='ltr'><strong>et</strong></span> <span class='ocrx_word' id='word_1_226' title='bbox 1776 2097 1934 2149; x_wconf 80' lang='lat' dir='ltr'><strong>Iidem</strong></span> 
     </span>
    </p>
   </div>
   <div class='ocr_carea' id='block_1_39' title="bbox 352 2186 1945 2260">
    <p class='ocr_par' dir='ltr' id='par_1_39' title="bbox 352 2186 1945 2260">
     <span class='ocr_line' id='line_1_39' title="bbox 352 2186 1945 2260; baseline 0.003 -19"><span class='ocrx_word' id='word_1_227' title='bbox 352 2203 522 2259; x_wconf 83' lang='lat' dir='ltr'><strong>prepe</strong></span> <span class='ocrx_word' id='word_1_228' title='bbox 575 2187 728 2252; x_wconf 74' lang='lat' dir='ltr'><strong>ﬁeri,</strong></span> <span class='ocrx_word' id='word_1_229' title='bbox 764 2188 1109 2260; x_wconf 73' lang='lat' dir='ltr'><strong>Donrinque</strong></span> <span class='ocrx_word' id='word_1_230' title='bbox 1140 2188 1535 2260; x_wconf 85' lang='lat' dir='ltr'><strong>conglutinari.</strong></span> <span class='ocrx_word' id='word_1_231' title='bbox 1589 2186 1945 2258; x_wconf 80' lang='lat' dir='ltr'><strong>Quapropter.</strong></span> 
     </span>
    </p>
   </div>
   <div class='ocr_carea' id='block_1_40' title="bbox 355 2279 1936 2350">
    <p class='ocr_par' dir='ltr' id='par_1_40' title="bbox 355 2279 1936 2350">
     <span class='ocr_line' id='line_1_40' title="bbox 355 2279 1936 2350; baseline -0.002 -14"><span class='ocrx_word' id='word_1_232' title='bbox 355 2281 526 2336; x_wconf 85' lang='lat' dir='ltr'><strong>David</strong></span> <span class='ocrx_word' id='word_1_233' title='bbox 550 2281 775 2336; x_wconf 85' lang='lat' dir='ltr'><strong>dicebat</strong></span> <span class='ocrx_word' id='word_1_234' title='bbox 808 2298 821 2336; x_wconf 94' lang='lat'><strong>:</strong></span> <span class='ocrx_word' id='word_1_235' title='bbox 857 2299 875 2332; x_wconf 80' lang='grc' dir='ltr'><strong>ι</strong></span> <span class='ocrx_word' id='word_1_236' title='bbox 910 2280 993 2334; x_wconf 87' lang='lat' dir='ltr'><strong>Ira</strong></span> <span class='ocrx_word' id='word_1_237' title='bbox 1027 2281 1276 2336; x_wconf 85' lang='lat' dir='ltr'><strong>ascendit</strong></span> <span class='ocrx_word' id='word_1_238' title='bbox 1306 2282 1360 2335; x_wconf 90' lang='lat' dir='ltr'><strong>in</strong></span> <span class='ocrx_word' id='word_1_239' title='bbox 1396 2279 1564 2335; x_wconf 86' lang='lat' dir='ltr'><strong>Israel</strong></span> <span class='ocrx_word' id='word_1_240' title='bbox 1595 2280 1639 2311; x_wconf 75' lang='grc' dir='ltr'>’θ</span> <span class='ocrx_word' id='word_1_241' title='bbox 1669 2299 1682 2335; x_wconf 90' lang='lat'><strong>:</strong></span> <span class='ocrx_word' id='word_1_242' title='bbox 1716 2298 1734 2332; x_wconf 72' lang='grc' dir='ltr'><strong>ι</strong></span> <span class='ocrx_word' id='word_1_243' title='bbox 1762 2296 1936 2350; x_wconf 83' lang='lat' dir='ltr'><strong>quau-</strong></span> 
     </span>
    </p>
   </div>
   <div class='ocr_carea' id='block_1_41' title="bbox 353 2369 1936 2442">
    <p class='ocr_par' dir='ltr' id='par_1_41' title="bbox 353 2369 1936 2442">
     <span class='ocr_line' id='line_1_41' title="bbox 353 2369 1936 2442; baseline 0.001 -18"><span class='ocrx_word' id='word_1_244' title='bbox 353 2369 644 2440; x_wconf 84' lang='lat' dir='ltr'><strong>doquidem</strong></span> <span class='ocrx_word' id='word_1_245' title='bbox 677 2386 786 2426; x_wconf 88' lang='lat' dir='ltr'><strong>non</strong></span> <span class='ocrx_word' id='word_1_246' title='bbox 815 2371 1051 2427; x_wconf 84' lang='lat' dir='ltr'><strong>credidit</strong></span> <span class='ocrx_word' id='word_1_247' title='bbox 1086 2370 1193 2426; x_wconf 88' lang='lat' dir='ltr'><strong>Deo</strong></span> <span class='ocrx_word' id='word_1_248' title='bbox 1215 2412 1229 2434; x_wconf 86' lang='lat'><strong>,</strong></span> <span class='ocrx_word' id='word_1_249' title='bbox 1263 2388 1442 2442; x_wconf 88' lang='lat' dir='ltr'><strong>neque</strong></span> <span class='ocrx_word' id='word_1_250' title='bbox 1472 2372 1715 2441; x_wconf 73' lang='lat' dir='ltr'><strong>speravit</strong></span> <span class='ocrx_word' id='word_1_251' title='bbox 1758 2373 1811 2426; x_wconf 90' lang='lat' dir='ltr'><strong>in</strong></span> <span class='ocrx_word' id='word_1_252' title='bbox 1846 2389 1936 2428; x_wconf 55' lang='lat' dir='ltr'><strong>sa-</strong></span> 
     </span>
    </p>
   </div>
   <div class='ocr_carea' id='block_1_42' title="bbox 354 2463 1934 2534">
    <p class='ocr_par' dir='ltr' id='par_1_42' title="bbox 354 2463 1934 2534">
     <span class='ocr_line' id='line_1_42' title="bbox 354 2463 1934 2534; baseline 0.002 -18"><span class='ocrx_word' id='word_1_253' title='bbox 354 2463 531 2518; x_wconf 90' lang='lat' dir='ltr'><strong>lutare</strong></span> <span class='ocrx_word' id='word_1_254' title='bbox 562 2463 731 2518; x_wconf 89' lang='lat' dir='ltr'><strong>illius.</strong></span> <span class='ocrx_word' id='word_1_255' title='bbox 768 2464 885 2534; x_wconf 84' lang='lat' dir='ltr'><strong>Ipse</strong></span> <span class='ocrx_word' id='word_1_256' title='bbox 914 2479 1138 2520; x_wconf 90' lang='lat' dir='ltr'><strong>rursum</strong></span> <span class='ocrx_word' id='word_1_257' title='bbox 1176 2464 1319 2519; x_wconf 86' lang='lat' dir='ltr'><strong>Deus</strong></span> <span class='ocrx_word' id='word_1_258' title='bbox 1353 2479 1450 2534; x_wconf 87' lang='lat' dir='ltr'><strong>per</strong></span> <span class='ocrx_word' id='word_1_259' title='bbox 1502 2464 1699 2519; x_wconf 87' lang='lat' dir='ltr'><strong>Isaiam</strong></span> <span class='ocrx_word' id='word_1_260' title='bbox 1753 2481 1934 2519; x_wconf 85' lang='lat' dir='ltr'><strong>enun-</strong></span> 
     </span>
    </p>
   </div>
   <div class='ocr_carea' id='block_1_43' title="bbox 354 2555 1933 2626">
    <p class='ocr_par' dir='ltr' id='par_1_43' title="bbox 354 2555 1933 2626">
     <span class='ocr_line' id='line_1_43' title="bbox 354 2555 1933 2626; baseline 0.003 -19"><span class='ocrx_word' id='word_1_261' title='bbox 354 2556 514 2609; x_wconf 82' lang='lat' dir='ltr'><strong>tiavit</strong></span> <span class='ocrx_word' id='word_1_262' title='bbox 545 2574 557 2609; x_wconf 93' lang='lat'><strong>:</strong></span> <span class='ocrx_word' id='word_1_263' title='bbox 591 2574 608 2607; x_wconf 86' lang='grc' dir='ltr'><strong>ι</strong></span> <span class='ocrx_word' id='word_1_264' title='bbox 643 2555 888 2626; x_wconf 86' lang='lat' dir='ltr'><strong>Populus</strong></span> <span class='ocrx_word' id='word_1_265' title='bbox 922 2558 1025 2611; x_wconf 87' lang='lat' dir='ltr'><strong>iste</strong></span> <span class='ocrx_word' id='word_1_266' title='bbox 1056 2556 1217 2611; x_wconf 89' lang='lat' dir='ltr'><strong>labiis</strong></span> <span class='ocrx_word' id='word_1_267' title='bbox 1249 2572 1333 2610; x_wconf 87' lang='lat' dir='ltr'><strong>me</strong></span> <span class='ocrx_word' id='word_1_268' title='bbox 1369 2564 1551 2620; x_wconf 84' lang='lat' dir='ltr'><strong>amat,</strong></span> <span class='ocrx_word' id='word_1_269' title='bbox 1599 2572 1697 2610; x_wconf 85' lang='lat' dir='ltr'><strong>cor</strong></span> <span class='ocrx_word' id='word_1_270' title='bbox 1749 2565 1933 2611; x_wconf 88' lang='lat' dir='ltr'><strong>autem</strong></span> 
     </span>
    </p>
   </div>
   <div class='ocr_carea' id='block_1_44' title="bbox 353 2641 1188 2713">
    <p class='ocr_par' dir='ltr' id='par_1_44' title="bbox 353 2641 1188 2713">
     <span class='ocr_line' id='line_1_44' title="bbox 353 2641 1188 2713; baseline 0 -18"><span class='ocrx_word' id='word_1_271' title='bbox 353 2656 547 2695; x_wconf 84' lang='lat' dir='ltr'><strong>eorum</strong></span> <span class='ocrx_word' id='word_1_272' title='bbox 580 2641 743 2713; x_wconf 81' lang='lat' dir='ltr'><strong>longe</strong></span> <span class='ocrx_word' id='word_1_273' title='bbox 772 2654 859 2698; x_wconf 84' lang='lat' dir='ltr'><strong>est</strong></span> <span class='ocrx_word' id='word_1_274' title='bbox 891 2659 918 2697; x_wconf 90' lang='lat' dir='ltr'><strong>a</strong></span> <span class='ocrx_word' id='word_1_275' title='bbox 955 2659 1039 2698; x_wconf 87' lang='lat' dir='ltr'><strong>me</strong></span> <span class='ocrx_word' id='word_1_276' title='bbox 1067 2645 1136 2696; x_wconf 84' lang='grc'><strong>²¹.</strong></span> <span class='ocrx_word' id='word_1_277' title='bbox 1171 2662 1188 2695; x_wconf 75' lang='grc' dir='ltr'><strong>ι</strong></span> 
     </span>
    </p>
   </div>
   <div class='ocr_carea' id='block_1_45' title="bbox 786 2732 1504 2803">
    <p class='ocr_par' dir='ltr' id='par_1_45' title="bbox 786 2732 1504 2803">
     <span class='ocr_line' id='line_1_45' title="bbox 786 2732 1504 2803; baseline -0.006 -12"><span class='ocrx_word' id='word_1_278' title='bbox 786 2734 947 2803; x_wconf 77' lang='grc'><strong>128</strong></span> <span class='ocrx_word' id='word_1_279' title='bbox 977 2732 1163 2787; x_wconf 70' lang='lat' dir='ltr'><strong>XVIII.</strong></span> <span class='ocrx_word' id='word_1_280' title='bbox 1198 2764 1263 2774; x_wconf 96' lang='lat'><strong>—</strong></span> <span class='ocrx_word' id='word_1_281' title='bbox 1288 2732 1504 2787; x_wconf 73' lang='lat' dir='ltr'><strong>Eidem.</strong></span> 
     </span>
    </p>
   </div>
   <div class='ocr_carea' id='block_1_46' title="bbox 430 2824 1931 2895">
    <p class='ocr_par' dir='ltr' id='par_1_46' title="bbox 430 2824 1931 2895">
     <span class='ocr_line' id='line_1_46' title="bbox 430 2824 1931 2895; baseline 0 -16"><span class='ocrx_word' id='word_1_282' title='bbox 430 2824 510 2879; x_wconf 70' lang='lat' dir='ltr'><strong>Et</strong></span> <span class='ocrx_word' id='word_1_283' title='bbox 558 2824 823 2895; x_wconf 84' lang='lat' dir='ltr'><strong>improbis</strong></span> <span class='ocrx_word' id='word_1_284' title='bbox 868 2824 1116 2894; x_wconf 87' lang='lat' dir='ltr'><strong>plerique</strong></span> <span class='ocrx_word' id='word_1_285' title='bbox 1148 2827 1407 2881; x_wconf 84' lang='lat' dir='ltr'><strong>tenebras</strong></span> <span class='ocrx_word' id='word_1_286' title='bbox 1442 2825 1494 2880; x_wconf 88' lang='lat' dir='ltr'><strong>in</strong></span> <span class='ocrx_word' id='word_1_287' title='bbox 1529 2825 1695 2879; x_wconf 87' lang='lat' dir='ltr'><strong>corde</strong></span> <span class='ocrx_word' id='word_1_288' title='bbox 1722 2839 1822 2878; x_wconf 85' lang='lat' dir='ltr'><strong>suo</strong></span> <span class='ocrx_word' id='word_1_289' title='bbox 1854 2834 1931 2879; x_wconf 83' lang='lat' dir='ltr'><strong>te-</strong></span> 
     </span>
    </p>
   </div>
   <div class='ocr_carea' id='block_1_47' title="bbox 355 2915 1934 2987">
    <p class='ocr_par' dir='ltr' id='par_1_47' title="bbox 355 2915 1934 2987">
     <span class='ocr_line' id='line_1_47' title="bbox 355 2915 1934 2987; baseline -0.002 -15"><span class='ocrx_word' id='word_1_290' title='bbox 355 2918 525 2972; x_wconf 86' lang='lat' dir='ltr'><strong>tricas</strong></span> <span class='ocrx_word' id='word_1_291' title='bbox 556 2917 701 2971; x_wconf 88' lang='lat' dir='ltr'><strong>clam</strong></span> <span class='ocrx_word' id='word_1_292' title='bbox 729 2930 854 2971; x_wconf 90' lang='lat' dir='ltr'><strong>esse</strong></span> <span class='ocrx_word' id='word_1_293' title='bbox 884 2916 1011 2971; x_wconf 88' lang='lat' dir='ltr'><strong>aliis</strong></span> <span class='ocrx_word' id='word_1_294' title='bbox 1044 2915 1365 2974; x_wconf 88' lang='lat' dir='ltr'><strong>hominibus</strong></span> <span class='ocrx_word' id='word_1_295' title='bbox 1395 2918 1707 2987; x_wconf 84' lang='lat' dir='ltr'><strong>cupientes,</strong></span> <span class='ocrx_word' id='word_1_296' title='bbox 1741 2918 1934 2986; x_wconf 75' lang='lat' dir='ltr'><strong>ingen-</strong></span> 
     </span>
    </p>
   </div>
   <div class='ocr_carea' id='block_1_48' title="bbox 354 3008 1937 3081">
    <p class='ocr_par' dir='ltr' id='par_1_48' title="bbox 354 3008 1937 3081">
     <span class='ocr_line' id='line_1_48' title="bbox 354 3008 1937 3081; baseline 0 -17"><span class='ocrx_word' id='word_1_297' title='bbox 354 3021 438 3066; x_wconf 90' lang='lat' dir='ltr'><strong>tes</strong></span> <span class='ocrx_word' id='word_1_298' title='bbox 469 3010 615 3064; x_wconf 87' lang='lat' dir='ltr'><strong>risus</strong></span> <span class='ocrx_word' id='word_1_299' title='bbox 645 3008 853 3073; x_wconf 82' lang='lat' dir='ltr'><strong>edunt,</strong></span> <span class='ocrx_word' id='word_1_300' title='bbox 886 3008 1245 3081; x_wconf 70' lang='lat' dir='ltr'><strong>Iretitiamque</strong></span> <span class='ocrx_word' id='word_1_301' title='bbox 1277 3011 1443 3064; x_wconf 88' lang='lat' dir='ltr'><strong>veluti</strong></span> <span class='ocrx_word' id='word_1_302' title='bbox 1476 3012 1529 3064; x_wconf 90' lang='lat' dir='ltr'><strong>in</strong></span> <span class='ocrx_word' id='word_1_303' title='bbox 1563 3010 1779 3064; x_wconf 88' lang='lat' dir='ltr'><strong>theatro</strong></span> <span class='ocrx_word' id='word_1_304' title='bbox 1814 3023 1937 3079; x_wconf 62' lang='lat' dir='ltr'><strong>pero</strong></span> 
     </span>
    </p>
   </div>
   <div class='ocr_carea' id='block_1_49' title="bbox 2041 1906 3610 1986">
    <p class='ocr_par' dir='ltr' id='par_1_49' title="bbox 2041 1906 3610 1986">
     <span class='ocr_line' id='line_1_49' title="bbox 2041 1906 3610 1986; baseline 0.008 -29"><span class='ocrx_word' id='word_1_305' title='bbox 2041 1906 2200 1976; x_wconf 89' lang='grc' dir='ltr'>μεθα.</span> <span class='ocrx_word' id='word_1_306' title='bbox 2227 1909 2437 1962; x_wconf 78' lang='grc' dir='ltr'>Οὐκοῦν</span> <span class='ocrx_word' id='word_1_307' title='bbox 2471 1930 2487 1961; x_wconf 84' lang='grc' dir='ltr'><strong>ι</strong></span> <span class='ocrx_word' id='word_1_308' title='bbox 2514 1911 2799 1980; x_wconf 84' lang='grc' dir='ltr'>Ἐγγίσατε</span> <span class='ocrx_word' id='word_1_309' title='bbox 2833 1915 2910 1985; x_wconf 82' lang='grc' dir='ltr'>τῷ</span> <span class='ocrx_word' id='word_1_310' title='bbox 2939 1914 3078 1984; x_wconf 83' lang='grc' dir='ltr'>Θεῷ,</span> <span class='ocrx_word' id='word_1_311' title='bbox 3105 1917 3196 1969; x_wconf 82' lang='grc' dir='ltr'>καὶ</span> <span class='ocrx_word' id='word_1_312' title='bbox 3232 1918 3407 1984; x_wconf 85' lang='grc' dir='ltr'>ἐγγιεϊ</span> <span class='ocrx_word' id='word_1_313' title='bbox 3428 1918 3610 1986; x_wconf 51' lang='lat' dir='ltr'><strong>opime</strong></span> 
     </span>
    </p>
   </div>
   <div class='ocr_carea' id='block_1_50' title="bbox 2036 1998 3616 2071">
    <p class='ocr_par' dir='ltr' id='par_1_50' title="bbox 2036 1998 3616 2071">
     <span class='ocr_line' id='line_1_50' title="bbox 2036 1998 3616 2071; baseline 0.006 -19"><span class='ocrx_word' id='word_1_314' title='bbox 2036 1998 2179 2052; x_wconf 85' lang='grc' dir='ltr'>καθὰ</span> <span class='ocrx_word' id='word_1_315' title='bbox 2207 2017 2372 2070; x_wconf 78' lang='grc' dir='ltr'>φησιν</span> <span class='ocrx_word' id='word_1_316' title='bbox 2407 2000 2683 2065; x_wconf 82' lang='grc' dir='ltr'>’1ἀκω6ος.</span> <span class='ocrx_word' id='word_1_317' title='bbox 2722 2004 2780 2056; x_wconf 89' lang='lat'><strong>&#39;0</strong></span> <span class='ocrx_word' id='word_1_318' title='bbox 2812 2005 2869 2057; x_wconf 79' lang='grc' dir='ltr'>δὲ</span> <span class='ocrx_word' id='word_1_319' title='bbox 2900 2005 3009 2058; x_wconf 85' lang='grc' dir='ltr'><strong>τῶν</strong></span> <span class='ocrx_word' id='word_1_320' title='bbox 3050 2006 3320 2059; x_wconf 84' lang='grc' dir='ltr'>Ἰουδαίων</span> <span class='ocrx_word' id='word_1_321' title='bbox 3350 2006 3479 2071; x_wconf 82' lang='grc' dir='ltr'>λαὸς</span> <span class='ocrx_word' id='word_1_322' title='bbox 3513 2008 3616 2061; x_wconf 74' lang='grc' dir='ltr'>οὐκ</span> 
     </span>
    </p>
   </div>
   <div class='ocr_carea' id='block_1_51' title="bbox 2035 2089 3615 2165">
    <p class='ocr_par' dir='ltr' id='par_1_51' title="bbox 2035 2089 3615 2165">
     <span class='ocr_line' id='line_1_51' title="bbox 2035 2089 3615 2165; baseline 0.008 -25"><span class='ocrx_word' id='word_1_323' title='bbox 2035 2089 2192 2161; x_wconf 68' lang='grc' dir='ltr'>ἤθελε</span> <span class='ocrx_word' id='word_1_324' title='bbox 2243 2091 2310 2144; x_wconf 86' lang='grc' dir='ltr'><strong>δι’</strong></span> <span class='ocrx_word' id='word_1_325' title='bbox 2335 2092 2546 2157; x_wconf 82' lang='grc' dir='ltr'>ἐλπίδος</span> <span class='ocrx_word' id='word_1_326' title='bbox 2582 2094 2675 2147; x_wconf 71' lang='grc' dir='ltr'>καὶ</span> <span class='ocrx_word' id='word_1_327' title='bbox 2723 2095 2956 2159; x_wconf 86' lang='grc' dir='ltr'>πίστεως</span> <span class='ocrx_word' id='word_1_328' title='bbox 2993 2097 3260 2165; x_wconf 79' lang='grc' dir='ltr'>ἐγγίζειν,</span> <span class='ocrx_word' id='word_1_329' title='bbox 3290 2100 3383 2151; x_wconf 70' lang='grc' dir='ltr'>καὶ</span> <span class='ocrx_word' id='word_1_330' title='bbox 3421 2099 3615 2153; x_wconf 74' lang='grc' dir='ltr'>κολλᾶο</span> 
     </span>
    </p>
   </div>
   <div class='ocr_carea' id='block_1_52' title="bbox 2038 2180 3619 2260">
    <p class='ocr_par' dir='ltr' id='par_1_52' title="bbox 2038 2180 3619 2260">
     <span class='ocr_line' id='line_1_52' title="bbox 2038 2180 3619 2260; baseline 0.006 -26"><span class='ocrx_word' id='word_1_331' title='bbox 2038 2180 2162 2235; x_wconf 83' lang='grc' dir='ltr'>σθαι</span> <span class='ocrx_word' id='word_1_332' title='bbox 2188 2183 2399 2255; x_wconf 84' lang='grc' dir='ltr'>Κυρίῳ,</span> <span class='ocrx_word' id='word_1_333' title='bbox 2425 2184 2616 2257; x_wconf 85' lang='grc' dir='ltr'>διόπερ</span> <span class='ocrx_word' id='word_1_334' title='bbox 2649 2186 2810 2239; x_wconf 75' lang='grc' dir='ltr'>Δαυῒδ</span> <span class='ocrx_word' id='word_1_335' title='bbox 2837 2187 3044 2255; x_wconf 78' lang='grc' dir='ltr'>ἔλεγεν,</span> <span class='ocrx_word' id='word_1_336' title='bbox 3082 2190 3165 2243; x_wconf 84' lang='grc' dir='ltr'>ὅτι</span> <span class='ocrx_word' id='word_1_337' title='bbox 3200 2207 3218 2241; x_wconf 84' lang='grc' dir='ltr'><strong>ι</strong></span> <span class='ocrx_word' id='word_1_338' title='bbox 3257 2190 3425 2260; x_wconf 80' lang='grc' dir='ltr'>Ὀργὴ</span> <span class='ocrx_word' id='word_1_339' title='bbox 3448 2191 3619 2244; x_wconf 67' lang='grc' dir='ltr'>ἀνέϐη</span> 
     </span>
    </p>
   </div>
   <div class='ocr_carea' id='block_1_53' title="bbox 2036 2274 3619 2351">
    <p class='ocr_par' dir='ltr' id='par_1_53' title="bbox 2036 2274 3619 2351">
     <span class='ocr_line' id='line_1_53' title="bbox 2036 2274 3619 2351; baseline 0.006 -26"><span class='ocrx_word' id='word_1_340' title='bbox 2036 2274 2129 2325; x_wconf 74' lang='grc' dir='ltr'>ἐπὶ</span> <span class='ocrx_word' id='word_1_341' title='bbox 2156 2274 2244 2329; x_wconf 77' lang='grc' dir='ltr'>τὸν</span> <span class='ocrx_word' id='word_1_342' title='bbox 2263 2275 2499 2346; x_wconf 76' lang='grc' dir='ltr'>Ἰσραὴλ,</span> <span class='ocrx_word' id='word_1_343' title='bbox 2516 2295 2535 2328; x_wconf 74' lang='grc' dir='ltr'><strong>ι</strong></span> <span class='ocrx_word' id='word_1_344' title='bbox 2560 2278 2858 2350; x_wconf 75' lang='grc' dir='ltr'>ἐπειδήπερ</span> <span class='ocrx_word' id='word_1_345' title='bbox 2886 2281 2985 2333; x_wconf 73' lang='grc' dir='ltr'><strong>οὐκ</strong></span> <span class='ocrx_word' id='word_1_346' title='bbox 3013 2280 3332 2334; x_wconf 78' lang='grc' dir='ltr'>ἐπίστευσεν</span> <span class='ocrx_word' id='word_1_347' title='bbox 3368 2281 3446 2350; x_wconf 81' lang='grc' dir='ltr'>τῷ</span> <span class='ocrx_word' id='word_1_348' title='bbox 3473 2281 3619 2351; x_wconf 82' lang='grc' dir='ltr'>Θεῷ,</span> 
     </span>
    </p>
   </div>
   <div class='ocr_carea' id='block_1_54' title="bbox 2035 2354 3621 2441">
    <p class='ocr_par' dir='ltr' id='par_1_54' title="bbox 2035 2354 3621 2441">
     <span class='ocr_line' id='line_1_54' title="bbox 2035 2354 3621 2441; baseline 0.006 -24"><span class='ocrx_word' id='word_1_349' title='bbox 2035 2362 2155 2417; x_wconf 79' lang='grc' dir='ltr'>οὐδὲ</span> <span class='ocrx_word' id='word_1_350' title='bbox 2201 2354 2546 2436; x_wconf 69' lang='grc' dir='ltr'>ἦλπισενέπὶ</span> <span class='ocrx_word' id='word_1_351' title='bbox 2578 2370 2637 2421; x_wconf 88' lang='grc' dir='ltr'>τὸ</span> <span class='ocrx_word' id='word_1_352' title='bbox 2673 2371 2937 2441; x_wconf 80' lang='grc' dir='ltr'>σωτήριον</span> <span class='ocrx_word' id='word_1_353' title='bbox 2968 2371 3156 2424; x_wconf 79' lang='grc' dir='ltr'>αὐτοῦ.</span> <span class='ocrx_word' id='word_1_354' title='bbox 3187 2371 3294 2425; x_wconf 82' lang='grc' dir='ltr'><strong>Καὶ</strong></span> <span class='ocrx_word' id='word_1_355' title='bbox 3328 2372 3489 2436; x_wconf 73' lang='grc' dir='ltr'>αὐτὸς</span> <span class='ocrx_word' id='word_1_356' title='bbox 3513 2373 3621 2426; x_wconf 81' lang='grc' dir='ltr'>πά-</span> 
     </span>
    </p>
   </div>
   <div class='ocr_carea' id='block_1_55' title="bbox 2034 2452 3617 2529">
    <p class='ocr_par' dir='ltr' id='par_1_55' title="bbox 2034 2452 3617 2529">
     <span class='ocr_line' id='line_1_55' title="bbox 2034 2452 3617 2529; baseline 0.007 -24"><span class='ocrx_word' id='word_1_357' title='bbox 2034 2452 2117 2506; x_wconf 91' lang='grc' dir='ltr'><strong>λιν</strong></span> <span class='ocrx_word' id='word_1_358' title='bbox 2143 2456 2171 2507; x_wconf 86' lang='grc' dir='ltr'><strong>ό</strong></span> <span class='ocrx_word' id='word_1_359' title='bbox 2201 2456 2332 2519; x_wconf 79' lang='grc' dir='ltr'>θεὸς</span> <span class='ocrx_word' id='word_1_360' title='bbox 2370 2457 2559 2529; x_wconf 61' lang='grc' dir='ltr'>εἴρηκε</span> <span class='ocrx_word' id='word_1_361' title='bbox 2590 2458 2806 2513; x_wconf 75' lang='grc' dir='ltr'>διά.τοῦ</span> <span class='ocrx_word' id='word_1_362' title='bbox 2854 2461 3110 2514; x_wconf 67' lang='grc' dir='ltr'>’Πσαῖοψ</span> <span class='ocrx_word' id='word_1_363' title='bbox 3146 2481 3163 2513; x_wconf 79' lang='grc' dir='ltr'><strong>ι</strong></span> <span class='ocrx_word' id='word_1_364' title='bbox 3204 2461 3260 2514; x_wconf 83' lang='lat'><strong>&#39;0</strong></span> <span class='ocrx_word' id='word_1_365' title='bbox 3298 2462 3425 2525; x_wconf 74' lang='grc' dir='ltr'>λαὸς</span> <span class='ocrx_word' id='word_1_366' title='bbox 3464 2457 3617 2526; x_wconf 72' lang='grc' dir='ltr'>οὗτος</span> 
     </span>
    </p>
   </div>
   <div class='ocr_carea' id='block_1_56' title="bbox 2036 2545 3620 2625">
    <p class='ocr_par' dir='ltr' id='par_1_56' title="bbox 2036 2545 3620 2625">
     <span class='ocr_line' id='line_1_56' title="bbox 2036 2545 3620 2625; baseline 0.006 -27"><span class='ocrx_word' id='word_1_367' title='bbox 2036 2545 2239 2615; x_wconf 86' lang='grc' dir='ltr'>χείλεσί</span> <span class='ocrx_word' id='word_1_368' title='bbox 2276 2565 2343 2617; x_wconf 84' lang='grc' dir='ltr'><strong>με</strong></span> <span class='ocrx_word' id='word_1_369' title='bbox 2376 2550 2590 2622; x_wconf 79' lang='grc' dir='ltr'>ἀγαπᾷ,</span> <span class='ocrx_word' id='word_1_370' title='bbox 2623 2551 2734 2620; x_wconf 75' lang='grc' dir='ltr'><strong>ἠδὲ</strong></span> <span class='ocrx_word' id='word_1_371' title='bbox 2762 2552 2957 2623; x_wconf 78' lang='grc' dir='ltr'>καρδία</span> <span class='ocrx_word' id='word_1_372' title='bbox 2979 2553 3160 2607; x_wconf 77' lang='grc' dir='ltr'>αὐτῶν</span> <span class='ocrx_word' id='word_1_373' title='bbox 3190 2554 3381 2625; x_wconf 79' lang='grc' dir='ltr'>πόρῤω</span> <span class='ocrx_word' id='word_1_374' title='bbox 3420 2555 3620 2625; x_wconf 77' lang='grc' dir='ltr'>ἀπέχει</span> 
     </span>
    </p>
   </div>
   <div class='ocr_carea' id='block_1_57' title="bbox 2035 2638 2371 2708">
    <p class='ocr_par' dir='ltr' id='par_1_57' title="bbox 2035 2638 2371 2708">
     <span class='ocr_line' id='line_1_57' title="bbox 2035 2638 2371 2708; baseline 0.006 -19"><span class='ocrx_word' id='word_1_375' title='bbox 2035 2638 2131 2691; x_wconf 79' lang='grc' dir='ltr'>ἀπ’</span> <span class='ocrx_word' id='word_1_376' title='bbox 2161 2638 2317 2708; x_wconf 74' lang='grc' dir='ltr'>ἐμοῦ.</span> <span class='ocrx_word' id='word_1_377' title='bbox 2354 2658 2371 2690; x_wconf 77' lang='grc' dir='ltr'><strong>ι</strong></span> 
     </span>
    </p>
   </div>
   <div class='ocr_carea' id='block_1_58' title="bbox 2556 2731 3099 2799">
    <p class='ocr_par' dir='ltr' id='par_1_58' title="bbox 2556 2731 3099 2799">
     <span class='ocr_line' id='line_1_58' title="bbox 2556 2731 3099 2799; baseline 0.011 -16"><span class='ocrx_word' id='word_1_378' title='bbox 2556 2731 2661 2786; x_wconf 81' lang='lat' dir='ltr'><strong>IH&#39;.</strong></span> <span class='ocrx_word' id='word_1_379' title='bbox 2694 2762 2761 2771; x_wconf 93' lang='lat'><strong>—</strong></span> <span class='ocrx_word' id='word_1_380' title='bbox 2805 2732 2889 2797; x_wconf 82' lang='grc' dir='ltr'><strong>Τῷ</strong></span> <span class='ocrx_word' id='word_1_381' title='bbox 2918 2733 3099 2799; x_wconf 75' lang='grc' dir='ltr'>αὐτῷ.</span> 
     </span>
    </p>
   </div>
   <div class='ocr_carea' id='block_1_59' title="bbox 2108 2819 3613 2899">
    <p class='ocr_par' dir='ltr' id='par_1_59' title="bbox 2108 2819 3613 2899">
     <span class='ocr_line' id='line_1_59' title="bbox 2108 2819 3613 2899; baseline 0.003 -26"><span class='ocrx_word' id='word_1_382' title='bbox 2108 2819 2301 2874; x_wconf 80' lang='grc' dir='ltr'>Πολλοὶ</span> <span class='ocrx_word' id='word_1_383' title='bbox 2328 2821 2435 2875; x_wconf 85' lang='grc' dir='ltr'><strong>τῶν</strong></span> <span class='ocrx_word' id='word_1_384' title='bbox 2476 2821 2696 2890; x_wconf 84' lang='grc' dir='ltr'>φαύλων</span> <span class='ocrx_word' id='word_1_385' title='bbox 2721 2823 2781 2875; x_wconf 79' lang='grc' dir='ltr'>τὸ</span> <span class='ocrx_word' id='word_1_386' title='bbox 2814 2824 2872 2876; x_wconf 79' lang='grc' dir='ltr'><strong>ἐν</strong></span> <span class='ocrx_word' id='word_1_387' title='bbox 2902 2827 2965 2894; x_wconf 81' lang='grc' dir='ltr'><strong>τῇ</strong></span> <span class='ocrx_word' id='word_1_388' title='bbox 3012 2826 3209 2897; x_wconf 79' lang='grc' dir='ltr'>καρδῖᾳ</span> <span class='ocrx_word' id='word_1_389' title='bbox 3240 2826 3422 2880; x_wconf 81' lang='grc' dir='ltr'>αὐτῶν</span> <span class='ocrx_word' id='word_1_390' title='bbox 3450 2828 3613 2899; x_wconf 74' lang='grc' dir='ltr'>ἀμειο</span> 
     </span>
    </p>
   </div>
   <div class='ocr_carea' id='block_1_60' title="bbox 2034 2910 3617 2989">
    <p class='ocr_par' dir='ltr' id='par_1_60' title="bbox 2034 2910 3617 2989">
     <span class='ocr_line' id='line_1_60' title="bbox 2034 2910 3617 2989; baseline 0.006 -26"><span class='ocrx_word' id='word_1_391' title='bbox 2034 2910 2121 2974; x_wconf 72' lang='grc' dir='ltr'>δὶς</span> <span class='ocrx_word' id='word_1_392' title='bbox 2172 2912 2361 2975; x_wconf 78' lang='grc' dir='ltr'>σκότος</span> <span class='ocrx_word' id='word_1_393' title='bbox 2398 2912 2682 2967; x_wconf 81' lang='grc' dir='ltr'>λανθάνειν</span> <span class='ocrx_word' id='word_1_394' title='bbox 2736 2915 2862 2979; x_wconf 77' lang='grc' dir='ltr'>τοὺς</span> <span class='ocrx_word' id='word_1_395' title='bbox 2904 2916 3226 2987; x_wconf 75' lang='grc' dir='ltr'>ἀνθρώπους</span> <span class='ocrx_word' id='word_1_396' title='bbox 3278 2918 3617 2989; x_wconf 85' lang='grc' dir='ltr'>βουλόμενοι,</span> 
     </span>
    </p>
   </div>
   <div class='ocr_carea' id='block_1_61' title="bbox 2036 3004 3617 3083">
    <p class='ocr_par' dir='ltr' id='par_1_61' title="bbox 2036 3004 3617 3083">
     <span class='ocr_line' id='line_1_61' title="bbox 2036 3004 3617 3083; baseline 0.004 -26"><span class='ocrx_word' id='word_1_397' title='bbox 2036 3004 2373 3073; x_wconf 78' lang='grc' dir='ltr'>καγχάζουσι</span> <span class='ocrx_word' id='word_1_398' title='bbox 2430 3006 2657 3075; x_wconf 86' lang='grc' dir='ltr'>μεγάλα,</span> <span class='ocrx_word' id='word_1_399' title='bbox 2691 3007 2784 3059; x_wconf 71' lang='grc' dir='ltr'>καὶ</span> <span class='ocrx_word' id='word_1_400' title='bbox 2832 3007 2927 3076; x_wconf 76' lang='grc' dir='ltr'>τὴν</span> <span class='ocrx_word' id='word_1_401' title='bbox 2984 3009 3274 3080; x_wconf 78' lang='grc' dir='ltr'>ἱλαρότητα</span> <span class='ocrx_word' id='word_1_402' title='bbox 3308 3010 3617 3083; x_wconf 72' lang='grc' dir='ltr'>θεατρίζειν</span> 
     </span>
    </p>
   </div>
   <div class='ocr_carea' id='block_1_62' title="bbox 355 3091 1935 3179">
    <p class='ocr_par' dir='ltr' id='par_1_62' title="bbox 355 3101 1935 3173">
     <span class='ocr_line' id='line_1_62' title="bbox 355 3101 1935 3173; baseline -0.001 -18"><span class='ocrx_word' id='word_1_403' title='bbox 355 3104 583 3173; x_wconf 71' lang='lat' dir='ltr'><strong>vnigare</strong></span> <span class='ocrx_word' id='word_1_404' title='bbox 616 3101 839 3172; x_wconf 84' lang='lat' dir='ltr'><strong>populis</strong></span> <span class='ocrx_word' id='word_1_405' title='bbox 877 3101 1155 3156; x_wconf 88' lang='lat' dir='ltr'><strong>videntur.</strong></span> <span class='ocrx_word' id='word_1_406' title='bbox 1207 3102 1379 3157; x_wconf 89' lang='lat' dir='ltr'><strong>Porro</strong></span> <span class='ocrx_word' id='word_1_407' title='bbox 1413 3103 1730 3158; x_wconf 83' lang='lat' dir='ltr'><strong>necessario</strong></span> <span class='ocrx_word' id='word_1_408' title='bbox 1763 3102 1935 3158; x_wconf 86' lang='lat' dir='ltr'><strong>scien-</strong></span> 
     </span>
    </p>
   </div>
   <div class='ocr_carea' id='block_1_63' title="bbox 2048 3091 3617 3179">
    <p class='ocr_par' dir='ltr' id='par_1_63' title="bbox 2048 3091 3617 3169">
     <span class='ocr_line' id='line_1_63' title="bbox 2048 3091 3617 3169; baseline 0.004 -22"><span class='ocrx_word' id='word_1_409' title='bbox 2048 3091 2310 3149; x_wconf 76' lang='grc' dir='ltr'>δοκοῦσιν.</span> <span class='ocrx_word' id='word_1_410' title='bbox 2349 3094 2487 3148; x_wconf 81' lang='grc' dir='ltr'>Ἀλλ’</span> <span class='ocrx_word' id='word_1_411' title='bbox 2519 3097 2815 3165; x_wconf 79' lang='grc' dir='ltr'>ἀναγκαῖον</span> <span class='ocrx_word' id='word_1_412' title='bbox 2843 3098 3063 3163; x_wconf 77' lang='grc' dir='ltr'>εἰδέναι,</span> <span class='ocrx_word' id='word_1_413' title='bbox 3086 3100 3160 3162; x_wconf 85' lang='grc' dir='ltr'><strong>ὡς</strong></span> <span class='ocrx_word' id='word_1_414' title='bbox 3187 3101 3366 3169; x_wconf 65' lang='grc' dir='ltr'>πᾶσης</span> <span class='ocrx_word' id='word_1_415' title='bbox 3389 3101 3617 3168; x_wconf 76' lang='grc' dir='ltr'>στυγνό-</span> 
     </span>
    </p>
   </div>
   <div class='ocr_carea' id='block_1_64' title="bbox 355 3197 1938 3267">
    <p class='ocr_par' dir='ltr' id='par_1_64' title="bbox 355 3197 1938 3267">
     <span class='ocr_line' id='line_1_64' title="bbox 355 3197 1938 3267; baseline -0.006 -12"><span class='ocrx_word' id='word_1_416' title='bbox 355 3201 484 3255; x_wconf 88' lang='lat' dir='ltr'><strong>dum</strong></span> <span class='ocrx_word' id='word_1_417' title='bbox 512 3205 597 3254; x_wconf 86' lang='lat' dir='ltr'><strong>est</strong></span> <span class='ocrx_word' id='word_1_418' title='bbox 622 3240 636 3265; x_wconf 93' lang='lat'><strong>,</strong></span> <span class='ocrx_word' id='word_1_419' title='bbox 666 3213 762 3254; x_wconf 87' lang='lat' dir='ltr'><strong>eos</strong></span> <span class='ocrx_word' id='word_1_420' title='bbox 786 3197 940 3253; x_wconf 87' lang='lat' dir='ltr'><strong>intus</strong></span> <span class='ocrx_word' id='word_1_421' title='bbox 969 3198 1117 3253; x_wconf 90' lang='lat' dir='ltr'><strong>omni</strong></span> <span class='ocrx_word' id='word_1_422' title='bbox 1149 3197 1375 3251; x_wconf 85' lang='lat' dir='ltr'><strong>tristitia</strong></span> <span class='ocrx_word' id='word_1_423' title='bbox 1404 3197 1596 3267; x_wconf 87' lang='lat' dir='ltr'><strong>plenos</strong></span> <span class='ocrx_word' id='word_1_424' title='bbox 1623 3209 1745 3250; x_wconf 86' lang='lat' dir='ltr'><strong>esse</strong></span> <span class='ocrx_word' id='word_1_425' title='bbox 1766 3234 1781 3260; x_wconf 87' lang='lat'><strong>,</strong></span> <span class='ocrx_word' id='word_1_426' title='bbox 1811 3208 1938 3248; x_wconf 91' lang='lat' dir='ltr'><strong>cum</strong></span> 
     </span>
    </p>
   </div>
   <div class='ocr_carea' id='block_1_65' title="bbox 352 3287 1691 3361">
    <p class='ocr_par' dir='ltr' id='par_1_65' title="bbox 352 3287 1691 3361">
     <span class='ocr_line' id='line_1_65' title="bbox 352 3287 1691 3361; baseline -0.005 -14"><span class='ocrx_word' id='word_1_427' title='bbox 352 3306 451 3347; x_wconf 81' lang='lat' dir='ltr'><strong>eos</strong></span> <span class='ocrx_word' id='word_1_428' title='bbox 474 3290 685 3361; x_wconf 73' lang='lat' dir='ltr'><strong>justum</strong></span> <span class='ocrx_word' id='word_1_429' title='bbox 722 3290 981 3361; x_wconf 78' lang='lat' dir='ltr'><strong>gaudium</strong></span> <span class='ocrx_word' id='word_1_430' title='bbox 1012 3298 1326 3343; x_wconf 85' lang='lat' dir='ltr'><strong>aversatum</strong></span> <span class='ocrx_word' id='word_1_431' title='bbox 1361 3287 1691 3341; x_wconf 85' lang='lat' dir='ltr'><strong>deseruerit.</strong></span> 
     </span>
    </p>
   </div>
   <div class='ocr_carea' id='block_1_66' title="bbox 592 3375 1695 3437">
    <p class='ocr_par' dir='ltr' id='par_1_66' title="bbox 592 3375 1695 3437">
     <span class='ocr_line' id='line_1_66' title="bbox 592 3375 1695 3437; baseline -0.007 -2"><span class='ocrx_word' id='word_1_432' title='bbox 592 3379 733 3437; x_wconf 73' lang='lat' dir='ltr'><strong>XIX.</strong></span> <span class='ocrx_word' id='word_1_433' title='bbox 769 3410 840 3420; x_wconf 92' lang='lat'><strong><em>—</em></strong></span> <span class='ocrx_word' id='word_1_434' title='bbox 868 3378 1302 3435; x_wconf 72' lang='grc' dir='ltr'><strong>ΡΔΝΤΟΝΥΜΟ</strong></span> <span class='ocrx_word' id='word_1_435' title='bbox 1334 3375 1695 3433; x_wconf 65' lang='lat' dir='ltr'><strong>SATRAP/E.</strong></span> 
     </span>
    </p>
   </div>
   <div class='ocr_carea' id='block_1_67' title="bbox 424 3466 1934 3528">
    <p class='ocr_par' dir='ltr' id='par_1_67' title="bbox 424 3466 1934 3528">
     <span class='ocr_line' id='line_1_67' title="bbox 424 3466 1934 3528; baseline -0.006 0"><span class='ocrx_word' id='word_1_436' title='bbox 424 3469 631 3528; x_wconf 65' lang='lat' dir='ltr'><strong>Iudaeis</strong></span> <span class='ocrx_word' id='word_1_437' title='bbox 671 3472 741 3528; x_wconf 90' lang='lat' dir='ltr'><strong>de</strong></span> <span class='ocrx_word' id='word_1_438' title='bbox 789 3480 881 3526; x_wconf 86' lang='lat' dir='ltr'><strong>tua</strong></span> <span class='ocrx_word' id='word_1_439' title='bbox 928 3471 1137 3523; x_wconf 82' lang='lat' dir='ltr'><strong>familia</strong></span> <span class='ocrx_word' id='word_1_440' title='bbox 1183 3485 1283 3524; x_wconf 89' lang='lat' dir='ltr'><strong>cur</strong></span> <span class='ocrx_word' id='word_1_441' title='bbox 1329 3468 1535 3522; x_wconf 72' lang='lat' dir='ltr'><strong>victum</strong></span> <span class='ocrx_word' id='word_1_442' title='bbox 1577 3479 1628 3522; x_wconf 88' lang='lat' dir='ltr'><strong>et</strong></span> <span class='ocrx_word' id='word_1_443' title='bbox 1669 3466 1934 3519; x_wconf 86' lang='lat' dir='ltr'><strong>amictum</strong></span> 
     </span>
    </p>
   </div>
   <div class='ocr_carea' id='block_1_68' title="bbox 359 3556 1933 3636">
    <p class='ocr_par' dir='ltr' id='par_1_68' title="bbox 359 3556 1933 3636">
     <span class='ocr_line' id='line_1_68' title="bbox 359 3556 1933 3636; baseline -0.006 -15"><span class='ocrx_word' id='word_1_444' title='bbox 359 3568 533 3621; x_wconf 85' lang='lat' dir='ltr'><strong>invito</strong></span> <span class='ocrx_word' id='word_1_445' title='bbox 564 3567 751 3622; x_wconf 88' lang='lat' dir='ltr'><strong>animo</strong></span> <span class='ocrx_word' id='word_1_446' title='bbox 785 3574 836 3621; x_wconf 85' lang='lat' dir='ltr'><strong>te</strong></span> <span class='ocrx_word' id='word_1_447' title='bbox 865 3565 1223 3636; x_wconf 82' lang='lat' dir='ltr'><strong>suppeditare</strong></span> <span class='ocrx_word' id='word_1_448' title='bbox 1256 3561 1504 3616; x_wconf 86' lang='lat' dir='ltr'><strong>ostendis</strong></span> <span class='ocrx_word' id='word_1_449' title='bbox 1526 3600 1539 3625; x_wconf 91' lang='lat'><strong>,</strong></span> <span class='ocrx_word' id='word_1_450' title='bbox 1575 3559 1733 3631; x_wconf 87' lang='lat' dir='ltr'><strong>quasi</strong></span> <span class='ocrx_word' id='word_1_451' title='bbox 1764 3556 1933 3611; x_wconf 59' lang='lat' dir='ltr'><strong>iaculo</strong></span> 
     </span>
    </p>
   </div>
   <div class='ocr_carea' id='block_1_69' title="bbox 356 3648 1934 3727">
    <p class='ocr_par' dir='ltr' id='par_1_69' title="bbox 356 3648 1934 3727">
     <span class='ocr_line' id='line_1_69' title="bbox 356 3648 1934 3727; baseline -0.008 -14"><span class='ocrx_word' id='word_1_452' title='bbox 356 3670 499 3714; x_wconf 83' lang='lat' dir='ltr'><strong>tates</strong></span> <span class='ocrx_word' id='word_1_453' title='bbox 547 3668 669 3713; x_wconf 85' lang='lat' dir='ltr'><strong>tuas</strong></span> <span class='ocrx_word' id='word_1_454' title='bbox 721 3659 774 3713; x_wconf 92' lang='lat' dir='ltr'><strong>in</strong></span> <span class='ocrx_word' id='word_1_455' title='bbox 826 3666 1082 3719; x_wconf 79' lang='lat' dir='ltr'><strong>exteros,</strong></span> <span class='ocrx_word' id='word_1_456' title='bbox 1139 3655 1493 3727; x_wconf 88' lang='lat' dir='ltr'><strong>pervicaccs.</strong></span> <span class='ocrx_word' id='word_1_457' title='bbox 1550 3648 1831 3720; x_wconf 86' lang='lat' dir='ltr'><strong>improbos</strong></span> <span class='ocrx_word' id='word_1_458' title='bbox 1880 3656 1934 3703; x_wconf 91' lang='lat' dir='ltr'><strong>et</strong></span> 
     </span>
    </p>
   </div>
   <div class='ocr_carea' id='block_1_70' title="bbox 355 3748 1668 3820">
    <p class='ocr_par' dir='ltr' id='par_1_70' title="bbox 355 3748 1668 3820">
     <span class='ocr_line' id='line_1_70' title="bbox 355 3748 1668 3820; baseline -0.004 -17"><span class='ocrx_word' id='word_1_459' title='bbox 355 3750 564 3805; x_wconf 90' lang='lat' dir='ltr'><strong>deliros</strong></span> <span class='ocrx_word' id='word_1_460' title='bbox 598 3748 970 3820; x_wconf 79' lang='lat' dir='ltr'><strong>profunderes</strong></span> <span class='ocrx_word' id='word_1_461' title='bbox 998 3748 1021 3801; x_wconf 87' lang='lat'><strong>?</strong></span> <span class='ocrx_word' id='word_1_462' title='bbox 1662 3791 1668 3798; x_wconf 93' lang='lat'><strong>.</strong></span> 
     </span>
    </p>
   </div>
   <div class='ocr_carea' id='block_1_71' title="bbox 712 3831 1583 3895">
    <p class='ocr_par' dir='ltr' id='par_1_71' title="bbox 712 3831 1583 3895">
     <span class='ocr_line' id='line_1_71' title="bbox 712 3831 1583 3895; baseline -0.008 -1"><span class='ocrx_word' id='word_1_463' title='bbox 712 3840 829 3895; x_wconf 77' lang='grc' dir='ltr'><strong>ΧΧ.</strong></span> <span class='ocrx_word' id='word_1_464' title='bbox 862 3868 933 3881; x_wconf 90' lang='lat'><strong>-—</strong></span> <span class='ocrx_word' id='word_1_465' title='bbox 966 3835 1242 3891; x_wconf 76' lang='lat' dir='ltr'><strong>IIII’ATIO</strong></span> <span class='ocrx_word' id='word_1_466' title='bbox 1280 3831 1583 3889; x_wconf 79' lang='lat' dir='ltr'><strong>EPIIORO.</strong></span> 
     </span>
    </p>
   </div>
   <div class='ocr_carea' id='block_1_72' title="bbox 428 3924 1936 3997">
    <p class='ocr_par' dir='ltr' id='par_1_72' title="bbox 428 3924 1936 3997">
     <span class='ocr_line' id='line_1_72' title="bbox 428 3924 1936 3997; baseline -0.007 -12"><span class='ocrx_word' id='word_1_467' title='bbox 428 3930 545 3986; x_wconf 75' lang='lat' dir='ltr'><strong>Non</strong></span> <span class='ocrx_word' id='word_1_468' title='bbox 580 3948 773 3986; x_wconf 90' lang='lat' dir='ltr'><strong>omnes</strong></span> <span class='ocrx_word' id='word_1_469' title='bbox 805 3930 1133 3985; x_wconf 88' lang='lat' dir='ltr'><strong>demortuos</strong></span> <span class='ocrx_word' id='word_1_470' title='bbox 1157 3929 1336 3997; x_wconf 77' lang='lat' dir='ltr'><strong>iustos</strong></span> <span class='ocrx_word' id='word_1_471' title='bbox 1370 3925 1547 3979; x_wconf 82' lang='lat' dir='ltr'><strong>factos</strong></span> <span class='ocrx_word' id='word_1_472' title='bbox 1577 3938 1701 3979; x_wconf 87' lang='lat' dir='ltr'><strong>esse</strong></span> <span class='ocrx_word' id='word_1_473' title='bbox 1742 3924 1936 3978; x_wconf 69' lang='lat' dir='ltr'><strong>existi-</strong></span> 
     </span>
    </p>
   </div>
   <div class='ocr_carea' id='block_1_73' title="bbox 354 4016 1934 4093">
    <p class='ocr_par' dir='ltr' id='par_1_73' title="bbox 354 4016 1934 4093">
     <span class='ocr_line' id='line_1_73' title="bbox 354 4016 1934 4093; baseline -0.006 -16"><span class='ocrx_word' id='word_1_474' title='bbox 354 4039 514 4079; x_wconf 88' lang='lat' dir='ltr'><strong>mans</strong></span> <span class='ocrx_word' id='word_1_475' title='bbox 544 4024 828 4093; x_wconf 82' lang='lat' dir='ltr'><strong>apostolus</strong></span> <span class='ocrx_word' id='word_1_476' title='bbox 862 4021 1065 4077; x_wconf 79' lang='lat' dir='ltr'><strong>Paulus</strong></span> <span class='ocrx_word' id='word_1_477' title='bbox 1098 4022 1290 4076; x_wconf 86' lang='lat' dir='ltr'><strong>scribit</strong></span> <span class='ocrx_word' id='word_1_478' title='bbox 1319 4038 1331 4074; x_wconf 90' lang='lat'><strong>:</strong></span> <span class='ocrx_word' id='word_1_479' title='bbox 1366 4039 1381 4070; x_wconf 80' lang='grc' dir='ltr'><strong>ι</strong></span> <span class='ocrx_word' id='word_1_480' title='bbox 1415 4018 1517 4084; x_wconf 85' lang='lat' dir='ltr'><strong>Qui</strong></span> <span class='ocrx_word' id='word_1_481' title='bbox 1552 4020 1716 4071; x_wconf 84' lang='lat' dir='ltr'><strong>vitam</strong></span> <span class='ocrx_word' id='word_1_482' title='bbox 1762 4016 1934 4077; x_wconf 89' lang='lat' dir='ltr'><strong>obiit,</strong></span> 
     </span>
    </p>
   </div>
   <div class='ocr_carea' id='block_1_74' title="bbox 352 4110 1939 4187">
    <p class='ocr_par' dir='ltr' id='par_1_74' title="bbox 352 4110 1939 4187">
     <span class='ocr_line' id='line_1_74' title="bbox 352 4110 1939 4187; baseline -0.007 -17"><span class='ocrx_word' id='word_1_483' title='bbox 352 4116 691 4187; x_wconf 77' lang='lat' dir='ltr'><strong>justiticatus</strong></span> <span class='ocrx_word' id='word_1_484' title='bbox 741 4123 824 4170; x_wconf 92' lang='lat' dir='ltr'><strong>est</strong></span> <span class='ocrx_word' id='word_1_485' title='bbox 856 4130 883 4168; x_wconf 90' lang='lat' dir='ltr'><strong>a</strong></span> <span class='ocrx_word' id='word_1_486' title='bbox 931 4122 1157 4185; x_wconf 86' lang='lat' dir='ltr'><strong>peccato</strong></span> <span class='ocrx_word' id='word_1_487' title='bbox 1198 4112 1286 4177; x_wconf 83' lang='grc'><strong>²¹;</strong></span> <span class='ocrx_word' id='word_1_488' title='bbox 1322 4131 1338 4164; x_wconf 79' lang='grc' dir='ltr'><strong>ι</strong></span> <span class='ocrx_word' id='word_1_489' title='bbox 1368 4126 1497 4165; x_wconf 85' lang='lat' dir='ltr'><strong>vere</strong></span> <span class='ocrx_word' id='word_1_490' title='bbox 1546 4110 1693 4163; x_wconf 84' lang='lat' dir='ltr'><strong>enim</strong></span> <span class='ocrx_word' id='word_1_491' title='bbox 1745 4121 1939 4160; x_wconf 88' lang='lat' dir='ltr'><strong>omnes</strong></span> 
     </span>
    </p>
   </div>
   <div class='ocr_carea' id='block_1_75' title="bbox 356 4195 1935 4277">
    <p class='ocr_par' dir='ltr' id='par_1_75' title="bbox 356 4195 1935 4277">
     <span class='ocr_line' id='line_1_75' title="bbox 356 4195 1935 4277; baseline -0.009 -15"><span class='ocrx_word' id='word_1_492' title='bbox 356 4208 509 4277; x_wconf 88' lang='lat' dir='ltr'><strong>impii</strong></span> <span class='ocrx_word' id='word_1_493' title='bbox 545 4217 598 4262; x_wconf 90' lang='lat' dir='ltr'><strong>et</strong></span> <span class='ocrx_word' id='word_1_494' title='bbox 641 4207 847 4276; x_wconf 89' lang='lat' dir='ltr'><strong>iniqui,</strong></span> <span class='ocrx_word' id='word_1_495' title='bbox 883 4221 1007 4260; x_wconf 90' lang='lat' dir='ltr'><strong>cum</strong></span> <span class='ocrx_word' id='word_1_496' title='bbox 1054 4205 1177 4259; x_wconf 76' lang='lat' dir='ltr'><strong>vita:</strong></span> <span class='ocrx_word' id='word_1_497' title='bbox 1223 4205 1383 4257; x_wconf 88' lang='lat' dir='ltr'><strong>linem</strong></span> <span class='ocrx_word' id='word_1_498' title='bbox 1426 4202 1747 4271; x_wconf 75' lang='lat' dir='ltr'><strong>posuerint,</strong></span> <span class='ocrx_word' id='word_1_499' title='bbox 1794 4195 1935 4266; x_wconf 85' lang='lat' dir='ltr'><strong>justi</strong></span> 
     </span>
    </p>
   </div>
   <div class='ocr_carea' id='block_1_76' title="bbox 358 4287 1933 4365">
    <p class='ocr_par' dir='ltr' id='par_1_76' title="bbox 358 4287 1933 4365">
     <span class='ocr_line' id='line_1_76' title="bbox 358 4287 1933 4365; baseline -0.01 -11"><span class='ocrx_word' id='word_1_500' title='bbox 358 4300 489 4354; x_wconf 82' lang='lat' dir='ltr'><strong>facti</strong></span> <span class='ocrx_word' id='word_1_501' title='bbox 519 4313 639 4353; x_wconf 69' lang='lat' dir='ltr'><strong>esse</strong></span> <span class='ocrx_word' id='word_1_502' title='bbox 669 4297 1005 4353; x_wconf 88' lang='lat' dir='ltr'><strong>videbuntur</strong></span> <span class='ocrx_word' id='word_1_503' title='bbox 1032 4316 1045 4353; x_wconf 92' lang='lat'><strong>:</strong></span> <span class='ocrx_word' id='word_1_504' title='bbox 1077 4296 1169 4352; x_wconf 84' lang='lat' dir='ltr'><strong>sed</strong></span> <span class='ocrx_word' id='word_1_505' title='bbox 1205 4292 1351 4365; x_wconf 90' lang='lat' dir='ltr'><strong>quod</strong></span> <span class='ocrx_word' id='word_1_506' title='bbox 1380 4292 1563 4345; x_wconf 85' lang='lat' dir='ltr'><strong>Omnis</strong></span> <span class='ocrx_word' id='word_1_507' title='bbox 1594 4290 1756 4343; x_wconf 91' lang='lat' dir='ltr'><strong>homo</strong></span> <span class='ocrx_word' id='word_1_508' title='bbox 1778 4327 1793 4352; x_wconf 93' lang='lat'><strong>,</strong></span> <span class='ocrx_word' id='word_1_509' title='bbox 1822 4287 1933 4355; x_wconf 74' lang='lat' dir='ltr'><strong>jam</strong></span> 
     </span>
    </p>
   </div>
   <div class='ocr_carea' id='block_1_77' title="bbox 359 4379 1937 4460">
    <p class='ocr_par' dir='ltr' id='par_1_77' title="bbox 359 4379 1937 4460">
     <span class='ocr_line' id='line_1_77' title="bbox 359 4379 1937 4460; baseline -0.008 -14"><span class='ocrx_word' id='word_1_510' title='bbox 359 4398 643 4460; x_wconf 79' lang='lat' dir='ltr'><strong>peccatum</strong></span> <span class='ocrx_word' id='word_1_511' title='bbox 698 4404 807 4443; x_wconf 88' lang='lat' dir='ltr'><strong>non</strong></span> <span class='ocrx_word' id='word_1_512' title='bbox 863 4389 1109 4451; x_wconf 80' lang='lat' dir='ltr'><strong>faciens,</strong></span> <span class='ocrx_word' id='word_1_513' title='bbox 1161 4401 1282 4441; x_wconf 85' lang='lat' dir='ltr'><strong>cum</strong></span> <span class='ocrx_word' id='word_1_514' title='bbox 1320 4400 1347 4438; x_wconf 90' lang='lat' dir='ltr'><strong>a</strong></span> <span class='ocrx_word' id='word_1_515' title='bbox 1398 4398 1562 4454; x_wconf 81' lang='lat' dir='ltr'><strong>prava</strong></span> <span class='ocrx_word' id='word_1_516' title='bbox 1612 4379 1937 4449; x_wconf 84' lang='lat' dir='ltr'><strong>operatione</strong></span> 
     </span>
    </p>
   </div>
   <div class='ocr_carea' id='block_1_78' title="bbox 2038 3186 3614 3263">
    <p class='ocr_par' dir='ltr' id='par_1_78' title="bbox 2038 3186 3614 3263">
     <span class='ocr_line' id='line_1_78' title="bbox 2038 3186 3614 3263; baseline 0.004 -23"><span class='ocrx_word' id='word_1_517' title='bbox 2038 3204 2201 3257; x_wconf 88' lang='grc' dir='ltr'>τητος</span> <span class='ocrx_word' id='word_1_518' title='bbox 2232 3186 2465 3258; x_wconf 79' lang='grc' dir='ltr'>πλήρεις</span> <span class='ocrx_word' id='word_1_519' title='bbox 2494 3188 2830 3261; x_wconf 74' lang='grc' dir='ltr'>ὑπάρχουσιν</span> <span class='ocrx_word' id='word_1_520' title='bbox 2861 3189 3095 3257; x_wconf 77' lang='grc' dir='ltr'>ἔνδοθεν,</span> <span class='ocrx_word' id='word_1_521' title='bbox 3128 3193 3227 3263; x_wconf 74' lang='grc' dir='ltr'><strong>τῆς</strong></span> <span class='ocrx_word' id='word_1_522' title='bbox 3255 3192 3469 3257; x_wconf 84' lang='grc' dir='ltr'>δικαίας</span> <span class='ocrx_word' id='word_1_523' title='bbox 3491 3192 3614 3246; x_wconf 66' lang='grc' dir='ltr'>τούς</span> 
     </span>
    </p>
   </div>
   <div class='ocr_carea' id='block_1_79' title="bbox 2037 3280 2872 3353">
    <p class='ocr_par' dir='ltr' id='par_1_79' title="bbox 2037 3280 2872 3353">
     <span class='ocr_line' id='line_1_79' title="bbox 2037 3280 2872 3353; baseline 0.006 -21"><span class='ocrx_word' id='word_1_524' title='bbox 2037 3296 2165 3342; x_wconf 88' lang='grc' dir='ltr'>τους</span> <span class='ocrx_word' id='word_1_525' title='bbox 2196 3280 2644 3353; x_wconf 75' lang='grc' dir='ltr'>ἀποστραφείσης</span> <span class='ocrx_word' id='word_1_526' title='bbox 2676 3284 2872 3352; x_wconf 83' lang='grc' dir='ltr'>χαρᾶς.</span> 
     </span>
    </p>
   </div>
   <div class='ocr_carea' id='block_1_80' title="bbox 2304 3369 3335 3449">
    <p class='ocr_par' dir='ltr' id='par_1_80' title="bbox 2304 3369 3335 3449">
     <span class='ocr_line' id='line_1_80' title="bbox 2304 3369 3335 3449; baseline 0.007 -25"><span class='ocrx_word' id='word_1_527' title='bbox 2304 3369 2402 3426; x_wconf 73' lang='lat' dir='ltr'><strong>te.</strong></span> <span class='ocrx_word' id='word_1_528' title='bbox 2431 3401 2487 3413; x_wconf 86' lang='lat'><strong><em>—</em></strong></span> <span class='ocrx_word' id='word_1_529' title='bbox 2526 3374 2957 3447; x_wconf 79' lang='grc' dir='ltr'><strong>ΠΑΝΤΩΝΥΜῼ</strong></span> <span class='ocrx_word' id='word_1_530' title='bbox 2989 3378 3335 3449; x_wconf 59' lang='lat' dir='ltr'><strong>suum}.</strong></span> 
     </span>
    </p>
   </div>
   <div class='ocr_carea' id='block_1_81' title="bbox 2105 3459 3615 3534">
    <p class='ocr_par' dir='ltr' id='par_1_81' title="bbox 2105 3459 3615 3534">
     <span class='ocr_line' id='line_1_81' title="bbox 2105 3459 3615 3534; baseline 0.001 -23"><span class='ocrx_word' id='word_1_531' title='bbox 2105 3459 2243 3524; x_wconf 67' lang='lat' dir='ltr'><strong>Teia;</strong></span> <span class='ocrx_word' id='word_1_532' title='bbox 2280 3459 2569 3525; x_wconf 81' lang='grc' dir='ltr'>Ἰουδαίους</span> <span class='ocrx_word' id='word_1_533' title='bbox 2605 3462 2681 3533; x_wconf 88' lang='lat' dir='ltr'><strong>(I)</strong></span> <span class='ocrx_word' id='word_1_534' title='bbox 2717 3462 2793 3534; x_wconf 83' lang='grc' dir='ltr'>μὴ</span> <span class='ocrx_word' id='word_1_535' title='bbox 2840 3462 3088 3533; x_wconf 70' lang='grc' dir='ltr'>εὐψυχῶν</span> <span class='ocrx_word' id='word_1_536' title='bbox 3135 3462 3423 3534; x_wconf 73' lang='grc' dir='ltr'>διαθρέψαι</span> <span class='ocrx_word' id='word_1_537' title='bbox 3446 3501 3461 3525; x_wconf 96' lang='grc'><strong>,</strong></span> <span class='ocrx_word' id='word_1_538' title='bbox 3519 3462 3615 3515; x_wconf 70' lang='grc' dir='ltr'>καὶ</span> 
     </span>
    </p>
   </div>
   <div class='ocr_carea' id='block_1_82' title="bbox 2034 3552 3614 3626">
    <p class='ocr_par' dir='ltr' id='par_1_82' title="bbox 2034 3552 3614 3626">
     <span class='ocr_line' id='line_1_82' title="bbox 2034 3552 3614 3626; baseline 0.001 -21"><span class='ocrx_word' id='word_1_539' title='bbox 2034 3553 2313 3622; x_wconf 73' lang='grc' dir='ltr'>ἀμφιάσαι</span> <span class='ocrx_word' id='word_1_540' title='bbox 2348 3552 2589 3619; x_wconf 80' lang='grc' dir='ltr'>οἰκέτας,</span> <span class='ocrx_word' id='word_1_541' title='bbox 2625 3553 2769 3607; x_wconf 87' lang='grc' dir='ltr'>διατί</span> <span class='ocrx_word' id='word_1_542' title='bbox 2808 3553 3107 3626; x_wconf 81' lang='grc' dir='ltr'>ἐνδεικτιᾷς</span> <span class='ocrx_word' id='word_1_543' title='bbox 3144 3554 3306 3624; x_wconf 83' lang='grc' dir='ltr'>δῆθεν</span> <span class='ocrx_word' id='word_1_544' title='bbox 3348 3554 3424 3617; x_wconf 80' lang='grc' dir='ltr'>ὡς</span> <span class='ocrx_word' id='word_1_545' title='bbox 3458 3553 3614 3607; x_wconf 84' lang='grc' dir='ltr'>ἀλλο-</span> 
     </span>
    </p>
   </div>
   <div class='ocr_carea' id='block_1_83' title="bbox 2035 3644 3615 3718">
    <p class='ocr_par' dir='ltr' id='par_1_83' title="bbox 2035 3644 3615 3718">
     <span class='ocr_line' id='line_1_83' title="bbox 2035 3644 3615 3718; baseline 0.002 -21"><span class='ocrx_word' id='word_1_546' title='bbox 2035 3644 2204 3715; x_wconf 85' lang='grc' dir='ltr'>τρίοις</span> <span class='ocrx_word' id='word_1_547' title='bbox 2225 3644 2423 3711; x_wconf 79' lang='grc' dir='ltr'>ἔξωθεν</span> <span class='ocrx_word' id='word_1_548' title='bbox 2458 3644 2919 3717; x_wconf 83' lang='grc' dir='ltr'>προσερχομένοις</span> <span class='ocrx_word' id='word_1_549' title='bbox 2959 3646 3283 3718; x_wconf 82' lang='grc' dir='ltr'>ἀγερώχοις,</span> <span class='ocrx_word' id='word_1_550' title='bbox 3313 3648 3408 3700; x_wconf 71' lang='grc' dir='ltr'>καὶ</span> <span class='ocrx_word' id='word_1_551' title='bbox 3446 3664 3615 3716; x_wconf 82' lang='grc' dir='ltr'>πονη-</span> 
     </span>
    </p>
   </div>
   <div class='ocr_carea' id='block_1_84' title="bbox 2040 3737 3299 3810">
    <p class='ocr_par' dir='ltr' id='par_1_84' title="bbox 2040 3737 3299 3810">
     <span class='ocr_line' id='line_1_84' title="bbox 2040 3737 3299 3810; baseline 0.001 -20"><span class='ocrx_word' id='word_1_552' title='bbox 2040 3739 2175 3808; x_wconf 84' lang='grc' dir='ltr'>ροῖς,</span> <span class='ocrx_word' id='word_1_553' title='bbox 2203 3738 2297 3790; x_wconf 68' lang='grc' dir='ltr'>καὶ</span> <span class='ocrx_word' id='word_1_554' title='bbox 2339 3737 2526 3808; x_wconf 85' lang='grc' dir='ltr'>λήροις</span> <span class='ocrx_word' id='word_1_555' title='bbox 2557 3737 2655 3809; x_wconf 79' lang='grc' dir='ltr'>τὴν</span> <span class='ocrx_word' id='word_1_556' title='bbox 2687 3738 2922 3810; x_wconf 79' lang='grc' dir='ltr'>ὓπαρξιν</span> <span class='ocrx_word' id='word_1_557' title='bbox 2953 3739 3299 3807; x_wconf 76' lang='grc' dir='ltr'>σκορπίζων;</span> 
     </span>
    </p>
   </div>
   <div class='ocr_carea' id='block_1_85' title="bbox 2453 3831 3200 3903">
    <p class='ocr_par' dir='ltr' id='par_1_85' title="bbox 2453 3831 3200 3903">
     <span class='ocr_line' id='line_1_85' title="bbox 2453 3831 3200 3903; baseline 0 -20"><span class='ocrx_word' id='word_1_558' title='bbox 2453 3831 2541 3883; x_wconf 72' lang='grc' dir='ltr'>ις’.</span> <span class='ocrx_word' id='word_1_559' title='bbox 2568 3859 2639 3874; x_wconf 78' lang='grc'><strong>.-</strong></span> <span class='ocrx_word' id='word_1_560' title='bbox 2668 3831 2926 3903; x_wconf 75' lang='grc' dir='ltr'><strong>ΥΠΑτιᾳ</strong></span> <span class='ocrx_word' id='word_1_561' title='bbox 2961 3832 3200 3902; x_wconf 69' lang='lat' dir='ltr'><strong>more.</strong></span> 
     </span>
    </p>
   </div>
   <div class='ocr_carea' id='block_1_86' title="bbox 2108 3907 3613 3993">
    <p class='ocr_par' dir='ltr' id='par_1_86' title="bbox 2108 3907 3613 3993">
     <span class='ocr_line' id='line_1_86' title="bbox 2108 3907 3613 3993; baseline 0.001 -18"><span class='ocrx_word' id='word_1_562' title='bbox 2108 3922 2221 3993; x_wconf 85' lang='grc' dir='ltr'><strong>Οὐχ</strong></span> <span class='ocrx_word' id='word_1_563' title='bbox 2243 3922 2324 3975; x_wconf 82' lang='grc' dir='ltr'>ὅτι</span> <span class='ocrx_word' id='word_1_564' title='bbox 2356 3921 2566 3986; x_wconf 82' lang='grc' dir='ltr'>πάντας</span> <span class='ocrx_word' id='word_1_565' title='bbox 2590 3923 2715 3986; x_wconf 83' lang='grc' dir='ltr'>τοὺς</span> <span class='ocrx_word' id='word_1_566' title='bbox 2747 3922 3006 3986; x_wconf 88' lang='grc' dir='ltr'>θανόντας</span> <span class='ocrx_word' id='word_1_567' title='bbox 3029 3907 3410 3979; x_wconf 61' lang='grc' dir='ltr'>δεδικᾶιῶσθαι</span> <span class='ocrx_word' id='word_1_568' title='bbox 3432 3923 3613 3992; x_wconf 77' lang='grc' dir='ltr'>οἰόμε-</span> 
     </span>
    </p>
   </div>
   <div class='ocr_carea' id='block_1_87' title="bbox 2040 4011 3615 4084">
    <p class='ocr_par' dir='ltr' id='par_1_87' title="bbox 2040 4011 3615 4084">
     <span class='ocr_line' id='line_1_87' title="bbox 2040 4011 3615 4084; baseline 0.004 -22"><span class='ocrx_word' id='word_1_569' title='bbox 2040 4027 2130 4073; x_wconf 90' lang='grc' dir='ltr'><strong>νος</strong></span> <span class='ocrx_word' id='word_1_570' title='bbox 2163 4011 2190 4063; x_wconf 81' lang='grc' dir='ltr'>ὁ</span> <span class='ocrx_word' id='word_1_571' title='bbox 2243 4011 2540 4075; x_wconf 86' lang='grc' dir='ltr'>ἀπόστολος</span> <span class='ocrx_word' id='word_1_572' title='bbox 2583 4011 2793 4077; x_wconf 80' lang='grc' dir='ltr'>Παῦλος</span> <span class='ocrx_word' id='word_1_573' title='bbox 2832 4012 3066 4084; x_wconf 81' lang='grc' dir='ltr'>γράφει,</span> <span class='ocrx_word' id='word_1_574' title='bbox 3105 4014 3189 4067; x_wconf 83' lang='grc' dir='ltr'>ὅτι</span> <span class='ocrx_word' id='word_1_575' title='bbox 3245 4031 3263 4064; x_wconf 82' lang='grc' dir='ltr'><strong>ι</strong></span> <span class='ocrx_word' id='word_1_576' title='bbox 3296 4013 3353 4067; x_wconf 87' lang='grc' dir='ltr'>Ὀ</span> <span class='ocrx_word' id='word_1_577' title='bbox 3405 4013 3615 4068; x_wconf 85' lang='grc' dir='ltr'>ἀποθα·</span> 
     </span>
    </p>
   </div>
   <div class='ocr_carea' id='block_1_88' title="bbox 2041 4100 3618 4177">
    <p class='ocr_par' dir='ltr' id='par_1_88' title="bbox 2041 4100 3618 4177">
     <span class='ocr_line' id='line_1_88' title="bbox 2041 4100 3618 4177; baseline 0.004 -25"><span class='ocrx_word' id='word_1_578' title='bbox 2041 4100 2147 4153; x_wconf 85' lang='grc' dir='ltr'>νὼν</span> <span class='ocrx_word' id='word_1_579' title='bbox 2171 4100 2513 4155; x_wconf 86' lang='grc' dir='ltr'>δεδικαίωται</span> <span class='ocrx_word' id='word_1_580' title='bbox 2542 4100 2652 4155; x_wconf 85' lang='grc' dir='ltr'><strong>ἀπὺ</strong></span> <span class='ocrx_word' id='word_1_581' title='bbox 2682 4103 2781 4174; x_wconf 81' lang='grc' dir='ltr'>τῆς</span> <span class='ocrx_word' id='word_1_582' title='bbox 2810 4102 3085 4173; x_wconf 77' lang='grc' dir='ltr'>ἁμαρτίας</span> <span class='ocrx_word' id='word_1_583' title='bbox 3105 4120 3119 4137; x_wconf 88' lang='grc'><strong>·</strong></span> <span class='ocrx_word' id='word_1_584' title='bbox 3156 4122 3175 4158; x_wconf 72' lang='grc' dir='ltr'><strong>ι</strong></span> <span class='ocrx_word' id='word_1_585' title='bbox 3210 4105 3377 4169; x_wconf 80' lang='grc' dir='ltr'>ὅντως</span> <span class='ocrx_word' id='word_1_586' title='bbox 3408 4106 3516 4177; x_wconf 76' lang='grc' dir='ltr'><strong>γὰρ</strong></span> <span class='ocrx_word' id='word_1_587' title='bbox 3549 4107 3618 4160; x_wconf 76' lang='grc' dir='ltr'>ἄν</span> 
     </span>
    </p>
   </div>
   <div class='ocr_carea' id='block_1_89' title="bbox 2044 4191 3620 4267">
    <p class='ocr_par' dir='ltr' id='par_1_89' title="bbox 2044 4191 3620 4267">
     <span class='ocr_line' id='line_1_89' title="bbox 2044 4191 3620 4267; baseline 0.004 -23"><span class='ocrx_word' id='word_1_588' title='bbox 2044 4191 2285 4255; x_wconf 79' lang='grc' dir='ltr'>ἅπαντες</span> <span class='ocrx_word' id='word_1_589' title='bbox 2320 4192 2557 4257; x_wconf 79' lang='grc' dir='ltr'>ἀσεϐεῖς,</span> <span class='ocrx_word' id='word_1_590' title='bbox 2616 4194 2711 4247; x_wconf 81' lang='grc' dir='ltr'>καὶ</span> <span class='ocrx_word' id='word_1_591' title='bbox 2758 4195 3066 4267; x_wconf 80' lang='grc' dir='ltr'>παράνομοι</span> <span class='ocrx_word' id='word_1_592' title='bbox 3102 4195 3480 4250; x_wconf 67' lang='grc' dir='ltr'>δεδικαιᾶωθαι</span> <span class='ocrx_word' id='word_1_593' title='bbox 3524 4198 3620 4251; x_wconf 82' lang='grc' dir='ltr'>δό-</span> 
     </span>
    </p>
   </div>
   <div class='ocr_carea' id='block_1_90' title="bbox 2042 4281 3616 4362">
    <p class='ocr_par' dir='ltr' id='par_1_90' title="bbox 2042 4281 3616 4362">
     <span class='ocr_line' id='line_1_90' title="bbox 2042 4281 3616 4362; baseline 0.006 -28"><span class='ocrx_word' id='word_1_594' title='bbox 2042 4281 2226 4347; x_wconf 79' lang='grc' dir='ltr'>ξουσιν</span> <span class='ocrx_word' id='word_1_595' title='bbox 2271 4282 2581 4349; x_wconf 81' lang='grc' dir='ltr'>ἐξελθόντες</span> <span class='ocrx_word' id='word_1_596' title='bbox 2612 4284 2704 4340; x_wconf 81' lang='grc' dir='ltr'>τοῦ</span> <span class='ocrx_word' id='word_1_597' title='bbox 2738 4285 2885 4357; x_wconf 80' lang='grc' dir='ltr'><strong>βίου⁸</strong></span> <span class='ocrx_word' id='word_1_598' title='bbox 2923 4287 3037 4341; x_wconf 85' lang='grc' dir='ltr'>ἀλλ’</span> <span class='ocrx_word' id='word_1_599' title='bbox 3071 4289 3152 4342; x_wconf 84' lang='grc' dir='ltr'>ὅτι</span> <span class='ocrx_word' id='word_1_600' title='bbox 3192 4291 3301 4353; x_wconf 79' lang='grc' dir='ltr'><strong>πᾶς</strong></span> <span class='ocrx_word' id='word_1_601' title='bbox 3332 4290 3616 4362; x_wconf 80' lang='grc' dir='ltr'>ἄνθρωπος</span> 
     </span>
    </p>
   </div>
   <div class='ocr_carea' id='block_1_91' title="bbox 2045 4372 3619 4452">
    <p class='ocr_par' dir='ltr' id='par_1_91' title="bbox 2045 4372 3619 4452">
     <span class='ocr_line' id='line_1_91' title="bbox 2045 4372 3619 4452; baseline 0.008 -30"><span class='ocrx_word' id='word_1_602' title='bbox 2045 4372 2240 4443; x_wconf 82' lang='grc' dir='ltr'>μηκέτι</span> <span class='ocrx_word' id='word_1_603' title='bbox 2277 4374 2420 4445; x_wconf 85' lang='grc' dir='ltr'>δρῶν</span> <span class='ocrx_word' id='word_1_604' title='bbox 2458 4374 2554 4445; x_wconf 83' lang='grc' dir='ltr'>τὴν</span> <span class='ocrx_word' id='word_1_605' title='bbox 2597 4377 2894 4449; x_wconf 85' lang='grc' dir='ltr'>ἁμαρτίαν,</span> <span class='ocrx_word' id='word_1_606' title='bbox 2943 4378 3031 4432; x_wconf 74' lang='grc' dir='ltr'><strong>διὰ</strong></span> <span class='ocrx_word' id='word_1_607' title='bbox 3074 4379 3135 4432; x_wconf 85' lang='grc' dir='ltr'>τὸ</span> <span class='ocrx_word' id='word_1_608' title='bbox 3177 4380 3487 4436; x_wconf 77' lang='grc' dir='ltr'>παύσασθαι</span> <span class='ocrx_word' id='word_1_609' title='bbox 3515 4381 3619 4452; x_wconf 72' lang='grc' dir='ltr'>τῆς</span> 
     </span>
    </p>
   </div>
   <div class='ocr_carea' id='block_1_92' title="bbox 360 4464 1935 4545">
    <p class='ocr_par' dir='ltr' id='par_1_92' title="bbox 360 4470 1935 4545">
     <span class='ocr_line' id='line_1_92' title="bbox 360 4470 1935 4545; baseline -0.009 -12"><span class='ocrx_word' id='word_1_610' title='bbox 360 4479 675 4543; x_wconf 71' lang='lat' dir='ltr'><strong>cessaverit,</strong></span> <span class='ocrx_word' id='word_1_611' title='bbox 696 4486 777 4533; x_wconf 63' lang='lat' dir='ltr'><strong>et&#39;</strong></span> <span class='ocrx_word' id='word_1_612' title='bbox 806 4474 1240 4545; x_wconf 83' lang='lat' dir='ltr'><strong>ideaturiniquis</strong></span> <span class='ocrx_word' id='word_1_613' title='bbox 1265 4470 1574 4526; x_wconf 87' lang='lat' dir='ltr'><strong>actionibus</strong></span> <span class='ocrx_word' id='word_1_614' title='bbox 1598 4470 1935 4532; x_wconf 85' lang='lat' dir='ltr'><strong>demortuus,</strong></span> 
     </span>
    </p>
   </div>
   <div class='ocr_carea' id='block_1_93' title="bbox 2048 4464 3621 4545">
    <p class='ocr_par' dir='ltr' id='par_1_93' title="bbox 2048 4466 3621 4544">
     <span class='ocr_line' id='line_1_93' title="bbox 2048 4466 3621 4544; baseline 0.003 -24"><span class='ocrx_word' id='word_1_615' title='bbox 2048 4466 2256 4536; x_wconf 71' lang='grc' dir='ltr'>φαύλης</span> <span class='ocrx_word' id='word_1_616' title='bbox 2279 4467 2578 4537; x_wconf 86' lang='grc' dir='ltr'>ἐνεργείας,</span> <span class='ocrx_word' id='word_1_617' title='bbox 2605 4468 2680 4532; x_wconf 85' lang='grc' dir='ltr'><strong>ὡς</strong></span> <span class='ocrx_word' id='word_1_618' title='bbox 2712 4469 2883 4523; x_wconf 80' lang='grc' dir='ltr'>δοκῶν</span> <span class='ocrx_word' id='word_1_619' title='bbox 2914 4472 3282 4543; x_wconf 80' lang='grc' dir='ltr'>νενεκρῶσθαι</span> <span class='ocrx_word' id='word_1_620' title='bbox 3308 4475 3425 4535; x_wconf 83' lang='grc' dir='ltr'>ταῖς</span> <span class='ocrx_word' id='word_1_621' title='bbox 3454 4490 3621 4544; x_wconf 83' lang='grc' dir='ltr'>πονη-</span> 
     </span>
    </p>
   </div>
   <div class='ocr_carea' id='block_1_94' title="bbox 357 4560 1946 4641">
    <p class='ocr_par' dir='ltr' id='par_1_94' title="bbox 357 4560 1946 4641">
     <span class='ocr_line' id='line_1_94' title="bbox 357 4560 1946 4641; baseline -0.006 -17"><span class='ocrx_word' id='word_1_622' title='bbox 357 4572 447 4625; x_wconf 85' lang='lat' dir='ltr'><strong>hic</strong></span> <span class='ocrx_word' id='word_1_623' title='bbox 477 4586 583 4624; x_wconf 90' lang='lat' dir='ltr'><strong>non</strong></span> <span class='ocrx_word' id='word_1_624' title='bbox 618 4578 903 4641; x_wconf 66' lang='lat' dir='ltr'><strong>peccetur,</strong></span> <span class='ocrx_word' id='word_1_625' title='bbox 940 4569 1035 4624; x_wconf 84' lang='lat' dir='ltr'><strong>sed</strong></span> <span class='ocrx_word' id='word_1_626' title='bbox 1061 4568 1281 4638; x_wconf 83' lang='lat' dir='ltr'><strong>justus,</strong></span> <span class='ocrx_word' id='word_1_627' title='bbox 1333 4579 1431 4617; x_wconf 92' lang='lat' dir='ltr'><strong>nec</strong></span> <span class='ocrx_word' id='word_1_628' title='bbox 1477 4563 1686 4631; x_wconf 82' lang='lat' dir='ltr'><strong>absque</strong></span> <span class='ocrx_word' id='word_1_629' title='bbox 1728 4560 1946 4614; x_wconf 87' lang='lat' dir='ltr'><strong>ratione</strong></span> 
     </span>
    </p>
   </div>
   <div class='ocr_carea' id='block_1_95' title="bbox 356 4653 1946 4731">
    <p class='ocr_par' dir='ltr' id='par_1_95' title="bbox 356 4653 1946 4731">
     <span class='ocr_line' id='line_1_95' title="bbox 356 4653 1946 4731; baseline -0.008 -16"><span class='ocrx_word' id='word_1_630' title='bbox 356 4670 459 4715; x_wconf 73' lang='lat' dir='ltr'><strong>est.</strong></span> <span class='ocrx_word' id='word_1_631' title='bbox 513 4661 602 4716; x_wconf 78' lang='lat' dir='ltr'><strong>Sic</strong></span> <span class='ocrx_word' id='word_1_632' title='bbox 662 4663 846 4731; x_wconf 87' lang='lat' dir='ltr'><strong>itaque</strong></span> <span class='ocrx_word' id='word_1_633' title='bbox 900 4662 1168 4730; x_wconf 87' lang='lat' dir='ltr'><strong>scriptum</strong></span> <span class='ocrx_word' id='word_1_634' title='bbox 1228 4656 1514 4725; x_wconf 74' lang='lat' dir='ltr'><strong>intellige:</strong></span> <span class='ocrx_word' id='word_1_635' title='bbox 1562 4653 1665 4719; x_wconf 88' lang='lat' dir='ltr'><strong>Qui</strong></span> <span class='ocrx_word' id='word_1_636' title='bbox 1721 4662 1946 4721; x_wconf 80' lang='lat' dir='ltr'><strong>peccato</strong></span> 
     </span>
    </p>
   </div>
   <div class='ocr_carea' id='block_1_96' title="bbox 357 4743 1947 4819">
    <p class='ocr_par' dir='ltr' id='par_1_96' title="bbox 357 4743 1947 4819">
     <span class='ocr_line' id='line_1_96' title="bbox 357 4743 1947 4819; baseline -0.006 -12"><span class='ocrx_word' id='word_1_637' title='bbox 357 4763 612 4809; x_wconf 85' lang='lat' dir='ltr'><strong>mortuus</strong></span> <span class='ocrx_word' id='word_1_638' title='bbox 643 4762 920 4819; x_wconf 87' lang='lat' dir='ltr'><strong>est,cum</strong></span> <span class='ocrx_word' id='word_1_639' title='bbox 959 4750 1092 4807; x_wconf 86' lang='lat' dir='ltr'><strong>illud</strong></span> <span class='ocrx_word' id='word_1_640' title='bbox 1142 4749 1382 4819; x_wconf 89' lang='lat' dir='ltr'><strong>amplius</strong></span> <span class='ocrx_word' id='word_1_641' title='bbox 1438 4760 1548 4800; x_wconf 91' lang='lat' dir='ltr'><strong>non</strong></span> <span class='ocrx_word' id='word_1_642' title='bbox 1599 4751 1808 4816; x_wconf 88' lang='lat' dir='ltr'><strong>patrct,</strong></span> <span class='ocrx_word' id='word_1_643' title='bbox 1857 4743 1947 4813; x_wconf 86' lang='lat' dir='ltr'><strong>ju—</strong></span> 
     </span>
    </p>
   </div>
   <div class='ocr_carea' id='block_1_97' title="bbox 356 4845 832 4901">
    <p class='ocr_par' dir='ltr' id='par_1_97' title="bbox 356 4845 832 4901">
     <span class='ocr_line' id='line_1_97' title="bbox 356 4845 832 4901; baseline 0.004 -2"><span class='ocrx_word' id='word_1_644' title='bbox 356 4855 481 4901; x_wconf 82' lang='lat' dir='ltr'><strong>stus</strong></span> <span class='ocrx_word' id='word_1_645' title='bbox 517 4845 697 4901; x_wconf 78' lang='lat' dir='ltr'><strong>factus</strong></span> <span class='ocrx_word' id='word_1_646' title='bbox 728 4856 832 4901; x_wconf 85' lang='lat' dir='ltr'><strong>est.</strong></span> 
     </span>
    </p>
   </div>
   <div class='ocr_carea' id='block_1_98' title="bbox 694 4926 1598 4995">
    <p class='ocr_par' dir='ltr' id='par_1_98' title="bbox 694 4926 1598 4995">
     <span class='ocr_line' id='line_1_98' title="bbox 694 4926 1598 4995; baseline -0.007 -3"><span class='ocrx_word' id='word_1_647' title='bbox 694 4938 838 4995; x_wconf 77' lang='lat' dir='ltr'><strong>XXI.</strong></span> <span class='ocrx_word' id='word_1_648' title='bbox 869 4968 937 4978; x_wconf 91' lang='lat'><strong>——</strong></span> <span class='ocrx_word' id='word_1_649' title='bbox 968 4931 1247 4991; x_wconf 80' lang='lat' dir='ltr'><strong>ISIDORO</strong></span> <span class='ocrx_word' id='word_1_650' title='bbox 1276 4926 1598 4987; x_wconf 79' lang='lat' dir='ltr'><strong>LECTORI.</strong></span> 
     </span>
    </p>
   </div>
   <div class='ocr_carea' id='block_1_99' title="bbox 430 5019 1940 5102">
    <p class='ocr_par' dir='ltr' id='par_1_99' title="bbox 430 5019 1940 5102">
     <span class='ocr_line' id='line_1_99' title="bbox 430 5019 1940 5102; baseline -0.009 -17"><span class='ocrx_word' id='word_1_651' title='bbox 430 5030 625 5087; x_wconf 76' lang='lat' dir='ltr'><strong>Petrus</strong></span> <span class='ocrx_word' id='word_1_652' title='bbox 675 5031 1056 5102; x_wconf 85' lang='lat' dir='ltr'><strong>apostolorum</strong></span> <span class='ocrx_word' id='word_1_653' title='bbox 1113 5027 1372 5099; x_wconf 82' lang='lat' dir='ltr'><strong>princeps</strong></span> <span class='ocrx_word' id='word_1_654' title='bbox 1427 5024 1501 5078; x_wconf 87' lang='lat' dir='ltr'><strong>ait</strong></span> <span class='ocrx_word' id='word_1_655' title='bbox 1536 5044 1548 5079; x_wconf 93' lang='lat'>:</span> <span class='ocrx_word' id='word_1_656' title='bbox 1581 5043 1599 5075; x_wconf 83' lang='grc' dir='ltr'><strong>ι</strong></span> <span class='ocrx_word' id='word_1_657' title='bbox 1631 5019 1686 5076; x_wconf 89' lang='lat' dir='ltr'><strong>Si</strong></span> <span class='ocrx_word' id='word_1_658' title='bbox 1742 5035 1940 5091; x_wconf 74' lang='lat' dir='ltr'><strong>expro-</strong></span> 
     </span>
    </p>
   </div>
   <div class='ocr_carea' id='block_1_100' title="bbox 357 5114 1942 5191">
    <p class='ocr_par' dir='ltr' id='par_1_100' title="bbox 357 5114 1942 5191">
     <span class='ocr_line' id='line_1_100' title="bbox 357 5114 1942 5191; baseline -0.006 -16"><span class='ocrx_word' id='word_1_659' title='bbox 357 5121 600 5178; x_wconf 89' lang='lat' dir='ltr'><strong>bramini</strong></span> <span class='ocrx_word' id='word_1_660' title='bbox 632 5123 686 5177; x_wconf 90' lang='lat' dir='ltr'><strong>in</strong></span> <span class='ocrx_word' id='word_1_661' title='bbox 713 5125 936 5177; x_wconf 88' lang='lat' dir='ltr'><strong>nomine</strong></span> <span class='ocrx_word' id='word_1_662' title='bbox 960 5121 1121 5191; x_wconf 76' lang='lat'><strong>129</strong></span> <span class='ocrx_word' id='word_1_663' title='bbox 1146 5119 1371 5184; x_wconf 80' lang='lat' dir='ltr'><strong>Christi,</strong></span> <span class='ocrx_word' id='word_1_664' title='bbox 1398 5117 1542 5173; x_wconf 86' lang='lat' dir='ltr'><strong>beati</strong></span> <span class='ocrx_word' id='word_1_665' title='bbox 1571 5115 1705 5172; x_wconf 86' lang='lat' dir='ltr'><strong>estis</strong></span> <span class='ocrx_word' id='word_1_666' title='bbox 1728 5114 1810 5180; x_wconf 87' lang='grc'><strong>¹³;</strong></span> <span class='ocrx_word' id='word_1_667' title='bbox 1843 5134 1860 5165; x_wconf 75' lang='grc' dir='ltr'><strong>ι</strong></span> <span class='ocrx_word' id='word_1_668' title='bbox 1888 5121 1942 5169; x_wconf 87' lang='lat' dir='ltr'><strong>et</strong></span> 
     </span>
    </p>
   </div>
   <div class='ocr_carea' id='block_1_101' title="bbox 359 5207 1940 5284">
    <p class='ocr_par' dir='ltr' id='par_1_101' title="bbox 359 5207 1940 5284">
     <span class='ocr_line' id='line_1_101' title="bbox 359 5207 1940 5284; baseline -0.004 -19"><span class='ocrx_word' id='word_1_669' title='bbox 359 5212 629 5270; x_wconf 85' lang='lat' dir='ltr'><strong>Dominus</strong></span> <span class='ocrx_word' id='word_1_670' title='bbox 661 5215 798 5269; x_wconf 75' lang='lat' dir='ltr'><strong>dixit</strong></span> <span class='ocrx_word' id='word_1_671' title='bbox 834 5230 928 5284; x_wconf 80' lang='lat' dir='ltr'><strong>per</strong></span> <span class='ocrx_word' id='word_1_672' title='bbox 960 5214 1153 5267; x_wconf 85' lang='lat' dir='ltr'><strong>Isaiam</strong></span> <span class='ocrx_word' id='word_1_673' title='bbox 1184 5230 1234 5265; x_wconf 79' lang='grc' dir='ltr'><strong>ει</strong></span> <span class='ocrx_word' id='word_1_674' title='bbox 1262 5209 1629 5282; x_wconf 86' lang='lat' dir='ltr'><strong>Opprobrium</strong></span> <span class='ocrx_word' id='word_1_675' title='bbox 1662 5207 1940 5260; x_wconf 87' lang='lat' dir='ltr'><strong>hominum</strong></span> 
     </span>
    </p>
   </div>
   <div class='ocr_carea' id='block_1_102' title="bbox 430 5388 1399 5454">
    <p class='ocr_par' dir='ltr' id='par_1_102' title="bbox 430 5388 1399 5454">
     <span class='ocr_line' id='line_1_102' title="bbox 430 5388 1399 5454; baseline 0.005 -14"><span class='ocrx_word' id='word_1_676' title='bbox 430 5391 479 5422; x_wconf 63' lang='grc' dir='ltr'><strong>ιδ</strong></span> <span class='ocrx_word' id='word_1_677' title='bbox 508 5389 551 5442; x_wconf 84' lang='lat' dir='ltr'><strong>II</strong></span> <span class='ocrx_word' id='word_1_678' title='bbox 581 5390 711 5454; x_wconf 67' lang='grc' dir='ltr'>πιθα.</span> <span class='ocrx_word' id='word_1_679' title='bbox 749 5402 820 5453; x_wconf 78' lang='lat' dir='ltr'><strong>tv,</strong></span> <span class='ocrx_word' id='word_1_680' title='bbox 851 5388 935 5441; x_wconf 72' lang='lat' dir='ltr'><strong>I2.</strong></span> <span class='ocrx_word' id='word_1_681' title='bbox 1018 5391 1062 5421; x_wconf 72' lang='grc'><strong>³⁵</strong></span> <span class='ocrx_word' id='word_1_682' title='bbox 1083 5388 1200 5442; x_wconf 74' lang='lat' dir='ltr'><strong>Jac.</strong></span> <span class='ocrx_word' id='word_1_683' title='bbox 1238 5405 1309 5452; x_wconf 83' lang='lat' dir='ltr'><strong>tv,</strong></span> <span class='ocrx_word' id='word_1_684' title='bbox 1347 5390 1399 5445; x_wconf 86' lang='lat'><strong>8.</strong></span> 
     </span>
    </p>
   </div>
   <div class='ocr_carea' id='block_1_103' title="bbox 340 5459 532 5525">
    <p class='ocr_par' dir='ltr' id='par_1_103' title="bbox 340 5459 532 5525">
     <span class='ocr_line' id='line_1_103' title="bbox 340 5459 532 5525; baseline -0.016 -11"><span class='ocrx_word' id='word_1_685' title='bbox 340 5475 413 5525; x_wconf 84' lang='lat' dir='ltr'><strong>Iv,</strong></span> <span class='ocrx_word' id='word_1_686' title='bbox 445 5459 532 5513; x_wconf 66' lang='lat' dir='ltr'><strong>II.</strong></span> 
     </span>
    </p>
   </div>
   <div class='ocr_carea' id='block_1_104' title="bbox 1515 5390 1940 5446">
    <p class='ocr_par' dir='ltr' id='par_1_104' title="bbox 1515 5390 1940 5446">
     <span class='ocr_line' id='line_1_104' title="bbox 1515 5390 1940 5446; baseline -0.007 1"><span class='ocrx_word' id='word_1_687' title='bbox 1515 5391 1563 5423; x_wconf 76' lang='grc' dir='ltr'><strong>’θ</strong></span> <span class='ocrx_word' id='word_1_688' title='bbox 1588 5390 1727 5446; x_wconf 79' lang='lat' dir='ltr'><strong>I‘saI.</strong></span> <span class='ocrx_word' id='word_1_689' title='bbox 1763 5407 1940 5445; x_wconf 71' lang='lat' dir='ltr'><strong>LXXVII</strong></span> 
     </span>
    </p>
   </div>
   <div class='ocr_carea' id='block_1_105' title="bbox 431 5614 1938 5687">
    <p class='ocr_par' dir='ltr' id='par_1_105' title="bbox 431 5614 1938 5687">
     <span class='ocr_line' id='line_1_105' title="bbox 431 5614 1938 5687; baseline 0.002 -18"><span class='ocrx_word' id='word_1_690' title='bbox 431 5617 509 5686; x_wconf 89' lang='lat' dir='ltr'><strong>(I)</strong></span> <span class='ocrx_word' id='word_1_691' title='bbox 563 5615 700 5687; x_wconf 67' lang='lat' dir='ltr'><strong>Lege</strong></span> <span class='ocrx_word' id='word_1_692' title='bbox 737 5618 859 5679; x_wconf 69' lang='grc' dir='ltr'>τοὺς</span> <span class='ocrx_word' id='word_1_693' title='bbox 888 5615 1074 5687; x_wconf 78' lang='grc' dir='ltr'>ἰδίους,</span> <span class='ocrx_word' id='word_1_694' title='bbox 1104 5615 1168 5668; x_wconf 87' lang='lat' dir='ltr'><strong>ad</strong></span> <span class='ocrx_word' id='word_1_695' title='bbox 1205 5614 1347 5668; x_wconf 87' lang='lat' dir='ltr'><strong>Imnc</strong></span> <span class='ocrx_word' id='word_1_696' title='bbox 1370 5631 1590 5671; x_wconf 86' lang='lat' dir='ltr'><strong>sensum</strong></span> <span class='ocrx_word' id='word_1_697' title='bbox 1626 5634 1639 5671; x_wconf 91' lang='lat'><strong>:</strong></span> <span class='ocrx_word' id='word_1_698' title='bbox 1680 5617 1938 5683; x_wconf 80' lang='lat' dir='ltr'><strong>Quando-</strong></span> 
     </span>
    </p>
   </div>
   <div class='ocr_carea' id='block_1_106' title="bbox 358 5686 1937 5761">
    <p class='ocr_par' dir='ltr' id='par_1_106' title="bbox 358 5686 1937 5761">
     <span class='ocr_line' id='line_1_106' title="bbox 358 5686 1937 5761; baseline 0 -20"><span class='ocrx_word' id='word_1_699' title='bbox 358 5690 567 5761; x_wconf 66' lang='lat' dir='ltr'><strong>quidem</strong></span> <span class='ocrx_word' id='word_1_700' title='bbox 610 5686 837 5758; x_wconf 69' lang='lat' dir='ltr'><strong>proprii:</strong></span> <span class='ocrx_word' id='word_1_701' title='bbox 868 5686 1309 5761; x_wconf 75' lang='lat' dir='ltr'><strong>[antuli_s__victum</strong></span> <span class='ocrx_word' id='word_1_702' title='bbox 1340 5696 1389 5738; x_wconf 80' lang='lat' dir='ltr'><strong>et</strong></span> <span class='ocrx_word' id='word_1_703' title='bbox 1434 5688 1677 5761; x_wconf 74' lang='lat' dir='ltr'><strong>vestitum</strong></span> <span class='ocrx_word' id='word_1_704' title='bbox 1719 5688 1937 5761; x_wconf 67' lang='lat' dir='ltr'><strong>libenter</strong></span> 
     </span>
    </p>
   </div>
   <div class='ocr_carea' id='block_1_107' title="bbox 355 5757 1938 5829">
    <p class='ocr_par' dir='ltr' id='par_1_107' title="bbox 355 5757 1938 5829">
     <span class='ocr_line' id='line_1_107' title="bbox 355 5757 1938 5829; baseline 0 -14"><span class='ocrx_word' id='word_1_705' title='bbox 355 5757 682 5829; x_wconf 62' lang='grc' dir='ltr'>έμρρειίίιαε,</span> <span class='ocrx_word' id='word_1_706' title='bbox 715 5776 807 5814; x_wconf 78' lang='lat' dir='ltr'><strong>cur</strong></span> <span class='ocrx_word' id='word_1_707' title='bbox 849 5766 948 5812; x_wconf 81' lang='lat' dir='ltr'><strong>tete</strong></span> <span class='ocrx_word' id='word_1_708' title='bbox 989 5757 1188 5811; x_wconf 76' lang='lat' dir='ltr'><strong>scilicet</strong></span> <span class='ocrx_word' id='word_1_709' title='bbox 1222 5764 1448 5810; x_wconf 68' lang='lat' dir='ltr'><strong>ostentus</strong></span> <span class='ocrx_word' id='word_1_710' title='bbox 1478 5758 1631 5826; x_wconf 76' lang='lat' dir='ltr'><strong>quasi</strong></span> <span class='ocrx_word' id='word_1_711' title='bbox 1663 5758 1713 5811; x_wconf 85' lang='lat' dir='ltr'><strong>iu</strong></span> <span class='ocrx_word' id='word_1_712' title='bbox 1739 5759 1938 5815; x_wconf 70' lang='lat' dir='ltr'><strong>alienos</strong></span> 
     </span>
    </p>
   </div>
   <div class='ocr_carea' id='block_1_108' title="bbox 1951 5387 2688 5459">
    <p class='ocr_par' dir='ltr' id='par_1_108' title="bbox 1951 5387 2688 5459">
     <span class='ocr_line' id='line_1_108' title="bbox 1951 5387 2688 5459; baseline -0.008 -13"><span class='ocrx_word' id='word_1_713' title='bbox 1951 5432 1965 5459; x_wconf 92' lang='lat'><strong>,</strong></span> <span class='ocrx_word' id='word_1_714' title='bbox 2005 5392 2093 5446; x_wconf 77' lang='lat'><strong>2|.</strong></span> <span class='ocrx_word' id='word_1_715' title='bbox 2175 5388 2216 5419; x_wconf 80' lang='lat'>&quot;</span> <span class='ocrx_word' id='word_1_716' title='bbox 2269 5387 2374 5443; x_wconf 89' lang='lat' dir='ltr'><strong>Isa.</strong></span> <span class='ocrx_word' id='word_1_717' title='bbox 2417 5403 2568 5447; x_wconf 72' lang='lat' dir='ltr'><strong>xxix.</strong></span> <span class='ocrx_word' id='word_1_718' title='bbox 2608 5387 2688 5442; x_wconf 81' lang='lat' dir='ltr'><strong>I5.</strong></span> 
     </span>
    </p>
   </div>
   <div class='ocr_carea' id='block_1_109' title="bbox 2049 4555 3622 4634">
    <p class='ocr_par' dir='ltr' id='par_1_109' title="bbox 2049 4555 3622 4634">
     <span class='ocr_line' id='line_1_109' title="bbox 2049 4555 3622 4634; baseline 0.004 -23"><span class='ocrx_word' id='word_1_719' title='bbox 2049 4561 2168 4630; x_wconf 90' lang='grc' dir='ltr'>ραῖς</span> <span class='ocrx_word' id='word_1_720' title='bbox 2214 4558 2498 4629; x_wconf 76' lang='grc' dir='ltr'>πράξεσιν,</span> <span class='ocrx_word' id='word_1_721' title='bbox 2531 4555 2685 4623; x_wconf 69' lang='grc' dir='ltr'>οὗτος</span> <span class='ocrx_word' id='word_1_722' title='bbox 2742 4561 2926 4615; x_wconf 70' lang='grc' dir='ltr'>οὐκέτι</span> <span class='ocrx_word' id='word_1_723' title='bbox 2969 4563 3323 4634; x_wconf 79' lang='grc' dir='ltr'>ἁμαρτωλὸς,</span> <span class='ocrx_word' id='word_1_724' title='bbox 3357 4565 3491 4618; x_wconf 77' lang='grc' dir='ltr'>ἀλλὰ</span> <span class='ocrx_word' id='word_1_725' title='bbox 3542 4565 3622 4617; x_wconf 76' lang='grc' dir='ltr'>δί-</span> 
     </span>
    </p>
   </div>
   <div class='ocr_carea' id='block_1_110' title="bbox 2046 4651 3627 4726">
    <p class='ocr_par' dir='ltr' id='par_1_110' title="bbox 2046 4651 3627 4726">
     <span class='ocr_line' id='line_1_110' title="bbox 2046 4651 3627 4726; baseline 0.002 -23"><span class='ocrx_word' id='word_1_726' title='bbox 2046 4666 2198 4712; x_wconf 85' lang='grc' dir='ltr'>καιος</span> <span class='ocrx_word' id='word_1_727' title='bbox 2237 4651 2473 4720; x_wconf 72' lang='grc' dir='ltr'>εὐλόγως</span> <span class='ocrx_word' id='word_1_728' title='bbox 2512 4652 2862 4723; x_wconf 77' lang='grc' dir='ltr'>χρηματίζει.</span> <span class='ocrx_word' id='word_1_729' title='bbox 2892 4653 3077 4717; x_wconf 72' lang='grc' dir='ltr'>Οὕτως</span> <span class='ocrx_word' id='word_1_730' title='bbox 3113 4656 3291 4708; x_wconf 77' lang='grc' dir='ltr'>τοίνυν</span> <span class='ocrx_word' id='word_1_731' title='bbox 3334 4655 3526 4726; x_wconf 89' lang='grc' dir='ltr'>νόησον</span> <span class='ocrx_word' id='word_1_732' title='bbox 3558 4657 3627 4707; x_wconf 66' lang='grc' dir='ltr'>τὸ</span> 
     </span>
    </p>
   </div>
   <div class='ocr_carea' id='block_1_111' title="bbox 2044 4742 3622 4817">
    <p class='ocr_par' dir='ltr' id='par_1_111' title="bbox 2044 4742 3622 4817">
     <span class='ocr_line' id='line_1_111' title="bbox 2044 4742 3622 4817; baseline 0.004 -24"><span class='ocrx_word' id='word_1_733' title='bbox 2044 4742 2451 4813; x_wconf 78' lang='grc' dir='ltr'>γεγραμμένον,</span> <span class='ocrx_word' id='word_1_734' title='bbox 2488 4743 2568 4796; x_wconf 78' lang='grc' dir='ltr'>ὅτι</span> <span class='ocrx_word' id='word_1_735' title='bbox 2603 4743 2659 4796; x_wconf 85' lang='grc'><strong>’0</strong></span> <span class='ocrx_word' id='word_1_736' title='bbox 2685 4743 2969 4797; x_wconf 81' lang='grc' dir='ltr'>ἀποθανὼν</span> <span class='ocrx_word' id='word_1_737' title='bbox 2999 4749 3063 4816; x_wconf 75' lang='grc' dir='ltr'><strong>τῇ</strong></span> <span class='ocrx_word' id='word_1_738' title='bbox 3098 4746 3359 4817; x_wconf 76' lang='grc' dir='ltr'>ἁμαρτία,</span> <span class='ocrx_word' id='word_1_739' title='bbox 3388 4747 3622 4817; x_wconf 81' lang='grc' dir='ltr'>ἐπειδή-</span> 
     </span>
    </p>
   </div>
   <div class='ocr_carea' id='block_1_112' title="bbox 2046 4833 3266 4907">
    <p class='ocr_par' dir='ltr' id='par_1_112' title="bbox 2046 4833 3266 4907">
     <span class='ocr_line' id='line_1_112' title="bbox 2046 4833 3266 4907; baseline 0.004 -21"><span class='ocrx_word' id='word_1_740' title='bbox 2046 4851 2152 4906; x_wconf 84' lang='grc' dir='ltr'><strong>περ</strong></span> <span class='ocrx_word' id='word_1_741' title='bbox 2176 4833 2374 4905; x_wconf 82' lang='grc' dir='ltr'>μηκέτι</span> <span class='ocrx_word' id='word_1_742' title='bbox 2411 4835 2643 4907; x_wconf 82' lang='grc' dir='ltr'>πράττει</span> <span class='ocrx_word' id='word_1_743' title='bbox 2678 4837 2871 4903; x_wconf 69' lang='grc' dir='ltr'>αὐτὴν,</span> <span class='ocrx_word' id='word_1_744' title='bbox 2905 4837 3266 4891; x_wconf 85' lang='grc' dir='ltr'>δεδικαίωται.</span> 
     </span>
    </p>
   </div>
   <div class='ocr_carea' id='block_1_113' title="bbox 2329 4926 3322 5001">
    <p class='ocr_par' dir='ltr' id='par_1_113' title="bbox 2329 4926 3322 5001">
     <span class='ocr_line' id='line_1_113' title="bbox 2329 4926 3322 5001; baseline 0.003 -21"><span class='ocrx_word' id='word_1_745' title='bbox 2329 4928 2459 4981; x_wconf 76' lang='lat' dir='ltr'><strong>KA&#39;.</strong></span> <span class='ocrx_word' id='word_1_746' title='bbox 2493 4958 2562 4969; x_wconf 94' lang='lat'>—</span> <span class='ocrx_word' id='word_1_747' title='bbox 2596 4927 2855 4999; x_wconf 79' lang='grc' dir='ltr'><strong>ΙΣΙΔΩΡῼ</strong></span> <span class='ocrx_word' id='word_1_748' title='bbox 2892 4926 3322 5001; x_wconf 77' lang='grc' dir='ltr'><strong>ΑΝΑΓΝΩΣΊᾘ.</strong></span> 
     </span>
    </p>
   </div>
   <div class='ocr_carea' id='block_1_114' title="bbox 2119 5016 3621 5088">
    <p class='ocr_par' dir='ltr' id='par_1_114' title="bbox 2119 5016 3621 5088">
     <span class='ocr_line' id='line_1_114' title="bbox 2119 5016 3621 5088; baseline -0.001 -19"><span class='ocrx_word' id='word_1_749' title='bbox 2119 5016 2328 5088; x_wconf 83' lang='grc' dir='ltr'>Πέτρος</span> <span class='ocrx_word' id='word_1_750' title='bbox 2380 5018 2409 5069; x_wconf 90' lang='grc' dir='ltr'><strong>ό</strong></span> <span class='ocrx_word' id='word_1_751' title='bbox 2468 5017 2859 5087; x_wconf 77' lang='grc' dir='ltr'>πρωτοστάτης</span> <span class='ocrx_word' id='word_1_752' title='bbox 2904 5016 3013 5069; x_wconf 79' lang='grc' dir='ltr'><strong>τῶν</strong></span> <span class='ocrx_word' id='word_1_753' title='bbox 3064 5018 3376 5071; x_wconf 85' lang='grc' dir='ltr'>ἀποστόλων</span> <span class='ocrx_word' id='word_1_754' title='bbox 3422 5017 3621 5087; x_wconf 78' lang='grc' dir='ltr'>φησιν’</span> 
     </span>
    </p>
   </div>
   <div class='ocr_carea' id='block_1_115' title="bbox 2057 5107 3621 5180">
    <p class='ocr_par' dir='ltr' id='par_1_115' title="bbox 2057 5107 3621 5180">
     <span class='ocr_line' id='line_1_115' title="bbox 2057 5107 3621 5180; baseline -0.001 -19"><span class='ocrx_word' id='word_1_755' title='bbox 2057 5128 2074 5161; x_wconf 82' lang='grc' dir='ltr'><strong>ι</strong></span> <span class='ocrx_word' id='word_1_756' title='bbox 2099 5109 2159 5161; x_wconf 75' lang='grc' dir='ltr'><strong>Εἰ</strong></span> <span class='ocrx_word' id='word_1_757' title='bbox 2184 5108 2506 5173; x_wconf 76' lang='grc' dir='ltr'>ὀνειδίζεσθε</span> <span class='ocrx_word' id='word_1_758' title='bbox 2534 5111 2589 5161; x_wconf 88' lang='grc' dir='ltr'><strong>ἐν</strong></span> <span class='ocrx_word' id='word_1_759' title='bbox 2620 5108 2842 5179; x_wconf 85' lang='grc' dir='ltr'>ὀνόματι</span> <span class='ocrx_word' id='word_1_760' title='bbox 2870 5107 3124 5180; x_wconf 77' lang='grc' dir='ltr'>Χριστοῦ.</span> <span class='ocrx_word' id='word_1_761' title='bbox 3152 5110 3410 5180; x_wconf 72' lang='grc' dir='ltr'>μακάριοί</span> <span class='ocrx_word' id='word_1_762' title='bbox 3444 5111 3621 5162; x_wconf 70' lang='grc' dir='ltr'>ἐστε.»</span> 
     </span>
    </p>
   </div>
   <div class='ocr_carea' id='block_1_116' title="bbox 2050 5201 3625 5274">
    <p class='ocr_par' dir='ltr' id='par_1_116' title="bbox 2050 5201 3625 5274">
     <span class='ocr_line' id='line_1_116' title="bbox 2050 5201 3625 5274; baseline -0.003 -17"><span class='ocrx_word' id='word_1_763' title='bbox 2050 5202 2160 5257; x_wconf 71' lang='grc' dir='ltr'><strong>Καὶ</strong></span> <span class='ocrx_word' id='word_1_764' title='bbox 2200 5204 2227 5255; x_wconf 86' lang='grc' dir='ltr'>ὁ</span> <span class='ocrx_word' id='word_1_765' title='bbox 2258 5202 2457 5273; x_wconf 76' lang='grc' dir='ltr'>Κύριος</span> <span class='ocrx_word' id='word_1_766' title='bbox 2494 5201 2681 5274; x_wconf 73' lang='grc' dir='ltr'>εἴρηκε</span> <span class='ocrx_word' id='word_1_767' title='bbox 2725 5201 2815 5253; x_wconf 79' lang='grc' dir='ltr'>διὰ</span> <span class='ocrx_word' id='word_1_768' title='bbox 2858 5202 2949 5254; x_wconf 71' lang='grc' dir='ltr'><strong>τοῦ</strong></span> <span class='ocrx_word' id='word_1_769' title='bbox 2983 5201 3241 5256; x_wconf 72' lang='grc' dir='ltr'>Ἡσαΐου·</span> <span class='ocrx_word' id='word_1_770' title='bbox 3293 5202 3625 5272; x_wconf 65' lang='grc' dir='ltr'>Ὀνειδισμδν</span> 
     </span>
    </p>
   </div>
   <div class='ocr_carea' id='block_1_117' title="bbox 2787 5381 3629 5456">
    <p class='ocr_par' dir='ltr' id='par_1_117' title="bbox 2787 5381 3629 5456">
     <span class='ocr_line' id='line_1_117' title="bbox 2787 5381 3629 5456; baseline -0.004 -16"><span class='ocrx_word' id='word_1_771' title='bbox 2787 5387 2832 5417; x_wconf 77' lang='lat'><strong>”</strong></span> <span class='ocrx_word' id='word_1_772' title='bbox 2887 5386 3043 5439; x_wconf 69' lang='lat' dir='ltr'><strong>Itom.</strong></span> <span class='ocrx_word' id='word_1_773' title='bbox 3082 5401 3154 5446; x_wconf 65' lang='grc' dir='ltr'>ιιι,</span> <span class='ocrx_word' id='word_1_774' title='bbox 3188 5386 3219 5437; x_wconf 82' lang='grc'><strong>7</strong></span> <span class='ocrx_word' id='word_1_775' title='bbox 3340 5382 3442 5456; x_wconf 25' lang='lat' dir='ltr'><strong>&quot;cl</strong></span> <span class='ocrx_word' id='word_1_776' title='bbox 3478 5381 3629 5437; x_wconf 81' lang='lat' dir='ltr'><strong>Petr.</strong></span> 
     </span>
    </p>
   </div>
   <div class='ocr_carea' id='block_1_118' title="bbox 2044 5602 3620 5694">
    <p class='ocr_par' dir='ltr' id='par_1_118' title="bbox 2044 5602 3620 5694">
     <span class='ocr_line' id='line_1_118' title="bbox 2044 5602 3620 5694; baseline -0.004 -22"><span class='ocrx_word' id='word_1_777' title='bbox 2044 5605 2366 5694; x_wconf 68' lang='lat' dir='ltr'><strong>extrinsecus</strong></span> <span class='ocrx_word' id='word_1_778' title='bbox 2392 5615 2745 5694; x_wconf 64' lang='lat' dir='ltr'><strong>advenientes,</strong></span> <span class='ocrx_word' id='word_1_779' title='bbox 2780 5602 3044 5694; x_wconf 56' lang='lat' dir='ltr'><strong>improbos</strong></span> <span class='ocrx_word' id='word_1_780' title='bbox 3086 5623 3135 5669; x_wconf 75' lang='lat' dir='ltr'><strong>et</strong></span> <span class='ocrx_word' id='word_1_781' title='bbox 3192 5623 3493 5694; x_wconf 47' lang='lat' dir='ltr'><strong>negatores,</strong></span> <span class='ocrx_word' id='word_1_782' title='bbox 3545 5611 3620 5694; x_wconf 61' lang='grc' dir='ltr'><strong>[εει</strong></span> 
     </span>
    </p>
   </div>
   <div class='ocr_carea' id='block_1_119' title="bbox 2044 5679 3624 5813">
    <p class='ocr_par' dir='ltr' id='par_1_119' title="bbox 2044 5679 3624 5813">
     <span class='ocr_line' id='line_1_119' title="bbox 2044 5679 3624 5813; baseline -0.004 -74"><span class='ocrx_word' id='word_1_783' title='bbox 2044 5689 2419 5813; x_wconf 27' lang='grc' dir='ltr'><strong>ἱμίὶῗιρὶκιέαε</strong></span> <span class='ocrx_word' id='word_1_784' title='bbox 2466 5687 2812 5758; x_wconf 78' lang='lat' dir='ltr'><strong>profundas?</strong></span> <span class='ocrx_word' id='word_1_785' title='bbox 2854 5679 3215 5743; x_wconf 45' lang='lat' dir='ltr'><strong>&#39;COTELEnms</strong></span> <span class='ocrx_word' id='word_1_786' title='bbox 3264 5679 3517 5738; x_wconf 47' lang='lat' dir='ltr'><strong>&#39;Momun.</strong></span> <span class='ocrx_word' id='word_1_787' title='bbox 3545 5679 3624 5736; x_wconf 71' lang='grc' dir='ltr'><strong>Ε.</strong></span> 
     </span>
     <span class='ocr_line' id='line_1_120' title="bbox 2068 5780 2369 5813; baseline 0.01 -3"><span class='ocrx_word' id='word_1_788' title='bbox 2068 5789 2104 5811; x_wconf 80' lang='grc' dir='ltr'><strong>ι.</strong></span> <span class='ocrx_word' id='word_1_789' title='bbox 2190 5801 2202 5813; x_wconf 90' lang='grc'><strong>.</strong></span> <span class='ocrx_word' id='word_1_790' title='bbox 2247 5780 2312 5813; x_wconf 64' lang='grc' dir='ltr'><strong>δέ)</strong></span> <span class='ocrx_word' id='word_1_791' title='bbox 2356 5797 2369 5812; x_wconf 92' lang='grc'><strong>.</strong></span> 
     </span>
    </p>
   </div>
   <div class='ocr_carea' id='block_1_120' title="bbox 2068 5780 2369 5826">
    <p class='ocr_par' dir='ltr' id='par_1_120' title="bbox 2068 5780 2369 5826">
     <span class='ocr_line' id='line_1_121' title="bbox 2068 5780 2369 5826; baseline 0.003 -15"><span class='ocrx_word' id='word_1_792' title='bbox 2068 5789 2104 5811; x_wconf 80' lang='grc' dir='ltr'><strong>ι.</strong></span> <span class='ocrx_word' id='word_1_793' title='bbox 2139 5780 2202 5826; x_wconf 90' lang='grc' dir='ltr'><strong>ιι,</strong></span> <span class='ocrx_word' id='word_1_794' title='bbox 2247 5780 2369 5813; x_wconf 66' lang='lat' dir='ltr'><strong>aeu.</strong></span> 
     </span>
    </p>
   </div>
  </div>
