4012 6196
379 266 487 332 209
1616 262 2147 324 EPISNLARUM
2182 266 2327 325 LIB.
2370 265 2451 325 II.
3538 263 3648 329 9T0

385 379 689 453 ἀνθρώπων
722 379 989 451 μηδαμῶς
1047 380 1343 453 φοϐηθῆτε,
1382 401 1398 431 ι
1448 380 1525 434 Δι’
1573 379 1738 433 αὐτοῦ
1777 380 1833 433 δὲ
1866 378 1965 450 βοᾷ

2083 394 2138 433 ιο
2170 379 2411 435 timeatis
2444 379 2508 434 ’⁸.
2540 399 2558 431 ι
2585 378 2688 433 Per
2713 380 2955 451 scipsum
2987 379 3044 435 in
3076 377 3375 448 Evangelio
3403 378 3640 432 clamat:

388 473 445 523 ὲν
468 469 543 538 τῷ
572 469 895 539 Εὑαγγελίῳ
913 487 925 499 ’
953 490 970 520 ι
992 472 1269 542 Μακάριοί
1296 473 1442 535 ἐστε,
1475 472 1603 524 ὅταν
1630 470 1964 524 ὀνειδίσωσιν

387 562 533 631 ὑμᾶς
552 578 567 591 ο
598 562 821 632 χαίρετε
850 602 866 627 ,
897 563 991 615 καὶ
1014 548 1369 632 ἀγαλλιᾶσθε,
1398 564 1483 617 ὅτι
1520 564 1549 615 ὁ
1585 563 1777 634 μισθὸς
1809 560 1965 630 ὑμῶν

387 655 555 716 πολὺς
576 656 635 706 ὲν
656 656 770 715 τοῖς
797 654 858 706 οὐ
868 657 1066 723 ρανοῖς.
1106 674 1124 705 ι
1164 655 1276 708 Καὶ
1294 656 1323 708 ὁ
1343 655 1640 718 ἀπόστολος
1670 654 1728 707 δὲ
1756 653 1965 717 Παῦλος

387 747 445 796 ὲν
492 748 557 814 τῇ
592 744 731 814 πρὸς
782 744 1071 815 Ἐϐραίους
1126 745 1435 815 Ἐπιστολῇ,
1482 745 1687 815 σφόδρα
1737 744 1965 815 ἐπῄνεσε

389 835 515 897 τοὺς
548 835 629 897 είς
677 834 765 886 τὸν
799 834 1031 904 Σωτῆρα
1069 834 1306 903 Χριστὸν
1330 834 1568 904 κέχοντας
1605 833 1833 899 ζέουσαν
1874 834 1966 886 πί-

389 940 530 977 στιν.
556 924 621 977 Ei
642 922 822 974 τοίνυν
847 922 1000 975 ταῦθ’
1026 920 1200 985 οὕτως
1225 920 1361 991 ἔχει,
1384 919 1964 991 μηδόλωςξάθυμήσῃς,

390 1014 529 1084 μηδὲ
559 1013 802 1084 πτοηθῇς
840 1012 1294 1084 ὲξονειδιζόμενος
1324 1012 1391 1066 δι’
1426 1010 1697 1075 εὔκλειαν,
1723 1009 1814 1064 καὶ
1840 1010 1967 1080 τρό-

390 1123 507 1157 πων
537 1105 910 1176 χρηστότητα,
958 1105 1054 1157 καὶ
1092 1104 1351 1175 λαμπρὰν
1382 1102 1827 1169 εὐσέϐειαν,.ὑπὸ
1859 1100 1967 1155 τῶν

388 1197 702 1267 ἀϐελτέρων
741 1212 820 1259 τε,
853 1197 948 1249 καὶ
977 1196 1173 1258 ἀθέων,
1205 1196 1299 1249 καὶ
1340 1196 1599 1266 μυσαρῶν
1633 1195 1964 1266 ἀνθρώπων·

392 1288 488 1339 καὶ
534 1288 639 1357 γὰρ
674 1289 723 1339 οἱ
775 1288 963 1356 πόρνοι
995 1287 1339 1355 καταγελῶσι
1386 1287 1493 1339 τῶν
1528 1287 1965 1357 σωφρονούντων,

395 1377 490 1427 καὶ
520 1380 568 1428 oi
615 1377 833 1439 ἀσεϐεῖς
866 1376 1159 1431 σκόπτουσι
1203 1376 1331 1438 τοὺς
1365 1376 1756 1439 εὐσεϐοῦντας,
1794 1378 1889 1430 καὶ
1918 1378 1966 1430 oi

400 1467 629 1535 πονηροὶ
654 1467 778 1529 τοὺς
813 1467 1053 1534 ἀγαθοὺς
1084 1462 1538 1536 μυκτηρίζουσιν,
1571 1466 1667 1521 καὶ
1696 1468 1745 1519 oi
1777 1466 1969 1535 τυφλοὶ

403 1552 835 1621 πὸλυὸλέποντας
861 1559 1250 1629 κικλήσκουσιν
1274 1558 1528 1622 ἑαυτοὺς,
1554 1559 1652 1611 καὶ
1691 1561 1738 1611 οί
1771 1559 1968 1628 φαυλό-

404 1666 550 1702 τατοι
579 1650 865 1713 κροτοῦσι,
908 1650 1001 1703 καὶ
1043 1649 1481 1720 ἀνακηρύττωσι
1536 1649 1633 1709 τὰς
1672 1651 1966 1721 ἁμαρτίας,

404 1740 496 1793 καὶ
523 1740 587 1792 τὰ
616 1741 869 1810 αἴσχιστα
893 1740 1043 1811 πάθη
1081 1740 1182 1810 τῆς
1228 1741 1474 1809 ἀτιμίας,
1511 1739 1876 1812 ψηφιζόμενοι
1912 1742 1973 1795 τὸ

398 1831 591 1902 πικρὸν
646 1831 820 1900 γλυκὺ
904 1826 1065 1886 εἶναι.
1121 1832 1263 1884 Ἀλλ’
1313 1833 1477 1902 ἡμεῖς
1538 1833 1738 1903 μᾶλλον
1792 1834 1972 1887 αὐτῶν

396 1923 845 1993 καταγελάσομεν
880 1963 895 1986 ,
942 1924 1038 1978 καὶ
1094 1923 1590 1994 ιαταγνωσόμεθα,
1631 1925 1973 1995 πενθήσομέν

393 2028 479 2073 τε,
540 2012 635 2064 καὶ
686 2012 1180 2085 καταθρηνήσομεν
1218 2012 1317 2085 τὴν
1364 2012 1473 2069 τῶν
1514 2013 1770 2073 τοιούτων
1822 2013 1975 2068 ἀπώο

393 2103 567 2159 λειαν.

854 2194 984 2251 KB’.
1016 2224 1085 2239 --
1124 2197 1520 2268 ΝΙΚΟΔΗΜῼ..

480 2284 750 2353 Ὀφείλεις
775 2286 1120 2359 εὐχαριστεῖν
1154 2288 1231 2357 τῷ
1261 2288 1401 2359 Θεῷ,
1430 2289 1514 2342 ὅτι
1544 2289 1645 2343 οὐκ
1674 2289 1820 2361 ἔχεις
1847 2291 1974 2362 χρή-

400 2394 571 2448 ματα.
605 2378 693 2432 ἵνα
721 2378 796 2451 μὴ
819 2380 1133 2452 ἀπαιτηθῇς
1179 2383 1238 2434 ὲν
1268 2382 1455 2454 ἡμέρᾳ
1482 2382 1827 2451 κρίσεωςτὺν
1852 2382 1974 2437 τού-

397 2486 507 2521 των
538 2468 721 2537 λόγον·
768 2488 787 2522 ι
815 2465 886 2543 ⁷ῼ
934 2472 1063 2543 γὰρ,
1100 2472 1256 2543 φησὶ,
1287 2472 1423 2527 πολὺ
1454 2472 1683 2538 δέδοται,
1716 2474 1975 2546 περισσό-

398 2577 560 2631 τερον
606 2562 1002 2633 ἀπαιτήσουσιν
1052 2564 1101 2617 οἱ
1150 2565 1460 2635 πράκτορες
1507 2564 1764 2643 ἄγγελος
1806 2582 1825 2615 ι
1881 2565 1976 2618 καὶ

399 2652 606 2723 πολλὴν
661 2654 816 2723 δίκην
867 2655 1051 2723 ὑφέξει
1094 2642 1203 2708 τῶν
1259 2655 1521 2710 δοθέντων
1593 2642 1892 2727 χρημάτων
1946 2657 1976 2709 ὁ

402 2743 698 2808 πλούσιος,
764 2746 860 2799 καὶ
907 2746 1131 2817 ἀκριϐὲς
1199 2745 1544 2813 λογοοέσιον,
1605 2746 1700 2800 καὶ
1739 2747 1976 2817 φρικτὴν

400 2834 791 2889 δνσκουσσίονα
820 2836 1102 2908 ,πότερον
1161 2835 1379 2901 καλῶς,
1432 2836 1466 2907 ἢ
1510 2836 1693 2900 κακῶς
1744 2836 1975 2909 διῴκησε

400 2925 474 2978 τὰ
518 2927 595 2990 είς
646 2926 807 2980 αὐτὸν
856 2926 1208 2998 περιελθόντα
1259 2928 1400 2987 κατὰ
1438 2927 1694 3001 πρόνοιαν
1728 2928 1884 2984 Θεοῦ.

711 3110 834 3165 Kr.
859 3142 929 3152 -
965 3112 1316 3183 ΑΦΡΟΔΙΣΙῼ
1354 3113 1675 3185 ΔΙΑΚΟΝῼ.

476 3202 569 3273 Μὴ
597 3202 879 3276 θαρσήσῃς
908 3200 986 3275 τῷ
1016 3207 1161 3278 γήρᾳ
1182 3223 1195 3237 ·
1230 3206 1323 3259 καὶ⁹
1348 3204 1458 3275 γὰρ
1487 3204 1581 3258 καὶ
1605 3204 1860 3277 γέροντες
1889 3204 1981 3259 πί-

406 3310 667 3349 πτουσινο
699 3293 957 3347 έπικαλοῦ
1004 3296 1061 3350 δὲ
1091 3298 1182 3351 τὸν
1227 3295 1462 3369 Χριστδν
1517 3296 1605 3351 ἀεὶ
1656 3295 1792 3367 πρὸς
1852 3295 1980 3368 βοή-

403 3383 580 3448 θειαν,
609 3380 678 3436 ἵν’
705 3381 869 3446 αὑτός
894 3399 987 3437 σου
1043 3386 1277 3458 φρουρὸς
1306 3385 1401 3442 καὶ
1424 3384 1673 3451 άσειστος
1713 3385 1983 3456 ἀσφάλεια

407 3476 655 3545 γένηται.

428 3554 433 3559 ⁴
725 3571 852 3624 me
882 3599 952 3611 -
987 3570 1257 3645 ΧΑΡΙΣΙῼ
1295 3569 1665 3642 ΕΠΙΣΚΟΠῼ.

481 3660 825 3714 Πυνθάνεταί
853 3678 954 3731 μου
986 3663 1019 3732 ὴ
1069 3660 1226 3731 τιμία
1268 3676 1363 3713 σου
1394 3659 1562 3731 ψυχὴ,
1598 3660 1651 3714 τί
1684 3658 1749 3714 ἄν
1790 3659 1875 3731 είη
1926 3659 1980 3715 τὸ

412 3751 798 3821 γεγραμμένον
823 3752 927 3805 ὑπὸ
953 3751 1046 3809 τοῦ
1077 3750 1425 3815 Ἀποστόλου,
1454 3752 1537 3805 ὅτι
1569 3770 1587 3804 ι
1618 3752 1857 3824 Δύναμις
1884 3752 1985 3824 τῆς

414 3842 684 3913 ἁμαρτίας
702 3844 731 3895 ὁ
751 3843 915 3913 νόμος
934 3844 1048 3896 ἐστὶ
1070 3843 1374 3910 Μωσέως)
1401 3844 1511 3915 Οὐχ
1526 3845 1608 3897 ὅτι
1628 3842 1986 3915 πταισμάτων

408 3934 439 3985 ὁ
453 3930 594 3997 θεῖος
608 3933 769 4005 νόμος
791 3934 1026 4005 ὑπάρχει
1049 3934 1351 4005 ποιητικὸς,
1375 3934 1565 4006 ὥσπερ
1580 3934 1723 3999 τινὲς
1739 3934 1988 3989 ἀπαίδευ-

408 4044 494 4082 τοι
508 4029 695 4094 κακῶς
712 4014 1083 4101 νενομίκασινο
1102 4030 1214 4083 οὐδ’
1228 4031 1308 4083 ὅτι
1329 4031 1691 4101 ἰσχυροποιεῖν
1706 4030 1804 4101 τὴν
1818 4031 1990 4102 ἀμαρ-

412 4121 537 4174 τίαν
560 4121 714 4175 εἴωθε
733 4138 749 4153 δ
777 4121 851 4194 μὴ
876 4121 1106 4190 γένοιτο.
1126 4121 1217 4193 Μὴ
1242 4116 1335 4176 οὖν
1358 4121 1465 4207 γὰρ
1494 4121 1692 4192 μᾶλλον
1714 4123 1806 4175 καὶ
1832 4137 1989 4195 περι-

418 4211 663 4275 κόπτειν,
691 4212 722 4286 fl
750 4215 855 4266 καὶ
884 4212 1229 4281 ὲξαφανίζειν
1256 4211 1355 4276 τὰς
1387 4213 1663 4284 ἁμαρτίας
1706 4211 1949 4282 πέφυκεν
1967 4228 1983 4245 ο

2076 489 2094 522 ι
2135 469 2288 526 Beati
2318 472 2487 533 estis,
2520 487 2645 525 cum
2680 472 3065 527 maledixerint
3097 470 3253 526 vobis
3281 488 3294 537 ;
3327 469 3559 540 gaudete
3592 475 3648 522 et

2069 564 2381 625 essultate,
2410 564 2671 633 quoniam
2704 570 2921 620 merces
2966 573 3145 619 vestra
3195 563 3420 634 ecpiosa
3463 569 3547 617 est
3590 561 3646 615 in

2072 656 2229 710 caelis
2258 656 2327 709 ’⁸.
2355 674 2374 707 ι
2397 654 2463 709 Et
2489 655 2689 710 Paulus
2719 655 3001 725 apostolus
3028 655 3270 726 Epistula
3297 652 3364 708 ad
3390 652 3646 708 Hebraeus

2071 746 2306 800 maxime
2334 747 2638 800 admiratus
2665 754 2750 800 est
2773 761 2890 812 eos,
2918 748 3007 816 qui
3033 747 3091 800 in
3122 744 3461 808 Salvatorem
3488 741 3646 798 Chri-

2072 840 2218 888 stum
2261 833 2463 888 habent
2504 833 2787 909 ardentem
2829 832 2989 887 tidem
3029 833 3096 887 ".
3127 828 3253 886 Haec
3279 833 3463 902 itaque
3491 831 3537 886 si
3572 830 3646 883 ita

2073 944 2132 985 se
2156 928 2392 995 habent,
2428 945 2495 984 ne
2524 943 2754 999 prorsus
2785 928 3027 981 animum
3055 924 3433 997 despondeas,
3466 938 3649 995 neque

2072 1022 2273 1076 timore
2299 1021 2560 1076 concidas
2585 1062 2598 1081 .
2629 1029 2853 1090 propter
2883 1017 3085 1073 famam
3109 1059 3124 1085 ,
3151 1024 3207 1073 et
3240 1031 3450 1071 morum
3478 1016 3649 1085 αξσυὶ-

2072 1119 2238 1166 tatem
2263 1152 2277 1176 ,
2307 1118 2361 1166 et
2390 1110 2740 1185 vspleudidam
2774 1110 3034 1180 pietatem
3056 1150 3071 1178 ,
3103 1124 3132 1162 a
3171 1107 3425 1171 vesanis,
3465 1104 3649 1174 impiis

2071 1201 2539 1270 exsecraudisque
2595 1201 2911 1256 hominibus
2976 1199 3290 1255 maledictis
3341 1195 3647 1267 impetitus.

2075 1292 2291 1348 Etenim
2327 1293 2565 1348 adulteri
2603 1294 2956 1347 continentes
2992 1291 3353 1354 irrident,et
3390 1287 3513 1357 pios
3543 1285 3652 1339 im-

2075 1385 2150 1457 pii
2186 1385 2622 1451 calumniantur,
2655 1392 2708 1438 ct
2741 1382 2944 1452 probos
2979 1382 3213 1451 improbi
3245 1395 3381 1435 naso
3423 1394 3653 1448 SUSpeu-

2074 1477 2247 1539 dunt,
2278 1476 2522 1546 caecique
2553 1475 2780 1528 multum
2813 1489 2872 1527 se
2904 1475 3023 1527 visu
3069 1473 3276 1545 pollere
3314 1469 3648 1545 gloriantur,

2074 1578 2127 1623 et
2159 1567 2384 1638 pessimi
2430 1566 2736 1637 plaudunt,
2782 1572 2843 1619 et—
2897 1564 3222 1633 iniquitates
3262 1561 3553 1631 evulgaut,
3595 1566 3653 1611 et

2075 1656 2533 1728 probrosissimos
2557 1655 2809 1723 vituperii
2837 1652 3086 1715 allectus,
3113 1653 3470 1708 decernentes
3492 1649 3652 1704 dulce

2007 1735 2057 1792 Β
2076 1763 2320 1803 ulnarum
2353 1762 2498 1803 esse.
2524 1746 2635 1801 Nos
2662 1746 3002 1814 vero-potius
3028 1760 3126 1800 eos
3157 1741 3398 1797 ludibrio
3430 1739 3652 1795 habebi-

2074 1855 2236 1903 mus,
2274 1848 2325 1895 el
2367 1837 2896 1900 condemnabimus,
2944 1845 3001 1891 et
3056 1834 3320 1891 similium
3373 1830 3645 1887 excidium

2073 1931 2539 2001 complorabimus
2571 1943 2634 1983 ac
2668 1925 2998 1999 lugebiuuus.

2538 2194 2703 2252 XXII.
2734 2227 2803 2237 —-
2830 2191 3201 2249 NICODEMO.

2145 2290 2348 2346 Gratiae
2377 2289 2735 2360 tibiagendae
2767 2296 2899 2343 sunt
2932 2285 3074 2347 Deo,
3104 2283 3249 2354 quod
3282 2280 3531 2352 pecuniis
3554 2278 3652 2334 de-

2075 2385 2361 2449 stituaris,
2404 2399 2477 2439 ne
2521 2385 2608 2439 die
2649 2383 2851 2453 judicii
2898 2381 2967 2436 de
3002 2394 3191 2436 earum
3232 2377 3653 2441 rationeexpo-

2072 2479 2274 2533 scaris.
2306 2494 2325 2528 ι
2355 2476 2458 2531 Cui
2505 2475 2686 2541 enim,
2735 2475 2848 2536 ait,
2899 2472 3137 2527 multum
3162 2469 3344 2523 datum
3366 2472 3468 2527 est.
3491 2463 3559 2518 ab
3584 2477 3653 2517 eo

2077 2572 2254 2642 majus
2283 2577 2540 2641 expetent
2585 2568 2760 2638 angeli
2790 2573 3079 2621 exactores
3107 2563 3153 2594 "
3185 2579 3198 2615 :
3234 2579 3251 2612 ι
3279 2568 3333 2616 et
3359 2559 3513 2614 dives
3553 2571 3655 2626 pro

2077 2660 2363 2718 concessis
2392 2659 2498 2715 sibi
2530 2659 2783 2730 pecuniis
2816 2655 3007 2711 acrius
3038 2654 3093 2708 in
3124 2651 3395 2723 judicium
3426 2649 3654 2704 vocabi-

2077 2766 2188 2820 tur,
2211 2754 2483 2808 rationem
2507 2751 2843 2807 exactiorem
2870 2747 3203 2806 redditurus.
3227 2742 3510 2799 horrenda:
3537 2741 3655 2796 dis-

2077 2846 2323 2903 cussioni
2376 2842 2804 2913 subjiciendus,
2854 2856 2923 2893 an
2978 2838 3117 2893 bene
3165 2835 3248 2890 vel
3299 2834 3476 2898 male,
3533 2847 3657 2903 qua:

2079 2938 2332 2996 Numinis
2374 2935 2723 3008 providentia
2761 2934 2818 2988 in
2861 2931 3040 3003 ipsum
3082 2941 3381 2999 pervenere
3421 2922 3657 2978 admini—

2078 3036 2392 3190 “milia,
2426 3114 2614 3172 χχιιι.
2637 3143 2707 3154 -
2728 3106 3146 3171 Αριιιιοοιειο
3185 3102 3501 3160 DIACONO.

2153 3211 2232 3266 Ne
2261 3209 2398 3265 lidas
2440 3207 2671 3262 nimium
2722 3203 2921 3267 senio;
2970 3213 3210 3268 namque
3262 3196 3561 3251 concidunt
3605 3200 3661 3248 et

2085 3318 2244 3361 senes
2274 3302 2399 3374 ipsi.
2436 3298 2545 3355 Sed
2576 3297 2853 3353 Christum
2890 3293 3083 3348 invoca
3116 3289 3381 3344 continuo
3418 3286 3471 3341 in
3508 3286 3663 3340 auxi-

2084 3397 2236 3461 lium,
2256 3403 2317 3451 ut
2346 3393 2436 3450 ille
2470 3390 2572 3447 tibi
2602 3397 2791 3447 custos
2822 3397 2877 3443 et
2910 3386 3247 3441 inconcussa
3272 3380 3545 3438 securitas
3569 3378 3660 3434 sit.

2351 3567 2542 3622 xxxv.
2576 3596 2650 3610 .-
2687 3560 3013 3621 (ςιιΑιιιειο
3052 3557 3411 3636 EPISCOPO.

2157 3662 2540 3727 Perconlaris,
2574 3660 2659 3713 vir
2695 3656 3047 3720 honorande,
3079 3653 3212 3725 quid
3248 3651 3379 3719 illud
3416 3648 3489 3703 sit
3517 3644 3663 3716 quod

2087 3732 2354 3824 scriptum
2389 3758 2473 3806 est
2503 3766 2599 3821 per
2632 3747 2953 3819 Apostolum
2987 3763 2999 3799 :
3031 3763 3049 3796 ι
3082 3742 3330 3798 Potentia
3349 3737 3665 3813 peccatilex

2087 3853 2170 3899 est
2200 3842 2401 3915 Muysis
2431 3840 2542 3893 ”?»
2579 3838 2699 3894 Non
2726 3836 2869 3909 quod
2889 3832 3310 3892 commissorum
3331 3831 3575 3904 turpium
3589 3830 3666 3885 di-

2088 3935 2212 3991 vina
2259 3934 2345 3989 lex
2396 3929 2731 4003 procreatrix
2770 3929 2879 3992 sit,
2909 3922 3372 3997 quemadmodum
3411 3919 3665 3976 nonnulli

2091 4026 2287 4082 insulsi
2327 4016 2490 4081 nimis
2526 4022 2690 4095 prave
2718 4021 3145 4082 existimarunt;
3180 4032 3358 4087 neque
3399 4014 3543 4086 quod
3577 4029 3669 4069 ro-

2090 4119 2193 4173 bur
2220 4125 2446 4192 peccato
2472 4115 2693 4171 tribuat.
2723 4112 2880 4167 Absit
2906 4111 3033 4165 hoc.
3058 4109 3315 4177 Quinimo
3338 4106 3519 4179 potius
3546 4118 3670 4175 pec-

2089 4221 2212 4268 cata
2243 4209 2504 4280 impedit,
2528 4206 2928 4278 disperditque.
2956 4202 3061 4259 Sed
3086 4205 3232 4274 quod
3256 4201 3479 4257 robuste
3502 4197 3669 4255 nimis

417 4302 537 4357 ἀλλ’
564 4303 643 4357 ὅτι
672 4297 914 4367 δυνατῶς
938 4304 1163 4374 ἐλέγξας
1194 4305 1291 4375 τὴν
1310 4303 1418 4357 τῶν
1448 4304 1668 4374 φαύλως
1694 4304 1976 4375 δρωμένων

2093 4319 2275 4359 rerum
2309 4301 2449 4356 male
2483 4310 2761 4370 gestarum
2793 4295 3191 4353 absurditatem
3226 4291 3632 4363 reprehendens
3653 4328 3668 4352 ,

410 4393 669 4461 ἀτοπίαν,
700 4397 797 4449 καὶ
824 4396 1189 4468 δημοσιεύσας
1217 4395 1316 4467 τὴν
1360 4395 1524 4465 φύσιν
1563 4396 1671 4449 τῶν
1701 4397 1987 4467 ἀπρεπῶν,

408 4488 721 4561 ἐμφράττει
750 4488 811 4541 τὸ
852 4489 1210 4560 ἀναίσχυντον
1238 4488 1411 4559 στόμα
1453 4487 1562 4540 τῶν
1597 4487 1869 4542 Ἰουδαίων
1904 4505 1989 4540 σε-

413 4580 769 4651 μνυνομένων
810 4580 909 4652 μὲν
956 4582 1050 4634 ἐπὶ
1085 4579 1164 4652 τῷ
1196 4580 1323 4651 θείῳ
1352 4580 1664 4651 γράμματι,
1700 4581 1792 4653 καὶ
1826 4597 1990 4653 κορυσ-

408 4671 762 4726 σαντιὼντων
804 4672 1089 4743 διηνεκῶς,
1129 4674 1310 4727 πᾶσαν
1352 4672 1407 4725 δὲ
1456 4673 1732 4744 ἁμαρτίαν
1773 4672 1990 4742 ἀφόϐως

409 4759 821 4831 δργαζομένων,
856 4762 952 4817 καὶ
999 4761 1088 4815 διὰ
1116 4760 1216 4830 τῆς
1264 4760 1631 4831 παραϐάσεως
1668 4757 1763 4813 τοῦ
1800 4759 1988 4829 νόμου,

404 4854 505 4905 τὸν
534 4853 837 4926 νομοθέτην
879 4845 1277 4925 ἀτιμαζόντων.
1306 4852 1448 4921 Πρὸς
1485 4852 1595 4923 γὰρ
1619 4851 1683 4923 δὴ
1717 4851 1777 4904 τὸ
1809 4852 1990 4923 πρόσ-

405 4962 571 5000 ωπον
604 4946 713 4999 τῶν
749 4945 828 5017 τῷ
859 4947 1010 5017 νόμῳ
1043 4944 1501 5015 ὲγκαυχωμένων,
1544 4944 1640 4998 καὶ
1669 4942 1993 5007 ἀλαζονευο-

2090 4408 2145 4453 et
2180 4396 2569 4452 indecorarum
2608 4392 2888 4447 actionum
2925 4399 3180 4443 naturam
3218 4386 3543 4455 divulgans,
3579 4383 3667 4435 in-

2088 4487 2460 4552 verecundum
2495 4484 2807 4541 Iudaeorum
2855 4496 2918 4538 os
2958 4480 3232 4546 occludit,
3266 4477 3360 4548 qui
3395 4476 3450 4528 in
3481 4472 3669 4526 divina

2086 4583 2269 4637 littera
2305 4579 2638 4652 gloriantur,
2684 4588 2738 4632 et
2790 4590 2943 4630 more
2991 4574 3359 4644 corybantum
3408 4570 3673 4637 perpetuo

2090 4672 2409 4737 insaniunt,
2440 4680 2494 4726 et
2518 4684 2683 4724 omne
2710 4677 2995 4739 peccatum
3025 4661 3293 4733 intrepide
3319 4664 3671 4733 perpetrant,

2090 4773 2144 4819 et
2198 4764 2333 4836 legis
2385 4759 2832 4831 transgressione
2884 4757 3253 4827 legislatorem
3307 4750 3667 4803 inhonorant.

2092 4855 2339 4925 Namque
2375 4855 2431 4910 in
2469 4866 2763 4925 personam
2804 4864 2995 4905 eorum
3019 4888 3034 4912 ,
3067 4846 3161 4915 qui
3201 4844 3317 4913 lege
3367 4838 3674 4912 gloriantur

2091 4954 2140 5000 et
2176 4944 2533 5015 superbiunt,
2567 4942 2789 4997 divinus
2842 4935 3144 5009 Apostolus
3202 4934 3317 4986 haec
3365 4939 3420 4986 et
3470 4927 3673 4983 similia

408 5038 619 5109 μένων,
650 5038 681 5091 ὁ
705 5039 848 5106 θεῖος
887 5037 1211 5101 Ἀπόστολος
1242 5036 1415 5091 ταῦτά
1458 5055 1515 5091 τε
1547 5036 1640 5090 καὶ
1670 5035 1738 5090 τὰ
1771 5036 1976 5089 τοιαῦτα

2094 5037 2280 5095 dicere
2309 5035 2615 5093 consuevit.

404 5127 861 5198 ἀποφθέγγεσθαι
889 5130 1103 5187 εἴωθεν.

731 5218 859 5271 KE’.
891 5248 925 5262 ο-
949 5247 960 5259 ο
1001 5219 1326 5289 ΕΡΜΟΛΔῼ
1363 5217 1671 5288 ΜΟΝΑΧῼ.

489 5308 640 5361 Ἀνω
680 5309 843 5379 βλέπε
874 5312 1012 5382 πρὸς
1040 5311 1195 5365 Θεόν.
1236 5310 1300 5363 Τί
1350 5327 1433 5387 σοι
1481 5310 1575 5363 καὶ
1603 5294 1715 5371 τοῖς
1745 5309 1991 5377 γηῖνοις;

2351 5212 2517 5267 XXV.
2553 5244 2619 5254 -—
2656 5207 3051 5265 llERMOLAO.
3076 5205 3432 5263 MONACIIO.

2174 5306 2404 5360 Sursum
2442 5305 2506 5358 ad
2539 5303 2712 5357 Deum
2751 5301 2955 5371 aspice.
2996 5299 3138 5367 Quid
3178 5297 3275 5353 tibi
3308 5307 3364 5352 et
3396 5294 3677 5352 terrenis?

404 5402 504 5469 Μὴ
544 5399 665 5454 θέλε
691 5403 954 5474 καθορᾷν,
990 5404 1042 5458 τί
1084 5404 1316 5473 πράττει
1346 5403 1375 5454 ὁ
1418 5386 1680 5472 κοσμικός
1701 5417 1715 5432 ο
1746 5401 1976 5471 ἀπέστης

2102 5398 2283 5460 Cave,
2319 5410 2389 5449 ne
2425 5393 2556 5463 quid
2596 5399 2753 5463 gerat
2788 5390 3071 5454 mundus,
3114 5387 3318 5443 intueri
3336 5385 3679 5457 ‘contendas.

403 5490 527 5564 γὰρ
554 5490 649 5545 τοῦ
676 5491 909 5563 κόσμου,
939 5495 1032 5547 καὶ
1074 5496 1174 5565 τῆς
1204 5494 1443 5564 ἀγχόνης
1474 5494 1567 5547 τοῦ
1602 5493 1740 5563 βίου.
1778 5492 1868 5563 Μὴ
1900 5488 1976 5548 οὗι

2106 5487 2403 5558 Sejunctus
2431 5500 2488 5540 es
2525 5500 2556 5539 a
2585 5480 2826 5546 mundo,
2860 5488 2913 5534 et
2947 5494 3130 5536 rerum
3160 5476 3563 5533 mundanarum
3599 5474 3681 5529 la-

489 5662 841 5732 “lsa.t.t,7.
915 5668 960 5698 "
1001 5666 1185 5721 Matth.
1230 5683 1285 5731 ν,
1322 5668 1406 5733 ll,
1443 5667 1527 5722 l2.
1604 5669 1648 5699 ²⁶
1680 5667 1845 5725 Hebr.
1882 5683 1935 5722 χ.
1972 5666 2059 5723 39..
2140 5668 2182 5696 ’⁷
2249 5664 2382 5724 Luc.
2434 5677 2533 5724 xu.
2586 5661 2675 5719 48.
2753 5661 2796 5692 "‘
2858 5660 2875 5717 l
2926 5663 3069 5723 Cor.
3114 5673 3204 5719 xv,
3257 5654 3342 5710 36.
