4012 6196
339 304 437 370 2H

1818 311 1879 373 S.
1904 306 2070 373 NILI

3492 307 3600 374 222

342 436 502 493 queo.
542 420 622 479 Ne
667 423 855 491 itaque
886 417 1203 475 actionibus
1238 417 1538 477 mundanis
1576 421 1871 480 incumbas
1896 464 1912 489 ,

2051 445 2120 499 ρα
2142 428 2202 481 τὸ
2245 428 2499 498 βιωτικὸν
2529 427 2710 498 ἔργον,
2754 426 2890 481 ἀλλὰ
2919 402 3152 498 πρόσεχε
3187 424 3397 498 σεαυτῷ
3425 429 3599 499 μόνῳ,

345 514 499 585 13],
531 513 628 570 sed
659 512 758 565 tibi
784 511 887 566 soli
916 508 1162 574 attende,
1187 512 1578 581 examinaque,
1617 512 1917 583 quomodo,

344 611 401 655 ut
428 615 697 657 nonarum
723 607 1034 655 ascetarum
1058 608 1143 655 est
1161 639 1180 666 ,
1210 613 1351 670 opus
1375 608 1529 656 tuum
1556 603 1918 673 compleatur.

347 709 366 744 ι
393 690 755 747 Considerate
803 691 950 746 enim
997 688 1309 763 diligenter,
1339 693 1614 763 quomodo
1678 695 1923 752 ambule-

342 786 411 839 tis
444 783 511 849 ”,
535 794 589 843 et
613 778 882 851 quodnam
904 782 1026 838 vita:
1072 782 1388 841 institutum
1429 785 1750 856 Sequimini,
1784 806 1806 842 ι
1836 786 1925 844 di-

344 877 529 931 vinum
556 875 760 930 clamat
781 882 1138 945 praeceptum.

557 962 823 1021 XXVI.—-
852 964 1196 1023 PROCOPIO
1250 958 1740 1026 PRESBYTERO.

413 1055 470 1112 Si
503 1056 561 1112 in
594 1054 757 1129 pejus
784 1056 1205 1113 conversionem
1238 1058 1524 1129 vituperas
1549 1099 1570 1129 ,
1606 1075 1925 1117 conversio-

347 1163 470 1202 nem
501 1146 558 1200 in
585 1146 748 1218 pejus
788 1146 990 1202 devita.
1037 1165 1056 1199 ι
1093 1146 1199 1212 Qui
1247 1148 1419 1214 enim,
1462 1150 1560 1216 ait,
1618 1165 1924 1208 conversus

346 1235 515 1291 fuerit
542 1246 716 1301 retro,
768 1252 878 1292 non
920 1244 1006 1292 est
1043 1237 1184 1294 bene
1223 1238 1532 1309 dispositus
1578 1240 1649 1296 ad
1693 1254 1923 1311 regnum

348 1328 617 1383 caelorum
650 1327 716 1381 ³ο.
753 1344 774 1379 ι

611 1416 828 1474 XXVII.
857 1448 930 1460 -—
957 1416 1361 1497 FRUMEN'I‘IO
1389 1421 1652 1479 COMITI.

425 1529 445 1563 ι
492 1508 857 1566 Circumcisio
902 1511 1041 1565 nihil
1082 1519 1189 1576 est,
1224 1513 1298 1566 ait
1332 1514 1655 1583 Apostolus,
1698 1523 1754 1570 et
1788 1530 1927 1585 prae-

354 1602 572 1672 putium
606 1599 743 1656 nihil
760 1596 1229 1658 est".tNeutrum
1277 1605 1425 1660 enim
1454 1604 1510 1659 in
1546 1606 1777 1661 salutem
1806 1605 1927 1660 ani-

351 1706 456 1745 nia:
484 1699 540 1745 et
565 1688 879 1747 divinorum
909 1692 1286 1762 cognitionem
1328 1694 1615 1750 conducit.
1644 1694 1921 1760 Quidnam

2026 523 2121 573 καὶ
2155 520 2429 589 φρόντιζε,
2457 520 2605 585 ὅπως
2631 519 2774 574 κατὰ
2806 519 2868 572 τὸ
2898 520 3107 591 πρέπον
3148 522 3260 583 τοῖς
3307 518 3598 588 ἀσκηταίς,

2026 609 2300 680 πραχθείη
2340 609 2401 663 τὸ
2446 610 2607 680 ἔργον
2659 626 2779 664 σου.
2831 629 2849 662 ι
2891 610 3133 666 Βλέπετε
3174 608 3283 681 γὰρ
3332 608 3599 678 ἀκριϐῶς,

2025 698 2145 762 πῶς
2189 702 2568 771 περιπατεῖτε,
2618 701 2715 755 καὶ
2754 701 2871 765 πῶς
2918 699 3288 764 πολιτεύεσθε,
3328 719 3349 753 ι
3404 699 3501 771 βοᾷ
3540 700 3602 753 τὸ

2027 792 2172 847 θεῖον
2211 793 2512 863 ἐπίταγμα.

2251 970 2399 1038 Kq'.
2428 1000 2500 1011 --
2530 970 2882 1041 ΠΡΟΚΟΠΙῼ
2917 967 3391 1032 ΠΡΕΣΒΥΤΕΡῼ.

2096 1064 2161 1119 Εἰ
2187 1062 2376 1134 ψέγεις
2395 1062 2494 1135 τὴν
2524 1065 2603 1125 είς
2626 1063 2687 1115 τὸ
2713 1064 2892 1133 χεῖρον
2920 1059 3181 1133 στροφὴν,
3207 1060 3376 1129 φεῦγε
3403 1059 3503 1130 τὴν
3525 1061 3607 1122 είς

2022 1154 2088 1210 τὸ
2111 1156 2293 1227 χεῖρον
2324 1155 2585 1226 στροφήν.
2623 1171 2643 1206 ο
2682 1153 2741 1208 '0
2766 1155 2875 1225 γὰρ
2903 1153 3182 1223 στραφεὶς.
3213 1153 3399 1221 φησὶν,
3433 1152 3510 1215 είς
3539 1152 3607 1205 τὰ

2024 1247 2222 1313 ὀπίσω,
2254 1246 2354 1300 οὐκ
2379 1244 2525 1300 ἔστιν
2557 1244 2778 1310 εὔθετος
2799 1248 2864 1316 τῇ
2896 1243 3143 1316 βασιλείᾳ
3166 1243 3275 1297 τῶν
3302 1242 3567 1313 οὐρανῶν.
3584 1262 3602 1294 ι

2300 1422 2430 1475 KZ'.
2457 1448 2530 1463 --
2556 1418 3006 1491 0P0.MENTI1}
3033 1419 3331 1473 KUMHTI.

2103 1529 2122 1562 ι
2160 1510 2439 1582 Περιτομὴ
2471 1510 2623 1566 οὐδέν
2650 1511 2794 1574 ἐστι,
2837 1510 3004 1580 φησιν
3048 1510 3078 1563 ὁ
3140 1506 3479 1573 ’Δπόστολος,
3514 1511 3605 1562 καὶ

2024 1602 2359 1673 ἀκροϐυστία
2395 1603 2549 1658 οὐδέν
2581 1603 2749 1658 ἔστιν.
2779 1622 2801 1655 ο
2848 1602 3143 1672 Οὐδέτερον
3180 1601 3291 1673 γὰρ
3317 1599 3428 1656 τῶν
3454 1603 3611 1672 clpa-

2028 1694 2210 1765 μένων
2231 1694 2601 1764 συμϐάλλεται
2637 1693 2777 1763 πρὸς
2804 1691 3079 1765 σωτηρίαν
3101 1690 3301 1763 ψυχῆς,
3339 1691 3435 1747 καὶ
3473 1692 3614 1745 θειο-
3662 1754 3665 1759 η

351 1782 518 1851 igitur
552 1781 847 1847 conducet,
886 1790 943 1839 et
987 1784 1419 1840 emolumentum
1459 1785 1669 1841 homini
1695 1784 1930 1844 alIeretI

2046 1784 2194 1855 πέραν
2223 1783 2444 1852 γνῶσιν.
2480 1782 2546 1835 Τί
2575 1779 2669 1837 οὗν
2703 1782 2770 1837 ἂν
2799 1784 2887 1853 εἴη
2911 1784 2973 1838 τὸ
2999 1782 3336 1847 λυσιτελοῦν,
3372 1783 3466 1836 καὶ
3486 1782 3612 1855 ὄνη-

353 1873 645 1932 ιιίιιιίΐυειο
664 1874 985 1931 divinorum
1013 1862 1408 1947 praeceptorum
1439 1879 1715 1936 custodia.

598 2069 836 2128 XXVIII.
868 2102 937 2113 —
968 2066 1284 2127 IIIPPASIO
1316 2070 1648 2127 TRIBUNO.

421 2164 890 2231 Quemadmodum
924 2172 1010 2219 est
1051 2165 1300 2218 ciborum
1330 2163 1625 2233 jejunium,
1660 2163 1737 2218 ita
1761 2170 1848 2219 est
1879 2171 1933 2219 et

354 2258 451 2310 ita:
481 2255 776 2325 jejunium,
818 2261 875 2310 et
912 2254 1233 2311 ambitionis
1268 2253 1588 2310 dominatus
1630 2255 1929 2325 jejunium,

350 2354 407 2401 et
434 2345 772 2417 invidentiae,
804 2353 860 2401 et
882 2344 1186 2415 jactantiz,
1223 2354 1279 2401 et
1312 2345 1581 2409 avaritiae,
1605 2353 1660 2399 et
1697 2345 1930 2414 injuria-

352 2450 476 2491 rum
504 2438 806 2501 memoriae,
838 2443 895 2490 et
932 2437 1239 2505 repentinae
1278 2437 1407 2499 im,
1437 2443 1492 2490 et
1529 2436 1929 2500 sornnolentiw,

350 2536 410 2583 et
450 2527 723 2598 segnitiei,
768 2534 828 2583 et
875 2527 1243 2591 curiositatis,
1284 2534 1341 2583 et
1379 2526 1839 2597 perturbationis,
1876 2535 1932 2582 et

355 2619 639 2674 similium.

640 2710 835 2766 XXIX.
868 2738 938 2753 -—-
969 2708 1252 2768 THYBSO
1287 2708 1648 2768 HONACIIO.

428 2824 484 2878 Si
513 2824 732 2880 curiose
758 2824 1148 2894 perserntaris,
1180 2830 1236 2879 et
1263 2822 1455 2879 sedulo
1481 2836 1569 2878 res
1590 2838 1807 2889 eorum,
1836 2822 1931 2892 qui

357 2915 762 2971 contumeliose
799 2914 959 2986 132
990 2931 1050 2970 se
1112 2923 1329 2986 gerunt,
1366 2916 1691 2986 expiscaris,
1745 2914 1932 2970 cordis

357 3011 438 3066 tui
469 3010 674 3066 oblitus
715 3024 797 3075 es,
847 3009 1042 3064 cellam
1090 3016 1238 3062 tuam
1284 3023 1394 3063 non
1440 3009 1607 3071 nosti.
1636 3023 1667 3061 a
1703 3009 1932 3063 veritate

2036 1891 2120 1928 σιν
2147 1874 2439 1947 προξενοῦν
2484 1874 2564 1945 τῷ
2597 1874 2908 1947 ἀνθρώπῳ;
2958 1874 3129 1946 Δῆλον
3172 1874 3252 1929 ὅτι
3297 1876 3332 1946 ἠ
3382 1876 3613 1947 τήρησις

2032 1966 2140 2021 τῶν
2167 1966 2396 2020 ἐντολῶν
2424 1965 2517 2020 τοῦ
2548 1966 2709 2022 Θεοῦ.

2351 2079 2485 2135 ιςιιο.
2521 2106 2593 2121 ο-
2621 2078 2901 2150 mnam)
2929 2078 3296 2151 TptBoan.

2105 2171 2316 2241 Ὥσπερ
2345 2171 2462 2224 ἐστὶ
2490 2170 2794 2242 βρωμάτων
2830 2170 3053 2241 νηστεία
3073 2208 3089 2235 ,
3136 2170 3279 2225 οὕτω
3307 2170 3404 2225 καὶ
3440 2167 3614 2241 θυμοῦ

2032 2260 2256 2331 νηστεία
2289 2260 2427 2326 ἐστὶ,
2459 2260 2555 2314 καὶ
2590 2260 2879 2331 φιλαρχίας
2899 2259 3142 2331 νηστεία,
3174 2260 3269 2313 καὶ
3292 2260 3613 2331 βασκανίας,

2032 2351 2128 2406 καὶ
2173 2351 2413 2422 κόμπου,
2456 2351 2552 2405 καὶ
2593 2350 3029 2423 φιλοχρηματίας
3072 2369 3156 2416 τε,
3188 2355 3283 2407 καὶ
3311 2354 3615 2425 ὀξυχολίας,

2032 2442 2130 2496 καὶ
2154 2442 2442 2513 ὑπνηλίας,
2488 2443 2583 2497 καὶ
2613 2443 2814 2507 νωθίας
2838 2483 2854 2509 ,
2894 2445 2988 2499 καὶ
3026 2445 3367 2516 περιεργίας,
3402 2448 3494 2501 καὶ
3523 2465 3619 2501 τα-

2037 2534 2230 2606 Ρακῆς.
2266 2534 2363 2589 καὶ
2399 2534 2510 2589 τῶν
2549 2532 2805 2605 καθεξῆς.

2408 2710 2540 2765 κον.
2571 2740 2646 2752 -
2673 2711 2898 2782 eram
2931 2712 3244 2782 ΜΟΝΑΧῼ.

2066 2856 2069 2857 ν
2117 2822 2245 2876 Ἐὰν
2266 2821 2750 2895 πολυπραγμονῇς,
2792 2827 2888 2879 καὶ
2938 2824 3110 2896 ἡδέως
3167 2824 3508 2900 περιεργάζῃ
3548 2833 3620 2886 τὰ

2033 2916 2337 2987 πράγματα
2368 2915 2475 2970 τῶν
2506 2914 2602 2987 τὴν
2642 2916 3032 2987 ἀσχημοσύνην
3063 2917 3445 2988 ἐργαζομένων
3465 2958 3480 2983 ,
3511 2919 3616 2971 ιπ-

2034 3006 2225 3060 ελάθου
2259 3006 2359 3075 τῆς
2412 2996 2639 3059 σεαυτοῦ
2674 3005 2919 3077 καρδίας,
2960 3006 3061 3059 οὐκ
3093 3002 3238 3070 οἶδας
3271 3007 3371 3077 τὴν
3422 3006 3620 3061 κέλλαν

356 3104 603 3169 abet-ras,
657 3117 751 3172 per
802 3099 949 3154 invia
999 3101 1103 3155 iter
1141 3100 1362 3170 carpis.
1424 3110 1479 3155 et
1521 3098 1811 3156 considera
1864 3097 1932 3153 ad

2046 3113 2155 3161 σου,
2187 3096 2279 3150 ἐπ)
2292 3094 2497 3167 ανήθης
2523 3094 2633 3150 ἀπὸ
2661 3095 2760 3165 τῆς
2786 3092 3065 3166 ἀληθείας,
3097 3097 3193 3151 καὶ
3225 3095 3441 3151 ἀνοδίαν
3472 3095 3619 3167 βαδί-

355 3208 653 3264 quemnam
676 3192 897 3248 tandem
925 3191 1086 3247 tinem
1121 3191 1403 3248 devenias.

892 3303 1063 3362 XXX.
1095 3336 1166 3347 —
1197 3306 1404 3363 Eidem.

427 3396 899 3467 Quemadmodum
930 3396 1070 3470 ipse,
1104 3398 1152 3452 si
1181 3397 1412 3468 gratiam
1437 3396 1570 3452 tnihi
1592 3395 1777 3451 datam
1808 3395 1932 3451 aliis

358 3504 579 3560 quoque
606 3501 716 3542 non
742 3486 1244 3551 communicavero,
1280 3487 1549 3540 rationem
1576 3486 1633 3541 in
1659 3486 1748 3540 die
1778 3485 1929 3554 judi-

359 3582 427 3636 izii
455 3578 771 3636 redditurus
805 3587 1225 3648 sum,tanquam
1261 3578 1406 3647 quod
1442 3578 1667 3633 silentio
1688 3576 1935 3647 spiritale

358 3671 626 3726 talentum
658 3660 1015 3737 suﬂ‘oderim;
1051 3669 1127 3722 ita
1158 3679 1212 3723 et
1244 3677 1302 3722 tu
1336 3669 1389 3721 in
1416 3667 1510 3741 jus
1542 3668 1852 3734 vocaberis,
1888 3668 1935 3723 si

356 3773 410 3818 ct
441 3761 568 3818 aliis
610 3759 825 3817 idoneis
874 3774 985 3816 non
1027 3760 1299 3831 elargitus
1347 3758 1555 3826 fueris,
1603 3759 1938 3831 cognitionis

358 3872 559 3912 munus
593 3854 818 3909 cceleste
853 3852 952 3907 tibi
987 3851 1390 3907 concreditum.
1425 3850 1606 3907 Testis
1639 3850 1787 3905 enim
1820 3850 1937 3921 ipse

357 3962 505 4014 sum,
541 3947 769 4002 multam
805 3943 904 4001 tibi
931 3944 1336 4017 suppeditatam
1364 3959 1490 4000 esse
1522 3941 1775 3998 Numinis
1806 3958 1934 4014 gra-

363 4042 515 4105 tiam,
567 4040 638 4095 ob
689 4054 904 4093 morum
971 4037 1338 4103 nobilitatem,
1400 4034 1523 4089 vita:
1584 4034 1931 4107 gravitatem.

359 4149 577 4203 unaque
599 4146 725 4187 cum
763 4129 1239 4202 pnestantissimis
1272 4126 1557 4183 monachis
1595 4125 1931 4181 contenden-

361 4238 470 4280 tem
496 4223 855 4294 diligentiam.
889 4220 1046 4291 Quod
1080 4236 1216 4276 sane
1261 4219 1315 4275 in
1347 4218 1534 4275 habitu
1570 4216 1845 4283 saeculari,
1883 4227 1936 4271 et

362 4314 582 4387 publica
612 4315 965 4386 expeditione
990 4311 1313 4369 admirabile
1336 4319 1441 4367 est.

631 4428 828 4484 XXXI.
861 4458 930 4474 --
962 4426 1312 4492 ΡΗΟΤΙΝΑΞ,
1350 4434 1407 4481 et
1445 4421 1654 4482 00R...

2046 3186 2191 3252 ζεις·
2231 3185 2326 3240 καὶ
2356 3184 2540 3255 βλέπε,
2573 3185 2710 3255 πρὸς
2734 3186 2888 3238 ποῖον
2924 3185 3121 3257 ὲλεύσῃ
3146 3183 3337 3255 πέρας.

2580 3297 2652 3352 AI.
2698 3326 2769 3337 --—
2805 3294 2889 3363 Τῷ
2916 3294 3095 3364 αὐτῷ.

2120 3392 2331 3463 ’Ὥσπερ
2358 3386 2489 3461 ἐγὼ,
2512 3389 2561 3442 εί
2594 3387 2668 3459 μὴ
2702 3388 2988 3460 μεταδοίην
3023 3388 3229 3460 ἑτέροις
3244 3387 3342 3458 τῆς
3370 3385 3620 3458 δοθείσης

2049 3500 2139 3554 μοι
2172 3483 2415 3553 χάριτος,
2462 3479 2620 3549 λόγον
2659 3478 2840 3549 ὑφέξω
2891 3480 2950 3533 ὲν
3002 3479 3182 3551 ἡμέρᾳ
3236 3478 3470 3549 κρίσεως
3496 3528 3508 3541 ,
3542 3478 3620 3540 ὡς

2045 3573 2349 3646 κατορύξας
2381 3575 2447 3645 τῇ
2482 3574 2661 3643 σιωπῇ
2685 3571 2745 3626 τὸ
2770 3570 3136 3641 πνευματικὸν
3150 3569 3429 3632 τάλαντον,
3449 3568 3622 3633 οὕτως

2046 3667 2140 3721 καὶ
2170 3667 2234 3719 σὺ
2257 3662 2484 3728 εὐθύνας
2512 3662 2886 3734 ἀπαιτηθήσῃ,
2924 3660 3019 3715 ἐὰν
3051 3661 3125 3733 μὴ
3167 3663 3263 3715 καὶ
3295 3660 3472 3725 ἄλλοις
3501 3662 3623 3714 bru-

2046 3762 2158 3821 νοῖς
2193 3758 2507 3829 χορηγήσῃς
2537 3756 2635 3828 τὴν
2666 3753 3123 3826 ἐμπιστευθεῖσαν
3150 3770 3231 3807 σοι
3253 3753 3501 3826 οὐράνιον
3522 3752 3623 3806 δω-

2049 3848 2178 3923 ρεὰν
2208 3852 2307 3920 τῆς
2332 3842 2607 3917 γνώσεως.
2639 3844 2918 3918 Μαρτυρῶ
2950 3844 3059 3918 γάρ
3099 3861 3181 3899 σοι
3215 3844 3412 3914 πολλὴν
3446 3842 3622 3914 ἔχοντι

2047 3946 2209 4018 χάριν
2228 3941 2385 4009 Θεοῦ,
2415 3942 2483 3996 δι’
2513 3942 2796 4011 εὐγένειαν
2824 3943 3059 4013 τρόπων,
3091 3943 3184 3996 καὶ
3213 3942 3325 4013 βίον
3345 3939 3623 4010 ισεμνότω

2048 4054 2159 4102 τον,
2188 4037 2281 4090 καὶ
2303 4035 2621 4107 ἐπιμέλειαν
2648 4030 3028 4107 ἀμιλλωμένην
3048 4037 3159 4100 τοῖς
3187 4032 3497 4105 κρατίστοις
3515 4028 3623 4086 τῶν

2054 4129 2336 4201 μοναχῶν·
2374 4129 2511 4199 ὅπερ
2555 4126 2864 4198 θαυμαστὸν
2899 4126 3120 4197 βλέπειν
3151 4125 3209 4180 ἒν
3256 4127 3495 4198 σχήματι
3527 4139 3621 4178 κο-

2052 4218 2255 4294 σμικῷ,
2290 4221 2384 4276 καὶ
2407 4220 2644 4292 δημοσίᾳ
2674 4219 2954 4291 στρατείᾳ.

2329 4417 2453 4471 ΛΑι.
2481 4446 2551 4456 -
2575 4414 2879 4488 «ranth
2910 4414 3003 4470 καὶ
3028 4416 3177 4471 aer.
3217 4454 3235 4470 .
3278 4453 3337 4469 ..

432 4520 685 4579 Vestram
716 4522 883 4577 vitam
906 4521 1291 4577 intaminatam
1318 4516 1581 4571 memoria
1608 4515 1931 4578 recidentes.

2110 4508 2558 4579 Μνημονεύοντες
2578 4510 2678 4580 τῆς
2712 4480 3013 4579 ἀμολύντοδ
3034 4508 3191 4579 ὑμῶν
3220 4505 3387 4576 ζωῆς,
3410 4503 3625 4568 δοξάζο-

362 4614 594 4688 gloriam
627 4613 850 4670 Christo
876 4614 1107 4676 damus,
1140 4626 1265 4665 cum
1300 4608 1509 4664 Davide
1539 4607 1897 4664 enuntiantes
1927 4624 1942 4662 :

2044 4617 2145 4671 μεν
2170 4600 2261 4654 τὸν
2293 4599 2548 4670 Χριστὸν,
2574 4599 2824 4669 λέγοντες
2854 4600 2952 4653 σὺν
2982 4598 3061 4669 τῷ
3084 4597 3247 4651 Δαυῖδ
3265 4612 3278 4625 ·
3311 4615 3330 4649 ι
3379 4596 3468 4659 Ὦς
3489 4595 3623 4662 ἀγαο

368 4684 391 4761 ξ
422 4709 598 4777 Quam
630 4708 833 4763 dilecta
870 4704 1226 4762 tabernacula
1260 4711 1350 4757 tua
1382 4709 1437 4755 ct
1464 4700 1683 4761 altaria,
1718 4698 1932 4755 Domine

2046 4690 2191 4762 πητὰ
2224 4691 2291 4744 τὰ
2321 4689 2658 4762 σκηνώματά
2687 4708 2806 4755 σου,
2833 4689 2927 4743 καὶ
2950 4688 3021 4742 τὰ
3045 4688 3425 4757 θυσιαστήρια,
3452 4684 3623 4754 Κύριε

363 4800 633 4856 virtutum
661 4797 736 4852 ιιι
776 4816 796 4851 ι
840 4793 982 4852 Vere
1011 4796 1215 4851 etenim
1245 4792 1619 4852 tabernacula.
1646 4797 1701 4845 et
1731 4791 1945 4855 altaria,

363 4902 421 4950 ct
458 4891 749 4964 templum,
776 4898 831 4950 et
875 4902 1109 4946 munera
1138 4885 1232 4942 Dei
1266 4900 1364 4957 per
1396 4882 1773 4955 virginitatem
1819 4896 1948 4955 ape-

365 4985 586 5043 ruistis.

575 5090 796 5147 XXXII.
823 5119 894 5132 —-
920 5086 1307 5145 MENANDIlO
1342 5085 1750 5143 DOMESTICO.

436 5204 889 5273 Nolo,-insultas
930 5204 1161 5259 auribus
1202 5202 1443 5267 nostris,
1477 5200 1774 5271 a'paterno
1822 5214 1939 5256 meo

371 5299 708 5356 llellenismo
742 5296 1095 5351 desciscere:
1138 5310 1373 5363 namque
1432 5291 1485 5346 id
1526 5290 1944 5361 vituperandum

371 5398 525 5463 puto.
550 5387 939 5445 Verumtamen
974 5387 1062 5441 dic
1092 5388 1248 5453 mihi,
1277 5387 1361 5441 vir
1389 5384 1731 5449 admirando,
1768 5382 1813 5438 si
1849 5398 1946 5451 pa-

370 5495 457 5539 ter
482 5490 613 5537 tuus
643 5479 960 5551 praedonum
1004 5480 1297 5550 princeps,
1350 5487 1444 5531 aut
1487 5475 1643 5546 133
1696 5475 1946 5529 ebrietati

370 5574 613 5640 deditus,
643 5580 738 5628 aut
769 5572 1004 5639 adulter,
1035 5581 1129 5627 aut
1158 5571 1460 5633 fenerator,
1502 5576 1592 5622 aut
1626 5567 1827 5632 audax,
1855 5573 1948 5618 aut

452 5753 722 5830 "I‘Ipltcs.
755 5775 807 5827 v,
857 5758 941 5813 I5.
1021 5758 1063 5790 ³ο
1102 5756 1235 5811 Luc.
1274 5770 1349 5821 ix,
1399 5753 1480 5807 6:2.

1572 5753 1606 5784 ³⁸
1645 5752 1817 5808 ICor.
1874 5765 1963 5815 vn,
2007 5747 2088 5803 l9.

2042 4784 2151 4839 τῶν
2175 4782 2487 4854 δυνάμεωνί
2518 4803 2537 4835 ι
2584 4782 2823 4855 Ἀληθῶς
2852 4782 2962 4854 γὰρ
3012 4779 3351 4853 σκηνώματα
3392 4795 3453 4831 τε
3479 4817 3495 4840 ,
3529 4775 3627 4829 καὶ

2047 4876 2426 4947 θυσιαστήρια,
2481 4877 2577 4930 καὶ
2605 4874 2754 4938 ναὸς,
2804 4875 2897 4928 καὶ
2940 4873 3203 4944 κειμήλια
3235 4870 3372 4925 Θεοῦ
3410 4869 3499 4922 διὰ
3524 4866 3627 4937 τὴς

2047 4968 2344 5040 παρθενίας
2370 4966 2671 5038 πεφήνατε.

2289 5080 2413 5135 an.
2444 5108 2514 5122 -
2536 5078 2917 5150 mmmam
2949 5073 3361 5143 annexum.

2117 5198 2192 5251 Οὐ
2225 5195 2504 5268 βούλομαι,
2534 5196 2737 5264 λέγεις,
2767 5192 3025 5263 ἐκστῆναι
3071 5185 3165 5241 τοῦ
3211 5183 3469 5256 πατρῴου
3508 5181 3632 5234 Ἐλ-

2047 5287 2333 5359 ληνισμοῦ’
2367 5286 2732 5340 ἐπονείδιστον
2760 5283 2869 5353 γὰρ
2896 5280 3055 5335 τοῦτό
3084 5295 3146 5345 γε
3185 5273 3360 5349 οἶμαι.
3412 5275 3477 5327 Τί
3506 5271 3628 5335 οὖν,

2045 5379 2165 5432 είπέ
2190 5390 2302 5449 μοι,
2327 5378 2617 5447 θαυμάσιε,
2650 5379 2698 5431 εί
2719 5376 2748 5429 ὁ
2792 5375 2975 5446 πατήρ
3006 5390 3101 5426 σου
3135 5368 3435 5442 λῄσταρχός
3457 5384 3561 5428 τις,
3589 5363 3627 5435 ἢ

2052 5469 2341 5539 μεθυστὴς,
2373 5470 2405 5540 ἢ
2442 5469 2654 5537 πόρνος,
2683 5464 3090 5538 ἦτοκογλύφος,
3122 5461 3155 5533 ἢ
3182 5461 3385 5531 θρασὺς
3424 5457 3457 5515 ἢ
3484 5474 3630 5524 τυμ-

2058 5560 2301 5632 ϐωρύχος
2332 5562 2646 5630 ἐτύγχανεν,
2669 5561 2729 5612 οὔ
2760 5558 2933 5620 θέλεις
2955 5555 3189 5627 σώφρονι
3223 5549 3464 5622 λογισμξι
3500 5564 3633 5619 (ρηο

2170 5748 2210 5777 ³³
2251 5740 2391 5799 I‘sal.
2418 5759 2649 5806 cxxxm,
2690 5741 2733 5794 l.
