4012 6196
1533 281 1564 292 -ο

410 352 515 416 915

1882 356 1943 417 S.
1992 353 2154 414 ΝΠιί

3558 356 3671 423 ω

406 466 552 535 quud
612 482 719 520 non
776 466 1009 529 videtur,
1064 466 1115 519 et
1171 464 1475 519 secundum
1530 468 1677 537 quod
1736 469 1965 533 videtur,

2078 486 2174 531 πος
2206 470 2261 522 δὲ
2295 470 2544 541 ἀληθινὸς
2576 471 2731 525 κατὰ
2776 472 2838 524 τὸ
2881 473 3061 543 ὀρὼμε
3079 489 3190 534 νον,
3234 471 3337 525 οὐκ
3360 470 3525 533 ἄνους
3553 470 3667 542 γὰρ

410 561 575 613 Immo
604 574 786 615 verus.
820 556 1007 626 Neque
1035 557 1177 611 enim
1203 558 1323 613 sine
1346 566 1526 613 mente
1554 569 1607 614 et
1631 559 1810 613 anima
1838 569 1976 621 erat,

406 661 465 703 ιιι
495 649 690 704 cﬂ'utiit
727 644 1124 716 Apollinarius.
1784 646 1789 649 ’

698 739 837 793 XLI.
865 766 935 783 -κ
966 741 1329 797 EUTIIYMIO
1356 741 1672 799 IIIACONO.

471 849 576 905 Alii
600 850 821 921 quidem
852 850 905 903 in
934 850 1153 913 vinetis,
1193 857 1246 903 et
1272 851 1509 917 olivetis,
1542 852 1902 921 etjumentis,
1927 860 1980 905 et

402 959 685 996 servorum
738 940 1111 1005 multitudine,
1146 950 1200 995 et
1229 942 1443 997 aedibus
1473 958 1609 995 auro
1642 950 1982 1012 argentoque

400 1031 726 1106 splendidis,
763 1039 815 1085 et
842 1031 1078 1085 terrenis
1110 1030 1415 1085 ditionibus
1449 1031 1709 1101 gaudent.
1733 1030 1815 1085 Tu
1849 1044 2000 1092 vero,

399 1110 818 1191 praeclarissime
848 1122 1052 1176 Christi
1084 1139 1257 1185 serve,
1287 1121 1491 1192 Regem
1531 1122 1859 1176 invisibilem
1894 1123 1980 1176 in-

400 1213 806 1268 tellectualibus
861 1212 1236 1267 indesinenter
1286 1214 1465 1268 oculis
1518 1227 1773 1277 cernens,
1831 1213 1979 1268 illius

399 1303 687 1356 suavitatis
733 1304 1031 1373 particeps,
1078 1313 1131 1357 et
1174 1318 1397 1370 amore,
1447 1304 1540 1373 qui
1580 1303 1817 1358 discindi
1869 1318 1977 1359 non

395 1401 587 1470 potest,
614 1394 692 1447 illi
717 1394 1026 1465 colligatus,
1047 1411 1253 1465 speque
1277 1410 1405 1467 erga
1426 1411 1549 1451 etnn
1569 1395 1808 1450 animum
1825 1407 1976 1451 tuum

396 1487 702 1550 enutriens,
717 1494 769 1540 et
786 1486 1226 1557 dilectione,quaa
1241 1502 1348 1541 non
1367 1489 1674 1555 marcescit,
1692 1497 1799 1542 tete
1809 1487 1979 1544 delec-

398 1587 542 1640 tans,
575 1580 830 1647 precibus
845 1579 1121 1635 continuis
1143 1588 1195 1635 et
1218 1580 1553 1650 psalmorum
1576 1581 1832 1635 cantibus
1849 1595 1977 1634 con-

395 1664 552 1717 tinuo
569 1665 890 1721 incumbens
912 1674 965 1719 et
986 1681 1269 1720 sermones
1286 1666 1603 1736 spirituales
1620 1666 1976 1737 amplectens,

396 1754 784 1827 prophetarum
816 1757 909 1810 illa
943 1759 1255 1814 exclamas:
1291 1778 1309 1811 ι
1347 1758 1684 1814 Recordatus
1710 1774 1830 1814 sum
1857 1758 1971 1823 Dei,

393 1855 448 1899 et
470 1846 683 1901 lmtatus
704 1863 824 1902 sum
860 1849 924 1901 "z
964 1866 981 1900 ι
1011 1848 1075 1903 Ει
1104 1867 1118 1904 :
1158 1869 1176 1901 ‹
1212 1848 1702 1925 Superlzrtaborin
1739 1848 1973 1905 Domino

395 1952 538 2003 meo,
573 1953 681 1992 non
726 1939 968 1994 laboravi
1009 1934 1249 2012 sequens
1296 1941 1585 1997 Dominum
1634 1958 1813 1999 meum
1848 1943 1912 1996 ".
1945 1960 1965 1995 ι

392 2026 696 2082 Exsultabo
732 2028 936 2101 itaque,
964 2030 1362 2088 humanissime
1397 2033 1644 2101 Domine,
1676 2037 1731 2090 In
1762 2049 1971 2090 sermo-

393 2121 556 2174 nibus
589 2122 720 2184 tuis,
765 2123 1224 2192 quemadmodum
1261 2124 1356 2195 qui
1388 2125 1611 2182 divitias
1640 2127 1873 2191 invenit,
1915 2135 1971 2183 et

395 2211 632 2278 praedam
659 2212 882 2266 multam
916 2212 979 2266 "'.
1016 2212 1427 2285 Proptereaque
1462 2215 1716 2271 Salvator
1742 2225 1796 2273 et
1824 2216 1968 2272 Con-

392 2303 538 2359 ditor
566 2304 811 2358 omnium
850 2305 949 2360 tibi
1001 2306 1339 2377 respondet:
1382 2304 1653 2361 Gaudium
1706 2317 1881 2375 tuum,
1916 2318 1970 2362 et

391 2394 815 2449 exsultationem
845 2405 994 2450 tuam
1032 2398 1213 2452 nullus
1247 2396 1417 2453 furari
1457 2399 1655 2469 poterit
1676 2397 1719 2432 ³⁹
1752 2417 1765 2453 :
1798 2397 1968 2453 Maria

390 2484 662 2557 siquidem
695 2489 954 2558 optimam
988 2491 1151 2560 elegit
1193 2492 1504 2546 divinarum
1552 2489 1965 2559 disciplinarum

390 2591 612 2651 semper
638 2577 901 2635 virentem
936 2590 1146 2655 partem
1177 2579 1244 2633 δ’.
1278 2580 1513 2651 Quando
1545 2582 1731 2651 itaque
1758 2572 1968 2635 sermo-

389 2683 489 2723 nes
527 2668 687 2740 136
711 2670 816 2726 mei
846 2670 899 2725 in
926 2680 979 2726 te
1006 2672 1257 2727 habitant
1281 2672 1681 2739 recordatione,
1709 2671 1968 2728 recorda-

387 2760 491 2817 bor
540 2760 617 2814 tui
663 2760 719 2815 in
761 2777 933 2835 regno
984 2779 1126 2818 meo.
1181 2766 1283 2819 Et:
1324 2783 1342 2813 σ
1382 2764 1460 2820 Ne
1508 2766 1726 2831 timeas,
1781 2772 1964 2819 tecum

387 2849 533 2904 enim
561 2866 656 2906 ero
687 2853 946 2909 omnibus
976 2854 1169 2911 diebus
1193 2857 1261 2922 “,
1296 2873 1315 2905 ι
1347 2870 1412 2911 ex
1446 2855 1594 2910 onmi
1617 2856 1966 2910 tribulatione

386 2940 633 2999 liberans
661 2951 717 3000 te
739 2943 810 3011 ι’,
852 2953 907 3001 et
941 2945 1183 3017 eripiens
1212 2962 1245 3002 ο
1274 2961 1443 3003 manu
1485 2942 1864 3004 insidiantium
1894 2947 1961 3001 ⁴³.

582 3137 745 3197 XLII.
783 3172 848 3183 —
884 3140 1330 3197 CIIRYSEROTI
1358 3140 1738 3199 δοριιιδτίις.

455 3251 517 3310 Si
554 3254 1006 3326 linguacissimus
1071 3257 1341 3331 Apollinis
1408 3260 1584 3331 tripus
1637 3264 1963 3320 adveniente

382 3346 442 3399 in
478 3360 697 3400 carnem
738 3346 985 3402 omnium
1031 3347 1261 3403 Domino
1302 3349 1523 3405 Christo
1556 3351 1721 3407 silere
1748 3352 1959 3422 jussus,

382 3444 589 3510 prmler
628 3438 871 3510 gentium
910 3440 1373 3509 exspectationem
1410 3442 1513 3511 (sic
1545 3444 1692 3498 enim
1723 3444 1959 3501 addece-

383 3530 500 3599 bat)
550 3528 849 3599 obmutuit,
893 3516 1352 3603 quemadmodum
1396 3536 1665 3604 universi,
1712 3538 1805 3606 qui
1854 3538 1961 3594 sub

385 3622 531 3677 cmlo
552 3633 701 3689 sunt,
737 3624 1059 3681 intuentur:
1093 3642 1264 3697 quare
1291 3635 1346 3682 tu
1378 3627 1496 3697 ipse
1527 3644 1703 3700 neque
1726 3630 1957 3701 pudore,

382 3730 563 3786 neque
589 3712 790 3770 rubore
836 3716 1172 3775 sulfunderis
1227 3720 1296 3775 de
1332 3722 1443 3777 tuis
1478 3722 1863 3793 insipientibus
1896 3738 1962 3779 ac

383 3805 899 3871 infortunatissimis
957 3808 1064 3864 diis
1095 3824 1285 3864 curam
1334 3827 1554 3882 gerens,
1604 3813 1869 3876 absurda,
1905 3820 1961 3869 et

382 3911 447 3950 ea
479 3912 603 3965 qua:
627 3913 737 3951 non
767 3905 919 3962 sunt,
945 3897 1242 3956 defensans
1261 3900 1287 3953 ί
1323 3900 1713 3957 Verumtamen
1747 3902 1795 3958 si
1826 3902 1956 3957 mihi

381 3988 630 4055 credere,
674 4005 1013 4060 causamque
1057 3999 1204 4047 tuam
1252 3992 1717 4050 rationabiliorem
1779 3992 1960 4049 Iacere

380 4080 480 4136 tibi
508 4082 563 4135 in
594 4083 779 4136 animo
804 4082 991 4147 fuerit,
1016 4082 1377 4140 vaticinantis
1418 4084 1649 4154 tripodis
1677 4086 1957 4143 silentium

379 4187 530 4227 nunc
564 4174 912 4244 potissimum
941 4174 1303 4230 aemulareris.

655 4281 835 4338 XLIII.
868 4313 938 4323 -—
962 4282 1314 4341 FAUSTINO
1342 4286 1692 4343 MONACIIO.

450 4388 590 4456 Quid
650 4392 935 4461 gravaris?
978 4393 1108 4463 quid
1154 4396 1486 4452 maceraris?
1551 4396 1681 4469 quid
1728 4399 1957 4454 vocibus

2082 561 2168 631 δὴ.
2198 562 2294 616 καὶ
2321 563 2546 633 ἄψυχος,
2574 562 2825 635 καθάπερ
2858 564 3118 635 βεσόηκεν
3165 562 3590 634 Ἀπολλινάριος.

2401 748 2537 801 MA'.
2565 776 2637 787 -—-
2665 748 2972 818 ΕΥΘΥΜΙῼ
3015 748 3338 819 ΔΙΑΚΟΝῼ.

2156 858 2371 930 Ἕτεροι
2405 859 2504 930 μὲν
2538 859 2623 912 ἐπ’
2654 859 2994 929 ἀμπελῶσιν,
3032 860 3127 912 καὶ
3151 857 3393 921 ὲλαιῶσι,
3412 856 3506 909 καὶ
3533 858 3666 928 κτήσ-

2081 967 2220 1015 νεσι,
2249 953 2342 1005 καὶ
2364 950 2559 1022 πλήθει
2586 951 2695 1005 τῶν
2725 951 2972 1016 οἰκετῶν,
3000 952 3093 1004 καὶ
3114 951 3285 1013 οἴκοις
3313 949 3662 1019 περιφανέσι,

2081 1044 2269 1115 χρυσῷ
2299 1061 2378 1109 τε,
2413 1045 2505 1098 καὶ
2531 1046 2757 1118 ἀργύρῳ
2783 1084 2798 1109 ,
2845 1045 2937 1099 καὶ
2968 1048 3079 1108 τοῖς
3108 1043 3291 1107 ἄλλοις
3337 1043 3546 1113 γηῖνοις
3572 1042 3661 1094 εύο

2081 1137 2400 1207 φραίνονται
2448 1120 2743 1209 κτῆμασιν.
2793 1140 2865 1191 Σὺ
2914 1139 2971 1192 δέ
3016 1156 3101 1207 γε,
3148 1136 3473 1207 πανεύφημε
3503 1134 3660 1189 δοῦλε

2079 1228 2338 1299 Χριστοῦ,
2368 1232 2457 1283 τὸν
2489 1232 2716 1303 ἀόρατον
2748 1230 2978 1283 Βασιλέα
3024 1230 3137 1292 τοῖς
3175 1210 3384 1297 νοητοῖς
3423 1226 3661 1281 ἀδιαλεί-

2082 1334 2229 1384 πτως
2257 1320 2886 1393 θεώμενοςμόφθαλμοῖς,
2924 1320 3018 1373 καὶ
3049 1319 3146 1389 τῆς
3188 1318 3397 1372 ἐκείνου
3428 1316 3659 1388 τερπνόο

2078 1431 2239 1481 τητος
2266 1414 2581 1478 ἀπολαύων,
2621 1414 2715 1468 καὶ
2740 1413 2822 1484 τῷ
2850 1413 3206 1483 ἀδιασπάστῳ
3241 1411 3389 1481 πόοῳ
3415 1410 3658 1464 συνδεδε-

2084 1503 2241 1574 μένος
2273 1504 2440 1573 αὐτῷ,
2479 1504 2527 1558 ὲ)
2542 1505 2653 1558 πίδι
2682 1522 2741 1557 τε
2771 1507 2837 1575 τῇ
2870 1507 2949 1566 είς
2987 1503 3146 1557 αὑτὸν
3178 1504 3511 1574 τρεφόμενος
3555 1500 3653 1572 τὴν

2078 1598 2276 1668 ψυχὴν,
2304 1598 2399 1651 καὶ
2430 1598 2858 1669 ὲναδρυνόμενος
2888 1600 2954 1668 τῇ
2983 1596 3282 1668 ἀμαράντῳ
3316 1595 3528 1665 ἀγάπῃ,
3562 1595 3655 1647 εύ-

2079 1691 2199 1760 χαῖς
2228 1708 2285 1744 τε
2310 1690 2578 1761 συνεχέσι,
2605 1691 2698 1744 καὶ
2722 1690 3063 1761 ψαλμῳδίαις
3088 1689 3532 1760 προσκαρτερῶν,
3559 1689 3655 1741 καὶ

2080 1780 2557 1851 ἐνστερνιζόμενος
2587 1782 2713 1845 τοὺς
2756 1781 3160 1852 πνευματικοὺς
3193 1779 3418 1847 λόγους,
3444 1779 3512 1833 τὰ
3546 1779 3654 1836 fw

2078 1870 2375 1943 προφητῶν
2412 1871 2609 1942 ἐκϐοᾷς
2634 1887 2647 1900 ·
2686 1889 2706 1923 ι
2756 1872 3065 1942 Ἐμνήσθην
3110 1868 3204 1923 τοῦ
3234 1868 3400 1932 Θεοῦ,
3436 1868 3528 1921 καὶ
3553 1869 3657 1936 ’ρύ-

2072 1961 2336 2034 φράνθην.
2375 1982 2392 2012 ι
2419 1962 2559 2015 Καί’
2598 1981 2615 2013 ι
2665 1952 3289 2033 ’Υπερευςρρανθήσομαι
3342 1962 3400 2012 ὲν
3440 1958 3651 2029 aplu-

2077 2052 2175 2123 ρίῳ
2214 2069 2337 2123 μου,
2362 2053 2460 2105 οὐκ
2491 2051 2755 2105 ἐκοπίασα
2796 2045 3210 2105 κατακολουθῶν
3238 2050 3410 2103 ὀπίσω
3442 2048 3650 2119 Κυρίου

2075 2161 2197 2212 μου.
2225 2163 2243 2196 ι
2285 2141 2705 2212 Ἀγαλλιάσομαι
2732 2137 2992 2205 τοίνυν,ὧ
3017 2140 3363 2212 φιλάνθρωπε
3383 2139 3648 2202 Δέσποτα,

2070 2236 2166 2290 ἐπὶ
2208 2238 2319 2299 τοῖς
2363 2235 2541 2304 λόγοις
2572 2252 2685 2297 σου,
2738 2233 2991 2305 καθάπερ
3039 2235 3067 2286 ό
3102 2231 3354 2305 εὑρηκὼς
3392 2231 3645 2295 πλοῦτον,

2070 2330 2165 2384 καὶ
2200 2327 2371 2382 σκύλα
2408 2326 2595 2381 πολλὰ.
2632 2326 2722 2380 Διὸ
2759 2326 3218 2398 ἀνταποκρίνεταί
3255 2343 3336 2378 σοι
3377 2323 3405 2376 ό
3432 2324 3642 2394 Σωτὴρ,

2069 2421 2162 2474 καὶ
2184 2420 2423 2489 Κτίστης
2444 2417 2549 2473 τῶν
2577 2418 2849 2482 ἁπάντων,
2880 2418 3069 2487 ὅτιπερ
3091 2416 3187 2488 τὴν
3207 2417 3380 2487 χαράν
3410 2432 3525 2480 σου,
3554 2415 3647 2471 καὶ

2066 2511 2165 2583 τὴν
2196 2509 2516 2579 ἀγαλλίασιν
2543 2508 2713 2571 οὐδεὶς
2740 2508 3077 2579 ἀποσυλῆσαι
3109 2507 3414 2578 δυνήσεται.
3456 2505 3645 2578 Μαρία

2060 2603 2177 2673 γὰρ
2201 2602 2301 2672 τὴν
2341 2599 2550 2672 ἀγαθὴν
2592 2599 2910 2666 ἐξελέξατο,
2944 2599 3050 2652 τῶν
3099 2598 3259 2652 θείων
3305 2598 3645 2668 μαθημάτων

2066 2695 2294 2764 ἀειθαλῆ
2326 2692 2540 2764 μερίδα.
2581 2692 2797 2764 Ἐπειδὴ
2825 2689 2917 2745 οῦν
2942 2691 2990 2744 οί
3019 2689 3167 2761 λόγοι
3200 2708 3300 2761 μου
3326 2690 3383 2742 ὲν
3423 2691 3504 2742 σοὶ
3541 2706 3643 2743 κα-

2066 2780 2429 2851 τασκηνοῦσι,
2461 2781 2623 2853 μνείᾳ
2657 2779 3041 2853 μνησθήσομαί
3078 2796 3173 2833 σου
3209 2781 3266 2833 ὲν
3296 2782 3361 2851 τῇ
3399 2779 3648 2851 βασιλείᾳ⁸

2071 2895 2192 2949 μου.
2223 2876 2363 2929 Καί·
2400 2893 2419 2926 ι
2459 2872 2741 2946 Μηδαμῶς
2776 2873 3038 2945 φοϐηθῇς,
3082 2872 3218 2945 μετά
3256 2873 3350 2927 σοῦ
3383 2872 3492 2944 γὰρ
3522 2873 3646 2926 ἔσο-

2070 2983 2170 3035 μαι
2207 2966 2294 3020 διὰ
2313 2964 2535 3029 παντὸς,
2570 2984 2588 3017 ι
2620 2966 2686 3019 ἐκ
2713 2966 2977 3035 πάσηςεσε
3003 2962 3361 3035 λυτρούμενος
3384 2963 3645 3033 θλίψεως,

2069 3057 2166 3111 καὶ
2192 3054 2515 3128 ἐξαρπάζων
2544 3054 2609 3107 ἐκ
2635 3054 2815 3125 χειρὸς
2849 3051 2956 3107 τῶν
2985 3051 3462 3107 ἐπιϐουλευόντων.

2362 3168 2497 3224 ΜΒ’.
2520 3197 2590 3208 -—-
2618 3167 3002 3222 ΧΡΥΣΕΡΩΤΙ
3029 3166 3340 3238 ΣΟΦῙΣΤῌ.

2133 3281 2195 3335 Ei
2227 3283 2255 3335 ὁ
2279 3280 2724 3351 πολυφωνότατος
2745 3279 2840 3333 τοῦ
2874 3280 3208 3344 Ἀπόλλωνος
3229 3279 3456 3350 τρίπους
3481 3278 3643 3349 σιγᾷν

2063 3372 2542 3445 προστεταγμένος
2590 3371 2678 3425 διὰ
2730 3371 2830 3442 τῆς
2879 3370 3148 3442 ὲνσάρκου
3202 3369 3505 3439 παρουσίας
3540 3368 3640 3421 τοῦ

2062 3456 2278 3519 πάντων
2307 3462 2579 3517 Δεσπότου
2626 3460 2864 3533 Χριστοῦ
2894 3461 3046 3533 παρά
3080 3461 3179 3532 τὴν
3225 3460 3333 3513 τῶν
3370 3458 3638 3531 Ἐλλήνων

2063 3554 2394 3626 προσδοκίαν
2423 3552 2745 3624 πρεπόντως
2775 3552 3113 3623 πεφίμωται,
3166 3551 3349 3616 καθὼς
3398 3552 3637 3614 ἅπαντες

2062 3646 2112 3699 οί
2144 3643 2241 3716 τὴν
2270 3644 2361 3713 ὑφ’
2406 3644 2541 3715 ἡλίῳ
2586 3643 2876 3714 νεμόμενοι
2910 3642 3217 3713 βλέπουσιν,
3266 3643 3412 3706 τίνος
3448 3643 3637 3695 ἕνεκεν

2061 3736 2225 3799 αὐτὸς
2250 3733 2609 3805 ὲντραπῆναι,
2636 3734 2668 3804 ἢ
2689 3733 3042 3804 αἰσχυνθῆναι
3071 3733 3134 3787 ού
3157 3732 3354 3804 βούλει,
3377 3734 3468 3786 τὸν
3494 3731 3640 3802 ὑπὲρ

2060 3826 2169 3881 τῶν
2196 3826 2515 3895 ἀλογίστων,
2543 3826 2637 3879 καὶ
2659 3825 2966 3880 παναθλίων
2994 3825 3131 3879 θεῶν
3153 3842 3246 3879 σου
3271 3825 3428 3892 λόγον
3454 3824 3635 3878 ποιούο

2065 3935 2247 3988 μενος,
2301 3918 2395 3971 καί⁵
2442 3915 2890 3986 ἀντιποιούμενος
2939 3918 3040 3988 τῆς
3089 3916 3337 3979 ἀτοπίας,
3391 3916 3487 3969 καὶ⁵
3533 3915 3635 3985 τῆς

2060 4010 2455 4081 ἀπροσωπίας;
2502 4008 2641 4063 Ἀλλ’
2676 4007 2833 4080 εἴπερ
2865 4009 2987 4080 ἐμοὶ
3020 4009 3303 4079 πεισθῆναι
3327 4007 3636 4079 θελήσειας,

2064 4102 2264 4171 μᾶλλον
2294 4100 2724 4172 εὐπροσωπῆσαι
2758 4100 2856 4170 τὴν
2901 4100 3143 4169 ἀφωνίαν
3194 4099 3395 4171 μᾶλλον
3432 4100 3633 4170 ἀρτίως

2062 4192 2323 4264 ζηλώσεις
2350 4192 2445 4245 τοῦ
2473 4191 2735 4263 μαντικοῦ
2757 4191 3029 4262 τρίποδος.
3178 4234 3181 4237 μ
3420 4206 3423 4211 ·

2374 4306 2505 4361 ΜΓί.
2537 4336 2606 4346 —
2634 4305 2974 4376 ΦΑΥΣΤΙΝῼ
3005 4305 3311 4374 ΜΟΝΑΧῼ.

2132 4419 2197 4473 Τί
2233 4418 2425 4491 θλίϐῃς
2459 4419 2513 4472 τί
2545 4418 2765 4485 ἀλύεις;
2797 4417 2849 4471 τί
2881 4417 3095 4489 μέμφῃ,
3133 4418 3227 4470 καὶ
3266 4414 3628 4485 καταμέμφῃ,

386 4481 564 4538 instas
585 4523 601 4549 ,
640 4494 694 4539 et
732 4482 987 4540 assiduas
1018 4486 1158 4554 jacis
1191 4503 1287 4541 ore
1318 4490 1607 4560 querelas,
1642 4505 1862 4546 morose
1895 4499 1950 4544 tu

2071 4481 2431 4582 μεμψιμοιρεξ
2462 4511 2527 4563 Τί
2549 4481 2968 4580 ἀνυπομόνητον
2992 4481 3187 4562 σαῦτδν
3214 4481 3498 4570 δεικνύεις,
3532 4481 3624 4559 ἐιᾶι

381 4592 446 4631 ac
480 4578 708 4647 querule
728 4579 749 4631 ?
772 4577 952 4647 Quare
968 4587 1020 4635 te
1047 4580 1447 4652 impatientem,
1478 4593 1532 4638 et
1558 4584 1746 4656 pusilli
1782 4586 1949 4641 animi

378 4673 556 4727 virum
590 4674 851 4745 cvulgans
891 4675 1236 4732 advenientia
1275 4692 1381 4731 non
1415 4678 1693 4734 sustines?
1719 4677 1955 4732 Memen-

379 4776 457 4830 ιο,
495 4765 625 4836 quid
657 4766 746 4821 ille
787 4767 842 4825 in
884 4768 1367 4825 adhortationibus
1404 4767 1602 4825 dixerit
1640 4788 1653 4821 :
1701 4786 1719 4823 ι
1749 4767 1872 4834 Fili,
1907 4768 1954 4823 si

372 4858 687 4913 accesseris
717 4858 926 4915 servire
964 4858 1216 4925 Domino,
1245 4875 1492 4930 prchara
1524 4858 1761 4914 animam
1804 4866 1951 4913 tuam

377 4949 445 5003 ad
470 4952 851 5016 tentationem,
884 4951 1058 5022 dirige
1085 4968 1182 5006 cor
1213 4962 1393 5017 tuum,
1428 4959 1483 5011 et
1510 4952 1747 5018 sustine,
1788 4960 1843 5007 ct
1885 4969 1954 5014 ne

376 5042 641 5106 turberis,
676 5059 853 5111 neque
904 5044 1014 5099 cito
1056 5059 1294 5113 exposcc
1340 5044 1667 5100 solutionem
1710 5051 1955 5114 tempore

375 5132 717 5188 inductionis
747 5134 814 5186 ⁸⁸.
853 5154 869 5185 ι
899 5134 1081 5199 Quare
1115 5135 1164 5188 id
1206 5135 1615 5190 animadvertas
1658 5136 1817 5206 137
1867 5153 1958 5190 ve-

376 5225 493 5288 lim,
523 5222 645 5280 sine
674 5224 765 5278 Dei
798 5223 1010 5291 judicio
1038 5227 1195 5291 nihil,
1229 5225 1375 5296 quod
1408 5226 1627 5298 amigat,
1665 5228 1829 5281 alicui
1859 5228 1954 5281 ad-

376 5313 587 5367 venire.
627 5311 975 5383 Quapropter
1032 5333 1050 5365 t
1094 5316 1283 5370 Virum
1330 5317 1516 5380 indue,
1548 5325 1602 5370 et
1662 5315 1955 5370 roboretur

374 5418 471 5457 cor
508 5410 701 5472 tuum"
727 5410 783 5455 et
824 5406 1039 5459 sustine
1090 5405 1379 5461 Dominum
1406 5409 1475 5469 ⁸⁵,
1515 5426 1534 5459 ι
1584 5416 1644 5461 ιιι
1673 5408 1750 5461 tui
1787 5409 1953 5463 misee-

372 5501 591 5547 neatur.

2064 4602 2548 4673 μικροψυχότατον,
2578 4600 2653 4671 μὴ
2684 4601 2865 4670 φέρων
2884 4599 2952 4652 τὰ
2999 4599 3314 4668 συμϐάντας
3341 4596 3627 4664 Μνήσθητι

2052 4691 2146 4746 τοῦ
2189 4693 2437 4760 λέγοντος
2490 4693 2549 4745 ἐν
2587 4695 2705 4755 ταῖς
2746 4691 3133 4762 παραινέσεσι·
3191 4708 3210 4741 ι
3258 4689 3478 4751 Τέκνον,
3530 4687 3628 4739 ὲάν

2053 4784 2330 4856 προσέρχῃ
2354 4783 2622 4837 δουλεύειν
2652 4781 2732 4852 τῷ
2764 4782 2979 4854 Κυρίῳ,
3007 4781 3293 4852 ὲτοίμασον
3322 4779 3418 4850 τὴν
3444 4780 3625 4851 ψυχήν

2054 4893 2148 4929 σου
2182 4878 2261 4939 είς
2300 4875 2624 4948 πειρασμὸν,
2678 4873 2898 4926 εὔθυνον
2945 4870 3043 4943 τὴν
3093 4870 3321 4942 καρδίαν
3379 4887 3494 4936 σου,
3530 4870 3627 4924 καὶ

2053 4965 2418 5036 καρτέρησον,
2466 4963 2560 5015 καὶ⁸
2612 4963 2688 5033 μὴ
2718 4962 3008 5034 ταράττον,
3044 4961 3181 5032 μηδὲ
3209 4960 3436 5031 τάχιστα
3469 4960 3626 5030 ζήτει

2051 5056 2205 5109 λύσιν
2239 5059 2296 5109 ἐν
2324 5056 2501 5126 καιρῷ
2535 5056 2849 5125 ἐπαγωγῆς.
2881 5072 2899 5106 ι
2931 5054 3172 5107 Γίνωσκε
3219 5056 3349 5124 γὰρ,
3377 5054 3457 5106 ὅτι
3493 5054 3639 5109 ἄνευ

2054 5147 2290 5217 κρίσεως
2318 5144 2484 5211 Θεοῦ,
2527 5144 2680 5197 οὐδὲν
2700 5128 2822 5195 ’τῶν
2863 5141 3123 5211 θλιϐερῶν
3162 5139 3455 5211 ἐπέρχεταί
3490 5156 3623 5195 τινι.

2052 5239 2249 5307 Διόπερ
2281 5254 2300 5287 t
2346 5235 2643 5305 ‘AvbpiCou,
2677 5234 2772 5287 καὶ
2795 5230 3231 5302 κραταιούσθωὴ
3276 5231 3471 5299 καρδία
3505 5247 3624 5293 σου,

2052 5330 2147 5383 καὶ
2172 5328 2458 5398 ὑπόμεινον
2486 5326 2577 5379 τὸν
2605 5325 2829 5397 Κύριον,
2866 5343 2898 5374 ν»
2938 5325 3025 5376 ἵνα
3057 5340 3113 5375 σε
3143 5322 3355 5393 ἐλεήσῃ.

447 5691 489 5724 ³⁸
517 5688 664 5753 f‘sal.
710 5717 893 5763 ιλιι-ι.
930 5704 980 5756 ό.
1060 5705 1100 5733 ³⁷
1131 5703 1253 5761 Jer.,
1296 5719 1425 5765 χιιι,
1481 5704 1566 5757 16.
1647 5706 1690 5736 ³⁸
1727 5700 1869 5758 I’sal.
1898 5719 1962 5757 cx

2074 5744 2087 5764 ,
2135 5700 2254 5753 ωε.
2338 5701 2378 5731 ³9
2420 5699 2575 5753 Joan.
2612 5715 2723 5759 xvi,
2757 5698 2843 5751 22.
2922 5698 2967 5728 ⁸ο
3006 5697 3133 5753 Luc.
3174 5713 3227 5762 κ,
3272 5696 3355 5752 ιζ’..
3436 5696 3477 5728 ⁵³
3516 5701 3602 5757 lu

375 5777 485 5845 xu,
538 5769 621 5822 10.
709 5772 752 5802 “
788 5772 934 5827 I‘sal.
965 5790 1159 5840 nxtst,
1197 5775 1283 5827 I8.
1363 5775 1405 5804 ⁸³
1455 5774 1595 5830 I‘sal.
1636 5792 1762 5837 an,
1803 5778 1883 5828 Ili.
1962 5790 1965 5799 λ

2071 5772 2201 5826 Ltcli.
2238 5786 2299 5836 1,,
2342 5770 2383 5823 l.
2464 5770 2507 5801 ³⁸
2542 5769 2686 5827 Psal.
2719 5782 2866 5832 χιι-ι,
2898 5767 2980 5829 Η.
