4012 6196
376 291 475 357 217

711 405 836 464 ttA'.
867 437 941 449 -
967 410 1277 483 terreno
1307 413 1645 483 mortuo.-

444 503 569 565 Πῶς
606 502 806 573 μικρὸν
850 501 1032 569 λέγεις
1079 504 1347 575 ὑπάρχειν
1403 507 1710 575 ἁμάρτημα
1735 547 1748 569 ,
1787 504 1855 558 δι’
1890 498 1953 558 οὗ

375 593 506 654 Θεὸς
536 590 833 657 ἀθετεῖ-ται,
867 593 961 644 καὶ
989 592 1120 656 Θεὸς
1162 594 1490 664 ἀτιμάζεται
1528 596 1616 649 διὰ
1645 597 1743 667 τῆς
1776 612 1955 666 παρα-

1578 292 2110 356 EPISTOLARUM
2138 296 2283 357 LIB.
2314 298 2395 357 ll.

3519 295 3628 359 218

2346 410 2529 469 XLIV.
2557 441 2625 449 —
2654 408 2955 465 tlYlltLl-O
2997 409 3352 467 MONACHO.

2106 504 2376 570 Quanam
2422 503 2635 557 ratione
2670 520 2894 572 parvum
2935 519 3057 559 esse
3090 512 3373 573 peccatum
3403 515 3633 562 conten-

2055 595 2141 649 dis
2166 636 2181 660 ,
2212 595 2374 664 cujus
2405 609 2569 649 causa
2614 592 2756 647 Deus
2813 594 3092 661 abjicitur,
3136 600 3190 647 et
3225 593 3367 647 Deus
3416 594 3632 648 divino,

376 684 589 745 δασεως
639 682 801 735 θείων
854 683 1253 754 ὲνταλμόιτων;
1306 686 1424 739 Κᾶν
1475 687 1584 757 γάρ
1640 704 1724 750 τις
1783 686 1947 757 ἄνδρα

2055 702 2176 741 rum
2236 693 2635 755 praeceptorum
2693 685 3151 753 praevaricatione
3221 687 3636 741 contemnitur?

376 771 654 841 φονεύσῃ,
694 772 791 823 καὶ
844 771 1045 841 βρέφος
1098 774 1434 845 ἀποκτείνῃ,
1492 776 1686 844 φονεὺς
1734 778 1953 843 πάντως

2056 780 2182 834 Sive
2213 781 2360 834 enim
2394 778 2668 848 quispiam
2705 778 2881 831 virum
2926 778 3199 839 trucidet,
3232 778 3349 832 sive
3390 778 3634 833 infantu-

374 862 633 931 ὑπάρχει,
661 863 755 916 καὶ
785 861 862 924 ῶς
892 864 1088 929 φονεὺς
1117 864 1384 933 κρίνεται.
1420 867 1545 929 Πῶς
1573 868 1751 919 τοίνυν
1776 870 1947 933 ποιεῖς

2052 872 2164 925 lum
2213 872 2534 935 interimat,
2593 869 2865 923 homicida
2906 867 3083 922 modis
3126 869 3383 923 onmibus
3417 878 3528 933 cst,
3580 884 3629 925 et

373 955 430 1008 τὸ
474 957 724 1024 πταῖσμα
746 995 761 1019 ,
807 955 873 1007 δι’
908 950 968 1009 οὗ
1008 956 1232 1029 ἐκκλείῃ
1274 959 1375 1029 τῆς
1411 958 1690 1029 βασιλείας
1721 960 1830 1015 τῶν
1863 960 1951 1015 ού-

375 1045 550 1116 ρανῶν
570 1063 586 1112 ;

884 1225 1016 1281 ΜΕ⁹.
1046 1255 1111 1271 --
1147 1227 1229 1293 Τῷ
1259 1227 1439 1293 αὐτῷ.

445 1317 539 1387 Μὴ
561 1317 820 1386 γόγγυζε,
854 1318 1108 1389 ἄνθρωπε
1133 1336 1148 1350 ο
1178 1320 1458 1391 ἀλλότριον
1482 1320 1589 1391 γάρ
1622 1322 1852 1393 μοναχοῦ
1888 1324 1949 1378 τὸ

376 1408 691 1475 γογγύζειν,
715 1410 818 1463 κᾶν
851 1411 1013 1480 μέχρι
1038 1409 1268 1464 θανάτου
1301 1412 1631 1467 κινδυνεύειν
1673 1432 1733 1468 σε
1764 1417 1945 1488 συμϐῇ

377 1501 727 1554 ἐπιτελοῦντα
758 1503 817 1553 τὸ
861 1502 1284 1573 ὲπιταττόμενόν
1328 1521 1409 1557 σοι
1455 1505 1746 1576 παρὰτῆς
1792 1507 1946 1562 ἀδελ-

379 1593 630 1660 φότητος.
664 1611 682 1643 ι
734 1593 791 1645 Ὀ
843 1592 952 1663 γὰρ
1007 1592 1197 1663 ὑμῶν,
1255 1595 1453 1664 φησὶν,
1512 1595 1760 1661 ἀκούων,
1811 1597 1946 1666 ἐμοῦ

379 1684 584 1748 ἀκούει,
607 1685 699 1737 καὶ
726 1686 756 1736 ὁ
780 1684 1056 1754 τολμήσας
1079 1684 1223 1754 ὑμᾶς
1256 1684 1544 1755 ἀθετῆσαι,
1569 1687 1668 1756 ἐμὲ
1691 1686 1892 1741 ἀθετεῖ.
1923 1705 1940 1740 ι

379 1777 485 1828 Καὶ
507 1779 534 1828 ό
565 1776 890 1839 Ἀπόστολος
918 1776 1119 1846 γράφει
1148 1793 1161 1806 ο
1209 1795 1226 1827 ι
1272 1777 1364 1847 Μὴ
1407 1779 1728 1847 γογγύζετε,
1765 1779 1947 1845 καθῶς

374 1885 515 1930 τινες
564 1868 676 1919 τῶν
736 1867 1083 1937 Ἰσραηλιτῶν
1137 1867 1615 1935 ὲγόγγυσαν,’καὶ
1666 1871 1947 1926 ἀπώλοντο

373 1957 477 2010 ὕπὸ
506 1956 604 2009 τοῦ
632 1956 973 2026 ὀλοθρευτοῦ.
1011 1975 1028 2007 ι
1072 1956 1136 2009 Εἰ
1169 1957 1349 2010 τοίνυν
1398 1958 1579 2029 βούλει
1630 1962 1704 2033 μὴ
1745 1964 1945 2019 ἀπολέ-

370 2048 534 2113 σθαι,
577 2049 829 2102 πέπαυσο
875 2048 984 2100 τῶν
1034 2049 1387 2123 γογγυσμῶν.
1445 2052 1517 2105 ’Ἡ
1564 2053 1683 2116 πῶς
1742 2055 1944 2128 δυνήσῃ

370 2139 507 2210 πρὸς
544 2139 748 2208 Κύριον
773 2139 1098 2192 διαπετάσαι
1128 2140 1226 2200 τὰς
1256 2143 1477 2211 χεῖρας,
1522 2143 1616 2196 καὶ
1663 2143 1942 2211 εὔξασθαι,

370 2228 510 2279 κατὰ
539 2227 639 2297 τὴν
674 2228 967 2297 παράδοσιν
998 2226 1094 2280 τοῦ
1135 2228 1459 2283 Ἀποστόλου
1483 2271 1497 2291 .
1549 2232 1719 2303 χωρἰς
1753 2233 1943 2303 ὀργῆς,

363 2320 461 2371 καὶ
493 2318 862 2389 διαλογισμῶν
882 2338 895 2350 ·
923 2320 995 2373 Τὸ
1024 2320 1132 2391 γάρ
1160 2320 1452 2388 γογγύζειν
1485 2322 1676 2394 κύημα
1701 2325 1938 2397 ὑπάρχει

365 2412 561 2482 ὁρτῆςο
1664 2454 1665 2457 ~

674 2503 817 2572 MS".
845 2533 923 2555 -λ
945 2507 1287 2578 ΗΛῙΟΔΩΡῼ
1327 2508 1640 2580 ΜΟΝΑΧῼ.

409 2593 568 2647 Ὀσοι
602 2595 698 2664 μὲν
729 2595 944 2658 πολλοῖς
977 2597 1180 2660 πόνοις,
1226 2600 1319 2652 καὶ
1376 2598 1585 2669 ἱδρῶσι,
1630 2602 1725 2654 καὶ
1766 2601 1945 2674 χρόνῳ

374 2684 574 2755 μακρῷ
620 2686 917 2755 μαχόμενοι
937 2688 1055 2753 ταῖς
1081 2688 1315 2762 ἡδοναῖς,
1357 2689 1510 2761 μόλις
1543 2691 1673 2744 ποτὲ
1711 2692 1804 2745 τοῦ
1847 2711 1945 2763 χα-

373 2784 642 2853 ρίσματος
670 2780 935 2852 ἐπέτυχον
978 2783 1079 2852 τῆς
1129 2782 1396 2846 ἀπαθείας
1421 2822 1436 2845 ,
1472 2783 1684 2848 τούτοις
1730 2803 1944 2855 συγχω-

375 2876 630 2943 ρήσωμεν
674 2874 963 2943 συντυχίας
996 2872 1267 2927 ποιεῖσθαι
1301 2873 1437 2945 πρὸς
1461 2876 1946 2946 ἀσκητρίας.”οσοι

369 2966 429 3017 δὲ
464 2965 606 3018 κατά
637 2980 695 3018 σε
740 2965 938 3018 πάθεσι
973 2963 1278 3035 φιληδόνοις
1311 2967 1735 3037 πεφορτισμένοι
1781 2968 1941 3032 είσὶν,

369 3056 741 3127 εἰργέσθωσαν
762 3057 860 3126 τῆς
882 3055 1140 3126 τοιαύτης
1168 3055 1594 3127 σφαλερωτάτης
1628 3058 1862 3128 ἐντεύξει
1874 3076 1940 3122 λς,

371 3120 571 3219 ἵναμὴ
604 3150 698 3201 καὶ
728 3120 827 3211 τὰς
856 3149 991 3211 ἰδίας
1035 3120 1237 3219 ψύχάςν,
1271 3120 1365 3203 καί
1394 3148 1495 3211 τὰς
1527 3120 1816 3220 ἀλλοτρίας
1971 3120 2013 3178 C'

371 3241 649 3313 βάραθρον
689 3241 936 3311 ρίψωσιν.
986 3242 1149 3294 Ἀνευ
1196 3240 1306 3311 γὰρ
1350 3241 1728 3312 ἀπαραιτήτου
1775 3244 1940 3307 τινὸς,

368 3335 469 3387 καὶ
515 3326 825 3400 ἀναγκαίας
855 3333 1067 3405 χρείας,
1100 3332 1160 3385 ού
1194 3327 1274 3385 δεῖ
1309 3332 1528 3403 βλέπειν
1562 3333 1805 3404 θηλείας,
1838 3336 1945 3390 κᾶν

368 3424 656 3478 κανονικαὶ
685 3418 809 3489 ὦσι,
843 3424 951 3477 κᾶν
976 3424 1258 3494 κοσμικαί.
1292 3424 1417 3487 Τοῖς
1445 3424 1504 3478 δὲ
1540 3426 1943 3496 προτρέπουσιν

368 3517 519 3586 ἡμᾶς
562 3516 643 3578 εἰς
685 3518 812 3577 τοὺς
853 3515 1286 3579 ἑαυτῶν-σίκους
1339 3516 1612 3586 βιωτικοῖς
1658 3520 1939 3591 ἀνδράσιν,

367 3608 514 3661 ὥστε
543 3606 685 3676 ὑπὲρ
714 3606 892 3660 αὐτῶν
915 3608 1245 3679 ποιήσασθαι
1280 3611 1608 3679 προσευχὰς,
1636 3609 1853 3666 λεκτέον
1881 3614 1961 3666 τὸ.

367 3700 466 3752 τοῦ
505 3698 841 3767 Εὑαγγελίου
871 3701 928 3752 ὲν
961 3701 1430 3772 ταπεινοφροσύνῃ
1454 3740 1469 3764 ,
1511 3702 1593 3754 ὅτι
1620 3719 1645 3775 ο,
1680 3705 1794 3757 Οὐκ
1829 3705 1945 3774 ειμι

376 3789 561 3851 ἱκανὸς
605 3792 661 3842 ὲν
707 3788 950 3861 ἀρεταῖς,
989 3791 1074 3843 ἵνα
1109 3790 1337 3844 εἰσέλθω
1366 3794 1447 3854 εἰς
1487 3790 1578 3844 τὸν
1628 3789 1776 3846 οἶκόν
1814 3810 1941 3848 σουο

367 3882 498 3936 ἐπεὶ
553 3882 610 3935 δὲ
642 3882 914 3947 πιστεύεις
946 3883 1272 3967 ὠφελεῖσθαι
1309 3885 1376 3937 δι’
1417 3886 1581 3955 εὐχῆς
1620 3887 1728 3940 τῶν
1778 3905 1946 3959 μοναο

367 3976 505 4048 χῶν,
546 3996 565 4028 ι
592 3975 833 4045 γενέσθω
884 3993 987 4041 σοι,
1034 3975 1222 4039 ’καθὼς
1255 3977 1349 4031 καὶ
1404 3978 1750 4043 ἐπίστευσας.
1786 3999 1804 4031 ι
1836 3981 1944 4035 Καὶ

368 4071 574 4131 πάντες
626 4069 683 4121 δὲ
737 4071 787 4121 oi
836 4069 1159 4136 ἀγαπῶντες
1208 4069 1625 4148 τὴν,ὴμετέραν
1674 4072 1944 4127 εὐτέλειαν

376 4160 617 4228 πατέρες
663 4160 755 4212 καὶ
789 4158 1008 4229 ἀδελφοὶ
1054 4156 1571 4232 παρακληθήσονται
1620 4163 1752 4233 παρ’
1808 4164 1942 4233 ὲμοῦ

378 4250 777 4319 προσεύξασθαι
828 4251 1066 4322 γνησίως
1107 4252 1245 4324 ὑπὲρ
1292 4252 1401 4305 τῶν
1454 4253 1754 4325 δεηθέντων
1808 4254 1942 4325 βιω-

373 4350 564 4397 τικῶν.
938 4350 944 4358 “
1032 4354 1033 4357 ‘

2051 965 2220 1019 veluti
2278 962 2566 1017 homicida:
2622 962 2740 1016 dies
2800 961 2879 1014 illi
2934 959 3155 1021 dicitur,
3220 966 3275 1011 et
3315 974 3512 1014 nomen
3562 961 3631 1014 ad

2046 1056 2263 1127 jndices
2317 1056 2584 1111 defertur.
2641 1052 2892 1119 Quanam
2950 1050 3116 1120 igitur
3172 1051 3386 1103 ratione
3442 1052 3630 1105 scelus

2050 1158 2240 1220 patras
2267 1191 2280 1213 ,
2320 1163 2422 1218 pro
2453 1162 2562 1217 quo
2594 1160 2763 1213 regno
2797 1144 3065 1203 caelorum
3102 1142 3252 1198 foras
3282 1142 3633 1199 extruderis?

2589 1236 2753 1291 XLV.
2777 1266 2845 1276 —-
2879 1235 3085 1289 (fidem.

2118 1331 2196 1386 Ne
2229 1344 2581 1394 murmures,
2619 1328 2692 1381 mi
2731 1328 2896 1380 homo
2931 1344 2943 1379 :
2983 1340 3163 1394 neque
3207 1327 3360 1379 enim
3402 1325 3632 1380 addecet

2049 1423 2380 1479 monachum
2420 1419 2816 1483 murmuratio,
2854 1418 2979 1471 licet
3002 1417 3238 1472 evidenti
3270 1418 3394 1471 vita:
3429 1416 3631 1471 discri.

2049 1515 2227 1578 mine,
2266 1514 2364 1567 tibi
2406 1529 2433 1565 a
2475 1511 2849 1565 fraternitate
2892 1508 3197 1576 impositum
3258 1510 3628 1579 peragendum

2048 1608 2140 1662 sit.
2182 1625 2201 1658 ι
2238 1606 2343 1671 Qui
2377 1605 2523 1659 enim
2557 1617 2655 1657 vos
2685 1602 2837 1655 audit
2861 1643 2874 1665 ,
2932 1601 3006 1654 ait
3032 1644 3045 1664 ,
3089 1616 3173 1655 me
3204 1601 3396 1663 audit,
3445 1609 3498 1654 ct
3533 1600 3627 1669 qui

2048 1713 2148 1751 vos
2180 1696 2423 1771 spernit,
2461 1710 2547 1751 me
2576 1692 2851 1762 spernit“
2887 1712 2906 1744 ι
2944 1691 3009 1745 Et
3056 1690 3355 1760 Apostolus
3386 1690 3577 1744 scribit
3612 1708 3625 1744 :

1978 1765 2020 1821 Β
2056 1811 2073 1844 ι
2111 1790 2189 1845 Ne
2221 1786 2701 1843 tuurmurm'eritis
2727 1824 2741 1848 ,
2778 1783 3334 1855 quemadmodumex-
3364 1780 3628 1837 lsraelitis

2046 1882 2138 1953 qui
2160 1895 2334 1935 qurm
2346 1886 2598 1941 urarunt,
2621 1884 2676 1931 et
2693 1877 2977 1946 perierunt
2997 1875 3064 1928 ab
3078 1874 3507 1929 exterminatorc
3521 1871 3587 1922 ⁸⁷.
3603 1890 3623 1923 ι

2045 1974 2233 2043 Itaque
2265 1974 2308 2027 si
2346 1972 2422 2024 tui
2460 1971 2612 2024 salus
2647 1983 2795 2021 cura:
2831 1967 2925 2020 tibi
2956 1974 3040 2020 est
3062 2006 3076 2027 ,
3111 1979 3271 2019 cessa
3311 1979 3340 2016 a
3372 1978 3622 2016 murmu-

2046 2064 2383 2121 rationibus.
2419 2060 2519 2115 Sin
2572 2063 2789 2123 minus,
2825 2056 3104 2127 quomodo
3178 2054 3385 2124 poteris
3415 2053 3479 2106 ad
3518 2054 3625 2106 llo-

2045 2156 2256 2209 minum
2304 2168 2501 2206 manus
2554 2148 2912 2220 protendere,
2954 2159 3256 2215 precesque
3308 2144 3625 2204 eﬂ‘undere,

2044 2256 2104 2302 ut
2137 2246 2435 2316 Apostolus
2462 2240 2748 2305 tradebat,
2777 2236 2989 2308 absque
3028 2237 3110 2291 ira
3142 2245 3196 2291 et
3226 2236 3625 2306 disputationi-

2044 2340 2150 2395 bus
2178 2339 2268 2392 “2
2305 2334 2673 2391 Murmuratio
2705 2347 2944 2402 namque
2978 2328 3277 2385 iracundiae
3309 2328 3453 2383 fctus
3482 2336 3589 2382 est.

2192 2521 2353 2593 138
2382 2517 2567 2575 XLVI.
2600 2546 2667 2556 —
2696 2512 3093 2569 IIELIODORO
3132 2508 3482 2565 MONACIIO.

2118 2614 2453 2681 Quicunque
2504 2609 2694 2664 multis
2732 2606 3019 2662 laboribus
3074 2611 3128 2658 et
3176 2599 3513 2663 sudoribus,
3573 2603 3627 2650 ct
3670 2612 3673 2615 ·

2045 2707 2211 2775 longo
2272 2710 2520 2772 tempore
2583 2714 2708 2753 cum
2766 2693 3144 2764 voluptatibus
3205 2688 3625 2750 conﬂictantes,

2045 2797 2265 2855 tandem
2300 2791 2598 2864 aliquando
2632 2792 2708 2844 ita
2762 2788 2951 2841 animo
2999 2782 3303 2853 comparati
3356 2788 3515 2844 sunt,
3565 2787 3626 2832 ut

2046 2891 2217 2946 nullis
2250 2882 2757 2958 perturbationibus
2788 2882 3260 2935 commoveantur,
3290 2872 3359 2927 iis
3396 2885 3494 2941 per
3526 2884 3627 2924 nos

2046 2983 2285 3039 facultas
2341 2980 2448 3043 sit,
2504 2971 2960 3031 consuetudinem
3024 2978 3444 3034 sermonemque
3500 2976 3625 3016 cum

2048 3072 2376 3130 mulieribus
2420 3083 2542 3124 sese
2588 3062 2982 3121 exercentibus
3029 3058 3262 3112 habere.
3309 3054 3414 3120 Qui
3454 3068 3626 3120 vero,

2050 3175 2108 3220 ut
2139 3171 2258 3218 tute
2285 3177 2376 3224 es,
2410 3154 2803 3211 ali'cctionibus
2836 3152 2901 3206 ad
2934 3151 3244 3221 voluptates
3281 3139 3470 3217 pronis
3501 3156 3631 3199 oue-

2049 3265 2262 3319 rantur,
2300 3254 2369 3307 ab
2398 3249 2785 3319 hujuscemodt
2818 3238 3314 3314 periculosissimis
3338 3233 3629 3305 colloquiis

2053 3328 2370 3408 arceantur,
2407 3357 2473 3395 ne
2502 3338 2752 3411 proprias
2787 3334 3000 3387 animas
3032 3331 3349 3399 alienasque
3373 3327 3427 3380 in
3466 3326 3630 3379 bara-

2053 3442 2238 3496 thrum
2276 3432 2645 3507 praecipitent.
2691 3428 2916 3496 Absque
2939 3425 3084 3480 enim
3121 3420 3437 3477 necessario
3484 3431 3629 3480 usu,

2049 3542 2103 3589 et
2133 3531 2228 3602 qui
2269 3527 2464 3584 evitari
2515 3538 2623 3578 non
2660 3529 2870 3591 potest,
2907 3518 3198 3580 mulieres,
3236 3515 3353 3569 sive
3395 3511 3500 3565 illa:
3529 3507 3632 3564 sub

2045 3624 2232 3696 regula
2252 3662 2267 3684 ,
2301 3621 2427 3676 sive
2447 3618 2639 3673 libera:
2669 3613 2838 3667 vitam
2868 3609 3081 3663 ducunt
3109 3648 3123 3670 ,
3162 3603 3493 3675 aspicienda:
3523 3615 3629 3653 non

2046 3685 2195 3771 snitt.
2227 3707 2552 3767 Hominibus
2600 3710 2781 3756 autem
2829 3695 3234 3757 saecularibus,
3284 3691 3375 3759 qui
3425 3701 3526 3740 nos
3575 3685 3631 3737 in

2048 3803 2304 3874 proprias
2369 3795 2516 3851 aedes
2573 3792 2738 3848 etiam
2798 3787 3157 3841 adhortantes
3220 3782 3521 3838 advocant,
3573 3780 3631 3825 ut

2048 3864 2287 3968 pro-illis
2320 3902 2512 3961 preces
2543 3885 2651 3939 Deo
2706 3878 3001 3935 fundamus
3030 3919 3042 3940 ,
3080 3873 3212 3928 illud
3262 3865 3539 3936 Evangelii
3575 3864 3627 3917 in

2049 3955 2357 4058 dejectione
2385 3977 2552 4034 animi
2584 3972 2920 4044 respondere
2952 3967 3220 4022 debemus
3247 3982 3260 4016 :
3288 3959 3405 4015 Non
3430 3958 3465 4011 ii
3498 3955 3629 4010 mihi

2050 4055 2129 4136 in—
2159 4073 2460 4133 virtutibus
2503 4070 2831 4139 progressus
2876 4068 3046 4122 sunt,
3101 4065 3160 4111 ut
3206 4055 3427 4109 domum
3483 4058 3629 4103 tuam

2049 4170 2324 4226 introeam
2354 4163 2398 4194 δ’
2447 4178 2461 4213 :
2498 4163 2877 4213 verumtamen
2918 4166 3044 4205 cum
3074 4148 3133 4215 i‘d
3191 4153 3346 4201 certo
3403 4146 3589 4195 teneas
3615 4178 3629 4199 ,

2050 4260 2454 4316 monachorum
2488 4263 2678 4321 preces
2709 4245 2806 4299 tibi
2842 4242 3159 4312 adjumento
3194 4238 3435 4299 futuras,
3488 4249 3506 4282 ι
3541 4232 3633 4285 flat

2050 4352 2185 4413 tibi,
2232 4348 2375 4402 sicut
2411 4338 2697 4397 credidisti
2719 4336 2788 4391 η.
2832 4355 2848 4385 ι
2892 4335 2955 4388 Et
2988 4348 3179 4387 omnes
3225 4331 3318 4400 qui
3388 4334 3630 4381 nostram

370 4438 640 4491 vilitatem
680 4437 913 4506 diligunt
942 4446 1128 4506 patres
1162 4436 1473 4510 fratresque
1498 4479 1512 4505 ,
1564 4457 1651 4497 me
1682 4449 2089 4514 Intercessore,
2127 4459 2226 4515 pro
2252 4436 2542 4510 requisitis
2575 4449 2606 4487 a
2669 4429 3033 4488 saecularibus
3088 4423 3329 4494 legitime
3390 4433 3455 4473 ac
3515 4416 3634 4470 sin-

370 4543 501 4585 cere
530 4528 699 4585 Deum
737 4530 1200 4599 deprecabuntur.

709 4619 838 4674 ιη’.
866 4644 935 4660 -——
966 4621 1261 4693 ΛΕΩΝΙΔῌ
1292 4620 1595 4693 ΜΟΝΑΧῼ.

442 4707 734 4763 Βέλτιστον
773 4710 870 4764 νῦν
911 4710 1347 4779 ἐπιφθέγξασθαί
1401 4728 1484 4763 σοι
1536 4713 1599 4765 τὸ
1648 4713 1740 4766 τοῦ
1789 4715 1950 4786 Ἱερεο

374 4802 506 4873 μίου
538 4817 552 4831 ·
602 4820 619 4853 ι
662 4798 732 4853 Ὦ
772 4801 897 4865 λαὸς
931 4802 1112 4872 μωρὸς
1159 4803 1252 4855 καὶ
1292 4802 1571 4873 ἀκάρδιος.
1625 4823 1643 4857 ι
1683 4805 1810 4859 Δέον
1838 4806 1949 4876 γὰρ

371 4893 729 4964 αἰσχύνεσθαί
762 4910 820 4945 σε
855 4894 949 4946 επὶ
976 4896 1088 4958 τοῖς
1108 4893 1330 4962 φαύλοις
1362 4895 1674 4965 πράγμασι,
1713 4897 1807 4950 καὶ
1829 4900 1950 4962 ταῖς

372 4986 736 5051 κενώοξίαις,
788 4985 881 5037 καὶ
908 4987 1030 5046 ταῖς
1063 4985 1492 5057 ἀθυροστομίαις
1515 5027 1529 5052 ,
1581 4987 1702 5040 τότε
1738 4988 1948 5059 πλήττῃ

368 5080 497 5139 ταῖς
532 5075 730 5145 χερσὶ,
772 5077 867 5128 καὶ
894 5078 1016 5138 ταῖς
1063 5074 1252 5138 ἄλλαις
1299 5068 1633 5147 ἀγερωχίαις
1680 5078 1949 5150 ἐναϐρύνῃ

377 5166 582 5237 μᾶλλον
615 5166 826 5229 τούτοις
848 5205 882 5230 ,-
914 5168 1009 5219 καὶ
1051 5166 1259 5239 τέρπῃ,
1302 5168 1394 5220 καὶ
1426 5169 1517 5221 ἐπὶ
1547 5168 1765 5222 πάντων
1818 5187 1951 5223 καυ-

370 5256 563 5325 χᾶσαι,
595 5254 690 5307 καὶ
718 5256 960 5317 ἐπαινεῖς
991 5256 1208 5319 σαυτὸν,
1236 5254 1475 5325 δαψιλῶς
1508 5256 1775 5322 δοξάζεις.
1804 5257 1948 5311 Ἀλλ’

374 5344 722 5417 αἰσχύνθητι,
764 5348 931 5414 φησιν
958 5348 986 5399 ὁ
1020 5347 1175 5415 ἆγιος
1222 5348 1507 5418 προφήτης
1540 5350 1604 5402 ὲκ
1655 5349 1947 5420 προσώπου

370 5437 470 5491 τοῦ
516 5437 676 5503 Θεοῦ,
730 5439 823 5489 καὶ
873 5428 1135 5509 λάϐέτὴν
1181 5440 1407 5511 ἀτιμίαν
1442 5457 1565 5507 σου,
1598 5443 1746 5504 ὅπως
1774 5440 1840 5495 ἂν
1870 5443 1949 5505 είς

371 5528 729 5597 συναίσθησιν
755 5528 949 5596 ἐλθὼν,
989 5530 1184 5585 σαυτὸν
1217 5529 1477 5601 ἐπιγνῷς,
1523 5532 1616 5586 καὶ
1645 5531 1949 5600 καταγνοὺς

1975 4635 2023 4693 D

2322 4611 2506 4669 XLVII
2559 4640 2629 4650 —
2657 4600 2989 4661 LEONIDIE
3010 4596 3363 4656 MONACHO.

2124 4708 2403 4779 Optimum
2455 4717 2603 4757 nunc
2634 4699 2887 4770 equidem
2927 4706 3010 4751 est
3034 4733 3049 4759 ,
3086 4691 3216 4747 illud
3251 4689 3348 4743 tibi
3377 4685 3632 4741 .leremiae

2045 4802 2263 4858 edicere
2294 4818 2309 4854 :
2339 4817 2358 4850 ι
2393 4795 2437 4852 Ο
2465 4795 2665 4866 popule
2709 4791 2875 4846 stulte
2900 4795 2954 4844 et
2985 4800 3182 4841 excors
3211 4784 3278 4835 ⁸¹.
3319 4800 3336 4833 ι
3375 4780 3626 4850 Namque

2045 4909 2170 4950 cum
2201 4906 2342 4960 opus
2372 4897 2520 4945 esset
2545 4894 2597 4940 te
2625 4884 2824 4939 rubore
2854 4878 3096 4936 sutlundi
3121 4918 3134 4942 ,
3168 4876 3237 4929 ob
3271 4889 3359 4928 res
3391 4886 3588 4943 pravas
3612 4911 3627 4935 ,

2047 4989 2104 5034 et
2130 4982 2351 5033 inanem
2394 4975 2673 5046 gloriam,
2726 4980 2779 5026 et
2821 4971 3018 5039 lingua:
3050 4964 3440 5036 petulantiam,
3496 4969 3631 5016 tunc

2048 5070 2306 5125 manibus
2337 5067 2555 5138 plaudis
2579 5105 2595 5129 ,
2632 5073 2687 5118 et
2721 5062 2852 5117 aliis
2884 5076 2979 5131 per
3014 5069 3067 5114 te
3094 5057 3395 5137 insolenter
3420 5056 3588 5128 gestis
3614 5094 3629 5118 ,

2050 5161 2308 5232 superbis
2340 5166 2391 5215 et
2437 5158 2735 5214 oblectaris
2760 5196 2776 5222 ,
2824 5164 2880 5210 et
2915 5161 3044 5208 ante
3078 5151 3218 5206 alios
3248 5150 3425 5220 iactas
3448 5188 3461 5211 ,
3492 5158 3545 5202 et
3580 5156 3633 5201 te

2055 5254 2213 5324 139
2252 5252 2509 5306 laudibus
2561 5249 2725 5305 etfers
2750 5290 2767 5315 ,
2800 5254 2853 5303 et
2882 5242 3386 5300 abundantioribus
3421 5253 3632 5310 praeco-

2053 5347 2162 5400 niis
2193 5344 2437 5400 extollis.
2468 5342 2861 5398 Verumtamen
2903 5339 3103 5393 rubore
3133 5333 3470 5396 suti‘undere,
3503 5346 3630 5385 san-

2051 5447 2176 5495 ctus
2207 5437 2475 5509 pmpbeta
2525 5451 2591 5491 ex
2642 5447 2876 5505 persona
2910 5430 3003 5487 Dei
3049 5430 3252 5485 clamat
3285 5444 3299 5481 :
3347 5424 3411 5477 Et
3443 5422 3634 5491 accipe

2051 5531 2410 5602 opprobrium
2462 5537 2617 5584 tuum
2663 5528 2732 5595 ",
2790 5533 2852 5581 ut
2894 5525 3113 5580 tandem
3164 5518 3461 5590 aliquando
3508 5530 3633 5586 pcr-

445 5670 495 5701 “
522 5669 661 5742 Luc.
693 5672 857 5731 r,16.
935 5674 977 5705 ⁸⁷
1005 5674 1025 5730 1
1057 5677 1183 5731 Cor.
1222 5693 1271 5741 κ,
1304 5677 1383 5729 Ιθ.
1464 5677 1506 5709 ⁵⁸
1542 5677 1558 5731 l
1593 5677 1829 5733 Tituoth.
1861 5694 1919 5742 ιι,

2084 5676 2126 5708 δ’
2150 5675 2283 5731 Luc.
2317 5691 2412 5740 vn,
2442 5674 2495 5729 θ.
2530 5674 2575 5706 ⁸ο
2597 5670 2782 5731 Matth.
2804 5674 3029 5739 vm,l5.
3108 5669 3149 5701 δ’
3182 5668 3286 5724 .lcr.
3320 5684 3374 5733 v,
3414 5661 3505 5716 2!.
3585 5658 3629 5691 ⁵³

371 5741 571 5804 Εζεειι.
619 5756 725 5809 λνι,
778 5744 861 5797 52.
