4012 6196
354 268 458 337 219

1848 272 1909 331 S.
1954 270 2118 330 NILI

3496 251 3608 315 23.")

361 384 671 440 sentiscens
697 425 711 444 .
746 391 797 437 te
825 383 1002 452 ipsum
1031 396 1357 452 cognoscas,
1378 388 1434 437 et
1464 390 1554 436 tua
1582 382 1931 450 improbitate

2056 385 2131 451 ςῆς
2167 377 2365 433 σαυτοῦ
2400 373 2766 443 φαυλότητος,
2810 366 3043 439 δυνηθῇς
3087 362 3421 443 φωπσθῆναι
3446 378 3460 393 ·
3514 364 3613 429 δρ-

354 476 712 531 condenmala
746 473 926 541 possis
958 474 1276 528 illuminari.
1310 474 1555 543 Namque
1588 475 1782 527 animae
1812 488 1929 527 ma-

356 567 593 621 tutinum
642 572 725 617 est
763 572 1120 632 peccaturum
1163 566 1443 635 cognitio,
1491 576 1542 621 et
1590 567 1929 622 condemna-

356 659 434 712 tio
457 696 471 720 ,
512 666 565 711 et
603 656 796 711 salutis
832 657 1188 726 principium.

1031 748 1263 802 XLVIII.

431 839 540 892 Deo
575 847 723 892 tuam
763 839 1199 894 imbecillitatem
1255 839 1461 894 fateare
1485 881 1500 904 ,
1539 848 1600 894 ut
1636 838 1719 894 vis
1750 838 1938 911 gratiae

359 931 686 1000 splendeat,
728 942 782 987 et
816 947 983 1001 supra
1010 942 1264 986 naturam
1299 931 1523 985 Domini
1552 932 1809 987 voluntas
1846 931 1939 986 mi-

360 1024 550 1076 tacula
583 1024 807 1079 elliciat.

413 1132 600 1188 XLIX.
633 1135 1145 1190 -ΑιΕΧΑΝΜῖΟ
1188 1134 1515 1190 MONACIIO
1558 1134 1645 1189 EX
1681 1134 1908 1189 GRAM-

1018 1204 1301 1258 MATICO.

438 1315 457 1346 ε
499 1295 725 1356 Venite.
764 1296 840 1349 ait
872 1296 1135 1366 propheta
1163 1336 1176 1361 ,
1216 1306 1271 1350 et
1305 1296 1676 1352 ascendamus
1704 1297 1758 1351 in
1786 1312 1945 1351 mon-

363 1394 469 1441 tem
504 1387 712 1440 Domini
737 1389 809 1438 ³³.
863 1408 879 1436 ι
922 1386 1039 1441 Non
1075 1394 1258 1443 autem
1289 1428 1304 1452 ,
1342 1387 1534 1443 Venite
1566 1396 1619 1443 et
1665 1404 1766 1443 nos
1816 1391 1948 1457 prte-

372 1479 570 1553 cipites
604 1479 931 1545 dejiciamus
964 1480 1016 1532 iu
1050 1479 1351 1532 adversarii
1388 1480 1709 1548 voraginem
1759 1499 1772 1533 :
1811 1481 1946 1534 nihil

365 1572 556 1633 enim,
616 1581 673 1624 ttt
708 1588 897 1625 verum
953 1572 1149 1635 fatear,
1184 1573 1455 1641 terrigena
1503 1573 1771 1642 sapientia
1821 1588 1950 1643 pro-

2030 473 2159 542 θρος
2181 470 2289 540 γὰρ
2316 467 2496 538 ψυχῆς
2522 461 2935 535 ἁμαρτημάτων
2986 456 3283 525 ἐπίγνωσις
3321 455 3417 505 καὶ
3438 455 3609 504 κατά-

2032 578 2256 631 γνωσις,
2289 560 2385 614 καὶ
2424 556 2568 628 ἀρχὴ
2595 551 2892 623 σωτηρίας.

2744 749 2888 803 Μηι.

2117 844 2485 916 Ὀμολὸγησον
2517 840 2594 911 τῷ
2628 840 2750 911 Θεῷ
2786 840 2881 911 τὴν
2926 836 3130 900 σαυτοῦ
3174 832 3490 898 ἀσθένειαν,
3526 832 3613 885 ἵνα

2036 938 2099 991 τδ
2148 936 2373 991 δυνατὸν
2432 932 2689 1004 ἀστράψῃ
2743 931 2842 1000 τῆς
2892 929 3117 999 χάριτος
3143 969 3159 991 ,
3211 924 3306 977 καὶ
3357 923 3614 976 ἐπέκεινα

2039 1027 2251 1096 φύσεως
2286 1024 2749 1095 θαυματουργήσῃ
2774 1021 2834 1073 τὸ
2872 1019 3196 1072 Δεσποτικδν
3227 1016 3496 1085 βούλημα.

2041 1138 2250 1194 ΜΘ’.-
2288 1134 2721 1205 ΑΛΕΞΑΝΔΡῼ
2754 1132 3042 1205 Monam

2709 1202 2945 1256 ΤΙΚΩΝ.

2121 1318 2140 1351 ι
2173 1297 2338 1352 Δεῦτε
2363 1338 2378 1360 ,
2410 1296 2578 1367 φησὶν
2602 1298 2632 1350 ὁ
2667 1295 2976 1366 προφήτης,
3010 1291 3105 1345 καὶ
3133 1288 3422 1359 ἀναδῶμεν
3450 1287 3531 1351 είς
3557 1286 3621 1338 τὸ

2046 1390 2170 1459 ὅρος
2205 1388 2301 1441 τοῦ
2339 1386 2565 1457 Κυρίου.
2604 1404 2624 1438 ι
2661 1384 2820 1454 Οὐχὶ,
2841 1381 3007 1435 Δεῦτε
3031 1421 3048 1447 ,
3102 1380 3196 1433 καὶ
3238 1393 3619 1448 κατακρημνιδ

2050 1478 2268 1550 σθῶμεν
2315 1480 2395 1543 είς
2430 1477 2531 1550 τὴν
2577 1476 2671 1530 τοῦ
2717 1474 2914 1545 ἐχθροῦ
2962 1474 3240 1545 φάραγγα.
3299 1470 3465 1523 οὐδὲν
3509 1469 3629 1539 γάρ

3107 1131 3245 1184 A110
3295 1128 3617 1181 FPAMMA-v

2050 1570 2263 1641 ἀληθῶς
2306 1571 2541 1641 ὑπάρχει
2584 1567 2894 1639 κοιλότερον
2936 1566 3037 1635 τῆς
3087 1563 3359 1634 κοσμικῆς
3404 1561 3616 1629 σοφίας,

367 1661 600 1718 fundius
626 1702 641 1722 .
672 1662 992 1732 depressius
1017 1705 1033 1730 ,
1075 1664 1377 1730 humilius;
1429 1665 1558 1719 licet
1606 1665 1950 1735 impudenter

2056 1664 2170 1717 οὐδὲ
2212 1660 2638 1734 χθαμαλιίηερόν
2664 1675 2725 1711 τε
2746 1698 2760 1720 ,
2794 1658 2891 1711 καὶ
2931 1654 3468 1727 χαμαιητέστερον,
3516 1651 3625 1705 κᾶν

368 1754 506 1808 satis
553 1754 609 1806 in
660 1754 832 1805 altum
884 1755 1103 1808 volatus
1155 1755 1407 1809 attollere
1434 1770 1567 1809 suos
1601 1758 1944 1824 proliteatur.

2056 1754 2112 1815 ἑξ
2147 1724 2531 1824 ἀναισχυντίας
2546 1724 2824 1805 τίπτᾶσθαι
2861 1724 3025 1818 δῆθεν
3060 1745 3239 1816 ὑψηλά
3281 1743 3621 1812 ιπαγγέλλη-

369 1846 715 1911 QuaprOpter
762 1843 989 1898 divinus
1042 1845 1222 1898 aiebat
1254 1844 1600 1913 Apostolus:
1661 1863 1679 1897 ι
1719 1846 1950 1915 Sapien—

372 1934 501 1987 tiam
532 1934 721 1986 mundi
764 1934 929 2003 hujus
959 1951 1083 1991 esse
1114 1937 1402 1989 stultitiam
1431 1938 1574 2006 apud
1613 1936 1781 1991 Deum
1809 1938 1877 1992 “.
1926 1956 1945 1992 ι

372 2027 509 2079 Cum
541 2027 684 2080 enim
738 2027 977 2081 mundus
1009 2043 1104 2097 per
1150 2027 1477 2095 sapientiam
1525 2026 1689 2081 Deum
1718 2044 1827 2081 non
1858 2043 1952 2082 co-

371 2118 692 2188 gnovisset,
738 2118 881 2173 Deus
911 2119 1231 2188 sapientum
1256 2118 1542 2172 scientiam
1575 2118 1799 2173 stultam
1826 2121 1953 2175 red-

372 2208 512 2271 didit
538 2249 554 2271 ,
587 2210 809 2279 eloquio
844 2226 907 2263 ac
934 2210 1179 2264 dictione
1230 2210 1495 2273 rudibus,
1542 2212 1910 2280 cognitionem
1935 2251 1950 2277 ,

374 2302 428 2357 in
480 2314 586 2369 qua
634 2299 819 2353 nullus
856 2314 1025 2375 error
1074 2299 1493 2359 admittebatur.
1545 2300 1952 2370 possidentibus

372 2390 669 2457 apostolis,
727 2389 974 2444 subdens
1023 2391 1312 2444 universas
1356 2400 1585 2460 gentes,
1628 2402 1684 2447 et
1733 2407 1951 2448 omnem

370 2480 616 2551 linguam
661 2480 977 2536 Graecorum
1004 2490 1059 2535 et
1083 2482 1463 2535 barbarorum.
1486 2481 1623 2538 llinc
1640 2485 1955 2554 quicunque

370 2569 591 2639 pietatis
625 2570 965 2641 prteconium
1021 2571 1397 2640 amplectitur,
1433 2574 1565 2628 totis
1608 2574 1817 2629 viribus
1868 2577 1953 2628 in-

372 2660 626 2727 cumbit,
665 2662 1045 2730 apostolorum
1091 2661 1297 2730 regulis
1325 2663 1740 2734 obtemperans,
1773 2675 1831 2719 ut
1861 2682 1954 2720 eoo

374 2766 500 2804 rum
551 2751 775 2806 dicendi
822 2750 1361 2822 formamexquisite
1393 2764 1742 2825 assequatur,
1774 2758 1955 2811 nullo-

373 2857 481 2912 que
516 2841 675 2914 140
705 2841 865 2897 modo
901 2842 970 2897 ab
997 2858 1186 2897 eorum
1214 2843 1421 2899 illibata
1448 2846 1746 2902 traditione
1786 2847 1955 2902 delle-

372 2940 507 2988 ctat.
566 2933 1038 2990 Absurdissimum
1088 2934 1274 3006 itaque
1304 2937 1508 3002 fuerit,
1566 2954 1703 3003 nos,
1758 2939 1851 3010 qui
1887 2938 1953 3017 ad

2048 1864 2161 1900 ται.
2205 1846 2299 1897 Διά
2330 1860 2495 1914 φησιν
2542 1845 2571 1896 ι
2619 1843 2761 1906 θεῖος
2799 1826 3156 1902 Ἀπόστολος,
3190 1838 3272 1890 ὅτι
3304 1853 3325 1887 ι
3366 1828 3431 1888 Ἦ
3462 1835 3623 1903 σοφία

2050 1939 2144 1994 τοῦ
2190 1938 2397 2009 κόσμου
2443 1934 2634 1989 τούτου
2670 1933 2853 2004 μωρία
2900 1930 3054 2014 παρὰ
3095 1928 3174 1998 τῷ
3217 1925 3337 1996 Θεῷ
3385 1926 3553 1978 ἐστιν.
3595 1942 3616 2014 ι

2064 2030 2282 2101 Ἐπειδὴ
2307 2028 2416 2100 γὰρ
2441 2028 2469 2079 ό
2497 2027 2699 2096 κόσμος
2746 2023 2850 2077 οὐκ
2886 2010 3031 2091 ἔγνω
3072 2021 3161 2074 διά
3185 2021 3286 2089 τῆς
3315 2016 3507 2085 σοφίας
3529 2010 3623 2068 τὸν

2051 2122 2205 2185 Θεὸν,
2234 2119 2516 2191 ἐμώρανεν
2541 2120 2570 2172 ὁ
2608 2116 2740 2180 Θεὸς
2776 2115 2877 2185 τὴν
2913 2112 3105 2182 σοφίαν
3126 2110 3241 2163 τῶν
3268 2109 3470 2177 σοφῶν,
3507 2110 3621 2170 τοῖς

2054 2212 2291 2275 ἰδιώταις
2323 2210 2422 2281 μὲν
2448 2211 2515 2280 τῇ
2551 2208 2772 2279 φράσει,
2802 2205 2863 2258 τὸ
2888 2203 3225 2258 ἀδιάπτωτον
3249 2200 3309 2254 δὲ
3341 2198 3482 2252 κατά
3520 2196 3622 2265 τήν

2052 2303 2254 2372 γνῶσιν
2305 2300 2518 2371 ἔχουσιν
2569 2296 2889 2359 ἀποστόλοις
2914 2333 2929 2358 ,
2980 2290 3257 2356 ὑποτάξας
3305 2291 3413 2344 πᾶν
3448 2286 3622 2351 ἔθνος,

2054 2396 2150 2448 καὶ
2203 2394 2382 2447 πᾶσαν
2450 2389 2703 2460 γλῶσσαν
2741 2387 3007 2457 Ἑλλήνων
3036 2401 3093 2437 τε
3112 2424 3128 2451 ,
3172 2383 3265 2436 καὶ
3309 2380 3620 2451 βαρϐάρων.

2058 2476 2218 2538 Ὀθεν
2265 2483 2496 2546 ἕκαστος
2543 2481 2653 2536 τῶν
2701 2479 2782 2549 τῷ
2827 2477 3145 2549 κηρύγματι
3195 2474 3296 2545 τῆς
3347 2471 3625 2535 εὐσεϐείας

2054 2575 2422 2647 προσιόντων,
2472 2572 2710 2641 σπουδὴν
2757 2571 2941 2624 πᾶσαν
2989 2567 3231 2630 τίθεται,
3271 2566 3384 2627 τοῖς
3437 2564 3626 2617 κανόσι

2054 2664 2163 2721 τῶν
2208 2661 2521 2719 ἀποστόλων
2567 2662 2858 2731 ἑπόμενος,
2899 2657 2993 2712 τὸν
3036 2656 3262 2710 ἐκείνων
3301 2653 3626 2725 χαρακτῆρα

2058 2757 2154 2810 σὺν
2175 2753 2432 2826 ἀκριϐείᾳ
2456 2751 2761 2823 μιμεῖσθαι,
2784 2750 2879 2805 καὶ
2900 2749 3152 2820 μηδαμοῦ
3173 2744 3627 2817 παρατρέπεσθαι

2054 2850 2154 2918 τῆς
2182 2847 2408 2901 ἐκείνων
2433 2844 2666 2916 ἀμώμου
2695 2843 3067 2915 παραδόσεως.
3099 2840 3221 2895 Τῶν
3265 2839 3627 2893 ἀτοπωτάτων

2056 2939 2233 2993 τοίνυν
2282 2936 2351 2992 ἂν
2385 2934 2475 3005 εἴη
2500 2976 2517 2999 ,
2552 2934 2863 3005 προϐάντας
2892 2933 3039 3003 ἡμᾶς
3084 2930 3162 3001 τῷ
3204 2929 3324 3000 δρει
3354 2929 3455 2999 τῆς
3483 2928 3629 2983 κατά

374 3034 621 3080 montem
666 3026 900 3081 excelsae
932 3035 984 3080 et
1018 3026 1347 3082 Christianae
1374 3028 1734 3099 philosophiae
1766 3045 1955 3085 ascen-

2057 3029 2294 3103 Χριστὸν
2349 3027 2561 3098 ὑψηλῆς
2614 3024 2961 3095 φιλοσοφίας,
3027 3023 3164 3094 μετά
3218 3022 3281 3076 τὸ
3333 3020 3627 3076 διαπτῦσαι

375 3116 565 3171 dimus
588 3158 603 3181 ,
640 3126 766 3186 post
797 3118 1083 3187 gentilium
1109 3119 1352 3189 ejuratas
1393 3122 1730 3191 praestigias,
1768 3131 1822 3179 et
1859 3139 1957 3178 eo-

375 3222 501 3261 rum
534 3207 811 3262 tumidum
857 3210 1075 3265 dicendi
1111 3208 1285 3277 genus
1325 3213 1674 3269 exsibilatnm
1700 3255 1715 3278 ,
1766 3231 1958 3271 rursus

274 3350 277 3351 ν
377 3294 445 3349 ad
476 3292 657 3349 inanis
686 3295 871 3366 gloria:
921 3300 1153 3368 vanique
1186 3300 1353 3361 studii
1385 3302 1957 3360 tenebricosissimam

378 3386 683 3440 convallem
736 3387 1031 3456 protrudi,
1084 3397 1138 3444 et
1187 3391 1475 3460 prudentia
1516 3392 1633 3461 jam
1687 3394 1959 3463 perfectos

379 3476 565 3531 denuo
611 3476 1030 3545 rejuvenescere
1054 3519 1071 3542 ,
1105 3490 1161 3534 et
1190 3482 1367 3535 instar
1406 3480 1801 3537 intantulorum
1833 3496 1958 3541 car:

381 3562 531 3616 mina
550 3604 565 3627 ,
598 3563 925 3634 iambosque
948 3568 1169 3621 maximi
1202 3569 1475 3627 aestimare
1496 3608 1513 3636 ,
1547 3572 1747 3640 quibus
1774 3573 1959 3630 nullus

380 3654 648 3726 iniliguit,
668 3672 848 3725 neque
878 3660 1073 3727 Apollo
1109 3661 1516 3718 Alexandrinus
1545 3662 1783 3727 disertus
1810 3707 1825 3732 ,
1854 3682 1959 3736 po-

382 3757 500 3801 tum
534 3746 743 3803 Christi
800 3750 1091 3820 discipulis
1139 3751 1440 3817 exhibens,
1491 3770 1672 3824 neque
1710 3756 1960 3814 Clemens
1994 3791 2001 3797 ~

382 3835 663 3893 Romanus
710 3839 1106 3911 philosophus,
1159 3858 1337 3913 neque
1392 3849 1667 3903 innumeri
1713 3850 1805 3903 alii
1844 3866 1959 3903 ma-

386 3915 547 3999 gistri
580 3931 806 3992 virtutis
828 3973 844 3998 ,
895 3939 952 3986 ct
1000 3934 1398 4003 grammatistae
1429 3937 1798 4007 apostolorum
1828 3955 1958 3995 suc-

382 4034 635 4075 cessores
681 4038 696 4089 ;
737 4038 805 4076 ne
836 4022 1028 4077 metris
1054 4033 1107 4079 et
1133 4026 1470 4082 carminibus
1493 4043 1712 4085 crucem
1747 4027 1959 4083 Domini

387 4120 723 4165 evacuarent
747 4153 763 4177 ,
796 4120 850 4167 et
893 4122 1085 4168 contra
1117 4115 1359 4171 divinam
1406 4118 1577 4187 legem
1601 4154 1621 4185 ,
1654 4119 1755 4173 mel
1798 4134 1961 4188 super

385 4199 562 4254 altare
590 4201 784 4257 otTerrc
801 4204 1339 4274 deprehenderentur
1375 4208 1443 4265 ⁸³.
1475 4228 1493 4260 ι
1518 4208 1622 4264 Mel
1650 4210 1795 4265 enim
1823 4226 1852 4266 e
1881 4211 1961 4264 la-

386 4290 493 4345 biis
515 4292 757 4349 mulieris
777 4296 1082 4353 meretricis
1100 4298 1329 4353 distillat
1345 4300 1411 4367 ",
1425 4300 1555 4355 ihoc
1574 4308 1659 4355 est
1674 4302 1960 4370 gentilium

2056 3122 2155 3195 τήν
2194 3119 2512 3190 Ἑλληνικὴν
2553 3118 2843 3190 τερθρείαν
2870 3155 2887 3182 ,
2938 3116 3032 3170 καὶ
3063 3114 3329 3187 ἀτιμάσαι
3356 3114 3457 3185 τὴν
3486 3122 3625 3183 κομ-

2057 3213 2265 3285 πφδίαν
2308 3210 2511 3275 αὐτῶν,
2554 3209 2719 3263 πάλιν
2750 3210 2829 3272 είς
2860 3207 2961 3278 τὴν
2990 3208 3092 3277 τῆς
3114 3205 3487 3276 κουφοδοξίας,
3529 3204 3626 3259 καὶ

2056 3304 2158 3373 τῆς
2192 3300 2584 3373 ματαιοπονίας
2629 3292 3036 3371 καταφέρεσθαι
3081 3298 3494 3368 σκοτεινοτάτην
3526 3298 3628 3365 φά-

2060 3412 2271 3467 ραγγα,
2315 3395 2414 3448 καὶ
2450 3394 2578 3457 τοὺς
2605 3391 2843 3456 τελείους
2884 3392 2984 3462 τὴν
3030 3391 3205 3461 φρένα
3239 3388 3401 3446 πάλιν
3428 3390 3626 3444 παιδαει

2060 3485 2356 3558 ριεύεσθαι,
2388 3485 2482 3538 καὶ
2508 3484 2664 3554 δίκην
2710 3482 3012 3555 μειρακίων
3060 3481 3190 3551 περὶ
3222 3480 3417 3535 πολλοῦ
3458 3481 3629 3536 ποιείο
3668 3498 3671 3501 λ

2059 3576 2184 3631 σθαι
2221 3577 2293 3630 τὰ
2340 3575 2482 3646 ιπη,
2523 3575 2620 3628 καὶ
2658 3574 2784 3638 τοὺς
2826 3573 3087 3645 ίάμϐους,
3123 3565 3201 3626 ὧν
3237 3572 3427 3643 χρείαν
3451 3572 3627 3635 οὐδεὶς

2058 3665 2236 3737 ἔσχεν,
2266 3666 2368 3720 οὐκ
2414 3663 2686 3726 ’Δπολλὼς
2729 3665 2759 3717 ὁ
2802 3662 3182 3731 Ἀλεξανδρεὺς
3206 3660 3386 3730 λόγιος
3417 3662 3447 3714 δ
3477 3676 3629 3714 πατι-

2061 3756 2191 3826 στὴς
2214 3755 2324 3809 τῶν
2351 3743 2589 3826 Χριστοῦ
2619 3752 2896 3824 μαθητῶν,
2927 3754 2988 3807 οὐ
3017 3753 3247 3822 Κλήμης
3272 3754 3302 3807 ό
3343 3751 3631 3823 Ῥωμαίων

2060 3847 2372 3916 φιλόσοφος,
2398 3846 2499 3899 οὐκ
2528 3845 2676 3900 ἄλλοι
2705 3846 2890 3916 μυρίοι
2913 3844 3216 3913 φιλόσοφοι,
3245 3843 3341 3898 καὶ
3363 3860 3630 3915 γραμμα-

2059 3937 2241 3991 τισταὶ
2285 3937 2529 4007 δευτεροι
2559 3934 2669 3988 τῶν
2699 3934 3013 3989 ἀποστόλων
3058 3934 3376 4005 λεγόμενοι,
3417 3935 3504 3987 ῐνα
3554 3932 3631 4004 μὴ

2058 4028 2147 4083 διὰ
2194 4026 2289 4081 τοῦ
2339 4026 2573 4098 μέτρου,
2629 4026 2725 4104 καὶ
2764 4027 2863 4096 τῆς
2894 4025 3179 4089 ὲποποιῒας
3216 4024 3498 4080 κενώσωσι
3537 4024 3631 4077 τὸν

2062 4120 2289 4191 σταυρὸν
2320 4118 2414 4173 τοῦ
2446 4118 2690 4190 Κυρίου,
2736 4119 2829 4172 καὶ
2856 4116 3149 4190 φωραθῶσι
3179 4116 3329 4189 παρὰ
3362 4116 3454 4171 τὸν
3489 4115 3633 4170 θεῖον

2060 4213 2223 4284 νόμον
2273 4212 2335 4266 τδ
2388 4210 2508 4281 μέλι
2540 4208 2906 4280 ἀναφέροντες
2948 4209 3042 4263 ἐπὶ
3092 4209 3155 4262 τδ
3222 4208 3629 4278 θυσιαστήριον.

2067 4323 2086 4355 ι
2108 4303 2247 4357 Μέλι
2280 4300 2387 4372 γὰρ
2408 4300 2702 4365 ἀποστάζει
2722 4301 2829 4354 ἀπὸ
2839 4300 3058 4370 χειλέων
3073 4300 3331 4369 γυναικὸς
3362 4301 3625 4372 πόρνης.

386 4384 681 4438 verborum
730 4394 926 4440 ornatu
956 4397 1012 4444 et
1045 4388 1338 4458 splendore
1364 4430 1379 4456 ,
1420 4407 1541 4461 qua:
1571 4392 1706 4447 satis
1732 4408 1955 4463 persna-

2063 4393 2263 4465 δηλαδὴ
2312 4394 2410 4464 τῆς
2452 4392 2720 4462 Ἐλλήνων
2744 4391 3132 4456 καλλιεπείας,
3186 4392 3308 4464 ἥτις
3361 4395 3427 4463 τῇ
3460 4390 3631 4460 πολλῇ

384 4475 548 4530 dente
595 4480 998 4536 consuetudine
1024 4522 1039 4547 ,
1078 4481 1360 4552 decipiens
1418 4482 1585 4538 stulte
1633 4483 1918 4554 deceptum
1945 4525 1961 4550 ,

389 4574 449 4620 ut
477 4568 553 4621 ait
587 4568 842 4625 Salomon
864 4613 879 4636 ,
922 4572 1242 4643 laqueisqne
1270 4589 1333 4627 ex
1366 4572 1530 4628 labiis
1559 4575 1767 4630 exortis
1808 4576 1963 4629 colli-

387 4669 524 4731 gat,
579 4677 644 4715 ac
692 4652 876 4719 divina
926 4666 1276 4735 philosophia
1306 4665 1635 4730 extrudens,
1691 4667 1747 4720 in
1783 4667 1960 4735 ipsum

387 4752 641 4822 laqueum
671 4763 725 4810 et
758 4755 811 4809 in
872 4755 1207 4826 profundum
1277 4756 1474 4810 inferni
1517 4758 1715 4812 misere
1748 4766 1962 4827 captum

389 4846 710 4915 prtecipitat.
749 4848 826 4904 Ne
870 4849 1057 4916 itaque
1109 4848 1351 4902 numeris
1395 4848 1681 4912 attendas,
1726 4850 1871 4919 licet
1906 4849 1958 4903 in

387 4951 484 4991 eos
513 4937 700 4991 animo
758 4941 1120 5009 propensiore
1162 4941 1283 5005 sis,
1322 4940 1596 5010 nimisque
1651 4942 1759 4997 illis
1805 4938 1963 4995 addi-

390 5038 514 5085 ctus
543 5070 558 5093 ,
612 5048 681 5086 ne
720 5032 966 5087 divinum
1022 5032 1397 5101 apostolorum
1428 5032 1798 5087 characterem
1829 5033 1966 5087 abo-

390 5120 509 5176 lens
529 5163 543 5187 ,
573 5139 731 5191 quem
763 5125 920 5178 avide
974 5124 1139 5179 nimis
1179 5133 1337 5180 antea
1361 5124 1666 5195 exprimere
1690 5125 1964 5195 elegeras,

391 5210 447 5264 in
492 5219 789 5266 extremam
837 5213 1241 5268 deformitatem
1277 5214 1485 5271 incidas
1510 5254 1529 5281 ,
1554 5223 1719 5286 atque
1747 5216 1966 5271 innote-

392 5317 514 5357 scas
543 5340 557 5363 ,
597 5318 790 5372 parum
824 5305 920 5359 tibi
952 5321 1097 5362 cura:
1124 5322 1245 5363 esse
1275 5309 1505 5363 salutem
1538 5319 1687 5363 tuam
1731 5320 1955 5379 propter

392 5389 633 5445 studium
679 5394 1025 5463 carminum;
1065 5396 1438 5467 praeiudicium
1481 5413 1642 5462 vero,
1695 5408 1751 5452 et
1794 5407 1958 5469 typus

392 5488 443 5534 et
475 5479 703 5549 laqueus
738 5484 856 5540 aliis
892 5485 988 5542 tias
1016 5527 1030 5551 ,
1062 5490 1151 5559 qui
1203 5488 1594 5559 immorigcrati
1626 5530 1641 5555 ,
1684 5489 1818 5543 viles
1874 5503 1961 5543 se-

464 5658 509 5688 "
557 5657 661 5716 Isa.
719 5677 775 5726 ll,
833 5664 884 5718 5.
966 5664 1009 5695 “
1051 5664 1069 5719 Ι
1110 5664 1238 5720 Cor.
1282 5680 1365 5729 ιιι,
1405 5665 1489 5721 19.

2060 4485 2260 4554 πιθανῇ
2309 4484 2493 4553 ὁμιλία
2544 4482 2874 4550 ἐξαπατῶσα
2904 4483 2995 4536 τὸν
3053 4482 3453 4554 κομψευθέντα,
3487 4480 3636 4536 καθά

2060 4593 2225 4647 φησιν
2249 4576 2276 4628 ὁ
2300 4574 2572 4646 Σολομὼν,
2608 4576 2825 4648 βρόχοις
2851 4592 2910 4628 τε
2936 4577 3048 4638 τοῖς
3077 4574 3183 4631 ἀπὸ
3210 4573 3430 4645 χειλέων
3463 4590 3632 4626 κατα-

2065 4665 2273 4737 δεσμεῖ,
2309 4666 2402 4719 καὶ
2428 4666 2697 4732 ἐξοκεῖλαι
2748 4666 3215 4736 παρασκευάσασα
3242 4664 3343 4734 τῆς
3367 4664 3461 4718 τοῦ
3494 4664 3631 4723 Θεοῦ

2058 4756 2396 4828 φιλοσοφίας,
2427 4758 2507 4821 είς
2537 4757 2671 4811 αὐτὸ
2692 4757 2754 4810 τὸ
2785 4757 3075 4827 πέταυρον,
3106 4758 3200 4811 καὶ
3228 4758 3304 4820 είς
3336 4756 3498 4809 αὐτὸν
3531 4755 3625 4809 τὸν

2058 4849 2307 4919 πυθμένα
2350 4846 2444 4901 τοῦ
2497 4848 2623 4918 ᾅδου
2659 4846 3019 4911 καταϐιϐάζει
3059 4848 3155 4901 τὸν
3182 4846 3379 4910 ἀθλίως
3409 4847 3631 4900 ἁλόντα.

2061 4942 2152 5012 Μὴ
2188 4940 2368 4994 τοίνυν
2408 4940 2529 4993 θέλε
2562 4940 2918 5009 προσανέχειν
2941 4937 3021 5008 τῷ
3054 4938 3257 5008 μέτρῳ,
3285 4937 3389 4991 κᾶν
3425 4936 3630 4990 εἰλίαν

2063 5036 2198 5107 πρὸς
2228 5034 2359 5089 αὐτὸ
2405 5034 2690 5103 συνήθειαν
2723 5034 2819 5085 καὶ
2848 5032 3041 5102 ἵμερον
3083 5031 3383 5102 κέκτησαι,
3432 5031 3522 5085 ἵνα
3553 5029 3635 5101 μὴ

2062 5126 2330 5195 ἀφανίσας
2373 5124 2483 5177 τῶν
2516 5123 2710 5177 ἁλιέων
2746 5122 2837 5175 τὸν
2891 5122 3031 5174 θεῖον
3064 5120 3393 5192 χαρακτῆρα
3413 5160 3428 5185 ,
3459 5120 3634 5190 ὅνπερ

2067 5218 2162 5270 σὺν
2186 5216 2334 5286 πόθῳ
2367 5214 2548 5285 πολλῷ
2578 5213 2769 5285 πρώην
2794 5211 3172 5283 ἀναμάξασθαι
3204 5211 3462 5283 προείλω,
3493 5211 3633 5282 πρὸς

2063 5309 2163 5379 τὴν
2193 5308 2427 5378 ἐσχάτην
2467 5307 2566 5378 μὲν
2595 5306 2833 5378 ὲκπέσῃς
2860 5304 3137 5377 ἀμορφίαν
3157 5341 3173 5369 ,
3203 5304 3360 5373 δῆλος
3401 5303 3459 5356 δὲ
3495 5302 3637 5372 γένῃ

2064 5398 2278 5469 ἀμελῶν
2305 5399 2399 5468 τῆς
2441 5396 2945 5464 σαυτοῦσωτηρίας
2992 5394 3085 5449 διὰ
3120 5396 3218 5464 τῆς
3248 5394 3377 5465 περὶ
3416 5392 3486 5445 τά
3524 5393 3634 5457 ἔπη

2069 5489 2301 5559 σπουδῆς
2322 5529 2336 5556 ,
2369 5488 2652 5559 πρόκριμα
2695 5488 2754 5542 δὲ
2777 5524 2795 5556 ,
2826 5489 2922 5543 καὶ
2959 5486 3126 5550 τύπος
3149 5523 3165 5552 ,
3210 5485 3301 5540 καὶ
3328 5482 3496 5552 παγίς
3525 5481 3638 5537 δει-

1568 5665 1614 5697 ⁸³
1649 5661 1819 5719 chit.
1857 5680 1915 5725 ll,
1952 5663 2033 5730 ll,
2062 5663 2146 5717 12.
2222 5663 2268 5696 ³⁸
2293 5662 2450 5718 Prov.
2476 5654 2528 5728 ν,
2553 5661 2606 5716 3.
