4012 6196
306 259 413 330 221

1510 255 2049 321 EPISTOLARUM
2090 261 2237 345 LIB.
2282 264 2363 324 ιι.

3472 266 3581 309 9’?)

3474 306 3584 330 5&4

304 377 495 446 10:an
524 374 745 439 ἄλλοις,
793 373 980 427 ὁπόσοι
1008 372 1268 435 ἄτακτοι,
1312 373 1409 427 καὶ
1455 374 1714 446 συρφετοὶ
1736 412 1753 436 ,
1788 374 1881 426 καὶ

1996 384 2230 441 gnesque
2257 388 2380 427 cum
2404 372 2536 437 sint,
2573 373 2775 428 nullam
2802 375 3022 431 vi:tutis
3058 376 3324 431 rationem
3354 376 3577 437 habent.

310 471 511 542 βλάκες
530 467 895 537 ὑπάρχοντες,
921 464 1183 535 οὐδεμίαν
1206 465 1264 517 δὲ
1286 467 1541 535 φροντίδα
1568 466 1666 535 τῆς
1689 467 1890 537 ἀρετῆς

308 565 551 634 ἔχουσιν,
585 560 714 623 ὅλας
741 559 798 612 δὲ
830 556 932 621 τὰς
975 556 1188 628 ἡμέρας
1229 556 1330 626 τῆς
1364 555 1512 629 ζωῆς
1558 557 1685 628 περὶ
1719 555 1893 610 ταῦτα

309 652 682 723 άὼλεσχοῦσι,
712 650 800 705 διὰ
822 651 922 720 τῆς
950 648 1247 719 ἑπαράτου,
1277 648 1369 702 καὶ
1394 648 1893 719 παρασεσυρμένης

308 747 641 811 κενοδοξίας,
668 745 762 798 τὸν
796 743 997 815 μικρὸν
1030 743 1194 814 ἄρτον
1220 743 1329 794 τῶν
1359 743 1556 809 ὀλίγων
1586 742 1681 794 άνθ
1691 740 1893 811 ρώπων

309 841 557 893 ἐπαινεῖν
608 834 772 906 δῆθεν
830 834 1285 905 προαιρουμένων
1313 871 1329 897 ,
1367 832 1753 904 δουλοπρεπῶς
1806 850 1889 899 τε,

310 934 407 985 καὶ
436 934 581 999 ἄγαν
611 928 1011 1000 βρεφοπρεπῶς
1056 927 1426 997 κομιζόμενοι,
1462 927 1520 991 ἐξ
1548 921 1607 980 οὗ
1641 926 1716 997 μὴ
1756 943 1891 996 τρα-

312 1025 577 1094 φήσονται
618 1022 681 1074 τὸ
735 1020 959 1074 σύνολον
1008 1019 1106 1087 τὴν
1145 1019 1357 1088 ψυχὴν,
1402 1016 1536 1071 ἀλλὰ
1585 1018 1678 1070 καὶ
1719 1016 1891 1087 λιμώ-

314 1116 516 1181 ξουσιν.
548 1112 678 1165 Δέον
711 1111 821 1183 γὰρ
850 1112 1080 1181 ζητῆσαι
1112 1109 1263 1180 παρὰ
1297 1104 1391 1162 τοῦ
1421 1108 1555 1162 Θεοῦ
1586 1108 1694 1162 τῶν
1727 1107 1892 1162 δυνά·

315 1223 485 1277 μεων,
534 1205 628 1258 καὶ
660 1203 820 1272 δόξης
854 1201 1115 1272 ἀληθοῦς,
1149 1202 1244 1255 καλ⁸
1280 1201 1445 1272 τιμῆς
1474 1200 1656 1271 πλήρη
1689 1198 1887 1268 ἄρτον·

311 1301 362 1352 οἱ
406 1296 808 1351 δὲτούναντεον
844 1296 1208 1366 πράττουσιν,
1263 1296 1326 1347 ὲκ
1377 1292 1649 1362 κοσμικῆς
1701 1291 1894 1360 σοφίας

312 1388 632 1459 ἀνωφελοῦς
674 1388 912 1458 οἰόμενοι
958 1386 1278 1458 τρέφεσθαι.
1339 1386 1487 1457 Τιμὴ
1528 1387 1586 1439 δὲ
1633 1384 1893 1454 γυναικὸς

314 1482 530 1551 πόρνης
557 1480 684 1533 ὡσεὶ
712 1481 805 1534 καὶ
831 1480 950 1543 ἑνὸς
981 1479 1151 1551 ἄρτου
1174 1521 1189 1545 ,
1226 1479 1455 1549 ἀτιμίας
1484 1468 1767 1549 γέμον-τος,
1798 1476 1893 1533 καὶ

311 1568 605 1632 ἀσθενείας
631 1569 847 1645 πολλῆς.
882 1568 955 1621 Σύ
982 1568 1039 1622 δέ
1069 1584 1135 1636 γε
1178 1567 1270 1621 τὸν
1317 1566 1427 1620 τῶν
1456 1566 1568 1621 ἄνω
1609 1564 1895 1634 δυνάμεων

313 1663 488 1731 ἄρτον
528 1660 790 1731 διηνεκῶς
829 1659 1054 1732 αἴτησον
1077 1674 1094 1691 ⁸
1137 1654 1302 1729 άρτον
1337 1657 1446 1728 γὰρ
1485 1654 1748 1727 οὐρανοῦ,
1797 1653 1892 1708 καὶ

312 1756 480 1825 ἄρτον
505 1751 754 1821 ἀγγέλων
779 1752 981 1822 ἔφαγεν
1010 1751 1321 1822 ἄνθρωπος,
1352 1768 1371 1802 ι
1403 1751 1509 1813 πᾶς
1539 1749 1688 1811 ὅστις
1721 1747 1887 1801 πνεύ-

313 1862 446 1916 ματι
475 1846 564 1917 ζῇ,
584 1846 680 1900 καὶ
709 1845 981 1915 πνεύματι
1011 1846 1235 1913 στοιχεῖ,
1268 1862 1287 1896 ι
1324 1843 1420 1896 καὶ
1446 1844 1557 1905 τοῖς
1595 1840 1891 1911 ἐκκλησια-

306 1941 520 2002 στικοῑς
549 1938 774 2008 θεσμοῖς
806 1935 1212 2003 ὲξακολουθῶν,
1248 1935 1347 2005 τῆς
1379 1933 1573 2002 σοφίας
1616 1933 1717 2000 τῆς
1749 1932 1891 1986 ἄνω-

308 2032 403 2084 θεν
437 2030 850 2102 κατερχομένης
885 2028 1244 2099 μετέσχηκεν.
1281 2029 1483 2098 ’Δρτον
1507 2022 1602 2079 οὖν
1633 2022 1888 2095 οὐρανοῦ,

308 2122 406 2176 καὶ
431 2122 599 2192 ἄρτον
626 2120 875 2189 ἀγγέλων
900 2158 914 2183 ,
960 2121 1063 2173 οὐκ
1111 2120 1277 2190 ἄρτον
1295 2116 1563 2186 γυναικὸς
1607 2116 1816 2186 πόρνης
1863 2115 1892 2168 ὁ

307 2214 555 2277 τοιοῦτος
601 2213 793 2267 δσθίει.
836 2212 1032 2266 Πολλοὶ
1081 2210 1193 2266 τῶν
1237 2209 1533 2281 αἱρετικῶν
1578 2208 1750 2263 πολλὰ
1779 2198 1893 2260 ἔπιε

312 2304 635 2371 συνέταξαν,
665 2304 780 2359 ἀλλ’
805 2305 957 2359 οὐδὲν
978 2303 1289 2374 ὠφέλησαν.
1316 2304 1462 2356 Διότι
1481 2302 1892 2373 ἁνεμοφθόρους

309 2394 461 2467 εἶχον
506 2396 634 2459 τοὺς
675 2396 935 2467 στάχυας,
978 2394 1056 2460 ὥς
1082 2412 1247 2466 φησιν
1278 2396 1306 2449 ὁ
1334 2395 1640 2466 προφήτης,
1671 2393 1891 2463 δράγμα

306 2489 415 2541 οὐκ
445 2488 571 2559 ἕχον
615 2489 772 2559 ίσχύν
815 2487 911 2541 τοῦ
945 2488 1169 2557 ποιῆσαι
1203 2486 1451 2557 ἄλευρον.
1488 2485 1551 2540 Et
1583 2486 1642 2539 δὲ
1674 2486 1890 2557 θαυμά-

309 2580 428 2643 ζειε
454 2580 584 2643 τούς
611 2579 923 2651 γράφοντας
951 2578 1020 2632 τὰ
1058 2579 1189 2650 ἔπη,
1230 2578 1348 2650 ὥρα
1379 2595 1464 2631 σοι
1495 2577 1603 2643 καὶ,
1638 2578 1890 2632 mmm-

308 2672 504 2742 νάριον
522 2672 612 2725 τὸν
642 2670 882 2741 δυσσεϐῆ
904 2672 999 2726 καὶ
1031 2671 1352 2740 καινοτόμον
1377 2670 1697 2740 θαυμάζειν,
1719 2670 1891 2725 πολλὰ

309 2762 438 2818 λίαν
473 2765 839 2836 μετρήσαντα,
880 2764 975 2817 καὶ
1002 2763 1436 2834 ὲποποιήσαντα,
1465 2763 1561 2816 κα)⁸
1587 2778 1889 2834 ματαιοπο-

309 2856 580 2928 νήσαντα,
610 2858 706 2909 καὶ
734 2856 898 2910 παντὶ
926 2855 1106 2927 καιρῷ
1131 2859 1189 2909 ἐν
1219 2854 1401 2923 λόγοις
1434 2856 1686 2925 ἀνοήτως
1717 2873 1888 2911 κατα-

306 2948 593 3019 τριδέντα,
625 2948 916 3020 οἰδήσαντά
938 2966 998 3001 τε
1030 2951 1147 3012 τοῖς
1169 2947 1423 3019 ἀκερδέσι
1458 2946 1568 3001 τῶν
1598 2947 1766 3012 ἐπῶν,
1793 2948 1890 3002 καὶ

1996 464 2091 516 sed
2126 465 2385 521 omnibus
2412 466 2534 520 vita:
2566 482 2681 522 suae
2714 467 2911 524 diebus
2936 470 3083 523 circa
3126 469 3241 524 haec
3269 470 3577 540 ineptiunt,

1993 570 2089 625 per
2117 555 2272 627 141
2307 559 2702 615 exsccrandam
2728 598 2743 621 ,
2777 574 2974 613 vanam
3016 571 3069 615 et
3101 562 3316 616 inanem
3348 563 3576 632 gloriam

1993 648 2260 717 pusillum
2293 665 2489 719 panem
2517 666 2818 720 paucorum
2846 652 3130 715 hominum
3155 694 3172 718 ,
3204 654 3459 710 laudibus
3482 672 3577 711 ex-

1994 741 2185 796 tollere
2209 756 2364 811 mque
2390 752 2555 812 atque
2598 743 2940 797 studentium
2967 784 2984 809 ,
3036 760 3326 800 servorum
3372 747 3575 807 instar,

1994 834 2270 905 nimisque
2305 836 2588 905 pueriliter
2625 837 2950 905 deportant,
2988 853 3095 908 quo
3130 854 3358 908 prorsus
3397 841 3578 894 anima

1992 942 2183 981 eorum
2212 942 2319 981 non
2348 928 2646 993 nutrietur,
2703 928 2814 982 imo
2859 930 3040 998 potius
3071 931 3213 985 fame
3238 931 3576 985 cnecabitur.

1995 1017 2129 1074 Nam
2171 1036 2295 1076 cum
2341 1036 2371 1075 a
2406 1021 2513 1076 Deo
2542 1022 2809 1077 virtutum
2832 1062 2847 1086 ,
2882 1029 2937 1076 et
2970 1038 3113 1077 vera:
3148 1022 3367 1093 gloria,
3399 1033 3452 1078 et
3478 1024 3580 1077 ho-

1996 1112 2152 1167 noris
2185 1113 2405 1182 plenum
2440 1129 2634 1183 panem
2673 1129 2900 1183 poscere
2932 1115 3252 1169 debuissent
3273 1153 3287 1177 ,
3319 1114 3374 1169 hi
3408 1128 3581 1184 oppo-

1993 1205 2157 1260 situm
2200 1204 2444 1272 faciunt,
2500 1223 2567 1261 ex
2611 1206 2860 1261 smculari
2912 1206 3219 1276 sapientia,
3273 1221 3397 1276 qme
3445 1206 3579 1260 nulli

1996 1296 2119 1351 usui
2167 1304 2289 1362 est,
2338 1296 2720 1353 existimantes
2765 1297 2870 1352 sibi
2914 1298 3175 1352 alimenta
3214 1298 3577 1367 suppeditari.

1995 1380 2184 1440 Honor
2218 1402 2349 1441 vero
2379 1388 2625 1441 mulieris
2678 1386 2983 1441 meretricis
3016 1395 3098 1441 est
3146 1388 3288 1441 idem
3323 1402 3385 1440 ac
3417 1385 3582 1444 unius

1995 1474 2151 1542 panis
2205 1474 2542 1545 ignominia,
2592 1482 2643 1529 et
2684 1475 2853 1528 multa
2901 1474 3221 1531 infirmitate
3274 1475 3445 1545 pleni.
3495 1473 3578 1529 Tu

1994 1577 2161 1633 porro
2182 1580 2547 1634 supernarum
2576 1565 2841 1620 virtutum
2870 1580 3064 1635 panem
3091 1567 3353 1620 continuo
3377 1582 3539 1637 posce
3563 1585 3578 1621 :

1995 1670 2190 1724 panem
2223 1657 2367 1710 enim
2399 1657 2521 1713 coeli
2549 1695 2564 1720 ,
2590 1663 2645 1711 et
2673 1672 2867 1726 panem
2892 1658 3208 1727 angelorum
3245 1658 3409 1713 homo
3432 1670 3584 1728 com-

1999 1746 2107 1799 edit
2136 1746 2204 1810 ⁵⁷,
2245 1765 2264 1798 ι
2299 1747 2392 1817 qui
2429 1747 2625 1816 spiritu
2664 1746 2887 1809 vivit,et
2925 1747 3118 1818 spiritu
3162 1746 3405 1802 ambulat
3452 1748 3517 1813 δ’,
3560 1766 3577 1798 ι

1994 1843 2050 1892 et
2084 1837 2484 1893 ecclesiasticis
2514 1840 2727 1909 legibus
2756 1840 3152 1909 obtemperans
3171 1880 3185 1905 ,
3208 1838 3492 1908 sapientiae
3515 1855 3580 1893 ex

1993 1929 2106 1983 alto
2140 1928 2486 1985 advenientis
2536 1932 2812 2002 particeps
2845 1930 2922 1985 fit.
2966 1930 3166 1984 Panem
3203 1930 3387 1999 itaque
3415 1930 3540 1985 caeli
3564 1972 3580 1994 ,

1993 2028 2048 2076 et
2073 2036 2270 2091 panem
2303 2022 2661 2091 angelorum,
2713 2039 2822 2078 non
2871 2038 3068 2093 panem
3104 2023 3354 2078 mulieris
3403 2038 3583 2078 mere-

1994 2113 2149 2169 tricis
2183 2113 2345 2168 homo
2397 2115 2445 2169 is
2490 2114 2749 2171 comedit.
2794 2114 2869 2170 Ex
2921 2115 3197 2171 haereticis
3223 2115 3381 2170 multi
3410 2116 3582 2170 multa

1994 2205 2218 2275 scriptis
2253 2206 2631 2271 tradiderunt,
2664 2222 2789 2277 quae
2828 2216 3010 2263 tamen
3059 2207 3192 2262 nulli
3227 2207 3351 2262 usui
3392 2206 3578 2274 fuere,

1992 2295 2138 2365 quod
2180 2309 2210 2350 a
2245 2304 2408 2351 vento
2454 2305 2751 2367 corruptas
2807 2298 2991 2368 spicas
3021 2298 3371 2362 habuerunt,
3414 2305 3473 2350 ut
3505 2297 3581 2351 ait

1993 2387 2259 2457 propheta
2301 2373 2323 2440 τ’
2348 2386 2657 2458 Manipulus
2692 2405 2802 2444 non
2831 2390 3037 2446 habens
3067 2390 3241 2446 robur
3274 2388 3340 2442 ad
3374 2387 3578 2442 facien-

1988 2477 2115 2534 dam
2147 2478 2379 2535 farinam
2408 2482 2476 2536 ⁸⁸.
2509 2480 2565 2535 Si
2599 2497 2727 2537 vero
2748 2482 2786 2537 ii
2809 2483 2910 2549 tibi
2934 2499 2989 2537 ιιι
3022 2479 3385 2537 admiratione
3416 2488 3579 2546 sunt,

1991 2573 2083 2643 qui
2118 2574 2365 2629 carmina
2418 2577 2793 2644 scripserunt,
2850 2576 3059 2646 poteris
3103 2585 3159 2629 et
3191 2575 3463 2645 impium,
3517 2581 3575 2630 et

1991 2675 2308 2721 novatorem
2364 2660 2769 2736 Apollinarium
2825 2666 3028 2723 habere
3088 2666 3141 2721 in
3181 2666 3579 2730 admiratione,

1989 2755 2085 2825 qui
2122 2757 2531 2829 quamplurima
2567 2758 2815 2814 numeris
2865 2768 2923 2814 et
2954 2759 3201 2814 carmine
3230 2757 3577 2828 composuit,

1989 2854 2044 2898 et
2076 2846 2278 2901 frustra
2309 2847 2525 2904 labores
2550 2849 2872 2921 insumpsit,
2899 2858 2953 2906 et
2979 2864 3076 2919 per
3100 2857 3273 2904 totum
3310 2863 3423 2904 sua:
3453 2849 3579 2905 vita

1991 2945 2205 3008 tempus
2262 2939 2316 2993 in
2378 2940 2759 3011 insipientibus
2810 2942 3164 2998 sermonibus
3216 2939 3579 3012 congerendis

309 3037 721 3111 φλιγμήναντα,
753 3041 848 3093 καὶ
877 3040 1236 3110 ὐδεριάσαντα
1265 3041 1379 3103 τοῖς
1398 3038 1703 3110 λογισμοῖς,
1736 3059 1755 3092 ‹
1791 3039 1887 3093 καὶ

1996 3029 2351 3099 semetipsum
2402 3033 2638 3095 attrivit,
2684 3033 2889 3104 quique
2935 3035 3242 3088 carminum
3292 3032 3578 3090 inutilibus

306 3132 353 3200 ἡ
382 3129 602 3199 γλῶσσα
649 3131 812 3186 αὐτοῦ
850 3122 1067 3186 arma
1109 3131 1205 3186 ιπὶ
1228 3131 1327 3203 τῆς
1372 3130 1479 3202 γῆς
1507 3170 1523 3198 ,
1556 3150 1577 3185 ι
1614 3131 1693 3196 ὡς
1730 3131 1889 3187 Δαυῒδ

1996 3120 2197 3175 studiis
2228 3120 2521 3189 intumuit,
2568 3126 2930 3191 exazstuavit,
2971 3133 3025 3180 et
3071 3125 3227 3196 quasi
3268 3139 3408 3195 aqua
3442 3124 3576 3180 sub-

302 3221 518 3293 ελιγεν.

629 3402 715 3457 N'.
739 3429 813 3444 --
838 3402 1253 3459 ammon/un
1278 3400 1589 3475 mortuo.

382 3493 760 3559 Διστασιάζειν
787 3492 970 3557 ἔοικας
994 3493 1131 3564 πρδς
1158 3494 1371 3560 ἑαυτὸν,
1398 3494 1540 3549 καλὰ
1566 3494 1668 3565 μὲν
1690 3494 1890 3559 λαλῶν,

312 3586 462 3639 κακὰ
486 3587 545 3640 δὲ
577 3586 850 3658 πράττων,
882 3587 975 3640 καὶ
1002 3587 1209 3641 λυττῶν
1242 3587 1432 3659 ὥσπερ
1484 3590 1534 3642 οἱ
1576 3588 1760 3655 κύνες,
1795 3590 1891 3643 καὶ

310 3677 526 3741 πάντας
553 3677 913 3732 καθυλακτῶν
948 3678 1218 3747 ἀφειδῶς,
1271 3680 1367 3733 καὶ
1411 3680 1887 3752 ἁπερυθριάστως.

324 3769 494 3822 Ἀλλὰ
518 3768 611 3821 νῦν
631 3768 764 3836 γοῦν
791 3769 1107 3841 διόρθωσαι,
1151 3770 1373 3839 ἀδελφὲ,
1412 3772 1561 3835 ὅπως
1590 3772 1667 3844 μὴ
1693 3774 1892 3845 διαμά-

310 3875 520 3929 χωνται
552 3857 617 3913 τὰ
643 3858 783 3929 ἔργα
811 3875 906 3912 σου
934 3859 1014 3930 τῷ
1052 3858 1236 3930 σεμνῷ
1275 3859 1676 3930 ἐπαγγέλματι.

629 3950 759 4005 Μ’.
784 3979 858 3991 --
884 3950 1212 4022 ΒΙΚΕΝΤΙῼ
1261 3952 1568 4025 unum.

380 4041 549 4095 Ὅσον
582 4041 758 4105 δοκεῖς
786 4041 848 4094 τὸ
885 4041 1047 4112 σῶμα
1079 4042 1499 4114 σκληραγωγεῖν
1542 4045 1608 4115 τῇ
1645 4044 1889 4117 ἑπιπόνῳ

309 4132 415 4187 καὶ
442 4133 747 4205 τραχυτέρᾳ
787 4132 1001 4205 διαίτῃ,
1028 4134 1289 4205 οτοσοῦτῳ
1323 4135 1522 4204 μᾶλλον
1552 4135 1650 4208 τῂν
1687 4137 1887 4192 σαυτοῦ

312 4223 549 4293 καρδίαν
591 4226 923 4281 ταπείνωσον
944 4266 962 4291 ,
1005 4228 1425 4305 κατευτελιζων,
1472 4231 1567 4283 καὶ
1598 4230 1888 4295 ὲξουδενῶν

310 4316 537 4379 σαυτὸν,
573 4316 662 4372 ἵνα
706 4317 782 4389 μὴ
819 4320 919 4389 τῆς
950 4319 1257 4386 κενοδοξίας
1287 4321 1473 4393 χώραν
1523 4322 1796 4395 λαὸοὶσης
1828 4327 1887 4379 ὲν

1997 3219 2086 3269 tus
2114 3221 2296 3270 cutem
2337 3215 2763 3287 cogitationibus
2803 3218 3027 3273 inﬂatus
3070 3225 3155 3273 est
3190 3234 3205 3272 :
3246 3236 3265 3270 ι
3302 3227 3358 3273 et
3393 3218 3575 3289 lingua

1995 3303 2116 3375 ejus
2155 3308 2425 3377 percurrit
2461 3322 2626 3378 super
2657 3318 2859 3364 terram
2889 3310 2934 3342 '°
2972 3330 2992 3362 ι
3047 3318 3106 3364 ιιι
3140 3308 3306 3364 David
3335 3310 3573 3369 dicebat.

2219 3396 2377 3469 142
2419 3397 2479 3453 ι..
2503 3427 2574 3439 --
2600 3397 2970 3455 ARISTOCLI
3008 3399 3363 3457 MONACHO.

2066 3486 2149 3542 Tu
2182 3489 2380 3559 teipse
2406 3504 2437 3543 a
2474 3490 2765 3560 lemetipso
2803 3490 3127 3562 discrepare
3157 3492 3365 3549 videris
3388 3534 3402 3559 ,
3444 3494 3576 3549 dum

1996 3580 2206 3651 Optima
2235 3598 2468 3653 quaeque
2515 3584 2749 3653 loquens
2778 3624 2793 3648 ,
2830 3585 3073 3655 pessima
3112 3600 3278 3656 opere
3309 3597 3575 3657 pra-stas,

1993 3680 2048 3727 et
2076 3689 2233 3742 aeque
2257 3686 2321 3728 ac
2351 3689 2518 3730 canes
2546 3715 2560 3739 ,
2594 3675 2647 3729 in
2688 3675 2893 3730 rabiem
2931 3684 3123 3740 actus,
3164 3678 3219 3731 in
3250 3693 3441 3733 omnes
3467 3678 3576 3730 lar-

1993 3766 2135 3835 giter
2165 3766 2431 3836 nulloque
2461 3768 2666 3821 rubore
2697 3767 2945 3823 suffusus
2972 3808 2986 3833 ,
3028 3767 3293 3827 oblatras.
3327 3770 3395 3822 At
3431 3784 3576 3824 nunc

1993 3857 2230 3927 teipsum
2263 3859 2482 3929 corrige
2504 3899 2519 3923 ,
2554 3858 2746 3923 frater,
2781 3875 2850 3915 ne
2882 3875 2911 3913 a
2947 3859 3100 3931 gravi
3141 3861 3570 3933 venerandaque

1990 3948 2117 4004 vitae
2145 3955 2253 4003 tua
2284 3949 2539 4004 instituto
2566 3963 2733 4018 opera
2763 3948 3089 4004 dissideant.

2316 4039 2401 4096 LI.
2432 4069 2500 4083 -—-
2528 4039 2898 4096 VINCENTIO
2934 4040 3257 4098 ASCETE.

2061 4135 2278 4201 Quanto
2325 4149 2528 4204 corpus
2579 4142 2731 4189 tuum
2790 4134 3153 4190 laboriosiore
3205 4143 3260 4191 et
3294 4134 3574 4206 asperiore

1989 4228 2103 4283 vita
2135 4228 2346 4283 duriter
2373 4240 2436 4282 ac
2468 4228 2695 4285 minime
2723 4226 3069 4298 indulgenter
3095 4226 3191 4282 tibi
3217 4226 3417 4283 videris
3450 4243 3573 4300 per-

1991 4326 2258 4381 tractare,
2314 4325 2467 4373 tanto
2522 4320 2694 4390 magis
2726 4333 2823 4374 cor
2852 4328 3002 4374 tuum
3048 4317 3316 4386 humilia,
3379 4327 3572 4375 temet-

306 4407 417 4475 σοὶ,
454 4409 580 4463 ἀντὶ
606 4410 807 4477 πυροῦ,
841 4410 1031 4483 κνίδην
1072 4413 1317 4485 θερίσῃς,
1362 4416 1456 4468 καὶ
1485 4417 1533 4468 oi
1558 4416 1719 4469 κόποι
1747 4416 1884 4471 ἀπό-

1996 4412 2170 4482 ipsum
2201 4410 2541 4481 rilipendens
2571 4427 2635 4466 ac
2672 4410 2827 4465 nihili
2862 4411 3071 4467 faciens
3092 4453 3106 4478 ,
3143 4428 3211 4467 ne
3262 4412 3316 4466 in
3349 4422 3400 4467 te
3433 4427 3571 4465 vana

306 4499 521 4556 λυνται.

590 4675 717 4731 NB'.
745 4707 815 4718 -
841 4678 1242 4755 ΠΔΝΗΓΥΡΙῼ
1287 4685 1605 4759 MONAxo.

381 4766 488 4821 Ἕκ
504 4784 669 4822 τινων
689 4772 938 4839 σημείων
961 4775 1159 4846 νοήσας
1180 4776 1211 4829 ὁ
1239 4780 1494 4850 πονηρὸς,
1526 4781 1609 4833 δτι
1638 4778 1888 4852 εὐλογίας

301 4854 535 4927 λογικῆς
575 4860 885 4932 τετύχηκας
928 4864 1021 4919 διὰ
1073 4866 1173 4937 τῆς
1222 4868 1395 4940 καλῆς
1446 4870 1749 4942 ἐργασίας,
1792 4875 1889 4930 καὶ

301 4946 470 5017 χάριν
504 4948 798 5019 οὐρανόθεν
833 4951 1067 5023 εἴληφας
1092 4996 1107 5021 ,
1159 4958 1411 5030 καθάπερ
1455 4963 1483 5014 ὁ
1525 4962 1751 5027 Ἰακὼϐ,
1792 4965 1889 5018 καὶ

1988 4502 2161 4573 gloria
2197 4503 2374 4557 locum
2406 4510 2712 4573 occupante
2741 4516 2865 4558 loco
2897 4502 3158 4559 frumenti
3193 4503 3425 4558 urticam
3455 4517 3571 4556 me-

1989 4603 2073 4650 tas
2091 4635 2111 4660 ,
2139 4605 2192 4649 et
2225 4594 2442 4650 labores
2470 4594 2793 4664 perdantur.

2276 4684 2382 4741 LII.
2410 4714 2473 4725 --
2504 4683 2906 4741 PANEGYMO
2941 4684 3289 4741 MONACHO.

2056 4776 2396 4843 Quibusdam
2450 4776 2622 4847 signis
2675 4776 3087 4845 deprehendens
3142 4778 3413 4846 pessimus
3459 4772 3570 4829 dan‘

1987 4885 2177 4934 mon,
2219 4856 2563 4925 te'rationali
2624 4868 3005 4924 benedictione
3060 4882 3157 4936 per
3208 4866 3349 4922 bona
3401 4880 3567 4936 opera

1986 4962 2247 5031 potitum,
2324 4959 2678 5029 coelestisque
2726 4960 2948 5030 gratim,
3005 4957 3464 5028 quemadmodum
3511 4967 3568 5012 et

304 5039 513 5102 πάντες
538 5040 588 5092 oi
619 5043 860 5111 γνησίως
883 5044 1294 5113 δεδουλευκότες
1323 5051 1463 5122 Θεῷ,
1508 5056 1575 5125 τῇ
1616 5054 1888 5128 βασκανίᾳ

1996 5051 2177 5117 Iacob,
2214 5060 2269 5107 et
2298 5068 2522 5117 omnes,
2559 5054 2652 5122 qui
2691 5053 2923 5121 ingenue
2954 5064 3188 5119 vereque
3223 5048 3332 5104 Deo
3363 5048 3566 5105 servie-

301 5128 541 5199 πληγεὶς
569 5134 600 5184 ὁ
627 5133 1038 5206 μισάνθρωπος,
1070 5140 1166 5194 καὶ
1195 5144 1541 5213 τετρωμένος
1573 5145 1651 5215 τῷ
1679 5145 1884 5218 φθόνῳ,

306 5223 580 5295 μεγάλους
612 5227 755 5280 κατὰ
797 5229 893 5282 σοῦ
929 5231 1105 5302 ἀνῆψε
1149 5232 1279 5296 τοὺς
1320 5236 1664 5305 πειρασμοίκ
1697 5235 1886 5306 βουλό-

301 5333 471 5387 μενος
506 5319 602 5372 καὶ
641 5319 894 5389 ἐκθλίψαι
931 5324 1030 5393 τὴν
1064 5324 1351 5395 φιλάρετον
1389 5326 1592 5399 ψυχὴν,
1626 5328 1882 5383 ὑποτιθέ-

302 5407 470 5476 μενός
515 5426 574 5461 τε
618 5412 748 5474 τοὺς
780 5416 1053 5485 πονηροὺς
1091 5410 1412 5487 λογισμοὺς,
1455 5420 1550 5472 καὶ
1582 5420 1715 5491 πρὸς
1745 5421 1884 5491 ἔργα

296 5497 548 5571 βλαεερά
604 5502 857 5571 ὲκϐἧναι⁴
892 5494 1304 5568 mmmam.
1356 5511 1466 5564 Καὶ
1519 5511 1672 5578 ξένον
1728 5513 1883 5567 οὐδὲν

1983 5157 2144 5207 runt,
2178 5145 2502 5215 participem
2537 5144 2742 5199 factum
2770 5185 2784 5210 ,
2823 5141 3121 5197 invidentia
3158 5142 3249 5196 illa
3283 5142 3564 5196 hominum

1983 5254 2112 5296 osor
2139 5251 2435 5307 percussus
2455 5277 2471 5301 ,
2508 5245 2559 5292 et
2590 5236 2719 5291 odio
2752 5235 2976 5290 saucius
3005 5235 3253 5306 ingentes
3282 5233 3336 5288 in
3360 5240 3412 5288 te
3442 5239 3567 5288 ten-

1991 5332 2223 5385 tationes
2247 5328 2489 5383 incendit
2516 5368 2531 5392 ,
2566 5342 2633 5383 eo
2667 5343 2868 5397 scopo.
2903 5335 2961 5381 ut
2987 5327 3229 5381 animam
3266 5325 3566 5380 virtutibus

1989 5421 2227 5480 deditam
2277 5419 2533 5490 dejiciat,
2589 5434 2891 5491 pravasque
2937 5418 3302 5492 c0gitationcs
3359 5430 3565 5488 suppo-

1989 5529 2161 5580 ncns,
2211 5520 2268 5568 et
2302 5511 2371 5566 ad
2420 5513 2767 5582 operationes
2819 5512 3009 5570 noxias
3077 5509 3429 5583 compellens.
3481 5506 3565 5560 Nil

379 5675 428 5708 δ’
453 5676 599 5733 Psal.
633 5698 835 5748 Lxxvn,
865 5683 955 5751 9.1,
984 5683 1073 5739 25.
1151 5687 1197 5719 “
1220 5686 1397 5744 Gal-at.
1427 5707 1479 5756 ν,
1510 5689 1598 5746 25.
1681 5690 1723 5722 ⁸³
1757 5687 1900 5750 Osce
1953 5705 2071 5757 vm,
2109 5688 2158 5741 7.
2239 5689 2283 5720 °°
2309 5687 2455 5742 Psal.
2503 5687 2762 5753 Lxxu,'9.
