4012 6196
438 249 545 315 2‘23

1936 263 1998 324 S.
2036 262 2200 324 NILI

3599 251 3710 316 224

358 422 375 437 κ
442 374 631 417 tamen
682 378 804 419 now
860 365 1138 431 sustines,
1189 367 1274 421 vir
1337 367 1855 443 optime;namque
1898 374 2021 428 scri-

2140 373 2431 445 ὑπομένεις
2452 412 2467 434 ,
2500 372 2713 443 ἄριστε.
2740 369 3054 437 Γέγραπται
3094 360 3203 433 γάρ
3235 378 3246 391 ·
3296 356 3716 429 Είσερχομένων

449 467 602 524 ptum
635 466 720 512 est
747 476 760 513 :
787 458 923 511 Cum
953 473 1053 513 nos
1077 459 1294 514 interim
1322 468 1528 517 terram
1560 463 1762 519 divinae
1788 465 2030 535 promis-

447 547 622 600 sionis
661 546 818 618 143
857 556 1104 602 sanctam
1157 558 1211 604 et
1256 551 1682 609 intellectualem
1717 556 2033 627 ingredere-

449 653 591 699 mur,
642 648 767 692 tunc
819 639 989 696 duces
1039 641 1210 697 Edom
1260 642 1627 713 festinarunt,
1673 656 1727 703 et
1757 648 2033 719 principes

452 730 816 785 Moabitarum
847 734 912 796 ",
954 733 1234 790 daemones
1264 737 1486 807 quidam
1528 742 1739 804 amari,
1774 749 1829 795 et
1854 742 2032 795 domi-

446 821 538 875 nio
588 822 986 879 insolescentes
1040 842 1138 882 nos
1189 828 1490 897 impedire,
1544 839 1597 885 et
1649 841 1795 888 retro
1838 834 2031 903 pedem

444 924 655 970 vertere
696 932 725 969 a
755 917 913 971 heato
942 918 1036 971 illo
1082 920 1335 991 ingressu
1379 923 1702 992 cupientes,
1736 934 1790 979 et
1833 926 2034 996 sempi-

448 1016 601 1060 terna
634 1010 818 1062 laetitia
861 1008 1164 1068 removere.
1202 1013 1593 1069 Verumtamen
1632 1025 1686 1069 tu
1721 1020 1868 1071 omni
1906 1034 2033 1087 per-

444 1100 766 1156 turbatione
796 1116 1004 1157 vaeuus
1054 1114 1305 1173 perstans
1327 1147 1340 1169 ,
1381 1109 1466 1161 vir
1499 1119 1650 1172 esto,
1692 1118 1745 1162 et
1780 1094 2036 1161 eorrobo.

449 1206 613 1258 rare,
679 1208 772 1261 per
831 1191 1183 1249 tolerantiam
1238 1205 1292 1251 (-t
1352 1200 1670 1253 continuam
1726 1201 2030 1254 orationem

449 1294 744 1338 conterens
778 1301 907 1352 eos,
957 1289 1047 1357 qui
1093 1306 1194 1343 nos
1233 1298 1519 1345 conterere
1554 1300 1853 1361 appetunt,
1906 1309 2033 1347 cou‘

440 1374 594 1427 tinuo
620 1378 931 1444 prophetica
973 1380 1063 1432 illa
1095 1383 1393 1435 enuntiaus
1429 1401 1442 1436 :
1491 1402 1508 1434 ι
1552 1383 1903 1453 Nequaquam
1944 1386 2031 1439 lte-

438 1472 629 1518 tentur
661 1467 975 1539 AIIOphyli,
1030 1472 1331 1526 contritum
1380 1483 1463 1527 est
1496 1472 1684 1544 jugqu
1724 1477 2034 1543 percutien-

440 1556 576 1608 tium
604 1573 703 1613 nos
730 1561 774 1592 "
808 1579 820 1614 :
860 1580 878 1612 ι
912 1562 1186 1632 propitius
1215 1579 1451 1633 namque
1482 1567 1639 1620 nobis
1665 1568 2033 1623 critChristus

442 1645 814 1711 perhumanus
862 1651 1039 1715 Delus;
1104 1659 1159 1706 et
1222 1655 1517 1709 cessabunt
1575 1646 1633 1711 et
1677 1655 2034 1713 destruentur

2135 466 2291 538 ἡμῶν
2320 463 2505 518 λοιπὸν
2546 464 2627 525 είς
2669 459 2769 532 τὴν
2807 460 3004 530 νοητὴν
3046 458 3210 525 ἁγίαν
3259 453 3371 523 γῆν
3420 451 3527 520 τῆς⁵
3563 448 3717 507 θείας

2134 557 2499 627 ἐπαγγελίας,
2542 555 2667 608 τότε
2718 554 2990 606 ἔσπευσαν
3041 547 3309 619 ἡγεμόνες
3355 540 3568 611 Ἐδὼμ,
3619 538 3712 591 καὶ

2132 654 2393 725 ἄρχοντες
2448 647 2778 713 Μοαὸιτῶν,
2828 642 3082 714 δαίμονές
3125 655 3276 701 τινες
3326 634 3552 705 πικροὶ,
3592 633 3713 725 Ακαὶ

2116 723 2464 818 ἀρχόντικοὶ,
2498 741 2837 810 άναποδῆσαι
2869 739 3038 807 ἡμᾶς,
3071 735 3167 788 καὶ
3199 727 3539 799 ἀναστρέψαι
3584 723 3711 794 βου-

2134 840 2351 911 λόμενοι
2379 841 2478 909 τῆς
2535 830 2811 907 μακαρίας
2846 829 3053 883 είσόδου
3076 868 3091 893 ,
3121 825 3215 879 καὶ
3265 818 3710 911 ἀπαλλοτριῶσαι
3774 836 3788 843 ·

2135 935 2238 1005 τῆς
2270 932 2488 987 αἰωνίου
2518 930 2715 1001 χαρᾶς.
2756 924 2895 979 Ἀλλ’
2923 920 3087 982 αὐτὸς
3112 917 3385 987 ἁτάραχος
3414 910 3709 1005 διαμένων,

2134 1003 2405 1096 ἀνδρίζου,
2455 1023 2547 1076 καὶ
2579 1023 2757 1091 ἴσχυε,
2792 1013 3096 1086 συντρίϐων
3141 1009 3229 1063 διὰ
3270 1010 3370 1077 τῆς
3407 1003 3709 1096 ὑπομονῆς,

2141 1092 2244 1168 καὶ.
2265 1114 2364 1183 τῆς
2393 1110 2648 1166 συντόνου
2691 1110 2856 1178 εὐχῆς
2874 1147 2887 1171 ,
2916 1106 3039 1165 τοὺς
3069 1096 3378 1170 συντρίϐειν
3414 1094 3561 1165 ἡμᾶς
3586 1092 3712 1183 ἐπι-

2137 1180 2465 1275 θυμοῦντας,
2501 1201 2745 1263 ἀεννάως
2777 1198 2951 1265 λέγων
2976 1193 3045 1249 τά
3084 1187 3436 1263 προφητικὰο
3473 1201 3491 1233 ι
3527 1180 3714 1275 Μηδα-

2139 1271 2254 1367 pali;
2280 1338 2285 1343 .
2316 1294 2705 1366 εὐφρανθείητε
2732 1331 2746 1355 ,
2788 1286 3095 1356 ἀλλόφυλοι,
3144 1278 3435 1348 συνετρίϐη
3482 1277 3510 1328 ὁ
3545 1271 3710 1340 ζυγὸς

2133 1366 2242 1440 τῶν
2299 1386 2570 1439 παιόντων
2613 1384 2798 1454 ἡμᾶς·
2845 1401 2863 1433 ι
2898 1378 3144 1438 εύϊλατος
3194 1373 3304 1443 γὰρ
3368 1369 3523 1423 ἔσται
3570 1366 3708 1435 ἠμῖιν

2133 1482 2177 1533 Χ
2189 1456 2367 1551 ριστὸς
2401 1479 2429 1529 ὁ
2473 1476 2856 1547 φιλάνθρωπος
2901 1471 3031 1533 Θεὸς
3058 1508 3073 1533 ,
3113 1468 3208 1521 καὶ
3236 1462 3539 1556 παύσονται
3565 1496 3581 1521 ,
3612 1456 3708 1556 ato}

2134 1550 2651 1642 καταργηθήσονται
2677 1568 2727 1620 oi
2750 1564 2910 1619 κακοὶ
2933 1556 3366 1616 ὲπισπουδασταὶ
3391 1550 3485 1607 τοῦ
3510 1550 3703 1619 νοητοῦ

2133 1660 2336 1733 Φαραὼ
2364 1662 2461 1713 σὺν
2499 1659 2580 1730 τῷ
2614 1658 2727 1729 ίδίῳ
2762 1657 2993 1727 βασιλεῖ,
3024 1655 3120 1708 καὶ
3157 1652 3311 1721 laxi»;
3355 1646 3535 1701 αὐτῶν
3578 1659 3707 1695 aov-

442 1738 826 1794 intellectualis
870 1741 1177 1797 l‘haraonis
1208 1761 1313 1798 una
1346 1761 1470 1799 cum
1503 1762 1692 1801 eorum
1720 1763 1846 1818 rege
1874 1752 2021 1818 pravi

2132 1753 2347 1824 τριϐείη
2379 1753 2519 1815 τέως
2540 1792 2554 1816 ,
2602 1751 2691 1803 ἵνα
2736 1748 2934 1819 μηκέτι
2979 1749 3058 1810 είς
3090 1744 3152 1798 τὸ
3185 1742 3390 1813 ἄχυρον
3418 1779 3433 1803 ,
3482 1736 3577 1790 καὶ
3612 1734 3707 1786 τὸν

439 1828 694 1893 asset-Im,
746 1838 799 1883 et
846 1831 1015 1883 robur
1060 1847 1249 1885 eorum
1295 1844 1628 1899 conteretur,
1673 1849 1739 1888 ne
1775 1835 1914 1889 ultra
1944 1837 2021 1899 _in

439 1922 685 1989 paleam,
740 1928 793 1976 et
851 1923 1058 1986 lutum,
1111 1934 1163 1979 et
1202 1926 1494 1980 lateritium
1555 1928 1866 1997 iniquitatis
1923 1944 2025 1984 nos

439 2014 722 2082 impellant
746 2014 811 2066 ".
844 2004 962 2082 Quo
997 2017 1141 2070 enim
1172 2019 1349 2087 magis
1379 2020 1444 2073 ad
1480 2019 1648 2073 Deum
1679 2022 2021 2087 accedimus,

437 2119 515 2167 eo
538 2105 711 2174 magis
742 2104 799 2157 in
836 2120 937 2159 nos
970 2106 1250 2161 daemones
1279 2106 1603 2163 efferuntur.

570 2190 573 2193 λ
697 2191 829 2245 Llll.
871 2223 941 2234 —
976 2193 1339 2249 MAURIANO
1386 2196 1761 2252 MONACIIO.

506 2283 838 2338 lntolerandi
872 2286 1125 2341 maeroris
1146 2294 1311 2356 atque
1342 2288 1603 2342 immanis
1634 2289 1875 2345 tristitia:
1901 2299 2019 2346 ten-

436 2376 695 2429 tationem
739 2375 1123 2445 frequentibus
1176 2378 1437 2449 lacrymis
1482 2381 1763 2449 probaque
1794 2397 1911 2451 spe,
1965 2392 2020 2437 et

435 2467 489 2519 iu
521 2466 905 2521 dulcissimum
937 2466 1587 2541 Servatorernﬁhristum
1618 2486 1807 2527 amore
1834 2472 2020 2529 delere

436 2559 653 2627 penitus
689 2560 918 2627 poteris.
1708 2615 1711 2618 ι

428 2642 433 2645 “
714 2648 845 2703 LIV.
879 2681 952 2692 ——
987 2648 1369 2708 MENANDRU
1420 2653 1740 2710 ASCET/E.

503 2738 640 2793 Cum
676 2748 732 2793 tu
767 2756 873 2795 non
910 2742 1256 2811 illegititnus,
1311 2745 1409 2800 scd
1462 2747 1705 2816 optimus
1750 2746 2017 2815 valdeque

436 2830 763 2897 laudandus,
783 2833 1125 2888 celeberrimi
1157 2834 1569 2907 virtutibusque
1597 2838 1857 2894 omnibus
1878 2854 2015 2910 prae.

437 2924 537 2977 diti
588 2924 809 2978 abbatis
860 2923 1159 2979 Minuciani
1199 2927 1458 2982 surculus
1510 2929 1609 2993 sis,
1659 2929 1783 2999 jure
1821 2931 2015 2985 merito

2126 1842 2319 1914 πηλὸν,
2368 1842 2462 1896 καὶ
2491 1841 2589 1912 τὴν
2619 1840 2899 1893 πλινθείαν
2930 1840 3030 1908 τῆς
3066 1833 3341 1906 ἁμαρτίας
3383 1830 3529 1900 ἡμᾶς
3570 1842 3706 1893 κατα

2124 1935 2422 1989 ελαύνωσιν
2441 1951 2455 1965 ο
2480 1933 2590 2005 ὅσῳ
2612 1932 2721 2003 γὰρ
2751 1932 2827 2002 τῷ
2846 1930 2965 1999 Θεῷ
2995 1923 3447 1999 προσχωροῦμεν,
3466 1917 3706 1986 τοσούτῳ

2122 2028 2284 2082 πλέον
2316 2027 2437 2083 κατ’
2476 2028 2508 2098 ἡ
2521 2025 2638 2097 μῶν
2662 2022 3052 2095 λὲξαγριοῦνται
3081 2021 3133 2074 οί
3174 2018 3456 2088 δαίμονες.

2436 2201 2561 2256 NI".
2586 2229 2656 2241 -
2687 2198 3045 2266 nummo
3081 2195 3392 2262 ΜΟΝΑΧῼ.

2190 2279 2301 2366 Τῆς
2335 2295 2611 2365 ἀφορήτου
2665 2294 2864 2361 λύπης,
2910 2292 3005 2344 καὶ
3055 2290 3154 2361 τῆς
3213 2287 3417 2354 πολλῆς
3466 2282 3703 2352 ἀθυμίας

2117 2387 2209 2440 τὸν
2261 2387 2568 2457 πειρασμὸν
2617 2386 2847 2457 δάκρυσι
2876 2382 3146 2453 δαψιλέσι,
3171 2380 3267 2434 καὶ
3307 2379 3571 2449 χρησταῖς
3609 2373 3701 2427 ἐλ-

2120 2479 2263 2542 πίσι,
2297 2479 2392 2530 καὶ
2417 2477 2495 2548 τῷ
2524 2476 2677 2547 πόθῳ
2706 2476 2783 2547 τῷ
2809 2475 2943 2546 πρὸς
2981 2474 3072 2528 τὸν
3103 2470 3442 2542 γλυκύτατον
3471 2468 3702 2539 Σωτῆρα

2119 2569 2354 2644 Χριστὸν
2373 2569 2699 2638 ἐξαφανίσαι
2725 2567 2854 2637 δυνή
2864 2582 2951 2641 σῃ.

2437 2663 2560 2715 NA'.
2580 2693 2647 2702 —
2667 2662 3046 2731 ΜΕΝΑΝΔΡῼ
3074 2659 3379 2730 numq.

2191 2757 2267 2809 υύ
2292 2754 2445 2809 νόθον
2471 2755 2779 2825 μόσχευμα,
2823 2754 3113 2808 κάλλιστον
3160 2753 3218 2805 δὲ
3248 2753 3341 2805 καὶ
3368 2750 3507 2818 ἄγαν
3540 2750 3701 2801 ἐπαι-

2118 2847 2269 2900 νετὸν
2300 2847 2581 2916 ὑπάρχων,
2617 2845 2714 2899 τοῦ
2765 2844 3014 2913 ἁο.δίμου
3054 2844 3149 2898 καὶ
3200 2842 3506 2914 παναρέτου
3552 2839 3701 2893 ἁὸὁτὶ

2117 2936 2503 3002 Μινουκιανοῦ,
2558 2937 2786 3000 δικαίως
2842 2936 2933 2991 τὸν
2992 2936 3319 3008 χαρακτῆρα
3359 2934 3453 2987 τοῦ
3505 2931 3701 3003 ἀνδρὸς

442 3015 872 3070 illustrissitnam
894 3015 995 3070 viri
1020 3026 1202 3070 notam
1229 3018 1280 3070 iu
1308 3022 1599 3089 temetipso
1620 3020 1901 3075 ostendis:
1923 3021 2014 3075 ille

2130 3029 2519 3102 ὑπέρλαμπρον
2565 3028 2835 3092 δεικνύεις
2888 3031 2946 3083 ὲν
2987 3028 3233 3099 σεαυτῷ·
3273 3029 3475 3089 ἐκεῖνος
3500 3024 3611 3096 γὰρ
3634 3025 3699 3077 οὗ

434 3106 704 3175 siquidem
755 3122 863 3161 non
903 3107 1212 3176 discipulus
1260 3118 1503 3173 tantum.
1553 3111 1647 3166 sed
1689 3120 1744 3167 et
1788 3112 2014 3166 aemula-

2130 3089 2281 3193 μόνον
2339 3089 2614 3191 μαόητὴς,
2669 3089 2828 3174 ἀλλτὶι⁷
2868 3121 2963 3174 καὶ
3014 3089 3261 3192 μιμητὴς
3324 3089 3538 3188 ἐδείχθη
3578 3089 3696 3169 ’τοῦ

440 3196 709 3269 tot-1M
762 3198 1149 3254 humanissimi
1208 3197 1518 3257 Servatoris
1566 3204 1744 3257 nostri
1781 3202 2008 3267 Christi,

434 3291 526 3358 qui
562 3304 728 3359 opere
771 3299 825 3343 et
842 3290 1022 3344 ‘verbo
1064 3304 1249 3344 veram
1283 3291 1689 3361 philosophiam
1721 3309 2012 3348 common-

435 3384 649 3446 stravit,
694 3382 912 3438 habitus
936 3390 1039 3448 est,
1077 3390 1190 3437 tum
1220 3383 1345 3438 vitae
1385 3385 1651 3440 rationem
1692 3400 1892 3456 puram
1946 3401 2011 3442 ac

408 3474 698 3539 ,illibatam
735 3472 1046 3540 subeundo,
1088 3482 1206 3528 tum
1258 3476 1498 3531 animam
1544 3492 1712 3548 supra
1759 3480 2012 3549 corporis

434 3568 719 3637 passiones
748 3568 1015 3621 continuo
1050 3568 1388 3622 extollendo.

715 3657 824 3712 LV.
854 3690 925 3699 —
952 3658 1309 3715 EUPllEMIO
1363 3658 1724 3717 MONACHO.

507 3749 790 3815 Indignum
826 3751 1153 3821 philosopho
1199 3766 1301 3822 ego
1334 3752 1523 3821 utique
1546 3752 1760 3822 judico,
1786 3769 1888 3810 nos
1909 3753 2013 3809 eir-

434 3859 497 3897 ra
524 3844 781 3899 (mles-tes
818 3860 903 3899 res
942 3860 1007 3898 ac
1037 3846 1406 3914 sempiternas
1438 3860 1568 3900 cura
1594 3845 1829 3914 abiecta.
1856 3848 2010 3902 circa

433 3950 518 3998 ea,
545 3950 665 4004 qua:
708 3935 856 3989 humi
887 3944 1107 4006 repunt,
1140 3946 1359 4004 tempus
1389 3953 1489 3992 cor
1509 3952 1722 3994 sumere
1754 3947 1810 3993 et
1840 3955 2011 3995 occu-

437 4029 749 4097 pationibus
771 4032 1059 4092 macerari,
1085 4041 1489 4101 sexcentasque
1508 4033 1664 4089 nobis
1686 4034 2010 4105 temporarii

438 4122 701 4190 stultique
741 4123 877 4175 lucri
922 4121 1158 4175 faciendi
1202 4128 1399 4177 causas
1433 4124 1799 4179 comminisci.
1860 4179 1869 4187 ,

438 4211 635 4266 LVl.-
657 4212 933 4269 lllLAlllO
974 4198 1315 4271 MONACIIO
1356 4216 1446 4269 EX
1477 4215 2011 4277 .SCHOLASTICIS.

509 4300 749 4356 Tandem
782 4304 1078 4373 aliquando
1108 4307 1286 4360 virum
1320 4307 1609 4376 antiquum
1635 4307 1885 4361 aemulari
1913 4308 2013 4362 tibi

2115 3213 2496 3287 φιλανθρώπου
2545 3215 2734 3271 τούτου
2789 3217 3043 3289 Σωτῆρος
3094 3217 3255 3288 ἡμῶν
3297 3212 3559 3285 Χριστοῦ,
3599 3213 3697 3266 τοῦ

2113 3307 2540 3377 παραδείξαντος
2578 3308 2725 3381 ἔργῳ
2747 3308 2839 3362 καὶ
2869 3309 3013 3379 λόγῳ
3035 3308 3134 3378 τὴν
3159 3308 3335 3377 ἀληθῆ
3356 3305 3697 3376 φιλοσοφίαν,

2092 3397 2173 3450 λέν
2189 3398 2267 3469 τῷ
2295 3399 2569 3453 πολιτείαν
2594 3400 2844 3472 καθαρὰν
2890 3398 3286 3465 ἐπιδείξασθαι,
3314 3399 3406 3450 καὶ
3438 3396 3700 3467 ἀνωτέρω

2113 3488 2202 3544 ἀεὶ
2220 3489 2406 3563 φέρειν
2443 3493 2545 3567 τὴν
2567 3491 2750 3563 ψυχὴν
2768 3486 2876 3575 τῷν
2888 3490 2984 3544 τοῦ
3017 3490 3267 3560 σώματος
3306 3488 3515 3544 παθῶν.

2454 3672 2580 3726 NE'.
2604 3702 2673 3712 —
2707 3670 3015 3742 ΕΥΦΗΜΙῼ
3040 3670 3345 3740 MONAXQ.

2185 3759 2323 3814 Δίαν
2350 3759 2524 3829 ἔγωγε
2551 3756 2726 3832 οἶμαι,
2746 3760 3072 3829 ἀφιλόσοφον
3103 3756 3262 3825 εἶναι,
3294 3759 3696 3822 καταλιπόντας

2113 3853 2148 3922 ἠ
2158 3854 2284 3923 μᾶς,
2324 3855 2423 3923 τὴν
2462 3853 2589 3922 περὶ
2614 3852 2722 3906 τῶν
2740 3852 3007 3921 οὐρανίων
3036 3868 3119 3915 τε,
3144 3851 3245 3905 καὶ
3272 3850 3504 3905 αἰωνίων
3530 3869 3696 3921 φρονν

2088 3943 2255 4007 ητίδα,
2293 3944 2423 4015 περὶ
2466 3942 2535 3997 τὰ
2587 3944 2763 4014 χαμαὶ
2808 3942 3037 4013 κείμενα
3072 3939 3439 4012 ἀσχολεῖσθαι,
3472 3944 3567 3995 καὶ
3596 3959 3696 4012 με·

2118 4035 2285 4107 ρίμνῃ
2330 4035 2614 4106 τήκεσθαι,
2672 4036 2769 4089 καὶ
2825 4036 3028 4105 μυρίας
3057 4035 3294 4087 ἐπινοεῖν
3335 4030 3696 4105 ἀφορμάςτῷ

2117 4125 2435 4197 προσκαίρῳ
2491 4127 2584 4179 καὶ
2621 4127 2838 4196 ἀνοήτῳ
2869 4125 3070 4195 κέρδει.
3342 4122 3348 4127 ’

2118 4216 2259 4282 NG’.
2287 4246 2358 4257 —-
2404 4217 2633 4288 ΙΛΑΡΙῼ
2660 4218 2974 4293 ⁴ΜΟΝΑΧῼ
3010 4215 3151 4270 ΑΠΟ
3182 4215 3691 4270 ΣΧΟΛΑΣΤΙΚΩΝ.

2191 4306 2355 4369 Μόλις
2392 4309 2522 4361 ποτὲ
2580 4308 2923 4380 μιμήσασθαι
2976 4308 3247 4374 κατεδέξω
3286 4308 3379 4361 τὸν
3407 4306 3577 4377 ἄνδρα
3602 4307 3695 4360 τὸν

437 4397 792 4464 proposuisti,
824 4411 947 4451 cum
982 4408 1269 4468 postquam
1302 4400 1639 4455 conveniens
1680 4399 1746 4469 ad
1775 4398 2012 4455 Echina-

2130 4398 2364 4468 ἀρχαῖον,
2397 4399 2533 4469 μετά
2561 4398 2668 4471 [τὸ]
2707 4398 2816 4455 τῶν
2855 4398 3149 4471 Ἐχιναδῶν
3183 4401 3458 4469 ἐπιτυχεῖν
3488 4397 3697 4450 παυσά-

438 4490 537 4543 das
570 4488 728 4543 tinem
756 4489 977 4544 errandi
1025 4491 1221 4546 fecisti.
1258 4489 1506 4560 Namque
1541 4507 1637 4560 per
1669 4491 1855 4545 omnia
1895 4491 2014 4546 loca

438 4580 680 4653 divagari
735 4598 1062 4653 semperque
1106 4583 1160 4637 in
1211 4596 1358 4638 motu
1407 4599 1549 4647 esse,
1582 4593 1637 4638 et
1692 4583 1821 4637 hinc
1851 4591 2017 4653 atque

440 4674 591 4728 illinc
629 4673 805 4743 disjiei
831 4676 1035 4745 absque
1058 4676 1241 4746 aliqua
1265 4675 1600 4736 necessaria,
1626 4682 1681 4729 et
1702 4690 1865 4744 quam
1900 4678 2018 4729 evi-

441 4772 557 4817 tare
583 4778 691 4818 n0n
725 4773 902 4834 potes,
946 4781 1138 4835 pausa,
1174 4775 1228 4818 et
1260 4765 1439 4817 locum
1472 4778 1539 4817 ex
1570 4762 1715 4825 loco,
1747 4771 1801 4817 et
1830 4761 2017 4817 cubile

437 4871 503 4910 ex
548 4857 714 4911 cubili
751 4858 924 4912 instar
949 4859 1193 4928 leporum
1234 4864 1593 4919 commutare,
1637 4842 1916 4925 quomodo
1961 4855 2016 4909 id

438 4947 736 5016 quispiam,
766 4948 1063 5002 dummodo
1094 4948 1258 5017 sapit,
1290 4946 1716 5016 approbaverit?
1738 4945 1882 5001 Sede
1902 4947 2019 4999 ita—

442 5054 548 5105 que
583 5038 635 5093 in
675 5040 1011 5094 monasterio
1069 5039 1257 5094 tirutus
1296 5053 1360 5092 ac
1412 5037 1667 5103 stabilis,
1725 5039 1911 5108 quiete
1964 5046 2020 5093 te

440 5144 727 5194 exercens,
752 5138 806 5184 et
835 5138 1087 5192 mortem,
1122 5129 1344 5199 quando
1370 5130 1643 5195 adveniet,
1664 5140 2017 5199 exspectans.

444 5229 505 5274 ut
546 5222 684 5277 bene
714 5221 879 5277 rebus
915 5222 1066 5278 hisce
1095 5223 1331 5286 solutus,
1373 5230 1499 5277 ante
1531 5222 1695 5292 pedes
1720 5222 1922 5277 Christi
1964 5222 2018 5276 in

442 5322 706 5368 attrrnum
737 5313 1065 5369 consoleris.

523 5403 679 5474 145
713 5402 868 5460 LVII.
892 5436 959 5447 -—
984 5404 1283 5460 PLATONI
1322 5402 1949 5459 ARCHIMANDRITIE.

520 5491 707 5548 Nostri
744 5493 980 5547 instituti
1028 5504 1303 5560 auctores,
1358 5511 1483 5550 cum
1519 5503 1710 5551 essent
1745 5494 2028 5557 aemulato-

2120 4504 2278 4557 μενον
2314 4490 2413 4558 τῆς
2447 4488 2599 4563 άλης.
2635 4487 2708 4540 Τὸ
2730 4487 2838 4558 γὰρ
2873 4488 3259 4559 περιέρχεσθαι
3280 4486 3578 4557 πανταχοῦ,
3599 4486 3695 4539 καὶ

2115 4579 2388 4644 ἀστατεῖν,
2407 4580 2500 4632 καὶ
2517 4572 2619 4632 ὧδε
2632 4580 2795 4631 κάκεῖ
2809 4595 2873 4630 πε
2882 4579 3237 4650 ρικρούεσθαι
3252 4578 3374 4649 δίχα
3386 4578 3694 4649 ἀπαραιτὴ-

2115 4686 2208 4723 του
2247 4671 2412 4733 τινὸς,
2443 4671 2538 4724 καὶ
2562 4671 2805 4741 μεγάλης
2821 4670 3087 4742 ἀνάγκης,
3121 4672 3215 4725 καὶ
3241 4672 3406 4725 τόπον
3432 4672 3497 4723 ὲκ
3526 4670 3691 4723 τόπου

2120 4759 2528 4829 μεταλλάττειν,
2557 4761 2650 4814 καὶ
2702 4761 2891 4831 κοίτην
2930 4764 2995 4814 ἐκ
3053 4761 3237 4831 κοίτης
3266 4759 3518 4831 ἀμοίὸειν
3550 4757 3694 4811 κατά

2118 4850 2216 4921 τὴν
2249 4850 2508 4921 ὁμοίωσιν
2536 4851 2646 4905 τῶν
2673 4851 2925 4920 λαγωῶν,
2958 4852 3076 4915 πῶς
3122 4869 3206 4917 τις
3241 4851 3561 4917 ἀποδέξεται
3585 4851 3693 4903 τῶν

2118 4940 2176 4998 εὖ
2241 4944 2614 5014 φρονούντωνς
2675 4945 2859 4998 Κάθου
2901 4946 3081 4999 τοίνυν
3132 4945 3191 4998 ὲν
3230 4944 3308 5015 τῷ
3344 4942 3695 5015 μοναστηρίῳ

2118 5036 2351 5106 ἑδραῖος,
2388 5037 2482 5089 καὶ
2542 5036 2966 5107 ἁμετακίνητος,
3002 5037 3233 5108 ἡσυχίαν
3258 5053 3320 5089 τε
3350 5036 3573 5099 ἀσκῶν,¹
3598 5035 3696 5088 καὶ

2118 5127 2583 5198 περιϐλεπὸμενος
2638 5128 2731 5180 τὸν
2800 5128 3027 5181 Θάνατον
3052 5168 3067 5191 ,
3128 5128 3257 5180 πότε
3320 5126 3439 5195 ἥξει
3467 5165 3482 5189 ,
3544 5127 3695 5189 ὅπως

2116 5220 2299 5283 καλῶς
2328 5220 2600 5284 ἀναλύσας
2629 5223 2779 5292 παρά
2832 5222 2956 5285 τοὺς
2989 5220 3156 5284 πόδας
3201 5219 3296 5273 τοῦ
3335 5217 3573 5290 Χριστοῦ
3599 5220 3695 5271 εὐ·

2119 5312 2364 5383 φρανοῇς
2414 5313 2669 5374 αἰωνίως.
3616 5318 3619 5321 ’

2260 5440 2263 5443 ‹
2324 5402 2448 5456 ΝΖ⁹.
2480 5431 2550 5441 -—
2578 5403 2883 5455 ΠΛΔΤΩΝΙ
2934 5403 3482 5476 ΑΡΧΙΜΑΝΔΡῙἹᾘ.

2190 5493 2253 5545 Oi
2304 5491 2404 5562 μὲν
2451 5492 2685 5562 ἀρχηγοὶ
2716 5482 2824 5563 (τῆξ
2886 5493 3156 5565 ἡμετέρας
3190 5493 3415 5561 τάξεως,
3454 5492 3695 5564 ζηλωταὶ

524 5671 566 5703 ⁴¹
607 5670 778 5726 Exod.
810 5690 896 5741 xv,
936 5674 1019 5744 lli,
1066 5672 1147 5729 Η.
1228 5677 1271 5708 θ’
1307 5676 1410 5734 lsa.
1457 5692 1565 5741 χεν,
1599 5675 1687 5731 29.
1768 5676 1811 5708 ⁸³
1840 5674 2010 5730 Exod.
2060 5690 2111 5741 ν,
2144 5674 2193 5725 Ἱ.
