4012 6196
293 283 404 360 ξεε
1502 272 1892 342 Ερῐετοωῐ

1994 280 2037 339 ll
2075 273 2220 339 LIB.
2264 279 2346 339 Il.
2429 292 2434 296 '
3466 279 3572 344 2Ξῦ

292 409 408 460 τῶν
436 400 757 459 ἀποστόλων
787 397 1092 468 γενόμενοι,
1145 398 1329 464 λύχνοι
1356 391 1500 456 τινὲς
1535 393 1781 462 ὑπῆρχον
1829 391 1887 442 ἐν

1994 404 2080 443 res
2111 391 2504 459 apostolorum.
2546 388 2784 444 lucerna:
2811 396 2970 444 erant
3014 389 3068 444 i'n
3101 391 3344 446 tem-bris
3378 393 3571 448 lucen-

297 499 495 568 σκοτιᾷ
533 493 837 564 φαίνοντες,
856 492 952 544 καὶ
980 489 1206 558 ἀστέρες
1227 486 1509 550 ἀπλανεῖς,
1537 484 1637 554 τὴν
1673 481 1888 551 ἀφεγγῆ

1994 490 2078 534 tes
2100 481 2166 546 ",
2199 493 2252 536 et
2276 484 2452 537 stellae
2485 497 2591 538 non
2621 491 2869 538 errantes
2895 482 3186 537 obscuram
3212 483 3335 538 vitae
3371 493 3574 540 nostra:

296 591 394 644 τοῦ
428 584 775 658 ἀνθρωπίνου
809 583 926 652 βίου
987 578 1426 647 καταυγάζοντες
1459 575 1650 639 νύκτα,
1683 575 1777 627 καὶ
1805 573 1892 625 λι·-

303 683 486 752 μένων
511 677 767 749 πτιόὃολοι
800 675 877 745 τῷ
905 673 1028 728 καθ’
1067 670 1296 732 ἑαυτοὺς
1351 667 1690 738 ἀχειμάστῳ,
1724 666 1892 719 πᾶσιν

301 771 524 834 εὔκολος
552 765 965 826 ὑποδεικνύντες
998 763 1058 815 τὸ
1089 761 1366 830 διαφυγεῖν
1387 757 1641 820 ἀΰλαδῶς
1661 755 1759 821 τὰς
1779 753 1890 808 τῶν

303 863 498 917 παθῶν
530 857 861 932 προσϐολάς.
884 855 1056 917 Αύτὺς
1085 853 1142 906 δὲ
1167 850 1436 912 τοσαύτας
1462 849 1640 919 ψυχὰς
1669 847 1891 915 ὑποχει-

305 957 456 1030 ρίους
488 953 649 1024 ἔχων,
673 948 941 1019 ἐξῶρισας
990 945 1088 1018 μὲν
1136 944 1234 1016 τὴν
1271 942 1492 1014 ἀρετὴν,
1535 940 1632 994 καὶ
1673 937 1892 1010 μακράν

304 1046 682 1116 ἐφυγάδευσας
706 1083 722 1110 ,
757 1039 838 1112 τῷ
872 1040 930 1094 δέ
983 1038 1163 1092 σκότει
1188 1035 1311 1105 ¹τῆς
1342 1032 1626 1104 πονηρίας,
1664 1030 1757 1084 καὶ
1793 1030 1893 1101 τῆς

305 1135 661 1207 κακοηθείας,
712 1132 774 1186 τὸ
828 1129 1028 1185 σαυτοῦ
1089 1127 1382 1198 πρόσωπον
1440 1123 1614 1194 ἡδέως
1655 1119 1886 1190 ἐγκαλύ-

304 1240 485 1288 πτεις,
509 1224 604 1277 καὶ
633 1222 715 1286 είς
747 1219 1059 1285 κακοεξίαν,
1093 1220 1188 1270 καὶ
1219 1214 1486 1285 χειμῶνα,
1515 1213 1611 1265 καὶ
1645 1210 1892 1282 ταραχὰς

305 1314 624 1374 ἀπαύστους
674 1309 965 1380 ἐμϐάλλεις
1011 1308 1138 1369 τοὺς
1177 1303 1459 1372 ἀδελφοὺς,
1488 1303 1584 1355 καὶ
1629 1301 1892 1354 ἀπολέσαι

187 1455 200 1462 -
307 1406 566 1468 σπεύδεις
607 1403 732 1466 τοὺς
787 1399 1028 1470 σωθῆναι
1061 1397 1392 1466 ὀφείλοντας.
1437 1395 1548 1448 Καὶ
1583 1394 1665 1456 τίς
1695 1410 1752 1446 σε
1784 1392 1894 1464 ἀρα

305 1497 586 1569 λυτρὼσει
611 1495 704 1563 τῆς
732 1493 954 1548 αἰωνίου
983 1486 1565 1559 κολάσεωςςιΦοόερδν
1585 1486 1690 1558 γὰρ
1715 1486 1772 1539 τὺ
1795 1488 1892 1556 ἐμ-

309 1591 508 1644 πεσεῖν
537 1590 617 1650 είς
641 1587 822 1657 χεῖρας
843 1582 980 1636 Θεοῦ
1011 1582 1233 1646 ζῶντος.
1271 1599 1288 1630 ι
1331 1605 1334 1608 -

701 1759 834 1814 NH'.
865 1760 938 1800 '——
963 1758 1168 1830 Almo
1194 1755 1505 1828 ΜυΝΑΧῼ.

400 1851 615 1922 Ἐπειδὴ
638 1851 761 1922 οὐχὶ
793 1849 1293 1920 ταπεινοφροσύνης
1344 1849 1520 1920 χάριν,
1563 1848 1696 1903 ἀλλὰ
1739 1866 1892 1903 κενο-

306 1945 490 2010 δοξίας
523 1943 762 2015 μετέρχῃ
792 1943 890 2014 τὴν
910 1942 1239 2011 ἀνάγνωσιν,
1276 1941 1366 1994 διὰ
1391 1940 1550 1994 τοῦτο
1583 1943 1886 2014 παραμένει

309 2053 396 2090 σοι
423 2038 456 2089 ὁ
485 2036 590 2104 τῆς
617 2034 872 2106 πορνείας
912 2033 1213 2104 πειρασμός
1236 2050 1250 2064 ·
1281 2033 1343 2086 οὐ
1371 2033 1481 2105 γὰρ
1519 2034 1786 2105 συμφέρει
1813 2033 1890 2104 τῷ

308 2127 508 2196 ἄφρονι
536 2123 740 2194 τρυφὴ,
797 2123 918 2177 οὐδὲ
972 2121 1051 2193 τῷ
1093 2123 1460 2193 τετυφωμίνῳ
1490 2124 1660 2177 τὸ-ἀεὶ
1690 2126 1890 2191 ἀναγισ

309 2217 568 2283 νώσκειν,
601 2201 696 2271 καὶ
718 2214 819 2286 τῆς
845 2213 1144 2285 ὐψηγορίας
1171 2214 1484 2271 ἀπολαύειν.
1529 2215 1592 2268 Ἦ
1614 2217 1719 2287 γὰρ
1757 2216 1892 2284 γνῶ-

316 2303 399 2372 σις
437 2309 625 2376 φυσιεῖ
661 2305 856 2381 [φυσῖα
869 2305 915 2378 ἲ]
941 2308 1033 2360 ἐπὶ
1070 2308 1206 2361 πολὺ
1239 2307 1330 2360 τὸν
1362 2308 1886 2379 ματαιοφρονοῦντα,

315 2398 409 2450 καὶ
439 2394 896 2466 ἀπονενοημένον,
925 2398 1019 2448 καὶ
1041 2395 1267 2466 βλάπτει
1297 2395 1388 2450 τὸν
1414 2395 1670 2460 ἀλαζόνα,
1701 2395 1894 2466 ὥσπερ

312 2491 346 2542 ὁ
367 2484 510 2550 οἶνος
530 2487 622 2542 τὸν
649 2488 983 2558 πυρέττοντα
1005 2487 1253 2557 βλάπτει.
1285 2489 1449 2542 ’Ὥστε
1477 2485 1570 2543 οῦν
1590 2491 1890 2562 κενωθῆναι

311 2578 376 2632 τὸ
393 2578 626 2648 φύσημα
645 2578 743 2648 τῆς
765 2576 964 2648 ψυχῆς,
989 2579 1303 2647 ἀναγκαίως
1329 2581 1357 2632 ὁ
1384 2579 1593 2650 δαίμων
1621 2581 1889 2652 ἐφέστηκε

312 2669 544 2734 πιέζων,
583 2670 675 2723 καὶ
695 2669 992 2740 ἐξελέγχων
1020 2669 1110 2724 τὸν
1137 2672 1575 2742 πεφυσιωμένον.
1598 2673 1660 2726 Et
1679 2673 1736 2726 δὲ
1765 2673 1891 2744 βού-

312 2762 400 2815 λει
429 2760 617 2814 τοῦτον
635 2761 760 2814 ἰδεῖν
789 2761 981 2814 θᾶττον
1011 2763 1414 2834 ὑποχωροῦντα,
1441 2763 1664 2836 θέλησον
1687 2765 1892 2834 φθάσαι

314 2854 410 2906 τὸν
443 2856 541 2922 τῆς
567 2853 1067 2924 ταπεινοφροσύνης
1108 2855 1504 2922 ἀκατάσειστον
1533 2857 1764 2928 πύργον,
1797 2858 1891 2911 καί⁵

314 2948 784 3018 καθοπλισάμενος
812 2951 935 3012 ταῖς
991 2950 1340 3021 ἀγρυπνίαις,
1376 2951 1469 3004 καὶ
1513 2953 1636 3014 ταῖς
1667 2952 1892 3015 πολλαῖς

1989 579 2206 627 noctem
2229 575 2709 638 collustrantes,et
2733 575 3136 644 tranquillitate
3165 577 3385 646 propria
3417 580 3570 632 omni

1991 664 2363 720 concitatione
2389 681 2560 720 vacua
2583 649 2838 736 portuum
2883 669 3317 738 prapuguacnla,
3353 667 3570 723 facilem

1991 755 2248 810 omnibus
2288 765 2777 825 praemOnstrautes
2805 757 2971 820 viam,
3007 768 3067 810 ut
3105 759 3225 813 sine
3250 759 3571 815 discrimine

1992 847 2468 917 perturbationum
2504 848 2748 918 impetus
2795 847 3154 902 declinarent.
3182 849 3263 904 Tu
3298 867 3427 906 vero
3458 854 3576 922 ipse

1995 947 2078 992 tot
2114 938 2328 994 animas
2361 939 2464 994 sub
2508 948 2774 1010 potestate
2813 940 3024 994 habens
3074 942 3264 994 virtuti
3315 943 3574 1000 exsilium

1994 1032 2315 1102 imperasti,
2376 1033 2646 1103 longeque
2689 1047 2809 1087 eam
2883 1033 3095 1102 pulsam
3157 1035 3572 1099 exterminasti;

1995 1122 2294 1192 impietatis
2347 1137 2475 1175 vero
2527 1123 2771 1178 tenebris
2826 1131 2881 1176 et
2937 1123 3324 1192 perversitatis
3377 1124 3572 1178 faciem

1993 1220 2141 1266 tuam
2183 1211 2372 1265 libenti
2415 1213 2601 1265 animo
2644 1212 2918 1282 contegis,
2959 1221 3014 1266 et
3048 1211 3101 1266 in
3153 1229 3359 1283 pravos
3394 1229 3577 1269 mores

1991 1310 2045 1358 et
2067 1309 2448 1373 tempestates,
2481 1310 2535 1355 et
2580 1318 2859 1371 nunquam
2894 1311 3176 1357 cessantes
3233 1305 3426 1360 turbas
3463 1303 3574 1356 fra-

1993 1403 2105 1452 tres
2137 1394 2392 1464 conjicis,
2417 1402 2476 1448 et.
2505 1393 2801 1448 salvandos
2836 1393 2888 1447 in
2936 1394 3300 1464 perditionem
3335 1398 3575 1449 maxima

1992 1483 2344 1538 contentione
2385 1481 2692 1552 protrudis.
2758 1481 2819 1535 Et
2876 1483 3001 1550 quis
3037 1492 3104 1536 "te
3159 1498 3188 1535 a
3234 1485 3575 1554 sempiterna

1994 1587 2156 1643 poma
2189 1572 2489 1628 liberabit?
2520 1591 2538 1623 ι
2571 1569 2937 1626 Tremendum
2957 1588 3194 1642 namque
3213 1582 3300 1628 est
3333 1574 3578 1643 incidere

1993 1641 2049 1718 in
2081 1678 2279 1717 manus
2306 1661 2400 1717 Dei
2433 1662 2676 1716 viventis
2700 1662 2768 1714 ".
2813 1680 2836 1712 ι
3107 1641 3118 1642 ί
3509 1641 3534 1658 “”

2333 1752 2513 1806 LVlll.
2549 1783 2621 1793 ——
2660 1750 2873 1807 AETIO
2905 1752 3258 1809 MONACHO.

2059 1844 2513 1914 Quandoquidem
2539 1860 2648 1900 non
2680 1845 3029 1909 humilitatis,
3068 1847 3164 1901 sed
3189 1847 3371 1902 inanis
3389 1849 3581 1919 gloriae

1990 1941 2165 2008 gratia
2199 1938 2502 1994 lectionem
2533 1938 2802 2008 capessis,
2831 1947 3120 2008 prepterea
3152 1940 3207 1993 in
3239 1949 3292 1994 te
3320 1956 3574 2010 perseve-

1990 2037 2075 2082 rat
2116 2027 2498 2082 fornicationis
2540 2028 2772 2086 tentatio
2805 2046 2819 2080 :
2859 2045 3036 2098 neque
3081 2030 3228 2084 enim
3283 2034 3579 2090 counnode

1991 2117 2205 2174 accedit
2241 2117 2526 2187 insipienti
2587 2118 2787 2182 luxus,
2832 2135 3009 2188 neque
3056 2120 3318 2189 superbia
3386 2119 3578 2176 inﬂato

1989 2217 2254 2280 perpetua
2292 2210 2494 2276 lectio,
2547 2217 2602 2264 et
2637 2209 2896 2266 sublimis
2951 2210 3217 2268 dictionis
3269 2214 3574 2282 possessio.

1989 2303 2243 2372 Cognitio
2285 2302 2556 2371 siquidem
2612 2301 2796 2356 inania
2830 2303 3206 2369 meditantem,
3254 2313 3308 2357 et
3343 2303 3575 2360 demen-

1991 2402 2126 2454 tem,
2169 2409 2234 2446 ar.
2276 2400 2459 2448 mente
2508 2403 2728 2462 captum
2787 2393 2970 2456 inﬂat,
3021 2402 3076 2449 et
3131 2395 3369 2465 superbo
3391 2404 3570 2460 nocet,

1990 2483 2451 2553 quemadmodum
2493 2483 2678 2536 vinum
2733 2483 2884 2537 febre
2929 2483 3222 2538 laboranti.
3275 2482 3574 2554 Quousque

1991 2579 2176 2646 itaque
2205 2577 2372 2630 animi
2407 2576 2674 2646 superbia
2710 2582 2973 2630 evacuate
3007 2589 3116 2630 non
3155 2585 3274 2637 est,
3317 2592 3577 2640 necessa-

1991 2666 2073 2719 rio
2091 2665 2303 2718 daemon
2335 2665 2630 2719 imminens
2652 2664 2872 2734 premit,
2895 2662 3253 2734 inﬂetumque
3273 2665 3569 2735 redarguit.

1994 2756 2052 2809 Si
2076 2769 2212 2810 vero
2235 2754 2506 2826 lmtibi
2529 2757 2583 2810 in
2609 2758 2794 2810 animo
2813 2763 2920 2817 est,
2945 2771 3070 2810 eum
3091 2771 3256 2825 quam
3283 2757 3571 2822 citissime,

1993 2845 2168 2898 solum
2199 2852 2430 2907 vertere,
2464 2845 2688 2908 intueri,
2713 2846 2780 2900 ad
2818 2845 3143 2898 humilitatis
3160 2846 3352 2899 turrim
3384 2847 3575 2901 incon-

1991 2953 2210 2992 cussam
2243 2939 2513 2997 accedito,
2547 2933 2710 3008 teque
2745 2939 2972 3009 vigiliis,
3001 2946 3057 2993 et
3090 2940 3276 2994 multis
3310 2941 3574 2994 orationi-

315 3044 669 3112 προσευχαῖς,
697 3042 793 3095 καὶ
827 3045 894 3112 τῇ
928 3042 1036 3095 τῶν
1060 3041 1292 3112 ψαλμῶν
1347 3041 1548 3114 ἐπῳδῇ,
1591 3043 1889 3116 ὀφθαλμοῖς

1995 3029 2118 3089 bus.
2135 3039 2189 3083 et
2217 3031 2547 3098 psalmorum
2571 3039 2757 3092 cantu,
2779 3030 2945 3085 veluti
2967 3031 3574 3098 armaturainstruens,

315 3135 621 3207 θεωρήσεις
648 3134 742 3188 τοῦ
767 3133 963 3206 ἐχθροῦ
984 3134 1083 3206 τὴν
1114 3136 1413 3189 ἀπώλειαν.

633 3225 760 3280 Ne.
801 3255 866 3269 .-
907 3226 1235 3280 XAPl'le
1265 3225 1576 3300 ΜΟΝΑΧῼ.

387 3317 504 3372 οὐκ
533 3317 680 3370 ἐστιν
709 3316 950 3388 ἁμαρτία
980 3319 1042 3394 τὸ
1085 3316 1221 3389 πρὺς
1254 3315 1430 3388 βραχὺ
1478 3318 1796 3390 προσελθεῖν
1824 3323 1890 3392 τῇ

315 3409 684 3484 καθ’-ἡμέραν
729 3412 903 3481 τροφῇ
958 3410 1016 3462 ἐν
1075 3411 1141 3480 τῇ
1189 3410 1498 3483 τεταγμένῃ
1525 3410 1666 3482 ὥρᾳ.
1694 3411 1812 3484 Χρὴ
1835 3414 1896 3467 δὲ

315 3481 501 3553 λοιπὸν
533 3499 671 3571 μετά
692 3500 754 3554 τὸ
791 3484 1332 3571 προσταπεινωθῆναι
1361 3503 1424 3571 τῇ
1459 3481 1630 3574 χρεία
1667 3481 1760 3556 τοῦ
1797 3481 1895 3558 σώ-

323 3608 511 3661 ματος,
541 3590 713 3656 ὀξέως
758 3591 919 3644 πάλιν
978 3591 1059 3652 είς
1114 3588 1206 3641 τὸν
1251 3589 1478 3665 οὐρανὸν
1527 3589 1727 3663 κοῦφον
1760 3596 1892 3647 ἀνα-

295 3669 563 3750 ’πέμπειν
593 3681 656 3734 τὸ
679 3681 954 3753 φρόνημα,
975 3681 1142 3752 μηδὲν
1166 3681 1224 3734 ιν
1246 3681 1395 3752 αὐτῷ
1418 3685 1894 3758 συνανακουφίςων

318 3773 434 3827 τῶν
454 3772 653 3844 χοῖκῶν
679 3773 1118 3845 φροπισμάτων.
1591 3779 1594 3782 ’
1683 3805 1688 3810 -

669 3865 744 3920 ε’.
777 3896 845 3906 -
879 3865 1174 3937 ΔΔΡΙΑΝῼ
1227 3866 1540 3938 MONAXu.

387 3961 490 4014 Διά
527 3959 582 4013 τί
617 3961 682 4014 ἐκ
731 3959 929 4029 πολλῆς
991 3960 1085 4011 καὶ
1144 3959 1376 4030 ἀκαίρου
1439 3959 1721 4031 φροντίδος
1770 3971 1904 4013 κιν-·

313 4050 558 4114 δυνεύεις
639 4051 719 4112 είς
791 4050 1049 4102 ἀπιστίαν
1119 4053 1343 4112 πεσεῖν,
1400 4050 1717 4122 προσδοκῶν
1754 4049 1890 4103 Θεοῦ

318 4139 742 4208 ἐγιάταλειψιν,
791 4141 884 4194 καὶ
939 4139 1046 4193 τῶν
1091 4139 1412 4210 ἐπιτηδείων
1469 4140 1568 4210 τὴν
1622 4138 1886 4212 ἔλλειψινς

325 4232 518 4300 Ἔχεις
541 4230 646 4301 γὰρ
669 4231 733 4302 δὴ
783 4233 921 4295 τέως
969 4231 1121 4296 τινὰς
1162 4232 1611 4302 ἐπικουροῦντας,
1664 4232 1760 4287 καὶ
1791 4235 1890 4305 τῆς
1920 4283 1924 4286 .

321 4318 526 4388 πολλῆς
567 4335 658 4372 σου
718 4319 1003 4383 ἀσθενείας
1059 4318 1656 4398 ἀντιλαμϐανομένους,
1690 4321 1782 4375 τόν
1825 4338 1887 4374 τε

1995 3120 2170 3176 hostis
2201 3120 2563 3190 perditiOnem
2598 3119 2774 3176 oculis
2811 3121 3143 3190 conspicies.
3289 3191 3293 3196 '

2257 3209 2394 3264 LIX.
2417 3199 2490 3250 4-
2514 3207 2892 3265 CHARITONI
2943 3209 3298 3268 MONACHO.

2062 3301 2182 3358 Non
2213 3310 2298 3359 est
2333 3310 2632 3372 peccatum
2665 3317 2760 3371 per
2794 3303 2955 3359 breve
2991 3311 3207 3373 tempus
3253 3305 3575 3374 praescripta

1997 3394 2132 3450 hora
2193 3395 2258 3450 ad
2315 3395 2699 3465 quotidianum
2751 3395 2952 3449 victum
3011 3396 3290 3451 arwdere.
3347 3396 3574 3466 Oportet

1995 3504 2145 3551 vero,
2181 3497 2468 3558 postquam
2503 3502 2562 3543 se
2606 3486 2878 3557 quispiam
2944 3489 3270 3543 necessitate
3322 3491 3573 3560 corporis

1995 3578 2322 3639 humiliavit.
2342 3593 2504 3648 quam
2541 3579 2816 3633 citissime
2846 3595 3063 3634 rursum
3092 3580 3160 3634 ad
3197 3580 3395 3634 caelum
3423 3583 3572 3651 rogi"-

1995 3671 2253 3726 tationem
2301 3670 2580 3741 expedire,
2616 3671 2752 3724 nihil
2811 3687 2998 3727 secum
3046 3687 3110 3726 cx
3154 3673 3390 3726 terrenis
3418 3675 3570 3730 curis

1991 3761 2374 3818 attrabentem.
2569 3761 2578 3768 ’

2291 3851 2405 3906 LX.
2437 3885 2510 3894 —
2543 3850 2850 3907 ADRIANO
2903 3852 3258 3910 MONACIIO.

2063 3943 2235 4010 Quam
2267 3943 2337 3998 ob
2360 3958 2584 3998 causam
2625 3957 2689 3998 ex
2721 3945 2946 3998 immani
2983 3945 3404 4016 importunaqoe
3434 3963 3566 4004 cura

1991 4033 2309 4089 amittendae
2361 4035 2482 4088 ﬁdei
2549 4035 2602 4088 in
2663 4034 2960 4089 discrimen
3013 4038 3202 4100 venis,
3273 4041 3566 4111 suspicans

1992 4126 2160 4181 Deum
2219 4135 2272 4182 te
2322 4127 2754 4189 derelicturum,
2815 4135 2871 4181 et
2916 4130 3226 4183 necessaria
3280 4131 3570 4188 defutura?

1993 4217 2172 4271 Habes
2211 4216 2356 4270 enim
2393 4217 2448 4270 in
2488 4217 2636 4271 hunc.
2669 4215 2813 4272 diem
2849 4217 3168 4285 nonnullos,
3197 4221 3292 4290 qui
3332 4221 3430 4276 tibi
3463 4223 3566 4277 mi-

1992 4312 2252 4373 nistrant,
2287 4315 2342 4363 et
2385 4309 2438 4362 in
2471 4309 2621 4379 gravi
2656 4309 2758 4364 hac
2807 4319 2899 4364 tua
2956 4311 3276 4380 aegritudine
3319 4313 3569 4370 subsidio

316 4411 498 4466 πάντα
522 4408 734 4474 ἔνδοξον
773 4408 1125 4479 ἰλλούστριον
1156 4411 1382 4482 Ἥρωνα
1435 4410 1577 4464 πάνυ
1610 4411 1719 4464 ἀπὸ
1751 4428 1890 4484 καρ-

1995 4403 2242 4468 veniunt,
2275 4409 2330 4457 et
2383 4402 2526 4476 inter
2555 4403 2696 4456 alios
2729 4417 2922 4457 omnes
2963 4403 3225 4475 inclytum
3267 4407 3568 4462 illustrem-

313 4501 434 4564 δίας
454 4501 585 4563 τοὺς
623 4499 888 4570 μοναχοὺς
925 4499 1168 4560 σέϐοντα.
1228 4500 1437 4554 καὶτὸν
1469 4499 1564 4554 τοῦ
1583 4502 1892 4569 ἀγιωτάτου

315 4589 620 4644 ἐπισκόπου
654 4587 990 4657 ἀδελφιδοῦν,
1041 4588 1135 4642 καὶ
1165 4587 1326 4641 αὑτὸν
1379 4585 1759 4658 φιλομόναχον,
1801 4587 1894 4641 καὶ

313 4682 416 4748 τὴν
440 4679 778 4749 σεμνοτάτην
823 4678 1070 4732 διάκονον
1111 4678 1206 4731 τοῦ
1274 4677 1512 4747 Χριστοῦ
1571 4678 1892 4750 Θεοδούλην.

315 4765 467 4838 Πλὴν
501 4769 596 4820 καὶ
634 4767 853 4832 τούτους
888 4769 954 4822 ἂν
976 4767 1100 4840 δόξῃ
1145 4767 1484 4838 τελευτῆσαι.
1505 4769 1614 4840 πρὸ
1633 4769 1728 4824 τοῦ
1758 4773 1895 4826 ἀπο-

315 4861 504 4913 θανεῖν
525 4876 610 4923 σε,
635 4859 850 4924 πάντως
877 4859 1090 4930 βλέπων
1119 4862 1146 4912 ὁ
1165 4859 1297 4924 Θεὸς
1329 4859 1392 4912 τὸ
1425 4862 1620 4930 πρᾶον,
1645 4863 1742 4916 καὶ
1761 4862 1896 4933 ἡσύ-

315 4967 438 5022 χιον
464 4951 564 5020 τῆς
577 4950 758 5020 ψυχῆς
811 4967 928 5016 σου,
977 4951 1076 5021 τήν
1127 4967 1186 5002 τε
1225 4951 1676 5022 ἀπραγμοσύνην,
1707 4955 1802 5007 καὶ
1829 4954 1894 5006 τὸ

313 5040 672 5112 ἀπερίεργον,
712 5043 807 5095 καὶ
828 5043 926 5112 τὴν
963 5042 1098 5112 πρὸς
1126 5043 1186 5096 τὸ
1217 5045 1466 5114 κρεῖττον
1485 5043 1694 5115 ἀγαθὴν
1724 5061 1894 5115 προσ-

312 5135 556 5206 εδρείαν,
610 5134 672 5200 ἐξ
728 5134 1010 5206 ἀμηχάνου
1061 5134 1270 5206 πέμψει
1322 5152 1405 5189 σοι
1431 5136 1559 5198 τοὺς
1580 5135 1894 5207 διακονῆσαι

310 5227 462 5298 πρὸς
490 5226 589 5297 τὴν
614 5226 804 5297 χρείαν
841 5226 1172 5296 ὀφείλοντας.
1215 5227 1451 5281 Δύναται
1471 5226 1581 5298 γὰρ
1609 5229 1637 5282 ὁ
1672 5228 1802 5292 Θεὸς
1829 5231 1894 5282 ἐκ

307 5319 427 5372 τῶν
461 5317 627 5370 λίθων
651 5317 854 5372 τούτων
881 5318 1150 5390 ἐξεγεῖραι
1201 5321 1327 5384 τοὺς
1358 5319 1655 5392 προθύμως
1684 5320 1894 5394 ὑπηρε-

308 5406 658 5477 τησομένους
682 5411 795 5472 τοῖς
813 5409 903 5463 τὸν
933 5411 1141 5482 μονήρη
1177 5411 1598 5483 μετερχομένοις
1625 5411 1756 5483 βίον.
1795 5413 1891 5478 Τίς

309 5507 426 5571 γαρ
448 5497 515 5570 δὴ
543 5499 606 5552 οὗ
639 5501 756 5570 μετ’
789 5500 997 5566 ίκεσίας
1030 5501 1229 5576 πολλῆς
1281 5495 1616 5576 χωρηγήσει,
1641 5504 1705 5557 οὐ
1728 5504 1891 5575 μόνον

1987 4508 2094 4562 que
2124 4491 2418 4557 Heronem,
2451 4493 2617 4548 nimis
2651 4509 2718 4547 ex
2750 4495 2915 4550 corde
2949 4497 3234 4552 monachis
3261 4498 3564 4561 addictum,

1987 4595 2040 4641 et
2078 4586 2414 4641 sanctissimi
2459 4586 2700 4656 episcopi
2733 4603 2794 4641 ex
2840 4586 3010 4641 l‘ratre
3056 4597 3328 4659 nepotem,
3371 4590 3464 4658 qui
3511 4599 3568 4645 et

1988 4679 2107 4747 ipse
2137 4679 2437 4732 monachos
2482 4678 2676 4747 diligit,
2713 4686 2766 4734 et
2795 4681 3318 4735 venerabilissimam
3363 4681 3566 4736 Chriin

1988 4767 2361 4823 diaconissam
2393 4766 2752 4823 Tlteodulam.
2786 4769 2851 4823 Et
2874 4772 2998 4825 licet
3035 4771 3114 4834 bi,
3142 4780 3431 4840 antequam
3453 4773 3569 4842 ipse

1990 4860 2101 4914 vita
2134 4859 2405 4932 fungaris,
2441 4859 2586 4914 diem
2613 4857 2774 4915 suum
2831 4861 3088 4924 obierint,
3130 4859 3274 4917 Deus
3315 4877 3567 4918 mansue-

1993 4952 2261 5015 tudinem,
2299 4961 2352 5007 et
2383 4953 2620 5022 quietem
2653 4953 2848 5007 animm
2871 4962 2977 5009 tua:
3029 4954 3297 5019 intuitus,
3352 4969 3568 5010 necnon

1988 5043 2466 5112 tranquillitatem,
2491 5052 2545 5098 et
2577 5044 2802 5099 minime
2831 5044 3104 5101 curiosam
3138 5045 3566 5116 simplicitatem,

1989 5134 2336 5205 optimosque
2365 5134 2434 5189 ad
2463 5135 2691 5190 meliora
2722 5143 2975 5199 conatus,
2996 5151 3062 5191 ex
3093 5137 3388 5206 improviso
3412 5136 3568 5209 14⁸1

1989 5234 2188 5295 mittet,
2225 5230 2328 5300 qui,
2351 5230 2667 5286 necessitati
2691 5237 2800 5285 tua
2829 5229 3167 5286 ministrent.
3205 5230 3390 5288 Potest
3423 5232 3570 5288 enim

1993 5323 2133 5380 Deus
2163 5338 2228 5379 ex
2261 5321 2534 5394 lapidibus
2560 5321 2714 5378 hisce
2743 5322 3014 5379 suscitare
3034 5324 3102 5389 “,
3136 5324 3230 5394 qui
3261 5323 3568 5380 libentissi-

1999 5431 2086 5472 me
2116 5416 2204 5481 iis,
2231 5416 2325 5488 qui
2370 5415 2730 5478 monasticam
2770 5415 2939 5470 vitam
2978 5419 3406 5484 amplectuntur,
3436 5415 3572 5470 sub-

2001 5509 2266 5564 serviant.
2318 5506 2532 5565 Etenim
2565 5507 2687 5581 quis
2717 5521 2853 5578 non,
2890 5507 3059 5566 etiam
3087 5508 3414 5584 ingentibus
3444 5519 3574 5580 pre-

389 5671 457 5746 ⁸⁸.
482 5669 524 5727 ll
562 5671 708 5727 Ριίν.
753 5691 790 5740 1,
830 5675 916 5730 19.
992 5676 1038 5709 ⁸⁸
1072 5674 1237 5732 Hebr.
1279 5691 1344 5742 ἰ,
1373 5677 1462 5734 51.
1540 5681 1584 5714 ⁸⁸
1606 5679 1795 5736 Matth,
1823 5695 1905 5750 ιιι,
1940 5681 1994 5735 9,
2078 5728 2087 5737 ,

3985 4069 3993 4260 1

3983 5077 3987 5228 ξ

3983 5231 3987 5310 Ἒ
