4012 6196
3052 196 3129 226 ,με

317 255 427 318 229
1515 251 1636 312 ΕΡ]
1645 251 1881 313 ΞΤΟΙΑ

1994 251 2049 310 Μ
2090 251 2234 313 LIB.
2278 253 2365 313 ΙΙ.
3490 258 3598 329 23;)

320 364 471 430 ἀγὼν
541 360 968 431 δυσχερέστερος
1029 361 1198 422 ἐστιν,
1234 360 1352 413 ἐκεῖ
1391 358 1489 429 μὲν
1526 360 1633 429 γάρ
1660 356 1881 431 ἀθλητῶ

2013 367 2261 412 nostrum
2295 356 2625 415 laboriosius
2656 366 2739 413 est
2776 378 2788 412 :
2823 358 2895 414 ibi
2933 361 3077 416 enim
3116 363 3444 418 athletarum
3475 382 3599 421 eor-

322 461 555 525 σώματα
618 453 860 507 κλίνεται
917 451 1209 525 ὀρθοῦσθαι
1243 451 1443 522 ῥᾳδίως
1487 450 1780 519 δυνάμενα,
1826 450 1881 501 ἐν

2015 462 2172 517 pora,
2200 466 2317 519 quae
2350 449 2495 504 facili
2529 450 2747 521 negotio
2779 450 2915 519 erigi
2958 452 3165 517 valent,
3194 455 3599 523 incurrantur;

316 547 496 601 ταῦθα
523 546 580 599 δὲ
612 544 784 616 ψυχαὶ
820 544 1279 608 καταπίπτουσιν,
1313 542 1378 606 ἀς,
1402 542 1550 609 ἅπαξ
1585 539 1881 612 ἀνατραπεί

2014 541 2212 596 anima:
2235 542 2553 606 concidunt,
2588 557 2725 612 quas
2761 543 2930 597 semel
2985 544 3230 601 inversas
3269 564 3357 601 Vix
3391 549 3595 617 erigas.

319 654 437 704 σας,
466 638 619 707 μόλις
644 637 736 688 εστ
749 653 795 689 ιν
833 637 1136 705 ἀνεγεῖραι.

601 728 717 781 εΔο.
750 756 820 769 -ρ
848 727 1189 798 ΓΡΗΙὊΡΙῼ
1219 714 1621 797 ΗΓΟΥΜΕΝῼ.

2296 720 2478 776 LXIV.
2510 752 2579 761 —
2610 719 2965 775 GBEGORIO
3004 722 3273 781 ABBATI.

388 820 631 892 Μωῦσῆς
657 822 686 873 ὁ
722 828 895 889 μεγας
928 818 1256 889 ἱεροφάντης
1298 816 1403 882 ἔξω
1428 816 1528 886 τῆς
1554 814 1881 889 παρεμϐολῆς

2080 810 2295 884 Moyses
2326 829 2558 882 magnus
2588 814 2683 869 ille
2708 829 2992 869 sacrorum
3021 818 3255 872 antistes
3288 827 3440 871 extra
3500 835 3593 874 ca-

316 912 631 981 πηξάμενος
663 909 762 980 τὴν
793 908 1023 980 σκηνὴν,
1060 907 1235 979 δηλοῖ,
1290 906 1367 970 ὡς
1409 906 1629 978 μακράν
1671 905 1881 978 θορύδοτ

2007 912 2120 961 stra
2149 905 2562 959 tabernaculum
2618 907 2959 961 constituens
2989 908 3037 938 ⁷⁵
3080 909 3299 972 innuit,
3361 912 3518 981 longe
3561 928 3592 965 a

316 1003 616 1075 πολεμικοῦ
646 1004 753 1073 χρὴ
788 1001 881 1055 τὸν
907 999 1225 1054 διδάσκαλον
1260 995 1421 1064 εἶναι,
1468 1000 1561 1052 καὶ
1591 1000 1779 1071 πόρρω
1806 997 1881 1052 τοὶ

2004 997 2242 1052 tumultu
2275 996 2470 1051 bellico
2499 1004 2754 1067 oportere
2802 998 3124 1065 magistrum
3158 1014 3303 1059 esse,
3341 1007 3395 1053 et
3432 1002 3593 1071 longe

316 1097 667 1167 πεφυρμένου
703 1092 1032 1148 άπόκεισθαι
1074 1091 1478 1163 στρατοπέδου,
1520 1089 1657 1161 πρὸς
1695 1091 1881 1161 εἰρηνι-

2003 1089 2073 1146 ab
2105 1089 2323 1158 impuro
2353 1090 2684 1144 commorari
2722 1090 2965 1143 exercitu
2996 1129 3009 1153 ,
3044 1088 3109 1141 ad
3144 1089 3422 1157 paciﬁcum
3468 1094 3592 1146 nul-

317 1187 432 1252 κδν,
465 1186 560 1239 καὶ
591 1184 938 1255 ἀπολέμητον
978 1182 1322 1253 μεταστάντα
1354 1180 1491 1250 βίον.
1594 1196 1599 1197 ⁷

2001 1181 2162 1251 loque
2194 1179 2430 1233 tumultu
2465 1179 2663 1234 bellico
2694 1191 2947 1233 vexatam
2996 1181 3137 1232 viam
3184 1189 3588 1237 transvectum.

677 1275 799 1327 εει.
820 1303 891 1313 -
913 1272 1217 1341 θεοΑορο
1243 1270 1553 1341 ΜΟΝΑΧῼ.

2247 1270 2407 1325 LXV.
2445 1303 2510 1314 —
2557 1269 2933 1326 THEODORO
2975 1271 3330 1327 MONACHO.

389 1369 453 1422 El
480 1367 561 1438 τῷ
590 1364 738 1437 ζυγῷ
769 1365 873 1436 τῆς
902 1362 1261 1433 πανευφήμου
1302 1361 1584 1431 ὑποταγῆς
1603 1399 1617 1423 ,
1656 1360 1748 1413 τὸν
1794 1358 1881 1429 τῆς

2069 1361 2128 1418 Si
2175 1362 2310 1433 iugo
2356 1363 2824 1419 decantatissimte
2870 1362 3198 1417 obedientiaa
3255 1364 3449 1419 animae
3479 1373 3589 1419 tua:

313 1460 499 1530 ψυχῆς
528 1476 620 1511 σου
652 1456 850 1526 αὐχένα
875 1454 1191 1516 ύπίκλινας,
1244 1452 1319 1524 μὴ
1354 1450 1881 1524 πολυπραγμονήσας

1996 1455 2266 1510 cervicem
2301 1448 2626 1518 submisisti,
2664 1469 2730 1507 ne
2761 1453 2963 1513 anxius
3012 1454 3289 1523 nimisque
3330 1456 3588 1511 curiosus

313 1553 419 1613 τάς
439 1549 741 1621 οἰκονομίας
768 1547 863 1602 τοῦ
895 1544 1263 1619 προεστῶτος,
1296 1544 1455 1615 μόνον
1486 1545 1543 1597 δὲ
1575 1543 1643 1596 τά
1665 1545 1881 1595 ἐπιτασ-

1995 1546 2303 1616 superioris
2327 1548 2409 1601 tui
2441 1547 2519 1604 rei
2558 1546 2850 1602 familiaris
2890 1545 3421 1604 administrationem
3452 1564 3588 1603 exa-

317 1643 527 1713 σόμενά
553 1659 658 1707 σοι,
695 1639 796 1694 κᾶν
826 1638 1021 1710 βαρέα,
1052 1638 1146 1691 καὶ
1180 1636 1411 1691 ἐπίπονα
1438 1637 1718 1706 τυγχάνοι,
1756 1650 1881 1704 σιτριι¹

1996 1641 2207 1706 mines;
2249 1649 2471 1695 tantum
2504 1657 2567 1697 ea
2598 1655 2718 1712 qum
2747 1640 2844 1694 tibi
2876 1640 3261 1709 imponuntur,
3295 1643 3426 1696 licet
3462 1659 3587 1712 gra-

316 1702 508 1805 θύμως
532 1702 704 1787 ποιεῖν
731 1702 1024 1794 σπούδαζε.
1054 1731 1129 1783 Τὸ
1165 1730 1276 1800 γὰρ
1307 1702 1769 1800 περιεργάζεσθαι
1792 1702 1881 1791 τάς

1995 1734 2079 1787 via
2109 1741 2162 1789 et
2193 1733 2471 1790 laboriosa
2507 1735 2646 1797 sint,
2690 1733 2857 1787 alacri
2907 1735 3111 1797 animo,
3146 1745 3205 1788 ut
3243 1733 3453 1790 efllcias
3500 1737 3584 1790 in-

313 1827 410 1879 τοῦ
438 1825 755 1879 διδασκάλου
794 1823 1132 1893 οἰκονομίας,
1177 1821 1274 1875 καὶ
1324 1820 1644 1891 δοκιμάζειν
1686 1818 1881 1874 ὲθέλειι

1995 1825 2211 1880 cumbe.
2243 1824 2477 1882 Curiose
2501 1840 2739 1895 namque
2769 1824 3015 1890 magistri
3041 1825 3580 1886 administrationum

310 1921 380 1974 τὰ
411 1918 539 1992 παρ’
586 1917 757 1973 αὑτοῦ
805 1914 1285 1987 προστασσόμενα,
1321 1911 1581 1984 ἐμπόδιόν
1620 1913 1735 1966 ἑστι
1760 1938 1761 1943 π
1791 1911 1893 1981 τῆς

306 2004 425 2081 σῆς
469 2009 773 2080 προκοπῆς.
820 2008 895 2061 Oi)
943 2007 1051 2078 γάρ
1085 2007 1150 2077 δή
1210 2003 1431 2068 πάντως
1485 2006 1621 2076 ὅπερ
1660 2003 1886 2057 πιθανὸν

306 2104 402 2155 καὶ
432 2100 652 2168 εὔλογον
687 2099 935 2169 φαίνεται
967 2098 1044 2169 τῷ
1084 2095 1318 2168 ἀπείρῳ,
1341 2094 1504 2149 τοῦτο
1546 2096 1643 2148 καὶ
1674 2093 1889 2166 ἀληθῶς

306 2192 529 2261 εῦλογόν
569 2193 749 2245 ἐστιν·
794 2189 972 2253 ἄλλως
1011 2188 1121 2260 γάρ
1160 2189 1189 2242 ό
1230 2187 1504 2260 τεχνίτης,
1539 2185 1633 2240 καὶ
1663 2185 1835 2249 ἄλλως
1860 2186 1890 2238 ό

308 2285 698 2356 ἀνεπιστήμων
740 2283 915 2355 κρίνει
976 2280 1045 2335 τά
1088 2280 1188 2351 τῆς
1239 2281 1455 2352 τέχνης.
1484 2278 1689 2333 Κανόνι
1719 2277 1828 2349 γάρ
1859 2278 1891 2331 ό

231 2434 249 2445 ,
309 2376 410 2446 μὲν
432 2378 496 2446 τῇ
528 2375 813 2446 ἐπιστήμῃ
839 2372 1123 2446 κέχρηται.
1156 2375 1184 2427 ὁ
1212 2371 1269 2426 δὲ
1307 2370 1386 2443 τῷ
1411 2370 1612 2424 εἰκότιο
1638 2368 1701 2422 τὸ
1727 2368 1784 2421 δὲ
1813 2370 1889 2421 εί-

305 2465 403 2529 κδς
434 2464 683 2533 ὀλιγάκις
742 2463 842 2534 μὲν
877 2463 1198 2535 στοχάζεται
1251 2460 1355 2531 τῆς
1411 2458 1691 2530 ἀληθείας,
1721 2457 1793 2511 τά
1826 2457 1886 2511 δὲ

304 2556 483 2609 πολλά
511 2555 899 2626 ἀποτυγχάνει,
935 2554 1136 2627 μᾶλλον
1162 2553 1263 2625 τῆς
1294 2552 1586 2627 ὀρθότητος
1623 2550 1759 2622 πρὸς
1786 2551 1888 2620 τὴν

302 2645 524 2716 ἀπάτην
547 2643 667 2714 ἔχον
695 2644 793 2715 τὴν
835 2642 1181 2712 συγγένειαν.
1828 2656 1831 2661 '

672 2735 807 2804 εσυ.
842 2764 914 2775 -
940 2735 1163 2805 manu
1205 2733 1515 2805 ΜΟΝΔΧῼ.

377 2825 445 2879 Τί
471 2843 551 2901 σοι
597 2825 788 2897 δφελος
832 2825 936 2896 τῆς
982 2824 1269 2892 ξενιτείας,
1317 2825 1412 2877 καὶ
1442 2822 1538 2876 τοῦ
1584 2822 1748 2875 πόνου
1780 2820 1886 2892 τῆς

301 2919 615 2988 ἀσκήσεως,
663 2918 756 2971 καὶ
801 2917 901 2987 τῆς
946 2916 1146 2988 πολλῆς
1177 2914 1567 2987 ταλαιπωρίας,
1623 2914 1782 2968 πάλιν
1815 2916 1880 2986 τῇ

303 3010 507 3081 καρδία
538 3011 617 3072 εις
669 3009 943 3077 Αἴγυπτον
990 3006 1362 3079 στρεφομένῳ,
1405 3005 1502 3059 καὶ
1534 3006 1883 3077 καθεκάστην

302 3100 497 3169 σχεδὸν
538 3100 751 3172 ἡμέραν
780 3098 869 3156 διά
894 3098 1002 3153 τῶν
1026 3098 1323 3152 ἐπιστολῶν
1351 3100 1464 3162 τοῖς
1477 3098 1697 3160 οἰκείοις
1713 3113 1881 3169 προσ-

299 3191 602 3262 ομιλοῦντι,
644 3193 737 3244 καὶ
762 3191 840 3263 τῷ
886 3190 1134 3263 διαπύρῳ
1184 3189 1391 3262 φίλτρῳ
1421 3189 1522 3261 τῆς
1562 3186 1884 3257 συγγενείας

298 3281 773 3351 ἀποσφαλλομένῳ
828 3282 931 3351 τῆς
983 3279 1361 3350 τελειότητοςς
1416 3279 1572 3350 Τάχα
1625 3280 1734 3349 γάρ
1782 3279 1884 3332 οὐκ

300 3377 544 3447 ἤκουσας
588 3373 679 3427 τοῦ
714 3373 919 3443 Κυρίου
950 3364 1312 3441 ἐπιτιμῶντος
1339 3374 1407 3442 τῇ
1457 3372 1646 3443 Μαρίᾳ.
1678 3372 1738 3424 ἐν
1770 3372 1883 3435 τοῖς

304 3467 626 3536 συγγενέσιν
654 3465 987 3536 ὲπιζητούσῃ
1017 3464 1199 3529 αὐτὸν,
1226 3464 1324 3517 καὶ
1357 3464 1451 3517 τὸν
1485 3463 1746 3533 φιλοῦντα
1771 3480 1881 3517 πα·-

300 3558 463 3629 τίρα,
489 3558 524 3628 ἢ
560 3556 775 3627 μητέρα
797 3558 939 3626 ὑπὲρ
960 3556 1143 3621 αὑτὸν,
1178 3555 1460 3626 κρίνοντος
1506 3553 1721 3620 ἀνάξιον
1756 3556 1885 3609 ἑαν-

299 3648 422 3715 τοῦ,
454 3650 551 3703 καὶ
576 3648 666 3701 διὰ
704 3650 815 3701 τῶν
859 3649 1030 3718 λόγων
1064 3647 1268 3702 τούτων
1311 3646 1600 3719 ἀραρότως
1644 3647 1883 3718 ἔκλειψιν

298 3742 417 3796 τῶν
443 3742 776 3810 συγγενικῶν
802 3741 1192 3813 ὐποτιθεμένου
1224 3739 1443 3810 δεσμῶν
1467 3758 1479 3805 ;
1526 3741 1588 3793 Et
1616 3739 1750 3808 γοῦν
1782 3756 1883 3793 κα-

298 3831 631 3897 ταλέλοιπας
654 3832 752 3904 τήν
778 3832 1028 3905 Χαρράν,
1059 3833 1197 3903 ὅπερ
1227 3830 1591 3902 ἑρμηνεύεται
1624 3830 1880 3899 τρώγλη,

300 3923 468 3977 τοῦτο
489 3923 545 3976 δὲ
574 3924 823 3994 σημαίνει
852 3923 950 3987 τάς
972 3923 1279 3995 αἰσθήσεις,
1311 3924 1404 3976 καὶ
1431 3924 1495 3974 ὲκ
1518 3922 1618 3991 τῆς
1639 3920 1884 3983 κοιλάδος

298 4017 532 4088 Χεϐρὼν
556 4016 800 4088 ἐξῆλθες,
828 4018 1073 4070 τουτέστι
1102 4014 1210 4069 τῶν
1253 4012 1527 4068 ταπεινῶν
1570 4012 1750 4083 ἔργων
1784 4011 1886 4082 τῆς

304 4108 604 4177 ἁμαρτίας,
632 4108 729 4159 καὶ
751 4108 816 4161 ἐκ
840 4108 937 4176 τῆς
965 4108 1197 4178 ἐρήμου,
1229 4106 1352 4159 καθ’
1384 4105 1453 4176 ῆν
1487 4104 1725 4172 γίνονται
1747 4102 1886 4157 πλά-

319 4218 423 4263 δαι,
457 4197 683 4252 σπεῦσον
710 4199 1122 4270 μετοικισθῆναι
1156 4197 1299 4253 κατά
1343 4198 1470 4260 τοὺς
1513 4196 1882 4266 πατριάρχας,

308 4290 393 4352 είς
421 4288 692 4359 Δωθαεὶμ,
743 4290 991 4344 τουτέστι
1020 4293 1100 4354 εἰς
1128 4290 1226 4361 τὴν
1261 4289 1452 4358 ἱκανὴν
1493 4287 1736 4357 ἔκλειψιν
1785 4286 1883 4356 τῆς

1991 1917 2365 1987 perquisitio,
2447 1926 2503 1971 et
2557 1923 2957 1987 praeceptorum
3013 1915 3161 1970 illius
3214 1917 3467 1993 probatio
3500 1920 3579 1973 tui

1991 2008 2274 2078 profectus
2332 2007 2727 2078 impedimento
2776 2014 2882 2062 est.
2937 2006 3124 2077 Neque
3157 2010 3301 2062 enim
3353 2011 3582 2066 omnino

1990 2099 2136 2171 quod
2171 2114 2303 2156 vero
2331 2098 2514 2155 simile
2578 2113 2643 2153 ac
2694 2098 2896 2153 rationi
2944 2113 3248 2153 consonum
3296 2099 3581 2171 inexperto

1989 2191 2226 2256 videtur,
2277 2191 2380 2246 hoc
2420 2206 2549 2246 vere
2591 2190 2799 2245 rationi
2867 2204 3176 2244 consonum
3253 2197 3357 2243 est.
3408 2190 3582 2246 Aliter

1987 2283 2133 2337 enim
2169 2281 2389 2347 artifex,
2427 2289 2481 2337 et
2508 2281 2669 2337 aliter
2697 2280 2834 2335 artis
2869 2281 3119 2350 ignarus,
3154 2293 3217 2335 ea
3271 2297 3394 2351 quae
3437 2283 3577 2337 artis

1986 2380 2137 2437 sunt,
2166 2372 2473 2442 dijudicat:
2507 2372 2695 2441 regula
2735 2371 2882 2426 enim
2935 2370 3029 2425 ille
3062 2370 3578 2436 quidemseienter

1986 2465 2182 2530 utitur,
2212 2464 2306 2520 hic
2347 2461 2723 2519 convenienti.
2745 2460 2850 2517 Sed
2876 2462 3352 2518 eonveniensraro
3367 2464 3574 2519 verita-

1986 2566 2094 2612 tem
2125 2558 2387 2621 collimat,
2410 2566 2468 2611 ttt
2493 2556 2791 2626 plurimum
2814 2568 2941 2608 vero
2954 2553 3021 2608 ab
3045 2570 3107 2609 ea
3138 2554 3379 2621 aberrat,
3400 2557 3577 2627 magis

1985 2649 2052 2703 ad
2068 2664 2484 2719 erroremquam
2508 2648 2574 2702 ad
2592 2645 3325 2711 rectitutlinem,aflinitatem
3344 2646 3572 2704 habens.

2200 2739 2359 2810 150
2384 2768 2387 2771 ι
2410 2737 2597 2792 LXVI.
2640 2767 2710 2778 -
2744 2735 2973 2791 GALLt)
3008 2735 3361 2796 MONACHO.

2055 2831 2189 2899 Quis
2225 2833 2323 2885 tibi
2360 2848 2497 2887 usus
2531 2829 2705 2884 fuerit
2747 2829 3252 2900 peregrinationis,
3320 2836 3374 2885 et
3416 2846 3576 2885 exer-

1985 2920 2265 2975 citationis
2310 2919 2626 2982 laboriosae,
2654 2928 2723 2978 et.
2759 2928 2866 2974 tam
2913 2919 3175 2975 immanis
3224 2917 3572 2985 afﬂictionis,

1988 3026 2203 3067 rursum
2244 3010 2413 3065 corde
2448 3010 2502 3063 in
2536 3009 2834 3081 Aigyptum
2873 3009 3194 3075 revertenti,
3237 3019 3293 3066 et
3339 3011 3576 3081 singulis

1985 3102 2102 3159 fere
2132 3102 2328 3157 diebus
2358 3116 2455 3171 per
2484 3102 2753 3171 epistolas
2806 3100 3179 3156 familiaribus
3213 3103 3569 3172 colloquentl,

1983 3204 2039 3250 et
2098 3192 2313 3250 ardenti
2351 3193 2705 3265 cognationis
2741 3193 2999 3263 cupidine
3026 3207 3055 3246 a
3099 3193 3435 3263 perfectione
3477 3194 3573 3249 de-

1982 3287 2191 3341 erranti
2219 3285 2241 3339 ‘l
2267 3284 2431 3341 Forte
2460 3286 2607 3341 enim
2651 3302 2759 3340 non
2812 3285 3019 3341 audisti
3045 3284 3334 3340 Dominum
3392 3287 3572 3342 Maria:

1984 3376 2447 3446 exprobrantem,
2477 3375 2625 3446 quod
2656 3375 2801 3430 inter
2840 3362 3284 3445 consanguineos
3307 3390 3430 3429 eum
3482 3376 3570 3429 in-

1983 3468 2298 3538 quireret";
2327 3470 2486 3538 eique
2513 3467 2607 3537 qui
2636 3476 2845 3537 patrem
2878 3474 2931 3520 et
2966 3476 3193 3520 matrem
3244 3465 3365 3537 plus
3402 3482 3568 3536 quam

1984 3558 2138 3615 illum
2190 3568 2424 3623 amaret,
2479 3561 2666 3629 seipso
2713 3557 2997 3629 indignum
3031 3557 3372 3625 judicantem
3400 3559 3468 3620 ",
3513 3566 3569 3612 et

1982 3667 2081 3721 per
2114 3651 2229 3705 haec
2266 3651 2437 3704 verba
2473 3650 2705 3704 firmiter
2747 3651 3285 3719 consanguineorum
3318 3648 3570 3701 vinculo-

1983 3758 2106 3798 rum
2144 3741 2476 3797 solutionem
2540 3741 2990 3811 supponentent?
3039 3739 3225 3808 Itaque
3272 3740 3315 3793 si
3372 3738 3567 3793 dereli-

1984 3834 2154 3903 quisti
2185 3831 2457 3894 Charran,
2482 3822 2611 3902 quia!
2644 3833 3039 3901 interpretatur
3076 3828 3253 3894 nidus,
3301 3829 3389 3883 hic
3436 3844 3567 3883 vero

1983 3924 2165 3978 innuit
2197 3939 2433 3988 sensus,
2469 3933 2525 3977 et
2568 3938 2634 3978 ex
2663 3923 2802 3976 valle
2838 3920 3094 3976 Chebron
3140 3921 3325 3975 exiisti
3356 3922 3427 3984 ".,
3462 3920 3566 3974 hoc

1994 4024 2167 4071 estex
2205 4014 2427 4069 miseris
2464 4014 2671 4084 peccati
2697 4014 2978 4083 cperibus,
3001 4019 3054 4066 et
3077 4028 3141 4067 ex
3171 4011 3387 4067 deserto
3414 4027 3565 4067 erro-

1985 4108 2135 4162 ribus
2161 4106 2423 4172 obnoxio,
2453 4106 2747 4167 contende,
2784 4114 2837 4158 ut
2883 4104 3263 4167 transferaris,
3298 4101 3565 4174 quemad-

1985 4197 2209 4254 modum
2241 4206 2297 4252 et
2325 4198 2674 4267 patriarchae.
2705 4197 2759 4249 in
2794 4196 3042 4250 Dothaim
3068 4195 3136 4259 ⁷⁸,
3189 4195 3293 4249 hoc
3325 4202 3411 4249 est
3445 4192 3565 4267 suf-

1986 4291 2260 4345 ficientem
2320 4287 2595 4343 defectum
2648 4303 2862 4341 carnem
2924 4286 3253 4341 affectionis.
3313 4284 3564 4341 Dotltaim

305 4380 579 4452 σαρκικῆς
602 4381 990 4451 προσπαθείας·
1011 4380 1264 4449 Δωθαεὶμ
1283 4379 1391 4449 γάρ
1412 4379 1592 4444 ἱκανὴ
1611 4377 1881 4445 ἔκλειψις

1989 4396 2227 4451 namque
2264 4381 2537 4449 sufﬁciens
2613 4379 2841 4450 defectus
2915 4378 3340 4447 interpretatur,
3406 4378 3565 4446 cujus

300 4472 690 4544 ἑρμηνεύεται,
722 4467 919 4544 ἧσπερ
954 4473 1231 4541 ἐπιτυχεῖν
1259 4468 1616 4539 ἀγωνίζονται
1651 4468 1876 4532 πάντες,

296 4567 418 4618 ὅσοι
446 4566 732 4637 ὀρέγονται
767 4564 865 4634 τῆς
899 4562 1326 4635 μακαριωτάτης
1359 4559 1645 4622 ἀπαθείας.

333 4662 939 4732 ΞΖ’.--ΕΛΕΥΘΕΡΙΩ
968 4676 1257 4730 ΜοΝΑΧΩ
1284 4675 1420 4727 suo
1447 4670 1848 4726 NOYMEPQN.

371 4832 489 4884 Οὐκ
510 4830 846 4901 ἀποδέχομαι
869 4848 929 4883 σε
961 4831 1093 4902 πρὶν
1116 4829 1347 4900 ἐκκόψαι
1372 4828 1440 4883 τὰ
1464 4827 1633 4898 πάθη,
1662 4845 1733 4897 μυ
1743 4827 1880 4899 ρίαις

295 4923 587 4994 χρώμενον
619 4924 946 4993 συντυχίαις,
998 4924 1093 4976 καὶ
1126 4920 1419 4992 τραύματα
1474 4921 1568 4973 ἐπὶ
1610 4918 1886 4989 τραύμασι

294 5019 366 5085 τῇ
394 5012 606 5084 διανοίᾳ
629 5014 719 5068 διά
758 5014 867 5067 τῶν
890 5014 1194 5086 αἰσθήσεων
1224 5011 1556 5083 σωρεύονται
1581 5051 1597 5072 ,
1649 5010 1744 5063 καὶ
1775 5008 1884 5078 μά-

294 5106 441 5159 λισθ’
490 5107 574 5158 ὅτι
618 5107 677 5172 ἐξ
703 5105 1048 5176 ἠμελημένον
1099 5105 1195 5156 καὶ
1222 5102 1533 5173 ἀκαθάρτου
1574 5099 1690 5170 βίου
1744 5099 1883 5171 προς

294 5198 398 5268 τὴν
446 5196 650 5268 ἀρετὴν
699 5194 796 5250 τοῦ
846 5194 1082 5267 Χριστοῦ
1137 5178 1549 5267 μετοικισθῆναι
1607 5193 1883 5265 προείλου.

294 5290 506 5359 Διόπερ
555 5287 847 5360 θεράπευε,
880 5290 977 5360 μὴ
1007 5289 1193 5359 μέντοι
1240 5286 1442 5353 αῦξανε
1496 5288 1615 5350 ταῖς
1676 5285 1883 5354 ἀφυλάο

293 5395 454 5441 κτοις
510 5381 824 5450 συντυχίαις
868 5381 937 5435 τὰ
969 5382 1252 5452 νοσήματα
1312 5380 1411 5451 τῆς
1444 5379 1643 5450 ψυχῆς.
1694 5378 1878 5431 Ἐοικε

293 5475 407 5543 γάρ
442 5472 471 5525 ό
500 5470 623 5535 νοῦς
648 5471 758 5526 τῶν
796 5472 1124 5544 προσφάτως
1158 5473 1254 5544 τῆς
1284 5473 1482 5537 κακίας
1523 5474 1879 5541 ἀνακεχωρη-

1979 4482 2263 4545 compotes
2296 4473 2410 4529 fieri
2444 4472 2802 4537 contendunt,
2835 4471 3153 4543 quicunque
3186 4470 3562 4527 beatissimam

1978 4565 2130 4621 il'am
2195 4564 2664 4637 perturbationum
2748 4564 3075 4618 vacuitatem
3137 4564 3560 4631 concupiscunt.

2135 4672 2345 4733 LXVII.
2383 4704 2453 4718 -—-
2951 4673 3283 4731 MONACHO
3321 4673 3411 4728 EX

2052 4839 2170 4893 Non
2191 4838 2408 4909 excipio
2426 4846 2499 4899 te.
2528 4839 2579 4890 ni
2602 4839 2755 4907 prius
2775 4836 3217 4907 perturbationes
3240 4833 3559 4898 abscindas,

1979 4928 2070 4995 qui
2099 4926 2404 4979 innumeris
2434 4924 2825 4994 congressibus
2854 4925 3046 4986 uteris,
3067 4931 3120 4973 et
3147 4923 3371 4975 vulnera
3391 4936 3557 4992 super

1978 5018 2207 5071 vulnera
2238 5015 2402 5068 menti
2429 5031 2524 5084 per
2557 5030 2753 5071 sensus
2776 5029 3093 5084 exaggeras,
3122 5027 3296 5081 eoque
3333 5013 3551 5083 potissi-

1981 5124 2155 5171 mum,
2195 5107 2341 5176 quod
2371 5122 2435 5160 ex
2471 5107 2688 5175 ahjeeto
2719 5115 2773 5161 et
2809 5107 3024 5175 impuro
3053 5105 3173 5159 vita:
3205 5104 3458 5159 instituto
3490 5106 3559 5156 ad

1981 5200 2239 5254 virtutem
2266 5196 2468 5251 Christi
2506 5197 2719 5251 traduci
2750 5194 3004 5264 elegeris.
3028 5193 3374 5264 Quapropter
3402 5191 3555 5261 151

1982 5305 2138 5351 sana.
2192 5304 2303 5343 non
2357 5289 2487 5343 item
2533 5285 2747 5357 atlauge
2797 5285 3122 5355 itnprovhlis
3174 5283 3558 5354 congressibus

1985 5380 2338 5452 wgritudittes
2366 5378 2579 5433 animae.
2617 5376 2768 5432 Mens
2814 5377 2958 5432 enim
2998 5391 3211 5436 eorum,
3242 5375 3333 5444 qui
3366 5386 3559 5428 recens

1985 5471 2054 5525 ab
2087 5469 2436 5541 improbitate
2466 5474 2837 5532 secesserunt,
2868 5466 3068 5523 similis
3091 5470 3176 5521 cst
3202 5462 3421 5533 corpori
3443 5472 3559 5518 tum

365 5648 419 5679 "
443 5644 618 5701 Exod.
652 5661 847 5713 xum,
884 5646 934 5700 7.
1010 5648 1055 5680 "
1092 5647 1224 5703 Luc.
1269 5663 1327 5715 ιι,
1354 5646 1442 5703 ιθ.
1522 5647 1567 5679 ⁷⁶
1605 5644 1789 5702 Matth.
1831 5664 1881 5713 χ,

1993 5686 2005 5701 .
2085 5647 2129 5678 ⁷⁷
2162 5644 2297 5701 Cen.
2332 5660 2432 5709 xu,
2458 5645 2509 5699 ι.
2590 5641 2635 5675 ’⁸
2669 5640 3039 5709 Geminum,
3072 5640 3155 5696 1⁵1.
