4012 6196
286 219 396 282 233

1523 213 2059 274 EPISTOLARUM
2097 204 2244 274 LIB.
2279 204 2359 272 II.

3441 211 3546 277 23-5

291 335 553 408 βόρϐορον
586 333 693 386 τῶν
749 323 1075 404 Ἑλληνικῶν
1121 331 1342 405 βίϐλων,
1383 333 1470 387 ἵνα
1503 332 1555 384 τί
1581 349 1671 402 μοι
1701 349 1865 384 σπου-

2011 329 2234 385 hrorum
2271 330 2483 392 sordes,
2522 331 2652 401 quid
2687 331 2784 386 tibi
2827 330 2934 385 tam
2965 331 3158 388 scdulo
3183 373 3198 398 ,
3251 343 3544 406 postquam

289 427 455 490 δαίως
490 425 866 496 συναθροίζεις
899 426 1040 496 μετά
1073 425 1171 496 τὴν
1199 423 1480 495 ἀποταγὴν
1503 424 1562 478 ὲν
1597 423 1676 494 τῷ
1705 441 1870 494 μονα-

294 519 502 590 στηρίῳ
531 517 843 587 ἀνωφελῶς,
889 518 1090 589 μᾶλλον
1124 518 1168 571 δ’
1208 516 1556 582 ὲπιϐλαϐὦς;
1618 514 1870 586 Ἀποκρί-

293 608 418 683 θητι
445 613 599 682 ἡμῖν,
623 605 670 664 ὧ
700 611 799 680 τῆς
828 609 1326 682 ματαιοφροσύνης,
1355 609 1450 662 καὶ
1472 608 1572 677 τῆς
1601 606 1874 659 ταλαιπω-

299 703 417 772 ρίας
443 702 647 773 ἁνθηρὲ
676 701 1088 773 χαλκαλέκτωρ.

317 775 327 785 ’
663 791 781 848 OA'.
813 823 884 831 —
911 792 1176 863 ΠΙΣΙΜΙῼ
1205 787 1517 861 ΜΟΝΑΧῼ.

375 885 820 956 Προσευχομένου
861 883 954 937 τοῦ
981 884 1256 938 Δεσπότου
1316 879 1491 954 Ἰησοῦ
1537 882 1596 933 ὲν
1628 879 1707 950 τῷ
1736 879 1873 949 ὄρει,

297 977 538 1050 ἔλαμψεν
566 977 628 1032 τὸ
650 977 965 1048 πρόσωπον,
999 978 1092 1030 καὶ
1112 974 1356 1047 ἧστραψε
1379 975 1447 1028 τὰ
1472 974 1662 1044 ἱμάτια
1687 969 1874 1035 αὐτοῦ,

295 1068 435 1144 ὅπερ
463 1089 526 1124 συ
536 1071 784 1141 μϐαίνειν
814 1071 1004 1124 εἴωθεν
1035 1072 1147 1132 τοῖς
1189 1064 1618 1136 φιλοπονώτερον
1649 1065 1716 1132 τῇ
1743 1061 1876 1132 εὐχῇ

299 1164 659 1237 προσανέχειν
710 1163 1071 1226 σπουδάζουσι
1129 1161 1413 1230 μοναχοῖς·
1452 1156 1722 1228 ἐκλάμπει
1772 1154 1880 1224 γὰρ

297 1255 602 1326 τηνικαῦτα
627 1255 688 1308 τὸ
725 1254 1017 1324 πρόσωπον
1046 1251 1144 1321 τῆς
1170 1251 1380 1321 ψυχῆς,
1434 1249 1529 1302 καὶ
1579 1247 1880 1316 ἀστράπτει

297 1351 328 1402 ό
351 1349 558 1419 ταύτης
589 1347 820 1418 ἀόρατος
851 1343 1163 1409 στολισμδς,
1197 1344 1334 1413 ὅπερ
1361 1343 1413 1394 οἱ
1440 1339 1625 1394 πολλοὶ
1655 1337 1881 1407 ἀγνοοῦ-

304 1456 413 1491 σιν.

711 1525 832 1582 OE‘.
864 1556 931 1566 -
960 1521 1131 1596 ΖΩΣᾼ
1164 1517 1470 1595 unum.

393 1617 452 1674 '0
483 1621 742 1690 μακάριος
777 1616 982 1687 Πέτρος
1011 1615 1133 1668 ἀντὶ
1154 1615 1252 1685 τῆς
1283 1613 1587 1685 ἀνθρακιᾶς
1612 1613 1707 1683 τῆς
1737 1612 1794 1664 ἐν
1814 1607 1880 1680 τῇ

309 1708 448 1786 αὐλῇ
487 1714 726 1782 Καῖάφα,
753 1711 879 1765 ἔνθα
902 1710 994 1764 καὶ
1022 1709 1342 1781 ἐπειράσθη,
1372 1708 1520 1762 θείαν
1543 1699 1709 1780 ηὗρεν
1730 1706 1886 1760 ὓστε-

311 1825 406 1879 ρον
434 1807 732 1877 ἀνθρακιὰν
757 1806 813 1858 ὲν
846 1806 911 1874 τῇ
950 1802 1228 1872 Τιϐεριάδι
1247 1819 1262 1834 ο
1314 1802 1520 1873 γυμνὸς
1557 1800 1666 1870 γὰρ
1697 1798 1773 1852 ὢν
1799 1797 1888 1852 διὰ

304 1898 405 1969 τὴν
429 1899 658 1969 ἄρνησιν
679 1914 693 1927 ·
743 1896 878 1950 ἀλλὰ
911 1894 985 1966 μὴ
1017 1893 1250 1966 νομίσῃς
1285 1911 1356 1964 με
1405 1886 1616 1947 ἀθετεῖν
1650 1891 1747 1964 τὴν
1779 1888 1888 1944 τῶν

303 1990 660 2058 Εὑαγγελίων
710 1989 976 2059 ἱστορίαν,
1011 1991 1106 2040 καὶ
1155 1986 1214 2039 τὸ
1238 1985 1432 2057 νοητὸν
1477 1985 1885 2055 καταμίγνυμι⁸

304 2082 512 2152 γυμνὸς
563 2079 743 2133 τοίνυν
797 2079 1059 2148 ὑπάρχων
1113 2080 1142 2130 ὁ
1201 2077 1471 2147 μακάριος
1529 2077 1757 2147 Πέτρος,
1799 2074 1892 2128 τὸν

305 2171 608 2239 ἐπενδύτην
634 2172 730 2240 τῆς
752 2171 832 2234 εἰς
854 2169 1090 2241 Χριστὸν
1114 2169 1330 2231 ἐλπίδος
1350 2167 1766 2237 περιζώννυται,
1797 2167 1892 2218 καὶ

307 2259 496 2331 βάλλει
527 2260 716 2314 ἑαυτὸν
739 2261 820 2322 είς
845 2260 944 2330 τὴν
984 2254 1258 2313 θάλασσαν
1287 2257 1395 2310 τῶν
1433 2255 1765 2326 οίκτειρμῶν
1795 2254 1890 2308 τοῦ

307 2353 472 2417 Θεοῦ,
511 2353 604 2404 καὶ
627 2347 757 2422 ἦλθε
783 2351 920 2422 πρὸς
965 2349 1172 2420 Ἰησοῦν
1209 2347 1399 2419 ὥσπερ
1444 2346 1630 2400 ἁλύσει
1675 2346 1783 2398 τινὶ
1814 2345 1892 2415 τῷ

309 2444 464 2512 πόοῳ
493 2443 802 2512 ἑλκόμενος,
858 2441 952 2494 καὶ
985 2439 1175 2511 ἐπειδὴ
1226 2435 1294 2510 ἦν
1349 2436 1698 2501 κεκοπιακὼς
1725 2437 1783 2490 ὲν
1815 2435 1892 2506 τῷ

311 2533 494 2605 καιρῴ
518 2532 618 2601 τῆς
650 2533 950 2603 ἀρνήσεως,
973 2533 1065 2585 καὶ
1099 2530 1398 2602 μοχθήσας,
1445 2529 1542 2582 καὶ
1573 2527 1894 2598 πικρανθεὶς

312 2621 392 2692 τῷ
421 2621 704 2693 κλαυθμῷ,
761 2623 853 2674 καὶ
901 2625 966 2692 τῇ
1019 2621 1166 2693 λύπῃ
1199 2615 1486 2692 στερηθεὶς
1535 2619 1630 2672 τοῦ
1663 2613 1892 2691 Κυρίου,

315 2715 660 2785 ἀνεκτήσατο
705 2713 868 2766 αὐτὸν
914 2715 942 2766 ό
989 2713 1118 2776 ῐδιος
1169 2712 1448 2782 Δεσπότης
1480 2710 1547 2782 τᾷ
1606 2709 1896 2781 θαυμασίῳ

316 2806 491 2877 ἄρτῳ,
517 2807 611 2859 καί¹
647 2803 937 2875 παραδόξῳ
964 2803 1128 2874 ίχθύῖ,
1155 2803 1248 2857 καὶ
1279 2803 1418 2872 μετὰ
1456 2803 1518 2856 τὸ
1546 2802 1766 2874 ἄριστον
1800 2801 1896 2855 λα*

313 2896 402 2952 λεῖ
426 2898 574 2968 αὐτῷ
606 2899 634 2950 ό
664 2897 852 2969 Σωτὴρ
912 2896 1272 2967 ἐπιθυμοῦντι
1327 2895 1558 2948 ἀκοῦσαι
1592 2896 1690 2965 τῆς
1719 2911 1896 2965 μακα-

1974 421 2086 478 illis
2116 423 2518 478 abrenuntiasti
2545 462 2562 484 .
2604 425 2724 480 sine
2758 426 2870 480 ullo
2911 427 3239 490 commodo,
3282 428 3393 482 imo
3435 437 3546 482 tam

1974 515 2139 570 noxie
2157 517 2210 570 in
2242 519 2581 572 monasterio
2604 513 2883 588 congeris?
2910 515 2954 574 0
2977 520 3294 575 vanissimas
3318 521 3550 590 hujusce

1974 613 2028 660 et
2057 607 2378 662 miserrima:
2408 607 2679 664 fatuitatis
2711 610 2904 664 ﬂoride
2948 613 3234 676 collector,
3279 613 3551 684 responde

1977 698 2128 751 mihi.

2254 785 2486 848 LXXIV.
2527 823 2597 832 ——-
2626 793 2880 849 PISIMIO
2923 793 3276 851 MONACHU.

2048 879 2253 938 Orante
2292 883 2528 941 Domino
2569 883 2702 942 Jcsu
2737 887 2791 941 in
2826 898 3046 954 monte,
3083 887 3254 943 facies
3298 888 3424 957 ejus
3466 905 3556 945 re-

1980 973 2279 1042 splenduit,
2299 983 2353 1030 ct
2379 977 2711 1032 vestimenta
2749 977 3086 1032 fulserunt"
3113 997 3126 1032 :
3151 977 3299 1050 quod
3333 982 3558 1036 evenire

1981 1064 2160 1118 suevit
2197 1065 2266 1122 iis
2299 1067 2393 1136 qui
2425 1069 2836 1124 coutentiosius
2896 1070 3270 1138 attentiusque
3315 1069 3554 1126 orationi

1982 1154 2310 1212 incumbunt
2367 1160 2682 1215 monachis.
2724 1159 2880 1215 Tunc
2933 1163 3080 1216 enim
3132 1164 3330 1217 animus
3389 1161 3558 1217 facies

1980 1247 2253 1316 Splendet,
2306 1250 2569 1321 illiusque
2623 1252 2919 1308 invisibilis
2979 1263 3212 1309 ornatus
3276 1261 3558 1316 coruscat,

1983 1339 2130 1408 quod
2169 1342 2418 1412 plerique
2447 1344 2725 1415 ignorant.

2325 1523 2533 1582 LXXV.
2564 1557 2633 1567 —
2665 1524 2867 1581 ZOSIE
2905 1526 3221 1583 ASCE'I‘AB.

2057 1609 2258 1672 Beatus
2300 1616 2498 1674 Petrus
2531 1634 2630 1688 pro
2665 1619 2972 1674 carbonum
3010 1621 3104 1674 illa
3145 1627 3320 1686 strue,
3357 1634 3482 1689 qua:
3509 1619 3567 1675 in

1988 1707 2208 1778 Caipha:
2238 1710 2398 1774 atrio,
2453 1710 2545 1764 ubi
2599 1718 2654 1764 et
2693 1713 3056 1766 tentatiouem
3102 1712 3297 1779 subiit,
3352 1719 3468 1766 erat
3496 1711 3566 1778 “,

1988 1801 2230 1856 divinam
2287 1804 2638 1873 postmodum
2691 1805 2854 1858 aliam
2901 1802 3195 1858 Tiberiade
3239 1803 3508 1873 comperit
3551 1822 3566 1857 :

1990 1909 2229 1965 namque
2253 1892 2383 1949 cum'
2404 1904 2630 1964 propter
2661 1895 3012 1965 negationem
3045 1893 3228 1949 nudus
3270 1903 3418 1950 esset
3449 1894 3570 1964 (sed

1991 2001 2059 2040 ne
2085 2025 2100 2049 ,
2132 2000 2340 2056 quaeso,
2375 2001 2462 2042 me
2506 1986 2934 2057 Evangeliorum
2967 1985 3258 2042 historiam
3313 2000 3571 2056 pessum-

1991 2077 2123 2130 dare
2147 2077 2454 2143 existimes,
2485 2077 2615 2132 dum
2663 2079 2808 2146 quod
2849 2083 3033 2132 mente
3082 2075 3360 2146 concipio,
3389 2077 3573 2130 immi-

1993 2165 2182 2236 sceo),
2227 2166 2408 2221 nudus
2441 2167 2626 2236 itaque
2655 2182 2782 2221 Cum
2815 2173 2962 2222 esset
3001 2165 3202 2221 beatus
3252 2164 3479 2229 Petrus,
3517 2165 3584 2219 in'

1992 2256 2276 2311 Christum
2316 2258 2430 2327 spei
2476 2258 2662 2312 tunica
2705 2259 3055 2327 accingitur,
3103 2272 3272 2326 seque
3325 2258 3378 2311 in
3423 2273 3576 2311 utare

1992 2349 2298 2404 divinarum
2330 2350 2832 2406 misericordiarum
2851 2350 3149 2420 projiciens
3169 2350 3484 2415 ",accessit
3506 2351 3576 2403 ad

1993 2440 2202 2504 Iesum,
2236 2457 2424 2497 amore
2455 2442 2622 2497 veluti
2657 2451 2855 2496 catena
2887 2440 3128 2510 quadam
3177 2447 3467 2503 attractus,
3522 2447 3578 2492 et

1997 2533 2077 2588 sic
2102 2533 2268 2590 nimis
2304 2532 2617 2600 negationis
2659 2541 2910 2602 tempore
2971 2531 3368 2601 defatigatum,
3419 2530 3580 2602 15h,

1998 2642 2228 2698 magnos
2285 2627 2505 2682 labores
2555 2635 2868 2697 expertum,
2923 2624 3188 2694 lacrymis
3243 2625 3580 2694 tristitiaque

1998 2719 2433 2791 aﬂlictum,quod
2459 2719 2690 2775 Domino
2712 2719 3174 2789 privaretur,eum
3194 2718 3297 2773 sibi
3324 2719 3580 2788 proprius

2000 2813 2270 2870 Dominus
2299 2814 2717 2878 reconciliavit,
2763 2810 3087 2868 admirando
3144 2827 3286 2882 pane
3329 2821 3385 2867 et
3429 2813 3581 2883 pisce

2001 2906 2282 2976 inopinato
2303 2905 2349 2938 ⁸⁸
2367 2925 2380 2961 :
2399 2913 2453 2962 et
2473 2914 2599 2976 post
2631 2905 2922 2976 prandium
2943 2920 3070 2960 eum
3093 2905 3382 2960 audienda:
3406 2905 3581 2976 beata:

321 2989 445 3062 ρίας
476 2985 678 3057 φωνῆς,
703 2987 797 3042 καὶ
817 2987 1106 3054 ἀναπαύει,
1132 2987 1226 3039 καὶ
1253 2985 1556 3056 παρηγορεῖ
1575 2981 1735 3036 αὐτὸν
1757 2981 1896 3034 κατὰ

2006 2999 2154 3054 vocis
2185 2997 2460 3054 desiderio
2490 2996 2821 3068 gestientem
2854 2995 3180 3064 alloquitur,
3207 3002 3262 3050 et
3307 2997 3583 3065 tranquil-

315 3083 380 3134 τὸ
409 3080 617 3150 πλῆθος
638 3079 745 3132 τῶν
773 3079 974 3132 ὀδυνῶν
1002 3079 1102 3148 τῆς
1139 3076 1372 3148 καρδίας
1413 3075 1508 3128 τοῦ
1539 3075 1770 3145 Πέτρου,
1805 3069 1897 3126 καῖ

2006 3091 2078 3144 lat
2103 3128 2116 3153 ,
2144 3100 2196 3146 et
2225 3104 2326 3160 pro
2355 3089 2577 3145 modulo
2613 3088 2870 3144 dolorum
2904 3085 3088 3141 cordis
3133 3083 3280 3140 Petri
3329 3087 3583 3154 solatur;

315 3174 464 3228 οὕτω
495 3172 909 3240 καταγλυκάνας
937 3171 1118 3236 αὐτὸν,
1153 3168 1387 3240 ποιμένα
1426 3167 1528 3236 τῆς
1571 3165 1898 3236 οἰκουμένης

317 3265 540 3335 ἁπάσης
568 3263 909 3332 καθίστησιν.

658 3355 794 3422 οςν.
829 3384 898 3393 -
931 3348 1234 3422 ΘΕΟΔΩΡῼ
1259 3349 1567 3421 ΜΟΝΑΧῼ.

397 3469 418 3502 ι
461 3445 853 3519 Εὐαρεστήσω,
879 3446 1048 3518 φησὶν
1080 3446 1108 3498 ό
1132 3442 1314 3508 Δαυῒδ,
1341 3443 1398 3494 ἒν
1424 3441 1578 3513 χώρα
1605 3441 1850 3505 ζώντων·
1877 3459 1896 3493 ι

320 3540 506 3614 χώραν
539 3540 778 3604 ζώντων,
836 3537 935 3590 οὐκ
989 3536 1460 3607 ἀποθνησκόντων,
1513 3535 1604 3588 τὸν
1641 3533 1904 3605 μέλλοντα

320 3632 496 3701 λέγων
525 3631 720 3686 αἰῶνα.
771 3631 836 3682 Ἠ
858 3630 968 3701 γὰρ
1011 3627 1256 3699 παροῦσα
1286 3623 1400 3698 ζωῆ
1453 3626 1558 3681 τῶν
1600 3624 1904 3698 ἀνθρώπων

323 3727 417 3780 διὰ
447 3724 654 3777 πολλῶν
687 3723 932 3777 θανάτων
958 3713 1408 3791 συμπληροῦσθαι
1429 3717 1692 3788 πέφυκεν,
1722 3717 1783 3770 οὐ
1809 3716 1908 3788 μό-

328 3836 424 3871 νον
453 3819 508 3870 ὲν
530 3820 596 3886 τῇ
627 3816 766 3868 κατὰ
793 3815 889 3877 τὰς
943 3812 1363 3884 μεθηλικιώσεις
1421 3811 1691 3882 μεταϐολῇ
1710 3850 1726 3875 ,
1771 3809 1908 3864 ἀλλὰ

327 3913 422 3968 καὶ
449 3913 508 3964 ἐν
531 3912 643 3973 τοῖς
661 3909 800 3963 κατὰ
821 3907 1098 3979 ἁμαρτίαν
1125 3903 1340 3975 σώμασι
1364 3903 1475 3956 τῶν
1498 3901 1706 3972 ψυχῶν.
1733 3901 1908 3954 Ὅπου

326 4004 383 4060 δὲ
411 4006 514 4059 οὐκ
543 3999 692 4056 ἔστιν
727 3999 1015 4062 ἀλλοίωσις
1061 3996 1182 4050 οὐδὲ
1217 3995 1488 4067 σώματος,
1539 3993 1660 4047 οὐδὲ
1706 3992 1906 4063 ψυχῆς,

328 4098 454 4152 οὔτε
485 4097 594 4168 γάρ
625 4096 740 4148 ἐστι
776 4090 1037 4162 λογισμοῦ
1072 4087 1429 4160 παρατροπὴ,
1467 4083 1590 4139 οὒτε
1625 4084 1910 4156 μετάθεσις

333 4189 584 4258 γνώμης,
611 4186 863 4257 οὐδεμιᾶς
884 4179 1258 4254 περιστάσεως
1281 4178 1340 4231 τὸ
1363 4177 1642 4241 εὐσταθὲς,
1669 4177 1764 4230 καί
1780 4175 1912 4229 ἀτά-

336 4297 505 4353 ραχον
527 4278 634 4331 τῶν
653 4275 926 4348 λογισμῶν
965 4272 1413 4345 ἀφαιρουμένης,
1462 4269 1540 4340 τῷ
1579 4267 1693 4323 ὄντι
1729 4268 1911 4338 ἐκείνη

333 4371 485 4444 χώρα
517 4371 638 4423 ἐστι
661 4368 899 4432 ζώντων,
926 4365 1020 4420 καὶ
1049 4361 1490 4435 εὐφραινομένων
1516 4356 1799 4432 διηνεκῶς.

329 4485 447 4539 oz'.
477 4511 548 4524 -
573 4478 856 4550 mmo.
898 4477 1242 4550 OAYMUISA
1273 4475 1692 4550 amomo
1715 4473 1916 4550 1101'-

432 4553 588 4624 ΛΙῼ,
621 4542 977 4620 uitulum,
1006 4542 1364 4603 ΜΟΝᾹΧΟΙΣ
1395 4542 1806 4598 ΦΙΛΟΔΙΚΟΙΣ.

401 4732 517 4790 Νῦν
541 4733 798 4804 εὔκαιρον
827 4732 998 4786 εἰπεῖν
1024 4745 1147 4786 τινα
1182 4729 1292 4784 τῶν
1313 4721 1720 4800 εὐφρονοόντων
1745 4744 1914 4781 κατα-

327 4826 581 4900 μαθόντα
620 4827 720 4898 τὴν
750 4827 832 4890 είς
857 4826 918 4879 τὸ
955 4823 1098 4880 θεῖον
1135 4821 1289 4895 ὑμῶν
1339 4819 1769 4894 καταφρόνησιν,
1809 4821 1917 4874 τῶν

299 4920 385 4977 ’δὲ
434 4921 572 4992 πρὸς
611 4918 768 4988 γένος
800 4917 930 4990 ὑμῖν
963 4917 1314 4990 στρατιωτῶν
1357 4916 1419 4968 τὸ
1460 4913 1744 4968 σπουδαῖον
1789 4913 1917 4987 περὶ

318 5012 430 5084 τὴν
465 5009 798 5076 θεοσέϐειαν,
827 5011 1018 5080 ὅτιπερ
1039 5009 1090 5061 oi.
1120 5005 1618 5060 πανευλαϐέστατοι
1651 5004 1918 5076 στρατιῶ-

316 5101 768 5171 ταινενικήκασι
799 5102 919 5163 ταῖς
966 5092 1341 5168 ψαλμῳδίαις,
1381 5095 1475 5149 καὶ
1515 5097 1638 5158 ταῖς
1677 5112 1914 5165 προσευ-

316 5199 478 5268 χαῖς,
506 5197 571 5264 τῇ
595 5199 654 5246 τε
676 5189 1165 5262 ίδιοπραγμοσόνῃ,
1185 5185 1282 5242 καὶ
1307 5191 1373 5258 τῇ
1397 5187 1536 5240 κατά
1557 5187 1656 5256 τὴν
1681 5183 1916 5257 Ἐκκλη-

318 5288 458 5342 σίαν
481 5284 748 5356 ἀγρύπνῳ
765 5281 1264 5354 προσκαρτερήσει,
1287 5279 1411 5340 τοὺς
1431 5277 1912 5347 ἀπηγριωμένους,

315 5380 434 5434 καὶ
463 5376 845 5447 πανοργίλους,
889 5375 981 5427 καὶ¹
1020 5370 1450 5443 μισοθεωτάτους
1499 5370 1610 5422 τῶν
1644 5365 1917 5439 μοναχῶν,

315 5465 839 5537 ἀποτιναξαμένους
880 5464 980 5534 μὲν
1017 5463 1116 5532 τὴν
1153 5461 1384 5532 ἡσυχίαν
1423 5460 1524 5529 τὴν
1566 5459 1912 5530 πρέπουσαν,

408 5651 458 5685 ⁸³
482 5649 673 5705 Matth.
704 5663 837 5710 xvu,
865 5647 920 5702 2.
1022 5645 1074 5678 "
1106 5643 1264 5701 Joan.
1300 5660 1453 5708 xvm,
1493 5646 1569 5701 l5.

665 5742 934 5800 ΡΛἸἭΟῘ..
969 5739 1076 5798 GR.
1137 5738 1396 5798 LXXIX.

1675 5639 1900 5698 “Joan.
1947 5654 2059 5704 ut,
2095 5637 2144 5691 7.
2225 5635 2269 5666 ⁸⁸
2301 5630 2432 5688 lbi.l.
2476 5630 2560 5684 l5.

1999 3188 2054 3236 et
2083 3179 2399 3235 edulcatum
2425 3179 2599 3235 totius
2620 3179 2772 3234 orbis
2821 3174 3095 3232 terrarum
3129 3184 3402 3244 pastorem
3450 3191 3585 3231 con-

2000 3271 2179 3328 stituit
2202 3272 2267 3326 ⁸⁷.

2213 3364 2447 3420 LXXVI.
2486 3394 2556 3406 -ι
2592 3364 2973 3423 THEODORO
3010 3363 3365 3423 MONACHO.

2081 3478 2101 3512 ι
2128 3457 2387 3524 Placebo,
2405 3458 2483 3512 ait
2509 3457 2776 3521 David,in
2810 3466 2958 3512 terra
2977 3459 3278 3514 viventium
3297 3457 3344 3490 ⁸⁸
3369 3475 3384 3510 :
3412 3476 3430 3509 ι
3477 3466 3587 3510 ter-

2006 3564 2121 3605 ram
2144 3549 2461 3613 viventium,
2485 3563 2594 3604 non
2618 3548 2996 3615 morientium,
3043 3549 3287 3604 futurum
3325 3550 3588 3604 sacculum

2007 3642 2266 3698 innueus.
2291 3643 2542 3698 Praesens
2572 3657 2810 3711 namque
2839 3643 2950 3696 vita
2989 3643 3306 3696 mortalium
3339 3641 3588 3709 pluribus

2008 3734 2281 3789 mortibus
2302 3742 2498 3788 natura
2522 3748 2620 3788 sua
2645 3733 2970 3797 absolvitur,
3002 3747 3106 3786 non
3127 3737 3340 3785 tantum
3367 3737 3590 3784 aetatum

2008 3825 2424 3891 mutationibus,
2441 3824 2536 3880 sed
2557 3833 2612 3880 et
2636 3824 2690 3878 in
2714 3823 3042 3893 corporibus
3068 3823 3376 3877 animarum
3396 3835 3594 3876 secun-

1963 3959 1975 3970 .
2009 3915 2138 3970 dum
2195 3925 2502 3985 peccatum.
2548 3913 2651 3968 Ubi
2684 3928 2816 3968 vero
2843 3927 2955 3968 non
2989 3920 3074 3968 est
3111 3926 3289 3982 neque
3312 3911 3592 3980 corporis,

2012 4017 2188 4077 neque
2209 4005 2405 4062 anima:
2431 4005 2765 4073 immutatio,
2785 4005 2896 4059 imo
2910 4016 3090 4074 neque
3120 4001 3320 4059 mentis
3337 4001 3591 4066 deﬂexio,

2013 4111 2191 4169 neque
2217 4099 2503 4155 sententia}
2532 4093 2870 4168 depravatio,
2890 4091 3040 4152 nulla
3054 4090 3470 4150 circumstantia
3486 4101 3599 4148 sta-

2011 4191 2121 4246 bile
2167 4205 2232 4247 ac
2279 4192 2527 4262 quietum
2578 4189 2968 4259 cogitationum
3005 4185 3356 4248 deturbantc,
3389 4201 3472 4240 na:
3504 4185 3598 4239 illa

2014 4297 2144 4338 vere
2189 4282 2342 4354 regio
2383 4289 2467 4338 est
2518 4281 2842 4346 viventium,
2893 4287 2940 4336 et
2973 4277 3236 4335 continuo
3264 4291 3388 4333 sese
3445 4278 3601 4332 oblc-

1937 4357 1992 4418 Ῑ)
2019 4374 2310 4430 ctauti‘um.

2025 4484 2264 4546 LXXVII
2307 4520 2376 4530 -
2412 4481 2688 4554 NEADIO,
2734 4474 3598 4554 οιλγμοιοι-ᾼΕοιιριιιοηο,

2225 4554 2444 4628 JULto,
2475 4545 2812 4614 cumASIo
2845 4545 3203 4608 MONACHIS
3227 4547 3393 4605 CON-

2603 4623 2990 4680 TENTIOSIS.

2091 4723 2251 4779 Nunc
2273 4729 2747 4793 peropportunum
2791 4715 2978 4778 fuerit,
3013 4710 3324 4784 quempiam
3353 4707 3597 4763 adultum
3687 4763 3690 4768 ,

2019 4813 2289 4884 sapientia
2314 4813 2517 4875 virum,
2544 4817 2790 4865 vestrum
2830 4804 3083 4859 Numinis
3123 4806 3521 4870 contemptum,
3547 4807 3603 4852 et

2022 4907 2284 4968 militum,
2313 4904 2407 4974 qui
2433 4903 2590 4956 vobis
2615 4914 2816 4972 genere
2846 4894 3130 4964 conjuncti
3163 4901 3318 4958 sunt,
3349 4889 3597 4960 ejusdem

2021 4993 2274 5047 Numinis
2305 4993 2512 5047 cultum
2537 4998 2860 5046 noscentem
2908 4984 3065 5055 155
3099 4983 3284 5038 dicere
3315 4999 3328 5034 :
3359 4979 3602 5034 Piissimi

2021 5088 2226 5141 milites
2250 5085 2586 5156 psalmorum
2605 5081 2879 5142 cantibus,
2915 5085 2967 5132 et
3005 5074 3371 5136 orationibus,
3401 5080 3456 5127 et
3481 5085 3606 5140 pro-

2025 5181 2268 5252 priorum
2305 5177 2649 5244 negotiorum
2681 5168 3196 5231 administratione,
3255 5174 3310 5221 et
3357 5163 3500 5234 vigili
3551 5164 3605 5216 in

2027 5271 2262 5327 ecclesia
2307 5268 2488 5323 stabili
2530 5263 2937 5337 permansione,
2967 5259 3246 5322 eﬂ‘eratos,
3299 5265 3352 5311 et
3383 5255 3609 5310 iracun-

2029 5366 2133 5420 diae
2176 5361 2470 5431 mancipia,
2522 5367 2572 5414 et
2628 5355 2994 5427 impiissimos
3031 5350 3335 5406 monachos
3383 5363 3609 5417 supera-

2032 5460 2181 5518 runt,
2221 5449 2314 5520 qui
2351 5448 2768 5504 convenientem
2798 5441 2903 5498 sihi
2943 5440 3180 5512 quietem
3209 5477 3223 5502 ,
3251 5443 3305 5492 et
3334 5451 3560 5506 precqu
3592 5471 3606 5496 ,

2637 5629 2682 5662 ⁸⁷
2716 5623 2850 5681 Ibid.
2880 5623 2968 5680 l5.
3044 5624 3088 5657 "
3118 5620 3266 5675 Psal.
3301 5631 3446 5679 σειν,
3473 5614 3529 5671 9.

3171 5715 3212 5774 8

3953 193 3984 630 ὲ

3957 567 3992 822 ’ἱ
