4012 6196
381 273 490 336 235

1890 268 1949 326 S.
1981 267 2143 326 NILI

3551 265 3658 328 236

384 391 439 436 et
472 380 808 452 psalmorum
845 375 1214 430 ministerium
1273 372 1640 440 abdicarunt,
1694 383 1748 429 et
1799 391 1970 430 sacra:

2086 379 2170 430 καὶ
2195 377 2291 448 τὴν
2321 375 2389 429 δι’
2421 377 2617 447 εὐχῶν,
2647 377 2740 429 καὶ
2764 375 2991 446 ψαλμῶν
3019 373 3382 447 λειτουργίαν,
3414 376 3509 428 καὶ
3539 378 3659 427 ἑπι-

389 470 755 543 professionis
785 476 838 522 et
867 466 1090 521 habitus
1131 465 1290 520 obliti
1327 475 1474 530 sum,
1535 475 1590 521 et
1644 467 1822 522 tecum
1850 506 1863 530 ,
1919 467 1973 519 in

390 579 501 634 quo
552 577 612 618 se
655 558 1025 623 exercebant,
1090 559 1470 626 neglexerunt,
1525 567 1579 613 et
1627 559 1976 628 impudenter

389 656 556 711 nimis
608 656 662 708 in
699 652 934 706 aliorum
974 667 1100 707 sese
1157 652 1370 721 negotia
1421 653 1733 722 ingerunt,
1797 651 1975 706 conti—

386 759 612 815 nuoque
649 744 705 798 in
733 743 982 798 externis
1013 742 1240 812 judiciis
1283 758 1406 799 sese
1434 745 1788 814 experientes
1813 786 1828 813 ,
1861 752 1976 798 tur-

389 839 489 894 bas
538 839 926 907 tumultusque
983 829 1253 889 nefandos
1286 845 1599 907 spargunt:
1636 836 1774 891 adeo
1824 846 1883 891 ut
1922 844 1976 890 et

388 929 495 1000 ipsi
529 928 734 1000 publici
763 926 1030 998 praesides
1060 941 1162 996 pro
1203 927 1307 981 hac
1341 941 1402 982 re
1446 941 1544 984 vos
1585 928 1856 983 irrideant
1923 938 1976 983 et

390 1031 766 1078 contemnant.

619 1199 896 1255 LXXVIII.
931 1231 999 1242 -—
1027 1197 1334 1255 CYRIACO
1379 1199 1732 1256 MONACIIO.

470 1307 488 1336 ι
529 1292 794 1348 Dominus
821 1301 1008 1346 noster
1037 1290 1203 1348 Jesus
1237 1291 1498 1349 Christus
1532 1293 1972 1360 transformabit,

389 1385 486 1450 ait,
517 1397 721 1454 corpus
747 1382 1080 1438 humilitatis
1103 1391 1304 1438 nostra:
1328 1385 1730 1456 contiguratum
1755 1389 1975 1458 corpori

389 1475 577 1543 glorize
610 1489 724 1529 sua:
751 1473 820 1527 ⁸⁵³.
860 1492 877 1524 ι
907 1473 1066 1526 Nunc
1099 1474 1303 1528 etenim
1340 1475 1553 1530 vilitate
1582 1491 1646 1530 ac
1673 1479 1975 1546 opprobrio

388 1568 628 1622 fortasse
672 1580 876 1635 corpus
933 1565 1234 1619 humanum
1277 1565 1610 1636 deprimitur
1666 1568 1973 1624 daemonum

391 1658 790 1730 irruptionihus
822 1655 1165 1720 intestatum,
1202 1667 1256 1712 et
1285 1673 1400 1714 suae
1435 1659 1610 1728 ipsius
1645 1661 1840 1718 anima:
1871 1677 1974 1716 sa:-

391 1766 694 1822 penumero
742 1749 996 1820 ignaviis,
1046 1751 1192 1806 notis
1221 1751 1573 1821 Qquibusdam
1621 1767 1687 1807 ac
1743 1755 1976 1808 maculis

392 1845 727 1912 inspersum,
756 1856 1010 1911 saepeque
1037 1841 1208 1896 etiam
1237 1843 1290 1895 in
1323 1844 1647 1899 servitutem
1670 1845 1974 1909 redactum,

387 1937 734 2004 multumque
766 1949 794 1987 a
833 1945 1056 2003 peccato
1088 1947 1510 2004 compressum;
1546 1935 1599 1990 in
1642 1936 1765 2008 ipso
1813 1939 1975 1994 etiam

389 2025 683 2088 moriendi,
721 2037 788 2077 ac
815 2023 1138 2093 parentandi
1169 2033 1295 2079 actu
1339 2033 1398 2077 ut
1433 2026 1558 2090 vile,
1590 2035 1645 2080 et
1676 2028 1976 2083 inhonorac

391 2129 503 2172 tum
553 2133 649 2186 per
693 2125 896 2171 terram
931 2123 1193 2182 tractum,
1232 2125 1287 2172 et
1335 2134 1458 2172 cum
1507 2119 1748 2174 maxima
1794 2121 1976 2193 inOpia

390 2209 686 2278 sepultum.
738 2227 755 2258 ι
799 2207 1118 2261 Seminatur
1163 2207 1334 2272 enim,
1390 2209 1489 2274 ait,
1537 2210 1593 2264 in
1644 2210 1974 2281 ignominia,

390 2301 691 2355 suscitatur
721 2298 776 2352 in
804 2298 981 2370 gloria
1008 2298 1075 2352 ὀ.
1119 2317 1138 2349 ι
1178 2297 1597 2356 Universi'vero
1625 2304 1845 2372 generis
1875 2307 1978 2358 hu-

391 2393 536 2444 mani
585 2389 1014 2444 resurreCtionis
1045 2396 1294 2458 tempore
1325 2393 1741 2462 corruptionem
1773 2405 1824 2449 et
1853 2409 1978 2448 con-

390 2489 656 2550 temptum
677 2479 990 2546 excutiens,
1016 2481 1258 2549 resurgit
1281 2495 1488 2551 corpus
1515 2490 1765 2537 nostrum
1793 2483 1981 2538 Salva-

390 2574 530 2628 toris
563 2570 773 2626 Christi
799 2571 976 2642 gloria
1015 2579 1068 2624 et
1111 2571 1490 2628 muniﬁcentia
1521 2575 1976 2641 condecoratnm,

397 2665 560 2736 156
584 2678 856 2732 nusquam
886 2665 941 2718 in
974 2672 1257 2734 posterum
1282 2665 1337 2719 in
1364 2674 1650 2735 peccatum
1693 2678 1746 2724 et
1788 2685 1982 2724 corru—

393 2757 635 2827 ptionem
663 2755 1030 2820 deﬂuxurum,
1054 2771 1332 2827 nunquam
1370 2760 1724 2824 mortalitate,
1747 2769 1800 2814 et
1827 2763 1982 2815 vani-

391 2856 527 2909 tate,
579 2855 632 2902 et
684 2847 926 2902 miseriis
979 2847 1406 2915 humiliandum,
1477 2851 1572 2905 sed
1634 2852 1980 2908 indesinentc

391 2938 813 3012 incorruptione
848 2938 900 2992 in
935 2947 1260 3008 perpetuum
1294 2955 1416 2994 cum
1448 2956 1533 3006 co,
1568 2943 1660 3011 qui
1691 2942 1979 2998 immorta-

393 3029 600 3084 litatem
631 3029 877 3095 exhibet,
914 3030 1268 3084 duraturum.

903 3116 1141 3172 LXXIX.
1172 3149 1243 3160 —
1275 3118 1477 3176 Eidem.

469 3232 489 3267 ι
543 3212 857 3283 lmposuisti
895 3213 1150 3269 homines
1194 3228 1362 3282 super
1410 3215 1594 3284 capi-ta
1639 3225 1830 3271 nostra
1855 3217 1921 3270 ’⁸.
1964 3234 1982 3268 ι

393 3307 532 3363 Nam
583 3305 882 3376 aliquando
933 3305 1078 3361 Deus
1123 3306 1396 3376 permittit
1451 3306 1798 3363 daemonibus
1848 3307 1989 3362 intc-

396 3397 532 3454 riori
589 3396 756 3468 capiti
813 3403 1007 3452 nostro
1070 3383 1425 3467 impudenter
1485 3399 1749 3462 insidere,
1816 3401 1987 3454 menti

397 3506 612 3560 nempe,
633 3501 686 3546 et
704 3490 945 3544 animam
970 3491 1036 3544 ad
1061 3491 1431 3562 cogitationes
1451 3507 1652 3563 pravas
1673 3491 1986 3560 detrahere,

395 3583 728 3651 quibuscum
772 3580 934 3636 nobis
984 3581 1397 3646 colluctandum
1449 3591 1536 3638 est
1576 3591 1632 3638 et
1663 3582 1988 3655 depugnan-

395 3675 549 3737 dum,
585 3687 758 3743 neque
780 3687 876 3728 eas
908 3672 1358 3743 approbantibus,
1420 3689 1597 3746 neque
1637 3691 1745 3730 una
1773 3690 1895 3730 cum
1921 3676 1991 3731 iis

395 3763 875 3836 conspirantibus.

915 3871 1131 3928 LXXX.
1170 3903 1241 3914 —-
1281 3872 1467 3931 Eidem

464 3984 587 4040 Non
619 3983 1001 4055 angustiamur
1029 3985 1085 4038 in
1125 3983 1221 4039 Dei
1249 3983 1552 4041 dilectione
1585 3989 1653 4054 θ’,
1681 3987 1990 4044 Corinthiis

398 4077 699 4148 Apostolus
728 4077 959 4143 scribit;
1001 4092 1099 4133 vos
1133 4091 1264 4133 vero
1297 4078 1690 4149 angustiamini
1727 4081 1782 4134 in
1815 4080 1992 4134 visce-

400 4169 556 4225 ribus
597 4169 814 4234 vestris,
851 4170 1101 4226 nolcntes
1136 4185 1232 4240 per
1263 4171 1450 4239 plures
1481 4170 1716 4227 virtutes
1751 4172 1988 4226 animam

403 4263 705 4329 dilatari,et
729 4263 1400 4320 divinasilluminationes
1431 4265 1684 4334 excipere
1700 4275 1753 4319 et
1771 4279 1990 4334 capere.

405 4354 543 4409 Iline
575 4356 727 4412 vobis
757 4356 1009 4428 contigit,
1041 4357 1185 4426 quod
1231 4355 1287 4409 in
1320 4354 1456 4411 Isaia
1497 4355 1722 4421 dicitur,
1759 4356 1815 4409 In
1861 4354 1994 4407 allii-

403 4451 586 4504 ctione
617 4448 918 4504 adversarii
954 4456 1008 4502 et
1046 4448 1098 4502 in
1130 4447 1381 4517 angustia
1414 4447 1641 4511 mentis,
1688 4447 1877 4501 leones
1900 4486 1914 4510 ,
1943 4457 1996 4501 et
2031 4456 2070 4510 [)

406 4541 661 4612 aspidcs,
711 4548 767 4596 et
809 4541 856 4594 si
905 4554 1027 4609 quae
1081 4538 1186 4592 alia
1238 4547 1322 4592 est
1370 4535 1606 4592 facultas
1655 4536 1996 4591 adversatrix

409 4635 520 4706 (his
557 4633 764 4690 etenim
795 4641 850 4687 et
882 4631 1162 4688 similibus
1215 4629 1680 4701 appellationibus
1716 4627 1996 4683 daemones

409 4729 776 4800 innuuntur),
804 4726 1028 4782 divitias
1059 4727 1344 4780 asinorum
1369 4733 1424 4778 et
1443 4722 1780 4778 camelorum
1807 4728 1998 4791 porta-

411 4831 542 4876 runt
567 4819 711 4876 υσεδ.
744 4817 903 4875 Asini
941 4817 1325 4887 intelliguntur
1349 4829 1474 4870 esse
1501 4815 1810 4883 segniores,
1833 4821 1885 4868 et
1909 4829 2002 4868 vo-

412 4909 675 4979 luptuosi,
706 4915 761 4964 et
806 4905 1073 4978 improbi;
1113 4902 1308 4958 cameli
1359 4901 1398 4954 ii
1454 4909 1607 4964 sunt,
1662 4902 1756 4971 qui
1809 4917 2002 4972 supcr-

413 5002 559 5056 iiiam
621 5011 789 5071 atque
827 4997 1502 5054 iracundiam‘exereent.
1547 4995 1767 5050 Divitiis
1815 4996 2000 5064 itaque

417 5090 812 5163 "nprobarum,
849 5101 903 5146 et
925 5091 1312 5150 obscenarum,
1340 5098 1395 5141 et
1419 5087 1671 5156 exlegum
1704 5087 1998 5157 cogitatio-

412 5198 546 5238 -um
581 5184 796 5238 animas
831 5179 1118 5236 hominum
1139 5177 1422 5232 daemones
1450 5184 1746 5231 onerantes
1767 5215 1783 5240 ,
1812 5176 1865 5230 in
1899 5191 1999 5229 va-

412 5293 550 5332 cuas
579 5291 608 5330 a
634 5272 940 5330 virtutibus
969 5271 1342 5341 operationes,
1370 5279 1424 5324 et
1459 5269 1808 5324 conditiones
1843 5283 1999 5323 com-

413 5369 644 5438 pellunt.
692 5364 841 5419 Nihil
896 5373 1082 5419 autem
1131 5372 1364 5433 peccato
1403 5359 1558 5432 157
1598 5361 1822 5431 gravius
1872 5368 1996 5416 est:

413 5467 752 5530 quapropter
799 5467 851 5512 et
894 5455 1038 5527 apud
1087 5455 1306 5512 divinos
1353 5454 1479 5508 illns
1521 5454 1713 5509 Patres
1778 5453 2002 5522 plumbo

359 5579 362 5590 ι
413 5551 779 5608 assimilatur.

472 5759 521 5794 ⁸⁸
552 5757 794 5827 Philipp.
828 5772 930 5828 ur,
961 5754 1051 5809 2|.
1157 5755 1202 5787 ⁹⁰
1235 5752 1256 5806 I
1287 5749 1411 5806 Cor.
1445 5763 1534 5813 xv,
1567 5746 1648 5801 1.5.

2077 469 2409 541 λαθομένους
2441 470 2536 523 τοῦ
2574 470 2720 540 ἱεροῦ
2766 469 3185 541 ἐπαγγέλματός
3224 486 3283 521 τε
3319 467 3414 520 καὶ
3449 469 3660 538 σχήμα-

2077 580 2188 628 τος,
2233 564 2694 626 καταλελοιπότας
2749 565 2805 618 δὲ
2857 564 2918 616 τὸ
2966 563 3098 616 ῐδιον
3148 562 3510 633 ἀσκητήριον,
3568 562 3662 614 καὶ

2078 656 2615 728 ἀπηρυθριασμένως
2649 655 3080 727 ἐργολαϐοῦντας
3111 654 3178 707 τὰ
3220 653 3477 724 ἀλλότρια
3519 653 3660 723 πρά-

2079 765 2287 817 γματα,
2346 748 2437 800 καὶ
2486 748 2952 818 δοκιμαζομένους
2997 745 3263 816 διηνεκῶς
3303 747 3417 808 τοῖς
3467 741 3664 806 ἔξωθεν

2079 839 2471 910 δικαστηρίοις,
2511 840 2602 892 τὸν
2633 840 2839 908 ἄφατον
2864 838 3291 908 ὲπεισφέροντας
3321 835 3551 906 θόρυὸόν
3580 852 3662 900 τε,

2080 933 2173 985 καὶ
2216 932 2474 1002 τάραχον,
2534 929 2674 983 ὥστε
2725 932 2819 984 καὶ
2877 930 3073 992 αὐτοὺς
3123 928 3278 997 ὑμῶν
3329 927 3422 980 ἐπὶ
3455 926 3664 988 τούτοις

2079 1025 2408 1096 καταγελᾷν,
2459 1025 2552 1078 καὶ
2585 1025 2702 1078 λίαν
2735 1024 3171 1092 καταγινώσκειν
3207 1023 3330 1086 τοὺς
3371 1021 3664 1091 δημοσίους

2079 1117 2368 1186 ἄρχοντας.

2415 1206 2542 1258 OH'.
2570 1233 2643 1246 -—
2671 1203 2985 1275 ΚΥΡΙΛΚῼ
3038 1201 3350 1272 ΜΟΝΑΧῼ.

2159 1316 2176 1349 ι
2202 1297 2260 1349 Ὀ
2279 1297 2482 1369 Κύριος
2499 1297 2657 1368 ἡμῶν
2676 1297 2881 1367 Ἰησοῦς
2909 1296 3142 1368 Χριστὸς
3169 1291 3664 1366 μετασχηματίσει,

2082 1393 2236 1462 φησι,
2271 1392 2332 1445 τὸ
2374 1393 2532 1463 σῶμα
2578 1392 2677 1460 τῆς
2711 1391 3094 1454 ταπεινώσεως
3125 1389 3304 1460 ἡμῶν,
3344 1388 3666 1458 σύμμορφον

2079 1485 2158 1554 τῷ
2188 1484 2399 1554 σώματι
2426 1485 2525 1552 τῆς
2557 1483 2715 1552 δόξης
2745 1481 2933 1536 αὑτοῦ.
2963 1500 2980 1532 ι
3007 1481 3120 1534 Νῦν
3150 1481 3248 1550 μὲν
3277 1479 3384 1550 γὰρ
3401 1476 3663 1547 εὐτελείᾳ,

2080 1577 2176 1630 καὶ
2211 1576 2404 1647 ἀτιμίᾳ
2445 1575 2780 1642 διαγίνεσθαι
2809 1575 2952 1645 τάχα
2988 1574 3277 1644 συμδαίνει
3310 1571 3371 1623 τὸ
3394 1569 3670 1641 ἀνθρώπι-

2081 1689 2170 1724 νον
2201 1670 2380 1741 σῶμα,
2406 1668 2848 1740 ἐπηρεαζόμενόν
2893 1685 2950 1720 τε
2978 1669 3096 1730 ταῖς
3131 1666 3238 1718 τῶν
3269 1664 3538 1734 δαιμόνων
3575 1664 3641 1730 ἐφ

2081 1763 2238 1824 ὀδοις,
2264 1761 2356 1814 καὶ
2385 1763 2502 1824 ταῖς
2533 1763 2702 1831 αὐτῆς
2733 1759 2994 1822 πολλάκις
3014 1759 3306 1829 τῆςψυχῆς
3333 1754 3665 1825 νωχελείαις,

2084 1851 2298 1922 μῶμοις
2321 1853 2453 1918 τισὶ,
2479 1853 2570 1905 καὶ
2595 1852 2802 1916 σπίλοις
2849 1851 3198 1922 περιπίπτον,
3223 1847 3668 1918 ἐξανδραποδιζό-

2085 1943 2241 2011 μενόν
2263 1959 2321 1994 τε
2370 1941 2483 1994 ἔσθ’
2518 1943 2629 2007 ὅτε,
2671 1943 2764 1994 καὶ
2797 1942 2935 2009 ἄγαν
2982 1939 3407 2009 ταπεινούμενον
3438 1937 3541 1990 ὑπὸ
3569 1937 3669 2005 τῆς

2081 2030 2376 2102 ἁμαρτίας,
2409 2031 2502 2084 καὶ
2540 2033 2596 2083 ἐν
2654 2030 2802 2101 αὖτῷ
2842 2031 2918 2101 τῷ
2953 2030 3226 2102 θνήσκειν,
3267 2029 3362 2083 καί⁵
3410 2027 3670 2096 ἐνταφιά-

2081 2123 2288 2188 (saliat,
2322 2126 2378 2175 ἐν
2417 2122 2786 2187 ἐξουδενώσει,
2827 2125 2922 2176 καὶ
2956 2122 3151 2192 ἀτιμίᾳ
3198 2121 3492 2193 συρόμενον
3515 2121 3571 2172 ὲν
3602 2120 3669 2188 τῇ

2082 2219 2172 2286 γῇ.
2224 2217 2317 2269 καὶ
2355 2216 2698 2285 θαπτόμενον
2738 2217 2796 2268 ἐν
2824 2215 3070 2285 εὐτελείᾳ
3100 2214 3288 2286 πολλῇ.
3323 2234 3340 2266 ι
3379 2213 3671 2283 Σπείρεται

2080 2308 2208 2376 γὰρ,
2239 2307 2423 2376 φησὶν,
2468 2308 2527 2358 ὲν
2572 2305 2786 2376 ἀτιμίᾳ,
2819 2305 3092 2376 ἐγείρεται
3151 2307 3207 2357 ὲν
3241 2305 3389 2375 δόξῃ.
3430 2324 3448 2354 ι
3489 2303 3576 2355 Ἐν
3615 2302 3671 2354 δὲ

2081 2400 2158 2470 τῷ
2180 2399 2355 2469 καιρῷ
2389 2399 2488 2465 τῆς
2524 2399 2742 2451 πάντων
2790 2397 3094 2468 ἀνθρώπων
3139 2396 3413 2468 ὲγέρσεως
3438 2436 3452 2460 ,
3483 2396 3582 2465 τήν
3613 2411 3670 2445 τε

2083 2491 2308 2562 φθορὰν,
2330 2491 2422 2543 καὶ
2452 2490 2549 2562 τὴν
2580 2491 2906 2542 ταπείνωσιν
2937 2491 3424 2559 ἀποτιναξάμενον,
3452 2487 3674 2542 ἀνίστα-

2085 2600 2178 2636 ται
2221 2583 2281 2635 τὸ
2317 2581 2473 2652 σῶμα
2520 2581 2675 2652 ἡμῶν
2728 2582 3284 2652 κατακεκοσμημένον
3317 2583 3384 2651 τῇ
3436 2577 3672 2649 Χριστοῦ

2081 2676 2175 2728 τοῦ
2201 2675 2452 2746 Σωτῆρος
2477 2674 2624 2747 δόξῃ,
2678 2675 2772 2726 καὶ
2827 2673 3306 2745 μεγαλοπρεπείᾳ,
3338 2672 3536 2744 μηκέτι
3561 2672 3672 2724 λοι-

2085 2767 2184 2819 πον
2221 2765 2644 2838 τραπησόμενον
2675 2768 2754 2829 είς
2785 2766 3081 2835 ἁμαρτίαν,
3106 2767 3200 2819 καὶ
3225 2764 3452 2836 φθορὰν,
3476 2763 3674 2835 μηκέτι

2083 2856 2626 2927 ταπεινωθησόμενον
2660 2859 2725 2928 τῇ
2766 2857 3074 2929 θνητότητι,
3102 2857 3194 2910 καὶ
3216 2859 3281 2927 τῇ
3330 2853 3672 2926 ματαιότητι,

2087 2951 2178 3002 καὶ
2228 2952 2349 3012 ταῖς
2400 2951 2820 3020 ταλαιπωρίαις,
2851 2949 2988 3004 ἀλλὰ
3034 2952 3130 3004 σὺν
3168 2949 3549 3013 διαιωνίζοντι,
3581 2951 3672 3000 καὶ

2016 3042 2370 3134 ςοάφοαρσίᾳ
2402 3045 2703 3115 ἀπέραντα.

2615 3137 2734 3188 οθ’.
2770 3166 2841 3175 —
2880 3135 2964 3200 Τῷ
2987 3133 3168 3200 αὐτῷ.

2177 3244 2193 3274 ι
2227 3224 2589 3288 Ἐπεϐίϐασας
2616 3226 2937 3296 ἀνθρώπους
2964 3226 3056 3278 ἐπὶ
3078 3225 3175 3288 τὰς
3199 3223 3440 3293 κεφαλὰς
3462 3223 3672 3294 ἡμῶν.»

2102 3317 2257 3369 Ἐστι
2294 3317 2402 3390 γὰρ
2445 3318 2533 3370 ὅτε
2592 3321 2888 3388 συγχωρεΓ
2915 3319 3041 3381 τοὺς
3095 3317 3354 3387 δαίμονας
3380 3320 3408 3371 ό
3434 3317 3566 3380 Θεὸς
3610 3321 3676 3387 τῇ

2098 3407 2245 3463 ἔνδον
2273 3411 2479 3481 κεφαλῇ
2521 3411 2752 3474 ἀναιδῶς
2789 3409 3132 3474 ἐπικαθίζειν
3151 3453 3164 3476 ,
3198 3411 3445 3464 τουτέστι
3473 3413 3538 3480 τῇ
3563 3410 3678 3462 δια-

2095 3501 2232 3572 νοίᾳ,
2268 3503 2362 3556 καὶ
2392 3503 2675 3556 καθέλκειν
2708 3503 2803 3574 τὴν
2836 3501 3017 3574 ψυχὴν
3040 3503 3176 3575 πρὸς
3200 3502 3423 3574 ἀπρεπῆ
3445 3489 3679 3572 ὲνθῦμή-

2101 3611 2263 3665 ματα,
2293 3587 2376 3658 οἷς
2406 3596 2553 3665 ἡμᾶς
2582 3597 2880 3664 ἀναγκαῖον
2909 3595 3226 3658 πυστεύειν,
3267 3595 3362 3648 καὶ
3388 3593 3676 3664 μάχεσθαι,

2018 3749 2021 3752 _
2101 3687 2177 3759 μὴ
2218 3687 2814 3758 συγκατατιθεμένους,
2852 3688 2987 3760 μηδὲ
3028 3686 3432 3751 συνδιάζοντας.

2625 3871 2706 3924 Il'.
2737 3903 2808 3912 —
2847 3871 2932 3937 Τῷ
2971 3870 3152 3936 αὐτῷ.

2169 3965 2246 4018 Οὐ
2279 3963 2759 4036 στενοχωρούμεθα
2791 3965 2848 4016 ἐν
2881 3967 2947 4033 τῇ
2971 3963 3064 4016 τοῦ
3101 3961 3236 4016 Θεοῦ
3265 3962 3454 4034 ἀγάπῃ
3475 4004 3488 4026 ,
3518 3961 3681 4031 φησὶν

2097 4057 2126 4110 ὁ
2171 4058 2492 4120 Ἀπόστολος
2523 4054 2848 4129 Κορινθίοις,
2885 4055 3045 4126 ὑμεῖς
3079 4055 3135 4107 δὲ
3179 4053 3596 4125 στενοχωρεῖσθε
3626 4054 3682 4104 ἐν

2099 4152 2209 4212 τοῖς
2256 4148 2584 4218 σπλάγχνοις
2632 4147 2806 4218 ὑμῶν,
2851 4147 2926 4218 μὴ
2981 4145 3294 4217 βουλόμενοι
3340 4145 3428 4198 διὰ
3475 4143 3683 4197 πολλῶν

2098 4240 2308 4312 ἀρετῶν
2331 4239 2695 4308 πλατυνθῆναι
2720 4241 2819 4310 τὴν
2839 4238 3036 4309 ψυχὴν,
3060 4239 3152 4291 καὶ
3184 4238 3282 4300 τὰς
3303 4237 3450 4300 θείας
3481 4236 3682 4304 ἐλλαμ-

2099 4331 2219 4398 ψεις
2250 4329 2504 4396 δέξασθαι
2529 4371 2543 4395 ,
2580 4330 2675 4383 καὶ
2719 4331 2990 4400 χωρῆσαι.
3027 4327 3191 4380 Ὅθεν
3226 4329 3355 4397 ἡμῖν
3395 4325 3685 4396 συμϐαίνει

2101 4424 2160 4477 τὸ
2189 4423 2245 4474 ὲν
2277 4421 2354 4493 τῷ
2406 4423 2602 4492 Ἡσαΐᾳ
2645 4423 2957 4494 εἰρημένον,
3005 4421 3086 4474 ὅτι
3136 4422 3195 4473 ὲν
3243 4422 3312 4490 τῇ
3367 4417 3537 4486 θλίψει
3583 4416 3685 4468 τοῦ

2104 4513 2322 4585 ἐχθροῦ,
2358 4515 2453 4566 καὶ
2481 4516 2537 4566 ὲν
2572 4516 2638 4584 τῇ
2684 4513 3012 4584 στενοχωρίᾳ
3041 4511 3140 4582 τῆς
3166 4510 3409 4573 διανοίας
3449 4509 3686 4570 λέοντες.

2105 4605 2199 4659 καὶ
2223 4605 2467 4670 ἀσπίδες,
2493 4605 2586 4658 καὶ
2615 4605 2772 4668 εἴτις
2799 4603 2931 4674 ἄλλη
2958 4603 3191 4673 δύναμις
3213 4601 3452 4662 ἐναντία,
3476 4599 3688 4661 τούτοις

2103 4699 2213 4770 γὰρ
2245 4699 2340 4752 καὶ
2370 4700 2484 4760 τοῖς
2511 4696 2774 4760 τοιούτοις
2821 4696 3049 4767 ὀνόμασι
3091 4693 3378 4748 καλοῦνται
3406 4693 3455 4745 οἱ
3494 4689 3690 4758 δαίμο-

2099 4810 2221 4857 νες,
2257 4792 2348 4845 τὸν
2398 4791 2626 4845 πλοῦτον
2672 4789 2853 4844 αὐτῶν
2905 4790 3045 4843 ὄνων
3103 4789 3198 4842 καὶ
3254 4787 3362 4839 τῶν
3425 4783 3693 4855 καμήλων

2098 4883 2291 4955 ἔφερον
2314 4902 2325 4915 ·
2357 4883 2494 4936 ὅνων
2529 4882 2627 4952 μὲν
2679 4879 3020 4951 νοουμένων,
3053 4877 3162 4931 τῶν
3197 4875 3567 4945 νωθεστέρων,
3595 4873 3692 4925 καὶ

2101 4977 2420 5048 φιληδόνων,
2441 4976 2535 5028 καὶ
2570 4972 2860 5045 μοχθηρῶν
2882 4990 2894 5002 ο
2921 4971 3186 5042 καμήλων
3203 4969 3258 5022 δὲ
3279 4967 3389 5020 τῶν
3411 4966 3508 5037 τὴν
3530 4967 3692 5034 ὑπερ-

2101 5071 2369 5140 ηφάνειαν
2395 5108 2410 5131 ,
2442 5068 2538 5121 καὶ
2582 5066 2680 5137 τὴν
2728 5062 3096 5136 μνησικακίαν
3146 5059 3538 5126 ὲξασκοόντων.
3586 5057 3694 5108 Τὸν

2099 5157 2276 5211 τοίνυν
2301 5155 2529 5208 πλοῦτον
2559 5155 2670 5210 τῶν
2705 5153 2979 5224 πονηρῶν,
3021 5153 3114 5205 καὶ
3136 5151 3400 5222 αἰσχρῶν,
3439 5149 3534 5202 καὶ
3567 5151 3696 5202 ἀνο-

2106 5265 2220 5321 μων
2271 5247 2544 5318 λογισμῶν
2589 5243 2964 5317 φορτὼσαντες
2994 5246 3091 5308 τὰς
3127 5243 3302 5313 ψυχὰς
3345 5242 3453 5294 τῶν
3478 5239 3694 5311 ἀνθρώ-

2106 5360 2222 5394 ποιν
2275 5340 2325 5393 οἱ
2374 5340 2664 5410 δαίμονες,
2695 5336 2980 5390 ἐλαύνουσι
3039 5336 3118 5398 είς
3157 5334 3256 5396 τὰς
3306 5334 3545 5403 ἐρήμους
3581 5329 3698 5382 τῶν

2107 5432 2317 5506 ἀρετῶν
2352 5432 2599 5501 πράξεις,
2633 5432 2724 5484 καὶ
2754 5430 3141 5492 καταστάσεις.
3171 5427 3337 5482 Οὐδὲν
3387 5425 3432 5478 δ’
3456 5425 3698 5494 ὑπάρχει

2112 5528 2208 5597 τῆς
2239 5524 2513 5596 ἁμαρτίας
2545 5522 2864 5594 βαρύτερον,
2888 5521 2966 5574 διὸ
2991 5523 3084 5574 καὶ
3110 5521 3258 5592 παρὰ
3280 5522 3389 5582 τοῖς
3415 5515 3699 5586 θεοφόροις

2113 5618 2338 5688 ἀνδράσι
2364 5615 2594 5687 μολίϐδῳ
2619 5614 3010 5686 παρείκασται.

1760 5746 1802 5777 τι
1835 5742 1981 5798 psaL
2023 5755 2148 5806 ιχν,
2182 5739 2261 5792 te,
2307 5736 2385 5810 ,θ’
2410 5731 2452 5786 ll
2485 5729 2609 5785 Cor.
2640 5743 2712 5795 vi,
2744 5726 2828 5780 12.
2912 5725 3036 5758 θυι
3059 5723 3318 5798 Isa.,xxx.
3344 5728 3397 5783 6.
