4012 6196
383 226 490 291 237

907 339 1032 390 IIA'.
1071 369 1142 380 —
1174 340 1256 406 Τῷ
1296 343 1476 409 αὐτῷ.

460 425 556 478 Ἂν
586 425 650 477 ἐκ
701 423 792 478 τοῦ
824 425 1020 496 βάθους
1049 429 1148 500 τῆς
1177 433 1402 502 καρδίας
1436 435 1570 506 πρὸς
1613 437 1744 493 Θεὸν
1779 442 1968 496 στενά-

383 515 583 586 ξωμεν,
611 516 994 590 είσᾳκούσεται
1045 523 1261 586 πάντως
1290 563 1305 586 ,
1340 527 1436 580 καὶ
1476 528 1635 594 δείξει
1689 531 1967 602 θαυμάσια.

381 611 492 670 τοῖς
523 609 657 672 υίοίς
705 608 816 661 τῶν
860 609 1181 681 ἀνθρώπων,
1208 617 1302 668 καὶ
1337 619 1549 690 ποιήσει
1595 621 1694 691 τὴν
1723 623 1965 696 κάμηλον

382 695 655 764 πρόϐατον
695 713 710 729 ο
751 716 769 749 ι
809 697 959 769 Αὕτη
993 719 1013 752 ι
1054 702 1182 774 γάρ,
1207 707 1404 774 φησὶν,
1449 711 1520 780 ιή
1556 711 1837 778 ἀλλοίωσις
1863 695 1964 786 τῆς

375 789 556 853 δεξιᾶς
576 789 671 843 τοῦ
703 790 980 863 Ὑψίστου.
1009 813 1027 844 ι
1051 796 1160 850 Καί
1170 815 1330 852 τινων
1345 800 1574 874 ψαλμῶν
1596 806 1810 869 τίτλοι,ι
1839 810 1964 872 Τοῖς

375 881 902 952 ὰλλοιιιιθησομένοις
941 904 960 936 ι
988 887 1332 960 ἐγράφησαν.
1373 891 1498 947 Ἐἀν
1524 896 1700 948 τοίνυν
1730 899 1956 953 σπουδάς

377 989 490 1036 σεις
511 973 602 1026 διὰ
626 973 733 1027 τῶν
761 975 972 1044 ἀρετῶν
1013 978 1209 1048 ἀρέσαι
1238 981 1316 1054 τῷ
1343 985 1577 1056 Σωτῆρι,
1608 991 1959 1061 ἀποιρορτίξει

373 1063 465 1116 τὸν
489 1064 684 1134 νοητόν
729 1082 823 1118 σου
857 1066 977 1119 ὄνον
1021 1069 1429 1142 ἀχοοςοοροῦντα
1460 1079 1573 1139 τοῖς
1595 1077 1836 1147 δαίμοσι,
1865 1082 1960 1134 καὶ

371 1155 551 1226 ἀσαγῆ
604 1158 862 1230 ποιήσας,
912 1159 1164 1214 ὲπιϐαλεῖ
1209 1179 1292 1216 σοι
1353 1165 1421 1218 τά
1482 1168 1588 1220 τῶν
1643 1171 1956 1225 ἀποστόλων

373 1248 850 1317 ίμάτια,τουτέστι
874 1251 941 1305 τά
971 1251 1089 1305 Θεία
1120 1255 1462 1326 παιδεύματά
1481 1277 1542 1312 τε
1572 1263 1665 1314 καὶ
1687 1263 1952 1334 δόγματα,

371 1336 471 1390 καὶ
509 1338 890 1402 ὲπιιιαθεσοεὶς
932 1338 1008 1410 τῷ
1039 1342 1124 1393 νοῒ
1175 1360 1266 1395 σου
1315 1343 1506 1418 ὥσπερ
1541 1351 1604 1419 τῇ
1652 1350 1758 1422 ὄνῳ
1802 1354 1950 1419 ποτὲ,

373 1427 684 1499 εἰσέρχεται
712 1432 804 1482 καὶ
843 1430 938 1484 νῦν
972 1434 1052 1496 εἰς
1077 1432 1174 1504 τὴν
1210 1435 1371 1503 ἁγίαν
1417 1440 1571 1494 πόλιν
1596 1439 1953 1515 δοξαζόμενός

371 1533 459 1580 τε,
492 1519 586 1570 καὶ
602 1519 1084 1591 ἀνευφημούμενος
1113 1523 1218 1577 ὑπὸ
1251 1527 1466 1582 πάντων
1490 1531 1735 1599 ἀγγέλων
1767 1535 1860 1588 ἐπὶ
1884 1538 1949 1606 τῇ

375 1608 618 1680 σωτηρία
650 1609 745 1662 τοῦ
803 1611 1034 1680 ἀλόγου,
1079 1613 1298 1683 λογικοῦ
1347 1621 1639 1690 γενομένου
1690 1623 1778 1677 διά
1835 1627 1953 1694 φιλ-

1616 237 2146 300 EI’ISTOLAHUM
2190 241 2332 300 LIB.
2378 242 2454 302 II.

2004 357 2048 408 Δ
2578 355 2810 410 LXXXI.
2854 388 2921 396 —
2957 358 3166 414 Eidem.

3536 247 3643 312 238

2150 444 2206 499 Si
2244 462 2306 498 ex
2347 446 2617 516 profundo
2649 449 2830 503 cordis
2870 451 2937 504 ad
2976 451 3142 505 Deum
3183 453 3634 523 ingeimterinnts,

2067 537 2291 591 omnino
2325 539 2598 601 exaudiet,
2630 549 2685 594 et
2715 543 2965 596 ostendet
2999 544 3264 598 mirabilia
3301 545 3426 600 [iliis
3459 545 3638 602 homi-

2070 639 2220 688 num,
2250 633 2303 679 et
2335 625 2499 680 faciet
2530 631 2799 683 can‘ielum
2831 648 2984 686 ovem
3018 651 3031 686 :
3073 613 3245 690 (llam
3284 655 3301 686 ι
3338 636 3504 702 enim,
3539 639 3634 699 ait,

2065 725 2149 770 est
2207 735 2226 767 ι
2279 719 2511 772 mutatio
2561 721 2800 776 dexterae
2849 722 3061 779 Excelsi
3092 726 3159 780 ³⁵.
3207 745 3226 777 ι
3273 726 3339 780 Et
3383 730 3635 782 nonnulli

2065 808 2398 875 psalmorum
2414 811 2577 874 tituli,
2591 813 2692 866 «lis
2706 815 2798 883 qui
2820 815 3173 869 imumtantur
3187 836 3204 868 ι
3222 819 3408 888 scripti
3427 819 3632 874 sunt".

2058 899 2404 970 Quapropter
2432 903 2478 957 si
2511 903 2794 960 incumbes
2825 921 2922 975 per
2953 907 3187 963 virtutes
3221 908 3490 964 Salvatori
3520 910 3636 980 pla-

2062 1004 2207 1053 rere,
2243 991 2666 1050 intellectualem
2700 1005 2851 1051 tuum
2878 997 3094 1053 asinum
3127 1012 3267 1054 onus
3297 999 3635 1054 damonibns

2064 1087 2372 1147 portantem
2403 1089 2684 1149 exonerat,
2724 1093 2778 1138 et
2821 1085 3023 1148 clitella
3073 1100 3334 1152 excussa,
3390 1088 3637 1156 imponet

2063 1169 2163 1223 tibi
2189 1170 2514 1227 vestimenta
2544 1174 2939 1242 apostolorum,
2975 1175 3079 1230 hoc
3115 1185 3198 1231 est
3227 1176 3439 1233 divinas
3467 1177 3636 1232 disci-

2061 1260 2239 1328 plinas
2271 1272 2325 1316 et
2375 1263 2660 1334 dogmata,
2697 1273 2750 1317 et
2794 1266 3042 1321 assidens
3079 1268 3400 1333 mentitum,
3443 1285 3634 1338 quem-

2056 1352 2348 1406 admodum
2373 1354 2668 1424 aliquando
2692 1357 2847 1411 asino
2872 1359 2939 1420 θ’,
2969 1360 3158 1413 introit
3180 1369 3230 1414 et
3257 1361 3474 1414 nuncin
3499 1375 3634 1416 san-

2055 1452 2196 1497 ctam
2233 1445 2511 1500 civitatem
2537 1447 2898 1517 glorilicatus,
2927 1449 3294 1520 laudibusque
3325 1453 3633 1508 celebratus

2055 1535 2126 1588 ab
2159 1537 2418 1592 omnibus
2456 1540 2668 1610 angelis
2704 1556 2806 1610 pro
2849 1542 3032 1597 salute
3074 1543 3312 1598 rationis
3366 1543 3629 1613 expertis,

2053 1627 2200 1695 quod
2236 1629 2468 1684 rationis
2491 1645 2719 1702 compos
2755 1631 2958 1686 factum
2998 1643 3083 1689 est
3105 1650 3204 1704 per
3232 1637 3630 1690 humanitatem

375 1699 688 1769 ανθριυπίαν
720 1701 818 1755 τοῦ
855 1703 1176 1768 Κτίσαντος,
1212 1708 1414 1778 μᾶλλον
1445 1709 1499 1763 δὲ
1538 1713 1939 1782 ἀνακτίσαντος,

2055 1719 2353 1785 Creatoris,
2387 1723 2497 1779 imo
2523 1726 2890 1790 renovatoris,
2917 1727 3010 1796 qui
3035 1729 3367 1794 immutavit,
3405 1737 3458 1783 et
3484 1727 3631 1785 rel‘e-

371 1789 764 1856 ἀλλοιώσαντός
821 1811 902 1859 τε,
932 1795 1026 1848 καὶ
1070 1797 1477 1864 ἁνανεὼσαντος
1519 1803 1608 1856 διὰ
1656 1805 1755 1874 τῆς
1811 1811 1949 1877 ἀμε-

367 1882 535 1948 λείας,
550 1884 762 1954 καὶτῆς
784 1885 990 1957 πλάνης
1011 1885 1188 1958 ψυχὴν
1213 1890 1632 1960 παλαιωθείσαν,
1661 1896 1753 1950 καὶ
1782 1915 1951 1971 παρα-

363 1975 754 2047 τετραμμένην
788 1978 1072 2041 ἑκουσίως.

892 2069 1016 2122 ΠΒ’.
1050 2102 1118 2114 --
1149 2072 1232 2138 Τῷ
1269 2075 1448 2141 αὐτῷ.

431 2159 668 2214 Δύναταί
696 2178 780 2224 τις
827 2161 923 2215 καὶ
963 2164 1020 2214 ἐν
1065 2164 1278 2235 σώματι
1318 2167 1393 2218 ὢν
1433 2169 1697 2241 ὑπάρχειν
1729 2175 1824 2228 σὺν
1869 2176 1947 2244 τῷ

362 2251 587 2320 Χριστῷ
646 2252 788 2305 κατά
833 2253 893 2306 τὸ
937 2256 1228 2325 εἰρημένον
1279 2258 1383 2311 ὑπὸ
1429 2261 1524 2313 τοῦ
1582 2264 1941 2320 Ἀποστδλου·

365 2363 386 2394 ι
427 2343 518 2396 Ζῶ
554 2345 610 2395 δὲ
644 2345 826 2398 οὖκέτι
859 2345 988 2414 ἐγὼ,
1019 2347 1085 2418 ζῇ
1121 2348 1176 2400 δὲ
1219 2351 1274 2401 ἐν
1318 2352 1442 2421 ἐμοὶ
1470 2354 1725 2424 Χριστός.
1750 2377 1767 2408 ι
1800 2359 1941 2412 Πολὺ

357 2434 416 2486 δὲ
455 2435 654 2504 μᾶλλον
694 2436 1009 2506 ἐκδημήσας
1041 2437 1132 2490 τοῦ
1164 2440 1408 2509 σαρκίον,
1439 2441 1622 2507 καθὼς
1647 2446 1807 2498 πάλιν
1845 2449 1942 2502 αὐ-

359 2526 450 2591 τὺς
471 2519 696 2599 γράφει,
719 2529 800 2581 ὅτι
824 2549 842 2580 ι
866 2529 1140 2582 Ἐπιποοῶ
1161 2531 1447 2597 ἀναλῦσαι,
1469 2536 1562 2588 καὶ
1600 2537 1696 2589 σὺν
1721 2539 1941 2611 Χριστῷ

359 2613 524 2671 εἶναι.
559 2638 578 2669 ι
599 2620 665 2672 'II
699 2619 807 2690 γάρ
834 2619 980 2690 ψυχὴ
1011 2621 1200 2690 νοητόν
1230 2639 1282 2674 τι
1302 2625 1489 2696 χρῆμα
1517 2622 1651 2680 οὖσα
1672 2628 1780 2682 τῶν
1813 2647 1938 2702 νοη-

357 2709 470 2761 τῶν
502 2710 730 2776 ἐφίεται,
761 2710 836 2774 ὡς
885 2712 1186 2782 ἐμφύσημα
1219 2712 1382 2775 οείον,
1413 2717 1507 2768 καὶ
1534 2717 1848 2790 θαυμαστόν
1886 2739 1937 2774 τι

358 2801 700 2868 τυγχάνουσα
725 2800 1147 2873 δημιούργημα·
1180 2805 1489 2878 βαρουμὲνη
1523 2805 1617 2862 οὖν
1661 2810 1738 2882 τῷ
1767 2815 1937 2884 γηΐνῳ

357 2889 578 2959 σώματι
598 2889 685 2942 διὰ
703 2891 801 2960 τὴν
832 2890 1154 2963 θνητότητα,
1180 2896 1406 2960 εἰκότως
1429 2897 1522 2950 νῦν
1541 2899 1801 2972 ἐπιθυμεῖ
1818 2904 1936 2956 δια-

357 2981 628 3050 λυθῆναι,
659 2981 998 3053 εἰλικρινῶς,
1032 2985 1124 3038 καὶ
1174 2987 1492 3058 ἀμερίμνως
1516 3032 1531 3055 ,
1575 2992 1669 3044 καὶ
1717 2994 1936 3062 ἀφόϐως

2054 1813 2128 1865 cit
2159 1823 2382 1883 propter
2408 1816 2794 1886 negligentiam
2845 1828 2898 1872 et
2937 1834 3181 1874 errorem
3213 1819 3448 1872 animam
3479 1821 3630 1877 inve-

2055 1913 2306 1968 teratam,
2338 1916 2390 1960 et
2431 1916 2628 1977 sponte
2647 1910 2935 1963 distortam
2965 1917 3126 1978 atque
3161 1908 3450 1964 deﬂexam.

2534 2074 2793 2130 LXXXII.
2819 2106 2879 2116 --
2910 2076 3120 2132 Eidem.

2119 2160 2302 2220 Potest
2315 2167 2604 2237 quisquam
2624 2183 2784 2240 unus,
2807 2168 2934 2222 licet
2955 2168 3006 2221 in
3021 2183 3249 2238 corpore
3261 2168 3350 2234 sit,
3365 2183 3486 2224 esse
3502 2183 3626 2225 cum

2049 2253 2296 2319 Christo,
2321 2264 2378 2308 ut
2410 2255 2985 2326 tradiditApostolus:
3012 2255 3200 2325 cVivo,
3224 2259 3336 2328 jam
3364 2274 3473 2314 non
3501 2274 3626 2330 ego,

2045 2344 2179 2397 vivit
2203 2359 2332 2400 vero
2354 2344 2408 2398 in
2441 2359 2526 2400 me
2549 2344 2884 2402 Christus”.
2909 2366 2928 2398 ι
2969 2347 3072 2403 Sed
3102 2348 3276 2417 magis
3310 2349 3612 2420 magisque.

2045 2435 2090 2488 si
2112 2451 2175 2489 ex
2203 2437 2536 2507 corpuscqu
2555 2439 2872 2505 excesserit,
2897 2447 2957 2494 ut
2984 2454 3177 2496 rursus
3202 2439 3344 2496 idem
3378 2441 3573 2496 scribit
3600 2458 3618 2498 :

2049 2546 2067 2577 ι
2093 2527 2262 2596 Cupio
2285 2528 2531 2594 dissolvi,
2549 2539 2603 2586 et
2627 2545 2751 2586 esse
2766 2545 2890 2586 eum
2906 2531 3126 2588 Christo
3140 2532 3206 2586 ’9.
3219 2549 3238 2583 ι
3255 2531 3452 2586 Anima
3471 2533 3615 2588 enim

2043 2635 2165 2673 cum
2186 2621 2550 2678 intellectuale
2566 2622 2695 2692 quid
2709 2623 2804 2689 sit,
2824 2623 3210 2679 intellectualia
3227 2639 3446 2694 quoque
3465 2639 3635 2695 appe-

2045 2709 2127 2771 tit,
2149 2717 2408 2777 tanquam
2429 2724 2548 2778 quaa
2565 2710 2899 2780 spiraculum
2923 2710 3188 2777 divinum,
3213 2720 3267 2766 et
3286 2710 3624 2767 admirabilis

2040 2797 2285 2869 quaedam
2299 2809 2549 2856 creatura
2563 2801 3042 2872 sit.Prazgravata]
3058 2802 3167 2874 58
3179 2803 3622 2873 itaqueterrestri

2039 2906 2272 2962 corpore
2318 2900 2544 2964 propter
2595 2897 3010 2962 mortalitatem,
3050 2896 3176 2966 jure
3222 2897 3420 2954 merito
3473 2913 3624 2954 nunc

2039 2982 2385 3053 concupiscit
2420 2999 2518 3054 per
2545 2993 2777 3042 mortem
2816 2987 3066 3053 dissolvi,
3093 2995 3146 3044 et
3178 2989 3412 3058 sincere,
3443 2999 3500 3044 et
3525 3007 3616 3048 se-

356 3074 591 3127 θανάτου
617 3078 849 3128 συνεῖναι
867 3077 940 3145 τῷ
958 3076 1222 3148 Δεσπότῃ,
1242 3079 1547 3134 ἀναλύσασα
1571 3083 1676 3135 ἀπὸ
1696 3083 1788 3136 τοῦ
1815 3086 1939 3157 Ονη-

2045 3087 2198 3138 cure,
2235 3082 2288 3130 et
2317 3075 2589 3146 intrepide
2617 3093 2725 3132 una
2756 3092 2881 3134 cum
2911 3078 3144 3136 Domino
3171 3095 3316 3146 esse,
3345 3097 3374 3135 a
3399 3083 3616 3137 mortali

355 3167 473 3232 τοῦ,
493 3169 586 3220 ἐπὶ
604 3167 667 3219 τὸ
683 3167 948 3222 ἀθάνατόν
976 3185 1056 3232 τε,
1074 3169 1168 3223 καὶ
1187 3171 1250 3224 ἅτ
1259 3173 1635 3240 ρεπτον.Μετά
1651 3174 1705 3228 δὲ
1726 3176 1826 3247 τὴν
1843 3177 1937 3230 νῦν

353 3261 531 3324 λύσιν,
561 3262 618 3314 ἐν
648 3265 712 3332 τῇ
748 3261 1073 3327 ἀναστάσει,
1107 3261 1380 3333 ἄφθαρτον
1417 3265 1511 3317 καὶ
1561 3265 1827 3322 ἀθάνατον
1877 3270 1938 3322 τὸ

356 3355 489 3408 ἷδ.ον
538 3354 699 3424 σῶμα
738 3354 1085 3407 ἀπολαεοῦσα
1123 3355 1458 3426 ζωοποιηοὲν
1483 3359 1561 3430 τῷ
1597 3361 1737 3431 ἁγίῳ
1771 3363 1938 3417 Πνεύ-

354 3462 509 3514 ματι,
544 3443 936 3507 συνδιαιωνίςει
969 3445 1154 3498 λοιπὸν
1178 3449 1240 3516 τῇ
1276 3448 1460 3519 ἀλύτῳ
1491 3450 1820 3525 εὐφροσύνῃ,
1841 3453 1936 3508 καὶ

353 3539 424 3608 τῇ
454 3537 838 3607 μακαριότητι,
872 3538 966 3588 καὶ
1000 3539 1064 3606 τῇ
1106 3539 1506 3611 άναμαρτησίᾳ.
1537 3544 1627 3594 Δεῖ
1658 3544 1768 3614 γὰρ
1801 3547 1936 3598 ἀπο-

353 3630 696 3698 καταστῆναί
727 3647 784 3681 σε
821 3631 913 3681 ἐπὶ
950 3631 1049 3700 τὴν
1099 3631 1348 3701 καθαρὰν
1391 3632 1574 3702 φύσιν,
1609 3636 1728 3706 ἦτοι
1761 3635 1930 3702 θείαν,

358 3726 454 3778 καὶ
482 3725 908 3794 ἀγήρω,άλυπὸν
938 3741 1020 3789 τε,
1049 3726 1142 3777 καὶ
1173 3727 1350 3794 πάσης
1381 3728 1660 3794 φροντίδος
1690 3730 1932 3800 ἀπηλλα-

357 3834 394 3885 γ
400 3815 569 3886 μένην
603 3817 952 3870 κατάστασιν.

885 4016 1008 4070 III".
1043 4046 1108 4055 —
1143 4015 1226 4081 Τῷ
1250 4015 1425 4082 αὐτῷ.

429 4131 552 4184 Εἰσί
581 4146 720 4193 τινες
770 4127 1158 4191 καταστάσεις,
1189 4129 1282 4182 καὶ
1329 4128 1472 4194 ἔξεις
1515 4129 1572 4182 ἑν
1619 4127 1928 4203 ἀνθρώποις

353 4222 613 4293 καθαραὶ,
648 4221 786 4274 ὥστε
819 4220 912 4272 τὸν
954 4221 1053 4290 μὲν
1097 4220 1250 4290 ἡλίου
1281 4222 1498 4290 ἐπέχειν
1530 4220 1716 4284 τόπον,
1749 4222 1841 4275 τὸν
1869 4222 1926 4276 δὲ

353 4317 603 4388 σελήνης,
623 4314 729 4366 ’τὸν
749 4313 805 4366 δὲ
836 4312 1094 4384 ἀστέρος·
1117 4314 1208 4365 καὶ
1240 4311 1370 4375 ἴδοις
1392 4313 1458 4365 ἄν
1486 4330 1608 4364 τινα
1637 4312 1924 4384 ἄνθρωπον

2041 3163 2146 3218 hoc
2179 3164 2233 3220 in
2257 3164 2566 3224 immortale
2591 3177 2646 3224 et
2682 3169 3021 3225 immutabile
3047 3172 3306 3226 resoluta.
3327 3170 3456 3228 Post
3476 3172 3618 3227 hanc

2040 3271 2170 3310 vero
2215 3257 2568 3324 solutionem,
2633 3260 2687 3313 in
2750 3261 3158 3316 resurrectione
3206 3264 3614 3332 incorruptum,

2040 3355 2202 3416 atque
2230 3346 2538 3403 immortale
2573 3349 2858 3420 proprium
2880 3365 3085 3420 corpus
3107 3351 3381 3423 recipiens
3402 3351 3613 3422 Spiritu

2038 3442 2234 3488 sancto
2281 3434 2620 3489 viviﬁcatum
2677 3451 2783 3489 una
2833 3436 2998 3492 simul
3052 3439 3110 3492 in
3159 3449 3436 3510 posterum
3485 3454 3613 3494 cum

2040 3525 2319 3582 insolubili
2359 3528 2564 3594 laetitia,
2599 3537 2652 3582 et
2682 3529 2975 3597 beatitate,
3025 3539 3080 3586 et
3120 3531 3398 3601 inculpata
3448 3532 3614 3586 inno-

2037 3621 2237 3686 centia,
2275 3637 2398 3690 quae
2421 3622 2596 3676 amitti
2632 3637 2740 3676 non
2775 3633 2970 3693 potest,
3003 3632 3288 3694 perennat.
3319 3624 3612 3679 Reducen-

2035 3711 2138 3764 dus
2163 3713 2306 3766 enim
2338 3729 2396 3767 es
2427 3714 2493 3766 ad
2526 3728 2718 3783 puram
2739 3753 2753 3779 ,
2795 3716 2878 3768 vel
2926 3715 3167 3770 divinam
3190 3758 3206 3782 ,
3234 3727 3288 3772 et
3328 3731 3608 3786 nunquam

2036 3813 2410 3856 senescentem
2445 3813 2726 3869 naturam,
2762 3821 2982 3860 necnon
3021 3807 3088 3860 ab
3115 3808 3263 3862 omni
3292 3808 3519 3865 tristitia
3550 3817 3608 3864 et

2029 3907 2164 3949 cura
2199 3894 2494 3948 immunem
2525 3911 2590 3948 ac
2624 3911 2850 3948 vacuant
2888 3897 3299 3958 conditionem.

2526 4006 2809 4062 LXXXIII.
2838 4031 2904 4049 -ιι
2935 4007 3142 4064 Eidem.

2102 4118 2245 4174 Sunt
2277 4119 2523 4190 quaedam
2551 4120 2896 4176 conditiones
2933 4130 2989 4176 et
3022 4120 3241 4176 habitus
3262 4121 3406 4176 inter
3427 4121 3607 4176 homi-

2029 4228 2128 4270 nes
2159 4214 2304 4284 puri',
2340 4213 2489 4267 adeo‘
2507 4221 2566 4267 ut
2595 4213 2684 4267 hic
2719 4213 2941 4284 quidem
2992 4215 3172 4270 locum
3214 4223 3400 4270 teneat
3443 4214 3602 4278 solis,

2029 4305 2170 4360 alius
2197 4305 2359 4370 lunae,
2396 4304 2537 4359 alius
2583 4305 2780 4360 stella.
2812 4304 2880 4358 Et
2907 4305 3118 4362 videbis
3145 4322 3279 4363 sane
3311 4309 3608 4364 nonnemi-

342 4408 488 4478 ὑπὲρ
513 4407 606 4461 τὸν
637 4404 959 4474 Σολομῶντα
988 4403 1242 4466 πολλάκις
1269 4402 1652 4473 δεδοξασμένον
1691 4406 1754 4476 τῇ
1783 4406 1922 4459 ἄνω-

2045 4413 2150 4452 iem
2189 4396 2480 4452 Salomone
2499 4399 2619 4467 ipso
2645 4414 3021 4467 saepenumero
3045 4415 3283 4470 superna
3311 4399 3600 4470 prudentia

343 4501 435 4552 θεν
485 4498 768 4568 φρονήσει,
810 4495 1029 4567 ὕστερον
1071 4495 1128 4547 δὲ
1157 4493 1246 4548 διὰ
1284 4495 1377 4548 τοῦ
1418 4495 1802 4560 ἀπονυστάξαι,
1831 4497 1928 4550 καὶ

341 4589 698 4660 χαυνωοῆναι
748 4587 848 4655 τῆς
903 4587 1212 4657 προσοχῆς,
1263 4587 1759 4656 ἐγκαταλειφθέντα
1821 4587 1927 4640 ὑπὸ

338 4681 502 4740 Θεοῦ,
536 4680 632 4732 καὶ
680 4677 1089 4746 ἀποδυσάμενον
1122 4678 1223 4746 τήν
1260 4693 1319 4729 τε
1360 4677 1667 4739 εὐλάϐειαν,
1704 4679 1797 4731 καὶ
1831 4679 1924 4731 τὸν

337 4770 508 4837 φὸςον
537 4767 629 4820 τοῦ
663 4765 1003 4836 Κρείττονος,
1043 4764 1140 4818 καὶ
1177 4765 1648 4818 καταπεπτωκότα
1687 4767 1766 4828 είς
1796 4767 1925 4819 ἀσέ-

335 4864 520 4923 εειαν,
568 4859 662 4912 καὶ
713 4857 989 4929 ἁμαρτίας
1043 4858 1302 4928 μεγάλας,
1362 4857 1500 4910 ὥστε
1551 4856 1809 4910 δύνασθαί
1861 4876 1920 4912 σε

333 4951 545 5017 λέγειν,
573 4949 654 5000 ὅτι
701 4948 967 5019 διετράπη
989 4949 1022 5000 ὀ
1057 4947 1207 5018 ἣλιος
1245 4947 1426 5000 πεσὼν
1469 4948 1597 5017 παρ’
1629 4947 1822 5002 ἐλπίδα
1841 4951 1922 5012 εἰς

331 5039 788 5110 ἀθεμιτηυργίας.
834 5040 1046 5092 Γίνεται
1090 5039 1198 5111 γάρ
1243 5039 1469 5093 τοιαῦτα
1508 5039 1792 5103 πολλάκις,
1828 5041 1920 5094 καὶ

328 5133 454 5194 τοῖς
512 5129 817 5191 σπουδαίοις
856 5129 1083 5200 ὕστερόν
1139 5146 1268 5184 ποτε
1295 5131 1381 5185 διὰ
1409 5130 1510 5200 τῆς
1536 5131 1795 5201 ἀμελείας
1831 5149 1925 5200 γε-

325 5221 721 5292 γυμνωμένοις
756 5222 855 5290 τῆς
899 5223 1142 5290 φρουρᾶς
1195 5222 1288 5274 τοῦ
1350 5223 1506 5290 ἁγίου
1563 5223 1916 5294 Πνεύματος,

327 5311 724 5376 ἀναϐαίνοντος
771 5311 862 5365 τοῦ
894 5313 1364 5384 Ναῦουχοδονὸσορ
1400 5315 1486 5366 ἐπ’
1512 5317 1708 5379 αὐτοὺς
1733 5317 1790 5369 ὲν
1821 5335 1918 5370 πο-

321 5406 510 5474 λέμῳ,
538 5404 632 5457 καὶ
681 5404 779 5474 τὴν
813 5404 908 5474 μὲν
945 5403 1097 5455 πόλιν
1132 5404 1427 5472 ρηγνύντος
1456 5405 1542 5458 διὰ
1588 5407 1918 5478 μηχανημά-

322 5517 442 5552 των
479 5496 805 5558 σατανικῶν,
830 5496 920 5549 τὸν
949 5497 1004 5550 δὲ
1048 5497 1292 5567 βασιλέα,
1325 5498 1416 5550 τὸν
1463 5497 1586 5550 νοῦν
1634 5516 1796 5569 φημι,
1836 5502 1899 5553 ὲκ

2025 4489 2402 4560 gloriosiorem
2435 4508 2448 4543 :
2485 4491 2858 4559 postmodum,
2915 4491 3061 4562 quod
3107 4491 3446 4556 dormitarit,
3479 4501 3534 4545 et
3570 4507 3598 4544 a

2023 4581 2375 4634 contentione
2407 4579 2496 4632 illa
2527 4580 2825 4649 quidquam
2869 4580 3172 4642 demiserit,
3211 4580 3538 4634 derelictum
3566 4596 3596 4633 a

2023 4671 2155 4735 Deo,
2189 4679 2242 4724 et
2275 4671 2498 4740 pietate,
2533 4679 2587 4725 et
2623 4670 2836 4726 Domini
2878 4679 3024 4724 metu
3063 4670 3376 4739 spoliatum,
3404 4670 3458 4723 in
3499 4669 3599 4722 im-

2022 4763 2277 4832 pietatem
2310 4772 2364 4818 et
2409 4762 2649 4833 ingentia
2690 4762 2899 4818 scelera
2929 4762 3282 4831 prolapsum;
3321 4768 3380 4814 ut
3418 4760 3598 4829 possis

2021 4855 2243 4910 dicere:
2278 4855 2592 4910 Conversus
2624 4867 2707 4909 est
2741 4854 2822 4908 sol
2844 4894 2858 4918 ,
2897 4863 3093 4926 ιιι-αξιοι·
3124 4852 3592 4920 exspectationem

2023 4947 2076 5001 in
2110 4945 2378 5001 nefandas
2414 4946 2736 5015 iniquitates
2763 4944 3042 5014 delapsus.
3065 4943 3336 4998 Eveniunt
3363 4959 3598 5013 namque

2022 5037 2329 5106 smpissime
2393 5035 2636 5100 similia,
2692 5037 2856 5089 etiam
2906 5035 3099 5088 virtuti
3151 5032 3547 5089 addictissimls
3581 5075 3596 5097 ,

2023 5128 2252 5200 posthac
2285 5135 2509 5198 propter
2538 5124 2929 5196 negligentiam
2973 5125 3222 5194 custodia
3257 5125 3434 5181 sancti
3470 5125 3600 5195 Spi-

2025 5223 2167 5276 ritus
2195 5215 2506 5280 denudatis,
2542 5216 2869 5270 ascendente
2901 5215 2964 5269 ad
3003 5216 3150 5286 ipsos
3165 5214 3601 5270 Nabuchodono-

2029 5327 2175 5374 sere,
2220 5320 2272 5365 et
2310 5309 2512 5363 bellum
2559 5307 2851 5372 inferente,
2896 5314 2948 5362 et
2997 5308 3183 5362 urbem
3219 5307 3436 5378 quidem
3485 5297 3601 5360 ma-

2027 5405 2206 5460 chinis
2231 5403 2488 5456 satanieis
2521 5401 2850 5472 disjieicnte,
2878 5417 3057 5471 regem
3088 5409 3293 5464 autem,
3337 5408 3598 5462 mentem,

2029 5497 2268 5564 inquam,
2307 5492 2764 5564 quemadmodum
2799 5490 3144 5560 Sedechiam,
3177 5499 3510 5557 excaecante,
3541 5496 3598 5544 et

401 5637 449 5670 ’⁵
482 5634 629 5690 Psal.
665 5649 848 5700 Lxm,
891 5635 975 5688 Il.
1054 5632 1262 5690 ’“Psal.
1297 5651 1407 5700 Lix,
1467 5651 1653 5701 vam,
1687 5652 1873 5691 tnta.

2045 5633 2234 5688 Matth.
2268 5648 2378 5694 xm,
2417 5634 2466 5685 7.
2547 5633 2592 5665 ⁸³
2623 5631 2799 5686 Galat.
2833 5647 2892 5695 ιι,
2918 5633 3006 5690 εο.
3085 5634 3129 5666 ⁹⁹
3158 5630 3388 5702 Philipp.
3425 5648 3465 5700 ι,
3495 5626 3585 5682 25.
