4012 6196
362 292 470 357 239

1850 299 1912 360 S.
1951 300 2116 361 NII-.1

3524 314 3628 378 240
3678 374 3684 379 .

358 411 503 464 ﬁlios
538 407 901 480 compedibus
941 406 1222 476 alligante,
1273 419 1324 463 ct
1369 409 1421 463 iu
1461 408 1791 481 Babylonem
1832 413 1925 465 sul:

2041 412 2368 480 τυφλοῦντος
2392 415 2579 486 ὥσπερ
2603 417 2690 470 τὶν
2718 419 2994 484 Σεδεκίαν,
3027 419 3120 475 καὶ
3151 420 3345 486 παῖδας
3367 423 3628 494 δεσμοῦν-

355 501 612 571 allegoria
657 513 966 568 expressam
1003 496 1162 568 159
1195 498 1534 557 abducente:
1569 511 1763 555 sancta
1809 518 1935 555 vero

354 587 550 653 David,
597 596 650 642 et
690 585 1026 650 Salomonis,
1061 595 1114 640 et
1153 594 1503 657 posterorum
1551 604 1739 659 regum
1800 589 1935 642 diri-

354 680 555 744 piente,
594 692 714 747 quae
749 679 803 731 in
833 677 1110 734 thesauris
1144 678 1360 744 cordis,
1401 687 1451 732 et
1495 679 1703 750 reliqua
1744 681 1935 736 multis

352 769 712 838 temporibus,
748 768 1109 839 impensoque
1148 770 1336 824 labore
1358 779 1412 824 et
1443 771 1627 826 studio
1653 785 1934 841 compara-

351 870 428 926 ta,
459 870 513 915 et
539 861 836 926 conducta,
867 869 919 914 et
959 863 1318 928 concinnata;
1355 863 1618 933 templum
1651 863 1744 917 Dei
1772 864 1933 917 inva-

352 953 514 1008 dente
531 953 926 1022 elﬁcienteque,
959 960 1018 1008 ut
1047 969 1074 1008 a
1108 955 1357 1025 profanis
1384 957 1616 1027 pedibus
1640 957 1936 1011 conculce—

355 1045 859 1116 tttr'-'.Audivique
898 1043 1247 1101 Psalmodum
1283 1057 1572 1119 propterea
1604 1051 1932 1104 clamantem

356 1139 409 1189 in
455 1135 730 1191 ﬂetibus!|
771 1155 783 1191 :
831 1136 1090 1191 Miserere
1149 1139 1288 1200 mei,
1341 1139 1487 1207 quod
1549 1140 1704 1193 multi
1756 1155 1931 1209 oppu-

350 1235 517 1293 gnant
539 1240 624 1278 tne
657 1223 726 1277 ab
751 1226 969 1279 excelso
998 1227 1298 1292 daeuwnes,
1334 1237 1388 1279 et
1413 1229 1809 1284 conculcantes
1844 1245 1929 1283 me

351 1333 446 1384 per
469 1325 637 1370 totam
673 1317 840 1370 diem.
879 1315 1150 1382 Quoniam
1183 1319 1485 1373 ascendere
1516 1320 1702 1375 fecisti
1740 1321 1927 1375 inimi-

349 1422 444 1462 cos
477 1422 628 1461 meos
664 1422 830 1476 super
868 1417 1036 1478 caput
1080 1424 1283 1462 meum.
1322 1409 1385 1462 Et
1415 1410 1706 1466 Jeremiam
1741 1413 1932 1484 lugen-

350 1511 456 1552 tem
485 1518 498 1553 :
530 1498 828 1552 Domiuans
860 1507 1019 1552 antea
1055 1515 1150 1568 per
1188 1500 1326 1553 bene
1356 1510 1507 1572 gesta
1545 1503 1748 1564 anima,
1781 1521 1927 1558 nunc

345 1589 468 1657 jure
511 1589 636 1642 belli
690 1598 849 1659 capta
899 1590 1041 1644 facta
1086 1599 1169 1644 est
1221 1592 1324 1644 sub
1380 1592 1652 1658 tributo‘,
1708 1595 1928 1649 diabolo

351 1681 596 1735 serviens
629 1680 683 1734 in
717 1682 980 1751 peccatis.
1015 1679 1389 1738 Nihilominus
1415 1687 1506 1754 qui
1548 1687 1600 1739 in
1637 1687 1751 1740 hme
1784 1689 1925 1741 mala

350 1774 562 1836 incidit,
588 1774 632 1828 si
661 1773 731 1827 ob
755 1773 1010 1843 pusillum
1040 1773 1282 1828 animum
1315 1777 1379 1828 ad
1416 1778 1575 1831 linem
1601 1794 1774 1849 usque
1810 1795 1932 1835 sese

349 1887 457 1924 non
485 1869 810 1933 deseruerit,
837 1869 930 1924 sed
958 1871 1281 1940 pomitentia
1315 1870 1520 1926 ductus
1551 1874 1616 1926 ad
1638 1873 1932 1931 Dominum

349 1961 514 2016 fuerit
542 1975 860 2024 conversus,
887 1970 940 2014 et
965 1976 1185 2016 rursum
1208 1969 1416 2017 veteres
1449 1977 1510 2016 ac
1536 1979 1663 2018 vere
1693 1965 1936 2035 philoso-

351 2055 537 2122 phicas
565 2053 807 2109 actiones
831 2052 896 2106 de
925 2067 1064 2106 novo
1097 2052 1384 2123 perfecerit
1420 2073 1432 2108 :
1459 2054 1638 2110 denuo
1662 2058 1727 2110 ad
1757 2059 1933 2127 ipsum

351 2144 565 2198 Domini
594 2144 764 2214 gratia
814 2140 1142 2213 regreditur,
1185 2141 1439 2212 dicetque
1479 2143 1544 2198 de
1577 2145 1678 2198 hoc
1717 2162 1934 2215 quoque

350 2235 726 2304 propheticum
777 2233 1052 2304 eloquium
1104 2251 1116 2287 :
1159 2231 1442 2298 Revertar,
1493 2242 1547 2288 ct
1592 2235 1933 2292 reredilicabo

349 2326 762 2381 tabernaculum
801 2323 988 2388 David,
1013 2324 1155 2394 quod
1179 2325 1453 2379 ceciderat
1515 2369 1528 2392 ,
1565 2335 1616 2380 et
1649 2329 1934 2386 confessas

348 2419 522 2489 ipsius
560 2433 648 2473 res
686 2417 943 2488 praeclare
992 2427 1207 2489 gestas,
1247 2428 1297 2473 et
1331 2418 1544 2475 divinas
1591 2421 1933 2492 largitiones,

347 2510 729 2564 etintcriorem
761 2507 1150 2578 cognitionem,
1185 2517 1238 2563 et
1259 2507 1514 2580 dirigam.
1539 2520 1590 2566 et
1615 2511 1948 2568 exstruam’:

354 2620 370 2650 ι
413 2601 476 2653 Et
525 2601 629 2656 crit
664 2601 965 2656 novissima
1011 2601 1183 2671 gloria
1225 2602 1515 2672 plusquam
1561 2604 1760 2674 prima,
1801 2606 1934 2661 dicit

350 2695 610 2748 Dominus
651 2694 1001 2761 omnipotens
1033 2695 1074 2746 °.
1117 2712 1133 2742 ι
1169 2692 1294 2747 Hth
1334 2710 1466 2748 vero
1509 2696 1704 2766 scripsi
1753 2697 1818 2750 ad
1867 2714 1929 2752 ea

347 2801 466 2856 quae
501 2788 552 2840 in
590 2785 819 2855 epistola
846 2794 936 2838 tua
961 2785 1409 2847 continebantur,
1443 2789 1855 2857 respondentia.

2045 521 2154 567 τος,
2200 507 2290 560 καὶ
2323 510 2400 570 εἰς
2432 509 2727 562 Βαϐυλῶνα
2755 512 2851 583 τὴν
2883 513 3360 585 άλληγορουμένην
3388 516 3623 584 ἀπάγον-

2043 612 2154 660 τος,
2181 597 2246 650 τά
2278 600 2334 652 δὲ
2370 599 2500 668 ἅγια
2529 600 2712 664 Δαυῒδ,
2734 603 2827 655 καὶ
2857 603 3218 674 Σολομῶντος,
3243 607 3336 658 καὶ
3367 607 3476 662 τῶν
3507 611 3632 678 ἑξῆς

2045 686 2308 757 βασιλέων
2336 732 2350 755 ,
2376 691 2746 762 λαμϐάνοντος
2771 733 2786 758 ,
2818 696 2883 748 τὰ
2939 697 2996 748 ἐν
3031 699 3142 760 τοῖς
3192 697 3486 769 θησαυροῖς
3534 702 3632 771 τῆς

2044 777 2290 847 καρδίας,
2327 781 2422 834 καὶ
2465 781 2532 834 τὰ
2566 783 2693 853 ἑξῆς
2714 825 2728 850 ,
2756 784 2824 836 τά
2857 785 3071 849 πολλοῖς
3116 787 3327 858 χρόνοις
3359 791 3498 860 μετά
3528 811 3629 847 κα-

2046 870 2235 938 μάτου,
2265 873 2358 942 καὶ
2393 875 2629 944 σπουδῆς
2660 877 3010 946 πορισθέντα,
3042 882 3136 932 καὶ
3168 884 3628 952 συγκομισθέντα,

2043 960 2134 1012 καὶ
2181 965 2724 1032 κατασκευασθέντα,
2776 969 3171 1040 ἐμπυρίζοντος
3224 975 3313 1025 τὸν
3349 976 3475 1029 ναὸν
3534 977 3626 1030 τοῦ

2043 1055 2274 1124 Κυρίου,
2297 1058 2388 1108 καὶ
2408 1059 2917 1128 παρασκευάζοντος
2938 1063 3043 1115 ὑπὸ
3067 1063 3308 1134 βεϐήλων
3337 1069 3626 1124 πατεῖσθαι

2043 1146 2363 1200 ποδῶν.Κώ
2390 1149 2596 1219 ἤκουσα
2619 1152 2713 1204 τοῦ
2745 1153 3052 1224 Ψαλμῳδοῦ
3085 1155 3174 1208 διὰ
3202 1157 3359 1210 τοῦτο
3393 1159 3627 1228 βοῶντος

2041 1236 2097 1285 ὲν
2144 1235 2426 1306 ὀδυρμοῖς
2459 1257 2475 1288 ι
2535 1239 2787 1312 ’ῐζλέησόν
2826 1261 2925 1312 με,
2965 1264 2982 1295 ι
3024 1246 3103 1298 ὅτι
3147 1246 3332 1301 πολλοὶ
3370 1252 3418 1302 οἱ
3467 1253 3625 1305 πολε-

2043 1327 2268 1395 μοῦντές
2303 1347 2368 1399 με
2416 1331 2524 1384 ἀπὸ
2554 1331 2720 1401 ὕψους
2745 1334 3021 1406 δαίμονες,
3059 1341 3151 1392 καὶ
3186 1344 3628 1408 καταπατοῦντες
3674 1328 3688 1343 ’

2040 1436 2106 1487 με
2147 1420 2273 1489 ὅλην
2303 1422 2400 1490 τὴν
2430 1423 2664 1494 ἡμέραν,
2695 1426 2828 1479 διότι
2863 1430 3199 1496 ἐπεϐίϐασας
3240 1434 3366 1497 τοὺς
3394 1436 3627 1508 ἐχθρούς

2041 1524 2142 1574 μου
2169 1509 2258 1560 ἐπὶ
2313 1510 2414 1580 τὴν
2455 1514 2698 1584 κεφαλήν
2735 1534 2835 1586 μου
2862 1534 2874 1546 ·
2911 1521 3003 1572 καὶ
3044 1520 3138 1573 τοῦ
3193 1524 3458 1595 Ἰερεμίου
3495 1527 3626 1596 θρη-

2035 1599 2269 1664 νοῦντος,
2285 1603 2369 1654 ,ὅτι
2392 1605 2453 1655 "A
2467 1622 2591 1674 ρχου
2602 1625 2666 1659 σα
2694 1610 2880 1682 πριῖλην
2899 1611 2984 1663 διὰ
2999 1615 3439 1685 κατορθωμάτων
3455 1620 3623 1691 ψυχὴ,

2036 1685 2132 1738 νῦν
2157 1689 2307 1758 νόμῳ
2347 1691 2586 1762 πολέμου
2621 1693 2906 1765 ληφθεῖσα,
2942 1701 3172 1772 ἐγενήθη
3207 1703 3287 1766 εἰς
3331 1706 3516 1778 φόρον,
3549 1709 3628 1776 τῷ

1979 1785 2018 1841 Β
2047 1776 2278 1850 διαϐὁλῳ
2325 1781 2713 1853 λειτουργοῦσα
2766 1789 2822 1839 ἐν
2870 1792 2982 1852 τοῖς
3037 1776 3421 1864 ἁμαρτήμασιν.
3478 1798 3626 1870 Πλὴν

2045 1870 2125 1921 ὅτι
2152 1873 2178 1922 ὁ
2207 1875 2317 1935 τοῖς
2359 1873 2622 1938 τοιούτοις
2675 1881 2864 1942 κακοῖς
2897 1886 3334 1953 περιπεπτωκὼς
3359 1928 3372 1952 ,
3419 1890 3512 1942 ἐὰν
3550 1892 3628 1963 μὴ

2036 1957 2157 2013 ’ἀπὸ
2190 1965 2558 2054 μικροψυχίας
2588 1969 2938 2044 ἀπευδοκήσῃ
2990 1977 3070 2039 είς
3103 1977 3293 2044 τέλος,
3343 1981 3479 2034 ἀλλὰ
3529 1957 3626 2054 iis;

2040 2053 2372 2123 ταμεληθεὶς
2394 2058 2698 2130 ἐπιστρέψῃ
2725 2061 2860 2131 πρὸς
2879 2062 3100 2134 Κύριον,
3138 2067 3230 2119 καὶ
3257 2053 3626 2144 νεαροποιήσῃ

2038 2144 2137 2206 τὰς
2200 2146 2435 2214 ἀρχαίας
2484 2150 2892 2220 ὲμφιλοσὸφους
2947 2155 3215 2225 πράξεις,
3255 2161 3622 2234 ἐπανέρχεται

2039 2237 2202 2290 πάλιν
2229 2239 2368 2308 πρὸς
2391 2241 2554 2294 αὐτὸν
2580 2245 2610 2315 ὴ
2640 2247 2948 2318 Δεσποτικὴ
2975 2251 3154 2322 χάρις,
3175 2253 3271 2306 καὶ
3305 2257 3502 2326 φράσει
3530 2261 3624 2312 καὶ

2040 2328 2170 2398 περὶ
2197 2328 2388 2383 τούτου
2421 2331 2481 2384 τὸ
2511 2337 2848 2406 προφητικὸν
2874 2340 3077 2408 λόγιον,
3122 2343 3204 2397 ὅτι
3249 2346 3619 2419 Ἀναστρέψω,

2041 2423 2132 2474 καὶ
2173 2424 2582 2499 ἀνοικοδομήσω
2644 2431 2742 2501 τὴν
2792 2434 2996 2506 σκηνὴν
3047 2437 3208 2490 Δαυῖδ
3253 2439 3352 2510 τὴν
3405 2457 3624 2494 πεπτω-

2038 2517 2200 2569 κυῖαν
2226 2559 2240 2582 ,
2272 2519 2363 2571 καὶ
2399 2521 2466 2572 τὰ
2505 2526 2942 2596 κατεσκαμμένα
2980 2529 3151 2599 αὐτῆς
3193 2533 3620 2604 κατορθώματα,

2038 2608 2132 2659 καὶ
2170 2608 2288 2661 θεῖα
2319 2611 2646 2682 δωρήματα,
2685 2616 2779 2669 καὶ
2811 2618 3012 2685 γνῶσιν
3061 2621 3160 2693 τὴν
3197 2624 3494 2696 ἐσωτέραν,
3525 2629 3621 2680 καὶ

2039 2700 2355 2771 ἀνορθώσω,
2404 2706 2496 2757 καὶ
2532 2707 2974 2781 άνοικοδομήσωυ
3028 2733 3045 2765 ι
3089 2715 3199 2768 Kai.
3247 2716 3396 2770 ἔσται
3427 2719 3458 2788 ἡ
3494 2718 3619 2782 δόξα

2035 2793 2306 2863 ὴέσχάτη
2345 2797 2484 2867 ὑπὲρ
2528 2798 2625 2868 τὴν
2668 2801 2926 2874 πρώτην,
2969 2805 3115 2874 λέγει
3163 2807 3369 2878 Κύριος
3420 2828 3619 2863 παντο-

348 2878 589 2949 κράτωρ.
629 2896 646 2928 ι
691 2876 1026 2945 Γεγράςςηκα
1060 2875 1114 2928 δὲ
1151 2877 1342 2942 ταῦτα,
1376 2877 1449 2941 ὡς
1479 2879 1614 2948 πρὸς
1674 2879 1742 2932 τά
1815 2882 2158 2953 ἐμφερόμενα
2211 2888 2277 2956 τῇ
2316 2887 2569 2960 ἐπιστολῇ
2605 2907 2698 2944 σου
2734 2893 3018 2966 ὑπερέχων
3055 2875 3366 2969 ἀπόκρισιν.

593 2969 881 3028 LXXXIV.
907 3000 972 3011 —
995 2969 1296 3026 ONESIMO
1322 2972 1673 3030 MONACIIO.

416 3063 471 3118 Si
509 3080 737 3135 prorsus
760 3063 870 3118 Deo
901 3064 1200 3130 existimet,
1239 3065 1331 3134 qui
1373 3067 1425 3120 in
1453 3071 1742 3136 praesentia
1772 3069 1924 3125 dives

345 3163 451 3218 est,
509 3171 636 3226 erga
688 3163 742 3210 te
789 3155 1135 3210 liberalitatis
1183 3158 1414 3226 gratiam
1474 3158 1690 3224 olTerre,
1750 3164 1926 3216 multo

276 3260 284 3268 ·
347 3245 522 3315 magis
546 3245 636 3299 hic
655 3244 934 3299 exhortari
959 3251 1010 3299 te
1032 3243 1212 3310 debet,
1241 3254 1405 3317 atque
1431 3248 1590 3318 160
1617 3248 1923 3318 deprecari,

347 3349 406 3393 ut
445 3339 687 3410 digneris
713 3337 995 3408 accipere:
1039 3355 1216 3409 neque
1244 3341 1387 3395 enim
1433 3357 1463 3394 a
1510 3351 1562 3395 te
1601 3355 1926 3414 exspectan-

345 3430 473 3485 dum
498 3438 601 3495 est,
629 3439 684 3484 ut
704 3445 880 3501 roges.
908 3428 1107 3485 Verum
1135 3431 1370 3496 hominis
1391 3432 1657 3501 jactantia
1686 3438 1921 3504 cognita,

347 3538 414 3575 ne
456 3523 628 3589 illum,
676 3520 1048 3594 Corybantum
1096 3537 1245 3577 more
1294 3523 1641 3590 delirantem,
1675 3540 1926 3582 sermone

346 3613 608 3685 digneris.

599 3701 862 3761 LXXXV.
894 3737 963 3746 —
994 3704 1274 3760 FAUSTO
1323 3705 1677 3763 MONACIIO.

415 3796 596 3852 Vestis
637 3813 700 3851 ex
734 3799 859 3868 pilis
891 3807 944 3851 ct
979 3800 1178 3863 lacera,
1225 3799 1450 3854 omnino
1478 3802 1690 3870 pusillae
1719 3817 1781 3858 ac
1819 3803 1924 3858 hu-

345 3887 492 3942 milis
525 3887 732 3956 indiget
760 3887 1108 3958 cogitationis
1137 3906 1148 3941 :
1183 3887 1320 3958 justi
1353 3889 1496 3943 enim
1525 3894 1732 3962 proprii
1760 3909 1926 3947 mutu-

348 3979 545 4033 latione
571 3978 784 4032 Domini
805 3981 971 4047 magis
991 3988 1248 4048 exoptant
1274 3981 1659 4038 humilitatem.
1690 3984 1924 4040 Verum-

351 4079 527 4124 tamen
578 4070 622 4123 si
678 4078 734 4123 tu
786 4069 1098 4135 iusolescis,
1139 4081 1192 4125 et
1225 4073 1510 4129 altercaris
1550 4078 1817 4146 quotidie,
1873 4087 1926 4132 et

345 4161 483 4215 alios
509 4161 676 4216 caedis
713 4162 1054 4228 verberibus,
1091 4171 1144 4218 et
1174 4177 1353 4220 mente
1377 4175 1567 4234 captos
1591 4183 1654 4221 ac
1683 4168 1925 4224 furentes

347 4250 616 4306 imitaris:
651 4268 814 4321 quam
860 4253 932 4308 ob
973 4269 1196 4311 causam
1255 4273 1322 4311 ex
1369 4260 1496 4328 pilis
1547 4260 1924 4317 indumentum

353 4350 662 4398 contextum
705 4355 913 4415 gest-as.
947 4347 1192 4416 opinioni
1227 4364 1290 4403 ac
1331 4351 1422 4404 lini
1467 4358 1560 4403 tuo
1593 4352 1926 4406 adversatus?

355 4435 550 4489 Verum
569 4435 820 4490 solitaria
853 4439 961 4491 vita
992 4439 1276 4493 veritatem
1297 4447 1350 4494 et
1374 4439 1645 4508 justitiam
1670 4442 1922 4507 amplecti

2361 2984 2485 3038 ΠΝ.
2517 3015 2585 3026 —
2617 2978 2929 3060 ΟΝΠΣῙΜῼ
2976 2993 3289 3064 ΜΟΝΑΧῼ.

2103 3075 2166 3126 El
2202 3075 2337 3137 ὅλως
2377 3077 2454 3146 τῷ
2485 3079 2603 3149 Θεῷ
2648 3080 2860 3150 νομίζει
2909 3084 2937 3136 ὁ
2969 3086 3109 3140 κατὰ
3147 3087 3207 3139 τὸ
3241 3088 3414 3159 παρὸν
3452 3091 3616 3143 πλού-

1955 3192 1996 3248 C
2033 3183 2167 3232 σιος,
2200 3169 2558 3240 προκομίζειν
2589 3171 2686 3243 τὴν
2721 3175 2882 3244 χάριν
2931 3177 3031 3246 τῆς
3068 3179 3149 3241 εἰς
3185 3179 3245 3232 σὲ
3277 3181 3612 3251 φιλοτιμίας,

2031 3253 2188 3322 οὗτος
2238 3261 2434 3330 μᾶλλον
2488 3269 2756 3334 χρεωστεῖ
2801 3269 3143 3338 παρακαλεῖν
3203 3289 3300 3338 σε,
3355 3275 3450 3328 καὶ
3505 3278 3615 3329 ἱκε-

2029 3353 2204 3404 τεύειν
2257 3353 2390 3420 πρὸς
2433 3354 2494 3407 τὸ
2554 3355 2738 3409 λαϐεῖν
2779 3359 3042 3429 θελῆσαι,
3102 3363 3160 3415 ού
3195 3363 3302 3434 γάρ
3345 3365 3407 3437 δὴ
3464 3371 3614 3439 παρά

2033 3441 2126 3494 σοῦ
2179 3443 2470 3514 ἀναμένειν
2521 3446 2723 3519 δέησιν.
2779 3451 2940 3504 Ὅθεν
2996 3453 3157 3521 γνοὺς
3208 3455 3306 3527 τὴν
3363 3458 3458 3511 τοῦ
3519 3462 3614 3513 ἀν-

2027 3533 2152 3604 δρὸς
2207 3535 2484 3605 βλακείαν,
2537 3542 2670 3612 μηδὲ
2713 3542 2873 3610 λόγου
2917 3544 3171 3611 ἀξιώσεις
3206 3549 3296 3601 τὸν
3338 3553 3612 3621 κορυϐαν-

2029 3642 2252 3680 τιωντα.

2380 3723 2504 3776 me.
2537 3754 2605 3763 —
2631 3726 2900 3798 ΦΑΥΣΤῼ
2944 3730 3256 3805 ΜΟΝΑΧῼ.

2097 3812 2170 3865 Τὸ
2213 3814 2454 3885 τρίχινον
2505 3816 2721 3887 φόρεμα
2767 3820 2938 3873 δεῖται
2989 3823 3208 3887 πάντως
3263 3828 3609 3899 φρονήματος

2025 3903 2286 3958 ταπεινοῦ
2313 3923 2324 3934 ·
2373 3909 2486 3970 τοῖς
2542 3909 2649 3980 γὰρ
2695 3909 2924 3976 δικαίοις
2969 3915 3168 3984 μᾶλλον
3204 3919 3518 3990 πεπόθηται
3574 3925 3606 3990 ἡ

2027 3997 2519 4069 ταπεινοφροσύνῃ,
2552 4001 2912 4080 μιμουμένοις
2939 4004 3030 4057 τὸν
3067 4007 3280 4061 ἑαυτῶν
3308 4011 3606 4080 Δεσπότην.

2028 4088 2090 4138 Εἰ
2125 4087 2180 4139 δὲ
2227 4088 2558 4162 ἀλαζονεύῃ,
2594 4092 2686 4144 καὶ
2713 4076 2884 4165 ’μάχῃ
2921 4097 3043 4149 καθ’
3076 4098 3334 4171 ἑκάστην,
3388 4103 3482 4154 καὶ

2027 4196 2182 4242 πτεις
2221 4180 2394 4246 τινὰς,
2425 4183 2672 4248 καὶτοὺς
2707 4187 3118 4257 φρενητιῶντας
3146 4192 3425 4264 ἀπομιμῇ,
3461 4195 3608 4257 τίνος

2025 4270 2186 4340 χάριν
2238 4273 2332 4324 καὶ
2403 4274 2464 4326 τὸ
2510 4275 2750 4346 τρίχινον
2807 4283 3034 4348 φορεῖς;
3108 4283 3449 4354 Ἀσύμόατον
3497 4288 3607 4358 γὰρ

2027 4362 2231 4432 ἔνδυμα
2270 4365 2336 4434 τῇ
2368 4363 2559 4436 γνώμῃ
2589 4383 2601 4396 ·
2634 4369 2662 4420 ὁ
2686 4368 2741 4421 δὲ
2775 4373 3019 4442 μονήρης
3065 4372 3179 4443 βίος
3217 4377 3317 4444 τὴν
3344 4377 3606 4448 ἀλήθειαν

2028 4454 2121 4506 καὶ
2155 4454 2250 4524 τὴν
2283 4455 2628 4530 δικαιοσύνην
2664 4461 2978 4530 φιλοκαλεῖν
3027 4466 3267 4534 ὀφείλει,
3325 4470 3422 4540 οὐχ
3467 4470 3601 4522 ὑπό-

365 4527 520 4590 ιιοὺοι,
560 4543 670 4582 non
701 4527 1070 4596 histrioniam,
1099 4538 1152 4586 et
1188 4545 1432 4598 scenam,
1459 4539 1510 4586 et
1541 4531 1746 4586 larvam
1779 4536 1922 4588 veri-

2036 4561 2212 4613 κρισιν
2235 4586 2248 4608 ,
2298 4547 2392 4600 καὶ
2436 4527 2797 4620 σκηνῆνίκαὶ
2825 4527 3167 4626 προσωπεῖον
3192 4527 3291 4630 τῆς
3323 4527 3598 4632 ἀλῆθείας,

370 4615 472 4669 ,ιιίε
501 4623 556 4669 et
581 4615 828 4685 iustitiae.

821 4707 1108 4765 LXXXVI.
1141 4740 1212 4751 —
1233 4707 1438 4763 Eidem.

419 4817 436 4848 c
471 4798 735 4864 Ostende,
757 4800 854 4867 ait,
883 4801 1322 4858 misericordiam
1355 4812 1499 4856 tuam
1535 4807 1920 4875 cognoscenti-

381 4904 441 4940 ns
478 4898 530 4944 te
559 4891 601 4942 ".
635 4909 652 4940 ›
677 4889 784 4956 Qui
812 4892 982 4956 enim,
1004 4901 1076 4971 ,ιιι
1107 4900 1188 4958 ιιι,
1218 4891 1532 4961 cognitione
1571 4893 1919 4965 delinquunt,

378 4981 686 5036 ravioribus
724 4981 905 5051 ptenis
938 4981 1343 5038 multabuntur.
1375 4985 1684 5054 Augescere
1711 4989 1916 5060 itaque,

359 5072 670 5143 ~xtendique
691 5074 866 5143 magis
899 5089 963 5128 ac
992 5074 1164 5144 magis
1191 5077 1630 5154 misericordiam
1657 5097 1844 5140 exora.

339 5179 650 5237 LXXXVII.
693 5211 762 5223 -
805 5181 1230 5239 ALEXANDRU
1289 5187 1909 5250 ΑΗΕΗΙΜΑΝΟΒΙΤΑΞ.

408 5289 632 5349 Noctem
708 5293 931 5350 illunem
997 5299 1249 5353 humana:
1317 5302 1443 5356 vita:
1505 5302 1915 5363 innumerorum

341 5387 599 5453 praeclare
646 5375 924 5456 gestorum
970 5389 1278 5446 facinorum
1330 5395 1501 5450 radiis
1549 5399 1912 5466 collustrans,

339 5477 616 5544 quomo'do
642 5478 695 5532 in
729 5479 1036 5536 caelestium
1073 5487 1390 5554 angelorum
1421 5489 1546 5543 albo
1572 5507 1680 5547 non
1707 5495 1917 5552 enitue—

337 5565 438 5626 ris,
487 5581 611 5620 cum
671 5569 1179 5643 incorruptibililms
1231 5577 1342 5631 illis
1407 5579 1560 5650 161
1620 5582 1914 5642 virtutibus

410 5673 574 5758 ΜΗ
598 5705 733 5776 Reg.
769 5724 895 5775 xxv,
933 5712 957 5766 1
991 5715 1144 5785 seqq.
1225 5715 1410 5772 'Psal.
1434 5735 1518 5786 ιγ,
1555 5721 1604 5778 i.
1682 5723 1702 5755 ⁸
1734 5723 1914 5782 Thren

2045 5733 2090 5786 l.
2167 5735 2582 5805 “Meosne”.
2663 5747 2840 5819 θέλετέ.
2878 5767 2936 5817 ιι,
2973 5751 3052 5808 l0.

2031 4636 2126 4689 καὶ
2157 4638 2253 4706 τῆς
2279 4637 2645 4711 δικαιοσύνης.

2524 4733 2663 4798 ΗΕΓ.
2690 4765 2760 4774 -
2807 4736 2888 4802 Τῷ
2927 4741 3106 4806 αὐτῷ.

2107 4839 2124 4869 ι
2155 4819 2509 4890 Παράτεινον,
2545 4826 2734 4895 φησὶν,
2754 4828 2816 4880 τὺ
2841 4829 2989 4894 ἔλεός
3019 4850 3113 4886 σου
3138 4837 3248 4899 τοῖς
3273 4839 3598 4904 γινώσκουσί

2031 4927 2108 4965 σε.
2151 4931 2168 4962 ι
2197 4915 2258 4965 Ol
2287 4913 2395 4985 γὰρ
2447 4915 2646 4983 γνώσει
2686 4918 3090 4990 ἁμαρτάνοντες
3131 4928 3273 4980 κατά
3319 4947 3400 4994 σε,
3440 4930 3600 5000 χαλε-

2031 5002 2281 5071 πωτέρας
2319 5004 2596 5070 τεύξονται
2628 5008 2920 5076 κολάσεως.
2958 5016 3374 5090 Βῖεγαλυνθῆναι
3399 5022 3530 5074 τοίνι
3549 5040 3595 5087 ν,

2027 5095 2118 5146 καὶ
2146 5095 2442 5168 ἐκταθῆναι
2474 5101 2612 5169 ἄγαν
2645 5103 2736 5158 τὸν
2768 5104 2916 5160 ἔλεον
2957 5111 3281 5180 πρεσϐεύου.

2195 5209 2318 5262 ΠΖν.
2347 5242 2416 5253 -
2444 5212 2850 5290 ΑΛΕΞΑΝΔΡῼ
2881 5223 3426 5300 ΑΡΧΙΜΛΝΔΡΙΤῌ.

2097 5319 2209 5388 Τὴν
2234 5321 2449 5395 ἁφεγγῆ
2478 5325 2650 5379 νύκτα
2677 5329 2768 5384 τοῦ
2804 5331 3150 5402 ἀνθρωπίνου
3182 5337 3320 5408 βίου,
3351 5343 3470 5405 ταῖς
3496 5343 3605 5398 τῶν

2029 5411 2240 5480 μυρίων
2287 5413 2794 5490 ἀνδραγαθημάτων
2843 5442 2934 5478 σου
2984 5427 3167 5482 ἀκτῖσι
3214 5433 3598 5502 καταυγάζων,

2025 5502 2140 5564 πῶς
2173 5503 2270 5573 τὴν
2313 5508 2421 5561 τῶν
2464 5511 2803 5582 ἐπουρανίων
2850 5519 3099 5586 ἀγγέλων
3150 5527 3474 5595 καταλόγοις
3526 5531 3602 5600 μὴ

2026 5595 2503 5670 συναριθμηθείης,
2543 5603 2901 5676 ἁμιλλόμενος
2935 5615 3056 5676 ταῖς
3105 5614 3407 5686 ἀφθάρτοις
3460 5595 3604 5672 sisti

3133 5755 3152 5786 "
3179 5754 3599 5828 Psalmxxvﬁl.
