4012 6196
453 217 565 281 241

1677 218 2207 280 EPISTOIARUM
2249 220 2392 280 LIB.
2417 220 2497 279 II.
3604 215 3712 278 2i?

441 352 562 397 ναις
587 331 897 402 δυνάμεσι,
933 333 994 384 τὸ
1024 331 1264 403 φθαρτὸν
1298 331 1456 384 τοῦτο
1477 373 1491 398 ,
1528 331 1621 384 καλ⁴
1651 331 1897 394 εὐτελὲς,
1931 331 2026 384 καὶ

2159 329 2498 394 ontendens,
2526 328 2652 382 licet
2679 327 3027 398 corruptibili
3061 326 3185 394 hoe,
3221 335 3272 382 et
3305 326 3425 392 vili,
3477 334 3530 382 et
3564 342 3676 382 mm

438 425 636 498 θνητὸν
662 425 1048 496 περικείμενος
1079 425 1276 494 σκῆνος
1303 441 1316 488 ;

635 515 772 570 IIII'.
804 547 873 558 ——
911 517 1258 570 ΦΡΟΝΤΩΝΙ
1301 516 1845 587 ΑΡΧΙΜΛΝΔΡΙΤῌ.

523 609 768 663 Ἐπαινῶ
801 626 897 661 σου
938 609 1006 661 τά
1052 608 1181 679 ῥόδα
1211 609 1330 662 ’τῶν
1370 608 1632 684 θεοφίλων
1677 608 1888 676 λόγων,
1925 606 2026 660 κᾶν

393 699 396 704 ’
443 701 540 764 τὰς
572 703 776 771 μικρὰς
795 700 1038 761 ἀκάνθας
1064 700 1170 753 τῶν
1203 701 1480 769 εὐκαίρων
1504 700 1742 770 ἐλέγχων
1773 699 2027 771 παρέπη-

447 792 563 856 ξας,
593 790 937 860 ὑπερεθίζων
973 791 1154 861 ήμῶν,
1190 791 1264 854 ὡς
1297 791 1361 844 ἄν
1392 809 1476 854 τις
1505 792 1672 853 είποι,
1717 792 1813 843 καὶ
1847 807 2027 861 παρα-

447 881 662 945 κνίζων,
687 881 780 933 τὸν
806 881 942 950 πρὸς
965 881 1062 951 τὴν
1089 882 1186 951 σὴν
1207 883 1382 945 ὁσίαν,
1413 883 1505 936 καὶ
1533 882 1802 952 ἀειφεγγῆ
1826 880 2026 952 ψυχὴν,

446 973 730 1038 ἄσϐεστον,
761 973 856 1024 καὶ
889 971 1198 1042 ἀμάραντον
1225 973 1422 1044 ἔρωτα.

802 1135 930 1208 nsi
963 1185 1030 1193 —
1057 1155 1308 1224 AP}:th
1361 1155 1673 1224 ΜΟΝΑΧῼ,

521 1250 692 1301 Ὅταν
723 1249 854 1301 ποτὲ
883 1247 1119 1318 δυνηθῇς
1145 1247 1444 1318 ἐκριζῶσαι
1475 1247 1652 1300 πάντα
1681 1246 1747 1299 τὰ
1787 1245 2030 1316 ὀλέθρια,

451 1341 544 1393 καί
598 1339 838 1411 μανιώδη
894 1339 1073 1410 πάθη,
1127 1340 1434 1408 τηνικαῦτα
1497 1339 1690 1392 σαυτὸν
1745 1339 1927 1402 ἐπίδος
1966 1341 2029 1408 τῇ

455 1433 666 1504 θεωρίᾳ
695 1433 798 1484 τῶν
831 1431 1054 1502 ὑψηλῶν
1084 1433 1396 1504 νοημάτων.
1440 1433 1500 1485 EI
1533 1433 1588 1486 δὲ
1635 1432 1740 1506 πρὸ
1775 1431 1868 1484 τοῦ
1899 1449 2030 1484 κατ-

457 1524 822 1592 αγωνίσασθαι
861 1526 986 1588 τοὺς
1028 1525 1318 1595 πολεμίους
1363 1526 1657 1594 δαίμονας,
1708 1523 2034 1594 τολμήσειας

458 1617 872 1687 διαϐιασάμενος
898 1617 1164 1687 ἀναϐῆναι
1205 1619 1286 1682 εἰς
1329 1619 1389 1670 τὸ
1421 1617 1545 1686 ὅρος
1570 1620 1719 1686 παρὰ
1745 1616 1806 1669 τὸ
1842 1616 2036 1668 δοκοῦν

2129 424 2224 478 ιιιιί
2258 438 2490 494 corpore
2513 423 3022 478 circumvestiaris?

2180 515 2508 573 LXXXVIII.
2542 547 2611 559 —
2646 514 3002 571 FRON'I‘ONI
3033 512 3657 570 ARCHIMANDRITIE.

2202 610 2530 663 Sermonum
2569 619 2788 663 tuorum
2832 609 2942 663 Deo
2987 616 3270 678 gratorum
3323 623 3479 663 rosas
3523 607 3710 673 laudo,

2130 700 2259 754 licet
2296 709 2843 771 perOpportunarnm
2883 699 3338 770 redargutionum
3376 713 3574 768 parvas
3601 699 3712 766 spi-

2130 807 2229 846 nas
2288 790 2506 862 inligas,
2571 792 2938 862 exstimulans
3001 799 3276 854 nostrum,
3329 801 3386 843 ut
3441 791 3711 858 quispiam

2130 884 2358 949 diceret,
2406 893 2570 955 atque
2631 885 2923 947 vellicans,
2986 898 3114 953 erga
3163 889 3312 935 tuam
3359 889 3604 936 sanetam
3660 891 3713 935 et

2131 991 2412 1046 nunquam
2444 978 2650 1031 lumine
2681 991 2907 1030 vacuam
2942 976 3204 1040 animam,
3233 973 3627 1027 inexstinctum
3660 982 3712 1026 et

2131 1083 2240 1120 non
2272 1077 2705 1123 marcescentem
2733 1082 3000 1121 amorem.

2386 1157 2674 1214 LXXXIX.
2711 1188 2780 1199 -
2807 1155 3064 1212 ARSINO
3110 1153 3463 1212 MONACHO.

2203 1254 2342 1310 Cum
2394 1253 2661 1322 temporis
2693 1251 2940 1321 potueris
2977 1251 3268 1304 universas
3315 1248 3512 1303 noxias
3543 1253 3596 1301 et
3623 1245 3681 1300 fu

2137 1347 2311 1402 riosas
2343 1345 2783 1415 perturbationes
2820 1343 3146 1412 exstirpare,
3183 1350 3316 1395 tunc
3351 1340 3572 1394 demum
3625 1348 3704 1391 te-

2136 1437 2429 1509 metipsum
2455 1438 2778 1492 sublimium
2809 1434 3316 1489 considerationum
3349 1431 3712 1507 speculationi

2135 1535 2290 1590 dede.
2321 1533 2379 1588 Si
2412 1547 2545 1587 vero
2577 1539 2701 1585 ante
2734 1529 3078 1585 adversarios
3105 1528 3380 1581 daemones
3415 1524 3717 1579 debellatos

2137 1643 2304 1683 ausus
2338 1626 2508 1681 fueris
2540 1640 2633 1695 per
2663 1624 2770 1677 vim
2804 1624 2856 1676 in
2890 1631 3129 1676 montem
3167 1618 3484 1678 ascendere,
3523 1623 3716 1684 praater

461 1709 536 1778 τῷ
576 1711 698 1776 θείῳ
743 1709 1084 1780 βουλήματι,
1119 1709 1179 1762 οὐ
1223 1710 1386 1781 τεύξῃ
1438 1709 1729 1780 βοηθείας,
1766 1709 1861 1762 καὶ
1891 1724 2031 1777 συμ-

2159 1721 2185 1775 d
2221 1719 2368 1791 quod
2403 1719 2604 1772 divinae
2639 1715 2907 1769 voluntati
2934 1713 3262 1766 collubitum
3307 1719 3422 1770 est,
3453 1706 3716 1760 auxilium

461 1803 661 1872 μαχίας
688 1802 851 1868 Θεοῦ,
893 1801 987 1855 καὶ
1019 1801 1325 1872 τρώσουσίν
1359 1819 1417 1854 σε
1459 1803 1507 1854 οἱ
1547 1802 1732 1872 ἐχθροὶ
1781 1801 2034 1872 καθάπερ

452 1899 505 1948 αί
539 1895 816 1966 μέλισσαι.

987 1989 1057 2058 ιζ.
1087 2020 1152 2030 -
1183 1990 1266 2054 Τῷ
1313 1990 1494 2057 αὐτῷ.

525 2078 711 2132 ’Ἄλλοι
743 2081 1087 2153 καθεκάστην
1114 2085 1226 2145 τοῖς
1258 2082 1440 2146 πόνοις
1472 2084 1569 2154 τὴν
1602 2086 1829 2156 καρδίαν
1862 2087 2038 2158 δαμά-

451 2169 628 2233 (cum,
669 2171 761 2224 καὶ
802 2172 1059 2243 ὲκτὴκειν
1099 2175 1164 2243 τῇ
1198 2174 1493 2244 ἐγκρατείᾳ
1537 2176 1922 2241 σπουδάζουσι.
1966 2180 2036 2232 Σὺ

450 2259 505 2310 δὲ
537 2262 601 2330 τῇ
648 2261 1003 2334 πολυτροφίᾳ,
1038 2263 1132 2316 καὶ
1166 2266 1284 2326 ταῖς
1327 2265 1697 2334 οἰνοφλυγίαις
1727 2267 1871 2322 κατά
1903 2286 2036 2340 σαρ-

452 2351 568 2404 κῶν
599 2353 814 2406 ἑαυτῶν
845 2355 1081 2426 ῥαγῆναι
1110 2355 1466 2419 κινδυνεύεις.

777 2462 894 2529 μέν.
926 2495 994 2505 -
1025 2464 1408 2536 ΑΜΦΙΛΟΧΙῼ
1433 2466 1744 2538 ΜΟΝΑΧῼ.

527 2577 594 2628 Τί
647 2579 821 2648 πτοῇ,
875 2578 983 2630 ὑπὸ
1036 2575 1132 2630 τοῦ
1179 2577 1489 2648 πνεύματος
1529 2581 1632 2649 τῆς
1684 2580 2042 2652 βλασφημίας

458 2666 856 2737 κεντούμενος;
916 2668 1202 2739 Μνήσθητι
1252 2669 1334 2723 ὅτι
1387 2670 1630 2740 χρισθεὶς
1677 2672 1705 2723 ὁ
1772 2672 2042 2742 μακάριος

460 2757 628 2810 Δαυῖδ
657 2758 735 2827 τῷ
765 2759 1016 2830 μυστικῷ
1045 2759 1232 2828 ἐλαίῳ,
1257 2760 1419 2824 εὐθὺς
1446 2761 1537 2814 τὸν
1572 2761 1766 2828 Σαοὺλ,
1799 2763 1892 2816 καὶ
1924 2764 2046 2816 ἐπί-

461 2849 654 2903 δουλον
683 2844 872 2922 ηὗρεν.

976 2942 1088 3006 ιιῐιν.
1126 2970 1194 2981 —
1230 2940 1314 3005 Τῷ
1347 2939 1508 3005 αὐτῷ

546 3031 708 3084 Ἀλλά
735 3033 826 3085 καὶ
867 3034 932 3085 σὺ
980 3032 1228 3097 ἀοράτως
1272 3030 1533 3102 ὲχρίσθης
1558 3070 1572 3095 ,
1623 3031 1937 3103 προσελθὼν
1969 3031 2046 3101 τῷ
2073 3063 2114 3120 C

372 3145 378 3148 ·
465 3125 710 3195 σχήματι
756 3127 830 3197 τῷ
879 3127 1086 3198 σεμνῷ.
1125 3126 1350 3197 Χρίσμα
1400 3127 1511 3195 ἐγὼ
1567 3127 1706 3181 θεῖον
1746 3128 1897 3180 καλῶ
1947 3126 2042 3197 τὴν

464 3219 807 3274 ἐπελθοῦσαν
841 3238 921 3274 σοι
957 3221 1116 3291 χάριν
1147 3219 1240 3274 τοῦ
1271 3221 1426 3289 ἁγίου
1458 3221 1792 3292 Πνεῦματος.

787 3407 898 3472 ιιῐη.
933 3437 1000 3446 -
1037 3405 1360 3476 ΔΙΟΝΥΣΙῼ
1391 3406 1704 3476 ΜΟΝΛΧῼ.

551 3498 878 3565 Ἀναγκαῖον
912 3498 1007 3552 καὶ
1045 3499 1191 3569 ἡμᾶς
1245 3496 1610 3568 μιμουμένους
1641 3497 1729 3550 τὸν
1773 3497 2046 3568 ’Δόραὰμ,

461 3592 564 3662 τὴν
597 3591 708 3643 τῶν
735 3589 1064 3661 ἀκροθινίων
1091 3590 1326 3660 δεκάτην
1349 3587 1680 3660 προσφέρειν
1710 3587 1789 3659 τῷ
1818 3590 2008 3660 Κυρίῳ
2031 3606 2043 3620 ·

467 3681 614 3751 αῦτη
638 3683 682 3735 δ’
714 3681 780 3747 ἂν
814 3681 898 3751 εἴη
942 3681 1052 3734 τῶν
1085 3680 1216 3734 δέκα
1265 3678 1494 3733 ἐντολῶν
1538 3680 1570 3749 ἡ
1615 3678 2046 3749 ὑπερανέχουσα,

481 3794 500 3824 ⁸
539 3775 630 3842 ἀφ’
659 3769 777 3844 ἦς-εδ
811 3775 972 3844 νόμος
1001 3773 1286 3844 κρέμεται,
1324 3773 1417 3826 καὶ
1463 3773 1510 3824 οἱ
1552 3771 1832 3842 προφῆται
1858 3788 1873 3802 ο
1897 3789 2051 3825 τουτ.

475 3867 596 3918 ἐστι
633 3863 691 3917 τὸ
720 3864 1000 3933 ἀγαπῆσαι
1045 3863 1134 3915 τὸν
1185 3863 1319 3915 Θεὸν
1354 3862 1416 3926 ἐξ
1454 3861 1582 3930 ὅλης
1623 3860 1822 3930 ψυχῆς,
1856 3861 1949 3913 καὶ
1993 3861 2053 3924 ἐξ

467 3958 598 4026 ὅλης
634 3957 941 4024 δυνάμεως.
981 3976 998 4006 ι
1043 3955 1328 4025 Πλὴρωμα
1362 3953 1472 4025 γὰρ
1494 3953 1660 4023 νόμου
1691 3952 1790 4021 τὴν
1822 3952 2047 4022 ἀγάπην

469 4049 712 4119 ὁρίζεται
753 4049 782 4100 ὁ
813 4048 952 4110 θεῖος
995 4045 1338 4106 Ἀπόστολσς.

759 4139 872 4203 ιιΔο.
904 4164 972 4177 -—
1000 4135 1395 4206 ΔΡΑΚΟΝΤΙῼ
1437 4134 1747 4204 ΜΟΝΛΧῼ.

552 4229 662 4298 Τὴν
695 4227 791 4298 μὲν
838 4228 946 4280 τῶν
981 4227 1188 4295 νοητῶν
1217 4226 1530 4294 Αἰγυπτίων
1569 4225 1794 4279 ὄπισθεν
1829 4224 2054 4280 διώκου-

481 4337 579 4373 σαν
629 4321 887 4391 στρατιὰν
922 4318 1282 4382 κατοπτεύεις
1308 4359 1322 4382 ,
1375 4320 1468 4372 καὶ
1501 4319 1598 4389 τὴν
1641 4319 1920 4372 θάλασσαν
1952 4320 2052 4389 ἔμω

2094 1877 2100 1882 α
2136 1822 2189 1866 et
2223 1809 2539 1881 praesidium
2598 1807 2692 1862 Dei
2737 1821 2845 1860 non
2877 1804 3168 1858 invenies:
3202 1811 3256 1856 et
3304 1799 3629 1854 sauciabnnt
3666 1803 3722 1848 te

2137 1904 2326 1958 hostes
2354 1898 2814 1972 quemadmodum
2851 1912 3004 1967 apes.

2718 1989 2828 2043 XC.
2860 2016 2930 2029 ——
2962 1986 3164 2039 Eidem.

2210 2078 2516 2137 Laboribus
2547 2079 2792 2150 quotidie
2824 2093 2922 2131 cor
2961 2075 3051 2128 alii
3083 2071 3426 2144 perdomant,
3456 2080 3506 2125 et
3540 2067 3718 2123 conti-

2142 2174 2341 2227 nentize
2370 2172 2553 2227 studio
2580 2186 2638 2225 se
2671 2177 2954 2222 macerant
2983 2184 2996 2219 :
3033 2173 3089 2218 tu
3125 2171 3305 2217 autem
3331 2157 3720 2216 abundantiori

2141 2265 2496 2332 eﬂ‘usiorique
2558 2262 2704 2315 victu
2756 2267 2810 2312 et
2851 2253 3213 2312 ebrietatibus
3259 2267 3463 2320 corpus
3518 2249 3713 2318 impin-

2142 2369 2336 2424 gnans,
2370 2350 2636 2419 disrumpi
2672 2344 3024 2418 perielitaris.

2285 2467 2440 2538 162
2468 2465 2606 2519 XCI.
2639 2494 2704 2504 —
2735 2459 3203 2517 AMPIIILOCHIO
3235 2452 3586 2512 MONACIIO.

2214 2577 2354 2642 Quid
2390 2575 2578 2630 tremis
2615 2573 2822 2635 animo,
2864 2572 2995 2626 dum
3039 2587 3068 2624 a
3114 2566 3472 2636 blasphemia:
3524 2561 3721 2629 spiritu

2147 2665 2447 2735 pungeris?
2488 2661 2796 2716 Recordare
2840 2659 2987 2728 quod
3044 2658 3238 2711 beatus
3277 2651 3447 2704 David
3491 2648 3726 2718 mystit-o

2147 2756 2268 2810 oleo
2299 2749 2924 2824 perunctus“confestim
2950 2746 3171 2801 Saulem
3230 2782 3244 2808 ,
3273 2750 3327 2798 et
3349 2739 3724 2798 insidiatorem

2150 2845 2376 2904 invenit.

2703 2929 2861 2984 XCII.
2888 2963 2956 2972 ——
2982 2927 3185 2984 Eidem.

2220 3024 2324 3080 Sed
2357 3033 2410 3078 et
2444 3032 2500 3076 tu
2535 3037 2753 3092 quoque
2777 3020 3126 3076 invisibiliter
3163 3024 3364 3071 unctus
3391 3030 3472 3080 es,
3505 3029 3627 3069 cum
3659 3013 3726 3066 ad

2149 3115 2520 3171 venerandum
2553 3113 2801 3168 habitum
2831 3111 3139 3167 accessisti.
3173 3107 3284 3178 Ego
3315 3121 3482 3178 porro
3509 3105 3726 3159 unctio-

2149 3227 2271 3265 nem
2302 3207 2542 3264 divinam
2569 3221 2727 3272 voco,
2757 3204 3135 3259 advenientem
3162 3200 3262 3256 tibi
3294 3198 3523 3270 gratiam
3558 3195 3731 3267 Spiri-

2149 3313 2236 3358 tus
2270 3300 2469 3356 sancti.

2432 3391 2620 3446 XCIII.
2650 3420 2716 3429 --
2749 3385 3069 3442 DIONYSIO
3093 3381 3446 3440 MONACIIO.
3527 3406 3529 3408 ·

2217 3486 2454 3540 Necesse
2503 3493 2587 3537 est
2628 3497 2730 3536 nos
2769 3480 3092 3533 :cmulantes
3121 3477 3398 3532 Abraham
3431 3472 3732 3542 spoliorum

2151 3577 2418 3632 decimam
2465 3573 2698 3627 Domino
2732 3571 2929 3625 oll'erre
2956 3570 3000 3632 9,
3035 3583 3156 3638 qua:
3187 3567 3350 3621 fuerit
3385 3565 3623 3638 primum
3652 3564 3733 3616 in-

2150 3675 2232 3720 ter
2277 3665 2463 3720 decem
2503 3673 2770 3734 praecepta
2811 3661 2988 3714 locum
3038 3673 3352 3726 occupans,
3397 3671 3463 3709 ex
3493 3671 3597 3724 qua
3648 3655 3734 3706 lex

2152 3757 2370 3825 pendet,
2399 3763 2452 3808 et
2491 3753 2765 3822 prophetm
2801 3768 2813 3802 :
2857 3748 3089 3817 Diligere
3117 3761 3313 3814 nempe
3334 3743 3498 3797 Deum
3529 3756 3593 3795 ex
3619 3746 3735 3793 toto

2152 3847 2337 3909 corde,
2371 3855 2425 3900 et
2451 3862 2513 3899 ex
2539 3845 2668 3898 totis
2697 3842 2910 3897 viribus
2943 3840 3008 3892 ιθ.
3034 3858 3051 3889 ι
3074 3837 3546 3906 Complementum
3591 3833 3734 3886 enim

2155 3941 2288 4010 legis
2323 3937 2545 3992 divinus
2581 3934 2878 4005 Apostolus
2919 3930 3269 3986 dilectionem
3299 3942 3424 3982 esse
3449 3925 3638 3981 deﬁnit
3667 3923 3732 3959 "-

2395 4119 2578 4176 XCIV.
2610 4150 2673 4159 ——
2711 4112 3105 4171 DRACONTIO
3134 4109 3486 4167 MONACHO.

2226 4208 2684 4266 lntellectualium
2715 4204 3100 4276 Aigyptiorum
3147 4209 3296 4256 retro
3325 4208 3374 4254 te
3402 4211 3736 4268 persequen-

2159 4317 2264 4361 tem
2297 4303 2600 4358 evercitum
2641 4297 2896 4362 intueris,
2936 4303 2990 4348 et
3040 4302 3166 4348 ante
3202 4307 3353 4346 mare
3386 4303 3739 4360 spumescen-

476 4377 715 4482 προσθεν
745 4411 1074 4482 ἀφροιρόρων
1107 4411 1201 4463 καὶ
1241 4377 1582 4479 «Eappapr
1613 4411 1821 4475 παθῶν,
1866 4410 1958 4462 τὸν
1985 4377 2046 4463 ’δὲ

2162 4401 2295 4452 tium
2354 4392 2929 4456 exsecrandarumque
2990 4385 3499 4458 perturbationum;
3571 4377 3736 4431 Deum

475 4503 609 4555 Θεὸν
642 4502 1088 4572 ὑπερασπίζοντά
1141 4519 1270 4565 σου,
1308 4501 1404 4554 καὶ
1454 4501 1672 4572 ἀοράτῳ
1726 4502 1911 4572 χειρὶ,
1961 4501 2056 4554 καὶ

481 4593 730 4665 βραχίονι
777 4592 968 4664 ὑψηλῷ
1012 4594 1138 4657 τοὺς
1171 4593 1408 4663 ἐχθροὺς,
1432 4593 1775 4662 ἀμυνόμενον
1799 4633 1814 4659 ,
1847 4593 1939 4646 καὶ
1970 4591 2056 4656 ἐξ·

478 4687 806 4758 αιροὺμενόν
837 4704 897 4738 σε
927 4687 1028 4739 οὑκ
1058 4685 1286 4756 ἐνθυμῇ.

765 4778 876 4836 ιε’.
902 4808 973 4820 -
1003 4776 1418 4847 ΚΛΕΟΒΟΥΛῼ
1455 4776 1763 4846 ΜΟΝΑΧῼ.

558 4889 575 4920 ι
613 4870 726 4922 Καὶ
759 4869 883 4922 ἔθου
931 4868 1082 4932 τόξον
1113 4867 1350 4938 χαλκοῦν
1399 4869 1524 4932 τοὺς
1559 4868 1846 4939 βραχίονας
1880 4887 1999 4940 μου,
2035 4887 2052 4919 ι

478 4960 602 5028 οὑλὶ
639 4959 790 5024 τόξον
819 4959 1063 5028 κήρινον,
1095 4958 1342 5022 ὑπεῖκον,
1368 4957 1463 5012 καὶ
1495 4957 1774 5011 ὑπενδίδον
1804 4961 1913 5021 τοῖς
1943 4957 2060 5010 δαί-

483 5065 630 5115 μοσι,
670 5048 898 5110 καὶτοῖς
925 5047 1174 5113 πάθεσιν,
1218 5046 1418 5111 εὑθέως
1461 5049 1568 5102 ἀπὸ
1605 5047 1829 5117 πρώτης
1861 5048 2063 5116 συμϐο-

473 5137 579 5205 λῆς
625 5137 904 5204 κλώμενον
934 5139 992 5189 ἐν
1024 5136 1267 5208 πολέμῳ,
1299 5136 1434 5191 ἀλλὰ
1466 5137 1622 5201 τόξον
1657 5122 1911 5206 χαλκοῦνί
1941 5137 2061 5208 Χρὴ

477 5229 591 5296 γὰρ
630 5228 835 5298 στερρά
877 5229 969 5281 καὶ
1014 5228 1272 5282 ἀνένδοτα
1316 5227 1621 5297 κτήσασθαι
1669 5226 1818 5297 παρὰ
1856 5225 2062 5296 Κυρίου

475 5319 622 5372 ὅπλα
670 5319 884 5382 πολλοῖς
930 5319 1188 5389 πολέμοις
1231 5318 1339 5372 τῶν
1385 5317 1642 5372 ἐναντίων
1689 5315 2060 5388 ἀντιπαρατά-

477 5409 703 5477 ξασθαι,
743 5411 837 5466 καὶ
863 5410 1150 5482 διαρκέσαι
1177 5411 1468 5482 δυνάμενα.

559 5636 580 5668 ⁸
617 5635 638 5691 Ι
671 5634 806 5708 Reg.
847 5636 1054 5700 “1,13.
1131 5638 1150 5668 ’
1189 5636 1323 5692 Gen.
1361 5650 1471 5702 xtv,
1500 5635 1590 5691 20.

2163 4500 2340 4546 autent
2372 4491 2827 4558 propugnantem,
2850 4487 2903 4536 el.
2924 4478 3188 4534 invisibili.
3215 4490 3402 4535 manu,
3435 4483 3488 4527 et
3515 4470 3742 4524 brachio

2164 4584 2383 4639 excelso
2427 4581 2616 4634 hostes
2647 4576 3026 4636 ulciscentem,
3059 4578 3112 4624 et
3147 4559 3481 4622 'liberantem
3527 4571 3598 4624 te,
3643 4558 3740 4612 tibi

2164 4676 2466 4730 animonon
2487 4677 2865 4739 repraesentes.

2384 4762 2539 4833 163
2580 4758 2737 4813 XCV.
2771 4751 3136 4810 (ZLEOBULO
3175 4743 3527 4802 MONACIIO.

2246 4875 2263 4905 ι
2301 4854 2365 4907 Et
2389 4831 2623 4922 posuisti
2666 4848 2919 4919 sagittam
2953 4856 3149 4904 aeream
3178 4835 3403 4894 brachia
3435 4831 3667 4921 mea“:
3715 4851 3732 4881 ι

2163 4964 2270 5000 non
2303 4947 2556 5013 sagittam
2602 4953 2822 4994 ceream
2857 4935 3170 4999 cedentem,
3203 4947 3268 4984 ae
3297 4929 3450 4984 vires-
3477 4925 3744 4980 daemoni-

2163 5040 2268 5092 bus
2308 5034 2743 5095 submittentem,
2789 5038 2842 5083 et
2897 5021 3430 5096 perturbationibus,
3481 5032 3604 5089 quae
3633 5025 3744 5070 sta-

2165 5132 2260 5183 tim
2309 5127 2362 5180 in
2405 5126 2524 5193 ipso
2561 5123 2738 5193 primo
2783 5122 2988 5189 impetu
3019 5117 3164 5170 inter
3206 5111 3557 5184 pugnandum
3595 5109 3746 5161 fran-

2165 5228 2343 5290 gatur;
2396 5214 2491 5270 sed
2551 5214 2806 5284 sagittam
2859 5221 3080 5264 aeream.
3129 5204 3376 5272 Namque
3431 5216 3461 5254 a
3515 5199 3746 5254 Domino
3823 5193 3827 5196 ’

2172 5323 2322 5362 arma
2358 5303 2730 5375 comparanda
2763 5308 2891 5358 sunt
2918 5298 3097 5355 valida
3127 5305 3182 5352 et
3225 5296 3581 5358 inconcussa,
3623 5303 3745 5360 quae

2171 5400 2362 5454 multis
2408 5397 2849 5451 adversariorum
2913 5389 3232 5448 incursibus
3289 5402 3411 5443 sese
3465 5389 3745 5456 Opponant

2081 5557 2096 5568 χ
2170 5501 2335 5563 atque
2368 5493 2649 5545 resistant.

1699 5634 1740 5666 ¹⁰
1777 5633 1968 5690 Matth.
2001 5646 2046 5688 ιτ

2178 5631 2264 5695 57,
2302 5629 2392 5686 λίθ.
2476 5629 2516 5660 ⁸³
2557 5625 2715 5683 Rom.
2759 5625 3010 5710 xm,'I3.
3090 5625 3132 5656 ¹²
3166 5623 3309 5679 I’sal.
3346 5619 3600 5684 “11,35.
