4012 6196
341 689 354 730 ί

388 260 497 327 215

397 369 474 439 μὴ
531 365 892 436 ἀποκαλυφθῇ
935 366 967 434 ἡ
1027 363 1383 436 ἀσχημοσύνη
1435 382 1528 418 σου
1565 366 1631 417 δι’

389 459 565 528 ψεως·
601 459 696 511 καὶ
728 457 848 511 τότε
881 456 1204 526 γνώσονται,
1243 459 1398 528 φησὶ,
1441 458 1540 510 ποῦ
1573 461 1717 511 ἐστιν
1745 459 1921 511 αὐτῶν
1947 459 1982 527 ή

393 551 519 622 ῦλη.

730 643 806 695 ιν.
841 672 909 680 -
943 642 1298 714 ΛΑΜΠΑΔΙῼ
1335 643 1642 715 ΜΟΝΑΧῼ.

471 738 543 791 Οὐ
603 737 816 806 μόνονό
877 734 1078 800 Ἰούδας
1129 737 1218 790 τὸν
1273 737 1478 808 Κύριον
1545 735 1826 807 προύδωκε
1876 736 1986 789 τῶν

398 830 558 884 θείων
589 829 878 899 χριμάτων
904 829 1350 898 καταφρονήσας,
1385 829 1520 882 ἀλλὰ
1547 831 1656 899 γὰρ
1700 831 1793 882 καὶ
1825 831 1874 882 oi
1910 831 1984 898 μὴ

400 921 736 992 πληροῦντες
777 921 850 973 τὰ
899 921 1018 974 θεῖα
1046 921 1444 993 προστάγματα
1477 923 1813 991 Χριστιανοὶ,
1855 937 1987 990 προ-

398 1016 548 1069 δόται
598 1013 928 1080 λογίζονται,
981 1012 1475 1084 καταφρονοῦντες,
1513 1014 1608 1065 καὶ
1658 1011 1987 1075 αὺθαδιαζό-

405 1125 579 1178 μενοι,
623 1107 719 1158 καὶ
777 1109 892 1169 τοῖς
941 1105 1164 1169 οἰκείοις
1212 1109 1466 1177 πονηροῖς
1507 1104 1988 1170 ἐξακολουθοῦντες

403 1199 531 1270 θελή
539 1214 728 1269 μασιν.

919 1291 1042 1342 1¹Α⁹.
1072 1319 1140 1327 --
1184 1289 1264 1353 Τῷ
1295 1287 1476 1353 αὐτῷ.

489 1383 548 1434 Ὀ
582 1381 670 1434 διὰ
704 1382 793 1435 τὸν
835 1381 1002 1450 φόϐον
1035 1380 1129 1433 τοῦ
1183 1381 1319 1433 Θεοῦ
1365 1383 1556 1434 ἑαυτὸν
1604 1379 1875 1444 ὑποτάξας
1923 1382 1987 1448 τῇ

406 1473 520 1526 τῶν
549 1474 999 1541 συνασκουμὲνων
1029 1473 1324 1543 ὑπηρεσίᾳ,
1367 1473 1462 1524 ἐὰν
1503 1471 1728 1540 ὕστερον
1759 1469 1989 1539 ἄρξηται

411 1551 832 1636 σκληρύνεσθαι,
882 1564 976 1617 καὶ
1028 1562 1570 1634 ύπερηφανεύεσηαι,
1622 1561 1715 1614 καὶ
1766 1564 1989 1630 κρατεῖν

413 1653 652 1723 ἀργύρια
681 1655 776 1705 ἐπὶ
821 1652 962 1722 λόγῳ
1019 1653 1154 1722 ἰδίῳ,
1185 1649 1338 1716 οὗτος
1394 1653 1521 1715 τοὺς
1573 1651 1749 1713 θείους
1791 1650 1989 1720 νόμους

1627 253 2164 316 ΕΡΙὸῚΟΙιᾹΒυΜ
2203 255 2347 315 LIB.
2389 253 2470 314 II.

3561 255 3673 319 25.5

1685 364 1989 434 ἐγκαταλή-

2112 363 2344 418 'orndtas
2399 364 2699 429 reveletur;
2737 370 2791 418 et
2825 369 2960 419 tunc
3004 373 3342 435 cognoscent
3365 404 3390 431 ,μ
3423 366 3518 430 ait,
3575 367 3669 420 ubi

2085 463 2170 506 est
2200 469 2389 509 eorum
2435 453 2686 507 materia.

2400 655 2460 710 C.
2499 685 2568 696 ——
2602 654 2954 710 LAMPADIO
2995 656 3353 717 MONACllO.

2159 746 2278 800 Non
2335 759 2544 801 tantum
2602 748 2774 803 .Iudas
2831 748 3120 805 Dominum
3179 753 3403 808 tradidit
3463 753 3670 811 divinis

2090 835 2292 904 spretis
2333 835 2596 903 judieiis,
2651 837 2744 890 sed
2786 845 2839 889 et
2887 837 2980 905 qui
3026 839 3209 892 divina
3255 849 3518 910 praecepta
3558 859 3670 898 non

2091 927 2394 996 adimplent
2436 927 2767 990 Christiani,
2801 927 3117 996 proditores
3162 938 3508 1000 rrputantur,
3545 949 3670 1004 pes-

2092 1019 2438 1080 sumdantes,
2474 1027 2528 1072 et
2575 1019 2934 1087 pertinaciter
2971 1021 3314 1084 resistentes,
3356 1031 3409 1076 et
3436 1025 3670 1096 propriis

2091 1113 2276 1180 pravis
2306 1111 2748 1168 obsecundantes
2777 1111 3103 1171 desideriis.

2661 1290 2745 1344 Cl.
2791 1322 2854 1332 -—
2893 1290 3100 1344 Eidem.

2164 1376 2264 1442 Qui
2305 1377 2503 1431 timere.
2537 1379 2629 1434 Dei
2674 1380 3033 1448 semetipsum
3067 1383 3444 1436 exercentium
3483 1399 3540 1436 se
3575 1383 3676 1436 mi-

2095 1469 2322 1520 nisterio
2367 1467 2600 1530 addixit,
2651 1469 2696 1524 si
2735 1477 2922 1538 postea
2970 1470 3326 1524 iutlurescere
3367 1472 3582 1541 incipit,
3621 1480 3674 1525 et

2094 1557 2454 1626 insolescere,
2480 1575 2849 1628 nummosque
2878 1562 3092 1615 ratione
3117 1565 3336 1632 propria
3371 1563 3672 1632 possidere.

2095 1650 2182 1702 bie
2232 1651 2451 1705 divinas
2504 1651 2649 1721 leges
2705 1663 3086 1722 transgressus
3125 1662 3228 1714 est,
3267 1665 3323 1707 et
3362 1653 3584 1722 abiecit,
3623 1664 3676 1708 et

413 1745 768 1815 παρέϐη,καὶ
820 1745 1298 1814 παρηγκωνίσατο.
1333 1743 1567 1814 ήθέτηοὲ
1609 1760 1665 1795 τε
1713 1742 1812 1804 τὰς
1858 1759 1984 1794 συν-

2112 1739 2322 1807 indera,
2367 1754 2422 1797 et
2457 1743 2889 1798 renuntiationis
2933 1751 2986 1796 rt
3017 1746 3415 1799 submissiouis
3463 1743 3676 1814 profes-

408 1838 601 1907 θήκας,
635 1839 733 1890 καὶ
789 1835 888 1906 τὴν
938 1836 1252 1906 ὁμολογίαν,
1285 1837 1385 1905 τῆς
1439 1854 1497 1888 τε
1548 1836 1848 1904 ἁπιενιραγῆς,
1893 1835 1987 1886 καὶ⁸

406 1928 508 1996 τῆς
535 1929 856 1994 ὺποταξίας,
890 1929 984 1980 καὶ
1013 1927 1228 1996 λέγεται
1263 1927 1546 1998 προδότης,
1573 1929 1845 1998 προεδωκε
1880 1928 1987 1997 γὰρ

403 2020 498 2072 τὸν
527 2020 920 2088 προφθάσαντα
947 2021 1125 2090 λόγον.

605 2111 726 2163 PB’.
761 2142 830 2151 --
864 2112 1200 2181 ΕΥΣΤΑΘΙῼ
1239 2110 1786 2181 ΑΡΧιΜΑΝΑΡιΤῃ.

493 2203 767 2270 Ὀγκῶδες
791 2203 1044 2257 θυλάκιον
1080 2203 1387 2265 σπουδαίως
1414 2202 1742 2269 φιλοκαλεῖς,
1769 2201 1860 2253 καὶ
1891 2201 1988 2269 τῆς

411 2295 612 2365 σαρκὸς
644 2295 704 2347 τὸ
741 2296 897 2357 λίπος
932 2295 1228 2365 προθύμως
1268 2299 1552 2366 περιποιῇ,
1594 2295 1749 2364 δίκην
1779 2294 1989 2365 ὄρνιθος

416 2386 638 2448 σιτίζων
677 2386 874 2438 σαυτὸν
923 2389 980 2438 ἐν
1031 2387 1206 2456 σκότῳ
1246 2387 1344 2454 τῆς
1390 2385 1633 2454 ἀγνοίας.
1671 2385 1781 2438 Καὶ
1833 2384 1990 2436 ποίαν

413 2479 520 2546 ἄρα
566 2477 881 2548 παρρησίαν
923 2478 1199 2548 εὑρήσεις,
1259 2479 1388 2530 ὅταν
1441 2477 1569 2548 ἔλθῃ
1616 2477 1644 2529 ὁ
1680 2476 1878 2546 κρίνων
1924 2475 1992 2528 τὰ

415 2568 710 2638 σύμπαντα
735 2584 751 2630 ;

752 2659 872 2711 PF'.
895 2689 963 2698 —
991 2659 1299 2729 ΕΥΜΑΘΙῼ
1339 2659 1649 2728 ΜΟΝΑΧῼ.

488 2751 607 2805 ”Οτ’
655 2753 720 2806 ἄν
755 2767 895 2814 τινες
949 2751 1060 2804 τῶν
1109 2752 1355 2820 ἀδελφῶν
1407 2752 1514 2822 πρὸ
1557 2751 1652 2821 τῆς
1682 2750 1791 2803 τῶν
1834 2751 1993 2820 μολυ-

419 2843 644 2913 σμάτων
693 2842 985 2906 παντελοῦς
1020 2844 1358 2914 καθάρσεως,
1401 2843 1622 2909 καὶτῆς
1658 2843 1993 2914 τελειοτέρας

415 2933 583 2997 ἕξεως
611 2933 884 2986 διδάσκειν
917 2933 1308 3002 ἐπιχειροῦσιν,
1338 2932 1639 3002 τηνικαῦτα
1667 2933 1713 2983 οἱ
1741 2931 1994 3000 δαίμονες

420 3023 688 3091 γελῶντες
720 3024 854 3094 πρὸς
900 3024 1127 3084 ἑαυτοὺς
1157 3021 1460 3076 διανεύουσι
1493 3021 1719 3074 τοιαῦτα
1749 3020 1993 3092 ὁμιλοῦν-

415 3127 530 3176 τες,
592 3114 688 3166 καὶ
746 3111 1016 3178 λέγοντες·
1069 3103 1237 3175 Οὗτος
1294 3110 1370 3182 τῷ
1430 3112 1762 3183 προσήκοντι
1817 3110 1995 3180 καιρῷ

417 3203 688 3272 ἡμέτερον
708 3203 994 3271 γενήσεται
1020 3201 1283 3270 λάφυρον,
1308 3200 1579 3254 νουθετεῖν
1609 3200 1822 3268 τολμῶν
1850 3202 1996 3269 παρὰ

415 3295 644 3364 γνώμην
677 3295 903 3366 Κυρίου.
931 3296 1127 3364 Διόπερ
1159 3295 1231 3364 μὴ
1259 3293 1575 3363 θελήσωμεν
1601 3291 1994 3361 ὀμφακίζοντες

416 3388 521 3452 ἔτι,
556 3388 648 3439 καὶ
711 3387 921 3455 μήποτε
979 3388 1244 3456 πέπειρον
1291 3384 1382 3436 τὸν
1435 3384 1627 3454 βότρυν
1667 3384 1996 3453 κτησάμενοι

419 3477 712 3538 νουθετεῖν,
763 3480 860 3531 καὶ
907 3477 1184 3530 διδάσκειν
1217 3474 1457 3548 ἐτέρους,
1492 3476 1577 3527 ῖνα
1635 3475 1710 3546 μὴ
1747 3475 1854 3528 τῶν
1886 3475 1998 3528 δαι-

424 3563 599 3633 μόνων
633 3563 923 3634 γενώμεθα
954 3565 1224 3631 παίγνιον.

755 3658 873 3710 ex.
899 3683 966 3696 -
1002 3657 1311 3726 errante
1349 3656 1658 3726 ΜΟΝΑΧῼ.

507 3748 567 3799 Ὀ
600 3749 961 3816 πεντηκοστὸς
1017 3749 1276 3817 τέταρτος
1334 3745 1548 3815 ψαλμὸς
1597 3747 1871 3816 μέμνηται
1907 3744 2002 3812 φό-

416 3843 544 3904 ϐου,
575 3841 793 3910 τρόμου,
830 3843 923 3894 καὶ
960 3842 1183 3904 σκότους
1217 3840 1665 3911 ἁμαρτημάτων
1711 3859 1727 3890 ι
1759 3840 1866 3890 Καὶ
1917 3840 1999 3899 τίς

413 3930 584 3986 δώσει
620 3949 735 4001 μοι,
791 3934 939 4001 φησὶ,
981 3933 1259 4003 πτέρυγας
1289 3931 1470 3994 καθὼς
1514 3930 1863 3999 περιστερᾶς,
1909 3929 2001 3980 καὶ

425 4023 868 4094 πετασθήσομαι,
905 4044 922 4075 ι
975 4026 1070 4077 καὶ
1110 4023 1492 4094 ὑπερϐήσομαι
1547 4022 1614 4074 τὰ
1684 4019 2002 4089 ἐνοχλοῦντα

417 4115 592 4177 κακὰ,
624 4116 720 4168 καὶ
775 4115 968 4181 φθάσω
1021 4113 1157 4184 πρὸς
1203 4114 1295 4165 τὸν
1323 4113 1479 4175 Θεὸν,
1521 4111 1616 4164 καὶ
1664 4109 2003 4163 καταπαύσω

421 4206 569 4274 πρὸς
616 4205 796 4270 αὐτὸν,
829 4205 924 4257 καὶ
972 4203 1502 4274 προσαναπαύσομαι
1543 4202 1622 4270 τῷ
1659 4201 1772 4271 ίδίῳ
1814 4201 2000 4270 φιλαν-

426 4293 636 4365 θρώπῳ
664 4293 946 4365 Δεσπότῃ;
975 4293 1148 4354 Αὐτὸς
1178 4293 1288 4362 γάρ
1322 4293 1469 4345 ἐστιν
1499 4294 1531 4362 ή
1561 4290 1866 4351 ἀνάπαυσις
1894 4287 2003 4340 τῶν

430 4401 492 4439 εν
521 4389 636 4449 τοῖς
668 4386 960 4457 μοχθηροῖς
999 4385 1185 4457 ἱδρῶσι
1222 4385 1323 4455 τῆς
1353 4385 1628 4454 ἁμαρτίας
1665 4384 2000 4475 κεκοπιημέ-
2031 4418 2078 4475 υ

420 4494 530 4530 νων
554 4492 568 4506 ·
602 4476 730 4528 ὅθεν
761 4475 890 4545 βοᾷ·
927 4493 945 4526 ι
975 4475 1138 4528 Δεῦτε
1171 4475 1305 4543 πρός
1341 4491 1429 4544 με,
1456 4475 1655 4535 πάντες
1687 4475 1735 4526 οἱ
1767 4471 2001 4526 κοπιῶν-

419 4584 513 4628 τες
561 4567 661 4619 καλ⁵
723 4568 1170 4636 πεφορτισμένοι,
1223 4564 1379 4633 κάγὼ
1429 4563 1729 4618 ἀναπαύσω
1775 4564 1938 4632 ὑμᾶς.
1977 4582 1993 4614 ι

419 4656 597 4719 Εἰδὼς
630 4657 809 4710 τοίνυν
840 4658 868 4708 ό
906 4656 1091 4716 Δαυῒδ,
1136 4656 1188 4708 τί
1216 4655 1282 4708 δι’
1321 4655 1442 4708 ὅλου
1466 4655 1557 4709 τοῦ
1607 4653 1819 4725 ψαλμοῦ
1846 4651 2002 4708 λελά-

416 4747 580 4816 ληκε,
614 4748 708 4799 καὶ
747 4746 1082 4817 ὀμματώσας
1124 4746 1247 4809 τοῦς
1281 4745 1738 4816 ἀγωνιζομένους,
1778 4748 1870 4800 καὶ
1896 4764 2003 4800 πα-

419 4837 776 4909 ρασκευάσας
808 4838 883 4908 μὴ
918 4835 1318 4905 ἀπογινώσκειν
1351 4838 1502 4900 ποτὲ,
1537 4841 1615 4898 εἰς
1646 4836 1834 4888 ἐλπίδα
1873 4838 2005 4905 ἁγα-

415 4930 526 4998 θῇν
555 4929 648 4980 τὸν
683 4927 896 4998 ψαλμὸν
936 4928 1276 4981 καταπαύει.’

949 5019 1071 5074 PE'.
1099 5050 1165 5063 -—
1193 5019 1275 5085 Τῷ
1305 5018 1484 5085 αὐτῷ.

513 5111 644 5162 Ἐὰν
692 5113 850 5180 ἡμεῖς
895 5111 1105 5173 ἀόκνως
1166 5111 1472 5180 ἐκτελῶμεν
1529 5109 1589 5162 τὸ
1641 5108 2008 5178 πνευματικὸν

412 5204 614 5272 ἐργον,
648 5206 738 5253 καὶ
781 5201 1157 5272 φροντίξωμεν
1204 5202 1482 5272 νηφόντως
1519 5203 1618 5270 τὴν
1664 5216 2009 5268 κεχρεωστη-

416 5293 603 5364 μένην
631 5295 760 5362 ἡμῖν
797 5291 890 5346 τοῦ
915 5294 1138 5355 κανόνος
1165 5294 1257 5345 τοῦ
1292 5295 1462 5346 ποιεῖν
1492 5291 1815 5362 ὑπηρεσίαν,
1848 5279 2009 5359 δῆλον

410 5387 507 5438 ὃτι
536 5382 720 5451 πολλῷ
761 5384 919 5437 πλέον
960 5384 989 5436 ό
1027 5383 1159 5446 Θεὸς
1200 5383 1500 5454 φροντίζων
1554 5382 1712 5453 ἡμῶν
1745 5381 2004 5452 διεγείρει

410 5473 611 5545 «ζυχὰς
661 5475 1058 5558 εὐσεϐεστάτας
1105 5477 1238 5546 πρὶς
1283 5477 1342 5530 τὸ
1380 5477 1556 5530 πάντα
1606 5475 1674 5528 τὰ
1724 5473 1858 5552 προς
1907 5476 2007 5537 τὰς

505 5653 547 5684 ⁸⁷
581 5651 724 5706 Psal.
753 5669 860 5716 Liv,
902 5654 950 5705 7.
1032 5654 1071 5683 “
1091 5652 1276 5708 .‘.l..ttit,
1309 5668 1384 5713 ιι,
1417 5652 1508 5707 23.

2097 1836 2308 1890 sionem
2371 1836 2630 1902 violavit,
2701 1837 3018 1905 dieiturqnc
3086 1836 3352 1906 proditor.
3425 1835 3675 1891 Prodidit

2095 1930 2264 1990 enim,
2300 1944 2464 1995 quam
2496 1930 2650 1999 prius
2697 1929 2982 1998 amplexus
3015 1929 3214 1992 fuerat,
3255 1928 3542 1983 rationem.

2103 2116 2262 2186 166
2291 2147 2360 2158 -ι
2391 2113 2498 2168 Cll.
2525 2145 2592 2154 —
2618 2111 3016 2168 EUSTATlllO
3049 2109 3673 2169 ARCIIIMANDRITA‘I.

2168 2207 2490 2260 ’l‘umentem
2531 2208 2812 2260 sacculum
2861 2205 3150 2273 diligenter
3195 2205 3352 2266 colis,
3387 2205 3678 2272 carnisque

2099 2298 2482 2368 pinguedinem
2514 2299 2770 2351 alacriter
2805 2313 3072 2362 procuras
3097 2338 3109 2360 ,
3158 2296 3393 2365 teipsnm
3433 2311 3585 2364 aeque
3614 2311 3677 2349 ae

2099 2385 2215 2438 avis
2245 2386 2298 2438 in
2324 2385 2568 2440 tenebris
2602 2385 2930 2454 ignorantize
2971 2386 3240 2438 nutriens.
3287 2383 3348 2435 Et
3381 2400 3674 2452 quamnam

2100 2479 2197 2532 tibi
2230 2477 2536 2531 Iibertat’em
2575 2477 2793 2531 dicendi
2825 2477 3198 2546 comparabis,
3239 2493 3362 2531 cum
3398 2478 3488 2547 qui
3530 2476 3677 2544 judi-

2103 2575 2188 2622 cat
2213 2570 2396 2622 omnia
2429 2569 2759 2623 advenerit?

2373 2657 2504 2713 Clll.
2540 2692 2611 2700 —
2656 2657 3016 2714 EUMATIHO
3055 2657 3408 2712 MONACIIO.

2169 2748 2304 2802 Cum
2346 2767 2410 2804 ex
2467 2751 2729 2806 fratribus
2771 2753 3042 2818 nonnulli,
3101 2761 3394 2821 antequam
3452 2753 3678 2804 omnino

2103 2841 2296 2894 sordes
2327 2842 2627 2911 deponant,
2665 2854 2717 2897 et
2751 2844 3100 2912 perfectioris
3134 2845 3357 2898 habitus
3387 2845 3676 2911 participes

2104 2933 2254 2997 (iant,
2286 2933 2484 2987 docere
2515 2934 2930 3005 aggrediuntur,
2970 2944 3099 2990 tunc
3129 2934 3402 2990 dannones
3428 2950 3531 2988 non
3559 2935 3679 2988 sine

2105 3024 2240 3082 risu.
2289 3025 2430 3076 inter
2474 3042 2532 3079 se
2572 3026 2798 3080 nutibus
2835 3027 3100 3090 indicant,
3145 3027 3259 3080 hate
3299 3026 3678 3092 colloquentes

2101 3114 2501 3183 dieentesque:
2547 3115 2644 3169 llic.
2701 3127 3014 3186 opportuno
3065 3125 3308 3186 tempore
3350 3125 3534 3170 nostra
3573 3117 3675 3170 erit

2100 3205 2303 3273 praeda,
2335 3221 2458 3258 eum
2499 3215 2697 3276 praeter
2728 3217 2962 3262 mentem
2983 3205 3211 3260 'Domini
3240 3206 3380 3260 alios
3407 3206 3677 3260 instruere

2100 3294 2285 3350 audet.
2331 3296 2696 3366 Quapropter,
2743 3315 2809 3351 ne
2858 3298 3040 3351 acerbi
3081 3297 3282 3361 adhuc,
3318 3313 3416 3351 nec
3462 3305 3677 3352 matura

2101 3404 2201 3441 uva
2230 3399 2547 3458 comparata
2580 3390 2960 3449 adltortemur.
3011 3390 3261 3459 aliosque
3295 3391 3639 3444 instruamus
3662 3429 3675 3448 ,

2101 3495 2168 3533 ne
2207 3478 2551 3534 daemonibus
2583 3479 2747 3534 ludus
2778 3479 3129 3549 objiciuntur.

2371 3655 2502 3711 CIV.
2545 3687 2610 3698 —-—
2645 3654 3001 3710 EUPIIEMIO
3037 3653 3395 3710 MONACIIO.

2173 3744 2674 3814 Quinquagesimus
2723 3753 2958 3813 quartus
3015 3747 3256 3813 psalmus
3301 3753 3510 3802 metus.
3559 3751 3672 3797 tre-

2105 3837 2271 3889 moris
2294 3846 2346 3890 et
2369 3837 2719 3890 tenebrarum
2746 3844 3092 3905 peccatorum
3121 3835 3369 3888 meminit
3393 3851 3405 3887 :
3434 3854 3450 3885 ε
3479 3834 3681 3903 thuis

2103 3925 2254 3976 dabit
2280 3923 2436 3988 mihi,
2463 3926 2558 3988 ait,
2586 3941 2796 3993 pennas
2815 3926 2957 3978 sicut
2983 3924 3246 3978 eolumbze
3265 3933 3314 3978 et
3337 3925 3554 3988 volabo,
3586 3943 3601 3975 ι
3630 3936 3684 3978 et

2107 4016 2452 4082 pertransibo
2508 4014 2624 4069 bzee
2689 4017 2918 4069 molesta
2981 4016 3143 4075 mala,
3195 4024 3248 4067 et
3301 4016 3558 4069 accedam
3616 4017 3681 4073 ad

2110 4108 2300 4168 Deum,
2337 4115 2390 4160 et
2417 4107 2703 4176 quiescam
2743 4109 2798 4161 in
2841 4109 2982 4176 ipso,
3023 4115 3077 4160 et
3121 4122 3228 4160 una
3264 4122 3388 4160 cum
3426 4123 3545 4160 meo
3580 4107 3688 4159 bus

2107 4217 2268 4253 manu
2297 4199 2533 4255 Domino
2561 4201 2904 4270 requiescam
2935 4201 2974 4231 "
2993 4200 3015 4253 ?
3037 4199 3154 4268 Ipse
3186 4198 3332 4253 enim
3357 4207 3441 4252 est
3465 4201 3684 4267 requies

2105 4307 2294 4345 eorum
2321 4335 2333 4355 ,
2376 4293 2467 4358 qui
2506 4307 2564 4346 se.
2605 4292 2872 4360 improbis
2910 4291 3117 4359 peccati
3163 4289 3458 4345 sudoribus
3493 4289 3687 4343 defati-

2107 4392 2326 4449 garent.
2362 4381 2500 4436 llinc
2530 4382 2733 4437 clamat
2775 4401 2787 4435 :
2833 4401 2850 4432 ι
2900 4380 3092 4436 Venite
3121 4382 3186 4434 ad
3219 4398 3326 4441 me.
3367 4397 3559 4435 omnes
3589 4381 3686 4448 qui

2110 4475 2398 4538 laboratis,
2433 4481 2489 4528 et
2525 4474 2742 4529 onerati
2797 4475 2952 4539 estis,
3004 4485 3058 4529 et
3103 4488 3202 4540 ego
3239 4474 3481 4528 reficiam
3528 4472 3680 4540 167

2111 4585 2208 4621 ros
2242 4568 2305 4620 "’.
2345 4586 2363 4619 ›
2395 4568 2577 4632 Quare
2624 4566 2789 4621 David
2820 4584 2944 4620 cunt
2974 4567 3140 4636 probe
3176 4571 3388 4620 teneret
3413 4562 3681 4631 quidquid

2114 4676 2208 4727 per
2256 4668 2433 4713 totum
2489 4658 2761 4730 psalmum
2814 4658 3182 4720 disseruerat,
3235 4663 3290 4712 et
3345 4654 3687 4709 certantibus

2111 4750 2305 4805 oeulos
2344 4749 2561 4811 indens,
2601 4759 2653 4805 et
2699 4753 3020 4820 przeparans
3069 4748 3137 4801 ad
3180 4761 3463 4816 nunquam
3504 4745 3688 4797 animo

2111 4844 2589 4912 despondendum,
2617 4842 2672 4895 in
2703 4841 2845 4896 bona
2877 4857 2976 4910 spe
3019 4841 3232 4910 psalmo
3263 4839 3422 4892 tinem
3447 4834 3596 4889 facit.

2673 5022 2782 5077 CV.
2822 5055 2889 5064 —
2930 5020 3134 5075 Eidem.

2183 5112 2240 5165 Si
2281 5127 2382 5166 nos
2413 5111 2670 5166 alacriter
2701 5113 2989 5182 spirituale
3018 5125 3156 5178 opus
3186 5107 3524 5178 perﬁeimus,
3562 5123 3689 5177 prn-

2114 5205 2416 5270 denterque
2470 5203 2828 5271 exsequimur
2883 5201 3165 5260 debitum,
3219 5200 3364 5268 quod
3409 5214 3438 5251 a
3499 5207 3688 5252 sancta

2115 5293 2302 5363 regula
2336 5291 2496 5346 nobis
2538 5291 2860 5360 imponitur,
2901 5290 3294 5356 ministerium,
3330 5289 3688 5344 manifestum

2115 5389 2218 5440 est,
2274 5377 2445 5429 multo
2499 5377 2672 5448 magis
2725 5377 2892 5429 Deum
2951 5377 3112 5432 nobis
3174 5391 3361 5431 curam
3412 5385 3690 5446 gerentem

2116 5469 2358 5524 excitare
2393 5470 2674 5539 piissimas
2722 5470 2936 5525 animas
2980 5470 3046 5525 ad
3093 5469 3508 5539 nobis-omnia,
3543 5484 3689 5540 quat-
