4012 6196
420 249 524 314 947
1889 247 1951 310 Β.
1993 250 2007 310 l

2117 249 2160 308 ,Ι
3357 239 3360 244 ’
3570 244 3675 307 248

419 374 639 430 ειιιιιιιιθ
665 372 804 430 Opus
838 356 1063 417 fuerint,
1095 353 1590 411 subministranda.
1622 353 1781 422 Quod
1811 354 1858 410 si
1889 370 1991 411 nos

2117 356 2288 426 [ρείας
2319 353 2637 423 διακονῆσαι
2669 353 2821 420 ἡμῖν.
2863 350 2988 404 Ἐὰν
3018 349 3074 404 δὲ
3099 351 3262 421 ἡμεῖς
3285 349 3557 422 ὁκνῶμεν,
3582 355 3675 406 καὶ

419 450 768 518 negligimus,
801 445 1122 514 nullamque
1153 443 1340 506 deiis,
1385 445 1480 515 qui
1514 460 1574 499 se
1605 445 1674 499 ad
1708 445 1992 516 spirituale

415 557 556 610 opus
595 533 914 607 accingunt,
945 552 1135 591 curam
1184 537 1448 607 gerimus,
1497 553 1740 609 quanam
1777 539 1993 595 ratione

417 635 485 687 de
514 631 670 685 nobis
699 643 888 687 curam
922 627 1111 684 haberi
1147 630 1435 684 volumus?

607 789 613 797 _
743 721 877 780 CVI.
911 751 981 761 —
1015 720 1282 780 MARINO
1319 721 1673 777 MONACHO.

489 811 570 868 Ne
623 826 860 870 maerore
914 819 1012 865 tuo
1063 820 1116 865 te
1165 825 1452 877 maceras,
1507 826 1684 884 neque
1742 813 1993 866 tabeséas

420 905 615 970 miser,
657 903 1036 973 magnitudine
1062 903 1424 958 tentationum
1465 918 1783 972 Oppressus,
1816 919 1995 972 neque

420 995 716 1062 obstupeas
742 994 1001 1062 pondere,
1032 1001 1086 1047 et
1115 994 1292 1062 spissa
1317 993 1638 1062 irruptione,
1673 1002 1726 1048 et
1755 994 1990 1060 excidio,

421 1093 474 1139 et
513 1085 936 1153 depopulatione
979 1083 1432 1139 intellectualimn
1479 1083 1862 1138 barbarorum.
1907 1083 1995 1139 Et-

421 1178 566 1232 enim
596 1191 903 1245 speramus,
930 1177 975 1229 si
1004 1191 1129 1229 cum
1155 1175 1454 1244 gratiarum
1481 1175 1696 1228 actione
1717 1175 1997 1228 sustinue-

425 1269 618 1330 rlmus,
653 1266 885 1319 salutem
927 1265 1102 1334 magis
1146 1281 1210 1318 ex
1254 1264 1515 1327 inimicis,
1557 1272 1611 1318 et
1654 1279 1719 1318 ex
1769 1265 1856 1330 iis,
1902 1267 1995 1335 qui

425 1372 526 1414 nos
557 1355 686 1410 odio
724 1356 926 1410 habent
954 1357 1018 1420 ‘9,
1053 1355 1403 1423 conquirere.

947 1445 1104 1500 CVII.
1148 1475 1216 1484 —-
1259 1444 1464 1499 Eidem.

495 1539 660 1609 I’laga
707 1551 826 1592 mea
875 1538 1051 1598 valida
1075 1578 1088 1600 ,
1134 1539 1210 1592 ait
1240 1537 1508 1593 Jeremias
1551 1539 1821 1608 propheta
1854 1539 1897 1569 ’°
1931 1555 1996 1593 ex

424 1645 659 1700 persona
685 1643 871 1683 nostra
897 1638 1088 1690 texens
1115 1629 1533 1688 lamentationes
1559 1650 1572 1682 :
1609 1637 1669 1688 ut
1699 1629 1829 1700 quid
1855 1645 1994 1700 prze-

429 1722 610 1783 valent
654 1722 838 1785 nobis,
881 1721 973 1790 qui
1013 1737 1114 1776 nos
1139 1722 1511 1780 conti-istaut?
1543 1722 1763 1784 cogisti,
1797 1730 1850 1776 et
1883 1738 1991 1776 non

427 1814 725 1887 pepercisti
756 1815 821 1868 “.
864 1813 1250 1882 Archimagiro
1291 1828 1526 1882 namque
1568 1813 1994 1877 Nabuzardanu,

426 1913 481 1958 et
532 1903 628 1964 iis,
688 1901 848 1972 168
895 1902 991 1970 qui
1046 1917 1168 1954 cum
1217 1917 1281 1955 eo
1329 1909 1521 1966 erant,
1576 1901 1875 1963 tradidisti.
1937 1901 1999 1962 Et

427 1990 684 2046 llabacuc
705 1993 922 2045 dieebat
942 1992 1007 2044 ad
1036 1989 1345 2044 Dominum.
1369 1988 1441 2044 Ut
1463 1987 1749 2060 quid'siles
1773 1991 2001 2047 videns?

429 2092 482 2144 et
507 2083 710 2154 impius
745 2083 973 2154 deglutit
1002 2083 1241 2150 justum,
1277 2091 1334 2137 et
1367 2083 1570 2137 toleras
1605 2084 1688 2136 "1'

937 2170 1113 2232 CVIII.
1158 2202 1229 2212 —-
1269 2170 1477 2232 Eidem,

501 2263 618 2324 Non
663 2271 875 2328 tantum
913 2276 1254 2341 peccatores,
1297 2264 1392 2320 sed
1433 2267 1526 2334 qui
1565 2267 1731 2320 etiam
1765 2267 2002 2322 maxime

429 2357 592 2418 bonis
623 2355 890 2428 operibus
925 2371 1147 2428 operam
1195 2373 1397 2415 navare
1435 2359 1706 2423 nituntur,
1749 2374 2003 2428 saepenu-

409 2463 584 2508 mero
637 2447 986 2512 deseruntur,
1041 2455 1098 2502 ut
1144 2450 1486 2520 patientiam,
1539 2460 1593 2504 et
1654 2451 2000 2504 tolerantiam

432 2538 742 2603 addiscant,
781 2550 831 2594 et
861 2539 1174 2610 superbiam
1223 2541 1412 2595 vitent.
1456 2540 1519 2592 Et
1552 2540 1840 2610 Scriptura
1876 2541 1953 2594 ait
1988 2561 1999 2594 :

439 2647 458 2681 ι
494 2627 608 2683 Sub‘
637 2630 819 2699 impiis
863 2631 1068 2686 cadunt
1099 2633 1417 2702 prasscripto
1455 2641 1718 2700 tempore,
1752 2643 1806 2686 et
1841 2635 2003 2688 intel-

433 2721 694 2783 lectuales
706 2721 854 2780 aedes
873 2721 939 2776 ab
958 2723 1140 2792 impiis
1156 2722 1579 2779 devastantur".
1596 2744 1612 2774 ι
1626 2724 2001 2794 Rursumque:

438 2829 456 2872 ι
481 2807 695 2877 Justus,
721 2811 816 2877 ait,
849 2811 917 2874 ab
936 2797 1121 2880 impiis
1154 2812 1434 2868 deridetur
1462 2814 1508 2844 "‘
1533 2832 1546 2880 ;
1575 2845 1640 2852 —
1661 2813 1825 2880 Deus,
1861 2813 2006 2872 Deus

437 2923 625 2972 meus,
662 2907 887 2968 attende
915 2906 1072 2972 mihi,
1111 2913 1169 2961 u‘t
1203 2907 1333 2979 quid
1359 2907 1698 2980 dereliquisti
1743 2926 1828 2965 me
1861 2910 1944 2964 "1’
1984 2931 2001 2962 ι

2096 443 2392 514 άμελῶμεν
2422 442 2531 495 τῶν
2579 440 2978 494 ἐπιϐαλλόντων
3015 441 3092 511 τῷ
3142 442 3500 513 πνευματικῷ
3535 445 3674 515 πράο

2097 551 2290 604 γματι,
2322 533 2439 596 πῶς
2470 530 2731 601 ἀξιοῦμεν
2758 531 3174 602 φροντίζεσθαι;

2435 733 2574 798 Ρςῖο.
2609 761 2674 770 -«
2709 732 2974 802 ΜΑΡΙΝῼ
3012 731 3324 802 ΜΟΝΑΧῼ.

2166 823 2449 894 Μηδαμῶς
2491 822 2833 893 δυσχέραινε,
2873 823 3009 894 μηδέ
3049 822 3327 894 δυσφόρει,
3369 825 3437 894 τῇ
3494 841 3674 896 παρα-

2095 918 2249 969 τάσει
2291 916 2398 968 τῶν
2425 914 2747 984 πειρασμῶν
2783 913 3124 984 πιεζόμενος,
3163 913 3296 985 μηδὲ
3339 914 3547 980 ξενίζον
3581 917 3674 968 ἐπί⁵

2096 1008 2174 1077 τῷ
2207 1005 2382 1077 βάρει,
2416 1008 2512 1062 καὶ
2537 1009 2602 1077 τῇ
2655 1009 2822 1076 συχνῇ
2858 1005 3123 1070 ἐπιθέσει,
3157 1007 3253 1060 καὶ
3290 1009 3355 1077 τῇ
3398 1008 3673 1080 ἐκπορθή-

2099 1115 2200 1162 est,
2244 1099 2334 1152 καὶ
2375 1097 2555 1162 διώξει
2585 1097 2691 1150 τῶν
2749 1095 2958 1167 νοητῶν
3001 1097 3311 1170 βαρϐάρων.
3350 1098 3675 1168 Ἑλπίζομεν

2098 1189 2225 1259 γὰρ,
2261 1189 2354 1242 ἐὰν
2400 1191 2516 1259 μετ’
2562 1189 2912 1259 εὐχαριστίας
2953 1188 3354 1259 ὑπομείνωμεν,
3403 1189 3675 1260 σωτηρίαν

2103 1279 2301 1348 μᾶλλον
2329 1281 2392 1332 ἐκ
2427 1280 2533 1332 τῶν
2585 1279 2796 1350 ἐχθρῶν
2827 1280 3134 1351 εὑρίσκειν,
3165 1282 3260 1334 καὶ
3307 1280 3417 1334 τῶν
3454 1281 3674 1354 μισούν-

2098 1388 2204 1425 των
2235 1373 2401 1442 ἡμᾶς.

2627 1463 2741 1516 ΡΖ’.
2763 1492 2829 1502 -—-
2864 1461 2946 1527 Τῷ
2967 1461 3147 1527 αὐτῷ.

2181 1553 2245 1604 Ἡ
2277 1553 2456 1624 πλήγη
2485 1571 2587 1623 μου
2613 1553 2828 1624 στερεά,
2864 1555 3027 1624 φησὶν
3063 1555 3333 1626 Ἱερεμίας
3365 1540 3672 1626 προφήτης,

2102 1643 2161 1707 ἐξ
2193 1645 2458 1714 ἡμετέρου
2498 1642 2791 1716 προσώπου
2825 1645 2954 1708 τοὺς
2980 1645 3248 1716 ὀδυρμοὺς
3281 1645 3522 1714 ὑφαίνων
3547 1663 3562 1677 ’
3590 1646 3676 1699 ἵνα

2098 1735 2152 1788 τί
2183 1735 2232 1785 οἱ
2264 1732 2559 1797 λυποῦντές
2592 1751 2658 1803 με
2690 1733 3044 1803 κατισχύουσί
3076 1752 3178 1804 μου
3204 1752 3218 1800 ;
3251 1735 3674 1805 ἐμαγείρευσας,

2105 1823 2198 1876 καὶ
2227 1823 2328 1876 οὐκ
2371 1823 2594 1891 ἐφείσω.
2627 1823 2716 1893 Τῷ
2745 1824 2852 1894 γὰρ
2879 1825 3260 1896 ἀρχιμαγείρῳ
3291 1823 3679 1895 Ναϐουζαρδάν

2105 1927 2194 1980 με,
2229 1911 2454 1975 καὶτοῖς
2485 1913 2622 1982 ἀμφ’
2641 1911 2802 1965 αὑτὸν
2827 1912 3151 1976 ἐκδέδωκας.
3170 1911 3280 1965 Καὶ
3302 1914 3331 1965 ὁ
3356 1912 3679 1982 Ἀμὸακοὺμ

2103 2002 2237 2071 πρὸς
2271 2002 2474 2073 Κύριον
2521 2001 2704 2070 ἔλεγεν
2727 2019 2740 2032 ·
2766 2003 2886 2055 Ἵνα
2933 2001 2987 2054 τί
3018 2003 3387 2073 παρασιωπᾷς
3418 2002 3677 2073 βλέπων,

2101 2094 2183 2147 ὅτι
2211 2095 2239 2146 ὁ
2270 2094 2472 2166 ἀσεϐὴς
2497 2094 2786 2149 καταπίνει
2810 2095 2902 2152 τὸν
2926 2094 3155 2161 δίκαιον,
3191 2095 3286 2149 καὶ
3309 2095 3474 2166 ἀνέχῃ
3496 2113 3511 2160 ;

2617 2186 2746 2241 PH’.
2768 2215 2838 2224 —
2871 2183 2955 2248 Τῷ
2985 2183 3165 2249 αὐτῷ.

2175 2277 2250 2329 Οὐ
2292 2276 2454 2346 μόνον
2485 2275 2804 2347 ἁμαρτωλοὶ
2834 2273 3132 2346 ἄνθρωποι,
3168 2276 3306 2338 ἀλλὰ
3356 2278 3450 2331 καὶ
3473 2280 3522 2331 oi
3555 2278 3674 2331 λίαν

2106 2366 2287 2436 πάσης
2304 2367 2670 2438 ἀνδραγαθίας
2691 2365 3015 2435 ἀντέχεσθαι
3047 2366 3392 2432 σπεύδοντες,
3422 2369 3678 2432 πολλάκις

2105 2457 2694 2528 ἐγκαταλιμπάνονται,
2746 2457 2882 2526 πρός
2915 2473 2976 2510 τε
3011 2456 3070 2510 τὸ
3111 2457 3430 2529 διδαχθῆναι
3474 2459 3680 2528 ὑπομοο

2105 2550 2223 2618 νὴν,
2253 2550 2346 2601 καὶ
2392 2549 2707 2620 καρτερίαν,
2739 2549 2832 2601 καὶ
2866 2549 3000 2620 πρὸς
3035 2547 3352 2619 ἀποτροπὴν
3391 2549 3489 2619 τῆς
3517 2551 3681 2620 ύπερυ

2107 2641 2395 2709 ηφανείας·
2431 2641 2524 2693 καὶ
2557 2639 2631 2704 ὥς
2678 2657 2844 2712 φησιν
2871 2641 2903 2710 ἡ
2938 2640 3164 2711 Γραφή·
3201 2659 3219 2692 ι
3247 2641 3549 2694 Πίπτουσιν
3579 2641 3682 2693 ὑπὸ

2106 2736 2218 2794 τοῖς
2261 2731 2483 2800 ἀνόμοις
2523 2732 2713 2803 χρόνον
2762 2731 2980 2794 τακτὸν,
3033 2732 3130 2786 καὶ
3164 2732 3291 2794 τοὺς
3347 2730 3574 2801 νοητοὺς
3605 2732 3683 2784 οἴο

2109 2841 2236 2888 κους
2286 2824 2677 2896 ἐκ·πορθοῦνται
2724 2825 2828 2878 ὑπὸ
2876 2824 3114 2895 ἀνόμων.
3152 2843 3169 2876 ι
3193 2824 3304 2877 Καὶ
3330 2822 3490 2878 πάλιν
3515 2838 3530 2858 ε
3566 2840 3586 2876 ι
3625 2823 3683 2877 '0

2108 2916 2334 2980 δίκαιος,
2366 2917 2553 2986 φησὶν,
2586 2915 2693 2968 ὑπὸ
2734 2915 2844 2971 τῶν
2874 2915 3090 2986 ἀνόμων
3121 2913 3510 2981 καταγελᾶται.
3531 2942 3601 2952 -
3627 2912 3686 2969 Ὃ

437 2999 502 3055 Et
531 3000 661 3056 alibi
713 2999 982 3070 scriptum
1013 3009 1094 3056 est
1131 3021 1143 3055 :
1189 3019 1205 3052 ι
1247 3001 1468 3056 Gratias
1519 3018 1622 3072 ago
1669 3003 1789 3067 tibi,
1839 3003 2004 3070 Deus,

2117 3005 2265 3073 Θεὸς,
2295 3010 2324 3060 ό
2349 3007 2479 3070 Θεός
2518 3023 2642 3077 μου,
2689 3006 2926 3078 πρόσχες
2961 3021 3070 3076 μοι,
3107 3005 3193 3060 ἵνα
3232 3005 3285 3057 τί
3329 3001 3670 3071 ἐγκατέλιπε-

432 3091 582 3162 quod
629 3092 952 3163 percussisti
1004 3109 1111 3155 me,
1155 3102 1206 3150 et
1245 3094 1490 3148 avertiin
1547 3093 1740 3148 faciem
1795 3103 1944 3148 tuam
1977 3111 2006 3148 a

2117 3115 2215 3170 με;
2248 3117 2266 3152 ι
2312 3099 2423 3154 Καὶ
2467 3098 2628 3153 πάλιν
2678 3097 2990 3168 γέγραπται
3017 3115 3028 3128 υ
3081 3115 3100 3148 ι
3149 3094 3472 3167 Εὐχαριστῶ
3528 3111 3632 3156 σοι,
3659 3096 3687 3147 6

436 3201 542 3252 me,
582 3192 636 3240 et
672 3191 797 3254 post
847 3185 963 3243 haec
1014 3185 1364 3240 misereberis
1411 3181 1598 3241 mei.)
1632 3185 1697 3238 Et
1745 3203 2006 3241 rursum:

439 3295 460 3327 ι
504 3275 750 3342 Quantas
800 3275 1093 3335 ostendisti
1139 3275 1270 3329 mihi
1321 3276 1732 3341 tribulationes,
1784 3277 2008 3340 multas,

435 3379 491 3435 et
521 3367 712 3432 malas,
764 3373 819 3422 et
848 3381 1104 3424 reversus
1141 3367 1430 3423 vivificasti
1468 3383 1574 3432 me,
1605 3377 1658 3423 et
1695 3384 1760 3422 ex
1794 3369 2012 3439 abyssis

435 3465 599 3518 terrae
623 3458 859 3514 eduxisti
885 3460 1013 3514 me?
1045 3457 1421 3530 lliultiplicasti
1465 3475 1634 3530 super
1666 3475 1754 3515 me
1799 3462 2014 3531 magni-

440 3549 686 3615 tudinem
713 3557 886 3624 tuam,‘
922 3557 976 3605 et
1018 3565 1276 3616 reversus
1315 3551 1638 3617 consolatus
1665 3565 1724 3608 es
1762 3566 1848 3612 me
1871 3551 1937 3606 ".
1987 3570 2006 3606 ι

983 3818 1093 3876 CIX
1105 3859 1118 3872 .
1159 3849 1230 3858 —
1265 3819 1472 3873 Eidem.

513 3913 768 3984 Ingentes
800 3911 1161 3983 aegritudines
1183 3911 1603 3982 despicationis,
1631 3916 1686 3965 et
1707 3909 2015 3978 iactantiae,

441 4017 497 4074 et
528 4004 763 4076 propriae
781 4001 1229 4067 existimationis,
1253 4010 1308 4058 et
1338 4002 1600 4058 similium
1632 4000 1687 4054 in
1722 3999 1934 4056 intimis
1955 4013 2019 4053 ac

444 4097 748 4162 latentibus
803 4094 1182 4166 penetralibus
1240 4093 1673 4155 abscondentes.
1724 4093 2017 4147 hominum

447 4190 760 4259 plerosque,
792 4201 1005 4255 nosque
1043 4186 1312 4257 metipsos
1354 4183 1658 4254 saepissime
1701 4197 1797 4253 per
1827 4181 2024 4236 incon-

447 4281 803 4340 siderantiam
835 4279 1095 4342 fallimus.
1131 4276 1236 4338 Sed
1270 4291 1504 4348 magnus
1549 4275 1861 4329 animarum
1920 4285 2022 4326 no-

2112 3191 2268 3256 Θεὸς,
2304 3190 2387 3244 ὅτι
2419 3189 2695 3255 ἐπάταξάς
2741 3207 2828 3260 με,
2865 3188 2959 3244 καὶ
3017 3187 3369 3259 ἁπέστρεψας
3426 3186 3488 3240 τὸ
3522 3186 3689 3257 πρόσ-

2113 3281 2260 3334 ωπόν
2302 3298 2392 3334 σου
2427 3281 2520 3336 ἀπ’
2559 3279 2716 3351 ἐμοῦ,
2749 3281 2842 3332 καὶ
2891 3277 3031 3348 μετὰ
3065 3277 3237 3334 ταῦτα
3273 3277 3517 3347 ἐλεήσεις
3549 3292 3636 3345 με.
3663 3295 3681 3325 ι

2115 3376 2224 3428 Kal
2267 3373 2457 3428 πάλιν·
2490 3391 2506 3425 ι
2533 3373 2703 3436 Ὅσας
2746 3370 2953 3436 ἔδειξας
2989 3388 3078 3441 μοι
3107 3369 3312 3439 θλίψεις
3345 3368 3564 3433 πολλάς,
3596 3369 3690 3422 καὶ

2115 3467 2311 3533 κακὰς,
2348 3467 2442 3519 καὶ
2475 3463 2807 3535 ἐπιστρέψας
2831 3460 3200 3530 ἐζωοποίησάς
3241 3475 3330 3529 με,
3354 3458 3450 3511 καὶ
3491 3457 3555 3509 ἐκ
3583 3455 3688 3507 τῶν

2115 3557 2367 3624 ἀϐύσσων
2389 3557 2485 3628 τῆς
2515 3555 2618 3626 γῆς
2645 3555 2917 3626 ἀνήγαγες
2949 3568 3052 3622 με;
3086 3549 3460 3612 Ἐπλεὼνασας
3487 3548 3571 3600 ἐπ’
3591 3547 3688 3616 ἐμὲ

2115 3646 2215 3716 τὴν
2249 3645 2636 3716 μεγαλωσύνην
2667 3660 2781 3711 σου,
2826 3643 2922 3703 ml
2951 3639 3281 3714 ἐπιστρέψας
3314 3637 3691 3710 παρεκάλεσάς

2123 3754 2212 3810 με.
2244 3757 2262 3789 ι

2630 3825 2753 3880 ΡΘ’.
2788 3855 2855 3866 —-
2884 3825 2969 3891 Τῷ
2993 3819 3175 3889 αὐτῷ.

2191 3921 2418 3990 Μεγάλα
2444 3919 2725 3990 νοσήματα
2755 3917 3078 3988 ὑπεροψίας,
3115 3915 3209 3968 καὶ
3236 3913 3430 3982 τύφου,
3461 3910 3555 3965 καὶ
3575 3909 3692 3978 0H)-

2124 4031 2282 4078 σεως,
2317 4013 2412 4068 καὶ
2463 4013 2574 4067 τῶν
2620 4011 2877 4064 τοιούτων
2917 4010 2974 4063 ἐν
3014 4010 3129 4071 τοῖς
3170 4005 3434 4078 κρυπτοῖς
3481 3999 3697 4070 ἔχοντες

2121 4105 2410 4176 ταμιείοις,
2445 4103 2572 4165 τοὺς
2617 4101 2846 4164 πολλοὺς
2875 4099 2984 4154 τῶν
3021 4096 3360 4170 ἀνθρώπων,
3401 4091 3494 4146 καὶ
3549 4090 3698 4161 ἡμᾶς

2125 4195 2323 4258 αὐτοὺς
2361 4191 2621 4257 πολλάκις
2666 4191 3003 4261 λανθάνομεν
3031 4189 3120 4243 διὰ
3168 4187 3230 4240 τὸ
3270 4184 3694 4241 ἀνεπίσκεπτον.

2138 4287 2276 4340 Ἀλλ’
2316 4288 2345 4338 ὁ
2398 4285 2572 4356 μέγας
2627 4283 2735 4338 τῶν
2767 4282 2957 4352 ψυχῶν
2997 4279 3156 4351 ἡμῶν
3209 4276 3392 4348 ἰατρὸς
3426 4270 3699 4336 οἷδε,πῶς

449 4383 691 4431 strarum
723 4373 967 4432 medicus
989 4371 1208 4431 abunde
1237 4366 1698 4439 novit,qnomodo
1728 4363 2007 4420 abscondi-

2126 4377 2520 4448 ἐπιμελήσεται
2554 4376 2662 4429 τῶν
2694 4376 2962 4447 κρυφίων.
3015 4370 3108 4442 Μὴ
3143 4365 3237 4424 οὖν
3275 4363 3698 4448 ἀγανακτῶμεν,

452 4466 524 4522 tis
581 4478 740 4534 opem
799 4460 958 4520 ferat.
1004 4458 1086 4516 Ne
1128 4459 1296 4531 igitur
1346 4471 1488 4526 aegre
1535 4453 1802 4517 feramus,
1846 4466 2022 4520 neque

451 4556 694 4610 animum
713 4551 1175 4623 despondeamus,
1199 4562 1376 4617 neque
1397 4546 1776 4616 desperemus,
1801 4547 2024 4610 propter

449 4667 536 4715 ea,
561 4663 685 4720 qua:
707 4648 865 4712 nobis
888 4661 996 4698 non
1025 4645 1329 4712 incongrue
1351 4639 1616 4693 Dominus
1649 4635 1894 4696 adducit.

909 4737 1069 4809 139
1105 4735 1217 4791 ex.
1257 4763 1328 4776 —
1369 4731 1575 4786 Eidem.

524 4835 679 4893 Multi
714 4835 769 4890 in
811 4831 1104 4903 praesentis
1151 4826 1335 4890 saeculi
1379 4822 1784 4880 valetudinario
1825 4820 2027 4880 inﬁrmi

451 4930 662 4998 jacent,
702 4939 755 4984 et
806 4926 899 4979 alii
947 4921 1300 4978 resolutione"
1331 4930 1630 4972 nervorum
1671 4914 2028 4969 infestantur.

456 5021 669 5087 Quibus
698 5018 958 5075 omnibus
984 5028 1094 5070 non
1127 5025 1238 5066 una
1261 5007 1533 5064 medicina
1559 5007 1832 5078 congruit,
1856 5020 2034 5074 neque

459 5117 676 5172 confert
705 5112 964 5170 omnibus
998 5124 1106 5164 una
1136 5106 1444 5176 eademque
1487 5118 1718 5159 mensa:
1752 5101 2033 5172 propriam

457 5211 607 5266 enim
657 5205 860 5272 cuique
904 5210 960 5256 et
1007 5199 1361 5263 medicinam,
1417 5206 1473 5264 et
1519 5197 1702 5255 victus
1757 5195 2030 5260 rationem

461 5299 709 5356 medicus
733 5292 1002 5363 assignat.

997 5383 1136 5438 CXI.
1178 5411 1246 5422 —
1289 5379 1498 5434 Eidem.

530 5478 650 5543 IIic,
681 5477 782 5541 ait,
813 5483 1051 5546 aagrotus
1098 5473 1262 5528 melle
1309 5469 1650 5541 frequentius
1696 5467 2034 5537 permulcea-

2133 4447 2266 4541 μηδὲ
2317 4447 2740 4541 μικροψυχῶμεν
2762 4505 2777 4529 ,
2838 4465 2935 4518 καὶ¹
2984 4459 3444 4530 ἁποδυσπετῶμεν
3492 4455 3577 4525 ἐφ’
3615 4447 3702 4515 οἷς

2129 4563 2262 4632 ἡμῖν
2296 4562 2646 4632 ἁρμοζόντως
2683 4560 2881 4628 ἐπάγει
2914 4559 2942 4612 ὁ
2975 4555 3204 4626 Κύριος.

2246 4788 2253 4796 .
2647 4738 2760 4791 νΡΡ.
2785 4767 2854 4775 -
2885 4733 2968 4799 Τῷ
2996 4731 3175 4797 αὐτῷ.

2204 4830 2393 4884 Πολλοὶ
2446 4831 2504 4885 ἐν
2545 4831 2623 4900 τῷ
2675 4826 3010 4896 νοσοκομείῳ
3059 4822 3153 4878 τοῦ
3203 4821 3469 4892 παρόντος
3509 4816 3708 4878 αἰῶνος

2132 4924 2472 4994 ὑπάρχουσιν
2501 4921 2797 4993 ἄρρωστοι,
2835 4919 2928 4972 καὶ
2957 4913 3340 4988 παραλυτικοί.
3373 4912 3448 4966 Οὐ
3479 4910 3609 4962 πᾶσι
3640 4905 3711 4960 δὲ

2090 5059 2100 5067 .
2132 5017 2165 5083 ὴ
2193 5013 2328 5082 αὑτὴ
2359 5009 2588 5083 ἁρμόζει
2624 5008 2934 5082 φαρμακία,
2967 5006 3028 5059 οὐ
3059 5005 3116 5058 δὲ
3145 5005 3310 5057 πᾶσιν
3339 5003 3372 5073 ἡ
3407 4998 3542 5068 αὐτὴ
3567 5012 3716 5064 cui...-

2132 5106 2386 5159 ϐάλλεται
2415 5103 2680 5175 τράπεζα.
2707 5099 2886 5170 Ἀλλῳ
2925 5097 3034 5167 γὰρ
3061 5095 3236 5158 ἄλλως
3263 5093 3361 5164 τὴν
3390 5087 3714 5162 περιωδίαν,

2133 5196 2228 5258 καὶ
2247 5197 2345 5267 τὴν
2375 5195 2582 5248 δίαιταν
2610 5189 2909 5262 προσφέρει
2937 5190 2965 5241 ὁ
2999 5185 3203 5256 ἱατρός.

2627 5365 2778 5420 Ρ1Α’.
2804 5394 2873 5404 -
2917 5361 3002 5416 Τῶ
3033 5357 3214 5424 αὐτῷ.

2213 5455 2404 5526 Οὗτος,
2435 5459 2622 5531 φησὶν,
2654 5459 2684 5512 ὁ
2727 5458 3010 5529 ἄρρωστος
3052 5451 3132 5522 τῷ
3164 5449 3337 5521 μέλιτι
3379 5440 3717 5514 παρηγορεῖ-

526 5615 568 5646 ¹⁹
606 5618 738 5672 Luc.
772 5631 808 5682 ι,
837 5616 928 5670 71.
1003 5616 1048 5646 ὀ
1074 5612 1186 5667 Jer.
1212 5628 1300 5676 xv,
1329 5611 1416 5665 I8.
1495 5612 1532 5642 ¹¹
1563 5609 1763 5664 Thren.
1801 5623 1860 5672 ιι,
1900 5605 1990 5658 21.

2157 5602 2362 5656 Hahae.
2404 5615 2443 5664 ι,
2479 5599 2559 5653 ιδ.
2601 5595 2772 5650 "Job
2793 5576 2889 5658 xu,
2929 5591 2982 5646 5.
3059 5587 3106 5621 ιι
3135 5585 3270 5640 Ibid.
3308 5585 3360 5638 ι.
3457 5577 3692 5644 "Psat.

485 5702 597 5759 ιιι,
634 5690 687 5742 I.
781 5681 826 5720 “
857 5685 1006 5754 Psal.
1041 5700 1168 5744 Lxx.
1196 5682 1287 5748 20,
1329 5681 1420 5734 2|.
