4012 6196
304 307 415 371 219

1533 297 2069 359 EPISTOLARUM
2112 297 2256 356 LIB.
2293 296 2372 354 Il.

3479 291 3586 351 950

306 418 424 472 σθω
464 413 821 482 πυκνότερον,
859 412 952 463 καὶ
985 411 1141 473 ἄλλος
1172 413 1234 480 τῇ
1283 410 1478 481 πικρία
1510 409 1602 463 τοῦ
1639 408 1887 478 ἀψινθίου
1920 435 1931 464 1

2045 421 2117 470 ll‘;
2177 405 2320 460 alius
2368 402 2632 460 absinthii
2693 401 2946 456 amaritie
3001 400 3387 470 astringatur;
3441 399 3584 453 alius

306 504 783 578 περαστυφούσθω
815 546 830 571 ,
883 505 978 556 καὶ
1061 504 1244 574 ἕτερος
1302 504 1398 571 τῆς
1460 502 1551 556 τοῦ
1602 502 1892 572 ἐλλεϐόρου

306 597 536 668 ἀηδείας
559 585 570 590 ”
584 597 860 668 μετεχέτω
884 637 898 662 ,
941 595 1034 647 καὶ
1071 593 1227 648 ἄλλον
1263 593 1436 656 ἄλλως
1485 592 1711 657 δεόντως
1762 609 1895 662 μετ-

311 688 584 760 ἔλθωμεν.

553 779 558 782 ’
833 775 977 827 PIB'.
1013 805 1082 813 -—
1110 773 1191 838 Τῷ
1215 774 1395 839 αὐτῷ.

387 871 449 923 Εἰ
481 866 676 920 πολλαὶ
713 867 872 937 μοναὶ
912 867 1058 938 παρὰ
1091 865 1168 935 τῷ
1215 867 1391 936 Πατρι
1427 865 1586 935 τάχα,
1629 865 1726 918 καὶ
1771 864 1901 917 πολ-

315 962 438 1024 λαῖς
460 959 802 1029 οίκονομίαις
833 959 1183 1020 δεσποτικαῖς
1211 957 1642 1028 διοικηθήσεται,
1667 957 1765 1010 καὶ
1792 955 1906 1009 δια⁹

315 1057 608 1128 τεθήσεται
633 1053 693 1105 τὸ
723 1052 879 1120 γένος
910 1051 1020 1104 τῶν
1059 1049 1385 1120 ἀνθρώπων.

823 1142 970 1202 Pii".
1000 1172 1070 1180 —
1117 1139 1200 1205 Τῷ
1228 1139 1408 1205 αὐτῷ.

395 1237 583 1303 Οὗτος,
636 1235 794 1306 φησὶ,
831 1237 897 1305 τῇ
948 1233 1140 1301 τέρψει
1169 1233 1273 1285 τῶν
1327 1233 1537 1303 ἀρετῶν
1564 1273 1577 1296 ,
1610 1233 1910 1301 διεξαγὲτω

321 1333 418 1386 τὶν
455 1332 589 1400 βίον,
617 1328 849 1398 χαίρων,
893 1325 989 1377 καὶ
1034 1323 1504 1395 διευθυνούμενος,
1558 1326 1650 1378 καὶ
1694 1327 1722 1377 ὁ
1752 1325 1908 1387 ἄλλος

324 1426 399 1492 τῇ
437 1421 769 1488 στυφότητι,
801 1419 894 1470 καὶ
922 1419 987 1486 τῇ
1029 1415 1298 1486 αὐστηρία
1339 1415 1448 1469 τῶν
1476 1415 1911 1484 ἐγκαταλείψεων

331 1511 582 1580 συνεχῶς
613 1507 1021 1578 παιδευόμενος,
1071 1506 1164 1558 καὶ
1209 1506 1423 1558 πενθῶν
1458 1507 1594 1577 πρὸς
1637 1503 1912 1576 σωτηρίαν

331 1601 601 1664 ἑλκέσθω,
647 1599 803 1661 ἄλλος
847 1600 913 1668 τῇ
972 1596 1229 1667 εὐστοχίᾳ
1281 1596 1372 1649 ἐπὶ
1417 1595 1477 1650 τὸ
1532 1596 1914 1665 ἐπιτυγχάνειν

333 1691 600 1762 διηνεκῶς
625 1690 734 1743 τῶν
793 1689 934 1742 κατὰ
988 1688 1262 1758 βούλησιν,
1295 1689 1386 1741 καὶ
1425 1687 1646 1748 σκοπὸν,
1695 1688 1917 1756 εὐφραι-

334 1781 514 1835 νέσθω
542 1781 631 1833 ἐπὶ
661 1783 726 1851 τῇ
765 1779 960 1850 εὐωδίᾳ
1005 1779 1418 1850 ἀνεμποδίστως
1450 1777 1541 1831 τοῦ
1577 1777 1912 1849 προσκαίρου

335 1873 456 1944 βίου
480 1874 578 1942 τὴν
603 1873 722 1925 ὁδὸν
757 1871 1145 1941 πορευόμενος,
1168 1871 1264 1924 καὶ
1291 1871 1479 1942 ἕτερος
1511 1869 1724 1940 μυρίοις
1754 1885 1917 1939 προσ-

331 1967 638 2034 κόμμασιν,
695 1965 792 2018 καὶ
846 1963 1109 2032 θλίψεσιν,
1160 1964 1254 2016 καὶ
1305 1963 1527 2026 λύπαις,
1582 1962 1741 2032 μόγις
1787 1961 1917 2013 ποτὲ

331 2055 676 2126 ἐλευθερίαν,
715 2056 810 2108 καὶ
838 2055 1175 2125 τελειοτάτην
1206 2055 1532 2126 ἀπαλλαγὴν
1579 2055 1688 2108 τῶν
1730 2053 1918 2108 κακῶν

330 2148 658 2218 ὲκδεχέσθω.
703 2147 845 2216 Ἐγὼ
878 2148 988 2218 γὰρ
1026 2148 1088 2200 τὸ
1123 2149 1400 2217 συμφέρον
1430 2147 1653 2216 ἑκάστῳ
1691 2146 1917 2198 ἐπίστα-

338 2259 438 2312 μαι
471 2241 547 2305 ὡς
574 2240 852 2312 περιέπων
889 2242 955 2293 τὰ
983 2238 1209 2311 κρύφια,
1239 2239 1331 2292 καὶ
1366 2240 1598 2302 ἕκαστος
1647 2238 1921 2309 ἁρμοδίως

339 2333 478 2405 πρὸς
511 2333 573 2386 τὸ
603 2332 883 2403 συμφέρον
909 2335 975 2402 τῇ
1008 2331 1150 2400 ψυχῇ
1181 2330 1507 2384 διοικείσθω.

639 2425 783 2479 Ρ1Δ’.
809 2454 880 2463 -
899 2423 1252 2494 ΝΙΚΑΝΔΡῼ
1287 2421 1610 2492 ΣῙὙΛΙΤῌ.

419 2537 436 2568 ι
473 2517 587 2586 Οὐχ
616 2517 644 2568 ό
678 2515 867 2570 ἑαυτὸν
904 2513 1167 2569 συνιστῶν
1193 2514 1310 2568 ἐστι
1335 2512 1578 2583 δόκιμος,
1612 2511 1724 2563 ἀλλ’
1755 2512 1923 2581 ὅνπερ

342 2607 628 2676 συνίστησι
675 2605 898 2677 Κύριος.
926 2635 998 2644 -
1040 2605 1151 2658 Καὶ
1191 2604 1218 2656 ὁ
1258 2602 1428 2672 ὑψῶν,
1473 2603 1661 2671 φησὶν,
1711 2601 1922 2667 ἑαυτὸν,

341 2697 836 2768 ταπεινωθήσεται.
869 2715 887 2748 1
937 2697 1010 2748 Σὺ
1052 2695 1108 2748 δὲ
1161 2695 1326 2765 μηδὲν
1374 2694 1732 2765 κατορθώσας
1770 2697 1927 2747 ἐπαι-

340 2791 608 2860 νούμενον
639 2790 894 2860 πρᾶγμα.
935 2787 1030 2840 καὶ
1069 2785 1293 2854 ὓψωσας
1330 2784 1556 2837 σεαυτὸν
1597 2786 1681 2854 ἐφ’
1722 2783 1927 2853 ὑψηλοῦ

341 2883 442 2936 τοῦ
477 2881 690 2944 στύλου,
741 2880 838 2933 καὶ
888 2878 1066 2950 βούλει
1115 2878 1386 2948 μεγίστων
1422 2876 1712 2946 τυγχάνειν
1760 2876 1930 2945 εὐφη-

349 2975 514 3046 μιῶν.
544 2973 708 3026 Ἀλλὰ
736 2972 971 3044 πρόσεχε
1021 2970 1222 3041 σαυτῷ,
1261 2970 1473 3040 μήποτε
1508 2968 1743 3024 ἐνταῦθα
1780 2969 1932 3040 παρὰ

2004 495 2276 550 hellcbori
2323 495 2634 548 molestiam
2683 492 2999 564 participet,
3043 500 3099 547 et
3132 491 3255 545 aliis
3286 492 3397 544 alio
3427 504 3590 561 atque

2004 587 2112 640 alio
2141 587 2302 642 modo
2341 601 2442 656 pro
2482 585 2563 640 rei
2586 584 2891 655 indigentia
2917 599 3075 654 opem
3111 595 3459 654 praestamus.

2525 787 2689 842 CXII.
2730 816 2799 826 —
2837 784 3046 840 Eidem.

2079 882 2134 936 Si
2174 901 2192 933 1
2234 881 2418 936 multae
2466 880 2781 936 mansiones
2825 877 2969 948 apud
3016 879 3235 930 Patrem
3281 883 3411 930 sunt
3461 877 3527 940 ’⁷,
3566 895 3586 928 1

2008 974 2246 1028 fortasse
2277 983 2331 1027 et
2360 973 2549 1027 multis
2593 969 3134 1026 administrationum
3171 967 3463 1038 generibus
3494 981 3596 1036 gu-

2009 1065 2353 1129 bernabitur,
2388 1073 2441 1118 et
2467 1063 2792 1131 disponetur
2824 1050 3000 1130 genus
3032 1059 3356 1112 humanum.

2524 1154 2712 1210 CXlll.
2750 1183 2822 1194 —-
2857 1153 3067 1207 Eidem.

2083 1249 2206 1312 llic,
2249 1249 2348 1311 ait,
2383 1248 2656 1301 virtutum
2699 1245 3066 1300 oblectatione
3109 1243 3274 1297 vitam
3321 1241 3596 1310 transigat

2013 1341 2282 1410 gaudens,
2327 1347 2382 1392 et
2429 1337 2589 1392 bonis
2646 1336 2914 1400 atlluens;
2961 1335 3102 1389 alius
3157 1333 3596 1402 astringentibus

2014 1431 2390 1500 austerisque,
2443 1429 2590 1498 quod
2649 1429 2812 1482 rebus
2861 1427 3194 1480 necessariis
3246 1423 3596 1486 destituitur,

2015 1521 2333 1590 frequenter
2369 1520 2698 1579 instruatur,
2723 1531 3074 1584 mcerensque
3096 1514 3164 1568 ad
3187 1516 3419 1570 salutem
3445 1527 3597 1566 com-

2017 1611 2452 1685 pell.:tur;alius
2492 1609 2838 1672 dexteritate,
2872 1606 3017 1676 qum]
3054 1621 3270 1675 semper
3293 1619 3601 1674 consequa-

1983 1730 1989 1773 ς
2018 1715 2106 1759 tur
2135 1718 2196 1758 ea
2223 1719 2345 1773 quae.
2381 1701 2591 1763 lubeut,
2626 1707 2679 1753 et
2707 1697 2928 1751 fuerunt
2952 1697 3005 1750 in
3044 1699 3250 1760 animo,
3276 1694 3510 1764 gaudeat
3543 1693 3599 1746 itt

2018 1795 2178 1848 bonis
2223 1793 2505 1856 odoribus,
2557 1791 2676 1843 sine
2728 1788 2836 1840 ullo
2896 1787 3310 1856 impedimento,
3366 1784 3600 1851 hujusce

2019 1890 2143 1943 vitm
2166 1887 2310 1939 viam
2335 1885 2653 1951 trajiciens;
2680 1883 2822 1936 alius
2847 1879 3152 1934 innumeris
3180 1877 3600 1939 olicnsionibus,

2019 1985 2072 2030 et
2107 1975 2526 2037 alllictionihus,
2565 1981 2618 2026 et
2660 1969 2994 2026 lllml‘UI'lbllS
3041 1966 3260 2020 tandem
3312 1964 3471 2034 170
3506 1963 3602 2015 ali—

2021 2065 2244 2137 quando
2280 2065 2587 2118 libertatem
2638 2069 2692 2116 ct
2726 2059 3036 2114 absolutam
3078 2057 3350 2110 malorum
3396 2053 3605 2108 devita-

2023 2158 2228 2209 tionem
2265 2153 2463 2208 habeat
2505 2169 2518 2206 :
2553 2167 2654 2221 ego
2685 2150 2829 2204 enim
2867 2148 3164 2225 unicuique
3203 2145 3355 2200 utilia
3379 2151 3503 2214 apte
3537 2143 3603 2196 ad

2025 2249 2315 2302 utilitatem
2358 2245 2552 2298 anima:
2586 2239 3041 2297 accommodabo.

2277 2423 2465 2478 CXIV.
2505 2453 2576 2463 -——
2616 2417 2970 2476 NICANDRO
3010 2413 3353 2470 STYLIT/E.

2104 2539 2121 2570 ι
2160 2517 2279 2573 Non
2316 2518 2410 2588 qui
2438 2517 2682 2586 seipsum
2719 2511 3092 2575 commendat,
3117 2508 3211 2564 sed
3236 2521 3396 2576 quem
3434 2503 3612 2558 Domi-

2029 2629 2134 2668 nus
2185 2608 2555 2674 commendat,
2594 2606 2862 2675 probatus
2918 2613 3003 2659 est
3038 2603 3105 2656 ³⁸.
3142 2599 3332 2665 -—-Qui
3370 2597 3514 2653 enim
3553 2611 3612 2650 se

2028 2704 2256 2768 exaltat,
2291 2701 2391 2767 ait,
2428 2697 2900 2754 humiliabitur‘”.
2941 2714 2960 2746 1
3003 2699 3068 2746 At
3108 2701 3187 2758 tu,
3215 2696 3309 2763 qui
3354 2690 3491 2745 nihil
3521 2705 3608 2743 ce-

2031 2796 2359 2851 lebrandum
2419 2792 2504 2846 vel
2559 2790 2862 2860 gloriosum
2921 2786 3230 2858 perfecisti,
3291 2784 3388 2838 sed
3448 2796 3616 2852 super

2033 2889 2308 2945 excelsam
2332 2885 2645 2939 columnam
2678 2882 3032 2951 temetipsum
3069 2877 3349 2940 exaltasti,
3384 2875 3619 2944 ideoque

2036 2982 2284 3052 ingentes
2307 2977 2497 3032 laudes
2523 2985 2574 3032 et
2603 2975 2874 3046 praeconia
2899 2971 3236 3027 consectaris
3258 2977 3312 3023 et
3337 2981 3612 3036 aucupas;

345 3065 658 3136 ἀνθρώπων
691 3063 947 3135 φθαρτῶν
994 3061 1255 3133 ἀρκατῶς
1293 3062 1602 3124 ἐπαινεθεὶς
1641 3061 1843 3130 ἀρτίως
1871 3061 1931 3114 τὸ

2045 3073 2261 3130 attende
2287 3071 2404 3132 tibi,
2441 3085 2508 3124 ne
2539 3083 2780 3139 unquam
2830 3066 2917 3120 hic
2955 3064 3022 3118 ab
3083 3061 3400 3117 hominibus
3431 3072 3623 3114 corru-

345 3151 663 3221 τηνικαῦτα
723 3151 875 3222 παρὰ
936 3150 1028 3203 τοῦ
1087 3149 1366 3220 ἀφθάρτου
1422 3149 1558 3203 Θεοῦ
1610 3150 1937 3222 ταλανισθῇς

344 3243 554 3306 ἀθλίως
585 3242 715 3314 παρ’
736 3241 956 3304 ἐλπίδας
981 3257 992 3268 '
1029 3241 1166 3294 διότι
1209 3241 1350 3313 ὑπὲρ
1383 3241 1481 3312 τὴν
1511 3241 1668 3308 ἀξίαν
1703 3241 1938 3296 ἐνταῦθα

347 3335 694 3407 ἐνεφορήθης
732 3335 842 3388 τῶν
873 3333 1228 3406 ἀνθρωπίνων
1262 3337 1490 3404 κρότων.

860 3514 1004 3570 PIE'.
1029 3540 1099 3552 -
1138 3512 1223 3578 Τῷ
1252 3513 1432 3580 αὐτῷ.

429 3605 670 3692 ’ᾼτοπον
698 3605 766 3658 ἂν
789 3605 874 3675 εἴη
901 3605 986 3674 ἐφ’
1011 3604 1216 3675 ὑψηλοῦ
1243 3606 1343 3677 μὲν
1371 3605 1466 3660 τοῦ
1490 3607 1666 3672 κίονος
1691 3608 1944 3662 ἵστασθαι

354 3700 436 3772 τῷ
474 3700 690 3771 σώματι
733 3703 848 3763 τοῖς
882 3701 1017 3754 πᾶσι
1063 3700 1389 3772 φαινόμενον
1437 3701 1666 3769 ἔνδοξον,
1697 3701 1850 3756 κάτω
1887 3701 1946 3756 δὲ

355 3795 479 3852 τοῖς
515 3791 794 3861 λογισμοῖς
824 3789 1110 3861 σύρεσθαι,
1150 3790 1319 3861 μηδὲν
1357 3790 1508 3856 ἄξιον
1541 3790 1648 3844 τῶν
1680 3790 1947 3860 οὐρανίων

360 3881 716 3955 πραγμάτων
767 3881 1096 3935 διανοεῖσθαι
1131 3880 1478 3950 βουλόμενον,
1526 3880 1692 3951 μόνον
1740 3880 1796 3933 δὲ
1829 3882 1949 3945 ταῖς

360 3974 614 4044 γυναιξὶν
640 3973 810 4044 ἠδέως
851 3971 1262 4046 προσλαλοῦντα
1298 3975 1356 4024 ὲν
1392 3975 1514 4035 ταῖς
1545 3971 1782 4042 ἡμέραις
1816 3971 1950 4026 ταύ-

360 4083 506 4128 ταις.
537 4065 737 4138 Πρώην
785 4064 1017 4136 μὲνγὰρ
1073 4066 1190 4128 τοῖς
1247 4065 1506 4134 ἀνδράσιν
1531 4065 1592 4116 ὲκ
1644 4061 1951 4133 προθυμίας

363 4153 664 4223 ἐφθέγγου,
694 4153 788 4207 νῦν
810 4155 866 4208 δὲ
891 4155 966 4218 ὡς
991 4155 1084 4208 ἐπὶ
1109 4154 1171 4208 τὸ
1198 4155 1448 4208 πλεῖστον
1469 4153 1538 4208 τὰ
1557 4155 1762 4224 γύναια
1793 4171 1953 4225 προσ-

366 4247 527 4318 δέχῃ.
567 4245 780 4316 Ἐπειδὴ
798 4241 944 4317 οὖνή
983 4246 1173 4318 Γραφὴ
1209 4246 1297 4299 τὸν
1325 4246 1448 4315 ὅφιν
1478 4245 1831 4311 καταδικάζει
1861 4247 1954 4299 ἐπὶ

365 4338 473 4406 τῆς
507 4337 613 4406 γῆς
667 4336 960 4408 σύρεσθαι,
1005 4338 1100 4390 καὶ
1142 4338 1245 4406 γῆν
1298 4336 1566 4391 σιτεῖσθαι
1619 4337 1737 4400 ἀεὶ,
1793 4337 1954 4407 βλέπε

2041 3165 2218 3237 ptioni
2277 3161 2534 3218 obnoxiis
2568 3158 2862 3213 immodice
2910 3154 3198 3218 laudatus,
3246 3153 3436 3207 eodem
3503 3148 3624 3216 ipso

2042 3269 2287 3327 tempore
2318 3254 2386 3308 ab
2436 3249 2840 3320 incorruptibili
2878 3248 2986 3303 Deo
3013 3247 3177 3300 miser
3212 3254 3405 3314 praeter
3431 3254 3627 3308 exspe-

2043 3350 2338 3412 ctationem
2364 3343 2640 3407 habearis,
2659 3339 2805 3412 quod
2838 3353 3007 3410 supra
3034 3337 3228 3393 merita
3255 3335 3343 3389 hic
3371 3331 3628 3387 humanis

2045 3439 2334 3512 plausibus
2360 3445 2412 3492 te
2440 3433 2876 3491 exsaturaveris.

2581 3525 2742 3583 CXV.
2783 3532 2853 3566 -'-
2893 3521 3101 3578 Eidem.

2121 3622 2436 3680 Absurdnm
2483 3633 2616 3676 sane
2651 3617 2821 3672 fuerit
2859 3627 3094 3685 corpore
3135 3613 3190 3666 in
3229 3608 3444 3666 excelsa
3485 3614 3635 3662 stare

2050 3717 2308 3773 columna
2348 3712 2607 3769 omnibus
2639 3708 3001 3779 conspicuum
3039 3714 3092 3760 et
3122 3702 3450 3774 gloriosum,
3487 3696 3630 3751 infra

2049 3823 2182 3864 vero
2205 3803 2634 3876 cogitationibus
2673 3799 2912 3862 detrahi,
2945 3797 3081 3852 nihil
3111 3792 3434 3850 cmlestibus
3466 3788 3635 3844 rebus

2051 3901 2276 3972 dignum
2305 3894 2834 3968 apprehendentem,
2873 3885 3253 3944 tantummodo
3288 3897 3411 3936 cum
3441 3879 3635 3936 mulie-

2051 3993 2210 4048 ribus
2263 3989 2505 4047 suaviter
2568 3987 2658 4040 his
2717 3983 2912 4040 diebus
2970 3979 3396 4046 colloquentem.
3461 3973 3636 4025 Antea

2053 4085 2199 4141 enim
2229 4079 2486 4144 homines
2511 4075 2706 4134 sedulo
2741 4067 3141 4141 alloqueharis,
3173 4078 3322 4119 nunc
3365 4069 3424 4117 ut
3464 4058 3637 4130 pluri-

2059 4190 2208 4232 mum
2252 4171 2610 4228 mulierculas
2650 4164 2880 4236 excipis.
2931 4159 3068 4215 Cum
3122 4158 3308 4227 itaque
3350 4153 3638 4223 Scriptura

2058 4272 2363 4336 serpentem
2415 4260 2864 4321 condemnet,ut
2904 4251 3057 4308 httmi
3099 4256 3277 4320 repat,
3325 4254 3644 4312 terramque

2060 4373 2277 4428 semper
2307 4355 2636 4426 depascatur
2661 4351 2728 4414 ⁸ο,
2760 4362 2894 4402 cave
2927 4360 2994 4400 ne
3027 4355 3085 4398 tu
3125 4339 3641 4397 condemnationem

370 4431 588 4499 μήποτε
627 4429 725 4498 τὴν
773 4429 1074 4499 καταδίκην
1103 4431 1265 4494 αὐτὸς
1296 4431 1544 4502 πληροῖς,
1585 4430 1761 4501 χαμαί
1793 4448 1853 4483 τε
1885 4433 1931 4502 τῇ

2059 4425 2207 4505 illam
2248 4425 2562 4519 persolvas,
2597 4441 2749 4497 humi
2789 4436 3224 4510 cogitationibus
3266 4444 3485 4501 repens,
3528 4435 3644 4479 ter-

363 4521 582 4592 διανοίᾳ
628 4520 853 4592 ἕρπων,
900 4519 996 4572 καὶ
1049 4521 1176 4585 τοὺς
1236 4522 1456 4592 γηῖνους
1512 4521 1704 4585 λόγους
1754 4521 1954 4584 παντὸς

363 4612 590 4665 ἐσθίων.
627 4610 793 4663 Ἀλλὰ
813 4610 908 4663 καὶ
935 4611 1035 4680 τῆς
1065 4610 1448 4684 χαμαιρεποῦς
1475 4611 1778 4676 κενοδοξίας
1799 4611 1953 4666 οὐδὲν

362 4701 606 4772 γηῖνώτε
617 4721 728 4773 ρον.

606 4796 770 4862 Ριςν.
793 4819 871 4835 ί--
890 4794 1221 4867 ΘΕΟΔΟΣΙᾼ
1242 4796 1704 4869 ξΜΟΝΛΖΟΥΣῌ.

441 4884 592 4954 Γυνὴ
619 4885 680 4937 τὸ
710 4885 874 4956 σῶμα
913 4889 1226 4958 τυγχάνεις,
1269 4888 1374 4942 κᾶν
1397 4887 1576 4957 θέλῃς,
1611 4888 1720 4941 κᾶν
1758 4889 1834 4960 μὴ
1869 4888 1956 4942 θέ-

360 4981 490 5051 λῃς.
527 4975 791 5030 Πέπαυσο
818 4977 996 5032 τοίνυν
1026 4980 1150 5043 τοὺς
1173 4980 1371 5050 ἄνδρας
1394 4979 1718 5032 διδάσκουσα
1747 4981 1839 5033 ἐπὶ
1860 4981 1956 5050 τῆς

362 5068 672 5139 ἐκκλησίας
703 5086 717 5101 ·
757 5070 979 5142 αἰσχρὸν
1038 5072 1145 5142 γὰρ
1182 5073 1339 5125 τοῦτο
1391 5067 1526 5124 εἶναι
1565 5073 1593 5124 ὁ
1639 5072 1955 5137 Ἀπόστολος

362 5158 629 5230 φανερῶς
655 5160 988 5230 ἀπεφήνατο,
1047 5161 1152 5214 κᾶν
1199 5162 1455 5232 μυριάκις
1484 5161 1648 5232 λέγῃς
1673 5163 1772 5232 τῆς
1802 5162 1956 5232 θηλυ-

363 5251 634 5324 δριὼδους
687 5251 852 5317 ἕξεως
905 5253 1124 5322 μακρὰν
1169 5255 1415 5324 ἀπέχειν,
1463 5255 1691 5307 καὶτῶν
1751 5255 1956 5325 ἀνδρῶν

365 5341 646 5414 ὑπάρχειν
669 5341 897 5412 σεαυτὴν
943 5343 1324 5415 στερροτέραν,
1353 5346 1492 5399 κατὰ
1523 5346 1610 5398 τὸν
1636 5345 1728 5398 τοῦ
1757 5348 1959 5417 παρθέ-

365 5453 466 5490 νου
489 5433 836 5504 φρονήματος
861 5435 1152 5508 ὲδρασμόν.

446 5636 493 5665 ’⁷
521 5633 683 5688 Joan.
717 5650 825 5695 xiv.
855 5634 910 5686 2.

1015 5637 1059 5669 "
1095 5635 1134 5691 11
1164 5637 1288 5695 Cor.
1321 5653 1372 5703 π,
1408 5637 1488 5693 18.

382 5708 421 5739 ³³
455 5704 477 5760 1
511 5704 643 5761 Cor.
678 5719 791 5771 xw,
825 5705 912 5761 55.

1596 5639 1638 5671 '9
1659 5637 1848 5695 Matth.
1889 5652 2048 5704 xun,
2095 5637 2197 5701 ll',
2236 5635 2369 5693 Luc.
2411 5649 2521 5696 MV,
2561 5632 2616 5688 11
2650 5641 2701 5689 et
2745 5645 2897 5698 xvttt,
2941 5629 3025 5687 li.

2059 4555 2340 4611 renosque
2383 4519 2670 4594 sermones
2715 4537 2984 4602 perpetuo
3023 4523 3339 4580 comedens.
3372 4514 3640 4586 Equidem

2059 4634 2213 4690 humi
2249 4637 2477 4701 repente
2512 4623 2817 4680 ambitione
2861 4618 3000 4673 nihil
3041 4613 3218 4685 magis
3259 4621 3498 4666 terreum
3538 4611 3642 4659 est.

2235 4807 2388 4878 171
2427 4803 2693 4859 CXV|.—
2723 4791 3138 4853 TlIEODOSUE
3175 4782 3479 4843 MONlALl.

2133 4872 2279 4956 sm?
2295 4872 2454 4958 velis,
2488 4895 2606 4950 sive
2645 4891 2810 4951 nolis,
2868 4899 3100 4956 corpore
3131 4879 3329 4936 mulier
3367 4891 3449 4932 es.
3481 4872 3650 4928 Cessa

2068 4995 2238 5064 igitur
2300 4987 2617 5044 hominibus
2657 4986 2711 5038 in
2777 4979 3013 5038 ecclesia
3071 4975 3190 5028 vias
3251 4977 3653 5040 praeceptorum

2064 5059 2277 5140 tradere
2314 5097 2328 5134 :
2367 5087 2526 5147 turpe
2561 5075 2706 5130 enim
2738 5071 2790 5126 id
2831 5085 2954 5125 esse
2986 5062 3283 5135 Apostolus
3333 5059 3514 5130 palam
3564 5071 3654 5110 as-

2064 5170 2434 5232 severavit“;
2469 5146 2620 5221 ilicet
2651 5164 2849 5218 millies
2875 5157 3081 5214 dixeris
3119 5170 3148 5208 a
3205 5153 3437 5206 feminea
3471 5146 3658 5205 condi-

2066 5272 2213 5326 tione
2269 5276 2320 5321 te
2355 5265 2514 5333 longe
2593 5261 2806 5321 abesse,
2843 5263 2897 5309 et
2958 5249 3279 5306 hominibus
3351 5241 3656 5301 secundum

2069 5359 2326 5428 virginea:
2357 5350 2709 5424 cogitationis
2765 5346 3121 5404 stabilitatem
3153 5337 3493 5396 validiorem.

3133 5627 3174 5658 ³ο
3216 5623 3354 5679 Gen.
3399 5635 3485 5688 tu,
3570 5613 3666 5673 14.
