4012 6196
402 259 504 323 251

644 371 850 428 CXVII.
886 401 953 411 --
983 369 1374 427 TIIEOI’HIH)
1407 372 1756 427 MONACIIO.

467 465 566 528 Ne,
598 472 656 517 ut
687 479 745 516 se
797 475 922 516 sors
953 464 1165 526 tulerit,
1216 471 1269 517 et
1306 465 1425 517 sine
1490 465 1693 533 praevio
1731 464 1984 518 examine

399 572 501 610 nos
534 571 598 609 ex
625 554 762 608 locis
812 553 866 605 in
897 553 1002 606 alia
1039 553 1156 607 loca
1192 565 1620 610 transnmteums
1656 572 1669 619 ;
1711 556 1818 607 imo
1853 571 1975 608 cum

397 645 657 715 patientia
692 642 1067 698 consistamus
1118 655 1362 709 erantcs,
1398 654 1454 698 ιιι
1513 654 1737 699 sanctus
1771 644 1982 714 Moyses

396 735 464 789 ad
533 734 814 788 lsraelitas
856 733 1076 787 aiebat:
1107 753 1124 784 ι
1160 734 1334 800 State,
1363 735 1578 799 audete,
1617 751 1686 790 ne
1721 735 1985 798 timeatis,

397 831 450 877 et
491 823 745 877 videbitis
777 823 1048 877 auxilium
1089 839 1118 877 a
1149 823 1283 888 Deo,
1315 831 1460 894 quod
1487 826 1735 880 facturus
1766 833 1850 878 est
1887 841 1982 878 vo-

410 915 498 969 bis
519 915 581 968 ³¹.
621 934 639 965 ι

674 1047 976 1101 CXVI!l.—-
995 1045 1403 1100 ANASTASIIE
1431 1045 1703 1101 VlRGINl.

467 1134 722 1192 Gratulor
756 1139 876 1203 tibi,
904 1140 1048 1206 quod
1093 1147 1185 1192 tua
1222 1139 1328 1190 vita
1356 1139 1484 1190 lunia
1515 1139 1750 1197 lucidior
1790 1153 1894 1203 est,
1929 1150 1990 1193 et

399 1234 454 1278 lu
491 1226 558 1280 de
600 1228 773 1295 tcipsa
813 1229 1116 1282 humillime
1146 1229 1338 1281 sentis.
1393 1227 1644 1297 Namque
1684 1229 1826 1283 inter
1877 1245 1986 1284 ma-

397 1317 542 1372 xime
571 1317 914 1370 admirabilia
939 1318 1274 1372 censendum
1307 1325 1410 1382 est,
1433 1319 1667 1372 animam
1689 1319 1741 1371 in
1771 1327 1989 1372 terreno

401 1421 632 1478 corpore
683 1411 999 1477 angelorum
1072 1409 1520 1476 incorporearum
1563 1410 1691 1463 vita:
1719 1410 1986 1462 rationem

395 1517 674 1554 exercere.
713 1503 774 1555 Et
808 1503 913 1555 tale
944 1500 1074 1570 quid
1115 1501 1269 1553 innui
1310 1501 1642 1570 suspicabar
1695 1517 1820 1554 cum
1855 1501 1991 1561 dici_

407 1602 498 1645 tur
535 1612 546 1645 :
591 1611 608 1643 ι
635 1590 898 1647 Fundasti
939 1605 1159 1656 terram,
1198 1600 1250 1644 et
1297 1603 1616 1661 permanet;
1662 1603 1751 1646 tua
1783 1592 1990 1646 descri-

1872 263 1930 321 S.
1975 264 2136 324 NILI

3552 261 3666 325 252

2415 377 2558 430 PlZ'.
2587 407 2652 416 ν-
2671 375 2961 446 esum/le
2989 373 3302 443 ΜΟΝΑΧῼ.

2164 471 2253 540 Μὴ
2291 471 2366 531 ὼς
2401 469 2576 539 ἔτυχε,
2615 471 2708 521 καὶ
2734 469 3110 530 ἀϐασανίστως
3143 463 3517 536 μετατιθῶμεν
3541 464 3667 520 tau-

2089 563 2212 624 τοὺς
2265 561 2368 615 ἀπὺ
2411 561 2591 614 τόπων
2647 561 2726 623 εἰς
2793 561 3009 623 τόπους,
3049 558 3248 629 μᾶλλον
3281 557 3339 610 δὲ
3377 558 3666 629 στήκωμεν

2095 654 2215 722 μεθ’
2248 651 2524 721 ὑπομονῆς
2553 651 2997 722 προσευχόμενοι,
3037 649 3216 712 καθὼς
3247 649 3430 718 ἔλεγεν
3463 651 3492 702 ὁ
3514 649 3664 716 ἅγιος

2091 745 2311 813 Μοῦοῆς
2345 744 2476 814 πρὸς
2512 746 2633 807 τοὺς
2663 744 3020 812 Ἰσραηλίτας,
3059 760 3077 792 ι
3110 742 3366 811 Στήκετε,
3388 739 3658 810 Θαρσεῖτε,

2095 836 2169 905 μὴ
2200 836 2470 906 φοϐεῖσθε,
2500 837 2594 887 καὶ
2637 835 2830 904 ὄψεσθε
2880 835 2977 905 τὴν
3016 834 3166 904 παρά
3195 831 3288 886 τοῦ
3314 833 3515 903 Κυρίου
3537 832 3664 904 βοή-

2093 928 2262 994 οειαν,
2294 930 2358 998 ἣν
2397 929 2612 998 ποιήσει
2643 929 2789 998 ὑμῖν.
2825 945 2843 976 ι

2342 1042 2494 1093 PIH'.
2527 1071 2593 1079 ——
2635 1039 3022 1110 ΑΝΑΣΤΛΣΙᾼ
3074 1039 3413 1108 ΠΑΡΘΕΝῼ.

2163 1132 2406 1202 Εὺιρημῶ
2440 1149 2496 1184 σε
2541 1133 2678 1202 ὑπὲρ
2710 1133 2806 1201 τὴν
2833 1132 3061 1200 σελήνην
3092 1131 3168 1201 τῷ
3199 1131 3298 1200 βίῳ
3352 1132 3668 1201 λαμπρυνο-

2096 1227 2282 1295 μένην,
2330 1226 2423 1277 καὶ
2475 1223 3006 1294 ταπεινοφρονοῦσαν
3036 1221 3504 1292 ὑπερϐαλλόντως.
3543 1222 3664 1274 Τῶν

2093 1317 2199 1386 γὰρ
2227 1316 2671 1386 παραδοξοτάτων
2700 1316 2765 1368 ἂν
2795 1317 2879 1383 εἴη
2917 1315 3130 1384 βλέπειν
3160 1314 3334 1384 ψυχὴν
3375 1315 3430 1365 ἐν
3453 1314 3664 1382 σώματι

2093 1410 2264 1478 γηΐνῳ
2316 1409 2589 1460 πολιτείαν
2645 1406 2981 1471 ἐξασκοῦσαν
3045 1406 3291 1474 ἀγγέλων
3335 1405 3661 1474 ἀσωμάτων.

2095 1501 2202 1552 Καὶ
2239 1499 2474 1552 τοιοῦτον
2502 1499 2612 1566 ἐγὼ
2631 1499 2838 1570 ἤκουσὰ
2860 1515 2988 1552 ποτε
3011 1493 3148 1552 εἶναι
3177 1497 3238 1550 τὸ
3258 1497 3658 1567 γεγραμμένον,

2093 1593 2171 1644 ὅτι
2206 1610 2223 1642 ι
2247 1591 2640 1660 ἘΟεμελίωσας
2662 1591 2758 1661 τὴν
2779 1591 2902 1660 γῆν,
2927 1591 3020 1644 καὶ
3053 1589 3311 1658 διαμένει.
3327 1587 3403 1657 Τῇ
3421 1588 3662 1651 διατάξει

398 1685 582 1752 ptione
608 1697 887 1745 permanet
912 1685 1031 1739 dies
1055 1685 1119 1737 ³³.
1157 1704 1174 1736 ι
1198 1683 1319 1738 Dies
1352 1685 1644 1753 siquidem,
1670 1686 1766 1748 ait,
1787 1685 1979 1739 intelli-

2097 1700 2188 1735 σου
2218 1683 2459 1752 διαμένει
2487 1683 2747 1754 ήήμέρα.
2798 1701 2814 1733 ι
2853 1683 3096 1752 Ἠμέραν
3145 1681 3270 1751 γὰρ,
3305 1683 3490 1750 φησὶν,
3533 1683 3664 1751 ἡμῖν

398 1775 574 1842 genda
611 1783 696 1830 est
717 1776 990 1831 luminosa
1013 1776 1304 1846 virginitas
1327 1777 1381 1829 in
1406 1778 1624 1830 mortali
1647 1776 1985 1846 corpusculo

401 1868 638 1927 lirmata,
663 1875 715 1918 et
744 1868 1010 1920 Altissimi
1038 1868 1262 1921 dextera
1299 1867 1546 1920 fundata.
1567 1867 1671 1921 Sed
1692 1867 1987 1937 deprecare

400 1967 498 2019 pro
533 1970 638 2017 me,
665 1970 864 2022 sponsa
901 1957 1270 2020 immaculata,
1298 1955 1497 2025 Regem
1531 1958 1832 2019 Christum,
1865 1959 1988 2010 diu—

400 2044 581 2098 turnis
611 2055 664 2098 et
699 2046 992 2100 indefessis
1019 2047 1317 2114 laboribus,
1349 2057 1403 2102 et
1435 2063 1644 2100 morum
1677 2058 1986 2118 temperan-

400 2135 495 2195 tia,
540 2145 652 2189 tum
715 2137 932 2207 vigiliis,
989 2138 1247 2210 lacrymis
1298 2140 1520 2208 irriguis
1581 2150 1633 2194 et
1687 2141 1986 2196 innumeris

397 2224 517 2279 aliis
559 2226 714 2296 172
750 2230 1007 2298 praeclare
1045 2228 1240 2299 gestis;
1285 2231 1606 2295 libertatem,
1657 2248 1776 2300 qua:
1808 2233 1985 2287 verbis

394 2316 622 2382 exprimi
714 2320 924 2387 nequit,
993 2321 1186 2388 adepta
1239 2321 1379 2390 apud
1421 2322 1698 2388 invisum,
1767 2323 1978 2376 intami.

394 2417 580 2459 natum
602 2417 962 2480 sanctumque
987 2427 1271 2480 sponsum.

604 2515 864 2572 CXIX.—
893 2518 1198 2574 RHEGINO
1220 2519 1838 2578 ΛΒΟΗΙΜΑΝΟΒΙΤᾸΞ.

465 2612 700 2670 Mundus
757 2619 946 2671 mundi
997 2627 1053 2673 tu
1098 2636 1158 2674 es
1188 2638 1201 2685 ;
1230 2634 1565 2691 quapropter
1606 2625 1660 2678 in
1694 2624 1985 2693 temetipso

397 2707 708 2756 creaturam
756 2707 1068 2761 universam
1121 2711 1289 2763 veluti
1330 2711 1383 2763 in
1434 2713 1658 2782 speculo
1717 2714 1983 2768 meditare

398 2802 452 2847 ct
479 2796 664 2850 omnia
698 2798 751 2850 in
799 2800 1149 2868 temetipsum
1176 2800 1463 2856 referendo
1505 2805 1794 2860 considera
1835 2823 1846 2857 :
1885 2821 1982 2858 nec

397 2901 517 2954 quae
544 2899 696 2941 extra
731 2897 878 2950 sunt,
917 2891 1132 2945 intuere
1167 2910 1180 2958 ;
1211 2894 1403 2948 oculos
1443 2896 1509 2947 ad
1552 2897 1816 2950 interiora
1843 2911 1979 2949 con-

397 2982 571 3038 verte,
599 2975 652 3028 in
694 2978 1064 3032 intellectuale
1109 2982 1304 3036 animm
1332 2998 1470 3050 penu
1505 2996 1736 3039 mentem
1763 3000 1978 3040 omnem

2089 1775 2304 1839 νοητέον
2355 1775 2452 1845 τὴν
2515 1775 2773 1846 φωτοειδῆ
2818 1774 3140 1845 παρθενίαν,
3194 1772 3554 1843 ὲδραζομένην
3605 1774 3664 1824 ἐν

2087 1866 2165 1935 τῷ
2193 1867 2369 1937 Θνητῷ
2399 1867 2627 1938 σαρκίῳ,
2666 1868 2760 1920 καὶ
2801 1866 3222 1936 θεμελιουμένην
3268 1869 3334 1937 τῇ
3387 1867 3534 1935 δεξιᾷ
3567 1863 3664 1916 τοῦ

2101 1959 2375 2027 Ὑψίστου.
2419 1960 2558 2012 Ἀλλ’
2598 1958 2900 2029 ὑπερεύχου
2935 1975 3048 2029 μοι,
3089 1959 3287 2028 ἀμωμε
3334 1958 3539 2027 νύμφη,
3569 1957 3666 2009 τοῦ

2091 2050 2350 2120 βασιλέως
2407 2051 2667 2121 Χριστοῦ,
2723 2051 2902 2120 πολλῷ
2929 2051 3126 2121 χρόνῳ,
3153 2051 3248 2104 καὶ
3273 2050 3453 2110 πόνοις
3478 2051 3661 2117 ἀκαμ-

2090 2143 2234 2207 πὲσι,
2273 2143 2368 2196 καὶ
2411 2143 2723 2215 μετριότητι
2778 2143 3017 2213 τρόπων,
3063 2143 3158 2195 καλ⁵
3188 2141 3540 2211 ἀγρυπνίαις,
3571 2140 3664 2194 δά·

2088 2252 2252 2305 κρυσι
2275 2235 2689 2304 ψεκαζομένοις,
2727 2236 2958 2298 καὶτοῖς
2984 2235 3163 2298 ἄλλοις
3200 2234 3435 2304 μυρίοις,
3476 2249 3668 2302 κατορ-

2088 2326 2322 2396 οώμασι,
2377 2327 2685 2399 παρρησίαν
2741 2328 2976 2399 ἄρρητον
3027 2328 3358 2399 κεκτημένη,
3389 2325 3526 2397 πρὸς
3571 2325 3664 2377 τὸν

2087 2419 2337 2488 ἀόρατον,
2373 2421 2463 2473 καὶ
2495 2420 2812 2490 ἁμόλυντον,
2836 2421 2928 2472 καὶ
2961 2420 3112 2487 ἅγιον
3142 2421 3394 2490 νυμφίον.

2319 2529 2467 2584 PIG’.
2498 2560 2566 2570 —
2595 2531 2850 2600 Parma
2881 2531 3428 2600 ΑΡΧιΜΑΝΔΡιτῃ.

2157 2621 2373 2689 Κόσμος
2419 2623 2624 2691 κόσμου
2683 2623 2980 2692 ὑπάρχεις·
3025 2621 3314 2692 τοιγαροῦν
3353 2623 3412 2674 ὲν
3454 2621 3664 2690 σεαυτῷ

2086 2709 2182 2777 τὴν
2199 2709 2373 2762 κτίσιν
2395 2712 2572 2764 πᾶσαν
2596 2713 2917 2772 κατόπτευε,
2950 2711 3044 2764 καὶ
3074 2712 3140 2764 τὰ
3162 2712 3337 2766 πάντα
3367 2715 3445 2774 είς
3473 2711 3664 2765 ἑαυτὸν

2087 2800 2277 2851 ἐννόει.
2319 2800 2408 2870 Μὴ
2471 2800 2631 2869 βλέπε
2682 2800 2818 2871 πρὸς
2846 2801 2913 2854 τὰ
2941 2801 3076 2867 ἔξω,
3125 2801 3414 2855 σύννευσον
3435 2804 3571 2873 πρὸς
3594 2802 3662 2855 τὰ

2085 2891 2212 2953 ἔσω,
2245 2889 2543 2961 σῦστρεψον
2564 2891 2654 2945 τὸν
2669 2890 2794 2944 νοῦν
2813 2892 2931 2945 ὅλον
2964 2894 3043 2955 εἰς
3071 2892 3130 2944 τὸ
3156 2893 3340 2962 νοερὸν
3361 2892 3459 2961 τῆς
3486 2893 3663 2962 ψυχῆς

2083 2985 2347 3052 ταμιεῖον,
2411 2982 2696 3037 ὰνείδωλον
2745 2982 2824 3053 τῷ
2877 2982 3065 3054 Κυρίῳ
3133 2983 3226 3036 τὸν
3291 2983 3418 3037 ναὸν
3475 2983 3662 3054 εὐτρέ-

396 3074 670 3129 converte,
702 3074 756 3120 et
800 3067 918 3123 sine
960 3083 1144 3123 rerum
1194 3071 1527 3142 imaginibus
1587 3075 1846 3142 templum
1879 3074 1977 3130 Duo
2009 3045 2050 3099 Ο
2086 3089 2261 3124 πισον-

400 3155 550 3210 mino
577 3171 845 3226 przepara.

674 3268 838 3323 CXX.
871 3300 932 3308 —
964 3270 1384 3327 ALEXANDRO
1415 3274 1766 3331 MONACHO.

469 3356 711 3414 Servans
751 3376 910 3415 serva
959 3364 1199 3418 animam
1249 3373 1421 3430 tuam,
1475 3384 1575 3421 nec
1608 3370 1767 3423 malis
1809 3379 1984 3425 retro-

397 3451 558 3514 nctis,
590 3452 790 3520 quibus
823 3453 961 3506 bene
995 3455 1420 3521 abrenuntiasti,
1444 3466 1680 3512 mentem
1709 3459 1932 3515 adverte
1962 3480 1976 3516 :

400 3540 455 3593 in
513 3552 749 3594 montem
781 3543 1287 3612 perturbationibus
1339 3560 1571 3598 vacuum
1631 3548 1886 3613 ascende,
1916 3567 1980 3603 ne

397 3636 694 3705 aliquando
724 3652 830 3690 una
860 3653 984 3690 cum
1015 3637 1222 3692 mundo
1259 3649 1549 3708 peccatore
1601 3642 1725 3712 igne
1776 3646 1977 3715 sempi-

398 3735 556 3780 terno
582 3727 1093 3796 comprehendaris.

952 3842 1136 3896 CXXI.
1166 3843 1452 3898 ——Eidem.

462 3930 588 3986 llaec
629 3932 726 3985 tibi
762 3947 791 3985 a
840 3933 1070 3988 Domino
1130 3936 1421 4006 deprecare
1456 3957 1468 3992 :
1505 3937 1692 4009 Aperi,
1731 3941 1972 4004 Domine,

392 4024 613 4078 divitem
648 4034 796 4078 tuam
846 4043 1067 4079 manum
1095 4029 1161 4092 ³³,
1200 4035 1252 4082 et
1307 4030 1594 4098 spirituale
1649 4034 1974 4088 beneﬁcium

392 4117 706 4184 suppesta,
761 4125 817 4170 et
869 4119 1125 4186 qurelibet
1186 4121 1558 4184 amarissima,
1619 4132 1672 4178 et
1727 4125 1970 4179 crudelis

394 4206 598 4264 anima,
635 4207 1097 4274 quemadmodum
1151 4219 1206 4264 et
1237 4227 1380 4279 mea,
1413 4214 1730 4282 implebitur
1782 4215 1971 4283 probi-

394 4304 522 4363 tate,
550 4307 603 4351 et
641 4298 862 4353 eli‘erata
894 4313 1264 4358 mansuescet.
1314 4303 1468 4357 Licet
1500 4306 1644 4358 enim
1679 4321 1776 4375 per
1812 4307 1974 4360 breve

2365 3282 2491 3333 PK'.
2523 3309 2593 3318 —
2629 3279 3031 3351 ΑΛΕΞΑΝΔΡῼ
3070 3282 3377 3352 ΜΟΝΑΧῼ.

2154 3371 2349 3434 Σωζων
2387 3371 2526 3436 σῶζε
2551 3372 2648 3442 τὴν
2680 3371 2903 3425 σεαυτοῦ
2931 3373 3108 3442 ψυχήν
3128 3389 3143 3404 ·
3203 3373 3277 3442 μὴ
3327 3372 3656 3442 περιϐλέπου

2085 3465 2162 3524 εἰς
2195 3462 2262 3515 τὰ
2285 3464 2461 3516 ὀπίσω
2506 3463 2669 3525 κακά,
2703 3459 2897 3535 οἷσπερ
2927 3465 3019 3517 καὶ
3051 3463 3231 3526 καλῶς
3263 3464 3542 3530 ἀπετάξω·
3578 3466 3660 3527 εις

2082 3555 2142 3606 τό
2170 3556 2292 3623 ὅρος
2318 3556 2414 3624 τῆς
2467 3554 2732 3618 ἀπαθείας
2777 3557 3077 3626 ἁνάδραμε,
3116 3559 3322 3626 μήποτε
3365 3573 3658 3627 συμπαρα-

2082 3648 2292 3718 ληφοῇς
2322 3647 2400 3718 τῷ
2421 3648 2729 3718 ἁμαρτωλῷ
2770 3649 2959 3717 κόσμῳ
2987 3650 3063 3711 εἰς
3092 3647 3151 3701 τὸ
3183 3647 3291 3720 πῦρ
3318 3649 3378 3702 τὸ
3417 3647 3652 3702 αἰώνιον.

2558 3854 2734 3905 PKA'.
2772 3883 2839 3892 —
2889 3851 2973 3916 Τῷ
3001 3851 3178 3916 αὐτῷ.

2150 3945 2386 3999 Τοιαῦτα
2445 3943 2603 4014 εὔχου
2656 3944 2793 4014 πρὸς
2856 3944 2944 3996 τον
2993 3944 3233 4014 Κῦριον’
3293 3946 3556 4013 Ἀνοιξον,
3613 3943 3659 4001 ὦ

2079 4039 2344 4104 Δέσποτα,
2370 4038 2466 4105 τὴν
2494 4036 2754 4088 πλουσίαν
2782 4052 2875 4087 σου
2917 4038 3073 4105 χεῖρα
3101 4038 3178 4097 είς
3204 4038 3466 4106 χορηγίαν
3497 4057 3658 4092 πνευ-

2082 4130 2316 4198 ματικῆς
2377 4127 2726 4198 εὐεργεσίας,
2789 4128 2882 4181 καὶ
2943 4129 3090 4182 πᾶσα
3138 4130 3486 4198 πικροτάτη,
3565 4135 3657 4184 καὶ

2077 4221 2288 4291 ἀπηνὴς
2310 4220 2476 4290 ψυχὴ,
2509 4219 2756 4290 καθάπερ
2790 4205 2881 4271 καὶ
2913 4221 2944 4290 ἡ
2971 4221 2992 4271 ὲ
3003 4219 3098 4290 μὴ,
3127 4219 3493 4290 πλησθήσεται
3521 4241 3656 4293 χρη-

2079 4313 2364 4381 στότητος,
2403 4312 2494 4364 κα¹ι
2537 4311 2992 4382 ἠέξαγριωϐείσα
3058 4312 3493 4383 ήμερωοήσεται.
3539 4315 3655 4368 Κᾶν

393 4400 610 4459 tempus
639 4392 709 4445 ob
730 4408 903 4447 meam
932 4395 1224 4464 segnitiem
1250 4395 1546 4449 derelictus
1577 4399 1678 4450 siin
1711 4417 1726 4452 :
1756 4413 1971 4451 verum-

2091 4405 2192 4474 γὰρ
2256 4403 2392 4473 πρὸς
2451 4403 2631 4476 ὀλίγον
2699 4403 3124 4473 ἐγκατελείφθην
3177 4404 3265 4458 διὰ
3341 4407 3438 4476 τὴν
3486 4408 3660 4476 ἐμαυ-

393 4489 574 4536 tamen
632 4493 919 4553 postquam
954 4487 1118 4540 etiam
1175 4486 1546 4558 dereliquisti,
1606 4497 1760 4556 potes
1787 4488 1969 4543 denuo

390 4575 640 4629 emittere
687 4576 952 4645 Spiritum
1007 4587 1256 4633 sanctum
1289 4619 1303 4641 ,
1345 4588 1396 4631 et
1443 4593 1616 4631 meam
1657 4588 1967 4649 corruptam

391 4675 591 4719 terram
627 4683 893 4723 renovare
929 4687 942 4722 :
975 4679 1028 4722 ut
1055 4679 1184 4723 tunc
1228 4671 1383 4739 173
1412 4670 1718 4724 consoleris
1752 4673 1806 4724 in
1833 4687 1966 4742 ope-

393 4755 544 4810 ribus
576 4757 708 4821 tuis,
749 4774 875 4812 cum
905 4758 1205 4814 defecerint
1230 4775 1259 4813 e
1294 4770 1436 4812 terra
1475 4772 1809 4828 peccatores,
1863 4763 1961 4817 hoc

392 4853 473 4899 est
499 4846 808 4902 daemonum
835 4851 1122 4920 praastigize
1147 4866 1177 4904 e
1214 4851 1380 4905 corde
1413 4867 1554 4905 meo.
1586 4851 1795 4907 Similia
1821 4856 1964 4909 enim

393 4939 654 4992 nonnulla
692 4955 858 5009 prope
893 4941 1052 4993 linem
1111 4941 1257 4994 tertii
1313 4949 1366 4995 et
1420 4939 1706 4996 centesimi
1770 4945 1964 5012 psalmi

393 5024 537 5081 dicta
567 5043 689 5085 esse
730 5033 1154 5101 comperiemus.

930 5227 1141 5285 CXX".
1183 5231 1386 5287 Eidem.

464 5324 522 5378 Si
556 5321 723 5376 Deum
746 5335 980 5377 mmrore
1002 5322 1285 5386 amcimus,
1305 5341 1429 5378 cum
1456 5329 1766 5395 spernimus
1792 5341 1853 5380 ac
1878 5340 1966 5381 ne-

391 5415 666 5482 gligimus,
686 5413 1067 5471 incumbamus
1103 5419 1286 5487 potius
1319 5434 1440 5473 eum
1468 5420 1742 5475 oblectare
1769 5435 1865 5490 per
1884 5419 1971 5472 di-

393 5503 681 5571 ligentiam
714 5513 766 5556 et
794 5505 935 5561 bona
977 5521 1162 5577 opera.

463 5681 502 5713 ³³
543 5685 713 5741 Exod.
748 5705 862 5753 le,
897 5689 974 5742 l5.
1057 5691 1098 5720 ³⁵
1136 5691 1278 5746 (Sal.
1325 5707 1515 5757 CXHH,
1557 5691 1642 5752 9‘3,
1679 5691 1762 5744 9i.

2075 4496 2166 4550 τοῦ
2207 4497 2492 4566 νωχελίαν,
2563 4495 2700 4549 ἀλλὰ
2731 4496 2883 4567 δύνῃ,
2930 4499 3020 4549 καί
3080 4498 3216 4566 μετὰ
3264 4499 3362 4569 τὴν
3423 4501 3659 4567 ἐγκατά-

2071 4589 2264 4657 λειψιν,
2325 4587 2702 4646 ἐξαποστεῖλαι
2754 4589 2914 4642 πάλιν
2957 4591 3014 4641 τὸ
3059 4589 3284 4661 Πνεῦμα
3364 4592 3424 4644 τὸ
3478 4592 3652 4659 ἅγιον,

2071 4684 2162 4734 καί
2191 4681 2536 4734 ἀνακαινίσαι
2589 4681 2689 4752 τὴν
2739 4681 3200 4752 κατεφθαρμένην
3249 4700 3351 4752 μου
3410 4684 3532 4752 γῆν,
3568 4685 3660 4737 ἵνα.

2066 4775 2182 4829 τότε
2197 4773 2501 4844 εὐφρανοῇς
2531 4774 2622 4827 ἐπὶ
2637 4777 2746 4838 τοῖς
2761 4775 2938 4845 ἔργοις
2968 4792 3081 4838 σου,
3095 4775 3454 4832 ἐκλειπόντων
3479 4779 3657 4849 ἀμαρ-

2069 4867 2256 4920 τωλὼν
2289 4867 2394 4920 ἀπὸ
2422 4867 2516 4936 τῆς
2553 4867 2676 4934 γῆς,
2704 4867 2951 4919 τουτέστι
2993 4866 3100 4920 τῶν
3144 4869 3472 4937 ὃαιμονικὼν
3506 4887 3653 4939 μαγ-

2072 4961 2426 5028 γανευμάτων
2453 4959 2558 5010 ἀπο
2590 4959 2684 5028 τῆς
2715 4959 2940 5030 καρδίας
2975 4978 3097 5030 μου.
3131 4960 3367 5014 Τοιαῦτα
3397 4962 3504 5031 γάρ
3532 4979 3655 5014 τινα

2074 5053 2376 5121 εὑρήσομεν
2424 5039 2686 5120 εἰρημένα
2721 5052 2855 5121 πρὸς
2907 5056 2987 5126 τῷ
3047 5053 3190 5105 τέλει
3229 5052 3321 5106 τοῦ
3359 5053 3654 5107 ἑκατοστοῦ

2076 5143 2256 5213 τρίτου
2288 5142 2520 5211 ψαλμοῦ.

2570 5236 2741 5291 ΡΚΒ¹.
2764 5269 2832 5279 -
2871 5235 2958 5301 Τῷ
2983 5237 3162 5302 αὐτῷ.

2151 5328 2213 5380 Εἰ
2243 5327 2518 5398 λυποῦμεν
2567 5327 2657 5381 τὸν
2689 5328 2823 5382 Θεὸν
2865 5329 3358 5399 καταφρονοῦντες,
3400 5329 3491 5382 καὶ
3519 5331 3665 5398 ἀμε-

2080 5419 2316 5482 λοῦντες,
2361 5420 2748 5490 σπουδάσωμεν
2814 5421 3013 5490 μᾶλλον
3068 5422 3333 5493 ευψρᾶναι
3397 5421 3555 5476 αὐτὸν
3586 5416 3662 5472 δι’

2081 5510 2414 5580 ἐπιμελείας,
2441 5512 2526 5565 καί
2563 5512 2945 5583 ἁγαθοεργίας.

1844 5692 1883 5725 ³*
1913 5689 2054 5745 Psal.
2091 5706 2209 5757 cur,
2241 5691 2331 5745 ‘28.
