4012 6196
437 315 544 381 255
1934 315 1993 372 S.
2037 311 2198 371 MLI
3598 299 3706 364 256

672 427 907 482 CXXIX.
938 460 1004 468 —
1029 424 1387 480 NI‘IIIIEIITIO
1429 422 1784 480 )IONXCIIO.

514 522 726 592 Saepius
755 530 807 574 te
830 519 1047 572 timoris
1080 518 1311 588 spiritus
1342 516 1667 586 perquisivit
1695 558 1707 579 ,
1739 533 1840 570 nec
1871 516 2025 570 inve-

444 613 527 668 nit
574 633 583 664 :
625 608 872 664 nondum
906 610 1050 665 cnim
1085 609 1162 661 illi
1201 607 1581 663 instituendus
1635 608 1870 661 traditus
1913 608 2030 660 fuc-

442 718 554 757 ras.
586 702 653 754 At
689 717 834 754 nunc
873 708 923 756 te
957 701 1208 769 invenit,
1251 710 1305 756 et
1337 709 1501 754 noctu
1531 700 1728 771 dieque
1751 715 2028 770 nunquam

432 791 817 846 'intermiltens
864 795 1184 846 conturbat.
1217 792 1608 846 Verumtamen
1667 807 1733 845 ne
1795 793 2032 861 despon-

443 883 614 946 deas,
665 882 759 937 sed
793 884 1010 938 sustine
1058 883 1546 952 deprecationibus
1587 881 1876 968 Dominum
1931 897 2030 936 ex-

442 985 708 1044 spectans
729 1017 743 1040 ,
770 985 828 1029 ut
859 985 910 1030 te
934 976 1252 1045 frequenter
1275 985 1399 1031 ante
1426 976 1600 1046 ipsius
1632 975 1822 1030 oculos
1853 976 2032 1046 lacry-

445 1068 552 1120 mis
585 1066 894 1120 madentem
929 1067 1150 1134 eripiat.

973 1155 1189 1211 CXXX.
1211 1185 1281 1198 —-
1307 1155 1515 1209 Eidem.

521 1251 823 1303 Asseveras
863 1257 914 1303 te
955 1249 1132 1302 solum
1188 1264 1419 1317 prorsus
1457 1265 1564 1303 non
1613 1263 1773 1318 posse
1823 1249 1879 1302 in
1918 1247 2032 1302 cel-

451 1344 558 1396 lula
593 1341 820 1410 degere,
871 1349 1070 1410 prmter
1105 1342 1580 1410 exspectationem
1619 1341 1895 1394 iimnenso
1927 1340 2037 1394 dae-

449 1433 634 1487 monis
670 1440 818 1486 metu
851 1447 1175 1501 Oppressum
1203 1471 1218 1495 ,
1257 1441 1384 1500 post
1416 1431 1718 1484 maximum
1755 1431 2037 1484 abrenun-

450 1527 704 1582 tiationis
738 1536 953 1596 tempus
1005 1534 1058 1580 et
1092 1526 1397 1580 solitariam
1437 1525 1491 1578 in
1525 1525 1746 1579 deserto
1792 1539 2034 1590 moram;

453 1621 667 1674 aseisce
697 1634 828 1686 ergo
865 1619 965 1672 tibi
1013 1617 1106 1671 Dei
1158 1624 1472 1678 amantem,
1528 1617 1789 1686 piumque
1819 1617 2038 1679 virum,

452 1711 546 1779 qui
582 1727 688 1764 una
723 1717 908 1764 tecum
952 1709 1262 1770 inhabitet,
1296 1709 1575 1778 simulque
1600 1723 1791 1778 preces
1825 1709 2034 1772 fundat,
2065 1759 2068 1761 ,

2055 436 2102 486 A

2414 421 2587 474 PKG’.
2619 447 2687 458 -—
2714 415 3078 484 ΝΠΜΕΡΤΙῼ
3113 414 3422 482 ΜΟΝΑΧῼ.

2213 516 2474 586 Ἐζήτησέ
2506 533 2563 568 σε
2597 513 2858 575 πολλάκις
2897 513 2957 565 τὸ
2985 511 3202 579 πνεῦμα
3241 509 3341 576 τῆς
3361 507 3583 570 δειλίας,
3618 506 3710 558 καὶ

2129 611 2226 680 οὐχ
2254 605 2407 679 ηὗρε,
2431 608 2565 660 διότι
2597 604 2750 658 οῦπω
2780 602 3032 672 ὲξεδόϐης
3059 601 3191 670 πρὸς
3208 597 3519 669 γυμνασίαν
3540 597 3709 666 αὐτῷ,

2126 703 2221 755 νῦν
2251 701 2306 754 δέ
2331 717 2388 752 σε
2411 694 2564 770 ηὗρε,
2600 698 2697 751 καὶ
2757 693 3104 765 ὲκταράττει,
3169 688 3464 759 παννύχιόν
3515 705 3573 739 τε
3618 689 3712 738 καὶ
3817 745 3819 754 Ι

2131 791 2492 862 πανημέριον.
2528 788 2686 842 Ἀλλὰ
2743 789 2816 859 μὴ
2873 785 3188 855 ἀΟυμήσῃς,
3230 783 3523 850 ὑπόμεινον
3566 778 3622 832 δὲ
3647 779 3714 831 δι’
3812 777 3818 835 ί

2132 885 2295 955 εὐχῆς
2324 883 2416 936 τὸν
2452 883 2678 953 Κύριον,
2744 876 3082 948 προσδοκῶν,
3139 875 3286 937 ὅπως
3339 872 3589 943 ἐξέληταί
3630 888 3714 931 σε,
3811 865 3816 878 ’

2134 977 2374 1046 συνεχῶς
2405 975 2692 1029 κατέναντι
2719 971 2828 1025 τῶν
2861 967 3158 1040 ὀφθαλμῶν
3195 964 3360 1020 αὑτοῦ
3413 964 3716 1036 φυρόμενον
3812 1017 3818 1030 ,

2132 1069 2384 1139 δάκρυσμ

2650 1155 2774 1210 PA'.
2815 1186 2884 1196 —
2917 1154 3001 1220 Τῷ
3028 1152 3204 1218 αὐτῷ.

2208 1253 2269 1305 Εἰ
2303 1250 2440 1312 ὅλως
2474 1247 2653 1311 λέγεις
2707 1246 2905 1316 μηκέτι
2947 1244 3212 1298 δύνασθαι
3245 1243 3422 1312 μόνως
3452 1241 3631 1306 διάξαι
3662 1243 3722 1294 ὲν

2135 1345 2212 1416 τῷ
2245 1342 2462 1414 κελλίῳ,
2505 1342 2806 1409 νικώμενος
2867 1338 2999 1408 παρ’
3041 1337 3262 1398 ἐλπίδας
3291 1335 3370 1406 τῷ
3429 1335 3722 1406 ἀμετρήτῳ

2137 1436 2288 1506 φόϐῳ
2319 1434 2413 1488 τοῦ
2449 1433 2750 1503 δαιμονίου,
2805 1431 2945 1502 μετὰ
2992 1428 3245 1482 τοσοῦτον
3300 1431 3399 1498 τῆς
3441 1427 3723 1494 ἁποταγῆς

2137 1529 2349 1598 χρόνον,
2385 1527 2479 1579 καὶ
2530 1525 2631 1595 τῆς
2685 1523 3001 1593 καταμόνας
3035 1522 3123 1573 ἐπ’
3155 1519 3388 1590 ἐρημίας
3415 1518 3718 1589 διατριϐῆς,

2141 1616 2450 1688 προσλαϐοῦ
2481 1616 2574 1669 νῦν
2604 1632 2728 1668 τινα
2762 1613 3010 1682 θεοφιλῆ,
3044 1614 3138 1665 καὶ
3168 1611 3374 1680 εὐλαϐῆ
3414 1609 3720 1680 ἄνθρωπον,

2142 1707 2236 1758 καὶ
2263 1705 2579 1757 συνοικείτω
2607 1720 2710 1765 σοι,
2741 1703 2834 1754 καὶ¹
2893 1699 3255 1772 συνευχέσοω,
3294 1699 3609 1768 συψσλλὲτω
3639 1715 3720 1760 τε,

452 1775 506 1853 et
536 1802 826 1862 coneiuat,
866 1798 1145 1868 etvigiliis
1173 1797 1334 1868 176
1361 1775 1712 1859 immoretur,
1751 1815 2040 1868 quousque

2164 1797 2238 1850 ιαὶ
2267 1795 2717 1865 συναγρυπνείτω
2756 1793 2918 1864 μέχρι
2955 1794 3054 1862 τῆς
3092 1809 3150 1845 τε
3185 1792 3332 1855 θείας
3367 1789 3722 1861 ἀντιλήψεως,

454 1890 698 1941 divinum
731 1887 996 1940 auxilium
1035 1885 1353 1951 advenerit,
1388 1887 1792 1958 improbusque
1823 1889 2043 1946 daemon

455 1981 814 2036 abscesserit.

959 2070 1300 2126 cxxx1.—
1336 2072 1544 2128 Eidem.
1641 2141 1644 2144 ἑ

526 2163 692 2218 Certe
723 2162 858 2215 mihi
902 2163 1164 2229 suadeor,
1195 2178 1295 2218 nec
1326 2165 1474 2220 ullus
1500 2166 1693 2220 luesito
1721 2206 1735 2229 ,
1771 2181 1869 2236 per
1906 2167 2045 2221 divi-

453 2273 583 2310 nmn
619 2257 872 2326 angelum
917 2255 1220 2309 dannoncm
1249 2258 1538 2324 expulsum
1573 2258 1690 2314 fore
1717 2259 2041 2329 fugandum.

453 2346 722 2401 Dominus
761 2346 1038 2414 siquidem
1083 2345 1294 2416 virgam
1334 2358 1688 2417 peccatorqu
1727 2350 2041 2406 daemonum

452 2453 621 2508 super
653 2446 861 2491 sortem
893 2438 1174 2506 justorum
1231 2430 1274 2468 ³⁷
1332 2454 1547 2510 semper
1574 2441 1901 2497 debacchari
1935 2460 2043 2498 non

455 2529 621 2584 sinet.
645 2527 944 2598 Propterea
969 2527 1140 2582 dicit:
1173 2548 1190 2578 ‹
1216 2527 1556 2599 Exspectans
1587 2536 1907 2601 exspectavi
1941 2536 2045 2590 Do-

455 2621 665 2675 minum
691 2661 705 2685 ,
737 2621 830 2691 qui
865 2621 1226 2674 tentationem
1262 2623 1486 2688 intulit,
1518 2635 1571 2680 et
1605 2625 1841 2679 attendit
1876 2628 2042 2692 mihi,

457 2722 512 2766 et
543 2712 823 2767 exaudivit
857 2728 1049 2782 preces
1081 2729 1230 2769 meas
1255 2700 1320 2767 ’°.
1365 2735 1384 2766 ι

944 2898 1207 2954 CXXXII.
1243 2931 1314 2940 —-
1345 2899 1553 2956 Eidem.

529 2987 608 3042 En
648 2989 744 3042 tibi
765 2989 944 3059 gratia
969 3028 984 3052 ,
1039 2998 1094 3044 et
1127 2990 1330 3044 virtute
1359 3028 1374 3053 ,
1405 2999 1460 3044 et
1509 2990 1850 3047 humanitate
1879 3009 2037 3064 super

457 3080 643 3136 omnia
670 3079 875 3134 Christi
915 3080 1010 3136 Dei
1057 3081 1300 3146 excelsi,
1335 3089 1462 3135 octo
1505 3083 1774 3136 mensium
1801 3086 2038 3153 spatium
2069 3115 2112 3172 ο

458 3183 914 3244 prmtergressum
951 3181 1070 3234 est,
1113 3180 1167 3228 et
1217 3173 1660 3242 improbissimus
1694 3175 1924 3245 spiritus
1959 3176 2044 3230 fu-

460 3273 620 3334 gatus
662 3273 745 3318 est
795 3283 807 3318 :
860 3277 913 3319 et
952 3274 1006 3319 tu
1039 3265 1224 3320 denuo
1264 3266 1458 3320 cellam
1499 3267 1652 3322 solus
1687 3269 2048 3326 confidentis-

467 3356 605 3412 sime
639 3357 940 3411 inhabitas.

677 3452 962 3508 CXXXIII.
993 3484 1058 3497 —
1090 3452 1430 3508 PALLADIO
1474 3453 1830 3512 MONACIIO.

537 3541 610 3597 Ut
647 3545 880 3608 videris,
910 3543 1206 3598 .Ionatham
1236 3543 1421 3600 Saulis
1450 3546 1620 3600 lilium
1658 3547 1857 3615 spiritu
1890 3563 2052 3600 aemu-

461 3632 617 3687 Iaris.
671 3633 769 3688 Ille
805 3634 1114 3702 siquidem,
1153 3643 1212 3688 ut
1263 3634 1497 3688 historia
1545 3635 1806 3699 traditur,
1862 3636 2050 3692 dixit:

470 3741 487 3772 ι
517 3721 846 3776 Summitate
867 3725 1069 3794 sceptri
1101 3724 1204 3778 mei
1235 3726 1450 3793 gustavi
1478 3726 1545 3780 de
1567 3727 1757 3788 melle,
1790 3734 1844 3782 et
1867 3727 2052 3782 vident

463 3811 612 3863 oculi
654 3812 759 3864 mei
783 3812 846 3864 ⁸⁸.
895 3830 912 3862 ι
959 3814 1022 3865 At
1069 3823 1127 3866 tu
1181 3812 1380 3882 spiritu
1429 3814 1820 3870 intellectualis
1867 3817 2047 3870 mellis

465 3901 742 3970 particeps
775 3901 958 3957 Iactus
997 3901 1313 3956 divinorum
1347 3919 1699 3967 sermonum,
1745 3905 1906 3960 melle
1939 3907 2057 3976 ipso

466 3993 784 4047 suaviornm
810 4033 824 4056 ,
857 3992 1036 4046 oculis
1069 3993 1267 4047 anima:
1315 3993 1470 4049 vides
1519 4011 1640 4064 qua:
1671 4011 1700 4050 a
1728 3997 1918 4053 multis
1948 4013 2056 4051 non

469 4085 544 4138 ita
604 4083 766 4137 facile
819 4081 1246 4152 dignoscantur.
1301 4086 1444 4138 Hinc
1493 4087 1738 4154 quaeris,
1779 4101 1945 4156 quam
1987 4089 2057 4142 ob

469 4188 694 4228 causam
710 4173 783 4265 .in
819 4174 1139 4230 summitate
1169 4175 1352 4230 baculi
1375 4173 1615 4231 Iacobus
1647 4176 1963 4231 adoraverit
1988 4179 2062 4227 ⁸ο.

858 4359 1014 4432 177
1055 4361 1340 4418 CXXXIV.
1367 4392 1436 4406 —-
1471 4361 1680 4417 Eidem.
1714 4351 1727 4364 ’

544 4451 666 4506 Tibi
706 4452 962 4524 equidem
1011 4454 1251 4526 perfecte
1303 4456 1638 4524 depurgate,
1693 4461 1748 4508 et
1799 4453 1870 4508 ab
1904 4453 2056 4508 omni
2093 4461 2135 4516 ι)

473 4545 630 4610 labe,
662 4553 716 4599 et
741 4546 1024 4615 jactantia:
1052 4555 1266 4601 tumore
1297 4546 1528 4600 immuni
1555 4587 1568 4610 ,
1605 4561 1787 4616 opera:
1817 4547 2052 4614 pretium

473 4636 637 4692 fuerit
682 4639 1062 4693 subtilissimis
1098 4637 1580 4708 speculationibus
1625 4637 1868 4691 exerceri
1913 4654 1928 4692 :
1971 4639 2057 4692 in-

473 4731 720 4800 quinatis
745 4745 906 4796 vero,
946 4737 1000 4784 et
1034 4731 1127 4799 qui
1179 4729 1426 4784 nondum
1463 4729 1794 4800 Opprobria,
1843 4737 1898 4784 et
1943 4745 2057 4784 em-

474 4836 603 4874 num
658 4821 858 4876 veteris
929 4821 1170 4875 hominis
1235 4820 1472 4876 lavacris
1519 4821 1856 4884 abluerunt,
1906 4823 2058 4877 nullo

477 4912 638 4967 modo
673 4913 1047 4984 permittimus
1099 4913 1452 4968 sanctissima
1499 4913 1666 4968 verba
1699 4913 1781 4968 vel
1828 4915 2060 4969 summis

475 5004 663 5072 digitis
719 5011 1098 5073 pertractare,
1149 5018 1443 5074 quousque
1498 5005 1616 5058 sani
1676 5003 1956 5068 evadant,
2013 5015 2066 5060 et

477 5098 771 5166 aliquando
822 5105 1219 5165 expurgentur.
1275 5095 1412 5149 Nam
1476 5097 1598 5152 ait:
1646 5116 1663 5149 ι
1708 5098 1886 5152 Nolite
1934 5099 2067 5153 dare

477 5197 730 5241 sanetum
761 5188 995 5242 canibus
1029 5229 1042 5252 ,
1093 5204 1274 5258 neque
1323 5191 1654 5260 margaritas
1680 5191 1862 5260 porcis
1897 5191 2066 5261 proji-

478 5278 586 5331 cile
609 5278 676 5330 “.
729 5297 744 5328 ι

667 5365 932 5423 CXXXV.
964 5401 1035 5412 -—
1067 5369 1472 5428 APIITIIONIO
1515 5371 1870 5429 MONACIIO.

549 5455 667 5512 Non
701 5467 911 5514 tantum
947 5461 1356 5532 Scripturarum
1389 5465 1554 5520 lectio
1589 5465 1642 5518 in
1679 5475 1934 5535 promptu
1966 5466 2059 5530 sit,

481 5549 574 5608 sed
610 5559 665 5606 et
695 5555 908 5617 oratio,
957 5563 1008 5607 et
1047 5558 1293 5626 psalmus
1317 5599 1329 5622 ,
1375 5566 1426 5612 et
1462 5558 1841 5624 continentia,
1877 5558 2058 5629 vigilia

2145 1889 2242 1945 καὶ
2270 1887 2369 1950 τῆς
2408 1886 2725 1948 ἀπελάσεως
2756 1883 2848 1936 τοῦ
2869 1882 3107 1954 πονηροῦ
3141 1874 3415 1952 δαίμονος.

2632 2075 2804 2128 ΡΛΑ’.
2839 2104 2912 2114 -
2949 2073 3034 2140 Τῷ
3061 2071 3240 2138 αὐτῷ.

2217 2168 2550 2238 Πέπεισμαι,
2585 2168 2679 2221 καὶ
2727 2169 3248 2239 πεπληροφόρημαι,
3296 2165 3378 2218 ὅτι
3409 2164 3732 2233 ὲκστήσεται

2147 2262 2256 2316 ἀπὸ
2284 2259 2378 2314 σοῦ
2405 2260 2743 2330 φυγαδευοὲν
2771 2259 2860 2314 διὰ
2891 2258 3046 2326 ἁγίου
3070 2257 3302 2324 ἀγγέλου
3325 2255 3386 2308 τὺ
3412 2255 3511 2324 τῆς
3532 2255 3730 2315 δειλίας

2145 2355 2442 2425 δαιμόνιον.
2503 2354 2615 2406 Οὐκ
2655 2353 2857 2423 ἀφήσει
2911 2351 3022 2420 γὰρ
3072 2349 3275 2420 Κύριος
3316 2347 3579 2418 διηνεκῶς
3633 2348 3734 2414 τὴν

2149 2448 2346 2517 ῥάϐδον
2380 2445 2488 2498 τῶν
2542 2442 2882 2516 ἁμαρτωλῶν
2942 2440 3233 2511 δαιμόνων,
3273 2440 3366 2490 ἐπὶ
3409 2438 3498 2490 τὸν
3527 2437 3734 2505 κλῆρον

2145 2536 2254 2590 τῶν
2313 2535 2538 2587 δικαίων
2579 2532 2904 2603 ἀνθρώπων.
2967 2531 3166 2600 Δνιόπερ
3235 2527 3383 2595 λέγει
3413 2545 3424 2556 ·
3485 2544 3503 2577 ι
3572 2525 3737 2576 Ὑπο-

2151 2627 2325 2697 μένων
2375 2627 2644 2696 ὑπέμεινα
2697 2625 2790 2677 τὸν
2848 2621 3051 2694 Κύριον
3092 2621 3182 2672 τὸν
3239 2619 3585 2688 ἐπαγαγόντα
3645 2635 3736 2686 μοι

2144 2719 2236 2771 τὸν
2269 2717 2594 2787 πειρασμὸν,
2630 2715 2724 2768 καὶ
2752 2715 3020 2785 προσέσχε
3050 2729 3160 2782 μοι,
3194 2711 3286 2763 καὶ
3317 2711 3601 2780 εἰσήκουσε
3636 2712 3740 2779 τῆς

2145 2809 2379 2878 δεήσεὼς
2412 2827 2533 2879 μου.
2584 2828 2600 2858 ι

2643 2899 2812 2952 ΡΛΒ¹.
2843 2929 2912 2939 -
2949 2896 3031 2963 Τῷ
3057 2897 3239 2963 αὐτῷ.
3643 2956 3648 2960 _

2231 2992 2362 3045 Ἰδοὺ
2389 2995 2452 3062 τῇ
2484 2991 2688 3061 χάριτι,
2730 2992 2824 3042 καὶ
2885 2992 2950 3058 τῇ
3007 2989 3259 3058 δυνάμει,
3300 2988 3392 3041 καὶ
3452 2991 3516 3058 τῇ
3551 2987 3746 3054 φιλαν-

2146 3081 2362 3152 Θρωπίᾳ
2375 3080 2608 3152 Χριστοῦ
2623 3080 2716 3133 τοῦ
2737 3079 3073 3149 πανυψὶστου
3098 3079 3232 3131 Θεοῦ
3254 3079 3562 3150 ὀκτάμηνος
3596 3093 3745 3145 mp-

2147 3175 2332 3245 ἦλθεν,
2366 3175 2460 3226 καὶ
2494 3171 2785 3242 ὲξεδιώχθη
2855 3171 2962 3224 ἀπὸ
2998 3170 3091 3224 σοῦ
3136 3170 3196 3223 τὸ
3231 3171 3448 3224 ἀνόσιον
3481 3168 3698 3239 πνεῦμα
3725 3185 3740 3197 ·

2151 3272 2244 3324 καὶ
2309 3269 2473 3324 πάλιν
2537 3267 2674 3338 μετὰ
2721 3267 2957 3338 θάρσους
3043 3265 3204 3336 μόνος
3261 3265 3360 3336 τὴν
3413 3265 3606 3319 κέλλαν
3658 3264 3750 3316 ol-

2152 3365 2284 3424 κείς.

2434 3451 2600 3507 PM".
2641 3484 2708 3493 —
2749 3447 3096 3520 ΠΑΛΛΑΔΙῼ
3137 3451 3445 3521 noxam.

2236 3547 2321 3608 Ὠς
2353 3545 2550 3608 ἔοικεν,
2603 3545 2862 3598 Ἰωνάοαν
2917 3544 3057 3597 κατὰ
3083 3545 3144 3596 τὸ
3200 3545 3417 3614 πνεῦμα
3441 3545 3618 3616 ζηλοῖς
3650 3548 3754 3605 τὸν

2153 3636 2245 3689 τοῦ
2298 3635 2466 3688 Σαοὺλ
2527 3636 2661 3688 υἱόν.
2708 3636 2943 3697 Ἐκεῖνος
2994 3636 3091 3705 μὲν
3149 3637 3256 3706 γὰρ
3311 3637 3432 3689 καθ’
3480 3638 3750 3708 ἱστορίαν,

2155 3729 2316 3798 φησὶν
2357 3729 2437 3780 ὅτι
2477 3745 2493 3777 ι
2539 3726 2887 3797 Ἐγευσάμην
2936 3725 3030 3779 τοῦ
3069 3728 3285 3797 μέλιτος
3337 3727 3415 3796 τῷ
3471 3729 3623 3800 ἄκρῳ
3645 3730 3751 3782 τοῦ

2158 3823 2436 3892 σκήπτρου
2477 3837 2598 3889 μου,
2667 3819 2763 3872 καὶ
2818 3818 3104 3888 βλέπουσιν
3138 3819 3184 3870 οἱ
3239 3819 3508 3889 ὀφθαλμοί
3559 3838 3679 3890 μου.
3725 3843 3746 3874 ι

2157 3911 2228 3963 Σὺ
2250 3910 2304 3962 δέ
2327 3926 2389 3977 γε
2418 3906 2807 3977 πνευματικῶς
2861 3904 2955 3958 τοῦ
2985 3904 3176 3975 νοητοῦ
3221 3907 3438 3975 μέλιτος
3506 3908 3758 3978 μεταλα-

2159 4001 2290 4064 ϐὼν,
2321 4001 2429 4055 τῶν
2466 3999 2683 4071 μέλιτος
2733 3998 3084 4068 γλυκυτέρων
3133 4000 3390 4069 ῥημάτων
3424 4001 3752 4073 τοῦΚρείτ-

2159 4111 2310 4158 τονος
2343 4093 2564 4162 βλέπεις
2590 4095 2701 4156 τοῖς
2735 4093 2832 4162 τῆς
2855 4091 3030 4162 ψυχῆς
3055 4091 3268 4161 ὄμμασι
3301 4090 3369 4145 τὰ
3399 4097 3510 4157 τοῖς
3534 4094 3756 4159 πολλοῖς

2160 4187 2450 4240 δυσθέατα.
2523 4186 2632 4238 Καὶ
2675 4184 2858 4254 ζητεῖν
2910 4183 3100 4238 λοιπὸν
3151 4184 3321 4254 ἤρξω,
3367 4185 3509 4239 διατι
3567 4189 3655 4241 ἐπὶ
3685 4190 3755 4242 τὸ

2161 4279 2330 4348 ἄκρον
2366 4277 2463 4346 τῆς
2493 4276 2690 4347 ῥάϐδου
2724 4277 2752 4328 ὁ
2782 4275 2974 4329 Ἰακὼϐ
3003 4282 3401 4348 προσεκύνησε.

2659 4373 2821 4426 ΡΑΔο.
2853 4400 2924 4412 --
2966 4371 3048 4437 Τῷ
3076 4370 3254 4436 αὐτῷ.

2237 4463 2326 4514 Σοὶ
2365 4462 2464 4534 μὲν
2499 4463 2894 4533 κεκαθαρμένῳ
2923 4464 3168 4526 τελείως,
3214 4465 3308 4518 καὶ
3367 4465 3542 4536 πάσης
3572 4469 3760 4539 ἀπηλ-

2164 4553 2418 4624 λαγμένῳ
2443 4554 2674 4625 κηλῖδος,
2703 4554 2796 4608 καὶ
2823 4555 2915 4609 τοῦ
2946 4557 3044 4625 τῆς
3086 4557 3376 4622 ἀλαζονίας
3405 4561 3759 4629 φυσήματος,

2165 4645 2364 4714 πρέπει
2389 4644 2680 4715 ἀναζητεῖν
2741 4645 2949 4715 ὑψηλὰς
2997 4646 3234 4719 θεωρίας
3261 4665 3274 4680 ·
3327 4652 3437 4713 τοῖς
3481 4649 3534 4702 δὲ
3576 4668 3761 4720 μεμο-

2162 4733 2469 4804 λυσμένοις,
2497 4735 2591 4788 καὶ
2633 4737 2798 4806 μήπω
2848 4735 3275 4806 ἀπονιψαμένοις
3321 4739 3387 4790 τὰ
3441 4739 3622 4808 αῐσχη,
3653 4735 3766 4793 καὶ

2160 4829 2287 4893 τοὺς
2324 4828 2544 4891 σπίλους
2573 4825 2668 4880 τοῦ
2690 4826 2922 4881 παλαιοῦ
2945 4826 3256 4898 ἀνθρώπου,
3290 4829 3522 4892 ούδόλως
3554 4829 3764 4899 ψαύειν

2166 4920 2556 4989 συγχωροῦμεν
2660 4920 2770 4972 τῶν
2833 4922 3116 4987 παναγῐων
3178 4920 3374 4988 λόγων»
3444 4922 3636 4992 μέχρις
3688 4922 3765 4976 ἂν

2166 5011 2428 5079 ὑγιάνωσί
2458 5028 2538 5076 τε,
2576 5012 2669 5065 καὶ
2699 5011 3017 5080 καθαρθῶσί
3047 5029 3199 5064 ποτε.
3235 5030 3252 5063 ι
3291 5013 3381 5081 Μὴ
3425 5014 3560 5065 δῶτε
3616 5016 3760 5085 γὰρ,

2166 5104 2322 5172 φησὶ,
2348 5105 2408 5156 τὸ
2438 5104 2590 5172 ἆγιον
2645 5104 2724 5174 τῷ
2759 5105 2901 5171 κυνὶ,
2931 5105 3064 5176 μηδὲ
3101 5105 3227 5168 τοὺς
3262 5098 3608 5176 μαργαρίτας
3641 5111 3768 5170 τοῖς

2166 5195 2367 5266 χοίροις
2399 5196 2764 5268 προσϐάλητε.
2808 5217 2825 5248 ι
3385 5209 3394 5218 “

2482 5380 2650 5435 ΡΛΕ’.
2687 5400 2760 5419 -έ
2793 5380 3090 5451 ΛΦΘΟΝῘῼ
3129 5380 3440 5449 ΜΟΝΑΧῼ.

2240 5470 2329 5540 Μὴ
2395 5471 2552 5539 μόνον
2597 5472 2629 5540 η
2670 5470 2779 5524 τῶν
2834 5471 2874 5523 Γ
2880 5471 3068 5541 ραφῶν
3115 5470 3372 5540 παρέστω
3423 5467 3771 5536 ἀνάγνωσις,

2171 5560 2301 5613 ἀλλὰ
2334 5561 2424 5614 καὶ
2452 5560 2601 5632 εὐχὴ,
2634 5562 2726 5614 καὶ
2756 5562 2988 5632 ψάλμὸς,
3015 5564 3104 5616 καὶ
3131 5563 3446 5629 ἐγκράτεια,
3475 5562 3774 5630 ἀγρυπνία.

546 5721 587 5753 ³⁷
629 5733 772 5787 νέαι.
806 5752 990 5800 cxxtv,
1023 5739 1073 5791 5.
1191 5739 1232 5769 ³⁸
1261 5739 1404 5794 Psal.
1437 5756 1624 5806 xum,
1673 5740 1718 5793 l.
1799 5741 1840 5771 ³³
1881 5737 1895 5790 l
1933 5740 2042 5810 Reg

2164 5759 2202 5806 ι’,
2248 5740 2323 5796 ἱῦ.
2407 5743 2448 5773 ⁶⁰
2489 5743 2622 5797 Gen.
2672 5759 2834 5809 mn,
2869 5745 2955 5798 δι.
3042 5745 3080 5775 ⁵⁸
3115 5743 3305 5799 Matth.
3343 5760 3441 5809 vn,
3479 5743 3532 5800 6.
