4012 6196
263 327 369 391 257

1484 319 2021 379 EPISTOLARUM
2053 322 2195 381 LII}.
2243 323 2320 383 II.

3425 327 3532 391 258

264 457 353 504 τε,
401 437 498 491 καὶ
537 431 826 507 χαμευνία,
889 432 981 484 καὶ
1033 431 1254 502 ἡσυχία,
1314 431 1404 485 καὶ
1451 431 1512 483 τὸ
1567 430 1726 502 ἔργον
1757 431 1864 484 τῶν

1973 447 2220 502 quoque,
2277 442 2330 488 et
2365 433 2771 496 liuniicubatio
2795 475 2810 499 ,
2854 442 2904 488 et
2944 433 3102 504 quies
3126 474 3139 500 ,
3186 442 3238 491 et
3271 449 3537 492 manuum

305 545 492 580 ειοων.

265 546 492 599 FPM
592 617 777 682 ΡΛςῑσ.
810 643 877 652 -
909 613 1198 684 ΕΥΣΕΗΙῼ
1225 614 1534 683 ΜΟΝΑΧῼ.

345 711 416 762 Σὺ
461 707 622 778 μόνον
679 705 906 774 θέλησον
965 703 1258 774 ήσύχάσαι,
1322 703 1504 766 καθὼς
1546 703 1766 756 ἀπαιτεῖ
1799 702 1858 755 τὺ

273 799 570 871 μοναχικδν
622 798 880 868 πρᾶγμα,
934 796 1030 848 καὶ
1069 797 1097 847 ὁ
1153 796 1285 858 Θεὸς
1341 798 1405 848 ἐκ
1457 795 1566 848 τῶν
1599 795 1853 867 δένδρων,

269 887 502 941 καὶτῶν
523 885 767 955 ἀνέμων,
802 885 895 936 καὶ
929 886 993 936 ἐκ
1024 881 1132 936 τῶν
1175 884 1337 936 λίθων
1375 884 1578 937 τούτων
1614 883 1858 954 ἐξεγερεῖ

271 980 398 1039 τοὺς
420 974 805 1036 διακονοῦντάς
856 991 959 1027 σοι.
1003 973 1162 1026 Ἀλλὰ
1194 973 1394 1041 βλέπω,
1437 975 1520 1026 ὅτι
1570 974 1630 1026 οὺ
1680 973 1857 1036 Θέλεις

273 1066 554 1128 παντελῶς
600 1064 901 1135 ἠρεμῆσαι,
956 1062 1129 1134 κακὴν
1173 1064 1278 1134 γάρ
1308 1064 1594 1134 συνήθειαν
1640 1065 1851 1130 ἔλαϐες,

275 1157 452 1210 πάντα
479 1157 665 1218 τόπον,
691 1155 786 1208 καὶ
829 1157 1005 1207 πᾶσαν
1039 1155 1243 1226 χώραν,
1273 1155 1365 1209 καὶ
1427 1158 1607 1210 πᾶσαν
1638 1157 1852 1228 κώμην,

275 1247 371 1300 καὶ
401 1247 577 1308 πόλιν,
605 1247 699 1297 καὶ
739 1245 934 1312 ἀγυιὰν
960 1245 1312 1314 περινοστῶν.

573 1336 746 1388 ΡΛΖ’.
779 1364 850 1374 -—-
891 1333 1204 1404 ΕΥΦΗΜΙῼ
1242 1336 1554 1407 ΜΟΝΔΧῼ.

350 1429 414 1481 Τί
443 1429 553 1498 γὰρ
584 1427 648 1496 δὴ
693 1427 1101 1498 προσεδόκησας
1134 1427 1566 1500 προαιρούμενος
1587 1430 1685 1502 τὴν
1723 1431 1854 1502 ήσυ-

274 1521 432 1590 χίαν,
460 1521 557 1572 καὶ
623 1519 718 1588 τὴν
770 1516 1156 1590 ἀναχώρησινς
1226 1519 1452 1584 Πάντως
1500 1520 1724 1590 Θλίψεις,
1761 1522 1854 1574 κοιλ⁵

280 1615 646 1687 πειρασμοὺς,
730 1615 823 1667 καὶ
875 1613 1126 1683 χαλεπῶν
1183 1613 1448 1682 δαιμόνων
1503 1614 1602 1678 τὰς
1657 1615 1854 1684 μυρίας

282 1704 684 1776 προσπτώσεις,
702 1705 796 1758 καὶ
830 1703 1039 1774 λόχους,
1073 1703 1166 1757 καὶ
1197 1705 1463 1775 μηχανάς.
1491 1704 1614 1768 Πῶς
1648 1701 1738 1759 οὖν
1759 1705 1853 1759 νῦν

280 1797 350 1850 δυ
359 1797 718 1865 σανασχετεῖς,
736 1796 828 1848 καὶ
841 1794 1228 1865 δυσχεραίνεις,
1245 1795 1338 1847 καὶ
1350 1795 1532 1859 ἀλύεις
1562 1797 1747 1850 κεντού
1757 1814 1852 1867 με·

282 1903 379 1950 νος
412 1885 663 1948 ποικίλως
693 1886 813 1946 ταῖς
837 1884 943 1939 τῶν
979 1883 1304 1956 πειρασμῶν
1351 1885 1593 1956 λόγχαις,
1628 1889 1857 1950 καὶτοῖς

283 1977 726 2047 πριστηροεεδέσι
759 1979 974 2048 τροχοῖς
1027 1975 1126 2046 τῆς
1169 1975 1278 2029 τῶν
1323 1977 1591 2048 δαιμόνων
1641 1978 1860 2050 ἀμάξης

278 2067 379 2138 τὴν
411 2067 612 2120 σαυτοῦ
679 2067 880 2140 ψυχὴν,
933 2065 1241 2135 ἀλοὼμενος
1279 2070 1552 2142 τμήμασι,
1584 2069 1859 2144 καὶδίκην

281 2160 490 2232 ἀκύρου
541 2161 924 2232 κοπτόμενοςς
970 2163 1110 2217 Ἀλλ’
1163 2162 1453 2235 ὑπόμεινον
1505 2163 1858 2235 εὐχαρίστως,

281 2255 378 2305 καὶ
422 2247 812 2324 μακροθύμως,
884 2256 1194 2326 φρονήματι
1236 2254 1474 2326 σοϐαρῷ,
1537 2255 1628 2308 καὶ
1683 2255 1861 2326 ἱκεσία

287 2348 485 2415 πυκνῇ,
523 2346 616 2398 καὶ
647 2347 923 2417 ἀγρυπνίᾳ
972 2348 1194 2418 εὐτόνῳ,
1247 2348 1340 2400 καὶ
1382 2347 1677 2418 ἐγκρατείᾳ
1720 2348 1860 2417 καλῇ

289 2435 762 2507 προσπαραμένων
809 2436 888 2506 τῷ
918 2437 1222 2508 Κρείττονι,
1265 2438 1360 2492 καὶ
1386 2437 1555 2508 θεάσῃ
1599 2438 1658 2490 τὸ
1686 2437 1858 2499 τέλος.

775 2619 950 2672 PAH’.
991 2649 1058 2660 —-—
1094 2617 1176 2685 Τῷ
1203 2619 1385 2684 αὐτῷ.

362 2707 438 2760 Τδ
490 2707 590 2777 μὲν
623 2709 778 2772 τέλος
837 2709 945 2762 τῶν
997 2710 1416 2779 ἀγωνιζομένων
1462 2709 1551 2762 διὰ
1603 2709 1860 2780 Χριστοῦ,

291 2799 530 2868 σωτηρία
565 2799 820 2870 ὑπάρχει,
850 2800 910 2852 τὸ
936 2799 992 2852 δὲ
1018 2802 1168 2864 τέλος
1188 2801 1295 2854 τῶν
1324 2801 1592 2870 δαιμόνων
1616 2800 1864 2854 ἀπώλεια

290 2889 528 2959 χαλεπή.
565 2889 696 2941 Τότε
755 2889 858 2960 γὰρ
899 2889 1324 2960 κεντηθήσονται
1360 2891 1411 2942 οί
1460 2889 1775 2952 κεντοῦντές
1807 2907 1864 2943 σε

289 2979 408 3043 νῦν,
441 2980 532 3032 καὶ
561 2981 970 3050 καταπατήσεις
1015 2978 1234 3042 αὐτοὺς,
1290 2979 1386 3032 καὶ
1432 2978 1644 3032 ἔσονται
1674 2980 1868 3042 σποδὸς

1961 532 2237 590 operatio.

2198 611 2481 666 CXXXVI.
2513 641 2581 652 —-
2609 610 2900 666 EUSEBIO
2939 609 3294 667 MONACIIO.

2047 701 2124 754 Te
2173 703 2551 756 tantummodo
2598 703 2767 771 quieti
2809 704 2982 757 libens
3029 704 3196 769 dato,
3235 711 3295 757 ut
3348 720 3534 760 mona-

1958 789 2188 846 chorum
2217 789 2525 847 institutum
2558 795 2840 863 exposcit,
2869 804 2922 848 et
2943 794 3085 850 Deus
3113 810 3180 848 ex
3203 796 3534 865 arboribus,

1957 889 2012 934 et
2058 883 2270 954 ventis,
2314 893 2369 938 et
2403 884 2685 954 lapidibus
2730 884 2831 938 tibi
2878 885 3289 941 ministratores
3324 889 3535 941 excita-

1957 973 2055 1028 bit.
2087 974 2193 1028 Sed
2217 976 2377 1044 plane
2409 977 2693 1046 conspicio
2740 985 2793 1031 te
2846 977 3066 1046 penitus
3094 977 3334 1045 quietem
3365 977 3536 1047 repel-

1956 1065 2068 1120 lere
2105 1084 2118 1118 :
2155 1067 2296 1119 mala
2315 1067 2457 1120 enim
2487 1067 2888 1122 consuetudine
2914 1067 3159 1136 percitus
3187 1069 3304 1121 loca
3329 1067 3534 1129 omnia,

1955 1165 2009 1208 et
2042 1157 2330 1210 universas
2391 1157 2644 1226 regiones
2670 1198 2686 1222 ,
2740 1169 2794 1212 et
2826 1157 3027 1227 oppida
3053 1196 3068 1222 ,
3118 1165 3172 1213 et
3218 1159 3386 1213 urbes
3411 1196 3426 1222 ,
3482 1167 3539 1211 et

1957 1247 2139 1304 \‘ICOS.
2183 1263 2463 1315 nunquam
2499 1248 2794 1316 quiescens
2823 1249 3240 1303 circumcurris.

2056 1333 2216 1403 178
2248 1333 2553 1387 CXXXVII.
2580 1365 2642 1377 —-
2676 1334 3032 1390 EUPIIEMIO
3073 1334 3430 1390 MONACHO.

2025 1424 2164 1488 Quid
2196 1438 2360 1492 porro
2381 1425 2740 1492 exspectabas
2759 1464 2772 1486 ,
2805 1424 2934 1477 dum
2957 1424 3195 1493 quietem
3224 1463 3238 1489 ,
3271 1431 3326 1478 et
3355 1436 3540 1479 seces-

1955 1528 2076 1566 sum
2116 1513 2387 1582 eligebas?
2425 1529 2610 1567 annon
2669 1513 3028 1578 alllictiones,
3077 1522 3130 1568 et
3169 1517 3538 1579 tentationes,

1953 1613 2005 1654 et
2037 1602 2477 1669 importunorum
2504 1603 2814 1657 dmmonuni
2840 1603 3162 1658 innumeras
3182 1605 3536 1674 irruptiones,

1954 1700 2008 1746 et
2053 1691 2325 1756 insidias,
2384 1702 2439 1747 et
2494 1693 2819 1748 machinas?
2869 1693 3117 1760 Quanam
3175 1694 3342 1766 igitur
3393 1710 3542 1750 nunc

1958 1799 2124 1842 causa
2161 1800 2305 1856 aegre
2353 1785 2495 1851 fers,
2540 1793 2594 1841 et
2619 1787 2804 1840 animo
2849 1785 3245 1850 discruciaris,
3278 1795 3332 1842 et
3380 1788 3528 1842 tristi

1956 1879 2107 1934 vultu
2146 1877 2380 1932 frontem
2414 1879 2734 1940 contrahis,
2766 1878 2896 1932 dum
2929 1879 3096 1934 variis
3130 1879 3309 1934 modis
3343 1894 3374 1933 a
3408 1889 3529 1933 ten-

1960 1971 2230 2024 tationum
2259 1969 2470 2025 lanceis
2502 1968 2841 2038 perfoderis,
2898 1979 2952 2024 et
2995 1971 3131 2025 rotis
3172 1971 3343 2025 instar
3373 1985 3541 2024 serrae

1959 2058 2276 2115 secantibus
2308 2066 2459 2112 tuam
2486 2060 2725 2113 animam
2760 2059 3084 2113 daemoniaci
3111 2059 3345 2129 plaustri
3372 2099 3388 2124 ,
3427 2059 3542 2114 dis-

1960 2157 2173 2214 sectus,
2203 2155 2258 2202 et
2287 2148 2461 2202 instar
2487 2149 2656 2218 palea:
2683 2149 2997 2203 contritus?
3035 2148 3140 2203 Sed
3171 2148 3383 2203 sustine
3414 2163 3543 2216 gra-

1961 2241 2068 2293 tias
2105 2254 2275 2308 agens
2295 2281 2308 2303 ,
2338 2247 2391 2294 et
2429 2239 2674 2294 tolerans
2699 2279 2714 2303 ,
2743 2239 3077 2309 cogitatione
3107 2239 3282 2294 valida
3304 2277 3320 2303 ,
3348 2248 3401 2294 et
3433 2239 3544 2294 fre-

1961 2329 2257 2398 quentibus
2278 2328 2534 2397 precibus
2553 2366 2568 2392 .
2595 2336 2650 2382 et
2668 2327 2869 2398 vigiliis
2887 2329 3190 2395 continuis,
3227 2337 3282 2382 et
3311 2329 3542 2384 honesta

1962 2416 2323 2486 temperantia
2354 2415 2587 2470 Domino
2621 2423 2674 2470 te
2703 2414 3047 2486 coniungens
3067 2458 3082 2482 ,
3127 2424 3181 2470 et
3225 2417 3387 2471 finem
3417 2431 3542 2470 con-

1963 2528 2186 2598 spicies.

2416 2619 2748 2676 CXXXVIII.
2776 2650 2846 2660 --
2877 2619 3084 2675 Eidem.

2036 2707 2188 2765 Finis
2215 2725 2405 2765 eorum
2430 2751 2443 2775 ,
2471 2713 2564 2780 qui
2608 2727 2707 2782 pro
2731 2711 2938 2766 Christi
2967 2720 3246 2767 certamen
3285 2711 3544 2776 subeunt,

1966 2800 2117 2854 salus
2167 2809 2250 2855 est
2285 2820 2298 2855 :
2333 2803 2640 2855 daemonum
2681 2808 2862 2856 autem
2905 2802 3056 2869 linis,
3095 2803 3334 2857 immane
3381 2804 3543 2857 exci-

1967 2890 2144 2944 dium.
2198 2889 2356 2946 Tunc
2415 2893 2560 2946 enim
2611 2901 2926 2964 pungentur
2952 2902 3005 2948 te
3039 2909 3185 2948 nunc
3214 2902 3546 2965 pungentes,

1967 2989 2021 3035 et
2063 2981 2419 3038 conculcabis
2474 2997 2570 3038 eos
2599 3024 2614 3049 ,
2664 2992 2718 3039 et
2767 2993 2930 3040 erunt
2977 2985 3118 3040 cinis
3170 2986 3274 3042 sub
3319 2986 3548 3057 pedibus

289 3071 400 3124 ὑπὸ
458 3072 584 3133 τοὺς
634 3071 798 3136 πόδας
848 3089 964 3135 σου,
1019 3071 1546 3142 καὶξφοὸηθήσονταί
1577 3089 1656 3136 σε,
1689 3071 1781 3134 οὒς
1807 3073 1864 3124 τὸ

1973 3072 2110 3136 tuis,
2152 3081 2363 3142 ctquos
2395 3075 2548 3142 prius
2582 3075 2981 3132 extimescebas
3004 3118 3018 3142 ,
3050 3077 3419 3134 extimescent
3446 3087 3504 3134 te
3531 3120 3545 3145 ,

287 3164 424 3232 πρὶν
448 3163 741 3234 ἐφοϐήθης,
770 3163 858 3216 διὰ
892 3162 989 3234 τήν
1019 3161 1234 3233 βουλὴν,
1283 3164 1350 3232 ἢν
1381 3162 1724 3232 βεϐούλευται
1755 3165 1867 3218 Κύ-

293 3271 433 3325 ριος.

790 3345 958 3398 ΡΛΘ¹.
980 3375 1052 3384 ——
1088 3343 1172 3410 Τῷ
1196 3343 1375 3410 αὐτῷ.

365 3437 504 3492 Ποτέ
534 3438 632 3506 μὲν
668 3438 1000 3509 κρύπτονται
1030 3437 1177 3492 ἔνδον
1203 3438 1332 3508 παρ’
1351 3440 1478 3509 ήμῖν
1510 3439 1558 3492 οἱ
1584 3437 1870 3510 δαιμονιώ-

291 3530 404 3592 δεις
431 3528 720 3599 λογισμοὶ,
766 3529 897 3582 ποτὲ
950 3530 1008 3584 δὲ
1068 3530 1455 3585 διακύπτουσιν
1501 3531 1593 3584 ἐπὶ
1633 3531 1699 3586 τὰ
1743 3531 1868 3598 ἔξω,

293 3623 716 3690 κατεπείγοντες
739 3623 884 3692 ἡμᾶς
907 3625 985 3687 είς
1009 3624 1106 3694 τὴν
1122 3625 1210 3680 διὰ
1233 3625 1338 3678 τῶν
1367 3625 1546 3696 ἔργων
1578 3626 1868 3699 ἁμαρτίαν.

307 3713 451 3765 Ἀλλ’
489 3715 518 3766 ὁ
550 3712 682 3776 Θεὸς
712 3714 1088 3785 παρακληθεὶς
1131 3718 1263 3787 παρ’
1290 3717 1469 3788 ήμῶν,
1499 3718 1870 3790 διασκορπίζει

295 3806 522 3866 αὐτοὺς,
553 3806 645 3858 καὶ
659 3805 889 3872 ἐξορίζει
911 3807 1002 3873 ἀφ’
1021 3807 1200 3876 ήμῶν,
1233 3809 1325 3860 καὶ¹
1351 3809 1470 3862 τότε
1500 3810 1873 3881 ἀνανήψαντες

295 3894 414 3949 ἀπὸ
437 3895 534 3964 τῆς
564 3899 893 3965 συγχύσεως,
925 3895 1254 3968 συλλέγομεν
1275 3899 1520 3964 ἑαυτοὺς,
1547 3900 1640 3953 καὶ
1660 3901 1872 3964 ἀναζω-

297 3982 590 4054 πυροῦμεν
618 3983 695 4052 τῷ
745 3983 1034 4053 πνεύματι,
1065 3984 1139 4048 ὡς
1170 3987 1234 4038 ἐκ
1283 3987 1492 4058 νεκρῶν
1521 3989 1871 4052 ἀναστάντες,

299 4077 396 4129 καὶ
419 4077 498 4138 είς
522 4075 584 4128 τὸ
615 4075 754 4128 κατά
785 4074 944 4144 φύσιν
974 4075 1108 4144 ὕψος
1129 4077 1228 4146 τῆς
1254 4077 1524 4142 ἀπαθείας
1553 4079 1876 4146 ἀναϐιϐαζό-

1971 3162 2514 3231 propterconsilium
2545 3203 2558 3226 ,
2593 3165 2740 3232 quod
2776 3166 2914 3220 bene
2942 3168 3162 3222 censuit
3193 3166 3476 3224 Dominus.

2447 3343 2733 3401 CXXXIX.
2764 3379 2829 3388 —
2863 3346 3066 3402 Eidem.

1985 3480 2006 3490 ε
2041 3434 2198 3489 Nunc
2237 3435 2456 3504 quidem
2489 3436 2635 3491 intra
2661 3453 2765 3493 nos
2796 3438 3152 3495 dmmoniacre
3179 3442 3547 3513 cogitationes

1973 3525 2416 3592 absconduntur,
2447 3542 2589 3582 nunc
2611 3543 2742 3583 vero
2764 3530 2829 3583 ad
2866 3531 3143 3585 exteriora
3175 3547 3432 3602 promunt
3458 3551 3548 3601 sc,

1973 3630 2075 3669 nos
2112 3617 2168 3671 in
2217 3625 2544 3687 peccatum,
2595 3619 2738 3688 quod
2777 3636 2941 3690 opere
2989 3621 3085 3687 fit,
3135 3625 3550 3692 compellentes.

1972 3706 2078 3764 Sed
2109 3707 2254 3764 Dens
2285 3708 2588 3766 advocatus
2612 3725 2642 3765 a
2677 3710 2837 3766 nobis
2865 3726 2958 3767 eas
2991 3712 3258 3782 disperdit
3288 3716 3554 3787 longeque

1973 3801 2230 3854 amandat
2263 3819 2275 3854 :
2306 3809 2360 3854 et
2391 3809 2523 3854 tunc
2547 3801 2617 3855 ah
2645 3817 2710 3856 ea
2750 3802 3076 3857 confusione
3121 3804 3512 3872 resipiscentes
3537 3849 3552 3870 ,

1974 3891 2347 3962 nosmetipsos
2407 3892 2756 3962 colligimus,
2821 3893 2982 3962 179
3044 3900 3099 3948 et
3161 3895 3557 3952 recalescimus

1975 3984 2208 4053 spiritu,
2259 3998 2324 4037 ac
2373 3984 2420 4039 si
2476 3999 2543 4038 ex
2583 3986 2819 4040 mortuis
2864 3989 3370 4054 Lesurrexerimus,
3415 3999 3466 4044 et
3503 3991 3558 4045 in

1974 4075 2372 4130 sublimitatem
2396 4117 2411 4141 ,
2445 4091 2570 4144 quae
2615 4077 2918 4131 secundum
2967 4087 3220 4131 naturam
3251 4088 3372 4146 est,
3405 4087 3558 4134 tran-

304 4183 478 4236 μενοι,
512 4164 916 4236 δοξολογοῦμεν,
979 4167 1070 4219 καὶ⁵
1100 4166 1375 4238 ὑμνούμεν
1416 4169 1509 4221 τὸν
1539 4168 1761 4240 Κύριον,
1795 4172 1864 4234 είς

1975 4169 2311 4238 quillitatis,
2368 4168 2507 4222 nulli
2565 4169 2967 4238 perturbationi
3021 4170 3560 4244 obnoxii,gradum

301 4255 536 4323 ἀγαθὸν,
583 4256 674 4307 καὶ
721 4255 1014 4325 εὐαρέστον
1057 4256 1134 4326 τῷ
1172 4256 1292 4328 Θεῷ
1345 4257 1495 4324 τέλος
1530 4259 1622 4312 τὸν
1667 4261 1864 4315 ἑαυτῶν

1976 4264 2284 4327 facientes,
2356 4261 2727 4332 glorificamus
2779 4270 2835 4317 et
2886 4262 3174 4319 laudamus
3233 4265 3559 4332 Dominum,

303 4345 715 4406 καταπαύοντες
751 4345 886 4415 βίον.
921 4347 1032 4400 Καὶ
1080 4347 1256 4412 τοῦτο,
1291 4344 1466 4419 οἶμαι,
1496 4351 1556 4403 τὸ
1584 4352 1864 4422 είρημένοκΙ

1979 4353 2033 4406 in
2061 4352 2206 4406 bono
2233 4360 2501 4424 gratoque
2531 4353 2640 4407 Deo
2671 4353 2778 4407 fine
2813 4353 2978 4407 vitam
3033 4363 3321 4423 ponentes.
3357 4356 3420 4411 Et
3447 4357 3554 4412 hoc

300 4435 383 4507 τῷ
405 4435 664 4508 μακαρίῳ
715 4434 897 4501 Δαυῖδ,
926 4437 1006 4489 ὅτι
1040 4438 1312 4508 Διέκυψαν
1336 4439 1536 4503 πάντες
1564 4442 1610 4493 oi
1649 4441 1864 4511 ἐργαζό-

1981 4450 2101 4510 est,
2137 4452 2197 4496 ut
2237 4445 2534 4507 existimo,
2589 4445 2732 4515 quod
2780 4445 3005 4501 divinus
3056 4447 3272 4500 dixerat
3324 4447 3496 4502 David
3547 4467 3560 4503 :

304 4544 460 4599 μενοι
507 4527 606 4598 τὴν
640 4527 896 4597 ἀνομίαν,
945 4529 1096 4592 ὅπως
1144 4527 1208 4581 ἂν
1249 4519 1726 4599 ἐξολοθρευθῶσιν,
1785 4533 1864 4584 καί

1979 4532 2390 4603 ProSpexerunt
2433 4551 2626 4591 omnes
2691 4545 2984 4607 Operantes
3048 4538 3438 4607 iniquitatem,
3502 4547 3564 4590 ut

303 4619 652 4690 ὑψωθήσεται
687 4620 761 4682 ὡς
799 4620 1168 4692 μονοκέρωτος
1221 4621 1282 4672 τὸ
1315 4620 1485 4690 κέρας
1517 4639 1640 4691 μου,
1679 4622 1864 4690 δηλαδὶ

1979 4624 2320 4695 dissipentur
2370 4629 2440 4692 δ’,
2495 4635 2551 4681 et
2617 4628 2925 4683 elevabitur
2975 4629 3135 4698 quasi
3195 4628 3563 4683 monocerotis

298 4713 362 4764 τὸ
393 4713 598 4781 κράτος
623 4711 720 4781 τῆς
751 4711 898 4774 Θείας
947 4711 1234 4777 ἀπαθείας,
1283 4713 1375 4764 καὶ
1399 4712 1462 4765 τὸ
1497 4715 1673 4784 γῆράς
1698 4731 1798 4784 μου
1824 4716 1864 4767 ἐι

1979 4731 2150 4770 cornu
2185 4733 2364 4772 meum
2391 4761 2405 4785 ,
2438 4719 2611 4774 robur
2647 4720 2858 4775 scilicet
2887 4720 3088 4775 divina:
3119 4719 3437 4774 securitatis
3464 4759 3480 4781 ,
3511 4727 3565 4772 et

298 4803 473 4872 ἐλαίῳ
507 4803 692 4854 πίονι·
721 4801 798 4873 τῷ
829 4803 937 4871 γὰρ
993 4801 1168 4873 νοητῷ
1215 4803 1379 4874 ἐλαίῳ
1421 4803 1516 4856 τοῦ
1561 4804 1864 4875 Κρείττονος

1980 4818 2237 4863 senectus
2264 4825 2380 4863 mea
2411 4810 2465 4863 in
2509 4809 2631 4864 oleo
2662 4810 2849 4880 pingui
2886 4828 2900 4864 :
2936 4825 3060 4864 nam
3090 4808 3443 4864 intellectuali
3471 4807 3564 4863 Det

299 4894 689 4964 πιανθήσεται,
741 4895 927 4966 φησὶν,
984 4898 1012 4948 ὁ
1062 4895 1368 4967 ἀγωνιστὴς
1427 4896 1730 4968 ἅνθρωπος,
1765 4900 1793 4951 ὁ
1825 4898 1864 4950 τὶ

1991 4897 2112 4952 oleo
2150 4899 2602 4969 impinguabitur,
2645 4904 2756 4964 ait,
2792 4901 2952 4954 homo
2985 4909 3246 4965 certator,
3281 4899 3372 4968 qui
3410 4900 3566 4969 prius

296 4989 440 5058 πρὶν
467 4989 890 5059 καταπονηθεὶς,
927 4989 1018 5041 καὶ
1056 4988 1518 5059 τεταριχευμένος
1555 4992 1620 5060 τῇ
1662 4991 1864 5062 ἐνοχλή-

1990 5001 2288 5056 oppressus
2310 5001 2362 5044 et
2390 4992 2707 5044 exsiccatus
2736 4989 2914 5045 fuerat
2946 4991 3242 5044 multarum
3275 4990 3565 5059 perturba-

298 5096 386 5132 σει
421 5079 522 5149 τῆς
557 5079 940 5144 πολυπαθείας.

1991 5079 2203 5134 tionum
2235 5080 2550 5140 afflictione.

649 5174 784 5227 PM'.
818 5202 888 5212 —
921 5173 1209 5246 ΚΥΡΙΝῘῼ
1239 5175 1549 5245 ΜΟΝΛΧῼ.

373 5264 556 5332 Ἀγαν
581 5263 865 5334 φθονοῦσιν
892 5268 942 5320 οἱ
977 5267 1230 5337 δαίμονες
1268 5270 1378 5330 τοῖς
1404 5267 1501 5338 τὴν
1527 5267 1882 5338 σωφροσύνην

297 5354 734 5426 ἀσπαζομένοις,
780 5359 874 5411 καὶ
927 5358 1202 5428 πονηρὰς,
1274 5359 1368 5412 καὶ
1426 5358 1884 5428 ἀπηγορευμένας

296 5447 602 5518 ἐπιθυμίας
634 5449 961 5518 ἐμϐάλλουσι
991 5453 1102 5512 τοῖς
1137 5449 1578 5519 ἀγωνιζομένοις.
1617 5449 1757 5501 Ἂλλ⁹
1786 5450 1885 5502 ούκ

297 5537 614 5609 ἀθυμητέον
645 5540 736 5593 ἐπὶ
760 5539 936 5610 τούτῳ
957 5556 970 5570 ·
1009 5538 1205 5611 μᾶλλον
1234 5538 1341 5609 γὰρ
1383 5535 1721 5608 νευρούμεθα
1749 5535 1886 5588 κατὰ

373 5717 420 5748 δ’
450 5714 596 5772 Psal.
631 5731 740 5776 xei.
769 5719 820 5772 8.

2313 5173 2473 5230 CXL.
2495 5175 2862 5232 —CYRINIO
2899 5171 3250 5230 MONACIIO.

2061 5267 2287 5323 Multum
2319 5266 2568 5322 invident
2597 5271 2872 5324 darmones
2902 5268 2971 5324 iis
2995 5307 3009 5330 ,
3048 5267 3141 5337 qui
3172 5265 3566 5320 continentiam

1992 5361 2434 5427 amplectuntur,
2475 5365 2529 5413 et
2588 5375 2752 5430 prava
2803 5359 3082 5428 vetitaque
3119 5354 3393 5412 desideria
3444 5370 3568 5410 cer-

1993 5450 2239 5504 tantibus
2274 5451 2548 5519 iugerunt.
2589 5452 2693 5507 Sed
2751 5466 2858 5504 non
2911 5459 2995 5507 est
3031 5456 3319 5520 propterea
3354 5443 3568 5501 animus

1995 5539 2410 5594 (leniittendus:
2455 5541 2628 5612 magis
2670 5541 2814 5596 enim
2857 5557 2952 5611 per
2990 5556 3082 5597 eas
3133 5538 3325 5593 turbas
3373 5551 3572 5593 nervos
