3968 6214
418 332 529 398 259

1904 319 1964 378 S.
2002 319 2163 379 NILI

3586 293 3702 358 260

426 453 693 508 adversus
724 457 939 502 nostros
968 446 1154 502 hostes
1195 444 1564 508 intendimus,
1600 451 1864 512 tanto-que
1895 456 2010 494 ma-

2124 438 2220 491 τῶν
2247 434 2456 507 ἐχθρῶν
2481 433 2634 505 ήμῶν
2681 430 2768 484 διὰ
2834 429 2931 499 τῆς
2965 424 3299 496 ἐνοχλήσεως
3320 437 3332 450 ·
3365 419 3550 472 πλεῖον
3587 419 3705 487 γὰρ

424 543 509 612 gis
527 542 581 594 in
608 540 871 593 bonorum
895 538 1358 606 promissionibus
1383 535 1716 598 stabilimur,
1745 546 2013 604 quantum

427 646 454 681 τι
492 627 830 698 voluptuosis
859 628 1270 698 immnndisque
1300 627 1642 682 daamonihus
1662 625 2012 680 amictamur.

422 718 558 772 Nam
587 733 712 772 cum
751 717 1056 772 adversarii
1087 719 1330 789 ingentia
1360 733 1482 773 esse
1499 717 1642 771 bona
1663 757 1677 779 ,
1706 731 1829 786 quae
1859 713 2016 769 nobis

424 811 680 866 Christus
717 810 1010 880 promisit,
1062 812 1270 880 optime
1303 809 1571 872 calleant,
1613 807 1878 863 adversus
1914 821 2016 861 nos

424 901 634 970 ingenti
663 901 949 956 iracundia
980 902 1356 956 exardescuut
1382 943 1396 964 ,
1428 910 1482 954 et
1514 898 1814 953 invidentia
1845 915 2018 970 oppu-

425 999 596 1061 gnant
623 991 880 1046 obscenis
903 1000 957 1045 et
989 991 1419 1060 improbissimis
1451 989 1840 1045 aﬂectionibus
1865 1030 1880 1054 ,
1921 1005 2012 1045 ve-

428 1079 822 1151 hementerque
860 1081 1105 1152 amigunt
1143 1081 1432 1146 homines,
1485 1081 1578 1150 qui
1633 1067 1710 1134 ’ad
1755 1081 2016 1134 virtutem

435 1173 795 1227 contendunt.
847 1172 1198 1242 Quapropter
1250 1173 1376 1226 licet
1419 1171 1746 1240 appetentizc
1781 1171 2020 1225 intume-

433 1269 626 1326 scant,
678 1261 1236 1330 inﬂammenturquc,
1286 1267 1341 1314 ct
1388 1261 1703 1329 voluptates
1747 1259 2016 1324 snt-didm;

431 1354 558 1408 licet
582 1367 714 1406 caro
747 1352 986 1406 admotis
1019 1351 1263 1405 stimulis
1293 1350 1498 1416 satiat;
1537 1351 1662 1403 licet
1697 1350 1876 1404 omnis
1909 1351 2025 1403 cir-

431 1441 812 1511 cumspectio,
871 1449 925 1494 et
962 1455 1236 1510 perversae
1288 1438 1448 1508 180
1493 1438 1697 1493 diaboli
1753 1439 2020 1493 machinae

431 1549 531 1588 nos
561 1545 879 1602 oppugnent
908 1550 920 1584 :
949 1531 1210 1585 universa
1241 1532 1380 1594 haec,
1419 1540 1474 1584 ct
1500 1530 1603 1583 [ide
1629 1567 1644 1592 ,
1683 1537 1736 1582 et
1775 1529 2020 1598 psalmo-

429 1639 551 1677 rum
577 1631 849 1678 concentu
868 1663 881 1684 ,
916 1631 969 1678 ct
997 1622 1230 1678 lection‘c
1250 1662 1265 1686 ,
1301 1630 1356 1676 et
1384 1621 1719 1676 demissione
1749 1620 1938 1682 animi,
1967 1627 2021 1674 et

431 1715 555 1768 aliis
617 1713 1062 1776 certaminibus,
1113 1720 1170 1767 et
1226 1727 1395 1782 super
1455 1711 1561 1764 alia
1599 1710 1838 1765 nominis
1889 1708 2019 1765 Jcsu

431 1807 636 1862 Christi
674 1806 767 1862 Dei
798 1803 1188 1881 humanissimi
1213 1842 1228 1866 ,
1259 1802 1676 1872 Salvatorisquc
1709 1801 1887 1856 nostri
1917 1802 2019 1854 im-
2053 1794 2092 1848 Β

432 1896 742 1967 ploratione
777 1910 1128 1965 superamus.
1150 1891 1340 1964 Neque
1365 1892 1480 1948 ﬁeri
1513 1901 1694 1960 potest
1717 1899 1778 1947 ut
1801 1892 2018 1946 adversi

431 1985 713 2039 daemones
769 1999 870 2038 nos
917 1991 1269 2054 oppugnent,
1308 1984 1361 2036 ni
1407 1983 1564 2052 prius
1600 1997 1700 2037 nos
1733 1998 1830 2052 per
1860 1985 2020 2038 tidem

435 2072 708 2126 modicam
738 2071 990 2126 timorem
1045 2072 1295 2124 divinum
1327 2085 1422 2140 per
1471 2078 1824 2124 transennam
1858 2085 2022 2140 aspe-

438 2161 681 2214 xerimus
707 2201 721 2222 ,
750 2166 804 2214 et
853 2175 881 2212 a
933 2159 1169 2213 Domino
1207 2159 1370 2213 nobis
1404 2168 1678 2228 praecepta
1716 2158 2023 2227 neglexeri-

438 2269 576 2307 nms.
634 2252 773 2307 Sunt
823 2253 1009 2321 itaque
1063 2252 1315 2306 nonnulli
1376 2251 1694 2316 daemones,
1749 2251 1842 2320 qui
1901 2265 2023 2304 sese

436 2344 694 2400 humanis
725 2344 1054 2414 corporibus
1087 2343 1382 2398 induentes
1406 2381 1421 2404 .
1463 2358 1768 2413 omnesque
1815 2344 2023 2397 instruo

437 2434 607 2486 tuenti
648 2433 795 2488 vires
847 2432 1132 2498 fellantes,
1179 2441 1232 2486 et
1271 2434 1591 2503 languorem
1637 2435 1855 2504 corpori
1890 2450 2024 2488 con-

436 2523 730 2588 ciliantes,
767 2523 896 2578 licet
941 2525 1098 2577 nulla
1133 2523 1279 2577 adsit
1317 2524 1614 2578 infirmitas
1641 2565 1654 2588 ,
1687 2525 1774 2577 vel
1817 2526 2025 2580 valetu-

436 2614 856 2680 dinisinitium;
894 2615 1029 2684 quin
1053 2615 1222 2670 etiam
1253 2614 1320 2667 ad
1345 2616 1458 2669 haac
1489 2616 1674 2669 animo
1705 2616 1981 2671 tristitiam
2005 2657 2020 2680 ,

438 2713 494 2758 et
522 2711 776 2773 tepentes
809 2705 1174 2775 cogitationes
1203 2706 1510 2760 immittunt
1544 2725 1556 2761 :
1596 2723 1718 2776 qum
1758 2722 2023 2777 generosa

441 2795 702 2848 lirmitate
728 2833 744 2858 ,
781 2801 834 2847 et
861 2795 1124 2864 prudenti
1156 2797 1323 2850 corde
1349 2797 1636 2866 ejicientes
1655 2837 1668 2861 ,
1701 2798 1883 2851 omnia
1915 2799 2026 2850 cir-

439 2884 830 2953 cumspicienti
871 2883 983 2938 Deo
1016 2884 1396 2940 adhzereamus
1436 2888 1691 2942 dicentes
1727 2905 1739 2940 :
1799 2906 1818 2937 ι
1863 2885 2026 2956 Eripe

439 2990 530 3028 me
565 2990 632 3028 ex
670 2973 914 3029 inimicis
968 2975 1107 3030 meis
1132 3017 1146 3041 ,
1201 2975 1345 3030 Deus
1371 3015 1385 3042 ,
1425 2989 1481 3032 et
1514 2978 1582 3031 ab
1611 2978 2025 3047 insurgentibus

439 3069 494 3120 iu
552 3081 639 3120 me
679 3066 848 3121 libera
892 3082 977 3122 me
997 3065 1045 3098 ’⁵³
1094 3082 1107 3118 :
1150 3085 1168 3118 ι
1205 3068 1383 3124 releva
1437 3069 1677 3122 animam
1729 3084 1903 3123 meam
1956 3085 2021 3125 ex

441 3159 604 3213 malis
637 3173 832 3212 eorum
872 3160 1156 3228 operibus.
1194 3161 1669 3226 Quemadmodum
1705 3177 1832 3217 vero
1869 3162 2024 3217 Sam-

442 3249 566 3304 soni
640 3250 918 3319 quondam
981 3259 1208 3320 propter
1257 3253 1714 3322 intemperantem
1765 3255 2020 3323 volupta-

443 3351 551 3394 tem
601 3342 829 3412 contigit
877 3342 934 3395 in
983 3358 1179 3396 manus
1237 3344 1638 3414 allaphylorum
1690 3346 1932 3400 incidere
1955 3345 2020 3408 ι’,

443 3440 500 3486 et
527 3446 652 3500 qua:
679 3431 791 3502 jam
828 3433 894 3486 de
921 3447 986 3487 eo
1018 3433 1224 3502 scripta
1255 3442 1420 3498 sunt,
1450 3437 1660 3504 perpeti
1691 3454 1702 3488 :
1739 3436 1843 3490 hoc
1879 3436 2021 3490 idem

440 3529 496 3574 et
525 3537 676 3575 nunc
717 3523 1032 3592 depravatis
1071 3525 1450 3593 voluptatibus
1491 3527 1725 3580 irretitis
1769 3528 2021 3598 obtingit.

446 3611 695 3682 Namque
721 3630 846 3668 cum
883 3615 1089 3669 sordidi
1115 3617 1382 3670 dannonis
1417 3618 1642 3687 impetui
1671 3619 2024 3689 cogitationis

401 3767 406 3774 ο
442 3702 687 3758 hominis
726 3705 912 3759 locum
959 3707 1248 3774 dederint,
1285 3709 1470 3763 divina
1520 3713 1696 3780 gratia
1734 3710 1801 3764 ad
1835 3722 2023 3766 custo-

441 3797 589 3850 diam
612 3797 811 3851 anima:
837 3799 1142 3869 advigilans
1173 3801 1454 3866 concedit,
1481 3813 1538 3858 et
1569 3804 1847 3857 dmmoncs
1881 3805 2023 3858 irre-

447 3886 605 3970 titum
637 3888 968 3958 arripientes
993 3931 1008 3956 ,
1037 3905 1252 3946 onmem
1293 3892 1347 3945 iu
1376 3909 1443 3946 eo
1472 3895 1844 3962 pudibundum
1878 3896 2026 3967 cogi-

442 3977 714 4031 tationem
764 3988 1069 4046 excavant,
1113 3991 1167 4036 et
1221 3985 1701 4040 indissolubilibus
1752 3987 2023 4041 titillatio-

439 4080 575 4120 nunt
605 4082 785 4132 pravae
811 4070 1115 4140 voluptatis
1139 4075 1371 4128 vinculis
1399 4075 1640 4145 illigant,
1672 4087 1727 4130 et
1758 4077 1811 4130 in
1845 4079 2026 4146 supel-

441 4153 681 4208 lectilem
711 4157 938 4211 malitize
969 4160 1347 4217 conducentes
1371 4205 1385 4228 ,
1421 4167 1830 4220 consuetudine
1857 4183 2024 4236 prava

442 4247 600 4301 mola:
630 4262 855 4316 operam
889 4251 1022 4308 dare
1060 4257 1413 4312 constituunt
1439 4295 1453 4318 ,
1487 4259 1874 4330 deservireque
1908 4261 2023 4315 dia-

442 4337 569 4392 bolo
608 4339 806 4395 diebus
836 4358 902 4398 ac
943 4348 1201 4404 noctibus
1236 4350 1484 4421 integris.

535 4524 690 4595 181
730 4525 886 4592 Quod
921 4530 966 4584 si
1003 4533 1334 4602 resipiscens
1390 4549 1510 4590 sese
1568 4536 2021 4607 circumspexerit

440 4615 622 4669 anima
678 4621 918 4687 peccatis
971 4623 1282 4693 illaqueati,
1335 4641 1458 4680 cum
1507 4627 1694 4681 dolore
1741 4630 1922 4683 cordis
1953 4631 2018 4683 ad

439 4707 606 4760 Deum
639 4707 990 4777 ingemuerit.
1023 4722 1076 4766 et
1107 4713 1301 4769 mediis
1333 4717 1586 4784 precibus
1620 4733 1683 4771 ac
1709 4719 1848 4772 votis
1881 4719 2019 4774 iuvi-

442 4798 700 4854 sibilibus
723 4799 940 4856 Domini
977 4803 1208 4873 pedibus
1252 4808 1560 4875 adhaeserit,
1605 4811 1723 4863 iniit
1755 4811 2016 4868 Dominus

436 4889 678 4958 angelis,
724 4892 1185 4960 qttemadmodum
1225 4896 1293 4951 de
1343 4897 1685 4954 Sunamitide
1741 4901 2010 4957 Elisa-us:

440 4977 616 5034 Sinite
645 4995 764 5035 eam
801 4982 987 5038 venire
1025 4985 1092 5038 ad
1133 5001 1240 5050 me,
1273 4995 1326 5040 et
1367 5004 1435 5042 ne
1479 4989 1742 5058 rejiciatis
1791 5006 1908 5045 eam
1945 4993 2010 5046 ⁸³.

439 5067 589 5124 Licet
640 5071 786 5126 enim
843 5075 1049 5129 nullam
1087 5077 1341 5132 virtutem
1394 5083 1687 5150 possideat,
1739 5102 1915 5155 neque
1959 5089 2012 5142 in

438 5159 636 5215 virtute
671 5163 792 5231 ejus
825 5181 953 5236 erga
977 5184 1062 5224 me
1097 5177 1309 5224 tantum
1346 5171 1562 5228 ﬁducia:
1591 5175 1658 5228 sit
1695 5193 1708 5228 :
1742 5177 2014 5232 nihilomi-

436 5268 540 5308 nus
567 5257 787 5322 quando
817 5258 962 5315 illius
993 5277 1086 5316 cor
1123 5279 1350 5334 prorsus
1391 5281 1638 5322 amarum
1666 5277 1750 5324 est
1806 5279 1859 5324 et
1897 5273 2013 5326 sine

435 5347 547 5401 ullo
574 5362 828 5419 respectu
862 5355 1003 5422 apud
1041 5372 1128 5411 me
1161 5359 1444 5428 provoluta
1476 5371 1561 5415 est
1589 5377 1713 5416 cum
1755 5363 2012 5435 lacrymis

433 5447 488 5491 et
535 5439 849 5506 aﬂlictione,
887 5444 1059 5514 ipsam
1105 5450 1322 5520 excipio
1371 5454 1654 5522 salvoque.
1703 5453 1851 5523 Opus
1885 5471 2012 5510 \cro

439 5526 596 5582 nobis
647 5541 729 5586 est
760 5535 1280 5605 omnipotentissimi
1317 5549 1370 5596 ct
1403 5545 1796 5612 sapientissimi
1838 5546 2011 5616 Spiri-

437 5627 523 5674 tus
552 5621 746 5685 virtus,
783 5635 834 5680 et
879 5630 1052 5697 gratia
1097 5633 1256 5687 nobis
1297 5635 1552 5690 alacriter
1610 5641 2009 5708 conquirenda.

506 5735 553 5766 "
582 5734 727 5791 Psal.
767 5755 920 5808 t.v.n,
950 5741 1005 5794 ‘2.
1083 5746 1126 5776 ii
1157 5747 1336 5804 Judic.
1371 5769 1480 5820 xu,
1516 5756 1745 5823 passim.

2117 529 2226 582 τῶν
2263 530 2319 580 ἐν
2346 524 2703 594 ἐπαγγελίαις
2737 519 2956 590 ἀγαθῶν
2995 511 3381 589 βεὸαιούμεθα,
3411 512 3468 564 ὲν
3498 509 3573 579 τῷ
3608 510 3706 561 ἐπὶ

2117 618 2370 674 τοσοῦτον
2421 615 2778 687 πειράζεσθαι
2853 611 2957 666 ὑπὸ
3023 609 3132 662 τῶν
3184 603 3556 674 φιλοσάρκων,
3611 603 3708 652 καὶ

2121 709 2382 783 ῥυπαρῶν
2423 707 2715 776 δαιμόνων.
2769 703 2983 786 Εἱδύτες
3033 699 3144 768 γὰρ
3175 697 3224 750 οἱ
3249 694 3455 786 ἐχθροί,
3487 693 3570 745 ὅτι
3609 708 3709 786 με·

2119 782 2260 870 γάλα
2289 798 2468 868 ἀγαθὰ
2494 801 2522 851 6
2546 796 2748 867 Κύριος
2770 782 3135 864 ἐπηγγείλατο
3155 790 3307 860 ἡμῖν,
3323 785 3529 855 σφόδρα
3550 782 3712 851 ὀργί-

2120 893 2302 959 ζονται
2332 890 2454 945 καθ’
2484 888 2662 961 ήμῶν,
2691 887 2786 941 καὶ
2833 883 3218 956 βασκαίνοντες
3262 877 3709 939 ἀντιτάσσονται,

2119 983 2205 1037 διὰ
2228 982 2340 1036 τῶν
2372 979 2637 1051 αἰσχρῶν,
2673 977 2768 1031 καὶ
2792 973 3139 1045 φαυλοτάτων
3189 968 3396 1032 παθῶν,
3449 967 3546 1019 καὶ
3583 965 3715 1018 λίαν

2121 1073 2459 1128 ἑκθλίϐουσιν
2511 1070 2638 1132 τοὺς
2701 1067 2835 1136 πρὸς
2896 1065 2996 1136 τὴν
3059 1061 3258 1134 ἀρετὴν
3311 1060 3714 1128 ἐπειγομένους

2121 1163 2460 1232 ἀνθρώπους.
2517 1160 2608 1213 Διὸ
2662 1158 2766 1212 κᾶν
2827 1156 3113 1224 ἐπιθυμίαι
3167 1151 3560 1222 φλεγμαίνωσι,
3615 1148 3717 1198 καὶ

2122 1257 2306 1328 ἡδοναὶ
2343 1253 2609 1324 ῥυπαραὶ.
2673 1251 2778 1304 κᾶν
2812 1252 2845 1318 ἡ
2883 1247 3018 1317 σὰρξ
3051 1242 3450 1314 ὲπεγειρομένη
3481 1241 3712 1310 σκιρτᾷ,

2122 1347 2226 1400 κᾶν
2261 1347 2408 1399 πᾶσα
2443 1344 2674 1407 ἐπίνοια,
2694 1343 2788 1394 καὶ
2807 1337 3132 1408 κακοτεχνία
3155 1333 3436 1404 διαϐολικὴ
3466 1332 3717 1403 πειράζῃ

2121 1440 2290 1510 ἡμᾶς,
2325 1438 2503 1491 πάντα
2530 1433 2913 1506 ὑπερνικῶμεν
2946 1431 3032 1484 διὰ
3063 1429 3319 1490 πίστεως,
3354 1427 3448 1478 καὶ
3476 1423 3714 1494 ψαλμῳ-

2121 1532 2258 1596 δίας,
2317 1531 2411 1584 καὶ
2469 1526 2848 1596 ἀναγνώσεως,
2885 1525 2978 1576 καὶ
3034 1518 3563 1589 ταπεινοφροσύνης,
3615 1517 3714 1567 καὶ

2122 1622 2230 1676 τῶν
2269 1622 2442 1676 ἄλλων
2495 1618 2914 1688 ἀγωνισμάτων,
2957 1615 3052 1668 καὶ
3090 1613 3230 1680 ὑπὲρ
3283 1611 3462 1663 πάντα
3487 1607 3574 1661 διὰ
3604 1607 3713 1675 τῆς

2125 1714 2464 1786 ἐπικλήσεως
2519 1710 2612 1764 τοῦ
2661 1709 2924 1780 ὀνόματος
2963 1705 3140 1777 Ἰησοῦ
3178 1701 3424 1775 ξΧριστοῦ
3456 1701 3550 1753 τοῦ
3583 1700 3708 1769 φιλο

2122 1805 2410 1878 ανθρώπου
2441 1803 2574 1856 Θεοῦ
2626 1801 2720 1855 καὶ
2775 1799 3028 1866 Σωτῆρος
3065 1795 3238 1865 ἡμῶν.
3277 1793 3351 1846 Ού
3393 1791 3627 1844 δυνατὸν
3651 1789 3710 1842 δὲ

2123 1894 2447 1964 κατισχύσαι
2477 1890 2634 1963 ἡμῶν
2678 1889 2805 1951 τοὺς
2858 1887 3151 1956 πολεμίους
3183 1882 3464 1953 δαίμονας,
3501 1880 3597 1933 ἐὰν
3636 1880 3713 1949 μὴ

2123 1988 2344 2058 πρῶτον
2378 1986 2540 2055 ἡμεῖς
2580 1981 2672 2034 τοῦ
2731 1981 2876 2032 θείου
2910 1979 3074 2048 φόϐου
3110 1975 3618 2045 καταφρονήσωμεν
3645 1971 3715 2024 δι’

2123 2077 2517 2146 ὀλιγοπιστίαν,
2555 2075 2648 2128 καὶ
2683 2073 3052 2144 ἀμελήσωμεν
3097 2070 3201 2124 τῶν
3239 2068 3342 2120 ὑπὸ
3367 2067 3461 2120 τοῦ
3498 2065 3716 2135 Κυρίου

2123 2170 2470 2240 ὲνταλμένων
2493 2169 2642 2238 ἡμῖν.
2673 2165 2826 2218 Εἰσὶν
2853 2160 2946 2216 οὖν
2982 2177 3125 2224 τινες
3157 2159 3404 2228 δαίμονες
3427 2156 3486 2209 τὸ
3501 2155 3712 2227 ἀνθρὼ-

2124 2278 2277 2314 πινον
2311 2259 2630 2318 ύποδύοντες
2695 2256 2875 2325 σῶμα,
2942 2253 3037 2306 καὶ
3100 2254 3279 2304 πᾶσαν
3327 2248 3422 2301 τοῦ
3469 2247 3714 2317 ὀργάνου

2129 2353 2388 2423 μύζοντες
2437 2351 2536 2419 τὴν
2581 2347 2814 2415 δύναμιν
2847 2386 2861 2408 ,
2908 2343 3198 2415 ἀδράνειάν
3247 2358 3305 2394 τε
3346 2339 3442 2392 καὶ
3490 2338 3718 2391 ἔκλυσιν

2126 2448 2308 2499 πᾶσαν
2339 2441 2524 2512 σχεδὸν
2553 2440 2789 2500 ὲνιόντες
2856 2439 2970 2496 τοῖς
3025 2434 3235 2505 μέλεσι,
3269 2433 3446 2487 καίτοι
3480 2431 3718 2502 μηδενὸς

2128 2537 2394 2607 παρόντος
2453 2533 2757 2602 νοσήματος
2809 2529 2842 2599 ἢ
2894 2527 3224 2600 ἀρρωστίας.
3266 2525 3426 2578 ’Λλλά
3461 2542 3524 2593 γε
3571 2523 3718 2594 πρὸς

2125 2629 2356 2690 τούτοις,
2392 2625 2484 2678 καὶ
2529 2626 2608 2687 είς
2670 2620 2870 2691 πολλὴν
2907 2620 3146 2690 ἀθυμίαν
3180 2618 3276 2670 καὶ
3318 2617 3537 2688 χλιαρὸν
3569 2617 3717 2686 φρό-

2127 2739 2274 2791 νημα
2334 2719 2662 2790 ἐμϐάλλουσι
2711 2715 2810 2786 τὴν
2860 2713 3060 2784 ψυχὴν,
3105 2711 3359 2776 οὕστινας
3380 2713 3718 2781 διωσάμενοι

2126 2811 2358 2882 γενναίῳ
2381 2811 2648 2880 λογισμῷ,
2706 2808 2799 2862 καὶ
2824 2806 3070 2878 νηφαλίῳ
3109 2806 3309 2875 καρδία
3331 2804 3408 2874 τῷ
3434 2803 3714 2856 παντεπὸ-

2128 2921 2238 2978 πτῃ
2257 2904 2375 2974 Θεῷ
2397 2904 2464 2957 δι’
2487 2904 2652 2972 εὐχῆς
2705 2898 3058 2970 κολληθῶμεν
3109 2897 3356 2965 λέγοντες
3383 2913 3396 2926 ·
3427 2914 3445 2946 ι
3491 2893 3712 2960 Ἐξελοῦ

2131 3015 2197 3070 με
2220 3000 2284 3050 ἐκ
2310 2997 2418 3048 τῶν
2455 2995 2664 3065 ἐχθρῶν
2691 3011 2814 3064 μου,
2843 2995 2870 3046 6
2896 2991 3048 3054 Θεὸς,
3084 2993 3177 3044 καὶ
3203 2992 3264 3043 ὲκ
3290 2989 3397 3041 τῶν
3415 2989 3713 3041 ἐπανιστα-

2051 3127 2091 3184 C
2131 3091 2307 3161 μένων
2337 3089 2422 3142 ἐπ’
2458 3088 2555 3156 ἐμὲ
2607 3083 2884 3157 λύτρωσαί
2915 3101 3002 3154 με.
3035 3103 3052 3133 ι
3102 3082 3578 3151 Ἀποκατὰστησον
3608 3082 3712 3150 τὴν

2125 3183 2304 3252 ψυχήν
2333 3197 2432 3250 μου
2474 3179 2580 3232 ἀπὸ
2612 3173 2714 3248 τῆς
2774 3175 3113 3248 κακουργίας
3165 3173 3367 3228 αὐτῶν.
3413 3173 3626 3242 ’Ὠσπερ
3653 3171 3712 3225 δὲ

2125 3271 2202 3341 τῷ
2232 3268 2470 3340 Σαμψὼν
2505 3267 2822 3339 συμϐέϐηκέ
2879 3284 3008 3320 ποτε
3041 3265 3130 3320 διὰ
3153 3264 3463 3335 φιληδονίαν
3494 3264 3574 3326 εἰς
3594 3267 3716 3332 χεῖ-

2127 3379 2226 3432 ρας
2259 3363 2519 3432 ἐμπεσεῖν
2551 3361 2660 3413 τῶν
2711 3359 3043 3428 ἀλλοφύλων,
3083 3359 3177 3412 καὶ
3222 3357 3412 3411 παθεῖν
3434 3358 3616 3410 ἐκεῖνα
3639 3358 3714 3410 τὰ

2125 3453 2490 3524 γεγραμμένα
2519 3453 2648 3525 περὶ
2673 3452 2858 3518 αὑτοῦ,
2891 3452 3050 3505 τοῦτο
3076 3451 3173 3504 καὶ
3196 3447 3290 3503 νῦν
3317 3450 3532 3510 πάντως
3563 3449 3714 3502 κατὰ⁵

2123 3546 2300 3616 ψυχὴν
2360 3545 2569 3613 γίνεται
2622 3545 2700 3616 τῷ
2750 3542 3228 3614 ἀγκιστρευομένῳ
3281 3543 3420 3603 ταῖςῑ
3443 3543 3712 3609 πονηραῖς

2125 3638 2375 3707 ἡδοναῖς·
2408 3640 2473 3708 τῇ
2535 3638 2644 3709 γὰρ
2699 3636 2969 3708 προσϐολῇ
3016 3635 3110 3688 τοῦ
3167 3633 3410 3704 ῥυπαροῦ
3453 3634 3710 3702 δαίμονος

2125 3727 2681 3799 ἐπακολουθησάντων
2751 3728 2861 3781 τῶν
2907 3726 3185 3796 λογισμῶν
3237 3725 3331 3780 τοῦ
3381 3725 3710 3794 ἀνθρώπου,

2125 3819 2420 3888 ἀῳίσταται
2465 3821 2564 3889 μὲν
2598 3821 2630 3890 ἡ
2661 3811 2974 3890 φρουροῦσα
3019 3818 3120 3889 τήν
3156 3818 3334 3888 ψυχὴν
3375 3817 3491 3870 θεῖα
3522 3817 3708 3887 χάρις,

2126 3910 2504 3982 ἐπιλαϐόμενοι
2533 3910 2588 3964 δὲ
2613 3909 2706 3963 τού
2724 3911 3081 3982 ἁγρευθὲντος
3105 3912 3152 3962 οί
3176 3910 3444 3979 δαίμονες,
3483 3909 3712 3979 ἐξορύτ·

2125 4021 2308 4056 τουσιν
2335 4000 2498 4055 αὑτοῦ
2557 4003 2664 4054 πᾶν
2698 4002 3032 4072 σωφρονικὸν
3068 4001 3269 4072 νόημα,
3306 4000 3713 4070 δεσμεύουσιδὲ

2123 4097 2236 4157 -ςοῖς
2271 4093 2550 4155 δυσλύτοις
2585 4092 2692 4145 τῶν
2747 4092 3164 4162 γαργαλισμῶν,
3197 4091 3289 4145 καὶ
3337 4094 3448 4153 τοῖς
3473 4092 3712 4160 αἰσχρᾶς

2127 4183 2422 4254 ἐπιθυμίας
2447 4183 2683 4252 δεσμοῖς,
2741 4185 2834 4236 καὶ
2886 4185 2966 4246 είς
3007 4185 3105 4254 τὴν
3145 4184 3319 4251 γάζαν
3373 4184 3712 4252 κατάγοντες

2125 4275 2224 4339 τῆς
2254 4274 2452 4336 κακίας
2511 4274 3024 4344 παρασκευάζουσιν
3087 4273 3306 4343 ἁλήθειν
3336 4277 3400 4343 τῇ
3445 4273 3716 4346 συνηθείᾳ

2123 4368 2190 4434 τῇ
2225 4367 2388 4435 κακῇ,
2423 4365 2518 4416 καὶ
2577 4365 3030 4436 ὲξυπηρετεῖσθαι
3078 4365 3154 4418 τῶ
3188 4365 3415 4433 διαϐόλῳ
3439 4365 3537 4426 τὰς
3563 4367 3714 4436 ήμέ-

2053 4457 2095 4510 D
2127 4474 2245 4527 ρας,
2278 4458 2369 4508 καὶ
2400 4457 2496 4519 τὰς
2519 4456 2718 4520 νύκτας
2748 4457 2895 4520 ὅλας.

2209 4545 2332 4599 ’λίαν
2357 4546 2413 4598 δὲ
2443 4547 2644 4619 δυνηθῇ
2677 4550 2756 4612 είς
2773 4549 2969 4620 ἑαυτὴν
2992 4549 3224 4604 ἐλθοῦσα
3243 4552 3275 4621 ἡ
3296 4548 3437 4619 ψυχὴ
3455 4545 3548 4600 τοῦ
3582 4551 3711 4612 ταῖς

2123 4638 2422 4709 ἁμαρτίαις
2461 4639 2878 4707 παγιδευθέντος
2948 4642 3197 4707 στενάξαι
3250 4642 3386 4711 πρὶς
3416 4638 3547 4691 Θεὸν
3584 4641 3713 4708 μετ’

2121 4727 2314 4799 ὀδύνης
2368 4730 2616 4800 καρδίας,
2679 4731 2773 4784 καὶ
2837 4733 3242 4802 περιπλακῆναι
3277 4733 3342 4784 δι’
3380 4732 3561 4801 εὐχῆς,
3605 4733 3708 4784 καὶ

2124 4812 2354 4887 ἱκεσίας
2391 4825 2502 4886 τοῖς
2553 4824 2809 4894 ἀοράτοις
2838 4825 2930 4876 τοῦ
2966 4825 3239 4877 Asan-5:02:
3301 4827 3427 4877 ποσὶ
3459 4825 3630 4890 λέγει,
3673 4827 3702 4876 6

2121 4916 2326 4986 Κύριος
2366 4919 2477 4979 τοῖς
2518 4916 2792 4984 ἀγγέλοις,
2831 4917 3018 4989 ῶσπερ
3048 4920 3074 4970 6
3110 4918 3412 4979 Ἐλισσαῖος
3441 4918 3566 4986 περὶ
3602 4915 3710 4986 τῆς
3793 4935 3800 4947 ν

2118 5005 2484 5078 Σωμανίτιδος
2508 5024 2521 5037 ’
2559 5011 2760 5077 ’Ἅφετε
2805 5009 2975 5079 αὐτὴν
3013 5011 3298 5081 προσιέναι
3342 5027 3455 5079 μοι,
3503 5010 3595 5060 καὶ
3630 5009 3710 5077 μὴ

2117 5098 2408 5152 ἁ-πὸσεισθε
2442 5099 2631 5167 αὐτήν.
2674 5099 2790 5153 Κᾶν
2824 5101 2936 5172 γὰρ
2976 5102 3245 5172 μηδεμίαν
3291 5100 3553 5169 κέκτηται
3585 5100 3712 5169 ἁρε-

2116 5189 2235 5256 τὴν,
2273 5192 2367 5242 καὶ
2400 5193 2713 5263 παρρησίαν
2745 5195 2881 5264 πρός
2914 5211 3001 5263 με,
3037 5195 3172 5248 ἀλλα
3204 5212 3264 5262 γε
3296 5195 3382 5247 διὰ
3408 5193 3468 5246 τὸ
3503 5194 3689 5245 κατώ-

2122 5281 2277 5335 δυνον
2308 5278 2446 5334 εἶναι
2495 5285 2663 5354 αὐτῆς
2717 5286 2816 5355 τὴν
2846 5286 3093 5357 καρδίαν,
3136 5287 3230 5338 καὶ
3275 5285 3508 5344 ἀναιδῶς
3537 5300 3690 5354 προσ-

2124 5373 2484 5429 κυλινδεῖσθαί
2543 5393 2632 5445 μοι
2706 5377 2843 5445 μετὰ
2906 5378 3202 5448 δακρύων,
3273 5379 3364 5431 καὶ
3430 5377 3703 5446 θλίψεως,

2123 5466 2510 5536 προσδέχομαι,
2554 5468 2647 5518 καὶ
2690 5467 2866 5532 σώζω.
2913 5470 3090 5539 Χρεία
3119 5471 3177 5525 δὲ
3218 5472 3350 5540 ἡμῖν
3384 5469 3476 5522 τοῦ
3508 5485 3712 5521 παντο-

2119 5555 2378 5626 δυνάμου,
2406 5561 2496 5610 καὶ
2527 5561 2804 5628 πανσόφου
2837 5561 3178 5632 Πνεύματος,
3205 5562 3492 5632 δυνάμεώς
3516 5579 3576 5614 τε
3607 5563 3710 5627 καὶ

2126 5646 2367 5716 χάριτος,
2405 5649 2546 5717 ἅπερ
2575 5652 2755 5714 ζητεῖν
2783 5653 3034 5724 εὐθύμως
3060 5654 3368 5723 ὀφείλομεν.
3404 5652 3562 5708 Οὕτω
3594 5653 3708 5724 γὰρ

1824 5758 1866 5787 ⁵⁵
1897 5759 1959 5812 ιι·
2003 5759 2140 5832 Reg.
2189 5778 2264 5826 tv,
2296 5763 2382 5817 57.

3503 5858 3522 5887 Ι
