4012 6196
347 325 456 393 261

1583 323 2121 384 EPISTOLARUM
2167 326 2308 383 LIB.
2352 327 2432 385 Π.

3531 335 3636 399 2“?-

347 444 420 496 ἂν
445 441 507 494 τδ
531 440 630 510 μὲν
653 437 804 502 τόξον
829 435 932 490 τῶν
953 435 1194 489 δυνατῶν
1219 439 1284 508 τῇ
1303 437 1471 509 κακία
1492 437 1760 506 δαιμόνων
1781 437 1941 490 ἀσθε-

2055 435 2158 488 liae
2199 437 2467 507 siquidem
2519 440 2731 494 ratione
2777 456 3193 511 generosarum,
3232 459 3295 497 ac
3330 449 3632 513 potentium

349 537 511 604 νήσει
570 529 1042 594 κατατοξευὸντων
1082 529 1229 598 ἡμᾶς
1278 531 1387 592 τοῖς
1449 531 1545 598 τῆς
1601 529 1944 599 ἡδυπαθείας

349 625 674 694 λογισμοῖς,
723 621 914 693 ῶσπερ
963 622 1078 674 τισὶ
1137 621 1558 690 πεπυρωμένοις
1615 620 1862 689 βέλεσιν·
1899 621 1948 672 οἱ

348 720 412 772 δὲ
457 719 518 770 τὸ
549 717 680 786 πρὶν
731 713 1096 782 ἠσθενηκὸτες
1131 714 1345 779 πιστοὶ,
1406 711 1634 782 ὕστερον
1699 713 1948 782 μεγάλως

354 805 906 876 ὲνδυναμωθήσονται
951 805 1030 864 εἰς
1061 802 1158 871 τὴν
1207 801 1315 855 τῶν
1355 802 1614 854 ἐναντίων
1648 801 1944 871 ἀναίρεσιν.

353 897 471 948 Καὶ
489 895 648 948 τοῦτο
697 893 808 963 ἄρα
837 893 1006 953 ἔστιν,
1039 893 1180 962 ὅπερ
1217 891 1641 963 προφητεύουσα
1676 895 1708 962 ἡ
1748 909 1940 945 πιστο-

355 991 494 1058 τάτη
561 989 745 1059 μήτηρ
807 984 900 1038 τοῦ
955 985 1211 1056 Σαμουὴλ
1263 985 1448 1052 ἔλεγε,
1494 985 1660 1050 Τὁξον
1703 985 1947 1040 δυνατῶν

357 1081 646 1150 ἠσθένησε,
667 1080 764 1132 καὶ
787 1081 834 1130 οἱ
865 1078 1222 1140 ἀσθενοῦντες
1257 1077 1662 1148 περιεζώσαντο
1692 1076 1942 1146 δύναμιν.

358 1172 568 1234 Σκοπὸς
597 1170 676 1240 τῷ
721 1167 1078 1240 δημιουργῷ,
1126 1170 1220 1222 καὶ
1270 1170 1550 1240 ζωγράφῳ
1593 1171 1691 1240 τῆς
1746 1171 1945 1232 κακίας

356 1265 592 1332 δαίμονι.
620 1264 698 1324 είς
727 1262 954 1330 βαρεῖαν
993 1261 1083 1313 καὶ
1112 1259 1546 1331 ἀπαραμύθητον
1567 1259 1744 1326 λύπην
1769 1261 1944 1331 ἐμϐα-

357 1359 474 1410 λεῖν
513 1357 748 1409 ἕκαστον
801 1355 1122 1424 ἄνθρωπον,
1171 1356 1265 1407 καὶ
1327 1354 1636 1423 ἀποστῆσαι
1687 1356 1942 1420 τέστεως,

355 1452 580 1512 ἐλπίδος
600 1450 694 1502 καὶ
719 1449 817 1515 τῆς
844 1447 991 1508 Θείας
1019 1446 1260 1515 ἀγάπης,
1286 1445 1431 1516 ἅπερ
1450 1447 1567 1498 ἐστὶ
1603 1447 1944 1516 καιριώτερά

354 1561 418 1596 τε
470 1543 569 1595 καὶ
614 1540 872 1613 κράτιστα
924 1539 1020 1608 τῆς
1079 1539 1158 1600 εἰς
1205 1539 1437 1606 Χριστὸν
1491 1538 1791 1602 εὐσεϐείας.
1846 1541 1945 1593 Διά

355 1633 524 1685 τοῦτο
551 1631 644 1683 καί
669 1648 817 1694 τινας
843 1630 951 1682 τῶν
993 1629 1199 1682 πιστῶν
1233 1631 1645 1700 παρασκευάζει
1683 1629 1943 1692 πολλάκις

356 1724 454 1777 διὰ
504 1723 602 1792 τῆς
654 1721 960 1791 κτηνώδους
1000 1725 1290 1792 κινήσεως,
1344 1723 1440 1775 καὶ
1487 1722 1578 1774 ἐπὶ
1626 1722 1793 1776 αὑτοῦ
1845 1720 1940 1773 τοῦ

355 1816 523 1882 ἁγίου
551 1815 700 1866 οἴκου
730 1813 873 1883 ῥέειν
895 1811 1078 1883 γονὴν,
1107 1813 1253 1875 ὅπως
1276 1811 1372 1880 τὴν
1403 1812 1580 1881 ψυχὴν
1614 1813 1708 1865 τοῦ
1735 1813 1937 1866 παθόν-

355 1924 449 1970 τος
467 1907 665 1977 ἐνέγκῃ
691 1906 768 1966 εἰς
788 1904 1154 1974 ἀπελπισμὸν,
1187 1905 1281 1957 καὶ
1299 1899 1682 1973 ἀθυμίαν,’καὶ
1708 1904 1921 1957 τελείαν

353 2000 688 2068 ἀπόγνωσιν.
725 2000 894 2051 Ὅταν
926 1998 1034 2068 γὰρ
1069 1995 1146 2066 τῷ
1172 1998 1367 2067 χρόνῳ,
1403 1998 1592 2068 καὶτῷ
1617 1997 1764 2068 ἔργῳ
1803 2015 1939 2068 προ-

353 2090 498 2161 xtisz
537 2106 640 2150 τις,
673 2088 793 2141 τότε
821 2089 871 2140 οἱ
929 2087 1175 2157 πολέμιοι
1232 2087 1340 2139 τῶν
1391 2087 1669 2158 σαρκικῶν
1717 2087 1939 2158 ἡδονῶν,

355 2181 450 2232 καὶ
474 2179 785 2249 ἐπιθυμιῶν
814 2177 1134 2245 ὲπαφίενται
1159 2176 1308 2245 αύτῷ
1344 2179 1482 2248 πρὸς
1504 2179 1808 2248 γυμνάσιον
1842 2178 1941 2230 αύ-

356 2273 472 2334 τοῦ,
505 2273 602 2325 καὶ
627 2271 889 2341 δοκίμιον.
935 2268 1069 2324 Εἶτα
1116 2271 1476 2340 λυπούμενος,
1533 2272 1624 2323 καὶ
1679 2288 1943 2341 στενοχω-

363 2362 624 2435 ρούμενος
678 2359 1046 2428 ἀναγκάζεται
1093 2360 1281 2413 λοιπὸν
1343 2360 1774 2424 ταπεινοῦσθαι,
1847 2362 1942 2413 καὶ

359 2452 597 2515 πενθεῖν,
615 2451 710 2504 καὶ
722 2451 914 2503 ἑαυτὴν
930 2451 1088 2520 μόνον
1106 2450 1476 2519 κατακρίνειν,
1495 2452 1589 2504 καὶ
1608 2451 1788 2520 μέμφε
1798 2451 1941 2507 σθαι.

357 2542 470 2594 Καὶ
485 2540 756 2602 οὓτωςδιά
779 2541 885 2592 τῶν
905 2540 1226 2611 πειρασμῶν
1245 2540 1450 2594 τούτων
1485 2541 1839 2612 δοκιμασθεὶς
1857 2543 1946 2612 ἕρ-

356 2649 516 2702 χεται
537 2632 672 2702 πρὸς
691 2632 789 2700 τὴν
805 2632 990 2684 πασῶν
1007 2631 1114 2684 τῶν
1145 2633 1356 2703 ἀρετῶν
1383 2634 1720 2706 ὑψηλοτέραν
1734 2634 1946 2706 διάκρι-

357 2741 471 2775 σιν.
503 2723 681 2791 ’Λπερ
701 2717 794 2774 οὖν
813 2721 1004 2775 πολλοὶ
1023 2721 1097 2793 μὴ
1115 2725 1619 2794 προπαιδευθέντες,
1669 2729 1800 2798 μηδὲ
1821 2727 1950 2780 ταύ-

355 2833 458 2884 την
477 2815 832 2885 κτησάμενοι,
857 2815 1003 2878 τινὲς
1030 2817 1128 2886 μὲν
1147 2817 1328 2870 αὐτῶν
1369 2818 1724 2883 ξενισθέντες,
1747 2823 1843 2874 καὶ
1861 2821 1948 2874 00-

359 2905 693 2977 ρυϐηθέντες
718 2905 810 2958 τὸν
851 2905 976 2959 νοῦν
997 2908 1056 2972 ἐξ
1081 2908 1428 2978 ἀπροσεξίας,
1456 2909 1550 2962 καὶ
1583 2911 1944 2982 ἀδιακρισίας,

359 2996 592 3058 ἑαυτοὺς
630 2995 870 3064 ἔσφαξαν
907 2997 1175 3067 μαχαίρᾳ,
1217 2999 1362 3062 τινὲς
1389 2999 1446 3051 δὲ
1485 3003 1948 3072 κατεκρήμνησαν

2054 530 2258 581 malitia
2298 529 2630 592 du‘tuunum,
2669 539 2723 585 et
2775 533 3020 587 mollitiei
3053 534 3501 604 cogitationibus,
3543 555 3636 592 w-

2053 620 2148 671 luti
2179 620 2510 689 quibusdam
2543 622 2731 691 ignitis
2751 623 2952 690 jaculis
2971 639 3072 678 nos
3098 627 3398 694 petentium
3423 629 3634 698 sagitta:

2051 719 2403 780 torpeseent;
2443 713 2630 768 tideles
2663 730 2790 768 vero
2831 716 3063 770 antehac
3096 719 3437 779 vacillantes.
3471 731 3634 792 atque

2050 804 2264 858 remissi
2298 805 2648 874 postmodum
2697 808 3072 875 maximopere
3104 809 3157 863 in
3186 810 3427 866 hostium
3461 815 3632 870 inter—

2061 893 2348 947 necionem
2402 894 2757 949 iuvalescent.
2791 895 2858 948 Et
2889 894 2997 948 hoc
3044 906 3146 960 est,
3193 898 3334 965 quod
3372 899 3631 956 ﬁdissima

2051 984 2324 1040 Samuelis
2358 1001 2532 1040 mater
2561 986 2749 1039 divino
2799 986 3032 1042 Numine
3071 988 3255 1042 afﬂata
3305 996 3636 1060 praenuntia-

2049 1079 2141 1132 bat
2169 1097 2181 1132 :
2213 1077 2424 1147 Sagitta
2477 1080 2830 1133 robustorum
2883 1080 3154 1134 inﬁrmata
3189 1090 3292 1147 cst,
3327 1092 3381 1136 et
3411 1083 3632 1137 invalidi

2049 1170 2260 1223 viribus
2297 1186 2416 1225 sese
2442 1172 2803 1225 acrinxerunt
2829 1165 2901 1224 ⁸⁸.’
2933 1171 3158 1225 Auctori
3189 1175 3494 1242 pictorique
3518 1190 3630 1227 rita-

2049 1261 2178 1313 liti:e
2208 1261 2440 1314 dmmoui
2489 1276 2692 1338 scopus
2726 1269 2830 1322 est,
2883 1261 2935 1315 in
2969 1277 3186 1331 gravem
3217 1273 3380 1335 atque
3431 1266 3632 1319 insola-

2050 1352 2210 1406 bilem
2244 1367 2532 1406 maerorem
2559 1353 2810 1408 homines
2841 1353 3124 1416 inducere,
3157 1363 3211 1407 et
3254 1371 3280 1407 a
3309 1355 3432 1420 ﬁde,
3462 1373 3555 1426 spe
3578 1365 3631 1410 et

2047 1445 2317 1498 charitate
2347 1444 2554 1508 divina,
2579 1460 2698 1513 quze
2731 1444 3300 1500 accommodatissima
3331 1457 3384 1500 et
3415 1449 3629 1518 potissi-

2045 1549 2132 1587 ma
2167 1543 2296 1588 sunt
2318 1535 2524 1588 cultum
2557 1549 2686 1603 erga
2713 1533 2998 1588 Christum
3035 1549 3255 1590 servare
3280 1537 3628 1602 incolumem,

2045 1640 2207 1694 quam
2245 1626 2564 1695 longissime
2621 1639 2924 1679 removere.
2981 1623 3280 1694 Propterea
3336 1630 3631 1682 nonnullos

2048 1715 2286 1768 fidelium
2343 1730 2488 1784 saepe
2550 1714 2750 1784 saepius
2787 1715 3030 1769 motione
3089 1715 3332 1770 belluiua
3381 1718 3435 1772 in
3491 1719 3628 1788 ipsis

2043 1806 2206 1858 etiam
2231 1807 2603 1861 sacrosanctis
2634 1805 2843 1860 aedibus
2871 1821 3059 1859 semen
3105 1805 3437 1875 profundere
3461 1811 3625 1879 cogit,

2046 1907 2104 1951 ut
2134 1899 2371 1952 animam
2409 1899 2503 1951 tali
2547 1898 2668 1952 labe
2700 1897 3136 1952 contaminatam
3181 1899 3233 1950 in
3262 1898 3625 1956 defectionem

2045 1993 2330 2061 suiipsius,
2357 2002 2411 2047 et
2438 1990 2883 2062 desperationem
2918 1998 3164 2044 exactam
3194 1991 3438 2047 inducat.

2115 2084 2250 2137 Cum
2289 2084 2432 2136 enim
2468 2101 2761 2154 progressu
2805 2087 3092 2154 temporis,
3133 2097 3185 2140 et
3221 2086 3385 2140 rebus
3416 2091 3628 2158 egregie

2053 2176 2227 2246 gestis
2252 2177 2526 2246 quispiam
2563 2192 2886 2246 progressus
2923 2177 3130 2242 fecerit,
3173 2179 3329 2248 182
3359 2188 3473 2233 tum
3506 2196 3627 2236 car-

2047 2269 2252 2322 nalium
2310 2268 2692 2337 voluptatum,
2745 2277 2800 2323 et
2863 2267 3262 2323 desideriorum
3318 2271 3505 2326 hostes
3559 2275 3626 2328 ad

2047 2361 2224 2430 ipsius
2258 2359 2630 2414 rudimentum
2665 2367 2830 2428 atque
2873 2360 3294 2430 probationem,
3348 2363 3502 2418 liberi
3545 2379 3632 2418 re-

2049 2454 2325 2505 laxantur.
2367 2451 2719 2506 Pos-tmodum
2760 2452 3092 2523 aegritudine
3121 2461 3440 2510 contractus
3467 2466 3630 2525 atque

2048 2540 2102 2592 in
2137 2539 2420 2609 angustias
2440 2542 2782 2609 compulsus,
2817 2541 3078 2610 deinceps
3104 2557 3226 2597 sese
3257 2543 3310 2596 in
3333 2543 3628 2610 humilita-

2049 2638 2155 2684 tem
2185 2632 2527 2696 submittere,
2564 2633 2620 2686 in
2655 2648 2947 2688 maerorem
2974 2633 3158 2702 deiici,
3191 2641 3246 2688 et
3271 2637 3626 2705 semetipsum

2050 2722 2398 2778 solummodo
2441 2725 2815 2780 condemnare
2861 2734 2916 2780 et
2977 2741 3242 2782 accusare
3293 2729 3530 2799 cogitur.
3567 2729 3632 2783 Et

2050 2817 2130 2869 sic
2169 2816 2364 2871 mediis
2399 2817 2548 2871 hisce
2581 2817 2964 2872 vexationibus
2997 2818 3283 2887 probatus,
3319 2821 3386 2874 ad
3418 2820 3628 2878 discre-

2051 2911 2253 2962 tionem
2289 2909 2585 2962 virtutibus
2639 2908 2899 2961 mnnibus
2945 2909 3306 2964 excelsiorem
3359 2911 3628 2980 pervolat.

2051 3003 2260 3068 Quibus
2300 3017 2423 3055 eum
2481 2991 2744 3072 plerique
2770 3001 3144 3072 prasinstructi
3199 3017 3308 3057 non
3373 3003 3628 3071 fuissent,

361 3087 592 3149 ἑαυτοὺς
621 3087 879 3157 ἀφορήτῳ
910 3087 1076 3159 λύπῃ,
1105 3091 1200 3143 καί
1231 3091 1539 3158 ἀπογνώσει
1567 3092 1940 3162 συσχεθέντες,

2055 3112 2228 3164 neque
2258 3096 2402 3148 illam
2438 3095 2835 3163 possedissent,
2877 3093 3073 3163 partim
3119 3095 3362 3149 novitate
3397 3096 3474 3148 rei
3503 3111 3630 3166 per-

359 3177 542 3244 ἕτεροι
567 3175 628 3229 δὲ
652 3177 719 3230 τά
749 3177 1044 3246 γεννητικά
1083 3179 1248 3249 μύρια
1277 3180 1564 3250 κόψαντες,
1595 3183 1686 3234 καὶ
1713 3184 1944 3253 αὐτοίτο-

358 3271 550 3323 νευτα“ι
585 3269 792 3323 ἑαυτῶν
816 3273 881 3338 τῇ
923 3270 1241 3341 προαιρέσει
1270 3273 1554 3340 γεγονότες
1593 3277 1640 3326 οἱ
1685 3275 1940 3340 τάλανες,

361 3363 646 3416 ὑπὲπεσαν
671 3365 739 3432 τῇ
787 3361 1117 3433 ἀποστολικῇ
1175 3365 1286 3434 ἀρᾷ
1342 3365 1440 3417 καὶ
1489 3367 1775 3439 κωμῳδίᾳ,
1817 3369 1948 3439 περὶ

360 3449 438 3509 ὧν
472 3471 666 3524 φησιν·
702 3455 934 3522 Ὄφελον
964 3455 1056 3508 καὶ
1086 3456 1455 3525 ἀποκόψονται
1487 3461 1536 3510 οἱ
1580 3461 1946 3514 ἀναστατοῦν-

358 3562 454 3608 τες
484 3547 650 3616 ὑμᾶς.
679 3545 865 3598 Ἀλλοι
885 3547 942 3598 δὲ
965 3546 1061 3600 καὶ
1089 3546 1282 3600 ἔλαϐον
1314 3549 1796 3620 συναρπασθέντες
1841 3551 1948 3604 ὑπὸ

360 3635 458 3688 τοῦ
489 3635 726 3698 Σατανᾶ,
769 3636 864 3689 καὶ
888 3630 1034 3689 οὗτοι
1073 3636 1370 3691 ὑπεύθυνοι
1405 3638 1690 3706 γεγονότες
1719 3643 1784 3708 τῇ
1813 3657 1950 3706 προ-

361 3728 575 3794 φητικῇ
621 3726 892 3794 ἀποφάσει
951 3726 1181 3798 λεγούσῃ
1211 3745 1226 3759 ·
1279 3729 1458 3792 (Τοὺς
1502 3728 1558 3781 δὲ
1599 3730 1950 3794 ὲκκλίνοντας

358 3820 446 3880 εἰς
486 3817 586 3880 τάς
619 3818 986 3887 στραγγαλιάς
1029 3819 1228 3885 ἀπάξει
1255 3821 1458 3892 Κύριος
1485 3823 1622 3891 μετά
1652 3822 1760 3875 τῶν
1779 3825 1950 3892 ἐργα-

361 3909 620 3980 ζομένων
649 3910 746 3979 τὴν
768 3912 1015 3982 ἀνομίαν.
1057 3931 1076 3965 ι
1097 3912 1154 3964 Ὀ
1184 3913 1361 3965 τοίνυν
1389 3912 1466 3983 τῷ
1493 3914 1717 3984 τοιούτῳ
1737 3913 1951 3984 δαίμονι

361 4004 942 4074 ἀντιστρατευόμενος,
976 4005 1074 4057 acati
1106 4005 1493 4076 ἀντιπράττων
1525 4005 1772 4075 δηλονότι
1813 4007 1946 4076 πρὸς

359 4095 457 4148 τὸν
477 4095 695 4164 δολερὸν
725 4097 926 4149 σκοπὸν
953 4097 1329 4167 ἁρμοζόμενος
1361 4100 1425 4168 τῇ
1448 4097 1694 4170 ὑπομονῇ
1728 4100 1948 4170 χρᾶται,

367 4187 468 4239 καὶ
501 4189 572 4256 τῇ
619 4187 990 4259 μακροθυμίᾳ,
1052 4189 1148 4241 καὶ
1179 4188 1246 4240 δι’
1299 4188 1488 4259 εὐχῆς,
1550 4189 1646 4242 καὶ
1700 4190 1954 4260 νηστείας

370 4277 678 4342 ἀνένδότου,
733 4281 827 4333 καὶ
894 4281 1151 4346 πίστεως,
1196 4282 1290 4334 καὶ
1329 4282 1567 4346 ἐλπίδος,
1605 4284 1699 4336 καὶ
1743 4284 1954 4346 τελείας

369 4373 476 4444 τῆς
515 4373 651 4442 πρὸς
687 4373 820 4427 Θεὸν
888 4374 1110 4442 ἀγάπης
1177 4373 1643 4442 καταπολεμήσει,
1681 4377 1775 4428 καὶ
1821 4392 1953 4428 κατι

2050 3186 2274 3248 turbati,
2306 3186 2609 3254 incertique
2645 3185 2712 3240 de
2746 3186 3006 3239 omnibus
3055 3184 3254 3240 redditi
3286 3202 3351 3240 ex
3389 3187 3621 3256 segnitie

2047 3285 2100 3330 et
2137 3275 2534 3342 disceptatione
2581 3289 2688 3327 non
2733 3273 2977 3342 iudicata
3005 3312 3021 3336 ,
3087 3274 3236 3328 ferro
3294 3274 3397 3329 sibi
3453 3275 3629 3330 fatum

2051 3366 2415 3430 accersivcre;
2457 3365 2652 3433 partim
2681 3364 2989 3435 praecipites
3043 3378 3105 3418 se
3148 3362 3439 3431 dederunt,
3499 3381 3636 3421 mte-

2049 3473 2172 3512 rore
2204 3456 2566 3520 intolerando,
2599 3465 2653 3510 et
2679 3455 3066 3525 desperatione
3109 3457 3398 3526 oppressi;
3435 3458 3634 3526 partim

2051 3547 2310 3603 membris
2339 3548 2667 3614 genitalibus
2703 3547 2952 3624 abrasis,
3001 3557 3054 3602 et
3090 3557 3322 3603 mortem
3385 3549 3635 3605 sibimet-

2050 3640 2183 3710 ipsis
2235 3638 2600 3692 voluntariam
2655 3637 2966 3707 irrogantes
3033 3637 3242 3703 miseri,
3297 3653 3420 3693 sese
3458 3641 3635 3694 male-

2051 3731 2275 3786 dictioni
2310 3731 2627 3799 apostolicae
2646 3738 2699 3783 et
2741 3728 2947 3782 derisui
2981 3729 3193 3782 comico
3230 3728 3538 3797 subjeeerc,
3568 3731 3636 3785 de

2053 3824 2251 3892 quibus
2279 3823 2354 3877 ait
2386 3841 2397 3875 :
2435 3820 2657 3875 Utinam
2679 3827 2732 3875 et
2754 3819 3168 3884 abscindantur,
3203 3821 3295 3888 qui
3325 3821 3636 3889 inquietant

2052 3931 2184 3980 vos;
2222 3915 2420 3984 partim
2468 3912 2796 3966 mulieribus
2848 3911 3150 3978 innupsere
3183 3926 3214 3964 a
3273 3911 3474 3966 Satana
3509 3928 3636 3967 cor-

2053 4007 2214 4078 repti,
2246 4014 2302 4060 et
2333 4005 2386 4058 hi
2416 4018 2635 4075 quoque
2668 4001 2892 4056 obnoxii
2947 4001 3075 4055 facti
3125 4001 3348 4056 decreto
3398 4003 3638 4072 prophe-

2055 4100 2162 4152 tico
2189 4095 2396 4152 dicenti
2430 4113 2442 4148 :
2483 4114 2502 4145 ‹
2542 4093 2888 4149 Declinantes
2923 4091 2978 4145 in
3009 4091 3374 4160 obligationcs
3400 4093 3638 4148 adducet

2056 4189 2320 4244 Dominus
2369 4202 2493 4241 cum
2565 4183 2929 4255 operantibus
3006 4184 3323 4253 iniquitates
3361 4185 3429 4240 ⁵⁷.
3473 4185 3638 4252 »Ωιιὶ

2056 4298 2187 4338 vero
2215 4281 2379 4335 simili
2414 4279 2647 4334 dtemoni
2671 4277 3005 4342 obluctatur,
3049 4275 3341 4346 obstatque
3368 4277 3517 4332 illius
3539 4293 3637 4332 au-

2059 4375 2232 4442 daciae
2266 4384 2319 4428 et
2363 4371 2644 4442 proposito
2674 4367 2960 4432 insidioso,
3015 4368 3307 4422 tolerantia
3359 4371 3553 4432 utitur.
3589 4383 3641 4426 et

369 4465 726 4533 αγωνίσεται,
765 4465 860 4516 καὶ
894 4466 1108 4534 κινήσει
1142 4466 1358 4527 πάντως
1385 4465 1475 4517 τὸν
1500 4467 1741 4536 ῥυπαρὸν
1766 4465 1948 4519 τοῦτον

2061 4469 2496 4538 longanimitate,
2553 4473 2606 4519 et
2658 4465 2937 4533 precibus,
2993 4471 3046 4516 ct
3087 4461 3314 4531 jejuniis
3360 4477 3641 4530 nunquam

369 4556 467 4610 καὶ
495 4555 811 4625 ἀκάθαρτον
838 4556 1072 4626 δαίμονα
1099 4560 1165 4626 τῇ
1193 4557 1414 4628 βοηθείᾳ
1444 4557 1537 4610 τοῦ
1564 4558 1770 4628 Κυρίου
1795 4559 1954 4628 ἡμῶν

381 4644 560 4716 Ἰησοῦ
629 4645 888 4716 Χριστοῦ.
941 4647 1126 4717 ’Δρκεῖ
1155 4648 1262 4717 γὰρ
1317 4649 1452 4718 ἡμῖν
1514 4647 1648 4717 πρὸς
1683 4648 1782 4709 τὴν
1837 4649 1956 4699 κατ’

367 4736 587 4806 ἐχθρῶν
635 4737 849 4807 ἄμυναν
895 4739 956 4789 τὸ
983 4739 1156 4807 ὄνομα
1187 4721 1362 4807 Ἰησού
1404 4738 1640 4807 Χριστοῦ
1669 4736 1764 4790 τοῦ
1819 4754 1957 4791 παν-

368 4826 604 4894 υψίστου
642 4825 798 4880 Θεοῦ.
835 4825 1039 4894 Πολλῆς
1065 4825 1122 4878 δὲ
1160 4827 1290 4896 ἡμῖν
1336 4826 1472 4897 πρὸς
1506 4826 1598 4878 τὸν
1635 4825 1768 4878 Θεὸν
1799 4825 1958 4895 χρεία

367 4917 634 4987 δεήσεως,
667 4916 752 4969 ἵνα
787 4917 860 4988 μὴ
883 4918 1209 4986 ἐκπέσωμεν
1230 4917 1329 4986 τῆς
1349 4917 1570 4988 ἀρετῆς.
1602 4919 1721 4970 Ὅτι
1739 4917 1847 4987 γὰρ
1867 4917 1960 4970 δυ-

361 5004 540 5058 νατὸν
568 5006 632 5056 ἐκ
662 5005 1010 5075 δικαιοσύνης
1045 5011 1126 5070 είς
1157 5009 1435 5078 ἁμαρτίαν
1475 5011 1827 5078 μεταπεσεῖν,
1869 5009 1963 5060 καὶ

370 5093 486 5148 ἀπὺ
541 5093 636 5146 τοῦ
691 5095 896 5159 πάθους
945 5099 1024 5159 εἰς
1051 5097 1111 5150 τὸ
1137 5097 1387 5168 ἐμπαθὲς
1432 5097 1960 5168 μεταμορφωθῆναι,

373 5183 577 5254 κράζει
618 5185 752 5254 πρὸς
782 5187 874 5239 τὸν
903 5187 1106 5258 Κύριον
1128 5190 1160 5256 ὴ
1195 5189 1501 5260 προφητεία
1527 5206 1540 5218 ⁸
1581 5208 1599 5242 ι
1639 5189 1966 5259 Ἐγενόμεθα

372 5275 450 5338 ὡς
465 5275 530 5327 τὸ
557 5278 862 5348 ἀπ’άρχῆς,
894 5280 983 5332 ὅτε
1008 5281 1109 5334 οὐκ
1131 5276 1308 5351 ἦρξας
1335 5282 1514 5352 ἡμῶν,
1543 5282 1661 5335 οὐδὲ
1687 5281 1963 5352 ἐπεκλήθη

373 5368 436 5420 τὸ
451 5368 630 5438 ὖνομά
661 5387 753 5422 σου
786 5373 870 5439 ἐφ’
894 5373 1065 5441 ἡμᾶς,
1095 5391 1113 5423 ›
1143 5374 1237 5428 καί
1259 5375 1429 5442 ἐσμεν
1457 5373 1786 5444 ἀκάθαρτοι.
1820 5372 1964 5424 Ἀλλ’

374 5462 619 5530 ἐγχωρεῖ
645 5463 739 5514 καὶ
783 5465 921 5532 μετά
953 5463 1051 5534 τὴν
1083 5465 1499 5536 συμϐεϐηκυῖαν
1553 5467 1762 5518 πτῶσιν
1803 5465 1966 5518 πάλιν

374 5555 565 5621 τυχεῖν
592 5552 681 5606 διὰ
711 5553 811 5624 τῆς
850 5556 1139 5624 μετανοίας
1167 5557 1268 5626 τῆς
1293 5559 1349 5610 ὲν
1388 5559 1453 5625 τῇ
1489 5559 1632 5628 ἀρχῇ
1671 5555 1961 5622 ἀπαθείας,

453 5729 503 5758 ⁴⁶
534 5723 710 5797 erg.
739 5742 801 5792 li,
842 5727 895 5782 4.
975 5729 1015 5762 ιτ
1048 5729 1193 5785 Psal.
1227 5745 1407 5798 εῖχεν,
1439 5731 1488 5783 5.

2064 4561 2430 4618 cessantibus,
2461 4566 2514 4612 et
2554 4555 2676 4620 ﬁde,
2702 4564 2752 4609 et
2793 4570 2912 4623 spe,
2945 4563 3001 4608 et
3032 4554 3285 4608 absoluto
3310 4568 3436 4622 erga
3474 4553 3642 4606 Deum

2066 4667 2249 4704 amore
2301 4648 2626 4720 proﬂigabit,
2651 4661 2716 4699 ac
2739 4651 3066 4713 prosternet,
3086 4652 3138 4696 et
3165 4641 3455 4696 debellabit
3487 4656 3644 4710 pror-

2067 4757 2161 4796 sus
2227 4741 2371 4794 hunc
2425 4737 2732 4798 sordidum,
2786 4744 2950 4803 atque
3004 4734 3278 4801 impurum
3344 4734 3643 4786 diemonem

2072 4830 2286 4884 Domini
2313 4829 2488 4884 nostri
2518 4826 2646 4882 Jesu
2670 4825 2872 4880 Christi
2893 4813 3188 4892 adjutorio.
3219 4821 3464 4890 Namque
3510 4822 3645 4876 satis

2070 4923 2228 4976 nobis
2278 4934 2550 4987 superque
2603 4928 2686 4972 est
2736 4917 2800 4970 ad
2863 4913 3220 4984 proterendos
3280 4912 3464 4966 hostes
3515 4910 3647 4966 Jesu

2070 5011 2274 5066 Christi
2305 5009 2394 5062 Dei
2427 5006 2792 5062 excelsissimi
2822 5019 3040 5058 nomen.
3081 5002 3361 5071 Frequens
3398 5015 3526 5055 vero
3553 5001 3649 5056 de-

2071 5101 2313 5172 precatio
2344 5099 2410 5154 ad
2441 5097 2611 5152 Deum
2646 5098 2804 5150 nobis
2831 5112 2970 5165 opus
2996 5101 3098 5158 est,
3158 5109 3224 5147 ne
3251 5092 3452 5147 virtute
3508 5094 3650 5148 exci-

2069 5197 2286 5249 datnus.
2311 5190 2558 5258 Namque
2591 5187 2750 5257 183
2789 5187 2905 5241 fieri
2948 5200 3126 5256 posse,
3167 5193 3224 5238 ut
3255 5201 3319 5239 ex
3342 5183 3559 5254 justitia
3597 5187 3650 5240 in

2069 5294 2356 5354 peceatum
2410 5295 2509 5334 nos
2558 5279 2798 5341 collabi;
2831 5285 2884 5332 et
2937 5292 3001 5331 ex
3048 5274 3248 5331 atTectu
3282 5276 3349 5329 ad
3400 5275 3474 5340 id,
3508 5277 3653 5344 quod

2070 5373 2317 5445 passioni
2363 5368 2661 5424 obnoxium
2701 5375 2805 5432 est,
2868 5366 3280 5431 transformari,
3335 5368 3538 5421 clamat
3588 5366 3659 5420 ad

2073 5464 2361 5518 Dominum
2389 5457 2710 5512 vaticinium
2745 5475 2759 5510 :
2799 5476 2816 5509 (
2862 5456 3174 5512 Eﬂiciamur
3202 5456 3363 5511 sicuti
3392 5471 3420 5508 a
3451 5456 3660 5524 princi-

2072 5555 2182 5624 pio,
2215 5569 2338 5610 cum
2361 5565 2469 5605 non
2504 5549 2744 5607 habebas
2774 5548 3210 5606 dominationem
3245 5548 3301 5602 in
3328 5561 3453 5610 nos,
3485 5562 3669 5618 neque
