4012 6196
395 290 503 355 203

1872 274 1931 331 S.
1968 270 2130 330 ΝΙιί

3556 259 3663 324 264
3680 262 3683 265 ’

398 401 708 453 invocatum
754 391 935 445 fuerat
993 400 1191 441 nomen
1254 391 1406 436 tuum
1441 397 1606 451 super
1644 396 1743 435 nos
1775 380 1842 443 ³⁸,
1882 398 1898 430 ι
1932 387 1983 432 ct

2124 378 2179 430 ai.
2223 374 2427 445 ἰσχύος.
2479 375 2594 436 Πᾶς
2634 372 2741 444 γὰρ
2769 374 2796 426 ὁ
2822 373 2911 426 διὰ
2961 374 3250 443 μετάνοιαν
3281 371 3373 424 καὶ
3424 371 3663 440 δεήσεως

398 503 589 544 smnus
612 482 830 552 impuri.
860 480 1242 534 Verumtamen
1271 473 1381 529 fieri
1405 483 1603 544 potest,
1627 480 1750 543 post
1774 472 1984 541 lapsum

398 591 596 632 rursus
646 574 825 627 denuo
879 570 1060 624 media
1096 566 1419 638 pmnitentia
1474 565 1528 619 in
1575 566 1812 634 priorem
1857 562 1986 616 θηε-

399 680 585 724 ctuum
610 664 943 718 vacuitatem
975 670 1028 717 et
1058 661 1231 715 robur
1286 658 1506 713 reverti.
1555 657 1659 723 Qui
1700 657 1845 712 enim
1890 671 1986 724 per

398 758 780 830 pmnitcntiam
835 763 888 809 et
918 754 1220 808 orationem
1251 752 1467 821 qltalt‘il,
1502 759 1745 819 tempore
1777 748 1986 811 debito,

402 852 468 905 de
487 850 698 919 integro
728 863 790 902 ex
837 846 1060 916 pratalto
1087 844 1465 899 advenientem
1485 843 1592 896 vim
1621 852 1673 897 et
1696 841 1986 895 affectuum

402 941 732 995 vacuitatem
760 944 1151 1006 consequetur.
1194 935 1421 988 Attento
1459 934 1642 987 animo
1672 932 1862 1001 excipe
1891 945 1987 983 va-

404 1031 653 1085 ticinium
689 1048 703 1083 :
746 1029 1099 1083 Exsuscitare
1120 1066 1134 1091 ,
1164 1022 1500 1087 Jerusalem,
1529 1032 1583 1077 et
1624 1022 1788 1077 indue
1819 1022 1988 1075 robur

406 1118 621 1173 brachii
649 1117 747 1178 tui.
767 1126 821 1171 et
850 1115 1192 1171 exsuscitare
1224 1123 1284 1167 ut
1318 1115 1371 1167 in
1406 1113 1677 1183 principio
1703 1112 1990 1179 diei,quo-

410 1213 554 1265 niam
591 1208 764 1279 fugati
801 1216 930 1263 sunt
950 1222 979 1260 a
1012 1217 1065 1262 te
1090 1206 1266 1270 dolor,
1289 1205 1549 1260 maestitia
1570 1212 1623 1259 et
1649 1204 1902 1273 planctus
1921 1204 1984 1256 ‘9.

408 1304 657 1371 Magnum
700 1316 862 1369 porro
896 1300 950 1353 in
988 1299 1234 1353 adversis
1268 1298 1353 1351 vel
1380 1296 1812 1352 tenue‘bonum.
1846 1295 1994 1350 Licet

408 1392 551 1445 enim
583 1400 805 1458 propter
837 1396 1025 1442 nostra
1049 1396 1271 1457 peccata
1291 1386 1401 1441 Deo
1422 1387 1549 1441 odio
1571 1388 1765 1451 simus,
1783 1401 1995 1440 verum-

410 1488 591 1535 tamen
622 1481 817 1534 iterum
855 1486 1073 1546 peracta
1109 1477 1431 1548 paenitentia
1463 1477 1792 1547 diligemur;
1827 1474 1995 1531 Deum

411 1586 576 1639 porro
634 1568 918 1622 Dominum
977 1567 1433 1623 humanissimum
1489 1583 1592 1623 nos
1638 1567 1818 1622 denuo
1878 1582 1996 1620 am-

413 1661 599 1730 plecti,
627 1676 834 1730 suaque
861 1659 1129 1713 charitate
1160 1658 1361 1713 lmtitiis
1388 1659 1647 1714 omnibus
1684 1658 1992 1725 incessere;

414 1752 563 1817 audi,
603 1751 735 1821 quid
772 1751 888 1820 ipse
926 1750 1072 1806 dicat
1116 1750 1470 1805 intellectuali
1503 1749 1829 1815 Jerusalem,
1877 1752 1996 1802 ani-

416 1858 517 1897 ma:
546 1858 737 1911 nempe
779 1851 983 1895 nostrae
1020 1860 1035 1896 :
1073 1860 1091 1892 ‹
1125 1838 1193 1895 Ει
1231 1856 1427 1911 ponam
1467 1849 1521 1896 te
1562 1840 1820 1911 gaudium
1857 1856 1998 1896 sem-

414 1934 711 2003 piternum,
769 1939 824 1985 et
874 1931 1119 1985 laetitiam
1168 1932 1224 1985 in
1274 1931 1629 2001 generatione
1684 1931 1997 2002 generatio-

416 2036 548 2076 num
572 2021 639 2073 ⁸ο.
667 2038 685 2071 ι
708 2018 786 2073 Ne
816 2019 1000 2089 itaque
1020 2019 1239 2073 modum
1270 2021 1322 2073 in
1348 2019 1781 2075 controversiam
1801 2036 1995 2091 ponas.

418 2114 557 2168 Cum
606 2112 761 2165 enim-
810 2111 955 2167 Deus
1005 2112 1236 2166 voluerit
1270 2127 1333 2165 ex
1389 2118 1536 2166 statu
1586 2111 1758 2182 pejori
1812 2128 1902 2168 res
1943 2112 1998 2166 in

420 2202 615 2256 melius
641 2201 951 2265 immutare,
991 2201 1173 2255 omnia
1192 2202 1469 2255 contraria
1499 2200 1593 2256 Dei
1633 2209 1767 2256 nutu
1796 2204 1998 2273 migra-

418 2313 587 2374 bunt,
646 2320 699 2366 et
752 2314 1118 2368 novabuntur.
1171 2313 1441 2379 Quoniam
1496 2315 1563 2370 de
1618 2316 1903 2385 prmfacili,
1948 2325 2002 2371 et

419 2403 567 2456 nulla
598 2404 843 2457 adhibita
881 2419 1030 2458 mora
1061 2403 1321 2459 Dominus
1346 2405 1745 2460 humanitatem
1780 2421 1998 2461 omnem

420 2495 654 2555 variare,
700 2502 754 2550 et
788 2495 948 2549 aliam
1010 2494 1190 2550 facere
1250 2496 1480 2565 poterit;
1542 2497 2000 2566 quemadmodum

423 2584 544 2637 sine
570 2584 775 2638 cortice
802 2585 1070 2653 stipitem,
1102 2593 1156 2639 et
1195 2586 1523 2640 aritudinem
1548 2588 1717 2656 scirpi
1744 2586 1999 2652 Aaronis,

424 2677 590 2730 citius
631 2678 823 2740 multo,
857 2693 1017 2746 quam
1070 2678 1122 2730 in
1163 2685 1309 2732 terra
1344 2678 1469 2732 altis
1508 2678 1696 2733 defixa:
1726 2680 2003 2735 radicibus

425 2768 641 2835 plantae,
674 2769 885 2822 fructus
913 2769 1213 2839 producere
1249 2766 1504 2840 przecepit
1529 2772 1570 2801 ‘“
1597 2788 1611 2837 ;
1647 2772 1692 2826 si
1721 2772 1865 2826 enim
1900 2773 2005 2826 illa:

427 2860 614 2913 multis
664 2875 935 2913 annorum
984 2870 1037 2915 et
1075 2869 1378 2931 temporum
1426 2863 1752 2918 decursibus
1792 2863 2005 2919 fructus

426 2953 708 3015 emittunt;
741 2959 791 3003 at
818 2951 929 3017 illa,
963 2960 1124 3005 nocte
1154 2969 1260 3005 una
1296 2953 1454 3024 184
1473 2956 1654 3007 omnia
1687 2955 1850 3010 simul
1877 2955 2005 3009 folia

2088 470 2295 540 ζητεῖν,
2340 467 2570 538 λήψεται
2603 465 2682 535 τῷ
2703 465 3033 536 προσήκοντι
3074 462 3252 533 καιρῷ
3290 461 3450 515 πάλιν
3477 462 3575 531 τῆς
3608 462 3667 524 ἐξ

2086 561 2252 630 ὕψους
2288 559 2529 629 δύναμιν,
2592 557 2686 611 καὶ
2714 557 3003 611 ἀπάθειαν.
3062 555 3312 624 Πρόσχες
3345 555 3412 624 τῇ
3454 569 3667 621 προφη-

2315 672 2332 703 ι
2373 653 2682 722 Ἐξεγείρου
2731 647 3107 721 Ἰερουσαλὴμ,
3157 647 3251 698 καὶ
3303 645 3514 697 ἔνδυσαι
3572 644 3667 714 τὴν

2093 748 2243 817 ἰσχὺν
2274 745 2366 797 τοῦ
2403 743 2685 814 βραχίονός
2714 760 2829 805 σου,
2864 741 2958 793 καὶ
3023 737 3407 808 ἐξεγείρου.ὼς
3438 738 3493 788 ὲν
3522 740 3663 807 ἀρχῇ

2089 838 2320 909 ἡμέρας,
2354 836 2487 889 διότι
2513 834 2723 905 ἀπέδρα
2753 835 2861 888 ἀπὸ
2887 832 2979 885 σοῦ
3013 832 3194 901 ὀδύνη,
3223 830 3388 900 λύπη,
3426 831 3519 884 καὶ
3547 848 3668 882 στε-

2090 930 2317 999 ναγμός.
2342 947 2357 977 ι
2422 926 2579 994 Μέγα
2608 925 2664 977 δέ
2701 926 2851 977 ἐστιν
2878 926 2935 977 ἐν
2961 925 3177 989 κακοῖς,
3215 923 3309 975 καὶ
3341 922 3403 975 τὸ
3468 923 3666 991 μικρὸν

2090 1022 2311 1091 ἀγαθόν.
2337 1022 2398 1073 Εἰ
2436 1021 2545 1090 γὰρ
2581 1019 2674 1071 καὶ
2722 1017 3079 1088 μεμισήμεθα
3120 1016 3228 1068 ὑπὸ
3272 1013 3408 1067 Θεοῦ
3454 1015 3540 1067 διὰ
3574 1015 3673 1076 τὰς

2092 1116 2364 1186 ἁμαρτίας
2393 1111 2570 1181 ἡμῶν,
2603 1110 2739 1164 ἀλλά
2764 1112 2859 1163 καὶ
2893 1109 3054 1162 πάλιν
3075 1108 3550 1178 ἀγαπηθησόμεοα
3579 1108 3671 1160 διὰ

2093 1206 2193 1273 τῆς
2249 1203 2563 1274 μετανοίας.
2638 1202 2762 1253 Ὅτι
2812 1199 2921 1269 γάρ
2973 1198 3136 1252 πάλιν
3185 1196 3671 1268 προσλαμϐάνεται

2095 1298 2240 1367 ἡμᾶς
2269 1297 2296 1347 ὁ
2328 1293 2838 1362 πολυεὺσπλαγχνος
2869 1290 3275 1361 Δεσπότης,καὶ
3296 1288 3678 1358 κατευφραίνει

2095 1392 2160 1459 τῇ
2193 1390 2468 1456 ἀγαπήσει
2506 1385 2692 1445 αὑτοῦ,
2725 1383 2887 1453 βλέπε
2919 1382 2971 1435 τί
3003 1382 3156 1451 λέγει
3179 1384 3241 1452 τῇ
3272 1384 3434 1451 νοητῇ
3482 1381 3678 1450 Ἰερου-

2099 1480 2297 1550 σαλὴμ,
2342 1478 2591 1531 τουτέστι
2640 1480 2706 1547 τῇ
2738 1476 2886 1547 ψυχῇ
2927 1474 3085 1544 ήμῶν
3109 1490 3120 1502 ·
3165 1474 3312 1526 «Καὶ
3342 1471 3580 1541 θήσομαξ
3618 1488 3677 1523 σε

2098 1573 2412 1642 ἀγαλλίαμα
2443 1570 2792 1637 αἰώνιον,καἰ
2818 1567 3160 1638 εὐφροσύνην
3181 1569 3372 1635 γενεᾶς
3401 1566 3620 1634 γενεῶν.
3655 1584 3673 1616 ι

2100 1667 2191 1736 Μὴ
2218 1660 2309 1719 οῦν
2352 1663 2734 1734 ἀμφιϐάλλῃς,
2795 1662 2930 1724 πῶς.
2986 1661 3155 1713 Ὅταν
3220 1659 3329 1729 γὰρ
3393 1658 3675 1729 βουληθῇό

2106 1758 2235 1820 Θεὸς
2266 1756 2372 1810 ἀπὸ
2417 1755 2510 1809 τοῦ
2554 1755 2794 1825 χείρονος
2838 1753 2929 1805 ἐπὶ
2970 1754 3220 1824 κρεῖττον
3262 1750 3587 1820 μεταϐάλειν
3614 1748 3684 1801 τὰ

2106 1850 2426 1919 πράγματα,
2455 1847 2531 1916 τῷ
2562 1846 2895 1915 ὲπιτάγματι
2932 1844 3024 1897 τοῦ
3068 1841 3203 1895 Θεοῦ
3251 1841 3426 1895 πάντα
3483 1841 3682 1909 ἐκστή-

2110 1956 2259 1992 σεται
2311 1938 2379 1992 τὰ
2414 1936 2822 2006 ἐναντιούμενα.
2859 1935 2982 1988 Ὀτι
3022 1935 3279 1997 εὐκόλως,
3309 1933 3403 1986 καὶ
3453 1931 3686 2001 ἑτοίμως

2106 2031 2395 2101 δυνήσεται
2424 2029 2628 2098 Κύριος
2663 2029 2764 2098 τὴν
2791 2026 3189 2097 άνθρωπότητα
3249 2024 3680 2095 μετασκευάσαι,

2108 2123 2183 2185 ὡς
2236 2122 2332 2191 τὴν
2399 2120 2638 2189 ἆφλοιον,
2693 2119 2788 2172 καὶ
2845 2118 3013 2187 ξηρὰν
3065 2117 3257 2187 ῥάϐδον
3300 2115 3393 2168 τοῦ
3447 2113 3685 2185 Ἀαρὼν,

2108 2212 2401 2283 ταχύτερον
2426 2210 2532 2263 τῶν
2562 2211 2618 2262 ὲν
2652 2213 2717 2280 τῇ
2742 2213 2811 2281 γῇ
2838 2209 3225 2280 ἐρῤιζωμὲνων
3258 2206 3443 2276 φυτῶν
3474 2223 3687 2275 καρποο

2110 2305 2347 2372 φορῆσαι
2387 2301 2749 2371 προσέταξεν·
2781 2301 2940 2371 εἴπερ
2976 2301 3158 2354 ἐκεῖνα
3204 2298 3426 2360 πολλαῖς
3460 2297 3685 2367 χρόνων,

2111 2395 2203 2447 καὶ
2231 2394 2438 2464 καιρῶν
2465 2396 2691 2464 τροπαῖς
2748 2394 3108 2462 καρποφορεῖ,
3154 2390 3295 2461 αὕτη
3324 2390 3382 2443 δὲ
3416 2390 3521 2441 ὑπὸ
3559 2388 3687 2457 μίαν

2111 2486 2280 2539 νύκτα
2328 2485 2503 2538 πάντα
2547 2482 2683 2554 ὁμοῦ
2741 2484 2937 2553 φύλλα,
2991 2482 3084 2534 xati.
3139 2482 3298 2550 ἄνθη,
3334 2481 3426 2533 καὶ
3476 2479 3686 2549 καρπὸν

2114 2580 2413 2649 προήγαγε.
2478 2577 2568 2648 Μὴ
2617 2572 2709 2630 οῦν
2776 2577 2852 2640 ὡς
2904 2575 3098 2645 ἔτυχε,
3158 2574 3254 2627 καὶ
3306 2572 3689 2633 ἀϐασανίστως

2116 2669 2623 2743 μετατιθῶμενμαὶ
2657 2669 2852 2730 αὐτοὺς
2903 2666 3012 2720 ἀπὸ
3037 2668 3216 2719 τόπων
3251 2665 3331 2727 εἰς
3365 2665 3563 2725 τόπους
3592 2663 3689 2723 τάς

2114 2765 2178 2815 ἐκ
2203 2763 2307 2814 τῶν
2340 2762 2614 2831 λογισμῶν
2641 2760 2915 2830 ὀχλήσεις,
2954 2760 3048 2812 καὶ
3076 2758 3281 2826 θλίψεις
3307 2755 3685 2823 ἐκφεύγοντες.

2113 2855 2330 2907 Μᾶλλον
2362 2854 2416 2906 δὲ
2451 2853 2547 2907 καὶ
2583 2854 2869 2922 στήκωμεν
2927 2851 3046 2921 μεθ’
3078 2849 3358 2919 ὑπομονῆς
3388 2843 3689 2917 προσευχόο

2120 2965 2291 3017 μενοι,
2340 2945 2597 3015 καθάπερ
2654 2944 2895 3013 Μωὺσῆς
2942 2943 3095 3010 ἔλεγε
3150 2942 3233 3009 τῷ
3259 2939 3510 3010 Ἰσραήλ·
3549 2938 3687 3007 Στή-

2086 655 2210 725 τεία
2254 670 2267 685 ⁸

426 3047 481 3092 et
520 3038 705 3103 ﬂores,
744 3039 982 3092 fructum
1018 3042 1216 3094 attulit.
1245 3041 1321 3096 Ne
1352 3044 1533 3111 itaque
1568 3043 1643 3094 uti
1673 3042 1814 3097 forte
1841 3043 2005 3107 cadit,

2117 3053 2263 3101 κετε,
2332 3036 2426 3088 καὶ
2481 3034 2751 3103 Θαρσεῖτε,
2792 3032 2864 3103 μὴ
2899 3033 3169 3100 φοϐεῖσθε,
3206 3032 3301 3085 καὶ
3339 3030 3532 3100 ὄψεσθε
3593 3028 3692 3095 τὴν

427 3136 481 3181 et
514 3129 720 3198 absque
752 3131 1003 3185 examine
1034 3141 1247 3187 nosmet
1286 3133 1351 3188 de
1402 3134 1538 3188 locis
1575 3136 1638 3187 ad
1672 3135 1788 3188 loca
1827 3144 2007 3188 trans-

430 3221 721 3283 vehamur,
758 3238 822 3275 ex
878 3224 1302 3290 cogitationibus
1342 3225 1529 3279 turbas
1580 3234 1634 3278 ct
1677 3224 2008 3280 altlictioncs

2116 3128 2266 3199 παρὰ
2295 3128 2387 3180 τοῦ
2455 3127 2588 3179 Θεοῦ
2648 3125 2895 3195 βοήθειαν
2928 3165 2943 3190 ,
3009 3126 3075 3196 ἣν
3136 3124 3353 3194 ποιήσει
3402 3124 3532 3192 ὑμῖν
3596 3120 3691 3190 σήο

2120 3241 2183 3293 με
2195 3238 2302 3292 ρον.

430 3312 888 3368 ἱιιιοιηιιὶεερηιοε.
915 3315 1171 3379 Quinimo
1208 3325 1622 3384 perseverantes
1644 3332 1767 3370 cum
1795 3318 2079 3386 patientia,
2105 3328 2422 3377 exoremus,
2444 3320 2506 3368 ut
2546 3309 2762 3382 Moyses
2808 3309 2997 3365 Israeli
3066 3309 3285 3365 dicebat
3317 3329 3330 3363 :
3402 3308 3574 3371 State,
3637 3312 3696 3361 et

434 3402 651 3466 audete,
689 3419 755 3457 nc
793 3404 1050 3467 timeatis,
1103 3414 1157 3458 et
1195 3406 1448 3460 videbitis
1491 3408 1757 3460 auxilium
1802 3424 1830 3460 a
1866 3407 1994 3471 Deo,
2035 3408 2180 3478 quod
2208 3406 2365 3461 vobis
2404 3404 2547 3459 Deus
2580 3402 2742 3457 hodie
2773 3402 2962 3457 afferet
2987 3404 3054 3458 δ’.

908 3496 1086 3550 (‘..\'LI.
1113 3528 1182 3537 —
1224 3498 1543 3555 DIACONO.

506 3586 640 3640 Cum
675 3588 876 3643 videris
921 3590 1191 3644 hominem
1219 3608 1326 3645 non
1371 3592 1517 3657 ﬁdei,
1554 3594 1645 3646 sed
1678 3595 1883 3647 mundo
1917 3594 2015 3648 ad-

437 3678 665 3743 dictum,
704 3681 1044 3749 temporariae
1078 3684 1362 3751 sapientia:
1395 3685 1659 3738 inanitate
1695 3686 2016 3754 Superbien-

438 3782 568 3831 tem,
600 3778 653 3823 et
686 3770 950 3825 divinitus
992 3773 1313 3842 inspiratam
1364 3774 1706 3845 Scripturam
1742 3778 2013 3847 neglectui

441 3862 757 3924 habentem,
793 3863 936 3930 quod
970 3864 1222 3918 formulis
1253 3874 1305 3919 et
1343 3866 1647 3921 Atticorum
1676 3884 1827 3923 more
1855 3885 2017 3923 voces

442 3963 548 4001 non
579 3952 798 4017 promit,
831 3966 954 4004 eum
986 3950 1322 4007 Naamanum
1358 3936 1555 4026 Syrum
1587 3973 1709 4013 esse
1740 3960 2016 4024 existima,

443 4052 616 4097 totum
677 4046 825 4115 lepra
879 4057 1098 4115 propter
1149 4048 1432 4117 perfidiam
1461 4090 1475 4113 ,
1516 4058 1808 4119 antequam
1857 4052 2021 4105 bene-

446 4136 727 4200 factorem,
754 4145 807 4190 et
846 4140 1087 4191 omnium
1128 4137 1416 4194 Dominum
1468 4142 1636 4195 Deum
1676 4152 2018 4211 agnosceret,

446 4226 706 4290 obsitum,
745 4228 836 4295 qui
889 4244 1146 4299 perquam
1200 4232 1436 4286 maxime
1491 4232 1742 4301 ingentes
1775 4231 2023 4286 Damasci
2068 4258 2071 4259 ν

447 4315 661 4379 ﬂuvios,
696 4318 845 4372 nullo
866 4320 1029 4374 modo
1058 4321 1143 4375 vel
1174 4337 1342 4375 unum
1379 4323 1540 4389 lepra:
1575 4323 1721 4376 notis
1761 4338 2021 4391 compun-

448 4412 595 4456 ctum
634 4419 827 4458 sanare
854 4406 1114 4469 valentes,
1159 4409 1599 4469 commendabat,
1646 4422 1699 4462 et
1728 4404 2022 4462 Jordanem

450 4496 504 4549 in
531 4503 674 4551 terra
699 4495 864 4554 Israel
890 4500 1289 4569 aspernabatur
1308 4500 1372 4554 ⁸³.
1409 4498 1653 4570 Namque
1685 4517 1783 4555 nos
1809 4518 2027 4571 quoque

450 4585 846 4643 intellectuales
881 4587 1143 4645 lsraelitm
1171 4589 1368 4644 divina:
1407 4589 1706 4660 Scriptura:
1734 4591 2029 4646 Jordaniea

450 4674 648 4731 ﬂuenta
680 4680 1052 4747 possidemus,
1105 4695 1246 4748 quae,
1282 4695 1406 4733 cum
1456 4682 1764 4749 prolatione
1815 4690 2028 4733 tantum

453 4771 721 4824 sermonis
754 4772 1161 4840 exprimuntur,
1210 4773 1337 4826 vilia
1372 4780 1528 4835 sunt,
1576 4781 1631 4826 et
1682 4773 1880 4842 pusilla
1911 4788 2031 4826 cer-

452 4869 660 4913 nuntur
696 4881 709 4915 ζ
744 4872 1118 4915 γετιιιιιιειιηειι
1147 4863 1447 4917 secundum
1478 4863 1767 4917 I3CUII3ICS
1798 4879 2031 4917 arcano-

454 4967 573 5004 rum
597 4951 1047 5006 absconditorum
1075 4954 1129 5006 in
1163 4952 1367 5005 Christi
1391 4954 1663 5020 doctrina,
1690 4970 1830 5024 aqua
1863 4956 2038 5009 subsi-

454 5042 619 5096 liente
675 5044 728 5096 in
782 5042 946 5095 vitam
1004 5050 1263 5096 :eternam
1313 5045 1378 5109 ⁸⁵,
1438 5060 1665 5110 omnes,
1722 5048 1814 5115 qui
1877 5047 2033 5101 ﬁdem

454 5133 878 5202 amplectuntur,
919 5140 1171 5197 curante,
1207 5144 1543 5203 expurgaute
1574 5142 1627 5188 et
1669 5136 2036 5199 illuminantc,

406 5292 409 5297 η
454 5239 617 5291 supra
671 5229 921 5275 naturam
979 5233 1128 5286 sunt,
1180 5231 1235 5278 et
1271 5224 1635 5290 admirabilia,
1699 5227 1935 5295 gloriosa
1983 5236 2037 5280 et

454 5312 855 5381 supercxaltata
881 5313 935 5366 in
971 5314 1167 5368 szecula
1199 5316 1409 5370 smeuli.

580 5401 738 5470 185
787 5402 985 5458 CXLII.
1019 5437 1089 5445 —
1117 5406 1516 5463 NICOTYCIIO
1573 5407 1889 5464 IHACONO.

526 5491 629 5556 Qui
680 5492 855 5549 oculis
908 5512 1016 5549 non
1048 5498 1387 5567 objiciuntur
1440 5498 1678 5552 Madinei
1730 5500 2027 5565 daemones,

2591 3500 2775 3552 PMA’.
2794 3528 2857 3537 --
2873 3499 3195 3568 ΔῙΑΚΟΝῼ.

2196 3595 2363 3647 Ὅταν
2414 3591 2528 3663 ἴδῃς
2550 3590 2836 3660 ἄνθρωπον
2869 3590 3116 3653 ἄπιστον,
3138 3590 3234 3641 καὶ
3265 3587 3593 3657 φιλόκοσμον
3614 3590 3702 3655 ἐγο

2123 3683 2473 3753 καυχώμενον
2522 3682 2587 3749 τῇ
2612 3680 2935 3749 ματαιότητι
2962 3679 3064 3748 τῆς
3120 3678 3459 3747 προσκαίρου
3480 3678 3697 3747 σοφίας,

2125 3775 2217 3828 xai.
2234 3772 2573 3835 εὑτελίζοντα
2594 3769 2690 3839 τὴν
2706 3769 3062 3822 θεόπνευστον
3086 3769 3123 3819 Γ
3129 3768 3330 3837 ραιρὴν,
3351 3767 3426 3830 ὡς
3441 3768 3517 3836 μὴ
3542 3768 3701 3819 ἀττι-

2127 3863 2654 3929 κίζουσαν,γίνωσκε
2670 3859 2853 3913 τοῦτον
2874 3860 3091 3928 Ναιμὰν
3111 3860 3376 3929 ὑπάρχειν
3393 3859 3480 3912 τὸν
3506 3859 3701 3928 Σύρον,

2128 3953 2540 4022 λελεπρωμένον
2571 3951 2689 4004 ὅλον
2707 3951 2795 4004 διά
2819 3952 2917 4021 τῆς
2941 3951 3216 4015 ἀπιστίας,
3235 3953 3364 4021 πρὶν
3385 3949 3590 4019 ἐπιγνῷ
3610 3948 3707 4002 τὸν

2130 4046 2422 4115 εὐεργέτην
2451 4045 2603 4106 Θεὸν,
2639 4044 2733 4096 καὶ
2769 4042 2973 4111 Κύριον
3006 4041 3111 4095 τῶν
3149 4043 3307 4105 ὅλων,
3351 4042 3506 4104 ὅστις
3556 4041 3706 4107 ἄγαν

2133 4137 2228 4205 μὲν
2262 4134 2538 4204 ἐθαύμαζε
2563 4136 2687 4197 τοὺς
2731 4134 3017 4204 μεγίστους
3045 4136 3145 4203 τῆς
3185 4132 3480 4203 Δαμασκοῦ
3533 4148 3709 4187 not:-

2134 4226 2266 4294 μους
2313 4224 2575 4294 μηδαμῶς
2628 4224 2957 4294 δυναμένους
2990 4224 3088 4278 ἕνα
3137 4225 3337 4293 λεπρδν
3391 4223 3711 4287 ἀπαλλάξαι

2131 4318 2227 4386 τῆς
2265 4317 2621 4369 καταστίκτου
2662 4317 2889 4387 λέπρας,
2925 4317 3177 4388 ηὑτὲλιζε
3235 4318 3293 4370 δὲ
3333 4317 3423 4371 τὸν
3450 4318 3507 4370 ὲν
3535 4320 3600 4386 τῇ
3631 4319 3711 4387 γῇ

2131 4404 2223 4457 τοῦ
2260 4406 2472 4476 Ἰσραὴλ
2501 4407 2790 4476 Ἰορδάνην.
2822 4409 3062 4478 Ἔχομεν
3088 4411 3196 4479 γὰρ
3226 4409 3322 4461 καὶ
3354 4410 3531 4478 ἡμεῖς,
3569 4423 3710 4477 νοη-

2130 4499 2214 4550 to".
2249 4499 2571 4568 Ἰσραηλῖται
2592 4499 2763 4564 ὄντες,
2792 4500 2860 4552 τά
2882 4501 2980 4569 τῆς
3000 4499 3148 4562 θείας
3171 4501 3393 4570 Γραιρῆς
3420 4499 3721 4569 Ἰορδάνεισ.

2136 4589 2349 4660 ῥεῖθρα,
2404 4591 2549 4660 άπερ
2595 4590 2737 4643 κατά
2803 4591 2899 4659 μὲν
2943 4591 3040 4659 τὴν
3077 4592 3357 4660 προφορὰν
3390 4590 3484 4644 τοῦ
3522 4591 3717 4658 λόγου,

2133 4679 2395 4749 οὖδαμινά
2437 4697 2495 4731 τε
2542 4682 2636 4733 xui.
2692 4680 2951 4750 ἐλάχιστα
3007 4680 3279 4749 φαίνεται,
3339 4682 3482 4734 κατά
3517 4681 3574 4734 δὲ
3606 4681 3722 4745 τὰς

2133 4771 2391 4840 δυνάμεις
2450 4771 2558 4823 τῶν
2614 4773 2929 4841 μυστηρίων
2979 4772 3086 4824 τῶν
3127 4772 3530 4842 κεκρυμμένων
3595 4774 3723 4835 τοῖς

2135 4862 2371 4933 Χριστοῦ
2410 4863 2755 4934 διδάγμασιν,
2785 4865 2937 4918 ὕδατι
2973 4865 3252 4935 ἀλλομένῳ
3290 4866 3371 4926 εἰς
3401 4863 3544 4934 ζωὴν
3575 4862 3722 4915 αἰώ-

2139 4970 2274 5018 νιον,
2321 4953 2624 5023 ἱατρεύοντί
2654 4971 2734 5017 τε,
2769 4956 2863 5007 καὶ
2906 4953 3246 5020 καθαίροντι,
3268 4953 3381 5006 οκαὶ
3417 4951 3719 5020 φωτίζοντι

2136 5044 2342 5105 πάντας
2371 5044 2496 5107 τοὺς
2526 5044 2905 5106 πιστεύοντας,
2937 5044 3195 5115 ὑπερφυῆ
3225 5060 3283 5097 τε
3309 5043 3589 5112 τυγχάνει,
3618 5039 3731 5093 καὶ

2136 5130 2441 5201 θαυμαστὰ,
2467 5133 2652 5197 ἕνδοξά
2680 5151 2759 5199 τε,
2794 5135 2889 5188 καὶ
2948 5134 3228 5205 ὑπεροψοὺ
3240 5150 3375 5204 μενα
3398 5135 3477 5196 εἰς
3502 5131 3724 5195 αἰῶνας

2138 5239 2350 5284 αιωνος.

2422 5410 2599 5465 PMB'.
2624 5442 2691 5451 —
2720 5412 3080 5481 ΝΙΚΟΤΥΧῼ
3114 5412 3435 5482 ΔΙΑΚΟΝῼ.

2212 5500 2275 5551 Οἱ
2309 5501 2529 5568 ἀφανεῖς
2553 5502 2807 5555 Μαδινέοι
2842 5502 3117 5572 δαίμονες,
3152 5502 3249 5566 τὰς
3301 5501 3509 5555 ἑαυτῶν
3544 5500 3736 5567 θυγα-

523 5604 709 5708 “Isa.
753 5653 911 5699 LXIII,
944 5637 1028 5691 t9.
1102 5639 1144 5670 "
1177 5637 1281 5691 Isa.
1310 5639 1456 5704 1,1,9,
1490 5638 1577 5690 Il.
1654 5637 1698 5668 ⁸ο
1728 5636 1831 5692 Isa.
1872 5654 1959 5700 ιχ,
1997 5639 2007 5689 l

2163 5639 2202 5669 ¹¹
2235 5637 2395 5692 Num.
2426 5655 2559 5708 χιιι,
2600 5639 2651 5693 8.
2729 5641 2773 5673 ⁸³
2811 5640 2982 5697 Exod.
3015 5642 3251 5707 xnv,15.
3329 5640 3374 5671 ³³
3400 5638 3463 5692 IV
3500 5639 3635 5706 Reg.
3672 5655 3739 5705 ν,

450 5706 684 5768 Ρῖίεεὶιυο
763 5711 808 5742 ⁸⁸
836 5710 999 5766 Joan.
1028 5723 1101 5772 tv,
1137 5709 1225 5761 H.
