3968 6214
511 323 617 392 ’27!

1992 298 2049 379 sf.
2094 318 2258 381 NILl

3688 310 3797 375 272

521 437 688 501 tristi,
718 426 1154 497 detestandoqne
1192 427 1299 481 ﬁne
1343 424 1510 481 vitam
1560 434 1887 495 posuerunt.
1928 424 2097 481 Gene-

2215 427 2292 484 Sti
2338 426 2435 496 τὴν
2489 425 2597 477 τῶν
2647 423 2900 494 κοράκων
2952 422 3112 494 δῆθεν
3155 422 3447 494 καλλίστην
3478 422 3792 494 δειχθεῖσαν

500 526 755 601 rationis
787 522 932 577 enim
972 520 1191 589 injuste:
1224 534 1441 590 ‘pravos
1468 520 1614 573 ﬁnes
1656 522 1724 584 ⁸⁵,
1760 520 2104 573 divinzetra-

506 619 657 670 dunt
694 614 847 683 191
892 611 1133 666 Litterae.
1186 611 1244 665 Si
1295 612 1483 681 itaque
1535 611 1633 666 tibi
1673 611 1731 665 in
1778 612 1965 666 animo
1995 619 2100 676 est,

510 708 826 760 (lanienam
851 714 1110 757 venatum
1134 702 1399 774 eﬁ'ugere,
1419 702 1627 757 nullam
1647 718 1889 773 unquam
1912 702 2104 757 obser-

514 800 791 853 vationem
818 798 977 867 longe
1010 782 1554 868 animo"prospicias,
1588 812 1697 852 non
1725 798 1964 861 volatus,
1994 809 2103 849 non

519 893 699 945 avium
726 903 915 952 voces,
944 903 1051 941 non
1084 888 1446 942 animantium
1475 888 1611 953 sive,
1631 904 1690 943 ea
1723 898 1936 942 ratione
1965 900 2101 955 pra).

2213 525 2516 591 σημασίαν,
2553 518 2695 591 μετά
2720 520 2921 588 μυρίας
2953 517 3157 588 ζημίας
3187 517 3282 570 καὶ
3314 516 3599 585 βασάνους,
3634 516 3797 570 ὔστε-

2212 628 2304 683 ρον
2338 607 2565 681 πονηρῷ
2620 608 2714 661 καὶ
2745 608 3034 678 ἀπευκτέῳ
3059 608 3201 661 τέλει
3232 608 3324 662 τὸν
3356 607 3470 677 βίον
3496 610 3797 681 κατέστρε-

2204 702 2338 772 ψαν.
2380 703 2580 764 Γενεᾶς
2620 700 2738 770 *γὰρ
2793 698 2978 752 ἀδίκου
3039 700 3257 770 πονηρά
3304 697 3375 752 τά
3423 700 3595 769 τέλη,
3648 702 3797 754 καθά

2212 812 2378 866 φησιν
2409 796 2443 865 ἡ
2473 794 2691 865 Γραφή.
2734 793 2796 845 Ei
2827 792 3006 845 τοίνυν
3036 792 3216 862 βούλει
3250 794 3511 862 ἐκφυγεῖν
3540 792 3649 845 τῶν
3681 793 3797 846 δαιο

2215 888 2392 958 μόνων
2420 887 2522 957 τὴν
2547 885 2746 956 θήραν,
2783 883 3060 955 μηδεμίαν
3090 882 3360 954 μηδέποτε
3408 885 3797 954 παρατήρησιν

508 982 630 1036 -dita
660 982 791 1048 sint,
831 980 945 1035 sive
982 979 1131 1034 illius
1167 980 1438 1049 expertia,
1470 994 1758 1045 occursus,
1796 992 1905 1033 non
1946 979 2105 1033 invo-

2215 978 2485 1044 σκόπευε,
2530 976 2605 1048 μὴ
2666 977 2938 1046 πτήσεις,
2998 975 3133 1047 μηδὲ
3186 975 3370 1043 φωνάς
3420 976 3661 1046 ὀρνέων,
3723 975 3800 1047 μὴ

518 1077 786 1138 cationes,
819 1089 927 1128 non
971 1086 1279 1141 regressus,
1321 1085 1430 1124 non
1481 1070 1674 1125 inanes
1710 1080 1909 1133 sortes,
1942 1076 2017 1133 et,
2044 1079 2105 1123 ut

516 1169 686 1224 verbo
715 1166 1023 1235 expediam,
1052 1163 1189 1217 nihil
1219 1161 1562 1225 observabis,
1592 1161 1704 1215 nisi
1733 1168 1944 1215 tantum
1975 1174 2103 1230 pec-

517 1267 726 1313 catum.
760 1256 950 1326 Operae
978 1254 1126 1308 enim
1163 1253 1398 1323 pretium
1434 1260 1520 1307 est
1550 1252 1620 1305 ab
1646 1266 1711 1307 ea
1744 1252 1849 1307 sibi
1887 1266 2100 1317 cavere,

518 1362 571 1405 et
604 1350 869 1405 continuo
904 1363 933 1401 a
961 1362 1022 1403 se
1050 1346 1338 1416 repellere.
1369 1345 1507 1400 Illud
1527 1359 1747 1415 quoque
1770 1359 1838 1398 ne
1862 1352 1915 1398 te
1941 1344 2105 1398 lateat

520 1442 706 1503 velim,
770 1439 1053 1494 nonnullis
1104 1436 1446 1501 hominibus,
1500 1437 1597 1507 qui
1650 1435 1937 1507 gentilium
1994 1434 2102 1489 ritu

519 1535 685 1588 noxia
706 1533 796 1586 illa
827 1537 1141 1601 captarunt,
1174 1542 1318 1597 saepe
1348 1528 1550 1599 smpius
1578 1528 1652 1582 ita
1688 1527 1796 1582 illis
1829 1527 2101 1592 evenisse,

518 1636 581 1680 ut
613 1624 882 1695 suspicati
911 1621 1154 1687 fuerant,
1184 1636 1292 1675 non
1316 1620 1391 1685 vi,
1424 1629 1519 1673 aut
1548 1620 1876 1675 miserorum
1912 1633 2106 1673 corvo-

516 1734 665 1780 rum,
700 1724 793 1770 aut
823 1729 1140 1785 porcorum,
1166 1719 1262 1766 aut
1292 1727 1512 1776 canum,
1538 1719 1631 1766 aut
1654 1712 1937 1765 hominum
1964 1724 2105 1781 prae—

2210 1071 2548 1141 ὐπαντήσεις
2571 1068 2844 1123 παντοίων
2894 1066 3047 1131 ζώων
3074 1067 3310 1135 λογικῶν
3334 1068 3367 1137 ἢ
3394 1068 3625 1137 ἀλόγων,
3656 1069 3803 1138 μήτε

2209 1164 2311 1228 τὰς
2341 1162 2669 1233 ἀνακλήσεις
2708 1161 2804 1214 καὶ
2857 1162 2985 1223 τοὺς
3014 1160 3441 1230 ἀναποδισμοὺς,
3477 1162 3615 1230 μήτε
3661 1160 3804 1231 κλη-

2200 1257 2371 1319 δόνας
2413 1254 2689 1325 ματαίας,
2730 1253 2829 1307 καὶ
2868 1250 3206 1315 ἁπαξαπλῶς
3256 1251 3426 1322 μηδὲν
3466 1254 3802 1324 παρατηρή-

2212 1344 2442 1408 σεις,εί
2484 1341 2561 1412 μὴ
2591 1341 2689 1411 τὴν
2738 1342 3035 1411 ἁμαρτίαν.
3098 1342 3387 1412 Χρήσιμον
3442 1341 3551 1413 γάρ
3617 1361 3803 1413 παρα-

2210 1432 2502 1504 τηρεῖσθαι
2525 1432 2752 1501 ταύτην,
2773 1433 2867 1485 καὶ
2888 1433 3225 1486 ἀπωθεῖσθαι
3253 1433 3539 1502 διηνεκῶς.
3558 1435 3804 1488 Κάκεῖνο

2210 1522 2267 1575 δὲ
2311 1524 2604 1591 γινώσκειν
2655 1524 2991 1595 βουλόμεθα,
3038 1525 3232 1595 ὅτιπερ
3288 1526 3431 1578 τισὶν
3484 1525 3803 1596 ἀνθρώποις

2212 1616 2773 1686 παρατηρησαμένοις
2831 1616 2909 1686 τῷ
2973 1614 3273 1686 Ἐλληνικῷ
3320 1616 3434 1669 ἔθει
3490 1617 3677 1671 ἐκεῖνα
3732 1618 3804 1671 τά

2211 1705 2556 1777 ψυχοσλαὸῆ,
2593 1707 2795 1778 συνέϐη
2826 1707 3086 1771 πολλάκις
3119 1706 3313 1774 οὕτως,
3345 1708 3536 1777 ὥσπερ
3565 1709 3803 1779 ὑπενόη-

508 1808 785 1872 dictione,
823 1805 915 1861 sed
944 1805 1154 1875 judicio
1185 1803 1280 1858 Dei
1317 1804 1601 1873 punientis
1639 1810 1693 1858 et
1725 1801 2107 1857 inﬁdelitatem

2215 1812 2335 1865 σαν,
2371 1799 2473 1853 οὐκ
2507 1801 2572 1853 ἐκ
2604 1801 2704 1871 τῆς
2742 1801 3047 1871 δυνάμεως,
3081 1802 3179 1853 καὶ
3206 1800 3307 1870 τῆς
3336 1803 3802 1873 προαγορεύσεως

520 1913 715 1953 eorum
774 1897 1164 1952 deridentis.1
1216 1894 1448 1950 Tribuat
1500 1894 1645 1948 enim
1695 1894 1794 1948 tibi
1842 1891 2107 1946 Dominus

516 1990 827 2047 secundum
864 1996 963 2043 cor
1008 1994 1187 2049 tuum,
1226 1994 1286 2040 et
1321 1988 1414 2039 liat
1442 1985 1562 2050 tibi,
1601 1985 1696 2050 ait,
1742 1983 2107 2054 quemadmo-

508 2085 652 2138 -dum
678 2078 1011 2150 exspectasti
1051 2078 1097 2109 ⁸⁸
1131 2094 1145 2131 :
1186 2095 1205 2128 ι
1250 2082 1305 2131 et
1333 2076 1561 2131 obruam
1595 2083 1648 2129 te
1676 2075 2107 2142 calamitatibus,

522 2184 578 2231 et
617 2171 1032 2236 afﬂictionibus,
1064 2180 1119 2225 et
1150 2169 1508 2232 mmroribus,
1547 2182 1670 2236 quae
1697 2178 1878 2237 pravae
1919 2168 2111 2223 obser-

519 2270 728 2324 vationi
758 2268 953 2330 ﬁdens,
983 2266 1214 2319 timuisti
1239 2280 1253 2316 :
1286 2268 1345 2315 ut
1367 2259 1587 2315 tandem
1611 2259 1905 2328 aliquando
1929 2257 2109 2313 delusi

521 2361 602 2416 illi
630 2358 910 2432 propriam
954 2355 1246 2413 stultitiam
1278 2352 1618 2423 detegentes,
1650 2351 1882 2406 sincerae
1932 2349 2111 2420 poeni-

502 2453 711 2508 ‘tentiaa
733 2466 859 2521 ope,
892 2446 1249 2504 exsecranda:
1278 2444 1359 2499 illi
1384 2441 1755 2498 observationi
1799 2440 1961 2496 ﬁnem
2003 2440 2109 2493 im-

522 2550 755 2614 ponant,
805 2549 859 2596 et
907 2539 1109 2594 divinae
1170 2534 1536 2607 providentiae
1584 2533 1640 2587 in
1686 2539 1969 2603 posterum
2023 2545 2112 2587 res

522 2633 780 2705 preprias
806 2629 1240 2691 committentes,
1282 2625 1561 2696 propriam
1583 2623 1825 2678 animam
1854 2622 2007 2676 omni
2042 2636 2107 2677 ex

520 2732 677 2794 parte
707 2721 772 2776 ad
801 2720 968 2774 Deum
1004 2720 1296 2773 reducant.
1341 2736 1350 2746 ο

2208 1891 2323 1945 τῶν
2356 1891 2559 1946 ἀθλίων
2584 1893 2865 1963 κοράκων,
2900 1894 2933 1963 ἠ
2972 1894 3192 1965 χοίρων,
3227 1894 3261 1961 ἢ
3294 1894 3490 1959 κυνῶν,
3522 1892 3556 1963 ἢ
3583 1893 3805 1965 ἀνθρώ-

2214 2001 2353 2049 πων,
2382 1985 2507 2038 ἀλλ’
2533 1986 2599 2040 ὲκ
2637 1986 2737 2057 τῆς
2765 1985 2860 2040 τοῦ
2893 1986 3029 2040 Θεοῦ
3057 1986 3321 2058 κρίσεως,
3351 1985 3681 2050 κολάζοντος
3706 1988 3809 2041 καὶ

2212 2077 2717 2149 ὲκμυκτηρίζοντος
2745 2078 2846 2149 τὴν
2872 2079 3133 2132 ἀπιστίαν
3161 2077 3364 2131 αὐτῶν.
3384 2096 3404 2128 ι
3428 2074 3549 2147 Δῴη
3579 2076 3697 2147 γάρ
3724 2094 3809 2130 σοι

2213 2169 2419 2240 Κύριος
2462 2172 2605 2225 κατά
2642 2171 2742 2241 τὴν
2783 2171 3015 2243 καρδίαν
3065 2189 3193 2236 σου,
3247 2170 3341 2225 καὶ
3371 2170 3664 2242 γενηθήτω
3696 2188 3806 2237 σοι,

2225 2263 2382 2332 φησὶ,
2412 2262 2560 2317 καθά
2583 2266 3013 2338 προσεδόκησας·
3046 2288 3064 2319 ι
3102 2271 3197 2323 καὶ
3226 2269 3534 2338 συγκλείσω
3562 2286 3627 2323 σε
3660 2286 3813 2339 συμ-

2214 2357 2434 2426 φοραῖς,
2464 2356 2559 2409 καὶ
2593 2355 2815 2422 λύπαις,
2850 2359 2945 2412 καὶ
2982 2359 3248 2430 θλίψεσιν,
3283 2361 3589 2433 ἀσπερκαὶ
3623 2362 3807 2430 πεφό-

2212 2442 2382 2512 ϐησαι
2416 2448 2481 2516 τῇ
2514 2446 2760 2517 σημασιᾳ
2789 2450 2853 2519 τῇ
2902 2449 3083 2521 φαύλῃ
3137 2452 3463 2522 πειθόμενος
3484 2466 3499 2483 ο
3534 2452 3691 2515 ὅπως
3740 2452 3810 2506 ἄν

2209 2550 2341 2587 ποτε
2373 2537 2453 2599 είς
2497 2536 2794 2605 ἐπίγνωσιν
2854 2539 3103 2603 ἐλθόντες
3156 2542 3259 2613 τῆς
3309 2543 3522 2596 ἑαυτῶν
3578 2559 3813 2610 ματαιο-

2209 2625 2484 2697 φροσΰνης
2502 2629 2552 2681 οί
2573 2628 3028 2702 ἐξαπατηθέντες,
3048 2633 3144 2686 καὶ
3168 2634 3430 2705 μετανοίᾳ
3455 2633 3813 2704 χρησάμενοι

2209 2718 2411 2789 ἀγαθῇ,
2450 2718 2767 2775 παύσωνται
2810 2721 2910 2792 μὲν
2933 2724 3034 2794 τῆς
3057 2726 3502 2796 παρατηρήσεως
3529 2724 3631 2794 τῆς
3669 2724 3809 2795 βδε-

520 2815 712 2885 λυρᾶς,
762 2814 831 2881 τῇ
866 2810 923 2863 δὲ
952 2809 1073 2880 θείᾳ
1146 2805 1376 2879 προνοίᾳ
1432 2803 1513 2858 ’τά
1556 2803 1679 2857 καθ’
1723 2803 1950 2866 ἑαυτοὺς
1987 2802 2175 2859 λοιπὸν
2215 2808 2647 2881 ἐπιτρέψαντες,
2703 2814 3042 2885 πανταχόθεν
3088 2815 3188 2887 τὴν
3240 2816 3377 2870 ίδίαν
3428 2817 3613 2889 ψυχὴν
3662 2818 3814 2889 πρὸς

521 2912 655 2966 Θεὸν
686 2908 1055 2975 ὲπανάγωσιν.

875 3016 1029 3073 CLII.
1065 3044 1137 3055 ——
1174 3012 1437 3069 MARONI
1462 3009 1738 3068 'COMITI.

588 3091 673 3193 Ne
695 3133 1051 3205 blasphemiae
1078 3129 1333 3199 spiritum
1367 3129 1566 3196 saepius
1599 3125 1693 3180 Dei
1725 3123 1951 3187 amanti,
1972 3126 2107 3193 ’pro-
2138 3158 2179 3215 ο

522 3235 711 3302 ιιεικιιιθ
747 3238 853 3284 tua:
882 3227 1077 3279 animae.
1102 3223 1408 3276 molestiam
1433 3220 1781 3287 exhibentem
1812 3217 1922 3271 ullo
1947 3216 2109 3269 modo

523 3326 875 3389 extimescas,
909 3319 1017 3371 imo
1051 3331 1176 3369 eum
1217 3322 1271 3369 et
1308 3313 1585 3377 oratione,
1630 3320 1684 3366 et
1725 3309 2107 3371 beneﬁcentia,

521 3426 578 3472 et
616 3426 1007 3485 oppressorum
1042 3406 1332 3472 subsidiis,
1369 3413 1422 3460 et
1458 3403 1771 3468 tolerantia,
1805 3409 1858 3457 et
1890 3400 2110 3455 humili-

520 3518 655 3574 tate,
688 3517 743 3562 et
772 3519 903 3575 erga
941 3516 1135 3558 servos
1169 3508 1294 3554 tuos
1333 3498 1498 3574 192~
1537 3498 1878 3551 humanitate
1910 3509 2108 3565 percu-

528 3603 695 3665 tiens,
743 3599 965 3668 impcte.
1002 3592 1128 3648 Ilaec
1166 3592 1337 3653 enim,
1373 3599 1429 3646 et
1459 3591 1544 3645 his
1580 3588 1781 3643 similia
1815 3604 1883 3663 ex
1925 3587 2109 3640 animo

522 3706 617 3749 tuo
640 3690 905 3763 repellere
934 3694 1165 3757 possunt
1192 3684 1489 3739 exitiosum
1526 3682 1854 3745 daemonem,
1892 3681 1986 3750 qui
2014 3680 2109 3735 tibi

519 3790 887 3861 cogitationes
937 3783 1197 3838 efferatas
1244 3788 1320 3836 et
1373 3779 1601 3850 impias
1650 3785 1846 3834 contra
1910 3789 1996 3843 te,
2055 3782 2111 3831 et

492 3880 735 3935 Numen
772 3877 973 3946 ipsum,
1019 3880 1074 3927 et
1107 3879 1414 3933 creaturas,
1455 3876 1510 3923 et
1554 3875 1802 3932 sanctos,
1846 3874 1900 3922 et
1944 3881 2111 3921 vene-

509 3972 692 4028 randa
728 3964 993 4039 mysteria
1014 3976 1319 4034 suggerere
1351 3960 1540 4015 audet.

766 4252 951 4308 CLIII.
986 4278 1057 4291 —-
1091 4246 1320 4304 LAUSO
1353 4242 1856 4303 PRIMISCRINIO.

590 4365 1010 4434 Nequel‘ratres
1046 4362 1236 4424 habes,
1272 4371 1455 4427 neque
1495 4355 1637 4412 ﬁlios
1664 4352 1940 4425 possides.
1974 4353 2107 4409 Cui-

2556 3022 2726 3077 PNB’.
2749 3052 2820 3065 -—
2842 3024 3106 3081 ΜᾹΡΩΝΙ
3134 3027 3430 3080 ΚΟΜΗΤῙ.

2283 3139 2356 3191 Τὸ
2385 3140 2484 3210 τῆς
2517 3139 2871 3214 βλασφημίας
2900 3143 3142 3215 πνεῦμα,
3172 3144 3232 3197 τὸ
3262 3146 3633 3215 παρενοχλοῦν
3686 3167 3802 3202 πυ-

2212 3233 2463 3305 κνότερον
2486 3238 2549 3307 τῇ
2585 3238 2650 3306 σῇ
2680 3235 2911 3307 φιλοθέῳ
2971 3239 3065 3290 καὶ
3092 3236 3271 3308 ἀγαθῇ
3296 3238 3516 3309 καρδία,
3552 3239 3815 3309 μηδόλως

2213 3326 2570 3399 ύποπτήξῃς,
2621 3329 2824 3398 μᾶλλον
2857 3330 2914 3383 δὲ
2949 3329 3381 3400 κατεξανάστηθι
3422 3331 3611 3383 τούτου
3640 3372 3657 3395 ,
3708 3334 3816 3387 τύ-

2215 3437 2363 3472 πτων
2392 3420 2525 3473 αὐτὸ
2552 3422 2741 3491 εὐχαῖς
2796 3423 2891 3476 καὶ
2922 3422 3222 3486 εύποιίαις,
3256 3422 3573 3492 ἀντιλήψεσί
3600 3442 3661 3477 τε
3697 3426 3818 3481 τῶν

2214 3513 2706 3584 καταπονουμένων
2744 3515 2836 3567 καὶ
2907 3519 3027 3578 ταῖς
3077 3514 3499 3586 μακροθυμίαις,
3544 3534 3811 3571 ταπεινο-

2212 3598 2453 3671 φροσύνῃ
2504 3618 2562 3653 τε
2633 3602 2727 3654 καὶ
2766 3605 2832 3674 τῇ
2884 3600 3191 3672 πρδςτοὺς
3240 3604 3457 3667 οἰκέτας
3499 3606 3628 3669 τοὺς
3675 3608 3814 3671 σοὺς

2212 3689 2531 3760 ἡμερότητι.
2559 3691 2743 3745 Ταῦτα
2768 3694 2896 3765 γὰρ.
2934 3696 3023 3747 καὶ
3046 3696 3113 3748 τὰ
3134 3696 3380 3756 τοιαῦτα,
3415 3696 3606 3749 τοῦτον
3636 3697 3812 3753 δύνα-

2211 3797 2298 3834 ται
2334 3781 2441 3833 ἀπὸ
2469 3783 2571 3851 τῆς
2608 3783 2788 3855 ψυχῆς
2818 3802 2913 3839 σου
2953 3786 3209 3851 ἐξελάσαι
3242 3787 3330 3841 τὸν
3374 3787 3657 3857 ἀλάστορα
3686 3789 3813 3844 δαί·-

2216 3887 2388 3941 μονα,
2422 3870 2721 3942 λογισμοὺς
2770 3876 2994 3947 ἀγριους
3044 3877 3150 3929 καὶ
3206 3876 3421 3940 ἀσεϐεῖς
3470 3878 3811 3935 ὑποϐάλλειν

2210 3962 2495 4035 τολμῶντα
2543 3964 2684 4019 κατά
2729 3966 2929 4020 σαυτοῦ
2959 3985 3019 4020 τε
3045 4008 3059 4033 ,
3104 3968 3198 4022 καὶ
3228 3968 3321 4023 τοῦ
3356 3969 3514 4035 Θεοῦ,
3558 3973 3656 4025 καὶ
3690 3974 3812 4027 τῶν

2212 4052 2740 4126 δημιουργημάτων,
2785 4057 2882 4110 καὶ
2919 4056 3026 4110 τῶν
3068 4058 3237 4126 ἁγίων
3283 4059 3380 4113 καὶ⁵
3443 4061 3662 4114 σεπτῶν
3696 4062 3809 4133 μυ-

2208 4145 2471 4217 στηρίων.

2457 4261 2591 4315 ΡΝΓ
2609 4301 2625 4316 .
2654 4292 2725 4302 --
2758 4262 3005 4334 ΛΑΥΣῼ·
3032 4263 3541 4335 ΠΡΙΜΙΣΚΡΙΝΙῼ.

2276 4372 2424 4442 Μήτ’
2462 4372 2727 4440 ἀδελφοὺς
2779 4372 2917 4443 ἔχων
2941 4413 2956 4437 ,
3014 4375 3152 4445 μήτε
3202 4375 3369 4429 τέκνα
3418 4375 3809 4446 κτησάμενος,

514 4474 650 4514 nam
709 4457 879 4525 igitur
937 4468 1133 4507 aurum
1190 4447 1627 4505 insaturabiliter
1685 4446 1937 4515 aggeris?
1985 4445 2106 4512 Quo

514 4474 650 4514 nam
709 4459 879 4525 igitur
937 4468 1133 4507 aurum
1190 4459 1627 4505 insaturabiliter
1685 4459 1937 4515 aggertst
1985 4459 2106 4512 uno

514 4549 667 4604 enim
712 4547 809 4601 tibi
861 4544 1107 4601 thesauri
1152 4540 1530 4613 opulentiores
1572 4546 2000 4609 congregantur,
2039 4556 2106 4595 eo

2221 4462 2329 4515 τίνι
2360 4459 2469 4533 ἆρα
2496 4464 2561 4516 τὸ
2592 4464 2827 4535 χρυσίον
2857 4464 3115 4532 συνάγεις
3138 4465 3501 4535 ἀκορέστως;
3552 4467 3711 4537 ’Θσῳ
3746 4470 3811 4523 δε

2215 4554 2347 4607 πολὺ
2372 4556 2435 4607 τὸ
2477 4554 2851 4613 θησαύρισμα.
2897 4556 3139 4613 τοσούτω
3171 4557 3357 4611 πλεῖον
3388 4558 3482 4611 καὶ
3518 4558 3811 4613 βαρυτέρα

1469 4556 1530 4642 ξδδ
1572 4554 2000 4609 θοηϐτθὲθηιυτο
2039 4556 2106 4595 εο
2139 4554 2182 4574 ν
2212 4554 2347 4607 πολὺ
2372 4556 2435 4607 τὸ
2477 4554 2851 4626 θησαύρισμα,
2897 4556 3139 4626 τοσούτῳ
3171 4557 3357 4611 πλεῖον
3388 4558 3482 4611 καὶ
3518 4558 3817 4631 βαρυτέρα

501 4642 697 4711 'pmnae
731 4638 825 4693 tibi
853 4647 903 4693 el
941 4638 1207 4707 potiores,
1244 4642 1300 4689 et
1333 4638 1637 4704 graviores,
1660 4638 1869 4685 eterna
1900 4646 2107 4701 nempe

2215 4644 2533 4713 ταμιεύεταί
2566 4662 2647 4699 σοι
2684 4648 2716 4717 ή
2745 4645 2963 4708 αίώνιος
2989 4646 3234 4709 κόλασις.
3268 4648 3380 4700 Καὶ
3417 4648 3611 4715 ὄφελόν
3638 4666 3703 4716 γε
3732 4653 3815 4704 τὰ

495 4730 815 4802 supplicia,
835 4735 1214 4786 reservantur.
1243 4726 1308 4780 Et
1336 4726 1544 4779 utinam
1570 4732 1722 4778 tanta
1744 4725 2103 4793 pecuniarum

2215 4737 2443 4791 τοσαῦτα
2490 4738 2774 4810 χρήματα,
2802 4738 2879 4807 τῷ
2914 4738 3093 4810 καιρῷ
3142 4738 3222 4809 τῷ
3248 4738 3436 4809 οἰκείῳ
3469 4740 3549 4802 είς
3591 4740 3813 4809 ἄνδρας

515 4824 677 4895 c0pia
704 4830 1015 4893 opportuno
1043 4818 1288 4888 tempore
1318 4817 1387 4871 ad
1430 4818 1551 4886 pios
1593 4815 1908 4885 probosque
1955 4817 2104 4872 viros

2215 4830 2457 4892 εὐλαϐεῖς
2506 4830 2602 4882 καὶ
2664 4830 2848 4892 ὁσίους
2878 4829 3125 4900 ἔφθασαν
3153 4870 3167 4893 ,
3202 4831 3348 4884 κατὰ
3376 4830 3811 4902 τὸ’γεγραμμέ-

494 4916 884 4987 pervenisset,
917 4920 979 4968 ut
1014 4912 1280 4982 scriptum
1313 4917 1441 4965 est:
1466 4907 1966 4977 'Congregaverunt
1997 4908 2104 4962 ali-

2215 4939 2318 4985 νον,
2350 4923 2543 4992 ὅτιπερ
2578 4922 2949 4992 Συνήθροισάν
2979 4938 3125 4983 τινες
3167 4922 3462 4992 ἀπλήστως
3503 4922 3810 4992 ἀργύριον,

514 5005 609 5077 qui
641 4998 1033 5059 insatiabiliter
1052 5009 1366 5072 argentum,
1393 5015 1457 5052 ex
1494 5014 1605 5069 quo
1628 5014 1737 5053 non
1770 4998 2098 5069 gustabunt,

2215 5013 2269 5078 ῐξ
2306 5008 2367 5067 οὗ
2409 5014 2475 5065 οὺ
2505 5012 2796 5081 γεύσονται
2825 5030 2838 5041 ·
2879 5012 3027 5084 ἀπερ
3074 5013 3121 5066 δ’
3151 5007 3296 5067 οὗτοι
3350 5016 3689 5085 συνήνεγκαν
3744 5017 3815 5083 ἐξ

487 5105 567 5152 νει
597 5112 721 5166 qua:
760 5096 867 5167 ipsi
912 5112 978 5151 ex
1008 5093 1285 5163 iniustitia
1336 5091 1507 5145 multa
1542 5090 1918 5160 collegerunt,
1960 5090 2105 5159 justi

2215 5106 2422 5168 ἀδικίας
2454 5106 2699 5175 πολλῆς,
2742 5104 2916 5160 ταῦτα
2958 5105 3160 5160 δίκαιοι
3211 5105 3441 5161 ἔδονται.
3511 5107 3652 5159 Ἀλλ’
3690 5110 3816 5180 οὐχ

489 5188 833 5244 ἐοηιοόειιι.
860 5187 1268 5244 Verumtamen
1299 5183 1514 5239 nutrita
1559 5182 1681 5247 tibi,
1714 5190 1770 5235 ut
1821 5182 1939 5250 ipse
1978 5182 2100 5252 opi-

2215 5196 2379 5260 οὓτως
2433 5195 2641 5267 νομίζω
2698 5196 3028 5267 γενήσεσθαι
3080 5197 3174 5249 ἐπὶ
3224 5196 3347 5250 σοίπ
3405 5196 3625 5263 ἀνάξιος
3681 5199 3818 5270 τὰρ

494 5297 636 5348 mor,
677 5280 994 5350 continget;
1042 5279 1304 5349 indignus
1363 5277 1566 5333 etenim
1615 5289 1675 5328 es
1717 5289 1732 5327 :
1775 5274 1886 5328 imo
1939 5276 2102 5346 vulgo

2215 5286 2497 5358 ὑπάρχεις,
2534 5287 2635 5357 τὴν
2665 5287 2723 5340 δὲ
2748 5286 2977 5358 δημώδη
3023 5287 3325 5359 παροιμίαν
3359 5286 3468 5360 ὄψῃ
3499 5287 3815 5359 καταλαμ-

486 5374 707 5428 ‘tritum
742 5373 1097 5442 proverbium
1147 5372 1202 5425 in
1237 5370 1585 5440 temetipsum
1622 5366 1802 5420 locum
1836 5366 2099 5424 habuisse

2215 5378 2477 5432 Βάνουσάν
2502 5395 2586 5441 σε,
2602 5380 2703 5451 τὴν
2721 5378 3007 5451 λέγουσαν·
3026 5379 3107 5434 Τὰ
3129 5378 3508 5433 Τανταλιστῶν
3525 5384 3820 5448 φάγονται

504 5463 888 5534 ‘deprebendes
921 5460 1402 5517 :Tantalistarum
1451 5475 1543 5515 res
1580 5456 1891 5514 Crotalieta
1940 5475 2098 5517 vora-

2215 5470 2592 5542 Κροταλισταί.

500 5554 676 5608 ‘bunt.

568 5727 630 5759 ‘“
658 5726 790 5796 Sap.
828 5741 915 5795 ιιι,
944 5727 1034 5782 I9.
1109 5727 1153 5759 “
1184 5724 1331 5783 Psal.
1362 5742 1477 5787 xu.
1515 5727 1569 5782 5.
