4012 6196
247 256 357 320 Ξτῖτ

528 363 696 418 PNA’.
728 392 799 404 —
827 362 1184 434 ΞΛΝΘΙΠΠῼ
1212 361 1538 433 ΔΙᾹΚΟΝῼ.

311 454 513 519 Καλῶς
536 472 601 525 γε
634 455 777 511 πάνυ
804 455 1091 527 πράττεις,
1119 457 1239 519 ταῖς
1268 438 1568 524 νηστείαις,
1601 455 1696 508 καὶ
1714 457 1835 518 ταῖς

243 546 596 617 χαμευνίαις,
633 548 701 617 τῇ
743 561 805 597 τε
844 548 1053 617 χρηστῇ
1088 545 1407 617 ἀγρυπνίᾳ,
1439 545 1537 599 καὶ
1561 548 1627 616 τῇ
1653 547 1832 616 πυκνῇ

254 641 536 711 προσευχῇ
586 637 926 692 καταπατῶν
976 655 1037 691 τε
1088 639 1185 692 καὶ
1242 638 1683 709 ὑπεραλλόμενος
1734 636 1837 700 τὰς

243 729 546 801 τρικυμίας
574 728 683 780 τῶν
735 728 1021 799 σαρκικῶν
1068 729 1291 800 ἡδονῶν,
1328 728 1450 799 Θεῷ
1487 729 1543 782 δὲ
1585 727 1663 798 τῷ
1702 745 1839 781 συν-

245 819 500 891 εργοῦντι
527 821 659 889 ἡμῖν
686 819 771 873 ἀεὶ
810 820 891 881 είς
913 820 975 872 τὸ
1008 818 1215 887 ἀγαθὸν
1240 819 1338 890 τὴν
1366 819 1525 889 νίκην
1560 818 1835 882 ἀνατιθεὶς

249 915 307 966 ὲν
330 912 405 969 τίει
424 910 648 981 ψάλλειν
677 910 819 981 πρὸς
840 913 1005 966 αὐτόν
1026 927 1045 945 θ
1079 931 1097 964 ι
1133 913 1521 977 Σὺ,κΔέσποτα,
1550 911 1834 976 δεσπόζεις

246 1003 344 1057 τοῦ
373 1003 611 1072 κράτους
644 1005 744 1074 τῆς
780 1003 1080 1074 θαλάσσης,
1112 1005 1211 1057 τὸν
1236 1005 1292 1057 δὲ
1322 998 1483 1057 σάλον
1511 1003 1632 1056 τῶν.
1650 1005 1827 1073 κυμάο

247 1112 356 1149 των
385 1094 557 1165 αὐτῆς
588 1095 653 1148 σὺ
689 1096 1123 1166 καταπρσΰικις.
1161 1111 1183 1147 τ

480 1212 487 1219 ι
534 1189 709 1242 PNE'.
741 1218 814 1229 -
844 1186 1130 1259 ΡΩΜΔΝῼ
1176 1187 1545 1259 Είιιεκοηᾳ.

319 1281 405 1336 Τά
424 1278 521 1335 τοῦ
550 1282 902 1353 παράφρονας
948 1280 1047 1334 καὶ
1076 1281 1546 1352 παρεξεστηκότος
1576 1280 1830 1334 Ναυάτου

252 1372 583 1443 βληχήματα
607 1413 621 1435 ,
668 1373 768 1441 τὴν
803 1372 901 1442 μὲν
934 1370 1212 1435 σώζουσαν
1258 1371 1549 1441 μετάνοιαν
1577 1371 1837 1442 ἑξοστραο

249 1462 432 1525 κίζειν
477 1463 754 1533 τολμῶντα
779 1501 796 1525 ,
840 1462 1110 1533 προφάσει
1152 1462 1211 1516 δὲ
1260 1461 1611 1532 άπελπισμοῦ
1660 1462 1833 1525 ἀδεῶς

248 1554 660 1625 τὰςάμαρτίας
681 1555 1011 1625 σωρεύοντα,
1045 1556 1141 1609 καὶ
1173 1554 1448 1626 καθαροὺς
1477 1554 1573 1625 μὲν
1605 1555 1837 1617 ἑαυτοὺς

249 1645 527 1714 λέγοντας
553 1642 711 1710 εἶναι,
752 1646 1097 1715 ἀκαθάρτους
1123 1645 1181 1698 δὲ
1229 1648 1296 1716 τῇ
1331 1645 1530 1716 πράξει
1577 1648 1831 1716 εὑρισκο-

1480 245 2029 313 ΕΡΙΞΤΟΙ.ΑΒΗΜ’
2048 253 2194 318 LIB.
2225 256 2303 317 Π.

1852 361 1903 417 Α

2176 362 2359 418 (ξων.
2403 396 2473 405 ——
2508 364 2908 423 XA‘NTIIIPPO
2944 367 3266 428 DIACONO.

2011 452 2190 511 Probe
2224 457 2391 512 nimis
2423 461 2563 529 agis,
2596 460 2823 528 jejuniis
2853 469 2907 515 et
2948 462 3001 515 in
3031 462 3200 517 humo
3227 461 3520 517 dormitio-

1942 546 2126 607 nihus,
2172 547 2427 619 bonaque
2462 551 2670 620 vigilia,
2700 561 2752 605 et
2788 551 3058 622 frequenti
3101 555 3352 608 oratione
3385 560 3519 607 cau-

1940 639 2203 703 culcans,
2262 649 2317 695 et
2374 634 2701 696 carnearum
2762 645 3103 714 voluptatum
3165 654 3519 716 tempestates

1940 731 2280 798 transiliens,
2326 730 2567 803 Deoque,
2625 736 2717 800 qui
2772 751 2991 805 semper
3044 737 3203 792 nobis
3256 736 3321 792 ad
3376 739 3515 791 bona

1937 824 2299 893 pcrsolvenda
2341 842 2499 897 opem
2538 828 2663 894 fert,
2706 830 2995 895 victoriam
3042 832 3347 892 ascrihens,
3388 846 3513 884 cum

1940 916 2008 970 ad
2035 932 2158 972 eum
2194 918 2444 973 conrinis
2488 936 2502 973 :
2548 939 2566 971 ι
2610 919 2713 983 Tu,
2752 921 3002 984 Domine,
3054 921 3357 976 dominaris
3405 922 3515 975 vir-

1939 996 2266 1072 tutimaris,
2297 1016 2350 1063 et
2377 1016 2758 1077 tempestatem
2797 1010 3061 1063 fluctuum
3098 1010 3245 1065 illius
3276 1022 3329 1064 tu
3372 1012 3514 1063 miti-

1939 1108 2037 1166 gas
2057 1096 2123 1151 θ’.
2167 1114 2185 1147 ι

2151 1186 2309 1256 193
2346 1185 2501 1240 CLV.
2543 1217 2607 1228 —-
2646 1186 2931 1243 ROMANO
2965 1187 3313 1243 EPISCOPO.

2013 1275 2228 1340 Insani,
2263 1291 2327 1330 ac
2357 1284 2542 1331 mente
2568 1259 2711 1347 capti
2743 1277 2933 1331 Novati
2962 1279 3194 1341 balatus,
3220 1280 3310 1347 qui
3344 1280 3519 1349 pomis

1938 1376 2328 1423 exonerantem
2368 1369 2744 1438 pmniteutiam
2766 1371 3057 1426 extrudere
3086 1372 3268 1435 audet,
3290 1378 3343 1427 et
3378 1388 3515 1441 pra:-

1939 1467 2091 1515 textu
2122 1461 2523 1540 desperationis
2556 1460 2903 1531 impudenter
2929 1474 3153 1533 peccata
3191 1473 3514 1526 conservat;

1937 1562 1993 1609 et
2032 1553 2181 1609 illius
2217 1556 2483 1619 asseclas,
2521 1557 2612 1624 qui
2657 1571 2829 1625 puros
2876 1558 3199 1627 semctipsos
3243 1566 3515 1621 asserunt,

1938 1654 1991 1700 et
2018 1658 2183 1716 apere
2209 1646 2331 1717 ipso
2361 1648 2563 1717 impuri
2604 1648 3117 1717 deprehenduntur,
3159 1659 3212 1705 et
3248 1652 3300 1705 in
3342 1655 3520 1722 perni-

254 1736 481 1807 μένους,
508 1736 597 1789 καὶ
624 1738 704 1799 είς
725 1736 823 1807 τὴν
850 1732 1131 1790 ἀπώλειαν
1166 1737 1595 1801 συνελαύνοντας
1623 1739 1712 1792 διὰ
1733 1740 1830 1810 τῆς

1947 1736 2081 1790 ciem
2107 1750 2223 1802 eos,
2251 1737 2344 1806 qui
2382 1750 2570 1792 eorum
2616 1740 2871 1795 amentiae
2909 1739 3063 1796 fidem
3102 1728 3324 1807 habent,
3364 1760 3519 1798 com-

250 1826 777 1895 ἀπογνώσεῶςοτοὺς
813 1827 1172 1898 πειθομένους
1214 1831 1280 1898 τῇ
1329 1828 1530 1894 αὐτῶν,
1565 1831 1666 1882 οὐκ
1695 1831 1834 1883 ἀπο·-

251 1916 558 1986 δεξόμεθαυ
607 1919 923 1973 τούναντίον
962 1920 1020 1972 δὲ
1060 1918 1391 1991 μεμψόμεθα
1434 1937 1493 1974 τε
1539 1922 1634 1975 καὶ
1689 1921 1835 1976 σκώ-

250 2008 448 2078 ψομεν,
480 2008 558 2073 ὡς
600 2010 711 2064 τῶν
740 2010 1117 2066 ἀποστολικῶν
1147 2012 1388 2070 κανόνων
1420 2013 1676 2086 ἀλλότρια
1706 2031 1839 2086 φρο-

254 2097 507 2166 νοῦντας.

484 2193 678 2260 PNG”.
707 2223 777 2234 —
806 2194 1160 2267 ΑΦΡΟΔΙΣΙῼ
1187 2196 1604 2268 ΣΚΡΙΝΙᾹΡΙῼ.

324 2282 392 2335 Τί
412 2283 589 2348 δοκεῖς
614 2284 896 2339 λανθάνειν
922 2290 1071 2359 ἡμᾶς
1098 2288 1380 2359 κακοήθης
1436 2307 1519 2353 τις
1547 2289 1642 2343 καὶ
1666 2289 1839 2354 δόλιος

262 2376 525 2447 ὑπάρχων
546 2420 561 2443 ,
596 2378 692 2431 καὶ
730 2380 946 2444 πολλοῖς
996 2381 1094 2451 μὲν
1142 2382 1387 2453 ἀρίστοις
1451 2384 1547 2435 καὶ
1610 2383 1840 2451 ἀγαθοῖς

260 2466 487 2539 ἀνδράσι
533 2468 795 2540 πεφυκὼς
850 2472 1228 2527 ἐπιϐουλεύειν
1252 2515 1266 2539 ,
1321 2474 1719 2541 συγκαλύπτων
1778 2474 1845 2527 δὲ’

262 2560 459 2613 σαυτὸν
484 2561 566 2631 τῷ
593 2564 928 2634 προσωπείῳ
955 2564 1055 2635 τῆς
1085 2564 1521 2634 φιλοκαγαθίαςς
1568 2563 1698 2619 Ἰδοὺ
1730 2565 1839 2634 γὰρ

261 2652 325 2703 ὲκ
346 2652 458 2704 τῶν
487 2653 722 2722 καρπῶν
744 2654 805 2707 τὸ
827 2653 1044 2725 δένδρον
1074 2654 1437 2727 γινώσκομεν,
1461 2657 1557 2710 καὶ
1585 2655 1841 2728 οὐδαμῶς

260 2742 493 2814 κρυϐείη
546 2743 708 2806 λύκος
760 2746 1147 2817 περικείμενος
1204 2748 1368 2818 δορὰν
1415 2749 1726 2821 προϐάτου·
1774 2750 1846 2802 ὲκθ

257 2834 371 2905 γὰρ
401 2835 468 2905 δὴ
514 2837 625 2890 τῶν
679 2838 907 2892 ὀδόντων
948 2839 1045 2895 καὶ
1092 2840 1204 2893 τῶν
1234 2841 1441 2911 ὀνύχων
1472 2841 1671 2913 ῥᾳδίως
1697 2857 1839 2910 γνω-

260 2924 549 2995 σθήσεται.
580 2929 720 2998 Φησὶ
747 2928 804 2983 δὲ
833 2930 929 2984 καὶ
953 2932 987 3001 ἡ
1013 2931 1205 3003 Γραφή
1230 2947 1245 2961 ο
1283 2949 1302 2985 ι
1336 2932 1539 3003 Πέρδιξ
1564 2933 1851 3004 θηρευτὴς

1937 1826 2168 1896 pellunt,
2203 1829 2355 1883 nullo
2384 1829 2545 1884 modo
2576 1830 2680 1900 ipsi
2716 1820 3048 1901 recipimus;
3082 1834 3192 1887 imo
3220 1850 3315 1889 eos
3340 1852 3520 1905 repre-

1938 1916 2261 1982 hendemus.
2288 1928 2341 1976 et
2366 1922 2825 1991 vituperabimus,
2849 1923 2926 1977 uti
2952 1938 3068 1991 eos,
3093 1925 3186 1995 qui
3211 1926 3514 1982 cauonibus

1937 2009 2311 2079 apostolorum
2345 2011 2625 2066 contraria
2657 2011 2918 2067 sentiunt.

2132 2188 2313 2245 CLVI.
2349 2220 2418 2231 ——
2446 2189 2866 2247 APHRODISIO
2904 2190 3318 2251 SCRINIARIO.

2011 2280 2091 2335 An
2123 2281 2293 2337 latere
2328 2296 2430 2337 nos
2457 2292 2638 2353 putas,
2664 2284 2756 2354 qui
2788 2284 3061 2355 malignus
3085 2301 3167 2351 es.
3200 2294 3254 2342 et
3277 2292 3511 2342 astutam

1940 2386 2125 2427 servas
2151 2373 2255 2428 sub
2288 2380 2511 2442 pectore
2549 2374 2790 2443 vulpem,
2819 2383 2874 2429 et
2910 2377 3330 2445 quamplurimis
3372 2377 3508 2447 opti-

1940 2463 2043 2517 mis
2100 2477 2164 2518 ac
2220 2464 2629 2534 probatissimis
2681 2466 2814 2521 viris
2878 2480 2943 2521 ex
3002 2467 3222 2537 ingenio
3283 2468 3512 2523 insidias

1941 2555 2160 2621 struis,
2227 2555 2371 2611 licet
2425 2560 2779 2627 temetipsum
2843 2557 3218 2613 beneficentiae
3281 2573 3513 2628 persona

1941 2647 2233 2718 contegast
2291 2646 2431 2703 Ecce
2480 2649 2626 2703 enim
2676 2665 2743 2704 ex
2792 2648 3066 2705 fructibus
3126 2649 3377 2705 arborem
3429 2651 3513 2705 di-

1943 2737 2263 2807 gno‘scimus
2295 2739 2340 2770 ⁵⁷
2377 2741 2431 2804 ⁶;
2473 2738 2736 2808 nulloque
2781 2739 2945 2794 modo
2973 2739 3133 2809 lupus
3175 2740 3305 2795 licet
3354 2741 3514 2795 ovina

1942 2824 2082 2894 pelle
2134 2824 2434 2881 adornatus
2488 2826 2657 2881 latere
2713 2828 3221 2898 poterit:namque
3263 2844 3330 2882 ex
3379 2828 3515 2883 deu-

1942 2915 2094 2972 tibus
2138 2931 2202 2971 ac
2235 2917 2509 2987 unguibus
2558 2917 2704 2972 facili
2762 2919 2983 2989 negotio
3035 2918 3111 2973 inv
3146 2920 3513 2989 cognitionem

258 3016 553 3087 καρτάλλῳ
578 3018 1021 3083 ὲναποκλεισθείς
1040 3035 1054 3051 ο
1085 3019 1264 3083 οὕτως
1290 3020 1443 3074 ἐστὶν
1477 3020 1835 3093 ὑπερηφάνου

1947 3006 2143 3062 veniet.
2174 3006 2240 3061 Et
2273 3005 2554 3078 Scriptura
2593 3022 2814 3078 quoque
2878 3010 2954 3062 ait
2988 3028 3000 3063 :
3046 3029 3064 3061 ‹
3105 3009 3300 3064 Perdix
3340 3026 3512 3065 vena-

255 3107 479 3178 καρδία.
520 3127 540 3160 ι
588 3110 794 3172 Ὄντως
838 3110 949 3182 γάρ
1011 3111 1364 3184 ὑπερήφανος
1415 3112 1507 3166 καὶ
1554 3113 1835 3185 φθονερὸς,

256 3196 384 3265 ὄφις
416 3215 475 3251 τε
509 3198 720 3255 δάκνων
774 3204 932 3272 σιγῇ,
978 3204 1076 3256 καὶ
1121 3202 1269 3257 κύων
1321 3205 1650 3276 σπαράττων
1682 3206 1839 3271 ἐκτὸς

253 3287 351 3341 τοῦ
398 3288 705 3361 ὑλακτῆσαι
760 3293 1001 3365 γνωρίζῃ
1056 3293 1206 3365 παρὰ
1260 3296 1467 3360 πᾶσιν,
1517 3297 1623 3351 κᾶν
1661 3297 1840 3371 λάθρα

257 3378 570 3451 κακοῦργός
612 3400 698 3445 τις
756 3383 851 3437 καὶ
911 3384 1329 3456 δυσφορώτατος
1397 3388 1490 3441 καὶ
1544 3389 1843 3459 κρυψίνους

264 3469 540 3539 πανταχοῦ
574 3472 861 3544 περιέρχῃ.
900 3473 1037 3527 Θεοῦ
1078 3475 1137 3527 δὲ
1180 3476 1340 3545 χρεία
1387 3476 1500 3529 τῶν
1548 3479 1700 3549 παρὰ
1743 3479 1839 3534 σοῦ

259 3560 792 3634 ἐπιϐουλευομένων,
837 3567 925 3619 ίνα
955 3566 1157 3634 λέγωσι
1186 3568 1248 3619 τὸ
1283 3569 1340 3620 ὲν
1355 3566 1430 3638 τῷ
1448 3569 1835 3642 ὲννενηκοστῷ,

254 3651 337 3705 ὅτι
375 3672 395 3704 ι
427 3653 601 3718 Αὐτὸς
628 3655 852 3726 ῥύσεται
884 3658 1030 3728 ἡμᾶς
1060 3659 1131 3711 ἐκ,
1158 3659 1384 3728 παγίδος
1412 3659 1713 3732 θηρευτῶν,
1745 3665 1840 3717 καὶ

256 3744 423 3813 λόγου
450 3746 821 3816 ταραχώδους.
862 3769 880 3801 ι
928 3750 1104 3817 Σιγῶν
1147 3750 1257 3821 γάρ
1283 3750 1448 3815 αὐτὸς
1480 3752 1561 3816 είς
1591 3754 1851 3824 ταραχὴν

257 3835 561 3907 ἐμϐάλλεις
588 3840 710 3902 τοὺς
736 3839 1280 3912 ἐπιϐουλευομένους.

510 4103 683 4160 ΡΝΖ’.
716 4134 789 4147 -
818 4104 1200 4180 somnum
1222 4111 1590 4183 remenso.

331 4194 421 4265 Τῇ
451 4194 571 4267 θείᾳ
614 4198 814 4265 γνώσει
864 4202 1130 4271 στοιχῶν,
1186 4204 1251 4272 τῇ
1293 4204 1490 4271 γνώσει
1534 4204 1629 4257 καὶ
1664 4205 1843 4259 πάντα

264 4288 450 4339 stote‘l’v
483 4288 817 4355 σπουδάζεις,
853 4292 1181 4364 πανάριστε,
1213 4296 1329 4358 τοῖς
1392 4296 1608 4366 ἐκείνης
1652 4297 1841 4350 κανόσι

1944 3096 2055 3149 trix
2084 3096 2319 3151 cartallo
2347 3096 2587 3162 inclusa,
2625 3100 2699 3152 ita
2729 3114 2788 3154 se
2823 3098 2985 3154 habet
3016 3115 3111 3155 cor
3140 3101 3362 3171 superbi
3383 3103 3449 3156 ⁸⁸.
3492 3121 3510 3153 ι

1943 3186 2085 3244 Vere
2154 3190 2358 3260 quippe
2420 3191 2691 3260 superbus
2753 3200 2807 3247 et
2870 3192 3121 3255 invidus,
3180 3208 3516 3263 serpensque

1943 3282 2165 3339 silentio
2215 3281 2493 3345 mordens.
2524 3294 2579 3339 et
2619 3284 2773 3340 canis
2818 3286 3029 3353 absque
3066 3286 3264 3340 latratu
3309 3287 3516 3341 discer—

1942 3388 2079 3444 pens
2130 3375 2485 3445 cognosceris
2534 3374 2602 3429 ab
2644 3375 2923 3441 omnibus,
2977 3377 3105 3431 licet
3157 3376 3419 3447 perditus,
3463 3388 3518 3431 et

1942 3468 2328 3533 intolerabilis,
2362 3477 2415 3522 et
2456 3467 2840 3523 dissimulator
2879 3484 3320 3538 quaquaversum
3372 3468 3517 3523 diva—

1942 3557 2111 3629 geris.
2140 3556 2364 3629 Opeque
2386 3557 2569 3612 divina
2594 3559 2705 3615 illis
2741 3575 2879 3630 opus
2912 3560 3005 3624 sit,
3046 3561 3244 3629 quibus
3284 3558 3539 3615 insidias

1944 3649 2135 3713 struis,
2197 3657 2256 3703 ut
2311 3649 2495 3705 dicere
2552 3650 2794 3719 possint,
2845 3651 2990 3720 quod
3049 3651 3103 3704 in
3158 3653 3517 3721 nonagesimo

1944 3738 2165 3809 psalmo
2206 3739 2463 3809 legitur:
2512 3757 2531 3790 ι
2584 3737 2704 3809 Ipse
2760 3740 3013 3795 liberabit
3077 3741 3237 3811 195
3292 3756 3395 3796 nos
3449 3742 3518 3797 de

1944 3830 2143 3898 laqueo
2182 3831 2525 3895 venantium,
2584 3839 2639 3884 et
2684 3846 2714 3883 a
2773 3831 2941 3885 verbo
2988 3846 3185 3900 aspero
3215 3833 3279 3883 θ’.
3333 3851 3351 3883 ι
3398 3831 3518 3903 ipse

1944 3921 2217 3992 siquidem
2258 3928 2451 3977 tacens
2499 3921 2553 3975 in
2586 3923 2779 3977 turbas
2828 3921 3047 3977 insidiis
3096 3923 3206 3978 tuis
3249 3924 3516 3979 obnoxios

1945 4012 2195 4083 conjicis.

2180 4103 2388 4159 CLVII.
2423 4134 2490 4143 --
2531 4102 2915 4160 SOSIPATRO
2951 4102 3279 4163 TRIBUNO.

2015 4198 2213 4253 Diviuo
2279 4197 2583 4267 procedens
2654 4197 2927 4265 consilio,
2996 4200 3235 4254 consilio
3298 4216 3519 4272 quoque

1944 4289 2131 4343 omnia
2158 4303 2415 4358 peragere
2439 4274 2748 4352 contendis,
2782 4302 2815 4342 ο
2848 4288 3072 4358 optime,
3120 4289 3269 4347 illius
3316 4294 3519 4362 regulis

261 4374 361 4428 καὶ
387 4375 615 4445 ῥυθμοῖς
642 4378 928 4449 ἑπόμενος.
954 4380 1120 4435 Ὅθεν
1155 4382 1249 4434 καὶ
1278 4384 1458 4436 πάντα
1502 4384 1593 4437 τὸν
1636 4385 1837 4439 σαυτοῦ

1947 4379 2321 4451 rhythmisque
2365 4378 2646 4435 obediens.
2704 4378 2845 4433 Hinc
2890 4387 2945 4434 et
2980 4380 3266 4437 universas
3318 4390 3440 4439 tuas
3490 4400 3518 4435 a

262 4465 635 4535 θεοφύλακτον
659 4468 912 4537 πλοῦτον,
939 4471 1016 4533 ώς
1044 4472 1138 4524 ἐπὶ
1158 4472 1220 4525 τὸ
1247 4473 1503 4527 πλεῖστον
1531 4476 1645 4537 τοῖς
1670 4492 1837 4545 μονα-

257 4557 380 4624 χοίς
415 4555 713 4625 ignve-15k,
745 4560 882 4628 πρὸς
921 4560 1143 4624 τούτους
1172 4578 1231 4614 τε
1276 4563 1526 4632 κεχηνὼς
1558 4564 1738 4636 πολλῷ
1763 4565 1842 4637 τῷ

260 4646 438 4717 πόθῳ,
469 4648 563 4700 καὶ
591 4648 814 4713 τούτους
844 4651 1130 4705 ἀναπνέων
1157 4652 1371 4725 νύκτωρ
1402 4655 1497 4707 καί⁸
1552 4656 1671 4726 μεθ’
1700 4657 1839 4727 ἡμὲν

262 4754 395 4807 ραν,
435 4740 561 4810 μήθ’
593 4741 731 4804 ὅλως
762 4741 908 4811 ἔχειν
951 4744 1189 4813 νομίζων
1250 4745 1569 4815 συγγένειαν
1594 4748 1625 4817 ἢ
1653 4748 1842 4814 τέκνα,

258 4832 451 4884 καίτοι
497 4833 769 4887 τοσούτων
802 4835 993 4889 ὀντων.
1034 4838 1145 4891 Καὶ
1187 4837 1318 4891 αὐτὸ
1355 4838 1415 4893 δὲ
1461 4839 1523 4891 τὸ
1561 4840 1741 4907 λέγειν
1784 4860 1845 4895 σε

256 4925 417 4978 κατὰ
469 4928 761 4997 συντυχίας
786 4968 801 4994 ,
863 4921 1061 5000 κτῆνος
1114 4929 1383 5002 ὑπάρχειν
1438 4931 1548 4987 τῶν
1598 4933 1848 5004 μοναχῶν

254 5018 628 5084 ἀγογγύστως
682 5036 743 5072 τε
822 5020 915 5073 καὶ
972 5021 1272 5092 προθύμως
1340 5021 1847 5094 ὲξυπηρετούμενον

254 5110 477 5172 πάσαις
517 5113 638 5173 ταῖς
677 5111 887 5165 τούτων
913 5114 1145 5184 χρείαις,
1174 5114 1268 5167 καὶ
1294 5115 1455 5185 τοῦτο
1491 5117 1844 5188 ἀπηρτισμέ-

253 5218 366 5270 vn;
406 5202 523 5252 ἐστὶ
548 5204 846 5274 τεκμήριον
862 5204 1137 5268 γνώσεως.
1177 5205 1496 5260 Ἐπίστασαί
1517 5206 1574 5258 δὲ
1604 5206 1846 5272 πάντως,

252 5294 348 5346 ὃτι
394 5292 493 5345 σὺν
524 5295 637 5359 τοῖς
666 5296 926 5359 Λευΐταις
946 5336 962 5361 ,
1012 5298 1105 5350 καὶ
1150 5295 1221 5349 τὰ
1252 5296 1457 5350 τούτων
1506 5299 1678 5369 κτήνη
1708 5317 1839 5352 κατ-

252 5384 544 5453 ηυλόγησε
570 5384 702 5449 Θεός
725 5402 784 5439 τε
812 5387 905 5440 καὶ
932 5388 1194 5458 Μωῦσῆς.
1225 5389 1412 5441 Πάντα
1434 5389 1616 5443 τοίνυν
1646 5390 1843 5457 γνώσει

252 5475 621 5546 λογιζόμενος
656 5477 796 5548 θεία,
838 5479 934 5532 καὶ
961 5478 1161 5547 γνώσει
1203 5478 1378 5547 λέγων
1417 5478 1511 5532 κα)⁸
1566 5479 1838 5547 πράττων,

1944 4471 2182 4527 Numine
2220 4470 2529 4527 custoditas
2565 4469 2785 4525 divitias
2824 4479 2883 4524 ut
2916 4472 3212 4541 plurimum
3250 4473 3303 4527 in
3329 4489 3522 4527 mona-

1945 4565 2082 4620 chos
2123 4565 2403 4629 exhauris,
2455 4571 2509 4617 et
2546 4564 2599 4616 in
2650 4563 2772 4617 illos
2809 4579 3069 4634 perquam
3119 4565 3520 4633 impensissime

1947 4657 2189 4722 inhians,
2225 4670 2431 4725 eosque.
2473 4654 2693 4719 reﬂans,
2736 4664 2902 4711 noctu
2954 4665 3007 4711 et
3060 4656 3325 4716 interdiu.
3367 4670 3431 4709 ac
3472 4656 3517 4708 si

1946 4749 2084 4805 nulli
2138 4748 2238 4801 tibi
2287 4755 2475 4802 essent
2525 4746 2941 4815 consanguinei,
3005 4755 3097 4801 aut
3152 4745 3270 4810 lilii,
3317 4747 3518 4816 quibus

1952 4839 2153 4899 affluis.
2194 4837 2331 4892 lllud
2363 4853 2587 4908 quoque
2616 4839 2761 4907 quod
2792 4839 2935 4893 inter
2972 4839 3395 4906 colloquendum
3433 4838 3516 4891 iu-

1949 4930 2159 4992 culcas,
2201 4929 2513 4998 jumentum
2570 4935 2625 4981 te
2675 4943 2799 4983 esse
2853 4929 3269 4992 monachorum,
3311 4929 3523 4997 absque

1950 5018 2408 5089 murmuratione,
2447 5017 2543 5073 sed
2578 5034 2791 5073 summa
2823 5019 2991 5073 animi
3025 5019 3308 5073 alacritate
3327 5033 3516 5073 eorum

1949 5110 2383 5169 necessitatibus
2416 5125 2719 5165 occurrens
2753 5118 2916 5181 atque
2957 5110 3278 5165 ministrans
3318 5130 3330 5165 :
3375 5121 3428 5165 et
3468 5111 3543 5164 id'

1948 5220 2170 5277 quoque
2196 5202 2561 5274 dependentis
2595 5202 2811 5259 consilii
2857 5202 3118 5257 indicium
3140 5211 3244 5258 est.
3285 5203 3520 5258 Omnino

1949 5306 2129 5355 autem
2170 5296 2304 5351 illud
2347 5295 2480 5359 scis,
2532 5310 2637 5349 una
2684 5310 2809 5349 cum
2843 5294 3047 5351 Levitis
3077 5310 3266 5350 eorum
3302 5310 3520 5363 quoque
3600 5327 3608 5333 -

1945 5389 2213 5459 iumentis
2242 5387 2589 5443 benedictum
2620 5387 2793 5442 fuisse
2822 5402 2851 5440 a
2878 5386 2986 5441 Deo
3012 5395 3069 5442 et
3093 5385 3297 5459 Moyse.
3325 5386 3519 5441 Omnia

1954 5483 2142 5553 itaque
2163 5480 2354 5537 divino
2384 5479 2617 5535 consilio
2638 5480 2937 5546 aestimans,
2970 5470 3025 5535 et
3055 5480 3285 5536 consilio
3310 5479 3521 5545 dicens,

341 5652 389 5683 ⁸⁷
417 5652 559 5709 Psal.
591 5669 854 5721 uuvut,
888 5656 970 5714 10.
1052 5659 1113 5689 ⁸⁷·
1150 5657 1337 5713 Matth.
1368 5673 1465 5724 vn,
1498 5661 1585 5716 l6.
1661 5661 1707 5693 ⁵⁸
1741 5658 1839 5714 Ec:

1947 5675 2017 5726 Kl,
2051 5658 2139 5712 ΒΞ.
2218 5658 2259 5689 ‘9
2284 5656 2427 5713 l‘sal.
2463 5672 2550 5721 xc,
2587 5657 2640 5712 ὖ.
