3968 6214
462 255 568 315 275

1923 258 1982 316 S.
2011 256 2176 351 NILI

3605 267 3704 328 276

461 386 525 423 ac
551 370 812 429 efliciens.
844 381 878 423 ο
909 367 1002 423 Dei
1042 382 1258 433 amans,
1289 367 1408 422 sine
1449 368 1559 421 ulla
1598 367 1939 422 hmsitationc
1978 368 2032 419 in

2155 370 2370 439 ριλόθεε,
2417 373 2804 445 ἀναμφιϐόλως
2849 375 2928 436 είς
2983 375 3084 447 τὴν
3139 375 3410 445 βασιλείαν
3463 375 3574 428 τῶν
3617 379 3707 431 οὐ·

463 478 690 532 regnum
733 461 996 515 cmlorum
1028 473 1153 512 cum
1189 459 1473 514 monachis
1518 475 1625 513 una
1655 461 1819 515 simul
1860 461 2034 514 intro-

460 552 590 619 ibis,
630 561 888 620 tanquam
917 551 1122 620 probus
1152 567 1341 605 eorum
1373 552 1583 606 assecla
1609 559 1664 606 et
1693 565 1881 606 eorum
1933 549 2035 604 mi-

460 645 654 709 nister,
683 653 736 697 et
769 642 935 698 simul
963 659 1088 698 cum
1118 644 1229 699 illis
1251 643 1307 697 in
1335 643 1711 698 [nereditatem
1737 643 2031 708 bonorum,

2141 464 2317 535 ρανῶν
2369 466 2753 538 συνεισελεύσῃ
2800 467 2895 520 σὺν
2929 470 3044 528 τοῖς
3099 469 3373 536 μοναχοῖς,
3422 467 3498 529 ὡς
3544 467 3707 532 καλὸς

2136 556 2424 621 ἀκόλουθος
2451 558 2542 612 καὶ
2591 557 2869 630 ὑπηρέτης
2891 557 3115 623 τούτων,
3145 559 3237 610 καὶ
3255 558 3705 629 συγκληρονομὴ-

2139 666 2253 712 σεις
2303 648 2519 713 τούτοις
2569 649 2637 704 τὰ
2696 652 2957 720 ἆφραστα
2995 649 3176 717 ἀγαθά
3231 651 3311 714 είς
3369 650 3709 720 ἀπεράντους

458 751 582 803 quae
615 738 784 790 verbo
817 736 1054 806 exprimi
1080 736 1305 791 minime
1329 743 1581 806 possunt,
1616 735 1672 790 in
1701 735 2036 806 sempiterna
2136 741 2358 804 αἰῶνας.

457 826 657 880 saecula
685 827 993 882 vocaberis.

689 916 918 972 CLVIII.
958 947 1027 957 —-
1064 914 1343 972 CIIILONI
1385 915 1799 972 DOIIESTICO.

532 1008 816 1073 Instabile,
855 1011 1115 1079 nullaque
1153 1010 1368 1063 ratione
1401 1010 1641 1071 firmum,
1679 1009 1789 1062 imo
1821 1013 2038 1079 pertur-

461 1100 676 1162 batum,
733 1109 786 1154 et
843 1099 983 1155 ﬂexu
1054 1101 1375 1155 facillimum
1431 1102 1647 1156 consilii
1706 1103 1786 1155 tui
1845 1099 2038 1155 Sirach

461 1188 724 1254 innuens,
763 1189 945 1243 dixit:
1010 1207 1028 1240 ι
1068 1188 1209 1243 Rota
1261 1205 1460 1244 currus
1523 1189 1834 1259 insipientis
1895 1189 2039 1243 inte-

462 1281 728 1334 τίοι-ατο.»
758 1280 814 1334 Si
845 1283 1078 1350 prompti
1108 1296 1330 1350 quoque
1358 1282 1457 1346 tui,
1491 1296 1553 1334 ac
1571 1280 1747 1335 facilis
1779 1282 1834 1336 in
1859 1295 2039 1336 secre-

465 1372 535 1424 tis
564 1370 873 1433 ediceudis,
919 1373 1218 1442 statimque
1255 1373 1632 1440 divulgandis,
1668 1373 2042 1443 omnibusque

467 1460 626 1531 195
663 1463 757 1516 tibi
801 1463 1134 1518 concredilis
1166 1462 1499 1534 aperiendis,
1542 1464 1760 1520 consilii
1791 1466 2042 1521 testimo-

463 1554 614 1608 nium
639 1569 804 1623 supra
835 1554 1038 1609 laudati
1067 1555 1357 1624 scriptoris
1390 1565 1641 1625 exoptas,
1694 1571 1815 1626 qua:
1854 1556 2039 1611 statim

461 1646 800 1711 subduntur,
823 1648 1023 1703 habeto
1049 1668 1062 1702 :
1085 1649 1300 1704 «Audiit
1323 1650 1602 1714 enim,ait,
1632 1650 1899 1720 insipiens
1926 1665 2044 1706 ser-

462 1753 704 1805 monem,
728 1748 781 1795 et
807 1741 1086 1810 parturiit,
1105 1741 1565 1810 quemadmodum
1589 1742 1822 1813 parturit
1850 1757 1880 1795 a
1905 1742 2044 1797 facie

462 1827 692 1884 infantis
751 1833 1060 1899 parturiens
1115 1834 1182 1886 ⁷¹.
1217 1853 1235 1883 ι
1271 1831 1418 1888 Nihil
1451 1833 1597 1888 enim
1634 1838 1912 1890 amentius
1961 1844 2045 1889 est

461 1932 629 1986 quam
666 1921 970 1988 publicare,
1001 1931 1054 1976 et
1091 1923 1190 1976 hac
1215 1932 1379 1993 atque
1409 1925 1533 1978 illac
1562 1927 1721 1981 nobis
1751 1927 1818 1982 ab
1849 1927 2044 1983 amicis

462 2009 604 2063 clam
653 2012 1016 2081 privatimque
1053 2015 1370 2070 concredita
1408 2019 1806 2080 transmittere,
1836 2019 2046 2089 palam-

461 2117 589 2169 quc,
625 2109 678 2157 et
715 2103 972 2158 indecore
1001 2107 1278 2176 evnlgare.
1309 2107 1410 2174 Qui
1453 2109 1619 2177 igitur
1648 2117 1700 2164 te
1744 2118 2041 2180 occupant,

461 2195 675 2250 morbis
697 2197 1050 2264 renuntiatis,
1084 2199 1168 2254 fac
1199 2200 1275 2255 sis
1313 2201 1366 2254 in
1403 2211 1684 2269 posterum
1722 2201 1963 2271 sapiens,
1993 2209 2046 2256 et

464 2291 680 2353 tirmus,
720 2299 773 2344 et
801 2305 1131 2345 arcanorum
1165 2303 1375 2356 custos,
1410 2308 1699 2362 quousque
1730 2293 1889 2346 finem
1924 2294 2046 2347 vita:

461 2382 742 2450 posueris,
800 2383 1023 2453 proprio
1075 2384 1181 2448 ori,
1238 2393 1290 2438 et
1343 2383 1820 2437 incontinentibus
1874 2385 2046 2441 labris

465 2472 672 2527 validas
710 2472 859 2529 fores
882 2487 1188 2542 apponens,
1219 2483 1540 2542 vectemque
1570 2474 2042 2540 robustissimum,

461 2570 516 2616 et
558 2563 765 2619 silentii
797 2564 985 2634 optimi
1030 2564 1270 2632 sigillum
1314 2567 1638 2635 appingens.
1684 2563 1777 2620 Sic
1810 2565 1957 2619 enim
1991 2573 2048 2620 et

465 2656 666 2712 divinm
689 2658 1023 2727 cognitionis
1055 2657 1348 2726 splendore
1389 2659 1691 2712 illuminari
1729 2659 1960 2727 poteris,
1991 2666 2046 2712 et

464 2762 624 2801 sacra
658 2744 946 2818 Scriptura
995 2748 1196 2804 solatio
1239 2747 1337 2802 tibi
1388 2749 1516 2813 erit,
1548 2763 1671 2802 cum
1723 2749 1798 2803 ait
1834 2767 1848 2802 :
1890 2767 1908 2800 ι
1947 2749 2047 2804 Sa-

463 2840 672 2908 pientia
719 2840 957 2895 hominis
1008 2840 1336 2894 illuminabit
1392 2839 1587 2894 faciem
1634 2840 1780 2893 illius
1813 2841 1879 2904 7';
1922 2859 1940 2890 ι
1994 2848 2048 2895 et

464 2945 663 2985 rursus
694 2948 708 2985 :
739 2949 758 2981 ι
791 2929 1031 2985 Audiiin
1079 2945 1414 2994 sermonem,
1461 2930 1810 2984 immoriatur
1857 2931 1911 2984 in
1970 2939 2044 2987 te.

2421 919 2601 973 PNH’.
2635 950 2704 961 —
2740 917 2978 971 ΧΙΛΩΝΙ
3011 916 3423 985 ΔΟΜΕΣΊΊΚῼ.

2211 1011 2285 1066 Τὸ
2313 1010 2693 1066 ἀκατάστατόν
2738 1027 2797 1062 τε
2823 1010 2916 1063 καί⁵
2947 1008 3251 1078 ἀνίδρυτον,
3277 1005 3714 1075 τεθορυϐημένον

2146 1122 2205 1158 τε
2251 1105 2346 1158 καὶ
2376 1103 2698 1173 εὐκλὸνητον
2730 1103 2827 1172 τῆς
2858 1103 2956 1172 σῆς
2986 1099 3236 1170 γνώμης,
3264 1098 3439 1168 δηλῶν
3473 1100 3501 1152 ό
3540 1099 3716 1167 Σιράχ

2141 1213 2315 1269 φησι·
2361 1216 2380 1249 ι
2415 1196 2620 1267 Τροχὸς
2666 1194 2883 1265 ἀμάξης
2924 1193 3208 1261 σπλάγχνα
3245 1190 3451 1261 μωροῦ.
3493 1210 3510 1242 ι
3549 1190 3616 1243 Ei
3658 1191 3717 1242 δὲ

2142 1287 2240 1341 καὶ
2286 1286 2538 1358 περὶτοῦ
2574 1286 2648 1358 μὴ
2681 1283 3031 1356 βουλεύεσθαί
3062 1283 3121 1334 σέ
3159 1299 3289 1335 ποτε
3331 1280 3562 1350 φυλάξαι
3615 1298 3719 1350 μυ-

2145 1377 2390 1446 στήριον,
2425 1376 2541 1429 ἀλλ’
2566 1376 2730 1439 εὐθὺς
2771 1371 3168 1443 ὲκφερομυθεῖν
3193 1410 3208 1434 ,
3239 1372 3334 1423 καὶ
3374 1373 3507 1423 πᾶσι
3545 1371 3721 1440 δημο-

2145 1467 2348 1522 σιεύειν
2376 1468 2446 1521 τά
2475 1466 2858 1538 τεθαρῤημένα
2896 1481 2999 1529 σοι,
3037 1463 3212 1526 θέλεις
3239 1463 3367 1516 ἰδεῖν
3407 1464 3720 1533 μαρτυρίαν

2143 1560 2236 1613 τοῦ
2261 1558 2542 1630 λεχθέντος
2571 1557 2889 1629 προσώπου,
2919 1557 3084 1610 ἄκουε
3107 1554 3441 1625 παραυτίκαο
3467 1573 3485 1604 ι
3514 1555 3720 1607 ’Πκου-

2075 1707 2118 1764 Β
2148 1670 2207 1706 σε
2257 1653 2405 1721 γάρ,
2456 1651 2656 1723 φησιν,
2700 1650 2729 1704 ὁ
2787 1649 2970 1720 μωρὸς
3015 1647 3207 1715 λόγον,
3265 1645 3361 1698 καὶ
3424 1645 3717 1714 ὠδίνησεν,

2153 1743 2180 1764 ,0
2205 1761 2331 1764 __-_
2370 1743 2396 1764 ,ο
2418 1742 2541 1764 ιιι.--
2583 1741 2673 1764 L_x
2723 1739 3017 1764 _--_.'._...
3057 1737 3344 1764 α-ι.-....-.ι
3377 1736 3634 1764 ηιμ-,ηιρ-
3693 1754 3715 1764 μ

2147 1743 2337 1813 ὥσπερ
2367 1742 2546 1796 ὠδίνει
2576 1741 2683 1796 ἀπὸ
2723 1739 3019 1810 προσώπου
3057 1737 3345 1807 βρέφουςή
3376 1736 3659 1792 τίκτουσα.
3691 1754 3715 1786 ι

2149 1835 2314 1890 Οὐδὲν
2366 1835 2423 1888 δὲ
2461 1834 2770 1906 μωρότερον
2809 1831 2904 1884 τοῦ
2937 1829 3308 1902 στηλιτεύειν,
3345 1829 3440 1881 καὶ
3481 1827 3717 1896 διαπορ-

2147 1928 2372 1998 θμεύειν
2421 1928 2550 1997 τῇδε
2607 1929 2854 1990 κάκεῖσε,
2895 1926 2991 1978 καὶ
3037 1921 3304 1993 φανεροῦν
3334 1920 3603 1992 ἀπρεπῶς
3652 1920 3724 1972 τά

2148 2021 2498 2093 θαρῤηθέντα
2521 2021 2656 2092 ,ἡμῖν
2687 2019 2840 2089 παρὰ
2871 2017 2978 2070 τῶν
3011 2016 3180 2086 φίλων
3222 2013 3428 2084 κρύφα,
3465 2013 3560 2064 καὶ
3595 2009 3724 2065 κατ’

2151 2115 2305 2168 ἰδίαν.
2351 2112 2648 2183 Ἀφέμενος
2673 2111 2854 2163 τοίνυν
2885 2109 2992 2161 τῶν
3046 2107 3370 2176 νοσημάτων
3409 2104 3520 2156 τῶν
3555 2121 3724 2172 περι-

2148 2208 2382 2278 εχόντων
2412 2221 2492 2268 σε,
2525 2202 2685 2272 γενοῦ
2710 2201 2897 2255 λοιπὸν
2927 2200 3088 2268 σοφός
3115 2216 3194 2263 τε,
3216 2196 3308 2250 καὶ
3336 2192 3605 2265 βεϐηκὼς,
3626 2193 3730 2245 καὶ

2153 2299 2472 2370 μυστηρίων
2512 2295 2708 2364 φύλαξ,
2739 2295 2843 2357 ἕως
2871 2293 2937 2347 ἂν
2964 2291 3262 2363 ἀποθάνῃς,
3290 2286 3727 2348 κατασκευάζων

2145 2391 2224 2461 τῷ
2258 2389 2444 2460 οἰκείῳ
2479 2388 2707 2457 στόματι
2762 2385 2856 2439 καὶ
2887 2386 2997 2447 τοῖς
3027 2383 3279 2449 άστέγοις
3318 2379 3522 2449 χείλεσι
3549 2376 3730 2446 θύραν

2150 2481 2390 2554 στερρὰν
2435 2480 2531 2533 καὶ
2567 2478 2760 2549 μοχλὸν
2796 2475 3168 2546 ἰσχυρότατον,
3193 2474 3291 2526 καὶ
3318 2471 3418 2541 τὴν
3450 2467 3732 2539 σφραγῖδα.

2147 2572 2248 2642 τῆς
2299 2572 2458 2640 σιγῆς
2506 2568 2791 2638 βελτίστης
2825 2562 3109 2626 ἐπιτιθείς.
3156 2561 3312 2614 Οῦτω
3359 2561 3468 2629 γὰρ
3507 2559 3603 2610 καὶ
3646 2555 3732 2624 τῷ

2148 2661 2248 2730 τῆς
2278 2659 2431 2720 Θείας
2469 2655 2723 2724 γνώσεως
2768 2654 2909 2722 φωτὶ
2942 2649 3317 2719 ἐλλαμφθῆναι
3362 2647 3589 2718 δυνήσῃ,
3631 2644 3732 2696 καὶ

2149 2752 2183 2821 ὴ
2218 2748 2409 2818 Γραφὴ
2465 2747 2843 2818 παρηγορήσει
2889 2743 3124 2814 λέγουσα
3162 2757 3174 2770 ·
3231 2757 3248 2792 ι
3308 2737 3478 2807 Σοφία
3532 2735 3732 2806 ἀνδρὸς

2150 2844 2342 2912 φωτιεῖ
2361 2840 2422 2894 τὸ
2445 2838 2736 2910 πρόσωπον
2753 2835 2942 2890 αὑτοῦ.
2978 2855 2997 2887 ι
3024 2834 3134 2888 Καὶ⁸
3160 2831 3320 2886 πάλιν
3345 2845 3358 2859 ⁸
3390 2847 3409 2880 ι
3443 2829 3731 2887 Ἤκουσας

2148 2932 2342 3000 λόγον;
2391 2929 2770 2984 ὲναποθανέτω
2803 2944 2905 2980 σοι.
2947 2925 3172 2994 Θάρσειο
3205 2923 3266 2976 οὐ
3305 2923 3378 2992 μή
3413 2937 3471 2972 σε
3508 2917 3667 2990 ῥήξει
3697 2917 3736 2969 ὸ

465 3020 618 3077 nono
651 3023 730 3076 sis
749 3022 935 3076 animo
961 3040 975 3076 :
1001 3038 1112 3077 non
1136 3023 1442 3091 disrumpet
1473 3030 1526 3076 te
1544 3038 1727 3079 sermo
1756 3024 1810 3079 in
1845 3039 2044 3082 arcano

2155 3025 2309 3093 λόγος
2347 3025 2377 3077 ό
2411 3020 2701 3092 μυστηρίῳ
2729 3019 2941 3090 λεχθείς
2973 3035 3077 3071 σοι.
3118 3035 3137 3067 ι

464 3114 568 3168 tibi
609 3115 1144 3172 communicatus".
1191 3134 1209 3166 ι

723 3206 900 3263 CLIX.
925 3239 995 3250 —-
1019 3207 1420 3265 GAUDENTIO
1464 3206 1783 3264 DIACONO.

537 3297 940 3357 Fornicatiouis
991 3301 1202 3357 daemon
1239 3315 1391 3355 more
1443 3301 1553 3355 nati
1607 3302 1884 3358 abdomini
1944 3320 2048 3360 suo

467 3391 634 3446 catuli
674 3407 840 3461 penes
867 3408 1014 3457 eum,
1048 3395 1142 3463 qui
1178 3393 1248 3447 ab
1271 3409 1337 3448 eo
1359 3400 1624 3456 tentatur,
1658 3397 1838 3450 suevit
1877 3396 2046 3452 luere-

473 3496 652 3547 seere,
684 3497 792 3538 non
822 3491 1003 3539 tamen
1039 3486 1146 3539 vim
1179 3483 1402 3539 inferre.
1439 3485 1493 3538 In
1534 3495 1622 3539 tua
1653 3487 1838 3557 itaque
1892 3498 2048 3558 pote-

465 3581 606 3628 state
637 3584 742 3640 est,
774 3586 977 3645 tuoque
1027 3576 1277 3639 arbitrio,
1312 3583 1406 3630 aut
1455 3575 1603 3630 hunc
1651 3592 1748 3646 per
1811 3579 2045 3648 ignomi-

466 3661 683 3716 niosum
709 3665 1030 3719 exercitium
1064 3664 1229 3731 alere,
1261 3675 1356 3717 aut
1407 3664 1672 3720 iracunde
1704 3681 1799 3736 per
1833 3683 2045 3737 preces,

467 3763 521 3808 et
555 3755 890 3826 psalmorum
918 3766 1236 3824 concentus,
1269 3765 1323 3813 et
1351 3757 1583 3828 jejuuia,
1625 3767 1680 3814 et
1729 3760 1968 3832 vigilias,
1993 3771 2051 3818 et

467 3845 621 3901 humi
678 3849 938 3902 cubatum
993 3849 1049 3904 in
1105 3848 1284 3919 fugam
1347 3860 1580 3905 vertere.
1653 3851 2046 3922 «Opponimini

465 3937 613 3992 enim
655 3937 996 4005 adversario,
1033 3949 1093 3995 ut
1141 3955 1371 4011 magnus
1427 3939 1663 3997 Iacobus
1721 3942 1935 4009 scribit,
1993 3948 2049 3997 et

468 4028 638 4100 fugiet
660 4045 689 4084 a
715 4031 871 4086 vobis
887 4032 952 4086 ".
990 4050 1008 4084 ι

692 4120 853 4190 196
883 4119 1040 4174 CLX.
1076 4150 1145 4160 ——
1173 4119 1448 4175 PIIILONI
1479 4119 1829 4176 EI’ISCOPO.

538 4209 685 4264 Salis
714 4210 896 4264 idonei
920 4211 1283 4277 instructique
1320 4225 1414 4264 vos
1438 4226 1533 4279 per
1566 4212 1950 4280 vosmetipsos,
1991 4214 2045 4266 in

468 4301 800 4355 monasterio
835 4310 1017 4356 vestro
1049 4301 1394 4372 degentibus,
1431 4303 1507 4356 uti
1534 4294 1657 4372 'par
1700 4312 1807 4366 est,
1839 4303 1891 4356 in
1926 4319 2048 4360 om-

2420 3195 2596 3258 PNB’.
2623 3223 2690 3235 —
2724 3191 3116 3261 ΓΔΥΔΕΝΤΙῼ
3141 3187 3464 3257 ΔΙΔΚΟΝῼ.

2235 3295 2295 3346 Ὀ
2324 3292 2424 3362 τῆς
2449 3289 2704 3359 πορνείας
2727 3287 2936 3357 δαίμων
2961 3284 3117 3354 δίκην
3149 3282 3330 3353 λίχνον
3372 3278 3615 3333 κυνιδίου
3651 3277 3734 3347 τῷ

2155 3382 2247 3438 ὑπ’
2283 3379 2448 3437 αὑτοῦ
2497 3375 2878 3448 πειραζομένῳ
2923 3374 3082 3428 εἴωθε
3130 3371 3490 3444 παραμένειν,
3523 3369 3583 3422 οὑ
3621 3370 3734 3438 μὴν

2156 3472 2530 3540 ἐκϐιάζεσθαι.
2586 3470 2674 3522 Ἐν
2721 3467 2806 3520 σοὶ
2857 3465 3036 3519 τοίνυν
3075 3462 3343 3534 ὑπάρχει,
3401 3460 3496 3512 καὶ
3539 3462 3608 3529 τῇ
3661 3460 3732 3527 σῇ

2157 3566 2373 3636 ἐξουσίᾳ
2398 3604 2413 3629 ,
2467 3561 2564 3617 καὶ
2612 3557 2966 3630 βουλήσει,ἢ
3010 3556 3233 3628 τρέφειν
3281 3550 3469 3606 τοῦτον
3510 3551 3598 3604 διὰ
3630 3549 3735 3622 τῆς

2156 3657 2418 3730 ἐργασίας
2445 3655 2544 3725 τῆς
2579 3654 2776 3723 ἀτίμου
2798 3696 2814 3718 ,
2855 3652 2888 3721 ἢ
2921 3648 3247 3721 φυγαδεῡειν
3297 3644 3413 3718 μετ’
3443 3646 3611 3716 ὀργῆς
3663 3645 3735 3698 δι’

2155 3749 2328 3820 εὐχῶν
2350 3747 2446 3802 καὶ
2471 3743 2824 3817 ψαλμῳδιῶν,
2850 3741 3116 3812 νηστειῶν
3152 3757 3213 3794 τε
3253 3742 3348 3794 καὶ
3385 3737 3729 3810 ἀγρυπνιῶν,

2157 3843 2378 3912 καὶτῆς
2411 3838 2824 3912 χαμαικοιτίας.
2867 3856 2885 3888 ι
2929 3835 3240 3905 Ἀντίστητε
3281 3834 3389 3905 γάρ
3423 3832 3500 3903 τῷ
3525 3830 3731 3902 ἐχθρῷ,

2157 3934 2339 3997 καθὼς
2374 3932 2574 4004 γράφει
2602 3932 2631 3985 6
2679 3929 2856 4000 μέγας
2899 3927 3174 3991 Ἰάκωϐος,
3216 3927 3311 3980 καὶ
3351 3924 3604 3995 φεύξεται
3635 3923 3733 3990 ἀφ’

2158 4029 2330 4098 ὑμῶν.
2378 4046 2396 4079 ι

2509 4117 2626 4172 Ρεν.
2663 4145 2721 4155 -
2747 4113 2974 4168 ΦΙΛΩΝΙ
3009 4108 3378 4178 ΕΠΙΣΚΟΠῼ.

2238 4212 2435 4266 Ίκανοί
2462 4210 2586 4262 ὲστε
2622 4207 2715 4261 καὶ
2746 4206 2901 4259 αὐτοὶ
2927 4202 3049 4256 καθ’
3087 4201 3315 4262 ἑαυτοὺς
3342 4197 3468 4259 τοὺς
3495 4194 3588 4248 τοῦ
3625 4211 3728 4264 μο-

2161 4301 2456 4372 ναστηρίου
2514 4297 2669 4368 ὑμῶν
2721 4296 3024 4360 κανονίςειν
3084 4293 3313 4354 δεόντως
3361 4289 3445 4356 ἐφ’
3502 4287 3731 4341 ἅπασιν.

467 4394 632 4449 nibus
656 4394 872 4449 vivendi
919 4396 1185 4452 rationem
1219 4397 1598 4466 praescribere.
1658 4395 2044 4454 Verumtamen

2167 4395 2385 4463 Ἐπειδὴ
2436 4392 2492 4444 δὲ
2533 4391 2662 4461 περὶ
2712 4389 2922 4459 διαίτης
2967 4383 3319 4455 ὑπεμνήσατέ
3380 4399 3446 4452 με
3494 4380 3580 4432 διὰ
3627 4380 3735 4446 τῆς

467 4502 592 4541 cum
623 4487 766 4542 inter
798 4487 1153 4543 scribendum
1185 4488 1255 4543 de
1284 4489 1461 4544 victus
1489 4489 1702 4542 ratione
1730 4505 2044 4544 sermonem

469 4579 848 4645 institueritis,
880 4581 932 4636 id
965 4597 993 4635 a
1022 4582 1186 4636 nobis
1226 4591 1537 4652 poscentes,
1594 4592 1652 4634 ιιι
1674 4596 1850 4636 meam
1884 4582 1952 4637 de
1983 4598 2047 4637 ea

468 4673 793 4728 sententiam
853 4674 1244 4744 significarem,
1299 4683 1446 4730 recte
1509 4676 1582 4730 ita
1648 4675 2048 4730 instituendam

467 4781 591 4822 esse
620 4766 785 4820 duco.
818 4766 955 4820 Cum
983 4768 1133 4821 varia
1171 4768 1242 4822 sit
1297 4783 1590 4836 corporum
1653 4776 2048 4836 temperatura,

468 4863 521 4908 et
550 4870 616 4909 ex
647 4854 713 4909 iis
752 4854 868 4910 haze
891 4856 1108 4924 quidem
1137 4855 1294 4908 malae
1348 4854 1668 4917 valetudini,
1699 4856 1789 4908 illa
1826 4871 2009 4925 prmva
2029 4884 2044 4894 -

468 4945 592 5000 litim
630 4947 976 5014 subjaceant,
1011 4948 1186 5012 varia,
1211 4954 1266 5002 et
1293 4963 1544 5015 persona:
1572 4947 1799 5003 cuilibet
1833 4963 2054 5003 accom—

472 5040 686 5094 modata
719 5042 899 5097 victus
932 5041 1070 5096 ratio
1100 5041 1508 5110 prmscribenda
1550 5048 1654 5096 est.
1688 5044 1872 5107 Quare
1907 5041 2058 5096 bene

470 5129 779 5186 valentibus
831 5135 1165 5204 leguminum
1203 5151 1356 5197 usus,
1417 5149 1579 5189 secus
1608 5150 1668 5190 se
1723 5135 2054 5189 habentibus

473 5218 729 5274 solatiqu
758 5237 821 5276 ex
858 5226 1128 5291 oleribus,
1159 5226 1350 5280 morbo
1381 5226 1635 5281 remissis
1697 5233 1749 5280 et
1777 5225 2049 5296 languidis

472 5323 537 5362 ex
571 5312 833 5367 carnibus
861 5317 1202 5370 moderatum
1247 5317 1512 5371 auxilium
1541 5317 1910 5373 exhibendum
1940 5326 2047 5372 est.

673 5401 856 5460 CLXI.
890 5433 955 5445 ο-
981 5406 1332 5472 QUINTILIO
1369 5407 1872 5463 CANCELLARIO.

549 5490 603 5544 Si
639 5493 803 5547 modo
833 5503 888 5549 tu
947 5497 1056 5552 Deo
1091 5502 1286 5554 animae
1331 5500 1590 5565 cilicium,
1633 5511 1686 5556 et
1738 5503 2050 5572 diligentem

547 5665 595 5698 ⁷⁸
621 5666 788 5722 Eccli.
823 5685 1011 5738 xxxiii,
1046 5675 1099 5727 5.
1199 5680 1239 5709 ⁷¹
1283 5680 1453 5735 Eccli.
1485 5695 1591 5745 xu,
1621 5680 1702 5735 Il.

1783 5682 1826 5714 ⁷³
1856 5679 2024 5736 Eccli.
2098 5694 2171 5746 XI,
2207 5682 2254 5735 I.
2330 5681 2374 5713 ⁷³
2406 5679 2572 5737 Eccli.
2609 5691 2717 5745 xIx,
2753 5676 2837 5733 I0.

2156 4487 2469 4556 ἐπιστολῆς,
2497 4483 2772 4548 ἀξιοῦντες
2799 4480 3106 4551 δηλωθῆναι
3134 4479 3283 4547 ὑμῖν,
3319 4475 3516 4544 νομίζω
3541 4470 3732 4532 καλῶς

2156 4581 2322 4650 ἔχειν,
2351 4578 2607 4650 διαφόρου
2649 4574 2816 4644 οῦσης
2859 4574 2957 4644 τῆς
3002 4572 3109 4624 τῶν
3141 4569 3411 4639 σωμάτων
3453 4565 3729 4636 κράσεως,

2156 4674 2251 4726 καὶ
2275 4671 2382 4725 τῶν
2424 4669 2523 4739 μὲν
2548 4665 2942 4727 ἀσθενούντων,
2978 4661 3085 4716 τῶν
3115 4661 3171 4714 δὲ
3207 4658 3582 4728 ὑγιαινόντων,
3616 4671 3734 4705 ποι-

2157 4765 2353 4834 κίλην,
2404 4760 2499 4814 καὶ
2535 4760 2882 4830 ἁρμόζουσαν
2919 4757 3134 4825 ἑκάστῳ
3177 4751 3453 4824 προσώπῳ
3504 4749 3731 4814 ἐκτάξαι

2155 4859 2255 4927 τὴν
2305 4856 2516 4909 δίαιταν
2544 4869 2557 4882 ·
2591 4855 2702 4915 τοῖς
2736 4851 2834 4921 μὲν
2868 4849 3170 4918 ὑγιαίνουσι
3206 4849 3304 4915 τὴν
3345 4845 3454 4897 τῶν
3485 4843 3734 4912 ὀσπρίων

2153 4949 2366 5020 χρείαν,
2402 4949 2513 5011 τοῖς
2547 4945 2605 5000 δὲ
2629 4944 2808 5012 ὀλίγον
2837 4940 3124 4997 ἀσθενοῦσι
3154 4941 3252 5011 τὴν
3283 4938 3391 4992 άπὸ
3423 4938 3533 4989 τῶν
3560 4936 3731 5005 λαχά-

2153 5060 2258 5096 νων
2281 5039 2658 5111 παραμυθίαν,
2694 5040 2808 5100 τοίς
2847 5035 2904 5089 δὲ
2948 5033 3366 5105 ὲξησθενηκόσιν
3400 5031 3540 5099 ὑπὲρ
3580 5028 3724 5090 λίαν,

2153 5138 2247 5192 καὶ
2276 5134 2756 5212 καταπεπτωκόσι,
2791 5133 2888 5205 τὴν
2915 5131 3021 5186 άπὸ
3053 5130 3162 5184 τῶν
3192 5129 3368 5201 κρεῶν
3412 5125 3732 5196 σύμμετρον

2154 5231 2367 5301 ὀρέγειν
2395 5228 2666 5302 βοήθειαν.

2368 5407 2532 5461 PEA'.
2551 5435 2621 5446 —
2642 5404 2976 5474 ΚΥΝΤΙΛΙῼ
3006 5397 3516 5467 ΚΑΓΚΕΛΛΛΡῙῼ.

2231 5502 2294 5555 Ei.
2326 5502 2423 5572 μὲν
2458 5500 2593 5572 πρὸς
2618 5499 2750 5552 Θεὸν
2773 5498 2911 5568 ἔχων
2933 5497 3023 5550 τὸν
3047 5495 3224 5566 ἔρωτα
3248 5494 3344 5565 τῆς
3367 5489 3566 5562 ψυχῆς,
3594 5503 3746 5542 κατ-ο

2949 5676 2995 5710 ⁷⁸
3024 5673 3139 5731 Jac.
3171 5688 3245 5740 tv,
3286 5672 3340 5726 7.
