4012 6196
280 299 389 364 277
1062 386 1069 391 _
1416 356 1421 357 κ
1513 310 2053 375 EPISTOLARUM
2080 312 2227 374 LIB.
2262 313 2343 372 II.
3456 311 3562 373 278

278 409 505 479 επᾴδεις
544 409 746 464 σαυτὸν
793 410 1063 483 ψαλμοῖς,
1119 415 1219 469 καὶ
1268 414 1499 488 ὕμνοις,
1548 420 1644 474 καὶ
1700 421 1868 491 ᾠδαῖς

1971 422 2179 477 cultum
2217 421 2492 485 tribuens,
2530 418 2885 491 temetipsum
2947 418 3202 490 psalmis,
3235 426 3289 475 et
3319 420 3558 493 hymnis.

282 501 690 568 πνευματικαῖς
724 500 867 553 κατὰ
894 500 998 573 τὴν
1045 504 1345 575 παράδοσιν
1375 506 1485 559 τῶν
1526 508 1871 575 ἀποστόλων,

279 589 709 662 ἐπαινεσὼμεθά
739 608 821 648 σε.
867 592 1159 665 ἀφέλιμον
1191 599 1297 659 γὰρ
1333 599 1396 652 τὸ
1428 600 1673 655 τοιοῦτον
1701 601 1872 655 σπού-

276 682 507 752 δασμα,
562 684 778 756 καὶτῷ
828 685 950 757 Θεῷ
982 688 1249 742 συνάπτει
1294 690 1387 743 τὸν
1429 691 1719 762 ψάλλοντα.
1782 695 1871 749 Ἐν

277 775 393 843 γάρ
425 774 506 844 τῷ
533 776 685 847 ᾅδειν
716 777 1016 850 ἐντελεχῶς
1044 797 1105 833 τε
1143 785 1238 836 καὶ
1269 784 1562 856 νουνεχῶς,
1596 788 1739 841 κατά
1771 788 1870 859 τὴν

278 867 605 937 ἐπιμέλειαν
635 870 735 939 τῆς
780 873 1001 943 μνήμης
1044 874 1139 928 τοῦ
1186 875 1532 947 κρείττονος,
1576 879 1871 934 ἐπιλανθάοε

279 973 434 1011 vetat
466 958 566 1028 μὲν
601 960 641 1030 ἡ
663 959 813 1031 ψυχὴ
836 961 945 1015 τῶν
990 963 1208 1034 μιαρῶν
1241 967 1334 1019 καὶ
1358 967 1621 1041 ὀλεθρίων
1654 971 1866 1040 παθῶν,

279 1052 459 1118 χειρίς
484 1050 542 1103 δὲ
571 1050 940 1122 ἀνεκλαλήτου
970 1053 1294 1126 πληροῦται,
1332 1061 1428 1113 καὶ
1464 1061 1726 1128 ποθεινῶς
1758 1066 1869 1120 λοι-

281 1142 384 1195 πὸν
416 1145 720 1209 ἀνατενίζει
748 1146 826 1217 τῷ
859 1147 1009 1219 θείῳ,
1045 1151 1185 1222 πρὸς
1216 1153 1351 1207 αὐτὸ
1377 1157 1472 1210 καὶ
1504 1157 1667 1228 μόνον
1697 1162 1870 1215 σπεύ-

279 1234 445 1289 δουσα
488 1239 583 1291 καὶ
621 1238 1004 1314 ἀγωνιζομένη
1046 1245 1368 1315 κεχηνέναι,
1411 1251 1509 1303 καὶ
1546 1246 1715 1323 μηδὲν
1760 1256 1870 1309 τῶν

280 1328 577 1399 ὁρωμένων
600 1332 696 1385 τοῦ
725 1333 958 1399 κάλλους
997 1336 1208 1393 ἐκείνου
1234 1338 1329 1393 τοῦ
1361 1341 1596 1413 ἀοράτου
1630 1348 1866 1420 προκρί-

280 1437 471 1477 unum.
524 1424 586 1476 Ei
633 1425 681 1478 δ’
735 1426 1160 1500 ἐξαπατώμενος
1199 1433 1305 1487 ὑπὸ
1327 1433 1424 1488 τοῦ
1480 1436 1749 1506 διαϐόλου,
1796 1426 1868 1495 δι’

281 1513 528 1605 αίσχρᾶς
571 1518 835 1589 μελῳδίας
875 1524 1199 1594 σαγηνεύειν
1251 1528 1578 1596 σπουδάζεις
1609 1531 1868 1605 φιλήδονα

281 1603 517 1696 γύναια,
552 1614 1081 1685 κατασεσωρευμένα
1127 1619 1245 1681 ταῖς
1276 1618 1501 1685 πολλαῖς
1542 1603 1865 1696 ἁμαρτίαις,

285 1694 656 1791 θδελμξὸμεθά
690 1718 761 1791 σε
819 1705 918 1777 τῆς
977 1707 1294 1781 ἀκαθάρτου
1350 1712 1579 1787 γνώμης
1616 1702 1632 1749 4
1668 1694 1711 1770 ῆι
1754 1720 1865 1791 Ούχ

1972 520 2025 567 et
2059 512 2446 581 spiritualibus
2471 511 2724 576 canticis,
2782 519 2841 565 ut
2896 512 3132 583 apostoli
3192 511 3558 574 tradiderunt.

1972 605 2240 659 continuo
2271 603 2619 659 concinendo
2668 604 2883 668 obruis,
2938 613 3174 658 conatus
3208 612 3334 659 tuos
3369 605 3559 660 lauda-

1972 696 2173 753 bimus.
2212 695 2470 752 Studium
2498 696 2769 767 siquidem
2796 697 2900 751 hoc
2934 698 3069 751 utile
3098 706 3206 761 est,
3239 705 3291 751 et
3324 698 3563 767 psallen~

1975 795 2081 842 tem
2136 788 2249 843 Deo
2278 788 2583 859 agglutinat
2618 832 2632 855 ,
2667 788 2721 842 in
2758 788 3040 843 coutinuis
3069 789 3216 844 enim
3279 790 3560 851 cantibus,

1971 888 2026 935 ct
2052 879 2437 950 prudentibus,
2462 890 2519 935 et
2545 881 2600 935 in
2625 880 2876 936 Numinis
2901 882 3218 935 memoriam
3247 885 3572 951 procuratis,

1972 972 2158 1026 anima
2217 974 2685 1030 exsecrandarum
2729 980 2784 1028 et
2832 971 3277 1043 peruiciosarum
3314 974 3561 1028 aﬂ'cctio-

1972 1078 2103 1117 num
2167 1065 2363 1133 oblita,
2418 1065 2794 1135 inexplicabili
2845 1063 3046 1133 gaudio
3105 1065 3396 1134 repletur;
3434 1067 3561 1120 hinc

1971 1171 2245 1226 prepense
2283 1158 2578 1213 admodum
2635 1158 2689 1213 in
2732 1166 3012 1227 posterum
3064 1157 3129 1210 ad
3164 1157 3332 1212 Deum
3363 1159 3562 1213 mentis

1974 1244 2395 1323 aciem'dirigit,
2430 1252 2487 1306 in
2530 1252 2684 1305 illum
2724 1250 2903 1305 solum
2940 1248 3308 1314 contendens,
3337 1250 3563 1306 validis-

1971 1354 2078 1407 que
2114 1342 2409 1398 conatibus
2433 1340 2676 1405 inhians,
2708 1355 2773 1394 ne
2806 1339 3059 1394 umbram
3090 1340 3310 1409 quidem
3352 1355 3418 1395 ex
3453 1340 3560 1400 his.

1969 1446 2093 1501 quae
2122 1433 2300 1488 oculis
2345 1432 2655 1502 subiacent,
2707 1431 3106 1502 pulchritudini
3163 1432 3242 1486 illi
3299 1432 3561 1486 invisibili

1969 1532 2333 1593 anteponens.
2370 1524 2429 1579 Si
2455 1540 2587 1581 vero
2627 1539 2657 1578 a
2698 1523 2922 1580 diabolo
2983 1524 3250 1594 deceptus
3304 1525 3560 1588 obscenis

1969 1617 2169 1683 modis,
2224 1618 2584 1674 mulierculas
2634 1616 3011 1687 voluptatibus
3105 1615 3265 1687 197
3314 1614 3558 1680 deditas,

1971 1709 2275 1782 multisque
2308 1711 2551 1782 peccatis
2588 1716 2962 1781 pra'gravatas
2998 1708 3220 1764 irretirc
3240 1708 3556 1772 contendis,

282 1780 493 1875 ὡραῖος
520 1788 627 1859 γάρ
653 1784 805 1857 αἶνος
841 1794 901 1848 έν
928 1779 1178 1869 στόματι
1209 1779 1560 1875 ἀμαρῖτωλοῦ,
1600 1824 1621 1860 ι
1652 1806 1730 1873 ὦς
1777 1779 1865 1875 τις

1971 1803 2041 1858 ob
2077 1779 2220 1859 hanc
2250 1779 2526 1875 impuram
2582 1779 2820 1860 mentem
2853 1810 2905 1859 te
2940 1801 3377 1859 detestabimur:
3421 1822 3438 1854 ι
3462 1802 3567 1859 Ne-

283 1874 458 1942 σοφὸς
482 1876 632 1937 ἐϐόα.

594 2061 737 2116 ΡΞΒι
764 2094 835 2105 -
884 2068 1198 2145 ΕΥΨΥΧΙῼ
1235 2073 1537 2149 simne.

361 2144 684 2221 Ἥρῶτησάς
737 2171 840 2224 με,
892 2157 979 2221 τίς
1024 2160 1173 2215 ἐστιν
1222 2162 1333 2220 ἄρα
1362 2167 1391 2218 ὁ
1442 2144 1771 2239 δηλούμενος
1802 2173 1861 2228 ὲν

276 2238 390 2336 τοῖς
442 2239 798 2311 Εὑαγγελίοις
840 2249 1100 2321 εἰσελθεῖν
1144 2255 1224 2318 εἰς
1275 2257 1358 2309 εδν
1403 2238 1570 2330 τάμον
1616 2264 1692 2335 μὴ
1721 2264 1861 2336 ἔχων

279 2328 501 2399 ἔνδυμα.
563 2335 655 2406 Μὴ
710 2335 817 2404 ἔξω
864 2341 1231 2413 περιϐλέπου,
1295 2348 1433 2403 ἀλλὰ
1472 2328 1630 2423 τὴν.
1660 2328 1860 2411 σαυτοῦ

281 2423 605 2487 περισκόπει
633 2427 892 2502 καρδίανο
930 2434 1130 2498 πάντες
1153 2435 1263 2508 γὰρ
1288 2439 1610 2511 Χριστιανοὶ
1646 2446 1729 2510 εις
1767 2448 1860 2502 τὸν

277 2511 458 2609 γάμον
483 2513 582 2609 Δ*τὸν
604 2515 748 2572 θεῖον
775 2521 942 2594 κεκλή
952 2525 1112 2594 μεθα.
1158 2528 1284 2583 Ἐἀν
1309 2533 1489 2586 τοίνυν
1525 2534 1860 2609 εἰσέλθωμεν

276 2599 540 2706 λογισμὸν
568 2610 933 2706 ἠμφιεσμένοι
969 2619 1302 2695 φιλάργυρον
1329 2664 1342 2690 ,
1381 2626 1414 2699 ἢ
1446 2599 1789 2703 φιλόπορνον,
1823 2635 1856 2706 ἢ

277 2692 653 2797 pegmata
687 2704 945 2797 τάιξῆς,
984 2692 1227 2782 δηλονότι
1271 2692 1559 2791 ἀλλοτρίαν
1601 2692 1698 2776 eis
1731 2692 1859 2797 φξιιζ

275 2784 427 2884 δροῦ-
449 2789 546 2841 καὶ
582 2791 885 2884 ἀμωμήτου
915 2784 1465 2877 γάμουηὲνδεδυμένοι
1494 2811 1709 2884 στολὴν,
1742 2784 1861 2869 ἐισ-

274 2877 456 2977 ελθεῖν
487 2883 920 2977 τετολμήκαμεν.
954 2891 1083 2947 Ἑάν
1103 2893 1159 2948 δὲ
1184 2898 1581 2967 μετασαλόντες
1609 2877 1710 2977 τὴν
1737 2908 1859 2961 ἐπί-

274 2968 447 3038 ψογον
469 2974 716 3047 γνώμην,
731 2980 1079 3055 ἐνδυσώμεθα
1101 2989 1239 3043 κατά
1257 2990 1353 3063 τὴν
1379 2992 1624 3049 διάνοιαν
1648 2968 1860 3068 σπλάγ-

277 3068 752 3194 Ξῖῗὶὶκτειρμοῗ
793 3077 1327 3194 καὶξλεημοῗύνης,
1364 3089 1707 3162 χρηστότητα
1766 3093 1860 3146 καὶ
1887 3134 1933 3194 C

276 3158 509 3255 ἀγάπην
538 3162 815 3238 καθαράν,
871 3170 966 3223 καὶ
1015 3174 1318 3247 πραότητα,
1364 3179 1460 3233 καὶ
1499 3158 1860 3255 ταπεινοφροδ

278 3249 471 3346 σύνην,
506 3255 600 3308 καὶ
626 3258 694 3310 τὰ
729 3260 891 3329 ὅμοια
916 3262 1148 3331 τούτοις,
1186 3266 1344 3339 δῆλον
1370 3270 1453 3325 ὅτι
1490 3249 1862 3346 ὲνεδυσάμεθα

273 3343 344 3396 τὰ
406 3344 535 3410 ἀξια
576 3348 672 3402 τοῦ
732 3351 913 3423 γάμου
956 3354 1170 3426 ἱμάτια.
1230 3360 1633 3434 Περιϐαλέσθαι
1682 3343 1861 3425 τοίνυν

280 3436 611 3533 σπεύσωμεν
646 3441 708 3494 τὸ
736 3443 833 3497 τοῦ
881 3448 1073 3517 νοητοῦ
1105 3449 1285 3523 γάμου
1325 3458 1591 3529 σωτήριον
1634 3459 1857 3533 ἔνδυμα.

280 3527 405 3581 Τῶν
430 3530 547 3603 γὰρ
589 3534 678 3602 ἐφ’
717 3536 847 3606 ήμτν
883 3538 1031 3594 ἐστιν
1078 3541 1379 3611 ἐνδύεσθαι,
1414 3527 1508 3602 καὶ
1552 3527 1858 3619 ἐκδύεσθαι,

278 3622 375 3674 καὶ
400 3626 501 3686 τάς
531 3625 767 3695 ἐσθῆτας
809 3630 1079 3701 ἀμείϐειν,
1108 3637 1237 3690 ποτὲ
1263 3638 1364 3709 μὲν
1406 3640 1609 3712 καλῶς,
1647 3647 1776 3700 ποτὲ
1803 3626 1861 3702 δὲ

276 3715 490 3811 οιακῶς,
513 3720 610 3811 καὶ
640 3718 736 3773 νῦν
774 3723 875 3795 μὲν
900 3725 1077 3792 τοῦτο,
1110 3728 1213 3787 νῦν
1234 3731 1293 3785 δὲ
1332 3733 1508 3790 ἐκεῖνο
1553 3738 1855 3811 αἱρεῖσθαι·

275 3806 479 3879 ἐπειδὴ
513 3810 855 3881 αὑτεξούσιος
883 3816 1105 3891 ἐκτίσθη
1138 3823 1166 3875 ὁ
1198 3822 1505 3894 ἄνθρωπος.

774 3907 939 3965 ΡΞΓ.
962 3941 1034 3951 -
1068 3912 1152 3979 Τῷ
1183 3915 1363 3982 αὐτῷ.
1396 3900 1401 3901 ⁷

363 3990 429 4045 '0
455 3992 560 4061 μὲν
585 3995 777 4068 ιχθρδς
806 4001 904 4072 τῆς
948 4005 1222 4078 ἡμετέρας
1255 4006 1402 4078 ζωῆς
1427 4010 1658 4083 δαίμων,
1690 4013 1863 4072 ἐλεεῖν

277 4088 750 4160 προσποιούμενος
792 4097 1201 4168 παρασκευάζει
1248 4101 1603 4177 λογίζεσθαιη
1636 4107 1718 4161 ὅτι
1763 4102 1887 4165 οὐκ⁴

278 4179 437 4233 ἔσται
464 4182 666 4251 κρίσις,
690 4185 811 4239 οὐδὲ
840 4188 1193 4256 ἀνταπόδοσις
1222 4195 1436 4268 ἑκάστῳ
1464 4198 1603 4253 κατὰ
1628 4198 1699 4252 τά
1725 4200 1863 4272 ἔργα

280 4272 478 4333 αὐτοῦ,
515 4276 606 4327 καὶ
655 4276 868 4343 τούτοις
903 4283 1013 4346 τοῖς
1059 4284 1266 4356 ῥήμασι
1318 4285 1582 4342 λιπαίνων
1640 4291 1863 4361 φαύλως

280 4362 415 4426 τοὺς
450 4363 900 4440 ἐξαπατωμένους
933 4374 1308 4447 καταφθείρει.
1338 4377 1564 4449 Πρῶτος
1592 4382 1703 4455 γὰρ
1730 4384 1865 4438 πάν-

1966 1911 2073 1967 que
2116 1897 2262 1952 enim
2301 1898 2533 1967 pulchra
2592 1898 2715 1953 laus
2746 1903 2835 1951 est
2870 1895 2923 1949 in
2953 1910 3048 1950 ore
3098 1897 3404 1966 peccatoris
3428 1896 3498 1961 ’⁸,
3538 1915 3558 1950 ι

1964 1987 2236 2042 clamabat
2284 1987 2505 2056 sapiens
2538 1985 2727 2041 nescio
2758 1986 2898 2055 quis.

2282 2078 2487 2135 CLXII.
2520 2109 2587 2121 --
2624 2076 3012 2135 EUPSYCIHO
3042 2077 3345 2134 VICARIO.

2034 2168 2332 2227 Postulasti
2360 2186 2390 2225 a
2414 2187 2500 2227 me
2533 2189 2547 2226 :
2580 2169 2716 2237 Quis
2737 2170 2829 2226 ille
2864 2178 2948 2226 est
2998 2177 3225 2226 notatus
3271 2168 3326 2224 in
3384 2168 3560 2225 Evan~

1962 2262 2118 2331 geliis
2158 2262 2214 2316 in
2247 2261 2472 2331 nuptias
2499 2259 2781 2323 introisse,
2817 2266 3023 2314 vestem
3073 2276 3181 2314 non
3234 2259 3445 2315 habens
3472 2260 3562 2313 "2?

1961 2348 2041 2405 Ne
2089 2357 2243 2405 extra
2292 2358 2344 2405 te
2391 2348 2773 2418 circumspice,
2821 2348 2915 2403 sed
2948 2359 3099 2402 tuum
3154 2363 3251 2402 cor
3292 2350 3557 2406 attentius

1958 2441 2331 2497 considerato.
2379 2441 2580 2496 Omnes
2637 2439 2781 2494 enim
2832 2437 3133 2494 Christiani
3208 2438 3276 2493 ad
3341 2438 3557 2495 divinas

1962 2531 2186 2603 nuptias
2214 2532 2575 2588 accersimur.
2615 2530 2673 2587 Si
2723 2532 2910 2600 itaque
2963 2530 3377 2586 introiverimus
3404 2531 3558 2599 cogi-

1967 2625 2178 2681 tatione
2207 2624 2408 2691 induti,
2448 2633 2545 2679 aut
2575 2639 2760 2689 avara,
2814 2632 2909 2678 aut
2968 2625 3304 2688 meretricia,
3339 2632 3434 2679 aut
3479 2625 3560 2679 in-

1964 2718 2116 2783 vida,
2138 2718 2223 2772 vel
2251 2717 2375 2773 aliis
2409 2716 2685 2772 similibus
2714 2715 2863 2772 vitiis
2889 2716 3148 2783 obducta,
3198 2717 3373 2772 aliena
3411 2717 3561 2773 scili-

1962 2818 2050 2865 cet
2069 2825 2097 2863 a
2123 2808 2416 2880 splendore
2438 2815 2493 2863 et
2516 2807 2883 2863 immaculatis
2902 2808 3113 2878 nuptiis
3138 2816 3287 2864 veste
3309 2807 3557 2863 obvoluti

1962 2911 2079 2958 tum
2120 2901 2337 2973 ingredi
2376 2901 2636 2956 dicimur.
2671 2900 2727 2956 Si
2763 2916 2898 2957 vero
2926 2902 3200 2957 sententia
3229 2901 3557 2970 ignominiis

1967 2996 2206 3052 obnoxia
2235 3002 2467 3059 mutata,
2496 3002 2677 3050 mente
2701 2995 2913 3064 integra
2944 3001 3163 3049 nosmet
3195 2993 3545 3049 induerimus

1965 3087 2276 3144 visceribus
2305 3087 2703 3144 misericordiae
2729 3097 2783 3142 et
2815 3087 3337 3152 commiscrationis,
3371 3086 3559 3157 probi-

1968 3190 2097 3247 tate,
2132 3181 2405 3238 charitate
2437 3196 2596 3253 pura,
2640 3180 2962 3252 placiditate
3008 3188 3063 3235 ct
3116 3180 3454 3248 humilitate,
3504 3188 3561 3233 et

1966 3275 2051 3329 bis
2082 3274 2385 3339 similibus,
2458 3273 2815 3328 manifestum
2848 3280 2931 3329 est
2974 3278 3077 3330 nos
3113 3273 3319 3341 nuptiis
3365 3273 3559 3342 dignas

1965 3377 2147 3423 vestes
2177 3366 2448 3424 induisse.
2493 3364 2868 3421 Circumvolvi
2896 3365 3078 3435 itaque
3099 3380 3363 3421 conemur
3397 3364 3561 3419 intel-

1962 3458 2279 3516 lectualium
2332 3458 2643 3529 nuptiarum
2710 3469 2889 3515 vestes
2944 3461 3239 3515 salutares.
3278 3456 3335 3513 lu
3371 3466 3559 3514 nostra

1979 3553 2126 3609 enim
2167 3550 2426 3608 facultate
2475 3560 2560 3609 est
2604 3550 2757 3607 indui
2813 3560 2867 3607 et
2891 3551 3038 3613 exui.
3086 3561 3378 3622 vestesque
3414 3568 3560 3605 nunc

1963 3644 2182 3715 quidem
2204 3644 2393 3714 probe,
2425 3658 2572 3699 nunc
2600 3658 2726 3698 vero
2754 3658 2919 3711 prave
2948 3650 3312 3707 commutare,
3342 3654 3395 3698 et
3416 3659 3561 3697 nunc

1964 3738 2092 3804 h‘oc,
2126 3751 2276 3792 nunc
2306 3736 2441 3791 illud
2465 3733 3162 3807 eligerezquandoquidem
3197 3734 3362 3789 homo
3392 3734 3572 3801 liber”

1962 3839 2017 3887 et
2046 3830 2131 3887 sui
2163 3828 2373 3885 arbitrii
2406 3828 2664 3884 dominus
2719 3835 2941 3881 creatus
2985 3833 3090 3881 est.

2490 3916 2719 3975 CLXI".
2748 3917 3027 3972 —-Eidem.

2037 4013 2224 4070 Hostis
2253 4013 2380 4068 vita:
2411 4018 2617 4067 nostra:
2637 4008 2872 4075 daemon,
2899 4005 3074 4062 nostri
3110 4005 3361 4062 misereri
3389 4006 3560 4061 simu-

1966 4109 2110 4172 lans,
2168 4118 2288 4160 eam
2334 4102 2496 4159 nobis
2556 4098 2946 4172 cogitationem
2999 4097 3223 4167 ingerit,
3259 4112 3368 4151 non
3406 4098 3555 4151 rutu-

1964 4212 2087 4253 rum
2146 4193 2460 4265 judicium,
2520 4204 2698 4261 neque
2746 4188 3165 4244 retributionem
3260 4188 3561 4258 unicuique

1968 4287 2269 4347 secundum
2306 4284 2470 4356 198
2509 4298 2677 4355 opera
2706 4296 2828 4347 sua,
2886 4289 2939 4337 et
2989 4281 3143 4337 hisce
3174 4280 3359 4337 verbis
3394 4295 3561 4351 prave

1967 4378 2485 4449 deiusosopimans,
2532 4375 2587 4429 in
2619 4373 2915 4445 perniciem
2970 4373 3100 4445 agit.
3136 4371 3437 4427 Primatum
3481 4379 3562 4429 et.

280 4455 529 4549 τῶντῶν
572 4459 917 4533 ἁμαρτωλῶν
949 4465 1096 4519 ἐστιν
1126 4469 1153 4521 ὁ
1186 4467 1449 4534 διάϐολος.
1493 4470 1552 4526 '0
1580 4472 1635 4526 δὲ
1670 4476 1861 4549 Σωτὴρ

1971 4475 2112 4531 enim
2148 4479 2495 4546 peccatorum
2519 4468 2762 4524 omnium
2794 4467 3049 4524 diabolus
3081 4466 3561 4549 obtinet.‘Verum-

280 4546 394 4598 τῶν
423 4548 561 4603 ὅλων
590 4553 850 4623 Χριστὸς,
883 4557 909 4608 ὁ
941 4557 1100 4627 μόνος
1129 4561 1333 4632 κυρίως
1384 4563 1625 4635 καθαρὸς
1656 4569 1751 4622 καὶ
1791 4546 1869 4622 δί-

282 4656 458 4703 καιος,
492 4642 1003 4718 διαμαρτυρόμενος
1044 4667 1101 4702 τε
1133 4652 1228 4705 καὶ
1271 4653 1593 4725 ἐξελέγχων,
1647 4657 1867 4727 στύφων

281 4748 340 4785 τε
372 4735 465 4786 καὶ
506 4737 797 4802 παιδεύων,
842 4742 935 4792 καὶ
973 4743 1252 4813 προλέγων
1299 4744 1398 4818 τὴν
1437 4748 1701 4819 ἐσομένην
1743 4750 1867 4821 κρίο

288 4840 397 4889 σιν,
425 4825 657 4891 ἐκσώζει
688 4829 814 4893 τοὺς
840 4831 1194 4902 πειθομένους
1218 4834 1387 4905 αὐτῷ.
1416 4834 1587 4890 Τοῦτο
1610 4834 1705 4893 οὖν
1726 4835 1867 4895 εῖναι

279 4918 474 4988 νόμιζε
507 4919 568 4972 τὸ
610 4924 1027 4993 γεγραμμένονο
1079 4943 1096 4976 ι
1130 4924 1417 4981 Παιδεύσει
1458 4946 1525 5000 με
1563 4929 1772 4996 δίκαιος
1811 4933 1869 4989 ἐν

280 5010 451 5074 ἐλέει,
488 5011 578 5063 καὶ
606 5012 815 5080 ἐλέγξει
846 5031 943 5084 με’
984 5014 1166 5068 ἔλαιον
1205 5016 1261 5069 δὲ
1290 5017 1617 5091 ἀμαρτωλοῦ
1680 5022 1757 5093 μὴ
1788 5023 1871 5077 λι-

282 5102 520 5155 πανάτω
552 5105 654 5175 τὴν
682 5105 928 5178 κεφαλήν
960 5124 1084 5178 μου,
1120 5125 1138 5157 ι
1177 5108 1426 5163 τουτέστι
1453 5109 1515 5163 τὸ
1546 5106 1872 5183 ἡγεμονικόν

282 5211 417 5264 μου,
455 5194 488 5265 ἦ
516 5195 577 5248 τὸ
613 5196 841 5268 φρονοῦν
874 5216 996 5269 μου.

659 5287 820 5345 ΡΞΑν.
851 5322 922 5332 -
954 5292 1183 5346 οΡιΩΝι
1224 5293 1496 5364 ΕΚΔΙΚῼ.

355 5378 496 5433 Οὐαί
528 5398 630 5446 σοι,
665 5382 1105 5456 τρισταλαῐπωρε
1138 5384 1390 5457 ἄνθρωπε
1422 5386 1514 5439 καὶ
1554 5386 1864 5457 τρισάθλιεῑ

272 5474 367 5526 ὅτι
403 5476 602 5544 μικρᾶς
631 5476 849 5549 ἡδονῆς,
909 5480 1004 5533 καὶ
1052 5481 1170 5552 ἅμα
1224 5480 1301 5555 τῷ
1333 5481 1652 5552 τελεσθῆναι
1702 5500 1871 5556 παρο-

273 5569 578 5640 δευούσης,
615 5569 716 5644 τὴν
745 5572 963 5637 αἰώνιον
996 5573 1333 5647 άνταλλάττῃ
1366 5575 1561 5645 φλόγα.
1598 5576 1735 5629 Ούαί
1765 5593 1867 5642 σοι,

1975 4540 2167 4618 tamen
2199 4561 2453 4616 Salvator
2502 4559 2747 4613 omnium
2780 4556 3055 4623 Christus,
3089 4560 3183 4627 qui
3241 4540 3394 4611 solus
3434 4572 3560 4610 vere

1976 4670 2150 4724 purus
2202 4663 2255 4709 et
2297 4652 2503 4722 justus,
2541 4660 2863 4706 contestans
2894 4657 2948 4706 et
2992 4650 3423 4721 reprehendens,
3476 4663 3560 4701 as-

1974 4747 2223 4814 tringens
2255 4751 2309 4797 et
2336 4743 2641 4806 instruens,
2671 4751 2725 4794 ct
2752 4738 2999 4795 futurum
3036 4739 3305 4809 judicium
3342 4754 3558 4792 annun-
3612 4790 3622 4800 ,

1972 4838 2142 4901 tians,
2173 4835 2463 4891 audientes
2494 4849 2552 4889 se
2581 4834 2781 4888 salvat.
2808 4831 2874 4885 Et
2906 4833 3011 4885 hoc
3072 4830 3205 4884 illud
3229 4846 3374 4896 esse,
3407 4830 3577 4899 quod

1973 4928 2185 4996 scripto
2213 4926 2470 4989 refertur,
2523 4923 2777 4980 existima
2808 4940 2822 4976 :
2886 4941 2904 4974 ι
2929 4921 3205 4990 Corripiet
3237 4937 3324 4976 me
3371 4916 3571 4992 justus

1976 5020 2030 5074 in
2064 5016 2469 5079 misericordia,
2506 5022 2559 5069 et
2586 5023 2782 5085 arguet
2819 5028 2906 5068 me
2939 5030 2954 5079 ;
2987 5012 3169 5068 oleum
3203 5026 3331 5067 vero
3362 5026 3556 5083 pecca‘

1976 5111 2115 5166 toris
2174 5126 2283 5164 non
2346 5108 2647 5179 impinguet
2695 5115 2859 5176 caput
2910 5106 3184 5170 meum",
3226 5124 3244 5157 ι
3304 5106 3408 5159 hoc
3470 5114 3555 5160 est

1972 5205 2278 5277 principem
2304 5201 2499 5257 animae
2547 5209 2777 5269 partem,
2812 5206 2905 5252 aut
2937 5198 3166 5252 rationis
3210 5198 3551 5270 compotem!

2337 5292 2517 5348 οων.
2550 5324 2621 5333 -
2654 5287 2933 5345 VORIONI
2970 5288 3217 5347 ECDICO

2046 5389 2138 5445 Vae
2157 5389 2276 5453 tibi,
2312 5395 2506 5455 terque
2537 5392 2842 5454 quaterque
2870 5383 3037 5437 miser
3060 5389 3113 5436 et
3141 5382 3329 5436 infelix
3355 5383 3517 5436 homo

1977 5480 2120 5552 quod
2154 5480 2367 5552 pusillae
2389 5492 2555 5532 causa
2592 5474 2914 5545 voluptatis,
2949 5490 3056 5529 una
3086 5489 3209 5528 cum
3241 5474 3362 5545 ipso
3393 5489 3557 5543 Opere

1976 5573 2353 5646 expediendae,
2389 5570 2756 5641 sempiternas
2787 5567 3035 5625 ﬂammas
3062 5568 3432 5639 amplecteris.
3476 5568 3563 5623 γε

342 5715 395 5745 ⁷⁸
422 5711 592 5770 Eccli.
626 5730 714 5781 xv,
746 5716 799 5772 9.
874 5716 920 5751 ⁷⁸
942 5716 1137 5774 Matth.
1169 5734 1302 5786 xm,
1334 5720 1420 5775 ll.
1498 5719 1542 5751 "
1576 5717 1716 5774 Psal.
1753 5731 1878 5782 cu,
1924 5716 1977 5772 5.
