4012 6196
419 248 525 310 279

1896 248 1957 307 S.
1984 247 2143 310 NILI

2450 104 2469 139 /

3571 246 3681 309 Ν

420 364 547 428 tibi,
582 364 863 419 insensate
890 371 945 418 et
977 362 1147 418 stulte
1176 361 1372 443 {quod
1402 362 1590 419 carnis
1647 371 1815 418 nutus
1842 378 1995 418 exse-

2100 344 2650 435 dvaiooms,hll0te.
2687 362 2768 416 ὅτι
2810 361 2913 431 τῆς
2958 360 3160 432 σαρκὸς
3189 359 3361 413 ποιῶν
3391 358 3461 412 τὰ
3512 360 3675 431 θελή-

421 471 623 525 queus,
650 462 704 509 et
732 469 830 524 per
857 467 978 507 eam
1004 440 1264 508 Obscetﬁs
1298 452 1660 509 teaﬂ‘ectibus
1692 453 1997 521 involvens,

422 554 480 600 et
548 545 731 615 pravis
766 530 1047 613 operibus
1077 544 1409 611 inserviens,
1444 559 1473 598 a
1514 544 1852 601 beatitudine
1908 543 2003 599 illa

422 635 716 691 inmortali
754 636 1074 705 expelleris,
1146 646 1200 691 et
1242 651 1528 706 nunquam
1580 638 1836 695 finiendis
1900 638 2002 694 ob-

421 727 598 782 rueris
622 726 762 795 apud
791 724 995 783 inferos
1021 728 1197 798 igneis
1228 728 1749 784 inunisericordium
1777 731 2000 801 angelo-

419 834 542 873 rum
582 818 923 874 verberibus.
979 818 1229 889 Namque
1285 820 1630 890 angelorum,
1661 821 1720 876 hi
1773 821 1996 893 quidem

419 910 692 963 mansueti
756 915 909 972 sunt,
961 917 1016 964 et
1057 909 1307 976 humani,
1363 917 1419 964 et
1488 911 1896 979 misericordes,
1947 922 2002 969 et

420 1000 973 1055 commiserescentes
1006 1017 1024 1065 ;
1063 1000 1156 1054 alii
1186 1015 1318 1055 vero
1352 1001 1565 1057 austeri
1599 1012 1654 1056 et
1676 1003 2001 1075 implacabi-

421 1089 521 1152 les,
550 1088 826 1142 terribiles
850 1095 903 1143 et
934 1088 1282 1143 vehementes
1302 1130 1317 1155 ,
1346 1097 1403 1144 et
1428 1089 1706 1156 crudeles,
1744 1100 1798 1145 et
1819 1091 2003 1145 immi-

420 1181 755 1235 sericordes.‘

523 1268 1193 1327 cum—smmum
1221 1254 1575 1343 COPIARUM
1601 1266 1925 1326 DUCTORI.

493 1361 649 1416 Vera:
683 1362 903 1432 pietatis
929 1362 1070 1417 ratio
1098 1362 1314 1417 duobus
1350 1369 1590 1427 constat,
1648 1360 2000 1431 dogmatibus

418 1453 526 1523 piis
578 1462 634 1508 et
662 1454 823 1509 bonis
864 1455 1155 1525 cperibus.
1190 1452 1368 1509 Unum
1406 1455 1576 1527 igitur
1605 1455 1676 1509 ab
1706 1455 1880 1509 altero
1915 1468 2001 1509 se-

416 1543 757 1615 jungcndum
788 1560 897 1599 non
928 1555 1033 1600 est.

598 1636 759 1707 199
786 1635 1018 1692 CLXVI.
1041 1636 1495 1693 -—COLOCASIO
1526 1600 1845 1692 piscoso.

492 1728 689 1784 Statim
723 1741 889 1800 atque
922 1732 1049 1803 quis
1080 1732 1133 1785 in
1175 1732 1487 1801 proximum
1510 1729 1995 1798 convitiajecerit,
2028 1722 2071 1776 Β

416 1820 606 1876 eodem
638 1819 783 1875 horae
812 1832 1087 1877 momento
1140 1821 1343 1892 lepram
1372 1822 1427 1876 in
1472 1823 1652 1877 anima
1706 1821 1999 1877 contrahit.

416 1909 759 1980 Quapropter
786 1927 815 1964 a
844 1913 1151 1967 maledictis
1194 1921 1248 1969 et
1280 1912 1535 1968 convitiis
1565 1913 1779 1969 abstine
1810 1929 1822 1966 :
1854 1911 2000 1967 nosti

414 2002 685 2072 siquidem
721 2004 792 2058 ob
822 2003 988 2059 breve
1042 2005 1349 2060 convitium
1419 2016 1474 2059 et
1526 2019 1692 2058 unam
1723 2004 2000 2060 obtrecta-

413 2091 583 2148 tionis
608 2092 907 2148 dictionem
964 2093 1146 2147 divina
1204 2094 1478 2161 sententia
1533 2092 1762 2147 Mariam
1816 2100 1994 2147 vatem

413 2185 567 2256 lepra
595 2183 763 2239 fuisse
798 2199 1117 2255 percussam
1159 2186 1227 2240 ’⁸.

622 2276 871 2332 CLXVII.
896 2277 1203 2334 —PlERlO
1234 2278 1464 2334 COMITI
1494 2277 1784 2334 IUNIORI.

480 2370 639 2429 Alius
674 2370 981 2428 secundum
1007 2369 1175 2426 Deum
1200 2387 1355 2427 amor
1377 2381 1486 2437 est,
1521 2373 1663 2427 alius
1695 2371 1993 2427 secundum
2020 2432 2025 2437 γ

410 2460 680 2516 mundum
718 2470 773 2518 et
800 2476 1051 2526 carnem,
1084 2478 1205 2533 qua:
1241 2471 1328 2519 est
1375 2465 1617 2519 amicitia
1653 2464 1836 2535 potius
1866 2464 1996 2521 bru-

410 2560 614 2617 torum,
655 2561 709 2607 ct
741 2554 891 2608 nulla
931 2554 1143 2610 ratione
1190 2553 1440 2625 prmdita.
1472 2554 1661 2625 Itaque
1686 2554 1831 2625 quod
1863 2568 1996 2609 con-

412 2644 623 2699 tinetur
660 2645 717 2700 in
743 2645 944 2703 litteris
972 2646 1106 2712 tuis,
1141 2647 1350 2717 ingenti
1387 2654 1443 2704 te
1487 2646 1768 2703 desiderio
1817 2647 1994 2703 teneri

411 2736 519 2791 hoc
548 2752 738 2793 mense
790 2753 923 2809 erga
974 2738 1440 2811 Dionysiodorum
1481 2740 1732 2811 magistri
1794 2739 1990 2805 filium,

410 2828 683 2885 immenso
711 2829 830 2897 illo,
861 2846 927 2887 ac
960 2832 1126 2901 plane
1154 2833 1515 2899 intolerabili,
1552 2834 1691 2893 adeo
1724 2841 1785 2889 ut
1816 2847 1992 2903 neque

412 2920 598 2984 edere,
627 2936 810 2991 neque
845 2922 1059 2990 bibere,
1106 2938 1285 2994 neque
1312 2925 1496 2981 vivere
1521 2924 1678 2991 velis,
1733 2925 1790 2979 ui
1838 2924 1992 2995 prius

411 3011 702 3079 puerulum
725 3017 1105 3084 conspexeris,
1132 3016 1189 3070 in
1211 3031 1321 3086 quo
1336 3031 1470 3087 erga
1504 3026 1557 3072 te
1581 3031 1738 3073 amor
1764 3032 1993 3089 praecesv

411 3112 561 3161 serat
588 3122 602 3161 :
627 3112 889 3177 praeterea
914 3106 1074 3177 signa
1102 3107 1231 3174 alia,
1260 3115 1501 3174 etnotae,
1524 3124 1647 3181 quae
1679 3110 1734 3164 in
1760 3110 1993 3181 epistola

410 3204 506 3252 tua
538 3198 671 3252 mihi
712 3213 835 3254 sese
882 3197 1118 3254 offerunt
1150 3199 1374 3271 legenti,
1418 3201 1594 3270 palam
1625 3200 1832 3255 faciunt
1862 3216 1996 3255 meae

410 3289 606 3343 vilitati
638 3289 911 3357 dolusum,
942 3298 997 3346 et
1024 3292 1213 3347 multis
1230 3291 1489 3347 sordibus
1511 3291 1812 3348 daemonem
1861 3307 1993 3349 con-

410 3384 761 3450 taminatum,
798 3384 890 3454 qui
946 3392 1051 3439 tua:
1082 3385 1276 3439 virtuti
1313 3384 1535 3450 deditae,
1569 3392 1623 3441 et
1646 3385 1757 3443 .Dei
1786 3386 1992 3441 amanti

412 3474 610 3529 anima:
651 3474 882 3531 insidias
916 3474 1099 3531 struit.
1127 3474 1209 3531 Ex
1239 3490 1306 3532 ea
1336 3478 1485 3532 enim
1511 3476 1746 3548 epistola
1779 3476 1994 3549 praedo-

410 3580 562 3631 nem,
618 3566 875 3636 illiusque
920 3567 1207 3623 subdolam
1242 3569 1525 3625 solertiam
1575 3568 1736 3625 facile
1793 3567 1991 3639 depre-

414 3659 577 3715 hendi
618 3675 631 3712 :
658 3675 787 3714 nam
814 3659 884 3715 ad
940 3659 1213 3715 maleﬁcia
1245 3660 1400 3717 vafer
1428 3669 1513 3716 est
1542 3669 1598 3717 et
1654 3660 1989 3717 industrius.

410 3750 623 3823 Quippe
643 3752 869 3823 spiritus
898 3750 1304 3817 fornicationis,
1331 3768 1494 3822 quem
1526 3752 1785 3809 Amorem
1814 3751 1989 3810 Graeci

411 3858 729 3912 nuncupare
790 3849 1116 3910 sueverunt,
1151 3841 1219 3898 ad
1256 3844 1568 3917 voluptates
1602 3845 1901 3914 proclives,
1935 3853 1990 3900 et

408 3933 719 3990 futurorum
745 3934 1081 4004 iudiciorum
1108 3935 1486 4007 despectores,
1525 3952 1741 3993 necnon
1771 3936 1993 3993 univer-

409 4027 543 4083 salis
578 4026 727 4082 illius
750 4025 970 4095 judicii,
1007 4028 1209 4097 palam,
1254 4044 1318 4083 ac
1360 4030 1490 4096 cito,
1521 4037 1576 4085 et
1623 4012 1832 4100 absque
1880 4030 1992 4084 ullo

410 4118 597 4175 labore
633 4118 700 4171 ad
750 4117 1105 4190 impudicitiae
1162 4121 1480 4176 barathrum
1530 4123 1846 4191 compellit;
1896 4137 1991 4177 eos

411 4222 542 4264 vero
573 4209 735 4279 200
791 4210 883 4279 qui
917 4211 1112 4266 salutis
1151 4214 1382 4282 propriae
1436 4226 1627 4266 curam
1680 4220 1902 4281 gerunt,
1937 4219 1991 4264 et

413 4314 541 4355 cum
582 4301 833 4357 mollitiei
866 4301 1065 4359 belluis
1090 4304 1399 4367 decertant,
1426 4303 1704 4358 illecebris
1758 4304 1988 4373 quibus—

2107 471 2277 525 ματα.
2309 454 2407 509 καὶ
2443 454 2511 509 δι’
2542 454 2713 524 αὐτῆς
2759 455 2871 518 τοῖς
2924 454 3171 523 αἰσχροῖς
3207 452 3530 505 ὑποπίπτων
3569 454 3674 506 πά-

2102 545 2245 609 θεσι,
2273 544 2369 598 καὶ
2391 542 2886 613 καταδουλούμενος
2912 546 3022 606 τοῖς
3050 543 3328 614 πονηροῖς,
3357 542 3672 617 ὲκϐληθήσῃ

2103 636 2206 707 μὲν
2231 636 2331 704 τῆς
2362 635 2762 706 μακαριότητος
2806 634 3018 703 ἐκείνης
3056 633 3157 703 τῆς
3198 633 3501 697 ἀθανάτου,
3540 633 3675 686 ἀθά-

2101 744 2241 783 νατα
2279 727 2338 781 δὲ
2370 726 2718 799 μαστιχθήσῃ
2757 724 2899 781 κατὰ
2924 724 3015 778 τὸν
3045 725 3200 796 ᾅδην,
3244 726 3365 788 ταῖς
3418 725 3673 796 πυρίναις

2106 817 2356 890 μάστιξιν
2386 819 2490 871 ὑπὸ
2516 817 2624 871 τῶν
2647 817 2895 887 ἀγγέλων
2921 816 3029 870 τῶν
3050 815 3451 886 άνελεημόνων.
3475 818 3539 869 Ol
3572 817 3672 887 μὲν

2101 912 2210 980 γὰρ
2232 912 2340 965 τῶν
2367 912 2615 980 ἀγγέλων
2661 909 2862 982 ἥμεροί
2899 927 2958 963 τε
2988 910 3082 962 καὶ
3111 908 3481 980 φιλάνθρωποί
3508 911 3668 974 εἰσιν,

2102 1003 2466 1073 εὔσπλαγχνοί
2494 1020 2553 1056 τε
2577 1003 2678 1057 καὶ
2711 1002 3034 1074 συμπαθεῖς,
3079 1003 3129 1054 οἱ
3180 999 3237 1054 δὲ
3295 1001 3562 1073 αὐστηροί
3610 1019 3671 1054 τε

2102 1097 2197 1151 καὶ
2223 1096 2487 1166 ἀμειδεῖς,
2520 1095 2739 1167 φρικτοί
2792 1112 2853 1148 τε
2903 1093 2999 1148 καὶ
3048 1092 3348 1164 ἐμϐριθεῖς,
3405 1093 3672 1165 άπότομοί

2100 1206 2159 1241 τε
2191 1190 2283 1243 καὶ
2309 1188 2692 1258 ἀνελεήμονες.

2366 1280 2530 1335 pse.
2554 1310 2622 1321 -
2656 1278 2998 1350 armum
3036 1278 3395 1350 ΣΤΡΔἸῊΙᾨ

2183 1373 2241 1428 '0
2267 1372 2366 1444 τῆς
2396 1371 2707 1436 θεοσεϐείας
2730 1371 2930 1443 τρόπος
2960 1372 3026 1424 ὲκ
3051 1370 3147 1425 δύο
3170 1370 3379 1424 τούτων
3408 1369 3673 1440 συνέστη-

2102 1482 2218 1530 κεν,
2248 1464 2533 1535 δογμάτων
2566 1462 2828 1529 εὐσεὸὦν,
2861 1464 2957 1517 καὶ
2997 1461 3251 1533 πράξεων
3279 1460 3523 1530 ἀγαθῶν.
3558 1461 3703 1515 Θάοκ

2101 1573 2258 1626 τερον
2285 1554 2675 1626 γοῦνξθατέρου
2706 1555 2767 1607 οὒ
2794 1552 2900 1624 χρὴ
2918 1551 3310 1631 διαζευγνύειν,

2347 1644 2528 1711 Ρεςο.
2559 1672 2631 1683 -
2671 1641 3065 1712 ΚΟΛΟΚΔΣΙῼ
3102 1639 3422 1709 ΔΙΑΚΟΝῼ.

2175 1737 2328 1807 ’Ἅμα
2359 1752 2441 1799 τις
2473 1734 2761 1805 λοιδορήσῃ
2803 1732 2896 1786 τὸν
2926 1731 3172 1802 πλησίον,
3204 1730 3406 1792 εὐθέως
3431 1728 3668 1800 λεπροῦ-

2101 1844 2191 1882 ται
2220 1828 2319 1898 τὴν
2354 1825 2603 1897 καρδίαν.
2636 1825 2834 1895 Διόπερ
2881 1821 3047 1893 φεῦγε
3089 1821 3150 1874 τὸ
3192 1821 3538 1884 καταλαλεῖν,
3574 1822 3669 1875 καὶ

2099 1918 2543 1990 διαλοιδορεῖσθαι
2568 1934 2581 1948 ο
2640 1915 2888 1984 ἔγνωκας
2921 1913 3051 1988 γάρ,
3100 1914 3218 1977 πῶς
3245 1914 3310 1967 δι’
3344 1913 3533 1982 ὀλίγην
3560 1913 3669 1973 λοι·

2097 2010 2301 2081 δορίαν,
2336 2011 2429 2063 καὶ¹
2465 2008 2593 2079 μίαν
2622 2007 2768 2074 λέξιν
2810 2006 2912 2077 τῆς
2951 2006 3303 2071 καταλαλιόκ,
3353 2004 3470 2075 θείᾳ
3502 2005 3670 2075 ψήφῳ

2097 2102 2435 2174 λελέπρωται
2464 2102 2497 2172 ἡ
2531 2101 2800 2169 προφῆτις
2827 2097 3037 2169 Μαρία.

2284 2281 2445 2338 PEZ'.
2472 2311 2540 2322 —
2573 2281 2803 2352 nmmo
2842 2280 3112 2334 KOMHTI
3146 2278 3478 2349 ΝΕΩΤΕΡῼ.

2178 2375 2373 2445 Ἑτέρα
2399 2373 2549 2426 ἐστὶν
2585 2374 2619 2443 ἡ
2652 2371 2793 2425 κατὰ
2826 2370 2957 2424 Θεὸν
2996 2369 3209 2439 ἀγάπη,
3256 2370 3353 2423 καὶ
3387 2368 3519 2440 ἄλλη
3548 2368 3667 2421 ἐστὶ

2095 2467 2240 2521 κατά
2285 2465 2491 2535 κόσμον
2525 2464 2619 2517 καὶ
2650 2462 2828 2534 σάρκα
2872 2460 3152 2533 κτηνιίῆης
3207 2477 3293 2524 τις
3325 2461 3422 2513 καὶ
3462 2460 3664 2528 ἄλογος

2095 2556 2265 2627 φιλία.
2295 2556 2369 2609 Τὸ
2400 2550 2493 2608 οὖν
2525 2553 2799 2624 περιέχειν
2830 2552 2902 2606 τά
2948 2551 3255 2623 γράμματά
3290 2569 3405 2615 σου,
3451 2552 3534 2605 ὅτι
3567 2552 3665 2605 πό-

2095 2648 2185 2713 θος
2211 2665 2295 2702 σοι
2328 2647 2511 2711 ἱκανὸς
2550 2647 2741 2716 γέγονε
2787 2644 2931 2707 κατὰ
2962 2643 3053 2697 τὸν
3098 2644 3243 2715 μῆνα
3289 2642 3479 2697 τοῦτον
3526 2643 3662 2713 πρὸς

2094 2739 2515 2810 Διονυσιόδωρον
2558 2737 2649 2792 τὸν
2700 2736 2814 2790 υἱὸν
2856 2733 2952 2788 τοῦ
3008 2735 3314 2807 μαγίστρου
3363 2735 3532 2798 πολὺς
3562 2735 3657 2787 καὶ

2094 2830 2387 2900 ἀφόρητος,
2420 2827 2563 2882 ὥστε
2596 2826 2733 2898 μήτε
2771 2827 2985 2895 φαγεῖν,
3012 2825 3150 2895 μήτε
3185 2826 3351 2888 πιεῖν,
3392 2826 3532 2894 μήτε
3563 2824 3662 2895 ζῇν

2096 2919 2383 2991 βούλεσθαί
2432 2935 2515 2983 σε,
2548 2920 2600 2985 εί
2645 2917 2723 2990 μὴ
2779 2918 3046 2990 πρότερον
3079 2916 3250 2991 θεάσῃ
3277 2916 3369 2971 τὸν
3425 2916 3664 2987 μείρακα

2092 3011 2186 3066 τδν
2230 3010 2704 3082 προαγαπήσαντά
2741 3027 2826 3075 σε,
2870 3010 2966 3063 καὶ
3023 3009 3084 3062 τὸ
3134 3008 3272 3062 ἄλλα
3301 3007 3424 3061 τινὰ
3467 3006 3665 3078 γνωρί-

2095 3119 2281 3174 σματα
2311 3102 2405 3157 καὶ
2448 3103 2651 3174 σημεῖα
2688 3101 2967 3170 ἐγκεῖσθαι
2996 3103 3063 3172 τῇ
3092 3099 3248 3173 παρὰ
3275 3100 3369 3154 σοῦ
3412 3116 3501 3170 μοι
3522 3116 3660 3169 γρα-

2094 3195 2257 3267 φείσῃ
2278 3193 2557 3264 ἐπιστολῇ,
2597 3192 2831 3264 φανερὸν
2862 3194 2927 3264 τῇ
2958 3191 3339 3269 ἐμῇ-εὐτελείᾳ
3361 3191 3662 3262 κατέστησε

2092 3287 2183 3341 τὸν
2232 3286 2406 3342 δόλιον
2441 3288 2535 3340 κα)⁸
2566 3285 2895 3340 πολύσπιλον
2941 3284 3193 3357 δαίμονα,
3227 3284 3321 3338 τὸν
3352 3283 3663 3355 ἐνεδρεῦσαι

2095 3379 2465 3444 σπουδάζοντα
2494 3379 2594 3450 τὴν
2624 3377 2720 3449 σὴν
2750 3377 3002 3450 ἐνάρετον
3058 3376 3150 3431 καὶ
3188 3376 3432 3447 φιλόθεον
3463 3376 3660 3449 ψυχήν.

2106 3468 2199 3522 Ἐκ
2230 3469 2337 3540 γὰρ
2362 3469 2425 3539 δὴ
2469 3471 2569 3540 τῆς
2598 3468 2911 3539 ἐπιστολῆς,
2940 3467 3197 3539 εὐμαρῶς
3232 3467 3539 3540 πεφώρακα
3569 3468 3663 3521 τὸν

2092 3559 2318 3633 λῃστὴν,
2357 3560 2451 3613 καὶ
2478 3559 2578 3631 τὴν
2627 3558 2820 3614 τούτου
2856 3558 3026 3631 σοφὴν
3063 3559 3527 3631 δραματουργίαν·
3570 3574 3663 3612 σο-

2095 3642 2194 3719 φὸς
2215 3649 2324 3721 γάρ
2350 3652 2495 3702 ἐστιν
2528 3650 2607 3713 είς
2634 3648 2695 3702 τὸ
2734 3651 3120 3718 κακοποίησαι.
3157 3649 3231 3702 Τὸ
3285 3649 3397 3720 γὰρ
3446 3646 3663 3718 πνεῦμα

2092 3742 2191 3812 τῆς
2216 3741 2490 3813 πορνείας,
2530 3740 2669 3812 ὅπερ
2714 3739 2891 3811 ἔρωτα
2932 3739 3197 3811 Ἑλλήνων
3248 3740 3433 3804 παῖδες
3467 3738 3664 3809 κικλή-

2094 3851 2246 3888 σκειν
2295 3832 2543 3895 εἰώθασι,
2578 3833 2705 3895 τοὺς
2742 3831 2841 3902 μὲν
2895 3831 3031 3902 πρὸς
3061 3830 3159 3904 τὴν
3210 3831 3404 3903 ἡδονὴν
3440 3832 3666 3901 ἐπιρρε-

2092 3928 2236 3994 πεῖς,
2263 3928 2359 3981 καὶ
2387 3925 2865 3996 καταφρονοῦντας
2886 3923 2997 3978 τῶν
3028 3924 3329 3995 μελλόντων
3380 3923 3665 3994 κριμάτων

2092 4018 2189 4072 καὶ
2222 4014 2316 4070 τοῦ
2345 4013 2724 4085 οἰκουμενικοῦ
2752 4014 2974 4069 ἐκείνου
3007 4012 3378 4085 δικαστηρίου,
3410 4011 3665 4083 φανερῶς

2094 4109 2187 4162 καὶ
2218 4107 2429 4178 ταχέως
2478 4108 2573 4160 καὶ
2603 4106 2726 4176 δίχα
2754 4106 2957 4169 παντὸς
2996 4106 3244 4176 καμάτου
3296 4106 3432 4177 πρὸς
3473 4105 3533 4156 τὸ
3564 4094 3665 4174 τῆς

2092 4197 2380 4265 ἀσελγείας
2429 4192 2703 4266 βάραθρον
2742 4194 3073 4266 κατασύρει’
3128 4194 3254 4259 τοὺς
3291 4195 3348 4248 δὲ
3405 4193 3666 4265 φροντίδα

2096 4285 2321 4357 ἔχοντας
2349 4285 2451 4353 τῆς
2474 4284 2771 4356 σωτηρίας,
2802 4285 2897 4339 καλ⁵
2939 4288 3053 4350 τοῖς
3081 4285 3179 4356 τῆς
3206 4283 3537 4357 ἡδυπαθείας
3568 4283 3668 4351 θη-

411 4391 560 4457 dam,
588 4406 653 4447 ac
710 4394 1005 4461 machinis,
1037 4405 1094 4453 et
1143 4396 1285 4450 dolis
1311 4395 1557 4450 adoritur
1598 4411 1613 4446 :
1651 4402 1704 4450 et
1748 4395 1987 4464 primum

2101 4376 2239 4449 ρίοις
2289 4377 2653 4448 μαχομένους,
2706 4376 3036 4447 δελεάσμασί
3078 4394 3192 4430 τισι
3233 4378 3329 4430 καὶ
3393 4376 3668 4446 μηχαναῖς

409 4481 629 4553 quidem
666 4484 874 4539 nullum
906 4500 1159 4555 pravum,
1210 4484 1305 4539 sed
1362 4490 1731 4547 constantem,
1780 4491 1834 4537 et
1882 4497 1991 4538 non

410 4578 577 4634 nimis
634 4580 913 4635 curiosum
967 4580 1321 4636 dilectionem
1375 4592 1628 4648 persona:
1678 4575 1987 4645 cujuspiam

412 4669 657 4736 advenae,
693 4679 788 4727 aut
840 4670 1113 4742 indigena:
1148 4670 1339 4734 maris,
1370 4668 1452 4724 vel
1491 4667 1708 4722 femina:
1752 4667 1985 4722 inserit:

411 4765 735 4820 adhortatur
787 4764 1010 4831 deinde,
1047 4772 1106 4818 ut
1139 4778 1248 4817 una
1291 4778 1417 4816 cum
1446 4776 1511 4815 ea
1565 4766 1873 4821 assuescat,
1936 4766 1990 4813 et

409 4857 576 4913 vitam
599 4860 787 4918 ducat,
815 4871 1033 4927 unaque
1053 4861 1347 4920 commeet,
1375 4852 1653 4924 pactiones
1676 4850 1986 4917 contrahat,

410 4964 683 5020 suspenso
735 4963 966 5019 corpore
1016 4946 1253 5009 incedat,
1299 4961 1386 5000 res
1421 4944 1761 5000 necessarias
1792 4958 1988 4999 conso-

410 5041 537 5107 ciet,
590 5041 969 5097 solemnitates
1010 5037 1269 5101 celebret.
1332 5036 1511 5107 lepide
1561 5033 1877 5091 urbanitate
1932 5041 1988 5089 et

409 5132 621 5187 salibus
654 5138 868 5195 utatur,
897 5138 950 5184 et
981 5127 1101 5183 sine
1130 5126 1405 5197 impudica
1438 5128 1769 5199 cogitatione
1821 5126 1987 5181 simul

408 5223 680 5279 comedat.
729 5221 859 5276 Haec
892 5235 1057 5290 porro
1112 5219 1296 5274 omnia
1353 5218 1704 5274 fundamenta
1726 5227 1876 5285 sunt,
1933 5223 1989 5272 et

412 5319 765 5386 argumenta,
795 5320 849 5365 et
890 5311 1179 5383 principia,
1210 5318 1265 5366 et
1286 5308 1502 5365 radices
1543 5312 1775 5380 peccati.
1826 5307 1985 5363 Ροειι

411 5404 634 5461 modum
667 5413 943 5473 praeeunte
974 5412 1237 5475 tempore,
1278 5415 1557 5473 pravaque
1590 5401 1987 5457 consuetudine

414 5496 492 5550 ita
546 5502 887 5565 comparata,
931 5505 1137 5568 etquae
1166 5494 1256 5551 vix
1300 5493 1454 5550 avelli
1492 5496 1686 5564 possit,
1748 5502 1879 5550 tunc
1927 5493 1982 5549 in

474 5662 535 5711 «⁷⁸
551 5667 720 5730 Num.
754 5685 853 5739 xu,
886 5672 939 5728 9.

2094 4472 2191 4525 καὶ
2216 4469 2385 4534 δόλοις
2413 4469 2759 4541 μετέρχεται·
2796 4470 2891 4523 καὶ
2932 4468 3148 4540 πρῶτον
3177 4469 3277 4539 μὲν
3326 4468 3474 4521 οὐδὲν
3500 4466 3667 4535 δῆθεν

2093 4564 2351 4639 χαλεπὸν,
2392 4562 2503 4617 ἀλλ’
2547 4565 2594 4618 ὲ.
2727 4602 2741 4616 .
2771 4601 2785 4616 .
2838 4562 2997 4633 μόνον
3042 4562 3136 4615 καὶ
3185 4562 3415 4633 στοργὴν
3464 4558 3671 4613 ἀπολυ-

2096 4658 2485 4730 πραγμόνητον
2532 4654 2773 4725 ἐντίθησι
2828 4652 3125 4726 προσώπου
3187 4651 3331 4715 τινὸς
3385 4651 3535 4716 ξένου
3562 4689 3576 4712 ,
3628 4648 3666 4720 ἢ

2093 4747 2404 4820 ἐγχωρίου,
2470 4747 2734 4820 ἇρῤενος,
2781 4745 2815 4815 ἢ
2860 4745 3099 4814 θηλείας.
3165 4738 3300 4797 Εἶτα
3360 4742 3670 4812 συνομιλεῖν

2093 4842 2188 4895 καὶ
2238 4838 2549 4909 συνδιάγειν
2590 4840 2928 4910 προτρέπει,
2984 4837 3080 4892 καὶ
3138 4833 3482 4901 συνοδεύειν,
3536 4852 3670 4889 συν-

2096 4934 2383 4990 αλλάσσειν
2442 4952 2503 4987 τε
2579 4934 2675 4987 καὶ
2757 4929 3297 5003 συμμετεωρίζεσθαι
3320 4969 3337 4996 ,
3391 4934 3672 4984 κοινωνεῖν

2095 5046 2155 5083 τε
2225 5029 2284 5082 ἐν
2322 5027 2644 5100 πράγμασιν
2695 5023 3047 5093 ἀναγκαίοις,
3106 5022 3201 5076 καὶ
3246 5021 3625 5094 συνεορτάζειν
3652 5062 3669 5085 ,

2094 5120 2190 5174 καὶ
2269 5114 2809 5187 συγχαριεντίζεσθαι
2837 5154 2853 5181 ,
2931 5113 3025 5166 καὶ¹
3094 5111 3426 5180 συντριῦγειν
3494 5110 3669 5180 χωρὶς

2094 5209 2357 5282 λογισμοῦ
2440 5205 2723 5279 πορνικοῦ.
2791 5203 2979 5258 Ταῦτα
3052 5202 3110 5256 δὲ
3186 5202 3362 5255 πάντα
3424 5199 3668 5269 θεμέλιοι

2094 5305 2358 5375 γίνονται,
2418 5300 2511 5353 καὶ
2550 5296 2857 5360 ὑποθέσεις,
2888 5295 2984 5349 καὶ
3019 5295 3208 5366 ἀρχαὶ,
3261 5293 3355 5345 καὶ
3382 5290 3529 5361 ῥίζαι
3565 5291 3666 5361 τῆς

2094 5411 2394 5469 αμαρτιας.
2419 5390 2576 5448 Μετὰ
2598 5390 2656 5445 δὲ
2686 5388 2859 5443 ταῦτα
2891 5387 3081 5442 λοιπὸν
3107 5384 3508 5457 προόεδηκότος
3541 5382 3666 5452 χρό-

2092 5508 2207 5559 νου,
2236 5489 2329 5544 καὶ
2357 5486 2456 5558 τῆς
2487 5483 2664 5555 κακῆς
2696 5481 2986 5555 συνηθείας
3015 5477 3466 5535 δυσαποσπάστου
3497 5492 3639 5529 κατα
