4012 6196
300 242 400 307 281

1468 255 1735 318 EPISTO
1776 260 2034 322 LARUB
2065 264 2213 325 LIB.
2241 266 2322 324 II.

3456 272 3572 335 282

299 375 720 448 σκευασθείσης,
744 377 863 432 τότε
889 379 975 453 δὴ,
1005 380 1126 434 τότε
1163 384 1273 448 τοῖς
1304 391 1649 458 γεννητικοῖς
1684 391 1878 462 μορίοις

1999 406 2263 470 quantum
2297 398 2624 471 genitalibus
2652 398 2911 458 membris
2934 401 3144 457 daemon
3180 418 3239 458 se
3291 404 3573 475 applicans

296 467 614 551 πλησιάσας
648 471 678 523 ό
714 469 946 541 δαίμων,
980 473 1246 543 αἰφνίδιον
1298 476 1367 530 τὰ
1412 477 1510 548 τῆς
1544 481 1746 552 σαρκὸς
1792 482 1880 549 ἐξ·

298 550 465 611 άπτει
495 558 872 630 φλογίσματα,
921 563 1017 644 καί
1066 563 1317 638 καθάπερ
1359 567 1580 637 χαλκίον
1620 550 1691 624 τὰ
1745 572 1881 644 μέλη

295 648 621 721 ἀναδράζει,
652 653 766 714 τοῖς
800 669 860 704 τε
905 638 1324 725 πεπυρωμένοις
1364 657 1540 729 βέλεσι
1583 662 1692 715 τῶν
1733 662 1883 732 λογι-

299 737 458 808 σμῶν
486 739 586 808 τῆς
617 740 858 813 ἀθέσμου
891 743 1084 813 ἡδονῆς
1100 743 1356 811 τοξεύσας
1382 748 1479 819 τὴν
1505 750 1732 822 καρδίαν
1755 769 1883 804 κατ-

296 830 514 897 επείγει
557 830 691 901 πρὸς
742 831 803 884 τὸ
834 836 1069 904 πονηρὸν
1116 835 1294 907 ἔργον,
1329 837 1516 912 ῶσπερ
1568 842 1668 913 τήν
1710 843 1885 895 Βαϐυ-

296 919 500 973 λωνίαν
551 921 792 1003 ἐκκαίων
852 924 1098 996 σφοδρῶς
1145 927 1398 998 κάμινον.
1429 932 1590 985 Ὅθεν
1632 934 1878 1007 λοιπδνή

295 1009 446 1081 ψυχὴ
478 1011 721 1083 ἐξίτηλος
746 1015 1012 1087 γενομένη
1036 1018 1315 1084 πολλάκις,
1346 1023 1441 1075 καὶ
1471 1022 1882 1095 ἐξασθενήσασα

297 1106 412 1167 τοῖς
450 1104 625 1167 τόνοις
658 1107 771 1170 τοῖς
819 1112 1021 1177 νοεροῖς
1054 1109 1143 1163 διὰ
1177 1112 1285 1165 τῶν
1322 1114 1742 1185 γαργαλισμῶν,
1795 1116 1883 1168 sui.

298 1196 727 1268 ἐκνευριξομένη
745 1238 760 1263 ,
782 1199 1027 1271 ἀνάγκην
1052 1202 1164 1272 ἔχει
1183 1203 1406 1274 κράζειν
1436 1206 1504 1260 τὰ
1529 1208 1628 1278 τῆς
1658 1207 1880 1280 Γραφῆς

302 1290 524 1359 ῥήματα
544 1304 559 1318 ·
595 1308 615 1340 ‹
652 1288 1049 1356 Κυκλώσαντες
1077 1293 1392 1349 ἐκύκλωσάν
1419 1314 1507 1367 με,
1538 1299 1632 1351 καὶ
1661 1298 1883 1365 ἐξεκαύ-

300 1378 473 1449 θησαν
494 1379 570 1442 ώς
592 1378 703 1450 πῦρ
718 1381 777 1433 ἐν
801 1382 1083 1447 ἀκάνθαις,
1100 1404 1118 1437 ι
1143 1388 1206 1456 τῇ
1232 1386 1475 1456 πυρώσει
1490 1387 1582 1443 τοῦ
1604 1388 1879 1457 σώματος,

301 1467 401 1521 καὶ
435 1470 555 1545 ταῖς
585 1469 859 1540 ἀπρεπέσι
890 1474 1159 1545 κινήσεσι,
1192 1476 1479 1547 βάλλοντες
1515 1481 1597 1544 είς
1651 1482 1881 1553 νεφρούς

306 1575 413 1628 μου
443 1560 535 1613 τὸν
577 1560 652 1614 ίδν
676 1561 767 1615 τοῦ
806 1564 1056 1636 ῥυπαροῦ
1089 1565 1286 1635 ὄφεως,
1317 1570 1391 1640 μὴ
1435 1571 1755 1643 φειδόμενοι,
1788 1573 1883 1626 καὶ

309 1668 331 1701 ι
367 1652 434 1703 Δί
462 1650 593 1720 ψύαι
628 1672 728 1723 μου
757 1656 1108 1727 ἐπλήσθησαν
1134 1662 1553 1732 ἐμπαιγμάτων.
1577 1683 1595 1716 ι
1616 1665 1745 1719 Ἰδοὺ
1772 1656 1880 1738 γὰρ

1986 501 2212 563 repente
2235 494 2417 549 carnis
2444 494 2692 548 ﬂammas
2723 494 3026 561 succendit,
3054 505 3106 549 et
3135 495 3301 549 veluti
3339 496 3573 551 ahenum

1984 583 2230 642 membra
2268 593 2327 639 ut
2357 586 2646 648 ehulliant,
2676 585 2828 648 facit,
2860 570 3154 656 ignitisque
3178 588 3571 662 cogitationum

1986 673 2253 744 improbae
2285 677 2584 745 voluptatis
2616 675 2832 745 sagittis
2854 691 2950 730 cor
2984 678 3261 744 saucians,
3291 679 3344 732 in
3369 679 3573 733 malum

1984 780 2124 836 Opus
2169 768 2470 836 compellit,
2506 767 2967 837 quemadmodum
3029 769 3304 824 fornacem
3340 769 3573 841 Babylo-

1983 856 2129 909 niam
2155 854 2468 909 immaniter
2495 856 2813 911 incendens.
2846 856 2982 911 Hine
3009 860 3356 927 postmodum
3390 863 3573 913 anima

1984 947 2183 1015 sacpius
2226 961 2586 1008 evanescens,
2618 954 2673 1001 et
2731 957 2957 1017 propter
2986 949 3348 1013 titillationes,
3404 949 3574 1003 ﬁrmi-

1983 1046 2097 1093 tate
2122 1038 2484 1093 intellectuali
2514 1053 2746 1108 prorsus
2774 1040 3081 1107 laborante,
3111 1050 3391 1107 enervata,
3422 1039 3574 1095 Scri-

1983 1128 2158 1199 pturae
2191 1131 2356 1185 verba
2388 1132 2478 1185 illa
2514 1134 2831 1187 necessario
2858 1134 3077 1187 intonat
3108 1152 3119 1189 :
3170 1153 3187 1185 ι
3212 1133 3578 1189 Circumdan-

1982 1228 2067 1276 tes
2098 1221 2582 1277 circumdederunt
2611 1238 2719 1289 me,
2748 1231 2801 1278 et
2849 1234 3176 1280 exarserunt
3232 1226 3373 1281 sicut
3435 1224 3577 1295 ignis

1983 1314 2038 1368 in
2076 1314 2249 1383 spinis
2286 1316 2353 1378 ⁷⁸,
2385 1334 2403 1367 ι
2455 1316 2705 1385 corporis
2762 1316 3019 1370 incendio
3078 1325 3132 1372 et
3193 1317 3576 1372 indecentibus

1982 1405 2218 1460 motibus
2274 1402 2603 1473 ejaculantes
2642 1407 2696 1461 in
2734 1423 2893 1462 renes
2949 1421 3098 1463 meos
3160 1424 3426 1464 venenum
3474 1408 3579 1460 im-

1981 1495 2169 1549 mundi
2202 1496 2497 1565 serpentis,
2527 1496 2663 1550 nihil
2713 1497 3071 1566 remittentes,
3114 1516 3133 1549 ‹
3172 1506 3225 1553 et
3277 1496 3445 1552 lumbi
3472 1498 3580 1554 mei

1983 1587 2193 1657 impleti
2217 1596 2348 1643 sunt
2378 1588 2731 1645 illusionibus
2755 1588 2824 1642 ⁸ο.
2864 1609 2883 1642 ι
2946 1588 3088 1645 Ecce
3152 1591 3297 1646 enim
3332 1590 3415 1644 vis
3452 1589 3582 1645 dra-

1982 1680 2139 1735 conis
2173 1696 2337 1751 super
2364 1680 2608 1736 lumbum
2642 1698 2819 1738 meum
2843 1694 3206 1753 operataest.
3246 1703 3264 1736 ι
3302 1683 3466 1741 Miser
3495 1683 3578 1737 fa-

305 1740 344 1809 ή
370 1741 522 1810 ἰσχὺς
549 1742 638 1795 τοῦ
668 1744 962 1815 δράκοντος
1000 1748 1093 1800 ἐπὶ
1117 1727 1214 1820 τῆς
1246 1727 1386 1821 ἐμῆς
1415 1753 1612 1823 ὀσφύος
1644 1727 1878 1829 ἐνήργηζ

1988 1727 2138 1735 ------
2173 1727 2329 1751 ηπ--
2366 1727 2608 1736 --....,_.--
2642 1727 2819 1738 ...-.....
2847 1727 3206 1753 .,,,-.........,..
3247 1727 3264 1736 -
3304 1727 3458 1741 -..απ
3495 1727 3547 1737 .-

1982 1775 2267 1841 οιιιεζειιηι,
2282 1781 2335 1828 et
2356 1774 2676 1830 incurvatus
2695 1790 2815 1829 sum
2834 1776 2903 1829 ⁸¹.
2921 1796 2939 1828 ι
2958 1776 3419 1832 Circumvallatus
3454 1790 3576 1831 sum

306 1848 421 1885 σεν.
463 1835 981 1908 «Ἐταλαιπώρησα,
1034 1841 1129 1893 καὶ
1164 1843 1591 1914 κατεκόιμφθην⁹
1632 1866 1649 1895 ›
1695 1846 1878 1918 κύκλῳ

1982 1860 2338 1930 turpitudinis
2377 1878 2557 1928 muro,
2602 1872 2658 1918 et
2690 1880 2925 1934 quanam
2975 1865 3091 1935 ipse
3119 1866 3330 1919 ratione
3357 1880 3574 1920 murum

303 1924 793 1998 περιῳκοδόμημαι
826 1928 903 1999 τῷ
939 1930 1039 2000 τῆς
1090 1932 1519 2002 αἰσχροπαθείας
1545 1935 1877 2007 τειχίσματι.

1982 1924 2356 2021 ρετ-ινξιηείὺοῖ
2384 1924 2552 2023 20],-
2584 1971 2601 2004 ι
2628 1924 2903 2025 Laqueum
2936 1924 3264 2026 paraverunt
3302 1955 3577 2011 daemones

301 2016 409 2069 Καὶ
445 2016 565 2079 πῶς
594 2019 701 2088 ἄρα
737 2019 895 2073 τοῦτο
916 2020 975 2074 τὸ
1002 2023 1179 2093 τεῖχος
1209 2024 1512 2096 ὑπερϐῆναι
1538 2026 1873 2099 δυνήσομαι;

1981 2045 2210 2115 pedibus
2246 2047 2402 2115 meis,
2430 2056 2483 2102 et
2515 2048 2869 2103 incurvarunt
2902 2051 3138 2104 animam
3154 2065 3327 2107 meam
3351 2050 3450 2104 θ’.)
3472 2047 3579 2104 Te-

306 2126 326 2158 ‹
354 2107 564 2174 Παγίδα
604 2110 911 2179 ἡτοίμασαν
945 2114 994 2165 oi
1028 2114 1283 2185 δαίμονες
1326 2120 1437 2181 τοῖς
1468 2119 1595 2172 ποσί
1627 2138 1751 2190 μου,
1785 2122 1877 2176 καὶ

1981 2137 2163 2192 nebrae
2186 2152 2424 2208 namque
2445 2148 2575 2194 sunt
2607 2140 2662 2195 in
2687 2141 2860 2196 oculis
2885 2143 3047 2196 meis:
3067 2142 3182 2211 ipse
3219 2149 3397 2197 autem
3422 2141 3575 2197 festi-

300 2196 665 2303 κατέκαμψαν
705 2202 805 2273 τὴν
836 2202 1015 2274 ψυχήν
1060 2222 1182 2274 μου.
1220 2225 1239 2258 ι
1274 2207 1473 2271 Σκότος
1504 2210 1613 2281 γάρ
1644 2212 1791 2264 ἐστιν
1823 2213 1878 2265 ἐν

1981 2226 2124 2293 navi,
2156 2235 2216 2282 ut
2242 2243 2352 2283 non
2378 2230 2619 2285 viderem
2641 2231 2709 2284 ⁸³.
2741 2250 2760 2283 ι
2794 2231 3024 2288 Caecitas
3052 2232 3318 2303 siquidem
3347 2240 3452 2298 est,
3482 2246 3576 2287 ea-

299 2285 593 2356 ὀφθαλμοῖς
646 2306 772 2358 μου,
832 2291 944 2360 ἐγὼ
996 2292 1053 2345 δὲ
1106 2293 1351 2348 ἔσπευσα
1384 2297 1477 2351 τοῦ
1526 2298 1602 2371 μὴ
1633 2298 1873 2370 βλέπειν.

312 2376 569 2447 Ἀϐλεψία
615 2379 672 2433 δέ
717 2382 929 2454 χαλεπὴ
978 2383 1011 2455 ή
1051 2385 1297 2456 πορνεία,
1346 2388 1441 2441 καὶ
1494 2391 1662 2458 πᾶσα,
1699 2392 1885 2445 συντό-

300 2483 413 2536 μως
448 2469 646 2533 εἰπεῖν,
677 2471 774 2541 τῆς
833 2474 1038 2544 σαρκὸς
1068 2476 1408 2550 πληροφορία
1456 2480 1552 2534 καὶ
1602 2481 1885 2554 βούλησις.
1916 2538 1921 2539 ,

310 2556 643 2645 έΔγρεύομαι
667 2561 723 2615 δὲ
751 2561 939 2635 ὥσπερ
962 2564 1101 2622 λέων
1131 2570 1209 2633 είς
1237 2572 1475 2641 σφαγὴν,
1504 2572 1600 2626 καὶ⁸
1639 2572 1883 2645 φέρομαι

295 2644 483 2719 ὥσπερ
516 2649 664 2705 κύων
722 2653 802 2718 είς
842 2652 1038 2727 δεσμά,
1094 2659 1187 2712 καὶ
1210 2659 1286 2723 ώς
1320 2659 1505 2732 ὄρνεον
1543 2663 1623 2726 είς
1650 2664 1876 2733 παγίδα,

294 2742 400 2794 καὶ
444 2742 701 2813 πυρέττω
738 2747 970 2818 πυρετὸν
1002 2748 1344 2822 ἀκαθαρσίας
1371 2753 1724 2825 λαϐρότατον.

366 2833 469 2896 Τίς
500 2833 678 2887 τοίνυν
707 2837 1081 2906 παρακαλέσει
1124 2839 1265 2913 ὑπὲρ
1296 2844 1433 2912 ἐμοῦ
1462 2845 1554 2898 τόν
1598 2846 1879 2917 Δεσπότην

1981 2333 2088 2389 que
2110 2326 2267 2374 atrox
2305 2322 2587 2385 scortatio,
2658 2323 2968 2394 omnisque,
3037 2331 3097 2378 ut
3132 2324 3321 2392 paucis
3367 2324 3572 2389 dicam,

1986 2409 2173 2465 carnis
2210 2409 2519 2466 satisfactio
2548 2420 2602 2466 et
2634 2412 2924 2482 appetitus.
2959 2414 3030 2467 At
3068 2400 3255 2482 capior
3312 2406 3573 2481 tanquam

1987 2497 2073 2552 leo
2106 2498 2157 2553 in
2204 2498 2562 2564 occisionem,
2586 2500 2865 2571 ducorque
2893 2508 2952 2555 ut
2974 2502 3127 2556 canis
3157 2502 3223 2556 ad
3256 2502 3495 2564 vincula,
3519 2508 3576 2556 et

1988 2590 2105 2645 avis
2130 2590 2307 2647 instar
2342 2590 2397 2646 in
2426 2592 2707 2660 laqueum,
2769 2593 3142 2665 incendioque
3205 2594 3574 2649 immunditiei

1992 2695 2155 2751 quam
2185 2682 2426 2737 maxime
2456 2689 2829 2767 tempestuoso
2866 2694 3129 2742 exaestuo.

2002 2838 2005 2841 γ
2056 2857 2192 2924 Quis
2224 2859 2410 2930 itaque
2439 2876 2537 2930 pro
2565 2876 2652 2918 me
2688 2863 2992 2919 beneﬁcum
3027 2865 3438 2936 humanumque
3468 2865 3574 2921 Do-

294 2922 388 2975 τὸν
414 2923 797 2997 φιλάνθρωπον
822 2927 996 2981 ἐλθεῖν
1016 2930 1097 2992 είς
1124 2928 1185 2983 τὸ
1211 2930 1478 3003 βοηθῆσαί
1508 2951 1621 3005 μοι,
1654 2936 1746 2988 καὶ
1778 2935 1878 3006 τῆς

1985 2947 2194 3003 minum
2220 2949 2628 3020 deprecabitur,
2663 2964 2723 3007 ut
2754 2954 2808 3008 in
2836 2956 3098 3010 auxilium
3120 2972 3296 3011 meum
3324 2958 3571 3023 accedat,

292 3016 482 3086 χειρὸς
529 3016 634 3086 τῆς
678 3017 818 3089 ἐμῆς
891 3020 1228 3091 ἐφάψασθαι,
1280 3023 1471 3097 ὥσπερ
1521 3027 1655 3081 ποτὲ
1704 3027 1878 3099 ἥψατο

1985 3016 2318 3114 manumque
2340 3060 2514 3101 meam
2542 3016 2750 3117 tangat,
2773 3049 3253 3117 quemadmodum,
3276 3049 3573 3119 aliquando

291 3108 395 3179 τῆς
436 3108 706 3183 πενθερᾶς
735 3112 828 3165 τοῦ
861 3113 1069 3186 Πέτρου
1092 3158 1106 3181 ,
1155 3116 1243 3171 ἴνα
1281 3118 1494 3191 ἀπέλθῃ
1530 3120 1627 3174 ἀπ’
1662 3121 1798 3193 ἐμοῦ
1852 3122 1878 3174 ὀ

1985 3130 2133 3188 Petri
2161 3108 2380 3187 socrum
2415 3135 2594 3203 tetigit
2616 3108 2684 3201 εἴ,
2707 3144 2765 3190 ut
2792 3108 3016 3192 recedat
3039 3153 3068 3191 a
3091 3154 3174 3192 me
3205 3108 3569 3209 perturbatio,

293 3200 630 3270 πειρασμὸς,
668 3202 753 3255 ἵνα
801 3205 1104 3280 καταλείψῃ
1138 3225 1205 3278 με
1237 3210 1266 3262 ὀ
1304 3208 1599 3280 πυρπολῶν
1641 3230 1707 3283 με
1745 3212 1878 3283 ἔρως

1987 3234 2069 3289 ut,
2102 3241 2225 3294 quae
2249 3241 2334 3280 me
2360 3226 2567 3296 perurit
2602 3239 2753 3281 atrox
2780 3227 2978 3298 cupido
3006 3230 3453 3299 exsecrandaque
3476 3231 3570 3284 de-

295 3291 326 3343 ὀ
347 3291 525 3354 δεινὸς
547 3291 644 3345 καὶ
662 3291 935 3365 βδελυρὸς,
969 3298 1066 3349 καὶ
1120 3298 1324 3369 ίσχύσω
1344 3301 1519 3366 οὕτως
1539 3301 1878 3375 διεγερθῆναι

1986 3291 2154 3382 serat,
2196 3291 2387 3385 sicque
2415 3318 2559 3386 potis
2591 3317 2713 3371 liam
2739 3359 2753 3384 ,
2799 3291 3118 3388 exciterque
3147 3319 3231 3371 ad
3278 3291 3569 3375 continen-

298 3382 432 3453 πρὸς
471 3383 850 3456 σωφροσύνην,
884 3387 981 3439 καὶ
1022 3388 1289 3444 διακονεῖν
1319 3390 1398 3462 τῷ
1455 3392 1571 3463 ἰδίῳ
1601 3393 1792 3465 Κυρίῳ
1826 3396 1878 3448 ἐν

1986 3406 2138 3471 tiam,
2179 3409 2515 3477 proprioque
2540 3407 2770 3464 Domino
2803 3409 2861 3463 in
2892 3410 3252 3479 temperantia
3296 3410 3570 3465 serviam?

293 3472 681 3544 νηφαλιότητις
735 3475 877 3529 Ἀλλ’
924 3476 1013 3531 ἵνα
1086 3479 1185 3551 μὴ’
1232 3480 1404 3534 πολλά
1458 3485 1657 3554 γράφω
1725 3485 1878 3553 νυνὶ,

294 3564 603 3635 παρακαλῶ
660 3582 760 3632 σε,
811 3567 1022 3639 ἀγαθῆς
1079 3569 1235 3643 ῥίζης
1306 3572 1510 3641 ἀγαθὸν
1564 3574 1880 3646 ὑπάρχοντα

289 3657 617 3731 βλάστημα,
679 3662 949 3732 φυλάττου
1016 3668 1111 3722 καὶ
1152 3670 1567 3740 προφυλάττου,
1634 3673 1734 3743 ὅση
1788 3673 1882 3726 δύ-

292 3768 463 3822 ναμις
486 3789 504 3815 ,
560 3752 745 3808 τοῦτον
791 3755 883 3809 τὸν
926 3763 1255 3831 μαστρωπόν
1318 3748 1414 3823 καλ⁴
1484 3765 1715 3834 πονηρὸν
1766 3766 1881 3819 δαί-

298 3860 465 3915 μονα,
508 3844 766 3901 ἐκκλίνων
815 3849 916 3921 τὴν
972 3853 1260 3923 συντυχίαν
1307 3854 1400 3908 τοῦ
1456 3856 1875 3928 Διονυσοδώρου,

289 3935 389 3990 καὶ
428 3935 567 4003 μήτε
613 3939 986 4009 συνεορτάζων
1032 3942 1200 4014 αύτῷ,
1238 3945 1375 4015 μήτε
1413 3946 1493 4025 εείς
1538 3948 1877 4019 πανηγύρεις

289 4025 598 4093 συναπιὼν,
636 4030 777 4099 μήτε
821 4032 1138 4097 συνεσθίων,
1186 4036 1326 4105 μήτε
1386 4038 1670 4108 συμπίνων
1701 4039 1872 4110 αὐτῷ,

291 4116 432 4186 μηδὲ
456 4118 833 4190 συνδιατρίψαι
861 4122 1054 4192 τούτῳ,
1078 4126 1182 4178 κᾶν
1206 4128 1342 4198 πρὸς
1363 4127 1537 4199 βραχὺ
1567 4130 1873 4186 συνοδεύειν

288 4204 638 4275 αἱρούμενος.
676 4208 738 4262 Εἰ
768 4211 824 4263 δέ
862 4230 964 4265 που
1002 4214 1214 4286 ἀνάγκη
1251 4219 1459 4293 γένοιτο
1490 4224 1770 4291 συντυχεῖν
1796 4222 1872 4294 τῷ

288 4296 542 4366 τοιούτῳ,
573 4300 647 4370 μὴ
689 4300 852 4370 βλέπε
894 4303 1081 4358 τοῦτον
1118 4307 1473 4378 τρανῶς,.ἱ’να
1521 4312 1597 4383 μὴ
1640 4312 1728 4366 διὰ
1761 4312 1871 4368 τῶν

286 4384 527 4454 θυρίδων
555 4407 671 4455 σου,
696 4394 941 4448 τουτέστι
967 4396 1074 4449 τῶν
1113 4399 1408 4470 ὀφθαλμῶν
1444 4418 1560 4467 σου,
1587 4402 1661 4466 ὥς
1708 4421 1873 4475 φησιν

1983 3496 2113 3561 Sed,
2156 3513 2224 3552 ne
2251 3499 2439 3554 multis
2489 3507 2543 3553 te
2588 3499 2640 3553 in
2676 3500 2969 3570 prmsentia
3019 3501 3271 3568 obruam,
3320 3502 3480 3556 enixe
3515 3510 3569 3555 te

1982 3603 2137 3659 rogo,
2194 3589 2288 3658 qui
2341 3589 2497 3643 bona:
2550 3590 2752 3645 radicis
2794 3590 2996 3645 bonum
3032 3607 3255 3661 germen
3297 3594 3561 3664 erumpis,

1980 3692 2113 3731 cave
2144 3679 2264 3744 tibi,
2303 3693 2367 3731 ac
2398 3687 2596 3733 cautus
2627 3678 2891 3748 praecave,
2924 3692 3189 3750 quantum
3218 3683 3336 3738 fieri
3363 3693 3565 3752 potest.

1980 3784 2011 3823 a
2065 3769 2222 3823 leone
2273 3771 2400 3836 isto,
2454 3770 2819 3840 improboque
2866 3774 3148 3840 daemone,
3203 3774 3566 3846 Dionysodori

1980 3859 2463 3924 consuetudinem,
2487 3868 2542 3916 et
2566 3861 2893 3917 commercia
2927 3864 3124 3928 vitans,
3160 3881 3267 3921 non
3304 3867 3567 3920 solemni-

1980 3958 2123 4005 tates
2154 3965 2278 4005 cum
2315 3964 2383 4004 eo
2435 3949 2760 4018 celebrans,
2808 3965 2985 4020 neque
3024 3966 3132 4004 una
3176 3966 3299 4006 cum
3340 3967 3404 4007 eo
3444 3952 3565 4007 dies

1978 4043 2146 4099 festos
2176 4051 2233 4097 et
2259 4041 2417 4097 ludos
2446 4041 2695 4112 publicos
2720 4040 3098 4112 frequentans,
3127 4057 3236 4098 non
3263 4060 3369 4099 una
3401 4044 3564 4100 simul

1975 4134 2167 4199 edens,
2201 4148 2380 4202 neque
2408 4132 2625 4195 bibens,
2665 4147 2844 4200 neque
2892 4147 3263 4198 commorans,
3300 4142 3356 4188 et
3390 4134 3436 4189 si
3470 4149 3566 4203 per

1976 4224 2239 4291 temporis
2292 4221 2641 4276 intervallum
2683 4220 2848 4277 simul
2903 4223 3009 4278 iter
3056 4238 3221 4295 agere
3275 4224 3330 4278 in
3381 4225 3564 4279 animo

1976 4313 2169 4370 fuerit.
2200 4312 2357 4379 Quod
2389 4313 2434 4368 si
2476 4313 2774 4383 aliquando
2807 4320 3025 4384 tempus
3051 4323 3104 4371 et
3128 4317 3435 4371 necessitas
3474 4315 3566 4369 ﬂa-

1974 4407 2130 4477 gitat,
2158 4416 2219 4462 ut
2257 4422 2381 4461 eum
2416 4408 2713 4462 convenias
2737 4445 2753 4469 ,
2798 4422 2869 4462 ne
2908 4414 3058 4463 recta
3096 4423 3222 4464 eum
3274 4410 3563 4473 intuearis,

295 4478 325 4529 ὁ
351 4482 664 4551 προφήτης,
688 4482 861 4555 ἀναδῇ
889 4486 980 4538 ἐπὶ
1006 4486 1103 4558 τὴν
1131 4490 1308 4560 ψυχήν
1342 4508 1434 4545 σου
1463 4493 1492 4545 ὀ
1522 4492 1749 4559 θάνατος
1777 4496 1877 4565 τῆς

1981 4516 2053 4555 ne
2081 4515 2177 4570 per
2212 4497 2357 4553 fores
2380 4507 2525 4562 tuas,
2550 4497 2744 4552 oculos
2773 4498 2986 4553 scilicet
3016 4508 3163 4561 tuos,
3196 4507 3255 4551 ut
3297 4498 3563 4567 prepbeta

286 4571 601 4640 ἁμαρτίας·
642 4573 780 4627 ἀλλά
833 4578 995 4661 κάτω,
1028 4579 1249 4648 θεωρῶν
1302 4583 1382 4647 εἰς
1430 4580 1721 4655 τοῦδαφος,
1758 4584 1876 4657 βλο-

290 4660 449 4732 συρῷ
490 4662 569 4730 τῷ
616 4663 825 4735 ὄμματι
872 4670 965 4723 καὶ
992 4660 1274 4743 αὐστηρῷ
1320 4672 1397 4743 τῷ
1448 4676 1726 4749 προσώπῳ
1762 4678 1861 4740 τὰς

288 4754 621 4823 ἀποκρίσεις
666 4757 832 4823 δίδου,
865 4760 941 4831 μὴ
998 4762 1432 4836 καταδεχόμενος
1474 4768 1802 4837 συγγελάσαι
1840 4769 1874 4842 ἢ

290 4842 695 4899 συνλούσασθαι
741 4845 934 4920 τούτῳ.
991 4852 1112 4923 Χρὴ
1156 4853 1269 4926 γὰρ
1324 4856 1874 4929 προκαταλαμϐάνειν

282 4937 442 5008 ἡμᾶς
482 4937 552 4989 τά
582 4936 914 5009 ὀχυρώματα
972 4942 1070 4996 κα)⁸
1108 4944 1177 4998 τὰ
1229 4946 1602 5017 μηχανήματα
1639 4948 1734 5001 τοῦ
1781 4949 1875 5017 ῥυ-

283 5022 473 5093 παροῦ
509 5024 710 5093 ὄφεως,
757 5029 893 5099 πρὶν
922 5031 1071 5102 ήμᾶς
1111 5032 1272 5099 αὐτὸς
1327 5034 1719 5106 προκαταλάόῃ
1756 5038 1875 5101 ταῖς

281 5115 564 5180 ποικίλαις
592 5119 857 5189 σαγήναις
892 5123 986 5176 καὶ
1016 5126 1129 5187 τοῖς
1154 5124 1369 5197 βρόχοις
1397 5126 1485 5180 διὰ
1506 5128 1605 5199 τῆς
1628 5126 1868 5194 ἐφέσεως

285 5204 393 5259 τοῦ
428 5208 721 5277 εἰρημένου
754 5211 964 5275 παιδός.
998 5215 1121 5267 Οὐκ·
1157 5215 1366 5282 ἀγαθὰς
1414 5216 1523 5288 γὰρ
1563 5217 1752 5288 φήμας
1784 5200 1878 5271 xe-

282 5311 487 5366 κτηται
510 5300 538 5350 ὀ
562 5299 772 5369 λεχθεὶς
799 5303 1037 5368 νεανίας,
1053 5306 1147 5358 καὶ
1182 5306 1302 5360 δέον
1327 5307 1743 5379 ἀποδιδράσκειν
1769 5308 1871 5373 τὰς

278 5388 587 5457 ὑπολήψεις
612 5392 801 5447 αὑτοῦ.
819 5394 1037 5466 Ἐπειδὴ
1062 5391 1158 5457 γοῦν
1181 5398 1305 5467 ῥίζα
1334 5399 1431 5469 τῆς
1448 5398 1587 5452 κατὰ
1617 5399 1677 5454 τὸ
1706 5400 1866 5470 σῶμα

278 5478 545 5549 πράξεως
574 5484 832 5553 τυγχάνει
858 5489 891 5557 ή
921 5488 1252 5560 φιλόσαρκος
1306 5488 1524 5562 γνώμη,
1573 5491 1870 5563 πρόρριζον

1984 4591 2249 4661 loquitur,
2280 4591 2333 4644 in
2372 4589 2611 4644 animam
2645 4597 2794 4642 tuam
2827 4589 3215 4658 peccati'mors
3240 4588 3474 4641 introeat
3492 4587 3561 4654 3";

1984 4684 2079 4741 sed
2127 4684 2183 4737 in
2242 4691 2443 4737 terram
2497 4682 2747 4737 obtutum
2804 4680 3016 4736 inferne
3071 4681 3340 4752 dirigens,
3381 4679 3558 4733 torvis

1982 4772 2161 4830 oculis
2187 4787 2253 4828 ac
2294 4771 2521 4828 horrido
2552 4779 2777 4841 aspectu
2828 4786 3092 4840 responsa
3127 4771 3333 4835 redde;
3384 4771 3559 4824 risum

1981 4876 2352 4926 communem,
2381 4869 2436 4917 et
2469 4860 2782 4915 communia
2815 4860 3033 4914 lavacra
3066 4866 3376 4913 contemne.
3409 4857 3561 4927 Opus

1978 4953 2180 5009 etenim
2205 4959 2313 5018 est,
2364 4958 2426 5005 ut
2473 4966 2574 5007 nos
2614 4952 2956 5005 munimenta
2992 4951 3152 5019 202
3183 4964 3246 5004 ac
3275 4949 3561 5006 machinas

1978 5040 2247 5095 immundi
2297 5041 2573 5110 serpentis
2620 5056 3089 5111 prmoccupemus,
3145 5050 3435 5111 antequam
3488 5041 3559 5095 ab

1980 5132 2103 5200 ipso
2124 5130 2333 5186 retibus
2356 5131 2526 5185 variis
2552 5140 2716 5200 atque
2745 5132 2955 5197 laqueis
2983 5132 3205 5201 perjam
3239 5132 3372 5185 dicti
3406 5133 3555 5201 pueri

1980 5222 2313 5278 desiderium
2352 5221 2692 5275 irretiamur.
2744 5222 3081 5276 Adolescens
3126 5223 3396 5293 siquidem
3456 5223 3560 5278 iste

1982 5315 2099 5370 suis
2130 5314 2357 5384 ﬂagitiis
2384 5313 2627 5369 famosus
2650 5320 2733 5368 est
2759 5328 2774 5366 :
2803 5313 3033 5383 ideoque
3056 5315 3561 5385 suspiciones,quze

1976 5407 2103 5462 inde
2133 5405 2339 5461 exoriri
2400 5413 2654 5475 possunt,
2701 5419 2895 5460 omnes
2945 5405 3374 5461 intereludenda:
3406 5414 3557 5459 sunt.

1974 5497 2111 5553 Cum
2142 5497 2328 5567 itaque
2352 5496 2507 5552 radix
2533 5496 2932 5567 actionis,quze
2960 5497 3017 5551 in
3047 5511 3277 5567 corpore
3307 5497 3387 5560 lit,
3411 5498 3560 5568 cogi-
3584 5492 3589 5495 ’

362 5624 409 5656 ⁷³
434 5623 580 5707 εδει.
613 5641 781 5707 cxvii,
808 5626 920 5707 12L
959 5632 1019 5707 _“
1045 5631 1188 5687 Psal.
1211 5650 1428 5707 _x_xxvn,
1458 5637 1512 5694 8.
1589 5637 1633 5669 "
1674 5636 1807 5692 Ibid.
1840 5636 1897 5691 7.
1968 5636 2013 5670 ⁸⁸
2048 5634 2193 5694 Psal.
2228 5650 2340 5707 ut.
2374 5636 2426 5691 7.
2503 5637 2548 5669 ⁸³
2578 5634 2721 5696 Psal.
2764 5650 2948 5700 xxxrx,
2979 5634 3070 5693 l3.
3144 5634 3189 5668 “
3220 5634 3410 5690 Matth.
3441 5648 3562 5698 vni,

294 5693 402 5757 H;
441 5695 604 5753 Marc.
637 5713 676 5761 ι,
712 5699 803 5753 51.
878 5698 921 5729 ⁸⁸
952 5699 1061 5756 Jer.
1103 5720 1176 5766 ιι,
1203 5704 1288 5758 Ἦ.
