4012 6196
311 198 423 261 ἳ85

1544 200 2077 265 EPISTOLARUM
2116 207 2262 269 LIB.
2301 212 2385 272 II.

3442 221 3575 291 ,986

284 308 571 369 εἰσελθὼν
593 310 652 364 ὲν
685 307 897 372 αὐταῖς.
936 327 956 361 t
997 306 1495 383 Ἐξομολογήσομαί
1537 329 1640 376 σοι,
1670 313 1754 365 ὅτι
1789 314 1890 366 ἑπ-

2009 334 2102 372 .etn
2154 321 2224 375 ".
2290 321 2455 394 m
2508 322 2840 381 Benedictus
2900 324 3069 392 Deus,
3108 328 3203 399 qui
3238 344 3347 386 non
3372 335 3576 389 amovit

316 404 565 478 ήκουσάς
628 420 757 475 μου,
794 402 890 455 καλ⁵
922 400 1109 469 ἐγένου
1161 419 1255 471 μοι
1308 402 1387 466 ei;
1434 404 1730 475 σωτηρίαν.
1787 406 1894 458 EO-

303 500 538 571 λυγητὸς
593 499 622 551 ό
670 495 825 558 Θεὸς,
862 493 919 559 ὃς
966 496 1069 548 οὐκ
1116 494 1391 564 ἀπέστησε
1428 496 1527 568 τὴν
1588 498 1892 569 προσευχήν

309 606 441 655 που,
470 587 565 643 καὶ
591 588 651 640 τὸ
683 586 832 648 ἔλεος
862 585 1028 639 αὑτοῦ
1061 587 1156 639 ἀπ’
1189 585 1343 656 ἐμοῦ.
1377 606 1397 639 ι

512 679 687 732 ΡΞΗ¹.
716 706 785 718 -
818 676 1171 749 ΠΕΡΓΑΜΙῼ
1207 677 1687 754 ΔΕΚΕΜΠΡΙΜῼ.

380 771 474 841 Μὴ
509 770 727 840 μέμφου
778 769 868 823 τὸν
903 769 1038 823 Θεὸν
1084 769 1174 822 τὸν
1218 770 1324 824 τῶν
1373 773 1552 842 μελῶν
1588 772 1894 843 σοφώτατον

311 863 563 932 ποιητὴν,
608 860 745 914 ἀλλά
777 861 875 930 τὴν
910 859 1110 914 σαυτοῦ
1142 860 1606 935 φιλαμαρτήμονα
1646 867 1892 938 γνώμην.

313 954 481 1007 Οὐδὲν
507 952 615 1022 γάρ
649 952 855 1021 φαῦλόν
875 952 1023 1005 ἔστιν
1061 953 1126 1004 ἐκ
1158 952 1375 1007 πάντων
1397 954 1504 1006 τῶν
1537 955 1897 1027 ἀνθρωπίνων

316 1045 513 1114 μελῶν,
545 1045 667 1098 οὐδὲ
711 1042 1183 1112 κατεγνωσμένον.
1228 1044 1336 1097 Καὶ
1378 1045 1485 1118 γὰρ
1523 1046 1551 1098 ό
1592 1050 1892 1119 προπάτωρ

312 1137 471 1207 ἡμῶν
508 1135 683 1206 ’Δδάμ
724 1136 820 1189 σὺν
873 1137 940 1205 τῇ
982 1134 1098 1207 Εὕα
1146 1135 1205 1201 ἐξ
1255 1137 1428 1206 ἀρχῆς
1474 1137 1533 1189 ὲν
1579 1137 1893 1209 παραδείσῳ

315 1224 680 1294 ὑπάρχοντες,
713 1224 891 1278 ταῦτα
918 1219 1066 1295 εἶχον
1104 1225 1173 1278 τά
1209 1225 1346 1296 μέλη
1377 1224 1470 1279 τοῦ
1506 1226 1776 1297 σώματος,
1799 1229 1894 1282 καὶ⁸

314 1315 567 1385 οὐδαμῶς
619 1314 919 1385 ἀπόϐλητοι
964 1316 1052 1371 διά
1097 1316 1166 1370 τά
1212 1318 1350 1389 μέλη
1389 1319 1712 1388 γεγόνασιν,
1758 1320 1897 1375 ἀλλά

316 1404 407 1459 διά
435 1405 533 1475 τὴν
580 1404 896 1475 παράϐασιν
940 1406 1040 1478 τῆς
1084 1406 1179 1461 τοῦ
1223 1407 1357 1462 Θεοῦ
1411 1408 1650 1481 ἐντολῆς.
1687 1410 1893 1465 Οὐκοῦν

322 1498 400 1568 μὴ
431 1496 501 1551 τά
533 1497 664 1569 μέλη
691 1496 935 1569 μέμφου,
973 1498 1113 1553 ἀλλά
1142 1498 1241 1571 τὴν
1273 1500 1610 1571 προαίρεσιν.

835 1590 977 1644 ΡΞΘ’
996 1620 1068 1632 -
1100 1591 1184 1657 Τῷ
1206 1589 1387 1656 αὐτῷ.

2001 410 2306 467 orationem
2330 427 2529 479 meam,
2564 423 2620 471 et
2647 416 3078 473 misericordiam
3106 435 3265 475 suam
3287 437 3317 476 a
3338 438 3426 479 me
3450 424 3516 479 ".
3551 443 3575 476 ι

2140 672 2421 731 CLXVIII.
2454 709 2526 721 —
2549 676 2908 735 PERGAMIO
2958 679 3435 740 DECEMPRIMO.

2071 764 2148 821 Ne
2175 768 2427 836 queraris
2463 769 2532 825 de
2561 769 2692 836 Deo,
2725 772 3093 827 membrorum
3127 776 3324 844 opiﬁce
3358 777 3579 845 sapien-

2001 858 2239 925 tissimo,
2265 859 2360 914 sed
2392 859 2460 914 de
2494 867 2586 914 tua
2618 868 2800 917 mente
2825 863 2880 917 in
2914 874 3135 933 peccata
3159 867 3385 934 proclivi
3415 877 3580 937 atque

2000 946 2213 1003 affecta.
2240 949 2461 1004 Nullum
2488 953 2634 1006 enim
2669 968 2733 1008 ex
2756 955 3011 1010 omnibus
3037 957 3278 1012 hominis
3317 958 3581 1013 membris

1980 1052 2251 1107 pravum,
2292 1056 2471 1111 neque
2506 1042 2932 1100 condemnatum
2983 1055 3088 1102 est.
3140 1045 3206 1100 Et
3258 1049 3582 1118 progenitor

2000 1139 2192 1186 noster
2218 1132 2390 1188 Adam
2424 1150 2531 1190 una
2558 1152 2681 1191 cum
2712 1136 2823 1190 Eva
2850 1153 2881 1191 a
2918 1138 3195 1209 principio
3226 1139 3279 1193 in
3324 1140 3583 1209 paradiso

2000 1238 2126 1278 cum
2178 1232 2384 1290 essent,
2438 1225 2553 1279 haec
2603 1228 2854 1297 corporis
2909 1229 3151 1284 membra
3201 1231 3580 1299 possidebant,

2002 1316 2265 1386 nulloque
2288 1316 2450 1372 modo
2475 1317 2848 1373 membrorum
2876 1333 3041 1374 causa
3063 1362 3079 1386 ,
3121 1320 3216 1377 sed
3244 1322 3388 1388 quod
3440 1338 3581 1392 pus:-

2001 1410 2221 1473 ceptum
2252 1404 2501 1458 divinum
2535 1405 2868 1476 transgressi
2903 1406 3149 1472 fuerunt,
3203 1409 3395 1478 rejecti
3426 1416 3580 1466 sunt.

2000 1490 2120 1549 Non
2156 1493 2343 1565 itaque
2381 1495 2649 1560 membra,
2693 1496 2789 1551 sed
2818 1496 3141 1552 electionem
3178 1513 3403 1554 accusa.

2462 1630 2465 1633 ν
2506 1584 2739 1642 CLXIX.
2769 1617 2842 1627 —
2879 1586 3085 1642 Eidem.

396 1681 460 1734 Et
491 1681 579 1735 τὸν
608 1680 768 1734 Δαυῖδ
800 1681 1080 1753 διασύρεις
1125 1682 1257 1737 δέκα
1302 1685 1574 1754 ἐσχηκότα
1615 1687 1895 1753 γυναῖκας,

2067 1672 2131 1731 Si
2163 1672 2423 1730 Davidem
2461 1676 2514 1729 in
2546 1676 2755 1731 crimen
2779 1691 2965 1742 vocas,
2994 1678 3137 1747 quod
3168 1677 3356 1734 decem
3380 1693 3581 1734 uxores

321 1774 576 1841 γίνωσκε,
625 1774 708 1828 ὅτι
769 1775 833 1827 ού
871 1774 959 1828 διὰ
1008 1774 1348 1845 φιληδονίαν,
1382 1777 1518 1831 ἀλλά
1566 1777 1655 1832 διὰ
1710 1778 1896 1832 παιδο-

321 1864 504 1918 ποιίαν
531 1861 680 1935 εἶχεν
732 1866 922 1929 αὐτάς.
966 1867 1076 1921 Καὶ
1119 1867 1290 1933 ἔδειξε
1323 1885 1386 1937 γε
1441 1868 1598 1923 τοῦτο
1652 1870 1791 1940 μετά
1836 1870 1897 1924 τὸ

324 1956 554 2025 μιγῆναι
598 1957 830 2020 ταύταις
858 1958 950 2010 τὸν
986 1958 1325 2028 πατραλοίαν
1367 1959 1746 2031 Ἀϐεσσαλὼμ,
1787 1979 1893 2032 μη-

320 2047 439 2099 κέτι
483 2047 751 2101 εἰσελθεῖν
811 2049 949 2120 πρὸς
1010 2050 1181 2114 αὑτάς
1245 2050 1539 2122 ἐλόμενος,
1582 2054 1719 2125 μηδὲ
1762 2055 1899 2126 πρὸς

321 2138 488 2208 ἀλλην
516 2140 660 2192 τινά.
688 2140 781 2203 Εἰς
814 2138 1039 2212 ὕστερον
1063 2142 1120 2195 δὲ
1148 2145 1604 2216 συγκοιμωμένης
1626 2146 1774 2217 αύτῷ
1802 2148 1900 2216 τῆς

322 2229 711 2299 Σιομανίτιδος,
750 2231 838 2284 διά
878 2233 939 2285 τὸ
971 2233 1110 2302 ἀγαν
1162 2234 1504 2306 κατεψῦχθαι
1553 2237 1750 2304 αὐτὸν,
1807 2239 1902 2291 καὶ

322 2319 549 2390 χρῄζειν
608 2321 979 2393 θερμότητος,
1043 2323 1276 2388 ούδόλως
1328 2325 1653 2390 κατεδέξατο
1700 2327 1903 2395 γνῶναι

321 2412 515 2482 αὐτὴν,
546 2414 684 2484 ὅπερ
711 2414 985 2485 μεγίστης
1012 2415 1281 2481 ἀπαθείας
1300 2417 1539 2488 ὑπάρχει
1575 2417 1795 2490 δεῖγμα.

640 2592 760 2646 PO’.
782 2622 854 2631 —
880 2592 1113 2664 ΕΛΕΝῌ
1152 2594 1594 2665 ΙΛΜΟΥΣΤΡΙᾼ.
1915 2596 1933 2631 ‘

387 2677 562 2751 Πιστὴ
592 2681 688 2751 μὲν
713 2681 889 2745 δοκεῖς
916 2682 1204 2754 ὑπάρχειν,
1239 2686 1353 2747 τοῖς
1381 2684 1426 2738 δ’
1452 2684 1709 2754 Ἕλλησιν
1741 2684 1908 2754 ἁμιλ-

317 2771 538 2835 λᾶσθαι,
578 2772 667 2826 καὶ
699 2776 811 2836 τοῖς
833 2774 1087 2837 ἀπίστοις
1129 2773 1503 2845 ἐξομοιοῦσθαι
1562 2777 1906 2842 σπουδάζεις.

320 2864 383 2918 Ei
428 2864 535 2935 γὰρ
572 2865 847 2929 πιστεύεις
893 2867 1276 2936 ἀναμφιϐόλως
1336 2867 1633 2923 ἀνάστασιν
1684 2869 1909 2926 ἔσεσθαι

318 2957 542 3010 πάντων
568 2955 675 3009 τῶν
695 2956 1030 3027 τεθνηκότων
1049 2957 1187 3027 μετά
1207 2957 1305 3029 τὴν
1326 2959 1637 3013 συντέλειαν
1676 2959 1770 3013 τοῦ
1796 2976 1874 3014 πα
1887 2985 1906 3002 ~

1998 1765 2104 1822 sibi
2132 1765 2468 1835 adjunxerit,
2499 1769 2641 1824 scito
2667 1784 2792 1825 eum
2819 1784 2928 1824 non
2961 1770 3288 1839 voluptatis,
3326 1777 3419 1826 sed
3454 1786 3581 1839 pro-

1997 1858 2358 1914 creandorum
2386 1860 2621 1914 ﬁliorum
2644 1875 2829 1915 amore
2849 1876 2948 1916 eas
2976 1861 3220 1916 duxisse.
3257 1860 3580 1931 Indicioque

1999 1952 2050 2005 id
2082 1950 2279 2019 fuerit;
2313 1967 2437 2007 nam
2481 1960 2772 2022 postquam
2803 1968 2928 2008 eum
2960 1953 3074 2009 illis
3102 1951 3375 2022 parricida
3404 1952 3586 2007 Absa-

1999 2043 2089 2097 lon
2118 2045 2441 2108 consuevit,
2490 2058 2668 2115 neque
2697 2043 2763 2097 ad
2799 2057 2917 2111 eas,
2959 2059 3137 2114 neque
3187 2042 3255 2097 ad
3300 2044 3459 2097 aliam
3490 2042 3579 2096 in-

2000 2133 2172 2190 troire
2204 2134 2402 2188 voluit.
2433 2133 2675 2190 Tandem
2700 2149 2822 2189 cum
2843 2150 2951 2189 una
2972 2150 3095 2189 cum
3118 2150 3205 2197 eo,
3232 2135 3379 2204 quod
3416 2134 3581 2189 nimis

2004 2226 2189 2295 rigens
2235 2225 2608 2295 perfrixisset,
2651 2234 2705 2280 et
2736 2226 2919 2281 calido
2951 2226 3243 2296 indigeret,
3282 2224 3580 2279 Somanitis

2004 2315 2475 2383 obdormisceret,
2528 2333 2760 2388 prorsus
2814 2334 2933 2373 eam
2974 2333 3309 2388 cognoscere
3353 2316 3579 2371 noluit:

2004 2408 2155 2478 quod
2184 2409 2253 2463 ab
2279 2410 2427 2464 omni
2448 2410 3181 2480 perturbationeimmunem
3206 2409 3381 2466 fuisse
3410 2408 3585 2464 maxi-

2005 2514 2094 2556 me
2121 2500 2422 2555 convincit.

2283 2589 2492 2650 CLXX.
2514 2620 2586 2633 —-
2612 2591 2913 2646 IIELENIE
2951 2591 3297 2646 ILLUSTBI.

2077 2681 2229 2738 Fidei
2266 2691 2472 2743 nostra:
2516 2684 2732 2740 addicta
2765 2700 2847 2747 es.
2882 2691 2941 2739 ut
2982 2684 3229 2749 videris;
3257 2697 3382 2738 cum
3412 2682 3591 2753 genti-

2007 2774 2112 2833 bus
2144 2783 2326 2831 tamen
2362 2775 2633 2843 decenas,
2656 2778 2992 2847 conarisque
3026 2776 3159 2831 totis
3184 2776 3396 2831 viribus
3426 2773 3589 2844 205

2010 2866 2352 2924 consimilem
2386 2867 2494 2923 illis
2523 2868 2714 2923 ludum
2750 2867 2961 2923 ludere.
3029 2867 3243 2923 Etenim
3271 2868 3319 2922 si
3358 2866 3592 2922 ﬁrmiter

2011 2965 2188 3024 tenes,
2235 2963 2360 3028 post
2397 2958 2689 3028 praesentis
2732 2958 2833 3013 aevi
2875 2957 3353 3027 consumptionem
3389 2956 3590 3012 defun-

323 3044 508 3113 ρόντος
548 3043 759 3108 αἰῶνος,
805 3045 856 3098 τί
884 3047 1099 3109 πενθεῖς
1148 3047 1243 3101 καὶ
1284 3048 1649 3112 κατακόπτεις
1705 3049 1905 3121 σαυτὴν

2010 3026 2520 3105 ctoriam—omnium
2548 3050 3016 3106 resurrectionem
3072 3026 3410 3113 adfuturam,
3457 3048 3589 3119 quid

319 3135 626 3199 ἀπαύστως
653 3137 744 3190 καὶ
777 3138 1245 3211 ἀπαρηγορήτωςς
1277 3140 1396 3194 Κᾶν
1429 3139 1537 3212 γάρ
1580 3141 1905 3212 κεκοίμηται

318 3227 346 3280 ἑ
379 3225 659 3295 βέλτιστος
691 3227 805 3289 υἱός
829 3245 921 3281 σου
955 3228 1278 3299 Νικάρετος,
1310 3232 1603 3301 μονογενής
1624 3247 1705 3284 σοι
1734 3231 1906 3302 ὑπάρ-

319 3335 454 3391 χων,
481 3318 598 3373 ἀλλ’
632 3316 735 3373 οὖν
755 3336 820 3388 γε
860 3317 967 3392 ὄψῃ
985 3318 1171 3374 τοῦτον
1198 3322 1255 3374 ἐν
1285 3323 1350 3392 τῇ
1381 3320 1565 3393 ἡμέρᾳ
1607 3321 1789 3393 ἐκείνῃ
1814 3321 1907 3375 εύ-

320 3409 695 3483 πρεπέστερον
725 3411 901 3481 ἡλίου,
930 3412 1067 3482 μετά
1118 3411 1275 3482 δόξης
1318 3412 1557 3483 ἀρρήτου
1603 3412 1698 3467 καὶ
1739 3411 1909 3481 ἀγαλ-

319 3501 551 3565 λιάσεως
579 3501 657 3572 τῷ
688 3501 953 3573 βασιλικῷ
984 3502 1390 3573 παριστάμενον
1419 3501 1615 3573 θρόνῳ,
1649 3502 1746 3557 καὶ
1803 3500 1904 3567 τὰς

321 3593 463 3664 ὑπὲρ
502 3593 595 3645 σοῦ
640 3593 852 3656 ἱκεσίας
900 3593 1277 3665 προσφέροντα
1327 3591 1547 3664 Χριστῷ
1594 3592 1673 3663 τῷ
1721 3591 1910 3663 φιλαν-

320 3684 663 3756 θρωποτάτῳ
692 3684 913 3741 Βασιλεῖ
939 3683 1047 3737 τῶν
1075 3683 1307 3737 αἰώνων.
1328 3682 1441 3737 Καὶ
1468 3682 1590 3737 τότε
1632 3684 1699 3753 δὴ
1744 3701 1910 3738 σεαυ-

319 3776 433 3845 τὴν
466 3775 811 3845 μακαρίσεις,
840 3774 1120 3845 θεωροῦσα
1143 3775 1235 3829 τὸν
1274 3776 1340 3829 ἐκ
1392 3774 1492 3845 τῆς
1553 3773 1761 3837 κοιλίας
1810 3789 1907 3827 σου

323 3866 728 3937 γεγεννημένον
750 3866 865 3921 υῑδν
897 3868 983 3930 εἰς
1021 3865 1084 3919 τδ
1136 3865 1457 3937 ἐπουράνιον
1504 3862 1761 3918 παλάτιον
1810 3861 1908 3933 τὴν

318 3960 602 4030 διαγωγὴν
633 3958 846 4028 ἕχοντα,
871 3958 969 4011 καὶ
998 3957 1133 4028 πρὸς
1155 3957 1244 4013 τὸν
1272 3957 1405 4011 θεὸν
1426 3955 1517 4008 τὸν
1553 3955 1732 4009 πάντα
1753 3953 1908 4023 δεδη-

327 4050 709 4121 μιουργηκότα
757 4048 1291 4120 παρρησιαζόμενον,
1342 4045 1607 4118 ῥυσθέντα
1653 4044 1751 4116 μὲν
1813 4041 1907 4098 τοῦ

327 4142 541 4210 κόσμου
587 4142 681 4194 καὶ
719 4142 819 4211 τῆς
850 4140 1187 4195 πολυπλόκου
1211 4137 1487 4210 ἀμαρτίας
1523 4137 1620 4208 τῆς
1646 4138 1703 4190 ὲν
1734 4135 1909 4207 τούτῳ

330 4230 769 4303 πολιτευομένης,
798 4232 1070 4302 ἀχράντου
1100 4230 1156 4284 δὲ
1209 4230 1306 4284 καὶ
1344 4228 1675 4291 ἀπταίστου,
1714 4226 1909 4298 ἀμερί-

335 4339 475 4392 μνου
508 4338 565 4375 τε
610 4323 706 4377 καὶ
730 4323 1011 4393 ἀφθάρτου
1038 4322 1118 4386 είς
1160 4320 1333 4376 αἰῶνα
1363 4320 1510 4390 ζωῆς
1540 4318 1904 4412 ἀπολαύοντα.
1938 4357 1983 4412 D

330 4414 545 4468 Παῦσαι
580 4414 758 4469 τοίνυν
786 4414 990 4485 ταύτης
1013 4412 1113 4482 τῆς
1143 4411 1350 4482 ψεκτῆς
1385 4410 1767 4481 μικροψυχίας,
1813 4408 1907 4462 καὶ

260 4550 265 4555 ,
328 4506 442 4559 τῶν
457 4505 683 4573 ἀφάτων
715 4505 950 4579 θρήνων,
1002 4506 1176 4576 χαρὰν
1218 4503 1276 4557 δὲ
1327 4501 1602 4573 μακαρίαν
1650 4500 1931 4581 ἀνάλαϐε,

329 4598 430 4651 καὶ
459 4596 702 4667 χρηστάς
736 4596 1081 4667 προσδοκίας,
1103 4595 1197 4650 καὶ
1228 4592 1437 4663 ἀγαθάς
1466 4592 1703 4657 ἐλπίδας,
1729 4590 1815 4645 ἵνα
1837 4591 1912 4662 μὴ

331 4689 430 4742 καὶ
466 4688 557 4741 τὸν
593 4688 775 4751 καλῶς
802 4687 1105 4743 ἀπελθόντα
1134 4687 1249 4741 υίόν
1292 4702 1385 4739 σου
1418 4683 1494 4755 τῷ
1530 4682 1716 4736 πένθει
1766 4700 1912 4750 παρ-

334 4779 588 4850 οργίσης,
620 4779 713 4833 καὶ
741 4779 833 4834 τὸν
862 4779 1298 4850 προσλαϐόμενον
1339 4776 1498 4832 αὐτὸν
1542 4774 1908 4845 φιλοστόργως

337 4871 618 4941 Δεσπότην
677 4871 1054 4940 ἀγανακτῆσαι
1107 4869 1249 4924 κατά
1307 4868 1401 4922 σού
1462 4866 1904 4937 παρασκευάσῃς.

336 4961 663 5030 Μνημόνευε
715 4961 774 5016 δὲ
819 4960 912 5014 τοῦ
964 4961 1116 5029 ἀγίου
1186 4959 1505 5012 Ἀποστόλου
1560 4958 1861 5027 γράφοντος
1891 4972 1907 4987 '

344 5070 364 5104 ε
403 5051 475 5104 Ού
533 5051 671 5105 θέλω
726 5053 869 5122 ὑμᾶς
917 5050 1201 5105 λυπεῖσθαι
1237 5048 1366 5119 περὶ
1405 5048 1513 5101 τῶν
1536 5047 1910 5117 κοιμωμένων,

336 5140 531 5212 ὥσπερ
581 5142 874 5197 λυποῦνται
930 5140 1187 5211 Ἕλληνες
1248 5138 1324 5209 μὴ
1365 5137 1579 5209 ἔχοντες
1632 5134 1844 5190 ἐλπίδα.
1883 5154 1904 5188 ι

344 5252 367 5287 ε
410 5234 646 5288 Πάντοτε
668 5231 759 5288 οὖν
788 5234 1027 5305 χαίρετε.
1058 5232 1417 5294 ἀδιαλείπτως
1446 5228 1828 5299 προσεύχεσθε,
1857 5229 1916 5284 ἑν

338 5325 507 5379 παντὶ
525 5325 889 5398 εὐχαριστεῖτε
922 5345 935 5359 ·
982 5325 1140 5380 τοῦτο
1178 5325 1285 5396 γάρ
1314 5324 1430 5376 ἐστι
1457 5320 1521 5375 τὸ
1560 5319 1770 5390 θέλημα
1819 5318 1915 5373 τοῦ

339 5413 502 5468 Θεοῦ.
540 5433 560 5466 ι

2007 3140 2243 3207 indoles,
2279 3149 2441 3212 teque
2470 3143 2759 3211 metipsam
2799 3141 3178 3196 indesinenter
3216 3150 3271 3196 et
3326 3140 3589 3196 inconso-

2009 3232 2246 3288 labiliter
2275 3231 2568 3287 maceras?
2602 3232 2752 3288 Licet
2780 3232 2926 3288 enim
2961 3231 3207 3302 optimus
3240 3240 3391 3293 tuus,
3426 3238 3591 3300 atque

2008 3324 2421 3394 unigena-ﬁlius
2457 3324 2749 3381 Niearetus
2784 3322 3202 3387 obdormiverit,
3234 3334 3358 3374 eum
3378 3318 3582 3374 nihilo.

2014 3415 2198 3472 minus
2258 3428 2324 3468 eo
2362 3412 2450 3469 die
2494 3414 2610 3469 sole
2644 3414 2765 3483 ipso
2788 3412 3220 3484 praeclariorem.
3253 3426 3377 3465 cum
3412 3409 3588 3479 gloria

2007 3519 2129 3575 quas
2146 3504 2324 3560 verbis
2340 3504 2575 3574 exprimi
2602 3505 2826 3559 minime
2849 3511 3046 3573 potest,
3070 3513 3124 3558 et
3141 3501 3361 3572 gaudio,
3388 3501 3591 3555 throno

2007 3596 2157 3667 regio
2183 3602 2480 3659 astantem,
2527 3609 2829 3664 precesque
2880 3609 2981 3661 pro
3032 3600 3085 3648 te
3133 3593 3355 3647 Christo
3389 3592 3589 3644 huma-

2007 3686 2242 3742 nissimo
2283 3685 2417 3756 Regi
2457 3685 2787 3741 saeculorum
2839 3681 3208 3738 cﬁundentem
3260 3681 3587 3735 intueberis.

2007 3776 2165 3832 Tunc
2190 3776 2446 3847 equidem
2484 3775 2816 3829 fortunatam
2852 3783 2904 3829 te
2925 3775 3102 3839 dices,
3139 3773 3311 3827 ﬁlium
3339 3788 3369 3827 e
3395 3779 3603 3827 ventre

2006 3878 2103 3924 tuo
2129 3867 2475 3938 progenitum
2508 3864 2881 3936 conspiciens,
2914 3864 2968 3919 in
2996 3864 3208 3919 cmlesti
3243 3878 3590 3918 commoran-

2008 3971 2115 4015 tem
2149 3958 2380 4028 palatio,
2410 3971 2626 4026 unaque
2665 3971 2790 4011 cum
2824 3954 2937 4010 Deo
2968 3970 3155 4010 rerum
3197 3954 3442 4009 omnium
3477 3953 3590 4023 opi-

2009 4050 2110 4105 ﬁce
2143 4047 2487 4102 conﬁdenter
2520 4059 2807 4100 sermones
2848 4043 3266 4108 conferentem;
3299 4060 3329 4098 e
3360 4045 3585 4108 mundo,

2007 4140 2408 4211 multiplicique
2447 4147 2694 4208 peccato,
2727 4136 2876 4206 quod
2912 4136 2967 4189 in
2998 4149 3063 4191 eo
3101 4143 3207 4200 est,
3243 4136 3500 4199 liberum,
3534 4141 3589 4189 ct

2008 4233 2364 4301 incorruptae,
2386 4228 2730 4293 illabefactte,
2752 4242 2969 4282 necnon
2992 4226 3210 4281 curisct
3235 4228 3590 4295 corruptione

2009 4322 2272 4377 immunis
2306 4335 2408 4390 per
2440 4334 2605 4375 omne
2636 4332 2814 4373 aevum
2859 4317 2985 4371 vitae
3016 4317 3361 4387 participem.
3400 4316 3586 4369 Finem

2010 4415 2197 4484 itaque
2222 4428 2362 4483 pone
2382 4410 2733 4482 vituperabili
2766 4410 2936 4463 animi
2967 4410 3237 4479 angustiae
3264 4416 3318 4463 et
3348 4406 3592 4461 infandis

2008 4505 2296 4576 Iacrymis;
2328 4512 2383 4559 et
2417 4503 2639 4558 beatum
2687 4501 2972 4573 gaudium,
3015 4500 3189 4554 bonas
3217 4498 3588 4565 exspectatio--

2010 4612 2127 4662 nes,
2151 4596 2489 4665 probamque
2521 4609 2671 4664 spem
2699 4608 2943 4657 resume,
2976 4606 3046 4646 ne
3089 4590 3256 4644 ﬁlium
3285 4596 3461 4650 tuum,
3494 4586 3593 4654 qui

2011 4687 2357 4743 laudabiliter
2391 4702 2458 4742 ex
2481 4686 2583 4739 hac
2607 4685 2720 4741 vita
2756 4684 3021 4748 excessit,
3052 4682 3108 4735 in
3154 4682 3289 4733 iram
3314 4677 3586 4741 concites,

2010 4789 2065 4834 et
2090 4778 2279 4845 Deum,
2307 4776 2400 4847 qui
2434 4791 2557 4831 eum
2577 4783 2829 4829 amanter
2847 4772 3013 4828 nimis
3040 4770 3274 4838 excepit,
3307 4765 3589 4821 oﬁendcns

2014 4869 2162 4923 illius
2191 4871 2244 4922 in
2271 4875 2325 4924 te
2357 4867 2494 4921 iram
2527 4866 2759 4933 adigas;
2809 4876 3064 4932 sazpeque
3107 4861 3310 4914 dictum
3343 4857 3589 4926 Apostoli

2014 4956 2281 5012 memoria
2330 4956 2513 5012 recole
2547 4972 2560 5009 :
2603 4974 2621 5006 ι
2650 4954 2790 5009 ΝοΙο
2822 4969 2921 5009 vos
2972 4951 3182 5006 tr-istari
3230 4949 3295 5003 de
3333 4948 3587 5012 mortuis,

2016 5045 2475 5118 quemadmodum
2516 5048 2814 5102 tristantur
2862 5049 3075 5113 gentes,
3105 5056 3227 5111 quae
3275 5056 3424 5110 spem
3476 5054 3588 5096 non

2018 5137 2341 5195 babent".r
2366 5158 2384 5190 ι
2417 5138 2693 5196 Continuo
2730 5141 2914 5208 itaque
2940 5135 3191 5207 gaudete,
3218 5132 3590 5187 indesinenter

2018 5240 2195 5294 orate,
2231 5232 2284 5286 in
2309 5231 2567 5289 omnibus
2590 5232 2797 5303 gratias
2822 5232 2964 5302 agite
2996 5245 3011 5285 :
3050 5228 3166 5283 haec
3194 5234 3278 5281 est
3315 5224 3464 5279 enim
3500 5241 3593 5281 vo-

2020 5322 2201 5377 luntas
2231 5319 2324 5376 Dei
2352 5321 2418 5375 ".
2457 5340 2476 5374 ι

425 5574 471 5606 ”
514 5585 660 5645 Psal.
692 5596 859 5655 cxvii,
884 5586 974 5645 28.
1058 5575 1103 5610 ’³
1128 5585 1276 5645 Psal.
1314 5599 1439 5657 uv,
1476 5583 1567 5643 20.
1644 5584 1685 5619 “
1718 5584 1959 5642 l'I‘hess.
1990 5599 2063 5650 tv,
2100 5583 2181 5641 12.
2257 5583 2304 5618 "
2341 5581 2357 5637 I
2388 5579 2582 5640 Thess.
2618 5600 2670 5650 v,
2702 5582 2883 5640 Ili-I8.
