4012 6196
407 232 512 296 28¹1

486 452 505 485 ι
536 428 769 486 Mundus
799 427 1117 499 pertransit,
1137 432 1194 481 et
1212 425 1549 481 desiderium
1581 426 1657 489 “,
1691 444 1709 477 ι
1744 424 1986 480 Joannes

412 508 618 594 inquit,
651 521 721 577 ob
758 520 1054 589 puritatem
1075 559 1090 585 ,
1141 519 1293 574 lenes
1323 524 1753 587 mansuetosque
1804 530 1987 571 mores

406 613 537 669 Jesu
571 611 826 665 dilectus.
864 606 923 663 Si
968 609 1134 680 igitur
1175 608 1512 664 desiderium
1540 607 1872 677 pertransit,
1920 606 1986 660 fi-

406 717 529 757 nem
558 715 755 770 nempe
783 699 969 765 habet,
996 707 1050 755 et
1092 700 1316 763 occidit,
1350 713 1589 771 quanam
1622 699 1742 770 ipse
1772 700 1987 754 ratione

405 792 627 856 edoccs,
658 799 781 861 post
807 790 1017 845 obitum
1058 789 1357 845 nonnullos
1397 789 1649 845 homines
1686 789 1988 860 voluptati-

403 884 511 939 lius
539 884 811 945 addictos,
860 897 1058 937 rursus
1088 892 1212 952 post
1246 876 1483 938 mortem
1520 872 1714 937 mundi
1757 881 1991 953 hujusce

408 976 637 1030 minime
667 975 916 1044 perpetui
942 974 1317 1044 voluptatibus
1347 972 1607 1028 inhiare?

604 1062 864 1135 CLXXII.
907 1093 963 1104 -—
988 1060 1437 1117 XENOPHON“
1484 1060 1802 1116 DIACONO.

476 1146 767 1210 Paululum
800 1154 1089 1210 remittens
1125 1155 1391 1219 animum,
1422 1155 1606 1210 scelus
1639 1153 1987 1219 commisisti,

410 1259 464 1304 et
478 1247 831 1305 continentia
852 1247 1086 1318 gloriam
1111 1245 1424 1301 obscurasti
1448 1264 1463 1312 ;
1495 1245 1591 1301 sed
1616 1245 1798 1302 subito
1820 1260 1990 1302 sanus

413 1336 613 1400 factus,
651 1342 725 1397 et,
769 1335 848 1387 uti
887 1349 985 1404 par
1031 1343 1178 1397 erat,
1233 1333 1565 1388 sententiam
1627 1340 1884 1398 mutans,
1922 1331 1988 1386 ad

411 1427 708 1497 pristinum
756 1434 962 1481 statum
995 1425 1189 1496 pedem
1224 1424 1433 1479 referre
1479 1423 1816 1479 conveniens
1867 1438 1992 1479 esse

412 1516 762 1580 existimasti,
795 1515 1071 1584 pestifera
1102 1514 1478 1583 desperationi
1521 1513 1623 1569 tibi
1668 1529 1696 1567 a
1746 1513 1994 1569 damone

413 1616 688 1679 suggesta
724 1607 933 1661 aditum
986 1608 1305 1665 occludens.
1360 1607 1482 1678 lpse
1532 1607 1802 1678 siquidem
1837 1617 1890 1662 et
1923 1608 1989 1663 ad

415 1698 754 1767 peccandum
807 1698 1112 1768 compellit,
1154 1708 1209 1753 et
1271 1706 1395 1767 post
1446 1707 1721 1768 patratum
1782 1700 1986 1765 scelus,

412 1802 560 1851 eum,
585 1788 676 1857 qui
706 1786 922 1842 facinus
953 1787 1198 1853 admisit,
1232 1788 1285 1841 in
1317 1786 1759 1858 desperationem
1791 1788 1987 1857 praci-

414 1878 570 1949 pitat.
598 1877 835 1933 Peccare
863 1878 1030 1948 igitur
1064 1881 1366 1936 humanum
1397 1889 1521 1946 est;
1551 1880 1865 1951 desperatio
1894 1896 1985 1937 sa-

412 1966 657 2020 tanicum
708 1975 761 2022 et
806 1968 1123 2022 exitiosu‘m.
1171 1968 1308 2023 Hinc
1360 1979 1414 2025 et
1464 1970 1719 2025 diabolus
1752 1969 1866 2040 ipse
1918 1971 1990 2025 ob

416 2059 850 2128 desperationem
881 2059 933 2113 in
967 2062 1253 2115 consimile
1283 2062 1512 2115 exitium
1546 2069 1703 2117 actus
1728 2069 1833 2126 est,
1866 2076 1989 2116 cum

420 2146 796 2213 penitentiam
833 2149 1185 2219 neglexisset.
1221 2149 1614 2207 Verumtamen
1637 2152 1723 2205 vir
1758 2160 1899 2215 esto,
1938 2158 1991 2207 et

420 2236 719 2290 corrobora
738 2245 814 2301 te,
838 2249 891 2293 et
922 2254 1017 2294 cor
1046 2248 1201 2295 tuum
1236 2242 1447 2297 meliori
1485 2258 1582 2311 spe
1609 2243 1990 2297 confirmatum

418 2326 748 2382 stabiliatur.
798 2328 1045 2401 Namque
1085 2347 1181 2402 spe
1220 2347 1331 2388 non
1365 2333 1506 2386 mala
1540 2334 1891 2397 confidimus,
1942 2343 1994 2388 te

418 2431 567 2471 nunc
604 2418 842 2486 majores
887 2420 1105 2476 labores
1152 2421 1615 2490 amplexaturum,
1648 2431 1701 2477 et
1729 2423 1996 2477 subsecu-

419 2515 544 2560 tura
576 2508 855 2577 diligentia
899 2512 1127 2579 primam
1181 2512 1394 2566 cladem
1428 2512 1787 2577 reiecturum,
1814 2519 1868 2567 et
1903 2526 1997 2566 co-

419 2611 614 2650 ronam
642 2599 907 2655 adversus
937 2601 1177 2666 hostem,
1208 2602 1301 2673 qui
1336 2601 1434 2656 tibi
1472 2601 1768 2666 inviderat,
1800 2617 1997 2657 conse-

421 2695 701 2743 cuturum.
750 2688 818 2745 Et
864 2690 1176 2747 videbimus
1208 2702 1262 2747 te
1300 2692 1650 2764 eunilaginis,
1692 2700 1748 2748 et
1780 2694 1997 2765 vestigii

422 2776 605 2847 exigui
661 2777 811 2842 vice,
862 2794 1190 2849 cupressum
1222 2782 1425 2850 altam,
1463 2782 1853 2854 imputridam,
1910 2791 1999 2837 at-

423 2883 531 2937 que
563 2869 726 2939 207
754 2869 1060 2937 odoratam,
1095 2880 1188 2927 aut
1226 2874 1463 2943 palmam
1500 2873 1837 2930 fructiferam
1869 2889 2001 2929 cou-

423 2962 689 3025 tinentia,
722 2969 777 3017 et
808 2962 1062 3018 laborum
1086 2964 1480 3034 perpessionis,
1504 2972 1792 3035 tantopere
1811 2966 1882 3021 ab
1908 2966 1994 3025 iis.

424 3054 518 3123 qui
562 3054 942 3125 paenitentiam
970 3055 1220 3110 ambiunt
1246 3058 1578 3129 concupita,
1607 3060 1781 3128 alapis
1806 3072 2001 3128 pereu-

427 3147 670 3211 tientem,
712 3146 805 3214 qui
854 3154 909 3201 te
947 3162 1044 3216 per
1072 3155 1359 3216 peccatum
1388 3156 1763 3218 percusserat,
1803 3150 2002 3205 diabo-

425 3239 560 3294 lum.
614 3237 850 3292 Aﬂlictio
899 3238 1079 3304 enim,
1125 3255 1250 3309 qua
1304 3248 1499 3311 sponte
1554 3240 1895 3305 assumitur,
1947 3248 2003 3296 et

426 3342 631 3383 maror
668 3328 1032 3394 voluntarius,
1085 3335 1141 3383 et
1184 3330 1432 3400 perpessi
1486 3328 1717 3400 pulchre
1759 3330 2000 3394 labores,

428 3420 603 3473 multo
634 3426 763 3473 sunt
789 3425 988 3489 prater
1019 3419 1191 3474 animi
1221 3421 1552 3476 sententiam
1584 3422 1767 3491 quiete
1796 3431 1848 3476 et
1869 3436 2005 3493 gau-

429 3510 521 3566 dio
576 3512 857 3567 suaviores
910 3518 965 3566 et
1025 3512 1409 3582 pretiosiores.
1454 3508 1567 3567 Erit
1610 3513 1778 3583 igitur
1828 3512 2009 3581 gloria

428 3602 816 3657 intellectualis
846 3599 1042 3657 domus
1072 3611 1179 3657 tua
1232 3610 1514 3673 postrema
1555 3618 1724 3672 super
1743 3603 2002 3672 primam,

428 3698 485 3747 et
507 3691 762 3747 thronum
782 3691 968 3765 gloria
1000 3691 1351 3748 hareditabis
1368 3693 1438 3759 ",
1462 3700 1525 3747 ut
1557 3693 1834 3764 propheta
1863 3692 2013 3747 amr-

430 3789 602 3838 mant.

904 3872 1188 3930 CLXXIII.
1218 3906 1281 3917 —-
1314 3874 1523 3931 Eidem.

500 3964 705 4020 Domus
738 3965 933 4020 anima
960 3964 1395 4036 uniuscujusque
1421 3979 1668 4037 persona
1697 3965 2007 4021 institutum

434 4070 497 4109 ac
536 4062 712 4110 status
740 4056 867 4109 vitae
891 4055 1114 4110 dicitur.
1150 4056 1250 4112 Est
1283 4071 1517 4127 namque
1541 4057 1736 4111 domus
1760 4056 2007 4125 justitia,

433 4154 491 4200 et
516 4145 713 4201 domus
752 4146 1109 4212 fortitudinis,
1146 4145 1341 4203 domus
1371 4148 1742 4211 continentia,
1771 4153 1825 4202 et
1855 4144 2012 4200 simi-

436 4235 567 4288 lium
606 4253 621 4290 :
661 4245 715 4289 et
747 4236 863 4290 vice
891 4250 1071 4303 versa,
1111 4236 1308 4292 domus
1342 4236 1651 4306 injustitia,
1693 4236 1891 4289 domus
1943 4233 2013 4287 ti-

566 282 575 288 .
1327 228 1337 241 '
1894 220 1952 281 S.
1994 222 2157 283 NILI
2226 260 2235 265 -

410 343 575 415 206
626 338 858 396 CLXXI.
887 369 955 379 -—
1001 332 1444 391 ARISTARCHO
1506 332 1985 390 PRESBYTERO.
2018 336 2064 392 A

3553 214 3661 274 9.88

2284 331 2449 385 roa'.
2483 328 2565 374 -·
2586 328 2969 399 ΑιιιΣτΑιδΧςι
3008 326 3477 397 ΠΡΕΣΒΥΤΕΡῼ.

2164 444 2183 477 α
2241 425 2299 479 Ὀ
2337 424 2541 494 κόσμος
2590 422 2894 494 παράγεται
2943 422 3036 475 καὶ
3068 418 3407 492 ἡέπιθυμία,
3451 438 3469 471 ο
3502 418 3666 488 φησιν

2088 518 2361 587 Ἰωάννης,
2398 516 2457 571 δν
2495 515 2668 582 ἐφίλει
2718 516 2747 568 ό
2800 512 3005 584 Ἰησοῦς
3051 513 3139 567 διὰ
3172 513 3269 582 τὴν
3322 509 3668 583 καθαρότητα

2088 611 2184 666 καὶ
2208 608 2269 663 τὸ
2294 611 2466 680 πρᾶον
2487 608 2584 662 καὶ
2611 608 2817 679 ἥμερον
2837 603 2929 658 τοῦ
2969 605 3149 674 ἤθους.
3188 605 3251 657 Ei
3277 604 3459 656 τοίνυν
3523 619 3662 671 παρ-

2088 702 2279 770 άγεται
2308 703 2341 771 ή
2374 699 2654 770 ἐπιθυμία,
2698 697 2945 751 τουτέστι
3009 695 3239 749 παύεται
3286 694 3380 747 καὶ
3435 693 3666 746 ἀπόλλυ-

2087 811 2198 857 ται,
2229 792 2347 856 πῶς
2372 791 2535 855 αὐτὸς
2563 791 2854 855 διδάσκεις,
2894 789 3031 859 μετά
3077 786 3137 841 τδ
3170 784 3460 840 ἀποθανεῖν
3517 801 3667 847 τινας

2088 883 2408 956 ἀνθρώπους
2438 882 2772 953 φιληδόνους,
2805 879 2965 934 πάλιν
3008 878 3146 957 μετά
3189 876 3418 931 θάνατον
3476 874 3667 928 ἐπιθυ-

2090 977 2212 1044 μεῖν
2240 974 2347 1027 τῶν
2374 972 2467 1026 τοῦ
2494 971 2828 1043 προσκαίρου
2845 970 3051 1023 κόσιιου
3084 968 3254 1038 ἡδέων
3279 984 3296 1033 ;

2331 1063 2500 1117 POB’.
2532 1091 2601 1102 -
2641 1060 3029 1115 ΞΕΝΟΦΩΝΤῙ
3089 1058 3408 1127 ΔῐΑΚΟΝῼ.

2157 1154 2371 1225 Μικρὸν
2405 1155 2709 1225 ἀμελήσας,
2737 1153 2874 1224 πρὸς
2912 1151 3188 1221 ἁμαρτίαν
3218 1151 3537 1212 πέπτωκας,
3570 1147 3667 1201 καὶ

2090 1247 2189 1319 τὴν
2213 1246 2367 1311 δόξαν
2398 1247 2495 1315 τῆς
2526 1243 2880 1315 σωφροσύνης
2904 1242 3261 1313 ἠμαύρωσαςσ
3294 1240 3428 1294 ἀλλά
3460 1238 3668 1308 ταχέως

2091 1338 2287 1410 me“,
2316 1338 2409 1391 καὶ
2427 1334 2945 1409 μεταὸαλῐλ]όμενος
2973 1332 3375 1406 προσηκόντως,
3404 1330 3539 1403 πρὸς
3571 1329 3669 1400 τὴν

2093 1426 2362 1498 προτέραν
2390 1426 2721 1481 κατάστασιν
2746 1423 3178 1496 παλινδρομῆσαι
3200 1422 3403 1498 δίκαιον
3420 1420 3664 1489 ἐλογίσω,

2096 1494 2171 1590 μή
2200 1494 2644 1591 παραδεξάμενος
2674 1518 2770 1589 τὴν
2803 1494 3043 1588 ὀλέθριον
3090 1494 3419 1584 ἀπόγνωσιν,
3466 1514 3670 1581 ύπαγο⁴

2097 1610 2393 1683 ρευομένην
2433 1627 2515 1662 σοι
2548 1608 2653 1661 ὑπὸ
2680 1607 2774 1661 τοῦ
2807 1605 3074 1660 διαϐόλου.
3109 1604 3280 1668 Αὐτὸς
3335 1604 3443 1672 γὰρ
3479 1602 3574 1655 καὶ
3592 1602 3670 1664 είς

2094 1700 2156 1753 τὸ
2184 1698 2499 1769 ἀμαρτῆσαι
2529 1695 2920 1768 προτρέπεται,
2949 1694 3112 1757 αὐτὸς
3139 1691 3233 1746 καὶ
3277 1690 3415 1762 μετὰ
3438 1689 3498 1743 es
3525 1706 3670 1760 πρα-

2095 1790 2287 1860 χθῆναι
2320 1788 2418 1859 τὴν
2450 1787 2724 1858 ἁμαρτίαν
2749 1787 2881 1839 ὠθεῖ
2920 1784 3058 1857 πρὸς
3101 1782 3408 1852 ἀπόγνωσιν
3439 1780 3532 1834 τὸν
3582 1778 3673 1845 ἐξ·

2095 1882 2509 1952 αμαρτήσαντα.
2564 1879 2639 1932 Τὸ
2684 1878 2783 1948 μὲν
2819 1872 2913 1933 οὖν
2963 1878 3300 1947 ἀμαρτῆσαι,
3336 1872 3673 1944 ἀνθρώπινον

2098 1973 2356 2044 ὑπάρχειο
2406 1971 2467 2025 τδ
2514 1971 2571 2025 δέ
2604 1970 2924 2034 ἀπελπίσαι,
2981 1968 3267 2022 σατανικὸν
3316 1966 3407 2019 καὶ
3441 1964 3671 2019 πανολέ-

2099 2064 2265 2134 θριον.
2291 2062 2454 2117 Ὅθεν
2486 2063 2578 2115 καὶ
2604 2061 2766 2124 αύτδς
2794 2063 2822 2114 ὁ
2840 2060 3079 2124 διάὸολος
3102 2060 3167 2113 ἐκ
3186 2058 3284 2130 τῆς
3312 2055 3674 2125 ἀπογνώσεως

2099 2154 2177 2216 είς
2200 2152 2453 2222 τοιαύτην
2486 2150 2840 2221 ἐξηκοντίσθη
2866 2150 3163 2215 ἀπώλειαν,
3208 2147 3281 2220 μὴ
3306 2148 3537 2219 θελήσας
3572 2164 3671 2217 με-

2098 2246 2376 2314 τανοῆσαι.
2417 2242 2554 2296 Ἀλλ’
2592 2241 2844 2315 ἀνδρίζου
2892 2241 2986 2295 καὶ
3018 2241 3192 2312 ἴσχυε,
3246 2240 3340 2294 καὶ
3384 2237 3674 2311 κραταιού-

2103 2336 2214 2389 σθω
2237 2337 2270 2406 ἡ
2304 2334 2496 2405 καρδία
2529 2351 2644 2397 σου,
2672 2335 2792 2392 ταῖς
2820 2332 3209 2404 χρηστοτέραις
3234 2331 3415 2385 ἐλπίσι
3450 2331 3674 2400 νευρού-

2105 2444 2284 2497 μενος.
2320 2426 2657 2497 Πιστεύομεν
2681 2425 2789 2495 γὰρ
2820 2425 3044 2479 πλείονά
3084 2433 3143 2476 σε
3170 2422 3265 2477 νῦν
3320 2422 3520 2495 μᾶλλον
3554 2424 3675 2475 ἐπι-

2101 2516 2376 2582 δείξασθαι
2415 2516 2596 2579 πόνον,
2628 2516 2721 2569 καὶ
2757 2515 2855 2586 τὴν
2878 2515 3153 2587 προτέραν
3184 2508 3353 2586 ἧτταν
3404 2513 3677 2568 ἀναπαλέ-
3746 2552 3749 2561 .

2106 2625 2196 2661 σαι
2238 2609 2305 2677 τῇ
2337 2606 2474 2677 μετά
2499 2606 2669 2661 ⁸Ξαῦτα
2716 2605 2941 2676 σπουδῇ,
2981 2603 3074 2657 καὶ
3124 2600 3676 2671 καταστεφανωθῆναι

2103 2696 2198 2750 τοῦ
2229 2694 2523 2750 ἀντιπάλου
2549 2694 2642 2749 τοῦ
2668 2692 3027 2764 ἐφθονηκὸτος
3050 2710 3151 2747 σοι.
3182 2691 3292 2747 Καὶ
3331 2691 3575 2762 όψόμεθά
3615 2707 3677 2744 σε

2106 2789 2227 2842 ἀντὶ
2288 2787 2521 2859 κονύζης
2565 2786 2661 2841 καὶ
2727 2778 2945 2858 στοιϐἦς
2978 2784 3290 2856 ἐλαχίστης,
3341 2786 3679 2856 κυπάρισσον

2107 2879 2337 2950 ὑψηλὴν,
2370 2880 2614 2949 ἄσηπτον
2667 2878 2762 2932 καὶ
2808 2877 3004 2948 εὐώδη,
3052 2877 3086 2948 ἢ
3129 2877 3350 2946 φοίνικα
3402 2874 3679 2946 εὔκαρπον

2106 2973 2217 3034 τοῖς
2239 2971 2425 3040 κόλοψι
2448 2969 2549 3040 τῆς
2580 2968 2925 3040 ἐγκρατείας,
2942 2969 3036 3022 καὶ
3061 2966 3162 3038 τῆς
3185 2966 3555 3031 κακοπαθείας
3579 2966 3682 3036 τῆς

2103 3064 2376 3134 γλυκερᾶς
2397 3064 2513 3125 τοῖς
2549 3063 2827 3140 μετανοεῖν
2853 3060 3196 3126 σπεύδουσιν,
3229 3060 3533 3130 πλήττοντα
3587 3057 3680 3112 τὸν

2105 3154 2386 3226 πλήξαντά
2414 3171 2473 3207 σε
2503 3153 2589 3207 διὰ
2608 3154 2707 3225 τῆς
2730 3153 3003 3224 ἁμαρτίας
3017 3152 3275 3207 διάϐολον.
3301 3152 3374 3205 Τὸ
3393 3152 3501 3221 γὰρ
3520 3150 3681 3204 ἐκού-

2105 3262 2217 3298 σιον
2266 3243 2531 3315 θλιδερὸν,
2562 3242 2657 3297 καὶ
2685 3244 2745 3295 τὸ
2781 3240 2925 3296 κατά
2965 3241 3220 3313 βούλησιν
3262 3240 3518 3311 ὀδυνηρὸν
3583 3240 3682 3293 καὶ

2103 3335 2357 3389 ἐπίπονον
2392 3334 2493 3405 τῆς
2532 3333 2705 3405 καλῆς
2725 3331 3120 3399 κακοπαθείας,
3143 3331 3321 3404 πολλῷ
3350 3330 3683 3400 γλυκύτερόν

2103 3444 2164 3480 τε
2202 3428 2298 3481 καὶ
2355 3424 2767 3497 προτιμώτερον
2812 3424 2913 3494 τῆς
2951 3424 3208 3479 ἀκουσίου
3241 3421 3595 3485 ἀναπαύσεώς
3617 3438 3681 3474 τε

2106 3517 2199 3572 καὶ
2254 3516 2518 3588 τέρψεως.
2575 3516 2770 3570 Ἔσται
2819 3515 3001 3569 τοίνυν
3067 3516 3101 3583 ἡ
3153 3514 3279 3578 δόξα
3330 3513 3425 3567 τοῦ
3489 3512 3683 3581 νοητοῦ

2105 3607 2256 3662 οῖκου
2289 3624 2379 3661 σου
2415 3608 2448 3678 ἡ
2480 3605 2681 3677 ἐσχάτη
2719 3606 2860 3678 ὑπὲρ
2911 3605 3010 3676 τὴν
3049 3604 3294 3676 πρώτην,
3344 3604 3437 3656 καὶ
3492 3602 3685 3672 θρόνον

2105 3700 2266 3771 δόξης
2287 3697 2877 3769 κατακληρονομήσεις,
2898 3698 2975 3759 ὡς
3020 3696 3070 3749 οἱ
3094 3695 3367 3768 προφῆται
3384 3711 3535 3764 φασι.

2599 3875 2744 3930 ΡΟΓ’
2775 3902 2843 3917 --
2877 3875 2962 3939 Τῷ
2996 3875 3174 3939 αὐτῷ.

2181 3965 2341 4030 Οἶκος
2360 3965 2553 4036 ῖψυχῆς
2600 3965 2633 4035 ή
2681 3963 2912 4017 ἑκάστου
2965 3962 3258 4033 προσώπου
3297 3962 3539 4032 διαγωγὴ
3588 3963 3693 4017 καὶ·

2112 4059 2443 4122 κατάστασις
2472 4057 2708 4125 λέγεται.
2775 4056 2932 4108 Ἐστι
2975 4054 3084 4126 γὰρ
3128 4049 3272 4117 οἶκος
3320 4054 3685 4123 δικαιοσύνης,

2112 4151 2203 4205 καὶ
2217 4146 2365 4212 οἶκος
2389 4147 2658 4219 ἀνδρείας,
2684 4147 2778 4199 καὶ
2805 4142 2954 4209 οἶκος
3009 4146 3380 4221 σωφροσύνης,
3434 4145 3529 4199 καὶ
3576 4146 3691 4199 τῶν

2113 4241 2241 4309 ἐξῆς
2279 4255 2291 4269 ⁸
2317 4238 2412 4292 καὶ
2438 4239 2503 4291 ἐκ
2533 4237 2629 4291 τοῦ
2659 4236 2926 4304 ἐναντίου,
2958 4231 3109 4297 οἶκος
3138 4236 3373 4300 ἀδικίας,
3408 4237 3500 4289 καὶ⁵
3535 4233 3689 4298 οἶκος

437 4323 628 4387 moris,
657 4325 852 4379 domus
884 4323 1281 4389 fornicationis,
1314 4334 1369 4382 et
1410 4325 1498 4380 his
1522 4326 1794 4381 simillima
1829 4342 1844 4378 :
1876 4323 2001 4379 illud

2111 4330 2330 4395 δειλίας,
2351 4328 2443 4380 καὶ
2473 4322 2620 4391 οἶκος
2633 4326 2911 4398 πορνείας,
2936 4328 3032 4380 καὶ
3061 4327 3168 4381 τῶν
3191 4318 3334 4396 ἑξῆς.
3368 4325 3442 4377 Τὸ
3467 4325 3646 4377 τοίνυν
3666 4366 3686 4390 ,

437 4413 621 4484 itaque
654 4433 668 4469 :
702 4413 911 4486 Repleti
949 4426 1078 4472 sunt
1119 4417 1459 4472 obtenebrati
1520 4424 1684 4471 terra
1735 4415 1996 4471 domibus

2109 4442 2129 4476 ι
2162 4418 2591 4491 Ἐπληρώθησαν
2614 4421 2663 4472 οί
2697 4418 3069 4490 ἐσκοτισμένοι
3096 4418 3196 4488 τῆς
3226 4420 3330 4488 γῆς
3360 4416 3519 4469 οῐκων
3554 4417 3690 4471 ἀνο-

439 4506 865 4576 impietatum",
916 4511 1102 4566 multis
1143 4510 1352 4566 scilicet
1398 4524 1464 4564 ac
1514 4510 1682 4565 variis
1722 4510 2009 4566 affectibus

438 4595 733 4668 impietatis
770 4606 824 4655 et
859 4599 1168 4671 iniquitatis
1219 4601 1420 4670 oppleti
1469 4607 1617 4655 sunt.
1653 4600 1788 4655 Illud
1830 4614 1960 4656 vero
1992 4618 2008 4655 :

443 4710 464 4744 ι
504 4690 721 4750 Veritas
759 4710 825 4748 ex
864 4701 1012 4749 terra
1056 4703 1177 4749 orta
1226 4700 1340 4759 est,
1391 4700 1445 4747 et
1488 4693 1705 4762 justitia
1755 4694 1820 4749 de
1869 4695 2012 4749 calo

440 4785 812 4855 prospexit",
854 4804 872 4839 ι
909 4788 953 4840 si
988 4786 1056 4840 ad
1106 4800 1288 4841 mores
1335 4784 1603 4851 attrahas,
1637 4792 1781 4840 terra
1812 4800 2012 4856 corpus

440 4876 691 4947 designat
726 4876 937 4933 fructus
964 4878 1315 4932 continentia
1338 4877 1625 4943 emittens;
1658 4877 2031 4947 quemadmov‘

439 4966 567 5020 dum
587 4975 639 5021 et
664 4967 795 5021 illud
822 4986 833 5021 :
858 4967 1192 5023 Germinavit
1210 4983 1342 5022 caro
1371 4983 1491 5023 mea
1521 4969 1942 5025 sanctimoniam
1970 4970 2010 5035 ‘,

443 5058 490 5112 si
525 5058 787 5127 suppetiae
818 5057 969 5111 cordi
1001 5057 1237 5113 hominis
1272 5059 1569 5115 aﬂ'erautur
1606 5075 1704 5130 per
1741 5074 1931 5131 preces
1958 5067 2013 5115 et

443 5162 615 5217 spem.
654 5147 818 5201 Recte
872 5150 1036 5202 etiam
1085 5150 1333 5203 nonnulli
1385 5150 1731 5205 mendacium
1773 5149 2015 5205 fornica-

445 5238 669 5298 tionem,
710 5238 992 5293 veritatem
1032 5248 1212 5294 autem
1253 5256 1547 5313 veramque
1598 5241 2013 5297 delectationem

443 5325 835 5382 continentiam
879 5343 1003 5385 esse
1054 5332 1506 5402 prascripserunt
1545 5351 1559 5389 :
1605 5342 1658 5388 et
1698 5332 1908 5403 justitia
1948 5333 2017 5389 de

444 5416 606 5483 calo,
624 5432 688 5472 ex
720 5427 898 5477 mente
928 5436 1117 5494 nempe
1134 5425 1436 5494 prospexit,
1456 5426 1530 5480 ita
1557 5424 1668 5481 Deo
1696 5426 2013 5492 miserante,

2109 4513 2267 4585 μιῶν,
2298 4530 2316 4563 ι
2348 4511 2591 4565 τουτέστι
2611 4510 2825 4563 πολλῶν
2855 4510 2949 4563 καὶ
2972 4509 3231 4563 ποικίλων
3258 4508 3467 4573 παθῶν,
3500 4509 3687 4560 ἀνοσι-

2104 4603 2349 4673 ουργίας,
2372 4601 2469 4655 καὶ
2496 4599 2839 4671 παρανομίας
2863 4598 3261 4670 μεμέστωνται.
3285 4597 3359 4649 To
3375 4595 3430 4649 δέ
3450 4636 3464 4660 ,
3488 4613 3507 4646 ι
3530 4596 3692 4664 ’Δλήο

2110 4696 2228 4751 θεια
2279 4696 2344 4748 ἐκ
2392 4693 2491 4762 τῆς
2550 4691 2654 4761 γῆς
2705 4690 2965 4755 ἀνέτειλε,
3015 4689 3112 4743 καὶ
3160 4686 3471 4758 δικαιοσύνη
3501 4689 3565 4740 ἐκ
3592 4688 3690 4739 τοῦ

2115 4785 2350 4859 ούρανοῦ
2382 4783 2655 4852 διέκυψεν,
2686 4802 2704 4834 ι
2739 4782 2945 4853 ἠθικῶς
2963 4782 3271 4853 νοούμενον,
3295 4780 3401 4850 γῆν
3432 4779 3691 4850 σημαίνει

2113 4877 2177 4931 τὸ
2210 4876 2369 4946 σῶμα
2415 4872 2818 4931 ἀναϐλαστάνον
2864 4873 2988 4937 τοὺς
3039 4872 3285 4943 καρποὺς
3326 4870 3429 4940 τῆς
3479 4884 3697 4938 σωφρο-

2117 4968 2301 5038 σύνης,
2330 4965 2469 5020 κατά
2490 4965 2570 5032 τὸ,
2617 4963 2900 5018 Ἀνέθαλεν
2952 4964 2986 5034 ή
3026 4961 3163 5035 σάρξ
3220 4979 3320 5032 μου
3361 4960 3690 5030 σεμνότητα,

2117 5059 2475 5132 βοηθηθείσης
2503 5059 2601 5123 τῆς
2628 5056 2721 5112 τοῦ
2748 5055 3038 5128 ἀνθρώπου
3060 5053 3288 5126 καρδίας
3305 5053 3370 5106 δι’
3391 5054 3554 5123 εὐχῆς
3595 5054 3693 5105 καὶ

2112 5152 2345 5215 ἐλπίδος.
2369 5150 2565 5213 Καλῶς
2582 5149 2689 5219 γάρ
2714 5166 2858 5211 τινες
2894 5146 3087 5217 ψεῦδος
3120 5147 3216 5217 μὲν
3252 5146 3351 5215 τὴν
3412 5143 3688 5213 πορνείαν,

2122 5244 2374 5316 ἀλήθειαν
2405 5242 2459 5295 δὲ
2485 5243 2578 5296 καὶ
2605 5240 2781 5310 ἀληθῆ
2816 5239 3007 5310 ἡδονὴν
3040 5238 3137 5309 τὴν
3170 5238 3525 5308 σωφροσύνην
3557 5236 3692 5306 ὠρί-

2122 5351 2305 5389 σαντο·
2329 5332 2638 5403 δικαιοσύνη
2666 5349 2725 5384 τε
2764 5333 2828 5384 ἐκ
2877 5330 2972 5383 τοῦ
2999 5329 3251 5401 οὐρανοῦ,
3304 5328 3580 5380 τουτέστιν
3628 5327 3691 5376 ἐκ

2122 5426 2217 5481 τοῦ
2248 5427 2389 5491 νοὸς,
2425 5424 2732 5496 προέκυψεν
2753 5425 2862 5487 τοῖς
2884 5424 3217 5495 οἱκτειρμοῖς
3245 5420 3340 5473 τοῦ
3370 5417 3504 5473 Θεοῦ
3536 5419 3570 5488 ή
3598 5414 3693 5470 τοῦ

512 5590 558 5623 ⁸⁸
596 5588 802 5651 Ηοιιιι.
837 5612 900 5666 ιι,
940 5596 1025 5654 l7.
1103 5600 1147 5632 97
1182 5600 1316 5671 Agg.
1350 5615 1411 5671 ιι,
1447 5600 1529 5655 l0.
1606 5602 1651 5636 ”
1681 5600 1826 5658 Psal.
1857 5617 2001 5658 anu

2112 5605 2164 5660 0.
2241 5604 2286 5636 9-“
2319 5601 2463 5659 Psal.
2501 5615 2723 5668 Lxxxtv,
2758 5599 2845 5655 12.
2929 5601 2939 5630 ‘
2972 5596 3121 5656 Psal.
3162 5610 3331 5663 um,
3360 5593 3414 5650 7.
