4012 6196
343 248 453 310 E189

1574 244 2108 306 EPISTOLARUM
2147 247 2290 313 LIB.
2316 249 2398 309 II.

3522 262 3632 327 290

360 354 536 428 Ἰησοῦ
562 353 815 425 διανομὴ.
848 373 864 405 ι
896 352 1007 406 Καὶ
1030 352 1135 425 γάρ
1174 354 1203 407 ὁ
1246 354 1448 429 Κύριος
1497 355 1655 409 δώσει
1708 355 1939 427 χρηστό-

2048 355 2170 413 Iesu
2234 358 2572 417 distributio.
2618 380 2636 412 ι
2669 359 2883 418 Etenim
2918 362 3187 421 Dominus
3224 366 3385 423 dabit
3408 367 3626 424 bonita-

345 468 507 523 τητα,
536 449 633 502 καὶ
654 446 689 518 ἡ
733 446 805 516 γῆ
836 444 992 516 ἡμῶν
1037 446 1200 498 δώσει
1228 446 1320 500 τὸν
1350 448 1563 519 καρπὸν
1600 467 1618 499 ι
1649 448 1743 500 τοῦ
1770 447 1936 500 πνεύ-

349 558 540 612 ματος,
571 538 817 608 ἀγάπην,
859 537 1330 608 χαρὲιν,,είρήνην,
1386 537 1791 609 μακροθυμίαν,
1842 538 1939 592 καὶ

345 632 537 695 τᾶλλα,
570 631 716 699 άπερ
737 628 1209 700 ἀπηριθμήσατοὸ
1244 629 1514 700 μακάριος
1532 629 1740 694 Παῦλος
1768 647 1780 658 ’
1835 631 1937 702 γῆν

347 725 403 777 δὲ
442 724 653 781 ἐπὶτοῦ
684 722 913 792 ὑστέρου
951 720 1135 790 στίχου
1195 721 1291 791 τὴν
1340 721 1568 793 καρδίαν
1614 722 1936 792 ὲκληπτέον,

347 818 425 880 ὣς
464 834 630 886 φησιν
657 817 685 867 6
713 816 919 885 Κύριος
955 831 967 844 ·
1001 832 1019 865 ι
1058 813 1130 866 Τὸ
1174 814 1228 866 δὲ
1277 815 1497 887 σπέρμα
1530 815 1593 868 τὸ
1639 815 1802 869 πεσὸν
1846 815 1939 868 ἐπὶ

349 908 449 978 τὴν
475 907 580 978 γῆν
609 906 709 977 τὴν
747 905 919 975 καλὴν
942 905 1361 976 ὲκαρποφόρησε
1392 906 1453 971 λ’,
1490 907 1585 959 καὶ
1618 905 1680 971 ξ’,
1701 907 1795 959 καὶ
1815 912 1880 976 ρ’.
1912 923 1932 956 ι

496 1102 499 1103 ν
599 1088 765 1140 rex.
813 1115 889 1127 -
935 1085 1186 1155 sermo
1227 1085 1691 1141 IIPQTEYONTI.

419 1179 541 1234 Τῶν
561 1178 973 1249 ἐπιμελομένων
1008 1178 1106 1247 τῆς
1133 1178 1347 1241 ἐλπίδος
1376 1177 1623 1249 βοώντων
1664 1177 1801 1249 πρὸς
1845 1178 1938 1231 τὸν

350 1273 578 1343 Σωτῆρα
634 1270 895 1341 Χριστὸν,
935 1269 1270 1341 ιΜνήσθητι
1320 1270 1497 1340 ἡμῶν,
1558 1269 1755 1341 Κύριε,
1808 1271 1938 1324 ὅταν

350 1365 512 1437 ἔλθῃς
548 1365 603 1416 ὲν
624 1365 687 1433 τῇ
721 1362 968 1433 βασιλείᾳ
993 1378 1110 1427 σου,
1146 1381 1165 1413 ι
1202 1362 1660 1432 ἀνταποκρίνεται
1681 1364 1709 1415 6
1737 1361 1938 1430 ἀγαθὸς

352 1454 632 1523 Δεσπότης
654 1451 826 1521 λέγων
856 1468 870 1480 ·
907 1470 925 1503 ι
964 1451 1365 1521 Μνησθήσομαι
1407 1450 1576 1505 Ῥαὰϐ
1628 1451 1724 1504 καὶ
1764 1448 1938 1504 Βαϐυ-

353 1547 529 1608 λῶνος
576 1548 683 1609 τοῖς
754 1544 1087 1614 γινώσκουσί
1142 1562 1232 1614 με.
1279 1563 1298 1597 ι
1352 1540 1556 1613 Ὦνξδὲ
1603 1543 1937 1615 μνημονεύει

356 1636 611 1707 Χριστὸς,
657 1635 878 1699 τούτους
908 1637 1003 1689 καὶ
1045 1634 1209 1701 σώζει
1249 1636 1489 1704 πάντως,
1540 1636 1676 1690 διότι
1732 1637 1936 1707 πόρνας

2038 454 2168 513 tem,
2193 457 2247 503 et
2271 457 2416 504 terra
2436 458 2627 506 nostra
2649 450 2802 507 dabit
2822 452 3061 509 fructum
3084 458 3104 487 ¹
3129 475 3148 507 ι
3184 458 3440 527 spiritus,
3460 461 3626 531 208

2032 554 2305 605 altiorem,
2346 540 2628 612 gaudium,
2678 558 2891 613 pacem,
2934 547 3287 603 tolerantiam
3318 551 3359 613 ⁸,
3409 552 3627 623 aliaque

2037 646 2070 685 a
2100 632 2262 686 beato
2308 631 2480 687 Paulo
2523 648 2862 691 enumerata.
2901 634 3069 691 Terra
3118 655 3282 709 porro
3336 641 3390 695 in
3429 642 3624 698 ultimo

2038 738 2200 778 versu
2235 738 2331 778 cor
2362 724 2742 795 accipiendum
2794 735 2901 791 est,
2956 736 3016 781 ut
3082 728 3260 801 inquit
3315 731 3622 790 Dominus:

2045 829 2063 863 ι
2103 808 2301 867 Semen
2328 814 2476 884 quod
2507 814 2709 869 cecidit
2738 816 2794 870 in
2835 825 3041 872 terram
3068 818 3268 875 bonam
3294 824 3478 877 attulit
3503 824 3623 877 fru-

2038 912 2189 959 ctum
2239 906 2604 971 tricesimum,
2661 915 2716 963 et
2769 908 3212 978 sexagesimum,
3272 920 3326 967 et
3358 915 3624 979 [centesi-

2041 1010 2189 1049 mum
2214 994 2257 1049 ⁸.
2290 1015 2309 1048 ι

2284 1087 2563 1144 CLXXIV.
2597 1119 2666 1130 -—
2710 1088 3020 1145 TIIERINO
3064 1090 3371 1148 PRIMATI.

2109 1176 2215 1241 lis,
2272 1177 2364 1248 qui
2425 1178 2540 1248 spei
2592 1192 2782 1232 curam
2844 1188 3064 1247 gerunt,
3124 1182 3492 1239 clamantibus
3553 1186 3619 1240 ad

2039 1268 2316 1324 Christum
2361 1266 2756 1325 Salvatoremgz
2804 1288 2823 1321 ι
2874 1267 3187 1329 Recordare
3241 1276 3456 1341 nostri,
3515 1276 3623 1331 Do-

2037 1360 2204 1425 mine,
2249 1373 2373 1412 cum
2426 1359 2645 1415 veneris
2695 1360 2749 1414 in
2804 1375 3030 1431 regnum
3067 1370 3222 1416 tuum
3254 1365 3314 1429 ⁸,
3347 1383 3365 1415 ι
3417 1367 3624 1436 probus

2037 1450 2304 1506 Dominus
2332 1451 2628 1521 respondet
2663 1469 2678 1506 :
2715 1468 2735 1501 ι
2774 1449 2983 1505 Memor
3015 1468 3110 1507 ero
3134 1452 3310 1520 Raab,
3355 1466 3409 1511 et
3445 1457 3623 1529 Baby-

2037 1543 2180 1598 lonis
2238 1543 2553 1599 scientibus”
2579 1557 2667 1597 me
2695 1543 2734 1595 ⁸.
2793 1560 2811 1593 ι
2866 1541 3113 1609 Quorum
3172 1561 3305 1602 vero
3369 1548 3622 1604 Christus

2037 1633 2381 1698 recordatur,
2408 1648 2505 1689 eos
2551 1640 2607 1688 et
2654 1633 2828 1688 salvat
2860 1634 3109 1693 omnino.
3150 1634 3397 1708 Namque
3444 1655 3621 1695 mere-

359 1728 455 1775 καῖ⁵
475 1720 707 1783 τελώνας
731 1720 797 1774 δι’
823 1718 1228 1792 εύσπλαγχνίαν
1280 1720 1482 1793 πολλὴν
1530 1723 1610 1785 είς
1660 1719 1935 1792 βασιλείαν

2048 1726 2209 1781 lrices
2230 1733 2285 1780 et
2316 1724 2642 1793 publicanos
2673 1724 2743 1779 ob
2771 1725 3044 1795 ingentem
3099 1728 3537 1785 misericordiam
3566 1731 3621 1786 in

353 1816 611 1885 εἰσφέρει.
852 1844 861 1854 -

598 1904 766 1961 POE'.
802 1935 867 1945 -—-
898 1905 1187 1976 ΦΙΡΜΙΝῼ
1215 1904 1684 1980 ΠΡΕΣΒΥΤΕΡῼ.

420 2001 596 2072 Εἴπερ
658 2000 758 2071 τὴν
808 2000 943 2053 ἰδίαν
997 1999 1346 2069 πεπείκαμεν
1397 2002 1621 2073 καρδίαν
1660 2006 1718 2058 ὲν
1755 2004 1936 2077 καιρῷ

350 2093 730 2165 περιστάσεως
763 2091 1045 2156 παντοίας,
1078 2092 1174 2144 καὶ
1196 2091 1446 2162 θλίψεως,
1488 2093 1564 2166 μὴ
1612 2095 1937 2169 ἀποτρέχειν

348 2187 491 2257 πρὸς
520 2184 867 2254 ἀνθρωπίνας
899 2182 1143 2248 ἐλπίδας,
1172 2184 1307 2255 μηδὲ
1346 2185 1557 2241 ἐκεῖθεν
1604 2187 1783 2242 ἕλκειν
1838 2190 1937 2254 τὰς

352 2278 632 2349 βοηθείας,
658 2276 772 2331 ἀλλ’
808 2279 865 2331 ἐν
884 2275 1135 2348 δάκρυσι,
1170 2277 1264 2331 καὶ
1287 2282 1631 2349 στεναγμοῖς,
1658 2281 1754 2335 καὶ
1791 2281 1940 2352 φιλο-

352 2372 504 2441 πόνῳ
536 2371 810 2442 προσευχῇ
842 2369 936 2423 καὶ
979 2368 1317 2440 ἀγρυπνίαις
1364 2369 1605 2436 εὐτόνοις
1656 2371 1937 2437 ἐξιλάσκε-

350 2462 483 2516 σθαι
515 2461 575 2515 τδ
632 2464 902 2531 κρεῖττον,
943 2459 1198 2513 κάκεῖθεν
1260 2459 1579 2532 περιμένειν
1633 2464 1936 2536 ἀντίληψινο

350 2553 499 2607 διατί
539 2549 1116 2622 θορυϐούμεθα;διατί
1140 2554 1207 2622 τῇ
1232 2551 1555 2623 ὀλιγοφυχίᾳ
1591 2556 1937 2627 τρυχόμεθα,

353 2644 453 2697 καὶ
484 2641 826 2713 διστάζομεν,
860 2643 957 2695 καὶ
978 2642 1421 2713 ἀπαγορεύομεν,
1473 2642 1549 2707 ώς
1597 2644 1672 2717 μὴ
1710 2646 1940 2717 τάχιστα

352 2733 451 2790 τοῦ
482 2733 617 2787 Θεοῦ
647 2732 807 2805 ἡμῶν
840 2731 1122 2797 ποιοῦντος
1145 2733 1206 2787 τδ
1235 2735 1475 2805 αῐτημα;
1520 2734 1633 2807 Τὴν
1678 2737 1788 2809 γάρ
1842 2738 1940 2810 σὴν

356 2826 500 2897 πρὸς
529 2826 691 2880 αὐτὸν
714 2824 1040 2896 παραμονὴν
1076 2825 1170 2879 καὶ
1223 2826 1552 2899 προσεδρίαν
1590 2827 1942 2899 σοφιζόμενος

352 2919 513 2999 δοκεῖ
530 2915 836 2988 κρατύνειν,
855 2915 945 2969 ἵνα
975 2916 1051 2986 μὴ
1073 2915 1284 2986 ταχέως
1312 2918 1701 2987 κομισάμενος,
1731 2920 1942 2991 ταχέως

356 3008 741 3079 ἀναχωρήσῃς,
779 3006 871 3061 καὶ
898 3005 1249 3078 λησμονήσῃς
1288 3007 1452 3061 αὑτοῦ
1474 3008 1575 3080 τῆς
1596 3010 1808 3080 ἀγαθῆς
1858 3010 1943 3065 δό-

2041 1828 2275 1886 regnum
2297 1813 2616 1871 introducit.

2214 1904 2468 1965 CLXXV.
2504 1936 2575 1945 —-
2606 1904 2895 1963 FIRMINO
2941 1907 3425 1966 PRESBYTERO.

2111 1996 2169 2052 Si
2209 2006 2402 2052 nostro
2435 1998 2815 2068 persuasimus
2851 2000 3057 2066 animo,
3102 2003 3485 2074 cujuscunque
3514 2004 3624 2060 cir-

2038 2088 2386 2144 cumstantiae
2439 2096 2682 2158 tempore
2729 2096 2783 2143 et
2827 2089 3167 2157 afﬂictionis,
3240 2110 3350 2149 non
3416 2096 3482 2150 ad
3518 2097 3623 2151 hu-

2038 2194 2257 2235 manam
2283 2196 2432 2251 spem
2450 2195 2575 2237 esse
2603 2181 3021 2247 recurrendum,
3046 2201 3224 2255 neque
3264 2187 3389 2242 inde
3420 2190 3621 2244 auxilia

2038 2272 2435 2343 extorquenda,
2463 2272 2557 2329 sed
2588 2274 2872 2344 lacrymis,
2906 2285 2960 2331 et
2995 2279 3268 2348 suspiriis,
3300 2289 3353 2334 et
3392 2289 3625 2337 conten-

2040 2365 2196 2422 tiosis
2222 2365 2500 2436 operibus,
2542 2379 2755 2419 necnon
2801 2368 3140 2424 continuatis
3187 2370 3420 2440 vigiliis,
3477 2375 3622 2443 quod

2040 2455 2235 2511 melius
2268 2462 2374 2522 est,
2417 2454 2587 2510 Deum
2620 2454 2955 2510 reddendum
3004 2458 3301 2529 propitium
3325 2501 3340 2525 ,
3385 2462 3623 2535 indeque

2040 2561 2195 2618 opem
2218 2547 2642 2618 exspectandam
2677 2565 2692 2601 :
2727 2548 2858 2618 quid
2907 2549 3074 2620 igitur
3123 2554 3453 2608 turbamur?
3486 2554 3621 2626 quid

2042 2637 2233 2695 fractis
2263 2638 2495 2695 vocibus
2538 2637 2855 2709 afﬂigimur,
2889 2648 2946 2694 et
2988 2650 3271 2707 nutamus,
3302 2653 3356 2698 et
3389 2644 3626 2713 despon-

2042 2730 2254 2795 demus,
2294 2744 2448 2800 aeque
2481 2744 2545 2784 ac
2597 2728 2642 2781 si
2674 2744 2782 2784 non
2804 2731 3065 2788 citissime
3097 2732 3241 2789 Deus
3275 2744 3401 2790 vota
3432 2748 3622 2795 nostra

2043 2821 2111 2875 ad
2157 2820 2363 2877 exitum
2419 2821 2681 2877 duceret?
2723 2820 2896 2877 Tuam
2945 2825 3215 2894 siquidem
3264 2844 3391 2899 erga
3442 2829 3624 2899 ipsum

2043 2912 2508 2983 perseverantiam
2542 2920 2596 2967 et
2636 2912 3012 2968 assistentiam
3048 2924 3165 2971 arte
3199 2917 3435 2988 quadam
3465 2920 3624 2975 vide-

2046 3008 2136 3056 tur
2173 3017 2521 3068 conservare,
2575 3019 2644 3059 ne
2688 3004 2799 3058 cito
2828 3005 2939 3059 voti
2988 3020 3212 3076 compos
3266 3014 3469 3076 tactus,
3512 3014 3626 3068 cito

356 3118 525 3164 σεως.
564 3098 722 3153 Ἀλλά
752 3100 817 3153 σὺ
842 3098 919 3169 μὴ
942 3100 1256 3173 ὲκκακήσῃς
1279 3100 1556 3171 δεόμενος,
1587 3103 1681 3156 καὶ
1720 3102 1941 3166 πάντως

2048 3094 2205 3149 etiam
2236 3104 2286 3149 te
2308 3093 2605 3159 subducas,
2637 3096 2969 3166 optima‘qtte
2993 3097 3303 3168 largitiOnis
3326 3100 3624 3156 oblivisca-

354 3190 645 3262 ἐπιτεύξῃ.
676 3186 812 3244 Εἶπε
843 3190 953 3261 γὰρ
984 3192 1079 3244 καὶ
1120 3191 1439 3262 παραϐολήν
1464 3209 1589 3249 τινα
1650 3195 1678 3246 6
1736 3192 1936 3263 Κύριος

355 3286 417 3338 ὲν
446 3282 528 3350 τῷ
551 3280 888 3351 Εὐαγγελίῳ,
914 3277 1053 3354 πρὸς
1101 3282 1162 3335 τὸ
1208 3282 1316 3336 δεῖν
1356 3284 1585 3338 πάντοτε
1644 3284 1939 3357 προσεύχε-

357 3372 508 3435 σθαι,
529 3371 623 3424 καὶ
657 3370 733 3441 μὴ
766 3372 1044 3424 ὲκκακεῖν.
1076 3370 1222 3443 Πλὴν
1254 3373 1478 3427 κάκεῖνο
1509 3373 1764 3442 γίνωσκε,
1790 3374 1872 3427 ὅτι
1904 3374 1939 3445 ἡ

355 3459 596 3533 ἀναϐολὴ
619 3459 838 3514 πλείονα
865 3462 1023 3534 χάριν
1050 3460 1208 3516 δώσει
1232 3480 1336 3529 σοι,
1353 3462 1536 3528 καθὼς
1558 3466 1585 3518 6
1608 3464 1761 3533 ἀγιος
1790 3465 1942 3518 Ἀπό⁸

360 3551 546 3616 στολος
589 3551 781 3622 εἴρηκε
811 3568 826 3582 ’
899 3572 917 3606 ι
978 3553 1067 3624 Τῷ
1121 3553 1177 3607 δὲ
1230 3554 1511 3625 δυναμένῳ
1567 3556 1705 3624 ὑπὲρ
1763 3556 1941 3610 πάντα

358 3641 605 3711 ποιῆσαι,
646 3644 786 3714 ὑπὲρ
812 3644 877 3698 ὲκ
903 3643 1163 3716 περιττοῦ
1205 3637 1280 3698 ὧν
1304 3644 1659 3718 αίτούμεθα,ῆ
1689 3650 1938 3717 νοοῦμεν,

364 3731 515 3800 δόξα,
542 3732 675 3804 τιμὴ
696 3732 789 3789 καὶ
824 3733 1025 3805 κράτος
1049 3734 1130 3797 είς
1143 3733 1269 3798 τοὺς
1307 3734 1531 3799 αἰῶνας.
1563 3753 1581 3788 ι

644 4002 828 4069 Ροςν.
861 4029 937 4041 —
983 4000 1659 4075 ΥΜΗΤΙῼηΕΠΙΣΚΟΠῼ.

435 4090 602 4147 οὐδὲν
631 4091 803 4157 οὕτως
832 4094 913 4156 εἰς
947 4092 1165 4147 κόλασιν
1188 4092 1560 4164 ἀπαραίτητον
1588 4092 1735 4161 άγει,
1774 4090 1850 4156 ὡς
1883 4091 1945 4144 τὺ

372 4181 598 4245 πολλοὺς
630 4181 875 4252 ζηλωτάς
895 4182 1001 4236 τῶν
1022 4182 1238 4236 οἰκείων
1262 4182 1532 4237 ποιεῖσθαι
1558 4180 1763 4236 κακῶν.
1793 4181 1945 4234 Γίνε⁹

370 4290 458 4326 ται
490 4272 599 4347 γάρ
625 4274 657 4344 ἠ
684 4272 789 4326 τῶν
813 4273 905 4327 τὸν
928 4274 1225 4327 ἐπίσκοπον
1260 4273 1657 4345 μιμησαμένων
1679 4272 1944 4340 ἀπώλεια,

368 4362 656 4433 προσθήκη
702 4361 971 4435 τιμωρίας
993 4364 1070 4435 τῷ
1095 4364 1278 4427 κακῶς
1304 4363 1572 4428 διδάξαντι
1613 4362 1705 4416 ἐπὶ
1731 4363 1828 4434 τῆς
1854 4364 1947 4416 ὲκ-

2039 3185 2136 3241 ris.
2207 3184 2596 3241 Verumtamen
2651 3186 2816 3257 209
2880 3195 2938 3241 tu
3007 3204 3129 3243 cum
3193 3190 3325 3260 quid
3384 3208 3623 3257 exoras,

2040 3291 2108 3331 ne
2133 3275 2318 3330 animo
2348 3275 2631 3341 concidas,
2673 3286 2727 3331 et
2754 3277 2983 3332 omnino
3013 3278 3155 3334 velis
3191 3279 3298 3335 tuis
3328 3281 3627 3350 responde-

2039 3365 2207 3421 bitur.
2241 3365 2387 3420 Dixit
2431 3382 2650 3437 quoque
2695 3368 3014 3437 parabolam
3054 3366 3320 3427 Dominus
3360 3372 3412 3426 in
3448 3371 3626 3428 Evan-

2038 3457 2201 3530 gelio,
2258 3463 2316 3511 ut
2374 3457 2696 3514 insistamus
2742 3459 2799 3513 in
2862 3459 3116 3514 oratione
3171 3462 3471 3529 continuo,
3521 3478 3623 3518 nec

2039 3546 2481 3619 despondeamus
2522 3548 2722 3603 animis
2745 3549 2788 3602 ".
2824 3548 2961 3603 Illud
2992 3564 3215 3619 quoque
3255 3553 3418 3616 scito,
3460 3552 3623 3607 indu-

2039 3641 2155 3696 cias
2196 3640 2459 3710 majorem
2504 3640 2604 3694 tibi
2657 3640 2890 3709 gratiam
2943 3640 3225 3705 aliaturas,
3286 3649 3345 3694 ut
3402 3641 3622 3697 divinus

2038 3732 2337 3801 Apostolus
2368 3731 2545 3785 dixit:
2588 3750 2606 3783 ι
2642 3729 2862 3785 Potenti
2903 3746 3069 3800 super
3102 3732 3286 3787 omnia
3334 3730 3535 3796 facere,
3568 3739 3624 3786 et

2041 3824 2569 3894 superabundanter,
2601 3837 2722 3893 qua:
2752 3825 2989 3892 petimus
3029 3830 3124 3875 aut
3162 3830 3346 3877 mente
3379 3824 3624 3893 concipi-

2041 3930 2183 3983 mus,
2224 3914 2302 3968 illi
2339 3914 2531 3984 gloria,
2568 3913 2747 3968 honor
2771 3913 3024 3989 etrobnr
3058 3914 3111 3967 in
3148 3915 3348 3968 sazcula
3376 3916 3418 3970 ⁸.
3454 3933 3473 3966 ι

2230 4002 2512 4061 CLXXVI.
2582 4036 2608 4045 -
2642 3998 2942 4059 HYMETIO
3016 4003 3382 4061 'EPISCOPO.
3606 4060 3627 4074 ,

2112 4097 2259 4153 Nihil
2308 4113 2462 4169 aeque
2501 4097 2570 4152 ad
2611 4111 2806 4168 pmnas
2853 4096 3298 4166 iudeprecabiles
3352 4099 3507 4156 ducit
3559 4115 3629 4156 ac

2043 4189 2312 4259 plurimos
2333 4187 2683 4259 propriorum
2716 4188 2987 4243 scelerum
3036 4189 3387 4247 zemulatores
3419 4191 3623 4251 facere.

2044 4279 2131 4334 Fit
2161 4282 2306 4336 enim
2342 4296 2556 4345 eorum,
2585 4282 2678 4353 qui
2723 4281 2966 4353 episcopi
3013 4294 3420 4354 persequuntur
3455 4288 3626 4343 vesti-

2046 4370 2155 4443 gia,
2191 4371 2445 4436 exitium,
2492 4371 2571 4425 illi
2628 4371 2722 4442 qui
2778 4373 2919 4428 male
2960 4374 3014 4427 in
3064 4374 3299 4430 ecclesia
3337 4376 3521 4431 docuit
3572 4384 3627 4431 et

367 4452 632 4522 κλησίας,
686 4452 781 4504 καὶ
830 4452 1254 4523 κατεγνωσμὲνα
1294 4452 1596 4522 ἀναφανδὸν
1626 4452 1939 4524 πράττοντι,

2048 4461 2225 4531 palam
2278 4461 2566 4531 reprobata
2598 4461 2847 4533 peragit,
2891 4476 3183 4530 pinnarum
3250 4464 3522 4528 accessio,
3572 4470 3627 4517 et

366 4545 459 4597 καὶ
484 4543 573 4597 διά
605 4543 714 4597 τῶν
748 4545 1242 4616 παραιτησαμένων
1271 4544 1347 4608 ὡς
1376 4545 1607 4616 αἰσχράν
1642 4546 1739 4617 τὴν
1772 4544 1945 4616 μίμη-

368 4649 453 4686 σιν
486 4633 835 4701 κατάγνωσις
882 4634 943 4686 οὐ
982 4636 1173 4704 μικρὰ,
1202 4634 1390 4705 ὅτιπερ
1411 4633 1727 4697 διδάσκαλος
1758 4632 1945 4687 κακῶν

363 4724 591 4791 γέγονεν
639 4724 668 4776 6
714 4723 1032 4789 ἐπίσκοπος,
1069 4719 1144 4780 ὧν
1181 4724 1278 4796 τὴν
1311 4724 1547 4797 μάθησιν
1588 4724 1949 4778 ἐπονείδιστον

363 4813 656 4883 κρίναντες
683 4812 1022 4882 πεφεύγασιν
1069 4816 1118 4867 οἱ
1169 4813 1407 4885 σώφρονι
1435 4813 1767 4887 χρησάμενοι
1796 4814 1951 4882 λογι-

366 4922 516 4976 σμῳ.

604 4998 770 5052 ΡΟΖ⁹.
806 5029 871 5041 -
909 4997 1219 5070 ΟΝΗΣῙΜῼ
1247 4997 1709 5055 ΠΡΩΤΕΥΟΝΤΙ.

444 5087 623 5159 Ἀπερ
657 5090 946 5159 ἀπλήστως
982 5089 1376 5162 συναθροίζεις,
1417 5091 1513 5144 καὶ
1544 5090 1774 5146 κτᾶσθαι
1806 5090 1955 5146 νενό-

366 5197 563 5252 μικας,
591 5180 690 5250 οὐχ
732 5182 1039 5251 ὑπάρχουσι
1079 5180 1182 5235 σά·
1217 5181 1297 5245 είς
1345 5180 1453 5251 γὰρ
1489 5180 1653 5252 ἔτερα
1695 5181 1955 5253 μετελεύ-

368 5290 558 5327 σονται
584 5275 872 5344 πρόσωπα.
920 5273 978 5325 Ὀ
1023 5273 1122 5345 μὲν
1152 5273 1263 5345 γὰρ
1297 5271 1494 5344 μόχθος
1523 5271 1635 5339 σὸς,
1678 5275 1707 5328 6
1747 5274 1803 5329 δὲ
1837 5274 1955 5345 βίος

363 5366 673 5439 ἀλλότριος.
702 5367 853 5420 Διατί
897 5362 989 5421 οὗν
1027 5366 1214 5439 ὥσπερ
1256 5367 1473 5422 οίκείων
1514 5366 1625 5423 τῶν
1653 5366 1957 5440 ἀλλοτρίωγ

364 5412 650 5532 ἀντιπὲιῇζ
688 5459 910 5543 βαρείας
941 5459 1121 5531 σαυτῷ
1152 5412 1251 5524 τιάς
1272 5458 1440 5523 πέδας
1477 5459 1576 5532 τῆς
1611 5456 1743 5531 ὕλης
1785 5412 1953 5512 x210:-

485 5599 687 5669 ‘7Psal.
719 5615 939 5669 univ,
973 5602 1059 5657 i5.
1171 5602 1192 5635 ³
1230 5602 1408 5658 Galat.
1432 5618 1485 5668 ν,
1515 5603 1605 5660 22.

452 5671 474 5703 ’⁸
504 5668 642 5727 Luc.
667 5687 824 5740 xvm,
862 5668 934 5730 ’i.’
989 5673 1011 5706 ⁸
1043 5672 1242 5739 Ephes.
1280 5689 1363 5736 Ill.
1387 5673 1478 5728 20.

1706 5602 1729 5637 ⁸
1758 5601 1955 5660 Matth.
1979 5616 2103 5665 xm,
2151 5600 2204 5668 8,
2269 5600 2361 5658 25.

2045 4561 2144 4617 per
2173 4562 2288 4611 eos,
2326 4547 2419 4617 qui
2454 4547 2530 4600 uti
2562 4556 2775 4617 turpem
2807 4548 3171 4604 imitationem
3213 4550 3480 4616 vitarunt,
3516 4565 3625 4604 non

2048 4635 2184 4690 levis
2213 4636 2620 4700 condemnatio,
2646 4636 2789 4705 quod
2811 4651 3103 4707 pravorum
3129 4636 3386 4706 magister
3416 4636 3628 4703 episco-

2049 4744 2154 4799 pus
2206 4728 2386 4785 faetus
2423 4730 2552 4799 ;cst,
2601 4744 2835 4799 quorum
2893 4728 3237 4798 disciplinam
3291 4727 3629 4798 vituperabi-

2054 4820 2157 4875 lem
2184 4820 2523 4891 iudicantes,
2549 4821 2643 4891 qui
2676 4836 2809 4876 sana
2842 4828 3024 4876 mente
3073 4820 3322 4893 fuerunt,
3366 4819 3629 4874 condem-

2056 4920 2283 4968 narunt.

2301 4999 2605 5058 CLXXVII.
2644 5031 2706 5044 --
2738 4999 3042 5057 ONESIMO
3071 4999 3382 5056 PRIMATI.

2127 5091 2259 5158 Quze
2288 5107 2503 5162 semper
2552 5108 2655 5148 nec
2695 5095 2982 5162 expletus,
3024 5106 3124 5146 nec
3165 5091 3398 5146 satiatus
3428 5096 3632 5161 conge-

2056 5183 2157 5248 ris,
2187 5192 2244 5239 et
2279 5183 2563 5253 possidere
2588 5183 2895 5247 existimas,
2933 5197 3042 5236 non
3078 5188 3204 5236 sunt
3234 5189 3365 5247 tua;
3400 5182 3454 5235 in
3498 5180 3633 5237 alia!

2058 5275 2202 5330 enim
2250 5272 2568 5346 gradientur
2621 5286 2886 5343 personas
2930 5286 3212 5341 :namque
3256 5271 3410 5326 labor
3451 5271 3640 5325 multa:

2060 5379 2241 5437 operm
2290 5373 2419 5422 tuus
2466 5371 2574 5431 est,
2625 5363 2830 5419 divitia:
2880 5379 3015 5420 vero
3076 5376 3320 5433 opesque
3376 5362 3633 5419 aliorum.

2062 5457 2365 5525 Quamnam
2396 5456 2564 5528 igitur
2603 5456 2674 5513 ob
2707 5469 2934 5512 causam
2960 5471 3024 5512 ea
3058 5468 3181 5525 quae
3212 5454 3450 5509 aliorum
3485 5461 3636 5521 sunt,

2477 5600 2497 5632 ⁸
2539 5598 2863 5670 Lucum,
2885 5600 2974 5656 42.
3094 5600 3117 5633 ⁸
3149 5597 3298 5655 Psal.
3338 5611 3562 5663 Lxuvr,
3589 5596 3641 5654 ι.
