3968 6214
388 345 496 413 291

1873 336 1937 397 S.
1978 284 2141 396 NII/.1

3544 336 3654 400 232

385 474 645 533 tanquam
693 456 913 530 propria
961 449 1329 514 eonsertaris,
1389 463 1584 522 graves
1637 447 1963 519 tibimetipsi

2077 449 2367 515 ικευάζων,
2403 436 2498 505 καὶ
2544 449 2636 503 τὸν
2673 448 3003 519 ταλανισμὸν
3044 449 3137 503 τοῦ
3168 450 3451 520 προφήτου
3487 453 3652 521 ἐφέλ-

385 555 630 611 materite
653 546 944 615 compedes
972 552 1288 607 exstruens,
1319 550 1375 598 et
1409 541 1612 595 malum
1647 541 1748 595 tibi
1782 554 1970 606 omen,

386 645 532 716 quod
586 656 615 694 a
674 638 938 709 prepheta
992 636 1278 713 indicitur,
1338 635 1502 704 210
1555 633 1824 688 attrabis?
1878 630 1971 685 Va

386 738 531 792 enim
574 733 675 797 illi,
711 729 911 799 inquit,
934 728 1029 799 qui
1062 728 1271 798 colligit
1302 742 1423 797 qua:
1457 740 1557 782 sua
1590 741 1700 780 non
1734 735 1888 789 sunt,
1912 735 1968 782 et

385 832 644 897 aggravat
685 824 878 893 jugnm
918 836 1082 874 suum
1132 819 1359 874 robuste
1391 819 1445 880 ’ς
1497 819 1544 872 is
1597 819 1968 891 substantiam

384 919 603 989 quidem
640 930 797 971 suam
833 914 1065 972 amittet,
1094 910 1309 980 sibique
1348 909 1644 964 insatiabili
1669 908 1972 980 cupiditate

383 1021 618 1068 aeternas
653 1023 849 1079 poenas
886 1003 1254 1074 comparabit.

491 1098 815 1155 CLXXVIII.
855 1127 922 1136 —
955 1090 1309 1147 TAURIANO
1341 1087 1845 1146 EXPBEFECTO.

455 1194 549 1250 Va:
575 1194 770 1246 animae
802 1198 907 1243 tute
938 1195 991 1241 et
1020 1188 1143 1239 vita:
1172 1193 1303 1250 tum,
1332 1184 1753 1248 immisericors,
1794 1194 1848 1238 et
1883 1182 1962 1236 in-

387 1298 606 1344 sensate
637 1285 649 1337 !
680 1284 903 1352 Ignoras
945 1277 1148 1348 quippe
1171 1316 1186 1341 ,
1222 1274 1419 1329 durum
1457 1274 1554 1329 tibi
1600 1287 1724 1330 esse
1773 1280 1966 1327 contra

384 1381 667 1435 stimulum
707 1374 996 1428 calcitrare
1021 1373 1085 1435 ¹⁹,
1124 1380 1177 1425 et
1216 1366 1461 1423 terribile
1491 1366 1759 1420 adversus
1796 1363 1964 1417 Deum

385 1470 585 1524 audere
618 1480 839 1521 manum
872 1464 1140 1519 attollere.
1172 1461 1380 1530 lnjuria
1406 1458 1554 1512 enim
1582 1455 1955 1513 sanctisillata

385 1563 439 1616 in
472 1562 642 1615 Deum
666 1572 896 1627 prorsus
923 1552 1263 1625 rependitur.
1288 1549 1541 1621 Namque
1580 1546 1802 1618 optimis
1832 1560 1966 1600 con-

386 1652 527 1707 siliis
556 1649 790 1710 deditos,
837 1645 930 1717 qui
970 1644 1035 1698 ad
1084 1642 1335 1697 Platonis
1367 1639 1650 1695 victoriosi
1698 1635 1961 1707 martyris

2068 554 2225 604 κειςς
2256 540 2391 594 Οὐαὶ
2419 539 2549 611 γὰρ,
2581 541 2736 610 φησὶ,
2761 539 2838 610 τῷ
2870 542 3156 610 συνάγοντι
3182 541 3250 595 τὰ
3272 542 3371 594 οὐκ
3398 542 3527 597 ϐντα
3551 544 3655 598 αὑ-

2067 628 2184 695 τοῦ,
2213 630 2307 682 καὶ
2340 630 2625 701 βαρύνοντι
2654 633 2744 683 τὸν
2776 630 2957 683 κλοιὸν
3002 630 3167 684 αὐτοῦ
3212 630 3485 699 στιϐαρῶς
3506 673 3521 698 ,
3556 635 3655 688 καὶ

2066 721 2166 793 τὴν
2199 723 2296 792 μὲν
2319 720 2553 792 ὓπαρξιν
2576 721 2871 775 ἀπολλύναι
2902 721 3169 792 μέλλοντι,
3211 722 3558 796 ποριζομένῳ
3592 724 3655 779 δὲ

2066 813 2157 868 διὰ
2192 815 2282 869 τὸν
2312 815 2585 886 ἄπληστον
2613 815 2814 885 τρόπον
2835 816 2930 885 τὴν
2963 812 3181 868 αἰώνιον
3215 815 3458 871 κόλασιν.

2243 1093 2418 1149 ΡΟΗ’.
2454 1125 2520 1135 -
2552 1095 2902 1167 ΤΑΥΡΙΑΝῼ
2935 1096 3073 1147 Alli)
3123 1096 3470 1150 ΕΠΑΡΧΩΝ.

2139 1189 2278 1242 Οὐαὶ
2307 1190 2374 1259 τῇ
2417 1187 2561 1258 ψυχῇ
2616 1204 2730 1249 σου,
2764 1188 2857 1241 καὶ
2884 1186 3237 1257 ἀπάνθρωπε,
3270 1189 3364 1240 καὶ
3413 1190 3609 1259 ἀνόητε
3638 1192 3651 1243 ί

2078 1279 2318 1350 Ἀγνοεῖς
2333 1282 2461 1352 γὰρ,
2486 1282 2567 1334 ὅτι
2590 1280 2824 1351 σκληρόν
2859 1297 2941 1333 σοι
2970 1279 3103 1351 πρὸς
3125 1280 3325 1350 κέντρα
3356 1262 3656 1347 λακτίζειν,

2066 1374 2160 1425 καὶ
2182 1373 2446 1444 φρικῶδες
2462 1373 2519 1426 τὸ
2543 1372 2683 1426 κατά
2701 1372 2793 1425 τοῦ
2819 1371 2951 1425 Θεοῦ
2979 1371 3155 1443 αἴρειν
3180 1372 3450 1441 τολμῆσαι
3473 1375 3655 1444 χεῖρα.

2078 1465 2143 1519 Ἦ
2168 1465 2276 1536 γὰρ
2296 1463 2453 1537 ὕϐρις
2481 1466 2514 1535 ἠ
2539 1466 2679 1519 κατά
2705 1463 2810 1517 τῶν
2838 1464 3008 1533 ἁγίων
3024 1464 3306 1534 γινομένη,
3325 1466 3547 1527 πάντως
3567 1466 3650 1518 ὅτι

2064 1558 2144 1622 είς
2164 1558 2295 1612 Θεὸν
2325 1558 2606 1626 ἀνάγεται.
2633 1556 2773 1620 Τοὺς
2794 1556 2902 1627 γάρ
2924 1555 2988 1626 δὴ
3015 1558 3093 1619 είς
3116 1555 3207 1609 τὸν
3232 1556 3397 1626 σηκὸν
3434 1555 3658 1610 Πλάτω-

2064 1667 2151 1714 νος
2167 1648 2259 1702 τοῦ
2281 1648 2590 1703 καλλινίκου
2609 1649 2883 1720 μάρτυρος
2904 1647 3317 1716 καταφυγόντας
3331 1648 3657 1716 φροντιστὰς

385 1727 645 1813 templum
664 1739 1046 1807 confugerant,
1071 1735 1123 1789 vi
1153 1733 1526 1804 incomposita
1567 1745 1783 1801 rapere,
1812 1737 1866 1784 et
1898 1727 1955 1781 in

2077 1738 2410 1811 τετολμηκὼς
2428 1739 2671 1811 ἁρπάσαι
2692 1741 2758 1810 τῇ
2785 1739 3041 1810 ἀφορὴτῳ
3064 1736 3174 1809 βίᾳ,
3197 1738 3289 1799 καὶ
3309 1740 3390 1801 είς
3409 1738 3658 1809 φυλακὴν

386 1850 661 1890 carcerem
690 1832 967 1901 publicum
997 1825 1279 1883 intrudere
1309 1839 1506 1890 ausus;
1550 1822 1787 1893 indeque
1813 1819 1961 1874 haud

2077 1803 2324 1904 ἐμϐαλεῖν
2348 1803 2633 1904 δημοσίαν,
2661 1803 2758 1886 καῖ
2786 1803 3025 1903 βρέμων⁷
3049 1803 3322 1903 ἀφόρητα,
3361 1803 3550 1899 φυσῶν
3598 1803 3657 1885 τε

386 1929 744 1987 tolerabiliter
768 1926 1088 1997 strepitans,
1119 1930 1173 1978 et
1212 1922 1415 1978 buccas
1446 1918 1663 1983 inﬂans,
1687 1924 1740 1972 et
1771 1931 1966 1986 super-

385 2021 511 2076 cilia
538 2018 784 2088 erigens,
814 2022 869 2070 et
900 2014 1119 2068 decreto
1152 2011 1248 2066 illo
1286 2018 1384 2065 tuo
1419 2018 1779 2081 tyrannorum
1811 2020 1967 2062 more

385 2113 670 2168 teterrimo
704 2111 907 2165 liberos
936 2107 992 2162 in
1026 2106 1346 2162 servitutem
1371 2103 1673 2185 adducens,
1725 2117 1963 2173 quanam

387 2207 507 2277 ipse
548 2205 760 2260 ratione
796 2201 944 2273 quod
993 2202 1237 2255 futurum
1275 2209 1360 2253 est
1398 2196 1813 2254 inconsiderate
1852 2209 1967 2249 non

386 2296 634 2370 cogitas?
659 2294 935 2364 quomodo
966 2289 1314 2362 postmodum
1345 2295 1578 2344 ventura
1607 2302 1719 2343 non
1754 2286 1969 2343 exami-

385 2406 507 2456 nas,
542 2386 867 2444 insensate?
914 2383 1192 2458 quomodo
1235 2396 1419 2438 rerum
1470 2379 1620 2436 vices
1667 2378 1969 2450 praevidere

385 2496 494 2536 non
526 2480 789 2542 sustines,
814 2485 996 2531 mente
1026 2473 1216 2544 capte?
1244 2487 1418 2541 eoque
1437 2469 1808 2542 potissimum,
1841 2482 1968 2522 cum

387 2573 455 2628 ad
484 2580 606 2627 vota
639 2580 734 2624 tua
767 2584 933 2640 prope
965 2575 1154 2624 astans
1189 2565 1417 2620 accedat
1463 2562 1738 2633 pessimus
1783 2559 1970 2616 consi-

386 2664 601 2723 liarius.
639 2671 693 2717 et
721 2676 884 2731 quam
920 2657 1156 2714 maxime
1186 2653 1559 2711 exsecrandus
1591 2653 1709 2707 fisci
1736 2652 1971 2707 advoca-

389 2764 479 2810 tus
501 2753 856 2815 Laurentius,
887 2751 1051 2805 homo
1083 2747 1468 2818 impiissimus,
1487 2754 1637 2801 totus
1658 2742 1971 2813 corruptela

389 2857 443 2903 et
474 2860 672 2916 vappa.
706 2842 1135 2898 Animadvertas
1163 2840 1347 2903 velim,
1385 2836 1796 2893 sanctissimum
1825 2835 1972 2891 hunc

387 2948 685 3010 martyrem
754 2951 861 2991 non
939 2950 1062 2991 esse
1116 2929 1805 2999 contemnendum,teque
1835 2935 1972 2983 met-

389 3033 568 3102 ipsum
603 3043 844 3100 praepara
877 3027 942 3082 ad
972 3027 1152 3081 futura
1182 3033 1375 3081 contra
1403 3028 1456 3079 te
1481 3022 1601 3077 dira
1626 3022 1968 3092 excipienda,

2062 1926 2163 1990 τάς
2191 1926 2446 1995 γνάθους,
2471 1926 2565 1979 καὶ
2590 1925 2689 1989 τὰς
2717 1922 2889 1996 ὀφρῦς
2920 1921 3203 1988 ἀνασπῶν,
3252 1922 3347 1977 καὶ
3398 1924 3660 1978 καταδου·

2063 2016 2321 2089 λούμενος
2342 2017 2468 2080 τοὺς
2510 2013 2829 2085 ἐλευθέρους
2882 2015 2949 2085 τῇ
2983 2013 3410 2084 παντοτυράννῳ
3437 2013 3658 2085 γνώμῃ,

2064 2108 2181 2171 πῶς
2200 2108 2260 2162 οὗ
2286 2107 2476 2180 λογίζῃ
2506 2108 2568 2161 τὸ
2596 2106 2807 2179 μέλλον,
2833 2105 3118 2173 ἀλόγιστε;
3143 2105 3262 2169 πῶς
3283 2105 3352 2160 τὰ
3374 2106 3659 2177 συμϐησό-

2068 2216 2206 2272 μενα
2228 2199 2453 2272 ὕστερον
2473 2200 2533 2254 οὐ
2560 2199 2881 2271 διασκέπτῃ.
2901 2197 3219 2267 ἁναίσθητες
3241 2197 3357 2261 πῶς
3374 2197 3473 2262 τὰς
3495 2215 3663 2269 μετα·

2065 2295 2228 2359 ϐολάς
2277 2294 2386 2348 τῶν
2425 2293 2765 2365 πραγμάτων
2810 2290 3138 2363 προϐλέπειν
3167 2291 3226 2344 οὐ
3262 2290 3455 2356 θέλεις,
3482 2309 3662 2363 παρα-

2067 2387 2227 2459 πλὴξ,
2249 2389 2344 2443 καὶ
2370 2386 2583 2459 μάλισθ’
2604 2387 2685 2440 ὅτι
2705 2383 2842 2456 πρὸς
2857 2384 2947 2437 τὸν
2970 2384 3169 2437 σκοπὸν
3182 2383 3274 2436 τὸν
3293 2383 3512 2449 σαυτοῦ,
3533 2400 3661 2436 παν-

2068 2479 2402 2550 φαυλότατον
2449 2475 2751 2548 σύμϐουλον
2785 2474 2878 2529 καὶ
2909 2473 3379 2545 παμμιαρώτατον
3432 2472 3660 2542 ἐγγύθεν

2069 2570 2214 2642 ἔχεις
2249 2569 2341 2624 τὸν
2372 2568 2480 2623 ἀπὸ
2515 2569 2713 2638 φίσκου
2752 2566 3067 2637 συνηγόρων
3102 2566 3455 2637 Λαυρέντιον,
3490 2565 3661 2637 ἄνδρα

2068 2659 2519 2720 δυσσεϐέστατον,
2582 2655 2983 2727 διεφθαρμένον
3032 2656 3153 2710 ὅλον
3200 2655 3300 2709 καὶ
3346 2655 3657 2726 σεσηπότας

2067 2747 2311 2801 Γίνωσκε
2359 2747 2541 2801 τοίνυν
2574 2745 2648 2816 μὴ
2680 2744 3521 2816 εὐκαταφρόνητοντυγχάνοντα
3566 2743 3661 2797 τὸν

2071 2838 2335 2906 πανάγιον
2362 2837 2665 2909 ’μάρτυρα,
2719 2834 2814 2888 καὶ
2850 2833 3047 2888 σαυτὸν
3095 2832 3387 2904 εὐτρέπιζε
3435 2834 3573 2905 πρὸς
3599 2833 3660 2887 τὸ

2072 2927 2436 2993 ὑποδέξασθαι
2475 2927 2545 2980 τὰ
2565 2926 2973 2999 ἐπελευσόμενά
3008 2945 3089 2982 σοι
3118 2925 3293 2991 δεινά,
3342 2926 3515 3002 ὀργὴν
3558 2926 3661 2998 μὲν

2069 3018 2164 3074 τοῦ
2194 3018 2391 3091 θνητοῦ
2418 3018 2705 3089 βασιλέως,
2728 3018 2890 3091 δι’-ἥν
2919 3022 3014 3074 καὶ
3039 3021 3315 3087 δειλιάσας
3341 3020 3658 3096 προσφεύξῃ

389 3121 733 3177 iracundiam
772 3119 1016 3175 mortalis
1052 3116 1423 3188 imperatoris,
1460 3114 1619 3183 cujus
1656 3121 1803 3169 metu
1847 3128 1971 3184 per-

2077 3111 2219 3180 5ροις
2241 3113 2354 3174 τοῖς
2398 3111 2781 3174 σεπτοτάτοις,
2831 3111 3029 3177 οἵτινες
3064 3112 3216 3182 παρά
3272 3112 3366 3166 σοῦ
3403 3112 3658 3186 ὑϐρίσθη-

389 3215 533 3268 citus
586 3212 652 3265 ad
698 3212 901 3266 limites
944 3210 1067 3265 illos
1114 3208 1351 3262 maxime
1392 3205 1732 3260 venerandos
1776 3204 1970 3259 confu-

390 3308 536 3378 gies,
567 3306 657 3377 qui
708 3319 738 3357 a
785 3311 836 3357 te
878 3300 1078 3370 injuria
1122 3296 1303 3352 affecti
1352 3302 1502 3360 sunt,
1536 3303 1590 3350 et
1630 3294 1969 3364 contemptui

390 3396 597 3451 habiti:
654 3394 914 3463 deinceps
965 3388 1216 3444 morbum
1267 3400 1513 3458 gravem,
1567 3385 1971 3454 molestumque

391 3488 550 3559 211
584 3488 701 3553 tibi,
740 3484 1107 3552 omnibusque
1141 3481 1289 3543 aliis,
1337 3494 1573 3548 quorum
1624 3478 1740 3548 ipse
1785 3492 1973 3533 amore

392 3577 599 3632 teneris
627 3594 641 3641 ;
681 3572 1050 3645 postmodum,
1076 3569 1381 3641 ingentium
1412 3577 1632 3623 tuarum
1665 3584 1728 3623 ac
1755 3577 1971 3640 specta-

393 3667 584 3720 bilium
621 3665 939 3719 facultatum
966 3660 1446 3730 proscriptionem.
1476 3659 1543 3713 Et
1577 3666 1708 3715 tunc
1738 3659 1973 3730 denique

388 3756 543 3813 Jovis
586 3764 739 3826 pater
789 3752 1065 3807 Saturnus
1110 3750 1382 3806 concinne
1430 3757 1481 3804 te
1527 3749 1855 3820 deplorabit,
1911 3766 1975 3806 ac

392 3849 635 3905 suaviter
673 3843 1018 3917 praecidetur,
1056 3842 1201 3913 quod
1237 3850 1295 3897 tu
1321 3841 1669 3913 potissimum
1700 3841 1852 3895 illum
1886 3841 1972 3895 in-

393 3950 478 3995 ter
516 3942 653 3995 alios
703 3939 835 3993 deos
878 3926 1091 4011 colens,
1137 3950 1263 3990 cum
1310 3949 1575 4006 prospere
1624 3949 1837 4004 ageres,
1890 3933 1975 3988 la-

390 4033 601 4104 crymis
618 4030 919 4101 saepissime
951 4029 1095 4083 inter
1129 4026 1558 4088 solemnitatem,
1579 4032 1845 4096 tanquam
1876 4039 1974 4081 ve-

397 4124 584 4178 rendis
614 4124 819 4176 misere
845 4120 1120 4181 mutilum,
1148 4124 1201 4171 et
1229 4118 1453 4188 proprio
1488 4115 1600 4173 fll‘lo
1618 4117 1969 4189 colligatum,

2080 3220 2179 3258 σαν
2237 3203 2333 3256 καὶ
2379 3200 2843 3274 ἑξητιμάσθησαν,
2896 3198 3016 3257 εἶτα
3062 3204 3219 3258 νόσον
3284 3204 3509 3276 βαρεῖαν
3563 3207 3659 3259 καὶ

2077 3294 2321 3366 χαλεπὴν
2370 3293 2567 3349 σαυτοῦ
2617 3311 2676 3348 τε
2716 3295 2812 3347 καὶ
2852 3295 3071 3348 πάντων
3121 3295 3229 3349 τῶν
3272 3292 3658 3367 περιποθήτων

2078 3401 2183 3450 σοι,
2226 3385 2363 3455 μετὰ
2386 3385 2441 3437 δὲ
2473 3383 2643 3438 ταῦτα
2678 3386 2855 3439 πάντα
2887 3384 2985 3455 τὴν
3012 3384 3276 3456 δήμευσιν
3316 3386 3415 3457 τῆς
3447 3402 3658 3457 προφε-

2080 3476 2281 3547 ρούσης
2313 3493 2395 3529 σοι
2444 3476 2689 3547 μεγάλης
2722 3474 3060 3547 περιουσίας.
3105 3477 3216 3530 Καὶ
3252 3475 3374 3530 τότε
3412 3477 3599 3531 λοιπὸν
3630 3478 3660 3532 6

2076 3566 2172 3622 τοῦ
2205 3568 2325 3631 Διὸς
2355 3566 2537 3639 πατὴρ
2580 3567 2791 3637 Κρόνος
2830 3567 3070 3640 λιγυρῶς
3116 3583 3179 3621 σε
3224 3568 3483 3639 θρηνήσει
3509 3610 3523 3634 ,
3565 3572 3660 3623 καὶ

2080 3658 2305 3730 κόψεται
2340 3658 2529 3728 ἡδέως,
2560 3658 2693 3712 διότι
2726 3658 2959 3730 μάλιστα
2990 3659 3084 3712 καὶ
3126 3658 3190 3712 σὺ
3222 3659 3373 3730 παρά
3407 3661 3534 3725 τοὺς
3566 3661 3662 3716 ἄλο

2077 3749 2204 3814 λους
2254 3749 2411 3813 θεοὺς
2461 3749 2652 3802 τοῦτον
2688 3749 2863 3803 σέϐων
2897 3751 2955 3803 ἐν
2988 3752 3054 3821 τῇ
3108 3752 3405 3822 εὐημερίᾳ,
3439 3752 3659 3824 θρήνοις

2080 3860 2222 3913 παρε
2232 3843 2459 3913 μυθήσω
2478 3842 2601 3896 καθ’
2622 3842 2815 3913 ἑορτὴν
2836 3840 3177 3908 πλειστάκις,
3200 3844 3293 3897 ἆτε
3311 3843 3420 3896 τῶν
3442 3844 3661 3900 αἰδοίων

2080 3934 2486 4005 ἐκτετμημένον
2530 3933 2798 4000 ἐλεεινῶς,
2830 3935 2927 3988 καὶ
2978 3934 3261 4004 δεδεμένον
3282 3936 3515 4007 οἰκτρῶς
3555 3938 3665 3993 ὑπὸ

2080 4028 2282 4083 οίκείου
2309 4027 2515 4092 παιδὸς.
2539 4029 2725 4097 καὶτῷ
2740 4028 3212 4100 δερμοκουκουλίῳ
3234 4031 3663 4104 κατακεκαλυμ-

2082 4118 2263 4191 μένον,
2291 4116 2387 4171 καὶ
2415 4114 2476 4168 τὸ
2515 4115 2704 4179 σκότος
2726 4114 2979 4171 οἰκοῦντα
3011 4118 3295 4190 διηνεκῶς.

396 4225 450 4272 et
474 4215 687 4270 cuculla
719 4214 945 4281 pellicea
989 4212 1290 4273 obtectum,
1329 4216 1773 4280 sempiterneque
1820 4206 2079 4271 tenebras
2113 4211 2509 4268 inhabitantem
2557 4211 2875 4266 consolatus
2907 4226 2987 4266 es.

593 4300 873 4358 CLXXIX.
905 4328 974 4339 ——
1000 4298 1352 4355 AMBLICHO
1378 4298 1760 4357 CURATORI.

468 4393 607 4463 Quid
641 4394 881 4455 laboras,
909 4406 943 4446 ο
982 4392 1167 4456 homo,
1207 4399 1261 4443 et
1299 4389 1505 4445 frustra
1547 4391 1782 4450 sudores
1813 4394 1971 4452 insu-

2336 4301 2502 4357 POG'.
2528 4333 2598 4341 —
2625 4302 2939 4376 ΑΜΒΛΙΧῼ
2966 4303 3381 4362 ΚΟΥΡΑΤΟΡῙ.

2150 4395 2217 4448 Τί
2239 4393 2482 4466 μοχθεῖς,
2514 4393 2791 4464 ἄνθρωπε,
2828 4395 2924 4450 καὶ
2968 4396 3199 4467 κάμνεις
3244 4401 3522 4473 ἀπέραντα
3550 4419 3566 4469 ;
3612 4408 3668 4458 τί

394 4485 542 4541 niis?
579 4483 721 4552 Quid
758 4483 1105 4553 temetipsum
1133 4481 1198 4536 ad
1226 4480 1394 4538 falsas
1428 4484 1698 4540 vanitates
1730 4486 1971 4556 praecipi-

2085 4483 2435 4549 κατελαύνεις
2496 4484 2691 4537 σαυτὸν
2744 4484 2883 4556 πρὸς
2929 4485 3030 4555 τὴν
3064 4487 3237 4559 ψευδῆ
3289 4472 3659 4563 ματαιότητας

390 4585 507 4632 1cm
549 4574 703 4646 agis?
740 4573 1023 4629 Sententia
1076 4571 1183 4626 ista
1234 4579 1326 4626 tua
1377 4588 1409 4627 a
1464 4572 1651 4629 divino
1704 4572 1977 4644 PrOplieta

389 4667 737 4739 deploratur,
816 4672 871 4719 et
962 4662 1105 4718 inter
1165 4678 1253 4719 res
1303 4663 1495 4719 beatas
1555 4662 1980 4735 fortunatasque

390 4760 720 4813 collocatur.
746 4774 765 4807 ι
795 4754 996 4831 Beatus
1021 4754 1190 4817 enim,
1217 4755 1311 4819 ait,
1338 4754 1521 4819 homo,
1552 4756 1640 4810 cui
1660 4766 1743 4812 est
1775 4772 1978 4813 nomen

398 4848 615 4904 Domini
648 4863 773 4919 spes
803 4848 946 4918 ejus,
983 4854 1036 4903 et
1075 4862 1185 4901 non
1220 4846 1464 4916 respexit
1506 4846 1562 4901 in
1593 4848 1891 4913 vanitates,
1923 4854 1979 4904 et

399 4944 650 4999 insanias
682 4941 850 4997 falsas
886 4941 951 4995 ιι.
995 4958 1014 4991 ι
1050 4938 1304 5008 Nunquid
1340 4954 1440 4993 nos
1480 4938 1584 5008 ipsi
1627 4951 1843 5005 sumus,
1882 4939 1976 5011 qui

401 5034 526 5088 vita:
566 5042 768 5088 nostra:
797 5031 1110 5087 necessaria
1151 5030 1509 5101 perlicimus?
1547 5031 1691 5088 Deus
1729 5041 1834 5098 est,
1882 5033 1977 5103 qui

395 5138 524 5180 eam
552 5122 825 5193 disponit:
861 5132 914 5178 et
945 5123 1184 5176 humana
1220 5122 1399 5176 studia
1429 5120 1615 5193 divino
1648 5124 1854 5179 auxilio
1883 5125 1979 5180 de-

401 5215 617 5275 stituta,
646 5192 969 5268 necessario
1011 5211 1119 5265 fine
1156 5225 1257 5265 suo
1299 5192 1672 5280 frustrantur;
1698 5220 1751 5266 at
1794 5212 1978 5269 divina

400 5304 715 5376 dispositio,
742 5305 997 5360 submoto
1026 5304 1188 5358 etiam
1223 5303 1469 5374 quolibet
1504 5305 1744 5359 humano
1775 5304 1981 5360 auxilio

401 5395 689 5463 destituta,
708 5397 947 5467 perfecta
974 5394 1194 5451 exhibet
1214 5396 1374 5455 bona.
1407 5397 1618 5451 Bonum
1651 5397 1835 5468 itaque
1860 5397 1980 5454 fue-

405 5486 479 5540 rit
508 5487 709 5541 bonum
737 5487 1014 5557 amplecti;
1042 5486 1318 5556 quodnam
1346 5503 1473 5542 vero
1498 5489 1629 5543 illud
1671 5486 1853 5554 fuerit,
1874 5490 1979 5547 nisi

405 5578 553 5648 quod
584 5578 687 5635 fide
717 5580 869 5634 firma
915 5594 978 5634 ac
1021 5594 1168 5644 vera,
1203 5578 1329 5635 altis
1362 5579 1526 5649 jactis
1558 5579 1839 5636 radicibus
1875 5597 1974 5637 nos

476 5753 498 5785 ’
527 5752 728 5811 Ilabac.
760 5772 817 5822 ιι,
848 5756 903 5811 6.
981 5716 1023 5788 I‘
1056 5756 1176 5810 Act.
1215 5772 1290 5821 ιι,
1323 5755 1374 5811 3.
1467 5756 1506 5787 “
1546 5755 1688 5811 Psal.
1720 5771 1905 5821 xxxix,
1949 5753 2003 5808 ὅ.

2084 4575 2551 4646 Τεταλανισμένον
2584 4574 2741 4629 τοῦτό
2783 4594 2869 4645 γε,
2909 4577 3029 4649 οὐχὶ
3072 4580 3507 4653 μακαριζόμενον
3552 4586 3663 4638 ὑπὸ

2085 4663 2231 4717 θείου
2280 4664 2571 4735 Προφήτω
2628 4664 2688 4717 τὸ
2732 4665 2933 4719 τοιόνδε
2985 4668 3261 4740 φρόνημα.
3322 4689 3340 4723 ι
3378 4673 3664 4743 Μακάριος

2085 4756 2214 4828 γὰρ,
2242 4757 2426 4827 φησὶν,
2452 4756 2609 4829 ἀνὴρ,
2640 4753 2700 4812 οὗ
2726 4758 2840 4812 ἐστι
2866 4759 2925 4813 τὸ
2944 4759 3114 4831 ὄνομα
3140 4762 3344 4834 Κυρίου
3380 4766 3538 4831 ἐλπὶς
3565 4768 3665 4820 αύ-

2085 4846 2202 4912 τοῦ,
2236 4848 2329 4901 καὶ
2354 4850 2453 4902 οὐκ
2488 4849 2785 4919 ἐπέϐλεψεν
2811 4851 2893 4915 είς
2919 4854 3304 4925 ματαιότητας,
3341 4858 3435 4910 καὶ
3463 4858 3662 4928 μανίας

2076 4938 2347 5010 ψευδεῖς.»
2370 4941 2461 5011 Μὴ
2490 4939 2596 5011 γὰρ
2625 4942 2788 5011 ἡμεῖς
2821 4944 2987 5013 ἐσμεν
3012 4946 3063 4997 οί
3092 4943 3162 4998 τά
3182 4946 3282 5016 τῆς
3309 4947 3453 5018 ζωῆς
3473 4948 3665 5002 ἀνύονο

2077 5049 2169 5095 τες
2198 5031 2448 5097 ὲαυτῶν;
2497 5032 2629 5097 Θεός
2661 5035 2808 5088 ἐστιν
2848 5035 2875 5087 ὁ
2905 5035 3107 5108 ταύτην
3135 5038 3456 5109 οίκονομῶνο
3506 5040 3600 5093 καὶ
3627 5042 3660 5110 ἡ

2081 5127 2183 5199 μὲν
2228 5124 2544 5198 ἀνθρωπίνη
2601 5124 2825 5197 σπουδὴ,
2867 5126 2941 5197 μὴ
2964 5127 3201 5196 τυχοῦσα
3245 5127 3346 5196 τῆς
3387 5128 3479 5180 τοῦ
3525 5128 3664 5182 Θεοῦ

2088 5217 2361 5289 βοηθείας,
2394 5217 2453 5283 ἐξ
2479 5219 2725 5289 ἀνάγκης
2756 5219 3124 5290 ἀποτυγχάνει
3163 5219 3257 5273 τοῦ
3301 5220 3506 5283 τέλους⁸
3539 5221 3575 5290 ἠ
3605 5221 3663 5272 δὲ

2086 5296 2180 5364 τοῦ
2208 5308 2344 5365 Θεοῦ
2374 5309 2676 5380 οἰκονομία.
2710 5311 2805 5363 καὶ
2845 5308 2968 5381 δίχα
3016 5312 3113 5381 τῆς
3140 5310 3487 5383 ἀνθρωπίνης
3518 5327 3665 5381 συμ-

2088 5399 2342 5471 πράξεως
2390 5400 2571 5453 τέλεια
2614 5400 2844 5472 παρέχει
2892 5399 2960 5454 τὰ
3015 5401 3215 5469 ἀγαθά.
3271 5400 3449 5454 Καλὸν
3483 5400 3665 5453 τοίνυν

2086 5492 2234 5545 ἐστὶν
2270 5491 2613 5557 ἀσπάζεσθαι
2646 5492 2706 5545 τὸ
2729 5492 2915 5547 καλόν.
2953 5492 3017 5545 Τί
3045 5492 3089 5546 δ’
3115 5493 3181 5547 ἂν
3207 5493 3295 5564 εἴη
3326 5492 3508 5559 τοῦτο,
3537 5493 3571 5566 ἢ
3603 5492 3668 5547 τὸ

2086 5584 2264 5638 πίπτει
2298 5583 2491 5657 βεϐαία
2550 5585 2645 5639 καὶ
2694 5585 2917 5655 ἀψευδεῖ
2976 5583 3307 5655 ριζωθέντας
3350 5585 3537 5656 ἡμᾶς,
3568 5584 3668 5641 καὶ
