4012 6196
293 247 407 313 293

1530 252 2065 315 EPISTOLARUM
2093 256 2239 318 LIB.
2282 259 2366 318 II.

3462 267 3574 331 294

299 355 851 429 ἰσχυροποιηθέντας,
889 355 1071 408 πᾶσαν
1120 357 1213 409 ἐπὶ
1243 358 1446 424 Κύριον
1481 359 1694 429 ῥίπτειν
1721 376 1877 430 φρον‹

1994 362 2192 419 robore
2229 365 2527 435 obﬁrmati,
2560 384 2777 425 onmem
2814 385 3002 427 curam
3040 383 3283 430 nostram
3343 392 3406 432 ac
3439 380 3554 434 dili-

293 448 420 505 τίδα
470 449 567 502 καὶ
601 448 906 517 μέριμνανς
1485 475 1498 491 .

500 541 627 594 PII’.
660 570 725 583 —-
760 540 1054 611 ΒΑΛΕΡΙῼ
1088 541 1674 618 ΚΟΥΒΙΚΟΥΛΑΡΙῼ.

368 634 497 697 Πῶς
528 632 799 703 προφῆτις
860 632 1016 701 παρά
1045 632 1122 703 τῷ
1164 634 1360 705 Ἡσαΐᾳ
1400 635 1660 708 κέκληται
1695 636 1885 709 Μαρία

298 728 334 798 ἠ
357 726 618 787 Geo-.6203;
642 764 657 789 ,
704 721 907 776 ἐπύθου
947 723 1123 793 ἡμῶν.
1162 725 1459 793 Ἀνάγνωθι
1489 730 1546 782 ἐν
1578 728 1658 799 τῷ
1700 730 1882 798 Εὐαγ-

296 819 485 888 γελίῳ,
518 818 599 870 ὅτι
631 834 647 866 ι
693 813 1022 882 Ἐπέϐλεψεν
1049 815 1144 867 ἐπὶ
1169 818 1268 886 τὴν
1297 818 1625 872 ταπείνωσιν
1647 820 1748 890 τῆς
1771 821 1887 875 δού-

308 912 408 980 λης
460 907 661 963 αὐτοῦ’
699 907 807 959 ίδοὺ
861 907 970 977 γὰρ
1001 907 1109 959 ἀπὸ
1154 908 1248 961 τοῦ
1296 909 1391 962 νῦν
1432 912 1759 982 μακαριοῦσί
1813 930 1880 984 με

301 1004 470 1055 πᾶσαι
496 1004 550 1053 αἱ
578 997 783 1070 γενεαί.
829 1014 848 1048 ι
884 997 995 1049 Καὶ
1020 997 1115 1051 ἐὰν
1150 999 1224 1071 μὴ
1275 999 1389 1073 ἴδῃς
1431 1003 1882 1075 μακαριζομένην

297 1098 398 1167 τὴν
426 1095 587 1162 ἁγίαν
612 1097 835 1167 Μαρίαν
859 1097 919 1149 ἐν
944 1093 1104 1148 παντὶ
1124 1093 1287 1159 ἔθνει,
1320 1093 1415 1147 καὶ
1442 1097 1500 1148 ὲν
1530 1095 1678 1167 πάσῃ
1704 1096 1882 1165 γλώσ-

302 1205 391 1259 σῃ,
420 1188 555 1241 διότι
583 1188 719 1242 Θεὸν
755 1187 1106 1259 σαρκωθέντα
1133 1188 1198 1240 ὲκ
1222 1185 1539 1255 Πνεύματο;
1571 1186 1750 1255 ἁγίου,
1787 1187 1879 1243 καὶ

299 1280 359 1346 ἐξ
390 1282 578 1350 αὐτῆς,
611 1281 1019 1351 κεκυοφόρηκέν
1055 1295 1117 1332 τε
1149 1279 1244 1334 καὶ
1281 1278 1435 1333 ἔτεκε
1495 1278 1615 1348 δίχα
1671 1279 1881 1348 φθορᾶς

302 1373 398 1424 καὶ
422 1372 701 1441 μολυσμοῦ
733 1372 1011 1435 παντοίου,
1042 1370 1115 1441 μὴ
1147 1369 1333 1423 πείθου
1369 1368 1448 1439 τῷ
1486 1370 1710 1440 Ἡσαΐᾳ·
1745 1372 1793 1423 εί
1832 1369 1878 1423 δ’

301 1461 363 1515 ὲν
392 1462 559 1515 παντὶ
596 1462 673 1531 τῷ
714 1461 906 1531 κόσμῳ
950 1458 1313 1531 μακαρίζεται
1375 1459 1471 1513 καὶ
1525 1461 1874 1531 εὐφημεῖται,

258 1602 269 1609 .
302 1554 626 1622 ἀνυμνεῖται
656 1553 748 1605 καὶ
787 1552 1117 1619 εὐλογεῖται,
1166 1549 1306 1619 αὕτη
1337 1551 1454 1620 τεὴ
1498 1551 1743 1621 ἄσπορος
1785 1550 1879 1603 καὶ

1987 454 2227 523 gentiam
2266 456 2494 514 Domino
2525 464 2978 520 committamus?

2056 546 2218 617 212
2260 546 2516 606 CLXXX.
2548 582 2617 599 ν·-
2645 552 2945 610 VALERIO
3000 556 3492 615 CUBICULABIO.

2058 636 2304 713 Quanam
2360 644 2573 697 ratione
2617 652 2768 699 vates
2819 650 2960 715 apud
3010 648 3208 703 Isaiam
3240 649 3409 704 Maria
3445 650 3568 707 Dei-

1985 741 2117 798 para
2140 739 2491 801 nuncupatur
2510 733 2575 795 “,
2598 748 2628 786 a
2664 736 2821 789 nobis
2844 739 3228 805 expostulasti.
3263 739 3483 797 Videsis
3512 744 3565 796 in

1984 812 2312 886 Evangelia.
2337 816 2629 887 «Respexit
2650 821 3013 877 humilitatem
3035 826 3250 880 ancillae
3266 843 3378 881 sua:
3400 848 3415 883 :
3437 844 3565 883 ecce

1983 905 2131 957 enim
2158 915 2225 959 ex
2272 920 2418 960 nunc
2450 908 2665 961 beatam
2697 924 2781 963 me
2811 910 2996 964 dicent
3038 928 3229 968 omnes
3255 920 3564 984 generatio-

1982 990 2158 1044 nes”.
2198 1009 2216 1042 ›
2250 990 2313 1046 Ει
2343 993 2387 1047 si
2421 1008 2528 1048 non
2551 998 2884 1065 compereris
2908 996 3131 1051 Mariam
3156 1003 3562 1057 sanctissimam

1984 1081 2126 1150 apud
2160 1097 2353 1138 omnes
2387 1085 2661 1149 nationes,
2681 1098 2734 1142 et
2754 1088 2809 1141 in
2834 1088 3091 1143 omnibus
3124 1090 3326 1160 linguis
3350 1092 3563 1147 beatam

1983 1169 2210 1236 dictam,
2236 1173 2384 1242 quod
2415 1173 2608 1240 Deum,
2630 1178 2722 1247 qui
2752 1193 2972 1233 carnem
3002 1195 3068 1234 ex
3102 1178 3310 1248 Spiritu
3344 1194 3561 1249 sancto,

1984 1266 2042 1313 et
2082 1259 2272 1316 eadem
2318 1268 2639 1334 assumpsit,
2678 1266 2733 1320 in
2768 1278 2923 1323 utero
2950 1271 3213 1339 gestavit,
3258 1280 3311 1324 et
3354 1274 3566 1343 peperit

1979 1350 2186 1421 absque
2219 1355 2571 1425 corruptione
2600 1366 2653 1412 et
2680 1361 2824 1414 omni
2858 1361 3095 1425 macula,
3120 1377 3187 1416 ne
3209 1361 3367 1417 ﬁdem
3405 1364 3562 1434 adhi-

1979 1441 2111 1496 beas
2137 1442 2316 1511 Isa‘iaa;
2353 1445 2399 1500 si
2437 1462 2566 1501 vero
2593 1448 2735 1517 apud
2765 1450 3087 1505 universum
3110 1452 3370 1506 mundum
3401 1454 3561 1507 beata

1979 1534 2200 1601 dicitur,
2232 1544 2285 1590 et
2318 1536 2582 1603 laudibus
2621 1540 2930 1606 extollitur,
2965 1552 3019 1597 et
3054 1545 3344 1612 praeconiis
3374 1553 3428 1599 et
3458 1546 3557 1599 be-

303 1645 656 1717 ἀγεώργητος
686 1645 781 1715 γῆ,
816 1644 911 1699 καὶ
949 1646 978 1698 ό
1024 1644 1228 1714 ταύτης
1262 1644 1727 1715 παμμαχάριστος
1784 1641 1877 1697 καὶ¹

1980 1626 2385 1683 ncdictionibus
2423 1627 2748 1685 honestatur
2787 1632 2903 1687 haec
2937 1634 3057 1688 sine
3090 1634 3323 1698 semine,
3359 1642 3413 1689 et
3437 1635 3558 1690 sine

302 1737 523 1800 ultimo;
542 1737 770 1808 καρπὸς,
792 1736 933 1790 διατί
960 1735 1291 1807 ζυγομαχεῖς
1311 1734 1582 1807 προφῆτιν
1604 1732 1875 1805 δεδεῖχθαι

1980 1716 2086 1770 ulla
2116 1716 2329 1771 cultura
2367 1726 2538 1786 terra,
2582 1733 2636 1773 et
2676 1721 3028 1779 beatissimus
3061 1724 3229 1787 illius.
3262 1732 3315 1779 et
3349 1724 3558 1794 sempi-

301 1828 407 1900 τὴν
429 1827 683 1882 Θεοτόκον
710 1825 964 1897 Μαρίαν;

780 2108 955 2163 ΡΠΔ’.
985 2136 1040 2148 --
1091 2105 1176 2172 Τῷ
1203 2104 1389 2171 αὐτῷ.

376 2216 399 2253 ι
439 2198 1082 2269 Πεινῶνταςμὲνέπλησεν
1108 2198 1347 2269 ἀγαθῶν,
1387 2196 1482 2252 καὶ
1512 2196 1874 2263 πλουτοῦντας

295 2290 644 2355 ἐξαπέστειλε
674 2291 885 2357 κενούς.
922 2311 942 2345 ι
975 2294 1038 2346 Οἱ
1066 2292 1174 2362 γάρ
1206 2291 1313 2362 πρὸ
1349 2291 1449 2361 τῆς
1474 2290 1732 2362 οιλήσεως
1755 2307 1874 2345 πει-

296 2383 500 2448 νῶντες
522 2386 615 2439 τὸν
652 2386 794 2438 θεῖον
824 2384 983 2453 λόγον
1029 2383 1254 2448 ἐθνικοὶ,
1293 2382 1431 2453 μετά
1469 2382 1532 2436 τὸ
1561 2381 1869 2450 πιστεῦσαι,

296 2478 590 2549 τρέφονται
643 2476 987 2546 κατακόρως,
1034 2477 1129 2530 καὶ
1181 2474 1513 2529 ἀπολαύουσι
1557 2474 1666 2528 τῶν
1712 2474 1872 2530 θείων

293 2568 644 2640 διδαγμάτων
666 2583 683 2599 ⁸
714 2568 764 2620 οί
789 2566 846 2619 δέ
893 2582 958 2636 γε
985 2566 1385 2638 πλουτήσαντες
1423 2566 1573 2637 νόμῳ
1627 2566 1722 2619 καὶ
1759 2568 1872 2629 τοῖς

293 2661 607 2730 προφήταις
650 2658 912 2730 Ἑϐραῖοι,
952 2659 1043 2712 διὰ
1083 2658 1180 2728 τῆς
1219 2657 1477 2719 ἀπιστίας
1517 2656 1867 2727 λιμώττουσι.

295 2754 395 2807 καὶ
439 2753 645 2823 πτωχοὶ
692 2751 1015 2824 πορεύονται
1067 2750 1430 2815 ἀπολέσαντες
1466 2749 1564 2815 τὰς
1595 2749 1653 2817 ἐξ
1702 2750 1871 2822 ὕψους

293 2844 558 2915 χάριτας·
590 2843 725 2896 διότι
776 2842 915 2897 κατὰ
954 2843 1082 2907 τοῦς
1122 2840 1312 2911 λόγους
1340 2841 1449 2896 τῶν
1487 2840 1867 2912 προφητῶν,ή

293 2934 601 3004 Συναγωγὴ
628 2932 807 2987 αὐτῶν
835 2931 1038 3001 βιϐλίον
1063 2932 1396 2989 ἀποστασίου
1429 2932 1691 2998 λαϐοῦσα,
1714 2929 1870 2986 ἔκσέο

294 3026 499 3097 ὄληται
526 3027 592 3079 ὲκ
611 3024 705 3079 τοῦ
731 3024 882 3079 οῐκου
911 3025 1004 3079 τοῦ
1035 3024 1195 3089 Θεοῦ,
1224 3023 1300 3088 ὡς
1337 3024 1585 3094 μοιχαλὶς
1611 3024 1705 3114 καῖ
1732 3021 1868 3114 πρὸς
1900 3055 1943 3114 c

291 3118 615 3190 ἀλλοτρίους
643 3116 839 3188 ἄνδρας
891 3116 1279 3187 ἑκμαινομένη,
1313 3114 1558 3169 τουτέστι
1598 3112 1737 3182 ,τοὺς
1759 3113 1875 3167 δαί-

295 3229 494 3283 μονας.
534 3211 735 3279 Εῖληφε
780 3208 959 3262 τοίνυν
1002 3208 1066 3261 τὸ
1118 3206 1213 3261 τοῦ
1261 3206 1600 3261 ἀποστασίου
1646 3204 1873 3277 βιϐλίον,

288 3306 433 3373 ὅπερ
461 3304 604 3365 τινὲς
642 3300 864 3356 καλοῦσι
901 3298 1208 3371 ῥεπούδιον,
1239 3300 1333 3352 καὶ
1372 3296 1716 3369 ὲξορισθεῖσα
1765 3296 1875 3353 τῶν

294 3398 515 3450 σεπτῶν
555 3396 896 3466 μυστηρίων,
938 3393 1026 3448 διὰ
1056 3392 1215 3446 τοῦτο
1250 3389 1539 3461 πτωχεύει.
1576 3391 1737 3445 Ὅθεν
1759 3390 1875 3445 ἐστι

266 3490 504 3560 κάρτίως
553 3488 852 3558 ὀφθαλμοῖς
925 3483 1295 3540 κατοπτεῦσαι
1364 3484 1425 3537 τὸ
1484 3484 1874 3554 γεγραμμένον

290 3578 655 3650 προφητικῶς
685 3579 745 3631 ὲν
763 3581 830 3649 τῇ
863 3576 1028 3648 βίὸλῳ
1056 3578 1164 3630 τῶν
1196 3577 1435 3647 Κριτῶν.
1481 3576 1605 3630 Ἐπὶ
1639 3578 1736 3647 μὲν
1765 3576 1875 3647 γὰρ

291 3673 481 3724 πᾶσαν
508 3672 608 3742 τὴν
646 3670 770 3740 γῆν,
797 3671 895 3723 καὶ
925 3672 1105 3724 πᾶσαν
1136 3670 1235 3742 τὴν
1268 3670 1357 3739 ὑφ’
1380 3668 1537 3740 ἡλίῳ,
1571 3669 1795 3737 γέγονεν
1814 3684 1873 3721 τε

292 3762 401 3815 καὶ
431 3761 643 3826 γίνεται
672 3762 706 3830 η
729 3760 918 3832 δρόσος
945 3759 1048 3828 τῆς
1078 3758 1333 3827 γνώσεως
1364 3758 1461 3812 τοῦ
1489 3757 1749 3830 Χριστοῦ·
1779 3758 1875 3811 ἐπὶ

289 3854 354 3906 5t
380 3853 477 3907 τὸν
522 3854 688 3907 πόκον
723 3856 835 3910 τῶν
866 3855 1137 3910 Ἰουδαίων
1171 3856 1328 3926 μόνον
1355 3856 1390 3923 ἡ
1429 3853 1665 3924 ξηρασία
1700 3852 1871 3935 ἐστίν’

291 3947 525 4017 ἀπέπτη
585 3948 694 4018 γὰρ
732 3949 827 4002 ἀπ’
874 3947 1119 4018 αὐτῶνή
1159 3947 1259 4011 τὰς
1306 3946 1486 4018 ψυχὰς
1537 3943 1877 4009 ζωοποιοῦσα

288 4037 396 4090 καὶ
443 4036 707 4105 αὔξουσα,
769 4036 1090 4109 δροσίζουσά
1113 4054 1173 4091 τε
1198 4036 1296 4092 καὶ
1332 4036 1669 4109 ἐκτρέφουσα
1693 4034 1873 4104 χάρις.

306 4130 474 4183 Ἀλλὰ
502 4133 727 4184 κάκεῖνο
750 4130 940 4199 γνῶθι,
970 4130 1053 4184 ὃτι
1084 4131 1132 4183 οἱ
1160 4130 1227 4183 ὲκ
1258 4128 1365 4181 τῶν
1387 4127 1671 4198 ἁμαρτιῶν
1705 4144 1874 4198 μετα-

293 4222 587 4291 νοοῦντες,
624 4222 722 4275 καὶ
752 4221 887 4292 πρὸς
918 4221 980 4274 τὸ
1012 4223 1264 4292 κρεῖττον
1307 4219 1729 4290 δπιστρέφοντες
1777 4218 1875 4272 ἄν·

292 4310 533 4380 θρωποι,
561 4309 1034 4383 ὲμπλησθήσονται
1072 4310 1287 4373 πάντως
1322 4309 1431 4364 τῶν
1471 4309 1574 4380 τῆς
1624 4308 1876 4381 ποικίλης

1981 1814 2172 1863 tentus
2234 1806 2480 1876 fructus;
2540 1811 2673 1881 quid
2733 1812 2877 1867 ultra
2943 1816 3230 1870 contendis
3282 1815 3555 1885 postulas—

1982 1913 2117 1968 que,
2160 1896 2444 1969 Deiparam
2480 1900 2706 1958 Mariam
2750 1904 2849 1959 tibi
2890 1907 3317 1961 commonstrari
3371 1913 3553 1960 vatem

1980 1984 2188 2044 fuisse?

2441 2078 2723 2135 CLXXXI.
2757 2112 2829 2121 —
2867 2079 3073 2137 Eidem.

2055 2184 2075 2217 ι
2102 2165 2420 2225 Esurientes
2444 2171 2688 2241 implevit
2718 2173 2894 2245 bonis,
2919 2184 2970 2228 et
2988 2176 3181 2230 divites
3209 2176 3414 2233 dimisit
3440 2177 3557 2234 ina-

1978 2273 2078 2314 nes
2112 2258 2175 2314 ".
2224 2278 2243 2311 ι
2279 2258 2383 2326 Qui
2414 2262 2561 2317 enim
2593 2271 2718 2318 ante
2751 2265 3091 2320 vocationem
3123 2268 3439 2323 esuriebant
3472 2268 3555 2322 di-

1978 2349 2165 2406 vinum
2200 2352 2427 2407 verbum
2476 2355 2730 2423 gentiles,
2764 2366 3053 2427 postquam
3087 2360 3458 2425 crediderunt,
3484 2360 3552 2415 ad

1979 2442 2282 2498 satietatem
2308 2443 2681 2511 enutriuntur,
2708 2456 2760 2501 et
2784 2447 2984 2503 divinae
3017 2450 3287 2504 doctrinae
3319 2452 3551 2522 partici-

1977 2554 2073 2609 pes
2106 2541 2284 2607 liunt;
2334 2540 2428 2609 qui
2470 2555 2599 2596 vero
2632 2551 2687 2596 et
2723 2541 2874 2613 lege,
2906 2551 2961 2598 et
2995 2546 3273 2615 prophetis
3308 2548 3559 2603 abunda—

1978 2638 2108 2686 runt
2139 2632 2375 2700 Hebraei,
2400 2642 2629 2704 propter
2662 2634 3107 2693 incredulitatem
3136 2637 3279 2695 [ante
3295 2650 3557 2710 pereunt,

1975 2721 2283 2794 inopesque
2325 2726 2721 2793 obambulant,
2781 2743 2903 2784 cum
2945 2730 3108 2793 dona,
3158 2748 3281 2803 qua:
3319 2737 3559 2803 desuper

1976 2813 2264 2882 accedunt,
2314 2816 2619 2874 amiserint.
2672 2817 2742 2874 Ut
2797 2822 2944 2875 enim
3008 2821 3196 2878 ferunt
3253 2826 3555 2895 prOpbetm,

1976 2908 2331 2979 congregatio
2367 2910 2613 2980 ipsorum
2638 2950 2654 2976 ,
2702 2912 2844 2969 libro
2884 2916 3099 2984 repudii
3157 2924 3384 2986 accepto
3430 2924 3557 2971 tan-

1975 3011 2138 3068 quam
2165 2998 2410 3053 adultera
2438 2998 2601 3055 domo
2631 2999 2729 3056 Dei
2754 3001 2930 3069 ejecta
2956 3011 3042 3058 est
3067 3004 3133 3069 ³⁵,
3165 3011 3220 3058 et
3251 3006 3304 3058 in
3341 3006 3552 3060 alienos

1974 3090 2149 3156 viros,
2180 3089 2459 3146 daemones
2493 3091 2729 3157 scilicet,
2758 3093 2985 3149 insanit.
3018 3094 3243 3165 Accepit
3271 3096 3454 3163 itaque
3488 3097 3553 3149 li-

1975 3182 2178 3238 bellum
2218 3183 2452 3254 repudii,
2500 3198 2533 3238 a
2584 3185 3023 3256 venerandisque
3068 3186 3343 3258 mysteriis
3389 3188 3549 3259 213

1973 3270 2214 3326 extorris
2268 3270 2484 3340 inopem
2530 3273 2699 3325 vitam
2739 3273 2850 3343 agit
2877 3274 2943 3328 ¹⁶.
2980 3272 3119 3329 Hinc
3168 3275 3331 3329 modo
3372 3276 3550 3329 ορυιιε

1974 3360 2121 3432 quod
2156 3361 2211 3416 in
2245 3362 2387 3416 libro
2426 3360 2680 3417 Iudicum
2727 3363 2911 3419 divine
2955 3380 3291 3434 praesensum
3330 3375 3384 3421 et
3413 3382 3548 3436 pra:-

1974 3454 2180 3510 dictum
2212 3461 2319 3519 est,
2356 3455 2555 3509 intueri
2596 3472 2889 3526 possumus
2920 3459 2983 3511 ¹⁷.
3021 3456 3077 3510 In
3104 3474 3317 3516 omnem
3350 3462 3547 3517 etenim

1972 3553 2200 3608 terram,
2240 3561 2361 3616 qua:
2407 3547 2509 3602 sub
2569 3548 2684 3603 sole
2714 3556 2819 3611 est,
2863 3563 2954 3603 ros
2997 3548 3328 3605 Christiana:
3360 3551 3550 3622 cogni-

1974 3636 2139 3692 tionis
2160 3644 2314 3692 ortus
2339 3646 2443 3702 est,
2462 3647 2513 3690 et
2540 3654 2689 3692 nunc
2707 3653 2926 3708 quoque
2955 3638 3099 3693 cadit
3125 3658 3138 3693 :
3171 3650 3548 3698 verumtamen

1974 3740 2142 3795 super
2170 3726 2345 3781 vellus
2377 3724 2687 3780 Judazorum
2726 3729 3103 3781 tantummodo
3150 3730 3369 3783 siccitas
3416 3732 3541 3785 hor-

1974 3825 2077 3874 ret.
2109 3816 2355 3888 Namque
2385 3818 2454 3872 ab
2483 3818 2639 3887 ipsis,
2673 3818 2886 3873 animas
2912 3820 3215 3887 vivilicans,
3248 3822 3543 3893 adaugens,

1975 3908 2224 3964 irrorans
2257 3918 2311 3964 et
2337 3909 2624 3964 enutriens
2654 3908 2828 3978 gratia
2855 3910 3116 3965 evolavit.
3159 3911 3293 3965 Illud
3330 3928 3547 3983 quoque

1977 4003 2122 4059 scias
2155 4003 2340 4067 velim,
2380 4017 2474 4058 eos
2508 4004 2599 4072 qui
2634 4018 2663 4056 a
2688 4003 2936 4073 peccatis
2972 4005 3321 4075 resipiscunt,
3346 4015 3402 4061 et
3433 4022 3545 4077 pce-

1977 4094 2262 4149 nitentiam
2311 4103 2533 4165 agentes
2581 4093 2651 4148 ad
2704 4093 2990 4149 Dominum
3039 4097 3270 4166 gradum
3315 4097 3543 4163 faciunt,

1976 4184 2367 4240 laudatissimis
2399 4184 2562 4241 variae
2589 4184 2807 4239 virtutis
2833 4184 3033 4242 eduliis
3066 4188 3292 4242 omnino
3323 4188 3439 4242 fore
3461 4204 3546 4244 re-

1976 4278 2235 4351 plendos;
2266 4278 2359 4349 qui
2384 4292 2512 4333 vero
2544 4277 2613 4333 ob
2643 4278 2844 4333 delicta
2876 4287 3064 4334 nostra
3100 4290 3258 4336 antea
3290 4280 3429 4335 male
3462 4281 3549 4335 di-

287 4365 910 4473 éiostig'm'tvsueﬁpmv
957 4402 1162 4458 σιτίων·
1202 4365 1337 4457 οἰδ
1364 4403 1429 4455 ἐκ
1589 4365 1875 4472 ἠ

1979 4368 2117 4423 vites
2148 4365 2278 4421 facti
2305 4373 2434 4423 sunt
2459 4366 2754 4431 diemones,
2785 4365 3005 4421 divitias
3038 4367 3362 4434 amissuros,
3404 4384 3546 4437 quas

284 4493 718 4564 ἁμαρτημάτων
748 4491 939 4564 πρώην
966 4492 1151 4556 κακῶς
1184 4492 1588 4562 πλουτήσαντες
1603 4489 1876 4561 δαίμονες,

282 4587 630 4641 ἀπολέσουσι
671 4585 764 4638 τὸν
799 4583 1050 4651 πλοῦτον,
1090 4587 1258 4655 ὅνπερ
1293 4585 1387 4638 ἐπὶ
1426 4584 1538 4637 τῶν
1586 4582 1724 4637 ὄνων
1784 4583 1880 4636 καὶ

278 4679 406 4732 τῶν
444 4677 713 4749 καμήλων
741 4674 1031 4745 ἐκόμιζον,
1071 4675 1148 4739 ὣς
1179 4692 1349 4747 φησιν
1406 4674 1662 4737 Ἡσαΐας·
1718 4690 1881 4744 σκορ-

280 4771 533 4840 πίζομεν
554 4769 665 4839 γὰρ
692 4770 783 4823 τὸν
814 4769 1054 4823 τοιοῦτον
1103 4768 1352 4832 πλοῦτον,
1382 4768 1479 4821 καὶ
1517 4764 1878 4837 ὀλοφύρεσθαι

276 4866 391 4919 καὶ
412 4864 634 4933 θρηνεῖν
661 4863 869 4934 πικρῶς
903 4861 1162 4933 ποιοῦμεν
1190 4863 1316 4924 τοὺς
1344 4859 1620 4931 δαίμονας,
1651 4860 1780 4914 ὅταν
1808 4859 1875 4932 δὴ

274 4956 437 5028 πρὸς
482 4953 769 5025 μετάνοιαν
792 4953 1043 5024 ρέψωμεν
1067 4997 1082 5013 .

794 5044 966 5099 ΡΠΒ’.
990 5068 1060 5084 -ι-
1089 5041 1175 5109 Τῷ
1188 5041 1380 5108 αὐτῷ.

352 5132 612 5204 Εἷρηκάς
642 5150 732 5203 μοι
757 5132 896 5202 ἄγαν
929 5133 1401 5204 πολυπραγμονεῖν
1423 5131 1492 5185 τά
1519 5130 1874 5202 ἀναγεγραμ-

272 5227 441 5299 μένα
470 5226 755 5298 ἱστορικῶς
777 5226 1100 5295 (εὐσύνοπτα
1121 5226 1232 5297 γάρ
1256 5224 1471 5292 ταῦτα),
1503 5223 1638 5278 ἀλλά
1675 5223 1875 5295 μᾶλλον

264 5319 387 5390 τὴν
416 5318 609 5386 νόησιν
635 5316 744 5370 τῶν
766 5316 1164 5389 γεγραμμένων
1188 5316 1384 5387 λίχνως
1408 5315 1648 5387 διαθρεῖν
1672 5314 1874 5384 λέγεις,

264 5410 383 5466 καὶ
417 5410 505 5468 είς
530 5409 705 5475 λέξεις
751 5411 948 5479 νοητὰς
980 5408 1262 5479 βούλεσθαι
1302 5407 1476 5478 ἡδέως
1506 5406 1606 5477 τὴν
1654 5405 1880 5478 Γραφὴν

260 5501 683 5572 ἀκλαμῦάνειν.
720 5502 906 5572 Κέρας
942 5502 1122 5557 τοίνυν
1156 5500 1434 5573 σωτηρίας
1476 5500 1576 5571 τὴν
1611 5499 1880 5555 ἀπάθειαν

391 5636 449 5667 ⁸⁸
478 5633 584 5711 Isa.
616 5654 697 5697 vtt
723 5678 741 5711 ,
772 5641 858 5697 Η.
904 5638 947 5673 ³³
976 5639 1111 5698 Luc.
1152 5653 1194 5695 ι.
1228 5636 1320 5695 48.
1401 5636 1443 5669 ’δ
1475 5635 1615 5695 Ibid.
1640 5636 1731 5695 53.
1847 5635 1877 5669 ¹¹

1979 5650 2025 5690 ιι.
2069 5648 2124 5694 ι..
2159 5631 2212 5682 1.
2291 5628 2333 5660 ⁸⁸
2371 5624 2482 5682 Jer.
2518 5642 2599 5694 ιιι,
2630 5627 2682 5682 8.

284 5721 448 5771 xxx,
482 5703 538 5759 6.

1977 4473 2146 4530 super
2177 4460 2363 4514 asinos
2399 4467 2452 4511 et
2477 4456 2715 4512 camelos
2755 4446 3117 4527 deportabant
3152 4459 3224 4524 “',
3272 4466 3331 4513 ut
3366 4460 3547 4528 inquit

1975 4547 2168 4604 Isaias.
2204 4546 2423 4601 Similes
2455 4546 2601 4600 enim
2633 4546 2853 4601 divitias
2878 4546 3237 4617 dissipamus,
3277 4557 3331 4601 et
3362 4548 3545 4618 lacry-

1976 4653 2116 4704 mas,
2164 4636 2514 4705 ejulatusque
2565 4650 2784 4691 amaros
2826 4635 3169 4692 daemonibus
3218 4637 3549 4703 incutimus.

1975 4743 2102 4784 cum
2132 4727 2199 4782 ad
2227 4727 2603 4799 pcenitentiam
2636 4726 2986 4782 inclinamur.

2425 5033 2737 5089 CLXXXII.
2763 5064 2835 5075 —
2864 5034 3073 5088 Eidem.

2047 5124 2244 5182 Dixisti
2276 5123 2430 5191 mihi,
2463 5134 2517 5181 te
2549 5127 2767 5182 curiose
2800 5127 2962 5182 nimis
2995 5127 3324 5198 conquirere
3367 5128 3548 5185 histo-

1973 5221 2087 5276 rias
2139 5220 2345 5290 scripto
2388 5219 2622 5281 relatas,
2672 5234 2794 5288 quae
2833 5218 3085 5274 facilein
3126 5220 3547 5290 intelligentiam

1976 5313 2172 5369 cadere
2221 5320 2485 5382 possunt;
2526 5312 2643 5365 timo
2692 5312 2864 5382 magis
2915 5327 3125 5378 eorum,
3172 5328 3294 5383 qua:
3342 5313 3550 5381 scripto

1970 5406 2233 5464 mandata
2254 5410 2405 5467 sunt,
2437 5404 2766 5459 sententiam
2794 5405 2956 5460 enixe
2982 5403 3175 5461 fateris
3212 5405 3547 5475 expendere,

1978 5506 2035 5554 et
2062 5497 2134 5553 ad
2191 5495 2468 5552 dictiones
2500 5494 2902 5550 intellectuales
2931 5495 3172 5551 libenter
3204 5493 3547 5566 Scripturatn

2796 5626 2837 5659 "’
2867 5624 3053 5687 Judic.
3086 5644 3165 5695 vt,
3191 5629 3280 5686 ιο.
3387 5631 3429 5663 ⁸⁸
3449 5631 3556 5685 Isa.
